4080 6398
356 401 474 461 933

1318 399 1731 463 COMMENT.
1779 398 1861 461 IN
1908 397 2158 460 EPIST.
2205 395 2259 458 ll
2302 396 2405 458 AD
2449 397 2812 461 CORINTH.

3660 408 3781 469 νει

356 536 467 600 τῶν
497 535 666 606 τριῶν
697 531 1010 607 προσώπων
1068 538 1170 600 τῆς
1230 537 1356 605 μιᾶς
1415 530 1692 603 θεότητος.
1743 531 1868 589 Ὀτι
1899 550 2014 610 φει-

2134 529 2531 605 designaverit
2568 531 2914 589 Trinitatem
2942 551 2954 589 :
2994 534 3168 592 Pater
3194 535 3295 609 qui
3328 537 3644 594 conﬁrmat
3672 556 3783 596 nos

363 618 595 697 δόμενος
625 620 803 694 ὑμῶν.
838 645 865 674 n
899 622 1047 679 Ἀνω
1094 622 1261 678 εἰπὼν
1322 619 1413 677 διὰ
1440 624 1504 678 τὸ
1538 622 1614 695 μὴ
1650 619 1796 697 ἔχειν
1826 620 2018 676 ἑαυτοῦ

359 710 599 781 ἐξουσίαν
657 709 913 786 ἀλλαχοῦ
974 710 1305 773 ἀποσταλεὶς
1355 711 1458 767 ὑπὸ
1514 715 1612 767 τοῦ
1684 712 2017 786 "vatium-10:,

356 805 478 864 πῶς
508 804 600 855 νῦν
629 797 802 876 λὶγει,
843 828 865 853 ι
900 799 1236 874 Φειδόμενος
1273 801 1425 874 ὑμῶν
1460 801 1566 856 οὐκ
1594 800 1767 870 ἦλθον
1801 801 1877 862 εἰς
1909 800 2019 857 Κύ-

358 902 576 968 ρινθον;
612 914 640 942 ››
668 892 772 948 Καὶ
832 891 1029 971 φαμὲν,
1086 892 1171 946 ὅτι
1227 892 1317 946 ὅτε
1362 890 1552 969 ἀφείθη
1590 891 1693 946 ὑπὸ
1722 895 1818 947 105
1851 890 2018 948 ΙΙνεύ-

359 1001 530 1054 ματος
584 978 869 1049 ἀπελθεῖν,
930 978 1019 1036 διὰ
1072 982 1134 1036 τὸ
1188 979 1463 1060 φειδεσθαι
1517 980 1618 1036 οὐκ
1659 979 2019 1048 ἀπῆλθεν.’Π

358 1071 495 1144 μετᾶ
541 1076 642 1139 τῆς
693 1067 989 1133 κωλύσεως
1050 1074 1150 1127 105
1210 1069 1546 1143 Ονεύματος,
1575 1072 1665 1125 καί
1694 1075 1858 1127 10510
1887 1068 2021 1125 ἐκώ-

355 1156 540 1219 λυσεν.
573 1160 644 1216 Ἠ
694 1159 785 1215 καὶ
842 1159 919 1221 εἷς
972 1164 1134 1216 τοῦτο
1195 1160 1284 1215 ὑπ’
1342 1161 1506 1215 αύτοῦ
1537 1160 1810 1229 ἐκωλύθη.
1845 1162 2015 1218 Ἦσαν

352 1248 459 1324 γαρ
488 1270 627 1314 τινες
677 1248 1088 1324 ἀμαρτήσαντες
1144 1249 1235 1305 καὶ
1297 1250 1373 1322 μή
1440 1253 1888 1323 μετανοήσαντες,
1926 1249 2016 1305 καὶ

353 1339 644 1414 περιέμενε
671 1339 774 1407 τὴν
828 1338 1116 1413 μετάνοιαν
1177 1339 1378 1407 αὐτῶν,
1438 1339 1528 1394 καὶ
1570 1337 1658 1394 διὰ
1684 1343 1848 1395 τοῦτο
1880 1338 2015 1408 εἶπε,

355 1453 384 1481 ‹‹
421 1427 781 1505 Φειδόμενος.
817 1453 845 1481 ››
874 1430 1272 1505 Ἐπετέτραπτο
1327 1426 1384 1485 δὲ
1437 1434 1604 1501 αυτῷ,
1634 1430 1724 1485 καὶ
1752 1434 2016 1505 τιμωρεῖο

357 1529 479 1582 σθαι
538 1517 667 1581 τοὺς
725 1518 1154 1594 ἁμαρτάνοντας.
1214 1518 1313 1575 Καὶ
1377 1524 1639 1594 μαρτυρεῖ
1702 1518 1946 1593 Ἐλύμας
1986 1519 2014 1573 ὁ

359 1608 556 1682 μάγος.
595 1633 622 1657 α
654 1606 778 1683 Οὐχ
809 1602 890 1664 ὅτι
921 1610 1245 1682 κυριεύομεν
1280 1608 1434 1681 ὑμῶν
1465 1616 1565 1677 τῆς
1596 1609 1852 1672 πίστεως.
1888 1633 1916 1660 η
1948 1641 2015 1653 -

360 1700 525 1772 [ΦΩΤ
553 1700 572 1772 ]
605 1697 921 1766 Τουτέστίν,
967 1697 1123 1754 ’ἑνεκα
1180 1706 1280 1769 τῆς
1330 1697 1563 1761 πίστεως
1597 1698 1659 1754 ού
1691 1699 2013 1775 κυριεύομεν

358 1788 720 1859 ὕμῶν.οἷον,
778 1786 841 1842 οὐ
903 1784 995 1843 διὰ
1058 1791 1221 1843 τοῦτο
1280 1786 1525 1862 ἐγένεσθε
1563 1787 1889 1855 πιστοῖ,’ίνα
1919 1811 2014 1844 κυ-

360 1878 613 1951 ριεύησθε
640 1877 729 1932 καὶ
761 1884 1084 1951 τιμωρῆσθε
1143 1877 1229 1952 ὑφ’
1287 1878 1470 1950 ἡμῶν.
1507 1877 1569 1935 El
1599 1878 1700 1953 γὰρ
1730 1880 1818 1934 καὶ
1852 1883 2014 1934 τοῦτο
2046 1893 2090 1957 Β

358 1968 448 2035 ἦν,
481 1965 653 2033 αὐτοὶ,
710 1966 898 2042 φησὶν,
932 1965 984 2020 ἐν
1025 1969 1093 2040 τῇ
1128 1965 1303 2022 πίστει
1338 1966 1620 2038 ἑστήκατε,
1650 1967 1741 2022 καὶ
1774 1967 1874 2045 οὐκ
1901 1963 2012 2024 ἔστι

360 2053 520 2135 χρεία
550 2052 768 2135 φειδους
798 2054 833 2126 ἢ
866 2055 1162 2129 τιμωρίας,
1216 2057 1378 2131 χάριν
1410 2057 1510 2125 τῆς
1541 2059 1796 2117 πίστεως.
1832 2060 2009 2115 T0510

356 2143 415 2201 δὲ
472 2143 607 2213 λέει,
660 2144 922 2209 ἀντίθεσιν
979 2143 1126 2200 λύων
1187 2142 1448 2200 δοκοῦσαν
1520 2145 1863 2202 ἀνακύπτειν.
1923 2148 2012 2210 Ὠς

355 2235 457 2309 γὰρ
509 2233 665 2290 ἐνίων
718 2232 1088 2310 διαγανακτεῖν
1150 2233 1462 2310 μελλόντων
1504 2235 1594 2290 καὶ
1629 2234 1914 2310 λεγόντων,
1943 2235 2009 2294 Τί

360 2322 562 2399 λὲγεις,
594 2322 678 2378 ὅτι
732 2322 926 2402 ἐφείσω
983 2326 1191 2396 inprimi;
1247 2327 1390 2398 Ἀρα
1444 2324 1545 2399 γαρ
1590 2321 1679 2379 δ.ὰ
1708 2329 1868 2380 10510
1901 2324 2015 2381 ἐπι-

356 2413 676 2489 στεύσαμεν,
728 2411 822 2469 ’ίνα
879 2413 1163 2486 ἀκούωμεν
1249 2414 1395 2489 παρὰ
1479 2416 1575 2468 σοῦ
1655 2415 1739 2469 ὅτι
1814 2413 2012 2491 ἐφείσω

353 2506 517 2579 ἡμῶν
548 2522 563 2574 ;
596 2502 660 2560 Εἰ
691 2503 794 2577 γὰρ
826 2503 903 2576 μὴ
945 2501 1163 2580 ἐφείσω,
1210 2502 1261 2558 τί
1322 2502 1576 2569 πάντωςς
1610 2500 1876 2566 ἐκόλασας
1909 2502 1968 2560 ἄν
1995 2522 2009 2574 ;

352 2593 618 2653 Βασάνοις
647 2590 910 2662 ἐξέδωκας
936 2614 952 2660 ;
978 2589 1073 2648 'ivz
1124 2589 1217 2647 οὖν
1257 2593 1335 2665 μὴ
1365 2595 1531 2647 ταῦτα
1564 2589 2009 2666 διαλογίσωνται,

352 2688 723 2759 προαπαντῶν
784 2681 953 2759 λέγει.
1015 2680 1129 2741 Οὐκ
1202 2682 1358 2738 εἶπον
1417 2684 1501 2752 τὸ,
1590 2708 1617 2735 ‹‹
1677 2682 2014 2757 Φειόόμενος

356 2774 529 2847 ὑμῶν,
568 2798 594 2824 »
627 2774 703 2833 ὡς
760 2769 916 2829 ’ἑνεκα
972 2779 1073 2842 τῆς
1131 2771 1365 2835 πίστεως
1425 2768 1610 2829 λαϐὼν
1654 2773 1896 2844 ἐξουσίαν
1923 2775 2012 2831 καὶ

352 2863 658 2937 κυριότητα
685 2860 767 2942 ἐφ’
810 2863 951 2936 ὑμᾶς
1010 2862 1099 2917 καὶ
1154 2866 1251 2917 τοῦ
1303 2862 1557 2932 κολάζειν
1588 2862 1678 2918 καὶ
1710 2867 1805 2919 105
1836 2861 2013 2943 φείδε-

355 2964 501 3021 σθαι,
541 2950 710 3020 ἀλλὰ,
744 2977 769 3003 ιι
809 2948 1146 3024 Φειδόμενος
1180 2975 1207 3002 ››
1267 2950 1440 3019 εἶπον,
1503 2953 1580 3024 μὴ
1642 2949 1814 3016 θέλων
1874 2952 2012 3026 ὑμᾶς

355 3045 696 3113 λυπηθῆναι.
730 3041 794 3098 Εἴ
826 3041 931 3117 γὰρ
981 3040 1154 3111 ἦλθον
1215 3039 1320 3115 ἐγὼ
1375 3038 1746 3114 λυπούμενος,
1777 3039 1900 3097 οἶδα
1930 3042 2012 3098 ὅτι

357 3134 448 3191 καὶ
484 3134 636 3190 αὐτοὶ
670 3131 961 3209 βλέποντές
1024 3153 1092 3207 με
1146 3131 1512 3206 λυπούμενον,
1570 3130 1884 3205 ἐλυπήθητε
1928 3130 2010 3191 ὄίν.

364 3225 507 3296 Ἐγὼ
538 3221 593 3278 δὲ
615 3223 945 3290 τούναντίον,
991 3226 1169 3298 χαρᾶς
1200 3221 1315 3294 εἰμὶ
1374 3222 1625 3298 συνεργὸς
1657 3222 1809 3295 ὑμῶν
1842 3245 2011 3278 πνευ-

356 3319 622 3386 ματικῆς,
681 3313 714 3385 ἢ
770 3333 853 3374 τις
886 3306 1056 3379 ἔσται,
1116 3309 1175 3366 ἂν
1202 3315 1300 3366 105
1334 3311 1638 3372 λυποῦντος
1672 3334 1739 3385 με
1782 3306 1941 3388 ἔργου
1965 3312 2015 3385 ἐξ

364 3404 513 3477 ὑμῶν
546 3401 819 3479 ἀρθέντος,
873 3397 1019 3466 ἔλθω
1073 3401 1207 3475 μετᾶ
1256 3407 1430 3477 χαρᾶς
1472 3401 1608 3476 πρὸς
1642 3401 1805 3476 ὑμᾶς.
1836 3405 2016 3478 Χαιρή-

358 3494 510 3549 σεσθε
566 3493 667 3569 γὰρ
730 3492 823 3548 καὶ
907 3491 1062 3565 ὑμεῖς
1119 3486 1188 3545 δι’
1271 3490 1368 3563 ἐμὲ
1426 3496 1831 3564 πνευματικῶς.
1886 3493 2020 3549 Εἶτα

359 3581 539 3660 ὥσπερ
569 3583 945 3660 ἐπαποροῦντό
971 3603 1140 3650 τινος,
1187 3581 1256 3639 Τί
1286 3580 1418 3650 οὗνς
1475 3582 1691 3660 φεύγεις
1718 3583 1807 3638 καὶ
1842 3588 2019 3656 μισεῖς

351 3674 416 3730 τὸ
450 3674 646 3748 λυμεῖν
689 3676 840 3746 ἡμᾶς
869 3693 882 3743 ;
914 3670 1082 3728 πάλιν
1113 3670 1322 3749 ἐπάγει.
1359 3672 1477 3730 Οὐκ
1512 3671 1618 3740 ἀεὶ,
1650 3672 1838 3749 φησὶν,
1869 3672 2017 3730 ἀλλά

358 3764 675 3819 τουναντίον
709 3761 881 3818 ἐνίοτε
910 3764 1000 3817 καὶ
1065 3758 1251 3815 διώκω
1309 3758 1400 3814 καὶ
1459 3758 1670 3835 στέργω
1700 3761 1856 3830 αὐτὸ,
1890 3760 2017 3818 ὅταν

356 3850 447 3909 διὰ
505 3858 604 3908 105
663 3851 917 3909 λυπεῖσαι
973 3852 1134 3924 ὑμᾶς,
1189 3845 1380 3924 κέρδος
1437 3848 1671 3925 εὑρίσκω
1700 3852 1802 3920 τήν
1835 3872 2018 3922 σωτη-

344 3943 472 4018 ρίαν
510 3942 685 4015 ὑμῶν.
749 3942 867 3999 Οὐκ
924 3940 1006 3997 ἀεὶ
1066 3938 1125 3995 δέ
1182 3938 1326 4004 θέλω
1359 3937 1644 3994 λυπεῖσθαι
1679 3939 1840 4012 ὑμᾶς,
1873 3938 2018 3996 ἀλλά

356 4027 752 4105 διορθωθέντας
818 4028 1032 4104 μᾶλλον
1077 4026 1129 4083 ἐν
1179 4031 1327 4104 χαρᾷ
1374 4027 1465 4081 καὶ
1506 4024 1824 4101 ἀγαλιιιάσει
1858 4027 2016 4086 εἶναι.

357 4148 385 4175 ι(
419 4114 603 4181 Ἀλλά
650 4121 899 4198 συνεργοί
957 4120 1133 4195 ἐσμεν.
1177 4142 1206 4172 ››
1264 4115 1486 4188 Ἐπειδὴ
1547 4118 1808 4181 ἀπονοίας
1842 4116 2016 4175 ἐδόκει

379 4213 408 4233 ιγ
757 4217 780 4229 -σ
1353 4208 1366 4227 ο
1437 4207 1464 4222 ν
1633 4209 1645 4230 ν
1958 4209 1972 4227 \

358 4233 509 4281 ειναι,
539 4212 604 4267 τὸ
635 4213 830 4279 εἷπειν,
892 4236 919 4264 ‹‹
968 4206 1304 4282 Φειδόμενος
1347 4229 1518 4282 υμων.
1572 4231 1601 4260 ››
1649 4206 1890 4266 Εκείνων
1915 4230 2016 4286 γαρ

344 4323 437 4365 ,τις
481 4299 717 4382 φείδεται
774 4303 849 4356 ὧν
886 4296 1028 4376 ’ἔχει
1085 4300 1183 4369 τὴν
1248 4297 1515 4369 ἐξουσίαν,
1548 4297 1829 4369 θεραπεύει
1863 4297 2015 4367 αὐτὸ,

355 4392 447 4449 καί
478 4380 663 4470 φησιν,
722 4414 748 4447 α
795 4390 872 4467 Οὐ
930 4386 1020 4445 διὰ
1067 4388 1131 4445 τὸ
1189 4386 1426 4458 ἐξουσίαν
1472 4380 1620 4461 ἔχειν
1653 4390 1754 4453 τῆς
1784 4388 2017 4451 πίστεως

356 4482 535 4554 ὑμῶν,
570 4504 598 4532 ››
631 4480 783 4535 εἶπον
826 4479 912 4545 τὸ,
984 4502 1013 4529 ‹‹
1066 4472 1420 4549 Φειδόμενος·
1476 4496 1504 4525 ››
1556 4473 1815 4546 (Γνώμης
1844 4474 1947 4551 γὰρ
1978 4477 2013 4546 ἡ

359 4568 540 4632 πίστις
598 4570 687 4625 καὶ
747 4568 1142 4643 προαιρέσεως,
1203 4563 1294 4620 καὶ
1354 4558 1535 4623 οὐδεὶς
1594 4562 1884 4639 ἀναγκάζει
1923 4586 2011 4619 πι-

355 4664 568 4715 στεῦσαι
650 4660 740 4714 τὸν
830 4658 1074 4732 ἄκοντασ)
1159 4653 1287 4710 ἀλλ’
1374 4649 1586 4722 ἐπειδὴ,
1667 4675 1696 4705 ‹‹
1754 4654 2015 4730 Συνεργοί

352 4748 513 4824 ἐσμεν
544 4756 645 4819 τῆς
673 4754 849 4826 χαρᾶς
883 4749 1055 4821 ὑμῶν,
1093 4769 1118 4799 ν
1152 4742 1243 4801 διὰ
1270 4748 1435 4800 τοῦτο
1467 4744 1647 4811 εἶπον,
1681 4767 1708 4795 ‹‹
1746 4740 2019 4819 Φειδομε-

354 4861 442 4902 νος
472 4839 649 4911 ὑμῶν.
685 4862 713 4892 ››
771 4837 837 4894 Τί
894 4834 952 4891 δὲ.
1004 4836 1116 4892 ἐστι
1172 4837 1361 4900 τοῦτο,
1396 4831 1515 4908 ὅρα.
1550 4831 2015 4908 Εὐφραινόμενος,

354 4930 537 5008 φησὶν,
571 4927 648 4990 είς
708 4929 848 5002 ὑμᾶς
903 4926 1030 5002 ἐγὼ,
1092 4928 1335 5000 συνεργῶ
1394 4921 1522 4995 ὑμῖν
1555 4921 1629 4984 είς
1661 4922 1723 4977 τὸ
1753 4923 1842 4978 καὶ
1877 4924 2019 4994 ὑμᾶς

353 5018 566 5094 χαίρειν
596 5016 685 5072 ἐπὶ
715 5020 783 5091 τῇ
816 5015 922 5092 ἐμῇ
955 5013 1026 5070 δι’
1077 5014 1217 5089 ὑμᾶς
1265 5011 1587 5089 εὐφροσύνῃ.
1620 5011 1685 5068 Εἰ
1715 5012 1808 5067 οὗν
1840 5012 2013 5082 ἦλθον

354 5104 445 5163 διὰ
490 5108 618 5168 τοὺς
672 5108 1093 5183 ἁμαρτήσαντας
1152 5101 1345 5178 μηκέτι
1420 5100 1512 5175 μὲν
1567 5101 2012 5179 εὐφραινόμενος,

351 5199 562 5252 πενθῶν
593 5194 670 5261 δὲ,
706 5182 995 5267 εὛςΛύπην
1046 5195 1136 5249 καὶ
1193 5193 1334 5266 ὑμᾶς
1379 5182 1639 5248 ἔϐαλλον,
1671 5193 2011 5269 Ἐιρεισὶμην

351 5287 442 5342 οὖν
491 5285 687 5353 ἐλθεῖν,
726 5285 814 5340 ἳνα
877 5286 955 5359 μή
1006 5283 1275 5356 πρόφασις
1326 5281 1451 5354 ὑμῖν
1486 5279 1715 5352 ἀθυμίας
1746 5281 2010 5356 γένωμαι.

352 5402 379 5429 ι(
414 5381 499 5452 Τῇ
532 5376 635 5453 γὰρ
665 5376 843 5432 πίστει
891 5376 1170 5446 ἑστήκατε.
1228 5396 1256 5424 ››
1297 5370 1483 5429 Ε’πὼν
1536 5370 1620 5425 ’ὁτι
1673 5393 1701 5421 ‹‹
1731 5374 1799 5443 τῇ
1834 5370 2010 5429 πίστει

347 5466 636 5537 ἑστήκατε,
673 5464 922 5545 ἐμφαίνει
970 5463 1055 5519 ὅτι
1102 5461 1190 5517 καὶ
1236 5459 1288 5516 ἐν
1340 5457 1534 5521 ἄλλοις
1587 5455 1948 5533 ἐσρὰλλοντο,
1981 5459 2013 5517 ὅ

348 5557 436 5611 καὶ
485 5555 776 5636 σαφηνίζει
806 5554 1031 5622 κατιὼν,
1063 5552 1114 5607 ἐν
1140 5555 1221 5623 τῷ
1259 5549 1405 5605 τέλει
1438 5545 1773 5616 Ἐπιστολῆς

2048 3262 2090 3327 C

2131 620 2191 675 in
2223 621 2543 688 Christum,
2577 629 2634 676 et
2664 622 2762 693 qui
2795 624 2965 679 unxit
2998 642 3102 696 per
3139 626 3425 697 Spieitum
3480 635 3775 698 sanctum,

2126 709 2252 782 ipse
2280 710 2457 766 etiam
2489 712 2748 783 complet
2779 714 3085 784 promissa.
3121 716 3265 770 607
3312 717 3639 773 Dictionem
3671 736 3778 775 au-

2126 805 2242 854 tem
2277 800 2529 870 complet,
2562 817 2595 857 a
2626 802 2929 857 communi
2962 820 3139 858 sensu
3172 804 3505 866 subaudito.
3530 816 3776 880 propter

2127 903 2310 943 unam
2336 889 2509 944 trium
2552 907 2943 961 personarum
2967 890 3354 948 divinitatem.
3382 917 3409 944 ‹‹
3444 895 3608 961 Quod
3641 914 3774 968 par-

2128 992 2268 1031 cens
2300 976 2483 1031 vobis.
2519 998 2548 1027 »
2580 978 2725 1035 Cum
2759 979 3034 1050 suqerius
3065 979 3280 1035 dixerit
3298 981 3457 1051 quod
3505 1001 3623 1038 sum
3656 1002 3777 1040 non

2124 1064 2305 1120 fuerit
2332 1067 2660 1137 potestatis,
2695 1068 2812 1124 alio
2869 1069 3085 1125 missus
3117 1086 3151 1125 a
3200 1071 3438 1141 Spiritu.
3482 1074 3777 1143 quomodo

2125 1171 2285 1210 nunc
2313 1155 2457 1210 dicit
2476 1172 2543 1224 :_«
2568 1158 2824 1223 Parcens
2846 1158 3011 1214 vobis
3033 1175 3151 1215 non
3175 1161 3304 1215 veni
3327 1161 3677 1218 Corinthum
3697 1163 3725 1219 ‘?
3746 1186 3773 1214 ι)

2123 1244 2194 1298 Et
2223 1243 2479 1300 dicimus
2506 1246 2664 1317 quod
2698 1247 2934 1319 quando
2973 1249 3300 1319 permissus
3346 1249 3460 1305 fuit
3488 1268 3523 1306 a
3554 1251 3776 1323 Spiritu

2124 1338 2190 1385 ut
2220 1331 2716 1403 proﬁcisceretur,
2741 1351 2809 1390 eo
2842 1335 2997 1406 quod
3022 1341 3293 1407 parceret
3321 1352 3442 1392 non
3476 1346 3565 1393 est
3587 1338 3778 1410 profe-

2125 1427 2275 1478 ctus.
2308 1425 2423 1476 Aut
2451 1440 2566 1478 una
2597 1440 2733 1479 cum
2765 1424 3017 1496 Spiritus
3046 1425 3448 1497 prohibitione
3484 1428 3663 1483 etiam
3715 1428 3776 1484 id

2125 1510 2553 1582 impedimento
2604 1513 2732 1568 fuit.
2766 1514 2883 1568 Aut
2913 1515 3091 1570 etiam
3136 1514 3199 1570 in
3230 1514 3340 1571 hoc
3371 1515 3443 1572 ab
3475 1516 3603 1588 ipso
3636 1534 3777 1588 pro-

2124 1599 2348 1655 hibitus
2378 1608 2487 1656 est.
2520 1603 2703 1658 Erant
2748 1604 2906 1658 enim
2949 1604 3191 1676 quidam
3238 1605 3338 1676 qui
3388 1611 3776 1678 peccaverant

2124 1707 2234 1746 nec
2257 1692 2655 1764 resipuerant,
2686 1693 3017 1765 horumque
3060 1697 3385 1767 expectavit
3414 1697 3771 1770 resipiscens

2124 1780 2288 1847 tiam,
2322 1785 2380 1837 et
2409 1790 2726 1854 propterea
2757 1783 2924 1853 dixit,
2959 1807 2986 1834 «
3020 1786 3296 1841 Parcens.
3334 1810 3355 1839 ι
3410 1786 3773 1842 Permissum

2124 1875 2321 1927 autem
2348 1873 2400 1927 ei
2426 1872 2621 1929 fuerat
2640 1880 2707 1929 ut
2736 1874 2914 1930 etiam
2949 1874 3368 1947 delinquentes
3390 1878 3651 1948 puniret,
3684 1894 3779 1933 cu-

2114 1960 2217 2032 jus
2248 1960 2336 2016 rei
2371 1963 2536 2017 testis
2569 1980 2806 2034 quoque
2838 1969 2928 2020 est
2970 1965 3208 2037 Elymas
3253 1983 3459 2039 magus
3491 1969 3553 2022 ίτ.
3586 1991 3613 2019 ‹‹
3644 1968 3773 2023 Non

2120 2049 2280 2121 quod
2311 2050 2691 2107 dominemur
2722 2052 2858 2108 ﬁdei
2892 2061 3120 2111 vestras.
3146 2078 3174 2106 n
3201 2057 3319 2111 Hoc
3352 2062 3460 2126 est,
3485 2055 3559 2111 ob
3591 2056 3773 2113 ﬁdem

2118 2154 2239 2193 non
2268 2139 2652 2197 dominamur
2700 2142 2903 2198 vobis:
2940 2144 3059 2199 sive
3109 2162 3231 2200 non
3271 2152 3587 2217 propterea
3634 2146 3773 2202 facti

2119 2229 2262 2285 estis
2294 2231 2521 2301 ﬁdeles,
2555 2239 2620 2287 ut
2648 2232 3089 2306 subjiceremini
3122 2252 3190 2290 ac
3220 2235 3584 2307 pnniremini
3617 2254 3651 2292 a
3672 2253 3773 2292 no-

2117 2318 2230 2374 bis.
2258 2321 2400 2376 Nam
2429 2321 2478 2376 si
2511 2322 2690 2377 etiam
2722 2322 2781 2377 id
2810 2322 3039 2389 fuisset,
3073 2324 3208 2396 ipsi,
3242 2325 3455 2396 inquit,
3500 2324 3615 2381 ﬁde
3647 2334 3772 2383 ste-

2121 2409 2296 2471 tistis.
2337 2427 2449 2467 nec
2477 2428 2627 2484 opus
2650 2418 2741 2468 est
2764 2429 3007 2485 parcere
3038 2421 3141 2470 aut
3160 2415 3370 2487 punire
3403 2432 3583 2472 causa
3608 2416 3778 2476 ﬁdei.

2120 2501 2237 2556 Hoc
2267 2510 2465 2558 autem
2491 2502 2636 2559 dicit
2661 2509 3066 2577 emergentem
3088 2505 3321 2561 solvens
3345 2506 3773 2579 objectionem.

2119 2590 2418 2661 Tanquam
2452 2592 2610 2648 enim
2643 2590 2826 2649 futuri
2856 2600 3057 2649 essent
3085 2594 3189 2666 qui
3221 2594 3677 2668 indignarentur
3707 2613 3774 2652 ac

2121 2680 2422 2736 dicerent:
2456 2681 2604 2748 Quid
2659 2683 2768 2752 ais,
2819 2684 2977 2755 quod
3036 2684 3207 2740 nobis
3254 2686 3645 2757 peperceris?
3682 2689 3774 2741 An

2120 2777 2436 2843 propterea
2466 2770 2829 2828 credidimus
2860 2778 2925 2828 ut
2954 2778 3069 2829 ate
3102 2773 3445 2831 audiremus
3484 2775 3645 2846 quod
3678 2792 3774 2847 pe-

2120 2859 2416 2927 percisses
2447 2860 2666 2916 nobis?
2721 2860 2887 2927 Quod
2936 2862 2985 2917 si
3033 2879 3152 2918 non
3202 2865 3590 2935 pepercisses,
3630 2864 3774 2935 quid

2122 2949 2327 3021 utique
2348 2949 2375 3004 ?
2391 2967 2465 3005 an
2492 2949 2766 3022 punisses
2784 2969 2892 3007 nos
2908 2951 2936 3007 ‘l
2955 2969 3032 3007 an
3055 2953 3364 3024 suppliciis
3389 2952 3775 3011 tradidisses?

2122 3039 2201 3093 Ne
2236 3038 2415 3106 igitur
2443 3041 2569 3094 hmo
2600 3040 2878 3113 cogitent,
2912 3042 3314 3113 prwoccurrit,
3371 3042 3611 3099 dicens:
3647 3045 3772 3100 Non

2122 3124 2241 3181 dixi
2270 3143 2283 3181 :
2308 3149 2335 3177 «
2370 3129 2627 3183 Parcens
2665 3129 2851 3199 vobis,
2885 3150 2909 3180 υ
2944 3146 3012 3185 ac
3043 3130 3091 3185 si
3137 3131 3452 3187 occasione
3492 3131 3629 3188 ﬁdei
3663 3150 3773 3205 po-

2122 3224 2396 3276 testatem
2429 3237 2497 3277 ac
2539 3221 2873 3278 dominium
2906 3222 2966 3279 in
3014 3241 3114 3279 vos
3163 3225 3525 3297 accepissem
3574 3232 3630 3282 et
3660 3244 3778 3299 pu-

2121 3309 2325 3365 niendi
2357 3317 2416 3366 et
2443 3312 2746 3383 parcendi,
2780 3313 2903 3380 sed,
2940 3332 2963 3357 ιι
2997 3315 3273 3379 Parcens,
3309 3337 3336 3365 ν
3369 3313 3512 3385 dixi,
3565 3317 3776 3371 nolens

2123 3416 2221 3455 vos
2254 3400 2614 3457 contristari.
2669 3402 2723 3456 Si
2759 3404 2917 3458 enim
2964 3403 3175 3477 lugens
3206 3404 3279 3460 ad
3310 3422 3409 3460 vos
3462 3405 3776 3475 venissem,

2124 3489 2246 3545 scio
2272 3490 2432 3562 quod
2462 3491 2574 3563 ipsi
2608 3509 2842 3564 quoque
2872 3493 3139 3549 videntes
3172 3511 3263 3549 me
3296 3494 3622 3569 lugentem,
3656 3495 3779 3551 uti-

2126 3596 2240 3651 que
2272 3579 2609 3638 luxissetis:
2642 3599 2746 3655 ego
2796 3591 2995 3639 autem
3028 3602 3058 3640 e
3091 3585 3323 3640 diverso
3373 3586 3613 3658 adjutor
3638 3604 3771 3642 sum

2124 3669 2451 3741 spiritualis
2481 3671 2680 3744 gaudii
2712 3673 2888 3729 vestri
2922 3674 3079 3744 quod
3118 3675 3251 3744 erit,
3285 3674 3333 3730 si
3360 3692 3560 3747 opere,
3612 3675 3770 3746 quod

2123 3776 2217 3814 me
2249 3761 2613 3827 constristat,
2637 3763 2871 3819 sublato
2902 3781 2936 3819 a
2964 3764 3153 3825 vobis.
3180 3781 3394 3820 venero
3417 3766 3490 3820 ad
3517 3783 3613 3820 vos
3637 3783 3774 3821 cum

2122 3847 2356 3920 gaudio.
2392 3849 2697 3921 Siquidem
2730 3867 2834 3906 vos
2855 3868 3093 3923 quoque
3120 3868 3351 3907 mecum
3384 3853 3780 3924 spiritualiter

2122 3938 2475 4009 gaudebitis.
2502 3940 2726 3996 Deinde
2750 3946 3032 4013 tanquam
3055 3943 3452 3999 subdubitans
3479 3942 3778 4015 quispiam

2123 4027 2385 4084 diceret:
2418 4024 2569 4094 Quid
2600 4031 2784 4104 ergo?
2823 4031 2978 4104 fugis
3022 4049 3090 4088 ac
3129 4033 3445 4089 detestaris
3479 4032 3639 4104 quod
3669 4049 3778 4088 nos

2123 4136 2480 4175 meareamus
2502 4120 2529 4176 ‘I
2556 4138 2794 4177 rursum
2835 4122 3177 4194 subJungit:
3205 4125 3329 4179 Non
3380 4140 3638 4196 semper,
3672 4122 3777 4180 sed

2123 4211 2433 4282 oppositis,
2466 4211 2679 4283 inquit,
2716 4214 2908 4269 modis
2930 4214 3190 4286 idipsum
3223 4213 3523 4271 interdum
3558 4220 3615 4270 et
3644 4232 3779 4287 pro-

2126 4316 2344 4371 sequor
2373 4306 2431 4357 et
2461 4318 2616 4371 amo,
2650 4303 2888 4375 quando
2922 4322 2993 4360 ex
3023 4306 3185 4361 lectu
3212 4312 3404 4361 vestro
3431 4306 3663 4363 lucrum
3688 4305 3776 4360 in-

2122 4391 2319 4458 venio,
2353 4407 2570 4464 nempe
2616 4400 2871 4450 vestram
2919 4394 3194 4451 salutem.
3229 4398 3355 4451 Non
3405 4412 3640 4468 semper
3671 4412 3778 4452 au-

2122 4485 2244 4535 tem
2275 4498 2376 4537 vos
2407 4483 2751 4540 contristari
2798 4484 2952 4553 volo,
3002 4486 3106 4542 sed
3160 4486 3510 4543 emendatos
3557 4486 3776 4558 potius,

2122 4569 2186 4623 in
2219 4570 2434 4642 gaudio
2467 4578 2527 4627 et
2555 4574 2919 4629 exultatione
2953 4592 3103 4630 esse.
3138 4597 3161 4626 α
3194 4576 3306 4631 Sed
3338 4576 3642 4648 adjutores
3675 4592 3778 4631 su-

2124 4674 2277 4712 mus.
2315 4681 2341 4708 »
2374 4659 2664 4723 Quoniam
2716 4664 3069 4736 arrogantim
3119 4664 3430 4719 videbatur
3461 4680 3589 4719 esse
3616 4666 3775 4735 quod

2128 4747 2391 4804 dixerat:
2430 4771 2456 4801 ιι
2488 4751 2745 4807 Parcens
2775 4752 2959 4808 vobis.
2993 4776 3018 4802 υ
3050 4753 3202 4809 608
3233 4754 3357 4809 lllis
3389 4755 3549 4810 enim
3589 4755 3780 4826 parcit

2128 4838 2424 4910 quispiam
2469 4857 2649 4912 super
2696 4858 2846 4912 quos
2895 4843 3307 4899 auctoritatem
3362 4844 3558 4911 habet,
3605 4838 3778 4900 curat

2126 4928 2258 4991 hoc.
2290 4935 2349 4984 et
2378 4928 2497 4984 ait:
2533 4951 2561 4979 «
2595 4932 2720 4986 Non
2748 4932 2905 5004 quod
2936 4940 3287 5006 potestatem
3322 4933 3571 4990 habeam
3613 4934 3675 4989 in
3707 4934 3777 4989 ﬁ-

2127 5017 2261 5073 dem
2318 5023 2591 5081 vest'am.
2629 5041 2657 5070 »
2705 5020 2848 5088 dixi,
2881 5044 2910 5071 «
2956 5025 3212 5079 Parcens
3261 5014 3467 5090 vobis;
3504 5045 3531 5072 ››
3581 5023 3777 5079 !Fides

2125 5107 2419 5178 siquidem
2454 5109 2669 5164 mentis
2701 5117 2789 5164 est
2815 5127 2881 5166 ac
2915 5110 3262 5168 electionis:
3318 5130 3429 5169 nec
3477 5113 3776 5185 quispiam

2124 5197 2428 5252 nolentem
2458 5198 2613 5271 cogit
2641 5198 2716 5254 ad
2765 5200 3152 5271 credendum)
3183 5218 3196 5267 ;
3231 5202 3333 5257 sed
3376 5203 3518 5275 quia
3546 5225 3573 5253 ‹‹
3605 5202 3780 5274 adju-

2124 5291 2303 5353 tores,
2363 5287 2560 5358 inquit
2634 5305 2839 5344 sumus
2892 5289 3092 5362 gaudii
3147 5291 3409 5360 vestri,»
3460 5299 3779 5365 propterea

2122 5378 2264 5443 dixi.
2302 5403 2329 5431 «ι
2360 5382 2615 5437 Parcens
2646 5383 2827 5439 vobis.
2866 5404 2892 5431 ››
2935 5385 3004 5438 Ει
3038 5384 3439 5440 animadverte
3487 5385 3773 5456 quidnam

2121 5467 2233 5524 hoc
2266 5470 2359 5525 sit.
2394 5471 2530 5543 Ego.
2565 5471 2782 5543 inquit,
2814 5472 2974 5529 circa
3016 5490 3119 5529 vos
3167 5474 3521 5541 oblectalus,
3572 5474 3633 5528 in
3666 5475 3777 5528 hoc

2121 5556 2284 5612 vobis
2323 5559 2543 5614 auxilio
2572 5576 2728 5629 sum,
2779 5568 2844 5615 ut
2872 5578 2973 5617 vos
3011 5562 3317 5635 gaudeatis
3367 5565 3426 5619 in
3457 5579 3610 5628 mea,
3639 5577 3772 5631 quas

345 5652 589 5722 propter
621 5664 724 5704 vos
783 5652 892 5718 est,
944 5644 1357 5702 oblectatione.
1392 5639 1449 5697 Si
1508 5655 1645 5714 ergo
1676 5640 1995 5711 venissem,
2044 5651 2287 5720 propter
2343 5665 2444 5705 eos
2501 5649 2602 5720 qui
2659 5658 3052 5723 peccaverant
3103 5668 3485 5726 nequaquam
3541 5649 3775 5725 gavisus

424 5763 470 5806 ³⁷
500 5770 631 5823 Act.
671 5781 791 5837 xm,
821 5765 875 5822 8.
