4080 6430
300 398 418 487 ‘93.»,
1438 420 1847 483 caecum"
1896 416 2200 481 TBICCE
2244 416 2597 481 emacem
3605 416 3727 478 sse

302 560 549 618 fuissem
577 579 589 617 :
624 560 831 625 lugens
861 563 1083 621 autem,
1114 574 1215 613 vos
1246 573 1481 630 quoque
1513 558 1573 613 in
1603 555 1829 612 luctum
1861 555 2277 628 conjecissem.
2310 555 2552 626 Peperci
2586 568 2724 627 ergo
2759 557 2817 609 et
2855 550 3115 608 abstinui
3160 568 3195 608 a
3225 552 3612 625 profectione,
3646 566 3725 608 ne

300 652 469 706 vobis
500 650 727 705 occasio
761 664 954 704 essem
990 648 1266 704 tristitiae.
1303 673 1327 696 ιι
1365 649 1508 703 Nam
1545 646 1658 702 title
1709 646 1898 701 statis.
1929 671 1949 695 ι
1986 644 2236 701 Dicens:
2271 669 2297 695 κ
2336 645 2475 700 Fide
2525 644 2714 713 statis,
2769 664 2797 693 ››
2826 643 3087 699 ostendit
3117 642 3277 715 quod
3308 643 3369 698 in
3411 642 3546 699 aliis
3578 641 3729 714 lapsi

300 746 498 795 essent
528 739 687 811 quod
720 740 899 793 etiam
926 739 987 793 in
1018 737 1408 810 sequentibus
1438 736 1798 804 manifestat,
1830 751 2047 807 nempe
2079 734 2142 790 in
2170 734 2288 790 line
2321 734 2618 806 Epistolas.

374 832 444 895 ll,
479 830 596 884 1-3.
632 828 741 884 Sed
788 828 889 883 hoc
936 828 1151 883 decrevi
1198 828 1350 898 apud
1396 828 1789 894 memeti;sum,
1840 840 1985 893 non,

2135 822 2358 899 Ἔκρινα
2434 820 2493 877 δὲ
2567 821 2791 896 ἐμαυτῷ
2872 825 3063 892 τοῦτο,
3139 821 3202 878 τὸ
3279 822 3357 897 μὴ
3434 818 3599 877 πάλιν
3677 819 3731 877 ἓν

298 923 501 975 iterum
532 935 655 974 cum
686 935 913 974 maerore
959 919 1033 972 ad
1059 934 1151 973 vos
1181 919 1387 972 venire.
1440 918 1578 973 Nam
1607 918 1654 971 si
1683 932 1782 986 ego
1820 931 1909 970 ma

2114 910 2213 986 5πῃ
2243 911 2381 986 πρὸς
2441 911 2583 985 ὑμᾶς
2642 909 2844 967 ἑλθεῖν.
2906 909 2974 967 El
3023 910 3127 987 γὰρ
3184 910 3297 986 ἐγὼ
3357 909 3518 965 λυπῶ
3565 911 3725 984 ὑμᾶς,

298 1026 422 1065 rore
449 1024 543 1064 vos
573 1011 837 1077 afﬁciam.
871 1014 925 1063 et
958 1010 1082 1077 quis
1111 1014 1187 1063 est
1219 1010 1317 1078 qui
1334 1006 1605 1061 exhilaret
1626 1023 1728 1070 me,
1761 1006 1872 1059 nisi
1905 1024 1909 1058 ἑ

2119 1003 2151 1058 ιὶ
2181 1003 2261 1065 τίς
2312 1002 2452 1059 ἐστιν
2506 1004 2534 1057 6
2594 1000 2898 1080 εὐφραίνων
2962 1023 3050 1076 με,
3112 1002 3159 1058 εἰ
3221 1005 3297 1075 μὴ
3358 1003 3386 1058 6
3442 1000 3730 1075 λυπούμε-

299 1101 397 1169 qui
436 1114 666 1153 maerore
714 1100 962 1166 afﬁcitur
1004 1114 1073 1151 ea:
1104 1099 1234 1152 me?
1278 1099 1350 1151 Et
1380 1097 1479 1151 hoc
1530 1095 1707 1166 ipsum
1758 1094 1910 1162 scrip:

2116 1116 2154 1157 ›ς
2232 1091 2282 1163 ἐξ
2351 1091 2531 1166 ἐμοῦ,
2586 1092 2684 1147 Καὶ
2751 1089 2958 1167 ἔγραψα
3016 1092 3148 1166 ὑμῖν
3204 1095 3367 1148 τοῦτο
3425 1091 3582 1161 αὐτὸ,
3638 1091 3727 1146 ἳνα

300 1188 471 1246 vobis.
505 1204 572 1242 ne
603 1186 652 1241 si
680 1187 943 1242 venissem
974 1186 1047 1240 ad
1065 1202 1179 1251 vos,
1212 1186 1459 1240 dolorem
1487 1201 1738 1256 caperem
1768 1199 1837 1238 ea:
1867 1183 1911 1236 h.

2112 1184 2142 1253 ἠ
2203 1180 2399 1252 ἐλθὼν,
2462 1180 2645 1254 λύπην
2706 1179 2824 1257 ἔχω
2910 1180 3000 1260 ἀφ’
3057 1181 3131 1236 ὧν
3190 1174 3298 1236 ἔδει
3356 1201 3424 1254 με
3484 1181 3723 1257 χαίρειν,

299 1293 368 1331 ea:
397 1278 594 1347 quibus
619 1276 903 1347 oportebat
952 1292 1035 1330 me
1065 1292 1259 1346 capere
1288 1274 1643 1345 voluptatem,
1693 1272 1910 1342 ﬁducia:

2109 1271 2338 1337 εποιθὼς
2368 1269 2455 1328 ἐπὶ
2487 1271 2691 1330 πάντας
2738 1272 2901 1345 ὑμᾶς,
2930 1271 3015 1326 ’ὁτι
3071 1272 3107 1341 ἡ
3157 1268 3266 1344 ἐμή
3306 1270 3478 1347 χαρὰ,
3508 1269 3720 1327 πάντων

297 1367 437 1422 hanc
469 1366 670 1421 habens
701 1382 833 1436 erga
879 1381 971 1421 vos
1013 1380 1217 1436 omnes,
1258 1368 1408 1436 quod
1452 1380 1633 1419 meum
1660 1362 1908 1432 gaudiun

799 1382 833 1421 a
879 1381 971 1421 vos
1013 1380 1217 1436 omnes,
1258 1368 1408 1436 quod
1452 1380 1633 1419 meum
1660 1362 1951 1432 gaudium,
2063 1360 2217 1437 ὑμῶν
2245 1360 2406 1421 ἐστιν.

295 1457 367 1510 sit
397 1457 642 1510 omnium
661 1461 925 1512 vestrum.

369 1544 534 1610 Quod
560 1544 664 1613 ait,
718 1567 747 1594 α
795 1545 1038 1610 lterum,
1071 1566 1097 1594 ››
1154 1543 1418 1599 ostendit
1456 1543 1584 1615 jam
1618 1560 1680 1598 se
1713 1557 1951 1614 quoque

2133 1541 2235 1605 Τὸ,
2291 1538 2478 1609 πάλιν,
2533 1538 2801 1597 δείκνυσιν
2868 1542 2959 1597 καὶ
3013 1539 3124 1612 ἤδη
3187 1540 3500 1612 λυπηθέντα
3559 1538 3721 1597 αὐτὸν

299 1650 547 1690 maerore
578 1639 822 1705 propter
847 1650 949 1688 eos
980 1632 1164 1688 fuisse
1195 1633 1493 1688 aﬂ‘ectum.
1527 1655 1554 1683 «
1588 1634 1733 1687 Nam
1768 1632 1815 1686 si
1847 1646 1910 1704 eg

2115 1630 2144 1686 :'
2175 1628 2382 1691 αὐτοῖς.
2438 1654 2465 1683 (ι
2500 1630 2560 1688 Εἰ
2619 1631 2725 1707 γὰρ
2784 1629 2945 1687 λυπῶ
2996 1630 3167 1705 ὑμᾶς.
3203 1657 3225 1685 ι
3279 1634 3367 1688 Ἐν
3395 1634 3495 1702 τῷ,
3527 1628 3589 1688 Ei
3618 1630 3726 1707 γὰρ

297 1740 549 1778 maerore
592 1739 692 1777 vos
738 1721 1016 1777 afﬁciam.
1055 1743 1076 1772 ι
1115 1722 1249 1777 Ηωο
1289 1721 1468 1777 dictio
1498 1718 1548 1774 εἴ
1579 1721 1707 1793 capi
1758 1726 1908 1792 pote:

2113 1719 2170 1774 ’ὼ
2202 1719 2362 1775 λυπῶ
2397 1720 2556 1794 ὑμᾶς,
2588 1721 2671 1790 τὸ,
2704 1719 2772 1788 εἶ,
2805 1720 2925 1777 ἀντῖ
2970 1724 3069 1776 τοῦ
3118 1719 3225 1776 εἳτε
3252 1720 3297 1775 εἷ
3328 1718 3595 1799 ληφθείη,
3628 1719 3724 1775 ού-

295 1827 402 1881 pro
435 1809 563 1873 ε”τε,
596 1811 655 1866 id
688 1817 796 1871 est.
828 1813 940 1865 sive
968 1816 1069 1865 aut
1099 1809 1245 1879 licet,
1280 1816 1339 1865 et
1367 1810 1521 1865 nihil
1572 1826 1640 1865 ex
1672 1810 1783 1865 hoc
1824 1808 1906 1864 ob:

2116 1831 2147 1864 νν
2198 1808 2398 1888 ἀσαφὲς
2454 1807 2570 1864 οὔδ’
2627 1806 2830 1887 ἄπορον
2884 1811 3126 1867 ἃπαντῶ.
3182 1810 3575 1885 Θεραπευτικὸς
3608 1805 3727 1865 δὶὸ

298 1917 507 1956 curum
531 1907 633 1956 aut
654 1900 975 1956 absurdum
1004 1900 1238 1955 invenio
1265 1916 1278 1954 :
1315 1906 1404 1955 est
1429 1905 1626 1955 autem
1670 1898 1909 1955 concilia

2119 1900 2247 1976 ἱγος.
2283 1898 2431 1970 Φησὶ
2456 1899 2584 1974 γὰρ,
2641 1898 2707 1957 E’.’
2757 1901 2848 1956 καὶ
2912 1899 3072 1956 λυπῶ
3145 1901 3287 1974 ὑμᾶς
3347 1898 3401 1955 ἐν
3440 1903 3519 1972 τῷ
3550 1899 3730 1955 ἐπιτι-

298 1990 449 2046 tivus
498 2007 713 2046 sermo.
769 1990 865 2045 Ait
891 1990 1085 2045 enim:
1138 1989 1492 2061 Quanquam
1542 2005 1793 2045 mcerore
1849 2004 1909 2043 vo

2112 1994 2166 2061 ᾷν
2193 1988 2284 2045 καὶ
2333 1988 2767 2066 ἀποστρέφεσθαι
2828 1990 2989 2062 ὑμᾶς,
3045 1986 3192 2058 πλὴν
3252 1989 3614 2070 εὐφραίνομαι
3649 1985 3723 2044 δι’

294 2079 553 2135 afﬁciam
586 2078 953 2151 obiurgando
986 2085 1041 2133 et
1072 2078 1398 2134 aver'ando
1431 2095 1551 2139 vos.
1583 2078 1644 2133 in
1677 2077 1788 2133 hoc
1820 2078 1905 2150 ips

2110 2078 2192 2135 31:6
2223 2082 2408 2147 τοῦτο,
2441 2077 2525 2135 ὅτι
2557 2082 2816 2134 τοσοῦτον
2852 2079 2978 2153 ὑμῖν
3011 2077 3147 2152 ἐμοῦ
3181 2077 3400 2152 μέλλει,
3430 2078 3507 2133 ὡς
3531 2075 3721 2135 δάκνε-

296 2175 494 2223 tamen
529 2168 846 2235 exhilarer,
880 2166 1040 2238 quod
1072 2174 1300 2223 tantum
1332 2166 1497 2222 vobis
1528 2184 1684 2223 curae
1716 2166 1852 2232 sim,
1886 2183 1907 2222 ι

2107 2171 2180 2225 θαι
2210 2166 2268 2224 ἐκ
2316 2176 2416 2239 τῆς
2467 2167 2609 2243 ἐμῆς
2652 2169 3005 2246 ἀποστροφῆς
3034 2168 3126 2224 καὶ
3160 2167 3363 2240 λύπης.
3395 2168 3457 2224 Ἰί
3492 2168 3595 2243 γὰρ
3626 2189 3718 2242 με,

292 2259 775 2332 compungamini
810 2274 878 2313 ex
904 2274 1039 2314 mea
1068 2258 1374 2314 aversione
1405 2274 1472 2314 ac
1504 2274 1773 2313 mmrore.
1801 2259 1903 2313 Nai

2105 2260 2243 2329 ησὶν,
2305 2257 2577 2336 εὐφραίνει
2638 2258 2832 2330 οὕτως,
2887 2259 2962 2322 ὡς
3041 2262 3150 2314 τῶν
3207 2256 3621 2334 ἐγκαλουμένων
3678 2260 3716 2328 ἡ

289 2352 433 2423 quid
474 2367 593 2418 me,
626 2350 841 2422 inquit,
875 2349 1022 2406 adeo
1073 2349 1331 2406 delectat
1381 2355 1445 2405 ut
1494 2366 1705 2406 sensus
1737 2366 1900 2405 eorm

2115 2351 2303 2421 σθησις
2332 2369 2346 2420 ;
2390 2353 2693 2424 τεκμηριοῖ
2722 2349 2828 2426 γὰρ
2876 2348 3014 2419 αὕτη
3044 2349 3145 2418 τήν
3180 2348 3240 2404 ἐκ
3267 2353 3375 2404 τῶν
3426 2346 3722 2423 ἐγκλημά-

292 2442 391 2513 qui
424 2439 863 2515 objurgantur?
911 2440 1007 2495 hic
1058 2439 1220 2495 enim
1273 2439 1725 2511 conjectandam
1773 2441 1903 2495 οπο]

2106 2463 2159 2495 υν
2204 2439 2498 2517 γινομένην
2546 2437 2839 2513 ὠφέλειαν.
2898 2465 2925 2491 α
2978 2438 3084 2496 Καὶ
3133 2436 3339 2515 ἔγραψα
3387 2439 3514 2513 ὑμῖν
3552 2441 3717 2494 τοῦτο

290 2533 611 2589 utilitatem
662 2550 794 2604 quas
827 2549 896 2588 ex
948 2532 1360 2605 objurgatione
1419 2547 1769 2587 successura
1837 2548 1897 2587 es

2101 2529 2206 2589 5:6.
2241 2555 2271 2583 ››
2302 2532 2442 2587 Πότε
2471 2527 2693 2605 ἔγραψε,
2748 2528 2840 2585 καὶ
2897 2528 2991 2597 τίς
3051 2529 3140 2585 Ἑν
3189 2533 3269 2600 τῷ
3308 2528 3457 2586 τέλει
3484 2531 3586 2594 τῆς
3615 2531 3712 2583 νῦν

290 2644 319 2672 ‹‹
353 2624 423 2677 Et
454 2623 566 2678 hoc
597 2622 794 2695 ipsum
848 2621 1058 2693 scripsi
1092 2620 1278 2695 vobis.
1316 2643 1343 2671 ››
1390 2621 1635 2687 Quando
1663 2627 1764 2677 aut
1803 2619 1901 2692 qui

2107 2619 2407 2686 επιστολῆς.
2441 2621 2683 2696 Ἔγραψε
2716 2616 2927 2682 δὲ’-τοὺς
2974 2619 3367 2694 ἡμαρτηκότας
3397 2615 3605 2693 ένάγων
3636 2616 3718 2684 εἷς

290 2710 575 2784 scripsit?
606 2711 665 2766 in
700 2712 818 2766 fine
862 2710 1176 2783 prmsentis
1226 2709 1521 2782 Epistolas.
1562 2709 1810 2782 Scripsit
1839 2725 1901 2764 au

2103 2710 2366 2765 ετάνοιαν.
2425 2733 2453 2761 (ι
2488 2709 2582 2778 Μὴ
2641 2706 2869 2764 ἐλθόντα
2920 2708 3025 2786 γὰρ
3085 2728 3177 2782 με,
3211 2707 3341 2786 φησί
3391 2705 3560 2764 πάλιν
3615 2727 3714 2763 τα-

287 2806 407 2857 tem
425 2800 711 2856 inducens
727 2814 826 2855 eos
840 2799 941 2871 qui
962 2799 1347 2871 deliquerunt
1362 2798 1436 2854 ad
1450 2799 1898 2871 resipiscendun

2107 2797 2307 2854 εινώσει
2340 2800 2370 2855 6
2400 2797 2531 2861 Θεός
2566 2820 2693 2873 μου,
2734 2797 2826 2854 καὶ
2875 2799 3131 2869 πενθήσω
3160 2796 3414 2861 πολλοὺς
3441 2802 3551 2853 τῶν
3582 2817 3718 2873 προ-

287 2897 342 2945 et
375 2889 492 2946 ait:
531 2912 557 2936 ‹‹
597 2891 678 2945 Ne
724 2905 858 2945 cum
902 2905 1141 2954 venero,
1202 2905 1445 2945 rursum
1506 2888 1803 2962 deprimat
1854 2906 1898 2943 ω

2106 2886 2505 2964 ιαρτησάντων,
2554 2886 2645 2944 καὶ
2702 2889 2780 2961 μὴ
2823 2888 3293 2962 μετανοησάντων.
3329 2911 3359 2940 ››
3387 2891 3560 2943 Τοῦτο
3593 2886 3717 2957 οὗν,

289 2983 462 3047 Deus,
495 2986 553 3036 et
582 2980 820 3052 lugeam
854 2978 1076 3034 multos
1100 2995 1304 3035 eorum
1329 2979 1428 3051 qui
1460 2985 1636 3036 antea
1667 2994 1900 3051 peccave

2103 2976 2211 3049 ησὶ,
2244 2976 2587 3052 προέγραψα,
2644 2977 2737 3032 ἳνα
2794 2973 3229 3053 διορθώσωνται,
3259 2977 3348 3032 καὶ
3413 2977 3490 3050 μή
3529 2973 3714 3047 λύπην

287 3076 558 3126 runtnec
606 3067 1054 3141 respuerunt“.
1092 3090 1117 3116 ιι
1172 3069 1291 3124 Hoc
1342 3085 1469 3142 ego,
1520 3068 1738 3140 inquit,
1771 3074 1898 3125 ante

2089 3072 2178 3145 χῶ
2208 3066 2294 3146 ἀφ’
2329 3066 2506 3141 ὑμῶν.
2567 3067 2691 3147 ’Δφ’
2746 3067 2821 3123 ὧν
2879 3066 3299 3123 κατοπθούντων
3329 3065 3541 3142 χαίρειν
3570 3060 3699 3122 ἔδει.

288 3159 498 3231 scripsi
529 3164 596 3215 ut
645 3157 1108 3231 corrigerentur,
1167 3157 1320 3213 ϐω)
1375 3162 1433 3213 et
1483 3174 1604 3213 non
1662 3158 1899 3214 haberel

2112 3156 2394 3219 Πεποιθὼς
2427 3155 2515 3212 ἰπὶ
2547 3156 2753 3219 πάντας
2804 3156 2968 3232 ὑμᾶς,
2997 3180 3027 3210 ››
3073 3157 3172 3212 Καὶ
3220 3160 3383 3213 τοῦτο
3435 3152 3714 3231 βουλόμε-

290 3265 606 3306 maerorem
636 3265 672 3304 a
700 3247 888 3318 vobis,
921 3265 955 3304 a
989 3247 1230 3319 quibus,
1265 3245 1407 3302 dum
1436 3264 1539 3303 vos
1573 3247 1737 3319 ipsos
1767 3264 1901 3304 corr

2105 3270 2161 3318 ις,
2193 3248 2374 3326 φησῖν,
2408 3244 2469 3302 ού
2502 3247 2665 3323 χάριν
2695 3251 2794 3304 τοῦ
2834 3245 2931 3322 ἐμὲ
2979 3248 3142 3321 μόνον
3175 3245 3536 3322 εὐφρανθῆναι
3570 3242 3716 3318 βού-

286 3338 527 3412 geretis,
558 3337 842 3411 gaudium
866 3354 961 3393 me
992 3337 1211 3393 habere
1235 3336 1565 3410 oportebat.
1590 3361 1618 3389 α(
1641 3337 1897 3394 Fiducia]

2109 3358 2248 3413 ›μαι,
2281 3334 2428 3393 ἀλλά
2455 3336 2545 3393 καὶ
2604 3337 2767 3413 ὑμᾶς.
2802 3336 3046 3394 Πέποιθα
3102 3337 3205 3414 γὰρ
3237 3336 3321 3392 ὅτι
3352 3336 3388 3407 ἡ
3423 3332 3720 3412 διόρθωσις

288 3429 444 3484 hanc
485 3427 715 3483 habens
757 3444 894 3501 erga
947 3444 1050 3483 vos
1082 3443 1313 3483 omnes.
1347 3448 1376 3478 η
1428 3429 1498 3483 Ει
1546 3429 1682 3494 hoc,
1731 3427 1898 3500 inqui

2105 3431 2160 3481 iw
2219 3422 2490 3505 ἀδελφῶν,
2551 3427 2642 3483 καὶ
2697 3425 2824 3501 ὶμοὶ
2880 3425 3050 3484 τίκτει
3108 3423 3430 3504 χαρὰν,καί
3461 3425 3716 3499 ὑμῖν.Ἦ

288 3523 580 3585 statuens,
612 3533 735 3572 non
767 3516 926 3588 quod
958 3516 1155 3572 solum
1188 3533 1282 3572 me
1313 3516 1570 3590 gaudere
1608 3517 1809 3580 velim.
1843 3533 1899 3573 se

2107 3517 2158 3590 ὶρ
2214 3515 2323 3589 ἐμὴ
2389 3516 2556 3593 χαρὰ,
2613 3516 2885 3598 πρόφασις
2939 3518 3144 3594 γίνεται
3185 3515 3276 3573 καὶ
3309 3515 3574 3592 ὑμετέρας
3603 3533 3718 3594 χα-

289 3613 347 3662 et
376 3623 497 3662 vos.
532 3580 801 3662 Confido-
829 3607 988 3662 enim
1047 3605 1205 3678 quod
1235 3580 1487 3662 fratrum
1544 3608 1855 3673 correctio,
1888 3624 1900 3663 ι

1821 3626 1855 3673 ι,
1888 3615 1947 3664 et
1987 3580 2030 3647 (ἶ
2060 3580 2175 3682 ῥᾶξ,
2208 3580 2502 3680 οὲςτῲςῖιέ,
2534 3580 3016 3686 ίρησίν,ιάγαπᾶτε.
3346 3580 3358 3590 ¹
3426 3634 3432 3639 ·

290 3696 439 3752 mihi
498 3694 689 3769 pariet
741 3695 1024 3771 gaudium
1082 3702 1141 3752 et
1195 3696 1398 3752 vobis:
1458 3713 1597 3753 nam
1628 3713 1832 3755 meum
1887 3697 2171 3772 gaudium
2223 3699 2456 3755 occasio
2498 3704 2591 3755 est
2646 3704 2705 3756 et
2761 3698 2941 3757 vestri
2967 3699 3188 3774 gaudii,
3243 3696 3392 3757 adeo
3448 3712 3546 3754 me
3572 3693 3715 3753 dili-

292 3785 448 3859 gitis.

359 3876 429 3944 ΙΙ,
462 3877 581 3931 4-7.
610 3879 745 3934 Nam
774 3892 844 3931 ea:
866 3876 1041 3933 multa
1068 3879 1374 3948 afﬂictione
1403 3884 1454 3934 ct
1483 3877 1773 3935 anxietate
1811 3894 1941 3935 cor-

2124 3877 2218 3932 Ἐκ
2270 3877 2373 3955 γὰρ
2428 3876 2651 3950 πολλῆς
2711 3875 2955 3954 θλίψεως
3015 3876 3107 3935 καὶ
3162 3882 3406 3957 συνοχῆς
3463 3871 3718 3952 καρδίας,

284 3966 369 4022 dis
398 3968 595 4037 scripsi
622 3967 773 4023 vobis
798 3982 901 4038 per
946 3967 1147 4023 multas
1199 3968 1503 4039 lacrymas:
1550 3984 1661 4024 non
1706 3975 1770 4024 ut
1808 3978 1895 4025 ma

2115 3970 2259 4041 ραψα
2315 3968 2443 4043 ὑμῖν
2519 3966 2606 4024 διὰ
2664 3966 2892 4025 πολλῶν
2980 3964 3254 4042 δακρύων,
3314 3965 3424 4042 οὐχ
3476 3964 3564 4021 ἳνα
3621 3962 3722 4021 λυ-

282 4072 408 4112 rore
455 4057 838 4125 afﬁceremini,
896 4057 993 4112 sed
1047 4063 1111 4111 ut
1167 4060 1564 4127 cognosceretis
1612 4058 1893 4114 charitate;

2104 4057 2286 4128 ηθῆτε,
2362 4055 2510 4113 ἀλλὰ
2582 4060 2683 4130 τήν
2758 4058 2971 4134 ἀγάπην
3041 4058 3128 4113 ἳνα
3201 4061 3375 4135 γνῶτε
3448 4056 3515 4128 ἢν
3593 4050 3715 4135 ἔχω

286 4162 454 4216 quam
485 4146 652 4200 habeo
678 4146 1053 4202 abundantius
1084 4163 1216 4216 erga
1239 4164 1355 4204 vos.
1391 4148 1547 4213 Quod
1581 4149 1630 4204 si
1660 4149 1782 4219 quis
1811 4164 1897 4203 con

2109 4144 2450 4221 ερισσοτέρως
2506 4146 2584 4210 εἰς
2645 4146 2807 4221 ὑμᾶς.
2868 4146 2930 4205 Εἰ
2994 4145 3052 4202 δέ
3102 4167 3186 4211 τις
3243 4144 3582 4217 λελύπηκεν,
3615 4144 3720 4200 οὐκ

220 4256 227 4259 -
285 4235 547 4302 tristavit,
592 4250 705 4290 non
733 4251 818 4289 me
862 4237 1226 4303 contristavit,
1272 4236 1368 4291 sed
1413 4252 1483 4290 ea:
1506 4243 1692 4306 parte,
1724 4230 1794 4291 ne

2106 4234 2149 4288 ιὲ
2206 4233 2532 4307 λελύπηκεν,
2593 4235 2742 4292 ἀλλὰ
2824 4236 2931 4293 ἀπὸ
3016 4237 3237 4312 μέρους,
3290 4235 3384 4290 ’ἱνα
3444 4235 3522 4310 μὴ
3588 4231 3717 4289 έπι-

282 4339 505 4392 gravem
556 4338 740 4378 omnes
795 4339 912 4380 vos.
981 4324 1202 4394 Sufﬁcit
1259 4324 1575 4380 istiusmodi
1631 4328 1893 4398 increpat:

2107 4327 2204 4400 ιρῶ
2261 4323 2462 4389 πάντας
2523 4325 2684 4398 ὑμᾶς,
2757 4326 2942 4382 ἱκανὸν
3014 4329 3094 4400 τῷ
3148 4326 3385 4398 τοιούτῳ
3437 4326 3472 4394 ἡ
3534 4322 3718 4378 ὶπιτι-

286 4412 405 4469 hwc
428 4429 550 4483 quae
592 4415 745 4481 facta
786 4421 863 4469 est
911 4431 945 4469 a
976 4414 1270 4484 pluribus:
1319 4421 1381 4470 ut
1432 4433 1458 4470 e
1505 4416 1717 4471 diverso
1766 4433 1897 4488 mag;

2102 4433 2152 4468 ια
2217 4412 2375 4486 αὕτη,
2446 4417 2481 4484 ἡ
2552 4414 2655 4472 ὑπὸ
2721 4420 2830 4471 τῶν
2891 4412 3187 4472 πλειόνων.
3259 4415 3419 4470 Ὥστε
3484 4413 3713 4469 τοὺναν-

284 4502 608 4558 con'lonetis
636 4509 688 4558 et
725 4504 1100 4570 eonsolemini,
1154 4520 1223 4559 ne
1264 4504 1538 4575 quomodo
1585 4505 1817 4561 tristitia
1844 4509 1895 4561 ni

2105 4523 2163 4558 ον
2235 4502 2451 4578 μᾶλλον
2522 4505 2663 4580 ὑμᾶς
2731 4508 3075 4581 γαρισασθαί
3130 4503 3222 4560 καὶ
3312 4500 3710 4578 παρακαλέσαι,

280 4595 394 4648 mia
423 4593 780 4649 absorbeatur
810 4592 1147 4665 hujusmodi.

2096 4594 2129 4661 ἦ
2194 4614 2313 4657 πως
2380 4599 2450 4670 τῇ
2518 4595 2876 4671 περισσοτέρᾳ
2941 4593 3089 4670 λύπῃ
3148 4595 3431 4667 καταποθῇ
3499 4594 3527 4648 6
3590 4612 3707 4646 τοι-

2048 4703 2206 4746 ουτος

347 4775 637 4841 Quoniam
669 4791 806 4847 ergo
839 4772 1090 4832 fratrum
1122 4773 1410 4831 correctio
1451 4765 1766 4833 cammune
1796 4792 1934 4850 gau-

2118 4772 2270 4831 Ἐπεὶ
2300 4773 2397 4830 οὖν
2429 4775 2464 4845 ἢ
2498 4770 2789 4849 διόρθωσις
2841 4779 2949 4831 τῶν
3008 4771 3260 4854 ἀδελφῶν
3310 4779 3500 4842 κοινῆς
3530 4776 3707 4849 χαρᾶς

278 4865 442 4921 dium
492 4865 791 4931 conciliat,
846 4865 1173 4937 plurimum
1228 4864 1392 4920 illam
1435 4866 1649 4938 cupio:
1710 4870 1768 4921 et
1797 4882 1889 4922 οιιι

2099 4862 2300 4934 εόξενός
2331 4861 2496 4931 ἐστιν,
2548 4865 2690 4920 πάνυ
2751 4865 2921 4935 αὐτῆς
2979 4864 3110 4941 ἐρῶ,
3170 4864 3259 4920 καὶ
3304 4865 3381 4938 μή
3411 4865 3710 4940 γινομένης

279 4970 399 5008 non
431 4953 753 5025 perficitur,
778 4952 952 5009 doleo
984 4971 1052 5010 ac
1075 4954 1381 5025 defatigor.
1417 4955 1890 5027 Reprehensione

2096 4952 2203 5027 K75)
2282 4953 2369 5008 καὶ
2428 4954 2730 5031 τρύχομαι.
2787 4959 3086 5030 Τοιγαροῦν
3135 4955 3231 5016 τὰς
3284 4952 3574 5029 ἐγκλησεις
3616 4954 3707 5010 καὶ

277 5043 478 5112 itaque
512 5049 570 5097 et
598 5043 1045 5115 objurgationes
1069 5061 1216 5115 quas
1238 5043 1471 5115 scripsi.
1497 5058 1570 5098 ex
1602 5042 1888 5100 afﬂiction

2098 5044 2398 5115 τιτιμτςσεις
2455 5041 2518 5106 ἃς
2576 5042 2808 5122 ἔγραψα,
2869 5043 2976 5099 ἀπὸ
3033 5043 3276 5119 θλίψεως
3336 5043 3426 5099 καὶ
3461 5050 3709 5119 συνοχῆς

278 5136 336 5185 et
366 5131 663 5187 anxietate
695 5131 894 5187 cordis
924 5134 1135 5205 scripsi
1164 5149 1176 5186 :
1210 5149 1331 5188 non
1361 5132 1435 5188 ad
1482 5133 1592 5188 hoc
1641 5132 1836 5188 nitens
1867 5151 1889 5189 1'

2098 5127 2273 5204 ιρδίας
2330 5129 2556 5209 ἔγραψα.
2615 5134 2739 5209 Οὐχ
2819 5132 2903 5189 ίνα
2981 5134 3270 5204 λυπηθῆτε
3358 5129 3709 5203 σπουδάζων,

280 5219 782 5275 contristaremini
818 5221 980 5293 (nam
1010 5221 1123 5277 hoc
1154 5222 1333 5277 etiam
1364 5221 1514 5277 alias
1558 5222 1807 5277 stultum
1842 5239 1891 5278 es

2102 5224 2228 5277 οῦτο
2281 5221 2386 5297 γὰρ
2444 5223 2534 5278 καὶ
2580 5222 2770 5287 ἄλλως
2829 5224 3102 5296 ἀνόητον),
3134 5221 3263 5278 ἀλλ’
3291 5222 3377 5278 ἳνα
3407 5242 3707 5296 πνευματι-

279 5315 411 5371 set).
447 5308 551 5364 sed
591 5315 655 5364 ut
687 5310 1077 5381 spiritualiter
1114 5318 1174 5367 et
1203 5311 1275 5368 ad
1328 5312 1761 5367 correctionem
1793 5329 1890 5369 cor

2095 5316 2157 5375 iu;
2188 5312 2278 5367 καὶ
2324 5310 2413 5367 ἐπὶ
2472 5309 2758 5387 διορθώσει
2811 5311 3114 5385 λυπηθῆτε.
3176 5310 3356 5368 Ἀλλᾶ
3410 5316 3574 5367 τοῦτο
3611 5312 3706 5385 μὲν

278 5398 687 5456 tristaremini.
748 5403 1025 5456 Attamen
1070 5402 1181 5457 boc
1234 5418 1354 5457 non
1386 5400 1550 5465 dicit,
1600 5401 1705 5457 sed
1732 5401 1889 5459 volen

2101 5401 2315 5479 ὶλέγει.
2376 5407 2709 5479 Θεραπεῦσαι
2768 5400 2826 5459 δὲ
2873 5403 3069 5467 αὐτοὺς
3123 5398 3323 5475 θέλων,
3373 5403 3559 5478 φησίν.
3596 5403 3712 5461 Ἵνα

276 5487 424 5561 ipsis
453 5487 703 5560 obsequi
735 5488 852 5545 ait:
890 5510 914 5540 ι
967 5490 1037 5547 Ut
1087 5490 1440 5547 cbaritatem
1491 5505 1686 5546 meam
1719 5507 1887 5565 cogn:

2099 5497 2143 5562 ἣν
2176 5492 2388 5569 ἀγάπην
2434 5513 2540 5566 μου
2570 5496 2765 5570 γνῶτε.
2805 5518 2825 5544 ι
2879 5494 2952 5552 Τὸ
2997 5493 3100 5573 γὰρ
3147 5491 3246 5567 ἐμὲ
3290 5490 3587 5568 ἀδημονεῖν
3615 5492 3710 5547 καὶ

276 5578 543 5646 sceretis.
568 5599 599 5629 »
628 5580 715 5636 Me
737 5578 1034 5651 siquidem
1058 5579 1289 5637 anxiari
1314 5595 1382 5637 ac
1403 5595 1657 5638 maerore
1683 5596 1751 5638 eo
1773 5598 1887 5655 quo

2100 5579 2473 5658 ιτατρύχεσθαι
2549 5579 2631 5661 ἐφ’
2691 5582 2777 5646 οἷς
2840 5583 2998 5657 ὑμεῖς
3084 5580 3442 5661 ἁμαρτάνετε,
3501 5578 3711 5662 δεῖγμα

346 5747 395 5787 1⁸
424 5748 584 5808 Infra
613 5767 713 5809 xu.
788 5748 836 5786 '°
867 5750 889 5808 Ι
920 5752 1055 5809 Cor.
1083 5766 1140 5819 v,
1169 5752 1224 5808 ε.
