4080 6378
301 339 417 399 937

1265 340 1666 403 COMMENT.
1716 341 1795 403 IN
1840 343 2088 405 EPIST.
2136 344 2188 404 Il
2235 344 2337 405 AD
2382 343 2746 406 CORINTH.

3609 345 3730 407 938

302 471 573 548 μεγίστης
627 469 844 546 ἀγάπης
900 470 1030 529 ἐστί.
1096 495 1121 528 ιι
1155 472 1562 550 Περισσοτέρως
1622 473 1698 537 εἷς
1734 474 1893 547 ὑμᾶς.
1926 498 1954 528 ››

2090 493 2170 534 ros
2200 478 2479 551 peccetis,
2507 477 2780 534 maxime!
2829 475 3119 533 indicium
3172 478 3263 533 est
3305 475 3612 537 charitatis
3661 494 3730 537 ec

300 557 520 630 Πλεῖον,
554 560 712 637 φησὶ,
771 566 879 617 τῶν
942 560 1155 618 λοιπῶν
1218 584 1323 637 μου
1387 565 1674 637 μαθητῶν.
1730 564 1965 639 Καίγᾶρ

302 647 509 704 πολλοὶ
541 650 728 705 πιστοὶ
758 652 893 720 ⁵ἦσαν
943 649 994 707 ἐν
1051 652 1291 727 Κορίνθῳ
1320 653 1409 708 καὶ
1443 649 1690 727 δόκιμοι.
1723 678 1749 705 (ι
1787 650 1967 711 Ἀλλὰ

305 737 413 793 ἀπὸ
475 739 699 811 μέρους,
747 737 837 794 ’ἕνα
892 740 969 813 μή
1029 734 1279 815 ἐπιϐαρῶ
1337 742 1538 804 πάντας
1599 741 1758 816 ὑμᾶς.
1810 765 1836 792 η
1897 774 1965 784 -

307 826 650 900 [ΘΕΟΔΩΡ.]
711 828 906 898 Μεῖζόν
968 850 1021 883 τι
1079 829 1250 885 εἰπεῖν
1308 826 1626 902 ἠϐουλήθη,
1675 832 1766 886 καὶ
1798 827 1966 901 δεῖξαι

305 919 413 971 πᾶν
447 913 510 970 τὸ
542 919 702 989 σῶμα
730 923 833 983 τῆς
883 917 1213 990 Ἐκκλησίας
1260 927 1598 990 κοινωνῆσαν
1626 927 1725 989 τῆς
1758 918 1964 991 λύπης,

308 1002 456 1059 ἀλλὰ
512 1005 641 1066 τοὺς
697 1003 905 1069 ἄλλους
959 1008 1183 1070 πιστοὺς
1238 1007 1577 1079 καταλιπὼν,
1628 1013 1736 1064 τῶν
1764 1014 1969 1083 Κοριν-

307 1092 440 1148 θίων
468 1092 839 1168 ἐμνημόνευσε
872 1096 1056 1169 μόνον.
1091 1100 1263 1154 Τοῦτο
1289 1099 1392 1172 γὰρ
1426 1095 1614 1170 δηλοῖ,
1645 1100 1728 1169 τὸ,
1762 1122 1790 1151 ‹‹
1826 1098 1966 1156 Ἀπὸ

311 1182 533 1258 μέρους.
565 1207 594 1236 ››
645 1186 775 1255 Κατ,
827 1211 855 1238 ‹‹
888 1192 1001 1241 Ἵνα
1056 1188 1133 1260 μὴ
1194 1183 1462 1263 ἐπιϐαρῶ.
1501 1214 1522 1239 ι
1563 1189 1693 1246 Εἶτα
1720 1190 1822 1260 τὴν
1853 1210 1966 1245 πα-

304 1274 501 1348 τρικὴν
535 1273 926 1351 φιλοστοργίαν
958 1283 1161 1353 γυμνοῖ
1201 1275 1398 1353 λέγων·
1458 1300 1479 1328 ι
1514 1280 1717 1335 Ἰκανὸν
1746 1284 1826 1352 τῷ
1852 1299 1971 1334 τοι-

313 1361 483 1435 ούτῳ,
544 1364 580 1431 ἡ
638 1361 891 1438 ἐπιτιμία
960 1362 1119 1436 αὕτη.
1181 1394 1204 1422 ι
1273 1366 1537 1424 Βούλιται
1595 1365 1683 1423 διὰ
1737 1367 1969 1434 τούτων,

313 1451 535 1527 ἀγάπην
593 1456 908 1528 κυρωθῆναι
971 1455 1046 1518 εἰς
1100 1456 1192 1511 τὸν
1253 1458 1684 1532 πεπορνευκότα,
1743 1456 1867 1532 περὶ
1908 1457 1970 1511 05

313 1538 546 1616 ἔγραψεν
605 1539 659 1597 ἐν
718 1546 786 1617 τῇ
843 1545 1036 1620 πρώτῃ
1097 1543 1420 1620 Ἐπιστολῇ.
1474 1546 1577 1603 Καὶ
1633 1547 1734 1621 γὰρ
1776 1548 1970 1609 πάντες

313 1630 477 1685 αὐτὸν
535 1635 669 1701 ἦσαν
726 1632 1187 1712 ἆποστραφὲντες,
1241 1640 1360 1696 ταῖς
1417 1634 1619 1691 τούτου
1669 1632 1968 1697 κελεύσεσι.

316 1721 420 1775 Καὶ
476 1719 589 1795 ὄρ»
628 1721 680 1776 τί
734 1728 906 1781 ποιεῖ.
968 1722 1274 1787 Κοινωνοῦς
1328 1724 1525 1787 αὐτοὺς
1585 1728 1821 1779 ποιεῖται
1870 1731 1973 1793 τῆς

318 1805 522 1879 λύπης,
555 1809 628 1872 ὡς
667 1815 827 1885 κοινῇ
886 1812 1099 1867 πάντων
1156 1813 1510 1882 λυπτ,θὲντων
1566 1811 1654 1867 ἐπὶ
1712 1818 1791 1886 τῷ
1819 1833 1967 1887 γενο-
2013 1852 2060 1917 Β

377 1898 389 1917 9
550 1899 570 1915 η
765 1902 776 1917 1
877 1909 903 1917 -
1002 1900 1025 1917 ᾗ
1060 1901 1084 1917 ᾗ
1175 1903 1187 1917 1
1553 1905 1564 1917 Ι
1767 1905 1777 1917 ο

325 1898 495 1973 μένῳ,
550 1899 638 1956 ἳνα
690 1902 779 1956 καὶ
837 1909 937 1973 τῆς
998 1900 1294 1978 διδομένης
1356 1905 1691 1982 συγγνώμης
1722 1905 1982 1982 γένωνται

324 1989 599 2058 κοινωνοὶ,
631 1991 721 2045 καὶ
753 2012 934 2070 φησιν.
985 1991 1049 2049 Εἰ
1100 1989 1159 2048 δὲ
1198 2014 1284 2056 τις
1314 1991 1619 2064 λελύπηκε,
1650 1993 1742 2048 τὸν
1774 2013 1984 2067 πεπορ-

324 2079 549 2133 νευκότα
581 2076 783 2157 λέγων,
846 2079 946 2137 οὐκ
1002 2080 1101 2154 ἐμὲ
1155 2081 1437 2153 λελύπηκε
1495 2081 1683 2151 μόνον,
1716 2079 1982 2137 ἀλλὰκαὶ

328 2167 469 2241 ὑμᾶς
501 2168 552 2222 ἐν
589 2170 762 2244 μὲρει.
821 2172 997 2227 Τοῦτο
1055 2171 1160 2248 γὰρ
1217 2171 1302 2241 τὸ,
1335 2196 1363 2224 ‹‹
1397 2172 1536 2227 Ἀπὸ
1578 2170 1796 2246 μέρους.
1832 2195 1861 2223 ››
1891 2171 1980 2228 Ἐν

328 2253 573 2331 μέρειδὲ
622 2257 799 2329 εἶπον,
858 2259 1042 2338 φησὶν,
1100 2259 1191 2315 ἳνα
1246 2261 1323 2335 μή
1382 2258 1653 2333 ἐπιϐαρῶ,
1683 2259 1981 2331 τουτέστιν,

324 2344 706 2418 ἐπιπαροξύνω
764 2351 878 2404 κατ’
954 2350 1120 2406 αὐτοῦ
1193 2351 1393 2413 πάντας
1460 2351 1621 2422 ὑμᾶς.
1680 2352 1750 2406 ’Ἠ
1808 2348 1983 2412 οὕτως

329 2438 449 2507 μεθ’
484 2431 812 2512 ὑπερϐατοῦ*
843 2436 1134 2510 Λελύπηκε
1166 2440 1304 2512 ὑμᾶς
1359 2437 1412 2494 ἔν
1475 2437 1647 2513 μέρει.
1714 2440 1892 2496 T0510
1924 2436 1983 2494 δὲ

324 2525 502 2593 εἷπον,
551 2527 638 2582 ἳνα
687 2528 763 2599 μὴ
812 2523 1132 2602 ἐπιϐαρήσω
1175 2531 1266 2584 τὸν
1313 2528 1740 2604 πεπορνευκότα,
1784 2533 1864 2601 τῷ
1893 2527 1981 2584 λέ·

319 2636 435 2689 γειν
464 2620 725 2672 τοσοῦτον
776 2618 906 2673 λαὸν
965 2619 1129 2674 αὐτὸν
1190 2617 1576 2688 λελυπηκέναι.
1614 2642 1643 2671 ‹‹
1671 2618 1873 2675 Ἱκανὸν
1902 2621 1982 2691 τῷ

315 2704 556 2778 τοιούτῳ
586 2706 621 2774 ἠ
657 2704 910 2780 ἐπιτιμία
942 2702 1100 2779 αὕτη.
1138 2731 1165 2758 ››
1219 2708 1318 2764 Διά
1365 2710 1527 2763 τοῦτο
1579 2708 1641 2763 τὸ
1682 2705 1858 2780 ὄνομα
1883 2706 1983 2761 αύ-

314 2796 412 2847 105
443 2790 571 2850 οὔτε
604 2791 739 2864 ἇίνω,
788 2791 911 2851 οὔτε
967 2792 1075 2851 ὧδε
1125 2795 1362 2867 τίθησιν,
1417 2797 1585 2852 αὐτοῦ
1639 2794 1979 2874 φειδόμενος,

320 2884 398 2956 μή
459 2904 578 2946 πως
632 2887 700 2957 τῇ
755 2883 1019 2957 ὀνομασίᾳ
1075 2885 1264 2953 αὐτοϋ,
1322 2885 1487 2942 πάλιν
1548 2884 1980 2962 ἀναζέσῃὸκατ’

318 2970 489 3028 αὐτοῦ
543 2978 654 3028 τῶν
715 2973 1019 3049 Κορινθίων
1085 2976 1279 3047 θυμός.
1343 2977 1495 3038 «Ὣς
1552 2996 1611 3029 τε
1665 2975 1976 3030 τούναντίον

325 3064 539 3135 μᾶλλον
575 3065 717 3136 ὑμᾶς
748 3076 1097 3140 χαρισασθαι.
1136 3090 1163 3117 ››
1216 3068 1304 3136 Μή
1359 3065 1546 3139 μόνον,
1577 3065 1731 3144 φησὶ,
1775 3063 1981 3136 λύσητε

322 3154 425 3221 τὴν
477 3150 816 3226 ἐπιτιμησιν,
877 3152 1025 3209 ἀλλὰ
1078 3155 1166 3209 καὶ
1226 3154 1635 3228 παρακαλέσατε
1673 3153 1854 3223 αὐτὸν,
1887 3155 1979 3210 καὶ

2079 566 2436 625 dilectionis.
2461 592 2486 618 υ
2519 568 2935 624 Abundantius
2956 584 3095 640 erga
3114 584 3235 623 vos.
3258 588 3283 618 ι
3321 568 3483 628 Plus.
3509 568 3728 640 inquit,

2077 675 2257 729 quam
2287 675 2425 731 erga
2455 663 2701 715 cmteros
2735 675 2897 715 meos
2954 659 3303 731 discipulos.
3351 661 3491 715 Nam
3556 658 3731 715 multi

2077 748 2387 804 credentes
2413 765 2481 805 ac
2500 749 2729 820 probati
2753 756 2924 805 erant
2945 749 3231 804 Corinthi.
3266 770 3283 793 -
3311 749 3423 805 Sed
3447 765 3517 804 ex
3540 755 3729 820 parte,

2076 852 2150 892 ne
2177 853 2484 910 aggravem
2547 854 2755 893 omnes
2780 855 2879 893 vos
2936 860 2963 887 »
3022 838 3207 908 Majus
3263 837 3491 909 aliquid
3530 837 3729 895 dicere

2075 924 2280 981 voluit.
2317 933 2377 981 et
2406 926 2721 982 ostendere
2762 932 2949 982 totum
2980 926 3259 982 Ecclesiae
3290 943 3505 998 corpus
3544 926 3733 999 parti-

2077 1030 2216 1085 ceps
2249 1030 2378 1070 esse
2402 1016 2673 1071 maeroris
2693 1032 2708 1082 ;
2732 1021 2794 1071 at
2821 1015 3053 1072 cmteris
3077 1015 3354 1071 fidelibus
3378 1015 3731 1087 praetermisc

2079 1103 2181 1170 sis,
2216 1105 2411 1160 solum
2444 1094 2716 1163 meminit
2762 1106 3245 1162 Corinthiorum:
3296 1106 3408 1161 hoc
3433 1105 3587 1161 enim
3635 1105 3726 1160 si-

2077 1193 2338 1265 gnificat,
2373 1218 2398 1244 «
2429 1197 2510 1250 Ex
2540 1202 2728 1267 parte,
2765 1215 2789 1246 υ
2817 1202 2892 1263 et,
2924 1218 2951 1246 ιι
2984 1197 3065 1251 Ne
3095 1211 3421 1269 aggravem.
3451 1216 3480 1245 »
3504 1193 3728 1251 Deinde

2080 1285 2369 1340 eximium
2426 1302 2494 1341 ac
2544 1292 2855 1357 paternum
2907 1300 3174 1341 amorem
3216 1284 3438 1358 detegit
3484 1284 3728 1340 dicens:

2083 1394 2112 1423 κ
2137 1372 2361 1428 Sufficit
2383 1373 2718 1430 istiusmodi
2740 1374 2967 1429 homini
3007 1375 3336 1447 increpatio
3369 1373 3513 1429 haec.
3543 1395 3571 1424 »
3597 1371 3734 1428 Vult

2083 1480 2188 1535 per
2217 1464 2342 1519 haec
2373 1454 2718 1520 charitate‘m
2754 1463 3097 1521 confirmari
3121 1480 3257 1537 erga
3278 1479 3413 1519 eum
3446 1464 3547 1535 qui
3581 1478 3736 1519 scor-

2085 1558 2240 1608 tatus
2270 1554 2486 1617 fuerat,
2514 1554 2585 1610 de
2621 1571 2738 1626 quo
2771 1554 2966 1626 priore
2999 1554 3240 1626 scripsit
3275 1554 3575 1625 Epistola:
3609 1568 3737 1608 om-

2084 1657 2193 1696 nes
2224 1640 2521 1712 siquidem
2545 1659 2613 1697 ex
2644 1643 2820 1710 hujus
2843 1648 3138 1714 praecepto
3160 1641 3397 1697 fuerant
3415 1657 3552 1696 eum
3572 1656 3740 1697 aver-

2091 1729 2223 1785 sati.
2258 1731 2328 1785 Et
2357 1730 2486 1786 vide
2544 1731 2689 1802 quid
2747 1738 2897 1804 agat.
2963 1731 3119 1786 610
3182 1730 3507 1802 Participes
3565 1727 3747 1784 efﬁcit

2090 1819 2254 1892 ipsos
2284 1820 2561 1889 tristitiae,
2588 1826 2874 1893 tanquam
2907 1820 3184 1877 omnibus
3215 1825 3457 1894 propter
3484 1819 3544 1875 id
3586 1816 3747 1891 quod

2092 1907 2313 1964 factum
2343 1908 2539 1965 fuerat
2563 1926 2634 1966 ex
2682 1928 2853 1982 coquo
2895 1911 3281 1981 contristatis,
3314 1915 3380 1965 ut
3425 1911 3605 1966 etiam
3643 1924 3746 1964 ve—

2092 1997 2206 2052 niae
2240 2014 2372 2068 qua)
2411 1998 2587 2055 datur
2638 1998 2784 2054 fiant
2840 2016 3077 2070 quoque
3136 1999 3476 2072 participes,
3510 2003 3569 2055 et
3618 1998 3740 2054 ait:

2072 2086 2257 2154 Quod
2280 2086 2329 2142 si
2353 2088 2487 2158 quis
2526 2089 2916 2157 contristavit,
2939 2089 3111 2144 illum
3135 2089 3339 2145 dicens
3370 2089 3471 2160 qui
3506 2093 3738 2143 scorta-

2093 2178 2186 2230 tus
2215 2174 2427 2246 fuerat,
2453 2192 2574 2232 non
2623 2194 2718 2233 me
2746 2178 3117 2234 contristavit
3165 2179 3381 2246 solum,
3415 2177 3517 2233 sed
3550 2182 3608 2232 et
3636 2192 3738 2233 vos

2093 2264 2153 2318 in
2177 2269 2374 2336 parte:
2411 2282 2553 2322 nam
2580 2267 2691 2323 hoc
2713 2267 3032 2340 significat,
3067 2292 3093 2318 «
3128 2269 3195 2323 In
3217 2273 3443 2340 parte.»
3470 2269 3537 2322 In
3568 2271 3738 2338 parte

2091 2360 2289 2409 autem
2312 2354 2453 2417 dixi.
2480 2357 2693 2428 inquit,
2716 2374 2790 2414 ne
2813 2373 3139 2431 aggravem,
3166 2359 3278 2414 hoc
3307 2363 3416 2424 est,
3457 2357 3738 2413 adversus

2090 2442 2263 2498 illum
2305 2445 2653 2501 exacerbem
2684 2463 2893 2503 omnes
2940 2464 3061 2504 vos.
3094 2450 3208 2503 Aut
3254 2448 3365 2503 hoc
3395 2446 3570 2502 modo
3603 2461 3741 2501 cum

2092 2531 2419 2604 hyperbato
2445 2551 2458 2589 :
2492 2535 2875 2593 Contristavit
2902 2553 3109 2594 omnes
3138 2554 3243 2593 vos
3282 2537 3346 2594 in
3372 2542 3578 2608 parte;
3627 2535 3742 2592 hoc

2089 2629 2289 2677 autem
2322 2623 2465 2681 dixi.
2503 2642 2577 2681 ne
2610 2643 2745 2681 eum
2778 2627 2881 2699 qui
2913 2632 3206 2684 scortatus
3235 2626 3431 2682 fuerat
3478 2641 3745 2700 aggrava-

2088 2727 2240 2777 rem,
2272 2712 2525 2769 dicendo
2556 2714 2748 2787 ipsum
2772 2716 3156 2773 contristasse
3175 2722 3406 2772 tantum
3432 2715 3742 2788 populum.

2091 2823 2118 2852 ‹‹
2180 2801 2413 2858 Sufﬁcit
2462 2804 2799 2861 istiusmodi
2856 2806 3086 2862 homini
3143 2806 3473 2879 increpatio
3532 2805 3676 2862 hinc.
3713 2825 3742 2856 η

2089 2892 2411 2963 Propterea
2442 2910 2638 2965 neque
2661 2896 2935 2966 superius
2966 2912 3161 2967 neque
3184 2912 3345 2953 nunc
3367 2910 3589 2952 nomen
3609 2896 3740 2965 ejus

2089 2981 2354 3051 apponit,
2389 2989 2662 3039 metuens
2703 3000 2776 3041 ne
2808 3002 2925 3056 quo
2957 2985 3134 3040 modo
3168 2985 3296 3057 ejus
3338 2983 3740 3056 appellatione

2085 3082 2324 3125 rursum
2357 3071 2766 3129 effervesceret
2808 3074 3091 3130 adversus
3130 3090 3265 3129 eum
3296 3073 3737 3130 Corinthiorum

2084 3158 2342 3227 animus,
2380 3182 2400 3208 ι
2440 3161 2511 3216 Ut
2541 3178 2571 3217 e
2630 3162 2859 3219 diverso
2908 3163 3095 3237 magis
3144 3163 3515 3219 condonetis.
3546 3184 3576 3212 »
3607 3163 3736 3219 Non

329 3240 387 3294 ‘ev
418 3243 487 3313 τῇ
538 3243 770 3319 προτέρᾳ
826 3238 985 3322 ἔχετε
1038 3244 1205 3317 τάξει.
1259 3242 1532 3300 Ἐναντίον
1577 3243 1682 3320 γὰρ
1732 3246 1766 3313 ἡ
1806 3244 1977 3319 παρά-

2090 3246 2302 3316 solum,
2333 3248 2549 3321 inquit,
2570 3252 3041 3324 increpationem
3063 3253 3295 3323 solvite,
3325 3269 3529 3308 verum
3552 3251 3734 3307 etiam

332 3327 529 3400 κλησις
560 3338 654 3401 τῆς
683 3332 1078 3406 ἐπιτιμήσεως.
1136 3336 1273 3410 Ὅρα
1331 3331 1408 3388 δέ.
1466 3335 1579 3390 Ἵνα
1613 3333 1688 3407 μὴ
1719 3332 1916 3407 νομίσῃ
1950 3334 1978 3388 ὁ

329 3422 711 3496 πεπορνευκὼς
763 3424 965 3485 ἱκανῶς
1028 3424 1498 3496 μετανενοηκὲναι,
1528 3422 1618 3478 καὶ
1649 3427 1746 3478 τοῦ
1778 3422 1979 3478 λοιποῦ

323 3509 700 3586 ῥᾳθυμότερος
732 3511 977 3588 γένηται,
1011 3513 1166 3587 φησὶ·
1231 3538 1259 3566 ‹‹
1295 3511 1653 3587 Χαρίσασθαι,
1688 3535 1716 3563 ››
1775 3512 1841 3568 Εἰ
1887 3523 1978 3568 καί

325 3601 402 3673 μή
435 3599 602 3670 ἄξιος,
631 3600 820 3681 φησὶν,
879 3600 989 3657 ἐστὶ
1049 3596 1237 3657 λαϐεῖν
1297 3602 1433 3657 κατᾶ
1462 3600 1690 3681 ὀφειλὴν
1719 3602 1818 3669 τὴν
1850 3621 1980 3676 συγ-

321 3690 576 3765 γνώμην,
631 3692 706 3763 μή
768 3712 886 3753 πως
941 3694 1010 3765 τῇ
1070 3690 1431 3765 περισσοτέρᾳ
1491 3688 1639 3764 λύπῃ
1672 3693 1977 3763 καταποθῇ,

320 3778 393 3840 ὡς
428 3779 455 3833 ὁ
490 3776 698 3844 Ἰούδας
754 3778 861 3835 ἀπὸ
913 3787 1013 3849 τῆς
1072 3781 1311 3854 ἀμέτρου
1338 3778 1542 3850 λύπης.
1579 3808 1605 3831 ιι
1633 3782 1702 3836 "H
1735 3799 1979 3834 καταποο

320 3868 386 3943 θῃ
424 3867 531 3923 ὐπὸ
577 3872 676 3924 τοῦ
737 3874 1025 3926 Σατανᾶ.»
1084 3869 1262 3940 Δηλοῖ
1308 3866 1366 3925 δὲ
1420 3867 1588 3925 αὖτοῦ
1620 3869 1852 3947 ἄφθονον
1879 3868 1978 3938 τήν

323 3955 525 4030 λύπην.

2088 3337 2480 3394 consolemini
2513 3357 2671 3409 eum,
2703 3348 2762 3397 et
2790 3342 2853 3397 in
2883 3342 3069 3415 priori
3101 3342 3310 3400 ordine
3340 3359 3409 3398 ac
3451 3341 3740 3416 dignitate

2088 3426 2384 3483 habetote.
2403 3430 2544 3485 Nam
2567 3432 2841 3503 opposita
2857 3437 2948 3488 est
2967 3432 3297 3488 consolatio
3319 3430 3742 3504 increpationi.

2091 3514 2415 3571 Considera
2440 3534 2597 3587 vero,
2632 3519 2792 3590 quod
2824 3536 2898 3575 ne
2930 3520 3287 3576 existimetis
3318 3519 3419 3591 qni
3470 3525 3745 3592 stuprum

2091 3603 2469 3661 commiserat
2499 3624 2561 3662 se
2593 3607 2963 3663 sufﬁcienter
2994 3608 3405 3681 pmnitentiam
3433 3608 3646 3682 egisse,
3674 3623 3745 3664 ac

2092 3691 2175 3745 ita
2213 3691 2496 3766 deinceps
2554 3696 2793 3769 segnior
2837 3698 3025 3767 fieret,
3070 3698 3184 3753 ait:
3219 3719 3248 3747 ‹‹
3301 3696 3681 3752 Condonetis.
3717 3716 3746 3746 »ι

2091 3787 2233 3845 Etsi.
2268 3783 2479 3855 inquit.
2515 3787 2727 3860 dignus
2760 3804 2881 3843 non
2912 3793 3003 3843 est
3034 3788 3133 3858 qui
3169 3793 3451 3858 tanquam
3484 3786 3746 3842 debitam

2091 3874 2344 3946 accipiat
2364 3876 2618 3940 veniam,
2645 3894 2744 3931 vos
2767 3882 2965 3932 tamen
2984 3875 3422 3935 condonate.ne
3445 3872 3745 3946 quomodo

2092 3965 2280 4021 nimia
2307 3964 2695 4021 absorbeatur
2722 3965 2985 4034 tristitia,
3027 3963 3534 4036 quemadmodum
3562 3962 3745 4019 Iudas

324 4048 398 4105 ab
428 4049 750 4107 immodico
781 4067 1055 4108 maerore.
1095 4071 1116 4102 ι
1150 4051 1257 4109 Vel
1304 4050 1694 4107 absorbeatur
1721 4066 1756 4106 a
1803 4050 2038 4107 Satana.
2073 4074 2098 4103 ››
2153 4053 2452 4127 Significat
2472 4060 2672 4111 autem
2711 4054 3116 4111 abundantem
3167 4054 3331 4111 illius
3372 4053 3641 4111 dolorem
3673 4067 3745 4110 ac

323 4138 572 4196 luctum.

395 4228 490 4282 Διὸ
546 4226 851 4302 παρακαλῶ
920 4231 1085 4304 ὑμᾶς,
1150 4234 1392 4305 κυρῶσαι
1452 4227 1527 4291 εἰς
1598 4228 1762 4284 αὐτὸν
1842 4227 1980 4303 ἀγά-

322 4336 454 4387 πην.
516 4315 614 4381 Εἰς
667 4321 835 4374 τοῦτο
894 4320 1000 4396 γὰρ
1067 4312 1298 4393 ἔγραψα,
1355 4319 1443 4374 ἳνα
1494 4322 1610 4393 γνῶ
1669 4319 1769 4386 τὴν
1826 4314 1978 4372 δοκι-

328 4406 436 4476 μῆν
498 4405 675 4480 ὑμῶν,
736 4406 783 4461 εἰ
837 4407 911 4471 εἷς
971 4410 1145 4463 πάντα
1202 4408 1436 4478 ὑπήκοοί
1497 4407 1635 4463 ἐστε.
1692 4407 1761 4485 ’ῼ
1816 4403 1875 4461 δὲ
1921 4427 1974 4462 τι

323 4493 633 4570 χαρίζεσθε⁵
661 4495 752 4551 καὶ
784 4495 914 4571 ἐγώ.
950 4498 1052 4554 Καὶ
1086 4497 1191 4575 γὰρ
1249 4496 1381 4574 ἐγὼ,
1432 4497 1481 4553 εἲ
1533 4519 1587 4553 τι
1622 4497 1980 4573 κεχάρισμαι,

322 4585 368 4658 ᾧ
424 4587 782 4661 κεχάρισμαι,
839 4585 909 4643 δι’
971 4588 1110 4661 ὑμᾶς
1166 4587 1218 4643 ἐν
1277 4589 1561 4665 προσώπῳ
1602 4593 1862 4664 Χριστοῦ,
1893 4589 1980 4644 ἳνα

326 4673 404 4745 μὴ
437 4672 924 4749 πλεονεκτηθῶμεν
982 4675 1086 4732 ὑπό
1135 4680 1234 4732 τοῦ
1289 4679 1524 4733 Σατανᾶ.
1557 4675 1634 4734 Οὐ
1678 4677 1783 4752 γὰρ
1814 4676 1980 4733 αὐτοῦ

322 4766 423 4834 νοτε
433 4785 575 4838 ματα
607 4762 933 4842 ἂγνοοῦμεν.

398 4954 513 5012 Οὐκ
540 4951 618 5011 ἔτι
672 4958 746 5019 ὡς
806 4955 1136 5022 διδάσκαλος
1194 4958 1433 5029 κελεύει,
1486 4957 1719 5022 ἀλλ’ὡς
1753 4961 1983 5034 συνήγο-

327 5065 423 5121 ρος
477 5043 732 5109 δικαστὰς
787 5046 1113 5123 παρακαλεῖ.
1179 5073 1200 5103 ι
1240 5054 1487 5124 κυρῶσαι
1532 5049 1608 5111 εἰς
1656 5047 1814 5104 αὐτὸν
1848 5047 1985 5126 ἀγα-

323 5156 459 5205 πην.
496 5161 524 5187 ››
554 5139 646 5205 Μὴ
676 5135 894 5207 ἁπλῶς,
952 5137 1100 5193 ἀλλᾶ
1156 5139 1395 5213 παγίως.
1431 5138 1704 5214 Μεγίστην
1735 5135 1793 5193 δὲ
1821 5141 1984 5194 10510

322 5224 562 5280 δείκνυσι
619 5228 914 5305 Κορινθῖων
972 5229 1190 5303 ἆρετὴν,
1255 5229 1340 5284 ὅτι
1399 5229 1575 5291 οὕτως
1635 5222 1985 5303 μετεϐλήθη·

320 5336 440 5385 σαν,
476 5313 551 5379 ὥς
604 5338 665 5373 τε
713 5317 795 5396 ἐφ’
826 5317 873 5391 ᾧ
927 5320 1195 5395 πρότερον
1253 5316 1596 5397 ἐφυσιοῦντο,
1627 5343 1654 5369 (ι
1693 5319 1795 5375 Καὶ
1831 5317 1985 5389 ὑμεῖς

316 5405 444 5480 γαρ,
503 5407 639 5485 φησὶ
697 5409 1107 5481 πεφυσιωμένοι
1165 5407 1305 5476 ἐστὲ,
1340 5432 1370 5460 ››
1425 5411 1517 5462 νῦν
1550 5401 1752 5483 ἔχθραν
1785 5407 1988 5461 ἄσπον-

319 5491 411 5549 δον
444 5495 612 5575 ἔχειν.
681 5520 708 5552 α
755 5498 874 5554 ’Ἵνα
930 5502 1041 5575 γνῶ
1100 5499 1200 5568 την
1252 5495 1487 5571 δοκιμὴν
1519 5497 1696 5571 ὑμῶν.
1731 5521 1760 5549 υ
1786 5492 1903 5564 Τὴν
1935 5493 1988 5551 ἐν

313 5589 385 5660 τῇ
416 5586 632 5662 ὑπακοῇ
663 5585 946 5660 δηλονότι.
981 5611 1012 5640 ‹‹
1045 5588 1137 5650 Εἷς
1167 5593 1331 5644 τοῦτο
1360 5588 1462 5664 γὰρ
1498 5585 1731 5664 ἔγραψα,
1764 5611 1793 5641 ››
1822 5606 1986 5643 τουτ-

334 5743 345 5750 ο
388 5715 662 5773 “ICor.
695 5734 748 5787 ν,
783 5719 837 5772 2.
1274 5780 1285 5789 ,

606 5837 873 5902 ΡΑτιιοι..
919 5839 1036 5899 Gn.
1082 5834 1344 5902 CXVIII.

2169 4236 2238 4303 II,
2281 4239 2434 4292 5—H.
2479 4239 2839 4308 Quapropter
2894 4236 3110 4292 obsecro
3165 4251 3258 4292 vos
3314 4238 3630 4306 conﬁrmato
3672 4237 3747 4290 in

2095 4324 2256 4381 illum
2285 4327 2637 4383 charitatem.
2668 4327 2733 4381 In
2765 4325 2864 4382 hoc
2903 4327 3048 4381 enim
3091 4324 3288 4397 scripsi
3316 4331 3378 4381 ut
3429 4339 3747 4396 cognoscam

2087 4416 2472 4485 probationem
2510 4418 2695 4483 vestri,
2753 4433 2827 4471 an
2883 4416 2958 4471 ad
2998 4417 3185 4472 omnia
3242 4415 3548 4470 obedientes
3600 4415 3743 4470 sitis.

2015 4497 2061 4559 Ι)
2095 4505 2197 4560 Cui
2224 4521 2352 4560 vero
2399 4506 2719 4561 condonetis
2761 4505 2983 4576 aliquid
3038 4511 3092 4560 et
3146 4520 3248 4575 ego
3296 4505 3562 4560 condono.
3612 4502 3750 4559 Nam

2089 4599 2143 4648 et
2191 4610 2291 4664 ego
2330 4593 2380 4649 si
2428 4594 2566 4664 quid
2622 4594 2945 4662 condonavi,
3006 4596 3097 4649 cui
3128 4592 3458 4660 condonavi,
3510 4597 3750 4662 propter

2089 4699 2182 4739 vos
2211 4684 2521 4738 condonavi
2574 4685 2634 4738 in
2654 4698 2895 4754 persona
2943 4682 3173 4741 Christi.
3219 4698 3287 4736 ne
3342 4677 3751 4736 circumvenia-

2089 4789 2214 4828 mur
2243 4789 2279 4827 a
2299 4772 2528 4828 Satana.
2560 4775 2680 4829 Non
2728 4774 2876 4827 enim
2904 4770 3057 4827 illius
3102 4768 3465 4840 cogitationes
3511 4770 3745 4838 ignora-

2090 4877 2231 4918 mus.

2163 4952 2290 5007 Jam
2317 4966 2436 5005 non
2468 4955 2535 5005 ut
2567 4953 2896 5021 prmceptor
2934 4946 3126 5021 jubet,
3161 4946 3264 5003 sed
3313 4949 3597 5018 tanquam
3649 4960 3747 5017 pa-

2094 5046 2300 5096 tronus
2323 5038 2558 5112 judices
2585 5038 2957 5110 deprecatur.
2995 5058 3022 5089 ιι
3071 5035 3430 5093 Confirmate
3479 5053 3540 5091 in
3569 5034 3745 5093 illum

2094 5131 2466 5188 charitatem.
2502 5149 2527 5180 ι
2576 5130 2701 5183 Non
2732 5134 3056 5199 utcunque,
3104 5125 3208 5182 sed
3258 5125 3530 5181 ﬁrmiter.
3557 5124 3745 5181 Maxi-

2097 5238 2255 5277 mam
2284 5228 2482 5276 autem
2514 5218 2955 5274 Corinthiorum
2977 5215 3240 5272 ostendit
3261 5216 3560 5281 virtutem,
3586 5213 3747 5287 quod

2096 5310 2244 5367 adeo
2275 5308 2573 5365 immutati
2595 5312 2814 5370 essent,
2837 5313 2905 5362 ut
2925 5306 2997 5362 de
3028 5322 3145 5378 quo
3168 5305 3333 5377 prius
3356 5304 3548 5361 inﬂati
3579 5308 3752 5360 erant

2098 5418 2165 5457 ac
2196 5417 2326 5457 sese
2376 5397 2687 5471 jactabant
2739 5405 2924 5467 (nam,
2964 5420 2984 5443 ι
3017 5397 3086 5450 Et
3135 5411 3259 5460 vos,
3295 5395 3511 5467 inquit,
3557 5391 3751 5450 inflati

2099 5490 2242 5547 estis
2263 5489 2395 5561 ην),
2419 5505 2579 5545 nunc
2597 5487 2800 5543 odium
2820 5483 3315 5542 irreconciliabile
3334 5484 3753 5555 conceperant.

2101 5604 2131 5635 ‹‹
2164 5583 2236 5639 Ut
2264 5592 2619 5654 cognoscam
2663 5575 3086 5649 probationem
3133 5575 3334 5632 vestri.
3369 5596 3399 5626 »
3448 5575 3597 5631 Puta
3625 5582 3759 5643 qua

3396 5820 3477 5883 80
