4080 6384
369 362 484 423 939

1477 361 1663 424 (ΕΟΠ
1677 360 1897 422 ΜΕΝῐῐ
1943 357 2250 420 ΤΗΙΕΟιΕ
2292 360 2674 424 EDISCOP‘I.

3662 355 3787 425 940

366 495 431 551 in
464 493 802 551 obedientia
830 493 1119 550 consistit.
1169 516 1197 545 «
1233 495 1298 549 In
1342 495 1454 551 hoc
1502 495 1664 551 enim
1714 493 1945 565 scripsi.

2124 486 2258 561 ἔστι,
2318 489 2407 547 διὰ
2457 497 2620 549 τοῦτο
2684 489 2897 570 ἔγραψα
2955 493 3083 567 ὑμῖν
3150 497 3341 561 ταῦτα,
3398 492 3488 549 ’ίνα
3540 500 3675 570 γνῶ,
3740 494 3789 549 εἰ

366 584 513 640 Cll
553 585 672 639 Hoc
701 590 809 652 est,
841 590 1156 657 prOpterea
1186 584 1311 640 haec
1343 585 1553 657 scripsi
1604 584 1793 651 vobis,
1824 590 1889 637 ut
1920 598 2011 637 co-

354 690 642 745 gnoscam
674 679 873 728 utrum
932 674 1085 730 sicut
1114 673 1362 729 audistis
1411 691 1528 738 me,
1588 680 1645 728 et
1687 689 1790 727 vos
1847 672 2010 743 ipsos

362 770 431 827 ab
463 770 567 826 illo
598 771 939 842 separastis,
986 772 1069 826 ita
1107 788 1341 843 quoque
1374 773 1434 827 in
1465 773 1575 827 hoc
1623 787 1715 826 me
1747 768 2007 825 audituri

360 862 490 917 sitis
526 867 593 916 ut
620 860 790 916 illum
840 862 1161 933 recipiatis.
1198 864 1317 917 Hoc
1363 862 1693 934 significat:
1729 883 1754 909 α
1803 862 1891 913 An
1934 857 2007 913 ad

292 1005 296 1009 .
356 951 559 1007 omnia
591 951 940 1008 obedientes
994 952 1141 1008 sitis.
1178 974 1204 1002 »
1242 958 1443 1025 Itaque
1492 969 1612 1008 non
1654 951 1845 1007 solum
1874 966 2006 1021 pro-

350 1049 487 1114 pter
516 1042 681 1099 illius
735 1042 988 1098 salutem
1020 1059 1094 1098 ne
1134 1043 1321 1099 nimia
1358 1042 1779 1099 absorberetur
1826 1040 2006 1096 tristi-

357 1130 461 1198 tia,
494 1129 771 1202 scripsit:
822 1146 1024 1189 verum
1086 1131 1265 1186 etiam
1297 1131 1598 1187 adhortari
1650 1147 1749 1186 eos
1778 1129 1903 1183 vult
1931 1126 2008 1184 ad

356 1218 777 1275 obediendum.

424 1340 452 1369 ‹‹
499 1318 604 1373 Cui
654 1334 787 1373 vero
838 1319 1195 1375 condonatis
1245 1319 1495 1391 aliquid.
1532 1341 1561 1369 »
1610 1318 1753 1373 Vide
1803 1322 2003 1373 autem

345 1407 505 1479 quod
536 1408 696 1480 ipsos
725 1408 919 1478 primo
949 1408 1079 1464 loco
1114 1409 1513 1478 collocaverit,
1547 1425 1609 1464 se
1640 1408 1833 1480 ipsum
1864 1424 2001 1463 vero

341 1497 403 1550 in
457 1495 868 1568 subsequenti.
941 1497 1164 1552 Deinde
1225 1504 1448 1563 autem,
1512 1514 1586 1552 ne
1643 1496 2001 1552 audientes:

344 1607 373 1633 «
404 1583 511 1639 Cui
540 1600 676 1640 vero
708 1584 1063 1640 condonatis
1110 1585 1359 1657 aliquid,
1396 1608 1423 1635 »
1449 1586 1723 1641 dominos
1756 1600 1817 1639 se
1872 1600 1999 1639 esse

343 1672 711 1729 arbitrentur
734 1674 808 1729 ad
842 1673 1268 1730 dimittendum
1302 1681 1359 1729 et
1389 1692 1509 1730 non
1555 1674 1997 1742 dimittendum,

344 1762 606 1833 seipsum
647 1778 882 1834 quoque
915 1762 1191 1836 adjungit
1239 1763 1512 1829 dicendo,
1547 1786 1573 1812 ‹‹
1610 1764 1679 1817 Et
1708 1779 1835 1834 ego.
1870 1783 1898 1811 »
1935 1792 2000 1803 —

2118 578 2221 658 ἄρα
2252 580 2436 658 ὥσπερ
2495 583 2769 653 ἠκούσατέ
2826 604 2930 657 μου
3016 583 3108 639 καὶ
3188 583 3499 657 ἀπεκόψατε
3556 583 3792 649 ἑαυτοὺς

2118 672 2209 726 ἀπ’
2240 670 2428 742 αὐτοῦ,
2484 673 2595 727 οῧω
2659 694 2766 747 μου
2818 672 3112 738 ἀκούσεσθε
3166 674 3254 729 καὶ
3300 673 3376 736 εἷς
3432 673 3495 729 τὸ
3527 670 3780 744 δέξασθαι

2115 758 2296 815 αὐτόν.
2330 764 2505 816 Τοῦτο
2538 759 2708 837 λέγει,
2765 785 2793 812 u
2828 761 2889 816 Ei
2947 761 3024 824 εἷς
3083 764 3256 817 πάντα
3295 763 3535 833 ὑπήκοοί
3569 762 3712 821 ἐστε.
3748 785 3780 816 ››

2116 850 2219 905 Καὶ
2250 851 2429 906 τοιού
2493 852 2659 923 μόνον
2720 849 2807 906 διὰ
2862 852 2962 920 τήν
3021 852 3227 907 ἐκείνου
3271 852 3549 927 σωτηρίαν
3579 852 3667 907 ’ἱνα
3702 855 3781 927 μὴ

2114 941 2181 1011 τῇ
2240 936 2599 1015 περισσοτέρᾳ
2658 939 2805 1016 λύπῃ
2859 943 3166 1015 καταποθῇ,
3228 940 3476 1019 ἔγραψεν,
3507 940 3656 997 ἀλλὰ
3684 943 3776 999 καὶ

2112 1029 2523 1104 προτρέψασθαι
2555 1028 2754 1092 αὐτοὺς
2783 1031 2921 1107 πρὸς
2952 1030 3015 1085 τὸ
3045 1032 3330 1100 πεισθῆναι
3364 1029 3645 1107 βούλεται.

2189 1329 2210 1358 ι
2244 1314 2308 1387 ’ῼ
2339 1306 2396 1365 δὲ
2425 1330 2474 1365 τι
2511 1311 2818 1387 χαρίζεσθε.
2851 1334 2881 1360 ν
2913 1312 3076 1390 Ὅρα,
3109 1314 3309 1381 αὐτοὺς
3344 1319 3439 1393 μὶν
3482 1318 3534 1375 ἐν
3566 1338 3786 1392 πρωτο.

2108 1402 2265 1475 τύπῳ
2294 1403 2549 1478 τέταχεν,
2582 1402 2769 1458 ἑαυτὸν
2803 1400 2860 1458 δὲ
2905 1402 2957 1458 ἐν
2987 1409 3375 1482 παρεπομένῳ.
3409 1407 3547 1465 Εἶτα
3570 1405 3666 1463 ’ίνα
3699 1407 3777 1480 μὴ

2109 1491 2453 1559 ἀκούσαντες,
2491 1516 2519 1543 ‹‹
2577 1490 2622 1564 ᾧ
2655 1490 2713 1547 δέ
2743 1514 2793 1548 τι
2826 1493 3138 1569 χαρίζεσθε,
3175 1520 3202 1547 ››
3259 1497 3441 1574 κύριοι
3471 1497 3777 1571 νομίσωσιν

2108 1581 2244 1636 εἶναι
2274 1585 2371 1637 τοῦ
2405 1580 2665 1637 ἀπολύειν
2694 1584 2782 1638 καὶ
2821 1584 2920 1656 μὴ,
2952 1586 3043 1639 καὶ
3084 1585 3272 1642 ἑαυτὸν
3313 1587 3660 1663 προστίθησι,
3690 1589 3774 1658 τῷ

2107 1670 2300 1737 εἰπεῖν,
2332 1695 2351 1719 α
2379 1670 2474 1726 Καὶ
2501 1668 2610 1748 ἐγὼ
2636 1696 2663 1723 ››
2686 1705 2754 1715 -
2778 1696 2805 1723 ι(
2838 1674 2918 1727 Δι’
2947 1674 3086 1747 ὑμᾶς
3110 1672 3715 1754 δὲ,φησί,κεχάρισμαι.
3744 1698 3776 1728 ››

2107 1756 2293 1817 Ἦδειν
2328 1760 2431 1837 γὰρ
2465 1757 2832 1835 χαριζόμενος
2876 1761 2965 1817 καὶ
3020 1764 3147 1835 ὑμῖν
3180 1764 3242 1820 ἐκ
3269 1765 3488 1822 τούτου.
3524 1766 3663 1823 Εἶτα
3687 1763 3715 1818 ’ί
3746 1785 3780 1819 α

341 1874 370 1902 ‹‹
404 1854 655 1923 Propter
683 1869 782 1907 vos
832 1859 1033 1907 autem
1085 1853 1436 1918 condonavi,
1467 1875 1495 1902 ››
1549 1851 1761 1923 inquit.
1817 1852 1977 1906 lntel

2113 1849 2188 1920 μὴ
2221 1849 2458 1922 νομισθῇ
2507 1845 2577 1902 δι’
2634 1847 2956 1923 ἀνθρώπους
3017 1853 3528 1929 συγκεχωρηκέναι,
3559 1851 3774 1929 ἐπάγει,

340 1941 607 1997 lexeram
666 1941 825 1997 enim
895 1959 989 1998 me
1049 1960 1120 1998 ex
1177 1944 1288 1998 hoc
1346 1944 1471 1999 fore
1530 1943 1695 1997 vobis
1743 1948 1996 2014 gratum.

350 2030 571 2085 Deinde
628 2047 702 2086 ne
762 2032 1106 2087 existiment
1166 2039 1410 2104 propter
1465 2032 1739 2087 homines
1800 2031 1997 2101 ipsum

343 2120 567 2191 aliquid
594 2122 985 2190 condonasse,
1010 2124 1319 2196 subjungit
1342 2141 1355 2178 :
1381 2146 1408 2173 ‹‹
1441 2125 1506 2177 In
1540 2138 1798 2194 persona
1830 2122 1999 2176 Chri-

337 2209 431 2264 sti.
468 2235 491 2263 ι
530 2211 648 2265 Hoc
680 2217 787 2275 est.
818 2212 1150 2268 secunium
1181 2214 1483 2268 Christum
1513 2212 1626 2267 hoc
1658 2211 1903 2277 faciens,
1941 2216 1999 2266 et

338 2303 623 2370 tanquam
654 2300 715 2354 in
740 2309 1064 2373 conspectu
1095 2302 1311 2358 Christi
1344 2302 1456 2358 hoc
1482 2318 1686 2369 agens.
1718 2304 1853 2368 Aut,
1878 2325 1904 2350 ‹‹
1931 2302 1995 2355 In
2067 2359 2073 2367 ,

339 2404 598 2460 persona
626 2390 865 2451 Christi,
898 2411 927 2441 »
961 2391 1070 2447 hoc
1112 2397 1220 2459 est,
1262 2392 1336 2447 ad
1384 2392 1635 2464 gloriam
1684 2389 1898 2445 Christi
1931 2396 1998 2444 ut

342 2477 533 2549 ipsius
558 2494 780 2534 nomen
813 2486 871 2534 et
900 2497 1017 2552 per.
1042 2498 1158 2537 ona
1196 2481 1267 2536 de
1298 2481 1665 2554 benignitate
1697 2481 1994 2553 glorifica-

337 2573 524 2622 retur.
559 2567 863 2639 Siquidem
907 2570 1097 2640 gloria
1145 2571 1360 2626 Christi
1411 2576 1502 2626 est
1534 2586 1776 2625 suorum
1825 2570 1993 2625 beni-

336 2657 531 2729 gnitas
561 2657 1012 2729 discipulorum.
1043 2661 1100 2714 Si
1134 2677 1271 2732 ergo
1314 2660 1471 2732 quod
1504 2660 1590 2727 ﬁt,
1639 2659 1713 2714 ad
1742 2659 1993 2732 gloriam

339 2746 553 2802 Christi
587 2746 689 2802 ﬁt:
742 2749 1041 2819 quomodo
1090 2750 1339 2822 potestis
1363 2767 1483 2805 non
1532 2751 1839 2820 ignoscere
1890 2754 1994 2804 aut

336 2839 511 2895 illum
542 2857 662 2895 non
708 2842 1017 2914 recipere?
1063 2865 1089 2893 α
1125 2843 1188 2897 In
1234 2859 1490 2915 persona
1534 2842 1772 2897 Christi.
1813 2864 1833 2891 ι
1874 2843 1990 2898 Hoc

334 2934 442 2997 est,
476 2928 549 2984 ad
575 2929 823 3003 gloriam
854 2931 1091 2993 Christi,
1128 2938 1231 2987 aut
1258 2938 1541 3003 tanquam
1576 2931 1702 3003 ipso
1756 2930 1985 2984 Christo

326 3018 507 3073 etiam
534 3019 647 3073 hoc
670 3018 943 3089 jubente,
973 3020 1132 3091 quod
1158 3021 1538 3092 potissimum
1560 3020 1646 3075 eis
1670 3019 1984 3091 persuasit.

324 3126 352 3156 ‹‹
386 3108 465 3162 Ne
496 3107 1038 3164 circumveniamur
1069 3126 1103 3164 a
1134 3110 1369 3165 Satana.
1408 3132 1435 3161 ››
1470 3110 1610 3177 Hoc,
1644 3108 1861 3178 inquit,
1895 3106 1983 3161 di-

320 3212 389 3251 co
418 3212 490 3251 ne
517 3212 552 3251 a
573 3197 791 3252 Satana
819 3197 1207 3269 decipiamur.
1244 3200 1410 3266 Nam,
1465 3199 1511 3252 si
1563 3199 1643 3253 ita
1675 3197 1982 3267 relinque-
2011 3226 2055 3293 ο

323 3290 490 3339 retur
519 3291 578 3339 et
607 3286 796 3340 nimia
829 3286 1071 3342 tristitia
1101 3287 1539 3353 absorberetur,
1590 3286 1858 3342 futurum
1892 3301 1975 3339 es-

324 3379 415 3428 set
443 3380 573 3429 uta
616 3374 853 3431 diabolo
893 3377 1493 3432 circumveniremur:
1537 3376 1639 3432 ille
1681 3375 1976 3446 siquidem

322 3462 561 3532 rapiens
582 3463 742 3533 quod
764 3480 936 3519 suum
962 3482 1082 3520 non
1106 3471 1283 3531 esset,
1306 3466 1524 3520 Christi
1545 3481 1782 3536 gregem
1807 3463 1978 3519 dimi-

318 3558 552 3620 nueret,
577 3559 862 3626 etcorpus
890 3562 1160 3611 nostrum
1182 3556 1530 3628 dissiparet;
1568 3571 1777 3611 omnes
1807 3570 1974 3610 nam-

318 3658 433 3713 que
457 3643 709 3698 invicem
733 3644 1001 3701 membra
1023 3646 1185 3700 estis.
1212 3669 1237 3695 ‹‹
1268 3647 1393 3701 Non
1430 3646 1587 3701 enim
1626 3644 1788 3699 illius
1812 3644 1972 3716 cogi-

316 3730 571 3787 tationes
596 3732 958 3805 ignoramus.
1005 3756 1032 3783 »
1060 3734 1226 3799 Quod
1253 3736 1427 3789 varias
1466 3750 1533 3790 ac
1570 3733 1790 3789 dolosa:
1829 3733 1968 3799 sint,

315 3819 661 3891 malumque
703 3822 1140 3878 machinantes.
1176 3823 1377 3894 Neque
1424 3823 1586 3878 enim
1630 3838 1697 3877 ex
1722 3838 1788 3875 eo
1825 3819 1973 3875 dun-

311 3912 476 3964 taxat
494 3909 653 3981 quod
676 3910 737 3966 in
758 3911 1213 3968 fornicationem
1237 3913 1540 3984 conjiciat,
1564 3928 1767 3967 verum
1791 3911 1972 3965 etiam

312 4014 385 4053 ex
420 4016 672 4056 mmrore
705 4002 805 4071 qui
828 4002 887 4056 in
929 4003 1345 4073 resipiscentia
1370 4002 1647 4069 sumitur,
1677 4005 1873 4072 potest
1896 3997 1973 4053 ad

2108 1958 2135 1985 ‹‹
2167 1936 2252 1991 Ἐν
2286 1935 2568 2010 προσώπῳ
2591 1940 2853 2013 Χριστοῦ,
2880 1964 2908 1990 υ
2938 1942 3211 2007 τουτέστι,
3235 1942 3370 1995 κατᾶ
3392 1941 3626 2016 Χριστόν
3647 1944 3773 1995 τοῦ-

2101 2044 2162 2079 το
2193 2027 2453 2095 ποιήσας,
2490 2025 2565 2087 ὡς
2624 2028 2715 2080 καὶ
2771 2025 2856 2081 ἐπ’
2915 2024 3071 2103 ὄψεσι
3129 2033 3373 2103 Χριστοῦ
3418 2030 3673 2105 πράττων
3708 2030 3777 2086 τὸ

2098 2116 2336 2169 τοιοῦτο.
2399 2113 2492 2178 Ἤ,
2551 2141 2575 2164 u
2614 2114 2701 2170 Ἐν
2760 2118 3043 2191 προσώπῳ
3094 2122 3350 2191 Χριστοῦ,
3391 2145 3411 2169 ι
3458 2120 3766 2189 τουτέστιν,

2100 2202 2174 2262 εἰς
2208 2198 2364 2271 δόξαν
2396 2204 2657 2277 Χριστοῦ,
2702 2205 2791 2259 ἳνα
2847 2204 3016 2260 αὐτοῦ
3062 2206 3125 2261 τὸ
3175 2203 3349 2279 ὄνομα
3388 2212 3478 2261 καί
3510 2207 3574 2261 τὸ
3601 2207 3793 2281 πρόσο

2099 2311 2251 2346 ωπον
2303 2290 2391 2345 ἐπὶ
2449 2290 2828 2367 φιλανθρωπίᾳ
2886 2291 3141 2369 δοξασθῇ.
3202 2296 3305 2353 Καὶ
3341 2296 3443 2372 γὰρ
3477 2292 3607 2367 δόξα
3636 2298 3771 2372 Χρι-

2100 2384 2250 2449 στοῦ,
2300 2381 2362 2436 τὸ
2417 2385 2525 2436 τῶν
2585 2384 2845 2455 μαθητῶν
2905 2384 3071 2439 αὐτοῦ
3132 2384 3546 2463 φιλάνθρωπον.
3582 2386 3644 2442 Εἰ
3677 2386 3773 2441 οὖν

2098 2470 2176 2533 εἷς
2212 2468 2365 2541 δόξαν
2430 2475 2677 2547 Χριστοῦ
2732 2472 2937 2547 γίνεται
2990 2476 3056 2530 τὸ
3113 2475 3419 2550 γινόμενον,
3461 2480 3579 2538 πῶς
3611 2473 3775 2531 δύνα-

2097 2579 2186 2615 στε
2246 2560 2322 2633 μή
2386 2565 2691 2636 συγγνῶναι
2775 2563 2865 2617 καὶ
2949 2565 3024 2636 μὴ
3083 2560 3333 2638 δέξασθαι
3411 2564 3607 2638 αύτόν;
3663 2567 3768 2636 Τὸ,

2095 2672 2123 2700 ‹‹
2158 2648 2245 2703 Ἐν
2280 2652 2563 2723 προσώπῳ
2598 2657 2865 2726 Χριστοῦ,
2898 2676 2926 2705 υ
2957 2650 3016 2724 ἤ,
3046 2653 3123 2715 εἷς
3153 2651 3311 2724 δόξαν
3334 2657 3595 2729 Χριστοῦ,
3621 2654 3657 2726 ἢ
3682 2654 3766 2718 ὡς

2090 2741 2189 2792 τοῦ
2240 2742 2475 2814 Χριστοῦ
2525 2740 2615 2796 καὶ
2674 2746 2837 2796 τοῦτο
2894 2741 3239 2814 κελεύοντος,
3299 2741 3330 2799 ὅ
3389 2741 3629 2818 μάλιστα
3662 2743 3766 2800 αὖ-

2091 2826 2218 2888 τοὺς
2277 2822 2508 2887 ἔπειθεν.
2571 2854 2599 2884 ‹‹
2634 2830 2750 2887 Ἵνα
2813 2833 2888 2904 μή
2950 2832 3465 2907 πλεονεκτηθῶμεν.
3505 2856 3529 2887 ι
3587 2836 3764 2891 Τοῦτο

2093 2914 2150 2972 δὲ
2183 2915 2353 2992 λέγω,
2384 2917 2474 2974 ἳνα
2538 2919 2614 2993 μὴ
2674 2918 3080 2996 πλεονεκτημεν
3142 2923 3246 2978 ὑπὸ
3285 2927 3383 2978 τοῦ
3415 2929 3650 2979 Σατανᾶ.
3686 2922 3755 2980 Εἰ

2088 3006 2188 3081 γὰρ
2242 3006 2395 3078 εἷάθη
2457 3006 2652 3079 οὕτως,
2711 3011 2804 3065 καὶ
2858 3009 2918 3065 ἐκ
2968 3018 3068 3080 τῆς
3126 3012 3513 3086 περισσοτέρας
3563 3008 3750 3082 λύπης

2087 3096 2376 3167 κατεκόθη,
2433 3096 2746 3173 ἐμέλλομεν
2809 3098 3244 3167 πλεονεκτεῖσθαι
3313 3101 3418 3157 ὑπὸ
3475 3105 3571 3157 τοῦ
3627 3098 3750 3155 δια-

2088 3180 2281 3243 ϐόλου.
2316 3187 2394 3244 Τὸ
2426 3190 2500 3260 μή
2546 3188 2714 3243 αὐτοῦ
2764 3189 2866 3267 γὰρ
2923 3184 3238 3263 λαμϐάνων,
3274 3189 3462 3265 ἐμείου
3491 3193 3591 3261 τήν
3622 3189 3745 3245 ποί-

2091 3297 2225 3348 μνην
2252 3280 2348 3331 τοῦ
2381 3277 2641 3353 Χριστοῦ,
2674 3281 2766 3333 καὶ
2822 3283 2920 3335 τοῦ
2981 3281 3235 3354 σώματος
3275 3284 3435 3353 ἡμῶν
3465 3281 3751 3355 ἀφῃρεῖτο.

2086 3364 2289 3427 Πάντες
2344 3366 2445 3442 γὰρ
2503 3364 2771 3438 ἀλλήλων
2831 3367 2975 3441 μέλη
3038 3370 3177 3439 ἐστὶ,
3236 3370 3421 3447 φησίν.
3476 3394 3505 3423 ‹‹
3539 3370 3616 3428 O6
3647 3370 3757 3446 γὰρ

2085 3454 2251 3508 αὐτοῦ
2279 3453 2344 3507 τὰ
2381 3456 2633 3527 νοήματα
2663 3455 2986 3532 ἀγνοοῦμεν·
3022 3480 3047 3510 ιι
3087 3459 3171 3513 ’ὁτι
3202 3457 3435 3513 ποικίλα
3466 3457 3556 3513 καὶ
3588 3455 3754 3513 δολε-

2086 3543 2153 3617 ρα
2202 3541 2292 3597 καὶ
2323 3547 2710 3620 κακομηχανα.
2772 3546 2848 3604 O6
2910 3547 3015 3625 γὰρ
3078 3547 3241 3622 μόνον
3283 3549 3343 3605 ἐκ
3373 3553 3471 3605 τοῦ
3504 3548 3580 3613 είς
3611 3568 3757 3625 πορ-

2082 3631 2226 3687 νείαν
2280 3627 2531 3688 ἐκϐαλεῖν
2583 3633 2954 3705 ὑποσκελίζει,
3006 3635 3151 3693 ἀλλὰ
3198 3639 3287 3693 καὶ
3338 3638 3399 3693 ἐκ
3424 3640 3524 3708 τῆς
3556 3638 3642 3694 ἐπὶ
3679 3640 3751 3713 τῇ

2086 3720 2423 3795 μεταμελείᾳ
2472 3720 2653 3793 λύπης
2714 3721 2934 3779 δύναται
2998 3726 3073 3789 εἷς
3130 3727 3442 3805 ἀπόγνωσιν
3478 3728 3750 3799 σκελίσαι,

2084 3811 2209 3866 ὅταν
2240 3809 2474 3886 ἄμετρος
2650 3814 2814 3870 Ὅταν
2876 3813 2968 3869 οῦν
3000 3815 3090 3870 καὶ
3125 3814 3175 3887 ἐξ
3204 3817 3278 3871 ὧν
3316 3817 3751 3891 μεταμελόμεθα

2081 3901 2171 3956 καὶ
2203 3898 2255 3971 ἐξ
2286 3901 2359 3955 ὧν
2417 3901 2801 3977 ἁμαρτάνομεν
2858 3903 3143 3980 ἁλώσιμοι
3203 3905 3350 3980 αύτῳ
3409 3906 3590 3981 ἐσμεν,
3624 3911 3748 3973 πῶς

2082 3989 2213 4069 ούχί
2245 3987 2719 4064 πλεονεκτούμεθα
2748 4011 2761 4061 ;

310 4085 787 4158 desperationem
820 4091 1228 4162 supplantare.
1257 4092 1303 4147 si
1345 4091 1527 4146 fuerit
1570 4089 1944 4144 immodicus.
1991 4079 2488 4151 Quandoquidem
2545 4096 2682 4154 ergo
2714 4089 2772 4137 et
2812 4099 2883 4139 ex
2915 4101 2981 4141 eo
3015 4086 3173 4158 quod
3204 4103 3541 4159 peccamus,
3576 4093 3635 4144 et
3661 4104 3740 4146 ex

309 4189 379 4231 eo
410 4174 573 4245 quod
602 4177 1029 4248 resipiscimus,
1061 4178 1233 4234 facile
1264 4179 1336 4234 ab
1368 4195 1436 4234 eo
1468 4178 1758 4249 capimur,
1789 4193 1866 4231 an
1897 4190 2018 4231 non
2050 4170 2226 4242 plane
2258 4169 2765 4227 Circumvenimur
2785 4172 2813 4227 Ἰ

859 4294 953 4348 οι
969 4295 1015 4350 2
1056 4295 1287 4351 CAPUT
1325 4296 1421 4350 IlI.

309 4378 384 4433 De
413 4379 660 4435 utilitate
686 4396 788 4450 per
807 4384 988 4451 ipsum
1013 4385 1272 4453 praestita
1312 4384 1395 4438 his
1424 4385 1523 4452 qui
1546 4382 1733 4438 idonei
1763 4389 1956 4451 essent,

541 4468 646 4522 per
673 4469 838 4524 quam
867 4462 1034 4510 etiam
1063 4457 1434 4510 commendari
1459 4472 1514 4511 se
1542 4454 1699 4510 dicit.

375 4540 450 4608 ΙΙ,
487 4542 570 4605 12,
624 4545 711 4597 13.
755 4545 1021 4600 Caterum
1076 4561 1199 4600 cum
1245 4545 1505 4601 venissem
1563 4545 1826 4601 Troadem
1884 4545 1958 4601 ad

1989 4266 2038 4331 D

2706 4290 2894 4346 ΚΕΦΑ
2908 4294 2971 4347 V.
3026 4297 3094 4348 I".

2142 4372 2271 4449 Περὶ
2301 4380 2400 4443 τῆς
2434 4371 2699 4455 δι’ῌαῦτοῦ
2730 4375 3009 4455 ὠφελείας
3048 4385 3165 4455 τοῖς
3197 4378 3552 4452 ἐπιτηδείοις,
3587 4378 3660 4436 δι’

2496 4448 2562 4516 ἧς
2614 4447 2703 4502 καὶ
2738 4447 3082 4508 σιὶνίστασθαί
3114 4474 3301 4530 φησιν,

2140 4531 2346 4590 Ἐλθὼν
2407 4532 2465 4591 δὶ
2519 4535 2595 4599 εἷς
2654 4538 2753 4606 τήν
2813 4537 3067 4614 Τρωάδα,
3122 4541 3199 4604 είς
3272 4541 3335 4597 τὸ
3396 4539 3730 4620 Εὐαγγέλιον

2062 4629 2160 4681 τοῦ
2208 4630 2469 4701 Χριστοῦ,
2528 4626 2618 4682 καὶ
2678 4627 2841 4702 θύρας
2904 4650 2999 4703 μοι
3054 4630 3410 4707 ἀνεῳγμένης
3440 4631 3491 4687 ἐν
3522 4631 3722 4705 Κυρίῳ,

2061 4716 2161 4771 οὐκ
2213 4716 2423 4786 ἔσᾸηκα
2478 4719 2655 4772 ἄνεσιν
2713 4724 2791 4793 τῷ
2868 4723 3136 4797 πνεύματί
3198 4747 3303 4796 μου
3358 4730 3438 4798 τῷ
3498 4726 3574 4798 μὴ
3632 4724 3729 4780 εὖ·

2059 4810 2172 4880 ρεῖν
2224 4825 2292 4877 με
2347 4808 2511 4862 Τῖτον
2567 4807 2660 4861 τὸν
2720 4805 2955 4887 ἀδελφόν
3022 4833 3148 4884 μου.
3208 4811 3392 4870 Ἀλλὰ
3451 4814 3728 4886 ἀποταξά-

2059 4914 2222 4967 μενος
2253 4894 2464 4967 αὐτοῖς,
2495 4894 2727 4968 ἐξῆλθον
2762 4898 2836 4960 εἰς
2865 4899 3229 4958 Μακεδονίαν.

2126 4986 2250 5065 Οὒχ
2302 4984 2491 5047 ἀπλῶς
2527 4985 2918 5062 ἀποδημήσας,
2978 4991 3105 5049 ἀλλ’
3137 4995 3216 5058 εἰς
3259 4995 3322 5051 τὸ
3356 4992 3720 5071 Εὐαγγέλιον,

2052 5072 2351 5142 τουτέστιν,
2393 5074 2478 5129 ἐπὶ
2530 5075 2592 5131 τὸ
2640 5077 2870 5151 κηρύξαι
2919 5079 3276 5157 ἀπεδήμησα,
3335 5108 3355 5135 ι
3393 5084 3496 5139 Καὶ
3548 5084 3721 5158 θύρας

2054 5185 2147 5237 μοι
2206 5163 2631 5241 ἀνεῳγμένης.»
2687 5167 2846 5223 Θέλει
2904 5169 3073 5227 εἰπεῖν
3127 5173 3210 5227 ὅτι
3263 5173 3403 5248 πρὸς
3450 5177 3568 5234 τοῖς
3604 5194 3724 5227 πει-

2051 5257 2299 5329 ρασμοῖς,
2334 5252 2422 5307 καὶ
2478 5254 2511 5321 ἡ
2571 5253 2790 5309 ἀνουσία
2845 5259 3030 5328 Τίτου,
3065 5259 3226 5316 αὐτὸν
3257 5255 3465 5325 ἔθλιϐε,
3501 5258 3719 5325 δεικνὺς

2046 5343 2171 5397 ’ὀτον
2226 5342 2365 5396 ἐστὶν
2425 5338 2662 5418 ἀδελφοῦ
2722 5352 3043 5420 στερεῖσθαι.
3080 5349 3232 5420 Πλὴν
3267 5349 3359 5405 06v
3393 5350 3562 5417 εἶπεν,
3597 5350 3719 5407 Ούκ

2044 5429 2300 5505 ἐκήρυξα,
2328 5429 2502 5503 ἤγουν
2535 5437 2634 5499 τῆς
2664 5438 2941 5512 σωτηρίας
2988 5443 3100 5494 τῶν
3155 5459 3495 5514 προσιοντων
3523 5442 3593 5514 τῇ
3625 5439 3715 5494 πί-

2042 5542 2152 5577 στει
2204 5519 2304 5575 οὐκ
2354 5517 2661 5595 ἐφρόντισα,
2707 5520 2835 5579 ἀλλ’
2897 5552 2924 5578 ‹‹
2979 5528 3094 5584 Οὐκ
3137 5526 3351 5605 ἔσχηκα
3404 5526 3580 5583 ἄνεσιν
3633 5532 3716 5602 τῷ

2040 5608 2307 5684 πνεύματί
2363 5627 2490 5682 μου,
2544 5630 2573 5660 ››
2624 5614 2928 5686 τουτέστιν,
2980 5616 3307 5693 ἐλυπούμην
3352 5619 3443 5675 καὶ
3492 5616 3720 5692 ἠδημό-

2037 5724 2188 5760 νουν.
2219 5700 2293 5757 Τὸ
2327 5698 2423 5773 μέν
2454 5719 2540 5755 τοι
2589 5702 2869 5781 κήρυγμα,
2919 5707 2982 5763 οὗ
3033 5709 3181 5787 παρά
3228 5714 3394 5766 τοῦτο
3424 5707 3722 5784 ἐνεμποδί-

300 4631 668 4701 Evangelium
719 4633 945 4701 Christi,
996 4641 1047 4689 et
1090 4636 1290 4690 ostium
1334 4636 1475 4689 mihi
1520 4641 1774 4705 apertum
1822 4641 1954 4691 esset

292 4736 399 4790 per
434 4723 747 4787 Dominum,
788 4740 901 4779 non
948 4724 1121 4780 habui
1160 4726 1564 4781 relaxationem
1592 4725 1797 4796 spiritu
1833 4742 1951 4781 meo

298 4824 358 4862 eo
389 4812 539 4879 quod
580 4829 689 4867 non
729 4814 1051 4868 invenissem
1101 4815 1289 4869 Titum
1327 4816 1562 4882 fratrem
1609 4831 1807 4881 meum,
1858 4816 1952 4871 sed

296 4913 420 4952 cum
450 4901 562 4955 illis
590 4902 994 4967 valedixissem,
1018 4903 1135 4956 abii
1163 4905 1221 4957 in
1248 4903 1651 4958 Macedoniam.

366 4986 491 5040 Non
548 4990 770 5062 vulgari
814 4990 990 5046 modo
1048 4992 1460 5065 peregrinatus
1518 5008 1671 5056 sum,
1724 4992 1828 5047 sed
1871 4993 1945 5047 ad

294 5074 695 5147 Evangelium,
729 5080 841 5134 hoc
871 5085 980 5145 est,
1013 5079 1088 5136 ad
1118 5081 1268 5136 illud
1294 5079 1762 5152 praedicandum.
1816 5102 1841 5129 ‹‹
1876 5083 1945 5136 Ει

293 5163 511 5219 ostium
543 5167 687 5221 mihi
748 5174 1019 5238 apertum
1068 5176 1242 5224 esset.
1281 5191 1308 5219 »
1342 5169 1478 5224 Vult
1525 5169 1723 5224 dicere
1782 5170 1940 5240 quod

288 5257 505 5322 preeter
533 5254 912 5325 afﬂictiones,
946 5257 1123 5313 etiam
1155 5260 1264 5313 Titi
1295 5258 1567 5314 absentia
1612 5257 1808 5329 ipsum
1854 5259 1937 5314 af-

287 5341 457 5408 ﬂixit,
506 5347 824 5403 ostendens
881 5355 1166 5419 quantum
1204 5351 1282 5405 sit
1339 5350 1521 5406 fratre
1551 5348 1789 5420 privari.
1823 5353 1937 5407 Nec

285 5437 485 5489 tamen
508 5435 690 5492 dixit:
717 5442 839 5493 Non
863 5438 1196 5509 praadicavi,
1223 5444 1325 5494 aut
1346 5438 1556 5496 salutis
1595 5454 1801 5494 eorum
1833 5442 1933 5511 qui

283 5520 357 5577 ad
389 5522 568 5580 ﬁdem
590 5526 1177 5584 accedebantcuram
1207 5546 1329 5585 non
1366 5527 1568 5592 habui,
1600 5526 1725 5596 sed,
1759 5531 1933 5587 «Non

282 5610 463 5668 habui
493 5613 919 5673 relaxationem
951 5615 1162 5689 spiritu
1184 5632 1354 5683 meo;
1390 5639 1418 5668 n
1449 5618 1561 5674 hoc
1592 5622 1700 5684 est,
1724 5634 1933 5675 mcere-

284 5698 422 5759 bam
454 5709 511 5760 et
540 5706 841 5764 anxiabar.
894 5705 1244 5761 Pmdicatio
1292 5707 1492 5778 itaque
1542 5706 1615 5763 ob
1647 5706 1759 5764 hoc
1806 5725 1928 5765 non
