4080 6398
272 467 379 527 9M

1228 459 1648 523 COMMENT.
1695 458 1783 519 ΙΝ
1830 456 2083 518 EPIST.
2135 456 2188 518 Il
2232 459 2334 519 AD
2378 459 2752 521 CORINTH.

3574 464 3695 523 942

277 605 414 668 ζετο.
447 596 546 652 Καὶ
576 595 814 665 τοσαύτη
848 594 935 664 ἦν,
969 594 1126 675 φησὶ,
1156 592 1331 664 λύπη,
1364 591 1447 648 ὅτι
1481 592 1569 647 οιαὶ
1602 589 1766 665 θύρας
1826 610 1920 664 μοι

2057 593 2268 664 [coepit
2296 592 2813 665 impedimentum.
2864 595 2935 649 Et
2962 598 3128 651 tanta
3154 594 3303 666 'fuit,
3338 593 3556 667 inquit,
3585 593 3696 653 tri-

275 684 645 764 ἀνεῳγμένης,
678 682 948 752 τουτέστι,
979 681 1071 737 καὶ
1106 685 1366 754 μαθητῶν
1409 679 1655 754 εὐπορῶν
1697 677 1787 733 καὶ
1833 681 1933 732 τοῦ

278 776 446 849 λόγου
474 774 795 854 τρέχοντος,
830 773 985 845 ὅμως
1012 768 1222 847 ἤλγουν
1255 769 1343 825 ἐπὶ
1374 772 1442 844 τῇ
1476 768 1713 838 ἀπουσίᾳ
1738 766 1931 825 Τίτου.

276 866 514 922 Δείκνυσι
546 861 639 919 διὰ
692 862 930 927 τούτων,
989 859 1087 917 τοῦ
1145 860 1307 916 Τίτου
1362 859 1427 914 τὸ
1480 859 1790 937 χρήσιμον,
1849 855 1934 910 ίἔτι

277 955 451 1030 χωρὶς
485 953 711 1015 ἐκείνου.
743 952 835 1009 καί
864 972 953 1007 τοι
1004 950 1169 1026 θύρας
1215 948 1583 1025 ἀνεῳγμένης,
1633 947 1789 1021 ’ὀμως
1836 945 1937 1030 οὐκ

282 1029 432 1117 εῖχεν
463 1041 665 1110 ἆνεσιν,
700 1038 790 1096 διὰ
828 1041 898 1094 τὸ
961 1039 1036 1111 μὴ
1096 1043 1346 1114 παρεῖναι
1404 1035 1582 1091 αὐτόν.
1640 1037 1819 1092 Τοῦτο
1877 1029 1936 1087 δὲ

276 1129 445 1205 λέγει,
468 1129 559 1185 καὶ
590 1130 683 1183 τὸν
716 1129 881 1186 Τίτον
911 1132 1031 1189 τοῖς
1063 1124 1379 1203 Κορινθίοις
1436 1127 1697 1179 συνιστῷν
1744 1118 1933 1195 (ἔμελ-

274 1219 338 1277 λε
366 1222 471 1298 γὰρ
498 1219 667 1275 πάλιν
709 1214 1070 1273 ἀποστέλλειν
1125 1216 1291 1271 αὐτὸν
1349 1215 1488 1289 πρὸς
1544 1212 1786 1285 αὐτοὺς),
1843 1211 1935 1266 καὶ

272 1312 372 1382 τὴν
407 1310 611 1365 οίκείαν
642 1304 886 1376 σπουδὴν
929 1307 1054 1382 περὶ
1114 1304 1311 1369 αὐτοὺς
1366 1301 1656 1370 ὶνδεικνὺς,
1707 1301 1790 1356 ὅτι
1844 1299 1936 1356 καί

274 1421 396 1463 πως
424 1400 571 1455 οὓτω
613 1397 1056 1474 χρησιμεύοντος
1112 1394 1167 1450 ἑν
1226 1398 1306 1468 τῷ
1365 1392 1676 1471 κηρύγματι
1731 1390 1823 1447 καὶ
1881 1389 1933 1445 ἐν

274 1496 411 1548 πᾶσι
438 1494 535 1546 τοῦ
588 1489 776 1560 Τίτου,
835 1487 991 1560 ὅμως
1046 1487 1212 1548 αὐτὸς
1268 1483 1487 1540 ἐκείνων
1538 1485 1602 1538 τὸ
1658 1481 1934 1562 συμφέρον

275 1579 579 1657 προκρίνει.
640 1576 735 1634 Διὸ
791 1578 878 1632 καὶ
935 1574 1220 1633 ἀπέστειλε
1274 1575 1366 1629 καὶ
1427 1571 1720 1628 ἀποστελεῖ
1773 1571 1937 1626 αὐτὸν

273 1670 465 1727 πολλά
494 1668 720 1744 χρῄζων
754 1666 919 1723 αὐτοῦ
947 1673 1048 1736 τῆς
1080 1663 1404 1736 παρουσίας.
1440 1687 1468 1715 ‹‹
1506 1659 1686 1719 Ἀλλά
1729 1661 1939 1717 ἀποτα-

276 1762 503 1834 ξάμενος
532 1758 722 1820 αὐτοῖς
779 1780 808 1810 ››
839 1756 914 1812 Τὸ
941 1754 1370 1827 ἀποταξάμενος,
1404 1751 1503 1807 οὐκ
1532 1748 1647 1807 ἔστι
1695 1750 1759 1806 τὸ
1809 1748 1938 1805 ἑλό-

286 1870 443 1925 μενος
487 1850 560 1921 μὴ
620 1846 869 1923 κηρύξαι.
930 1847 1165 1919 ’Ἄπαγε
1224 1844 1375 1917 (Οἷον
1435 1842 1537 1917 γὰρ
1589 1841 1681 1912 ἧν,
1743 1838 1788 1894 εί
1849 1836 1939 1893 διὰ

281 1942 387 2010 τήν
418 1937 675 1994 ἀπουσίαν
717 1936 879 1992 Τίτου
933 1931 1255 2003 ἐνεποδίσθη
1313 1932 1376 1987 τὸ
1432 1933 1694 2007 κήρυγμα
1722 1934 1762 2001 ;)
1809 1927 1936 1984 ἀλλ’

283 2029 408 2085 ἀντὶ
437 2025 644 2093 τοῦ,οὐ
688 2028 950 2081 τοσοῦτον
1010 2022 1292 2095 ἐπιμείνας
1350 2021 1485 2096 πρὸς
1539 2018 1757 2087 αὐτοὺς,
1816 2018 1942 2073 ὅσον

282 2115 483 2190 ἤθελον
515 2115 732 2171 ἐκεῖνοι.
765 2117 940 2171 Τοῦτο
976 2112 1071 2189 μὶν
1136 2110 1267 2173 ἴσως
1328 2110 1417 2166 καὶ
1474 2113 1573 2165 τοῦ
1628 2109 1945 2181 Πνεύματὸς

280 2205 694 2282 ἐπιτρέψαντος,
728 2203 876 2273 πλὴν
904 2202 1076 2258 ἐποίει
1124 2224 1178 2257 τι
1236 2201 1325 2256 καὶ
1385 2202 1421 2270 ἠ
1473 2199 1707 2255 ἀπουσία
1750 2198 1940 2255 Τίτου.

275 2304 439 2363 Ἰσως
472 2296 530 2354 δὲ
560 2300 651 2353 καὶ
682 2293 962 2374 χρειώδης
991 2296 1059 2366 ἦν
1109 2293 1257 2366 αὐτῷ
1314 2297 1393 2365 τῷ
1439 2291 1751 2367 κηρύγματι
1782 2291 1810 2345 ὁ
1841 2292 1942 2347 Τῖ-

281 2412 403 2453 τος.

355 2573 449 2644 Τῷ
515 2568 575 2626 δὲ
640 2572 754 2640 Θεῷ
819 2567 984 2647 χάρις
1067 2568 1149 2637 τῷ
1238 2563 1467 2618 πάντοτε
1560 2553 1943 2635 θριαμϐεύοντι

283 2665 433 2734 ἡμᾶς
465 2657 522 2717 ἐν
558 2662 639 2732 τῷ
694 2659 940 2732 Χριστῷ,
997 2653 1088 2710 καί
1147 2654 1245 2723 τήν
1297 2651 1475 2725 ὀσμὴν
1529 2656 1631 2720 τῆς
1687 2650 1945 2725 γνώσεως

282 2750 453 2805 αὐτοῦ
516 2750 839 2829 φανεροῦντι
899 2742 970 2800 δι’
1028 2744 1191 2816 ἡμῶν
1250 2740 1304 2796 ἐν
1363 2739 1525 2797 παντὶ
1610 2738 1786 2811 τόπῳ,
1854 2737 1941 2829 ὅτι

286 2822 540 2915 Χριστοῦ.
587 2833 790 2892 εὐωδία
847 2832 1008 2908 ἐσμεν
1066 2836 1145 2904 τῷ
1198 2834 1316 2904 Θεῷ
1386 2828 1439 2884 ἐν
1497 2832 1614 2890 τοῖς
1702 2822 1946 2900 σωζομέ-

284 2951 421 2993 νοις,
478 2928 569 2984 καὶ
626 2926 681 2982 ἐν
743 2929 862 2987 τοῖς
917 2921 1350 2994 ἀπολλυμένοις·
1441 2919 1523 2982 οἷς
1609 2919 1705 2992 μὲν
1791 2916 1939 2989 ὀσμὴ

289 3023 518 3085 θανάτου
549 3018 627 3081 εἷς
674 3017 926 3087 θάνατον,
972 3014 1056 3076 οἶς
1106 3010 1164 3068 δὲ
1226 3012 1371 3084 ὀσμὴ
1432 3016 1580 3081 ζωῆς
1637 3008 1714 3069 εἷς
1774 3009 1943 3087 ζωήν,

286 3110 391 3167 Καὶ
422 3110 559 3184 πρὸς
609 3110 781 3163 ταῦτα
836 3085 920 3167 τίς
970 3103 1190 3170 ίκανός;
1253 3100 1331 3157 Οὐ
1371 3102 1476 3177 γάρ
1535 3098 1696 3170 ἐσμεν
1756 3098 1830 3158 ὡς
1892 3085 1944 3150 ο’ι

289 3183 495 3254 πολλοὶ
548 3194 945 3267 κακηλεύοντες
1002 3193 1095 3248 τὸν
1182 3190 1347 3266 λόγον
1428 3192 1527 3244 τοῦ
1584 3191 1742 3251 Θεοῦ,
1816 3183 1946 3240 ἀλλ’

297 3288 372 3350 ὡς
402 3287 450 3356 ἐξ
482 3283 846 3360 εἰλικρινείας,
870 3281 998 3339 ἀλλ’
1055 3280 1130 3342 ὠς
1178 3279 1238 3335 ἐκ
1289 3282 1424 3334 Θεοῦ
1471 3277 1807 3332 κατενώπιον
1841 3277 1942 3329 τοῦ

298 3376 447 3443 Θεοῦ,
483 3374 532 3430 ἐν
563 3377 780 3451 Χριστῷ
811 3370 1113 3447 λαλοῦμεν.

364 3466 501 3524 Εἶτα
530 3463 719 3534 ἐπειδὴ
750 3461 967 3528 πολλὰς
996 3456 1245 3533 κατέλεξε
1273 3458 1470 3528 λύπας,
1510 3456 1605 3519 τὰς
1666 3456 1716 3511 ἐν
1770 3453 1946 3541 ξΑσίᾳ,

288 3554 383 3616 τὰς
406 3552 458 3608 ἐν
487 3550 735 3628 Τρῳάδι,
766 3550 897 3606 αὐτὸ
925 3548 988 3604 τὸ
1041 3549 1117 3619 μή
1167 3545 1347 3610 ἐλθεῖν
1401 3546 1537 3620 πρὸς
1595 3538 1813 3608 αὐτοὺς,
1858 3538 1948 3596 ’ἶνα

286 3648 365 3717 τ’ίή
399 3644 672 3718 νομίσωσι
703 3646 875 3699 ταῦτα
923 3638 1342 3719 ὀλοφυρομένου
1402 3638 1542 3690 εἶναι
1590 3635 1656 3689 τὰ
1706 3633 1947 3708 ῥήματα,

282 3733 489 3810 ἐπάγει·
524 3758 553 3787 ‹‹
583 3737 677 3806 Τῷ
708 3728 765 3787 δὲ
790 3735 908 3803 Θεῷ
938 3729 1098 3806 χάρις
1128 3732 1207 3800 τῷ
1267 3719 1472 3801 θριαμϐ
1489 3723 1670 3780 εύοντι
1709 3726 1881 3797 ἡμᾶς,
1918 3744 1947 3772 ››

280 3823 581 3893 τουτέστιν,
641 3822 1077 3897 εὐχαριστοῦμεν
1134 3821 1214 3888 τῷ
1280 3823 1397 3888 Θεῳ
1466 3818 1544 3886 νῷ
1625 3815 1949 3890 φανεροῦντι

284 3918 436 3989 ἡμᾶς
466 3912 568 3969 καὶ
596 3908 944 3981 καταδήλους
981 3911 1227 3965 ποιοῦντι
1262 3904 1350 3960 διὰ
1412 3908 1510 3959 τοῦ
1562 3902 1795 3977 πάσχειν
1847 3921 1947 3956 κα-

287 4012 420 4069 κῶς,
454 4008 772 4085 φανεροῦντι
804 4000 880 4073 δὲ,
916 4000 1049 4075 μετὰ
1074 4004 1181 4055 τῶν
1212 3997 1350 4053 κατὰ
1397 3999 1494 4052 τοῦ
1552 3989 1811 4050 διαδόλον
1865 4014 1949 4048 νι-

289 4101 404 4152 κῶν
431 4079 523 4151 καὶ
557 4092 860 4168 τροπαίων.
917 4094 1091 4148 Τοῦτο
1147 4089 1248 4165 γὰρ
1284 4088 1312 4142 ὁ
1343 4079 1611 4161 θρίαμϐος
1667 4083 1948 4160 βούλεται.

284 4192 375 4242 Ἐν
406 4185 512 4263 γὰρ
540 4188 622 4256 τῷ
680 4181 918 4258 πάσχειν
970 4182 1175 4247 κακῶς,
1224 4177 1280 4232 αἱ
1337 4176 1473 4231 κατᾶ
1530 4178 1628 4231 τοῦ
1684 4168 1951 4228 διαϐόλου

286 4262 437 4332 νίκαι
469 4273 825 4329 συνίστανται.
860 4271 1024 4328 Ὅσον
1053 4268 1156 4345 γάρ
1185 4287 1268 4329 τις
1300 4263 1491 4321 πλεῖον
1524 4262 1949 4340 πάσχει,πλεῖον

287 4369 438 4436 νικᾷ.
476 4387 503 4416 ι(
532 4366 707 4436 Ἥμᾶς
739 4360 792 4417 ἐν
822 4363 903 4434 τῷ
936 4361 1183 4433 Χριστῷ.
1220 4380 1247 4407 ››
1278 4357 1411 4413 Οἷον
1436 4351 1527 4409 διὰ
1554 4354 1645 4409 τὸν
1688 4353 1950 4428 Χριστόν,

287 4453 383 4511 διὰ
413 4455 475 4511 τὸ
506 4455 790 4529 κήρυγμα.
827 4476 848 4505 ι
888 4449 987 4504 Καὶ
1017 4450 1116 4517 τήν
1166 4447 1343 4519 ὀσμὴν
1393 4451 1495 4513 τῆς
1544 4443 1801 4517 γνώσεως
1846 4442 1951 4497 αὐ-

286 4549 416 4604 to}.
452 4568 480 4596 η
509 4545 572 4601 Ἦ
606 4543 754 4615 ὀσμὴ
784 4548 885 4610 τῆς
913 4540 1166 4616 γνώσεως
1196 4533 1293 4592 δύο
1324 4532 1511 4605 δηλοῖ,
1544 4532 1626 4588 ὅτι
1651 4553 1710 4588 τε
1739 4534 1802 4588 τὸ
1849 4533 1954 4604 κή-

290 4654 481 4711 ρυγμα
519 4629 770 4705 οὐράνιόν
827 4629 938 4685 ἐστι
999 4627 1191 4702 μύρον,
1250 4623 1340 4680 καὶ
1399 4623 1486 4678 ’ὁτι
1535 4620 1634 4711 οὐκ
1690 4621 1950 4711 ἀνακεκά-

2044 680 2224 745 stitia,
2258 683 2416 754 quod
2439 700 2574 739 cum
2599 683 2776 738 etiam
2809 690 3079 755 apertum
3103 691 3262 740 esset
3283 685 3427 740 mihi
3452 685 3696 752 ostium,

2042 768 2155 826 hoc
2177 776 2284 832 est.
2322 779 2378 827 et
2418 773 2620 844 plures
2652 780 2852 828 essent
2879 773 3156 844 discipuli
3181 780 3241 829 et
3270 790 3466 830 sermo
3494 790 3697 831 curre-

2043 866 2153 925 ret,
2191 867 2388 917 tamen
2421 863 2684 933 angebar
2715 877 2895 934 super
2925 862 3198 918 absentia
3242 864 3374 918 Titi.
3427 864 3527 919 His
3581 863 3697 921 Titi

2043 950 2361 1007 utilitatem
2394 953 2676 1020 ostendit,
2731 953 2871 1024 quia
2920 953 3051 1007 sine
3082 952 3207 1015 illo.
3254 952 3395 1009 licet
3425 960 3697 1025 apertum

2047 1046 2205 1095 esset
2225 1041 2467 1101 ostium.
2501 1058 2621 1097 non
2672 1048 2871 1097 tamen
2906 1040 3114 1098 habuit
3144 1041 3593 1113 relaxationem,
3627 1057 3696 1101 eo

2047 1130 2207 1200 quod
2234 1131 2335 1186 ille
2376 1147 2497 1187 non
2530 1132 2780 1187 adesset.
2818 1132 2938 1187 Hoc
2995 1138 3195 1188 autem
3227 1131 3374 1188 dicit
3402 1138 3460 1187 et
3503 1132 3697 1190 Titum

2047 1223 2477 1276 commendans
2489 1220 2831 1291 Corinthiis(
2839 1238 3077 1277 rursum
3101 1222 3264 1278 enim
3280 1222 3474 1294 ipsum
3500 1220 3574 1278 ad
3596 1236 3696 1281 eos

2046 1310 2340 1366 missurus
2371 1310 2542 1389 erat),
2577 1317 2635 1367 et
2665 1312 2970 1384 proprium
3006 1312 3164 1368 circa
3203 1312 3338 1368 illos
3379 1312 3702 1370 ostendens

2048 1396 2332 1454 studium.
2365 1398 2716 1469 Quanquam
2748 1399 2908 1455 enim
2937 1399 3084 1455 adeo
3116 1400 3281 1455 utilis
3312 1405 3371 1455 et
3400 1400 3461 1455 in
3485 1398 3703 1471 praedi-

2048 1488 2279 1544 catione
2312 1496 2370 1544 et
2398 1490 2459 1545 in
2491 1489 2771 1545 omnibus
2802 1491 3166 1555 essetTitus,
3197 1491 3324 1562 ipse
3348 1497 3547 1547 tamen
3576 1490 3708 1546 illo-

2047 1594 2180 1633 rum
2212 1580 2504 1650 praeponit
2533 1579 2849 1635 utilitatem
2880 1597 2892 1636 :
2917 1579 3051 1636 ideo
3072 1586 3131 1634 et
3160 1580 3486 1635 eum-misit
3506 1579 3579 1634 ad
3598 1593 3704 1635 eos

2050 1671 2110 1721 et
2142 1667 2358 1737 mittet,
2376 1685 2509 1723 cum
2540 1668 2668 1740 ipse
2693 1669 2944 1725 multum
2977 1675 3177 1741 egeret
3207 1671 3335 1742 ejus
3364 1669 3703 1743 praesentia.

2053 1779 2080 1806 ι(
2113 1757 2224 1812 Sed
2254 1774 2391 1813 cum
2423 1759 2542 1814 illis
2564 1758 3000 1815 valedixissem.
3037 1782 3065 1809 »
3096 1760 3242 1817 Cum
3264 1759 3705 1830 valedixissem,

2050 1864 2170 1903 non
2203 1854 2291 1903 est
2321 1864 2389 1904 ac
2422 1848 2471 1903 si
2503 1849 2731 1904 diceret
2761 1866 2775 1905 :
2803 1850 2950 1905 Cum
2981 1849 3295 1922 elegissem
3340 1867 3459 1905 non
3488 1850 3706 1923 praedi-

2051 1955 2208 1994 care.
2243 1938 2504 1995 Minime.
2529 1939 2680 2005 Quid
2710 1941 2872 1995 enim
2902 1941 3014 1996 hoc
3046 1945 3222 2008 esset,
3254 1941 3304 1995 si
3335 1946 3577 2013 propter
3594 1939 3706 1997 Titi

2054 2027 2386 2084 absentiam
2408 2028 2907 2101 impedimentum
2939 2030 3237 2101 acciperet
3283 2029 3707 2103 evangelium?

2053 2117 2146 2172 Ol
2160 2116 2316 2173 Ssed
2339 2119 2510 2188 quasi
2524 2117 2749 2173 diceret
2767 2119 2915 2174 :Non
2934 2123 3097 2174 tanto
3114 2124 3378 2190 tempore
3399 2118 3704 2190 apudillos

2051 2210 2354 2281 permansi
2386 2215 2676 2281 quantum
2708 2209 2798 2264 illi
2828 2209 3190 2266 voluissent:
3226 2209 3404 2281 idque
3434 2208 3706 2266 fortassis

2053 2299 2232 2353 etiam
2259 2298 2641 2370 permittente
2666 2299 2909 2370 Spiritu,
2938 2298 3193 2355 faciebat
3231 2304 3429 2355 tamen
3478 2298 3706 2371 aliquid

2051 2387 2161 2442 Titi
2198 2387 2493 2443 absentia.
2544 2389 2837 2444 Fortassis
2889 2394 3087 2445 autem
3120 2388 3284 2445 utilis
3317 2405 3553 2461 quoque
3580 2393 3708 2446 erat

2052 2478 2125 2534 ad
2151 2479 2639 2551 prmdicationem
2667 2480 2850 2536 Titus.

2123 2569 2194 2636 ΙΙ,
2230 2567 2415 2624 14-17.
2450 2592 2479 2618 ‹‹
2513 2570 2632 2625 Deo
2664 2575 2858 2625 autem
2884 2570 3073 2643 gratia
3103 2570 3206 2641 qui
3229 2587 3466 2644 semper
3496 2570 3707 2627 trium-

2059 2681 2078 2705 -
2112 2658 2296 2731 phare
2319 2658 2586 2715 nosfacit
2606 2660 2667 2714 in
2685 2658 2917 2715 Christo
2942 2677 2955 2715 :
2983 2665 3041 2716 et
3063 2660 3307 2716 odorem
3329 2660 3558 2717 notitias
3585 2675 3709 2717 sum

2054 2771 2082 2797 «
2110 2748 2451 2804 manifestat
2480 2765 2588 2820 per
2618 2749 2802 2805 nosin
2831 2749 2991 2805 omni
3006 2749 3465 2816 loco.Quoniam
3490 2749 3709 2807 Christi

2060 2862 2079 2887 ι
2108 2837 2266 2893 bona
2286 2837 2609 2909 fragrantia
2641 2855 2848 2894 sumus
2880 2839 2996 2894 Deo
3028 2840 3089 2894 in
3122 2839 3215 2894 his
3246 2840 3346 2911 qui
3366 2839 3510 2896 salvi
3532 2838 3704 2908 fiunt,

2055 2947 2083 2974 «
2118 2930 2177 2980 et
2206 2926 2268 2979 in
2301 2925 2393 2979 his
2425 2925 2525 2997 qui
2559 2931 2844 2997 pereunt:
2865 2926 2957 2981 his
2971 2927 3212 2997 quidem
3235 2927 3382 2982 odor
3400 2927 3610 2982 mortis
3631 2925 3707 2982 ad

2061 3035 2081 3064 ι
2112 3019 2389 3081 mortem,
2413 3014 2535 3068 illis
2553 3030 2692 3069 vero
2718 3014 2866 3070 odor
2886 3015 3016 3069 vita;
3048 3015 3122 3071 ad
3153 3015 3353 3072 vitam.
3383 3017 3453 3071 Et
3473 3016 3547 3071 ad
3577 3016 3706 3072 haec

2055 3124 2084 3153 «
2118 3103 2250 3174 quis
2268 3103 2522 3159 idoneus
2536 3103 2702 3158 ‘iNon
2717 3104 2876 3159 enim
2897 3121 3102 3160 sumus
3120 3110 3186 3159 ut
3202 3104 3474 3176 plerique
3496 3112 3710 3176 caupo-

2056 3212 2079 3237 ‹‹
2103 3198 2315 3247 nantes
2337 3191 2577 3247 verbum
2599 3192 2831 3259 Dei,sed
2849 3193 3005 3249 velut
3024 3210 3094 3249 ex
3117 3193 3589 3261 sinceritate,sed
3610 3208 3707 3247 ve-

2058 3281 2259 3337 «lutex
2274 3282 2482 3352 Deoin
2498 3282 2926 3355 conspectuDei
2941 3283 3347 3355 perChristum
3362 3282 3710 3354 loquimur.»

2125 3462 2348 3519 Deinde
2371 3467 2689 3535 postquam
2714 3462 2935 3520 multos
2956 3465 3260 3521 recensuit
3298 3463 3535 3520 dolores
3563 3479 3714 3536 quos

2054 3552 2115 3606 in
2143 3553 2277 3607 Asia
2301 3559 2362 3608 et
2381 3552 2604 3608 Troade
2629 3560 2957 3625 acceperat.
2989 3555 3073 3609 sic
3125 3560 3191 3609 ut
3229 3553 3304 3610 ad
3335 3569 3438 3609 eos
3469 3552 3711 3626 proﬁci-

2055 3642 2137 3697 sci
2172 3659 2291 3697 non
2323 3643 2622 3714 potuerit:
2658 3660 2732 3699 ne
2781 3643 2960 3700 verba
3008 3643 3136 3700 haec
3185 3643 3530 3700 existiment
3579 3657 3710 3699 esse

2054 3731 2684 3805 lugentis,subjungit:
2720 3756 2745 3781 «ι
2780 3734 2899 3788 Deo
2923 3739 3122 3788 autem
3146 3734 3336 3806 gratia
3363 3734 3462 3804 qui
3492 3732 3706 3787 trium-

2054 3822 2234 3893 phire
2266 3838 2375 3876 nos
2406 3822 2564 3877 facit.
2607 3844 2635 3871 υ
2668 3823 2787 3877 Ηοο
2815 3828 2922 3885 est.
2947 3826 3166 3896 gratias
3189 3823 3419 3894 agimus
3456 3822 3572 3876 Deo
3604 3819 3707 3891 qui

2054 3929 2163 3966 nos
2196 3911 2559 3977 manifestat,
2601 3928 2668 3966 ac
2699 3912 3055 3984 conspicuos
3094 3927 3223 3967 esse
3254 3911 3415 3974 facit,
3454 3925 3562 3982 per
3591 3909 3706 3965 hoc

2056 3999 2214 4072 quod
2244 3999 2418 4055 malis
2466 4000 2797 4055 afficimur:
2842 4000 3185 4056 manifestat
3231 4005 3452 4067 autem,
3484 4015 3592 4070 per
3618 3996 3707 4052 vi-

2056 4091 2273 4146 ctorias
2295 4105 2363 4145 ac
2384 4095 2607 4161 tropaea
2627 4106 2758 4161 qua:
2779 4089 3061 4145 adversus
3077 4088 3378 4145 diabolum
3393 4088 3706 4144 habemus.

2054 4180 2201 4235 Nam
2232 4180 2344 4234 hoc
2392 4178 2504 4234 sibi
2554 4179 2678 4234 vult
2722 4178 3079 4251 triumphus.
3116 4180 3182 4234 In
3214 4178 3325 4234 hoc
3356 4178 3518 4234 enim
3550 4174 3711 4250 quod

2056 4268 2214 4323 mala
2243 4268 2522 4340 patimur,
2554 4273 2919 4341 consurgunt
2958 4267 3240 4325 adversus
3271 4266 3577 4324 diabolum
3622 4264 3711 4320 vi—

2056 4357 2279 4413 ctorias.
2305 4357 2609 4430 Siquidem
2640 4374 2758 4430 quo
2782 4358 2917 4430 plus
2946 4359 3175 4430 patitur
3207 4357 3527 4430 quispiam,
3574 4355 3711 4429 plus

2055 4448 2254 4504 vincit.
2289 4469 2318 4497 ‹‹
2350 4449 2417 4503 In
2447 4448 2700 4504 Christo.
2738 4470 2766 4498 ››
2810 4450 2927 4504 Hoc
2975 4455 3084 4514 est,
3126 4465 3253 4521 per,
3300 4448 3423 4504 sive
3470 4451 3716 4520 propter

2056 4536 2358 4591 Christum
2391 4543 2448 4592 et
2478 4537 2989 4608 praedicationem.
3023 4561 3043 4587 ιι
3082 4540 3152 4593 Et
3190 4537 3435 4594 odorem
3484 4535 3713 4592 notitia

2058 4642 2200 4680 sum.
2236 4647 2264 4675 »
2297 4624 2456 4680 Odor
2473 4626 2702 4681 notitias
2732 4626 2849 4683 duo
2882 4627 3197 4700 signiﬁcat.
3231 4632 3291 4681 et
3330 4624 3490 4697 quod
3537 4624 3717 4681 cmle-

289 4709 501 4782 λυπται
531 4728 661 4777 πᾶσι
692 4720 785 4775 καὶ
817 4716 1097 4794 πρόδηλόν
1140 4714 1309 4781 ἐστιν,
1363 4712 1496 4788 ὅπερ
1544 4710 1635 4766 καὶ
1696 4709 1944 4786 ἀλλαχοῦ

2061 4715 2167 4769 stis
2199 4713 2540 4786 praedicatio
2574 4722 2942 4788 unguentum
2974 4716 3071 4783 sit,
3092 4722 3150 4771 et
3180 4714 3341 4786 quod
3365 4730 3487 4769 non
3518 4712 3717 4768 omni-

291 4835 488 4894 φησιν,
531 4837 559 4865 ‹‹
586 4817 749 4887 ’Ἄρτι
784 4808 1059 4886 βλέπομεν
1095 4803 1166 4860 δι’
1196 4802 1461 4894 ἐσόπτρου
1494 4797 1545 4856 ἐν
1586 4800 1951 4894 αἰνίγματα»

286 4889 497 4969 ⁸Ὠιι-περ
528 4902 631 4979 γὰρ
664 4902 698 4966 ἡ
733 4899 876 4971 ὅσμή
912 4895 1082 4968 δηλοῖ
1124 4895 1217 4969 μὲν
1246 4892 1385 4949 εἷναί
1439 4912 1543 4946 που
1603 4889 1797 4965 μύρον,
1850 4893 1952 4961 τήν

288 4991 350 5050 δὲ
385 4993 573 5048 οὐσίαν
598 4991 767 5059 αὐτὴν
799 4987 859 5044 οὐ
892 4985 1060 5058 δηλοῖ
1087 4989 1185 5041 τοῦ
1242 4980 1517 5051 πνέοντος,
1576 4981 1750 5042 οὕτως
1796 4980 1886 5035 καὶ
1916 4982 1953 5050 ἡ

291 5077 393 5135 διὰ
421 5082 517 5134 τοῦ
556 5076 915 5152 κηρύγματος
944 5076 1164 5148 γνῶσις,
1197 5067 1364 5142 δηλοῖ
1419 5067 1513 5141 μὲν
1558 5067 1649 5122 καὶ
1713 5063 1955 5122 διδάσκει

291 5168 439 5224 εἶναι
466 5166 619 5236 Θεὸν,
654 5167 845 5226 ὁποῖος
880 5163 937 5219 δὲ
964 5165 1058 5232 τὴν
1102 5159 1308 5229 οὐσίαν,
1332 5156 1430 5213 οὐκ
1450 5155 1550 5214 ἔτι.
1577 5180 1605 5209 ‹‹
1631 5160 1953 5231 Φανεροῦντι

294 5257 371 5313 δι’
404 5258 586 5330 ἡμῶν.
621 5280 649 5306 ››
682 5253 1058 5328 Θυμιατήριον
1089 5249 1216 5327 γὰρ,
1250 5246 1440 5325 φησὶν,
1497 5244 1654 5319 ἐσμὲν
1702 5249 1801 5300 τοῦ
1853 5244 1958 5318 μύ-

295 5368 399 5423 ρου
430 5345 629 5400 τούτου
659 5343 747 5399 καὶ
784 5339 1038 5418 οὐρανίου
1069 5338 1438 5413 θυμιάματος,
1476 5336 1575 5403 τήν
1637 5336 1814 5408 ὀσμὴν
1860 5334 1953 5423 αὐ-

292 5421 397 5491 τοῦ
429 5433 817 5514 περιφέροντες
847 5434 1149 5506 πανταχοῦ.
1211 5453 1238 5481 ‹‹
1281 5429 1406 5485 ’Ότι
1461 5428 1702 5497 Χριστοῦ
1758 5421 1958 5479 εὐωδία

291 5523 483 5597 ἐσμὲν.
522 5550 542 5576 ι
574 5512 658 5583 ⁷οὐ
693 5522 880 5595 μόνον,
913 5519 1100 5595 φησὶν,
1135 5514 1365 5573 εὐωδίαν
1393 5513 1763 5591 κηρύσσομεν,
1813 5512 1960 5570 ἀλλὰ

293 5615 396 5673 καὶ
425 5618 589 5690 ἡμεῖς
623 5614 676 5670 οἱ
702 5610 1004 5669 ἀπόστολοι
1036 5606 1238 5667 εὐωδία
1268 5606 1451 5681 ὲσμὶν,
1484 5609 1708 5683 Χριστῷ
1734 5608 1814 5679 τῷ
1844 5608 1960 5678 Θεῷ

379 5799 427 5835 ²⁰
457 5798 637 5855 ICor.
660 5798 898 5866 21",”.

2062 4803 2173 4858 bus
2198 4802 2453 4858 revelata
2467 4803 2614 4859 sitet
2637 4805 2975 4861 manifesta:
3003 4804 3161 4876 quod
3181 4803 3358 4859 etiam
3380 4801 3523 4858 alibi
3546 4802 3714 4857 dicit:

2064 4916 2091 4943 ‹‹
2126 4893 2438 4948 Cernimus
2469 4910 2629 4949 nunc
2662 4910 2767 4966 per
2791 4894 3100 4966 speculum
3130 4893 3192 4949 in
3241 4892 3556 4966 aenigmate
3581 4892 3647 4949 ²⁰.
3688 4911 3707 4942 ι

2062 4982 2577 5048 Quemadmodum
2601 4985 2757 5039 enim
2783 4984 2931 5040 odor
2961 4984 3186 5040 indioat
3215 4982 3457 5055 quidem
3496 4972 3716 5039 alicubi

2065 5090 2194 5129 esse
2231 5080 2620 5146 unguentum,
2670 5090 2791 5129 non
2839 5080 3041 5130 tamen
3090 5073 3282 5146 ipsam
3330 5072 3720 5128 manifestant

2064 5161 2443 5233 prmsentiam
2468 5166 2598 5231 ejus
2629 5162 2788 5235 quod
2820 5163 3007 5234 spirat
3041 5179 3054 5217 :
3100 5163 3184 5218 ita
3231 5177 3468 5233 quoque
3502 5159 3722 5216 notitia

2066 5269 2197 5323 quas
2228 5269 2335 5323 per
2372 5252 2855 5324 praedicationem
2884 5253 3156 5314 habetur.
3183 5251 3447 5307 ostendit
3476 5250 3721 5323 quidem

2065 5359 2133 5398 ac
2163 5343 2337 5398 docet
2384 5359 2511 5399 esse
2565 5344 2772 5411 Deum,
2808 5350 2868 5399 at
2898 5344 3091 5415 qualis
3123 5343 3202 5399 sit
3238 5358 3345 5415 per
3396 5341 3722 5398 essentiam

2064 5447 2185 5487 non
2217 5432 2316 5487 ita.
2354 5454 2383 5483 «
2417 5433 2747 5490 Manifestat
2777 5450 2883 5505 per
2912 5450 3041 5489 nos.
3087 5453 3111 5483 ο
3144 5435 3289 5489 Nam
3320 5432 3503 5488 veluti
3534 5429 3722 5486 thuri-

2066 5520 2295 5586 bulum,
2328 5521 2546 5594 inquit,
2580 5539 2787 5579 sumus
2818 5523 2997 5596 hujus
3028 5522 3314 5597 unguenti
3345 5538 3413 5578 ac
3462 5517 3718 5576 ccelestis

2066 5611 2318 5679 incensi,
2370 5612 2559 5684 ipsius
2620 5612 2866 5670 odorem
2920 5612 3143 5686 ubique
3209 5609 3718 5670 circumferentes.
