4080 6398
300 420 425 480 943

1424 415 1852 479 OECUMENIl
1897 408 2199 473 TlllCCAE
2247 410 2615 473 EPlSCOPI.

3607 418 3727 475 9M

295 574 324 602 ‹‹
350 551 648 617 Quoniam
677 550 896 606 Christi
942 550 1102 606 bona
1148 552 1477 624 fragrantia
1508 564 1733 604 sumus.
1770 569 1798 596 »
1829 547 1953 600 Non

2070 541 2186 596 οἷον
2215 541 2616 620 ἀναφερομένη.
2652 548 2775 606 Πῶς
2802 561 2818 611 ;
2846 542 2883 613 ἢ
2949 544 3184 608 ἑαυτοὺς
3232 547 3663 625 ἱερουργοῦντες,
3696 548 3733 619 ἢ

288 641 522 708 solum,
555 640 773 710 inquit,
823 639 1041 696 bonam
1097 640 1483 713 fragrantiam
1538 637 1955 711 praedicamus,

289 745 495 785 verum
523 730 710 785 etiam
742 747 850 785 nos
869 730 1121 802 apostoli
1150 729 1305 785 bona
1333 729 1671 802 fragrantia
1726 740 1957 789 sumus,

298 836 432 889 quae
466 836 500 874 a
525 820 759 874 Christo
792 821 909 874 Deo
948 820 1128 875 veluti
1161 820 1428 892 emergit.
1462 815 1816 884 Quomodo?
1844 818 1962 869 Aut

301 926 412 965 nos
454 909 617 980 ipsos
647 910 1074 976 sacrificantes,
1105 915 1209 965 aut
1240 909 1501 965 externis
1530 904 1960 962 afflictionibus

301 998 574 1070 quotidie
621 1000 969 1064 morientes,
1016 1000 1171 1054 614
1221 1006 1281 1054 et
1317 999 1379 1053 in
1427 997 1644 1052 Christi
1688 995 1958 1050 victimas

297 1090 582 1159 reputati.
614 1111 642 1139 «
676 1090 743 1142 In
774 1089 866 1142 his
899 1089 999 1159 qui
1050 1088 1195 1143 salvi
1255 1090 1409 1144 fiunt
1483 1109 1512 1138 »
1571 1088 1732 1142 Bona
1780 1084 1959 1156 igitur

290 1178 624 1250 fragrantia
642 1193 869 1245 sumus,
893 1183 953 1233 et
984 1168 1198 1232 bonam
1251 1175 1642 1250 fragrantiam
1674 1172 1955 1246 praedica-

299 1283 472 1323 mus:
505 1267 623 1321 sive
656 1268 789 1337 quis
818 1284 888 1322 ex
917 1267 1028 1321 hoc
1061 1267 1258 1322 salvus
1292 1266 1395 1322 fiat
1429 1283 1539 1338 per
1577 1264 1781 1330 ﬁdem,
1834 1262 1958 1317 sive

291 1363 498 1427 pereat
538 1373 642 1427 per
696 1356 1200 1413 incredulitatem.
1236 1355 1761 1422 Quemadmodum
1796 1352 1955 1407 enim

291 1446 379 1504 sol
407 1452 466 1501 et
496 1447 613 1502 mel
646 1446 719 1502 ab
754 1448 846 1503 his
899 1448 1004 1518 qui
1052 1447 1377 1503 czecutiunt
1420 1453 1523 1502 aut
1566 1446 1702 1501 vitio
1752 1442 1954 1498 affecti

293 1541 455 1601 sunt,
485 1552 606 1591 non
631 1537 804 1607 juxta
836 1553 1004 1593 suam
1028 1538 1473 1609 perspiciuntur
1496 1541 1774 1591 naturam
1803 1549 1815 1586 :
1850 1530 1955 1587 sed

293 1641 414 1693 non
441 1625 515 1680 ob
555 1625 617 1680 id
645 1626 749 1681 ille
786 1626 1028 1697 quidem
1076 1626 1432 1682 tenebrosus
1466 1630 1575 1692 est,
1614 1624 1726 1678 hoc
1756 1628 1954 1677 autem

296 1729 589 1788 amarum,
614 1713 695 1769 ita
716 1720 772 1768 et
793 1731 902 1769 nos
929 1720 986 1769 et
1023 1714 1388 1786 praedicatio,
1423 1729 1769 1784 quanquam
1800 1728 1954 1766 non-

296 1802 448 1856 nulli
480 1802 554 1856 ob
573 1803 1055 1858 incredulitatem
1075 1809 1345 1875 pereant,
1374 1820 1496 1858 non
1518 1803 1591 1857 ob
1617 1801 1677 1856 id
1701 1817 1820 1856 non
1867 1805 1957 1855 est

299 1891 609 1963 spirituale
640 1898 1002 1964 unguentem
1032 1910 1045 1946 :
1087 1896 1230 1963 quin
1280 1893 1476 1964 potius
1518 1908 1588 1947 ex
1618 1893 1729 1946 hoc
1760 1889 1952 1945 admi-
1984 1913 2030 1977 Β

298 1979 556 2036 randum
605 1986 715 2047 est,
766 1980 925 2051 quod
966 1998 1176 2052 pravos
1227 1986 1436 2053 arguat
1473 1996 1541 2035 ac
1589 1979 1947 2035 convincat:

297 2069 439 2139 quia
460 2076 519 2123 et
537 2076 908 2142 unguentum
932 2088 1141 2142 porcos
1163 2071 1453 2126 suffocare
1476 2070 1781 2136 dicitur,et
1799 2068 1953 2141 ignis

296 2159 499 2230 spinas
518 2175 967 2215 consumere.—
989 2162 1134 2215 Nam
1171 2160 1288 2215 sive
1316 2160 1613 2231 quispiam
1635 2158 1828 2213 salvus
1853 2158 1954 2213 fiat

294 2249 412 2302 sive
427 2249 1038 2322 pereat,Evangelium
1057 2250 1119 2303 in
1134 2265 1241 2304 sua
1258 2248 1733 2320 permanetvirtu
1743 2248 1951 2302 te.Non

295 2338 455 2392 enim
478 2338 666 2408 ipsius
698 2355 847 2410 opus
870 2344 961 2395 est
982 2338 1262 2410 perditio,
1285 2338 1392 2393 sed
1417 2336 1861 2410 ingratitudinis
1884 2336 1952 2395 il-

292 2426 546 2482 lorum.«
581 2428 682 2482 His
704 2427 946 2499 quidem
970 2428 1117 2483 odor
1139 2428 1348 2483 mortis
1368 2428 1442 2483 ad
1462 2434 1738 2483 mortem.
1772 2447 1802 2476 »
1826 2428 1951 2482 Non

292 2532 363 2571 ex
393 2517 634 2588 pr0pria
662 2525 894 2583 natura,
925 2517 1029 2571 sed
1048 2534 1119 2572 ex
1138 2518 1404 2589 ipsorum
1432 2516 1680 2572 malitia.
1702 2515 1948 2581 Quando

291 2605 675 2662 viviticativus
698 2611 787 2661 est
809 2611 909 2661 aut
933 2606 1176 2677 quidem
1192 2612 1249 2661 et
1267 2606 1535 2661 Christus
1554 2605 1706 2677 lapis
1730 2603 1950 2660 eratof-

291 2696 585 2752 fensionis
608 2703 667 2751 et
688 2703 855 2768 petra
879 2697 1144 2752 scandali
1171 2697 1264 2751 his
1289 2697 1389 2767 qui
1411 2695 1945 2769 pereunt.—Aliud.

292 2786 463 2841 Juxta
512 2786 771 2841 inditum
820 2786 1037 2856 cuique
1098 2786 1399 2854 affectum,
1434 2787 1627 2841 suavis
1675 2785 1822 2841 odor
1850 2789 1953 2840 aut

294 2875 603 2930 mortifer:
629 2875 1133 2947 quemadmodum
1157 2876 1206 2930 si
1236 2875 1395 2931 idem
1428 2880 1798 2948 unguentum
1831 2890 1953 2930 sca-

293 2964 473 3019 rabeo
505 2970 562 3019 et
595 2964 884 3020 columbae
916 2971 1306 3036 proponatur,
1358 2981 1479 3020 non
1509 2965 1667 3020 idem
1694 2965 1756 3019 in
1786 2969 1952 3020 utro-

291 3070 409 3123 que
438 3054 700 3110 efﬁciet:
740 3054 844 3109 sed
875 3053 1157 3110 columba
1207 3053 1449 3125 quidem
1499 3054 1800 3110 robustior
1846 3070 1953 3126 per

289 3159 529 3198 suavem
561 3142 1111 3215 unguentiodorem
1143 3143 1435 3211 redditur,
1461 3143 1783 3200 scarabeus
1812 3159 1949 3199 vero

285 3232 669 3289 interimitur.
705 3234 792 3287 Ita
813 3239 870 3287 et
891 3233 1109 3289 Paulus
1133 3232 1406 3289 divinum
1431 3233 1586 3289 illud
1613 3234 1948 3301 incensum,
1986 3277 2031 3344 Ο

289 3320 333 3344 ..2
371 3322 499 3344 ---2-
531 3321 795 3344 -ΑΙ--...1.-
830 3328 979 3344 ---Αι
1017 3322 1159 3344 _2___a
1184 3324 1343 3344 φῖι---
1391 3322 1660 3344 οξι---..---
1686 3322 1911 3344 -AmL..-

288 3320 337 3375 si
367 3322 503 3392 quis
525 3321 804 3377 columba
825 3322 1165 3387 esset,sicut
1184 3324 1366 3389 Titus,
1391 3322 1663 3378 Silvanus
1680 3322 1953 3377 οιΤὶωο-

286 3409 483 3469 theus.
501 3426 620 3464 una
643 3426 779 3464 cum
803 3427 869 3465 eo
892 3410 1287 3482 participabat
1313 3411 1375 3465 in
1400 3411 1556 3467 bono
1584 3412 1715 3467 vitae
1749 3410 1953 3478 odore,

288 3497 611 3568 proficiens
634 3498 707 3553 ad
731 3515 907 3553 omne
945 3499 1005 3554 id
1033 3498 1191 3569 quod
1226 3500 1542 3554 honestum
1576 3505 1726 3566 erat,
1788 3514 1953 3554 sam-

292 3585 411 3658 ptis
428 3585 499 3641 ab
520 3587 646 3659 ipso
670 3588 994 3659 exemplis;
1022 3588 1071 3643 si
1110 3605 1246 3644 vero
1269 3590 1482 3644 Demas
1528 3589 1825 3661 quispiam
1858 3604 1951 3643 es-

296 3680 389 3729 set
423 3681 525 3731 aut
577 3676 911 3731 Alexander
970 3682 1072 3732 aut
1117 3678 1538 3750 Hermogenes,
1592 3693 1712 3733 non
1754 3676 1954 3733 ferens

296 3766 708 3838 temperantiae
754 3765 1187 3835 suffimentum,
1230 3766 1650 3823 scarabeorum
1712 3784 1874 3822 more
1920 3784 1955 3823 a

300 3857 462 3913 suavi
485 3855 665 3912 odore
690 3856 1024 3929 fugabatur.
1060 3880 1087 3908 «
1120 3858 1191 3912 Et
1220 3857 1294 3913 ad
1316 3856 1442 3912 haec
1464 3858 1598 3929 quis
1629 3856 1950 3913 idoneus?»

298 3953 389 4000 An
423 3945 495 4001 ad
529 3951 753 4001 tantam
785 3948 1035 4019 gratiam
1066 3945 1318 4002 idoneos
1338 3963 1438 4003 vos
1462 3963 1592 4002 esse
1623 3946 1865 4018 putatis,
1888 3952 1955 4001 ut

295 4035 512 4089 Christi
542 4035 700 4091 bona
735 4034 1060 4108 fragrantia
1088 4036 1216 4092 sitis
1237 4037 1264 4091 ‘l
1298 4052 1701 4107 nequaquam,
1734 4036 1837 4092 sed
1872 4042 1954 4091 t0-

295 4110 422 4178 tum
454 4123 655 4195 gratim
680 4130 788 4179 est.
826 4148 853 4174 ι(
886 4127 1013 4179 Non
1064 4124 1225 4179 enim
1261 4142 1466 4180 sumus
1503 4110 1887 4195 ut'plerique.
1922 4145 1951 4174 »

295 4211 793 4282 Pseudapostolos
815 4211 911 4267 hic
941 4213 1225 4281 insinuat,
1246 4214 1348 4283 qui
1381 4213 1479 4267 Dei
1513 4212 1763 4284 gratiam
1812 4230 1951 4283 pro-

291 4299 491 4369 prium
523 4315 673 4370 opus
705 4315 835 4355 esse
868 4299 1166 4367 dicebant,
1201 4306 1260 4355 et
1296 4301 1417 4357 ait:
1452 4302 1776 4372 Propterea
1805 4300 1949 4369 dixi,

291 4410 321 4438 ι(
340 4388 499 4452 Quis
526 4386 800 4455 idoneus,
837 4412 864 4438 ››
898 4395 957 4444 et
978 4390 1097 4444 Deo
1123 4406 1248 4444 rem
1274 4406 1512 4445 omnem
1537 4388 1952 4461 attribui,quia

293 4493 415 4531 non
450 4492 581 4533 sum
615 4476 769 4532 sicut
798 4478 1246 4549 cmterinempe
1269 4478 1712 4551 pseudapostoli
1738 4496 1952 4551 caupo-

294 4580 446 4621 nans
480 4571 538 4622 et
558 4565 819 4621 alienum
838 4566 1061 4623 faciens
1081 4566 1301 4622 donum
1323 4568 1596 4623 Dei.Cum
1620 4568 1780 4624 enim
1796 4570 1950 4625 Deus

2069 630 2177 685 ἀπὸ
2206 636 2315 686 τῶν
2348 630 2542 705 ἔξωθεν
2570 635 2690 697 καθ’
2737 631 2948 707 ἡμέραν
3005 634 3467 706 ἀποθνήσκοντες,
3515 638 3606 691 καὶ
3659 638 3740 702 εἰς

2068 720 2242 794 ἱερεῖα
2270 718 2627 797 λογιζόμενοι
2659 727 2916 797 Χριστοῦ.
2953 747 2981 775 α
3016 724 3102 778 Ἐν
3134 728 3251 786 τοῖς
3310 726 3666 798 σωζομένοις.
3703 750 3736 780 ι)

2070 808 2291 867 Εὐωδία
2345 815 2632 886 τοιγαροῦν
2671 812 2852 884 ἐσμεν,
2922 811 3013 867 καὶ
3072 810 3300 869 εὐωδίαν
3356 815 3729 889 κηρύσσομεν,

2066 896 2165 954 κᾶν
2196 919 2281 960 τις
2311 898 2371 955 έκ
2398 899 2601 955 τούτου
2653 899 2898 971 σώζηται
2947 900 3036 957 διὰ
3079 905 3179 972 τήν
3237 904 3443 974 πίστιν,
3503 904 3601 960 κᾶν
3647 927 3736 971 τις

2066 987 2377 1045 ἀπόλλυται
2405 987 2473 1045 δι’
2535 992 2808 1047 ἀπιστίαν.
2870 994 3074 1069 Ὥσπερ
3124 995 3227 1069 γὰρ
3259 996 3288 1048 6
3320 992 3485 1063 ⁴ἥλιος
3528 996 3615 1050 καὶ
3666 995 3732 1052 τὸ

2072 1075 2223 1151 μέλι,
2247 1085 2365 1141 τοίς
2423 1075 2852 1152 ἀμϐλυώττουσι
2907 1082 2998 1137 καὶ
3049 1088 3168 1144 τοῖς
3226 1084 3611 1157 κακουμένοις,
3664 1084 3730 1141 οὐ

2066 1167 2204 1223 κατὰ
2231 1169 2331 1237 τήν
2364 1168 2566 1224 οἰκείαν
2597 1171 2787 1245 ὁρᾶται
2820 1171 3007 1246 φύσιν,
3039 1168 3168 1228 ἀλλ’
3200 1172 3263 1228 οὐ
3323 1173 3469 1249 παρὰ
3497 1177 3662 1230 τοῦτο
3688 1173 3726 1244 ἤ

2065 1258 2339 1319 σκοτεινὸς
2399 1257 2664 1329 ἐκεῖνοςῆ
2702 1260 2766 1315 τὸ
2827 1258 2955 1334 μέλι
3004 1262 3224 1337 πικρὸν,
3285 1262 3458 1325 οὕτως
3514 1264 3606 1319 καὶ
3661 1265 3728 1319 τὸ

2065 1347 2330 1420 κήρυγμα
2359 1348 2450 1402 καὶ
2489 1349 2677 1421 ἡμεῖς,
2718 1347 2815 1404 κᾶν
2876 1348 3219 1405 ἀπόλλυνταί
3276 1372 3417 1414 τινες
3472 1355 3542 1427 τῇ
3600 1353 3727 1408 ἀπι-

2066 1434 2208 1505 στίᾳ,
2243 1434 2304 1489 οὐ
2358 1437 2505 1510 παρὰ
2555 1441 2718 1493 τοῦτο
2777 1438 2877 1493 οὐκ
2925 1436 3035 1494 ἔστι
3094 1441 3462 1513 πνευματικὸν
3524 1441 3724 1516 μύρον,

2062 1522 2210 1577 ἀλλὰ
2237 1523 2328 1578 καὶ
2359 1526 2497 1579 κατὰ
2524 1527 2684 1581 τοῦτό
2715 1526 2825 1582 ἐστι
2859 1528 3155 1602 θαυμάσαι,
3217 1529 3302 1584 ’ὁτι
3344 1529 3474 1591 τοὺς
3525 1530 3730 1593 κακοὺς

2064 1610 2305 1691 ἐλέγχει.
2338 1614 2490 1671 Ἐπεὶ
2540 1616 2628 1670 καὶ
2688 1617 2750 1671 τὸ
2814 1617 2986 1692 μύρον
3042 1617 3171 1680 τοὺς
3228 1618 3459 1694 χοίρους
3518 1621 3734 1695 πνίγειν

2064 1700 2253 1778 λόγος,
2321 1706 2412 1759 καὶ
2477 1706 2539 1759 τὸ
2605 1710 2714 1781 πῦρ
2779 1708 2874 1769 τὰς
2941 1706 3171 1771 ἀκάνθας
3252 1707 3592 1765 ἀναλίσκειν.
3661 1741 3736 1753 --

2064 1793 2324 1865 ]”ΙΩΑΝ.]
2359 1795 2455 1851 Ἀν
2485 1816 2545 1849 τε
2575 1795 2679 1871 γάρ
2710 1798 2953 1866 σώζηται
2983 1817 3089 1865 τιςυ
3146 1796 3331 1874 φτισῖνι
3382 1795 3443 1852 ἂν
3473 1819 3532 1853 τε
3557 1797 3735 1854 ἀπ⁶λ“

2064 1878 2247 1949 λυται,
2278 1884 2340 1937 τὸ
2376 1882 2712 1960 Εὐαγγέλιον
2750 1885 2846 1953 τὴν
2891 1884 3093 1940 οἰκείαν
3124 1887 3320 1961 ἀρετὴν
3368 1882 3498 1961 ἕχον
3552 1890 3727 1961 μένει.

2062 1972 2140 2029 Οὐ
2172 1974 2277 2048 γὰρ
2336 1973 2502 2029 αὐτοῦ
2559 1966 3086 2050 ἕργονὴἀπώλεια,
3145 1975 3294 2032 ἀλλὰ
3352 1985 3451 2046 τῆς
3511 1978 3730 2035 ἐκείνων

2061 2062 2472 2136 ἀγνωμοσύνης.
2512 2089 2533 2115 α
2571 2066 2669 2127 Οἷς
2700 2065 2795 2139 μὲν
2826 2066 2972 2139 όσμή
3006 2068 3232 2122 θαεάτου
3284 2068 3361 2131 εἰς
3410 2069 3657 2133 θάνατον.
3695 2093 3725 2122 υ

2063 2149 2140 2207 Οὐ
2169 2152 2316 2228 παρὰ
2345 2154 2444 2223 τήν
2502 2153 2706 2209 οἰκείαν
2766 2153 2947 2229 φύσιν,
3006 2154 3154 2210 ἀλλὰ
3205 2156 3352 2231 παρᾶ
3408 2157 3505 2224 τὴν
3545 2158 3724 2213 αὐτῶν

2060 2241 2266 2296 κακίαν.
2300 2243 2450 2299 Ἐπεὶ
2485 2242 2575 2297 καὶ
2609 2244 2637 2297 6
2679 2245 2932 2318 Χριστὸς,
2975 2245 3129 2307 Λίθος
3178 2246 3243 2313 ἦν
3297 2247 3729 2320 προςκόμματος

2061 2329 2153 2385 καὶ
2183 2329 2352 2405 πέτρα
2382 2330 2685 2387 σκανδάλου
2718 2338 2838 2395 τοῖς
2896 2332 3329 2407 ἀπολλυμένοις.
3365 2367 3430 2377 —
3470 2333 3724 2398 Ἀλλως.

2064 2421 2832 2495 [ΓΡΗΓΟΡΙΟΥΝΥΣΣΗΣ.]
2876 2422 3024 2480 Κατᾶ
3079 2424 3178 2494 τὴν
3235 2429 3544 2500 προσοῦσαν
3600 2424 3731 2480 εκά-

2063 2530 2172 2596 στῳ
2208 2507 2483 2582 διάθεσιν,
2511 2513 2547 2582 ἢ
2584 2512 2855 2581 ζωοτοιὸς
2915 2513 3141 2587 ἐγίνετο,
3189 2514 3225 2584 ἤ
3277 2516 3654 2596 θανατηφόρος
3686 2519 3722 2588 ἡ

2063 2595 2307 2658 εῦπνοια.
2338 2602 2541 2674 ’Ὠσπερ
2572 2602 2635 2656 τὸ
2667 2601 2797 2657 αὐτὸ
2834 2602 3005 2677 μύρον
3063 2604 3108 2657 εἰ
3166 2606 3429 2679 Κανθάρῳ
3469 2595 3556 2661 καὶ
3620 2612 3726 2662 Πε-

2065 2693 2281 2763 ριστερᾷ
2303 2690 2616 2763 προτεθείη,
2658 2691 2723 2745 οὐ
2778 2690 2973 2746 ταύτὸν
3031 2691 3111 2772 ἐρ’
3172 2693 3438 2768 ἑκατέρων
3494 2694 3728 2773 ἐργάζε-

2061 2797 2175 2846 ται,
2234 2776 2430 2847 ἆλλ’ἠ
2494 2779 2590 2851 μὲν
2650 2781 2962 2855 περιστερὰ,
3016 2779 3423 2859 ῥωμαλεωτέρα
3478 2782 3567 2839 διὰ
3616 2792 3723 2856 τῆς

2061 2865 2315 2929 εὐπνοίας
2364 2871 2462 2921 τοῦ
2519 2868 2693 2943 μόρου
2752 2869 2980 2943 γίνεται,
3016 2872 3044 2925 6
3077 2868 3134 2926 δὲ
3190 2872 3457 2949 κάνθαρος
3516 2874 3727 2954 φθείρε-

2058 2974 2168 3012 ται.
2202 2955 2394 3018 Οὕτως
2425 2957 2514 3012 καὶ
2545 2957 2573 3012 6
2604 2956 2846 3026 Παῦλος,
2905 2957 2967 3015 τὰ
3015 2965 3159 3024 θεῖον
3215 2961 3387 3017 έκεῖνο
3447 2964 3719 3037 θυμίαμα,

2061 3045 2105 3100 εἰ
2141 3044 2235 3120 μέν
2265 3068 2348 3108 τις
2398 3046 2465 3117 ἦν
2525 3049 2835 3125 περιστερὰ,
2891 3052 3029 3106 κατὰ
3087 3053 3255 3109 Τίτον
3287 3052 3322 3123 ἤ
3354 3051 3651 3110 Σιλουανὸν
3681 3055 3716 3123 ἢ

2061 3135 2355 3209 Τιμόθεον,
2385 3143 2749 3214 συμμετεῖχεν
2801 3139 2950 3212 αὐτῷ
3005 3147 3106 3209 τῆς
3152 3139 3379 3204 εὐωδίας
3427 3147 3524 3198 τοῦ
3572 3143 3721 3217 βίου,

2059 3225 2386 3300 προκόπτων
2419 3225 2473 3282 ἐν
2504 3228 2664 3283 παντὶ
2726 3232 2882 3301 καλῷ
2936 3235 3057 3294 τοῖς
3113 3232 3230 3286 κατ’
3291 3231 3448 3287 αὐτὸν
3504 3230 3725 3289 ὑποδεί-

2058 3335 2277 3387 γμασιν⁸
2312 3314 2356 3369 εἰ
2398 3311 2455 3369 δὲ
2487 3320 2676 3387 Δημᾶς
2698 3337 2783 3381 τις
2812 3314 2879 3383 ἦν
2912 3318 2971 3386 ἢ.
3017 3316 3402 3395 Ἀλέξανδρος,
3447 3318 3484 3390 ἤ
3517 3320 3725 3394 Ἑρμο-

2059 3399 2242 3477 γένης,
2298 3401 2361 3457 οὐ
2422 3399 2671 3480 φέροντες
2728 3405 2791 3459 τὸ
2872 3407 2971 3475 τῆς
3056 3404 3370 3483 ἐγκρατείας
3452 3408 3729 3483 θυμίαμα,

2061 3492 2340 3566 κανθάρων
2374 3488 2528 3562 δίκην
2568 3493 2673 3548 ὑπὸ
2705 3495 2803 3562 τῆς
2835 3492 3066 3559 εὐωδίας
3104 3494 3520 3572 ἐφυγαδεύοντο.
3555 3522 3584 3550 ‹‹
3620 3498 3729 3555 Καὶ

2060 3581 2196 3652 πρὸς
2223 3585 2392 3636 ταῦτα
2419 3581 2501 3644 τίς
2558 3582 2740 3644 ἱκανός
2772 3602 2786 3652 ;
2820 3607 2851 3636 ››
2907 3584 3049 3659 Ἀρα
3105 3594 3243 3661 πρὸς
3300 3587 3399 3655 τήν
3457 3585 3730 3657 τοσαύτην

2061 3672 2222 3745 χάριν
2258 3667 2465 3725 δοκεῖτε
2494 3673 2643 3744 ἡμᾶς
2692 3670 2914 3735 ἱκανοὺς
2974 3675 3111 3729 εἶναι
3173 3673 3247 3737 ὠς
3303 3676 3443 3731 εἶναι
3494 3672 3727 3732 εὐωδίαν

2060 3761 2299 3835 Χριστοῦ
2332 3779 2346 3829 ;
2385 3785 2410 3813 α
2442 3761 2749 3834 Οὐμενοῦν,
2781 3762 2927 3819 ἀλλὰ
2956 3764 3018 3818 τὸ
3049 3763 3179 3819 ὅλον
3242 3771 3341 3828 ταῖς
3392 3765 3643 3842 χάριτος.
3688 3790 3718 3820 η

2062 3849 2206 3910 Τοὺς
2234 3846 2711 3923 ψευδαποστόλους
2736 3849 2964 3916 ἐνταῦθα
2995 3852 3307 3928 αἰνίττεται,
3368 3855 3420 3909 οἱ
3471 3857 3572 3923 τὴν
3615 3858 3719 3910 τοῦ

2061 3941 2196 3992 Θεοῦ
2228 3940 2390 4013 χάριν
2453 3937 2654 3994 οἰκεῖον
2710 3934 2942 4016 ἔφασκον
2997 3943 3352 4017 κατόρθωμα,
3410 3943 3498 4000 καί
3555 3962 3715 4024 φησι·

2062 4028 2161 4081 Διά
2183 4032 2344 4082 τοῦτο
2376 4028 2547 4098 εἶπον,
2584 4052 2612 4081 ‹‹
2643 4028 2741 4091 Τίς
2774 4030 2959 4093 ἱκατός
2986 4050 2999 4100 ;
3035 4054 3064 4083 ››
3095 4031 3185 4087 καὶ
3213 4037 3295 4105 τῷ
3326 4037 3443 4106 Θεῷ
3499 4034 3562 4088 τὸ
3613 4040 3723 4090 πᾶν

2060 4114 2392 4185 ἀνατέθεικα,
2427 4117 2510 4171 ὅτι
2542 4115 2640 4171 οὐκ
2672 4116 2787 4190 εἰμὶ
2825 4120 2899 4179 ὡς
2958 4121 3010 4175 οἱ
3070 4119 3281 4193 λοιποὶ,
3338 4121 3632 4193 τουτέστιν,
3666 4125 3723 4179 οἰ

2061 4202 2525 4277 ψευδαπόστολοι,
2557 4204 2887 4276 καπηλεύων
2925 4209 3015 4265 καὶ
3072 4211 3305 4266 νοθεύων
3362 4213 3463 4282 τήν
3515 4210 3725 4289 δωρεὰν

2058 4296 2156 4348 τοῦ
2184 4297 2339 4352 Θεοῦ.
2370 4295 2534 4352 Ὅταν
2564 4296 2671 4371 γὰρ
2701 4297 2730 4351 6
2762 4296 2892 4361 Θεὸς
2924 4294 3002 4353 δῶ
3058 4295 3287 4376 δωρεὰν,
3340 4299 3483 4376 λέγει
3536 4299 3594 4357 δέ
3633 4324 3723 4366 τις

2058 4382 2165 4437 ἀπὸ
2218 4381 2438 4438 οἰκείων
2498 4380 2679 4439 πόνων
2741 4385 2910 4456 αὐτὴν
2988 4392 3302 4459 κεκτῆσθαι,
3355 4393 3563 4446 νοθευει
3616 4394 3721 4463 τὴν

2058 4474 2219 4547 χάριν
2253 4476 2349 4528 τοῦ
2381 4476 2537 4528 Θεοῦ.
2567 4474 2636 4530 Ἢ
2666 4474 2828 4530 τοῦτό
2889 4497 3044 4554 φησι.
3096 4478 3194 4533 Διὰ
3242 4483 3405 4535 τοῦτο
3452 4485 3569 4541 τοῖς
3618 4479 3719 4551 μὶν

2057 4559 2469 4635 ἀπολλυμένοις
2498 4561 2644 4634 ὀσμή
2679 4561 2793 4619 ἐστι
2819 4564 3075 4636 θανάτου,
3102 4572 3220 4628 τοῖς
3271 4566 3330 4624 δὲ
3381 4569 3715 4643 σωζομένοις

294 4652 516 4711 donum
547 4654 797 4723 dederit,
825 4656 970 4712 dicit
1001 4663 1198 4712 autem
1224 4657 1519 4729 quispiam
1542 4658 1700 4730 quod
1724 4658 1847 4714 suis
1887 4657 1947 4713 id

2061 4651 2201 4725 ὀσμὴ
2236 4657 2405 4722 ζωῆς,
2440 4649 2641 4737 ἐπειδὴ,
2671 4652 2733 4708 οὐ
2792 4657 3180 4730 καπηΛεύομεν
3236 4660 3327 4714 τὸν
3389 4660 3576 4737 λόγου,
3636 4658 3713 4723 ὡς

291 4743 598 4807 laboribus
652 4752 861 4802 nactus
904 4746 1001 4813 sit,
1042 4747 1293 4820 gratiam
1343 4749 1445 4803 Dei
1486 4748 1628 4803 facit
1666 4748 1950 4804 alienam.

289 4836 405 4889 Aut
434 4834 546 4891 hoc
571 4835 713 4890 dicit
738 4854 750 4891 :
781 4838 1102 4908 Propterea
1123 4837 1216 4893 his
1239 4838 1341 4908 qui
1365 4845 1618 4909 pereunt
1637 4838 1785 4892 odor
1804 4854 1957 4893 mor-

290 4922 367 4977 tis
395 4931 505 4992 est,
556 4925 708 4980 (illi
745 4924 837 4980 his
867 4930 1067 4980 autem
1114 4925 1216 4996 qui
1272 4926 1416 4981 salvi
1441 4926 1591 4981 ﬁunt
1624 4925 1773 4980 odor
1799 4926 1952 4994 vitm,

292 5012 579 5082 quoniam
610 5029 729 5068 non
761 5029 1171 5084 cauponamur
1192 5013 1458 5081 verbum,
1492 5015 1675 5068 veluti
1709 5012 1953 5084 quidam

295 5100 397 5170 qui
452 5100 601 5154 illud
669 5108 1041 5157 commutant
1097 5103 1427 5159 secundum
1494 5103 1838 5158 occasiones
1896 5108 1953 5158 et

296 5204 581 5260 personas
610 5189 796 5259 turpis
838 5190 984 5244 lucri
1016 5190 1239 5261 gratia:
1297 5190 1400 5245 sed
1447 5190 1755 5245 veritatem
1800 5207 1949 5261 pras-

294 5277 667 5345 dicamus,ut
697 5279 871 5350 etqui
906 5279 1066 5351 digni
1100 5286 1241 5335 sunt
1261 5280 1404 5335 salvi
1438 5279 1605 5347 ﬁant,
1632 5286 1687 5335 et
1719 5279 1951 5352 indigni

293 5364 367 5421 ob
386 5383 553 5422 suam
570 5367 1047 5423 incredulitatem
1071 5369 1579 5441 pereant.Etenim
1604 5386 1675 5423 ex
1699 5369 1950 5425 sinceri-

293 5462 412 5512 tate
460 5456 766 5528 loquimur
797 5474 927 5528 qum
976 5458 1229 5514 vidimus
1279 5464 1337 5514 et
1388 5476 1520 5530 quas
1553 5458 1887 5515 audivimus
1920 5476 1954 5516 a

291 5543 543 5602 Christo.
586 5568 614 5595 α
662 5545 776 5603 Sed
826 5545 987 5601 velut
1019 5564 1091 5602 ex
1123 5548 1259 5604 Deo.
1300 5570 1321 5599 ι
1359 5546 1471 5603 Sed
1502 5547 1664 5603 velut
1691 5547 1752 5602 hi
1786 5549 1887 5621 qui
1918 5566 1954 5605 a

2056 4742 2150 4796 καί
2178 4762 2319 4803 τινες
2359 4735 2915 4813 συμμεταϐάλλοντες
2975 4744 3136 4801 αὐτὸν
3195 4754 3313 4811 τοῖς
3366 4735 3579 4822 καιροῖς
3626 4748 3719 4804 καὶ

2055 4837 2174 4892 τοῖς
2205 4830 2542 4903 προσώποις,
2574 4829 2809 4910 αἰσχροῦ
2866 4830 3093 4909 κέρδους
3153 4838 3343 4912 χάριν,
3413 4836 3558 4893 ἀλλὰ
3616 4839 3719 4908 τήν

2060 4917 2319 4989 ἀλήθειαν
2347 4917 2714 4993 κηρύσσομεν,
2745 4918 2840 4975 ’ίνα
2888 4924 2978 4977 καὶ
3037 4924 3087 4978 οἱ
3141 4925 3281 4994 αξιοι
3334 4933 3576 4994 σωθῶσι,
3629 4926 3723 4984 καὶ

2060 5008 2111 5062 οἱ
2145 5007 2349 5078 ἀνάξιοι
2372 5010 2442 5082 τῇ
2477 5007 2651 5079 οἰκείᾳ
2709 5009 2933 5083 ἀπιστίᾳ
2990 5013 3343 5073 ἀπώλωνται.
3396 5017 3503 5073 Καὶ
3533 5017 3635 5092 γὰρ
3671 5016 3722 5088 ἐξ

2062 5095 2411 5168 εἰλικρινείας
2443 5095 2725 5171 λαλοῦμεν
2767 5100 2800 5154 ἅ
2831 5098 3017 5174 ἴδομεν
3046 5102 3137 5158 καὶ
3168 5104 3201 5158 ’ἀ
3230 5105 3543 5177 ἠκούσαμεν
3574 5105 3725 5180 παρᾶ

2058 5190 2155 5241 τοῦ
2178 5186 2434 5255 Χριστοῦ.
2475 5209 2500 5240 α
2532 5186 2690 5243 Ἀλλ’
2729 5188 2804 5251 ὡς
2846 5189 2905 5244 ἐκ
2936 5195 3092 5248 Θεοῦ.
3130 5215 3153 5245 ι
3191 5190 3352 5249 Ἀλλ’
3383 5193 3456 5256 ὠς
3488 5193 3547 5249 ἐκ
3586 5198 3724 5250 Θεοῦ

2062 5271 2322 5339 λαϐόντες
2356 5278 2446 5331 καὶ
2484 5277 2760 5349 μαθόντες,
2791 5279 2882 5333 καὶ
2914 5281 2988 5345 ὡς
3019 5282 3250 5338 ἐνώπιον
3295 5288 3393 5339 τοῦ
3442 5288 3575 5339 Θεοῦ
3621 5282 3722 5340 λα-

2062 5366 2303 5433 λοῦντες,
2336 5365 2425 5421 καὶ
2466 5366 2542 5428 ὡς
2596 5366 2651 5421 ἐν
2712 5368 2948 5443 Χριστῷ,
3008 5370 3273 5443 τουτέστι,
3336 5371 3425 5428 διὰ
3481 5376 3723 5448 Χριστοῦ

2057 5455 2469 5531 κατηχούμενοι
2527 5455 2618 5509 καὶ
2678 5452 3080 5532 διδασκόμενοι,
3144 5460 3446 5536 λαλοῦμεν,
3524 5457 3724 5535 Βαϐαὶ,

2057 5547 2233 5616 πόσην
2264 5544 2525 5614 ἀλήθειαν
2554 5541 2634 5616 τῷ
2664 5547 2973 5622 κηρύγματι
3007 5548 3378 5625 ἐμαρτύρησεν
3411 5553 3424 5607 l

288 5635 407 5693 Deo
428 5641 788 5708 acceperunt
816 5641 874 5691 et
904 5635 1261 5704 didicerunt,
1294 5642 1354 5693 et
1383 5637 1484 5709 qui
1521 5636 1582 5692 in
1614 5644 1938 5711 conspectu
1960 5637 2065 5695 Dei
2088 5638 2415 5710 loquuntur
2441 5651 2454 5690 :
2482 5640 2541 5690 et
2570 5640 2859 5709 tanquam
2899 5656 3005 5712 per
3053 5641 3373 5715 Christum,
3419 5641 3481 5698 id
3530 5648 3643 5715 est,
3688 5660 3728 5700 α

292 5724 523 5784 Christo
557 5727 829 5783 instructi
853 5734 911 5783 et
939 5727 1131 5784 edocti
1168 5727 1486 5799 loquimur.
1522 5730 1717 5802 Papae,
1754 5734 2040 5800 quantam
2066 5728 2375 5784 veritatem
2410 5725 2823 5799 prmdicationi
2853 5731 3148 5789 asseruit!
