4080 6390
348 432 469 502 918

1316 438 1727 502 COMMENT.
1773 440 1851 500 1N
1894 440 2143 504 EPIST.
2192 443 2248 504 Il
2292 444 2396 504 AD
2440 444 2807 509 CORINTH.

423 562 742 642 Ἀρχόμεθα
825 564 996 624 πάλιν
1081 567 1306 633 ἱαυτοὺς
1407 572 1734 629 συνιστάνειν
1812 568 1850 643 ἥ
1935 573 2011 647 μὴ
2043 576 2097 644 Α

3666 454 3785 514 946

2210 577 2307 645 Ill,
2334 579 2452 636 1-3.
2486 581 2790 652 Ιηοὶριηιιιε
2817 598 3036 640 rursum
3063 598 3161 641 nos
3180 586 3329 656 ipsos
3357 587 3740 644 commendare
3759 591 3788 644 ?

353 653 777 748 xpﬁ§opfedeic
834 677 997 722 τινες.
1080 664 1417 716 συστατικῶν
1498 660 1803 718 ἐπιστολῶν
1884 663 2016 733 πρὸς

2131 668 2269 723 Num
2286 684 2506 739 egemus
2527 677 2589 726 ut
2610 673 2870 728 nonnulli
2889 653 3349 730 commenda—tiliis
3367 675 3618 746 epistolis
3633 679 3787 748 apud

359 743 503 818 ὑμᾶς
546 744 582 814 ἢ
638 743 690 818 ἐξ
751 747 908 819 ὑμῶν
970 752 1327 804 συστατικῶν.
1387 750 1451 807 Ἥ
1507 747 1773 821 ἐπιστολὴ
1832 753 2017 823 ἡμῶν,

358 834 514 909 ὑμεῖς
575 832 695 889 ἐστε
749 833 1173 912 ἐγγεγραμμὲνη
1234 838 1287 893 ἐν
1341 843 1463 902 ταῖς
1527 838 1775 913 καρδίαις
1831 842 2019 915 ἡμῶν,

354 925 736 1000 γινωσκομένη
829 925 917 979 καὶ
1016 926 1492 1001 ἀναγινωσκομένη
1592 930 1694 984 ὑπὸ
1802 931 2018 986 πάντων

356 1013 680 1087 ἀνθρώπων,
794 1015 1190 1093 φανερούμενοι

355 1103 616 1175 Χριστοῦ,
691 1100 1078 1173 διακονηθεῖσα
1163 1106 1248 1182 ὑφ’

354 1190 425 1246 ού
496 1188 716 1264 μέλανι,

349 1277 404 1337 ἐν
455 1278 621 1350 πλαξὶ
674 1277 938 1349 λιθίναις,
1008 1280 1139 1339 ἀλλ⁹
1195 1282 1249 1341 ἐν
1308 1286 1474 1358 πλαξὶ
1556 1286 1808 1363 καρδίαις
1884 1306 2017 1363 σαρ-

349 1367 553 1433 κίναις.

1330 1016 1413 1073 ὅτι
1517 1017 1635 1075 ἐστὶ
1752 1016 2018 1089 ἐπιστολή

1335 1108 1517 1178 ἡμῶν,
1594 1106 2016 1185 ἐγγιγρειιμιμίινη

423 1501 452 1528 ‹‹
487 1477 809 1552 Ἀρχόμεθα
864 1477 1033 1534 πάλιν
1093 1480 1318 1547 ἑαυτοὺς
1385 1485 1734 1542 συνιστάνειν.
1769 1508 1799 1538 ››
1855 1486 2020 1550 Ἴσως

344 1562 462 1641 ἐρεῖ
487 1586 591 1629 τις,
624 1565 806 1643 φησ“ν,
843 1567 927 1622 δτι
983 1573 1153 1624 ταῦτα
1207 1567 1624 1650 διεξερχόμεθα,
1676 1575 2015 1650 βουλόμενοι

355 1654 484 1727 ὑμῖν
535 1653 759 1717 ἑαυτοὺς
816 1662 1063 1729 συνιστᾷν
1123 1659 1212 1714 καὶ
1266 1663 1676 1736 παρατίθεσθαι.
1740 1689 1770 1717 «
1821 1666 1888 1722 Ἥ
1935 1670 2012 1741 μή

360 1742 645 1819 χρῄζομεν
674 1745 748 1807 ὥς
778 1765 987 1807 τινες...
1020 1770 1049 1799 ››
1083 1749 1209 1805 Κατ’
1241 1748 1507 1823 ἐρώτησιν
1554 1751 1853 1827 ἀνάγνωθι.
1876 1759 2020 1832 Ἀρα

368 1834 446 1905 μὴ
480 1832 764 1911 χρῄζομεν
795 1832 831 1903 ἢ
865 1834 955 1915 ἀφ’
986 1836 1137 1909 ὑμῶν
1170 1839 1307 1911 πρὸς
1340 1839 1579 1913 ἐτέρους,
1613 1839 1650 1911 ἤ
1682 1844 1772 1921 ἀφ’
1819 1844 2013 1921 ἐτέρων

2124 771 2217 813 vos
2240 764 2340 812 aut
2368 774 2403 813 a
2431 760 2584 815 vobis
2622 762 3123 818 commendatitiis?
3150 765 3399 833 Epistola
3444 771 3634 820 nostra
3690 782 3785 822 vos

2125 849 2249 902 estis
2279 851 2490 919 scripta
2518 851 2576 904 in
2618 850 2876 906 cordibus
2929 851 3149 914 nostris.
3182 868 3303 922 quas
3332 854 3673 923 intelligitur
3731 857 3785 911 et

2128 935 2336 1006 legitur
2364 939 2432 993 ab
2465 940 2715 996 omnibus
2764 940 3097 1010 hominibus,
3129 942 3259 996 dum
3306 943 3601 999 declaratis
3629 946 3782 1014 quod

2125 1024 2252 1081 estis
2292 1026 2530 1097 epistola
2581 1029 2808 1097 Christi,
2837 1029 3263 1085 subministrata
3312 1047 3347 1083 α
3374 1031 3552 1100 nobis,
3583 1035 3787 1088 inscri-

2119 1119 2225 1184 pta
2252 1130 2363 1170 non
2415 1122 2750 1185 atramento,
2776 1118 2872 1173 sed
2906 1121 3112 1182 spiritu
3142 1121 3242 1174 Dei
3280 1120 3554 1175 viventis:
3586 1137 3700 1177 non
3724 1125 3785 1176 in

805 1189 955 1248 ἀλλὰ
1034 1194 1304 1269 πνεύματι
1391 1201 1527 1253 Θεοῦ
1610 1203 1836 1269 ζῶντος,
1923 1197 2016 1254 ούκ

2131 1201 2334 1258 tabulis
2359 1203 2613 1273 lapideis,
2640 1205 2737 1260 sed
2762 1206 2823 1260 in
2854 1206 3057 1262 tabulis
3085 1206 3270 1262 cordis
3291 1208 3529 1263 carneis.

2193 1511 2222 1539 «
2255 1488 2580 1561 lncipimus
2608 1501 2867 1544 rursum.
2906 1507 2936 1537 »
2968 1484 3135 1543 Dicet
3150 1485 3422 1542 fortassis
3454 1485 3783 1557 quispiam,

2124 1579 2339 1651 inquit,
2374 1577 2532 1650 quod
2564 1577 2689 1632 haec
2733 1576 3098 1632 disseramus
3155 1575 3423 1632 volentes
3453 1592 3563 1632 nos
3620 1575 3783 1648 ipsos

2122 1668 2289 1726 vobis
2328 1667 2748 1724 commendare
2783 1672 2843 1720 et
2873 1666 2933 1720 in
2966 1665 3234 1722 medium
3266 1666 3482 1721 aﬂ'erre
3516 1684 3529 1720 :
3563 1687 3590 1713 «
3627 1666 3779 1721 Num

2125 1774 2367 1832 egemus
2398 1763 2465 1812 ut
2494 1755 2770 1812 nonnulli
2803 1796 2841 1810 ..
2882 1779 2902 1803 ι
2938 1754 3361 1823 lnterrogative
3392 1754 3517 1809 haec
3566 1755 3783 1828 legito:

2124 1850 2330 1905 Utrum
2372 1846 2545 1902 nobis
2577 1862 2725 1917 opus
2760 1850 2848 1899 est
2878 1851 2981 1899 aut
3008 1861 3041 1900 a
3071 1843 3238 1900 vobis
3268 1844 3340 1899 ad
3372 1844 3523 1899 alios
3554 1851 3657 1899 aut
3709 1844 3781 1899 ab

360 1923 498 1996 πρὸς
550 1924 689 1994 ὑμᾶς
747 1930 1103 1997 συστατικῶν,
1164 1930 1412 1985 τουτὲστι
1463 1933 1837 2007 παραθετικῶν
1898 1934 2014 1991 ἑπι-

2131 1938 2257 1994 aliis
2283 1936 2357 1991 ad
2380 1952 2480 1990 vos
2510 1933 3015 1991 commendatitiis
3040 1933 3332 2005 epistolis,
3368 1934 3491 1989 sive
3513 1948 3644 2005 quas
3677 1949 3786 1988 nos

363 2009 573 2066 στολῶν
602 2031 615 2081 ;
650 2013 749 2068 Διὰ
776 2014 974 2069 τούτου
1007 2011 1086 2085 δὲ,
1144 2017 1274 2080 τοὺς
1325 2016 1808 2092 ψευδαποστόλους
1848 2023 2015 2079 αίνίτ-

348 2121 519 2160 τεται.
549 2126 578 2155 ι(
620 2103 685 2160 Ἡ
709 2102 973 2175 ἐπιστολή
1017 2107 1178 2178 ἡμῶν
1234 2107 1373 2181 ὑμᾶς
1432 2108 1571 2168 ἐστε.
1605 2134 1635 2164 »
1696 2113 1842 2168 Ἀντὶ
1893 2112 2015 2169 ἐπι-

347 2190 576 2276 στολῆς,
633 2193 789 2268 φησί,
851 2190 1147 2268 δυναμένης
1205 2198 1355 2270 ἡμᾶς
1435 2201 1790 2275 παραθέσθαι,
1871 2203 2013 2276 ὑμᾶς

352 2273 581 2355 ἔχομεν,
611 2282 701 2335 καὶ
730 2283 831 2350 τήν
876 2283 1028 2354 ὑμῶν
1084 2285 1223 2340 κατὰ
1278 2287 1406 2342 Θεὸν
1461 2273 1835 2362 εὐδοκίμησιν.
1895 2273 2017 2347 Δεῖ-

352 2390 473 2445 γμα
501 2370 605 2444 γὰρ
644 2371 842 2445 ἀρετῆς
902 2369 1256 2448 διδασκᾶλου,
1308 2379 1342 2446 ἠ
1390 2381 1500 2432 τῶν
1549 2381 1805 2452 μαθητῶν
1857 2379 2013 2436 εὗδο-

352 2458 606 2530 κίμησις.
635 2460 703 2517 Οἱ
731 2461 825 2515 οὗν
856 2462 993 2536 πρὸς
1036 2461 1243 2526 ἂλλους
1292 2466 1434 2539 ὑμᾶς
1467 2462 1687 2543 ἔχοντες
1724 2469 1800 2533 εἰς
1843 2460 2011 2549 λόγον

353 2549 683 2615 συστάσεως,
718 2550 815 2605 οὐκ
850 2550 909 2606 ἃν
942 2552 1077 2627 πρὸς
1137 2554 1275 2628 ὑμᾶς
1333 2556 1638 2620 συστάσεως
1686 2556 2010 2632 ἐδεήθημεν.

362 2661 391 2690 ιι
422 2637 870 2713 ⁹ιιγγεγραμμὲνη
913 2639 966 2695 ἐν
1022 2646 1140 2704 ταῖς
1196 2641 1442 2718 καρδίαις
1496 2648 1681 2718 ἡμῶν.
1715 2671 1744 2700 ››
1796 2648 1889 2705 Ἑν
1935 2654 2015 2722 νῷ

351 2726 461 2829 γὰρ
486 2724 905 2829 ῦμῑιδςὶέχοντες,
939 2731 1127 2829 ρησίν,
1185 2732 1260 2794 ὡς
1317 2733 1407 2789 καὶ
1466 2733 1829 2814 ἐγγεγράφθαι
1879 2740 2016 2811 ἡμῖν

357 2810 535 2868 δοκεῖν
583 2810 671 2868 διὰ
730 2815 793 2870 τὸ
845 2815 1245 2886 ἀνεξαὶειπτον,
1309 2810 2016 2901 πανταχοῦν-περιιρὲρομεν

359 2903 524 2975 ὑμᾶς,
558 2902 647 2957 καὶ
680 2902 739 2957 ἐκ
775 2911 875 2973 τῆς
935 2907 1087 2978 ὑμῶν
1134 2908 1331 2981 ἀρετῆς
1381 2907 1586 2987 ἔχομεν
1635 2915 1763 2983 παρ’
1809 2914 2016 2990 ἑτέροις

358 2991 638 3051 σύστασιν.
670 2993 843 3068 ’Ὸπερ
883 2996 1015 3073 φησί
1077 2996 1167 3051 καὶ
1218 2996 1272 3052 ἐν
1312 3002 1380 3071 τῇ
1439 3005 1633 3076 πρώτῃ
1690 3002 2017 3078 Ἐπιστολῇ.

360 3082 485 3135 «Ἥ
516 3082 623 3157 γὰρ
680 3083 911 3160 σφραγὶς
956 3090 1057 3153 τῆς
1115 3087 1258 3160 ἐμῆς
1312 3087 1626 3159 ἀποστολῆς
1686 3092 1839 3165 ὑμεῖς
1899 3092 2018 3148 ἐστε

362 3168 416 3222 ἐν
468 3170 675 3245 Κυρίῳ.
713 3194 735 3224 ι
809 3204 877 3215 -—
940 3195 967 3225 ‹‹
1036 3175 1416 3249 Γινωσκομὲνη
1485 3179 1578 3234 καὶ
1644 3181 2018 3255 ἀναγινωσκο-

372 3257 530 3331 μὲνη.
558 3283 587 3312 ››
617 3263 730 3333 Τῷ,
760 3263 1074 3338 πανταχόσε
1135 3266 1277 3340 ὑμᾶς
1324 3267 1630 3346 περιφέρειν
1678 3274 1749 3345 τῇ
1802 3273 2014 3346 μνήμῃ.

2129 2030 2465 2101 proponant
2486 2030 2543 2080 et
2573 2022 2941 2079 exhibeant?
2961 2024 3074 2078 Per
3092 2023 3204 2078 hoc
3235 2028 3434 2078 autem
3461 2023 3789 2095 pseudapo-

2132 2116 2314 2172 stolos
2337 2114 2626 2187 designat.
2663 2135 2692 2162 «
2725 2112 2987 2184 Epistola
3013 2118 3218 2167 nostra
3247 2129 3347 2167 vos
3365 2112 3527 2167 estis.
3562 2133 3589 2157 ιι
3614 2112 3784 2182 Loco,

2128 2205 2347 2277 inquit,
2379 2203 2644 2276 epistolae
2675 2218 2808 2273 qua:
2840 2217 2948 2256 nos
2980 2201 3168 2272 possit
3198 2200 3258 2254 in
3281 2200 3545 2255 medium
3566 2215 3785 2271 propo-

2128 2310 2294 2359 nere,
2326 2292 2615 2348 habemus
2646 2308 2750 2347 vos
2782 2307 2849 2346 ac
2907 2295 3161 2345 vestram
3217 2289 3547 2344 secundum
3598 2290 3785 2344 Deum

2129 2383 2485 2457 probitatem
2522 2399 2534 2435 :
2569 2397 2704 2436 cum
2735 2386 2875 2436 nota
2902 2379 3136 2434 virtutis
3178 2378 3443 2450 magistri
3478 2378 3554 2433 sit
3584 2377 3786 2449 probi-

2130 2480 2221 2530 tas
2251 2471 2819 2544 discipulorum.Qui
2845 2471 3046 2541 itaque
3076 2469 3405 2525 habeamus
3438 2485 3538 2524 vos
3560 2468 3621 2523 in
3653 2484 3783 2524 mo-

2130 2564 2271 2621 dum
2285 2560 2822 2618 commendationis
2835 2576 2971 2632 erga
2984 2558 3543 2629 alios.nequaquam
3557 2573 3786 2627 egerrus

2132 2650 2648 2710 commendatione
2682 2650 2755 2704 ad
2787 2665 2906 2704 vos.
2944 2671 2972 2697 ‹‹
3009 2647 3237 2719 Scripta
3265 2647 3328 2702 in
3362 2647 3644 2703 cordibus
3677 2662 3781 2703 no-

2133 2742 2291 2799 stris.
2327 2763 2357 2791 »
2388 2741 2453 2796 In
2480 2739 2922 2810 menteinquit.
2964 2753 3067 2793 vos
3095 2736 3402 2804 habentes,
3432 2737 3516 2792 ita
3545 2742 3613 2791 ut
3638 2752 3781 2807 pro-

2130 2838 2264 2904 pter
2290 2828 2726 2885 indebilitatem
2759 2827 3030 2898 inscripti
3072 2841 3203 2880 esse
3234 2823 3555 2879 videamini
3589 2826 3647 2878 in
3679 2839 3784 2879 no-

2130 2920 2244 2979 bis.
2278 2918 2499 2988 ubique
2529 2933 2630 2972 vos
2660 2914 3227 2979 circumferimus,et
3255 2928 3321 2966 ex
3356 2919 3547 2967 vestra
3576 2913 3790 2968 virtute

2133 3007 2420 3064 habemus
2461 3005 2617 3077 apud
2666 3004 2817 3060 alios
2874 3001 3499 3059 commendationem:
3536 3000 3695 3071 quod
3725 3000 3786 3055 in

2129 3100 2327 3173 priore
2357 3095 2622 3168 Epistola
2650 3095 2769 3151 ait:
2796 3115 2824 3144 «
2849 3093 3121 3165 Sigillum
3143 3091 3511 3163 apostolatus
3544 3091 3662 3146 mei
3686 3106 3788 3146 vos

2133 3188 2275 3245 estis
2305 3188 2367 3242 in
2400 3185 2653 3242 Domino
2675 3184 2744 3239 ²¹.
2782 3204 2810 3233 ››
2841 3214 2910 3223 —
2945 3203 2967 3231 α
2993 3183 3130 3247 Quas
3164 3180 3519 3252 intelligitur
3549 3186 3607 3235 et
3644 3179 3785 3252 legi-

2133 3284 2249 3334 tur.
2287 3299 2314 3327 »
2345 3277 2426 3331 Ex
2458 3291 2526 3331 eo
2558 3273 2716 3345 quod
2741 3289 2842 3329 vos
2870 3270 3092 3343 ubique
3124 3271 3184 3325 in
3207 3270 3499 3326 memoria
3528 3269 3787 3325 circum-

372 3322 383 3331 ¹
495 3322 505 3328 ’
681 3322 690 3333 ’
716 3322 728 3331 ’
942 3322 980 3338 ’⁸⁸
1171 3322 1181 3340 ¹
1263 3322 1275 3330 ⁷
1396 3322 1416 3342 Γ
1466 3322 1571 3346 {Vri
1615 3322 1621 3324 ⁷
1692 3322 1749 3345 '1'
1802 3322 2014 3346 VVV'IV’VOV

360 3349 459 3403 Διά
516 3347 606 3403 οὖν
663 3358 763 3418 τῆς
824 3352 1180 3428 ἀναγνώσεως
1261 3356 1608 3431 γινὼσκεσθε.
1686 3360 2013 3435 Ἀνάγνωσιν

2138 3322 2249 3334 .....
2287 3322 2309 3327 ..
2347 3322 2426 3331 ....
2460 3322 2522 3331 ν,
2561 3322 2716 3345 γη
2754 3322 2839 3329 .--
2878 3322 3088 3343 __-,__
3628 3322 3753 3325 ,Ἣ

2131 3369 2410 3423 feramus.
2444 3366 2648 3435 Itaque
2681 3379 2786 3434 per
2806 3361 3125 3417 lectionem
3147 3357 3781 3431 6I6cognoscimini:

361 3433 419 3492 δέ
450 3436 622 3509 καλεῖ,
656 3440 758 3509 τήν
790 3441 958 3495 αὐτοῦ
986 3442 1112 3512 περὶ
1142 3443 1318 3500 αὐτῶν
1349 3444 1575 3519 ὁμιλίαν
1612 3449 1703 3504 καὶ
1766 3433 2014 3522 μνήμην.

356 3549 387 3580 (ι
416 3527 541 3584 ’Ὁτι
581 3526 699 3582 ἐστὶ
726 3526 990 3599 ἐπιστολή
1052 3533 1308 3607 Χριστοῦ.
1344 3557 1374 3587 ››
1438 3539 1598 3606 ΙΙῶς;
1650 3541 1739 3611 Τῷ
1782 3539 1875 3594 τὸν
1925 3539 2014 3595 νόο

360 3636 463 3689 μον
495 3616 663 3672 αὐτοῦ
692 3617 783 3672 καὶ
838 3618 936 3682 τὰς
991 3618 1218 3685 ἐντολὰς
1274 3626 1403 3697 παρ’
1463 3626 1613 3699 ὑμῖν,
1673 3626 2017 3703 γραμμάτων

358 3702 543 3796 δίκην,
591 3704 769 3796 μενειν
823 3707 914 3762 καί
964 3708 1351 3786 φυλάττεσθαι.
1419 3734 1450 3769 α
1482 3702 1876 3787 Διακονηθεῖσα
1928 3712 2016 3796 ὑφ’

353 3794 540 3882 ἡμῶν.
575 3818 604 3847 ››
638 3795 705 3852 O't
737 3791 795 3851 δὶ
825 3802 927 3867 τῆς
957 3798 1215 3872 γνώσεως
1243 3802 1335 3855 καὶ
1366 3806 1465 3858 τοῦ
1494 3805 1855 3882 κηρύγματος
1884 3791 2015 3862 τού-

353 3902 452 3973 του
483 3877 758 3973 διάκονοι,
791 3886 958 3958 ἡμεῖς
990 3886 1067 3951 εἰς
1115 3888 1256 3961 ὑμᾶς
1315 3891 1627 3967 ἐγενόμεθα.
1656 3877 1666 3882 ⁷
1691 3895 1790 3949 Καὶ
1832 3893 2015 3973 ὥσπερ

364 3972 612 4041 Μωΰσῆς
643 3969 890 4036 διάκονος
919 3981 1017 4032 τοῦ
1050 3977 1222 4053 νόμου
1251 3980 1491 4056 γέγονεν,
1547 3982 1692 4039 οὕτω
1729 3984 1821 4041 καὶ
1851 3969 2015 4059 ἡμεῖς

362 4063 463 4116 τοῦ
514 4061 890 4137 κηρύγματος·
945 4064 1038 4120 καὶ
1097 4067 1278 4144 ὥσπερ
1337 4069 1541 4135 ἐκεῖνος
1629 4073 1727 4136 τὰς
1801 4073 2014 4138 πλάκας

359 4147 669 4220 ἐλάξευσεν,
702 4152 878 4215 οὕτως
907 4155 1074 4229 ⁴ἡμεῖς
1106 4156 1199 4218 τὰς
1242 4159 1395 4231 ὑμῶν
1451 4158 1700 4238 καρδίας’
1764 4162 1894 4220 Εῗτα
1956 4164 2017 4220 ἐκ

358 4238 582 4326 τούτου,
614 4239 690 4302 εἷς
726 4238 1006 4317 σύγκρισιν
1038 4241 1179 4313 ἦλθε
1206 4250 1303 4301 τοῦ
1332 4249 1573 4305 παλαιοῦ
1595 4250 1768 4326 νόμου
1795 4254 1887 4308 καὶ
1915 4262 2015 4324 τῆς

359 4323 505 4397 νέας,
538 4327 630 4384 καί
660 4350 847 4406 φησιν·
880 4334 1118 4396 Ἐκεῖνος
1149 4335 1246 4408 μὲν
1294 4334 1510 4410 μέλανι,
1562 4323 1699 4410 αὕτη
1752 4338 1809 4398 δὶ
1855 4344 2019 4399 πνεύ-

361 4440 495 4494 ματι
549 4418 929 4499 ἐγγέγραπται·
1001 4423 1202 4490 ἐκεῖνος
1277 4426 1330 4484 ἐν
1392 4429 1593 4497 λίθοις,
1651 4433 1788 4505 αὕτη
1850 4431 1908 4490 δὶ
1961 4434 2014 4491 ἐν

358 4510 633 4585 σαρκίναις
663 4508 886 4583 πλαξὶν,
919 4516 1034 4569 οἷον
1068 4514 1122 4570 ἐν
1145 4513 1417 4592 καρδίαις.
1449 4522 1601 4593 Ὅσφ
1632 4518 1689 4576 δὶ
1733 4523 1796 4577 τὸ
1844 4527 2015 4578 πνεῦ-

358 4620 437 4674 μα
462 4604 560 4656 τοῦ
596 4599 855 4689 μὲλανος,
887 4605 978 4659 καὶ
1037 4602 1206 4670 λίθων
1254 4609 1289 4676 ἡ
1334 4605 1530 4684 καρδία
1585 4606 1848 4689 διαφέρει,
1892 4633 2016 4668 τοσ-

2120 3458 2443 3513 lectionem
2456 3460 2656 3510 autem
2676 3458 2842 3508 vocat
2866 3468 3033 3507 suam
3053 3450 3125 3505 de
3156 3450 3301 3520 ipsis
3320 3448 3780 3504 collocutionem

2121 3563 2189 3603 ac
2212 3545 2729 3601 memorationem.
2767 3564 2788 3589 ι
2825 3540 2990 3607 Quod
3024 3539 3166 3595 estis
3193 3537 3445 3611 epistola
3473 3536 3711 3592 Christi.
3749 3558 3778 3587 »

2122 3634 2428 3701 Quomodo
2448 3633 2476 3687 ?
2497 3631 2647 3698 Quia
2674 3631 2767 3685 lex
2819 3646 2887 3687 ac
2932 3634 3231 3701 prmcepta
3257 3628 3406 3699 ejus,
3441 3626 3773 3682 litterarum

2119 3724 2252 3779 loco
2279 3727 2525 3778 manent
2553 3737 2619 3775 ac
2641 3724 2952 3775 servantur
2978 3717 3139 3790 apud
3154 3733 3256 3771 vos
3284 3714 3780 3770 «Subministrata

2122 3829 2156 3869 a
2185 3812 2379 3869 nobis.
2408 3812 2554 3866 nNos
2572 3814 2772 3866 autem
2794 3809 2974 3881 hujus
2999 3808 3226 3862 notitia
3249 3823 3316 3862 ac
3335 3805 3776 3878 praedicationis

2120 3902 2382 3958 ministri
2407 3915 2544 3972 erga
2571 3916 2673 3954 vos
2702 3898 2945 3963 fuimus;
2971 3902 3031 3951 et
3060 3894 3563 3966 quemadmodum
3588 3895 3776 3949 Moses

2122 3991 2270 4065 legis
2298 3989 2411 4045 fuit
2441 3987 2829 4052 minister,ita
2859 3990 2917 4040 et
2944 4001 3055 4040 nos
3072 3982 3601 4056 prmdicationis,et
3622 3981 3783 4037 sicut

2123 4083 2227 4139 ille
2251 4081 2484 4138 tabulas
2514 4077 2745 4141 incidit,
2766 4077 2849 4132 ita
2869 4092 2979 4132 nos
3009 4074 3189 4131 corda
3216 4079 3427 4130 vestra.
3454 4072 3678 4129 Deinde
3710 4089 3778 4128 ex

2125 4171 2240 4227 hoc
2269 4168 2343 4226 ad
2364 4167 2747 4226 collationem
2777 4165 2938 4221 venit
2964 4162 3181 4220 veteris
3229 4162 3376 4235 legis
3405 4177 3474 4219 ac
3508 4162 3643 4217 novi
3672 4161 3782 4218 Te-

2127 4259 2495 4323 stamenti,et
2521 4255 2607 4313 ait
2628 4255 2762 4311 :llla
2783 4254 3024 4327 quidem
3051 4256 3406 4316 atramento,
3438 4251 3551 4307 hoc
3580 4256 3779 4307 autem

2123 4349 2340 4421 spiritu
2360 4345 2714 4417 inscriptum
2736 4348 2853 4400 est:
2886 4342 2993 4399 illa
3021 4343 3083 4397 in
3105 4340 3544 4413 lapidibus.hoc
3570 4341 3633 4395 in
3650 4355 3780 4396 car-

2123 4438 2254 4495 neis
2285 4434 2838 4497 tabulis.hocest,in
2865 4431 3142 4489 cordibus
3165 4435 3412 4502 :quanto
3441 4434 3641 4485 autem
3655 4428 3778 4505 spi-

2121 4526 2274 4581 ritus
2303 4523 2681 4596 prasstantior
2717 4526 2807 4577 est
2835 4524 3190 4585 atramento,
3221 4523 3280 4573 et
3307 4535 3411 4574 cor
3439 4515 3735 4588 lapidibus
3761 4529 3776 4569 :

2122 4618 2288 4670 tanto
2346 4628 2561 4669 novum
2609 4612 3052 4666 Testamentum
3101 4606 3229 4678 lege
3262 4604 3645 4677 prastantius
3689 4610 3787 4658 est

354 4689 525 4777 ούτῳ,
575 4685 733 4768 φησί,
798 4691 891 4747 καὶ
948 4695 982 4762 ἡ
1042 4694 1157 4765 νέα,
1213 4700 1311 4752 τοῦ
1366 4698 1542 4771 νόμου
1597 4685 1701 4755 καὶ*
1745 4685 1849 4770 τῆς
1903 4721 2011 4756 πα-

2131 4703 2426 4772 veterique
2458 4700 2879 4756 instrumento.

350 4776 537 4840 λαιᾶς.

426 4895 761 4966 Πεποίθησιν
819 4895 879 4954 δὶ
955 4899 1213 4973 τοιαύτην
1271 4901 1505 4980 ²ἔχομεν
1564 4903 1654 4961 διὰ
1708 4910 1806 4962 τοῦ
1863 4910 2012 4984 Χρι-

352 4987 509 5078 στοῦ,
542 4986 682 5078 πρὸς
726 4987 833 5078 τὸν
893 4986 1048 5078 Θεὸν,
1109 4990 1219 5067 οὐχ
1273 4992 1358 5049 ὅτι
1444 4994 1619 5051 ἱκανοί
1698 4994 1856 5070 ἐσμεν
1924 4997 2013 5078 ἀφ’

344 5072 553 5130 ἑαυτῶν
606 5073 922 5151 λογίζεσθαί
978 5100 1031 5134 τι
1080 5081 1155 5142 ὡς
1213 5081 1264 5155 ἐξ
1323 5083 1553 5153 ἑαυτῶν,
1609 5084 1738 5143 ἀλλ’
1796 5088 1830 5155 ἡ
1892 5072 2014 5142 ἰκα-

345 5161 523 5251 νότης
553 5165 715 5236 ἡμῶν
753 5164 814 5221 ἐκ
866 5172 965 5223 τοῦ
1022 5174 1178 5226 Θεοῦ.
1235 5173 1336 5234 Ὃς
1393 5174 1480 5228 καὶ
1549 5173 1802 5230 ΐκάνωσεν
1861 5178 2011 5251 ἡμᾶς

352 5248 637 5342 διακόνους
697 5262 886 5326 καινῆς
957 5254 1248 5330 διαθήκης,
1328 5260 1391 5316 ού
1471 5263 1820 5342 γράμματος,
1910 5248 2012 5321 ἆλ-

352 5338 427 5396 λᾶ
463 5342 795 5415 πνεύματος’
853 5346 931 5403 Τὸ
987 5347 1093 5423 γὰρ
1153 5349 1388 5426 γράμμα
1444 5338 1774 5425 ἀποκτείνει,
1832 5355 1897 5410 τὸ
1955 5352 2012 5411 δὲ

342 5433 559 5502 πνεῦμα
592 5436 878 5502 ζωοποιεῖ.

412 5538 547 5595 Εἶτα
574 5535 765 5610 ἐπειδὴ
797 5542 861 5598 τὸ
892 5539 1060 5613 δεῖξαι
1110 5548 1211 5616 τὴν
1240 5547 1375 5604 Νέαν
1433 5551 1657 5623 μείζονα
1704 5555 1805 5608 τοῦ
1835 5553 2009 5627 νόμου

415 5752 461 5792 ⁸⁸
494 5751 671 5815 ICor.
704 5770 786 5829 xv,
817 5759 905 5816 ll.

2199 4907 2295 4977 Ill,
2328 4908 2378 4961 4-
2397 4907 2450 4960 6.
2485 4904 2770 4961 Fiduciam
2800 4908 2982 4958 autem
3012 4898 3335 4973 hujusmodi
3362 4898 3620 4954 habemus
3669 4913 3778 4969 per

2123 4997 2399 5054 Christum
2428 5011 2561 5066 erga
2594 4996 2784 5061 Deum,
2829 5008 2941 5047 non
2974 4990 3125 5063 quod
3148 4988 3335 5045 idonei
3361 4990 3532 5044 simus
3561 5003 3632 5042 ea:
3674 5002 3775 5043 no-

2125 5085 2203 5143 bis
2240 5087 2372 5157 ipsis
2402 5083 2654 5155 cogitare
2683 5082 2989 5153 quidquam
3022 5086 3287 5150 tanquam
3318 5094 3386 5132 ea!
3412 5074 3569 5132 nobis
3592 5074 3728 5147 ipsis
3760 5093 3780 5128 .-

2121 5176 2214 5231 sed
2235 5175 2286 5231 si
2309 5174 2384 5230 ad
2414 5173 2633 5245 aliquid
2685 5172 2870 5227 idonei
2920 5184 3123 5233 sumus,
3158 5168 3223 5222 id
3245 5182 3314 5221 ea:
3339 5166 3438 5221 Deo
3470 5171 3568 5230 est,
3601 5166 3702 5235 qui
3728 5169 3781 5220 et

2119 5269 2342 5325 idoneos
2400 5268 2532 5338 fecit
2578 5281 2677 5322 nos
2733 5264 3016 5320 ministras
3068 5261 3205 5317 Novi
3267 5257 3620 5325 Testamenti,
3667 5272 3779 5313 non

2122 5357 2342 5428 litterae,
2401 5358 2495 5414 sed
2560 5353 2810 5427 spiritus.
2874 5354 3010 5408 Nam
3072 5351 3262 5406 littera
3297 5347 3518 5417 occidit,
3550 5348 3778 5419 spiritus

2119 5454 2301 5504 autem
2330 5449 2589 5517 vivi/teat.

2193 5555 2416 5612 Deinde
2438 5558 2753 5627 postquam
2786 5548 3049 5608 ostendit
3075 5546 3299 5604 Novum
3330 5545 3772 5611 Testamentum
