4080 6408
310 408 445 471 947

1423 402 1837 467 ἝΟΟΜΕΝΙΙ
1883 396 2192 460 TBICCJE
2233 397 2612 461 EPISCOPI.

3618 399 3759 466 *918

326 549 525 619 majus
555 562 686 604 esse
714 546 844 621 lege
872 543 1178 617 veterique
1210 542 1609 601 instrumento
1646 558 1805 599 :una
1834 556 1987 613 quo-

2121 535 2188 590 ιαὶ
2218 542 2318 605 τῆς
2348 536 2609 604 παλαιᾶς,
2659 535 3066 606 συνυπηκοόετο
3124 539 3262 594 κατὰ
3319 538 3383 596 τὸ
3433 537 3760 614 ἀκόλουθον,

331 654 448 712 que
470 653 537 693 ex
557 636 945 709 consequenti
961 635 1519 708 subintelligebatur
1538 633 1840 706 apostolos
1859 647 1979 686 ma~

319 730 485 803 jores
507 742 639 784 esse
664 728 815 782 Mose
847 726 1065 780 veteris
1093 725 1473 781 instrumenti
1496 723 1807 788 ministro;
1831 720 1904 776 ob
1928 719 1988 775 id

331 819 490 875 enim
516 816 674 888 quod
699 833 793 871 res
815 821 953 871 sunt
1000 814 1276 887 majores.
1304 821 1545 886 propter
1573 814 1683 868 hoc
1704 812 1898 883 ipsum
1931 816 1990 865 et

338 907 621 966 ministri.
656 904 768 960 Sed
797 910 986 961 totum
1029 905 1147 960 Deo
1173 904 1446 959 attribuit
1475 910 1534 959 et
1579 903 1697 959 ait:
1724 923 1752 951 «
1811 900 1990 956 Fidu—

338 998 490 1056 ciam
524 1002 723 1052 autem
746 994 1091 1065 hujusmodi
1109 994 1457 1051 habemus.»
1481 992 1857 1064 Hyperbatou
1879 994 1987 1044 est:

338 1088 489 1155 Quia
509 1086 805 1142 idoneitas
836 1089 1040 1141 nostra
1069 1100 1141 1139 ex
1165 1085 1282 1138 Deo
1308 1088 1417 1144 est.
1459 1083 1674 1153 inquit,
1703 1087 1761 1136 et
1780 1085 1995 1136 cmtera

342 1194 476 1251 quin
499 1177 561 1230 in
581 1174 781 1232 medio
804 1173 1289 1245 ponuntur.bono
1314 1189 1520 1228 sumus
1541 1171 1744 1227 animo
1765 1186 1833 1224 ac
1863 1184 1998 1225 con-

343 1264 586 1325 ﬁdimus
600 1280 706 1335 per
725 1262 1020 1318 Christum
1038 1261 1324 1317 habentes
1345 1266 1412 1315 ut
1436 1259 1806 1316 conﬁdamus
1830 1256 1998 1327 :quia

340 1371 454 1418 nos
482 1352 720 1425 quidem
740 1368 859 1407 non
884 1366 1089 1407 sumus
1122 1348 1318 1405 idonei
1342 1349 1417 1405 ad
1441 1347 1902 1405 ministrandum
1935 1346 1998 1401 in

344 1448 514 1500 tanto
547 1441 901 1507 ministerio,
929 1439 1050 1495 imo
1082 1455 1159 1495 ne
1186 1439 1257 1494 ad
1277 1438 1733 1511 concipiendum
1755 1435 1998 1508 quidem

350 1536 553 1591 mente
609 1531 697 1586 rei
740 1529 1236 1603 magnitudinem,
1270 1535 1371 1584 aut
1419 1528 1481 1583 in
1512 1529 1643 1601 ipsa
1674 1526 2000 1598 quidquam

348 1621 594 1680 omnino
621 1619 1035 1693 cogitandum:
1080 1618 1183 1673 sed
1206 1618 1347 1689 quia
1378 1616 1762 1690 beneplacuit
1790 1614 1902 1687 ipsi
1935 1620 2005 1670 ut

350 1728 463 1769 nos
482 1708 681 1765 idonei
704 1724 970 1765 essemus
995 1713 1158 1763 tanto
1173 1707 1432 1780 negotio.
1465 1729 1489 1759 ι
1511 1709 1638 1762 Non
1662 1704 2006 1772 litte:aa,sed

351 1798 624 1870 Spiritus.
652 1817 681 1849 »
712 1796 828 1852 Lex
853 1796 1013 1852 enim
1042 1797 1272 1852 litteras
1323 1795 1570 1864 ferebat,
1604 1795 1820 1850 Christi
1868 1811 2003 1849 vero

2094 626 2184 680 καὶ
2216 630 2314 680 τοῦ
2346 621 2598 681 διακόνου
2629 629 2728 691 τῆς
2761 624 3001 689 παλαιᾶς
3035 629 3281 687 Μωσέως
3343 627 3562 698 μείζους
3617 630 3760 686 εἶναι

2094 715 2225 776 τοὺς
2260 714 2600 776 ἀποστόλους
2631 714 2734 792 (ἐφ’
2765 715 2839 772 ὧν
2883 716 2991 792 γὰρ
3048 718 3114 771 τὰ
3161 718 3457 793 πράγματα
3506 718 3759 791 μείζονα,

2099 804 2185 860 ἐπί
2217 805 2424 861 τούτων
2456 805 2546 861 καὶ
2577 806 2630 862 οἳ
2661 803 2952 881 διάκονοι),
2994 806 3125 864 ὅλον
3170 812 3251 880 τῷ
3309 814 3427 879 Θεῷ
3472 809 3762 880 ἀνατίθησι

2096 894 2160 949 τὸ
2220 900 2468 969 πρᾶγμα,
2528 895 2618 949 καί
2674 917 2826 972 φησι·
2890 921 2917 949 ι(
2981 896 3316 967 ΙΙεποίθησιν
3371 895 3431 953 δὲ
3503 899 3765 968 τοιαύτην

2099 982 2328 1063 ἔχομεν.
2368 1008 2396 1035 ››
2441 980 2795 1059 Ὑπερϐατὸν,
2857 986 2943 1042 ὅτι
2974 988 3009 1056 ἠ
3042 986 3299 1056 ἱκανότης
3348 989 3509 1060 ἡμῶν
3561 987 3621 1044 ἐκ
3663 993 3767 1045 τοῦ

2103 1078 2257 1141 Θεοῦ,
2293 1074 2384 1129 καὶ
2415 1074 2483 1130 τὰ
2514 1074 2683 1130 λοιπᾶ
2714 1072 2804 1130 διὰ
2836 1074 3021 1148 μέσου.
3075 1076 3413 1153 Θαρῥοῦμεν,
3465 1079 3621 1151 φησὶ,
3670 1081 3766 1135 καὶ

2104 1163 2441 1236 πεποίθαμεν
2471 1165 2549 1228 εἲς
2568 1164 2661 1220 τὸν
2686 1165 2841 1232 Θεὸν,
2876 1162 2966 1220 διὰ
2997 1171 3232 1239 Χριστσῦ
3260 1167 3323 1221 τὸ
3352 1165 3570 1243 θαῤῥεῖν
3601 1165 3769 1244 ἔχον-

2103 1274 2213 1320 ⁶τες,
2247 1254 2335 1309 ’ὁτι
2362 1256 2526 1328 ἡμεῖς
2562 1255 2678 1327 μὲν,
2711 1257 2824 1334 οὐχ
2849 1255 3027 1311 ἱκανοί
3079 1254 3240 1329 ἐσμεν
3286 1257 3524 1333 τοσαύτῃ
3579 1256 3767 1316 διακο-

2105 1341 2194 1413 νίᾳ
2232 1343 2695 1417 ὑπηρετήσασθαι,
2726 1341 2854 1400 ἀλλ’
2879 1342 3008 1401 οὐδὲ
3032 1344 3084 1401 ἐν
3134 1350 3210 1418 νῷ
3255 1342 3438 1402 λαϐεῖν
3484 1352 3582 1403 τοῦ
3623 1348 3771 1425 πρά-

2108 1452 2320 1508 γματος
2366 1433 2430 1487 τὸ
2491 1435 2742 1511 μέγεθος.
2774 1434 2808 1505 ἢ
2842 1433 2990 1498 ὅλως
3034 1435 3357 1510 λογίσασθαί
3400 1458 3453 1491 τι
3498 1437 3550 1493 ὲν
3595 1437 3770 1511 αὐτῷ,

2109 1519 2236 1577 ἀλλ’
2268 1521 2354 1577 ’ὁτι
2384 1518 2691 1593 ηὐδόκησεν
2724 1526 2873 1596 ἡμᾶς
2929 1524 3147 1588 ἱκανοὺς
3198 1525 3443 1603 γενέσθαι
3483 1532 3562 1600 τῷ
3601 1527 3769 1599 τηλι-

2110 1609 2298 1683 κούτῳ
2327 1610 2636 1689 πράγματι.
2705 1636 2734 1665 ‹‹
2765 1613 2842 1670 Uti
2900 1613 3252 1690 γράμματος,
3310 1613 3458 1673 ἀλλὰ
3504 1615 3772 1691 Πνεύμα-

2113 1720 2226 1763 τος.
2263 1726 2285 1755 ι
2322 1700 2383 1760 Ὁ
2413 1700 2514 1775 γὰρ
2547 1701 2740 1773 νόμος,
2773 1700 3075 1778 γράμματα
3117 1700 3293 1783 ἓφερε,
3324 1704 3387 1761 τὸ
3420 1703 3477 1761 δὲ
3524 1708 3774 1780 Χριστοιῖ

2112 1791 2749 1867 κήρυγμα.11νεύματος
2796 1791 3161 1870 ἐπιφοίτησιν.
3220 1795 3317 1852 Ἦν
3372 1795 3470 1867 μὶν
3521 1795 3627 1870 γὰρ
3675 1797 3774 1853 καὶ

347 1884 695 1961 ρτωάίοδῒίο
716 1885 969 1957 Spiritus
1010 1884 1547 1956 superventionem.
1577 1882 1883 1956 Siquidem
1910 1882 2005 1938 lex

2121 1882 2144 1935 ὁ
2202 1880 2373 1953 νόμος
2434 1882 2818 1953 πνευματικὸς,
2878 1880 3004 1939 ἀλλ’
3063 1882 3126 1938 οὐ
3179 1885 3402 1957 Πνεῦμα
3456 1885 3770 1960 ἐχαρίζετο,

355 1991 593 2050 quoque
624 1973 952 2046 spiritualis
983 1979 1198 2042 erat,at
1226 1974 1510 2046 Spiritum
1542 1990 1661 2029 non
1685 1972 2001 2039 tribuebat,

359 2064 519 2138 quod
549 2063 691 2119 facit
728 2062 1091 2135 praadicatio.
1146 2066 1228 2119 Ac
1261 2064 1309 2119 si
1359 2062 1584 2119 diceret
1619 2079 1632 2117 :
1663 2060 1844 2117 Nobis
1887 2078 2005 2116 non

354 2154 586 2211 litteras
618 2154 767 2208 617
821 2152 963 2207 dare
994 2153 1382 2208 commissum
1417 2157 1507 2207 est
1527 2151 1684 2208 velut
1715 2151 1876 2212 Mosi.
1903 2151 2006 2207 sed

356 2243 823 2315 Spiritum.Nam
852 2260 957 2314 per
986 2243 1432 2314 impositionem
1460 2258 1746 2297 manuum
1769 2246 2010 2314 aposto-

350 2333 545 2391 lorum
570 2331 1296 2404 superveniebatSpiritus
1319 2338 1557 2388 sanctus
1588 2353 1617 2382 «
1638 2332 1787 2387 Nam
1810 2329 2011 2386 littera

356 2421 592 2479 occidit.
631 2443 659 2470 »
692 2421 830 2489 Lex,
862 2421 1078 2492 inquit.
1113 2422 1347 2477 occidit.
1384 2421 1441 2476 Si
1473 2422 1635 2476 enim
1663 2426 2011 2493 peccantem

362 2510 1145 2584 deprehenderit,interimit
1174 2527 1329 2567 eum.
1364 2533 1391 2560 ‹‹
1412 2512 1555 2566 Nam
1573 2510 1673 2582 qui
1695 2517 2015 2583 transgres-

366 2616 467 2658 sus
489 2605 597 2667 est,
626 2599 840 2670 inquit.
870 2599 1061 2672 legem
1093 2599 1259 2667 Mosi,
1285 2599 1410 2655 sine
1442 2599 1856 2655 misericordia
1905 2597 2012 2652 sub

367 2689 599 2747 duobus
628 2694 732 2745 aut
762 2687 948 2745 tribus
981 2688 1228 2744 testibus
1286 2688 1541 2744 moritur
1571 2687 1638 2743 ³³.
1676 2708 1704 2737 ››
1764 2688 2015 2760 Spiritus

364 2794 504 2835 vero
536 2777 586 2833 si
616 2777 1080 2850 deprehenderit
1106 2778 1366 2850 peccatis
1397 2782 1800 2850 mortuos,per
1824 2776 2014 2851 bapti-

364 2884 497 2926 sma
515 2866 791 2924 vivificat.

1002 2958 1232 3015 CAPUT
1275 2956 1374 3013 IV.

358 3048 434 3105 De
461 3049 715 3105 ministro
745 3047 1047 3103 secundum
1068 3048 1363 3119 Spiritum,
1418 3054 1471 3102 et
1496 3048 1680 3117 gloria
1709 3046 1887 3117 magis
1921 3046 2014 3103 di-

551 3121 686 3175 vina
715 3135 888 3190 quam
916 3135 981 3174 ea
1011 3135 1132 3189 quae
1151 3121 1448 3175 secundum
1484 3121 1654 3190 legem
1685 3127 1821 3175 erat.

432 3230 532 3290 Ill.
566 3231 722 3284 7-11.
772 3228 928 3293 Quod
974 3230 1021 3283 si
1064 3230 1431 3285 ministerium
1463 3233 1654 3285 mortis
1708 3231 1769 3283 in
1819 3228 2021 3284 litteris

2113 1969 2247 2045 ὅπερ
2300 1976 2452 2027 ποιεῖ
2505 1971 2567 2027 τὸ
2618 1974 2899 2047 κηρυγμα,
2959 1972 3033 2034 ὡς
3086 1972 3131 2028 εἰ
3184 1967 3392 2051 ἔλεγεν·
3451 1976 3645 2046 Ἡμεῖς
3704 1974 3769 2030 οὐ

2114 2059 2414 2137 γράμματα
2467 2058 2880 2132 έπιστεύθημεε,
2941 2060 3015 2122 ὡς
3071 2062 3304 2130 Μωσῆς,
3354 2059 3500 2117 ἀλλὰ
3554 2067 3774 2136 Πνεῦμα

2117 2147 2346 2208 διδόναι.
2380 2150 2477 2207 Δια
2506 2151 2610 2225 γὰρ
2640 2156 2741 2219 τῆς
2771 2145 3058 2213 ἐπιθέσεως
3092 2155 3195 2206 τῶν
3230 2157 3432 2228 χειρῶν
3484 2156 3593 2207 τῶν
3626 2152 3777 2209 ἀπο-

2118 2241 2354 2311 στόλων,
2386 2239 2731 2319 ἐπιφοίτησις
2777 2240 2984 2314 ἐγίνετο
3045 2240 3359 2315 Πνεύματος
3412 2242 3593 2317 ἁγίου.
3648 2264 3674 2295 ι
3708 2244 3788 2300 Τὸ

2118 2332 2222 2409 γὰρ
2281 2334 2513 2407 γράμμα
2568 2330 2899 2386 ἀποκτείνει.
2937 2354 2964 2381 ›ι
3022 2331 3083 2390 Ὀ
3138 2331 3332 2403 νόμος,
3392 2332 3581 2410 φησὶν,
3642 2333 3791 2388 ἀπο-

2117 2420 2338 2478 κτείνει.
2379 2444 2407 2472 ››
2443 2420 2567 2476 Ἐὰν
2598 2420 2698 2495 γὰρ
2732 2414 2876 2496 λάϐῃ
2910 2417 3375 2493 πλημμελοῦντα,
3422 2421 3628 2498 ἀναιρεῖ
3675 2421 3791 2476 αὐ-

2118 2510 2234 2566 τόν.
2269 2537 2294 2560 u
2330 2502 2594 2583 Μαραϐας
2624 2510 2726 2584 γάρ
2756 2530 2863 2580 τις,
2895 2509 3051 2588 φησὶ,
3086 2509 3253 2583 νόμον
3282 2509 3545 2580 Μωσέως,
3602 2511 3794 2587 χωρὶς

2124 2598 2427 2674 οῗκτιρμῶν
2455 2598 2543 2652 ἐπὶ
2602 2594 2750 2652 δυσὶν
2782 2594 2817 2666 ἤ
2851 2597 2995 2673 τρισὶ
3056 2597 3316 2671 μάρτυσιν
3365 2600 3720 2669 ἀποθνήσκει.
3755 2625 3787 2654 ››

2126 2688 2199 2746 Τὸ
2232 2685 2288 2744 δὲ
2318 2691 2536 2758 Πνεῦμα
2566 2685 3003 2763 νενεκρωμένους
3047 2693 3166 2750 ταῖς
3216 2688 3513 2764 ἁμαρτίαις
3563 2684 3791 2763 λαμϐα-

2128 2798 2240 2849 νον,
2272 2775 2324 2832 ὶν
2354 2780 2434 2849 τῷ
2466 2777 2803 2852 βαπτίσματι
2838 2781 3126 2846 ζωοποιεῖ.

2760 2959 3019 3013 ΚΕΦΑΑ.
3063 2956 3136 3014 Δ“.

2130 3049 2258 3123 Περὶ
2319 3055 2420 3118 τῆς
2497 3046 2631 3102 κατὰ
2717 3050 2937 3118 Πνεῦμα
3018 3045 3237 3119 λειτουρ
3278 3046 3362 3112 ίας
3442 3049 3533 3104 καὶ
3614 3046 3778 3120 δόξης

2505 3119 2775 3174 θειοτέρας
2801 3125 2902 3174 τῆς
2927 3118 3064 3174 κατᾶ
3088 3120 3180 3174 τὸν
3213 3069 3404 3174 νόμον.

2505 3119 2775 3194 θειοτέρας
2801 3125 2902 3189 τῆς
2927 3118 3064 3174 κατᾶ
3088 3120 3180 3176 τὸν
3213 3118 3404 3194 νόμον.

2199 3227 2265 3285 Εἰ
2309 3225 2367 3283 δὲ
2425 3222 2666 3281 διακονία
2718 3229 2814 3280 τοῦ
2868 3226 3098 3281 Θανάτου
3155 3224 3206 3281 ἐν
3265 3227 3580 3302 γράμμασιν
3640 3226 3785 3283 ἐντε-

360 3318 698 3387 insculptum
755 3315 1038 3387 lapidibus
1093 3319 1206 3386 fuit
1253 3320 1311 3373 in
1368 3318 1571 3388 gloria,
1628 3319 1766 3374 adeo
1798 3324 1860 3372 ut
1909 3334 2009 3373 non

2127 3315 2425 3390 τυπωμένη
2480 3313 2532 3371 ἐν
2588 3313 2764 3379 λίθοις
2823 3312 3052 3391 ἐγενήθη
3112 3313 3166 3370 ἐν
3253 3294 3433 3390 δόξῃ...
3480 3312 3619 3371 ὥστε
3706 3317 3788 3389 μὴ

353 3413 579 3480 possent
624 3405 807 3463 oculos
836 3407 1120 3462 intendere
1153 3407 1261 3476 ﬁlii
1307 3410 1481 3463 Israel
1526 3410 1584 3463 in
1630 3407 1832 3477 faciem
1863 3408 2015 3475 Mosi,

358 3501 593 3566 propter
614 3495 849 3564 gloriam
890 3496 1072 3550 vultus
1124 3497 1240 3568 ejus
1269 3511 1398 3566 quae
1444 3497 1713 3565 aboletur,
1768 3513 1865 3551 cur
1912 3513 2019 3551 non

353 3586 548 3657 potius
578 3584 944 3639 ministerium
993 3586 1235 3656 Spiritus
1290 3590 1397 3641 erit
1441 3588 1500 3640 in
1557 3587 1945 3655 gloria?Nam
1973 3587 2021 3640 si

360 3675 728 3730 ministerium
754 3675 1230 3731 condemnationis
1276 3674 1481 3744 gloria,
1514 3675 1685 3731 multo
1716 3678 1892 3745 magis
1921 3692 2016 3729 ea:-

362 3763 511 3819 cellit
538 3764 909 3819 ministerium
942 3767 1183 3836 justitiar
1214 3769 1271 3819 in
1328 3766 1528 3835 gloria.
1564 3765 2019 3836 Quandoquidem

359 3870 428 3910 ne
456 3853 827 3924 gloriﬁcatur/1
889 3857 1108 3925 qudem
1166 3857 1279 3923 fuit
1331 3857 1480 3926 quod
1508 3857 1873 3926 glori/iratum
1917 3861 2016 3921 est,

362 3947 421 3999 in
455 3943 557 3998 hac
585 3950 767 4012 parte.
804 3952 1035 4014 propter
1070 3948 1395 4001 εηιὶηρηῑι·ιη
1430 3946 1668 4013 gloriam
1731 3948 1940 3999 Etenim
1971 3945 2020 3998 si

361 4035 422 4091 id
449 4036 600 4106 quod
628 4036 882 4090 aboletur
933 4038 1045 4104 fuit
1100 4052 1202 4104 per
1240 4038 1500 4106 υιογιιιιη,
1563 4036 1733 4090 multo
1760 4038 1935 4104 magis
1961 4035 2019 4089 id

366 4123 518 4196 quod
543 4131 727 4179 manet
757 4130 835 4179 est
864 4126 924 4179 in
955 4124 1158 4194 gloria.

436 4302 758 4375 Postquam
790 4300 853 4357 in
880 4301 1355 4374 prmoedentibus
1396 4301 1602 4359 docuit
1643 4303 1781 4359 Novi
1821 4304 2017 4361 Testa-

364 4391 551 4448 menti
564 4390 983 4447 excellentiam
1006 4407 1186 4462 super
1198 4393 1374 4446 Vetus
1394 4391 1581 4463 :quod
1606 4391 1753 4448 illud
1777 4393 2019 4463 quidem

366 4480 428 4535 in
451 4479 752 4552 lapidibus
782 4479 987 4536 datum
1020 4486 1148 4535 erat
1171 4486 1231 4536 et
1271 4497 1378 4552 per
1428 4486 1851 4546 atramentum,
1912 4499 2015 4538 no-

364 4586 501 4627 vum
521 4586 660 4628 vero
692 4570 754 4625 in
786 4569 1070 4627 cordibus
1112 4576 1170 4625 et
1197 4588 1304 4643 per
1336 4571 1613 4644 spiritum
1643 4589 1656 4627 :
1686 4573 1809 4628 vult
1856 4590 2018 4629 nunc

2131 3404 2385 3470 δύνασθαι
2453 3403 2748 3461 ένατενίσαι
2828 3405 2955 3469 τοὺς
3049 3403 3200 3467 υἱοὺς
3289 3403 3513 3480 Ἰσραὴλ
3581 3404 3658 3468 εἴς
3728 3404 3792 3460 τὸ

2128 3497 2424 3571 πρόσωπον
2509 3493 2785 3557 Μωϋσέως
2874 3490 2964 3549 διὰ
3033 3495 3133 3563 τήν
3196 3491 3350 3566 δόξαν
3410 3500 3507 3550 τοῦ
3565 3497 3791 3571 προσώ-

2128 3605 2238 3639 που
2290 3581 2455 3638 αὐτοῦ
2508 3583 2610 3653 τὴν
2665 3583 3135 3655 καταργουμένην,
3196 3586 3314 3644 πῶς
3373 3582 3503 3657 οὐχὶ
3566 3580 3789 3654 μᾶλλον

2130 3675 2164 3743 ἡ
2198 3671 2445 3728 διακονία
2483 3676 2581 3728 τοῦ
2640 3670 2950 3746 Πνεύματος
3009 3665 3156 3729 ἔσται
3213 3671 3264 3728 ἐν
3317 3670 3498 3749 δόξῃ;
3568 3673 3625 3729 [εἰ
3682 3674 3791 3749 γὰρ

2128 3766 2164 3828 ἡ
2221 3759 2465 3818 διακονία
2520 3769 2620 3832 τῆς
2678 3762 3044 3836 κατακρίσεως
3103 3758 3249 3835 δόξα,
3305 3761 3507 3834 πολλῷ
3566 3762 3790 3835 μᾶλλον

2130 3854 2434 3926 περισσεύει
2502 3855 2529 3922 7;
2592 3849 2840 3908 διακονία
2922 3853 3020 3918 τίς
3107 3849 3453 3921 δικαιοσύνης
3522 3851 3573 3907 ἐν
3627 3850 3787 3929 δόξῃ,

2130 3944 2228 3999 Καὶ
2284 3948 2388 4019 γὰρ
2445 3943 2508 3998 οὗ
2568 3940 2883 4014 δεδόξασται
2937 3940 3000 3997 τὸ
3059 3938 3442 4015 δείοξασμένον
3499 3952 3549 3997 έν
3605 3944 3791 4016 τούτῳ

2126 4034 2206 4102 τῷ
2278 4033 2453 4104 μέρει,
2555 4025 2728 4084 ἕνεκεν
2828 4034 2928 4097 τῆς
3035 4024 3491 4103 ὑπερϐαλλούσης
3597 4028 3787 4100 δόξης.

2129 4120 2192 4177 Εἰ
2239 4121 2344 4198 γὰρ
2398 4120 2460 4174 τὸ
2516 4120 2950 4194 καταργο·3μενον
3005 4115 3096 4177 διὰ
3153 4117 3335 4194 δόξης,
3393 4118 3596 4195 πολλῷ
3648 4119 3788 4195 μᾰλο

2128 4209 2226 4266 λον
2257 4211 2322 4267 τὸ
2358 4210 2516 4281 μένον
2546 4207 2597 4263 ἐν
2624 4205 2775 4283 δόξῃ.

2200 4297 2426 4370 Διδάξας
2458 4297 2512 4354 ἐν
2547 4304 2669 4361 τοῖς
2737 4295 2844 4354 ἄνω
2899 4300 3000 4369 τὴν
3061 4297 3322 4378 διαφορὰν
3376 4306 3476 4372 τῆς
3533 4301 3655 4362 νὲας
3711 4301 3796 4368 ὡς

2129 4390 2268 4464 πρὸς
2296 4391 2397 4459 την
2426 4386 2684 4455 παλαιὰν,
2716 4388 2778 4445 τὸ
2830 4386 3035 4460 ἐκείνην
3093 4389 3186 4462 μὶν
3246 4390 3298 4444 ἐν
3356 4389 3536 4454 λίθοις
3591 4392 3679 4447 καὶ
3732 4391 3788 4447 ἐν

2134 4476 2350 4551 μέλανι,
2381 4476 2586 4549 ταύτην
2616 4473 2674 4532 δὲ
2703 4475 2754 4530 ἐν
2812 4476 3078 4549 πνεύματι
3135 4478 3221 4533 καὶ
3273 4479 3324 4534 ἑν
3381 4477 3651 4553 καρδίαις,
3696 4485 3789 4535 νῦν

2130 4566 2274 4623 θέλει
2338 4564 2504 4640 δεῖξαι
2564 4565 2647 4621 ὅτι
2706 4565 2797 4621 καὶ
2859 4565 2910 4622 ἐν
2968 4565 3096 4642 δόξῃ
3160 4568 3361 4639 μείζων
3419 4573 3454 4640 ἡ
3514 4570 3623 4625 νέα.
3681 4568 3786 4624 Καὶ

363 4660 677 4718 ostendere
699 4659 857 4733 quod
880 4662 1058 4717 etiam
1082 4660 1142 4716 in
1164 4660 1354 4735 gloria
1374 4663 1569 4735 majus
1590 4662 1669 4718 sit
1688 4664 1929 4719 Novum.
1954 4665 2009 4718 Et

2130 4654 2317 4729 ἐπειδὴ
2347 4659 2381 4727 ἡ
2414 4655 2622 4712 παλαιὰ
2652 4656 2918 4728 αἰσθητὴν
2950 4659 3072 4734 εἶχε
3101 4655 3283 4729 δόξαν,
3311 4662 3412 4730 τὴν
3472 4665 3570 4716 τοῦ
3610 4677 3789 4736 προσ-

363 4753 648 4825 quoniam
668 4752 851 4808 Vetus
874 4751 1224 4809 sensibilem
1246 4753 1502 4809 habebat
1518 4754 2013 4827 gloriam,nempe

359 4842 770 4911 faciemMosi,
802 4844 1025 4899 Novum
1054 4858 1186 4897 vero
1218 4843 1676 4916 intelligibilem,
1723 4860 1758 4899 a
1786 4844 2015 4899 ratione

364 4930 626 4989 ostendit
658 4930 1077 4989 excellentiam
1111 4949 1124 4987 :
1161 4937 1218 4986 et
1250 4932 1381 4987 vide
1398 4932 2015 5003 quomodo.Protinus

361 5022 561 5094 ipsum
593 5028 759 5078 vocat
787 5022 996 5077 mortis
1026 5021 1427 5078 ministerium
1460 5028 1517 5076 et
1545 5021 1760 5075 litteris
1784 5021 1918 5075 etin
1938 5022 2018 5077 1a-

365 5111 604 5183 pidibus
657 5110 1022 5181 insculptum
1054 5128 1068 5166 :
1120 5127 1188 5166 ac
1246 5112 1293 5165 si
1326 5110 1588 5166 diceret:
1619 5110 1745 5165 Non
1779 5115 1905 5166 erat
1933 5111 2014 5168 ibi

368 5198 658 5254 auxilium
689 5196 932 5267 aliquod
963 5203 1067 5255 aut
1096 5198 1389 5261 remissio,
1416 5196 1919 5268 quemadmodum
1952 5200 2013 5253 in

365 5285 742 5358 baptismate,
769 5287 871 5341 sed
896 5287 1036 5343 solae
1070 5286 1282 5343 litterae
1306 5304 1373 5342 ac
1393 5286 1753 5360 supplicium
1777 5287 2017 5344 inevita-

366 5376 526 5440 bile;
560 5376 713 5430 6I8
748 5381 811 5429 ut
850 5376 1009 5446 quod
1066 5376 1364 5448 lapidibus
1422 5375 1788 5447 insculptum
1838 5384 2013 5433 esset.

368 5465 759 5522 Ministerium
789 5470 986 5520 autem
1002 5466 1213 5522 mortis
1243 5464 1388 5521 dicit
1410 5465 1837 5537 legem.Etvide
1857 5468 2017 5537 quod

369 5572 489 5613 non
523 5554 673 5609 dixit
703 5570 830 5609 esse
862 5555 1072 5609 mortis
1106 5554 1431 5609 elfectivam
1468 5571 1480 5609 :
1516 5570 1711 5624 neque
1744 5556 1902 5611 enim
1942 5555 2016 5611 ad

368 5652 677 5717 peccatum
693 5649 795 5698 aut
816 5650 1065 5699 mortem
1082 5643 1427 5714 impellebat
1447 5660 1459 5699 :
1481 5643 1582 5698 sed
1597 5644 2013 5702 ministerium.

370 5736 515 5791 Nam
548 5732 870 5802 legislatori
903 5740 1029 5789 erat
1057 5733 1132 5791 ad
1160 5732 1585 5800 ministerium,
1617 5740 1675 5790 et
1704 5741 1894 5791 morte
1925 5735 2017 5791 di-

440 5826 489 5862 ³³
516 5824 691 5886 Hebr.
724 5840 781 5893 ι,
811 5821 903 5879 28.

2125 4751 2280 4806 ώπου
2311 4747 2634 4817 Μωσέως,ἡ
2687 4744 2744 4802 δὲ
2803 4747 2896 4803 νέα
2948 4749 3177 4819 νοητὴν,
3236 4749 3343 4806 ἀπὸ
3399 4748 3790 4829 συλλογισμοῦ

2122 4841 2223 4908 τήν
2260 4838 2538 4914 ὑπεροχήν
2573 4833 2829 4894 δείκνυσι.
2896 4838 2995 4892 Καὶ
3049 4839 3165 4913 δρα.
3230 4839 3443 4903 Εὐθέως
3505 4838 3785 4897 διακονίαν

2126 4930 2293 4997 αὐτὴν
2358 4930 2507 5004 Λέγει
2566 4927 2817 4997 θανάτου,
2875 4927 3048 4982 καὶέν
3088 4929 3372 5005 γράμμασι
3431 4930 3518 4987 καῖ
3579 4931 3633 4986 ἐν
3694 4932 3788 4988 λί-

2126 5030 2242 5081 θοις
2271 5016 2738 5089 έντετυπωμένην,
2772 5017 2847 5081 ὡς
2904 5016 2949 5071 εἰ
3008 5010 3211 5093 ἔλεγεν·
3274 5019 3385 5075 Οὐκ
3438 5021 3506 5089 ἦν
3559 5023 3795 5099 βογίτειά

2123 5129 2207 5170 τις
2267 5105 2398 5177 ἐκεῖ,
2458 5107 2494 5177 ἢ
2556 5107 2742 5183 ἄφεσις
2800 5103 2984 5182 ὥσπερ
3063 5107 3152 5163 ἐπὶ
3206 5112 3304 5164 τοῦ
3383 5109 3797 5186 βαπτίσματος,

2127 5196 2273 5255 ἀλλᾶ
2326 5196 2623 5273 γράμματα
2686 5197 2852 5269 μόνον
2910 5197 3000 5253 καὶ
3057 5198 3303 5272 τιμωρία
3378 5199 3796 5272 ἀνεξάλειπτος,

2126 5289 2218 5342 ἅτε
2275 5284 2453 5350 λίθοις
2519 5284 2994 5363 ἒγκεκολαμμένη.
3056 5287 3343 5344 Διακονίαν
3418 5286 3476 5346 δὲ
3532 5292 3796 5363 θανάτου,

2123 5378 2215 5432 τὸν
2244 5377 2413 5451 νόμον
2449 5375 2619 5453 λέγει.
2655 5374 2759 5433 Καὶ
2804 5374 2927 5449 δρα,
2988 5375 3088 5430 οὐκ
3146 5376 3283 5445 εἶπε,
3343 5380 3635 5448 ποιητικὸν
3694 5393 3799 5446 θα-

2123 5466 2287 5523 νάτου
2322 5465 2409 5529 (οὐ
2443 5465 2548 5541 γὰρ
2614 5463 2778 5525 αὐτὸς
2831 5462 2956 5519 seu
3014 5466 3152 5539 πρὸς
3209 5466 3478 5543 ἁμαρτίαν
3531 5465 3567 5539 ἤ
3626 5469 3795 5534 θάνα-

2123 5563 2259 5619 τονὶ·
2322 5551 2469 5609 ἀλλὰ
2527 5551 2814 5608 διακονίαν.
2879 5549 3125 5623 Διηκόνει
3181 5555 3284 5633 γᾶρ
3341 5561 3421 5628 τῷ
3490 5559 3789 5635 νομοθέτῃ,

2124 5646 2215 5701 καὶ
2273 5644 2401 5705 τοὺς
2459 5642 2638 5714 ἀξίους
2709 5644 2966 5703 θανάτου.
3030 5646 3057 5699 ὀ
3114 5646 3285 5716 νόμος
3370 5648 3652 5705 έθανάτου.
3714 5683 3789 5695 --

2124 5735 2456 5809 [OEUADPJ
2489 5736 2603 5803 Τὴν
2656 5729 2714 5788 δὲ
2771 5731 3044 5789 διακονίαν
3100 5738 3197 5790 τοῦ
3248 5736 3446 5809 νόμου,
3502 5735 3789 5795 διακονίαν
