4080 6388
316 503 432 565 951

1392 491 1813 555 mCUMENll
1860 484 2164 548 TlllCC/E
2205 484 2581 549 EPISCUPI.

3621 476 3745 537 952

321 635 503 694 tionis
530 649 633 690 seu
682 630 1020 688 collationis
1048 627 1218 686 nulla
1246 633 1338 684 est
1365 627 1504 681 Mosi
1535 624 1741 699 gloria,
1766 639 1969 693 quan-

2104 642 2112 668 ι
2144 619 2237 674 Ἐν
2264 617 2446 689 τούτῳ
2475 620 2555 688 τῷ
2587 611 2761 691 μέρει.
2798 636 2827 665 »
2851 614 2940 668 Ἐν
2968 614 3051 682 τῷ
3080 610 3231 685 μέρει
3272 614 3374 678 τῆς
3404 605 3748 685 συγκρίσεως

322 741 501 798 quam
532 722 897 796 glorificatus
932 725 1038 775 est.
1084 721 1228 775 Nam
1260 717 1309 772 si
1341 716 1416 772 ad
1456 718 1675 771 Novum
1709 712 1977 768 conferas

322 816 766 871 Testamentum
799 809 1071 878 non,l‘uit
1092 806 1479 880 gloriﬁcatus.
1514 826 1539 853 ιι
1567 806 1815 874 Propter
1841 800 1984 854 emi-

322 908 568 959 nentem
629 900 899 973 gloriam.
951 918 981 947 »
1013 898 1197 962 Quam
1247 894 1426 949 habet
1456 892 1729 949 videlicet
1758 892 1979 946 Novum

323 992 792 1047 Testamentum.
828 1012 853 1038 «
894 987 1119 1042 Etenim
1157 986 1202 1041 si
1237 984 1395 1057 quod
1434 983 1708 1039 aboletur
1735 981 1847 1035 fuit
1877 996 1983 1051 per

325 1080 603 1151 gloriam.
632 1101 661 1129 »
692 1077 917 1135 Deinde
949 1077 1127 1132 etiam
1163 1092 1235 1131 ex
1266 1072 1683 1146 permanentia
1724 1068 1985 1125 ostendit

329 1169 766 1225 excellentiam.
803 1169 947 1223 Nam
990 1166 1038 1222 si
1072 1166 1188 1234 lex,
1222 1164 1438 1235 inquit,
1500 1180 1631 1233 quae
1688 1159 1985 1216 abolenda

329 1265 543 1317 eratac
574 1263 894 1322 cessatura,
929 1273 1034 1328 per
1062 1254 1310 1328 gloriam
1334 1254 1473 1309 data
1501 1257 1611 1318 est,
1645 1250 1833 1306 multo
1865 1265 1986 1304 ma-

328 1349 417 1423 gis
444 1349 668 1405 Novum
700 1349 1140 1403 Testamentum
1177 1342 1337 1417 quod
1368 1358 1603 1413 semper
1633 1340 1983 1397 duraturum

325 1444 438 1506 est,
461 1437 574 1493 erit
614 1438 676 1493 in
705 1435 1070 1509 intelligibili
1100 1433 1310 1507 gloria.

398 1528 620 1593 ιιι,ιε-ι
634 1529 933 1598 5.«ltaque
946 1541 1078 1581 cum
1094 1523 1423 1579 habeamus
1434 1520 1779 1595 hujusmodi
1795 1537 1983 1592 spem,

334 1635 363 1665 «
385 1616 573 1672 multa
594 1616 867 1671 libertate
886 1614 1112 1669 utimur
1126 1619 1335 1679 ;etnon
1354 1611 1507 1667 sicut
1524 1613 1712 1665 Moses
1729 1610 1990 1681 ponebat

331 1707 642 1768 «velamen
666 1706 741 1763 ad
761 1703 974 1760 faciem
992 1719 1159 1758 suam
1184 1718 1259 1758 ne
1277 1701 1657 1757 intenderent
1676 1699 1781 1754 filii
1804 1697 1989 1753 Israel

338 1824 361 1852 ι
397 1801 461 1857 in
486 1796 669 1853 ﬁnem
700 1796 832 1867 ejus
854 1792 1014 1865 quod
1034 1791 1323 1847 aboletur.
1359 1789 1473 1845 Sed
1520 1788 1801 1844 obcmcati
1851 1792 1992 1842 sunt

331 1912 362 1944 α
386 1904 598 1946 sensus
618 1885 881 1940 illorum.
914 1884 1056 1938 Nam
1103 1896 1291 1952 usque
1326 1880 1401 1935 ad
1423 1878 1583 1934 diem
1632 1877 1986 1933 hodiernum

2085 707 2172 763 καὶ
2234 707 2607 781 παραθέσεως,
2668 702 2768 759 οὐκ
2822 700 2936 758 ἔστι
3021 696 3148 770 δόξα
3199 703 3297 754 τοῦ
3356 699 3637 757 Μωϋσέως
3694 696 3743 751 εἰ

2086 799 2178 855 καὶ
2224 796 2505 870 ἐδοξάσθη.
2569 798 2650 855 Ού
2706 797 2806 874 γὰρ
2858 792 3191 864 δεδόξασται,
3248 791 3295 847 εί
3353 790 3616 864 συγκρίνᾳ
3671 792 3744 863 τῇ

2090 895 2203 965 νέᾳ.
2268 918 2294 945 (ι
2354 893 2568 947 ιἸενεκεν
2647 897 2749 960 τῆς
2811 882 3266 958 ὑπερϐαλλούσης
3336 882 3517 953 δόξης,
3581 906 3609 933 ››
3674 881 3743 950 ἤν

2089 984 2232 1066 ἔχει,
2265 986 2542 1041 τουτέστιν
2576 987 2610 1054 ἡ
2642 983 2746 1039 νέα.
2789 1007 2816 1033 ιε
2849 981 2911 1039 Ei
2944 981 3046 1057 γὰρ
3075 980 3138 1034 τὸ
3176 979 3612 1052 καταργούμενον
3655 972 3751 1029 διὰ

2093 1061 2273 1148 δόξης.
2315 1100 2341 1127 υ
2375 1074 2506 1133 Εἶτα
2534 1073 2626 1128 καὶ
2658 1071 2718 1127 ἐκ
2746 1074 2842 1127 τοῦ
2876 1069 3116 1143 μονίμου
3147 1063 3380 1123 δείκνυσι
3421 1067 3521 1133 τήν
3552 1061 3751 1141 διαφο-

2093 1168 2210 1240 ράν.
2272 1165 2335 1222 Εἰ
2393 1164 2497 1239 γὰρ
2556 1164 2584 1218 ὁ
2642 1161 3049 1235 καταργεῖσθαι,
3109 1158 3264 1237 φησὶ,
3340 1155 3431 1210 καὶ
3484 1154 3752 1210 παύεσθαι

2099 1252 2321 1329 μέλλων
2355 1253 2546 1328 νόμος,
2580 1249 2671 1307 διὰ
2701 1249 2863 1321 δόξης
2889 1246 3076 1320 ἐδόθη.
3127 1246 3300 1303 πόσον
3356 1243 3568 1319 μᾶλλον
3596 1245 3630 1312 ἡ
3664 1242 3749 1298 ἀεὶ

2093 1345 2228 1401 οὗσα
2260 1345 2348 1399 καὶ
2384 1342 2614 1415 ἐσομένη
2646 1342 2741 1396 νέα
2771 1336 2915 1395 ἔσται
2946 1336 2998 1393 έν
3026 1339 3200 1411 νοητῇ
3237 1333 3389 1409 δόξῃ.

2166 1540 2427 1609 Ἔχοντες
2482 1532 2575 1589 οὖν
2630 1530 2887 1603 τοιαύτην
2971 1524 3190 1597 ἐλπίδα,
3260 1525 3450 1599 πολλῇ
3531 1523 3752 1601 παρρη-

2097 1622 2187 1694 σίᾳ
2233 1624 2522 1703 χρώμεθα,
2575 1620 2665 1676 καὶ
2724 1621 2788 1675 ού
2846 1619 3083 1693 καθάπερ
3136 1618 3379 1685 Μωυσῆς
3440 1613 3589 1683 ἐτίθη
3650 1616 3751 1669 κά-

2098 1709 2297 1786 λυμμα
2342 1711 2429 1767 ἐπὶ
2481 1712 2545 1767 τὺ
2603 1709 2897 1783 πρόσωπον
2954 1707 3121 1762 αὐτοῦ
3174 1707 3307 1781 πρὸς
3367 1705 3430 1760 τὸ
3492 1706 3566 1778 μὴ
3631 1705 3752 1759 ἀτε-

2098 1800 2242 1856 νίσαι
2337 1801 2463 1863 τοὺς
2549 1800 2702 1860 υἱοὺς
2776 1794 2998 1873 Ἰσραὴλ
3087 1796 3162 1858 εἰς
3245 1796 3308 1850 τὸ
3395 1791 3557 1855 τέλος
3654 1796 3754 1848 τοῦ

2099 1891 2567 1967 καταργουμένου,
2604 1886 2733 1944 ἀλλ’
2792 1887 3061 1963 ἐπωρώθη
3115 1884 3182 1940 τὰ
3235 1885 3487 1957 νοήματα
3544 1882 3751 1939 αὐτῶν.

332 2003 360 2032 ι(
377 1978 650 2036 velamen
673 1975 734 2029 in
752 1972 1011 2029 lectione
1025 1968 1252 2027 Veteris
1264 1968 1624 2025 Testamenti
1638 1973 1986 2034 manet,non

2104 1982 2268 2054 ,Αχρι
2308 1981 2410 2053 γὰρ
2460 1985 2559 2046 τῆς
2616 1978 2855 2052 σήμερον
2912 1975 2973 2030 τὸ
3029 1973 3162 2030 αύτὸ
3217 1970 3487 2045 κάλυμμα
3533 1968 3623 2025 ἐπὶ

330 2092 360 2122 α
384 2068 705 2133 detectum,
731 2061 888 2136 quod
929 2078 1035 2134 per
1067 2060 1364 2115 Christum
1414 2058 1756 2125 aboleatur;
1791 2057 1894 2112 sed
1910 2056 1983 2111 ad

329 2181 358 2211 «
392 2160 553 2215 hunc
585 2170 772 2226 usque
807 2152 966 2209 diem
1016 2166 1152 2206 cum
1209 2149 1427 2222 legitur
1474 2150 1685 2216 Moses,
1714 2147 1984 2203 velamen

328 2271 357 2301 α
391 2262 572 2321 super
601 2260 705 2302 cor
742 2242 988 2299 illorum
1018 2239 1281 2312 ponitur.
1317 2261 1344 2289 ››

401 2425 695 2494 Quoniam
728 2421 1070 2478 auditorum
1102 2418 1426 2474 infirmitas
1448 2433 1570 2472 non
1591 2414 1828 2472 videbat
1844 2415 1989 2471 Novi

330 2513 691 2574 Testamenti
721 2510 972 2584 gloriam
1026 2507 1242 2579 (neque
1291 2506 1454 2561 enim
1485 2504 1786 2561 sensibilis
1817 2506 1986 2575 erat),

335 2604 442 2662 sed
472 2602 545 2658 ad
580 2617 708 2656 eam
746 2599 895 2654 bene
927 2599 1141 2653 affecta
1162 2601 1306 2660 erat,
1358 2594 1433 2650 ad
1454 2594 1721 2649 futurum
1756 2599 1990 2665 tempus

333 2695 499 2767 ipsos
532 2689 819 2746 remittit:
854 2687 985 2743 ideo
1036 2702 1273 2759 quoque
1327 2685 1454 2757 spei
1509 2684 1783 2739 meminit
1835 2684 1990 2740 620

338 2805 367 2833 ‹‹
396 2778 749 2854 Hujusmodi
783 2793 971 2850 spem,
1007 2798 1033 2825 ››
1063 2774 1275 2846 inquit.
1306 2773 1681 2846 Hujusmodi,
1716 2771 1993 2845 qualem?

334 2869 501 2939 Quod
530 2886 638 2925 nos
662 2868 891 2940 majora
917 2864 1325 2937 acceperimus
1347 2879 1525 2935 quam
1544 2868 1708 2919 vetus
1737 2862 1993 2935 populus

335 2958 722 3017 Israeliticus.
762 2976 784 3005 ι
819 2955 1000 3011 Multa
1028 2954 1299 3011 libertate
1348 2952 1597 3008 utimur.
1632 2974 1659 3003 »
1715 2952 1991 3018 Quando-

340 3048 585 3124 quidem
615 3047 795 3121 igitur
815 3062 924 3101 nos
938 3044 1077 3100 Novi
1099 3042 1460 3098 Testamenti
1483 3042 1743 3098 ministri
1765 3042 1996 3115 majora

337 3138 701 3210 accepimus,
735 3134 1227 3208 prmdicationem
1257 3149 1391 3188 cum
1445 3148 1662 3205 magna
1718 3132 1993 3188 libertate

336 3227 756 3302 praedicamus,
789 3224 941 3280 nihil
975 3223 1342 3280 occultantes
1371 3238 1567 3293 neque
1597 3222 1852 3288 remissi,
1886 3238 1992 3278 ne-

337 3333 453 3389 que
483 3315 652 3372 veriti
695 3332 769 3370 ne
811 3319 1067 3371 vestram
1115 3312 1517 3385 percutiamus
1566 3311 1993 3369 conscientiam

335 3409 582 3480 propter
592 3402 1033 3476 praedicationis
1045 3399 1998 3471 absurditatem,quemadmodum

342 3496 532 3552 Moses
590 3492 843 3549 feriebat
898 3496 1173 3563 aspectus
1241 3490 1601 3546 Judmorum.
1662 3490 1776 3545 Vos
1835 3490 1994 3545 enim

340 3581 855 3656 pulchritudinem
910 3597 1041 3652 quae
1091 3585 1181 3635 est
1224 3580 1286 3635 in
1344 3578 1766 3651 praedicatione
1796 3579 1993 3634 videre

340 3672 591 3745 potestis
626 3688 639 3727 :
676 3676 740 3727 ut
772 3686 1152 3741 nequaquam
1200 3668 1501 3724 feriamini
1534 3668 1855 3737 intuentes,
1887 3686 1994 3724 ne-

335 3779 450 3836 que
484 3767 706 3827 mente,
750 3776 943 3831 neque
998 3758 1362 3831 intelligibili
1419 3764 1679 3829 aspectu.
1717 3779 1743 3809 ιι
1773 3760 1844 3813 Et
1872 3776 1993 3815 non

333 3856 489 3913 sicut
526 3855 734 3910 Moses.
774 3873 802 3900 »
861 3853 943 3906 Ac
1003 3850 1048 3904 si
1103 3850 1397 3921 quispiam
1457 3848 1738 3904 dixisset:
1802 3851 1993 3915 Quare

334 3949 538 4017 aperte
595 3940 932 4013 prmdicatis
990 3944 1048 3994 et
1107 3954 1227 3994 non
1287 3939 1349 3993 in
1408 3938 1651 3993 modum
1682 3938 1993 3994 velaminis

338 4030 753 4091 obumbrando
788 4028 1103 4100 loquimini
1135 4028 1162 4083 ?
1190 4030 1380 4094 Quare
1401 4028 1429 4083 ‘1
1459 4028 1726 4083 Primum
1749 4029 1989 4099 quidem

278 4162 301 4182 ν,
336 4121 708 4179 confidentes
738 4119 800 4173 in
822 4118 1078 4189 puritate
1104 4117 1546 4188 praedicationis
1573 4134 1586 4184 ;
1610 4115 1824 4172 deinde
1856 4117 1997 4187 quia

338 4228 444 4268 vos
474 4225 710 4282 quoque
740 4207 936 4262 videre
967 4206 1216 4277 potestis
1265 4222 1397 4262 eam
1448 4222 1578 4276 quas
1613 4206 1674 4260 in
1708 4205 1997 4276 praedica—

339 4301 504 4357 tione
536 4303 625 4354 est
653 4295 1183 4369 pulchritudinem.
1218 4296 1416 4364 Neque
1466 4295 1625 4348 enim
1674 4294 1853 4349 veluti
1886 4296 1997 4365 ,Ju-

344 4388 453 4446 dmi
487 4387 796 4444 cascutitis.
827 4385 1057 4450 Quanto
1089 4384 1249 4439 enim
1296 4382 1519 4438 Novum
1550 4384 1992 4439 Testamentum

343 4479 540 4551 majus
570 4481 680 4545 est,
710 4479 873 4531 tanto
902 4490 1136 4545 quoque
1171 4474 1363 4545 major
1392 4479 1482 4528 est
1508 4473 1860 4530 excellentia
1894 4492 1994 4531 eo-

284 4624 291 4629 ,
342 4582 478 4624 rum
512 4566 614 4639 qui
646 4564 957 4622 docentur.
996 4585 1023 4613 «
1051 4563 1134 4619 Ne
1183 4562 1564 4619 intenderent
1594 4563 1702 4619 lilii
1728 4565 1928 4621 Israel.
1966 4586 1993 4613 ››

347 4658 419 4716 Ut
448 4656 696 4713 intentis
727 4653 946 4726 inquit,
980 4652 1165 4709 oculis
1197 4653 1257 4708 in
1306 4652 1519 4709 faciem
1547 4654 1678 4727 ejus
1707 4671 1826 4711 non
1857 4672 1993 4727 per—

2090 2069 2392 2143 ἆναγνώσει
2448 2076 2549 2137 τῆς
2608 2065 2853 2130 ῐιαλαιᾶς
2901 2066 3176 2134 Διαθηκης
3268 2061 3416 2134 μένει
3481 2063 3555 2136 μὴ
3629 2061 3758 2116 ἀνα-

2089 2158 2535 2232 καλυπτόμενον,
2593 2156 2677 2212 ὅτι
2763 2154 2814 2210 ἐν
2870 2158 3088 2230 Χριστῷ
3161 2156 3529 2227 καταργεῖται.
3588 2147 3754 2207 Ἀλλ’

2090 2245 2197 2310 ἵως
2231 2249 2472 2321 σήμερον
2507 2246 2663 2316 ἡνίκα
2695 2244 3132 2320 ἀναγινώσκηται
3191 2243 3421 2311 Μωσῆς,
3482 2237 3755 2313 κάλυμμα

2092 2340 2181 2397 ἐπὶ
2212 2340 2312 2410 τήν
2343 2335 2567 2415 καρδίαν
2600 2335 2777 2392 αὐτῶν
2810 2341 3005 2391 κεῖται.

2163 2426 2396 2499 Ἐπειδὴ
2456 2428 2519 2484 τὸ
2577 2426 2792 2490 ἀσθενὲς
2840 2428 2945 2479 τῶν
3032 2422 3315 2495 ἀκροατῶν
3376 2421 3479 2477 οὐκ
3554 2415 3759 2499 ἔϐλεπε

2092 2523 2193 2591 τῆν
2255 2518 2412 2591 δόξαν
2465 2526 2566 2590 τῆς
2625 2518 2761 2580 Νέας
2823 2516 2909 2589 (ού
2995 2493 3113 2593 γὰρ
3161 2515 3225 2584 ἦν
3286 2513 3567 2583 αἰσθητὴ),
3628 2493 3761 2570 ἀλλ’

2098 2611 2337 2686 ἰλιγγία,
2394 2610 2470 2671 εἰς
2551 2610 2643 2664 τὸν
2736 2605 3009 2681 μέλλοντα
3068 2605 3266 2681 χρόνον
3328 2603 3527 2666 αὐτοὺς
3580 2625 3762 2679 παρα-

2097 2701 2326 2772 πέμπει.
2362 2698 2456 2754 Διὸ
2487 2699 2577 2754 καὶ
2611 2695 2838 2758 ἐλπίδος
2901 2695 3195 2771 μέμνηται.
3235 2719 3263 2746 ι(
3320 2693 3616 2763 Τοιαύτην,
3650 2714 3763 2771 φη-

2096 2789 2201 2859 σὶν,
2233 2787 2454 2846 ἐλπίδα.
2496 2813 2514 2838 ι
2550 2786 2848 2858 Τοιαύτην,
2880 2785 3045 2841 ποίαν
3079 2804 3092 2854 ;
3127 2783 3213 2839 ὅτι
3275 2781 3540 2858 μειζόνων
3591 2784 3760 2856 ἡμεῖς

2098 2879 2438 2951 ἠξιώθημεν,
2471 2879 2506 2948 ἢ
2561 2878 2588 2932 ὁ
2640 2876 2813 2932 πάλαι
2873 2871 3117 2946 Ἰσραήλ.
3159 2897 3178 2923 ιι
3226 2870 3422 2945 Πολλῇ
3480 2870 3761 2948 παρῥησίᾳ

2101 2968 2392 3041 χρώμεθα.
2428 2990 2457 3020 ››
2492 2966 2646 3022 Ἐπεὶ
2678 2963 2770 3021 οὖν
2812 2964 3074 3038 μειζόνων
3130 2964 3295 3036 ἡμεῖς
3353 2962 3404 3017 οἳ
3461 2964 3560 3027 τῆς
3618 2961 3757 3023 Νέας

2102 3054 2350 3112 διάκονοι
2404 3056 2740 3127 ἠξιώθημεν,
2803 3055 2937 3126 μετά
3015 3050 3324 3128 παρρησίας
3378 3052 3442 3106 τὸ
3497 3052 3753 3125 κήρυγμα

2098 3146 2475 3220 κηρύσσομεν,
2506 3142 2659 3199 οὐδὲν
2698 3141 3162 3218 ἀποκρύπτοντες,
3225 3138 3351 3195 οὐδὲ
3408 3137 3753 3196 ἀποστελλό-

2106 3255 2279 3309 μενοι,
2310 3230 2436 3291 ούδὶ
2465 3229 2771 3294 δεδοικότες
2806 3233 2882 3305 μὴ
2923 3230 3221 3303 πλήξωμεν
3256 3229 3410 3302 ὑμῶν
3465 3231 3565 3298 τὴν
3628 3250 3754 3284 συν-

2036 3359 2079 3425 C
2108 3321 2315 3394 είδησιν
2350 3320 2440 3378 διὰ
2471 3322 2568 3391 τὴν
2611 3320 2834 3377 ἀτοπίαν
2890 3324 2986 3374 τοῦ
3033 3318 3405 3394 κηρύγματος,
3466 3315 3647 3393 ὥσπερ
3732 3320 3760 3375 ὀ

2108 3416 2160 3425 --
2251 3419 2278 3425 ...
2374 3409 2397 3425 υ
2442 3410 2462 3425 \
2713 3411 2726 3425 ο
2875 3412 2902 3425 ω
3006 3410 3045 3425 δι’
3121 3405 3145 3425 λ
3194 3407 3206 3425 1
3343 3403 3397 3425 "I
3574 3410 3631 3425 In
3707 3414 3732 3425 υ

2106 3416 2311 3480 Μωσῆς
2373 3409 2613 3481 ἕπληττε
2668 3411 2764 3471 τὰς
2835 3412 2943 3464 τῶν
3006 3405 3284 3465 Ἰουδαίων
3340 3403 3513 3482 ὄψεις.
3574 3410 3759 3480 Ὑμεῖς

2102 3502 2204 3578 γὰρ
2237 3498 2370 3556 ἰδεῖν
2411 3501 2474 3555 τὸ
2530 3500 2648 3554 ἕνον
2703 3502 2785 3569 τῷ
2844 3495 3162 3572 κηρύγματι
3227 3492 3442 3558 κάλλος
3503 3493 3761 3565 δύνασθε,

2103 3589 2193 3646 καὶ
2229 3589 2328 3644 οὐκ
2358 3586 2418 3644 ἄν
2470 3586 2773 3664 πληγείητε
2831 3585 3064 3657 ὁρῶντες
3120 3580 3248 3639 οὐδὲ
3313 3584 3405 3639 τὸν
3453 3589 3575 3638 νοῦν
3636 3583 3766 3643 οὐδὲ

2102 3679 2197 3741 τὰς
2225 3680 2423 3748 νοητὰς
2455 3673 2635 3753 ὄψεις.
2678 3702 2704 3727 ‹‹
2745 3676 2839 3733 Καὶ
2875 3674 2936 3729 ού
2990 3673 3230 3748 καθάπερ
3284 3677 3545 3743 Μωϋσῆς,
3584 3699 3611 3725 ››
3663 3676 3766 3733 Διά

2101 3767 2155 3823 τί
2188 3764 2268 3830 δὲ,
2301 3768 2373 3829 ὠς
2426 3769 2472 3821 εἰ
2526 3765 2646 3822 εἶπέ
2698 3785 2804 3834 τις,
2863 3761 3387 3836 ἀνακεκαλυμμένως
3436 3764 3759 3839 κηρύσσετε,

2101 3856 2191 3912 καὶ
2231 3856 2293 3912 ού
2350 3854 2510 3927 δίκην
2566 3852 2931 3929 καλύμματος
2992 3853 3422 3926 ἐπεσκιασμένως
3481 3851 3759 3925 λαλεῖτες

2106 3947 2206 4001 Διά
2234 3945 2286 4002 τί
2317 3964 2330 4014 ;
2366 3948 2590 4019 Ηρῶτον
2628 3944 2723 4018 μέν
2756 3942 3081 4020 θαρροῦντες
3110 3947 3191 4015 τῷ
3248 3944 3469 4019 καθαρῷ
3498 3947 3595 3998 τοῦ
3652 3966 3762 4016 κη-

2107 4034 2408 4110 ρύγματος,
2439 4027 2624 4088 ἔπειτα
2656 4034 2739 4087 ὅτι
2775 4033 2933 4104 ὑμεῖς
2967 4032 3056 4086 καὶ
3088 4029 3220 4086 ἰδεῖν
3256 4028 3480 4087 δύνασθε
3520 4034 3581 4087 τὸ
3638 4032 3760 4090 ἐνὸν

2104 4128 2185 4194 τῷ
2215 4122 2533 4199 κηρύγματι
2563 4120 2795 4183 κάλλος.
2852 4121 2930 4179 Ού
2988 4121 3093 4196 γὰρ
3150 4118 3238 4176 ἴσα
3297 4119 3581 4186 Ἰουδαίοις
3647 4123 3760 4195 ἂμο

2106 4206 2624 4283 6λυώττετε.“()σῳ
2676 4210 2779 4288 γὰρ
2840 4210 2874 4281 ἡ
2934 4210 3025 4266 νέα
3086 4212 3310 4283 μείζων,
3368 4212 3616 4286 τοσούτῳ
3668 4215 3765 4270 καὶ

2102 4307 2212 4357 τῶν
2240 4301 2699 4374 μαθητευομένων
2734 4300 2796 4355 τὸ
2829 4297 3113 4376 διάφορον.
3149 4326 3176 4351 ‹‹
3212 4302 3355 4372 Πρὸς
3410 4303 3473 4357 τὸ
3510 4304 3583 4376 μή
3640 4305 3764 4362 ἀτε-

2104 4392 2252 4447 νίσαι
2281 4391 2408 4453 τοὺς
2440 4391 2590 4453 υἱοὺς
2625 4389 2867 4466 Ἰσραήλ.
2906 4413 2934 4442 ›)
2965 4393 3130 4446 ’Ὥστε
3191 4392 3268 4463 μή
3328 4391 3591 4465 ἀτενίσαι,
3650 4417 3765 4475 φη-

2107 4480 2214 4551 σὶν,
2276 4480 2355 4543 εἰς
2411 4480 2475 4535 τὸ
2514 4479 2807 4555 πρόσωπον
2869 4479 3056 4547 αὐτοῦ,
3114 4481 3177 4535 τὸ
3233 4484 3615 4558 καταργεῖσθαι
3672 4487 3765 4539 καὶ

2104 4570 2363 4626 παύεσθαι
2408 4568 2614 4645 μέλλον
2646 4569 2753 4624 ἀπὸ
2784 4576 2882 4638 τῆς
2916 4565 3101 4642 δόξης.
3138 4567 3484 4644 Βουλόμενος
3509 4570 3565 4627 δὲ
3595 4570 3761 4645 δεῖξαι

2107 4657 2505 4735 ὀλιγοχρόνιον
2537 4661 2637 4730 τήν
2669 4655 2824 4732 δόξαν
2874 4657 3109 4728 ἐκείνην,
3161 4660 3236 4723 ὡς
3291 4661 3425 4736 πρὸς
3488 4661 3764 4738 σύγκρισιν

347 4748 649 4822 spicerent
678 4744 739 4800 id
769 4743 928 4817 quod
954 4748 1325 4800 cessaturum
1356 4750 1485 4799 erat
1535 4758 1603 4801 ac
1634 4744 1992 4801 abolendum

2106 4760 2209 4823 τῆς
2235 4753 2314 4808 ἀεὶ
2357 4752 2626 4827 μενούσης
2659 4750 2710 4807 ἐν
2756 4754 2824 4823 τῇ
2882 4750 2971 4823 νέᾳ
3029 4748 3186 4829 δόξῃ,
3244 4728 3432 4833 φησὶν,
3492 4779 3520 4807 ‹‹
3567 4728 3669 4820 Ἐίς
3697 4759 3764 4814 τὸ

345 4836 419 4894 ab
450 4853 520 4893 ea
549 4835 757 4910 gloria.
789 4832 1001 4888 Volens
1054 4838 1254 4888 autem
1287 4832 1601 4890 ostendere
1646 4833 1838 4889 brevis
1869 4850 1999 4890 esse

343 4927 633 4999 temporis
644 4925 895 4999 gloriam
911 4924 1390 4995 illam.quanlum
1405 4925 1478 4980 ad
1492 4927 2003 4996 comparationem

349 5015 550 5088 gloriae
574 5032 703 5086 qum
728 5029 963 5084 semper
986 5019 1258 5069 maneret
1279 5014 1338 5068 in
1359 5016 1532 5079 Novo,
1554 5015 1638 5069 ait
1662 5019 1793 5080 ;«ln
1820 5016 2001 5071 ﬁnem

350 5105 482 5176 ejus
538 5102 699 5174 quod
747 5102 1103 5172 aboletur,»
1167 5119 1235 5158 ac
1294 5103 1342 5157 si
1401 5103 1661 5158 diceret:
1706 5104 1850 5159 Cum
1881 5122 2003 5162 non

350 5191 654 5266 potuerint
684 5192 744 5247 in
791 5191 1040 5263 gloriam
1090 5191 1400 5246 intendere
1457 5182 1759 5255 Israelitaz,
1794 5210 2002 5250 conse-

354 5296 545 5354 quens
574 5284 664 5335 est
691 5285 759 5337 ut
801 5279 980 5335 ﬁnem
1022 5279 1236 5336 habeat
1283 5297 1350 5336 ac
1399 5288 1590 5337 cesset
1634 5281 1738 5338 illa
1768 5282 1998 5355 gloria:

355 5388 487 5444 quas
517 5369 666 5426 adeo
692 5369 886 5425 brevis
906 5376 1034 5426 erat
1060 5371 1367 5443 temporis.
1401 5376 1465 5425 ut
1520 5372 1699 5426 simul
1753 5379 1811 5427 et
1840 5373 2003 5429 ince-

351 5461 507 5535 perit
539 5465 597 5515 et
625 5459 977 5515 cessaverit:
1012 5476 1208 5531 neque
1234 5467 1431 5516 tamen
1471 5462 1533 5517 in
1563 5461 1750 5529 illam,
1784 5463 2000 5534 inquit.

355 5552 620 5625 aspicere
676 5555 1017 5623 potuerunt,
1050 5551 1198 5606 adeo
1243 5558 1414 5607 erant
1444 5552 1791 5608 imbecilles.
1833 5574 1853 5601 ι
1890 5555 2004 5612 Sed

355 5640 636 5698 obcaecati
670 5646 809 5696 sunt
840 5655 1049 5695 sensus
1083 5639 1341 5695 illorum.
1382 5663 1408 5690 »
1446 5642 1561 5697 Hoc
1592 5648 2004 5709 est,excaecata

360 5738 451 5788 est
481 5748 651 5786 mens
683 5729 947 5797 illorum,
980 5729 1160 5800 idque
1191 5730 1361 5795 adeo,
1395 5736 1459 5787 ut
1486 5748 1605 5788 non
1635 5738 1779 5790 tunc
1810 5735 2001 5790 solum

357 5818 500 5876 Iosi
532 5817 778 5891 gloriam
814 5819 1009 5876 videre
1039 5834 1160 5877 non
1218 5823 1542 5895 potuerint,
1581 5824 1686 5882 sed
1714 5840 1789 5881 ne
1842 5842 2005 5885 nunc

2110 4843 2270 4906 τέλος
2297 4847 2395 4899 τοῦ
2424 4841 2890 4919 καταργουμένου,
2928 4865 2956 4895 ››
2990 4841 3065 4903 ὡς
3123 4842 3168 4897 εἰ
3226 4838 3434 4917 ἔλεγεν·
3465 4846 3628 4903 Ὅταν
3663 4847 3767 4904 οὐκ

2109 4931 2380 5005 ἠδύναντο
2420 4931 2651 4987 ἀτενίσαι
2713 4936 2783 5007 τῇ
2843 4928 2971 5006 δόξῃ
3036 4932 3087 4986 οἱ
3139 4931 3500 5004 Ἰσραηλίται,
3562 4933 3764 4994 λοιπὸν

2110 5021 2271 5084 τέλος
2304 5022 2423 5096 εἶχε
2450 5022 2541 5077 καὶ
2575 5020 2844 5077 ἐπαύσατο
2875 5022 2910 5092 ἠ
2947 5018 3074 5091 δόξα
3132 5020 3329 5092 ἐκείνη.
3392 5024 3579 5087 Ούτως
3637 5025 3765 5083 ὀλι-

2110 5112 2407 5192 γοχρόνιος
2430 5112 2521 5182 ἦν,
2557 5111 2630 5173 ὡς
2670 5111 2785 5183 ἃμα
2845 5115 2925 5183 τῷ
2981 5108 3239 5186 ἄρξασθαι
3294 5112 3382 5167 καὶ
3441 5115 3767 5176 παύσασθαι.

2111 5200 2271 5257 Ἀλλ’
2303 5198 2431 5256 οὐδὲ
2466 5200 2543 5261 εἰς
2596 5198 2831 5271 ἑκείνην,
2894 5198 3078 5279 φησῖνν
3129 5198 3263 5255 ἶδεῖν
3321 5198 3614 5276 ἦδδνπντον
3674 5207 3773 5265 οἷδ’

2111 5311 2221 5353 τως
2259 5292 2394 5359 ἦσαν
2454 5290 2709 5351 ἀσθενεῖς.
2747 5312 2775 5341 α
2835 5287 2996 5346 Ἀλλ’
3052 5288 3320 5363 ἐπωρώθη
3398 5292 3467 5348 τὰ
3520 5296 3775 5368 νοήματα

2115 5379 2312 5437 αύτῶν.
2373 5402 2402 5431 ››
2458 5377 2763 5445 Τουτέστιν,
2824 5376 3092 5450 ἐπωρώθη
3153 5379 3335 5436 αὐτῶν
3391 5381 3419 5436 ὁ
3477 5387 3626 5451 νοῦς,
3679 5388 3774 5442 καὶ

2113 5472 2399 5537 τοσοῦτον,
2460 5466 2543 5522 ὅτι
2603 5466 2666 5522 ού
2728 5467 2895 5537 μόνον
2948 5467 3074 5525 τότε
3141 5470 3242 5538 τὴν
3308 5471 3557 5535 Μωσέως
3614 5470 3774 5546 δόξαν

2113 5557 2245 5614 ἰδεῖν
2272 5559 2373 5613 οὒκ
2404 5556 2617 5633 ἴσχυον,
2659 5553 2790 5613 ἀλλ’
2821 5553 2947 5614 οὐδὲ
2976 5561 3067 5611 νῦν
3105 5560 3171 5614 τὰ
3228 5556 3280 5615 ἐν
3337 5565 3416 5634 τῷ
3444 5561 3600 5637 νόμῳ
3635 5563 3770 5621 ἰδεῖν

2114 5648 2399 5725 ἰσχύουσιν
2433 5647 2509 5709 ὠς
2542 5649 2678 5722 χρή.
2729 5649 2899 5723 ’Ἄχρι
2952 5647 3074 5723 γὰρ,
3130 5650 3286 5730 φησὶ,
3341 5658 3442 5721 τῆς
3498 5656 3772 5730 σήμερον,

2111 5739 2174 5794 τὸ
2207 5738 2339 5793 αύτὸ
2369 5737 2494 5810 παρ’
2528 5735 2713 5798 αὐτοῖς
2744 5735 3012 5809 κάλυμμα
3044 5732 3163 5812 ἔχει
3210 5738 3244 5808 ἡ
3305 5738 3610 5815 ἀνάγνωσις
3663 5747 3768 5798 τοῦ

2110 5830 2304 5903 νόμου.
2359 5829 2563 5903 Ὥσπερ
2620 5825 2723 5906 γὰρ
2779 5823 3204 5903 κεκαλυμμένης
3258 5831 3359 5901 τῆς
3403 5828 3766 5906 ἀναγνώσεως
