4080 6416
383 494 502 555 953

1349 485 1761 550 COMMENT.
1806 487 1884 547 IN
1931 483 2180 547 EPIST.
2225 487 2284 550 II
2330 491 2435 549 AD
2477 490 2849 555 CORlNTH.

3686 501 3806 561 954

378 623 440 680 οὔ
472 619 728 679 δύνανται
763 617 896 676 ἰδεῖν
944 619 1012 676 τα
1077 619 1130 676 ἔν
1188 617 1347 696 αὐτῇ,
1408 617 1537 677 οὐδὲ
1592 621 1795 697 γνῶναι
1849 615 1936 673 ὅτι
1985 613 2031 672 ἐν

2155 621 2398 693 quidem
2429 641 2498 681 ea
2528 639 2659 696 qum
2690 625 2753 681 in
2809 625 2937 699 lege
2996 634 3136 687 sunt
3190 628 3388 686 videre
3446 636 3700 703 possunt
3742 637 3809 690 ut

385 723 612 796 Χριστῷ
637 724 987 798 καταργεῖται
1034 716 1127 772 καὶ
1181 714 1409 772 παύεται
1439 714 1683 787 ὁνόμος.
1747 716 1860 768 Ποῦ
1915 713 2042 791 γὰρ,

383 808 534 868 εἴποι
571 829 679 879 τις,
722 812 887 864 τοῦτο
944 801 1062 883 ἔχει
1117 806 1145 861 6
1196 806 1390 879 νόμος,
1443 804 1526 860 ὅτι
1570 803 1623 859 ἐν
1677 805 1896 876 Χριστῷ
1952 800 2043 857 καὶ

384 897 477 956 διὰ
506 899 693 971 Ἰησοῦ
720 898 1190 973 καταργηθήσεται
1226 913 1241 964 ;
1301 893 1405 952 Καὶ
1464 892 1624 955 αύτὸς
1687 894 1781 966 μὲν
1815 892 1843 946 6
1869 892 2042 967 νόμος

374 988 555 1071 φησίν.
595 986 776 1045 Binum
809 988 910 1061 γάρ
941 984 1047 1047 ὅτι.
1082 1008 1112 1038 ιι
1143 984 1465 1057 Ἀναστήσει
1503 984 1630 1056 ὑμῖν
1662 984 1974 1058 προφήτην,
2009 1007 2029 1033 ι

378 1070 672 1156 ἓπήγανεν,
703 1099 732 1130 ‹‹
769 1074 949 1132 Αὐτοῦ
998 1074 1288 1129 ἀκούσεσθε
1354 1077 1641 1128 πανοτιοῦν
1691 1070 1974 1148 λὲγοντος·
2013 1094 2038 1124 υ

375 1168 536 1248 φησὶ,
568 1165 665 1222 κᾶν
702 1163 1010 1222 ὑπεναντίον
1037 1163 1165 1239 εἲπῃ
1219 1166 1317 1218 τοῦ
1373 1162 1570 1235 νόμου,
1628 1161 1752 1235 περὶ
1803 1159 2041 1234 Χριστοῦ

383 1246 589 1331 λέγων.
624 1255 799 1317 Αὐτὸς
832 1251 1006 1310 δὲκαὶ
1060 1253 1129 1309 τά
1188 1246 1444 1309 Σάϐϐατα
1500 1250 1680 1320 ἔλυσε,
1731 1250 2038 1328 θεραπεύων

369 1345 667 1408 ἐναύτοῖς.
702 1344 799 1400 Καὶ
851 1339 1252 1398 ἐπιδιετάσσετὸ
1311 1362 1449 1412 τινα,
1509 1341 1585 1403 ὡς
1638 1342 1724 1409 τὸ,
1784 1366 1812 1395 ι(
1847 1340 2043 1398 Ἠκού-

370 1455 502 1491 σατε
541 1437 626 1492 ὅτι
670 1432 877 1511 ἐρρήθη
927 1433 1046 1495 τοίς
1094 1431 1352 1508 ἀρχαίοις
1410 1428 1556 1501 τόδε,
1615 1430 1723 1508 ἐγὼ
1777 1428 1836 1486 δὲ
1893 1430 2039 1508 λέγω

371 1528 530 1600 ὑμῖν.
567 1552 588 1579 ι
629 1523 726 1580 Καὶ
757 1545 817 1579 το
855 1524 932 1595 μὴ
963 1520 1223 1578 ἀπολύειν
1250 1525 1479 1597 γυναῖκα
1529 1517 1618 1576 διὰ
1651 1524 1814 1594 μῖσος
1847 1516 2036 1595 μόνον,

366 1615 465 1673 καὶ
495 1613 641 1670 ἀλλα
698 1610 906 1669 πόλλά.
965 1613 1197 1668 Ἔπειτα
1245 1607 1303 1666 δὲ
1360 1611 1444 1666 ὅτι
1512 1608 1887 1684 ἐντειλάμενος
1939 1609 2039 1664 αὖ-

368 1709 489 1769 τοῖς
523 1706 552 1759 6
584 1704 714 1764 Θεὸς
746 1722 799 1757 εν
856 1705 935 1772 τῷ
991 1721 1106 1773 ναῳ
1170 1700 1318 1774 μόνῳ
1371 1698 1539 1769 θύειν,
1590 1698 1683 1754 καὶ
1738 1699 1791 1754 ἐν
1859 1701 2038 1774 τούτῳ

372 1790 721 1865 περικλείσας
777 1791 875 1853 τὰς
946 1789 1151 1859 θυσίας,
1209 1790 1331 1864 εἶρα
1396 1786 1641 1845 καθελὼν
1698 1788 1882 1859 αὐτὸν,
1941 1788 2041 1845 οὐκ

375 1876 608 1952 εὔδηλον
670 1880 754 1935 ὅτι
808 1880 1149 1954 καταργήσει
1204 1879 1301 1941 τὰς
1359 1876 1545 1943 θυσίας
1596 1878 1688 1933 καὶ
1745 1879 1919 1943 πάσας
1943 1880 2038 1939 τὰς

374 1969 608 2044 νομικᾶς
639 1966 949 2044 ἱερουργίας
984 1987 998 2037 ;
1032 1965 1172 2023 ὣστε
1194 1968 1285 2023 καὶ
1341 1966 1614 2039 α’σθητῶς
1670 1969 1760 2024 καὶ
1819 1974 2032 2040 νοητῶς

373 2061 405 2115 6
458 2055 625 2134 νόμος
681 2059 784 2127 τήν
842 2058 1036 2115 ἑαυτοῦ
1095 2057 1434 2135 κατάργησιν
1511 2059 1806 2139 περιέχειν·
1878 2086 1905 2113 ‹‹
1941 2062 2029 2130 Μὴ

370 2147 904 2220 ἀνακαλυπτόμενον
939 2192 954 2219 ,
988 2170 1015 2199 »
1071 2146 1150 2210 εἷς
1196 2147 1259 2202 τὸ
1315 2151 1516 2223 γνῶναι
1572 2147 1784 2219 αὐτοὸς,
1843 2148 1928 2205 ὅτι
1984 2148 2036 2204 ἐν

366 2242 595 2314 Χριστῷ
644 2242 992 2313 καταργεῖται
1033 2237 1062 2293 6
1115 2235 1306 2310 νόμος.
1355 2269 1423 2279 -
1456 2239 1800 2313 [ΚΥΡΙΑΑ.]
1842 2238 1905 2296 Ὁ
1933 2237 2035 2314 γὰρ

379 2326 619 2402 Χριστὸς
702 2329 966 2400 καταργεῖ
1034 2325 1096 2379 16
1139 2322 1428 2398 κάλυμμα,
1485 2325 1660 2389 Αὐτὸς
1710 2325 1814 2400 γάρ
1873 2323 1946 2379 ὢν
1998 2327 2033 2395 ἡ

372 2415 634 2488 ἀλήθεια,
665 2413 822 2471 παύει
852 2415 954 2485 τὴν
986 2413 1139 2469 σκιὰν
1190 2413 1282 2468 καὶ
1336 2414 1436 2482 τήν
1498 2409 1734 2485 διπλόην
1789 2418 1887 2470 τοῦ
1941 2414 2036 2470 νό-

374 2526 505 2581 μου,
547 2503 722 2566 οὕτως
753 2502 806 2559 ὲν
833 2497 1037 2579 βιϐλίῳ
1067 2501 1208 2579 ρλα’,
1241 2506 1339 2570 τῆς
1370 2503 1658 2576 ἑρμηνείας
1687 2507 1784 2558 τοῦ
1833 2509 2031 2564 Λουκᾶ.

368 2627 438 2639 -
471 2596 689 2670 [ΦΩΤ.]
720 2590 918 2663 Ἐδόθη
979 2598 1096 2654 τοῖς
1152 2592 1205 2648 ἐν
1262 2589 1575 2668 παραδείσῳ
1623 2590 1845 2663 ἐντολὴ,
1906 2592 2034 2650 ἀλλ’

373 2681 592 2762 ἤργησε
622 2682 712 2737 καὶ
743 2682 1034 2749 πέπαυται,
1067 2681 1157 2737 καὶ
1192 2680 1354 2737 οἷονεί
1407 2683 1769 2759 κατήργητκι.
1830 2680 2031 2755 Ἐδόθη

369 2780 491 2837 τοῖς
523 2774 646 2848 περὶ
681 2776 828 2839 Νῶε,
863 2773 1079 2846 κάκείνη
1136 2773 1397 2836 ὡσαύτως
1443 2773 1679 2849 ἤργησεν
1732 2772 1822 2830 καὶ
1875 2775 2032 2829 κατὲ-

370 2886 573 2923 παυσεν
609 2906 622 2920 .
686 2862 883 2933 Ἐδόθη
944 2869 1061 2925 τοῖς
1116 2864 1239 2937 περῖ
1292 2858 1567 2937 ’Δϐραὰμ,
1622 2861 1770 2919 ἀλλά
1822 2864 1912 2919 καὶ
1971 2865 2035 2920 τά

368 2955 604 3012 πλείστα
630 2953 834 3025 ταύτης
893 2955 1239 3030 κατήργησεν
1273 2954 1301 3009 6
1352 2953 1522 3028 νόμος
1592 2953 1813 3028 μυρίαις
1862 2975 2032 3027 προσ-

370 3046 564 3117 θήκαις
595 3043 910 3107 ἀλλοιώσας
942 3042 1030 3100 καί
1059 3044 1219 3114 τάξας
1263 3039 1440 3119 ἕτερα.
1500 3041 1694 3114 Ἐδόθη
1755 3040 1845 3099 διὰ
1900 3045 2033 3101 Μω-

369 3134 504 3198 σὲως
563 3136 591 3191 6
648 3135 840 3208 νόμος,
898 3139 1248 3210 καταργεῖται
1305 3132 1396 3187 καὶ
1451 3133 1677 3188 παύεται
1725 3133 1816 3188 καὶ
1856 3133 2032 3206 οὗτος,

381 3224 484 3280 οὐκ
514 3224 592 3301 ἐφ’
621 3225 666 3297 ᾧ
692 3223 876 3298 ἓτερον
909 3223 1256 3302 εἰσαχθῆναι,
1288 3222 1378 3278 καὶ
1409 3222 1576 3277 πάλιν
1608 3222 1854 3278 κάκεῖνον
1903 3243 2032 3278 κατ-

379 3311 864 3418 αργηθῆναι,“ἆλλ’
892 3312 979 3391 ἐφ’
1014 3313 1061 3386 ᾧ
1107 3308 1671 3418 ἕτερον“εἰσαχθῆται
1730 3312 1822 3418 τὸν
1863 3311 2024 3390 εὐαγ-
2057 3351 2100 3418 C

369 3402 730 3479 γελικόν,καὶ
789 3402 867 3467 εἷς
922 3403 1013 3458 τὸν
1070 3402 1237 3457 αἰῶνα
1303 3399 1595 3476 διαμένειν.
1664 3401 1866 3466 Πάντες
1930 3403 2025 3477 μὲν

367 3489 462 3549 οὖν
491 3492 543 3548 οἱ
571 3487 880 3567 ’ἔμπροσθεν
927 3493 1372 3565 κατηργήθησαν,
1412 3489 1561 3546 ἀλλὰ
1613 3490 1774 3553 τέλος
1831 3512 2029 3566 καταρ-

362 3580 697 3657 γουμξνουὸ
729 3579 922 3653 νόμος,
979 3575 1169 3648 ἐπειδὴ
1232 3579 1347 3652 μετ’
1402 3579 1564 3634 αὐτὸν
1632 3579 1733 3635 οὐκ
1786 3575 1865 3636 ἔτι
1912 3577 2025 3636 ἓτε-

363 3690 459 3746 ρος
484 3673 856 3744 καταργεῖται,
903 3668 967 3725 Εἴ
1024 3665 1081 3723 δὲ
1135 3669 1164 3723 6
1215 3668 1386 3742 νόμος
1441 3667 1601 3730 τέλος
1648 3667 2030 3745 καταργουμέ-

362 3780 482 3830 νου,
513 3759 608 3814 καῖ
647 3759 709 3812 τὸ
737 3756 950 3833 εἰσάγον
978 3754 1136 3812 αὑτὸν
1194 3756 1491 3832 πρόσωπον
1549 3755 1812 3828 δηλονότι
1869 3755 2027 3820 τὲλος

363 3845 829 3923 καταργουμένου,
857 3843 1041 3922 ὥσπερ
1081 3845 1171 3901 γαὶ
1213 3847 1241 3901 6
1296 3850 1395 3903 τοῦ
1452 3845 1774 3923 εὐαγγελίοδ
1834 3845 2025 3921 δοτὴρ,

364 3936 445 3999 εἷς
490 3938 584 3992 τὸν
658 3935 831 3991 αἰῶνα
886 3939 984 3991 τοῦ
1032 3935 1233 3998 αῗῶνος
1296 3934 1572 4010 βασιλεύει
1621 3936 1710 3990 καὶ
1767 3936 2025 4012 κυριεύει.

365 4049 396 4080 ιι
433 4025 720 4098 Κάλυμεια
773 4022 863 4080 ἔπί
919 4026 1018 4095 τὴν
1079 4021 1307 4097 καρδίαν
1367 4024 1742 4082 αὐτῶνκεὶναι.
1806 4048 1834 4078 n
1896 4026 2028 4083 Εἶτα

365 4112 555 4187 ἔπειδή
590 4114 731 4183 εἶπε,
759 4113 1030 4188 κάλυμμα
1059 4115 1268 4170 κεῖσθαι
1322 4113 1412 4170 ἰπὶ
1464 4117 1533 4187 τῇ
1576 4115 1872 4192 ἀναγνώσει
1924 4123 2027 4186 τῆς

365 4201 749 4274 Παλαιᾶς,’ίνα
790 4205 985 4279 μήτις
1035 4224 1272 4279 νομισῃς
1330 4208 1434 4273 τῆς
1480 4203 1732 4281 ἀσαφείας
1780 4209 1878 4261 τοῦ
1935 4206 2030 4261 νό-

373 4315 482 4368 μου
503 4295 641 4350 εἷναι
701 4295 765 4350 τὸ
821 4291 994 4348 α’ίτιον
1055 4293 1130 4348 ὡς
1184 4293 1261 4366 μὴ
1319 4292 1646 4365 νοουμένου,
1702 4297 2025 4372 σαφεστερον

363 4381 496 4440 αύτὸ
525 4380 701 4461 λέγει,
733 4379 944 4445 δεικνὺς
976 4381 1152 4438 αὐτῶν
1189 4382 1281 4437 καὶ
1313 4381 1377 4438 οὗ
1412 4386 1509 4438 τοῦ
1548 4382 1724 4456 νόμου
1749 4385 1813 4440 τὸ
1845 4384 2024 4457 ἀμάρς

362 4494 535 4546 τημα.
571 4497 599 4525 ‹‹
635 4471 916 4547 Κάλυμμα
944 4473 1073 4548 γὰρ,
1106 4471 1293 4549 φησὶν,
1328 4471 1415 4528 ἐπὶ
1442 4474 1541 4542 τὴν
1588 4470 1811 4547 καρδίαν
1844 4474 2025 4530 αὐτῶν

2155 720 2406 787 oportet.
2440 717 2585 771 Nam
2616 716 2690 771 ad
2721 716 2881 772 hunc
2911 735 3100 789 usque
3150 719 3329 786 diem,
3380 720 3595 791 inquit,
3644 721 3803 779 idem

2152 805 2423 861 velamen
2455 805 2636 861 habet
2654 807 2811 878 apud
2833 808 2993 880 ipsos
3016 809 3190 864 lectio
3211 809 3375 881 legis.
3417 810 3594 876 Quasi
3640 812 3804 868 enim

2152 895 2344 951 velata
2366 900 2523 951 esset
2544 895 2737 963 lectio,
2763 913 2883 952 non
2907 903 3155 969 possunt
3177 898 3394 953 intueri
3423 916 3553 969 qum
3602 901 3664 956 in
3701 901 3804 956 illa

2153 990 2311 1045 sunt,
2345 1001 2540 1056 neque
2571 1001 2929 1057 cognoscere
2962 986 3119 1057 quod
3150 1004 3256 1058 per
3310 987 3608 1043 Christum
3666 990 3805 1046 abo-

2151 1074 2309 1131 letur
2337 1080 2397 1130 et
2426 1081 2621 1130 cessat
2650 1075 2746 1131 lex
2798 1078 2873 1131 At
2919 1075 3020 1130 ubi
3067 1075 3126 1131 id
3183 1075 3365 1132 habet
3415 1076 3528 1143 lex,
3592 1078 3807 1134 dixerit

2153 1164 2471 1237 quispiam,
2507 1164 2666 1236 quod
2698 1181 2803 1236 per
2831 1164 3132 1221 Christum
3165 1170 3224 1220 et
3253 1182 3359 1237 per
3413 1166 3610 1222 Jesum
3667 1167 3803 1223 abo-

2151 1253 2332 1310 lenda
2349 1252 2556 1309 esset?
2576 1252 2794 1310 Eadem
2823 1253 2952 1327 ipsa
2979 1254 3070 1309 lex
3090 1254 3255 1311 dicit.
3280 1256 3425 1311 Nam
3450 1271 3585 1312 cum
3622 1256 3802 1312 dixis-

2152 1350 2281 1401 set:
2307 1365 2329 1396 α
2356 1344 2714 1416 Prophetam
2743 1343 3232 1399 suscitabitvobis
3279 1344 3455 1413 Deus,
3503 1369 3522 1394 ι
3555 1346 3804 1415 subjun-

2148 1433 2270 1489 xit:
2308 1457 2328 1481 ι
2366 1433 2567 1504 Ipsum
2590 1431 2845 1488 audietis
2867 1431 3158 1503 quidquid
3183 1431 3401 1489 dixerit
3423 1433 3491 1501 ³³,
3550 1456 3578 1483 ››
3621 1434 3802 1489 etiam

2148 1521 2424 1577 videlicet
2455 1522 2500 1577 si
2537 1520 2694 1593 quod
2728 1520 2841 1595 legi
2871 1522 3237 1577 contrarium
3297 1527 3387 1577 est
3444 1521 3681 1589 dixerit,
3726 1522 3799 1579 de

2148 1613 2378 1669 Christo
2408 1612 2683 1685 loquens.
2718 1612 2841 1685 ipse
2861 1628 2996 1666 vero
3021 1618 3078 1668 et
3100 1611 3357 1668 Sabbata
3391 1613 3585 1679 solvit,
3642 1614 3791 1669 621

2150 1719 2371 1759 sanans
2395 1703 2457 1757 in
2480 1702 2626 1772 ipsis
2647 1700 2734 1768 9‘;
2767 1707 2827 1757 et
2851 1699 3124 1772 quaedam
3156 1700 3505 1765 addiditcut
3541 1718 3675 1757 cum
3709 1702 3797 1757 di-

2148 1799 2309 1851 ceret
2340 1809 2353 1849 :
2390 1817 2415 1841 «
2452 1791 2718 1848 Audistis
2749 1791 2908 1863 quod
2936 1789 3047 1846 hoc
3097 1790 3323 1846 dictum
3383 1791 3460 1847 sit
3515 1792 3799 1863 antiquis,

2149 1900 2254 1955 ego
2285 1888 2487 1940 autem
2518 1881 2650 1939 dico
2682 1881 2846 1936 vobis
2876 1881 2939 1936 ³⁵.
2977 1902 3003 1929 ››
3032 1882 3103 1936 Et
3134 1880 3293 1952 quod
3324 1887 3567 1953 propter
3606 1880 3801 1938 solum

2145 1974 2349 2030 odium
2373 1990 2497 2029 non
2520 1977 2677 2028 esset
2696 1988 2846 2027 uxor
2863 1969 3219 2037 dimittenda
3241 1969 3285 2004 ³⁸
3309 1970 3638 2041 :multaque
3660 1971 3796 2027 alia.

2144 2064 2370 2127 Deinde
2393 2067 2591 2118 autem
2616 2061 2755 2132 quia
2774 2060 2836 2115 in
2858 2059 2983 2114 solo
3007 2060 3228 2131 templo
3243 2061 3626 2131 praecepiteis
3645 2062 3797 2117 Deus

2145 2155 2500 2215 sacriﬁcare,
2530 2157 2590 2207 et
2619 2150 2680 2205 in
2711 2149 2821 2204 hoc
2877 2148 3141 2204 victimas
3201 2148 3510 2213 conclusit,
3580 2150 3795 2206 deinde

2141 2246 2293 2303 illud
2324 2241 2604 2299 sustulit:
2639 2256 2711 2294 an
2736 2255 2857 2293 non
2882 2239 3266 2294 manifestum
3300 2243 3391 2294 est
3420 2238 3580 2310 quod
3626 2239 3800 2295 victi-

2140 2353 2270 2393 mas
2283 2327 3141 2401 omniaquelegaliasacrificia
3170 2326 3340 2383 irrita
3374 2327 3622 2383 fecerit?
3643 2332 3709 2383 ut
3738 2332 3797 2383 et

2140 2421 2412 2483 sensibili
2442 2425 2500 2475 et
2530 2416 2845 2490 intelligibi
2879 2416 3058 2472 modo
3088 2416 3182 2471 lex
3214 2418 3306 2472 sui
3361 2417 3550 2488 ipsius
3607 2417 3793 2472 aboli-

2138 2516 2363 2570 tionem
2387 2508 2835 2581 complectatur.
2871 2529 2899 2556 ‹‹
2931 2507 3058 2561 Non
3089 2505 3409 2562 detectum.
3433 2528 3460 2555 ››
3485 2505 3572 2561 Ad
3594 2505 3707 2561 hoc
3730 2512 3797 2562 ut

2139 2603 2252 2675 ipsi
2276 2603 2639 2675 cognoscant
2661 2597 2819 2669 quod
2844 2613 2952 2669 per
3000 2596 3300 2652 Christum
3333 2595 3430 2651 lex
3463 2595 3794 2653 aboleatur.

2141 2725 2204 2735 —
2229 2691 2498 2747 Christus
2521 2688 2676 2744 enim
2702 2687 2937 2741 irritum
2960 2685 3103 2741 facit
3142 2686 3433 2742 velamen.
3484 2687 3628 2741 Nam
3661 2701 3795 2741 cum

2138 2781 2266 2854 ipse
2299 2781 2375 2835 sit
2399 2778 2637 2844 veritas,
2680 2792 2913 2832 cessare
2972 2774 3115 2831 facit
3169 2774 3466 2842 umbram,
3527 2774 3792 2847 legisque

2139 2869 2589 2944 ambiguitatem
2606 2868 2709 2922 .lta
2729 2865 2909 2920 habet
2924 2864 3253 2920 centesimo
3276 2865 3468 2936 primo
3494 2864 3792 2920 tricesimo

2140 2959 2653 3033 interpretationis
2676 2956 2736 3012 in
2752 2957 2986 3012 Lucam.
3017 2986 3077 2996 —
3101 2956 3311 3010 Datum
3335 2958 3425 3009 est
3457 2955 3550 3009 his
3600 2954 3701 3025 qui
3734 2954 3796 3009 in

2140 3051 2419 3124 paradiso
2443 3052 2614 3105 erant
2632 3042 3013 3119 praeceptum,
3046 3044 3148 3098 sed
3171 3044 3405 3099 irritum
3433 3045 3655 3099 factum
3683 3049 3793 3111 est,

2140 3145 2197 3195 et
2217 3138 2470 3195 cessavit
2499 3153 2566 3192 ac
2598 3135 2883 3191 abolitum
2915 3138 3023 3189 est.
3076 3133 3286 3188 Datum
3316 3138 3408 3188 est
3437 3138 3494 3187 et
3525 3137 3791 3204 tempore

2139 3231 2280 3297 Noe,
2314 3234 2373 3283 et
2401 3226 2551 3283 illud
2582 3224 2861 3279 similiter
2915 3222 3203 3278 abolitum
3264 3228 3353 3277 est
3400 3238 3467 3277 ac
3517 3223 3791 3279 cessavit.

2139 3319 2350 3375 Datum
2365 3320 2526 3373 estet
2540 3320 2803 3385 tempore
2818 3311 3111 3366 Abraham
3124 3355 3137 3377 ,
3153 3310 3255 3367 sed
3275 3310 3496 3382 etpluri
3508 3327 3601 3367 ma
3614 3310 3795 3383 hujus

2140 3406 2312 3463 irrita
2326 3405 2468 3461 fecit
2486 3403 2578 3461 lex
2605 3401 2936 3457 innumeris
2951 3406 3190 3456 mutans
3222 3399 3626 3457 additionibus
3646 3401 3794 3457 alia-

2139 3512 2255 3569 que
2279 3494 2519 3567 jubens,
2557 3494 2698 3548 llata
2728 3496 2818 3546 est
2848 3507 2955 3563 per
2975 3492 3175 3546 Mosen
3206 3491 3249 3525 ²⁷
3282 3497 3341 3545 et
3377 3490 3504 3545 Ιιτεο
3558 3505 3795 3561 quoque

2139 3585 2415 3642 aboletur
2436 3599 2504 3640 ac
2521 3585 2715 3638 cessat
2738 3598 2750 3634 :
2777 3597 2897 3635 non
2923 3579 3083 3652 quod
3114 3579 3234 3635 alia
3262 3578 3508 3634 inducta
3556 3578 3631 3634 sit
3663 3594 3793 3649 quae

2140 3674 2318 3730 etiam
2343 3672 2669 3734 abolentur,
2689 3670 2793 3725 sed
2814 3669 2973 3740 quod
2996 3668 3114 3724 alia
3126 3668 3203 3723 sit
3226 3668 3468 3723 inducta
3489 3666 3585 3722 lex
3613 3684 3794 3722 evan-

2137 3764 2329 3838 gelica
2353 3778 2484 3834 quae
2516 3761 2578 3816 in
2608 3766 2897 3815 aeternum
2930 3765 3296 3830 permaneat.
3330 3758 3545 3814 Omnia
3589 3756 3791 3827 itaque

2138 3851 2576 3926 prioraabolita
2593 3854 2753 3914 sunt,
2783 3854 2843 3904 at
2890 3847 3026 3903 finis
3068 3848 3196 3919 ejus
3220 3846 3379 3920 quod
3400 3845 3673 3901 aboletur
3702 3850 3792 3901 est

2138 3942 2234 3998 lrx
2267 3958 2281 3997 :
2315 3939 2600 4012 quoniam
2662 3942 2795 4009 post
2851 3937 3041 4009 ipsam
3104 3936 3271 3992 nulla
3326 3935 3446 3991 alia
3494 3934 3786 3990 aboletur.

2137 4028 2304 4097 Quod
2326 4030 2374 4084 si
2399 4029 2493 4084 lex
2516 4027 2653 4083 fluis
2676 4031 2767 4082 est
2786 4026 2915 4097 ejus
2938 4025 3094 4098 quod
3117 4024 3411 4094 aboletur,
3457 4025 3590 4096 ipsa
3638 4041 3787 4094 quo-

2138 4137 2254 4194 que
2282 4119 2464 4178 facies
2488 4134 2617 4175 eam
2639 4116 2930 4173 inducens
2954 4121 3113 4171 certe
3161 4114 3295 4170 finis
3333 4121 3422 4171 est
3470 4114 3598 4185 ejus
3629 4113 3789 4185 quod

2137 4210 2437 4267 aboletur:
2462 4206 2970 4282 quemadmodum
2992 4206 3169 4261 etiam
3204 4204 3504 4278 Evangelii
3534 4204 3705 4260 dator
3725 4205 3790 4259 in

2139 4299 2424 4356 saeculum
2457 4297 2689 4354 smculit
2717 4302 2924 4370 regnat
2953 4312 3019 4352 ac
3077 4296 3367 4367 regnabit.
3432 4317 3451 4343 ι
3508 4294 3786 4349 Velamen

2139 4408 2318 4464 super
2341 4408 2445 4446 cor
2468 4389 2707 4446 illorum
2733 4389 2993 4461 ponitur.
3022 4410 3048 4437 ››
3075 4386 3296 4444 Deinde
3319 4386 3601 4458 quoniam
3624 4384 3788 4440 dixe-

2138 4486 2229 4537 rat
2261 4479 2533 4535 velamen
2565 4480 2703 4553 poni
2736 4479 2797 4533 in
2831 4479 3089 4535 lectione
3119 4477 3349 4533 Veteris
3378 4474 3736 4532 Testamenti
3775 4489 3786 4527 :

364 4568 561 4622 κεῖται.
595 4587 624 4615 ››
656 4568 751 4620 Διὸ
803 4563 865 4618 ού
916 4559 1168 4618 δύνανται
1225 4565 1427 4636 γνῶναι
1483 4563 1584 4631 τὴν
1643 4558 1882 4618 διάνοίαν
1932 4568 2030 4619 τοῦ

2144 4585 2207 4624 ne
2230 4569 2364 4641 quis
2382 4569 2752 4626 existimaret
2773 4569 2920 4640 legis
2943 4567 3366 4623 obscuritatem
3385 4566 3445 4621 in
3468 4578 3789 4620 causaesse

362 4654 560 4728 νόμου.
591 4654 661 4712 Εἰ
689 4655 794 4731 γὰρ
833 4651 1104 4727 ἔγνωσαν,
1134 4652 1455 4725 ἀπήστησαν
1485 4653 1545 4710 ἂν
1573 4653 1664 4710 ἀπ’
1714 4653 1901 4724 αὐτοῦ,
1932 4656 2021 4710 καὶ

2144 4657 2293 4730 quod
2320 4674 2443 4713 non
2490 4658 2948 4730 intelligeretur,
3009 4655 3385 4711 manifestius
3441 4653 3591 4709 illud
3621 4653 3785 4718 dicit,

361 4748 442 4818 τῷ
472 4748 701 4821 Χριστῷ
732 4742 1068 4800 ἐπιστευσαι.
1102 4746 1283 4801 Τοῦτο
1328 4743 1431 4818 γὰρ
1459 4744 1487 4799 6
1516 4743 1687 4817 νόμος
1741 4743 2021 4820 βουλεται.

2135 4747 2457 4806 ostendens
2481 4749 2748 4821 ipsorum
2767 4754 2825 4805 et
2844 4764 2964 4803 non
2987 4747 3135 4819 legis
3158 4761 3286 4801 esse
3308 4745 3533 4800 vitium.
3561 4766 3589 4793 «
3640 4744 3786 4797 Nam

364 4834 654 4906 velamen,
688 4834 905 4907 inquit,
932 4851 1115 4908 super
1143 4851 1247 4890 cor
1267 4834 1504 4891 illorum
1538 4834 1799 4907 ponitur,
1835 4857 1860 4884 ιι
1894 4836 2028 4893 ideo
2057 4854 2178 4894 non
2210 4841 2462 4910 possunt
2489 4837 2637 4911 legis
2660 4852 2902 4893 sensum
2932 4850 3308 4909 cognoscere.
3340 4834 3486 4889 Nam
3513 4832 3563 4889 si
3611 4830 3784 4887 illum

364 4926 800 4999 cognovissent,
833 4926 1039 4997 utique
1065 4924 1139 4981 ab
1169 4923 1301 4997 ipsa
1328 4925 1737 4994 recessissent,
1770 4932 1830 4984 et
1857 4926 2089 4986 Christo
2121 4926 2519 4986 credidissent
2550 4945 2562 4983 :
2598 4926 2656 4982 id
2689 4926 2849 4982 enim
2880 4925 3006 4981 vult
3029 4925 3122 4982 lex
3145 4940 3213 4981 ac
3232 4922 3424 4995 jubet.

432 5010 623 5068 Ἢνίκα
725 5008 774 5067 δ’
849 5010 910 5066 ἂν
985 5008 1279 5088 ἐπιστρέψῃ
1359 5012 1495 5086 πρὸς
1574 5011 1796 5088 Κύριον,
1869 5033 2025 5090 περι-

362 5106 594 5178 αιρεῖται
677 5101 741 5158 τὸ
821 5099 1110 5175 κάλυμμα.
1192 5102 1257 5157 '0
1304 5098 1363 5156 δὲ
1420 5101 1615 5177 Κύριος
1660 5103 1724 5157 τὸ
1808 5105 2028 5175 Πνεῦμά

361 5190 528 5248 ἔστιν.
597 5191 674 5249 05
725 5186 781 5247 δί
828 5190 892 5246 τὸ
952 5193 1172 5265 Πνεῦμα
1228 5190 1434 5266 Κυρίου
1468 5235 1482 5261 ,
1557 5191 1669 5247 ἐκεῖ
1724 5190 2023 5268 ἐλευθερία.

360 5280 554 5353 Ἡμεῖς
657 5276 716 5336 δὶ
820 5279 1012 5343 πάντες
1114 5279 1612 5354 ἀνακεκαλυμμένῳ
1738 5284 2025 5357 προσώπῳ

360 5371 461 5440 τὴν
570 5366 725 5441 δόξαν
824 5368 1030 5446 Κυρίου
1126 5370 1640 5443 κατοπτριζόμενοι,
1697 5372 1797 5441 τήν
1857 5372 2026 5441 αὐτὴν

363 5459 548 5516 είκόνα
600 5458 1101 5537 μεταμορφούμεθα
1154 5460 1262 5516 ἀπὸ
1292 5457 1455 5533 δόξης
1500 5460 1581 5525 εἴς
1630 5457 1810 5534 δόξαν,
1857 5462 2021 5528 καθά-

364 5569 463 5621 περ
495 5547 603 5604 ἆπὸ
637 5548 848 5624 Κυρίου
878 5547 1208 5624 ΙΙνεύματος.

436 5638 539 5698 Καὶ
597 5638 702 5717 γὰρ
760 5636 852 5694 καὶ
905 5637 934 5695 6
991 5639 1234 5711 Μωϋσῆς
1303 5638 1439 5715 πρὸς
1536 5640 1633 5715 μὶν
1721 5639 2020 5707 Ἰουδαίους

2208 5016 2304 5075 IlI.
2342 5017 2405 5071 l6
2443 5015 2526 5072 l8.
2560 5017 2634 5070 At
2668 5015 2762 5070 ubi
2792 5030 3077 5070 conversus
3118 5013 3291 5084 fuerit
3348 5011 3422 5066 ad
3470 5013 3783 5079 Dominum,

2138 5105 2359 5162 tolletur
2386 5103 2633 5161 velamen
2663 5122 2682 5159 :
2716 5105 2978 5159 Dominus
3007 5109 3189 5158 autem
3213 5102 3455 5172 Spiritus
3497 5106 3573 5156 est
3602 5117 3624 5165 ;
3649 5116 3784 5170 por-

2136 5210 2196 5249 ro
2227 5194 2324 5250 ubi
2355 5193 2598 5264 Spiritus
2634 5195 2873 5257 Domini,
2907 5194 2989 5248 ibi
3020 5193 3262 5247 libertas.
3298 5194 3401 5248 Nos
3431 5198 3611 5246 autem
3660 5204 3785 5245 om-

2135 5300 2229 5340 nes
2252 5285 2463 5340 deterta
2493 5284 2649 5341 6‘22
2678 5285 2825 5355 facie
2855 5285 2915 5338 in
2943 5283 3166 5354 speculo
3205 5282 3469 5349 videntes,
3516 5281 3590 5336 ad
3637 5296 3784 5335 eam-

2135 5374 2259 5431 dem
2290 5376 2593 5446 imaginem
2623 5377 3084 5445 transformamur
3113 5390 3146 5426 a
3193 5372 3376 5445 gloria
3431 5374 3490 5427 in
3546 5369 3787 5442 gloriam

2134 5470 2404 5538 tanquam
2431 5480 2467 5520 α
2496 5466 2721 5521 Domini
2745 5465 2983 5538 Spiritu.

2203 5644 2510 5720 Siquidem
2541 5651 2600 5704 et
2627 5647 2817 5704 Moses
2848 5645 2922 5705 ad
2977 5644 3210 5703 Iudaeos
3265 5644 3521 5713 loquens
3568 5637 3784 5695 habeat

438 5843 483 5880 ’³
511 5845 682 5905 Deut.
709 5857 869 5908 xvnt.
904 5849 990 5907 l5.
1024 5846 1073 5887 “
1105 5846 1274 5907 locu.
1307 5864 1359 5921 ν,
1389 5847 1423 5905 6
1453 5862 1621 5923 seqq.
1653 5847 1703 5885 ⁸⁵
1730 5846 1932 5910 Matth.
1964 5863 2022 5923 ν,

2175 5849 2222 5888 ³⁸
2252 5851 2454 5911 Matth.
2487 5868 2604 5925 xiv,
2634 5853 2686 5909 3.
2721 5850 2769 5889 ³⁷
2795 5851 3031 5923 Ιοεοῃ,
3066 5852 3152 5907 t7.
