4080 6390
317 468 433 529 955

1424 454 1841 524 CECUMENII
1882 448 2191 513 TitICCAE
2231 447 2612 509 EPlSCOPI.

3616 451 3735 511 956

316 601 585 657 velamen
610 615 624 667 ;
656 598 731 656 ad
763 599 948 655 Deum
977 613 1114 654 vero
1136 597 1447 676 accedens,
1467 592 1772 651 auferebat
1799 588 1964 646 vela-

2086 578 2271 640 λαλῶν
2300 580 2419 657 εἶχε
2440 581 2505 636 τὸ
2535 577 2824 654 κὰλυμμα,
2883 581 3022 657 πρὸς
3071 580 3163 636 τὸν
3224 580 3357 638 Θεὸν
3413 577 3470 637 δὲ
3524 580 3731 651 εἰσιὼν,

317 707 479 749 men.
505 690 693 745 Moses
715 689 875 744 enim
923 689 1188 761 ipsorum
1212 693 1386 759 typus
1414 692 1556 741 erat.
1592 686 1734 739 Nam
1767 688 1827 737 et
1854 679 1967 752 ipsi

316 781 459 837 dum
482 781 685 836 volunt
706 780 816 852 legi
840 780 1085 846 haerere,
1108 778 1376 833 velamen
1399 776 1644 841 habent,
1679 771 1839 844 quod
1870 786 1971 827 eos

314 869 508 943 legem
540 870 730 941 ipsam
765 885 885 925 non
918 868 1060 923 sinit
1088 868 1307 922 intueri
1345 884 1357 921 :
1391 882 1526 922 cum
1575 872 1774 920 autem
1836 876 1971 917 con-

314 961 467 1016 versi
493 959 715 1016 fuerint
743 959 817 1013 ad
845 958 1185 1023 Dominum,
1214 957 1516 1013 auferetur
1558 970 1764 1011 eorum
1822 950 1973 1007 vela-

318 1066 480 1107 men.
516 1051 678 1105 Tunc
708 1054 907 1103 autem
938 1054 1373 1110 convertentur,
1402 1062 1539 1101 cum
1591 1044 1801 1099 relicta
1844 1040 1971 1112 lege

320 1140 572 1196 credent
600 1138 855 1205 Christo,
887 1143 946 1194 et
973 1137 1222 1210 gratiam
1254 1153 1386 1208 quae
1419 1152 1453 1190 a
1483 1134 1705 1207 Spiritu
1761 1137 1852 1186 est
1909 1131 1972 1186 in

319 1229 619 1301 baptismo
642 1228 999 1299 acceperint.
1024 1228 1143 1282 Hoc
1163 1227 1324 1281 enim
1355 1225 1485 1280 loco
1528 1224 1848 1280 Dominum
1878 1220 1969 1276 di-

320 1320 401 1377 cit
431 1319 748 1391 Spiritum:
810 1341 838 1368 «
889 1317 1180 1374 Dominus
1235 1323 1429 1372 autem
1489 1314 1743 1386 Spiritus
1800 1316 1968 1368 est.»

316 1408 540 1466 Deinde
554 1406 951 1483 ne|quisquam
968 1407 1361 1462 inﬁrmiorum
1382 1400 1973 1461 auditorumaudiens

326 1498 485 1570 quod
506 1500 696 1553 Moses
714 1497 786 1553 ad
809 1498 1122 1554 Dominum
1167 1511 1487 1552 conversus
1533 1492 1840 1550 auferebat
1870 1507 1973 1546 ve-

322 1588 544 1651 lamen,
577 1588 704 1659 ipse
737 1604 872 1641 sero
904 1603 1039 1641 cum
1071 1586 1305 1641 aPaulo
1336 1582 1602 1640 converti
1660 1581 1734 1638 ad
1792 1579 1971 1652 Spiri-

324 1683 451 1733 tum
484 1676 860 1739 admonetur,
893 1681 1064 1748 putet
1095 1691 1157 1729 se
1187 1690 1307 1729 non
1339 1673 1412 1729 ad
1462 1672 1781 1727 Dominum
1840 1685 1976 1726 con-

322 1765 493 1832 verti,
518 1765 906 1837 subjungit:«
931 1764 1220 1820 Dominus
1266 1770 1465 1818 autem
1510 1761 1762 1832 Spiritus
1799 1765 1907 1816 est.
1944 1779 1971 1809 »

323 1857 404 1911 Ne
432 1854 724 1919 timueris,
751 1853 967 1925 inquit,
991 1853 1171 1908 etiam
1194 1851 1269 1907 ad
1316 1851 1637 1908 Dominum
1668 1853 1975 1905 converte-

321 1945 408 2001 ris
437 1961 572 2001 cum
602 1945 677 2001 ad
708 1943 989 2016 Spiritum
1021 1942 1384 1999 converteris
1416 1947 1430 1999 ε
1487 1957 1627 1997 nam
1684 1941 1970 1997 Dominus
2000 1951 2047 2013 Β

322 2035 576 2107 Spiritus
600 2040 707 2095 est.
736 2034 1002 2107 ejusdem
1029 2034 1378 2106 majestatis,
1403 2032 1611 2089 eodem
1633 2029 1810 2087 modo
1832 2029 1974 2086 ado-

324 2141 430 2182 ran
441 2124 571 2188 dus,
606 2123 991 2195 ejusdemque
1011 2123 1357 2180 substantiae
1376 2139 1509 2178 cum
1525 2124 1696 2177 Patre
1712 2137 1779 2176 ac
1802 2120 1971 2177 Filio.

329 2235 353 2266 »
390 2214 474 2268 lbi
507 2214 771 2269 libertas.
806 2236 832 2262 ι»
866 2213 927 2269 Id
960 2213 1178 2267 dicitur
1207 2212 1376 2284 quasi
1409 2210 1852 2284 comparatione
1900 2209 1974 2266 ad

328 2304 519 2377 legem
549 2320 563 2359 :
596 2303 679 2357 ib'i
711 2302 871 2357 enim
896 2303 1106 2375 jugum
1137 2309 1266 2358 erat
1313 2308 1373 2356 et
1418 2302 1689 2369 servitus,
1750 2301 1812 2355 in
1858 2298 1972 2355 fide

323 2411 461 2450 veso
479 2392 691 2450 Christi
721 2392 982 2447 libertas.
1008 2416 1033 2441 ιι
1061 2394 1176 2447 Nos
1224 2398 1421 2447 autem
1469 2406 1697 2447 omnes.
1730 2410 1753 2440 ιι
1790 2387 1974 2453 Adeo,

319 2483 534 2555 inquit.
560 2483 621 2538 in
645 2482 916 2537 libertate
940 2498 1007 2537 ac
1027 2481 1423 2554 generositate
1476 2496 1704 2547 sumus,
1754 2485 1820 2535 ut
1849 2495 1973 2535 om-

319 2588 431 2629 nes
459 2588 571 2627 nos
588 2570 821 2637 detecta
849 2571 1000 2627 facie
1032 2570 1249 2643 (neque
1272 2570 1433 2625 enim
1465 2569 1621 2641 apud
1666 2568 1977 2625 credentes

321 2663 614 2736 contingit
642 2679 772 2719 esse
803 2661 1095 2733 velamen)
1127 2662 1376 2734 gloriam
1409 2660 1643 2716 Domini
1677 2660 1977 2715 intuentes

322 2753 843 2820 transformamur,
902 2750 1414 2817 Quemadmodum
1472 2751 1634 2805 enim
1662 2755 1977 2821 argentum

323 2842 434 2899 soli
459 2842 818 2914 oppositum,
851 2842 1049 2913 ipsum
1081 2841 1259 2897 etiam
1294 2840 1583 2912 quosdam
1612 2839 1831 2895 emittit
1881 2854 1980 2895 ra—

325 2932 457 2989 dios
483 2949 589 3005 per
609 2933 913 2987 incursum
939 2930 1083 2987 solis
1108 2947 1121 2986 :
1174 2931 1257 2986 ita
1276 2936 1332 2984 et
1375 2946 1483 2985 nos
1526 2930 1588 2985 in
1618 2928 1977 3001 baptismate

324 3042 435 3098 per
466 3024 748 3096 Spiritum
779 3024 1100 3097 repurgati,
1134 3029 1194 3079 et
1221 3023 1385 3079 illius
1431 3021 1617 3077 radiis
1672 3020 1977 3089 illustrati,

329 3114 709 3187 splendorem
760 3114 1079 3185 quemdam
1136 3112 1574 3185 intelligibilem
1629 3110 1976 3168 emittimus.

325 3205 464 3259 Vult
494 3212 690 3260 autem
727 3212 787 3261 et
815 3205 978 3277 ipsos
1002 3204 1075 3260 ad
1105 3204 1514 3275 apostolorum
1560 3202 1832 3257 ordinem
1882 3200 1980 3256 ad-

2073 676 2391 747 περιῃρεῖτο
2442 670 2505 725 τὸ
2572 669 2860 745 κάλυμμα.
2927 671 3112 735 Τόπος
3180 670 3273 726 οῦν
3330 670 3398 741 ἦν
3463 670 3640 727 αὐτῶν
3702 672 3729 726 ὁ

2072 766 2299 830 Μωσῆς.
2359 759 2461 817 Καὶ
2492 760 2597 835 γὰρ
2655 759 2746 815 καὶ
2804 759 2958 815 αὐτοὶ
3018 759 3177 830 ἡνίκα
3238 761 3331 835 μὶν
3392 757 3726 838 ἐμφιλοχω-

2075 855 2228 925 ροῦσι
2246 855 2326 923 τῷ
2344 851 2520 921 νόμῳ,
2546 845 2739 930 ἔχουσι
2760 851 2823 906 τὸ
2843 850 3134 926 κάλυμμα,
3168 850 3299 923 ὅπερ
3332 851 3528 913 αὐτοὺς
3552 851 3718 907 αὐτὸν

2074 942 2166 997 τὸν
2198 940 2368 1012 νόμον
2403 938 2533 995 ἰδεῖν
2567 939 2666 996 οὐκ
2723 940 2801 1012 ἐᾷ,
2859 946 3018 996 Ὃταν
3071 938 3128 997 δὲ
3184 939 3550 1017 ἐπιστρὲψωσι
3582 941 3720 1017 πρός

2076 1028 2299 1105 Κύριον,
2361 1034 2714 1103 περιαιρεῖται
2779 1028 2956 1084 αὐτῶν
3010 1030 3073 1085 τὸ
3131 1028 3422 1105 κάλυμμα.
3482 1030 3621 1087 Τότε
3669 1026 3727 1085 δὲ

2074 1116 2484 1198 ἐπιστρέφουτιν
2519 1162 2534 1183 ,
2592 1118 2637 1172 εἰ
2695 1117 2914 1197 ἀφέντες
2965 1118 3059 1175 τὸν
3114 1120 3307 1192 νόμον,
3366 1118 3728 1176 πιστεύσουσι

2075 1208 2316 1281 Χριστῷ,
2354 1207 2443 1262 καὶ
2474 1209 2572 1278 τήν
2634 1207 2739 1263 ἀπὸ
2793 1212 2892 1263 τοῦ
2948 1208 3259 1281 Ηνεόματος
3320 1203 3532 1265 λάϐωσι
3564 1208 3729 1284 χάριν

2076 1296 2127 1354 ἐν
2156 1301 2235 1369 τῷ
2271 1297 2631 1373 βαπτίσματι·
2692 1296 2893 1372 Κύριον
2944 1298 3050 1373 γὰρ
3112 1299 3335 1363 ενταῦθα
3393 1298 3456 1354 τὸ
3490 1303 3732 1373 Πνεῦμα,

2075 1386 2254 1468 φησίν·
2293 1412 2319 1439 ιι
2354 1389 2414 1444 Ὁ
2447 1384 2504 1440 δὲ
2535 1386 2737 1461 Κύριος
2767 1386 2829 1441 τὸ
2861 1387 3081 1460 Πνεῦμά
3113 1387 3273 1444 ἐστιν.
3311 1416 3333 1441 ι
3370 1386 3504 1443 Εἶτα
3535 1389 3617 1442 ἱνα
3650 1388 3729 1462 μή

2074 1497 2158 1540 τις
2214 1480 2321 1531 τῶν
2399 1473 2786 1549 ἀσθενεστέρων
2873 1476 3156 1548 ἀκροατῶν
3192 1521 3205 1546 ,
3263 1476 3499 1540 ἀκούσας
3558 1476 3644 1534 ὅτι
3705 1478 3734 1532 ὁ

2074 1571 2282 1635 Μωσῆς
2366 1565 2499 1640 πρὸς
2582 1564 2782 1639 Κύριον
2870 1562 3209 1642 ἐπιστρέφων
3295 1570 3610 1641 περῖῃρεῖτο
3667 1566 3733 1625 τὸ

2076 1653 2365 1728 καλυμμα,
2399 1653 2505 1730 ἐγὼ
2547 1649 2604 1709 δὲ
2659 1655 2793 1728 πρὸς
2854 1655 2915 1709 τὸ
2975 1659 3192 1728 Πνεῦμα
3248 1654 3564 1731 ἐπιστρέψαι
3624 1656 3731 1711 ὑπὸ

2078 1748 2175 1799 σοῦ
2232 1744 2780 1818 προτρεπόμενος,ὦ
2814 1742 3021 1816 Παῦλε,
3076 1745 3137 1800 οὐ
3196 1746 3332 1818 πρὸς
3389 1746 3479 1801 τὸν
3528 1744 3731 1822 Κύριον

2075 1831 2384 1912 ἐπιστρέφω
2420 1879 2433 1903 ,
2494 1834 2685 1909 ἐπάγει
2720 1879 2733 1892 .
2800 1862 2821 1887 ι
2877 1836 2939 1891 Ὀ
3000 1833 3057 1890 δὲ
3137 1835 3339 1912 Κύριος
3395 1836 3459 1891 τὸ
3511 1837 3735 1912 Πνεῦμα

2077 1924 2206 1981 ἐστι.
2246 1926 2397 1995 »Μή
2430 1918 2627 2004 φοϐοῦ,
2687 1925 2845 2004 φησὶ,
2904 1924 2993 1981 καὶ
3054 1926 3189 2000 πρὸς
3246 1926 3308 1982 τὸ
3370 1930 3587 1999 Πνεῦμα
3619 1927 3736 1981 ἐπι-

2080 2012 2343 2093 στρέφων,
2382 2013 2521 2085 πρὸς
2578 2012 2779 2086 Κύριον
2835 2012 3201 2093 ἆπιστρὲφεις.
3260 2014 3458 2086 Κύριος
3514 2015 3615 2091 γὰρ
3670 2016 3735 2071 τὸ

2080 2107 2318 2175 Πνεῦμα,
2376 2103 2465 2157 καὶ
2523 2101 2861 2178 ὁμόθρονοπ,
2911 2103 3001 2158 καὶ
3068 2104 3582 2179 ὁμοπροσκόνητον,
3638 2104 3733 2160 καὶ

2080 2192 2374 2268 ὁμοοόσιον
2410 2193 2578 2267 lla-cpi
2609 2192 2697 2247 καὶ
2734 2191 2863 2264 Υίῷ.
2930 2219 2950 2242 ιι
3013 2194 3159 2249 Ἐκεῖ
3216 2192 3515 2269 ἐλευθερία.
3553 2217 3581 2246 ››
3638 2194 3732 2257 Ὠς

2079 2284 2215 2357 πρὸς
2272 2284 2363 2338 τὸν
2420 2284 2589 2351 νότιον
2672 2280 2854 2338 τοῦτο.
2912 2284 3063 2340 Ἐκεῖ
3137 2283 3237 2359 γὰρ
3299 2284 3458 2361 ζυγὸς
3515 2287 3581 2353 ἦν
3638 2283 3731 2339 καὶ

2080 2370 2323 2435 δουλεία,
2356 2370 2406 2426 ἐν
2441 2369 2498 2428 δὲ
2525 2376 2595 2445 τῇ
2627 2370 2805 2427 πίστει
2843 2373 3081 2448 Χριστοῦ
3140 2371 3441 2447 ἐλευθερία.
3477 2399 3505 2426 ‹‹
3538 2375 3735 2447 Ἡμεῖς

2080 2459 2139 2517 δὲ
2195 2463 2387 2524 πάντες
2427 2507 2440 2530 ,
2502 2486 2529 2513 ››
2587 2461 2848 2518 τοσοῦτόν
2908 2461 3067 2535 ἐσμεν
3103 2508 3114 2526 ,
3175 2461 3363 2543 φησὶν,
3425 2462 3738 2537 ἐλευθερίας

2077 2554 2168 2608 καὶ
2199 2553 2466 2628 εὐγενείας
2534 2553 2703 2618 ἑντὸς,
2738 2551 2822 2608 ὅτι
2872 2553 3069 2615 πέντες
3125 2556 3291 2625 ἡμεῖς
3349 2552 3739 2627 ἀνακεκαλυμ-

2084 2641 2227 2715 μένῳ
2282 2642 2582 2717 προσώπῳ.
2640 2638 2791 2715 (οὐδὲ
2845 2642 2951 2719 γὰρ
3011 2639 3089 2698 ἔνι
3136 2645 3281 2718 napi
3349 2649 3467 2708 τοῖς
3520 2649 3739 2706 πιστοῖς

2080 2731 2394 2805 κάλυμμα),
2458 2732 2559 2800 τὴν
2618 2730 2772 2805 δόξαν
2830 2737 2927 2787 τοῦ
2987 2733 3185 2808 Κυρίου
3243 2734 3737 2809 κατοπτριζόμενοι

2081 2821 2554 2897 ἀναμορφοόμεθα
2615 2864 2630 2890 ,
2716 2821 2895 2899 φησί.
2981 2824 3224 2897 Καθάπερ
3298 2824 3398 2899 γὰρ
3498 2823 3738 2902 ἄργυρος

2082 2914 2335 2985 ἄντικρυς
2390 2910 2557 2981 ἡλίου
2653 2912 2901 2984 κείμενος
2937 2958 2951 2983 ,
3000 2910 3327 2986 ἀντιπέμπει
3403 2914 3493 2968 καί
3575 2914 3737 2977 αὐτὸς

2081 3001 2305 3064 ἀκτῖνάς
2363 3021 2509 3062 τινας
2567 3004 2637 3075 τῇ
2694 2996 2951 3077 προϐολῇ
3008 3006 3105 3057 τοῦ
3164 3001 3355 3072 ἡλίου,
3415 3003 3587 3065 οὕτως
3644 3004 3736 3060 καὶ

2083 3095 2247 3167 ἡμεῖς
2340 3093 2391 3148 ἐν
2448 3097 2527 3166 τῷ
2586 3095 2927 3170 βαπτίσματι
3011 3095 3398 3171 καθαιρόμενοι
3483 3094 3569 3151 διὰ
3634 3101 3734 3152 τοῦ

2086 3185 2442 3259 Ιινεόματος,
2502 3185 2590 3239 καὶ
2648 3190 2766 3246 ταῖς
2827 3184 3035 3241 ἐκείνου
3091 3186 3273 3242 ἀκτῖσι
3333 3193 3744 3264 καταυγαζομε-

326 3293 543 3349 ducere
567 3294 628 3347 in
651 3310 719 3349 eo
743 3272 901 3365 quod
923 3293 1042 3370 ait;
1066 3314 1096 3344 «
1119 3272 1234 3350 Nos
1266 3299 1460 3349 autem
1491 3308 1700 3349 omnes
1728 3291 1977 3363 gloriam

2090 3295 2220 3344 τοι,
2275 3272 2478 3349 αἴγλην
2526 3276 2647 3329 τινὰ
2700 3276 2904 3346 νοητὴν
2958 3274 3416 3350 ἀντιπέμπομεν.
3475 3275 3749 3335 Βοόλεται

2096 3358 2137 3375 ..ι
2278 3363 2291 3375 .
2392 3363 2406 3375 .
2486 3360 2497 3375 ι
2634 3362 2647 3375 .
2786 3363 2827 3375 ..
2957 3364 2970 3375 .
3111 3368 3136 3375 μ
3266 3369 3290 3375 -
3405 3366 3418 3375 .
3588 3364 3624 3375 ..

324 3382 562 3439 Domini
588 3383 650 3436 in
683 3382 922 3453 speculo
954 3381 1243 3446 videntes,
1281 3406 1301 3432 ι
1339 3383 1453 3437 hoc
1479 3387 1591 3446 est,
1626 3380 1849 3452 Spiritu
1906 3379 1979 3434 il-

328 3471 627 3529 luminati.
664 3493 692 3519 ‹‹
724 3473 770 3527 Α
793 3471 985 3544 gloria
1015 3470 1076 3525 in
1102 3470 1373 3544 gloriam.
1430 3491 1460 3522 π
1515 3471 1582 3525 ln
1639 3471 1858 3541 ipsum,
1896 3470 1981 3523 in-

332 3561 480 3635 quit,
514 3559 895 3631 splendorem
928 3565 1418 3620 transmutamur.
1446 3575 1479 3614 a
1509 3559 1696 3633 gloria
1727 3558 1980 3631 Spiritus

330 3650 404 3707 ad
437 3656 701 3729 nostram
732 3650 980 3723 gloriam
1014 3649 1167 3706 facta
1199 3649 1730 3713 transmutatione;
1792 3652 1849 3703 et
1905 3647 1981 3703 ad

325 3741 509 3798 talem
541 3757 609 3795 ac
637 3746 883 3802 tantam,
916 3740 1132 3812 inquit.
1164 3739 1413 3811 gloriam
1447 3739 1846 3811 pervenimus,
1907 3736 1981 3793 ad

328 3847 506 3904 quam
537 3829 860 3885 verisimile
892 3835 983 3885 est
1007 3829 1321 3902 pervenire
1353 3844 1489 3884 eum
1520 3829 1621 3900 qui
1653 3825 1982 3884 aParacle-

328 3926 388 3977 to
420 3920 816 3983 illuminatur,
853 3924 911 3975 et
961 3919 1212 3975 obscura
1271 3919 1529 3991 imagine
1589 3918 1794 3988 gloria
1851 3918 1981 3989 ejus

329 4004 671 4079 insignitur.
708 4009 852 4065 628
884 4009 1036 4074 Quid
1070 4008 1145 4065 ad
1177 4009 1303 4064 haec
1333 4008 1530 4064 dicere
1572 4013 1824 4079 possunt
1878 4006 1980 4077 qui

332 4098 617 4168 Spiritum
649 4097 1003 4169 impugnant
1033 4096 1061 4151 ?
1090 4099 1137 4154 A
1164 4097 1375 4168 gloria,
1406 4095 1620 4167 inquit,
1642 4094 1824 4151 divini
1852 4094 1983 4166 Spi-

327 4186 480 4243 ritus
510 4187 572 4241 in
603 4184 851 4258 gloriam
878 4192 1166 4243 nostram.
1203 4188 1283 4242 Ac
1316 4185 1365 4240 si
1396 4185 1556 4241 dicat
1586 4201 1601 4251 ;
1634 4184 1778 4240 Inde
1824 4183 1982 4240 acci-

328 4290 550 4347 plmUI.

332 4603 410 4660 De
436 4599 632 4657 divina
659 4600 843 4671 gloria
871 4606 924 4656 et
947 4602 1300 4672 consequenti
1327 4603 1465 4669 vita,
1496 4601 1645 4673 quod
1691 4618 1726 4657 a
1780 4604 1984 4660 sa'zctis

403 4680 784 4746 cognoscatur.

398 4787 489 4851 IV,
516 4788 562 4851 1,
587 4788 638 4840 2.
664 4786 966 4857 Propterea
985 4800 1108 4841 cum
1131 4785 1498 4840 ministerium
1520 4772 1620 4840 hoc
1658 4785 1974 4848 habeamus,

324 4875 919 4932 sicutnostrimisertus
958 4881 1036 4931 est
1072 4875 1232 4944 Deus,
1266 4873 1418 4929 haud
1456 4874 1853 4945 defutigamur,
1886 4873 1980 4929 sed

327 4965 607 5034 rejicimus
637 4966 1033 5020 occultamenta
1068 4964 1392 5028 dedecoris;
1424 4979 1534 5017 non
1582 4969 1855 5019 versantes
1876 4980 1981 5033 per

331 5050 614 5115 astutiam,
675 5069 847 5123 neque
905 5052 1031 5108 dolo
1090 5058 1363 5108 tractante
1414 5051 1637 5107 verbum
1694 5052 1841 5106 Dei:
1889 5051 1985 5108 sed

329 5139 780 5208 manifestatione
804 5139 1061 5197 veritatis
1117 5139 1434 5196 exhibentes
1494 5154 1590 5195 nos
1631 5142 1777 5210 ipsos
1833 5141 1986 5211 apud

331 5244 546 5285 omnem
577 5229 971 5284 conscientiam
1000 5229 1279 5284 hominum
1310 5226 1373 5283 in
1400 5232 1693 5299 conspectu
1719 5228 1838 5283 Dei.

405 5431 430 5463 ε
456 5413 795 5483 Propterea.
824 5433 850 5459 ι»
872 5410 1251 5483 Hyperbaton
1270 5415 1376 5467 est.
1398 5412 1720 5483 Propterea
1738 5426 1860 5465 non
1882 5409 1989 5466 de-

330 5502 647 5574 fatigamur
672 5517 684 5554 :
708 5506 1039 5572 propterea,
1066 5506 1310 5572 propter
1330 5500 1514 5572 quid?
1552 5497 1701 5563 Quia
1719 5498 1861 5554 talia
1889 5516 1989 5555 ac-

334 5594 623 5664 cepimus.
661 5613 688 5643 «
747 5591 892 5647 Cum
948 5592 1348 5647 ministerium
1407 5593 1520 5647 hoc
1572 5590 1917 5647 habeamus.
1956 5610 1984 5641 ››

333 5683 624 5748 Quoniam
640 5680 1520 5753 multaacmagnadeapostolis
1551 5681 1801 5743 dixerat,
1847 5686 1989 5753 puta

336 5793 364 5822 ι(
395 5769 653 5829 Gloriam
679 5770 915 5829 Domini
957 5771 1020 5827 in
1054 5770 1294 5844 speculo
1320 5770 1582 5830 videmus
1608 5786 1677 5829 ac
1700 5770 1985 5837 transfor-

2010 4673 2057 4740 D

2092 3358 2149 3418 δὲ
2207 3363 2294 3417 καὶ
2346 3360 2543 3424 αὖτοὺς
2603 3362 2679 3424 είς
2735 3363 2883 3435 τάξιν
2947 3364 3163 3438 ἀγαγεῖν
3222 3369 3331 3420 τῶν
3394 3364 3745 3427 ἀποστόλων.

2090 3452 2188 3507 Διὰ
2243 3455 2407 3507 τοῦτο
2483 3452 2600 3506 εἷπε
2656 3452 2718 3507 τὸ
2755 3496 2768 3519 ,
2857 3476 2885 3504 ‹‹
2918 3452 3107 3526 Ἡμεῖς
3174 3454 3370 3518 πάντες
3423 3456 3524 3525 τήν
3585 3451 3747 3527 δόξαν

2091 3541 2290 3616 Κυρίου
2321 3543 2835 3616 κατοπτριζόμενοι,
2870 3566 2898 3594 ι)
2942 3544 3058 3598 οἷον
3090 3541 3547 3621 ἑλλαμπρόμενοι
3577 3548 3752 3604 Ilvati-

2093 3652 2240 3705 ματι.
2302 3654 2331 3684 (ι
2390 3631 2522 3688 ’Λπὸ
2577 3628 2740 3703 δόξης
2798 3632 2874 3696 είς
2931 3629 3111 3703 δόξαν,
3145 3656 3172 3685 ››
3242 3633 3338 3697 Εἰς
3397 3637 3495 3705 τὴν
3547 3636 3747 3710 αὐτὴν³

2088 3723 2247 3802 φησὶ,
2307 3718 2640 3795 λαμπηδόνα
2712 3715 3195 3796 μεταϐιλλόμεθα,
3254 3724 3362 3780 ἀπὸ
3419 3732 3519 3795 τῆς
3579 3724 3748 3801 δόξης

2086 3815 2185 3867 τοῦ
2240 3810 2568 3885 πνεύματος,
2628 3810 2704 3875 είς
2759 3810 3019 3887 ἡμετέραν
3079 3809 3233 3884 δόξαν
3281 3813 3587 3890 ἐρχομένης
3643 3823 3751 3886 τῆς

2095 3900 2573 3981 μεταμορφώσεως
2604 3941 2619 3957 .
2674 3899 2780 3958 Καὶ
2837 3900 2913 3965 εἰς
2977 3901 3235 3974 τοιαύτην
3272 3945 3286 3972 ,
3352 3903 3530 3978 φησὶ,
3589 3901 3753 3976 δόξαν

2091 3990 2384 4068 φθάνομεν,
2421 3988 2497 4051 είς
2528 3986 2645 4044 οἵαν
2678 3987 2822 4053 εἰκὸς
2873 3991 3072 4068 φθάσαι
3127 3993 3218 4047 τὸν
3272 3991 3380 4048 ἀπὸ
3437 3998 3535 4050 τοῦ
3564 4013 3752 4070 παρα-

2088 4077 2303 4147 κλήτου
2349 4082 2824 4151 καταυγαζομενον
2859 4122 2873 4148 ,
2950 4079 3037 4134 καί
3097 4078 3282 4137 εἰκόνα
3339 4078 3585 4156 ἀμυδρὰν
3641 4090 3746 4154 τῆς

2091 4167 2264 4223 αὐτοῦ
2302 4162 2464 4238 δόξης
2522 4166 3008 4242 ἐνσημαινόμενον.
3039 4169 3100 4225 Τί
3129 4170 3332 4227 εἴποιεν
3384 4172 3521 4245 πρὸς
3576 4177 3748 4229 ταῦτα

2092 4257 2152 4311 οὶ
2208 4256 2718 4332 πνευματομπίχοις
2805 4257 2912 4313 ἀπὸ
2980 4254 3141 4329 δόξης
3222 4257 3370 4339 λέγει
3438 4265 3536 4318 τοῦ
3592 4261 3745 4319 θείου

2092 4346 2427 4418 Ηνεόματος,
2454 4346 2532 4408 εἰς
2560 4342 2717 4417 δόξαν
2743 4347 2842 4414 τὴν
2875 4345 3166 4424 ἡμετέραν.
3219 4348 3365 4407 Ἀντί
3393 4354 3513 4423 τοῦ,
3545 4349 3749 4408 ἐκεῖθεν

2091 4429 2392 4509 δεχόμεθα.

2725 4528 2988 4585 ΚΕΦΑΛ.
3031 4528 3107 4586 Ε“.

2092 4614 2230 4693 Περί
2256 4613 2401 4693 θείας
2441 4611 2604 4693 δόξης
2660 4615 2751 4672 καὶ
2807 4621 2906 4672 τοῦ
2963 4615 3272 4675 ἀκολούθου
3330 4619 3478 4693 βίου,
3511 4618 3596 4678 ὅτι
3623 4625 3744 4681 τοῖς

2194 4685 2385 4761 ’ἁγίοις
2419 4688 2766 4764 γινώσκεται.

2160 4776 2261 4831 Διά
2288 4780 2450 4831 τοῦτο
2509 4774 2728 4851 ἔχοντες
2785 4779 2885 4847 τὴν
2947 4775 3223 4835 διακονίαν
3284 4778 3511 4852 ταύτην,
3568 4782 3750 4845 καθὼς

2090 4864 2411 4939 ἠλεήθημεν
2446 4910 2460 4933 ,
2551 4865 2651 4922 οὐκ
2736 4865 3069 4941 ἐκκακοῦμεν
3099 4915 3113 4938 ,
3170 4866 3320 4925 ἀλλὰ
3403 4869 3752 4945 ἀπειπάμεθα

2090 4956 2161 5013 τὰ
2259 4958 2475 5033 κρυπτὰ
2547 4963 2648 5027 τῆς
2752 4958 3044 5034 αἰσχύνης,
3148 4963 3223 5032 μή
3327 4966 3754 5036 περιπατοῦντες

2092 5043 2146 5100 ὲν
2250 5048 2595 5123 πανουργίᾳ,
2698 5045 2841 5122 μηδὲ
2945 5045 3234 5112 δολοῦντες
3360 5050 3452 5106 τὸν

2090 5140 2189 5193 τοῦ
2290 5140 2448 5207 Θεοῦ,
2552 5136 2701 5193 ἀλλὰ
2774 5142 2843 5211 τῇ
2937 5139 3234 5213 φανερώσει
3309 5145 3411 5208 τῆς
3485 5137 3755 5210 ἀληθείας

2093 5248 2185 5285 συν
2197 5232 2445 5292 ιστῶντες
2551 5228 2775 5294 δαυτοὺς
2874 5229 3010 5305 πρὸς
3138 5233 3309 5285 πᾶσαν
3438 5227 3750 5302 συνείδησιν

2093 5317 2395 5395 ἀνθρώπων
2496 5317 2728 5374 ἒνώπιον
2832 5322 2930 5375 τοῦ
3006 5322 3161 5378 Θεοῦ.

2173 5433 2193 5458 α
2231 5407 2329 5463 Διᾶ
2355 5412 2539 5464 τοῦτο.
2575 5431 2603 5461 ››
2635 5407 2713 5465 Τὸ
2745 5403 3069 5483 ὑπερϐατὸν,
3129 5405 3218 5465 διὰ
3274 5413 3437 5466 τοῦτο
3495 5407 3595 5466 οῦκ
3654 5409 3752 5466 ἐκ-

2095 5497 2393 5569 κακοῦμεν.
2428 5498 2525 5553 Διὰ
2581 5500 2744 5553 τοῦτο
2817 5502 3033 5567 Ποῖον;
3093 5498 3176 5554 ὅτι
3231 5498 3519 5569 τοιοότων,
3569 5500 3762 5577 φησὶν,

2096 5588 2381 5659 ἡξιώμεθα
2415 5628 2428 5642 .
2500 5611 2528 5638 ‹‹
2595 5588 2868 5663 ’Ἐχονττς
2954 5588 3052 5657 τήν
3114 5585 3383 5645 διακονίαν
3439 5593 3643 5660 ταὺτην
3679 5634 3691 5649 .
3731 5616 3761 5643 »

2097 5673 2320 5745 Ἐπειδὴ
2379 5674 2566 5733 πολλᾶ
2645 5677 2737 5732 καὶ
2822 5674 3032 5751 μεγάλα
3087 5677 3211 5752 περὶ
3266 5682 3375 5733 τῶν
3426 5678 3757 5737 ἀποστόλων

2099 5765 2335 5843 siprius»,
2395 5764 2593 5843 λέγων,
2654 5792 2682 5819 ι(
2732 5768 2846 5837 Τὴν
2908 5761 3063 5839 δόξαν
3126 5764 3330 5847 Κυρίου
3390 5769 3760 5846 κατοπτριζό-

3584 5050 3751 5129 λόγον
