4080 6426
398 468 521 530 957

1370 464 1780 528 COMMENT.
1826 465 1905 525 IN
1953 461 2203 525 EPIST.
2250 461 2305 524 ιι
2348 463 2454 522 AD
2501 460 2871 525 CORINTH.

3706 467 3826 528 958

400 614 562 679 μεθα,
624 628 655 655 υ
713 602 785 675 (εἱ
841 602 946 680 γὰρ
1015 600 1106 658 καὶ
1149 600 1543 671 αξιοινοποίησε
1600 601 1691 658 τὸν
1754 598 1923 678 λόγον
1982 602 2057 671 τῷ

2172 613 2408 655 mamur
2434 615 2449 666 ;
2483 620 2512 648 ω)
2545 598 2909 673 (quanquam
2941 600 3102 656 enim
3134 616 3473 657 sermonem
3504 600 3828 659 fecitcom-

400 693 572 748 εἰπεῖν
633 715 663 744 ‹‹
694 693 885 766 Ἡμεῖς
944 686 1001 748 δὶ
1058 690 1275 761 πάντες,
1312 713 1336 744 ν
1388 690 1535 761 πλὴν
1598 690 1675 755 εἲς
1731 689 1858 752 τοὺς
1918 689 2064 744 ἀπο-

401 781 637 844 στόλους
694 780 1071 856 πρωτοτύπως
1129 780 1318 856 ε’δρητο
1376 781 1442 836 τὰ
1500 780 1808 855 εἰρημένα,)
1867 776 2063 836 λοιπὸν

406 872 635 945 κατάγει
663 872 754 929 τὸν
787 871 912 947 περὶ
943 869 1121 926 αὐτῶν
1170 866 1358 945 λόγον.
1393 894 1421 923 ‹‹
1448 872 1716 945 Ἔχοντες
1747 870 1874 944 γὰρ,
1907 866 2063 946 φησὶ,

401 963 502 1031 τήν
564 957 863 1029 διακονίαν,
898 984 925 1012 ››
983 955 1282 1027 τουτέστιν,
1338 961 1501 1031 ἡμεῖς
1551 959 1720 1015 πλέον
1750 954 1902 1013 οὐδὲν
1938 954 2064 1013 ἀλλ’

401 1048 438 1120 ἢ
499 1045 741 1104 διάκονοί
802 1048 959 1122 ἐσμεν
1020 1052 1116 1104 τοῦ
1175 1047 1553 1124 κηρύγματος,
1613 1049 1767 1114 Εἶτα,
1811 1070 1837 1097 ιι
1874 1043 2065 1109 Καθὼς

398 1135 749 1211 ἠλεὴθημεν,
811 1161 841 1190 ››
900 1133 1111 1200 δεικνὺς
1194 1137 1277 1192 ὃτι
1361 1136 1452 1192 καὶ
1512 1135 1642 1191 αὐτὸ
1696 1136 1758 1190 τὸ
1816 1133 2060 1212 γενέσθαι

398 1224 666 1300 διάκονοι,
728 1225 828 1282 οὐκ
876 1230 1014 1301 ἦμεν
1100 1225 1264 1298 ἄξιοι,
1351 1224 1500 1282 ἀλλά
1558 1225 1646 1281 καὶ
1705 1230 1890 1293 τοῦτο,
1945 1225 2063 1280 κατ’

395 1311 557 1376 ἵλεον
585 1320 719 1374 Θεοῦ
762 1315 1017 1393 ἔσχομεν.
1067 1342 1093 1369 ‹‹
1129 1317 1248 1375 Οὐκ
1294 1315 1649 1390 ἐκκακοῦμεν.
1686 1340 1713 1368 ››
1745 1314 2060 1383 Τουτόστιν,

396 1405 499 1463 οὐκ
548 1406 958 1483 ἀπαγορεύομεν
1018 1407 1155 1481 πρὸς
1210 1405 1307 1468 τάς
1366 1403 1580 1479 θλίψεις
1635 1405 1726 1461 καὶ
1784 1404 1909 1465 τοὺς
1939 1424 2061 1460 πει-

396 1493 645 1571 ρασμοὺς
673 1497 765 1551 καὶ
821 1496 949 1552 τοὺς
1006 1495 1315 1559 κινδύνους.
1369 1519 1396 1549 ιι
1428 1493 1600 1552 Ἀλλά
1629 1493 1975 1567 ἀπειπάμεθα
2029 1518 2058 1548 ››

394 1585 543 1661 Πρὸς
577 1586 674 1659 μὶν
705 1587 802 1648 τάς
835 1584 1047 1661 θλίψεις
1100 1585 1203 1640 οὐκ
1260 1584 1629 1657 ἀπειπάμεθα,
1660 1584 1750 1640 καὶ
1788 1583 2059 1658 ἀπεκρου-

393 1675 611 1748 οάμεθα
698 1674 768 1729 τὰ
853 1674 1065 1750 κρυπτὰ
1148 1681 1249 1745 τῆς
1332 1672 1627 1754 αἰσχύνης,
1692 1671 1939 1728 τουτέστι
1994 1672 2056 1727 τὸ

393 1769 624 1820 τοιαῦτα
669 1769 846 1818 ποιεῖν
907 1763 957 1818 ἐν
1011 1768 1215 1841 τρυφῇ,
1271 1762 1304 1819 ἃ
1363 1763 1736 1842 φανερούμενοι
1794 1761 2057 1838 αἷσχῦνην

401 1852 569 1933 φέρει.
622 1852 930 1909 Αίνίττεται
992 1849 1051 1908 δὲ
1134 1851 1262 1916 τοὺς
1321 1851 1825 1928 ψευδαποστόλους,
1887 1849 1940 1906 o'i
2000 1848 2055 1906 ἐν

400 1944 647 2018 σχήματι
703 1937 991 2006 εὐλαϐείας
1046 1941 1207 2011 ἦσαν,
1292 1943 1383 1997 καὶ
1445 1939 1498 1997 ἒν
1558 1945 1737 2021 κρυερῇ
1795 1938 2050 2016 πονηροί.
2089 1978 2136 2042 Β

399 2034 525 2095 Hii);
591 2028 651 2088 δὲ
705 2030 1053 2107 ἀπειπάμεθα
1140 2032 1208 2089 τὲ
1294 2032 1505 2106 κρυπτά
1589 2038 1689 2100 τῆς
1746 2029 2057 2106 αἰσχύνηςς

400 2120 816 2196 Ἀπανούργως,
876 2121 1033 2198 φησὶ,
1086 2120 1176 2175 καὶ
1243 2118 1538 2183 ἀπλάστως
1598 2124 1815 2189 ζῶντες.
1873 2119 1935 2177 Ὀ
2003 2116 2061 2174 δὲ

396 2211 575 2273 οὕτως
636 2208 1125 2288 ἀναστρεφόμενος,
1191 2211 1387 2265 ἀπεῖπε
1441 2209 1577 2285 πρὸς
1655 2208 1718 2263 τὸ
1802 2208 2058 2285 πράττειν

392 2322 446 2357 τι
478 2305 587 2358 τῶν
617 2298 1105 2378 κατεγνωσμένων.
1140 2324 1167 2351 ι(
1201 2299 1281 2356 Τά
1320 2299 1532 2374 κρυπτά
1572 2305 1675 2368 τῆς
1705 2298 1994 2373 αἰσχῦνης,
2029 2320 2057 2349 ››

390 2391 498 2450 Καὶ
554 2391 622 2446 τὰ
673 2389 884 2466 κρυπτά
939 2396 1041 2459 τῆς
1099 2388 1390 2468 αλσχύνης,
1458 2389 1646 2467 φησὶν,
1691 2387 2055 2459 ἀπειπάμεθα,

396 2483 519 2540 οἶον
551 2479 709 2537 οὐδὲν
759 2478 872 2536 οὐδ’
930 2478 986 2536 ἐν
1044 2482 1224 2558 κρυφῇ
1284 2478 1549 2554 αἰσχύνης
1580 2477 1728 2552 ἄξιον
1761 2474 2056 2551 διαπραττό

396 2582 555 2646 μεθα,
586 2569 736 2628 ἀλλά
771 2572 847 2645 μή
906 2567 1259 2631 ἐκκακοῦντες
1319 2567 1373 2624 ἐν
1429 2573 1547 2630 ταῖς
1582 2567 1831 2644 θλίψεσιν
1861 2567 1936 2632 ὡς
1966 2567 2056 2623 καὶ

391 2662 553 2735 ὑμεῖς
613 2661 794 2731 ὁρᾶτε,
857 2655 987 2715 οὐδὲ
1042 2660 1180 2714 κατά
1234 2657 1507 2735 λογισμὸν
1541 2656 1683 2715 ἄλλο
1714 2680 1766 2714 τι
1803 2654 2057 2714 διανοού-

398 2761 537 2824 μεθα
594 2747 863 2824 αἰσχύνης
949 2744 1118 2820 ἄξιον,
1206 2747 1348 2818 οἷον,
1409 2746 1508 2804 οὐκ
1572 2744 1901 2822 ὀλιγωρίαν,
1961 2745 2061 2801 οὐκ

396 2832 764 2918 ἃμῳιϐολίαν,
826 2835 888 2892 οὐ
966 2832 1290 2910 δισταγμὸν,
1370 2835 1472 2891 οὐκ
1544 2832 1893 2912 ἀχαριστίαν,
1963 2834 2061 2890 οὐκ

392 2924 538 2984 ἄλλο
594 2947 650 2982 τι
705 2926 843 2981 κατὰ
901 2922 1147 2981 διάνοιαν
1203 2922 1605 3000 ἀναδεχόμεθα.
1667 2922 1823 2983 Ἀλλ’
1874 2922 2056 2999 ὥσπερ

387 3014 448 3073 ἐν
507 3019 587 3089 τῷ
644 3014 861 3095 φανερῷ
920 3014 1025 3070 οὐκ
1083 3012 1445 3089 ἐκκακοῢμεν,
1501 3013 1677 3076 οὕτως
1735 3010 1851 3068 οὔδ’
1893 3014 1948 3068 ἓν
1979 3016 2058 3084 τῲ

395 3108 624 3179 κρυπτῷ
676 3103 945 3180 αἰσχύνης
1003 3101 1151 3174 ἄξιόν
1206 3124 1259 3159 τι
1318 3100 1678 3179 λογιζόμεθα,
1711 3100 1857 3157 ἀλλά
1887 3101 2057 3157 πάντα

395 3195 466 3250 τὰ
520 3200 620 3263 τῆς
679 3192 952 3268 αἰσχύνης
1006 3192 1221 3268 κρυπτά
1271 3193 1639 3267 ἀπειπάμεθα.
1699 3192 1850 3257 Εἶτα,
1898 3216 1924 3244 (ι
1961 3192 2053 3260 Μὴ

403 3286 822 3357 περιπατοῦντες
878 3280 932 3338 ἐν
993 3281 1314 3357 πανουργίᾳ,
1378 3305 1405 3332 ››
1461 3280 1550 3337 καὶ
1607 3281 1748 3351 ἑξῆς.
1806 3285 2049 3356 Πανουρ-

2174 705 2416 745 munem
2432 688 2684 745 dicendo
2702 707 2714 744 :
2734 714 2754 735 ιι
2774 691 2890 745 Nos
2902 697 3098 746 autem
3114 708 3386 759 omnes,»
3408 691 3482 748 ad
3522 692 3824 764 apostolos

2175 784 2372 836 tamen
2385 779 2566 836 veluti
2582 780 2951 852 primaexem
2964 780 3511 851 plariadicebantur
3524 782 3825 854 prmdicta)

2174 868 2457 940 deinceps
2473 885 2809 924 sermonem
2827 868 3280 923 dehisdeducit:
3302 891 3322 919 ιι
3359 870 3504 924 Cum
3534 872 3693 925 enim
3718 872 3826 926 mi-

2172 959 3325 1031 nisterium,inquit,habeamus.hocest,
3355 985 3374 1007 ιι
3396 960 3816 1033 nihilamplius

2172 1066 2350 1121 quam
2382 1049 2642 1105 ministri
2676 1048 3117 1120 praedicationis
3148 1048 3356 1103 simus.
3416 1050 3637 1105 Deinde
3690 1052 3771 1107 ait
3805 1068 3817 1105 ε

2172 1161 2199 1191 α
2236 1139 2398 1195 Sicut
2427 1139 2614 1195 nostri
2642 1139 2919 1194 misertus
2950 1143 3040 1193 est
3069 1139 3244 1203 Deus,
3265 1159 3293 1188 »
3313 1138 3638 1194 ostendens
3659 1140 3816 1212 quod

2173 1231 2253 1285 Ne
2284 1230 2359 1286 ad
2390 1230 2501 1287 hoc
2534 1229 2774 1302 quidem
2807 1229 2969 1301 digni
3002 1244 3209 1284 sumus
3237 1234 3306 1285 ut
3326 1227 3515 1283 simus
3540 1228 3821 1298 ministri,

2168 1321 2273 1379 sed
2305 1327 2365 1378 et
2393 1322 2506 1378 hoc
2533 1315 2696 1377 a'Dei
2749 1319 3163 1376 misericordia
3218 1318 3528 1374 habemus.
3590 1341 3617 1369 «
3654 1318 3819 1375 Haud

2168 1411 2583 1484 defatigamur.
2616 1412 2736 1467 Hoc
2768 1414 2876 1470 est.
2912 1426 3031 1465 non
3063 1408 3378 1465 deficimus
3408 1408 3483 1464 ad
3541 1408 3822 1466 afflictio-

2166 1501 2664 1561 nes.tentationes
2696 1517 2764 1557 ae
2795 1499 3079 1572 pericula.
3118 1521 3143 1549 (ι
3178 1499 3291 1555 Sed
3322 1499 3642 1570 rejecimus
3688 1524 3712 1547 ››
3736 1501 3824 1555 Ad

2165 1589 2522 1647 afﬂictiones
2541 1589 2919 1662 quidemnon
2947 1588 3362 1660 defatigamur,
3379 1587 3482 1644 sed
3505 1589 3824 1659 rejecimus

2166 1695 2236 1736 ac
2262 1679 2646 1736 refutavimus
2679 1679 3115 1735 occultamenta
3147 1677 3456 1733 dedecoris
3492 1694 3504 1731 :
3538 1677 3649 1733 hoc
3710 1685 3820 1746 est,

2164 1770 2310 1828 talia
2337 1771 2398 1826 in
2429 1769 2661 1825 occulto
2693 1769 2908 1834 facere,
2943 1784 3074 1839 quae
3106 1766 3482 1823 manifestata
3533 1767 3821 1838 pudorem

2163 1861 2467 1919 afferrent.
2490 1860 2768 1933 Designat
2784 1864 2980 1915 autem
3000 1856 3492 1930 pseudapostolos
3507 1857 3606 1929 qui
3647 1856 3819 1913 habi-

2165 1953 2294 2005 tum
2321 1946 2639 2019 quemdam
2672 1946 2909 2019 pietatis
2943 1945 3264 2014 habebant,
3307 1945 3409 2000 sed
3468 1944 3531 2000 in
3589 1946 3821 2002 occulto

2168 2037 2329 2108 pravi
2344 2036 2842 2101 erant.Quomodo
2856 2041 3053 2091 autem
3071 2034 3152 2105 rej
3164 2034 3375 2089 ecimus
3389 2034 3825 2091 occultamenta

2169 2125 2515 2181 dedecoris?
2537 2126 2674 2181 Sine
2698 2126 2955 2179 versutia
2977 2141 3043 2180 ac
3068 2122 3302 2179 fallacia
3350 2123 3629 2179 viventes.
3678 2126 3822 2180 Nam

2168 2215 2267 2287 qui
2284 2216 2364 2270 ita
2377 2213 3357 2283 conversatur,recusatquidquam
3382 2212 3576 2268 facere
3615 2229 3821 2268 eorum

2167 2322 2297 2375 qua:
2312 2304 2592 2373 damnata
2606 2303 2925 2359 sunt.624
2939 2325 2965 2351 ‹‹
2983 2300 3769 2358 Occultamentadedecoris.
3789 2325 3816 2351 ››

2166 2394 2355 2450 Etiam
2369 2389 3382 2461 occultamentis.inquit.dedecoris
3406 2391 3818 2447 interdiximus

2164 2482 2224 2540 id
2243 2489 2335 2539 est
2379 2483 2531 2538 nihil
2546 2481 2895 2539 confusione
2911 2481 3154 2553 dignum
3168 2496 3242 2534 ne
3255 2480 3317 2535 in
3332 2480 3561 2535 occulto
3577 2480 3818 2553 quidem

2166 2578 2614 2646 perpetramus:
2650 2572 2753 2627 sed
2784 2572 2847 2627 in
2877 2570 3302 2627 afﬂictionibus
3334 2586 3453 2626 non
3481 2571 3822 2627 succumbi-

2166 2680 2321 2723 mus.
2345 2668 2412 2717 ut
2430 2668 2489 2717 et
2506 2678 2604 2718 vos
2621 2660 2832 2718 videtis
2858 2678 2871 2715 :
2895 2676 3089 2732 neque
3113 2660 3201 2714 vel
3227 2662 3425 2714 mente
3456 2659 3617 2715 aliud
3649 2661 3823 2731 quid-

2166 2769 2342 2826 quam
2376 2753 2703 2826 cogitamus
2735 2751 3086 2807 confusione
3118 2751 3401 2822 dignum:
3437 2750 3546 2806 hoc
3579 2756 3666 2807 est
3723 2768 3821 2808 ne-

2164 2860 2279 2915 que
2301 2841 2718 2915 negligentiam
2745 2858 2939 2913 neque
2960 2840 3399 2896 haesitationem
3416 2856 3520 2895 seu
3533 2841 3818 2908 ambigui-

2163 2931 3094 3005 tatem,nequeingratitudinem,
3114 2947 3307 3002 neque
3324 2929 3489 2985 aliud
3508 2932 3815 3002 quippiam

2164 3021 2505 3095 hujusmodi
2521 3022 2823 3078 velmente
2837 3019 3290 3092 recipimuszsed
3310 3020 3815 3090 quemadmodum

2163 3113 2225 3166 in
2252 3111 2564 3167 manifesto
2585 3127 2706 3166 non
2731 3109 3232 3182 defatigamur,ita
3255 3124 3449 3181 neque
3475 3109 3536 3163 in
3586 3110 3819 3166 occulto

2164 3201 2492 3273 quidquam
2543 3199 2957 3257 erubescentia
3010 3199 3252 3273 dignum
3313 3199 3662 3271 cogitamus,
3716 3200 3820 3256 sed

2162 3291 2365 3348 omnia
2393 3289 2628 3346 ruboris
2660 3289 3097 3346 occultamentu
3153 3287 3495 3359 rejecimus.
3541 3288 3767 3345 Deinde
3803 3306 3817 3345 :

395 3351 523 3452 γίας
581 3371 677 3445 μὶν
734 3372 837 3448 γὰρ
893 3370 982 3426 καὶ
1043 3351 1441 3442 acilio-0,3111
1501 3373 1596 3447 μὲν
1636 3351 2057 3434 ἐπιδείκνυσθαι,

2168 3405 2193 3432 ‹‹
2227 3382 2350 3436 Νοιι
2381 3386 2683 3436 versantes
2713 3396 2821 3452 per
2850 3378 3153 3435 astutiam.
3179 3400 3206 3426 »
3233 3384 3343 3433 etc.
3377 3377 3677 3450 Siquidem
3704 3396 3825 3437 ver-

394 3459 543 3519 ἅλλα
572 3458 631 3517 δὲ
663 3458 1094 3537 διαλογίζεσθαι.
1129 3484 1157 3512 ι(
1190 3457 1347 3532 Μηδὲ
1379 3458 1669 3524 δολοῦντες
1699 3461 1791 3516 τὸν
1827 3459 2055 3539 λόγον.»

384 3560 492 3622 Καὶ
524 3560 589 3614 οὐ
624 3558 809 3634 μόνον,
844 3559 1001 3638 φησὶ,
1063 3559 1185 3634 βίον
1240 3558 1333 3614 καὶ
1392 3557 1674 3616 πολιτεῖαν
1709 3558 2055 3637 ἀπάνουργον

390 3649 817 3726 ἐπιτηδεύομεν,
850 3649 977 3708 ἄλλ’
1008 3649 1135 3707 οὐδὲ
1166 3648 1446 3724 δολοῦμεν
1476 3652 1568 3708 τὸν
1600 3651 1764 3726 λόγον
1793 3657 1890 3708 τοῦ
1922 3655 2058 3709 Θεοῦ

390 3742 485 3802 καὶ
514 3744 579 3797 τὸ
611 3743 895 3819 κηρυγμα,
954 3743 989 3813 ἢ
1053 3742 1531 3818 χρηματιζόμενοι
1573 3741 1625 3813 ἐξ
1655 3742 1841 3807 αὐτοῦ,
1874 3743 1909 3812 ἤ
1944 3747 2057 3805 τοῖς

386 3836 604 3909 καιροῖς
650 3831 744 3886 καὶ
785 3836 900 3894 τοῖς
931 3830 1255 3905 προσώποις
1314 3826 1934 3905 συμμεταϐαλλομενοοη
1965 3832 2057 3886 καὶ

388 3926 482 3978 νῦν
516 3924 611 3995 μὲν
656 3925 843 3991 τοῦτο,
899 3926 991 3976 νῦν
1064 3917 1123 3976 δὲ
1181 3920 1354 3976 ἐκεῖνο
1416 3919 1781 3991 διδασκοντες,
1842 3920 1972 3994 ὅπερ
2005 3923 2059 3976 οἱ

392 4009 844 4089 ψευδαπόστολοι
900 4009 1142 4068 ἐποίουν.
1205 4036 1231 4063 ι‹
1266 4009 1449 4068 Ἀλλᾶ
1501 4015 1571 4086 τῇ
1631 4012 2062 4086 στα-ιερώσειτῆς

386 4099 676 4174 ἀληθείας.
714 4124 742 4152 ιι
804 4097 1000 4171 Οὐδὲν,
1056 4101 1214 4182 φησὶ,
1276 4101 1504 4178 κρύφιον
1561 4110 1690 4175 παρ’
1742 4105 1902 4171 ἡμῖν,
1936 4100 2061 4159 οὐδὲ

395 4190 540 4249 ἄλλο
575 4192 671 4264 μὶν
703 4189 1039 4265 κρόπτομεν,
1071 4187 1215 4247 ἄλλο
1246 4186 1304 4247 δὲ
1335 4188 1631 4266 λαλοῦμεν,
1668 4190 1816 4248 ἀλλά
1845 4192 1935 4247 διὰ
1958 4195 2058 4261 τὴν

388 4279 701 4363 ιρανέρωσιν
758 4286 858 4351 τῆς
916 4279 1198 4351 ἀληθείας,
1254 4285 1587 4355 συνιστῶμεν
1642 4283 1727 4337 καὶ
1772 4284 2060 4356 παρατιθὲ-

400 4381 537 4444 μεθα
594 4368 821 4432 δαυτοὺς
881 4371 997 4425 οἷον
1057 4367 1242 4442 ἐσμὶν,
1299 4370 1459 4445 πάσῃ
1499 4367 1803 4442 συνειδήσει
1850 4373 2065 4446 ἀνθρώ-

392 4480 533 4518 πων.
564 4492 635 4503 -
664 4461 884 4534 [ΦΩΤ.]
940 4460 1010 4519 Οἱ
1064 4460 1167 4536 γὰρ
1225 4457 1689 4536 ψευδαπόστολοι,
1742 4462 1807 4517 οὗ
1848 4466 1917 4535 τῇ
1957 4484 2063 4537 φα-

394 4550 621 4625 νερώσει
651 4556 754 4620 τῆς
787 4547 1074 4620 ἀληθείας,
1106 4547 1255 4607 ἀλλά
1309 4554 1390 4624 τῷ
1447 4548 1705 4606 ὑποδῦναι
1763 4551 2058 4626 πρόσωπον

393 4637 684 4711 ἀληθείας,
747 4637 1007 4696 συνίστων
1052 4638 1296 4711 ἑαυτοὺς,
1355 4637 1471 4696 οὐδ’
1507 4639 1737 4696 ἒνώπιον
1768 4644 1866 4696 τοῦ
1897 4645 2053 4710 Θεοῦ,

2170 3471 2340 3527 sutiae
2371 3487 2439 3527 ac
2471 3470 2591 3525 doli
2622 3474 2710 3525 est
2741 3469 2901 3526 aliud
2946 3469 3206 3525 exterius
3264 3467 3599 3525 ostendere.
3660 3468 3823 3526 aliud

2168 3565 2368 3615 autem
2401 3559 2658 3630 cogitare
2719 3579 2741 3608 ιι
2778 3559 2977 3629 Neque
3001 3555 3135 3612 dolo
3162 3560 3483 3613 tractantes
3502 3556 3767 3613 verbum.
3800 3582 3825 3609 ››

2170 3650 2285 3704 Nec
2316 3648 2533 3709 solum.
2567 3647 2781 3718 inquit,
2814 3648 2991 3703 vitam
3022 3662 3091 3703 ac
3123 3646 3638 3704 conversationem
3696 3648 3824 3704 sine

2168 3736 2427 3793 versutia
2455 3737 2844 3799 instituimus,
2908 3734 3011 3791 sed
3069 3751 3265 3807 neque
3319 3735 3452 3791 dolo
3503 3742 3826 3794 tractamus

2168 3825 2412 3880 verbum
2443 3826 2545 3882 Dei
2582 3826 2701 3880 sive
2731 3824 3220 3897 praedicationem
3257 3840 3269 3878 :
3301 3829 3405 3880 aut
3435 3831 3729 3896 quaestum
3755 3843 3827 3881 ex

2169 3924 2298 3996 ipso
2327 3930 2643 3982 sectantes.
2678 3930 2780 3981 aut
2803 3924 2977 3995 juxta
2995 3929 3325 3995 temporum
3349 3938 3416 3980 ac
3432 3939 3824 3996 personarum

2171 4012 2483 4071 varietates
2515 4028 2624 4067 nos
2655 4012 2813 4084 ipsos
2844 4016 3301 4075 commutantes,
3364 4016 3422 4067 et
3474 4027 3633 4067 nunc
3689 4013 3823 4081 hoc,

2171 4120 2332 4160 nunc
2363 4110 2561 4160 autem
2605 4101 2755 4159 illud
2814 4101 3115 4161 docentes,
3173 4101 3330 4173 quod
3377 4101 3824 4175 pseudapostoli

2170 4193 2485 4253 faciebant.
2509 4213 2532 4237 «
2557 4192 2671 4251 Sed
2692 4192 2753 4248 in
2779 4190 3255 4248 manifestatione
3279 4191 3560 4249 veritatis.
3588 4214 3616 4242 »
3645 4193 3823 4261 Nihil,

2172 4284 2387 4355 inquit,
2411 4282 2710 4340 occultum
2735 4281 2892 4354 apud
2914 4297 3022 4336 nos
3045 4286 3153 4347 est,
3188 4297 3386 4353 neque
3430 4280 3593 4338 aliud
3629 4284 3824 4340 occul-

2172 4380 2388 4433 tamus.
2419 4372 2581 4430 aliud
2613 4377 2809 4428 autem
2843 4371 3186 4443 loquimur:
3220 4370 3323 4427 sed
3351 4387 3458 4443 per
3487 4371 3828 4429 manifesta-

2173 4462 3052 4534 tionemveritatisnosipsosin
3068 4461 3326 4517 medium
3369 4460 3725 4534 proferimus
3756 4477 3824 4518 ac

2173 4551 2522 4608 exhibemus
2535 4550 2742 4623 quales
2754 4550 3130 4622 sumusapud
3143 4566 3383 4607 omnem
3396 4551 3825 4608 conscientiam

2171 4640 2505 4695 hominum.
2536 4671 2607 4682 —
2635 4640 2780 4696 Nam
2811 4638 3252 4711 pseudapostoli
3287 4655 3408 4697 non
3429 4655 3536 4711 per
3568 4639 3821 4696 manife-

395 4730 527 4791 ἀλλ’
561 4731 637 4796 εἰς
686 4731 964 4804 ἀρέσκειαν
1029 4733 1194 4805 μόνον
1251 4737 1361 4787 τῶν
1424 4732 1819 4805 ἀπατωμένων.
1851 4759 1879 4786 ιι
1916 4733 2057 4810 Πρὸς

2168 4730 2487 4786 stationem
2521 4728 2805 4793 veritatis,
2838 4728 2945 4783 sed
2972 4727 3310 4785 simulando
3326 4728 3587 4785 veritatis
3609 4744 3819 4801 perso-

393 4827 570 4879 πᾶσαν
652 4819 964 4892 συνείδησιν
1048 4822 1380 4898 ἀνθρώπων.
1448 4847 1475 4876 ››
1542 4825 1692 4899 [lion
1753 4820 2055 4895 συνειδήσει

394 4910 698 4988 ἀνθρώπων
752 4911 995 4967 ἀπίστων
1047 4931 1106 4967 τε
1155 4911 1247 4967 καὶ
1302 4916 1508 4968 πιστῶν
1539 4912 1763 4975 ἑαυτοὺς
1795 4914 2053 4968 συνιστῶ-

395 5021 512 5074 μεν,
573 4999 627 5071 ἐξ
710 5000 809 5070 ὧν,
891 4999 1079 5073 φησὶν,
1165 4999 1626 5080 ἀναστρεφόμεθα.
1699 4999 1922 5071 Ἐπειδή
1978 4996 2057 5059 ἔνι

391 5086 580 5155 λαθεῖν
647 5088 776 5154 τοὺς
849 5089 1172 5164 ἀνθρώπους
1253 5089 1345 5146 καὶ
1427 5090 1725 5163 ἀπατῆσαι,
1781 5092 1872 5150 τὸν
1926 5091 2059 5150 Θεὸν

387 5174 589 5259 ἔφορον
621 5178 872 5258 ἐφίστησι
901 5182 971 5253 τῇ
1002 5179 1196 5259 δαυτοῦ
1224 5176 1500 5254 πολιτείᾳ.

458 5442 526 5501 Εἰ
594 5438 653 5497 δὶ
707 5439 798 5496 καὶ
877 5432 994 5499 im
1078 5438 1494 5515 κεκαλυμμένον
1570 5443 1633 5499 τὸ
1716 5440 2051 5520 Εὐαγγέλιω

386 5532 572 5605 ἡμῶν,
655 5528 708 5585 ἐν
789 5533 908 5593 τοῖς
1011 5527 1426 5606 ἀπολλυμένοις
1508 5531 1622 5588 ἐστὶ
1703 5529 2054 5608 κεκαλυμμέ-

381 5641 499 5686 νον,
556 5617 610 5676 ἐν
670 5621 758 5682 οἷς
817 5618 847 5674 ὁ
906 5618 1038 5683 Θεὸς
1094 5623 1193 5675 τοῦ
1243 5621 1443 5684 αἰῶνος
1497 5623 1719 5691 τούτου,
1773 5621 2055 5701 ἐτύφλωσε

386 5709 458 5767 τὰ
509 5710 762 5783 νοήματα
816 5712 927 5764 τῶν
986 5709 1251 5782 ἀπίστων,
1309 5710 1386 5773 εἰς
1441 5712 1503 5768 τὸ
1566 5713 1642 5787 μή
1695 5711 1922 5787 αὐγάσαι
1956 5714 2051 5769 αὖ·

382 5803 507 5860 τοῖς
584 5797 679 5853 τὸν
767 5797 1050 5878 φωτισμὸν
1129 5803 1225 5855 τοῦ
1316 5798 1659 5879 Εὗαγγεὶίου
1712 5807 1812 5874 τῆς
1888 5798 2050 5877 δὸξης

2165 4816 2728 4884 nam,ostendebant
2748 4816 2977 4890 seipsos
3005 4833 3125 4871 non
3149 4833 3350 4873 coram
3372 4817 3512 4886 Deo,
3546 4818 3651 4874 sed
3682 4823 3820 4875 tan-

2167 4914 2289 4964 tum
2310 4912 2377 4963 ut
2395 4906 2468 4962 iis
2492 4905 2795 4979 placerent
2814 4906 2915 4978 qui
2933 4905 3311 4964 fallebantur.
3338 4929 3364 4956 ‹‹
3388 4908 3556 4979 Apud
3577 4925 3820 4965 omnem

2167 4995 2595 5056 conscientiam
2615 4995 2948 5052 hominum.
2979 5020 3000 5049 ι
3039 4996 3232 5063 Omni,
3268 4997 3480 5068 inquit,
3509 4998 3818 5057 conscien-

2168 5089 2263 5145 tiae
2276 5086 2612 5147 hominum.
2639 5085 2759 5142 sive
2772 5084 3144 5142 credentium
3159 5085 3277 5142 sive
3291 5103 3412 5143 non
3425 5087 3793 5145 credentium
3806 5131 3820 5157 ,

2166 5178 2442 5250 nosipsos
2469 5192 2539 5233 ex
2565 5181 2769 5233 nostra
2802 5176 3251 5232 conversatione
3310 5178 3821 5249 commendamus,

2166 5268 2457 5336 Quoniam
2487 5265 2763 5323 homines
2796 5265 2980 5322 latere
3011 5266 3326 5339 contingit.
3362 5267 3618 5341 illosque
3659 5269 3822 5326 deci-

2165 5375 2329 5433 pere,
2357 5358 2546 5414 Deum
2568 5372 2690 5412 sum
2708 5355 3090 5412 conscientia:
3112 5356 3379 5428 prmfecit
3396 5358 3818 5431 inspectorem.

2235 5448 2324 5515 IV,
2359 5447 2477 5501 3-5.
2512 5445 2670 5511 Quod
2712 5446 2762 5498 si
2807 5444 2986 5500 adhuc
3038 5446 3281 5501 velatum
3326 5452 3405 5503 est
3461 5449 3820 5518 Evangelium

2162 5542 2431 5599 nostrum,
2459 5534 2518 5591 in
2549 5535 2631 5590 his
2658 5536 2760 5605 qui
2784 5541 3021 5605 pereunt
3050 5536 3298 5592 velatum
3355 5544 3456 5605 est,
3516 5538 3574 5592 in
3615 5537 3813 5608 quibus

2162 5629 2304 5683 Deus
2333 5626 2498 5698 hujus
2527 5623 2717 5680 saeculi
2746 5628 3042 5681 excarcmiit
3068 5641 3255 5682 sensus
3291 5624 3721 5692 z‘ncredulomm,
3742 5642 3812 5681 ne

2161 5715 2436 5771 illusceret
2470 5714 2583 5770 illis
2614 5715 2796 5770 lumcn
2857 5716 3142 5785 Evangelii
3205 5714 3398 5786 gloria:
3454 5714 3659 5769 Christi
3713 5716 3807 5785 qui

2161 5812 2237 5863 est
2269 5807 2452 5877 imago
2482 5806 2599 5862 Dei.
2634 5807 2751 5864 Non
2783 5807 2925 5861 enim
2954 5821 3054 5861 nos
3081 5809 3225 5878 ipsos
3272 5804 3663 5876 praedicamus,
3713 5804 3807 5861 sed
