4080 6410
306 489 425 549 959

1428 480 1842 544 ΈΟΗΜΕΝΙΙ
1882 482 2194 545 'l'RICC/E
2238 484 2594 549 EPISCOPI

3611 491 3734 553 960

309 623 582 679 Christum
607 620 791 676 Iesum
829 619 1142 686 Dominum,
1202 632 1302 674 nos
1353 619 1498 691 ipsos
1555 623 1736 674 autem
1779 633 1959 677 servos

2077 622 2167 674 τοῦ
2227 623 2486 695 Χριστοῦ,
2546 620 2604 687 ες
2681 621 2823 680 ἐστιν
2909 622 3066 678 εἰκὼν
3127 626 3224 677 τοῦ
3282 627 3438 681 Θεοῦ.
3498 623 3570 680 Οὐ
3627 626 3733 701 γὰρ

302 717 506 770 vestros
537 717 771 782 propter
799 711 1003 767 Iesum.

379 966 672 1034 Quoniam
701 964 930 1021 dixerat
960 963 1120 1036 quod
1149 962 1304 1035 apud
1354 977 1594 1017 omnem
1648 961 1960 1018 hominum

308 1056 738 1114 conscientiam
755 1070 817 1109 se
832 1053 1308 1125 ostendissetper
1318 1067 1514 1107 veram
1536 1051 1962 1108 manifestatio-

306 1166 467 1211 nem.
492 1149 604 1203 hoc
622 1152 730 1209 est,
753 1143 1257 1217 praedicationem.
1291 1140 1714 1198 adversabatur
1760 1147 1959 1197 autem

308 1238 422 1312 ipsi
448 1237 607 1310 quod
628 1254 748 1293 non
772 1234 1048 1290 omnibus
1072 1238 1231 1289 esset
1252 1232 1567 1289 manifesta
1596 1230 1960 1304 praedicatio,

308 1326 467 1400 quod
499 1327 743 1399 planum
776 1330 867 1380 est
896 1340 963 1378 ex
997 1322 1089 1378 his
1121 1322 1221 1394 qui
1255 1338 1374 1377 non
1406 1321 1807 1381 crediderunt,
1841 1320 1960 1375 ait:

310 1418 459 1474 025
486 1417 613 1471 Non
636 1414 783 1470 illud
802 1430 913 1469 nos
935 1419 1174 1468 accusat
1193 1417 1297 1468 aut
1344 1410 1643 1483 Evangelii
1694 1408 1965 1465 obscuri-

306 1513 511 1574 tatem,
532 1506 637 1562 sed
665 1506 901 1561 illorum
931 1502 1330 1576 perditionem
1360 1518 1428 1557 ac
1460 1502 1805 1557 caecitatem.
1844 1523 1869 1550 «
1900 1503 1963 1556 in

308 1597 526 1670 quibus
554 1596 711 1651 Deus
742 1595 921 1664 hujus
954 1592 1177 1649 saeculi.
1217 1613 1243 1642 »
1276 1593 1494 1647 Eorum
1526 1591 1812 1661 quiextra
1830 1606 1961 1664 gre-

305 1702 437 1759 gem
458 1682 977 1740 suntChristi.a1ii
1010 1682 1082 1737 ab
1137 1681 1311 1736 initio
1371 1680 1667 1736 increduli
1724 1679 1966 1736 fuerent

310 1776 574 1832 sermoni
606 1771 1072 1845 praedicationis,
1107 1771 1208 1826 alii
1254 1770 1640 1826 crediderunt
1697 1770 1961 1841 quidem,

310 1863 414 1922 sed
441 1865 581 1936 quia
611 1880 733 1919 non
764 1860 1064 1918 habebant
1091 1867 1267 1916 terra:
1297 1859 1698 1926 altitudinem,
1728 1875 1964 1916 rursum

311 1971 346 2011 a
376 1954 494 2010 fide
523 1953 889 2018 resilierunt,
923 1966 1072 2023 quos
1121 1966 1331 2006 omnes
1389 1949 1609 2006 Paulus
1667 1948 1813 2005 dicit
1868 1966 1965 2021 pe-

307 2049 553 2100 reuntes
586 2058 600 2109 ;
630 2058 792 2097 nunc
822 2046 1023 2096 tamen
1055 2040 1167 2110 ipsi
1202 2054 1396 2095 sermo
1430 2044 1522 2095 est
1550 2038 1623 2094 de
1652 2038 1743 2094 his
1767 2039 1867 2110 qui
1888 2038 1960 2095 ab

308 2133 481 2189 initio
513 2132 625 2203 ipsi
659 2148 779 2186 non
812 2128 1213 2186 crediderunt.

378 2222 479 2278 His
511 2222 671 2277 enim
703 2220 947 2276 omnino
979 2220 1238 2275 velatum
1301 2222 1392 2275 est
1442 2218 1848 2291 Evangelium,
1908 2224 1965 2276 et

310 2316 430 2371 ait:
464 2316 530 2369 In
560 2313 904 2368 hominibus
936 2311 1036 2384 qui
1069 2315 1321 2383 pereunt
1350 2327 1460 2366 nec
1493 2311 1739 2367 omnino
1781 2311 1966 2368 credi-

310 2403 831 2467 derunt,excmcati
855 2407 997 2457 sunt
1027 2417 1341 2464 sensus,ne
1396 2400 1534 2455 fidei
1584 2400 1965 2472 splendorem

312 2493 706 2564 susciperent.
738 2492 927 2547 Deum
960 2495 1158 2546 autem
1192 2490 1370 2559 hujus
1401 2488 1606 2545 saeculi
1656 2490 1964 2546 Manichaai

313 2582 557 2654 quidem
598 2587 658 2637 et
687 2580 1012 2635 Marciones
1060 2579 1229 2634 aiunt
1286 2578 1511 2633 malum
1569 2578 1685 2634 dici
1735 2578 1962 2634 deum:

315 2670 608 2742 siquidem
645 2670 759 2724 duo
792 2675 931 2723 sunt
958 2667 1114 2739 apud
1145 2667 1281 2722 illos
1312 2666 1394 2721 dii
1430 2682 1443 2733 ;
1476 2683 1586 2721 nos
1634 2682 1771 2722 vero
1829 2683 1965 2723 eum

311 2758 567 2815 dicimus
585 2758 684 2830 qui
707 2757 986 2813 omnibus
1009 2755 1316 2827 praesidet:
1344 2755 1448 2811 sed
1461 2755 1965 2827 quemadmodum

310 2850 468 2905 Deus
499 2847 627 2903 caeli
658 2852 717 2903 et
774 2851 947 2901 terra;
1005 2844 1198 2901 dictus
1260 2849 1367 2912 est,
1426 2842 1477 2878 ³⁸
1531 2849 1591 2900 et
1637 2845 1790 2900 Deus
1821 2862 1966 2916 pras-

311 2939 498 2993 sentis
530 2936 668 3005 diei,
703 2941 762 2991 et
791 2937 946 2992 Deus
975 2934 1273 2991 Abraham
1304 2940 1363 2989 et
1395 2937 1555 2990 Isaac
1581 2939 1638 2990 et
1670 2934 1846 2990 Jacob
1896 2934 1962 3000 ",

308 3045 421 3084 nec
444 3027 517 3082 ob
533 3027 592 3082 id
616 3032 968 3081 cmterorum
989 3025 1145 3080 Deus
1161 3040 1279 3079 non
1310 3029 1427 3079 est:
1471 3022 1553 3079 ita
1594 3023 1705 3079 hoc
1727 3039 1963 3095 quoque

309 3117 597 3190 intellige,
621 3118 775 3172 Deus
798 3116 976 3185 hujus
1004 3113 1228 3170 saeculi.
1276 3116 1394 3170 Aut
1447 3130 1580 3169 cum
1634 3113 1961 3185 hyperbato

310 3208 423 3263 hoc
451 3206 627 3263 modo
655 3224 666 3261 :
700 3204 1149 3262 incredulorum
1180 3203 1359 3275 hujus
1389 3203 1613 3259 saeculi.
1669 3203 1814 3258 Nam
1866 3204 1962 3260 hic

307 3295 606 3352 increduli
641 3299 800 3360 sunt,
833 3300 973 3349 tunc
1005 3299 1202 3350 autem
1234 3309 1413 3349 omne
1443 3309 1598 3365 genu
1630 3310 1693 3348 se
1738 3292 1958 3359 ﬂectet.

310 3392 368 3441 et
399 3385 593 3440 omnis
621 3354 827 3455 lingua
857 3382 1238 3438 conﬁtebitur
1266 3354 1520 3448 Christo,
1553 3397 1689 3437 cum
1738 3354 1971 3438 venerit
2002 3354 2046 3422 C

307 3477 371 3531 in
402 3479 651 3546 paterna
675 3472 879 3546 gloria.
915 3471 1169 3544 Cyrillus
1197 3488 1333 3526 vero
1364 3471 1546 3543 hujus
1578 3470 1777 3527 smculi
1825 3472 1969 3528 dicit

312 3565 492 3621 deum
533 3578 668 3617 eum
728 3561 829 3632 qui
890 3560 1219 3617 incredulis
1269 3561 1641 3616 existimatus
1700 3566 1791 3617 est
1838 3578 1968 3617 esse

314 3655 481 3716 deus,
516 3668 731 3723 nempe
765 3652 1042 3707 Satanam
1062 3649 1246 3720 (hunc
1269 3651 1428 3705 enim
1452 3650 1968 3723 colebant).primo

314 3744 469 3801 libro
501 3742 783 3798 adversus
814 3739 1138 3795 Iulianum.
1175 3770 1240 3780 —
1271 3739 1400 3794 Alio
1429 3741 1610 3795 modo.
1654 3740 1771 3795 Hoc
1830 3744 1921 3795 est
1953 3757 1964 3794 :

314 3835 378 3891 In
388 3832 766 3889 credulorum
782 3830 961 3901 hujus
974 3828 1173 3885 saeculi
1191 3829 1502 3886 excmcavit
1527 3829 1682 3886 Deus
1732 3846 1966 3897 sensus,

313 3939 454 3981 nam
488 3922 756 3977 futurum
790 3920 1076 3975 sarculum
1106 3918 1587 3977 incredulitatem
1608 3935 1729 3975 non
1768 3918 1966 3975 habet.

316 4036 344 4064 «
377 4012 703 4068 Excaecavit
758 4026 970 4067 sensus
1029 4008 1496 4065 incredulorum.
1558 4029 1586 4057 »
1642 4009 1771 4065 Non
1810 4007 1969 4080 quod

314 4100 673 4175 ipseiecerit
698 4116 710 4153 :
735 4098 916 4154 absit!
942 4098 1047 4153 sed
1076 4097 1234 4170 quod
1283 4097 1411 4153 fieri
1462 4098 1802 4169 permiserit
1832 4114 1971 4170 pro-

317 4197 452 4264 pter
507 4190 764 4244 liberum
825 4186 1184 4252 arbitrium;
1241 4193 1310 4242 ut
1379 4186 1558 4242 etiam
1635 4186 1779 4242 alibi
1837 4186 1967 4241 ait:

323 4302 351 4330 ι(
382 4278 646 4335 Tradidit
675 4277 812 4333 illos
840 4277 994 4332 Deus
1027 4276 1089 4332 in
1132 4277 1380 4332 affectus
1437 4273 1783 4346 ignominiae
1838 4274 1906 4339 ⁸ο,
1943 4297 1971 4324 »

320 4385 388 4426 ac
421 4368 469 4423 si
500 4368 770 4423 diceret:
803 4365 973 4423 Tradi
1032 4364 1324 4437 permisit.
1381 4362 1671 4428 Quoniam
1730 4364 1890 4419 enim
1938 4379 1973 4419 a

318 4458 550 4516 Christo
573 4461 967 4517 recesserunt.
994 4454 1240 4526 reliquit
1285 4468 1426 4508 eos:
1476 4468 1613 4508 nam
1646 4451 1970 4509 volentium

317 4554 406 4604 est
430 4548 611 4612 salus,
636 4562 755 4602 non
781 4550 1119 4601 coactorum
1147 4560 1160 4597 :
1214 4558 1336 4597 non
1385 4540 1544 4614 quod
1575 4541 1754 4598 etiam
1786 4558 1972 4598 nocu-

316 4643 588 4696 mentum
609 4635 953 4708 acceperint
975 4632 1074 4704 qui
1099 4630 1431 4688 inﬁdeliter
1468 4632 1664 4688 affecti
1715 4638 1885 4688 erant
1912 4639 1972 4688 et

2069 705 2291 770 ἐαυτοὺς
2392 709 2762 785 κηρύσσομεν,
2890 708 3038 766 ἀλλὰ
3183 712 3416 784 Χριστὸν
3515 715 3733 785 Ἰησοῦν

2069 796 2290 873 Κύριον·
2396 800 2636 864 ’ἑαυτοὺς
2739 799 2796 857 δὲ
2871 799 3102 863 δούλους
3179 801 3332 875 ὑμῶν
3439 799 3528 857 διὰ
3620 803 3732 874 Ἰη-

2071 907 2221 943 σουν.
3682 905 3687 911 ’

2144 975 2366 1049 Ἐπειδή
2428 979 2564 1051 εἶπε,
2619 983 2756 1057 πρὸς
2813 987 2987 1038 πᾶσαν
3049 978 3354 1051 συνείδησιν
3428 982 3735 1059 ἀνθρώπων

2070 1066 2415 1124 συνίστασθαι
2476 1066 2565 1125 διὰ
2623 1078 2721 1140 τῆς
2777 1069 3018 1142 ἀληθοῦς
3076 1072 3453 1149 φα-ιερώσεως,
3487 1072 3733 1128 τουτέστι

2068 1156 2137 1211 τά
2192 1160 2289 1212 τοῦ
2347 1159 2732 1237 κηρύγματος,
2788 1157 3063 1216 ἀντέκειτο
3095 1157 3153 1216 δὲ
3181 1161 3332 1233 αὐτῷ
3362 1161 3425 1216 τὸ
3461 1162 3536 1234 μὴ
3569 1167 3734 1219 πᾶσιν

2071 1247 2209 1301 εἶναι
2263 1266 2484 1323 φανερον
2542 1248 2604 1303 τὸ
2662 1250 2948 1327 κήρυγμα,
3002 1250 3112 1324 (καὶ
3171 1247 3343 1319 δῆλον
3405 1249 3457 1321 ἐξ
3519 1251 3591 1305 ὧν
3637 1250 3739 1306 οὐκ

2071 1330 2429 1405 ὶπίστευσαν,)
2483 1334 2667 1412 φησίνο
2735 1336 2860 1413 Οὐχ
2917 1338 2953 1408 ἡ
3014 1341 3130 1409 μῶν
3158 1336 3221 1393 τὸ
3251 1333 3532 1413 ἔγκλημα,
3563 1335 3601 1409 ἤ
3630 1345 3735 1409 τῆς

2071 1422 2328 1500 ἀσαφείας
2357 1428 2454 1479 τοῦ
2485 1424 2824 1499 εὐαγγελίου,
2870 1422 3017 1482 ἀλλά
3071 1430 3172 1491 τῆς
3205 1425 3422 1483 ἐκείνων
3456 1426 3739 1491 ἀπωλείας

2069 1510 2160 1565 καὶ
2190 1510 2543 1591 τυφλώσεως.
2580 1537 2607 1565 ‹‹
2641 1515 2729 1571 Ἐν
2760 1515 2845 1577 οἶς
2877 1515 2903 1571 6
2934 1516 3064 1577 Θεὸς
3094 1520 3193 1571 τοῦ
3226 1517 3420 1581 αἰῶνος
3450 1516 3665 1573 τούτου.
3708 1541 3737 1570 ››

2071 1602 2192 1657 Τῶν
2225 1598 2326 1674 ἔξω
2357 1609 2455 1671 τῆς
2488 1599 2696 1676 ἀγέλης
2754 1608 2851 1658 τοῦ
2908 1609 3169 1679 Χριστοῦ,
3202 1605 3253 1660 οἱ
3289 1607 3381 1679 μὲν
3413 1608 3511 1677 τὴν
3547 1607 3745 1688 ἀρχὴν

2072 1690 2376 1761 ἠπίστησαν
2439 1697 2519 1765 τῷ
2574 1691 2730 1767 λόγῳ
2784 1698 2882 1749 τοῦ
2945 1694 3319 1768 κηρύγματος,
3383 1697 3433 1752 οὶ
3496 1693 3553 1752 δὲ
3608 1695 3735 1753 ἐπί-

2073 1800 2293 1835 στευσαν
2330 1781 2449 1854 μὶν,
2502 1779 2593 1837 διὰ
2651 1781 2710 1838 δὶ
2765 1783 2827 1839 τὸ
2890 1785 2966 1857 μή
3030 1780 3177 1859 ἔχειν
3210 1785 3378 1860 βάθος
3410 1788 3534 1859 γῆς,
3566 1786 3736 1842 πάλιν

2072 1867 2439 1948 ἆπειροίτησαν
2496 1874 2594 1940 τῆς
2623 1872 2880 1944 πίστεως,
2915 1873 3005 1935 οὕς
3036 1868 3275 1936 ἅπαντας
3308 1872 3739 1949 ἀπολλυμένους

2072 1959 2101 2014 6
2132 1958 2348 2023 Παῦλος
2377 1959 2557 2018 καλεῖ.
2592 1966 2700 2019 Νῦν
2753 1961 2811 2018 δὲ
2868 1961 3002 2025 τὲως
3030 1964 3058 2019 6
3091 1962 3260 2039 λόγος
3292 1964 3438 2038 αὐτῷ
3470 1966 3594 2041 περὶ
3624 1971 3737 2023 τῶν

2070 2050 2172 2119 τὴν
2204 2050 2381 2127 ἀρχὴν
2414 2050 2561 2124 αύτῷ
2582 2051 3013 2123 ἀπιστησάντων.

2142 2213 2368 2277 Τούτοις
2415 2215 2517 2291 γὰρ
2577 2213 2855 2277 παντελῶς
2914 2213 3252 2272 κεκάλυπται
3284 2216 3346 2271 τὸ
3377 2216 3738 2294 Εὑαγγέλιον,

2071 2302 2159 2358 καί
2194 2325 2378 2377 φησιν,
2410 2303 2463 2358 ἐν
2498 2305 2583 2366 οἷς
2637 2302 3050 2377 ἀπολλυμένοις
3110 2304 3421 2379 ἀνθρώποις
3460 2309 3568 2360 τῶν
3599 2327 3740 2362 παν-

2068 2390 2243 2453 τελῶς
2297 2391 2710 2461 ἀπιπήσάντων
2779 2390 3072 2471 ἐτυφλώθη
3114 2392 3181 2448 τά
3234 2395 3505 2465 νοήματα,
3561 2394 3637 2458 εἷς
3666 2395 3732 2449 τὸ

2076 2476 2216 2553 μηδὲ
2244 2482 2345 2551 τὴν
2374 2480 2544 2556 αὐγήν
2576 2477 2821 2552 δέξασθαι
2881 2488 2981 2551 τῆς
3041 2483 3296 2547 πίστεως.
3353 2484 3482 2538 Θεὸν
3513 2479 3571 2539 δὲ
3600 2484 3747 2539 αἰῶ-

2069 2592 2163 2635 νος
2187 2570 2405 2638 τούτου,
2465 2577 2767 2651 Μανιχαῖοι
2813 2572 2908 2645 μὲν
2963 2571 3053 2628 καὶ
3105 2574 3426 2645 Μαρκίωνες
3480 2575 3607 2649 φασῖ
3645 2575 3745 2630 τὸν

2072 2659 2312 2729 πονηρόν
2372 2658 2558 2732 λέγειν
2616 2661 2764 2723 θαόν.
2829 2659 2933 2715 Δύο
3009 2660 3115 2736 γὰρ
3170 2662 3300 2735 παρ’
3356 2662 3540 2721 αὐτοῖς
3594 2662 3729 2718 θεοί.

2070 2748 2262 2821 Ἡμεῖς
2296 2745 2355 2804 δὲ
2404 2748 2494 2803 τὸν
2554 2748 2643 2804 ἐπὶ
2701 2748 2916 2805 πάντων
2976 2751 3164 2822 θαμέν.
3226 2748 3383 2807 Ἀλλ’
3416 2749 3563 2821 ὥπερ
3596 2752 3734 2815 Θεὸς

2072 2836 2284 2913 εἴρηται
2343 2839 2579 2913 οὐρανοῦ
2635 2839 2726 2894 καὶ
2784 2847 2915 2913 γῆς,
2966 2841 3053 2894 καὶ
3117 2840 3248 2905 Θεὸς
3291 2843 3393 2907 τῆς
3448 2843 3746 2913 παρούσης

2070 2929 2307 3001 ἡμέρας,
2363 2929 2451 2982 καὶ
2509 2929 2638 2990 Θεὸς
2696 2925 2976 3005 Ἀϐραὰμ,
3029 2928 3117 2983 καὶ
3172 2930 3374 2999 Ἰσαὰκ,
3411 2930 3503 2985 καὶ
3537 2926 3737 3000 Ιακὼϐ,

2069 3018 2162 3073 καὶ
2194 3015 2257 3071 οῦ
2287 3018 2435 3090 παρὰ
2487 3021 2651 3073 τοῦτο
2707 3023 2815 3073 τῶν
2850 3016 3063 3073 λοιπῶν
3101 3020 3204 3074 οῦκ
3232 3013 3343 3074 ἔστι
3378 3020 3530 3087 Θεὸς,
3561 3019 3737 3082 οὕτως

2073 3136 2168 3190 μοι
2196 3115 2310 3171 νόει
2343 3114 2434 3170 καὶ
2464 3115 2549 3183 τὸ,
2611 3116 2740 3175 Θεὸς
2797 3119 2894 3170 τοῦ
2947 3115 3145 3179 αἰῶνος
3176 3115 3393 3172 τούτου.
3425 3119 3497 3175 "II
3537 3117 3737 3189 οὕτως,

2073 3204 2206 3278 μετά
2266 3198 2594 3279 ὑπερϐατοῦο
2649 3210 2757 3259 τῶν
2820 3203 3061 3260 ἀπίστων
3127 3209 3226 3260 τοῦ
3279 3206 3480 3269 αἰῶνος
3510 3207 3737 3263 τούτου.

2073 3292 2204 3374 ᾯὸε
2231 3293 2327 3369 γὰρ
2394 3293 2700 3361 ἀπιστοῦσι,
2757 3293 2879 3350 τότε
2937 3292 2993 3350 δὲ
3051 3299 3152 3349 πᾶν
3210 3296 3337 3372 γόνυ
3394 3294 3594 3364 κλινεῖ,
3649 3299 3745 3354 καὶ

2075 3387 2221 3440 πᾶσα
2252 3381 2480 3458 γλῶσσα
2538 3382 3009 3461 ἐξομολογήσεται
3068 3386 3310 3461 Χριστῷ,
3359 3384 3486 3442 ὅταν
3519 3383 3655 3461 ἔλθῃ
3687 3384 3745 3442 ἐν

2077 3474 2145 3546 τῇ
2182 3471 2413 3545 Πατρῴα
2444 3468 2596 3544 δόξῇ.
2654 3469 2939 3545 Κύριλλος
2998 3469 3055 3527 δὲ
3107 3470 3257 3550 λέγει
3316 3474 3444 3529 Θεὸν
3477 3478 3574 3529 τοῦ
3606 3475 3742 3530 αἱῶ-

2075 3582 2167 3622 νος
2221 3560 2419 3615 τούτου
2505 3561 2597 3616 τὸν
2683 3561 3009 3634 νομισθέντα
3089 3567 3209 3623 τοῖς
3278 3562 3529 3624 ἀπιστοις
3590 3564 3739 3634 θεὸν,

2077 3651 2246 3726 ἤγουν
2304 3650 2397 3705 τὸν
2462 3656 2702 3705 Σαταιᾶν
2764 3650 2965 3725 (τούτῳ
3018 3652 3120 3727 γάρ
3178 3649 3602 3726 ἐλάτρευον),ἐν
3660 3660 3748 3727 τῷ

2077 3740 2218 3797 κατὰ
2251 3736 2555 3797 Ἰουλιανοῦ
2601 3740 2807 3813 πρώτῳ
2864 3735 3091 3815 βιϐλίῳ.
3129 3774 3196 3785 --
3224 3738 3471 3806 Ἄλλως.
3504 3744 3746 3819 [ΙΩΑΝ.]

2078 3831 2338 3889 Τουτέστι
2386 3835 2493 3886 τῶν
2557 3829 2795 3886 ἀπίστων
2848 3834 2947 3886 τοῦ
3005 3832 3209 3893 αἱῶνος
3237 3831 3457 3903 τούτου,
3486 3830 3747 3912 ἐτύφλω-

2078 3921 2223 3976 σενὸ
2254 3921 2385 3983 Θεὸς
2440 3920 2507 3974 τὰ
2563 3921 2833 3992 νοήματα.
2895 3920 2956 3978 Ὀ
3010 3921 3115 3996 γὰρ
3177 3918 3398 3994 μέλλων
3444 3922 3576 3978 αἱὼν
3612 3923 3747 3978 ἀπιε-

2079 4009 2226 4065 στίαν
2262 4008 2364 4065 οὐκ
2418 4003 2561 4084 ἔχει.
2622 4030 2644 4059 ι
2704 4009 3019 4087 Ἐτυφλωσε
3068 4029 3128 4066 τε
3166 4013 3420 4084 νοήματα
3465 4014 3573 4067 τῶν
3605 4013 3743 4070 ἀπί-

2081 4119 2243 4157 στων.
2279 4123 2300 4150 ι
2331 4098 2409 4155 Οὐ
2465 4102 2626 4153 τοῦτο
2678 4097 2840 4160 αὐτὸς
2900 4103 3097 4169 ποιῶν,
3153 4100 3405 4174 Ἀπαγεί
3462 4100 3610 4158 ἀλλά
3649 4123 3742 4180 για

2079 4186 2260 4244 νέσθαι
2317 4189 2705 4263 συγχωρήσας,
2772 4185 2863 4243 διὰ
2940 4188 3004 4243 τὸ
3088 4187 3455 4264 αὐτεξούσιον,
3514 4191 3589 4252 ὡς
3646 4192 3744 4248 καὶ

2079 4274 2338 4352 ἀλλαχοῦ
2394 4297 2550 4354 φησι,
2611 4299 2639 4329 ‹‹
2674 4274 2994 4350 Παρέδωκεν
3052 4276 3248 4339 αὐτοὺς
3290 4279 3366 4341 εἰς
3418 4280 3563 4350 πάθη
3624 4280 3746 4343 ἀτι-

2085 4365 2234 4439 μίας,
2268 4389 2297 4417 ››
2326 4367 2412 4433 τὸ,
2471 4367 2592 4421 οἷον
2653 4366 3040 4442 Συνεχώρησε,
3097 4364 3299 4442 λέγων.
3363 4364 3584 4438 Ἐπειδή
3637 4369 3743 4446 γὰρ

2082 4454 2451 4531 ἂπεφοίτησαν
2491 4460 2587 4511 τοῦ
2645 4457 2906 4532 Χριστοῦ,
2964 4454 3137 4512 εἶάσεν
3193 4457 3414 4521 αὐτούς.
3450 4458 3746 4534 Βουλομὲ-

2079 4567 2187 4601 νων
2230 4547 2334 4624 γάρ
2380 4545 2481 4602 οὐκ
2523 4543 2980 4621 ἀναγκαζομένων
3037 4548 3072 4615 ἡ
3123 4547 3390 4622 σωτηρία,
3427 4549 3503 4623 μή
3537 4548 3621 4604 ὃτι
3649 4548 3741 4604 καὶ

2080 4630 2564 4710 προσεϐλάπτοντο
2619 4635 2860 4698 ἀπίστως
2918 4634 3258 4709 διακείμενοι
3327 4638 3420 4693 καὶ
3468 4658 3743 4714 καταυγα-

315 4728 595 4785 illustrati
618 4732 760 4784 sunt
781 4725 911 4782 luce
934 4722 1173 4788 Christi,
1202 4722 1383 4778 veluti
1435 4720 1647 4784 debilis
1691 4726 1965 4794 aspectus

2079 4724 2300 4798 ζόμενοι
2353 4729 2432 4796 τῷ
2489 4725 2627 4801 φωτὶ
2692 4722 2947 4800 Χριστοῦ,
3010 4724 3194 4803 ὥσπερ
3246 4725 3339 4781 καὶ
3390 4727 3518 4803 ὃψις
3569 4729 3745 4803 σαθρά

312 4818 480 4875 radio
515 4816 714 4874 solari.
751 4837 778 4865 ‹‹
811 4815 892 4871 Ne
923 4813 1300 4870 illucesceret
1329 4810 1468 4865 illis.
1518 4832 1546 4861 »
1606 4810 1750 4866 Vide
1808 4809 1971 4882 quod

317 4926 439 4966 non
471 4908 734 4963 dixerit:
782 4903 1109 4961 Excaecavit
1165 4917 1267 4957 eos
1323 4916 1399 4957 ne
1451 4899 1787 4966 crederent,
1839 4900 1966 4965 sed,

315 5020 341 5047 «
376 4998 458 5052 Ne
492 4996 870 5051 illucesceret
898 4992 1039 5059 illis,
1077 5014 1097 5039 ιι
1135 4989 1458 5046 ostendens
1489 4989 1651 5061 ipsos
1706 4987 1970 5059 primum

316 5100 439 5140 non
471 5082 796 5139 credidisse
825 5087 885 5136 et
912 5081 995 5136 ita
1026 5085 1232 5152 postea
1261 5078 1536 5150 indignos
1585 5076 1829 5133 effectos
1877 5076 1970 5132 lu-

316 5173 501 5231 mine.
535 5174 678 5227 Nam
701 5170 896 5242 etipse
913 5184 1150 5241 quoque
1198 5167 1486 5224 Dominus
1507 5167 1641 5222 uita
1686 5181 1806 5220 non
1838 5182 1971 5222 esse

316 5261 724 5337 projiciendas
746 5259 1095 5331 margaritas
1121 5264 1259 5313 ante
1300 5272 1511 5329 porcos
1555 5256 1621 5308 “.
1659 5274 1688 5304 »
1718 5255 1789 5309 Et
1816 5254 1969 5310 bene

324 5351 589 5425 ponitur,
621 5350 992 5406 illucescere.
1025 5347 1179 5403 οαο
1209 5348 1378 5403 Nunc
1435 5344 1598 5402 enim
1647 5343 1970 5401 obscurum

320 5442 776 5499 habemusverze
798 5439 1132 5512 cognitions
1175 5436 1502 5503 defluxum,
1539 5441 1599 5491 et
1617 5440 1906 5507 tanquam
1938 5452 1973 5494 a

320 5536 442 5593 sole
456 5532 825 5590 lucidissima
837 5536 1077 5588 tenuem
1094 5530 1498 5602 splendorem.
1524 5528 1645 5585 Hoc
1657 5527 1799 5585 alibi
1822 5544 1939 5600 quo
1953 5560 1969 5569 -

320 5642 435 5698 que
459 5622 755 5697 significat
778 5619 1311 5677 dicens:Videmus
1323 5634 1484 5675 nunc
1515 5634 1623 5691 per
1663 5616 1971 5691 speculum

2078 4812 2131 4887 ἐξ
2162 4814 2401 4883 ἡλιακῆς
2450 4814 2684 4876 ἀκτῖνος.
2736 4837 2764 4865 ι(
2818 4814 2913 4875 El;
2962 4814 3026 4869 τὸ
3083 4815 3159 4887 μή
3205 4813 3436 4890 αὐγάσαι
3469 4816 3675 4880 αὐτοῖς.
3711 4842 3743 4870 »

2077 4904 2237 4977 Ὅρα,
2291 4902 2391 4958 οῦκ
2448 4903 2614 4971 εἶπεν,
2673 4899 2985 4976 ἐτύφλωσεν
3047 4904 3123 4965 εἱς
3178 4902 3240 4959 τὸ
3301 4906 3378 4977 μή
3430 4911 3743 4978 πιστεῦσαι,

2080 4991 2209 5049 ἀλλ’
2255 4993 2332 5055 εἱς
2381 4993 2468 5060 τὸ,
2524 5017 2551 5045 ι(
2605 4993 2697 5061 Μὴ
2754 4994 3105 5068 καταυγάσαι,
3164 5017 3192 5046 ››
3266 4990 3476 5058 δεικνὺς
3547 4996 3745 5060 αὐτοὺς

2080 5087 2297 5159 πρῶτον
2343 5082 2766 5153 ἀπιστήσαντας,
2816 5082 2930 5139 εἶτα
2977 5082 3225 5153 ἀναξίους
3273 5086 3602 5160 γενομὲνους
3642 5092 3744 5143 τοῦ

2081 5175 2389 5250 φωτισμοῦ.
2451 5171 2548 5227 Καὶ
2608 5171 2715 5248 γάρ
2770 5173 2859 5228 καὶ
2920 5171 3082 5234 αὐτὸς
3115 5173 3144 5228 6
3177 5173 3373 5249 Κύριός
3404 5195 3561 5252 φησι,
3595 5201 3623 5228 ‹‹
3664 5180 3741 5250 μὴ

2081 5260 2291 5337 ῥίπτειν
2339 5255 2646 5335 ἔμπροσθεν
2702 5265 2810 5317 τῶν
2866 5262 3077 5337 χοίρων
3134 5262 3265 5324 τοὺς
3320 5265 3682 5341 μαργαρίτας,
3723 5291 3746 5317 ι

2081 5346 2276 5411 Καλῶς
2328 5346 2385 5403 δὶ
2430 5350 2514 5419 τὸ,
2561 5348 2826 5424 Αῦγάσαι,
2881 5355 3075 5409 κεῖται.
3127 5348 3404 5428 ’Δμυδράν
3436 5353 3538 5429 γάρ
3571 5352 3756 5430 ἀπόβ-

2082 5440 2234 5514 ῥοιαν
2292 5444 2391 5507 τῆς
2445 5437 2716 5508 ἀληθινῆς
2770 5439 3022 5511 γνώσεως
3057 5434 3259 5517 ἔχομεν
3288 5446 3404 5512 νῦν,
3436 5443 3527 5499 καὶ
3560 5441 3747 5519 ὥσπερ

2079 5528 2188 5585 ἀπὸ
2238 5526 2404 5598 ἡλίου
2466 5530 2785 5601 παμφαοῦς,
2840 5526 3016 5604 αὐγὴν
3084 5528 3354 5607 ἀμυδράν.
3406 5534 3587 5591 Τοῦτο
3658 5537 3754 5591 καὶ

2083 5614 2342 5691 ἀλλαχοῦ
2399 5613 2586 5688 δηλοῖ,
2641 5639 2669 5667 ‹‹
2725 5616 3012 5691 Βλὲπομεν
3068 5622 3172 5695 γαρ
3229 5617 3376 5695 ἄρτι,
3436 5621 3633 5697 λέγων,
3678 5615 3757 5676 δι’

390 5814 439 5851 ⁸⁸
469 5815 647 5875 ludit.
679 5828 732 5886 ν,
763 5814 800 5869 9
831 5857 849 5886 ,
876 5810 1056 5867 Exod.
1088 5813 1175 5879 lil,
1206 5810 1296 5866 26.
1330 5808 1377 5843 ²⁹
1406 5806 1663 5881 Philipp.
1697 5823 1761 5881 ιι,
1794 5806 1881 5863 10.
1913 5805 1960 5843 ⁸⁸

2077 5821 2156 5863 ιιι.
2192 5822 2229 5877 ι,
2262 5805 2351 5863 Ν.
2383 5805 2429 5843 ⁸¹
2463 5805 2664 5865 Matth.
2700 5823 2794 5878 vn,
2825 5810 2880 5865 ε.
