4080 6396
341 344 455 407 961

1338 338 1745 403 COMMENT.
1794 337 1882 399 IN
1926 336 2178 400 EPIST.
2225 337 2276 400 ΙΙ
2321 339 2422 398 AD
2467 343 2830 406 CORINTH.

3642 350 3760 411 962

340 476 614 550 ἰσόπτρου
644 472 700 530 ἐν
749 472 1048 549 αἰνίγματι·
1081 496 1111 526 ››
1144 474 1234 528 καὶ
1268 496 1298 524 α
1328 466 1651 548 Ἀῥρυϐὦνα
1682 469 1995 543 Πνεύματος

2126 472 2176 527 in
2209 474 2521 547 aanigmate
2543 473 2615 543 δι,
2649 498 2676 526 ››
2702 482 2779 544 et,
2803 498 2831 526 ‹‹
2855 476 3108 533 Arrham
3136 477 3425 534 habemus
3448 480 3700 552 Spiritus
3716 480 3764 518 ³³

339 565 434 629 καὶ
466 565 651 637 ὀσμὴν
680 563 956 640 γνώσεως.
990 587 1019 616 ιι
1049 596 1114 606 -
1147 588 1174 615 (ι
1199 563 1311 618 Τοῦ
1342 558 1684 638 Εὐαγγελίου
1714 565 1815 629 τῆς
1846 558 2007 631 δόξης

338 663 443 714 τοῦ
475 659 733 733 Χριστοῦ.
796 680 824 708 ››
884 655 1019 726 Δόξα
1072 653 1173 731 γὰρ
1231 655 1470 727 Χριστοῦ
1534 652 1597 708 τὸ
1654 650 2004 725 εὐαγγέλιον.

346 747 614 819 Δοξαστὸς
650 746 746 819 μὲν
806 747 910 823 γὰρ
941 746 969 800 6
998 744 1230 821 Χριστὸς
1282 741 1372 798 διὰ
1421 741 1607 817 μυρία,
1653 739 1704 813 ἐξ
1753 740 1828 795 ὧν
1877 737 2003 810 ἐδη-

350 837 712 912 μιοόργησεν,
764 836 813 905 ἒξ
875 836 950 889 ὧν
1010 836 1225 907 συνέχει
1282 834 1351 888 τὰ
1398 829 1904 906 δημιουργηθέντα,
1953 828 2003 898 εξ

346 928 425 983 ὧν
457 928 523 982 τὰ
552 926 729 981 πάντα
780 929 1061 999 ζωογονεῖ,
1116 921 1353 996 μαλιστα
1401 919 1461 976 δε
1502 919 1563 975 ἐκ
1606 923 1705 974 τοῦ
1749 917 2005 993 σταυροῦ,

339 1015 404 1071 οῦ
435 1016 606 1089 κῆρυξ
636 1015 701 1069 τὸ
742 1011 1083 1086 εὐαγγέλιον.
1117 1036 1143 1064 ‹‹
1175 1012 1273 1073 Ὃς
1304 1008 1448 1065 ἐστιν
1476 1008 1639 1064 εῗκὼν
1665 1011 1762 1062 τοῦ
1784 1009 1940 1064 Θεοῦ.
1974 1029 2006 1057 ››

338 1107 431 1169 Ὧς
457 1103 510 1159 ἐν
544 1100 877 1180 παραδρομῇ
932 1099 1106 1180 λέγει,
1155 1102 1208 1156 τί
1251 1099 1362 1155 ἐστι
1409 1098 1474 1154 τὸ
1523 1095 1833 1171 εὐςγγελίου
1882 1118 2006 1151 συν-

345 1195 702 1267 εσκιασμένον
751 1198 870 1255 τοῖς
924 1191 1201 1253 ἀπίστοις’
1261 1190 1408 1256 Ὀτι,
1468 1189 1624 1267 φησι,
1677 1189 1808 1249 eae;
1860 1184 2005 1241 ἐστιν

343 1285 375 1339 6
405 1282 761 1356 σταυρωθείς.
818 1280 994 1337 Εἷκὼν
1042 1278 1144 1357 γάρ
1193 1277 1307 1333 ἐστι
1354 1281 1454 1333 τοῦ
1503 1277 1715 1350 Πατρός
1764 1274 2010 1349 ἀπαράλ-

342 1372 569 1434 λακτος.
602 1373 728 1429 ’Ότι
760 1371 865 1445 γὰρ
897 1368 1081 1424 εἰκόνα
1130 1363 1276 1423 οἶδεν
1309 1367 1338 1421 6
1367 1364 1707 1429 Ἀπόστολος
1753 1364 1817 1420 τὸ
1868 1363 2008 1421 κατὰ

335 1466 443 1516 πᾶν
482 1459 603 1515 ἴσον
632 1459 723 1514 καὶ
757 1460 977 1531 ὅμοιον,
1018 1457 1120 1533 ’ὁρα
1148 1456 1201 1511 τί
1230 1475 1394 1533 φησιν
1439 1451 1721 1528 ἀλλαχοῦ⁴
1774 1475 1803 1504 ‹‹
1835 1451 2003 1506 Σκιάν

338 1550 444 1625 γὰρ
477 1544 623 1625 ἔχων
657 1549 685 1603 6
717 1548 888 1621 νόμος
918 1551 1028 1603 τῶν
1086 1543 1405 1619 μελλόντων
1458 1543 1697 1618 ἀγαθῶν,
1748 1540 1852 1596 οὐκ
1907 1537 2008 1594 αἰ)-

343 1641 446 1710 τήν
481 1640 580 1707 τήν
613 1637 796 1694 εἰκόνα
846 1642 956 1692 τῶν
1013 1634 1435 1713 πραγμάτων.»
1490 1631 1687 1689 Εἷκόνα
1734 1633 1868 1686 Θεοῦ
1908 1629 2001 1684 τὸν

344 1730 604 1804 Χριστὸν,
637 1728 714 1791 ὡς
746 1728 877 1783 Θεὸν
907 1726 967 1781 ἐκ
1008 1729 1143 1782 Θεοῦ
1198 1722 1658 1800 προσηγόρευσεν.
1719 1721 1806 1777 Ἐν
1854 1719 2004 1791 αὐτῷ

345 1818 452 1893 γὰρ
484 1814 720 1873 δείκνυσι
748 1817 841 1872 τόν
885 1813 1113 1890 Πατέρα.
1173 1814 1265 1870 Διό
1327 1833 1514 1891 φησιν,
1578 1838 1598 1863 ι
1629 1812 1686 1864 Ὀ
1744 1806 2002 1885 ἑωρακὼς

344 1905 468 1980 ἐμὲ,
499 1907 705 1982 ἑώρακε
752 1906 845 1961 τὸν
898 1904 1128 1980 Πατέρα.
1186 1927 1212 1953 ι)
1274 1936 1339 1945 —
1399 1927 1426 1954 (ί
1488 1900 1566 1958 Οὐ
1619 1899 1721 1975 γὰρ
1780 1897 2003 1959 ἑαυτοὺς

343 1995 712 2071 κηρύσσομεν.
749 2022 771 2049 ι
833 1995 983 2053 Ἀνω
1048 1995 1187 2060 εἷπε,
1255 2014 1275 2042 ι
1337 1992 1427 2059 Μή
1469 1993 1894 2065 περιπατοῦντες
1953 1987 2006 2042 ἐν

339 2084 669 2164 πανουργίᾳ,
730 2082 873 2159 μηδὲ
922 2081 1213 2145 δολοῦντες
1256 2081 1350 2137 τὸν
1404 2079 1569 2155 λόγον
1624 2083 1719 2135 τοῦ
1769 2081 1947 2164 Θεοῦ(
1978 2098 2005 2128 n

346 2180 510 2244 Πῶςς
541 2162 575 2226 «⁷
602 2174 755 2233 Ἐπεὶ
807 2174 885 2247 μὴ
937 2171 1160 2234 ἑαυτοὺς
1208 2172 1578 2246 κηρύσσομεν,
1629 2168 1812 2248 φησῖν,
1864 2162 2012 2222 ἀλλὰ

353 2264 586 2342 Χριστὸν
618 2262 841 2338 Κύριον
902 2262 1123 2323 ἑαυτοὺς
1171 2257 1230 2315 δὲ
1286 2257 1519 2320 δούλους
1580 2260 1730 2332 ὑμῶν
1786 2254 1857 2311 δι’
1912 2255 2009 2310 αὐ-

345 2356 476 2412 τόν.
518 2378 548 2406 ι)
582 2355 762 2410 Τοῦτο
794 2350 853 2407 δὲ
884 2350 1077 2425 λέγων,
1108 2349 1236 2411 τοὺς
1291 2345 1651 2409 διδασκάλους
1690 2344 1869 2402 αὐτῶν
1914 2343 2008 2399 αἰ-

351 2444 610 2509 νίττεται,
652 2441 777 2516 περὶ
808 2442 883 2496 ὦν
915 2433 1113 2517 ἔγραφε
1144 2437 1324 2512 λὲγειν
1384 2436 1602 2506 αὐτοὺς,
1650 2460 1679 2488 ι(
1712 2434 1856 2509 Ἐγὼ
1917 2435 2011 2507 μὲν

347 2534 465 2606 εἰμι
496 2531 746 2599 Παύλου,
778 2530 891 2608 ἐγὼ
922 2527 980 2586 ὀὶ
1006 2525 1300 2598 Ἀπολλὼ,
1329 2525 1442 2603 ἇγὼ
1472 2523 1530 2581 δὲ
1557 2529 1744 2604 Κηφᾶ,
1776 2547 1806 2576 ››
1839 2522 1893 2579 οἳ
1918 2522 2007 2578 καὶ

347 2621 738 2698 κατεκυρίευον
772 2619 971 2677 αὐτῶν.

423 2820 555 2877 Ὅτι
613 2818 642 2873 6
701 2814 831 2877 Θεὸς
884 2815 912 2870 6
972 2813 1142 2869 εἰπὼν
1199 2811 1260 2868 ἐκ
1311 2811 1541 2872 σκότους
1599 2813 1715 2887 φῶς
1771 2806 2012 2882 λάμψαι,

351 2910 414 2972 ὃς
469 2906 719 2981 ἔλαμψεν
774 2903 828 2958 ἐν
880 2907 1002 2965 ταῖς
1058 2899 1285 2975 καρδίας
1342 2902 1527 2975 ἡμῶν,
1622 2898 1758 2973 πρὸς
1839 2918 2015 2973 φωτι-

357 2999 496 3073 σμὸν
528 3004 628 3067 τῆς
667 2995 922 3071 γνώσεως
974 2999 1074 3062 τῆς
1137 2989 1299 3062 δόξης
1363 2994 1462 3046 τοῦ
1518 2992 1674 3059 Θεοῦ,
1734 2987 1788 3044 ἐν
1845 3007 2015 3064 προσ-

359 3090 501 3161 ώπῳ
533 3089 713 3158 Ἰησοῦ
745 3087 1009 3159 Χριστοῦ.

2112 577 2180 617 ac
2200 562 2444 619 odorem
2468 565 2844 638 cognitionis.
2869 589 2897 617 η
2922 597 2985 608 -
3021 590 3047 618 ‹‹
3068 568 3363 642 Evangelii
3380 569 3582 641 gloria:
3605 570 3767 626 Chri-

2112 653 2206 707 sti.
2235 676 2261 701 »
2287 653 2485 709 Gloria
2511 654 2671 709 enim
2696 656 2910 710 Christi
2944 662 3034 711 est
3062 657 3464 731 Evangelium.
3498 659 3766 716 Christus

2110 741 2407 812 siquidem
2455 744 2883 817 gloriﬁcandus
2932 754 3022 801 est
3069 747 3141 802 ob
3191 748 3548 805 innumera:
3604 750 3766 822 quod

2109 834 2413 894 creaverit.
2450 834 2607 905 quod
2640 842 2839 891 creata
2868 843 3196 901 conservet,
3230 839 3388 909 quod
3447 842 3651 895 omnia
3677 842 3766 913 gi-

2109 928 2251 992 gnat
2280 938 2349 977 ae
2379 923 2653 990 Viviflcet,
2688 924 2946 980 maxime
2976 932 3171 980 autem
3205 934 3446 997 propter
3504 946 3763 998 crucem,

2112 1012 2283 1082 cujus
2304 1027 2479 1082 preco
2502 1019 2595 1068 est
2627 1013 3025 1086 Evangelium.
3054 1037 3080 1065 ι(
3106 1015 3214 1079 Qui
3247 1022 3337 1070 est
3361 1017 3553 1089 imago
3586 1020 3706 1073 Dei.
3736 1040 3765 1069 η

2110 1099 2414 1170 Tanquam
2449 1101 2510 1156 in
2551 1108 2897 1157 transcursu
2925 1103 3090 1168 dicit,
3116 1103 3258 1174 quid
3291 1105 3367 1159 sit
3396 1106 3554 1175 quod
3577 1108 3767 1163 Evan-

2111 1187 2332 1259 gelium
2355 1196 2629 1262 contegat
2653 1191 3019 1247 incredulis:
3051 1192 3217 1258 Quod
3250 1195 3404 1249 Deus
3436 1195 3531 1264 sit,
3551 1195 3769 1268 inquit,

2112 1276 2213 1347 qui
2237 1278 2555 1334 cruciﬁxus
2579 1286 2686 1335 est.
2720 1282 2864 1335 Nam
2895 1280 3090 1353 imago
3123 1283 3313 1338 Patris
3337 1290 3426 1338 est
3450 1301 3555 1354 per
3570 1286 3774 1341 omnia

2111 1365 2165 1419 ei
2197 1366 2431 1422 similis.
2465 1368 2613 1433 Quia
2644 1370 2804 1424 enim
2837 1370 2999 1424 novit
3027 1371 3346 1442 Apostolus
3377 1372 3495 1427 dici
3557 1373 3774 1447 imagi—

2111 1469 2247 1509 nem
2283 1455 2440 1525 quod
2471 1473 2576 1528 per
2606 1458 2809 1514 omnia
2847 1459 3075 1530 aequale
3127 1466 3217 1515 est
3264 1477 3331 1515 ac
3373 1461 3588 1529 simile,
3642 1464 3771 1520 vide

2111 1542 2270 1613 quod
2299 1544 2440 1599 alibi
2475 1546 2669 1601 dicat:
2706 1570 2733 1598 «
2767 1548 3046 1604 Umbram
3076 1551 3236 1605 enim
3278 1550 3508 1606 habens
3539 1551 3636 1607 lex
3667 1552 3772 1608 fu-

2114 1636 2383 1688 turorum
2407 1633 2720 1702 bonorum,
2746 1654 2866 1692 non
2890 1638 3076 1709 ipsam
3104 1640 3640 1713 rerumimaginem
3658 1642 3722 1696 ³⁸.
3741 1662 3767 1695 ι

2109 1719 2443 1793 Imaginem
2502 1725 2605 1780 Dei
2658 1726 3019 1798 appellando
3105 1728 3426 1798 Christum,
3488 1736 3776 1801 tanquam

2112 1811 2296 1866 Deum
2329 1812 2399 1867 de
2420 1814 2560 1883 Deo,
2583 1815 2879 1886 siquidem
2908 1816 2968 1871 in
2995 1833 3055 1871 se
3082 1816 3207 1889 ipso
3233 1818 3493 1874 ostendit
3513 1820 3773 1890 Patrem,

2114 1900 2248 1956 ideo
2280 1902 2408 1957 ait:
2446 1924 2466 1952 ι
2499 1904 2607 1970 Qui
2668 1905 2813 1960 vidit
2870 1923 2988 1970 me,
3050 1906 3192 1961 vidit
3242 1908 3475 1963 Patrem
3526 1907 3592 1963 ³⁵.
3647 1932 3675 1958 ››
3706 1937 3777 1952 ---

2115 2012 2144 2040 ‹‹
2181 1992 2307 2046 Non
2339 1992 2499 2048 enim
2530 1994 2808 2066 nosipsos
2860 1995 3277 2068 praedicamus.
3314 2018 3341 2046 ››
3375 1997 3657 2069 Superius
3691 1998 3779 2053 di-

2114 2079 2237 2134 xit:
2281 2102 2309 2129 ‹‹
2343 2082 2470 2137 Non
2521 2089 2826 2139 versantes
2866 2101 2972 2156 per
3019 2085 3321 2154 astutiam,
3381 2103 3577 2157 neque
3636 2088 3775 2144 dolo

2110 2176 2438 2228 tractantes
2492 2174 2737 2231 verbum
2773 2177 2896 2234 Dei.
2935 2199 2961 2226 »
3020 2177 3326 2242 Quomodo
3352 2178 3380 2232 ‘l
3428 2204 3453 2228 «
3486 2180 3634 2244 Quia
3662 2197 3774 2236 nos

2117 2259 2279 2331 ipsos
2310 2278 2430 2317 non
2459 2262 2877 2334 praadicamus,
2940 2264 3043 2321 sed
3084 2266 3383 2322 Christum
3431 2268 3773 2336 Dominum,

2117 2365 2226 2405 nos
2257 2350 2418 2422 ipsos
2446 2358 2644 2408 autem
2678 2370 2875 2408 servos
2919 2360 3145 2411 vestros
3197 2362 3441 2428 propter
3485 2358 3706 2413 Jesum.
3743 2380 3773 2409 ››

2119 2439 2239 2494 Hoc
2268 2456 2403 2495 vero
2436 2440 2661 2509 dicens,
2709 2444 2975 2514 ipsorum
3033 2444 3305 2517 designat
3356 2453 3773 2518 praeceptores,

2118 2527 2191 2583 de
2222 2529 2439 2600 quibus
2472 2532 2711 2604 scripsit
2738 2534 3077 2597 Corinthios
3124 2535 3363 2591 dicere:
3417 2558 3445 2588 ‹‹
3480 2537 3594 2610 Ego
3642 2540 3776 2609 qui-

2118 2634 2254 2690 dem
2286 2653 2417 2692 sum
2449 2638 2637 2703 Pauli,
2674 2655 2780 2707 ego
2812 2647 3011 2696 autem
3050 2641 3287 2713 Apollo,
3338 2659 3444 2715 ego
3496 2661 3633 2699 vero
3676 2645 3779 2700 Ce-

2119 2726 2254 2796 phm
2282 2724 2351 2793 ³⁷,
2384 2748 2412 2776 ››
2444 2727 2547 2799 qui
2580 2730 2759 2785 etiam
2792 2730 3261 2788 dominabantur
3284 2733 3393 2789 eis.

2192 2835 2284 2903 ιν,
2317 2837 2370 2890 6.
2403 2837 2434 2890 3
2466 2837 2740 2901 Quoniam
2773 2843 2913 2894 Deus
2970 2841 3069 2909 qui
3108 2840 3280 2909 jussit
3332 2856 3360 2894 e
3408 2842 3641 2897 tenebris
3697 2842 3781 2897 lu-

2122 2941 2236 2980 cem
2263 2925 2595 2984 illucescere.
2630 2934 2709 2983 est
2764 2930 2831 2992 is,
2883 2926 2985 2997 qui
3029 2929 3223 2984 illuxit
3269 2931 3327 2983 in
3370 2930 3625 2985 cordibus
3669 2945 3779 2986 non

2120 3015 2251 3068 stris
2300 3014 2376 3068 ad
2428 3013 2891 3071 illum=‘nationem
2946 3018 3280 3087 cognitionis
3335 3018 3528 3087 gloria:
3570 3019 3666 3073 Dei
3711 3020 3778 3075 in

2120 3104 2267 3170 facie
2292 3103 2419 3157 Jesu
2450 3103 2675 3159 Christi.

443 3250 540 3305 Διὰ
563 3248 819 3324 τίλέγεις
879 3246 1071 3301 σαυτὸν
1118 3241 1319 3300 δοῦλον
1364 3245 1563 3315 ἡμῶν;
1614 3240 1767 3320 φησί.
1820 3240 2011 3308 Διατίς

2196 3236 2385 3301 Quare
2416 3237 2671 3309 teipsum
2704 3237 2853 3295 dicis
2884 3256 3114 3295 servum
3171 3246 3441 3295 nostrum
3464 3240 3492 3295 ‘?
3543 3240 3780 3306 Quare?

363 3341 491 3398 ’Ὁτι
522 3336 824 3412 πεφίλησθε
852 3336 998 3411 παρά
1027 3338 1126 3390 τοῦ
1186 3336 1321 3388 Θεοῦ
1374 3352 1500 3403 μου.
1551 3328 1728 3391 Αὐτὸς
1772 3329 1876 3405 γὰρ
1906 3329 1932 3382 ό
1959 3324 2014 3384 ἰν

360 3428 512 3505 ἀρχῇ
542 3436 642 3497 τῆς
670 3427 900 3487 κτίσεως
941 3424 1132 3492 εἰπὼν,
1181 3422 1291 3477 ἀπὸ
1343 3421 1569 3483 σκότους
1614 3417 1830 3492 λάμψαι
1878 3422 2016 3497 φῶς,

357 3517 418 3581 ὅς
448 3515 692 3593 1ἔλαμψε,
721 3513 1020 3583 τουτέστιν,
1078 3511 1244 3576 οὗτος
1296 3506 1539 3585 ἔλαμψεν
1599 3508 1650 3564 ἐν
1708 3513 1830 3570 ταῖς
1885 3526 2017 3582 καρ-

358 3606 504 3672 δίαις
531 3610 719 3680 ἡμῶν.
760 3604 1019 3678 Ἔλαμψε
1075 3600 1153 3672 δὲ,
1212 3600 1368 3680 φησὶ,
1428 3598 1678 3678 φωτίζων
1736 3600 1872 3671 ἡμῖν
1926 3594 2019 3651 καὶ

357 3696 748 3756 ἀποκαλύπτον
806 3697 909 3766 τήν
972 3692 1112 3749 ἰδίαν
1198 3695 1400 3769 γνῶσιν
1458 3690 1550 3745 καὶ
1607 3685 1787 3759 δόξαν.
1848 3712 1877 3739 ‹‹
1931 3692 2017 3744 Ἐν

359 3787 650 3864 προσώπῳ
678 3789 868 3857 Ἰησοῦ
897 3786 1161 3859 Χριστοῦ,
1195 3804 1224 3833 ››
1254 3778 1539 3845 Τουτέστι,
1575 3775 1665 3832 διὰ
1694 3781 1793 3833 τοῦ
1849 3797 2019 3850 προσ-

363 3880 521 3934 ώπου
548 3880 649 3932 τοῦ
679 3876 933 3951 Χριστοῦ.
981 3875 1080 3928 Διὰ
1140 3870 1243 3946 γὰρ
1300 3872 1397 3924 τοῦ
1455 3869 1585 3923 Υἱοῦ
1651 3868 1786 3939 ἡμῖν
1818 3867 1856 3936 ἡ
1888 3863 2023 3936 ἀλη-

361 3970 464 4038 θὴς
493 3970 696 4043 γνῶσις
726 3968 825 4020 τοῦ
861 3962 1092 4038 ΙΙατρὸς,
1123 3960 1305 4024 καθὼς
1336 3957 1497 4019 αὐτὸς
1545 3954 1699 4033 λέγει
1751 3954 1804 4011 ἐν
1846 3954 2021 4043 Eiian

368 4042 582 4130 γελὶοις
648 4053 788 4130 πρὸς
841 4053 934 4109 τὸν
997 4050 1228 4125 Πατέρα,
1291 4071 1319 4100 ‹‹
1379 4045 1730 4124 Ἐφανέρωσά
1812 4064 1909 4098 σου
1962 4042 2025 4098 τὸ

370 4142 546 4218 ὄνομα
573 4149 691 4205 τοῖς
720 4140 1033 4214 ἀνθρώποις
1061 4139 1154 4195 καὶ
1183 4135 1410 4207 ἐδόξασά
1459 4157 1516 4190 σε
1546 4132 1634 4190 ἰπί
1685 4140 1787 4203 τῆς
1837 4140 1960 4209 γῆς.
1996 4156 2027 4185 ››

372 4236 473 4294 Καὶ
512 4232 824 4311 ἐφανερώθη
862 4233 1001 4304 ἡμῖν
1058 4226 1147 4284 διὰ
1209 4230 1417 4296 Ἰησοῦ.
1472 4227 1593 4280 Ὅτι
1648 4222 1759 4279 ἔστι
1818 4224 2029 4298 Πατὴρ,

364 4324 459 4381 καὶ
493 4323 578 4379 δτι
609 4320 673 4378 οὗ
733 4318 823 4377 διὰ
869 4320 1100 4388 κνίσσης
1153 4314 1246 4372 καὶ
1304 4315 1553 4387 αἱμάτων
1612 4317 2031 4387 προσκυνεῖσθαι

370 4410 656 4490 βούλεται,
687 4410 778 4465 καὶ
810 4407 894 4464 ὅτι
924 4407 975 4463 ἐν
1010 4401 1209 4481 Τριάδι
1273 4403 1555 4490 ὁμοουσίῳ
1579 4401 1687 4490 καί,
1718 4397 2033 4490 ίσοδυνᾷμῳ

370 4488 726 4577 θρησκεόεται
758 4497 908 4558 Θεός.
958 4496 1118 4554 “Ὀθεν
1177 4496 1267 4548 καὶ
1330 4488 1579 4565 μεγάλης
1636 4488 1850 4563 εἴρηται
1911 4488 2036 4562 βου-

2124 3325 2271 3391 Quia
2292 3327 2475 3382 amati
2496 3327 2881 3399 estis,inquit,
2897 3345 2931 3384 a
2952 3330 3068 3384 Deo
3093 3331 3384 3401 meolpse
3403 3330 3564 3386 enim
3588 3331 3689 3401 qui
3706 3329 3780 3386 ab

2125 3414 2297 3469 initio
2315 3415 2496 3486 jussit
2518 3421 2635 3472 uta
2661 3417 2925 3473 tenebris
2945 3417 3045 3474 lux
3062 3418 3460 3486 illucesceret,
3493 3424 3582 3474 est
3605 3419 3654 3473 is
3676 3418 3781 3489 qui

2128 3505 2342 3566 illuxit.
2378 3506 2489 3562 hoc
2515 3513 2624 3575 est,
2656 3507 2753 3563 hic
2785 3508 2980 3565 illuxit
3009 3509 3069 3563 iu
3100 3508 3379 3566 cordibus
3397 3509 3781 3566 nostris.lllu-

2128 3595 2214 3649 xit
2242 3601 2442 3652 autem
2476 3596 2825 3654 illuminans
2846 3614 2977 3660 nos.
2998 3615 3065 3654 ac
3091 3599 3365 3656 revelaus
3398 3599 3490 3654 sui
3516 3599 3794 3655 notitiam

2130 3689 2185 3739 et
2211 3684 2484 3756 gloriam.
2518 3708 2544 3736 «
2579 3687 2646 3741 In
2678 3685 2827 3743 facie
2857 3688 2994 3744 Jesu
3024 3689 3259 3744 Christi.
3297 3710 3323 3738 »
3386 3688 3504 3743 Hoc
3537 3693 3645 3745 est.
3680 3703 3792 3760 per

2129 3771 2343 3828 faciem
2374 3774 2603 3830 Christi.
2643 3777 2787 3831 Nam
2819 3793 2926 3848 per
2951 3777 3165 3832 Filium
3217 3777 3557 3849 accepimus
3587 3792 3791 3832 veram

2133 3862 2323 3918 Patris
2356 3863 2779 3935 cognitionem,
2814 3865 3324 3937 quemadmodum
3370 3866 3497 3937 ipse
3546 3864 3693 3920 dicit
3733 3865 3798 3922 in

2134 3950 2467 4024 Evangeliis
2498 3951 2753 4024 loquens
2784 3953 2859 4009 ad
2908 3955 3144 4009 Patrem
3172 3972 3184 4008 :
3223 3976 3247 4004 α
3282 3953 3646 4009 Manifestavi
3680 3970 3791 4009 no-

2137 4056 2274 4096 men
2305 4046 2475 4095 tuum
2507 4042 2875 4111 hominibus,
2909 4049 2968 4099 et
2995 4043 3320 4117 gloriﬁcavi
3352 4050 3409 4099 te
3458 4060 3638 4115 super
3666 4049 3790 4100 ter-

2137 4147 2266 4186 ram
2286 4130 2349 4184 ³⁷.
2372 4154 2400 4180 ››
2426 4131 2573 4188 627
2602 4134 2672 4187 Et
2693 4133 3138 4189 manifestatum
3166 4139 3256 4190 est
3277 4133 3449 4189 nobis
3467 4151 3574 4206 per
3596 4135 3798 4189 Jesum

2140 4220 2299 4292 quod
2330 4220 2406 4276 sit
2434 4222 2629 4289 Pater,
2664 4229 2721 4278 et
2750 4223 2910 4295 quod
2938 4240 3057 4279 non
3099 4224 3236 4278 velit
3284 4223 3494 4279 nidore
3546 4240 3614 4280 ac
3661 4240 3804 4280 san-

2139 4311 2319 4383 guine
2346 4309 2581 4366 adorari
2631 4318 2732 4367 aut
2780 4312 3027 4384 placari,
3075 4313 3357 4385 quodque
3406 4313 3467 4368 in
3516 4312 3801 4368 Trinitate

2143 4398 2412 4472 ejusdem
2471 4402 2746 4457 essentia)
2805 4401 3195 4474 ejusdemque
3245 4402 3529 4475 potentias
3587 4401 3806 4460 colitur

2146 4494 2300 4544 Deus
2357 4490 2518 4546 Unde
2551 4491 2728 4546 etiam
2765 4491 2958 4548 dictus
2989 4499 3079 4548 est
3108 4492 3307 4566 magni
3340 4492 3574 4548 consilii
3606 4500 3803 4564 Ange-

371 4575 481 4660 λῆς
512 4587 809 4665 Ἄγγελος.
844 4611 872 4640 ‹‹
910 4584 1051 4659 Πρὸς
1081 4581 1362 4659 φωτισμὸν
1390 4585 1491 4649 τῆς
1520 4578 1798 4651 γνώσεως.
1836 4601 1865 4629 ››
1894 4578 2015 4651 "Op;

2145 4578 2237 4633 lus
2273 4578 2342 4636 ³⁸.
2393 4602 2421 4629 ‹‹
2455 4580 2540 4635 Ad
2598 4580 3102 4637 illuminationem
3162 4584 3541 4656 cognitionis.
3576 4602 3604 4632 »
3655 4580 3799 4635 Vide

368 4686 474 4750 τῆς
506 4678 665 4755 ἁγίας
684 4673 912 4751 Τριάδος
943 4674 1006 4730 τὸ
1032 4673 1175 4746 ἀπαρ
1189 4668 1459 4727 ίλλακτον
1489 4667 1580 4722 καὶ
1612 4666 1882 4740 ὁμότιμον
1914 4670 2032 4728 πῶς

369 4771 400 4825 6
442 4766 659 4830 Παῦλος
688 4764 875 4837 δηλοῖ,
909 4767 1038 4824 Φῶς
1071 4761 1162 4816 καὶ
1196 4765 1324 4821 Φῶς
1354 4757 1446 4813 καὶ
1478 4760 1606 4817 Φῶς
1638 4755 1872 4818 καλέσας
1929 4756 2029 4824 τήν

371 4858 526 4934 ἁιίαν
574 4852 808 4932 Τριάδα.
867 4855 1017 4910 ’Άνω
1073 4849 1202 4925 περὶ
1264 4846 1581 4921 Πνεόματος
1638 4843 1814 4921 λέγων
1874 4846 2032 4925 φησί,

377 4973 407 5003 ‹‹
432 4950 549 5017 Τὴν
582 4945 764 5020 δόξαν,
796 4946 911 5001 οἷον
949 4944 1013 4998 τὸ
1081 4944 1196 5019 φῶς
1262 4936 1469 5013 Κυρίου
1515 4937 2029 5010 κατοπτριζόμενοι,

375 5039 477 5106 τὴν
528 5036 697 5105 αὐτὴν
750 5033 931 5091 εἰκόνα
1001 5026 1519 5106 μεταμορφούμεθα.
1578 5048 1607 5077 ››
1671 5024 1844 5079 Πάλιν
1907 5025 2033 5099 περὶ

373 5131 476 5183 τοῦ
504 5126 656 5195 Υἳοῦ,
687 5149 715 5177 ιι
750 5122 847 5185 Εἲς
877 5123 941 5177 τὸ
990 5120 1066 5193 μὴ
1117 5117 1344 5191 αὐγάσαι
1393 5113 1577 5176 αὐτοῖς
1615 5113 1708 5168 τὸν
1749 5115 2030 5191 φωτισμὸν

369 5220 474 5274 τοῦ
505 5211 849 5289 Εὐαγγελίου
876 5216 977 5279 τῆς
1010 5206 1172 5279 δόξης
1220 5210 1318 5262 τοῦ
1371 5204 1630 5279 Χριστοῦ.
1671 5226 1699 5255 ››
1749 5207 1862 5259 Νῦν
1907 5204 2029 5277 περὶ

367 5311 473 5365 τοῦ
514 5304 727 5381 Πατρός
783 5322 942 5375 φησι.
1010 5321 1032 5351 ι
1098 5297 1237 5375 ΙΙρὸς
1296 5294 1576 5374 φωτισμὸν
1632 5296 1735 5359 τῆς
1786 5293 2037 5370 γνώσεως

371 5403 479 5469 τῆς
511 5393 672 5466 δόξης
700 5396 799 5450 τοῦ
831 5395 989 5449 Θεοῦ.
1027 5414 1048 5441 ι

443 5586 494 5623 ⁸³
523 5585 545 5642 l
574 5586 707 5642 Cor.
741 5598 864 5642 xui.
901 5584 985 5637 12.
1080 5578 1126 5614 ³³
1156 5578 1207 5634 lI
1236 5577 1368 5633 Cor.
1402 5591 1442 5642 ι,
1474 5577 1565 5632 22.

375 5657 426 5695 ³³
454 5657 568 5714 lsa.
600 5672 678 5721 ix,
711 5657 763 5713 6.
839 5651 887 5689 δ’
916 5652 937 5708 Ι
967 5651 1100 5707 Cor.
1132 5665 1256 5720 xui,
1292 5648 1378 5703 12.

1659 5570 1708 5609 ⁸⁸
1736 5573 1911 5633 Hebr.
1945 5589 2000 5645 ι,
2034 5578 2087 5634 1.

2142 4667 2439 4739 quomodo
2471 4669 2692 4724 Paulus
2724 4675 2943 4725 sanctae
2965 4672 3271 4727 Trinitatis
3293 4669 3700 4727 omnimodam
3726 4670 3801 4724 si-

2142 4758 2545 4814 militudinem
2579 4758 2975 4830 eumdemque
3006 4759 3296 4816 honorem
3330 4760 3803 4826 manifestet,vo-

2141 4864 2284 4903 cans
2314 4853 2581 4903 sanctam
2612 4848 2961 4903 Trinitatem
2989 4848 3227 4912 Lucem,
3260 4849 3496 4914 Lucem,
3558 4847 3799 4903 Lucem.

2143 4937 2422 5010 Superius
2453 4936 2525 4992 de
2584 4936 2802 5008 Spiritu
2865 4938 3152 5009 loquens:
3201 4961 3229 4989 «
3265 4938 3546 5005 Gloriam,
3601 4935 3801 5008 inquit

2141 5029 2274 5100 (hoc
2305 5031 2415 5095 est,
2447 5025 2641 5081 lucem
2675 5025 2955 5099 Domini),
3000 5026 3060 5081 in
3118 5026 3360 5098 speculo
3408 5025 3679 5082 videntes
3728 5023 3805 5080 ad

2142 5115 2410 5173 eamdem
2435 5115 2757 5187 imaginem
2782 5115 3279 5171 transformamur
3297 5115 3363 5170 ³⁸³.
3392 5138 3416 5164 η
3444 5118 3703 5173 Rursum
3727 5115 3800 5171 de

2142 5205 2317 5261 Filio:
2344 5228 2371 5255 ‹‹
2393 5206 2473 5260 Ne
2497 5204 2870 5260 illucesceret
2889 5204 3008 5259 illis
3034 5205 3238 5261 lumen
3260 5206 3563 5278 Evangelii
3595 5205 3802 5277 gloria

2142 5295 2376 5350 Christi.
2410 5316 2437 5345 ››
2474 5296 2639 5350 Nunc
2669 5295 2741 5349 de
2774 5296 2943 5350 Patre
2975 5295 3059 5350 ait
3086 5312 3099 5351 :
3125 5317 3154 5346 «
3187 5295 3802 5352 Adilluminationem

2143 5387 2503 5461 cognitionis
2532 5385 2736 5461 gloriae
2769 5388 2873 5443 Dei
2929 5410 2957 5438 »

2748 5575 2795 5613 ⁸⁸
2824 5576 2849 5631 Ι
2877 5576 3008 5634 Cor.
3043 5593 3084 5643 ι,
3116 5578 3207 5634 42.

2178 5575 2225 5612 ⁸⁸
2254 5576 2421 5634 Joan.
2448 5592 2563 5645 ιιν,
2597 5578 2652 5631 9.
2748 5575 2795 5613 ⁸⁸
2824 5576 2849 5631 Ι
2877 5576 3008 5634 Cor.
3043 5593 3084 5643 ι,
3116 5578 3207 5634 42.
3304 5575 3352 5612 ⁸⁷
3378 5576 3546 5633 Joan.
3577 5583 3711 5647 mi,
3747 5577 3801 5629 5-
