4080 6378
311 366 433 425 963

963 489 1199 545 CAPUT
1229 490 1321 543 Vl.

311 588 389 642 De
418 584 742 654 inﬁmitate
771 582 945 653 juxta
993 595 1190 651 corpus
1249 584 1301 634 et
1337 581 1581 649 rorporis
1630 576 1968 647 depositione

782 654 1060 724 plenoque
1088 654 1478 721 resumplione.

380 748 475 811 IV,
507 746 653 799 7-10.
690 744 964 797 Habemus
998 747 1178 795 autem
1214 741 1530 795 thesaurum
1562 739 1704 793 hunc
1734 739 1795 791 in
1824 736 1969 790 vasis

306 837 573 901 testaceis,
604 839 665 887 ut
694 832 922 885 virtutis
952 828 1256 883 eminentia
1298 834 1371 882 ειε
1428 828 1521 881 Dei
1549 832 1600 880 et
1627 842 1739 880 non
1767 841 1836 879 ea:
1864 837 1964 877 no-

309 922 388 976 bis
409 939 427 975 :
461 921 590 975 dum
612 918 673 973 in
705 920 957 972 omnibus
976 914 1307 985 premimur,
1337 920 1397 968 ut
1427 929 1536 968 non
1567 913 1730 967 anxii
1775 910 1965 965 reddi-

304 1026 468 1065 mur:
504 1010 786 1073 haeremus,
820 1012 877 1060 at
922 1021 1034 1059 non
1081 1002 1492 1074 deprimimur:
1534 999 1966 1073 persecutionem

302 1100 577 1171 patimur,
612 1104 670 1152 at
698 1112 810 1151 non
842 1098 899 1149 in
932 1112 994 1149 ea
1025 1095 1328 1149 deserimur
1359 1110 1376 1146 :
1408 1093 1725 1162 dejicimur,
1771 1096 1830 1145 at
1857 1105 1968 1144 non

294 1191 546 1261 perimus
574 1205 592 1242 :
649 1202 861 1255 semper
906 1184 1389 1251 mortiﬁrationem
1438 1181 1656 1235 Domini
1705 1181 1833 1234 Jesu
1908 1179 1967 1231 in

304 1294 534 1349 corpore
578 1276 1042 1343 circumferentes,
1095 1278 1158 1325 ut
1206 1279 1256 1326 et
1294 1270 1415 1326 vita
1459 1272 1587 1325 Jesu
1628 1271 1689 1323 in
1738 1282 1968 1339 corpore

305 1377 489 1426 nostro
518 1371 928 1437 manifestetur.

378 1552 567 1608 Etiam
591 1567 721 1622 quae
745 1566 905 1604 nunc
937 1554 1244 1619 ponuntur
1273 1545 1703 1617 consequentia
1731 1548 1874 1600 sunt
1891 1542 1967 1599 ad

306 1658 376 1699 ea
406 1659 539 1713 qua)
572 1640 847 1712 superius
878 1638 1249 1693 dicebantur.
1282 1638 1572 1702 Quoniam
1606 1635 1963 1704 nos,inquit,

308 1731 563 1803 apostoli
583 1746 789 1785 sumus
814 1727 1252 1799 prmdicatiouis
1270 1726 1552 1789 ministri,
1578 1741 1709 1779 cum
1737 1723 1964 1795 indigni

310 1828 473 1877 tanta
504 1822 631 1892 ejus
662 1819 851 1893 gloria
881 1818 1088 1883 simus,
1132 1824 1411 1887 tanquam
1471 1832 1682 1870 aurum
1714 1816 1775 1868 in
1811 1814 1965 1869 vasis

311 1910 585 1966 testaceis
611 1909 892 1964 ferentes.
928 1929 955 1956 ‹‹
990 1909 1060 1961 Et
1084 1923 1203 1962 non
1237 1923 1305 1961 ex
1336 1904 1529 1960 nobis.
1564 1928 1592 1955 »
1633 1905 1702 1959 Ut
1739 1904 1963 1969 nullus,

308 2000 525 2071 inquit,
560 1998 670 2054 sibi
704 1998 816 2063 ipsi
853 2003 1134 2067 tanquam
1166 1996 1343 2069 digno
1378 1995 1598 2051 tribuat
1623 1994 1781 2064 quod
1807 2009 1967 2049 acce-

309 2088 481 2160 perit.
521 2086 622 2142 sed
657 2092 843 2140 totum
879 2085 979 2139 Dei
1013 2085 1089 2139 sit
1117 2083 1399 2156 potentias
1464 2086 1561 2154 qui
1614 2082 1830 2138 idonea
1861 2083 1963 2136 ba-

303 2176 433 2233 buit
462 2192 596 2231 vasa
629 2181 885 2230 testacea
915 2175 988 2229 ad
1019 2175 1147 2229 auri
1180 2173 1638 2245 susceptionem.
1679 2196 1704 2223 ‹‹
1729 2172 1881 2227 Dum
1903 2171 1966 2227 in

304 2267 583 2322 omnibus
616 2265 962 2337 premimur.
998 2288 1027 2314 »
1059 2264 1241 2330 Adeo,
1276 2263 1493 2334 inquit.
1528 2268 1717 2317 totum
1750 2268 1841 2317 est
1860 2279 1963 2333 po-

304 2357 507 2412 tentiae
538 2354 661 2411 Dei.
696 2354 855 2425 quod
889 2354 1027 2409 licet
1059 2354 1296 2408 testacei
1323 2352 1527 2409 simus.
1563 2351 1717 2408 628
1749 2352 1811 2407 in
1836 2357 1966 2407 tan-

304 2446 500 2517 tisque
514 2445 986 2516 circumagamur
1005 2442 1432 2499 tentationibus
1447 2441 1962 2517 etafﬂictionibus,

307 2551 428 2590 non
451 2533 801 2605 frangimur.
836 2549 947 2587 nec
980 2531 1285 2603 perdimus
1314 2547 1449 2585 eum
1480 2531 1580 2602 qui
1601 2531 1661 2585 in
1688 2530 1862 2587 nobis
1877 2534 1968 2585 est

311 2623 676 2679 thesaurum.
711 2624 776 2676 In
811 2621 1114 2679 omnibus.
1136 2620 1350 2691 inquit,
1370 2625 1428 2675 et
1451 2619 1595 2674 locis
1615 2619 1965 2691 etnegotiis.

312 2717 457 2772 Eum
490 2732 626 2771 vero
657 2714 756 2786 qui
788 2712 1081 2784 premitur
1128 2729 1248 2768 non
1298 2712 1524 2768 anxiari
1573 2717 1675 2767 aut
1721 2712 1964 2766 anxium

307 2805 504 2868 reddi,
538 2810 628 2860 est
659 2804 760 2858 Dei
793 2803 1014 2876 gratim.
1051 2828 1076 2851 υ
1112 2802 1437 2857 Haeremus.
1468 2823 1495 2851 »
1516 2801 1733 2856 Incerti
1758 2817 1965 2856 sumus

308 2895 451 2967 quid
486 2895 680 2951 facere
712 2898 983 2965 oporteat
1012 2893 1084 2948 ad
1117 2892 1338 2949 bellum
1372 2909 1440 2948 ac
1482 2893 1963 2964 persecutionem

307 2986 574 3056 undique
607 2984 1054 3056 insurgentem:
1089 2988 1151 3038 at
1177 2999 1298 3037 non
1331 2983 1390 3039 in
1425 2988 1658 3038 tantum
1689 2988 1756 3037 ut
1785 2982 1966 3038 etiam

304 3076 731 3147 opprimamur,
765 3074 876 3129 hoc
908 3078 1017 3135 est.
1077 3078 1144 3127 ut
1188 3072 1470 3129 cedamus
1518 3089 1591 3131 ac
1631 3072 1960 3131 vincamur.

305 3187 335 3213 «
367 3163 849 3219 Persecutionem
882 3162 1163 3233 patimur.
1194 3185 1220 3210 »ι
1248 3165 1697 3234 Persequuntur
1718 3164 1958 3236 quidem

1434 350 1859 417 UECUMENII
1903 346 2210 414 TRICCuE
2257 356 2630 422 EPISCOPI.

2004 485 2051 551 Α

2000 1846 2043 1910 Β
2080 1809 2262 1882 ὥσπερ
2333 1813 2536 1887 χρυσὸν
2602 1811 2656 1868 ἒν
2727 1813 3068 1891 ὀστρακίνοις
3151 1814 3401 1895 φέροντες

3621 359 3739 422 964

2727 492 3086 561 ΚΕΦΑΛ.ς.

2080 572 2210 649 Περὶ
2240 581 2340 647 τῆς
2370 579 2509 656 κατὰ
2534 583 2694 656 σῶμα
2724 581 2997 656 ἀσθενείας
3037 581 3144 656 καὶλ
3177 585 3278 650 τῆς
3337 582 3433 636 τοῦ
3482 579 3740 656 σώματος

2425 651 2752 721 ἀποθέσεως,
2785 653 2876 708 καὶ
2917 651 3375 727 παναναλῆψεως.

2149 737 2392 812 Ἷιῖχομεν
2451 737 2509 796 δὶ
2568 744 2661 797 τὸν
2727 745 2997 815 θησαυρὸν
3082 741 3277 798 τοῦτον
3353 742 3407 796 ἐν
3488 741 3742 818 ὀστρακί-

2077 844 2194 885 νοις
2255 829 2515 896 σκεύεσιν,
2572 830 2665 886 ’ίνα
2722 835 2756 901 ἡ
2828 827 3108 907 ὑπερϐολὴ
3168 839 3269 901 τῆς
3356 829 3639 901 δυνάμεως
3707 829 3745 907 ᾔ

2076 917 2174 967 τοῦ
2206 920 2364 988 Θεοῦ,
2405 920 2494 974 καὶ
2562 921 2639 993 μὴ
2709 921 2760 991 ἐξ
2820 923 3001 994 tum
3062 921 3114 976 ἐν
3174 920 3331 977 παντὶ
3393 915 3740 996 θλιϐόμενοι,

2078 1000 2205 1059 ἀλλ’
2292 1006 2355 1061 ού
2456 1010 2985 1086 στενοχωρούμενοι·
3107 1010 3503 1087 ἀπορούμενοι,
3610 1006 3742 1064 ἀλλ’

2080 1092 2184 1148 οὐκ
2242 1093 2694 1172 ἐξαπορούμενοι·
2761 1097 3115 1172 διωκόμενοι,
3175 1097 3304 1155 αλλ’
3398 1098 3497 1153 οὐκ
3578 1096 3745 1175 ἐγκα-

2079 1181 2497 1259 ταλειπόμενοι·
2587 1183 3093 1262 καταϐαλλόμενοι,
3177 1185 3305 1245 ἀλλ’
3389 1188 3488 1243 ούκ
3565 1185 3744 1243 ἀπολ-

2080 1268 2327 1345 λύμενοι·
2392 1277 2627 1332 πάντοτε
2705 1280 2806 1348 τὴν
2863 1277 3127 1354 νέκρωσιν
3183 1282 3281 1333 τοῦ
3355 1275 3561 1353 Κυρίου
3620 1279 3744 1347 ’1η-

2077 1364 2173 1415 σοῦ
2231 1361 2283 1417 ἐν
2337 1369 2418 1434 τῷ
2477 1367 2693 1439 σώματι
2751 1367 3158 1445 περιφέροντες,
3215 1365 3308 1422 ἵνα
3365 1366 3457 1422 καὶ
3525 1368 3560 1437 ἢ
3622 1366 3738 1437 ζωὴ

2076 1455 2172 1506 τοῦ
2203 1454 2385 1524 Ἰησοῦ
2416 1453 2468 1510 ἐν
2495 1460 2576 1528 τῷ
2617 1458 2830 1532 σώματι
2860 1459 3023 1531 ἡμῶν
3058 1459 3368 1531 φανερωθῇ.

2150 1542 2455 1599 Ἀκόλουθα
2493 1549 2602 1601 τῶν
2634 1544 2747 1601 ἄνω
2786 1546 2878 1601 καὶ
2930 1546 2998 1602 τὰ
3046 1550 3159 1606 νῦν,
3215 1547 3339 1604 ’Ὁτι
3384 1547 3572 1620 ἡμεῖς,
3621 1566 3741 1625 φη-

2079 1630 2183 1699 civ,
2219 1632 2270 1686 οἱ
2301 1632 2631 1704 ἀπόστολοι,
2686 1632 2933 1691 διάκονοι
2992 1640 3090 1692 τοῦ
3147 1634 3505 1711 κηρύγματός
3554 1632 3740 1707 ἐσμεν,

2079 1719 2420 1792 ἀνάξιοιτῆς
2465 1723 2737 1795 τοσαύτης
2792 1724 2957 1780 αὐτοῦ
3016 1722 3178 1799 δόξης
3235 1725 3599 1804 ὑπάρχοντες,
3649 1723 3743 1779 καὶ

3506 1813 3741 1871 σκεύεσι.

2084 1900 2249 1957 «Καὶ
2313 1904 2391 1976 μὴ
2450 1902 2501 1974 ἐξ
2573 1904 2749 1977 ὑμῶν.
2788 1929 2815 1957 ι)
2871 1908 2984 1962 Ἵνα
3047 1904 3261 1980 μηδεὶς,
3320 1906 3504 1985 φησὶν,
3565 1905 3743 1977 ἑαυτῷ

2076 1988 2290 2063 ἀποδῷ,
2323 1991 2400 2054 ὡς
2431 1992 2563 2066 ἆξῖῳ
2596 1990 2867 2065 δέξασθαι,
2899 1994 3048 2051 ἀλλὰ
3087 1995 3152 2050 τὸ
3196 2000 3299 2050 πᾶν
3348 1992 3433 2066 εἴη
3488 2001 3589 2063 τῆς
3640 1997 3742 2049 τοῦ

2074 2084 2211 2134 Θεοῦ
2286 2078 2593 2155 δυνᾲμεως,
2663 2087 2761 2138 τοῦ
2866 2085 3237 2146 ἱκανώσωτος
3300 2084 3370 2139 τὰ
3448 2083 3745 2159 ὀστράκινα

2075 2169 2263 2241 σκεύη,
2298 2171 2374 2236 εἰς
2404 2173 2645 2252 χρυσίου
2676 2172 2986 2251 ὑποδοχήν.
3031 2200 3059 2228 ‹‹
3114 2178 3204 2232 Ἐν
3261 2174 3427 2231 παντὶ
3475 2168 3751 2249 θλιϐόμε-

2072 2281 2179 2320 νοι.
2214 2284 2241 2312 ››
2267 2261 2368 2318 Καὶ
2391 2267 2672 2333 τοσοῦτον,
2697 2264 2853 2342 φησὶ,
2874 2264 2944 2321 ’τὸ
2976 2272 3079 2321 πᾶν
3102 2264 3389 2340 δυνάμεώς
3435 2263 3550 2320 ἐστι
3581 2268 3741 2335 Θεοῦ,

2074 2349 2158 2406 ’ὁτι
2192 2350 2398 2406 καίτοι
2430 2351 2745 2425 ὀστράκινοι
2776 2348 2950 2417 ὄντες.
2991 2355 3078 2409 καὶ
3142 2354 3196 2409 ἐν
3254 2356 3541 2418 τοσούτοις
3586 2373 3743 2429 περι-

2075 2440 2433 2517 στρεφόμενοι
2466 2447 2814 2517 πειρασμοῖς,
2866 2443 2929 2499 ού
2974 2444 3305 2518 θραυόμεθα,
3354 2443 3443 2501 καὶ
3490 2441 3745 2499 ἀπόλλυ-

2077 2548 2172 2601 μεν
2201 2528 2295 2584 τὸν
2327 2528 2382 2585 ἰν
2413 2532 2551 2601 ἡμῖν
2581 2532 2877 2605 θησαυρόν.
2911 2535 3003 2588 Ἐν
3031 2533 3216 2602 παντὶ,
3250 2532 3408 2611 φησὶ,
3440 2532 3531 2587 γαὶ
3584 2532 3744 2605 τόπῳ

2084 2619 2175 2673 καὶ
2214 2620 2525 2695 πράγματι.
2559 2620 2638 2676 Τὸ
2671 2617 2729 2677 δὲ
2761 2621 2836 2693 μὴ
2872 2627 3330 2697 στενογωρεῖσθαι
3360 2621 3453 2677 τὸν
3475 2615 3746 2694 θλιϐόμε-

2074 2727 2165 2762 νον
2201 2712 2334 2763 Θεοῦ
2367 2708 2596 2783 χάριτός
2630 2707 2793 2766 ἐστιν.
2830 2733 2859 2761 ‹‹
2885 2710 3309 2786 Ἀπορούμενοι.
3336 2734 3365 2763 ››
3395 2710 3743 2786 Ἀπορούμε-

2072 2816 2178 2865 νοι,
2211 2796 2366 2875 φησὶ,
2398 2796 2450 2849 τί
2482 2800 2593 2872 χρὴ
2644 2803 2820 2853 ποιεῖν
2862 2800 2998 2873 πρὸς
3047 2800 3139 2855 τὸν
3197 2798 3258 2855 ἐκ
3298 2800 3518 2855 πάντων
3565 2797 3743 2856 πόλει·

2078 2906 2178 2957 μον
2209 2887 2301 2939 καὶ
2332 2882 2601 2961 διωγμὸν,
2633 2886 2763 2942 ἀλλ’
2794 2887 2896 2943 οὐκ
2924 2887 3012 2944 ἐπὶ
3062 2892 3344 2958 τοσοῦτον,
3401 2890 3540 2945 ὥστε
3584 2890 3741 2962 ἡμᾶς

2072 2974 2164 3029 καὶ
2195 2974 2624 3050 ἐξαπορηθῆναι,
2680 2978 2950 3046 τουτέστι,
3013 2984 3194 3034 πεσεῖν
3259 2979 3351 3033 καὶ
3408 2980 3735 3050 ἡττηθῆναι.

2083 3089 2111 3116 ‹‹
2147 3064 2504 3138 Διωκόμενοι.
2546 3091 2564 3114 ιο
2604 3066 2872 3121 Διώκουσι
2906 3068 3002 3140 μέν
3040 3068 3091 3123 o't
3141 3068 3444 3143 ἂνθρωποι,
3496 3069 3595 3124 οὐκ
3640 3064 3738 3141 ἑγσο

2075 3151 2482 3226 καταλιμπάνει
2522 3150 2577 3208 εὶ
2609 3155 2636 3208 ὁ
2679 3155 2828 3217 Θεός.
2863 3155 2941 3212 Οὐ
3000 3155 3108 3232 γὰρ
3151 3156 3289 3231 πρὸς
3344 3158 3509 3227 ἧτταν
3556 3159 3737 3228 ἡμῶν,

367 3214 390 3218 _
1248 3214 1270 3217 _
1302 3214 1683 3234 "vin"---
1724 3214 1958 3236 γαν--

306 3252 603 3319 homines,
637 3258 696 3307 at
726 3253 881 3307 Deus
906 3252 966 3306 in
1001 3268 1069 3307 ea
1100 3268 1220 3306 non
1272 3252 1512 3308 deserit.
1559 3254 1758 3324 Neque
1804 3254 1960 3310 enim

2078 3214 2386 3315 ἀλλὰπρὸς
2444 3239 2612 3296 πάλιν
2667 3243 2702 3311 ἡ
2766 3214 3145 3320 συγχώρησίς.
3197 3214 3236 3293 ἰ
3274 3214 3744 3317 ⁷Κοίτοιϐιιλλιεμε-;

304 3342 600 3412 permittit
653 3346 721 3395 ut
769 3341 1248 3405 succumbamus,
1299 3340 1402 3395 sed
1450 3346 1516 3396 ut
1561 3358 1965 3412 exerceamur.

302 3452 330 3479 «
360 3429 707 3501 Dejicimur.
748 3452 773 3476 ››
806 3430 876 3482 Et
905 3429 1063 3499 quod
1097 3428 1170 3483 ad
1202 3428 1700 3501 magnitudinem,
1742 3431 1964 3501 inquit.

302 3518 697 3574 afﬂictionum
743 3518 973 3585 attinet,
1017 3517 1145 3589 jam
1196 3517 1413 3588 dejecti
1457 3534 1701 3573 sumus:
1753 3525 1813 3574 at
1860 3520 1963 3574 Dei

302 3609 489 3679 gratia
520 3624 639 3661 non
672 3607 937 3679 perimus
965 3624 977 3660 :
1032 3607 1145 3661 hoc
1175 3612 1286 3671 est,
1320 3606 1381 3661 in
1413 3606 1707 3680 ambiguis
1730 3625 1795 3663 ac
1829 3625 1965 3679 per-

298 3695 490 3767 plexis
518 3695 695 3750 rebus
726 3700 961 3766 portum
992 3694 1199 3750 salutis
1262 3695 1623 3751 invenimus.
1658 3718 1687 3746 a
1720 3697 1967 3769 Semper

298 3785 821 3841 mortificationem
852 3784 1105 3840 Domini.
1138 3807 1163 3834 ››
1190 3783 1959 3858 Mortificationem,inquit,

298 3876 534 3932 Domini
572 3893 680 3932 nos
713 3892 949 3948 quoque.
979 3875 1203 3946 ubique
1236 3875 1736 3945 circumferimus,
1789 3882 1854 3931 ut
1896 3877 1960 3932 in

299 3964 426 4021 dies
457 3965 677 4037 ubique
709 3965 1056 4021 moriamur.
1092 3967 1256 4032 Nam,
1290 3967 1408 4020 «In
1441 3966 1569 4021 dies
1603 3966 1847 4029 morior,
1873 3966 1961 4021 in-

296 4055 445 4125 quit,
479 4070 587 4126 per
619 4060 868 4109 vestram
909 4054 1350 4127 gloriationem,
1411 4060 1479 4109 ut
1529 4055 1707 4110 etiam
1766 4070 1959 4109 resur-

292 4143 481 4199 rectio
516 4143 747 4198 Domini
781 4143 882 4198 ﬁat
914 4149 1055 4199 nota
1084 4160 1191 4215 per
1239 4162 1453 4217 corpus
1502 4150 1775 4200 nostrum
1823 4144 1887 4198 ‘0.
1927 4164 1956 4193 ››

296 4230 441 4284 Nam
494 4230 594 4300 qui
640 4231 1063 4287 resurrectioni
1119 4233 1347 4287 Domini
1397 4249 1517 4287 non
1559 4232 1768 4298 credit,
1819 4247 1955 4287 cum

294 4317 490 4373 videat
519 4335 628 4374 nos
660 4320 722 4374 in
755 4320 884 4376 dies
914 4320 1241 4376 morientes
1263 4321 1326 4375 in
1360 4320 1485 4375 dies
1517 4326 1718 4376 tamen
1740 4321 1952 4384 vivere,

285 4407 413 4479 jam
449 4424 825 4481 nequaquam
858 4409 1299 4465 rationabiliter
1329 4408 1675 4465 incredulus
1714 4426 1951 4482 perma—

292 4495 479 4553 nebit.

2076 3352 2180 3388 νοι.
2221 3357 2242 3385 ι
2280 3330 2386 3386 Καὶ
2441 3332 2566 3385 ὅσον
2631 3331 2749 3403 μὲν,
2817 3331 2973 3410 φησὶ,
3030 3332 3169 3407 πρὸς
3225 3333 3290 3388 τὸ
3351 3332 3580 3406 μέγεθος
3636 3335 3745 3387 τῶν

2078 3425 2419 3494 πειρασμῶν,
2470 3416 2578 3490 ἤδη
2631 3415 3083 3492 καταϐληθέντες,
3138 3421 3285 3477 ἀλλᾶ
3331 3425 3399 3495 τῇ
3450 3425 3549 3477 τοῦ
3606 3422 3745 3476 Θεοῦ

2077 3509 2266 3587 χάριτι
2299 3509 2398 3566 οὐκ
2429 3508 2833 3582 ἀπολλύμενοι,
2868 3510 2987 3565 ἀντὶ
3039 3515 3162 3579 τοῦ,
3211 3510 3261 3564 ἐν
3316 3510 3547 3584 ἀπόροις
3598 3509 3746 3586 πρά-

2073 3618 2266 3672 γμασι,
2296 3617 2502 3673 πορους
2532 3596 2875 3673 εὑρίσκοντες
2934 3599 3232 3673 σωτηρίας.
3289 3624 3317 3651 ‹‹
3354 3599 3597 3655 Πάντοτε
3641 3600 3748 3669 τὴν

2074 3686 2334 3761 νέκρωσιν
2371 3691 2467 3742 τοῦ
2501 3687 2720 3762 Κυρίου.
2755 3710 2784 3740 n
2843 3721 2912 3731 -—
2974 3690 3314 3762 [GEOASZP]
3364 3689 3480 3757 Τῆν
3529 3688 3745 3764 νέκρω-

2074 3796 2178 3846 σιν,
2212 3778 2501 3856 φησὶ,τοῦ
2532 3776 2741 3851 Κυρίου
2797 3776 2887 3832 καὶ
2949 3779 3113 3850 ἡμεῖς
3172 3782 3460 3854 πανταχοῦ
3518 3780 3746 3858 περιφό-

2072 3887 2262 3942 ρομεν,
2327 3867 2408 3938 τῷ
2475 3868 2595 3930 καθ’
2661 3866 2874 3942 ἡμέραν
2968 3869 3325 3938 ἀποθνήσκειν
3417 3871 3731 3942 πανταχοῦ.

2084 3980 2109 4006 ι(
2157 3958 2284 4010 Καθ’
2345 3954 2557 4031 ἡμέραν
2613 3957 2714 4030 γὰρ
2774 3957 3127 4028 ἀποθνήσκω,
3187 3958 3254 4027 νὴ
3313 3957 3412 4027 τήν
3470 3956 3737 4033 ὑμετέραν

2066 4045 2361 4119 καύχησιν,
2391 4043 2500 4111 ἳνα,
2556 4045 2711 4122 φησὶ,
2781 4045 2870 4100 καὶ
2928 4047 2963 4116 ἠ
3024 4046 3311 4109 ἀνάστασις
3367 4049 3464 4101 τοῦ
3534 4046 3737 4122 κυρίου

2069 4131 2334 4203 διάδηλος
2364 4134 2589 4208 γένηται
2621 4132 2711 4189 διὰ
2752 4138 2850 4190 τοῦ
2908 4135 3163 4208 σώματος
3220 4139 3403 4209 ἡμῶν.
3442 4159 3470 4187 »
3517 4136 3577 4194 '0
3625 4135 3734 4212 γὰρ

2063 4227 2132 4298 τῇ
2165 4223 2447 4278 ἀναστάσει
2490 4227 2588 4278 τοῦ
2649 4224 2851 4298 Κυρίου
2899 4224 3165 4295 ἀπιστῶν,
3217 4226 3367 4300 ἡμᾶς
3413 4226 3555 4301 ὁρων
3605 4226 3731 4289 καθ’

2065 4313 2275 4388 ἡμέραν
2326 4312 2789 4384 ἀποθνήσκοντας,
2839 4314 2958 4378 καθ’
3007 4310 3217 4389 ἡμέραν
3275 4312 3334 4371 δὶ
3384 4317 3606 4385 ζῶντας,
3661 4311 3733 4370 οὗ

2062 4399 2158 4457 κείν
2188 4397 2266 4457 ἔτι
2301 4400 2550 4477 εὐλόγως
2578 4403 2893 4474 ἀπιστήσει.

360 4587 453 4655 IV,
489 4590 576 4651 tt,
613 4590 696 4643 13.
748 4592 979 4660 Semper
1007 4590 1154 4643 enim
1183 4606 1279 4645 nos
1309 4591 1408 4659 qui
1434 4589 1688 4657 vivimus,
1716 4592 1775 4646 in
1802 4606 1946 4645 mor-

2127 4580 2236 4638 Ἀεὶ
2268 4579 2367 4653 γὰρ
2402 4581 2566 4651 ἡμεῖς
2625 4580 2676 4633 οἱ
2735 4583 2955 4649 ζῶντες,
3016 4579 3090 4641 είς
3146 4579 3368 4636 θάνατον
3423 4575 3721 4657 παραδιδό-

288 4683 392 4733 tem
424 4678 703 4733 tradimur
717 4686 953 4750 propter
980 4680 1184 4746 Jesum,
1236 4685 1299 4735 ut
1345 4686 1395 4735 et
1438 4682 1556 4736 vita
1591 4682 1719 4737 Jesu
1765 4681 1951 4736 mani-

286 4768 523 4834 festetur
550 4769 609 4822 in
644 4769 871 4823 mortali
895 4786 1060 4824 carne
1089 4777 1297 4824 nostra.
1331 4758 1702 4840 Itaque‘mors
1728 4772 1950 4841 quidem

288 4857 347 4910 in
377 4857 534 4911 nobis
565 4858 700 4926 agit,
735 4860 851 4912 vita
879 4875 1006 4913 vero
1029 4857 1087 4913 in
1109 4859 1279 4915 vobis.
1319 4861 1593 4915 fecterum
1614 4876 1737 4915 cum
1757 4860 1952 4915 habea-

289 4960 410 4998 mus
440 4945 685 4999 eumdem
716 4949 979 5016 spiritum
1006 4948 1138 5016 ﬁdei
1142 4950 1319 5019 juxta
1340 4948 1486 5003 illud
1507 4948 1656 5017 quod
1682 4950 1950 5017 scriptum

290 5039 407 5087 est:
442 5033 686 5097 Credidi,
721 5037 925 5092 idcirco
961 5037 1168 5093 locutus
1212 5054 1331 5093 sum
1361 5055 1379 5091 :
1416 5044 1469 5091 et
1516 5054 1614 5092 nos
1653 5037 1946 5103 credimus,

290 5121 500 5176 idcirco
533 5121 699 5176 etiam
734 5125 1032 5195 loquimur.

363 5210 440 5264 De
475 5210 681 5266 eodem
743 5230 979 5269 rursum
1032 5213 1197 5269 dixit.
1257 5216 1602 5286 Propterea.
1654 5214 1870 5284 inquit,
1916 5230 1950 5269 a

289 5297 405 5351 Deo
440 5299 843 5368 permittimur
874 5302 1023 5357 tradi
1056 5303 1118 5356 in
1143 5309 1416 5370 mortem,
1448 5308 1513 5357 ut
1536 5302 1951 5357 manifestetur

288 5386 446 5455 quod
479 5390 804 5444 surrexerit
835 5391 1120 5447 Christus.
1166 5392 1275 5457 Qui
1333 5392 1492 5448 enim
1542 5392 1604 5446 in
1661 5391 1789 5447 dies
1837 5407 1949 5446 nos

286 5474 553 5544 suscitat,
587 5482 746 5534 certe
778 5479 1041 5552 seipsum
1075 5497 1312 5552 quoque
1346 5480 1640 5537 excitavit.
1672 5485 1788 5536 Aut
1834 5479 1950 5535 hoc

362 5676 405 5713 ⁴⁰
435 5680 565 5735 Cor.
601 5696 693 5753 xv,
726 5684 813 5737 32.

2064 4672 2196 4745 μεθα
2258 4666 2349 4723 διά
2416 4669 2650 4737 Ἰησοῦν,
2710 4665 2800 4722 ’ἕνα
2864 4671 2899 4738 ἡ
2972 4670 3083 4739 ζωὴ
3150 4673 3249 4725 τοῦ
3325 4671 3506 4737 Ἰησοῦ
3563 4688 3729 4747 φανε-

2060 4762 2213 4834 ρωθῇ
2267 4757 2322 4812 ἐν
2381 4760 2449 4831 τῇ
2510 4758 2679 4830 θνητῇ
2719 4758 2878 4831 σαρκὶ
2934 4759 3115 4830 ἡμῶν,
3174 4760 3337 4814 Ὥστε
3392 4760 3421 4813 ὁ
3484 4759 3576 4832 μὲν
3636 4756 3732 4813 θάνε

2058 4869 2217 4909 νατος
2247 4847 2298 4901 ἐν
2335 4849 2475 4920 ἡμῖν
2521 4845 2836 4921 ἐνεργεῖται,
2867 4848 2902 4916 ἡ
2939 4842 2995 4902 δὲ
3045 4847 3159 4916 ζωὴ
3210 4844 3260 4901 έν
3311 4847 3462 4921 ὑμῖν.
3512 4848 3726 4925 Ἔχον-

2059 4958 2147 5000 τες
2215 4934 2273 4991 δὲ
2332 4936 2394 4991 τὸ
2463 4934 2593 4990 αὐτὸ
2665 4939 2881 5009 πνεῦμα
2944 4938 3045 5008 τῇς
3147 4935 3382 4999 πίστεως
3458 4936 3595 4991 κατὰ
3652 4934 3723 4991 τδ

2057 5027 2467 5103 γεγηεαμμένον.
2520 5024 2862 5093 Ἐπίστευσα,
2922 5021 3008 5079 διὸ
3065 5021 3334 5096 ἐλάλησα·
3395 5026 3487 5080 καὶ
3552 5026 3726 5098 ἡμε“’ς

2059 5115 2406 5186 πιστεύομεν,
2441 5111 2526 5168 διὸ
2562 5113 2651 5169 καὶ
2686 5112 2988 5185 λαλοῦμεν.

2132 5204 2304 5259 Πάλιν
2336 5204 2455 5278 περξ
2490 5206 2588 5257 τοῦ
2621 5202 2788 5258 αὐτοῦ
2838 5202 2974 5258 εἶπε.
3028 5204 3127 5258 Διὰ
3170 5209 3333 5258 τοῦτο
3379 5203 3509 5281 γὰρ,
3559 5203 3723 5283 φησὶ,

2059 5290 2498 5372 συγχωρούμεθα
2530 5292 2634 5346 ὑπὸ
2662 5295 2759 5346 τοῦ
2807 5296 2943 5347 Θεοῦ
2992 5290 3385 5369 παραδίδοσθαι
3433 5293 3511 5348 εἷς
3561 5292 3725 5348 tioiu-

2059 5406 2172 5453 τον,
2200 5384 2293 5437 ἳνα
2325 5382 2611 5459 φανερωθῇ
2641 5380 2722 5436 ὅτι
2764 5380 2958 5453 ἀνέστη
2993 5382 3251 5458 Χριστός.
3306 5383 3367 5440 Ὀ
3412 5383 3519 5459 γὰρ
3565 5384 3724 5452 ἡμᾶς

2060 5474 2283 5548 ἐγείρων
2325 5471 2441 5527 καθ’
2501 5468 2734 5546 ἡμέραν,
2782 5470 2874 5525 καὶ
2918 5470 3103 5541 ἑαυτὸν
3158 5468 3417 5543 δηλονότι
3473 5468 3721 5547 ἤγειρεν.
