4080 6374
321 335 442 396 965

1247 332 1661 399 COMMENT.
1707 332 1787 395 IN
1829 330 2083 395 EPIST.
2133 331 2188 394 II
2234 335 2336 396 AD
2377 336 2745 401 CORINTH.

3628 343 3747 406 966

322 473 397 531 Ἠ
431 467 626 534 οὕτως*
657 468 756 526 Διά
782 474 944 526 τοῦτο
997 470 1220 536 δαυτοὺς
1276 469 1353 535 είς
1410 471 1635 526 θάνατον
1685 466 1986 545 παραδίδο-

2110 482 2308 540 modo:
2340 482 2664 551 Propterea
2687 494 2797 533 nos
2826 480 2989 551 ipsos
3034 481 3098 535 in
3149 489 3403 537 mortem
3457 483 3752 541 tradimus

335 583 454 636 μεν,
484 559 574 615 ἐνα
604 560 639 630 ἠ
676 561 792 629 ζωὴ
822 563 921 615 τοῦ
979 559 1182 630 Κυρίου
1238 563 1525 640 φανερωθῇ
1572 558 1663 614 καὶ
1716 556 1980 634 ἰνεργήσῃ

329 651 389 706 ἐν
417 653 576 724 ἡμῖν.
631 649 811 718 Drin;
871 645 1129 718 δηλονότι
1188 648 1239 703 ἐν
1304 651 1384 721 τῷ
1445 646 1712 723 μέλλοντι
1765 648 1983 720 κόσμῳ.

326 741 473 796 Ὢσεὶ
504 739 709 816 ἔλεγεν·
741 739 933 811 Ἡμεῖς
964 738 1149 795 τοίνυν
1182 736 1271 794 διὰ
1325 740 1419 795 τὸν
1476 739 1707 813 Χριστὸν
1756 734 1988 812 παραδί-

335 830 501 902 δομεν
530 827 755 889 ἑαυτοὺς
786 827 863 890 είς
912 829 1155 896 θάνατον,
1205 826 1296 882 ’ίνα
1344 829 1373 882 6
1439 829 1670 904 Χριστὸς
1724 828 1850 881 τότε
1877 825 1986 880 ἀπὸ

334 924 435 975 τοῦ
463 922 668 987 νοητοῦ
710 918 943 973 θανάτου
1000 921 1099 972 τοῦ
1154 924 1257 987 τῆς
1313 916 1704 994 κατακρίσεως,
1761 914 1989 992 ῥύσηται

332 1014 484 1084 ἡμᾶς
510 1009 602 1065 καὶ
633 1007 710 1072 εἷς
744 1009 889 1078 ζωὴν
920 1009 1099 1085 ἀγάγῃ
1127 1009 1226 1077 τήν
1250 1010 1473 1079 νοητήν.
1526 1031 1556 1061 ‹‹
1602 1009 1765 1063 Ὥστε
1821 1007 1850 1061 6
1891 1006 1987 1079 μὲν

337 1103 579 1166 θάνατος.
614 1120 644 1150 ››
674 1098 763 1160 Ὦς
796 1097 856 1153 ἐκ
885 1101 983 1153 τοῦ
1012 1095 1343 1162 ἀκολούθου,
1405 1097 1559 1177 φησὶ,
1618 1100 1787 1152 τοῦτο
1844 1096 1990 1173 γίνε-

338 1190 486 1261 σθαι,
514 1189 606 1243 τὸν
674 1186 770 1261 μὲν
827 1188 1052 1242 θάνατον
1107 1186 1160 1242 ἦν
1210 1189 1349 1261 ἡμῖν
1404 1185 1640 1263 ἐνεργεῖν
1696 1184 1789 1240 καὶ
1846 1184 1990 1260 ἐνερ-

334 1280 433 1357 γὸν
457 1277 876 1353 ὑπάρχειν,τὴν
911 1274 968 1333 δὲ
1024 1278 1171 1348 ζωὴν
1233 1278 1287 1333 ἐν
1347 1278 1497 1350 ὑμῖν.
1556 1278 1645 1341 Ὠς
1704 1276 1751 1333 εἷ
1781 1275 1989 1351 ἔλεγενο

332 1371 528 1443 Ἡμεῖς
587 1367 1007 1441 ἀποθνήσγομεν
1067 1364 1156 1422 διὰ
1213 1367 1277 1422 τὸ
1334 1369 1619 1445 κήρυγμα,
1688 1364 1781 1421 ’ίνα
1834 1365 1992 1438 ὑμεῖς

337 1460 542 1531 ζήσητε
596 1454 668 1513 δι’
724 1456 889 1513 αὐτοῦ
954 1460 1056 1527 τὴν
1104 1457 1301 1533 ἀγήρω
1360 1457 1566 1528 ἐκείνην
1624 1456 1716 1512 καὶ
1773 1456 1996 1527 αἰώνιον

335 1551 508 1618 ζωήν,
540 1547 880 1609 πιστεύοντες
914 1547 993 1610 εἲς
1020 1546 1288 1622 Χριστόν.
1319 1580 1388 1589 -
1440 1548 1660 1621 [ΦΩΤ.]
1702 1545 1791 1615 .Τά
1845 1547 1991 1616 πάθη

328 1639 425 1696 καὶ
454 1639 510 1694 αἱ
540 1637 778 1711 θλίψεις,
811 1636 980 1693 καὶαὶ
1034 1637 1407 1717 θανατηφόροι
1469 1636 1771 1714 συμφοραὶ,
1827 1640 1997 1691 ταῦτα

338 1733 431 1784 νῦν
490 1726 784 1803 ἐνεργεῖται
842 1726 894 1782 ἐν
943 1729 1101 1801 ἡμῖν,
1161 1727 1349 1805 φησὶν,
1419 1729 1453 1796 ἡ
1513 1723 1571 1782 δὲ
1607 1725 1788 1789 πίστις
1818 1727 1907 1780 καὶ
1960 1727 1997 1795 ἡ

2089 582 2156 631 ut
2196 575 2317 629 vita
2370 570 2607 627 Domini
2666 570 3080 627 manifestetur
3131 576 3190 627 et
3245 577 3380 644 agat
3433 572 3497 627 in
3549 574 3743 629 nobis.

2092 661 2384 730 Quando?
2416 676 2633 732 nempe
2662 660 2724 713 in
2753 659 2948 715 futuro
2980 661 3232 717 saeculo:
3264 679 3333 717 ac
3394 662 3442 716 si
3475 663 3701 719 diceret
3735 683 3752 725 :

2093 755 2257 809 Nunc
2296 757 2539 823 prOpter
2575 748 2877 804 Christum
2928 751 3326 822 nosmetipsos
3374 752 3435 807 in
3495 761 3749 809 mortem

2094 843 2406 910 tradimus,
2431 846 2498 895 ut
2526 838 2793 895 Christus
2825 846 2964 893 tunc
2993 838 3067 894 ab
3111 840 3499 897 intellectuali
3557 849 3749 900 morte

2094 929 2610 988 condemnationis
2640 945 2750 983 nos
2782 928 3017 990 liberet,
3050 936 3109 984 et
3142 929 3216 984 ad
3245 931 3420 986 vitam
3452 932 3630 988 ducat
3653 934 3749 988 in-

2093 1020 2517 1077 tellectualem.
2542 1040 2563 1068 ι
2591 1018 2794 1088 Itaque
2820 1034 2977 1073 mors
2999 1019 3261 1088 quidem.
3279 1042 3307 1069 »
3332 1021 3527 1076 Uthoc
3549 1040 3753 1078 conse-

2097 1126 2287 1182 quens
2317 1110 2414 1176 sit,
2439 1108 2591 1165 629
2637 1107 2851 1179 inquit,
2888 1114 3138 1163 mortem
3172 1110 3414 1180 quidem
3463 1128 3634 1185 agere
3683 1129 3753 1168 ac

2096 1201 2214 1254 vim
2243 1198 2461 1254 habere
2485 1203 2543 1253 et
2571 1197 2978 1268 operationem
3010 1198 3072 1252 in
3093 1198 3289 1267 nobis,
3321 1200 3500 1256 vitam
3530 1218 3668 1257 vero
3689 1203 3753 1257 in

2097 1288 2281 1344 vobis.
2318 1291 2398 1342 Ac
2426 1304 2475 1358 si
2497 1286 2757 1341 diceret:
2793 1288 2905 1341 Nos
2948 1287 3238 1342 morimur
3265 1296 3508 1361 propter
3534 1293 3756 1364 praedi-

2099 1378 2417 1445 cationem,
2449 1382 2515 1430 ut
2545 1391 2646 1430 vos
2675 1374 2881 1430 vivatis
2911 1392 3018 1447 per
3043 1376 3230 1447 ipsam
3264 1379 3381 1433 vita
3428 1381 3533 1436 illa
3562 1382 3756 1437 incor-

2098 1466 2400 1539 ruptibilis
2432 1480 2498 1520 ac
2531 1471 2772 1529 mterna,
2792 1464 3104 1521 credentes
3134 1466 3196 1520 in
3222 1467 3543 1525 Christum.
3566 1503 3630 1511 —
3660 1470 3756 1526 Af-

2101 1556 2398 1612 ﬂictiones
2428 1560 2487 1610 et
2514 1554 2863 1622 anxietates,
2889 1556 3328 1628 mortifermque
3360 1560 3751 1629 calamitates,

2102 1647 2315 1718 inquit,
2364 1645 2491 1700 haec
2529 1660 2688 1700 nunc
2718 1652 3043 1709 onerantur
3072 1647 3132 1700 in
3164 1648 3376 1703 nobis:
3412 1649 3559 1705 fides
3616 1665 3754 1706 vero

2105 1751 2172 1791 ac
2203 1735 2392 1807 pietas
2419 1751 2569 1806 tquze
2603 1749 2737 1789 vere
2768 1734 2850 1790 ita
2884 1739 2991 1806 est)
3021 1735 3083 1790 in
3112 1738 3296 1791 vobis.
3348 1738 3544 1794 Pietas
3594 1740 3757 1795 enim

342 1810 586 1873 εὐσέϐεια
652 1816 800 1889 (ἢτις
867 1815 1009 1870 ἐστὶν
1071 1818 1106 1885 ἡ
1192 1812 1428 1886 ἀληθινή
1504 1817 1666 1886 ζωὴὶ,
1727 1814 1780 1870 ἐν
1839 1815 1990 1889 ὑμῖν.

2110 1826 2220 1882 sive
2253 1824 2448 1880 cultus
2482 1824 2581 1879 Dei
2613 1824 2730 1879 vita
2768 1829 2877 1882 est.
2911 1841 3044 1880 cum
3094 1826 3631 1899 incorruptibilem,
3664 1830 3761 1884 in-

336 1907 465 1975 Ζωῆ
497 1903 556 1961 δέ
581 1904 723 1961 ἔστιν
754 1907 788 1975 ἡ
820 1899 1086 1975 εὐσέϐεια,
1116 1903 1200 1960 ὃτι
1232 1906 1333 1975 τήν
1385 1903 1578 1981 ἀγήρω
1634 1904 1725 1960 καὶ
1781 1902 1993 1960 ἄλυπον

337 1996 433 2052 καὶ
478 1993 650 2052 ἀΐδιον
711 1993 763 2051 ἐν
813 1994 1066 2070 οὐρανοῖς
1121 1996 1386 2070 προξενεῖ.
1422 2019 1450 2048 ι(
1504 1997 1764 2072 Ἔχοντες
1815 1992 1873 2050 δὲ
1926 1995 1990 2050 τὸ

331 2085 468 2142 αὐτὸ
496 2090 708 2158 πνεῦμα
765 2092 866 2154 τῆς
928 2084 1184 2146 πίστεως.
1246 2110 1275 2137 ››
1332 2087 1403 2140 Τὸ
1459 2083 1590 2140 αὐτὸ
1646 2089 1856 2157 πνεῦμα
1910 2088 1992 2156 τῷ

329 2172 737 2252 Δαυέδ,φησῖν,
775 2170 1023 2250 ἔχοντες,
1080 2174 1148 2230 τὰ
1206 2174 1341 2231 αὐτὰ
1406 2173 1552 2246 αὐτῷ
1607 2174 1696 2229 καὶ
1756 2173 1991 2253 φθεγγό-⁵

333 2277 491 2339 μεθα.
523 2266 611 2332 τὸ,
649 2292 669 2315 ι
723 2265 1068 2326 Ἐπίστευσα.
1130 2261 1217 2318 διὸ
1274 2261 1542 2335 ἐλάλησα.
1615 2263 1824 2319 »Ἀνω
1886 2264 1991 2338 γάρ

327 2355 435 2410 ἀπὸ
494 2352 781 2430 λογισμῶν
855 2355 1210 2428 παραστήσας
1266 2354 1366 2423 τήν
1432 2352 1736 2424 ἀνάστασιν,
1790 2355 1882 2406 νῦν
1933 2349 1993 2405 ἰκ

329 2443 568 2506 πίστεως
598 2444 767 2511 αὐτὴν
803 2443 1061 2520 εἴσφερει.

404 2531 630 2597 Είδότις
681 2531 766 2588 ὅτι
826 2534 855 2587 6
913 2531 1119 2608 ἐγείρας
1174 2534 1268 2588 τὸν
1344 2532 1545 2607 Κύριον
1611 2532 1842 2602 Ἰησοῦν,
1901 2531 1990 2587 καὶ

332 2627 483 2697 ἡμᾶς
575 2619 666 2678 διὰ
744 2626 926 2693 Ἰησοῦ
1010 2621 1210 2698 ἐγερεῖ,
1318 2620 1409 2677 καὶ
1494 2623 1831 2696 παραστήσει
1896 2619 1989 2675 σὺν

335 2714 487 2787 ὖμῖν.
520 2714 599 2769 Τά
657 2712 763 2787 γὰρ
821 2711 993 2767 πάντα
1052 2708 1122 2767 δι’
1180 2712 1345 2784 ὑμᾶς,
1399 2706 1495 2766 ἵνα
1541 2712 1576 2780 ἡ
1634 2711 1796 2785 χάρις
1825 2709 1992 2765 πλεο-

338 2802 571 2873 νάσασα,
632 2798 722 2855 διὰ
776 2804 886 2856 τῶν
951 2798 1223 2856 πλειόνων
1296 2800 1395 2869 τὴν
1480 2798 1829 2874 εὐχαριστίαν
1887 2818 1995 2854 πε·-
2038 2824 2049 2827 ”

343 2892 595 2966 ρισσεύσῃ
654 2889 732 2954 εἷς
775 2890 876 2959 τὴν
935 2886 1093 2960 δόξαν
1145 2893 1242 2945 τοῦ
1301 2893 1456 2946 Θεοῦ.
1520 2890 1613 2945 Διὸ
1673 2887 1773 2944 οὐκ
1838 2887 1996 2943 ἐκκα-

336 2986 568 3055 κοῦμεν,
628 2977 756 3034 ἀλλ’
818 2979 864 3034 εἰ
921 2979 1012 3034 καὶ
1068 2980 1097 3034 6
1149 2973 1252 3048 ἔξω
1311 2979 1471 3051 ἡμῶν
1544 2977 1828 3053 ἅνθρωπος
1876 2975 1998 3032 δια-

336 3070 635 3150 φθείρεται,
694 3067 824 3124 ἀλλ’
883 3069 911 3123 6
968 3067 1167 3132 ἔσωθεν
1213 3066 1598 3123 ἀνακαινοῦται
1671 3067 1852 3141 ἡμέρᾳ
1906 3067 1996 3122 καὶ

333 3159 537 3232 ἡμέρας

417 3243 700 3319 Λαλοῦμεν
734 3244 792 3302 δὲ
822 3250 1008 3315 τοῦτο,
1041 3243 1244 3307 εἰδότες
1274 3245 1359 3300 ὅτι
1391 3246 1419 3299 6
1447 3244 1538 3300 τὸν
1593 3244 1789 3319 Κύριον
1842 3243 1986 3320 ἐγεί-

345 3355 459 3412 ρας·
494 3337 699 3411 Πατήρ,
771 3336 862 3391 καὶ
920 3339 1070 3410 ἡμᾶς
1128 3334 1327 3410 ἐγερεῖ.
1390 3335 1560 3390 Πόθεν
1617 3331 1866 3403 εἰδότες;
1942 3332 2003 3389 ἐκ

336 3433 438 3496 τῆς
467 3425 703 3488 πίστεως
736 3423 1022 3496 δηλονότι.
1056 3450 1084 3477 ‹‹
1116 3425 1218 3482 Καὶ
1250 3421 1502 3497 ἡμᾶςδιά
1534 3426 1717 3494 Ἰησοῦ
1742 3422 1939 3499 ἐγερεῖ,
1970 3445 2000 3475 ››

330 3515 507 3579 Αὐτὸς
536 3517 638 3591 γὰρ
669 3513 789 3586 ἥξει
820 3514 872 3569 ἰν
904 3514 1266 3588 κελεύσματι,
1325 3514 1380 3570 ἐν
1411 3516 1564 3587 φωνῇ
1618 3510 1999 3589 ἀρχαγγέλου,

330 3606 390 3661 ἐν
416 3606 707 3680 σάλπιγγι,
738 3606 830 3660 καὶ
863 3605 1043 3680 ἐγερεῖ
1070 3604 1198 3665 τοὺς
1256 3602 1506 3680 νεκροὺς,
1568 3601 1660 3658 καὶ
1707 3604 1999 3676 παραστή-

336 3700 527 3769 σειτῷ
559 3695 746 3768 οἰκείῳ
778 3695 1014 3771 βήματι,
1059 3720 1084 3747 ‹‹
1117 3694 1202 3751 Τὰ
1261 3694 1367 3769 γὰρ
1414 3693 1584 3748 πάντα
1645 3689 1717 3747 δι’
1770 3693 1931 3765 ὑμᾶς.
1971 3715 2001 3744 »

332 3786 599 3841 Ἐνταῦθα
629 3779 982 3860 παιδαγωγεῖ
1036 3782 1258 3852 αὐτοὺς,
1314 3782 1448 3857 ὑπὲρ
1504 3788 1606 3851 τῆς
1664 3780 2003 3842 ἀναστάσεως

345 3873 440 3928 καὶ
494 3878 604 3928 τῶν
659 3871 871 3928 λοιπῶν
920 3874 1157 3948 ἀγαθῶν,
1226 3871 1386 3946 χάριν
1438 3867 1632 3926 εἰδέναι
1704 3868 2003 3942 ἀνθρώπων

352 3963 447 4036 μὲν
485 3959 701 4037 μηδενὶ,
732 3965 848 4033 Θεῷ
894 3958 952 4017 δὲ
1012 3961 1181 4035 μόνῳ.
1248 3961 1317 4017 Οἱ
1351 3960 1479 4035 ’γὰρ
1537 3955 2001 4035 ψευδαπόστολοι,

346 4053 560 4117 ἑαυτοῖς
586 4052 688 4121 τὴν
729 4050 894 4126 χάριν
950 4050 1287 4118 ἀνετίθεσαν,
1347 4049 1423 4110 ὡς
1482 4047 1573 4104 διὰ
1615 4053 1720 4103 τῶν
1781 4048 2001 4104 οἰκείων

345 4143 483 4217 πρὸς
570 4141 700 4197 Θεὸν
760 4139 1180 4214 παρακλήσεων,
1267 4136 1621 4215 δωρουμένου
1681 4138 1848 4194 ταῦτα
1904 4142 2004 4194 τοῦ

343 4235 500 4288 Θεοῦ.
529 4256 559 4285 ‹‹
591 4231 672 4288 Τὰ
703 4231 808 4308 γὰρ
841 4229 1034 4299 πάντα,
1064 4230 1342 4286 τουτέστιν
1390 4229 1585 4306 ἀγαθὰ,
1646 4227 1716 4284 δι’
1778 4229 1939 4303 ὑμᾶς,
1970 4252 2000 4282 ››

344 4321 411 4377 οὗ
443 4319 533 4376 διὰ
555 4319 733 4389 τόνδε,
765 4320 856 4376 καὶ
887 4317 1068 4390 τόνδε,
1108 4315 1257 4375 ἀλλὰ
1315 4315 1406 4373 διά
1460 4318 1522 4374 τὸ
1579 4322 1735 4393 κοινῇ
1795 4316 2005 4398 συμφέ-

348 4431 467 4487 ρον.
498 4414 670 4466 Τοῦτο
702 4408 782 4478 δὲ,
815 4410 972 4489 φησὶ,
1006 4410 1252 4488 γέγονεν,
1290 4408 1382 4462 ἳνα
1421 4410 1456 4476 ἡ
1515 4408 1681 4485 χάρις
1714 4411 1812 4462 τοῦ
1869 4412 2005 4463 Θεοῦ

2099 1917 2481 1972 deficientem
2513 1931 2580 1971 ac
2608 1917 3033 1987 sempiternam
3059 1916 3239 1973 vitam
3277 1918 3337 1973 in
3364 1919 3529 1975 caelis
3558 1919 3760 1975 conci-

2101 2006 2224 2061 liet.
2260 2028 2288 2055 «
2322 2006 2612 2060 Caeterum
2640 2022 2774 2060 cum
2808 2005 3132 2062 habeamus
3163 2008 3440 2064 eumdem
3481 2009 3755 2081 spiritum

2100 2095 2261 2150 fidei.
2298 2115 2326 2143 »
2354 2096 2501 2149 Cum
2532 2093 2806 2149 eumdem
2840 2095 3115 2166 spiritum
3148 2113 3281 2152 cum
3318 2099 3495 2154 David
3525 2100 3756 2156 habea-

2100 2200 2252 2245 mus.
2279 2184 2485 2239 eadem
2518 2183 2696 2238 etiam
2729 2199 2865 2239 cum
2888 2185 3016 2255 ipso
3050 2185 3369 2257 loquimur.
3391 2194 3534 2260 puta
3565 2212 3591 2237 ‹‹
3626 2189 3761 2244 Cre-

2100 2273 2245 2340 didi,
2278 2272 2496 2328 idcirco
2517 2271 2751 2328 locutus
2781 2289 2932 2329 sum.
2969 2296 2997 2323 ››
3025 2275 3169 2330 Nam
3193 2292 3325 2331 cum
3350 2277 3412 2332 in
3443 2278 3760 2350 superiori-

2100 2361 2212 2417 bus
2236 2363 2754 2423 resurrectionem.
2789 2363 3369 2421 considerationibus
3409 2383 3476 2422 ac
3507 2367 3758 2423 rationi-

2101 2451 2213 2508 bus
2244 2451 2582 2517 astruxerit,
2616 2452 2887 2507 eamdem
2918 2469 3078 2509 nunc
3110 2470 3182 2509 ex
3215 2455 3330 2510 ﬁde
3360 2454 3608 2513 inducit.

2177 2541 2266 2610 ιν,
2300 2542 2490 2595 14-16.
2526 2564 2551 2590 ‹‹
2586 2541 2852 2597 Scientes
2884 2542 3042 2612 quod
3071 2544 3120 2598 is
3166 2544 3268 2615 qui
3307 2545 3612 2601 suscitavit
3644 2546 3760 2601 Do-

2106 2650 2134 2679 ‹ι
2167 2630 2397 2685 minum
2426 2630 2647 2699 Jesum,
2681 2645 2791 2686 nos
2823 2646 3060 2703 quoque
3091 2648 3198 2704 per
3221 2634 3422 2689 Jesum
3454 2634 3766 2691 suscitahit

2107 2740 2135 2769 ‹‹
2169 2725 2229 2775 et
2257 2720 2579 2775 constituet
2601 2720 2923 2777 vobiscum.
2959 2722 3106 2777 Nam
3136 2723 3339 2779 omnia
3370 2730 3614 2796 propter
3639 2740 3763 2795 vos,

2108 2830 2135 2859 ‹‹
2164 2815 2231 2864 ut
2259 2809 2449 2879 gratia
2474 2826 2605 2880 quae
2647 2810 2981 2873 exundavit.
3016 2811 3290 2882 pluribus
3338 2814 3556 2886 gratias
3588 2830 3765 2888 agen-

2110 2920 2138 2948 ‹‹
2172 2898 2349 2965 tibus,
2385 2898 2669 2954 exuberet
2706 2899 2767 2955 in
2815 2900 3065 2971 gloriam
3101 2901 3226 2970 Dei,
3282 2904 3604 2975 Propterea
3641 2919 3765 2958 non

2110 3009 2139 3038 ‹‹
2172 2986 2586 3060 defatigamus,
2608 2987 2714 3044 sed
2743 2990 3015 3059 quamvis
3046 2996 3326 3046 externus
3358 2992 3534 3047 homo
3566 2996 3771 3048 noster

2110 3096 2139 3125 ar
2171 3082 2607 3147 corrumpatur,
2636 3077 2909 3132 internus
2940 3082 3141 3133 tamen
3172 3086 3495 3135 renovatur
3549 3080 3612 3135 in
3642 3079 3773 3135 dies

2019 3188 2062 3256 ο
2110 3186 2137 3215 ‹‹
2173 3164 2460 3236 singulos.

2182 3264 2299 3318 Hoc
2325 3269 2524 3318 autem
2571 3264 2874 3335 loquimur
2930 3266 3187 3322 scientes
3245 3268 3404 3338 quod
3458 3270 3633 3324 Pater
3662 3266 3767 3340 qui

2111 3353 2429 3409 Dominum
2461 3354 2782 3415 suscitavit.
2817 3371 2926 3411 nos
2958 3372 3193 3428 quoque
3224 3358 3553 3413 suscitabit.
3602 3358 3768 3415 Unde

2111 3445 2223 3502 hoc
2245 3445 2546 3502 scientes?
2575 3463 2645 3503 ex
2678 3446 2793 3503 ﬁde
2837 3448 3128 3504 videlicet.
3173 3472 3200 3501 ‹‹
3234 3453 3349 3506 Nos
3380 3468 3617 3523 quoque
3665 3468 3776 3524 per

2109 3538 2309 3593 Iesum
2338 3537 2668 3593 suscitabit.
2713 3560 2741 3588 ››
2768 3539 2898 3610 Ipse
2949 3541 3109 3595 enim
3159 3542 3355 3597 veniet
3398 3558 3504 3614 per
3550 3558 3776 3614 praece-

2112 3632 2302 3698 ptum.
2331 3643 2439 3698 per
2468 3643 2669 3682 vocem
2702 3629 3067 3698 archangeli,
3099 3646 3205 3701 per
3235 3630 3439 3686 tubam
3466 3647 3480 3696 ;
3504 3636 3561 3686 et
3592 3630 3777 3687 susci-

2110 3714 2262 3770 tabit
2287 3721 2574 3784 mortuos,
2598 3733 2824 3787 suoque
2843 3718 3014 3773 sistet
3044 3719 3348 3775 tribunali.
3385 3742 3412 3770 ‹‹
3447 3721 3591 3775 Nam
3635 3736 3772 3774 om-

2111 3804 2213 3859 nia
2241 3809 2487 3875 propter
2523 3821 2702 3860 vos.»
2736 3806 2853 3860 Hoc
2906 3805 3037 3861 loco
3096 3807 3257 3878 ipsos
3315 3808 3557 3862 instruit
3613 3807 3773 3879 quod

2112 3893 2185 3949 de
2215 3894 2652 3949 resurrectione
2704 3895 3052 3967 ueterisque
3108 3896 3438 3957 beneflciis.
3470 3897 3622 3952 nulli
3671 3896 3776 3951 ho-

2116 3984 2369 4049 minum,
2402 3983 2507 4038 sed
2540 3982 2651 4038 soli
2683 3984 2803 4039 Doo
2834 3984 3076 4056 agendas
3108 3986 3229 4041 sint
3264 3987 3487 4059 gratim.
3551 3984 3775 4043 Pseud-

2114 4072 2367 4144 apostoli
2391 4072 2552 4126 enim
2574 4072 2686 4127 sibi
2710 4073 2855 4144 ipsis
2891 4074 3140 4145 gratiam
3172 4075 3578 4131 attribuebant
3602 4075 3773 4145 quasi

2115 4164 2269 4218 Deus
2300 4162 2405 4217 illa
2434 4162 2761 4230 tribuisset,
2826 4163 3342 4221 exhortationibus
3392 4165 3659 4237 ipsorum
3699 4162 3775 4220 ad

2115 4251 2302 4310 Deum
2352 4251 2728 4308 ducentibus.
2792 4274 2821 4301 «
2853 4253 2998 4308 Nam
3054 4254 3256 4310 omnia
3293 4260 3537 4327 propter
3586 4271 3708 4310 vos.
3742 4274 3781 4305 ιν

2115 4341 2276 4398 Bona
2301 4342 2576 4397 videlicet
2603 4359 2709 4398 seu
2733 4342 3046 4411 beneficia,
3069 4362 3191 4401 non
3219 4351 3464 4418 propter
3483 4346 3641 4402 hunc
3672 4349 3777 4402 aut

2114 4432 2287 4488 illum
2318 4431 2423 4486 sed
2454 4442 2698 4504 propter
2726 4450 3107 4490 communem
3141 4435 3480 4492 utilitalem.
3523 4436 3644 4491 Hoc
3671 4451 3773 4491 au-

348 4499 652 4576 πλεονάσῃ,
684 4497 924 4561 πολλοῖς
954 4497 1331 4575 παρεχομένη.
1383 4496 1596 4566 Ταύτης
1652 4494 1711 4552 δὶ
1765 4494 1996 4552 πλεονα-

352 4594 382 4610 υ
429 4588 443 4609 Ι
542 4608 551 4610 ,
610 4588 701 4610 _.,,\
740 4590 754 4610 I
830 4587 899 4610 _,_
970 4609 977 4610 κ
1005 4587 1120 4610 ἳκὲμ
1180 4585 1492 4610 ,2--_-.__I_-
1556 4585 1966 4610 ___.-_‘__.._-_ﬂ.I

2116 4526 2235 4577 tem
2266 4494 2489 4576 factum
2520 4494 2628 4581 est.
2661 4522 2877 4592 inquit,
2909 4530 2975 4579 ut
3016 4525 3205 4597 gratia
3262 4525 3366 4580 Dei
3423 4525 3775 4594 exundaret,

352 4588 575 4659 ζούσης,
608 4588 765 4658 καῗὴ
824 4587 900 4650 εἰς
960 4587 1123 4643 αὐτὸν
1174 4585 1495 4662 εὐχαριστία
1551 4585 2001 4658 συμπλεονασθή-

349 4699 524 4735 σεται.
586 4702 611 4733 ι
674 4678 768 4735 Διὸ
826 4676 924 4733 οὐκ
976 4677 1327 4749 ἐκκακοῦμεν.
1390 4699 1419 4727 ι)
1487 4674 1635 4730 Ἐπεὶ
1687 4675 1777 4729 οὗν
1843 4671 2001 4747 ἷ¹σμεν

349 4769 524 4824 πάντα
574 4768 643 4824 τὰ
673 4767 751 4829 είς
792 4770 940 4840 ἡμᾶς
999 4767 1281 4841 γινόμενα,
1331 4764 1409 4827 εἷς
1466 4765 1812 4840 εὐχαριστίαν
1869 4769 2003 4821 Θεοῦ

345 4857 628 4929 τελευτᾷν,
671 4857 775 4913 οὐκ
825 4856 1158 4929 ἐκκακοῦμεν
1215 4853 1342 4910 οὐδὲ
1397 4853 1810 4930 ἀπαγορεύομεν
1865 4855 2004 4929 πρὸς

345 4948 480 5012 τοὺς
508 4945 867 5024 πειρασμούς.
910 4947 1055 5017 Ἒξω
1093 4943 1152 5000 δὲ
1217 4945 1523 5020 ἄνθρωπον,
1578 4944 1642 4999 τὸ
1700 4948 1862 5019 σῶμα
1916 4965 2007 5000 κα-

350 5037 463 5103 λεῖ,
500 5036 635 5113 ὅπερ
694 5035 997 5112 φθείρεται,
1057 5034 1479 5107 μαστιζόμενον,
1522 5031 1881 5105 διωκόμενον,
1913 5053 2005 5088 και

350 5123 750 5200 δεσμούμενον.
783 5126 932 5180 Ἔσω
963 5123 1021 5179 δὲ
1063 5123 1345 5198 ἃνθρωπον
1400 5124 1500 5192 τήν
1557 5124 1768 5198 ψυχήν,
1826 5124 1861 5193 ἢ
1919 5144 2005 5186 τις

349 5213 676 5285 ἀναϐάλλει,
701 5214 992 5295 φησ³,καθ’
1024 5214 1252 5284 ἑκάστην
1282 5212 1492 5288 ἡμέραν
1524 5216 1594 5286 τῇ
1622 5208 1806 5268 ἑλπίδι
1826 5213 1915 5267 καὶ
1937 5215 2005 5287 τῇ

348 5313 521 5390 χαρᾷ,
554 5309 647 5366 καὶ
674 5313 756 5381 τῷ
785 5304 984 5363 είδὲναι
1014 5307 1100 5363 ὃτι
1134 5306 1268 5380 ὑπὲρ
1298 5309 1433 5361 Θεοῦ
1461 5306 1688 5384 πάσχει.

423 5594 503 5653 Τὸ
534 5594 640 5671 γὰρ
694 5591 1006 5660 παραυτίκα
1063 5589 1297 5670 ἐλαφρὸν
1362 5595 1462 5659 τῆς
1518 5584 1762 5663 θλίψεως
1820 5589 2006 5660 ἡμῶν,

345 5685 472 5744 καθ’
558 5675 869 5759 ὑπερϐολὴν
973 5678 1050 5741 είς
1129 5673 1444 5757 ὑπερϐολὴν
1545 5677 1767 5733 αἰώνιον
1841 5680 2010 5755 βάρος

2117 4610 2259 4665 dum
2289 4609 2494 4664 multis
2523 4610 2823 4676 tsibuitur,
2855 4613 2965 4667 hac
3007 4629 3143 4668 vero
3203 4615 3559 4680 exundante,
3592 4616 3774 4670 etiam

2112 4700 2435 4772 gratiarum
2464 4699 2617 4753 actio
2649 4699 2723 4754 ad
2767 4716 2903 4754 eum
2963 4700 3142 4757 simul
3190 4703 3535 4758 exundaret.
3567 4724 3597 4753 ‹‹
3628 4705 3772 4757 Pro-

2112 4793 2317 4861 pterea
2345 4803 2467 4841 non
2499 4787 2914 4861 defatigamur.
2952 4810 2979 4840 »
3011 4791 3301 4855 Quoniam
3331 4808 3466 4863 ergo
3499 4792 3773 4846 novimus

2114 4876 2313 4933 omnia
2344 4891 2475 4948 quae
2505 4876 2567 4930 in
2590 4892 2697 4931 nos
2724 4877 2876 4933 facta
2908 4885 3047 4933 sunt
3075 4879 3150 4935 ad
3179 4881 3397 4951 gratias
3432 4881 3548 4936 Deo
3598 4897 3774 4952 agen-

2115 4968 2221 5023 das
2251 4965 2579 5025 terminari.
2616 4982 2738 5021 non
2768 4966 3165 5040 defatigamur
3193 4986 3388 5040 neque
3431 4970 3776 5026 succumbi-

2110 5072 2248 5112 mus
2278 5054 2352 5110 ad
2373 5054 2744 5111 afﬂictiones.
2770 5057 3091 5114 Externum
3123 5065 3320 5115 autem
3354 5061 3657 5116 hominem
3680 5077 3774 5115 vo-

2115 5152 2211 5203 cat
2241 5162 2478 5218 corpus,
2535 5146 2692 5202 080
2721 5146 2879 5217 quod
2912 5151 3313 5221 corrumpitur
3341 5149 3482 5205 dum
3510 5150 3778 5224 ﬂagella-

2116 5244 2234 5306 tur,
2266 5237 2484 5309 ligatur
2512 5253 2579 5292 ac
2608 5239 3081 5309 persecutionem
3122 5241 3395 5312 susiinet,
3428 5242 3777 5298 interiorem

2117 5343 2254 5382 vero
2278 5326 2606 5395 hominem,
2640 5328 2901 5383 animam
2933 5345 3065 5400 qua:
3123 5347 3381 5397 rursum,
3442 5333 3657 5404 inquit,
3693 5331 3780 5385 vi-

2117 5416 2300 5471 rescit
2329 5415 2581 5488 singulis
2612 5416 2821 5472 diebus
2849 5434 2954 5491 spe
3004 5424 3062 5474 et
3089 5419 3324 5491 gaudio,
3359 5427 3419 5478 et
3447 5423 3589 5495 quia
3616 5421 3781 5478 novit

2117 5505 2276 5578 quod
2305 5504 2366 5561 id
2397 5522 2504 5577 pro
2536 5507 2654 5562 Deo
2687 5507 2964 5578 patiatur.

2189 5596 2283 5664 IV,
2315 5598 2403 5662 17,
2425 5596 2507 5652 18.
2532 5617 2564 5648 α
2588 5597 2734 5655 Nam
2764 5606 3185 5659 momentanea
3213 5602 3421 5660 levitas
3443 5599 3775 5659 affectionis

2120 5708 2150 5738 ‹‹
2181 5689 2424 5756 nostra,
2481 5686 2654 5760 mire,
2715 5704 2896 5762 supra
2945 5691 3190 5749 modum
3242 5698 3533 5748 aeternum
3571 5688 3776 5762 gloria
