4080 6382
319 328 440 388 967

1408 313 1827 381 ωίὶυΜΕΝΙῐ
1874 310 2177 374 TBICCE
2225 308 2591 372 EPISCOPI.

3620 318 3741 379 968

319 480 349 509 α
380 456 617 530 pondus
644 456 801 529 parit
829 453 1023 519 nobis,
1060 451 1201 510 dum
1232 468 1353 508 non
1375 455 1714 525 spectamus
1746 463 1815 503 ea
1843 462 1977 518 qua:

2092 438 2255 513 δόξης
2339 442 2726 521 κατεργάζεται
2780 443 2939 518 ἡμῖν·
3018 444 3095 519 μὴ
3155 445 3504 502 σκοπούντων
3580 446 3745 520 ἡμῶν

312 571 339 598 ‹‹
374 548 667 613 videntur,
702 543 806 601 sed
838 559 908 600 ea
938 560 1073 615 qua;
1129 559 1251 598 non
1310 541 1622 597 videntur:
1652 554 1783 610 qua:
1816 536 1977 591 enim

2092 533 2150 587 τὰ
2228 531 2558 607 βλεπόμενα,
2619 530 2767 589 ἀλλὰ
2822 533 2889 590 τὰ
2951 535 3029 607 μὴ
3095 534 3427 609 βλεπόμενα.
3487 537 3574 594 Τὰ
3640 538 3742 613 γὰρ

314 637 664 703 a-videntur,
702 633 1066 705 temporaria
1097 637 1274 688 sunt:
1327 639 1388 687 at
1426 647 1557 702 quia
1618 645 1739 684 non
1772 625 1973 682 viden-

312 748 340 776 ‹‹
374 733 487 790 tur,
524 731 768 780 interna.

383 816 527 871 Vide
550 813 1021 883 conversionem,
1041 818 1107 867 ut
1138 811 1357 867 audeas
1380 809 1676 864 sustinere
1705 804 1979 862 afﬂictio-

316 924 426 963 nes
458 913 515 962 et
544 907 605 961 in
635 906 755 959 illis
813 902 1135 959 conlidere.
1193 904 1338 957 Nam
1395 905 1836 963 momeutanea,
1868 897 1982 951 hoc

314 1002 422 1060 est,
455 994 790 1052 brevissimi
821 992 1127 1063 temporis,
1164 991 1359 1061 inquit
1394 1007 1406 1043 :
1463 987 1720 1044 brevitas
1750 994 1981 1056 tempo-

315 1087 401 1141 ris
432 1092 521 1140 est
551 1084 625 1139 ad
657 1083 766 1138 hoc
796 1088 862 1137 ut
903 1087 1095 1137 cesset
1125 1079 1388 1136 afﬂictio.
1422 1079 1552 1134 Non
1619 1076 1731 1133 fuit
1781 1081 1983 1131 autem

315 1176 459 1231 satis
483 1172 726 1237 dixisse,
777 1194 805 1221 «
841 1173 1330 1235 Momentanea,»
1393 1167 1499 1223 sed
1558 1166 1724 1221 addit
1779 1164 1980 1231 etiam,

322 1265 568 1318 Levitas.
597 1283 626 1312 ‹‹
658 1263 959 1316 ᾹΞιθτηιιηι
993 1260 1195 1332 gloriae
1228 1257 1461 1330 pondus
1488 1256 1659 1329 parit.
1698 1276 1725 1303 ››
1759 1256 1874 1309 Nec
1897 1258 1986 1308 ut-

321 1368 557 1423 cunque
590 1352 723 1417 hoc,
758 1351 862 1405 sed
889 1351 1036 1405 mire
1068 1366 1135 1405 ac
1157 1364 1337 1420 supra
1376 1347 1619 1402 modum
1648 1345 1706 1400 id
1723 1344 1883 1400 facit.
1917 1344 1988 1397 Et

324 1441 639 1498 considera
696 1439 1106 1496 retributionis
1177 1437 1621 1493 exundantiam.
1682 1432 1985 1506 Siquidem

324 1538 745 1589 momentaneo
776 1529 1139 1602 rependetur
1161 1535 1475 1595 aeternum,
1505 1526 1729 1581 levitati
1755 1523 1986 1597 pondus

323 1621 633 1678 aftlictioni
667 1620 874 1693 gloria.
909 1621 979 1673 Et
1018 1635 1131 1673 nec
1165 1618 1225 1672 in
1258 1617 1351 1671 his
1383 1616 1701 1686 quiescunt
1728 1612 1985 1668 retribu-

320 1713 557 1767 tionum
589 1709 988 1774 exundanlim,
1023 1707 1125 1763 sed
1161 1706 1327 1763 addit
1365 1706 1545 1760 etiam
1608 1727 1635 1755 ‹‹
1671 1704 1834 1771 Mire,
1868 1723 1896 1752 n
1930 1706 1979 1757 et

2092 1699 2182 1756 καὶ
2243 1724 2270 1751 ‹‹
2332 1701 2451 1764 καθ’
2510 1693 2852 1775 ὑπερϐολὴν,
2883 1724 2910 1754 ››
2967 1700 3057 1756 καὶ
3092 1725 3120 1752 ‹‹

320 1802 561 1871 «Supra
600 1799 866 1854 modum.
913 1819 940 1847 »
978 1827 1039 1837 -
1091 1819 1117 1846 ‹‹
1182 1798 1332 1851 Dum
1383 1810 1505 1849 non
1568 1798 1925 1865 spectamus.
1959 1814 1979 1839 ιι

2093 1826 2158 1850 —,—
2193 1817 2219 1843 ι(
2253 1791 2344 1859 Μὴ
2377 1790 2727 1846 σκοπούντων
2767 1791 2953 1864 ἡμῶν,
3009 1818 3030 1844 ι

316 1891 607 1957 Quoniam
643 1889 1029 1945 afﬂictionem
1054 1904 1188 1958 quas
1232 1884 1424 1959 gravis
1456 1888 1541 1939 est
1575 1883 1723 1939 dixit
1771 1883 1983 1946 levem,

318 1985 559 2036 enarrat
587 1978 887 2050 quomodo
920 1977 1064 2032 levis
1095 1976 1170 2031 sit
1193 1990 1458 2047 praesens
1488 1973 1756 2029 afllictio.
1784 1972 1839 2026 Si
1862 1987 1984 2026 non

318 2069 787 2133 consideremus;
839 2067 1078 2137 inquit,
1140 2082 1272 2136 qum
1331 2061 1629 2132 videntur,
1690 2060 1795 2116 sed
1852 2077 1984 2131 quae

317 2173 438 2212 non
464 2156 758 2211 videntur.
794 2156 936 2209 Nam
972 2154 1019 2209 si
1052 2153 1250 2208 futura
1269 2150 1668 2224 praesentibus
1690 2164 1981 2221 opponas,

315 2246 467 2301 levia
495 2250 782 2317 apparent
817 2243 1177 2315 prmsentia:
1214 2247 1354 2297 sunt
1382 2240 1543 2296 enim
1588 2237 1981 2310 temporalia:

314 2335 420 2390 illa
451 2351 584 2390 vero
616 2339 861 2389 aaterna.

391 2427 452 2493 V,
488 2425 602 2479 1-4.
641 2446 668 2473 ‹‹
707 2424 936 2479 Scimus
986 2421 1147 2477 enim
1208 2421 1368 2491 quod
1417 2422 1465 2475 si
1524 2426 1826 2475 terrenum
1851 2434 1985 2477 nos-

316 2539 344 2565 ι(
380 2522 538 2571 trum
569 2513 942 2569 domicilium
973 2512 1154 2583 hujus
1191 2510 1556 2567 tabernaculi
1612 2509 1982 2564 destructum

317 2626 345 2654 ‹‹
376 2603 571 2667 fuerii,
611 2603 1068 2658 aedificationem
1091 2616 1161 2655 ex
1218 2600 1337 2655 Deo
1388 2599 1695 2658 habemus.
1728 2596 1985 2653 domici-

319 2716 346 2743 ‹‹
381 2694 529 2749 lium
559 2708 679 2747 non
709 2690 1139 2750 manufactum.
1183 2694 1472 2744 internum
1522 2687 1585 2742 in
1615 2686 1799 2742 caelis.
1835 2686 1981 2741 Nam

320 2805 349 2834 α
382 2783 443 2839 in
466 2784 577 2839 hoc
602 2781 894 2856 geminus.
929 2778 1234 2836 domicilio
1290 2784 1493 2834 nostro
1536 2777 1696 2849 quod
1752 2794 1784 2833 e
1833 2776 1980 2832 c0310

318 2894 347 2923 «
383 2878 472 2928 est
500 2870 850 2944 superindui
875 2870 1305 2926 desiderantes.
1332 2869 1390 2925 Si
1422 2875 1581 2924 certe
1611 2867 1826 2935 induti,
1857 2883 1979 2922 non

318 2982 344 3009 ‹‹
380 2960 525 3016 nudi
575 2961 962 3032 reperiemur.
998 2958 1231 3013 Etenim
1285 2956 1385 3029 qui
1418 2973 1623 3012 sumus
1654 2956 1716 3010 in
1748 2955 1860 3011 hoc
1890 2962 1979 3011 ta-

315 3070 344 3100 ‹‹
375 3048 723 3115 bernaculo,
746 3047 1041 3120 gemimus
1072 3046 1325 3110 onerati,
1347 3052 1662 3118 propterea
1683 3043 1843 3115 quod
1874 3060 1977 3099 n0-

320 3160 349 3188 ‹‹
383 3139 563 3194 limus
595 3136 749 3206 exui,
781 3136 883 3193 sed
907 3134 1280 3208 superindui,
1311 3141 1378 3191 ut
1407 3133 1794 3191 absorbeatur
1823 3149 1978 3189 mor-

320 3248 349 3276 ‹‹
380 3228 581 3283 talitas
613 3242 647 3282 a
676 3226 814 3283 vita.

392 3316 683 3381 Quoniam
731 3321 1090 3372 tractaturus
1117 3320 1208 3371 est
1263 3313 1334 3371 de
1390 3313 1828 3369 resurrectione
1859 3328 1983 3367 ser-

322 3404 664 3471 monem,ad
697 3420 873 3474 quem
895 3404 1183 3458 Corinthii
1216 3402 1516 3458 inﬁrmius
1547 3403 1741 3457 allecti
1773 3406 1981 3456 erant:

321 3493 611 3564 anticipat
640 3492 777 3547 illos
799 3491 1043 3547 dicens:
1097 3515 1122 3542 α
1158 3492 1409 3549 Scimus.
1447 3514 1466 3538 ι
1528 3496 1809 3561 tanquam
1868 3488 1983 3561 ipsi

321 3599 560 3655 quoque
592 3582 816 3637 scirent
845 3598 955 3636 nec
980 3581 1051 3636 de
1102 3581 1537 3636 resurrectione
1592 3580 1980 3652 ambigerent.

315 3703 386 3714 —
420 3672 613 3728 Aliud.
658 3671 839 3726 Multa
904 3671 965 3726 in
1024 3671 1170 3726 631
1236 3670 1642 3742 superioribus
1700 3668 1980 3737 narravit,

313 3763 636 3819 ostendens
660 3761 818 3834 quod
840 3761 1018 3817 etiam
1052 3761 1127 3817 ad
1157 3760 1538 3817 commodum
1572 3760 1650 3815 sit
1676 3760 1898 3816 factum
1914 3764 1983 3815 ut

312 3859 371 3910 et
400 3853 761 3909 afllictiones
781 3869 996 3924 corpus
1031 3858 1425 3907 consumant:
1460 3867 1621 3907 nunc
1653 3849 1812 3921 quod
1844 3849 1979 3921 plus

314 3951 404 4002 est
429 3945 595 4009 dicit,
619 3944 780 4015 quod
804 3943 983 3999 etiam
1014 3942 1360 3999 omnimoda
1390 3942 1654 4015 corporis
1677 3940 1977 4013 corruptio

312 4050 445 4104 quas
475 4034 543 4088 ﬁt
571 4051 677 4105 per
709 4039 984 4095 mortem,
1016 4032 1183 4087 utilis
1214 4037 1305 4087 est
1337 4048 1351 4099 ;
1382 4048 1522 4086 nam
1576 4030 1979 4101 incorruptio-

312 4139 454 4177 nem
486 4123 678 4193 ipsam
711 4138 745 4177 a
774 4122 1156 4193 corruptione
1187 4120 1535 4191 accipimus.

390 4210 529 4264 Vide
561 4217 761 4265 autem
786 4216 1071 4281 quantam
1093 4209 1510 4265 excellentiam
1531 4207 1977 4280 comparatione

310 4297 662 4354 ostenderit.
695 4300 839 4353 Nam
893 4298 1002 4353 hoc
1056 4303 1383 4365 terrenum,
1416 4296 1568 4352 illud
1624 4296 1883 4364 caeleste,
1917 4295 1978 4351 id

312 4396 423 4452 est,
455 4406 698 4445 sumens
729 4406 760 4445 e
795 4388 940 4445 caelo
974 4388 1523 4459 incorruptionem:
1575 4388 1687 4443 hoc
1726 4386 1974 4444 domici‘

310 4480 464 4535 lium
492 4484 583 4535 est
615 4478 985 4535 tabernaculi
1013 4478 1195 4551 (quod
1219 4476 1447 4533 facilem
1475 4478 1772 4551 signiﬁcat
1792 4476 1976 4533 disso-

2085 619 2406 697 βλεπόμενα
2462 622 2791 699 πρόσκαιρα,
2846 624 2917 678 τά
2968 619 3028 679 δὲ
3231 622 3552 699 βλεπόμενα
3607 625 3747 687 αἰώ-

2082 732 2191 769 νια.

2153 803 2295 876 Ὅρα
2322 802 2552 877 τροπὴν,
2598 802 2673 867 είς
2728 803 2791 857 τὸ
2847 800 3063 876 τολμᾷν
3116 803 3405 879 καθαρῥεῖν
3464 808 3573 860 τῶν
3623 825 3748 860 πει-

2088 895 2327 967 ρασμῶν.
2361 893 2435 970 Το
2463 890 2566 966 γάρ
2607 891 2934 966 παραυτίκα,
2994 893 3167 972 φησὶ,
3210 895 3456 949 τουτέστι
3508 895 3572 949 τὸ
3632 890 3750 947 ὀλι-

2085 981 2410 1057 γοχρόνιον,
2437 982 2499 1036 τὸ
2533 982 2739 1061 βραχὺ,
2779 981 2856 1045 είς
2886 983 2949 1038 τὸ
2981 990 3290 1052 παυσθῆναι
3345 990 3446 1053 τῆς
3481 981 3746 1057 θλίψεως.

2087 1069 2203 1126 Οὐκ
2257 1067 2498 1145 ἠρκέσθη
2558 1068 2617 1125 δὲ
2674 1070 2864 1135 είπὼν,
2923 1094 2950 1124 ι
3008 1070 3334 1147 παραυτίκα,
3369 1096 3397 1124 n
3455 1072 3604 1129 ἀλλὰ
3656 1076 3748 1133 καὶ

2089 1185 2115 1211 ‹‹
2150 1158 2442 1239 Ἐλαφρὸν,
2476 1185 2504 1213 ››
2535 1161 2722 1241 φησίν.
2756 1188 2782 1214 κ
2803 1161 3038 1219 Αἷώνιον
3071 1164 3239 1238 βάρος
3270 1161 3593 1243 φησὶβόξης
3617 1188 3753 1224 κατ-

2089 1252 2396 1328 εργάζεται.
2431 1276 2459 1304 ››
2491 1250 2592 1309 Καί
2613 1252 2725 1328 οὐχ
2754 1251 2969 1322 ἁπλῶς,
2995 1251 3142 1309 ἀλλὰ
3168 1256 3286 1309 καθ’
3319 1249 3635 1329 ὑπερϐολήν
3655 1256 3750 1313 καὶ

2089 1340 2167 1404 εἷς
2201 1336 2518 1416 ὑπερϐολὴν
2548 1345 2711 1397 τοῦτο
2740 1346 2956 1399 ποιοῦν.
2993 1341 3090 1397 Καὶ
3124 1342 3225 1418 δρα
3259 1347 3359 1410 τῆς
3410 1345 3753 1418 ἀντιμισθίας

2086 1433 2151 1487 τὸ
2190 1429 2512 1501 πλεονάζον.
2547 1435 2645 1504 Τῷ
2666 1433 2770 1509 γὰρ
2794 1430 3077 1501 οὖτίκα,τὸ
3099 1433 3323 1489 αἰώνιον
3344 1424 3757 1511 ἀντιμετρήσει,

2088 1524 2168 1592 τῷ
2198 1520 2442 1596 ἐλαφρῷ,
2474 1520 2536 1576 τὸ
2571 1521 2733 1596 βαρὺ,
2763 1524 2835 1595 τῇ
2868 1520 3076 1596 θλίψει,
3112 1523 3212 1592 τήν
3247 1521 3428 1593 δόξαν.
3488 1525 3591 1581 Καὶ
3625 1523 3757 1582 οὖδὶ

2090 1607 2227 1686 ἃχρι
2262 1610 2472 1665 τούτων
2541 1610 2594 1664 οἱ
2644 1607 2986 1685 πλεονασμοὶ
3034 1617 3142 1667 τῶν
3194 1609 3543 1685 ἀντιδόσεων,
3603 1612 3755 1670 ἀλλά

3180 1701 3260 1765 εἷς
3352 1699 3684 1777 ὑπερϐολήν.
3720 1727 3751 1758 »ι

3099 1790 3322 1863 Ἐπειδή
3380 1796 3600 1871 βαρεῖαν
3659 1793 3757 1850 οὖ-

2096 1902 2191 1935 σαν
2220 1882 2321 1950 τήν
2354 1879 2563 1954 θλίψιν,
2598 1879 2747 1935 εἶπεν
2778 1878 3041 1957 ἐλαφρὰν,
3075 1879 3424 1957 ἐπεξηγεῖται
3451 1887 3571 1948 πῶς
3599 1881 3746 1939 ἐστιν

2093 1969 2304 2047 ἐλαφρᾶ
2333 1970 2367 2039 ἠ
2394 1970 2511 2024 νυνὶ
2546 1968 2750 2043 θλίψις.
2783 1970 2929 2038 Ἐὰν,
2972 1970 3132 2051 φησὶ,
3195 1972 3270 2045 μὴ
3332 1978 3624 2048 σκοπῶμεν
3681 1973 3752 2030 τὰ

2097 2058 2432 2136 βλεπόμενα,
2463 2056 2612 2114 ἀλλα
2635 2058 2701 2113 τὰ
2736 2060 2812 2132 μή
2852 2057 3187 2135 βλεπόμενα.
3223 2062 3350 2117 Ἐὰν
3395 2062 3495 2137 γὰρ
3523 2063 3591 2118 ταὶ
3642 2061 3757 2120 ἐκεῖ

2090 2154 2208 2211 τοῖς
2247 2152 2336 2203 νῦν
2366 2148 2715 2222 ἀντιστήσῃς,
2765 2147 2975 2226 ἐλαφρά
3028 2151 3096 2204 τά
3149 2153 3242 2205 νῦν
3303 2156 3570 2229 φανεῖται.
3602 2151 3754 2230 Πρό-

2091 2258 2286 2314 σκαιρα
2316 2238 2420 2316 γάρ
2453 2236 2618 2307 ἐστιν,
2651 2236 2826 2293 ἐκεῖνα
2857 2235 2915 2294 δὶ
2957 2237 3171 2298 αίώνια.

2162 2419 2401 2495 Οῗδαμεν
2432 2421 2534 2496 γὰρ
2567 2419 2649 2477 ὅτι
2706 2420 2794 2477 ἐὰν
2851 2422 2887 2492 ἠ
2947 2420 3187 2495 ἐπίγειος
3217 2422 3380 2495 ἡμῶν
3439 2422 3590 2479 οἰκία
3641 2428 3741 2481 τοῦ

2090 2508 2346 2596 σκήνους,
2409 2504 2714 2596 καταλυθῇ,
2768 2504 3072 2579 οἰκοδομὴν
3160 2506 3224 2596 ἐκ
3298 2511 3432 2563 Θεοῦ
3514 2501 3752 2596 Hann,

2090 2594 2262 2651 οἰκίαν
2323 2594 2778 2671 ἀχειροποίητον,
2834 2596 3058 2651 αἰώνιον
3156 2594 3207 2650 ἐν
3268 2602 3389 2661 τοῖς
3471 2594 3749 2673 οὐρανοῖς.

2088 2684 2193 2741 Καὶ
2267 2686 2371 2759 γὰρ
2454 2684 2505 2740 ἐν
2587 2684 2769 2758 τούτῳ
2848 2686 3199 2759 στενάζομεν,
3287 2685 3350 2741 τὸ
3429 2684 3756 2764 οἰκητήριον

2086 2775 2248 2846 ἡμῶν
2342 2775 2405 2830 τὸ
2505 2773 2556 2848 ἐξ
2660 2774 2890 2850 οὐρανοῦ
2963 2772 3357 2840 ἐπενδύσασθαι
3416 2774 3754 2842 ἐπιποθουν-

2086 2883 2194 2925 τες.
2256 2862 2385 2937 Ε’ἶγε
2432 2863 2524 2918 καὶ
2580 2860 2961 2936 ἐνδυσάμενοι,
3043 2864 3109 2919 οὗ
3176 2865 3379 2939 γυμνοὶ
3468 2866 3757 2940 εὐρεθησό⁴

2091 2954 2245 3025 μεθα.
2282 2953 2384 3010 Καὶ
2430 2952 2538 3028 γὰρ
2594 2952 2647 3007 οἱ
2705 2950 2855 3015 ὄντες
2908 2951 2961 3008 ἐν
3014 2956 3094 3024 τῷ
3143 2955 3352 3025 σκήνει,
3423 2957 3749 3028 στενάζομεν

2088 3039 2443 3115 βαρούμενοι,
2512 3040 2597 3118 ἐφ’
2654 3039 2700 3113 ᾦ
2760 3041 2824 3096 οὐ
2909 3039 3143 3115 θέλομεν
3201 3038 3545 3113 ἐκδύσασθαι,
3620 3043 3748 3099 ἀλλ’

2090 3128 2500 3199 ἐπενδύσασθαι,
2552 3127 2641 3185 ’ίνα
2696 3133 2982 3206 καταποθῇ
3064 3130 3127 3186 τὸ
3216 3132 3412 3203 θνητὸν
3490 3132 3595 3187 ὑπὸ
3648 3138 3753 3203 τῆς

2006 3184 2049 3251 θ
2090 3224 2261 3290 ζωῆς.

2163 3307 2387 3377 Ἐπειδὴ
2444 3310 2537 3364 τὸν
2593 3308 2718 3383 περὶ
2764 3308 3110 3374 ἀναστάσεως
3184 3310 3483 3386 γυμνάζειν
3552 3307 3749 3384 μέλλει

2090 3396 2284 3473 λόγον,
2315 3397 2451 3472 πρὸς
2484 3399 2542 3453 ὃν
2576 3398 2627 3453 οἱ
2685 3399 2960 3473 Κορίνθιοι
3014 3398 3397 3474 ἀσθενέστερον
3458 3396 3747 3468 διέκειντο,

2087 3485 2710 3562 προκατασύρειαύτοὺς
2744 3485 2834 3542 διὰ
2883 3492 3002 3557 τοῦ,
3057 3512 3084 3541 ‹‹
3147 3485 3414 3561 Ο’“δαμεν,
3463 3513 3491 3540 »
3525 3489 3599 3552 ὡς
3658 3486 3754 3545 καὶ

2087 3577 2260 3630 αὐτῶν
2319 3574 2713 3650 ἐπισταμένων,
2776 3576 2867 3631 καὶ
2947 3576 3046 3633 οὐκ
3100 3573 3567 3654 ἀμφιϐαλλόντων
3625 3577 3752 3653 περὶ

2087 3668 2189 3734 τήν
2221 3667 2531 3723 ἀνάστασιν.
2569 3699 2630 3710 --
2663 3662 2863 3723 Ἄλλο.
2898 3668 3106 3741 [ΦΩΤ.]
3145 3665 3337 3723 Πολλὰ
3376 3668 3428 3722 ἐν
3484 3673 3602 3730 τοῖς
3634 3666 3752 3724 ἅνω

2085 3754 2360 3826 διεξῆλθε,
2417 3753 2629 3819 δεικνὺς
2688 3754 2816 3818 τοὺς
2903 3756 3243 3832 πειρασμοὺς
3300 3758 3391 3811 καί
3465 3757 3529 3812 τὸ
3587 3762 3753 3830 σῶμα

2083 3846 2391 3925 φθείρεσθαι
2436 3846 2573 3917 πρὸς
2631 3844 2902 3926 ὠφέλειαν
2959 3847 3270 3921 γινόμενον,
3321 3851 3412 3901 νῦν
3455 3846 3519 3903 τὸ
3577 3845 3749 3902 πλέον

2084 3935 2257 4010 λέγει,
2291 3935 2376 3991 ὅτι
2404 3935 2495 3990 καὶ
2526 3937 2561 4006 ἡ
2595 3935 2872 4004 παντελής
2903 3939 3001 3990 τοῦ
3063 3936 3320 4009 σώματος
3352 3937 3515 4010 ἡμῶν
3548 3936 3751 4013 φθορὰ,

2080 4026 2115 4096 ἡ
2150 4024 2240 4081 διὰ
2295 4023 2393 4080 to?)
2452 4024 2701 4092 θανάτου,
2759 4024 3066 4103 ὠφέλιμος.
3122 4028 3256 4084 Ἀπὸ
3314 4026 3419 4102 γὰρ
3480 4028 3749 4104 ιρθαρτοῦ,

2082 4115 2264 4192 φησὶν,
2298 4112 2570 4191 ἃφθαρτον
2599 4113 2732 4169 αύτὸ
2753 4109 3130 4189 λαμϐάνομεν.

2150 4205 2294 4278 Ὅρα
2324 4200 2401 4266 δὲ,
2435 4207 2504 4277 τῇ
2543 4201 2837 4278 παραθέσει
2892 4205 3060 4261 πόσον
3117 4200 3283 4276 ἔδειξε
3337 4205 3400 4261 τὸ
3459 4203 3746 4284 διάφορον.

2082 4295 2261 4350 Τοῦτο
2292 4290 2548 4368 ἐπίγειον,
2581 4291 2753 4348 ἐκεῖνο
2785 4292 3056 4368 οὐράνιον,
3115 4292 3395 4351 τουτέστιν
3458 4294 3511 4366 ἐξ
3571 4296 3744 4370 οὖρα-

2080 4386 2180 4436 νοῦ
2208 4382 2307 4449 τὴν
2343 4381 2643 4457 ἀφθαρσίαν
2694 4377 2995 4456 λαμϐάνον·
3053 4388 3222 4439 τοῦτο
3290 4382 3435 4439 οἷ’κία
3490 4386 3747 4456 σκήνους,

2082 4471 2214 4543 ὅπερ
2244 4470 2309 4525 τὸ
2341 4468 2662 4526 εὐδιαλυτον
2705 4468 2895 4542 δηλοῖ,
2928 4471 3105 4528 ἐκεῖνο
3156 4472 3399 4529 αἰώνιον.
3457 4473 3590 4531 Εἶτα
3647 4471 3746 4528 λέ-

309 4568 645 4637 lutionem),
672 4568 821 4624 illud
849 4574 1161 4623 internum.
1193 4566 1415 4623 Deinde
1439 4567 1615 4623 etiam
1665 4567 1811 4623 illud
1836 4565 1978 4621 dicit

2092 4583 2167 4637 γει
2200 4562 2372 4617 ἐκεῖνο
2400 4563 2492 4617 καὶ
2526 4562 2981 4638 ἀχειροποίητον.
3015 4564 3096 4621 Οὐ
3142 4567 3304 4620 τοῦτο
3360 4561 3619 4637 δηλονότι
3676 4564 3744 4620 τὸ

310 4675 432 4714 non
466 4659 871 4714 manufactum
903 4674 915 4712 :
942 4674 1050 4713 nec
1083 4657 1194 4712 hoc
1216 4664 1374 4713 certe
1406 4674 1622 4730 corpus
1657 4656 1972 4713 manufac-

308 4755 434 4805 tum
468 4750 780 4821 vituperat,
818 4747 920 4803 sed
949 4747 1109 4802 illius
1141 4753 1317 4821 auget
1364 4748 1654 4804 encomia.
1711 4770 1738 4798 ιι
1763 4747 1821 4802 Si
1852 4754 1972 4802 ter-

306 4854 520 4893 renum
552 4849 824 4894 nostrum
858 4837 1250 4893 domicilium.
1290 4859 1318 4886 ››
1376 4838 1699 4894 Terrenum
1731 4835 1973 4907 quidem

310 4925 682 4981 domicilium
714 4933 805 4981 est
833 4925 1029 4980 brevis
1061 4942 1192 4995 quas
1224 4924 1321 4979 hic
1356 4925 1550 4996 agitur
1580 4924 1714 4979 vita.
1748 4923 1973 4993 Corpus

309 5030 446 5070 vero
480 5014 933 5069 tabernaculum
952 5019 1394 5069 estnostrarum
1425 5008 1975 5068 animarum.Aliud

313 5120 395 5158 es:
429 5101 590 5156 enim
617 5101 989 5157 domicilium
1023 5107 1080 5156 et
1109 5101 1272 5156 aliud
1321 5100 1771 5157 tabernaculum
1802 5100 1975 5171 cujus

313 5196 402 5245 est
430 5188 824 5258 domicilium,
858 5197 917 5245 et
946 5190 1109 5245 aliud
1141 5208 1250 5245 nos
1283 5206 1538 5260 quorum
1597 5197 1687 5244 est
1735 5189 1973 5261 proprie

312 5279 787 5335 tabernaculum.
820 5281 875 5333 Si
909 5280 1089 5352 igitur
1120 5278 1515 5346 domicilium,
1548 5278 1761 5350 inquit,
1787 5277 1976 5333 taber-

312 5369 509 5425 naculi
544 5369 729 5424 nostri
763 5370 1141 5430 dissolvatur.
1174 5370 1286 5424 hoc
1320 5375 1429 5435 est,
1465 5369 1657 5423 brevis
1688 5384 1819 5438 qua:
1878 5368 1977 5424 hic

312 5460 509 5532 agitur
537 5459 674 5523 vita,
706 5458 1060 5514 habebimus
1091 5458 1462 5514 domicilium
1492 5475 1613 5514 non
1666 5457 1974 5513 manufac—

312 5554 460 5617 tum,
494 5548 555 5605 id
586 5554 695 5616 est,
729 5548 907 5605 vitam
938 5554 1244 5615 aeternam,
1275 5565 1407 5619 qum
1439 5566 1560 5605 non
1592 5564 1740 5621 opus
1761 5547 1978 5605 habeat

314 5644 518 5695 nostra
548 5656 730 5711 opera
758 5645 861 5698 aut
891 5637 1113 5696 nostris
1144 5636 1420 5695 manibus
1449 5637 1522 5694 ad
1554 5638 1643 5696 sui
1684 5637 1975 5696 constitu-

2082 4651 2253 4727 παρὸν
2287 4656 2447 4724 σῶμα
2490 4650 2882 4726 χειροποίητόν
2944 4652 3110 4721 ἐστιν,
3164 4652 3312 4709 ἀλλὰ
3364 4655 3431 4710 τὰ
3486 4652 3745 4732 ἐγκώμια

2085 4738 2229 4812 αὔξει
2252 4740 2479 4797 ἐκείνου.
2510 4764 2538 4795 ‹‹
2572 4742 2695 4798 Ἐὰν
2728 4742 2763 4811 ἠ
2796 4740 3034 4818 ἐπίγειος
3062 4742 3222 4816 ἥμῶν
3276 4742 3442 4799 οἰκία.
3502 4767 3530 4797 ››
3582 4742 3743 4799 Ἐπί-

2082 4851 2229 4905 γειος
2265 4830 2361 4903 μὶν
2418 4828 2587 4901 οἲκία,
2640 4830 2675 4900 ἠ
2736 4828 2962 4887 ἐνταῦθα
3020 4826 3327 4907 βραχύϐιος
3368 4833 3506 4904 ζωή·
3540 4838 3745 4904 σκῆνος

2085 4917 2163 4988 δὲ,
2194 4919 2257 4974 τὸ
2290 4922 2451 4992 σῶμα
2480 4919 2642 4991 ἡμῶν
2673 4924 2781 4975 τῶν
2812 4923 3030 4995 ψυχῶν.
3062 4921 3242 4979 ’Άλλο
3287 4922 3388 4995 γὰρ
3448 4921 3614 4992 οἰκία,
3646 4920 3746 4978 καὶ

2084 5006 2227 5063 ἄλλο
2252 5008 2314 5063 τὸ
2341 5015 2541 5077 σκῆνος
2570 5008 2632 5062 οὗ
2657 5006 2803 5064 ἐστιν
2833 5009 2867 5079 ἠ
2901 5008 3074 5079 οἰκία,
3104 5010 3193 5065 καὶ
3243 5008 3386 5066 ἄλλο
3440 5011 3630 5084 ἡμεῖς,
3659 5011 3739 5066 ὧν

2084 5096 2194 5152 ἐστι
2219 5097 2283 5151 τὸ
2316 5104 2515 5165 σκῆνος
2542 5094 2705 5155 ’ἰδιον.
2770 5098 2887 5153 Ἐὰν
2947 5096 3063 5167 οὖν,
3130 5098 3315 5177 φησὶν,
3373 5099 3582 5169 ἠοῖκία
3638 5103 3742 5155 τοῦ

2084 5188 2317 5256 σκήνους
2346 5186 2508 5256 ήμῶν
2554 5184 2860 5261 καταλυθῇ.
2920 5185 3194 5243 τουτέστιν
3243 5188 3279 5257 ἡ
3339 5188 3564 5251 ἐνταῦθα
3598 5188 3740 5263 βρα-

2085 5272 2283 5352 χύϐιος
2315 5276 2455 5345 ζωὴ,
2487 5270 2675 5349 ἕξομεν
2728 5274 2903 5331 οἰκίαν
2959 5276 3412 5353 ἀχειροποίητον,
3466 5277 3741 5349 τουτέστι,

2088 5366 2233 5435 ζωὴν
2267 5362 2509 5431 αἷώνιον,
2545 5364 2609 5419 οὐ
2658 5361 3067 5441 προσδεομένην
3123 5372 3224 5435 τῆς
3279 5366 3551 5442 ἡμετέρας
3580 5364 3746 5441 ἐργα-

2086 5453 2204 5515 σίας
2234 5453 2319 5508 καὶ
2351 5457 2461 5508 τῶν
2492 5453 2777 5525 ἡμετέρων
2805 5458 3009 5530 χειρῶν
3050 5455 3186 5530 πρὸς
3235 5455 3503 5511 σύστασιν.
3539 5454 3745 5519 Καλῶς

2086 5541 2144 5600 Si
2179 5543 2254 5606 ὡς
2286 5542 2423 5618 πρὸς
2456 5538 2877 5613 ἀντιδιαστολήν
2935 5545 3034 5614 τῆς
3070 5544 3354 5622 παρούσης
3411 5548 3578 5615 ζωῆς,
3635 5545 3741 5615 τήν

2088 5630 2399 5708 μέλΛουσαν
2449 5629 2882 5708 ἀχειροποίητον
2941 5633 3111 5695 εἶπεν.
3162 5635 3227 5691 Ἡ
3305 5635 3411 5710 γὰρ
3469 5639 3721 5712 παροῦσα
