4080 6406
285 350 427 439 .qu

1267 346 1666 408 COMMENT.
1716 344 1802 406 IN
1849 344 2095 406 EPIST.
2144 344 2201 406 II
2242 345 2355 408 AD
2396 347 2773 413 CORIN’I‘H.

3613 353 3737 414 970

306 480 415 561 ἀπὸ
443 483 556 538 τῶν
596 483 803 561 χειρῶν
848 474 967 556 ἔχει
1024 480 1127 550 τήν
1185 478 1463 551 σὺστασιν,
1522 476 1709 555 ἄρτου,
1766 480 1959 547 ποτοῦ,

2084 479 2323 537 tionem.
2352 481 2508 541 Bene
2539 488 2738 541 autem
2768 484 2843 541 ad
2869 482 3184 557 praesentis
3240 484 3373 540 vitea
3433 498 3738 557 compara-

303 560 397 629 καὶ
428 560 752 645 ἐνδύματος.
785 569 977 633 Οὕτως
1011 571 1040 626 ὁ
1070 568 1230 648 ἅγιος
1266 568 1562 638 Μεθόδιος,
1612 568 1665 624 ἐν
1710 572 1790 641 τῷ
1840 567 1971 641 Περὶ

312 661 655 724 ἀναστάσεως
691 658 871 739 λόγῳ.
929 693 1000 704 --
1055 658 1259 717 ²Ἄλλο.
1312 660 1585 736 Ἐπίγειον
1644 657 1820 714 οἷκίαν
1872 658 1971 725 τήν

315 753 454 809 κατᾶ
482 751 575 807 τὸν
606 751 847 826 παρόντα
905 750 1025 826 βίον
1085 748 1236 827 λέγει
1293 746 1597 826 διαγωγὴν,
1666 755 1866 818 σκῆνος
1914 744 1972 803 δὲ

314 842 380 901 τὸ
409 846 589 918 σῶμα.
623 841 749 898 Ἐὰν
795 839 972 897 τοίνυν
1031 835 1176 916 λάϐῃ
1226 837 1386 904 τέλος
1439 840 1507 896 τὰ
1551 839 1815 915 παρόντα,
1871 838 1971 907 τήν

314 930 744 1009 ἀχειροποίητον
775 927 978 1007 ἔχομεν
1028 928 1227 1004 οΐκίαν,
1284 932 1387 1000 τήν
1447 928 1668 985 αἰώνίον
1724 928 1816 984 καὶ
1873 925 1969 983 οὑ-

314 1022 623 1099 ράνιονίο-
651 1018 854 1079 Ἄλλο.
890 1020 1163 1096 Ἐπίγειον
1197 1019 1369 1075 οἰκίαν
1402 1021 1658 1090 σκήνους,
1688 1019 1750 1073 τὸ
1809 1021 1970 1091 σῶμα

308 1108 491 1168 καλεῖ.
524 1134 553 1163 ιι
587 1107 906 1184 Οἷκοδομήν
937 1108 997 1164 ἐκ
1025 1112 1161 1165 Θεοῦ
1189 1105 1412 1185 ἔχομεν,
1448 1133 1476 1161 ››
1514 1109 1647 1167 Οῖον
1695 1109 1795 1179 τήν
1844 1106 1967 1162 ἀνα-

310 1198 526 1274 νέωσιν,
556 1201 657 1270 τὴν
685 1197 910 1276 ἔγερσιν.
945 1223 974 1253 ι‹
1030 1202 1120 1256 Ἐν
1177 1199 1294 1261 τοῖς
1344 1198 1615 1273 οὐρανοῖς.
1649 1221 1679 1250 ››
1730 1197 1864 1255 Οἶον
1913 1195 1965 1252 ἐν

307 1296 426 1354 τοῖς
485 1290 740 1367 οὐρανοῖς
795 1292 1311 1347 κατασκευασθεῖσαν
1368 1288 1660 1370 ἄφθαρτον,
1724 1287 1969 1344 τουτέστι

308 1377 401 1436 διὰ
429 1380 663 1459 χάριτος
693 1378 967 1455 οὑρανίοῦ.
1001 1378 1105 1436 Καὶ
1150 1379 1276 1454 γὰρ,
1325 1377 1379 1434 ἐν
1429 1377 1632 1451 τούτῳ,
1682 1375 1799 1432 ἀντὶ
1846 1379 1964 1444 τοῦ,

312 1466 402 1525 διὰ
446 1472 630 1527 τοῦτο.
664 1499 692 1526 α
732 1468 1093 1542 Στενάζομεν.
1128 1491 1155 1521 ››
1205 1468 1409 1542 Ὑμεῖς,
1455 1466 1613 1543 φησί,
1670 1464 1966 1539 στενάζετε,

309 1561 385 1623 ὡς
440 1558 607 1628 εἲκὸς,
659 1557 1022 1637 φθειρομένου
1068 1561 1168 1614 τοῦ
1224 1558 1479 1633 σώματος
1538 1557 1691 1631 ὑμῶν
1751 1555 1802 1611 ἐν
1847 1560 1967 1618 ταῖς

312 1647 583 1724 θλίψεσιν.
613 1649 809 1722 Ἡμεῖς
871 1645 951 1721 δὲ,
1011 1648 1095 1709 οἶς
1137 1647 1368 1724 ἐναργής
1393 1650 1428 1718 ἡ
1462 1647 1646 1709 πίστις
1691 1653 1793 1717 τῆς
1837 1645 1968 1701 ἀνα-

312 1738 573 1807 στάσεως,
630 1736 951 1811 στενάζομεν
1008 1738 1093 1793 ὅτι
1154 1738 1230 1810 μή
1321 1734 1605 1798 παντελῶς
1671 1734 1967 1815 φθείρεται.

317 1827 487 1922 Διατί.
546 1829 669 1885 Ὀτι
727 1827 1093 1899 ἐπιποθοῢμεν
1143 1826 1206 1882 τὸ
1265 1823 1533 1922 ἄφθαρτον
1585 1828 1747 1900 ἡμῶν
1808 1830 2045 1922 σῶμαΒ

309 1914 720 1974 ἐπενδύσασθαι.
756 1915 945 1978 Καλῶς
1007 1914 1066 1971 δὲ
1118 1916 1204 1987 τὸ,
1266 1940 1293 1968 ι(
1329 1912 1770 1980 Ἐπενδὺσασθαι.
1802 1938 1831 1967 n
1888 1914 1967 1972 Τό

310 2005 415 2082 γὰρ
442 2005 636 2075 θνητὸν
683 2008 847 2060 τοῦτο
905 2008 1065 2078 σῶμα
1121 2000 1431 2059 ἐπενδὺεται
1486 2003 1587 2072 τήν
1647 2000 1964 2079 ἀφθαρσίαν.

313 2117 343 2147 ‹‹
374 2094 451 2152 Τὸ
473 2093 792 2169 οἰκητήριον
816 2094 1001 2167 ἡμῶν.
1027 2116 1055 2145 »
1083 2091 1199 2150 Οὑκ
1228 2093 1366 2163 εἶπε,
1393 2099 1625 2164 Σκῆνος,
1646 2090 1796 2161 ἀλλ’,
1827 2116 1855 2144 (ι
1878 2092 1970 2150 Οἱ-

309 2184 601 2259 κητήριον,
634 2206 663 2236 ››
693 2185 793 2253 τὴν
823 2182 899 2245 εἰς
947 2180 1078 2239 αὑτὸ
1115 2180 1335 2263 ἀσφαλῆ
1390 2183 1561 2257 μονὴν
1609 2180 1699 2237 καὶ
1750 2181 1965 2255 οἴκησιν

312 2269 524 2344 δηλῶν.
558 2306 622 2315 -
654 2270 858 2331 Ἀλλο.
891 2274 1218 2348 [ΘΕΟΔΩΡ.]
1250 2273 1585 2348 Οίκητήριον
1614 2271 1837 2329 ἐνταῦθα
1865 2274 1965 2343 τήν

310 2363 612 2442 ἀφθαρσίαν
645 2360 916 2420 ἐκάλεσεν.
950 2363 1064 2419 Οὑκ
1085 2364 1209 2419 εἶπε
1257 2360 1339 2432 δὲ,
1384 2359 1764 2433 ³Ενδὺσασθαι,
1813 2360 1965 2436 ἀλλ’,

311 2478 339 2505 ‹‹
376 2449 821 2517 Ἐπενδὺσασθαι.
856 2476 885 2506 n
913 2452 1066 2511 Ἐπεὶ
1099 2451 1208 2528 οὑχ
1233 2449 1414 2528 ἕτερον
1444 2449 1744 2527 ἐνδυόμεθα
1782 2457 1964 2527 σῶμα,

312 2542 459 2601 ἀλλά
485 2544 549 2599 τὸ
595 2544 833 2621 φθαρτὸν
884 2549 1068 2617 τοῦτο,
1123 2546 1227 2615 τήν
1285 2543 1577 2625 ἀφθαρσίαν
1635 2541 1965 2606 ἐπενδὺεται.

307 2658 338 2688 ι(
368 2635 448 2692 Τὸ
476 2634 533 2705 ἐξ
565 2634 825 2710 οὐρανοῦ.
861 2659 883 2689 ι
920 2633 1036 2692 Οὑκ
1083 2630 1273 2703 ἐπειδὴ
1322 2633 1374 2708 ἐξ
1425 2633 1661 2710 οὐρανοῦ,
1702 2634 1965 2707 κάτεισιν,

314 2721 442 2779 ἀλλ’
499 2719 690 2793 ἐπειδὴ
750 2723 811 2780 ἐκ
865 2727 998 2779 Θεοῦ
1050 2723 1151 2793 τήν
1205 2722 1499 2802 ἀφθαρσίαν
1587 2719 1876 2798 λαμϐάνει.
1937 2747 1962 2780 ι

313 2811 439 2890 Εῖγε
469 2812 561 2869 καὶ
591 2811 939 2887 ἐνδυσάμενοι
981 2812 1043 2869 οὑ
1100 2813 1302 2889 γυμνοὶ
1358 2813 1782 2888 εὑρεθησόμεθα.
1837 2839 1866 2868 ››
1904 2847 1966 2858 -

311 2904 553 2977 [IQANJ
613 2902 875 2960 Τουτέστι
957 2899 1052 2958 κάν
1134 2902 1468 2977 ἀποθώμεθα
1531 2903 1594 2958 τὸ
1663 2907 1844 2978 σῶμα,
1904 2903 1968 2959 οὑ

314 2993 494 3070 χωρὶς
527 2993 783 3067 σώματος
815 2990 927 3048 ἐκεῖ
955 2992 1440 3068 παραστησόμεθα,
1482 2991 1629 3049 ἀλλὰ
1663 2996 1777 3068 μετ’
1806 2993 1969 3050 αὑτοῦ

312 3082 596 3162 ἀφθάρτου
653 3082 973 3160 γενομένου.
1067 3083 1216 3145 Τινὲς
1297 3080 1355 3138 δέ
1411 3103 1592 3163 φασιν,
1650 3080 1822 3157 Eine;
1879 3082 1970 3139 καὶ

313 3169 760 3247 ἐπενδυσάμενοι,
818 3170 881 3227 οὑ
936 3171 1134 3248 γυμνοὶ
1227 3173 1655 3248 εὑρεθησόμεθα.
1713 3177 1823 3231 *Ινα
1866 3172 1969 3249 γὰρ

324 3262 404 3336 μὴ
466 3260 569 3315 ἀπὸ
621 3269 720 3332 τῆς
775 3260 1116 3325 ἀναστάσεως
1167 3262 1365 3325 πάντες
1451 3261 1715 3338 θαῤῥῶσι,
1777 3262 1965 3340 φησὶν,

324 3375 354 3403 ιι
387 3347 515 3426 Εῗγε
561 3350 646 3407 καὶ
703 3348 1075 3426 ἐνδυσάμενοι,
1108 3374 1137 3404 ››
1194 3351 1489 3423 τουτέστιν,
1539 3352 1838 3431 ἀφθαρσίαν
1878 3353 1970 3408 καὶ
2015 3399 2017 3402 .

316 3444 479 3513 σῶμα
504 3436 771 3516 ἄφθαρτον
800 3435 1082 3511 λαϐόντες,
1116 3465 1145 3494 «
1179 3442 1244 3497 οὑ
1272 3442 1474 3518 γυμνοὶ
1505 3440 1910 3517 εὑρεθησόμεθα
1939 3463 1969 3494 ››

315 3529 501 3601 δόξης.
561 3529 623 3585 Ἦ
685 3530 783 3603 μὲν
840 3531 945 3608 γὰρ
1009 3530 1294 3594 ἀνάστασις
1353 3532 1508 3601 κοινή
1568 3530 1805 3602 πάντων,
1844 3533 1881 3600 ἡ
1914 3526 1973 3585 δὶ

315 3616 445 3691 δόξα
474 3619 576 3675 οὑκ
606 3612 687 3675 ἔτι
713 3617 834 3691 ἵση,
867 3618 994 3677 ἀλλ’
1023 3622 1077 3675 οἱ
1111 3619 1204 3694 μέν
1235 3618 1287 3675 ἐν
1319 3625 1482 3696 τιμῇ,
1535 3620 1587 3675 οἱ
1641 3617 1698 3676 δὶ
1746 3619 1797 3676 ἐν
1845 3620 1971 3676 ἀτι-

320 3709 437 3785 μίᾳ.
472 3733 501 3762 ι(
556 3709 638 3767 Οὑ
691 3710 892 3786 γὺμνοὶ
942 3710 1366 3785 εὑρεθησόμεθα.
1401 3734 1430 3762 ››
1478 3713 1590 3766 Ἵνα
1642 3711 1718 3783 μὴ
1771 3709 1830 3765 ἐκ
1870 3715 1970 3779 τῆς

319 3796 657 3859 ἂναστάσεως
692 3797 864 3871 μόνης
896 3798 987 3853 καὶ
1026 3795 1088 3853 ἐκ
1126 3803 1227 3867 τῆς
1284 3801 1380 3852 τοῦ
1438 3796 1695 3871 σώματος
1740 3794 1971 3853 ἐναλλα-

320 3895 424 3967 γῆς
483 3888 755 3963 νομίσωσι
811 3888 874 3943 τὸ
931 3894 1033 3944 πᾶν
1093 3891 1512 3961 κατορθοῦσθαι,
1572 3886 1785 3962 ἐπάγει·
1848 3884 1975 3964 Εῗγε

318 3978 411 4035 καὶ
469 3976 742 4057 ἄφθαρτον
801 3977 932 4034 αὑτὸ
987 3974 1360 4050 ἐνδυσάμενοι,
1416 3975 1478 4032 οὑ
1551 3977 1748 4054 γυμνοὶ
1812 3973 1974 4047 δόξης

318 4068 413 4124 καὶ
449 4074 621 4142 τιμῆς
682 4066 1009 4142 εὑρεθῶμεν.
1070 4068 1134 4124 ἹΙ
1189 4067 1292 4143 γὰρ
1350 4066 1638 4147 ἀφθαρσία,
1697 4071 1815 4129 τοῖς
1878 4064 1973 4140 μὲν

322 4157 402 4221 είς
460 4157 684 4233 ἀγαθὸν,
741 4162 862 4220 τοῖς
912 4155 970 4212 δὶ
1026 4157 1101 4219 εἷς
1166 4156 1330 4212 κακὸν
1395 4154 1564 4227 ἔσται,
1650 4153 1978 4225 διαιωνίζειν

320 4251 577 4319 ποιοῦσα,
607 4248 824 4312 καὶτὰς
867 4246 1054 4322 τιμὰς,
1113 4246 1206 4302 καὶ
1247 4247 1344 4308 τὰς
1393 4245 1666 4323 τιμωρίας
1724 4246 1979 4317 στενάζο-

324 4358 446 4412 μεν.
511 4358 534 4388 α
595 4335 888 4411 Στένομεν,
948 4360 978 4389 »
1037 4337 1223 4413 φησὶν,
1283 4335 1383 4391 οὑκ
1437 4334 1827 4411 ἀπαλλαγῆναι
1882 4340 1979 4392 τοῦ

322 4426 580 4500 σώματος
610 4424 906 4505 ἐφιέμενοι,
945 4424 1091 4482 ἀλλὰ
1119 4429 1228 4481 τῶν
1259 4428 1445 4482 παθῶν
1496 4424 1661 4480 αὑτοῦ
1704 4424 1981 4501 ἐλεύθεροι

318 4516 568 4594 γενέσθαι
621 4516 941 4579 ποθοῦντες.
984 4516 1064 4573 Οὑ
1112 4517 1218 4592 γὰρ
1266 4512 1637 4580 ἀποδύσασθαι
1684 4517 1747 4571 τὸ
1797 4520 1977 4588 σῶμα,

2000 3220 2043 3287 C

2085 569 2312 626 tionem
2348 571 2497 627 dixit
2527 572 2789 629 futuram
2820 591 2941 630 non
2973 591 3103 631 esse
3132 573 3411 631 manibus
3466 573 3688 629 factam
3720 588 3734 627 :

2082 674 2215 715 nam
2249 678 2514 733 praesens
2548 664 2825 720 manibus
2856 664 3034 721 habet
3062 664 3364 729 constitui,
3391 680 3606 736 nempe
3632 679 3739 736 per

2082 748 2303 815 cibum,
2335 757 2565 823 potum,
2598 753 3039 809 indumentum.
3081 756 3168 810 Ita
3194 753 3361 809 divus
3392 752 3572 809 habet
3617 754 3736 807 Me-

2082 838 2322 896 thodius
2348 841 2455 897 lib.
2487 844 2565 899 De
2604 846 3016 900 resurrectione.
3039 873 3110 884 —
3164 843 3358 900 Aliud.
3417 844 3736 898 Terrenum

2081 926 2451 986 domicilium
2482 931 2628 988 dicit
2670 932 2981 1005 praesentis
3012 932 3142 987 vitae
3200 932 3733 1001 conservationem,

2082 1018 2535 1078 tabernaculum
2556 1039 2692 1079 vero
2715 1024 3020 1096 corpus.Si
3042 1039 3203 1078 nunc
3224 1022 3405 1078 linem
3428 1022 3737 1094 accipiunt

2078 1110 2419 1179 praesentia,
2449 1112 2822 1169 domicilium
2856 1112 3145 1169 habemus
3173 1129 3296 1168 non
3328 1112 3735 1168 manufactum

2082 1204 2372 1257 aeternum
2403 1219 2472 1259 ac
2493 1203 2751 1260 caeleste.
2777 1235 2846 1244 —
2876 1204 3068 1259 Aliud.
3103 1205 3428 1259 Terrenum
3461 1202 3737 1258 taberna-

2079 1288 2199 1344 culi
2220 1288 2593 1349 domicilium
2624 1298 2791 1350 vocat
2819 1309 3056 1365 corpus.
3091 1313 3120 1343 η
3150 1292 3626 1349 Αέάίίὶοειιίοηεῐη
3671 1308 3742 1348 ex

2081 1378 2200 1433 Deo
2232 1379 2544 1449 habemus,
2580 1405 2608 1433 »
2641 1383 2752 1438 hoc
2811 1388 2922 1454 est,
2953 1382 3407 1440 renovationem
3438 1399 3745 1439 resurrec-

2079 1466 2329 1524 tionem.
2368 1493 2395 1520 ‹‹
2430 1471 2495 1526 In
2526 1471 2713 1541 cmlis,
2747 1495 2775 1522 »
2812 1473 2871 1528 id
2905 1478 2995 1529 est
3026 1478 3425 1546 praeparatam
3460 1472 3522 1527 in
3554 1472 3739 1545 caelis,

2078 1556 2616 1633 incorruptibilem,
2667 1579 2883 1635 nempe
2941 1579 3049 1635 per
3099 1562 3352 1635 gratiam
3410 1561 3736 1622 ccelestem.

2078 1646 2224 1701 Nam
2256 1645 2307 1701 ἐν
2337 1648 2540 1722 τούτῳ,
2573 1651 2633 1707 id
2665 1658 2774 1720 est,
2809 1653 2870 1708 in
2894 1652 3029 1721 hoc,
3062 1652 3297 1724 capitur
3345 1669 3454 1724 pro
3487 1647 3575 1706 διὰ
3605 1649 3736 1705 τοὺ-

2076 1753 2192 1805 του,
2228 1736 2285 1793 id
2320 1743 2428 1806 est,
2462 1756 2569 1812 per
2620 1741 2752 1797 hoc.
2786 1763 2815 1792 «
2876 1741 3200 1797 Gemimus.
3226 1761 3255 1792 η
3313 1742 3449 1812 Vos,
3515 1740 3731 1813 inquit,

2078 1825 2316 1896 gemitis
2346 1832 2411 1882 ut
2437 1828 2761 1884 verisimile
2784 1834 2874 1885 est
2898 1828 3057 1901 quod
3088 1846 3305 1902 corpus
3355 1834 3616 1886 vestrum
3646 1828 3735 1884 af-

2076 1912 2440 1972 ﬂictionibus
2474 1923 2927 1991 corrumpatur:
2961 1935 3071 1974 nos
3102 1924 3301 1974 autem
3325 1918 3541 1990 quibus
3573 1924 3736 1974 certa

2076 2011 2167 2062 est
2196 2024 2333 2079 spes
2363 2009 3138 2082 resurrectionisgemimus
3161 2009 3320 2081 quod
3342 2026 3465 2065 non
3493 2010 3735 2081 penitus

2076 2104 2511 2169 corrumpatur.
2536 2099 2929 2164 Quamobrem
2950 2100 2977 2154 ‘?
2998 2100 3144 2164 Quia
3165 2098 3438 2171 cupimus
3460 2105 3733 2154 nostrum

2076 2202 2290 2257 corpus
2322 2187 2669 2258 superindui
2721 2188 3308 2261 incorruptibilitate.
3343 2189 3501 2242 Bene
3528 2193 3731 2243 autem

2075 2295 2103 2324 «
2137 2275 2496 2347 Superindui
2521 2294 2535 2345 ;
2568 2298 2596 2327 »
2632 2293 2771 2333 nam
2800 2277 3054 2333 mortale
3080 2277 3191 2332 hoc
3212 2293 3427 2349 corpus
3458 2276 3735 2348 superin-

2073 2364 2203 2421 duit
2231 2366 2877 2440 incorruptibilitatem.
2899 2392 2927 2419 «
2953 2367 3263 2424 Domicilio
3296 2374 3522 2423 nostro.
3550 2390 3578 2417 »
3601 2369 3731 2424 Non

2074 2454 2260 2511 dixit:
2292 2457 2718 2528 Tabernaculo,
2752 2458 2877 2526 sed,
2919 2480 2944 2511 α
2974 2457 3310 2524 Domicilio,
3337 2480 3365 2508 ››
3386 2457 3730 2530 significans

2076 2544 2310 2601 ﬁrmam
2344 2548 2718 2604 mansionem
2756 2564 2835 2604 ac
2892 2547 3346 2603 habitationem.
3405 2577 3475 2588 -—
3540 2546 3726 2602 Aliud.

2072 2634 2454 2692 Domicilium
2487 2637 2753 2693 hocloco
2786 2638 2942 2694 032
2983 2637 3208 2692 vocavit
3264 2634 3731 2707 incorruptibili-

2075 2729 2277 2781 tatem.
2314 2727 2439 2781 Non
2470 2725 2619 2781 dixit
2647 2732 2868 2795 autem,
2900 2726 3096 2795 Indui,
3126 2725 3276 2781 sed»
3309 2724 3727 2797 Superindui;»

2076 2815 2564 2888 quandoquidem
2594 2833 2719 2873 non
2750 2816 2913 2873 aliud
2961 2816 3270 2872 induimus
3325 2833 3560 2887 corpus,
3621 2814 3727 2871 sed

2077 2904 2462 2976 corruptibile
2491 2906 2601 2961 hoc
2642 2905 3023 2979 superinduit
3080 2904 3740 2976 incorruptibilitatem.

2080 3014 2105 3047 ιι
2139 2994 2305 3060 Quod
2337 3012 2368 3050 e
2401 2996 2548 3051 caelo
2580 3001 2690 3053 est.
2728 3018 2756 3045 »
2786 2998 2914 3051 Non
2947 2994 3105 3065 quod
3151 3011 3181 3049 e
3212 2993 3358 3049 caelo
3388 2993 3738 3059 descendat,

2079 3082 2185 3138 sed
2216 3083 2374 3154 quod
2401 3100 2435 3140 a
2473 3084 2592 3140 Deo
2642 3083 3273 3156 incorruptibilitatem
3304 3082 3579 3154 accipiat.
3615 3103 3643 3133 ‹‹
3677 3081 3738 3153 Si

2083 3178 2243 3228 certe
2300 3174 2494 3229 induti
2543 3191 2663 3230 non
2725 3173 2873 3230 nudi
2929 3173 3321 3245 reperiemur.
3385 3194 3413 3222 n
3450 3174 3569 3227 Hoc
3625 3175 3737 3239 est,

2083 3279 2427 3335 quanquam
2457 3263 2684 3319 anobis
2706 3280 2920 3335 corpus
2950 3263 3273 3331 auferatur,
3305 3278 3428 3317 non
3460 3262 3588 3317 sine
3612 3278 3744 3316 cor-

2081 3368 2225 3424 pore
2255 3353 2338 3407 ibi
2371 3353 2673 3422 sistemur,
2707 3351 2813 3408 sed
2843 3369 2979 3409 cum
3007 3351 3219 3407 eodem
3275 3351 3430 3406 facto
3463 3351 3736 3407 incorru-

2081 3441 2563 3513 ptibili.Quidam
2583 3448 2781 3499 tamen
2813 3442 3022 3498 dicunt
3047 3459 3061 3499 :
3087 3442 3142 3497 Si
3172 3446 3332 3497 certe
3365 3439 3741 3513 superinduti

2082 3546 2205 3587 non
2235 3532 2381 3587 nudi
2412 3531 3116 3604 reperiemur.Siquidem
3148 3547 3226 3586 ne
3258 3546 3467 3587 omnes
3499 3545 3742 3586 aresur-

2082 3621 2348 3678 rectione
2381 3621 2660 3678 ﬁduciam
2693 3620 3042 3682 sumant.ait
3073 3638 3086 3676 :
3113 3643 3141 3671 «
3168 3620 3226 3675 Si
3270 3625 3429 3676 certe
3463 3619 3678 3687 induti,
3710 3640 3740 3670 »ι

2081 3711 2195 3766 hoc
2224 3715 2335 3779 est,
2369 3717 2611 3783 accepta
2667 3709 3230 3782 incorruptibilitate
3263 3715 3321 3764 et
3349 3725 3596 3780 corpore
3650 3709 3744 3763 in-

2083 3799 2478 3871 corruptibili,
2504 3816 2625 3855 non
2648 3799 2836 3871 gloria
2866 3797 3073 3853 nudati
3103 3798 3495 3869 reperiemur.
3523 3798 3748 3852 Resur-

2083 3888 2266 3944 rectio
2298 3904 2557 3960 namque
2611 3888 2949 3944 communis
2981 3888 3094 3942 erit
3145 3887 3437 3955 omnium,
3470 3890 3531 3941 at
3554 3885 3745 3957 gloria

2084 3996 2205 4036 non
2238 3980 2379 4035 item
2397 3980 2644 4051 aequalis
2664 3995 2677 4033 :
2695 3978 2799 4034 sed
2822 3978 2924 4034 alii
2949 3977 3191 4049 quidem
3212 3982 3389 4033 erunt
3409 3975 3472 4031 in
3495 3976 3746 4045 honore,

2086 4070 2189 4126 alii
2219 4086 2355 4126 vero
2388 4070 2449 4125 in
2480 4069 2864 4125 contumelia.
2898 4091 2927 4119 «
2960 4069 3088 4123 Non
3138 4068 3283 4124 nudi
3316 4067 3743 4139 reperiemur.»

2086 4162 2167 4217 Ne
2182 4177 2249 4217 ex
2263 4160 2391 4217 sola
2411 4159 2849 4227 resurreciione
2864 4174 3301 4231 corporumque
3326 4156 3748 4213 immutatione

2088 4251 2432 4307 existiment
2458 4266 2586 4305 rem
2608 4266 2850 4305 omnem
2882 4253 3188 4321 peractam
3220 4263 3372 4316 esse,
3408 4246 3744 4320 subjungit:

2089 4341 2145 4396 Si
2179 4346 2339 4397 certe
2389 4340 2955 4412 incorruptibilitate
3006 4339 3137 4410 ipsa
3167 4337 3512 4405 induti,non
3541 4336 3750 4392 nudati

2090 4430 2464 4502 reperiemur
2492 4429 2681 4501 gloria
2709 4434 2769 4484 et
2794 4426 3354 4499 honore.Siquidem
3382 4425 3752 4497 incorruptio

2092 4519 2186 4574 his
2235 4518 2478 4590 quidem
2538 4520 2600 4574 in
2638 4517 3047 4585 malum,-illis
3078 4534 3214 4572 vero
3238 4517 3301 4572 in
3331 4515 3557 4572 bonum
3593 4515 3748 4572 erit:

322 4605 456 4663 ἀλλ’
504 4603 889 4662 ἐπενδύσασθαι
938 4606 1039 4677 τὴν
1085 4604 1383 4681 ἀφθαρσίαν
1440 4603 1767 4681 ὀρεγόμεθα.
1814 4628 1843 4657 ι(
1878 4607 1972 4662 Βα-

2095 4612 2383 4679 perpetuo
2411 4606 2625 4662 durare
2664 4606 2889 4662 faciens
2922 4611 2978 4661 et
3010 4606 3271 4662 honores
3326 4610 3384 4659 et
3438 4603 3749 4676 supplicia.

325 4696 609 4772 ροὺμενοι.
656 4721 685 4749 ››
745 4692 970 4767 Ἐπειδή
1028 4694 1302 4751 ἀντέχειτο
1359 4692 1508 4764 αὑτῷ
1565 4697 1601 4764 ἡ
1659 4694 1815 4763 κοινὴ
1871 4698 1980 4750 τῶν

324 4786 630 4860 ἀνθρώπων
674 4783 822 4857 δόξα,
861 4784 943 4856 Τί,
1002 4785 1160 4861 φησὶ,
1215 4785 1508 4855 στενάζεις,
1555 4784 1645 4839 ἳνα
1691 4784 1871 4860 ἀποθῇ
1920 4784 1984 4839 τὸ

327 4881 526 4949 cibum;
559 4875 752 4933 Καίτοι
782 4873 979 4940 πάντες
1032 4874 1311 4952 ἂνθρωποι
1366 4876 1711 4943 στενάζουσιν
1752 4873 1844 4928 ἳνα
1903 4873 1981 4945 μή

325 4965 660 5032 ἀποθάνωσι,
690 4964 874 5045 φησίν.
906 4961 1048 5022 Οὐδὲ
1100 4966 1267 5037 ἡμεῖς
1316 4964 1663 5036 στενάζομεν,
1708 4960 1801 5018 ’ίνα
1847 4963 1987 5019 ἀπο-

326 5056 556 5130 θώμεθα
584 5055 646 5111 τὸ
678 5060 840 5129 σῶμα
869 5054 979 5128 ικαὶ
1029 5051 1400 5127 ἐκδυσώμεθα,
1449 5051 1578 5109 ἀλλ’
1623 5054 1715 5109 ’ἱνα
1770 5050 1989 5108 ἐπενδυς

329 5145 555 5220 σώμεθα
591 5147 693 5216 τήν
724 5143 1042 5221 ἀφθαρσίαν,
1079 5144 1160 5201 Οὐ
1199 5144 1302 5218 γὰρ
1355 5139 1568 5212 ἐπειδὴ,
1616 5140 1772 5222 φησὶ,
1826 5142 1988 5216 σῶμά

326 5233 466 5305 ἐστι,
502 5233 841 5310 βαροὺμεθα,
891 5230 1020 5288 ἀλλ’
1068 5231 1254 5303 ἐπειδὴ
1306 5232 1503 5304 θνητὸν
1551 5231 1644 5287 καὶ
1692 5228 1983 5308 ἄφθαρτον.

327 5349 358 5381 α
394 5326 512 5403 Ἐφ’
543 5325 589 5399 ᾧ
621 5323 684 5380 οὑ
714 5322 946 5399 σέλομεν
1004 5320 1346 5379 ἐκδύσασθαι.
1383 5346 1411 5374 ››
1461 5322 1562 5392 Τὸ,
1619 5320 1701 5399 ἐφ’
1760 5323 1827 5394 ᾦ,
1870 5321 1988 5377 ἀντὶ

322 5419 428 5472 τοῦ
487 5411 702 5485 ἐπειδή.
776 5438 798 5465 ι
843 5416 963 5470 ’Ίνα
1012 5417 1303 5488 καταποθῇ
1360 5412 1424 5467 τὸ
1477 5411 1671 5482 θνητὸν
1732 5411 1835 5466 ὑπὸ
1889 5417 1991 5482 τῆς

328 5507 499 5576 ζωῆς.
535 5527 565 5557 κ
612 5501 1077 5574 Ἐπενδὺσασθαι,’
1108 5503 1264 5583 φησὶ,
1315 5498 1637 5576 σπεύδομεν,
1683 5497 1777 5556 ’ίνα
1822 5521 1989 5557 κατα-

324 5597 474 5670 ποθῇ
530 5596 594 5652 τὸ
650 5597 743 5649 νῦν
803 5593 1002 5664 θνητὸν
1054 5593 1146 5649 καὶ
1206 5592 1439 5673 φθαρτὸν
1515 5596 1677 5667 σῶμα
1732 5590 1835 5648 ὑπὸ
1889 5597 1993 5663 τῆς

322 5683 630 5761 ἀφθαρσίας
663 5681 756 5739 καὶ
785 5681 1099 5749 ἀθανασίας.

2095 4719 2124 4748 ‹‹
2157 4696 2482 4752 Gemimus.
2506 4718 2534 4745 ››
2567 4695 2892 4763 Gemimus,
2928 4694 3144 4765 inquit,
3173 4710 3294 4749 non
3353 4692 3663 4765 cupientes
3720 4706 3756 4746 a

2094 4801 2340 4858 corpore
2368 4783 2626 4849 liberari,
2664 4783 2769 4840 sed
2791 4783 2864 4839 ab
2891 4784 3022 4855 ejus
3053 4781 3479 4838 afﬂictionibus
3511 4786 3569 4837 et
3597 4780 3751 4836 affe-

2095 4876 2391 4934 ctionibus
2453 4874 2698 4931 liberari
2758 4873 3085 4945 cupientes.
3134 4874 3263 4928 Non
3319 4871 3481 4926 enim
3536 4886 3753 4942 corpus

2095 4983 2332 5037 exuere,
2364 4966 2469 5022 sed
2517 4964 2950 5037 superinduere
2990 4961 3502 5034 incorruptionem
3534 4976 3754 5016 concu-

2096 5059 2403 5132 piscimus.
2441 5078 2469 5108 ‹‹
2499 5055 2762 5112 Onerati.
2804 5078 2832 5106 »
2865 5055 3156 5121 Quoniam
3191 5052 3606 5126 opponebatur
3638 5050 3752 5123 ipsi

2098 5147 2433 5205 communis
2464 5146 2775 5202 hominum
2807 5144 3193 5219 gloria.Quid,
3220 5142 3432 5215 inquit,
3457 5142 3664 5216 gemis,
3688 5145 3757 5196 ut

2099 5239 2402 5295 auferatur
2430 5234 2688 5308 corpus?
2718 5239 2789 5290 At
2837 5251 3046 5290 omnes
3076 5233 3351 5289 homines
3380 5238 3626 5305 gemunt
3679 5247 3754 5286 ne

2102 5331 2454 5386 moriantur.
2480 5330 2679 5399 Neque
2700 5344 2811 5383 nos
2841 5326 3134 5399 gemimus
3165 5330 3232 5380 ut
3260 5325 3491 5380 auferat
3519 5343 3553 5382 a
3583 5324 3757 5380 nobis

2101 5435 2316 5490 corpus
2348 5423 2407 5474 et
2431 5432 2738 5485 exuamur,
2767 5415 2871 5471 sed
2903 5420 2969 5469 ut
2998 5414 3505 5487 superinduamus
3557 5415 3758 5469 incor-

2101 5508 2598 5580 ruptionem.Non
2631 5506 2789 5562 enim
2819 5504 2976 5566 ideo.
3008 5504 3223 5575 inquit,
3255 5521 3571 5578 gravamur
3600 5500 3761 5574 quod

2102 5597 2260 5655 adsit
2281 5609 2522 5669 corpus:
2552 5595 2655 5651 sed
2677 5593 2837 5667 quod
2871 5592 3121 5649 mortale
3151 5598 3211 5649 et
3250 5590 3638 5665 corruptibile
3666 5589 3763 5646 sit.

2102 5707 2131 5737 «
2166 5686 2490 5758 Propterea
2532 5683 2692 5757 quod
2744 5683 3003 5741 nolimus
3031 5681 3188 5741 exui.
3222 5703 3254 5733 »
3285 5684 3431 5739 Nam
3461 5678 3541 5755 ἐφ’
3570 5675 3618 5750 ᾧ
3665 5693 3766 5733 ca-

323 5780 492 5854 pitur
547 5795 656 5852 pro
714 5774 926 5849 ἐπειδὴ,
986 5777 1047 5834 id
1079 5781 1171 5834 est
1223 5776 1674 5849 quandoquidem
1731 5781 1833 5833 aut
1890 5780 2043 5849 quia.
2079 5795 2105 5827 α
2156 5779 2228 5834 Ut
2258 5775 2647 5834 absorbeatur
2677 5776 3008 5834 mortalitas
3039 5791 3075 5831 a
3126 5773 3264 5828 vita.
3301 5794 3331 5824 »
3363 5768 3760 5845 Superindui!

660 5897 915 5959 ΡΑτιιοι..
965 5898 1077 5958 Gn.
1109 5895 1380 5958 CXVIII.

3394 5891 3468 5952 31
