4080 6378
351 344 465 404 971

1476 333 1899 399 (EOUMENII
1943 328 2250 393 TRICCAE
2293 328 2652 392 EPISCOPI

3658 316 3782 388 912

352 481 570 553 inquit,
600 478 928 543 studemus,
961 480 1028 531 ut
1056 476 1218 548 quod
1268 491 1425 531 nunc
1480 472 1733 529 mortale
1763 477 1822 527 et
1876 466 2260 541 corruptibile
2320 483 2534 539 corpus
2595 470 2705 533 est,
2763 462 3155 520 absorbeatur
3201 462 3274 518 ab
3322 458 3780 516 immortalitate

354 579 414 629 et
445 568 1027 641 incorruptibilitate.

416 661 483 730 V,
518 664 636 715 5-9.
672 661 842 714 Porro
873 660 971 728 qui
998 659 1266 727 formavit
1303 672 1403 711 nos
1424 654 1485 710 in
1512 655 1615 709 hoc
1644 655 1824 723 ipsum
1859 656 1996 707 Deus

2186 645 2250 701 Ὁ
2316 642 2373 700 δὲ
2437 643 2911 718 κατεργασάμενος
2975 644 3126 715 ἡμᾶς

345 758 459 807 est:
494 749 593 821 qui
623 756 790 804 etiam
845 749 997 803 dedit
1035 748 1194 802 nobis
1224 746 1452 801 arrham
1497 745 1749 814 spiritus.
1810 743 2004 811 Itaque

344 841 492 910 ﬁrmi
520 854 734 913 semper
762 854 826 893 ac
854 837 1085 892 scientes
1130 836 1280 906 quod
1328 850 1448 889 cum
1483 838 1787 903 praesentes
1822 846 2006 884 sumus

344 932 403 984 in
435 945 663 1000 corpore
691 926 1125 998 peregrinantur
1155 943 1189 980 α
1218 927 1450 980 Dommo
1481 924 1605 993 (per
1651 922 1813 991 ﬁdem
1860 921 2006 974 enim

347 1018 503 1073 633
558 1018 904 1073 ambulamus
955 1024 1007 1071 et
1072 1032 1184 1070 non
1229 1030 1331 1084 per
1365 1013 1636 1083 speciem).
1673 1009 2005 1079 Conﬁdzmus

348 1114 535 1162 autem
566 1113 619 1161 et
648 1109 900 1177 cupimus
929 1104 1107 1175 magis
1153 1105 1292 1173 foris
1321 1118 1485 1173 agere
1514 1106 1673 1155 extra
1701 1114 1921 1169 corpus,
1954 1103 2005 1152 et

339 1203 639 1267 praesentes
672 1211 782 1251 esse
811 1196 964 1265 apud
995 1196 1189 1250 Deum.
1250 1195 1325 1247 Et
1380 1192 1591 1246 idcirco
1623 1186 2005 1245 contendimus

344 1288 458 1341 sive
486 1286 632 1341 domi
676 1290 995 1355 praesentes,
1055 1286 1166 1337 sive
1212 1284 1353 1351 foris
1390 1296 1624 1351 peregre
1669 1284 1893 1347 agentes
1940 1281 2004 1331 ut

342 1374 435 1429 illi
449 1374 788 1444 placeamus.

413 1562 578 1629 Quis,
630 1562 843 1632 inquit,
898 1563 1052 1617 hanc
1100 1559 1279 1615 faciet
1326 1557 1594 1629 corporis
1642 1553 2004 1610 immutatio-

341 1658 482 1696 nem
498 1641 525 1696 ?
542 1641 725 1705 Quis?
748 1642 923 1708 Deus,
949 1641 1051 1711 qui
1074 1640 1135 1694 in
1159 1640 1267 1694 hoc
1290 1640 1488 1710 ipsum
1516 1652 1625 1691 nos
1641 1634 1918 1690 formavit
1938 1640 2003 1688 ut

347 1723 534 1777 simus
564 1722 894 1793 incorrupti
937 1727 997 1776 et
1045 1721 1437 1775 immortales.
1483 1717 1754 1774 Ostendit
1801 1723 2001 1772 autem

347 1803 459 1857 hoc
499 1802 677 1857 modo
710 1819 831 1857 non
863 1809 1164 1858 recentem
1198 1817 1327 1856 esse
1373 1800 1445 1855 de
1482 1801 1593 1854 hoc
1634 1798 2001 1870 opinionem,

346 1883 451 1938 sed
487 1899 597 1938 nos
627 1882 702 1938 ad
734 1882 1249 1938 immortalitatem
1283 1880 1527 1951 quidem
1576 1884 1806 1935 creatos
1838 1894 1999 1935 esse:

343 1987 521 2042 porro
554 1971 839 2042 quoniam
871 1968 1093 2025 diaboli
1125 1970 1351 2025 invidia
1380 1985 1541 2024 mors
1574 1968 1637 2022 in
1670 1966 1875 2022 orbem
1907 1966 2002 2019 in-

342 2075 546 2131 gressa
593 2059 748 2126 est“,
799 2076 1038 2114 rursum
1089 2059 1337 2113 alteram
1395 2057 1569 2112 nobis
1628 2057 1782 2110 viam
1848 2055 2003 2109 Deus

340 2139 567 2194 invenit
594 2138 669 2195 ad
700 2139 1232 2196 immortalitatem.
1266 2139 1406 2204 «Qui
1438 2138 1616 2193 etiam
1646 2134 2001 2191 deditnobis

336 2231 595 2285 arrham.
632 2252 660 2279 ››
690 2231 756 2284 Et
790 2230 948 2301 quod
969 2228 1045 2285 ad
1075 2229 1189 2285 hoc
1219 2234 1283 2285 ut
1329 2227 1700 2284 immortales
1731 2226 1997 2281 efﬁcere—

336 2335 471 2373 mur
500 2319 839 2375 formaverit
888 2337 1021 2387 nos,
1055 2336 1126 2374 ex
1156 2336 1223 2375 eo
1258 2318 1639 2374 manifestum
1689 2322 1797 2381 est,
1840 2315 2001 2387 quod

338 2408 623 2480 Spiritum
658 2407 1293 2480 dederit,nequaquam
1324 2408 1444 2463 illis
1463 2407 1709 2463 daturus
1728 2406 1828 2478 qui
1850 2406 2000 2461 tales

336 2496 521 2552 futuri
553 2514 673 2552 non
698 2498 1158 2569 essentUbique
1179 2504 1378 2553 autem
1393 2498 1632 2552 arrham
1648 2496 1902 2567 Spiritus
1916 2494 1999 2549 di-

337 2586 441 2654 cit,
476 2585 805 2642 debitorem
825 2587 1024 2658 ipsum
1037 2588 1292 2643 reddens
1304 2593 1368 2642 ut
1381 2587 1561 2641 etiam
1580 2585 1676 2641 det
1690 2584 1848 2656 quod
1862 2600 1997 2656 per-

339 2674 565 2729 fectum
598 2681 706 2730 est.
738 2676 1052 2746 «Spiritus.
1080 2697 1107 2725 ››
1139 2673 1998 2747 lpse,inquit,immutationem

334 2763 515 2819 faciet
571 2764 646 2819 ad
677 2764 1210 2820 immortalitatem.
1266 2766 1411 2819 Nam
1464 2764 1577 2819 hoc
1627 2763 1998 2818 extrinsecus

338 2852 819 2931 subaudiendum
850 2859 958 2910 est.
993 2875 1020 2904 ιι
1052 2852 1216 2920 Quod
1240 2871 1375 2909 cum
1407 2859 1737 2924 prmsentes
1790 2866 1997 2907 sumus

334 2942 396 2996 in
429 2960 694 3015 corpore.
740 2966 767 2993 η
810 2946 1010 3012 Recte,
1042 2965 1070 2995 ››
1123 2960 1257 2998 cum
1319 2947 1644 3015 praesentes
1705 2957 1935 3006 sumus,
1966 2961 1996 2990 »

334 3037 618 3104 tanquam
650 3034 710 3087 in
742 3032 939 3089 aliena
970 3034 1161 3105 patria
1192 3037 1518 3089 versantes.
1542 3031 1799 3087 Advenae
1831 3030 1994 3085 enim

336 3141 541 3179 sumus
576 3130 634 3179 et
662 3125 1113 3198 peregrini.Hoc
1137 3129 1334 3180 autem
1370 3123 1494 3178 vult
1518 3123 1749 3179 dicere:
1785 3120 1996 3177 Firmi-

336 3219 427 3268 ter
458 3213 715 3269 scientes
759 3212 920 3284 quod
978 3214 1038 3268 in
1087 3212 1380 3285 corporali
1437 3212 1555 3268 vita
1613 3226 1990 3284 permanere,

331 3308 493 3359 arcet
524 3319 635 3357 nos
665 3320 699 3356 a
729 3303 1179 3358 conversatione
1212 3319 1345 3357 cum
1379 3301 1611 3356 Christo
1646 3317 1661 3367 ;
1711 3300 1987 3371 cupimus

332 3391 521 3463 magis
551 3390 697 3445 foris
728 3390 968 3461 quidem
1019 3407 1194 3461 agere
1252 3395 1419 3446 extra
1451 3406 1687 3460 corpus,
1725 3388 1830 3443 sed
1862 3403 1992 3443 esse
2033 3387 2075 3455 C

332 3495 474 3533 cum
498 3479 752 3537 Christo.
788 3501 815 3530 «
868 3481 980 3535 Per
1008 3480 1182 3535 ﬁdem
1220 3480 1377 3534 enim
1439 3478 1891 3534 ambulamus.»
1913 3481 1991 3532 Ne

335 3567 471 3638 quis
503 3567 697 3623 dicat:
731 3568 880 3633 Quid
922 3584 1058 3638 ergo
1089 3568 1116 3623 ‘?
1147 3568 1292 3623 Cum
1352 3584 1559 3623 sumus
1610 3566 1671 3621 in
1722 3582 1994 3638 corpore,

338 3656 518 3712 alieni
551 3674 755 3712 sumus
778 3674 812 3712 a
837 3656 1067 3711 Christo
1088 3658 1106 3711 ἒ
1129 3656 1463 3729 subjungit:
1485 3657 1596 3711 Per
1620 3655 1798 3711 ﬁdem
1833 3654 1995 3709 enim

345 3745 722 3802 ambulamus
755 3751 813 3801 et
843 3763 967 3801 non
998 3762 1105 3816 per
1134 3745 1415 3817 speciem.
1452 3768 1480 3795 »
1532 3746 1613 3800 Ac
1644 3744 1693 3800 si
1724 3744 1951 3799 diceret
1980 3759 1994 3798 :

344 3838 665 3908 Propterea
695 3837 839 3905 dixi,
882 3855 902 3885 ι
966 3837 1422 3908 Peregrinamur
1464 3851 1498 3890 a
1529 3834 1822 3890 Domino:
1856 3849 1997 3889 nam

346 3926 543 3996 ipsum
575 3943 734 3982 nunc
765 3943 872 3999 per
902 3926 1081 3982 fidem
1112 3926 1400 3982 videmus.
1434 3926 1547 3980 Per
1600 3925 1791 3997 ipsum
1837 3923 1996 3979 enim

347 4015 727 4071 ambulamus
750 4022 810 4070 et
837 4015 1018 4071 veluti
1045 4015 1399 4071 deducimur
1449 4015 1523 4069 ad
1555 4015 1686 4087 ejus
1716 4012 1999 4085 cognitio-

344 4119 505 4170 nem,
541 4111 681 4158 tunc
712 4110 910 4159 autem
953 4121 1061 4176 per
1114 4104 1395 4176 speciem,
1430 4103 1540 4158 hoc
1595 4107 1702 4171 est,
1757 4100 1998 4173 proprio

340 4192 585 4248 intuitu.
618 4193 783 4258 Quod
806 4194 983 4249 etiam
1017 4193 1160 4249 alibi
1185 4193 1372 4248 dixit:
1408 4214 1435 4242 «
1483 4191 1797 4246 Cernimus
1837 4205 1998 4244 nunc

344 4297 448 4351 per
480 4281 790 4352 speculum
825 4282 885 4337 in
916 4282 1229 4352 aenigmate
1259 4299 1270 4336 :
1314 4286 1457 4335 tunc
1513 4286 1713 4334 autem
1745 4277 1895 4332 facie
1925 4276 1999 4331 ad

338 4369 552 4425 faciem
583 4370 650 4426 ⁴².
690 4394 715 4421 ιι
748 4372 1119 4427 Conﬁdimus
1149 4377 1369 4425 autem.
1407 4391 1429 4419 ν
1455 4364 1533 4434 δὲ,
1568 4368 1624 4422 id
1659 4372 1995 4432 est,autem,

338 4459 619 4530 parelcon
655 4468 741 4517 est
775 4467 833 4516 et
862 4460 1144 4516 abundat.
1180 4481 1207 4508 «
1241 4461 1312 4513 Et
1340 4458 1614 4529 cupimus
1642 4456 1832 4528 magis
1855 4454 1998 4510 foris

336 4565 509 4621 agere
555 4557 718 4607 extra
767 4567 1001 4622 corpus.
1065 4572 1094 4599 υ
1155 4549 1303 4613 Quia
1348 4548 1527 4621 igitur
1582 4547 1803 4602 scimus
1855 4544 1997 4617 quid

333 4638 512 4694 faciat
566 4645 891 4712 praesentes
938 4654 1067 4694 esse
1098 4638 1171 4693 ad
1228 4638 1568 4704 Dominum,
1624 4635 1996 4692 conﬁdenter

3220 639 3296 703 εἷς
3389 640 3523 695 αὐτὸ
3605 643 3770 696 τοῦτο

2109 735 2267 799 Θεὸς,
2328 735 2356 790 ὁ
2413 736 2505 789 καὶ
2565 731 2693 795 δοὺς
2748 734 2886 803 ἡμῖν
2936 732 3029 788 τὸν
3111 726 3409 808 ἀρέαϐῶνα
3474 733 3572 786 τοῦ
3628 730 3785 785 πνεύ-

2123 844 2312 895 ματος.
2375 822 2707 899 Θαρῥοῦντες
2762 821 2855 877 οῦν
2915 822 3148 877 πάντοτε
3218 821 3309 875 καὶ
3395 817 3623 891 εἰδότες,
3694 819 3779 874 ὅτι

2109 908 2473 985 ἐνδημοῦντες
2527 908 2580 964 ἐν
2646 908 2728 982 τῷ
2788 912 3007 983 σώματι
3068 907 3417 982 ἐκδημοῦμεν
3483 907 3592 963 ἀπὸ
3678 912 3778 963 τοῦ

2110 1000 2339 1074 Κυρίου.
2396 1000 2521 1073 (Διὶ
2584 1000 2820 1061 πίστεως
2885 1000 2990 1075 γὰρ
3056 1002 3481 1074 περιπατοῦμεν,
3550 996 3612 1052 οὐ
3681 993 3774 1051 διὰ

2111 1087 2338 1162 εἳδους.)
2441 1087 2758 1165 Θαρῥοῦμεν
2836 1084 2895 1142 δὲ
2967 1086 3061 1143 καὶ
3136 1083 3468 1160 εὐδοκοῦμεν
3556 1082 3774 1159 μᾶλλον

2110 1177 2425 1252 ἐκδημῆσαι
2487 1177 2548 1233 ἐκ
2612 1181 2711 1233 τοῦ
2776 1178 3036 1250 σώματος
3099 1176 3190 1232 καὶ
3256 1172 3563 1251 ἐνδημῆσαι
3628 1175 3770 1252 πρὸς

2107 1270 2201 1324 τὸν
2271 1268 2500 1342 Κύριον.
2571 1267 2666 1322 Διὸ
2732 1266 2823 1322 καὶ
2890 1264 3360 1344 φιλοτιμούμεθα,
3439 1265 3548 1321 εἳτε
3611 1261 3776 1336 ἐνδη-

2112 1361 2361 1431 μοῦντες,
2465 1354 2574 1412 εἴτε
2675 1353 3071 1430 ἐκδημοῦντες,
3205 1354 3498 1430 εὐάρεστοι
3624 1354 3777 1428 αὖτῷ

2109 1447 2270 1504 εἶναι.
3204 1458 3207 1463 ’

2178 1535 2275 1599 Τίς
2322 1535 2526 1606 ταύτην
2582 1536 2685 1605 τὴν
2742 1533 3078 1611 ἐναλλαγὴν,
3140 1533 3299 1614 φησὶ,
3358 1539 3458 1590 τοῦ
3516 1534 3775 1608 σώματος

2107 1627 2377 1697 nauseat;
2437 1625 2590 1694 Tlc;
2648 1626 2710 1683 Ὀ
2759 1625 2835 1687 εἰς
2891 1628 3054 1680 τοῦτο
3112 1623 3244 1680 αὐτὸ
3302 1624 3774 1701 κατεργασάμενος

2106 1718 2255 1787 ἡμᾶς
2286 1716 2439 1784 Θεὸς,
2484 1712 2580 1770 ’ίνα
2637 1716 2788 1788 ὦμεν
2847 1713 3112 1792 ἄφθαρτοι
3168 1713 3259 1769 καὶ
3316 1712 3592 1778 ἀθάνατοι.
3651 1713 3773 1768 Ast-

2105 1825 2261 1860 κνυσι
2294 1802 2351 1859 δὲ
2379 1805 2555 1866 οὕτως
2587 1803 2649 1859 οὗ
2693 1802 2956 1878 νεωτέραν
3013 1804 3114 1872 τήν
3161 1802 3249 1860 ἐπὶ
3295 1801 3475 1876 τούτῳ
3519 1799 3771 1875 δόκησιν,

2108 1894 2235 1951 ἀλλ’
2266 1895 2354 1952 ἐπὶ
2386 1895 2647 1969 ἀθανασίᾳ
2680 1896 2774 1970 μὲν
2830 1898 2981 1969 ἡμᾶς
3036 1891 3458 1961 διαπεπλάσθαι·
3514 1895 3666 1951 Ἐπεὶ
3710 1892 3774 1951 δὲ

2111 1985 2294 2063 φθόνῳ
2319 1980 2586 2041 διαϐόλου
2646 1989 2877 2050 θάνατος
2933 1984 3010 2048 εἰς
3072 1985 3166 2040 τὸν
3223 1984 3431 2058 κόσμον
3491 1982 3771 2056 εἰσῆλθεν,

2117 2074 2297 2145 ἄλλην
2341 2074 2510 2131 πάλιν
2561 2075 2766 2150 ἐξεῦρεν
2827 2072 2952 2130 ὁδὸν
3012 2075 3149 2148 ¹ἡμῖν
3205 2074 3489 2137 ἀθανασίας
3546 2076 3574 2130 ὁ
3615 2076 3773 2136 Θεός.

2118 2167 2282 2223 «Καὶ
2314 2163 2440 2228 δοὺς
2482 2168 2620 2239 ἡμῖν
2678 2168 2771 2221 τὸν
2829 2160 3137 2243 ἀρῥαϐὦνα.
3173 2187 3202 2217 n
3259 2165 3359 2220 Καὶ
3416 2166 3524 2236 ὃτι,
3583 2164 3774 2239 φησὶν,

2116 2252 2316 2328 ἐπὶγῷ
2369 2254 2614 2330 γενέσθαι
2677 2254 2975 2317 ἀθανάτους
3032 2256 3446 2330 κατειργάσατο,
3496 2250 3666 2324 δῆλον
3719 2251 3775 2327 ἐξ

2114 2345 2188 2398 ὧν
2221 2341 2390 2399 ἔδωκε
2418 2344 2481 2399 τὸ
2544 2344 2782 2419 Πνεῦμα,
2841 2343 2941 2400 οὐκ
2991 2342 3053 2399 ἂν
3113 2340 3241 2406 δοὺς
3296 2349 3415 2406 τοῖς
3478 2344 3553 2417 μὴ
3609 2346 3776 2399 τοῦτο

2118 2432 2383 2507 μέλλουσι
2443 2433 2709 2509 γίνεσθαι.
2794 2436 3088 2509 Ηανταχοῦ
3146 2430 3204 2488 δὲ
3262 2426 3551 2507 ἀρραϐῶνα
3607 2431 3775 2486 Πνεῦ-

2116 2540 2284 2594 ματος
2318 2521 2484 2596 λέγει,
2517 2521 2809 2599 ὀφειλέτην
2842 2520 3002 2578 αὐτὸν
3063 2525 3237 2577 ποιῶν
3290 2525 3388 2577 τοῦ
3443 2519 3629 2576 δοῦναι
3678 2521 3770 2576 καὶ

2108 2610 2172 2665 τὸ
2203 2607 2434 2670 τέλειον.
2473 2632 2493 2661 α
2527 2613 2640 2668 Τοῦ
2672 2610 3014 2684 Ιινεύματος.
3048 2634 3078 2663 ››
3131 2611 3276 2682 Ἐξω
3323 2609 3484 2673 αὐτὸς
3531 2612 3633 2680 τήν
3679 2608 3771 2664 ἐπὶ

2111 2701 2383 2778 ἀφθαρσίᾳ
2437 2697 2772 2777 ἐναλλαγὴν,
2840 2701 2998 2779 φησὶ,
3086 2702 3330 2771 ποιήσει.
3425 2703 3602 2758 Τοῦτο
3663 2701 3772 2777 γὰρ

2109 2790 2643 2863 προσυπακουστὲον.
2707 2811 2731 2844 ι
2763 2791 2884 2846 *Οτι
2944 2785 3301 2863 ἐνδημοῦντες
3350 2788 3402 2843 ἐν
3447 2792 3525 2860 τῷ
3572 2789 3769 2861 σώμα-

2105 2897 2181 2933 τι.
2216 2901 2246 2930 ι)
2304 2875 2498 2941 Καλῶς
2551 2878 2635 2948 τὸ,
2696 2874 3185 2951 «Ἑνδημοῦντες,
3220 2901 3249 2930 ››
3317 2877 3392 2940 ὡς
3452 2877 3534 2933 ἐπ’
3596 2875 3771 2933 ἂλλο-

2106 2967 2284 3042 τρὶας.
2322 2965 2588 3041 Πάροικοι
2620 2968 2724 3045 γάρ
2784 2966 2941 3040 ἐσμεν
3000 2967 3088 3023 καὶ
3137 2963 3538 3041 παρεπίδημοι.
3587 2967 3769 3023 Τοῦτο

2109 3053 2167 3112 δὲ
2198 3057 2345 3121 θέλει
2378 3055 2569 3111 εἰπεῖν·
2604 3055 2960 3132 Θαρῥοῦντως
2988 3053 3218 3123 εἰδότες,
3251 3057 3338 3111 ’ὁτι
3368 3055 3432 3110 τὸ
3459 3060 3529 3130 τῇ
3578 3075 3767 3127 σωμα-

2107 3148 2234 3219 τικῇ
2302 3144 2625 3218 προσμένειν
2688 3149 2827 3219 ζωῇ,
2886 3141 3207 3220 διατειχίζει
3261 3147 3413 3217 ἡμᾶς
3467 3151 3569 3214 τῆς
3627 3143 3765 3218 μετὰ

2106 3236 2344 3305 Χριστοῦ
2405 3234 2708 3311 διαγωγῆς,
2769 3233 3087 3309 βουλόμεθα
3173 3231 3388 3307 μᾶλλον
3452 3231 3770 3308 ἐκδημῆσαι

2112 3324 2207 3396 μὲν
2238 3328 2335 3379 τοῦ
2368 3324 2647 3397 σώματος,
2682 3322 2774 3377 σῦν
2832 3326 3053 3397 Χριστῷ
3115 3319 3171 3378 δὲ
3230 3324 3386 3378 εἶναι.
3464 3347 3484 3374 ‹
3520 3322 3617 3379 Διά
3673 3321 3776 3378 πῖ-

2106 3433 2274 3475 στεως
2331 3412 2433 3487 γὰρ
2485 3416 2916 3487 περιπατοῦμεν.
2957 3437 2984 3464 n
3040 3414 3157 3470 Ἵνα
3218 3416 3294 3487 μή
3353 3433 3437 3474 τις
3489 3410 3640 3481 εἷ’πη’
3695 3411 3768 3470 Τί

2105 3502 2244 3571 οὗνς
2293 3499 2440 3563 ὄντες
2497 3501 2550 3557 ἐν
2603 3502 2840 3576 σώματι,
2900 3499 3195 3577 ἀλλότριοι
3254 3500 3412 3577 ἐσμεν
3468 3507 3568 3557 τοῦ
3626 3503 3765 3578 Χριο

2105 3596 2283 3660 στοῦ;
2355 3591 2561 3667 ἐπάγειο
2630 3615 2659 3645 (ι
2706 3593 2805 3647 Διὰ
2869 3594 3103 3652 πίστεως
3168 3594 3275 3669 γὰρ
3339 3596 3770 3669 περιπατοῦμεν,

2102 3681 2193 3737 καὶ
2228 3680 2294 3736 οὐ
2327 3680 2417 3737 διὰ
2474 3679 2675 3748 εἷ’δους,
2709 3704 2737 3734 ››
2788 3680 2861 3743 ὠς
2910 3681 2956 3736 εἰ
3017 3683 3181 3737 εἶπεν·
3239 3683 3337 3737 Διὰ
3382 3685 3544 3737 τοῦτο
3583 3681 3768 3757 εἶπον,

2110 3794 2132 3824 ι
2192 3767 2577 3844 Ἐκδημοῦμεν
2637 3770 2745 3825 ἀπὸ
2804 3774 2902 3825 τοῦ
2957 3771 3178 3845 Κυρίου,
3215 3794 3244 3822 »ι
3292 3770 3481 3841 ἐπειδή
3533 3767 3623 3825 διὰ
3677 3772 3780 3827 πί-

2104 3879 2273 3922 στεως
2305 3857 2465 3915 αὐτὸν
2494 3863 2585 3914 νῦν
2635 3860 2874 3934 ὁρῶμεν.
2934 3864 3015 3914 Δι’
3063 3860 3232 3929 αὐτῆς
3282 3861 3386 3936 γὰρ
3434 3862 3782 3937 περιπατοῦ-

2113 3949 2357 4022 μεν,καῖ
2388 3947 2557 4004 οἱονεὶ
2618 3946 2975 4023 ὁδηγούμεθα
3031 3948 3109 4013 εἰς
3165 3949 3267 4017 τήν
3324 3948 3489 4004 αὐτοῦ
3546 3954 3780 4024 γνῶσιν.

2105 4036 2239 4094 Τότε
2270 4036 2330 4093 δὲ
2360 4035 2450 4092 διὰ
2494 4034 2703 4106 εἷ’δους,
2756 4040 3032 4093 τουτέστιν
3086 4037 3332 4112 αὐτοψεὶ,
3378 4040 3407 4094 ’ὀ
3454 4039 3542 4094 καὶ
3595 4036 3785 4095 ἀλλα-

2109 4132 2216 4203 χοῦ
2246 4149 2405 4203 φησι.
2438 4152 2466 4179 ‹‹
2497 4125 2783 4200 Βλέπομεν
2815 4128 2917 4203 γὰρ
2950 4126 3073 4204 ἄρτι
3106 4124 3176 4183 δι’
3209 4127 3477 4204 ἐσόπτρου
3531 4127 3583 4184 ἐν
3631 4130 3779 4184 αἰνί-

2108 4238 2303 4293 γματι,
2378 4216 2503 4272 τότε
2577 4213 2636 4271 δὶ
2726 4219 3022 4294 πρόσωπον
3118 4218 3254 4294 πρὸς
3346 4218 3659 4291 πρόσωπον.
3744 4244 3781 4273 ››

2108 4339 2173 4351 --
2206 4330 2235 4357 «
2290 4305 2605 4382 Θαῤῥοῦμεν
2666 4305 2741 4363 δέ.
2796 4332 2823 4359 ›ι
2884 4307 2984 4381 Τὸ,
3053 4304 3132 4378 δὲ,
3191 4307 3537 4384 παρέλκεται,
3587 4333 3615 4361 ι(
3672 4309 3783 4365 Καὶ

2108 4393 2440 4468 εὐδοκοῦμεν
2504 4394 2721 4469 μᾶλλον
2778 4394 3089 4471 ἐκδημῆσαι
3158 4396 3218 4453 ἐκ
3270 4402 3369 4453 τοῦ
3428 4399 3705 4472 σώματος.
3739 4422 3775 4451 ››

2105 4485 2256 4543 Ἐπεὶ
2301 4486 2393 4540 οὗν
2444 4483 2596 4559 ἴσμεν
2655 4486 2706 4542 τί
2768 4491 2919 4541 ποιεῖ
2964 4488 3063 4555 την
3109 4487 3246 4562 πρὸς
3287 4488 3381 4542 τὸν
3430 4488 3626 4563 Κύριον
3686 4487 3779 4543 ἐν-

2105 4572 2336 4648 δημῖαν,
2396 4572 2729 4649 θαῤῥοόντος
2795 4572 3129 4647 εὐδοκοῦμεν
3219 4573 3578 4649 ἀποδημῆσαι
3663 4581 3769 4632 τοῦ

2105 4663 2384 4736 σώματος,
2413 4663 2503 4718 καὶ
2531 4667 2719 4733 τοῦτο,
2775 4663 2963 4741 φησὶν,
3013 4662 3406 4738 ἐπιποθοῦμενο
3461 4692 3488 4717 (ι
3524 4666 3623 4721 Λιὸ
3669 4667 3767 4720 καὶ

335 4731 613 4801 cupimus
644 4730 788 4785 foris
820 4745 991 4801 agere
1024 4734 1190 4783 extra
1216 4745 1466 4799 corpus:
1499 4731 1558 4783 et
1604 4726 1737 4794 hoc,
1770 4725 1986 4797 inquit,

2110 4725 2564 4831 ptl'OttuoopsOa'
2604 4775 2633 4805 »
2691 4725 3299 4830 To|tptlottpoéneﬁa:
3359 4753 3396 4824 ἢ
3455 4751 3765 4825 σπουδάζο-

332 4818 805 4886 desideramus,u
841 4820 909 4872 Et
940 4818 1160 4874 idcirco
1206 4817 1646 4873 contendimus.
1674 4814 1874 4880 nQUOd
1904 4813 1989 4868 ait

331 4904 775 4980 φιλοτιμούμεθα
804 4914 907 4963 aut
937 4908 1090 4963 idem
1123 4907 1418 4978 signiﬁcat
1448 4905 1605 4976 quod
1635 4904 1984 4971 annitimur,

329 5001 431 5049 aut
460 4997 638 5050 etiam
670 4996 1050 5067 gloriamum:
1088 4997 1161 5051 Ut
1190 4996 1277 5050 illi
1311 4993 1882 5067 placeamus.»634
1905 4992 1985 5047 Ne

330 5084 489 5138 enim
539 5085 880 5139 existiment
932 5086 1043 5141 sibi
1104 5085 1379 5140 sufficere
1441 5084 1586 5139 loris
1643 5098 1817 5155 agere
1850 5097 1988 5154 erga

327 5171 1096 5245 Christum,subjungit,«Ut
1119 5172 1205 5226 illi
1229 5169 1702 5243 placeamus.»ld
1726 5187 1983 5240 namque

327 5267 431 5316 aut
460 5261 694 5317 beatam
753 5263 934 5318 efﬁcit
991 5263 1149 5334 apud
1182 5263 1375 5335 ipsum
1427 5261 1849 5334 praesentiam:
1883 5264 1986 5316 aut

329 5349 754 5419 miserrimam,
791 5351 840 5406 si
873 5352 925 5407 ei
957 5369 1077 5407 non
1110 5352 1473 5424 placeamus.

394 5441 456 5509 V,
509 5443 599 5513 10²
648 5440 733 5497 11.
796 5442 989 5499 Omnes
1032 5441 1179 5498 enim
1226 5459 1324 5499 nos
1363 5441 1717 5511 manifestari
1766 5448 1982 5513 oportet

388 5669 433 5704 ἰι
468 5669 602 5743 Sap.
635 5684 696 5739 ιι,
719 5670 806 5724 24.
881 5667 931 5704 η
960 5670 983 5725 I
1015 5668 1143 5723 Cor.
1181 5683 1298 5735 xm,
1332 5670 1418 5723 12.

2101 4841 2264 4915 μεν-ἢ
2322 4842 2664 4916 καυχώμεθα
2721 4842 2857 4913 νόει,
2918 4840 2995 4904 εἷς
3052 4841 3141 4909 τὰ,
3201 4866 3229 4895 ‹‹
3264 4844 3419 4900 Εἶναι
3473 4843 3619 4917 αὐτῷ
3676 4844 3767 4899 εὗ-

2095 4931 2335 5006 άρεστοι,
2370 4953 2398 4982 ››
2432 4929 2619 5007 φησίν.
2672 4930 2784 4986 ἰνα
2843 4931 2949 5005 γὰρ
3012 4930 3086 5003 μή
3136 4931 3439 5004 νομίσωσιν
3496 4933 3761 5010 ἀποχρῆν

2095 5020 2282 5081 αὐτοῖς
2312 5022 2413 5088 τὴν
2435 5020 2574 5093 πρὸς
2608 5019 2844 5094 Χριστὸν
2878 5016 3171 5093 ἐκδημίαν,
3215 5020 3278 5076 τὸ
3332 5019 3609 5096 εὐάρεστοι
3656 5022 3759 5077 αὖ.

2090 5115 2172 5183 τῷ
2230 5110 2368 5165 εἶναι
2428 5109 2640 5186 ἐπάγει.
2697 5106 2868 5165 Τοῦτο
2924 5109 3095 5186 γὰρ-ἤ
3132 5110 3398 5186 μακαρίαν
3450 5113 3552 5181 τὴν
3609 5114 3753 5187 πρὸς

2094 5199 2253 5254 αὐτὸν
2315 5195 2579 5273 ἐνδημίαν
2633 5205 2805 5267 ποιεῖ,
2859 5199 2895 5269 ἢ
2945 5199 3286 5275 τρισαθλίαν,
3334 5198 3423 5256 ἐὰν
3474 5202 3550 5275 μή
3600 5202 3753 5276 ὦμεν

2093 5287 2391 5365 εὐάρεστοι.

2160 5439 2294 5504 Τοὺς
2349 5441 2453 5517 γὰρ
2513 5442 2714 5505 πάντας
2774 5442 2922 5515 ἡμᾶς
3009 5443 3389 5520 φανερωθῆναι
3473 5439 3558 5497 δεῖ
3635 5436 3749 5517 ἔμ-
