4080 6424
337 433 413 493 9‘7
419 434 456 494 3

1339 435 1748 496 COMMENT.
1798 435 1872 496 IN
1925 435 2161 496 EPlST.
2215 435 2265 497 ΙΙ
2315 438 2418 498 AD
2462 435 2827 498 CORINTH.

3645 436 3769 498 9“”

334 567 564 641 προσθεν
623 570 722 623 τοῦ
809 568 1060 642 βήματος
1136 571 1233 622 τοῦ
1295 571 1552 643 Χριστοῦ,
1617 564 1706 623 ’ίνα
1762 565 1991 640 κομίση-

2114 587 2298 626 coram
2349 574 2620 628 tribunali
2645 575 2870 644 Christi,
2896 581 2956 629 ut
3009 576 3221 643 referat
3288 575 3666 644 unusquisque
3705 591 3771 630 ea

337 676 429 711 ται
487 651 713 718 ἕκαστος
771 657 838 712 τὰ
892 653 983 711 διὰ
1038 659 1134 712 τοῦ
1196 657 1453 730 σώματος
1516 657 1652 720 πρός
1713 655 1742 711 ὅ
1785 652 2008 732 ἔπραξεν

341 745 458 802 εἶτε
514 745 741 822 ἀγαθὸν,
797 744 905 803 εἶ’τε
980 747 1167 802 κακόν.
1235 743 1458 810 Εἰδότες

332 837 441 890 τοῦ
528 836 752 908 Κυρίου,
841 834 1164 908 ἀνθρώπους
1249 836 1528 908 πείθομεν,

330 924 713 1000 φανερώμεθα.
812 923 1060 994 Ἐλπίζω
1142 924 1200 979 δὲ
1279 925 1367 978 καὶ

342 1033 488 1067 σεσιν
524 1013 676 1086 ὑμῶν
706 1017 1135 1094 πεφανερωσθαι.

411 1104 620 1158 Λοιπὸν
653 1104 745 1158 καὶ
804 1103 912 1158 ἀπὸ
969 1107 1079 1158 τῶν
1140 1103 1603 1179 σκυθρωποτέρων
1635 1109 1812 1161 πτοεῖ.
1849 1101 2002 1173 Πλὴν

341 1190 429 1246 ὅτι
486 1191 802 1266 ἀναμνήσας
862 1197 958 1247 τοῦ
1019 1187 1255 1270 φοϐεροῦ
1316 1193 1588 1266 βήματος,
1645 1192 1706 1247 οὐ
1742 1193 1906 1266 μόνον
1939 1192 2006 1248 τά

339 1283 639 1358 σκυθρωπά
692 1280 839 1338 ἀλλά
897 1283 987 1337 καὶ
1047 1283 1110 1338 τά
1161 1285 1508 1358 χρηστοτέρα
1547 1287 1653 1337 τῶν
1688 1282 1798 1337 ἐκεῖ
1829 1279 1999 1358 λέγει.

337 1393 369 1423 ιι
400 1371 480 1428 Τὰ
512 1369 601 1426 διὰ
632 1377 728 1426 τοῦ
762 1372 1038 1446 σώματος.
1079 1396 1100 1424 ι
1161 1406 1229 1414 -
1282 1373 1619 1446 [ΘΕΟΔΩΡ.]
1671 1373 1753 1429 Τὰ
1788 1368 1878 1426 διὰ
1903 1375 2002 1428 τοῦ

341 1460 598 1534 σώματος
658 1460 805 1534 αὐτῷ
863 1460 1297 1535 πεπολιτευμένα
1354 1461 1444 1516 καὶ
1501 1462 1854 1537 πεπραγμένα
1895 1483 2003 1539 φη-

345 1550 420 1606 σί.
457 1550 751 1625 Κομίσεται
806 1548 864 1606 δὲ
918 1553 1056 1628 πρὸς
1116 1547 1148 1605 ἀ
1206 1546 1449 1626 ἔπραξεν,
1509 1549 1617 1606 εἷ’τε
1664 1551 1860 1629 ἀγαθὰ,
1893 1550 2005 1607 εἴτε

335 1639 497 1698 κακὰ.
537 1639 763 1710 Ἐπειδή
809 1643 913 1718 γὰρ
954 1643 1090 1716 πρὸς
1147 1663 1204 1696 τε
1233 1645 1300 1696 τὰ
1353 1641 1495 1697 καλά
1525 1642 1614 1696 καὶ
1648 1644 1724 1715 μή
1756 1647 2002 1711 τοιαῦτα,

338 1729 403 1783 τὸ
435 1735 594 1804 σῶμα
648 1729 959 1805 ὑπηρέτησε
1005 1734 1073 1805 τῇ
1127 1734 1308 1806 ψυχῇ,
1356 1731 1446 1786 καὶ
1485 1731 1582 1794 τὰς
1622 1726 1857 1804 ἀμοιϐὰς
1888 1753 2005 1806 μετ»

339 1817 505 1889 αὐτῆς
538 1816 938 1894 ἀπολαμϐάνει·
973 1824 1146 1876 Τοῦτο
1203 1825 1314 1876 τῶν
1361 1819 1637 1896 λεγόντων
1670 1819 1812 1876 ἄλλο
1844 1827 2003 1895 σῶμα

1545 748 1636 802 οὖν
1692 748 1784 802 τὸν
1842 743 2011 824 ιρόέον

1619 839 1734 907 Θεῷ
1795 833 1852 891 δε
1911 858 2005 891 πε-

1455 924 1506 979 έν
1569 930 1687 986 ταῖς
1757 922 2006 996 συνειδή-

2119 676 2247 730 qua?
2273 665 2427 731 facta
2479 670 2608 719 sunt
2656 681 2760 734 per
2808 681 3004 735 corpus
3035 665 3207 735 juxta
3248 663 3308 718 id
3327 663 3472 734 quod
3493 665 3633 732 fecit
3662 665 3774 719 sive

2117 751 2318 807 bonum
2351 756 2460 808 sive
2506 756 2735 809 malum.
2797 756 3040 810 Scientes
3091 755 3264 825 igitur
3313 760 3573 808 terrorem
3612 752 3774 808 illum

2115 842 2359 907 Domini,
2411 845 2701 900 suademus
2757 845 3088 906 hominibus,
3143 845 3250 898 Deo
3299 859 3424 898 vero
3489 845 3770 911 manifesti

2111 946 2316 986 sumus.
2359 935 2532 1003 Spero
2599 940 2786 990 autem
2835 951 2932 990 nos
2985 941 3037 989 et
3084 935 3143 988 in
3191 932 3532 988 conscientiis
3573 931 3766 988 vestris

2112 1025 2429 1090 manifestos
2457 1039 2585 1080 esse.

2183 1112 2474 1183 Deinceps
2529 1113 2707 1169 etiam
2761 1129 2795 1169 a
2844 1112 3207 1168 tristioribus
3251 1115 3454 1165 terret.
3489 1113 3766 1166 Attamen

2109 1198 2264 1255 facta
2305 1203 2609 1257 mentione
2665 1202 2960 1258 tremendi
3020 1200 3337 1256 tribunalis
3397 1216 3518 1254 non
3571 1199 3765 1254 solum

2111 1289 2324 1356 tristia,
2358 1290 2462 1346 sed
2511 1298 2570 1346 et
2607 1292 3012 1347 commodiera
3061 1290 3261 1354 refert,
3296 1306 3366 1344 ex
3397 1288 3490 1343 his
3521 1304 3652 1359 quas
3683 1286 3767 1341 ibi

2107 1378 2400 1433 accident.
2435 1403 2462 1428 ιι
2498 1381 2636 1444 Quas
2661 1397 2766 1452 per
2797 1397 3032 1452 corpus-
3057 1399 3082 1423 ι»
3111 1410 3178 1418 -
3205 1379 3282 1433 Ea
3309 1395 3441 1448 quae
3483 1394 3588 1448 per
3636 1393 3768 1431 cor-

2107 1485 2219 1540 pus
2250 1469 2322 1523 ab
2354 1469 2483 1540 ipso
2516 1469 2935 1525 administrata
2967 1486 3070 1524 seu
3094 1472 3333 1540 peracta
3364 1471 3520 1526 sunt.
3548 1465 3767 1536 inquit.

2108 1557 2343 1612 Referet
2391 1565 2588 1614 autem
2627 1560 2803 1631 juxta
2853 1575 2923 1614 ea
2978 1575 3110 1629 qua:
3141 1557 3280 1612 fecit
3311 1556 3429 1611 sive
3459 1555 3615 1610 bona
3647 1555 3766 1609 sive

2107 1646 2284 1702 mala.
2341 1648 2632 1712 Quoniam
2692 1650 2852 1704 enim
2885 1649 2957 1703 ad
3017 1648 3268 1702 honesta
3294 1651 3352 1699 et
3382 1645 3561 1701 etiam
3594 1644 3668 1699 ad
3699 1661 3768 1700 ea

2108 1753 2241 1807 quae
2291 1755 2411 1793 non
2459 1744 2599 1793 sunt
2648 1738 3015 1811 hujusmodi,
3049 1737 3399 1792 obsecutum
3431 1742 3522 1791 est
3551 1751 3767 1806 corpus

2108 1826 2346 1896 animas,
2380 1844 2499 1882 una
2530 1829 2711 1883 etiam
2732 1845 2869 1884 cum
2892 1828 3021 1899 ipsa
3047 1825 3504 1882 retributionem
3526 1824 3762 1895 accipit.

335 1908 458 1962 τότε
488 1906 787 1986 ἐγείρεσθαι
843 1908 1137 1987 ἐμφράττει
1195 1911 1264 1965 τὰ
1323 1911 1588 1983 στόματα.
1650 1909 1726 1967 Ού
1784 1909 1885 1986 γὰρ
1935 1908 1991 1968 ἂν

335 1993 429 2013 ΝἏἿ
592 1997 604 2013 1
861 1999 873 2013 ο
1055 2000 1066 2013 ι
1350 1995 1440 2013 νκκ
1523 1996 1537 2013 9
1760 2003 1782 2013 υ
1945 1997 1958 2013 ἱ

2105 1916 2175 1969 Et
2204 1915 2316 1971 hoc
2374 1933 2478 1972 ora
2524 1917 2780 1973 obstruit
2826 1916 3151 1972 dicentium
3202 1914 3366 1970 aliud
3397 1919 3538 1969 tunc
3582 1913 3764 1968 susci-

327 1993 508 2051 ἄλλου
539 1997 794 2072 σώματος
851 1999 1289 2074 ἁμαρτήσαντος,
1345 1995 1486 2052 ἄλλο
1518 1996 1866 2074 ἐτιμωρεῖτο,
1903 1997 1996 2052 οὑ-

341 2080 399 2138 δὲ
427 2083 600 2140 ἄλλου
639 2087 1116 2161 κατορθώσαντος,
1178 2085 1320 2142 ἀλλο
1379 2085 1756 2164 ἐστεφανοῦτο.
1791 2112 1819 2139 κ
1853 2087 1998 2162 Πρὸς

335 2169 641 2249 ὅέπραξεν.
677 2202 706 2228 ››
764 2174 904 2232 Οὐδὲ
961 2178 1066 2254 γὰρ
1126 2179 1305 2254 γυμνὴ
1368 2179 1402 2247 ἡ
1465 2178 1645 2252 ψυχὴ,
1702 2174 1850 2234 ἀλλά
1907 2173 1996 2230 διὰ

327 2268 428 2318 τοῦ
489 2265 744 2338 σώματος
825 2266 1107 2338 κομίζεται
1192 2267 1381 2338 ταῦτα,
1439 2268 1704 2335 τουτέστι,
1766 2266 1905 2342 πρὸς
1962 2265 1996 2320 ’ἀ

323 2346 540 2429 ἔπραξε,
574 2358 978 2432 συμπάσχουσα
1037 2358 1128 2412 καὶ
1184 2353 1614 2430 συνδοξαζομένη
1667 2359 1748 2428 τῷ
1779 2355 1994 2429 συζόγῳ

330 2447 567 2518 σώματι.
628 2446 815 2509 Οὕτως
873 2449 901 2502 ὁ
961 2449 1013 2502 έν
1073 2448 1250 2522 ἁγίοις
1309 2446 1577 2509 Μεθόδιος
1627 2445 1678 2500 ἐν
1727 2449 1806 2518 τῷ
1864 2445 1993 2520 Περὶ

321 2533 666 2598 ἀναστάσεως
721 2537 898 2613 λόγῳ.
961 2561 989 2589 ‹‹
1035 2534 1257 2598 Εἷδὸτες
1331 2535 1422 2592 οῦν
1507 2537 1600 2591 τὸν
1663 2531 1834 2614 φόϐον
1897 2538 1994 2591 τοῦ

325 2626 546 2701 Κυρίου.
582 2650 608 2678 n
665 2628 742 2684 Τὸ
800 2626 1178 2702 δικαστήριον,
1235 2626 1424 2705 φησὶν,
1483 2626 1681 2696 έκεῖνο,
1745 2626 1834 2680 καὶ
1894 2627 1992 2694 τὴν

324 2717 442 2771 κατ’
471 2717 620 2786 ἀξίαν
678 2716 959 2774 ἀπόδοσιν.
1026 2745 1047 2771 ιι
1083 2719 1434 2794 Ἀνθρώπους
1465 2719 1754 2792 πείθομεν,
1791 2741 1817 2768 ››
1868 2717 1992 2772 Πεί-

325 2816 488 2880 θομεν
517 2803 607 2862 διὰ
634 2809 820 2878 τοῦτο,
850 2807 944 2864 ’ίνα
1005 2811 1080 2883 μή
1139 2829 1256 2864 τινα
1320 2809 1474 2882 ὑμῶν
1520 2805 1988 2880 σκανδαλίσωμεν.

321 2894 395 2949 Οὐ
451 2895 552 2972 γάρ
613 2897 806 2971 πρᾶξαί
865 2919 917 2952 τι
968 2903 1076 2953 τῶν
1132 2897 1359 2976 φαύλων
1424 2897 1591 2970 μόνον
1650 2895 1991 2971 κατακρίνει,

324 2982 590 3040 ἀλλὰκαὶ
643 2986 705 3040 τὸ
759 2985 1076 3060 νομίζεσθαι
1134 2987 1391 3060 πράττειν
1440 2985 1687 3058 κολάζει,
1721 2984 1807 3039 έάν
1842 2982 1993 3039 δυνα-

329 3094 486 3147 μενοι
542 3075 641 3145 τήν
704 3076 962 3147 τοιαύτην
1024 3075 1260 3150 ὑποψίαν
1319 3076 1503 3144 λῦσαι,
1561 3077 1989 3152 καταφρονήσω-

333 3183 525 3236 μεν,-
556 3164 805 3228 Ἀλλως.
853 3160 1190 3240 Συμϐουλῆς
1231 3165 1322 3220 καὶ
1353 3165 1723 3240 παραινέσεως
1756 3164 1840 3232 τὸ,
1872 3161 1989 3218 πεί-

335 3262 542 3323 θωμεν,
574 3250 657 3308 διὸ
713 3255 801 3310 καὶ
862 3253 952 3310 διὰ
1012 3259 1225 3331 μακροῦ
1283 3259 1381 3310 τοῦ
1412 3277 1458 3308 ω
1489 3252 1777 3331 γραπτέον.
1818 3275 1842 3307 ι
1874 3257 1990 3324 Θεῷ

334 3339 396 3395 δὲ
453 3345 870 3420 πεφανερώμεθα
929 3369 956 3395 ››
1016 3347 1116 3402 Τὸν
1172 3347 1274 3420 γὰρ
1331 3341 1511 3399 εἰδότα
1577 3344 1725 3415 Θεὸν,
1785 3342 1988 3406 πείθειν

331 3427 396 3482 οὗ
455 3427 553 3486 δεῖ.
618 3457 645 3484 ‹‹
702 3433 948 3502 Ἐλπίζω
1009 3430 1086 3501 δὲ,
1147 3433 1236 3488 καὶ
1321 3433 1371 3488 έν
1449 3438 1568 3493 ταῖς
1629 3429 1991 3501 συνειδήσεσιν

327 3517 479 3591 ὑμῶν
508 3526 937 3599 πεφανερῶσθαι.
1000 3546 1030 3575 n
1091 3521 1337 3592 Ἐλπιζω
1397 3519 1476 3593 δέ,
1538 3521 1728 3599 φησὶν,
1780 3522 1862 3576 ὅτι
1896 3521 1984 3575 καὶ

329 3607 468 3680 ὑμᾶς
531 3611 593 3666 ού
645 3609 1098 3684 σκανδαλίσομεν,
1153 3609 1282 3666 ἀλλ’
1343 3611 1451 3665 οἷοί
1510 3609 1694 3684 ἐσμεν,
1741 3609 1986 3666 τοιοῦτοί

324 3695 480 3771 ἐσμεν
515 3698 566 3753 έν
601 3704 667 3774 τῇ
701 3701 897 3776 γνώσει
936 3700 1112 3774 ὑμῶν.
1149 3703 1326 3758 Τοῦτο
1384 3700 1487 3776 γὰρ
1536 3700 1620 3772 τὸ,
1665 3722 1693 3750 ιι
1725 3704 1817 3757 Ἐν
1863 3703 1983 3761 ταῖς

326 3785 718 3860 συνειδήσεσιν.
753 3813 780 3844 ν

2107 2005 2219 2060 tari
2252 2022 2486 2077 corpus.
2549 2008 2748 2078 Neque
2809 2008 2968 2062 enim
2997 2023 3132 2060 cum
3181 2004 3344 2060 aliud
3376 2019 3593 2074 corpus
3623 2019 3764 2075 pec-

2104 2095 2342 2162 caverit,
2418 2095 2582 2151 aliud
2660 2096 2952 2168 supplicio
3024 2094 3180 2150 afﬁci
3263 2093 3504 2149 debet:
3566 2109 3762 2163 neque

2103 2199 2238 2238 cum
2273 2183 2435 2238 aliud
2493 2185 2726 2258 egregia
2766 2185 3130 2256 prasstiterit,
3164 2182 3327 2238 aliud
3357 2181 3630 2236 coronari
3661 2186 3766 2236 aut

2103 2275 2400 2345 praamiari
2435 2281 2687 2346 oportet.
2719 2299 2745 2324 «
2779 2277 2951 2330 Juxta
3002 2273 3061 2328 id
3103 2273 3260 2345 quod
3291 2271 3432 2326 fecit
3466 2288 3534 2325 :»
3567 2269 3702 2344 πρὸς
3734 2269 3763 2324 ὃ

2101 2355 2340 2435 ἔπραξεν.
2371 2363 2503 2435 Vel,
2535 2365 2624 2420 Ad
2655 2364 2738 2433 id,
2771 2366 2890 2420 sive
2917 2381 3053 2420 cum
3086 2381 3177 2428 eo,
3239 2363 3401 2433 quod
3449 2367 3762 2433 operatum

2105 2458 2210 2508 est.
2249 2453 2553 2525 Siquidem
2586 2472 2707 2510 non
2748 2457 2951 2511 anima
3007 2453 3168 2510 nuda
3215 2453 3341 2508 haec
3400 2452 3601 2519 refert,
3659 2449 3763 2506 sed

2105 2556 2317 2611 corpus
2351 2561 2365 2610 ;
2400 2543 2513 2598 hoc
2542 2548 2649 2611 est,
2677 2541 2850 2612 juxta
2881 2559 2950 2597 ea
2997 2558 3127 2612 quae
3177 2544 3414 2611 operata
3477 2543 3586 2608 est,
3644 2553 3765 2592 una

2102 2631 2336 2700 patiens
2385 2648 2624 2704 unaque
2674 2633 2923 2704 gloriam
2975 2630 3309 2701 suscipiens
3360 2645 3495 2684 eum
3537 2627 3765 2697 collega

2101 2736 2375 2792 corpore.
2407 2724 2494 2778 Ita
2524 2723 2705 2779 habet
2733 2723 2902 2779 divus
2925 2720 3260 2776 Methodius
3293 2719 3443 2773 libro
3477 2720 3548 2774 De
3576 2734 3761 2774 resur-

2101 2813 2357 2866 rectione.
2397 2835 2416 2861 ι
2454 2812 2720 2868 Scientes
2752 2813 2933 2884 igitur
2959 2817 3245 2866 terrorem
3270 2809 3442 2864 illum
3466 2807 3702 2863 Domini
3733 2828 3761 2858 ››

2101 2901 2254 2956 Illud
2285 2903 2390 2972 ait,
2425 2903 2690 2958 tribunal
2714 2909 2772 2957 et
2801 2902 3040 2974 dignam
3060 2897 3762 2972 repensionem.«Suade-

2100 3006 2232 3045 mus
2279 2991 2641 3047 hominibus.
2697 3014 2724 3043 »
2762 2993 3084 3063 Pr0pterea
3115 2989 3435 3044 suademus
3461 3003 3538 3042 ne
3579 3001 3758 3057 quem

2099 3085 2358 3134 vestrum
2412 3081 2806 3136 offendamus.
2858 3085 3057 3150 Neque
3116 3077 3273 3133 enim
3344 3075 3538 3131 solum
3589 3077 3762 3129 all'ert

2100 3169 2544 3225 damnationem
2557 3169 2804 3241 ,aliquid
2825 3174 3199 3242 perpetrasse
3218 3181 3423 3221 eorum
3439 3180 3569 3234 quae
3583 3179 3762 3235 prava

2105 3264 2261 3325 sunt,
2294 3275 2499 3314 verum
2529 3259 2708 3314 etiam
2744 3257 3072 3314 existimari
3123 3256 3339 3319 facere,
3399 3252 3762 3324 supplicium

2102 3346 2361 3412 adducit,
2392 3347 2438 3402 si
2471 3365 2605 3403 cum
2630 3363 2941 3418 possemus
2965 3343 3310 3416 hujusmodi
3333 3343 3542 3398 tollere
3567 3341 3763 3412 suspi-

2102 3437 2355 3499 cionem,
2419 3437 2877 3492 contemnimus.
2939 3467 3007 3475 —-
3036 3435 3155 3490 Alio
3216 3433 3397 3488 modo.
3427 3431 3673 3486 Consilii
3702 3435 3763 3486 et

2100 3525 2530 3581 exhortationis
2555 3526 2815 3596 estquod
2840 3525 2943 3590 ait,
2969 3523 3263 3593 πείθωμεν,
3296 3521 3357 3576 id
3382 3527 3490 3585 est,
3513 3519 3761 3576 suadea-

2098 3631 2252 3683 mus,
2284 3615 2417 3670 ideo
2463 3615 2639 3670 etiam
2691 3631 2796 3685 per
2825 3634 2868 3666 ω
2920 3614 3163 3685 longum
3207 3609 3590 3666 scribendum
3645 3615 3752 3665 est.

2095 3725 2122 3753 «
2172 3704 2290 3758 Deo
2348 3720 2484 3758 vero
2539 3703 2834 3758 manifesti
2895 3718 3100 3757 sumus
3180 3722 3206 3748 ››
3263 3701 3381 3754 Deo
3430 3698 3589 3753 enim
3649 3696 3751 3766 qui

2091 3798 2306 3848 cuncta
2335 3794 2497 3847 novit
2528 3793 2775 3848 suadere
2816 3808 2936 3846 non
2981 3794 3236 3861 oportet.
3269 3810 3296 3838 «
3333 3787 3514 3858 Spero
3546 3792 3746 3840 autem

323 3891 434 3934 nos
466 3887 556 3935 est
577 3881 639 3936 in
662 3881 1045 3937 conscientiis
1059 3881 1268 3936 vestris
1296 3878 1648 3935 manifestos
1680 3895 1866 3936 esse.»
1887 3886 2071 3952 Spero
2096 3889 2293 3937 autem
2321 3884 2476 3954 quod
2509 3899 2702 3954 neque
2733 3899 2832 3936 vos
2863 3876 3365 3936 offendemus.sed
3399 3874 3608 3945 quales
3642 3889 3741 3928 su-

322 3986 476 4042 mus,
509 3970 660 4027 tales
691 3976 747 4028 et
774 3972 836 4027 in
867 3971 1203 4045 cognitione
1244 3977 1437 4026 vestra
1468 3986 1696 4026 sumus.
1728 3974 1872 4025 Nam
1905 3970 2015 4027 hoc
2039 3978 2147 4039 est,
2182 3971 2340 4044 quod
2371 3973 2456 4028 ait

955 4090 1218 4144 ΚΕΦΑΚ.
1274 4089 1347 4143 Ζ’.

327 4180 457 4256 Περὶ
513 4186 615 4250 τῆς
663 4177 833 4234 αὐτοῦ
885 4177 1280 4256 φιλοΘ-εότητος
1314 4176 1414 4256 Δκαὶ
1463 4173 1826 4255 φιλαδελφίας
1884 4183 1986 4246 τῆς

932 4251 1071 4305 κατά
1115 4249 1374 4324 Χριστόν.

397 4341 474 4399 Οὗ
557 4341 660 4416 γὰρ
755 4339 922 4397 πάλιν
1039 4338 1264 4403 ἑαυτοὺς
1357 4338 1743 4412 συνιστάνομεν

329 4430 474 4488 ἀλλὰ
557 4431 816 4511 ἀφορμὴν
905 4427 1149 4491 διδόντες
1236 4429 1365 4502 ὑμῖν
1427 4429 1791 4502 καυχήματος
1857 4427 1988 4502 ὑπὲρ

328 4522 513 4593 ἡμῶν,
566 4519 658 4576 ’ίνα
716 4515 885 4600 ἔχητε
941 4520 1077 4595 πρὸς
1131 4518 1260 4583 τοὺς
1315 4517 1368 4572 ἐν
1430 4516 1711 4592 προσώπῳ
1760 4536 1990 4594 καυχω-

332 4609 544 4684 μένους,
603 4611 690 4666 καὶ
747 4611 813 4665 οὐ
864 4606 1079 4685 καρδίᾳ.
1139 4605 1272 4666 Εἴτε
1327 4606 1431 4683 γὰρ
1483 4603 1795 4679 ἐξέστημεν,
1846 4611 1983 4678 Θεῷο

331 4698 440 4756 εἶ’τε
463 4705 879 4779 σωφρονοῦμεν,
905 4700 1056 4773 ὑμῖν.

403 4885 659 4961 Συνεχῶς
690 4875 1048 4956 ἀποτρίϐεται
1104 4879 1202 4948 τήν
1260 4880 1363 4932 τοῦ
1424 4878 1500 4949 μή
1563 4873 1741 4931 δοκεῖν
1770 4881 1985 4952 καυχᾶ-

329 4977 450 5032 σθαι
483 4969 763 5036 ὑπόνοιαν,
819 4968 907 5023 καὶ
957 4986 1144 5042 φησιν’
1199 4965 1292 5026 Εἰς
1343 4963 1572 5026 τούτους
1611 4965 1738 5026 τους
1783 4962 1988 5041 λόγους

327 5056 600 5131 ἤλθομεν,
635 5059 747 5133 οὐχ
793 5055 1021 5116 ἑαυτοὺς
1069 5059 1448 5120 συνιστῶντες,
1494 5052 1792 5117 τουτέστιν,
1835 5050 1986 5108 ἐπαί-

332 5168 516 5222 ροντες
567 5147 604 5217 ἢ
683 5146 1134 5224 ἐγκωμιάζοντες,
1221 5141 1349 5199 ἀλλ’
1415 5143 1543 5216 ὑμῖν
1627 5143 1984 5221 παρέχοντες,

329 5238 519 5313 φησὶν,
579 5237 858 5313 ἀφορμήν,
918 5237 1050 5310 ὑπὲρ
1107 5237 1268 5308 ἡμῶν
1322 5237 1629 5307 καυχᾶσθαι
1687 5232 1822 5306 πρὸς
1862 5233 1987 5295 τοὺς

329 5324 832 5401 ψευδαπόστόλους.
883 5321 1111 5394 Ἐπειδή
1193 5325 1298 5399 γάρ
1384 5322 1583 5376 ἐκεῖνοι
1640 5319 1983 5396 διασύρουσιν

327 5418 495 5490 ἡμᾶς,
557 5419 650 5473 ἳνα
708 5419 865 5492 ὑμεῖς
922 5413 1094 5492 ἔχητε
1152 5415 1286 5489 ὑπὲρ
1343 5415 1506 5486 ἡμῶν
1548 5414 1877 5487 καυχᾶσθαι,
1910 5414 1987 5477 εἰς

323 5507 553 5571 τούτους
610 5506 802 5578 ἦλθον,
863 5506 1020 5584 φησί,
1080 5505 1204 5566 τοὺς
1262 5502 1480 5577 λόγους.
1518 5527 1545 5555 ιι
1577 5505 1696 5558 ’Ἰνα
1734 5497 1922 5576 ἔχητε,
1959 5527 1980 5557 ι

324 5597 470 5668 "Esto
551 5618 605 5652 τι
688 5596 1118 5670 ἀπολογεῖσθαι,
1174 5593 1228 5649 τὶ
1287 5591 1487 5667 λέγειν,
1547 5591 1600 5647 τὶ
1657 5595 1985 5665 καυχᾶσθαι.

326 5711 356 5740 ιι
388 5687 537 5764 Πρὸς
566 5685 693 5750 τοὺς
753 5686 804 5741 ἐν
859 5685 1141 5761 προσώπῳ
1189 5679 1610 5758 καυχωμένους.
1641 5704 1669 5733 ››
1720 5682 1848 5756 ΙΙερί
1877 5686 1983 5738 τῶν

323 5772 789 5850 ψευδαποστόλων
848 5775 1033 5854 φησὶν,
1095 5772 1292 5833 οἵτινες
1348 5768 1521 5826 πάντα
1574 5769 1713 5846 πρὸς
1772 5769 1984 5848 ἀνθρω-

2516 3988 2529 4027 :
2567 3995 2593 4022 ‹‹
2631 3968 3081 4027 lnconscientiis
3122 3965 3353 4022 vestris.
3392 3986 3419 4013 ››

2644 4090 2796 4145 035
2829 4089 3058 4142 CAPUT
3093 4086 3206 4140 VII.

2097 4180 2170 4234 De
2197 4180 2363 4235 Pauli
2392 4196 2524 4250 erga
2573 4180 2746 4233 Deum
2802 4193 2982 4250 amore
3027 4192 3090 4250 ac
3146 4177 3404 4243 fraterna
3451 4170 3750 4227 secundum

2660 4251 2830 4304 Deum
2885 4249 3198 4303 dilectione.

1834 4338 1986 4410 ὑμῖν,

2171 4342 2235 4408 ν,
2300 4345 2387 4410 12,
2438 4341 2524 4396 13.
2590 4343 2708 4397 Νοη
2771 4340 2917 4395 enim
2974 4353 3192 4393 rursum
3249 4350 3346 4390 nos
3402 4337 3549 4405 ipsos
3607 4348 3755 4388 com-

2099 4431 2422 4486 mendamus
2464 4431 2647 4485 vobis:
2690 4429 2787 4484 sed
2828 4429 3163 4483 occasionem
3219 4426 3415 4480 damus
3452 4424 3600 4478 vobis
3634 4422 3751 4492 glo-

2099 4521 2290 4575 riandi
2333 4520 2399 4574 de
2449 4521 2624 4586 nobis,
2666 4525 2726 4573 ut
2765 4518 2985 4588 aliquid
3048 4517 3295 4571 habeatis
3347 4514 3605 4570 adversus
3663 4526 3753 4566 eos

2097 4611 2195 4680 qui
2217 4611 2274 4664 in
2301 4611 2450 4677 facie
2489 4609 2826 4678 gloriantur,
2852 4614 2903 4662 et
2952 4622 3064 4660 non
3104 4607 3164 4660 in
3221 4603 3400 4659 corde.
3461 4605 3603 4657 Nam
3648 4602 3761 4655 sive

2098 4700 2422 4765 insanimus,
2468 4697 2575 4752 Deo
2632 4695 2977 4751 insanimus:
3011 4693 3123 4750 sive
3169 4691 3296 4748 sani
3350 4706 3556 4758 sumus,
3603 4687 3754 4744 vobis

2097 4790 2219 4844 sani
2247 4803 2448 4843 sumus.

2171 4877 2461 4932 Continue
2495 4875 2897 4947 suspicionem
2922 4878 3134 4946 purgat
3170 4873 3309 4944 quia
3339 4868 3522 4924 videri
3554 4870 3757 4938 posset

2098 4966 2359 5038 gloriari,
2395 4972 2454 5022 et
2483 4966 2597 5021 ait:
2649 4964 2738 5018 Ad
2769 4963 2879 5018 hos
2926 4977 3234 5018 sermones
3275 4959 3571 5025 venimus,
3633 4970 3754 5010 non

2098 5073 2207 5112 nos
2234 5057 2395 5127 ipsos
2427 5054 2934 5118 commendantes,
2965 5051 3076 5106 hoc
3126 5055 3236 5118 est,
3272 5048 3626 5104 extollentes
3655 5048 3759 5099 aut

2097 5145 2640 5214 collaudantes,sed
2675 5144 2836 5199 vobis
2867 5141 3243 5198 occasionem
3284 5137 3618 5210 praebentes
3641 5133 3762 5206 glo-

2097 5236 2289 5291 riandi
2307 5234 2378 5290 de
2395 5235 2567 5290 nobis
2581 5234 2862 5290 adversus
2893 5227 3599 5305 pseudoapostolos.Nam
3624 5222 3766 5293 quia

2099 5325 2187 5379 illi
2220 5325 2542 5380 detrahunt
2572 5324 2765 5386 nobis,
2799 5328 2863 5377 ut
2909 5338 3008 5376 vos
3047 5318 3291 5392 possitis
3325 5315 3395 5371 de
3430 5314 3605 5370 nobis
3631 5311 3759 5384 glo-

2098 5414 2264 5470 riari.
2297 5414 2386 5469 Ad
2416 5415 2545 5476 hos,
2581 5413 2797 5484 inquit,
2828 5411 2958 5466 veni
2985 5425 3292 5466 sermones
3318 5423 3332 5461 :
3368 5429 3393 5455 «
3431 5406 3504 5460 Ut
3535 5399 3767 5472 aliquid

2096 5503 2385 5559 habeatis.
2449 5527 2476 5553 ››
2527 5502 2938 5557 Exstrinsecns
2969 5497 3448 5554 subaudiendum
3481 5498 3591 5547 est.
3625 5489 3761 5544 Ali-

2098 5591 2239 5664 quid
2273 5592 2434 5663 quod
2473 5592 2534 5647 in
2591 5592 2779 5647 nostri
2841 5589 3253 5645 defensionem
3312 5579 3755 5656 respondeatis,

2097 5683 2326 5756 aliquid
2395 5684 2555 5755 quod
2602 5683 2834 5751 dicatis,
2889 5680 3117 5752 aliquid
3174 5677 3335 5750 quod
3392 5668 3760 5747 gloriemini.

2097 5773 2427 5831 «Adversus
2439 5789 2540 5828 eos
2558 5790 2660 5829 eos
2674 5774 2776 5844 qui
2790 5773 2851 5828 in
2865 5771 3014 5828 facie
3025 5769 3372 5842 gloriantur.
3383 5766 3497 5820 »De
3511 5757 3764 5833 pseudo-
