4080 6398
355 377 473 436 975

1480 363 1904 430 (BCUMENII
1945 362 2257 426 TRICCE
2299 366 2650 432 EPlSCOPl

3663 376 3786 457 ρπβ

359 508 646 583 apostolis
675 508 838 579 dicit,
865 509 967 582 qui
1024 506 1227 565 omnia
1253 503 1329 560 ad
1376 498 1736 575 placendum
1762 496 2009 553 homini-

2125 498 2417 575 παρεσκίαν
2451 499 2541 556 καὶ
2587 497 2908 577 φιλοτιμίαν
2965 499 3211 561 ἐποίουν.
3272 501 3380 561 Καὶ
3434 512 3787 581 προσωπεῖον

357 599 468 655 bus
499 599 649 654 etad
678 598 882 672 gloriae
934 613 1202 655 amorem
1241 592 1560 660 faciebant,
1604 595 1662 645 et
1692 603 2014 661 personam

358 689 598 760 quidem
629 688 933 745 habebant
960 686 1199 761 pietatis
1252 700 1320 740 ac
1373 678 1806 747 sanctimonize,
1839 676 2017 733 bonis

356 785 556 835 autem
588 779 869 851 operibus
899 780 1067 835 vacui
1098 779 1288 833 erant.
1323 776 1442 830 Hoc
1489 769 1652 827 enim
1711 774 1801 825 est
1857 766 2018 840 quod

358 877 560 933 addit:
596 900 624 929 ‹‹
656 880 726 933 Et
754 895 875 933 non
934 877 996 932 in
1047 875 1246 943 corde,
1281 894 1309 923 »
1342 888 1410 927 eo
1471 868 1629 943 quod
1671 868 1833 923 intus
1864 864 2020 920 nihil

360 967 652 1022 haberent
679 967 841 1021 boni.
877 988 904 1015 ‹‹
943 967 1087 1021 Nam
1116 963 1236 1018 sive
1273 960 1631 1026 insanimus,
1665 980 1694 1009 »
1749 957 1899 1020 Sive,
1932 954 2022 1008 in-

359 1056 512 1125 buit,
545 1056 864 1129 magnifica
884 1054 1186 1126 loquimur
1218 1068 1231 1119 ;
1258 1053 1373 1107 hoc
1428 1053 1519 1106 est
1543 1062 1802 1118 namque
1862 1042 2021 1115 quod

362 1148 447 1203 ait
478 1165 491 1204 :
526 1171 553 1198 ‹‹
586 1147 946 1210 Insanimus,
983 1168 1011 1196 »
1042 1145 1161 1201 sive
1194 1148 1357 1198 extra
1382 1158 1492 1196 nos
1521 1139 1774 1195 ferimur
1803 1135 2017 1206 (Siqui-

363 1237 500 1292 dem
531 1236 962 1292 insanientium
988 1240 1078 1290 est
1122 1231 1440 1306 magniﬁca
1470 1235 1528 1286 et
1550 1230 1816 1285 fastuosa
1835 1223 2021 1296 loqui)

364 1333 609 1400 propter
638 1327 824 1382 Deum
859 1326 971 1381 hoc
1003 1324 1276 1379 facimus.
1337 1317 1644 1386 Quomodo
1674 1317 1702 1372 ‘.’
1758 1317 1840 1371 Ne
1896 1329 2019 1381 vos,

361 1416 771 1472 existimantes
801 1431 910 1469 nos
934 1413 1104 1482 viles,
1138 1409 1482 1483 despiciatis
1514 1411 1782 1463 nostram
1811 1402 2023 1476 praedi-

359 1507 678 1563 cationem.
748 1505 879 1559 Sive
939 1502 1274 1559 modestum
1359 1496 1587 1569 aliquid
1672 1495 2018 1563 dixerimus,

358 1601 602 1668 prepter
630 1611 733 1649 vos
762 1594 875 1648 hoc
906 1592 1179 1659 facimus,
1212 1594 1279 1645 ut
1314 1606 1418 1644 vos
1460 1587 1660 1643 animo
1719 1583 2018 1640 modestos

361 1702 491 1740 esse
551 1684 891 1739 doceamus.
949 1682 1067 1736 Aut
1125 1680 1222 1735 hoc
1299 1679 1486 1734 modo.
1567 1676 1623 1731 Si
1722 1673 2019 1746 quispiam

358 1773 622 1828 insanire
654 1788 765 1827 nos
796 1768 1277 1825 existimetaDeo
1291 1762 1627 1821 mercedem
1649 1761 2016 1833 accepimus;

2132 588 2226 662 μὲν
2256 588 2409 668 εἶχον
2469 584 2753 675 εὐλαϐείας
2811 591 2901 647 καὶ
2958 593 3316 667 σεμνότητος,
3358 588 3536 670 ἔργων
3568 593 3627 652 δὲ
3654 597 3787 675 ἀγασ

2128 681 2235 742 θῶν
2295 678 2593 756 ἐτύγχανον
2644 674 2869 755 ἔρημοι.
2925 686 3094 739 Τοῦτο
3153 683 3259 761 γὰρ
3314 682 3448 740 ἐστι’
3501 710 3530 738 ‹‹
3567 674 3783 761 Καὶ

2128 764 2179 822 έν
2231 767 2447 844 καρδίᾳ,
2481 794 2511 823 ››
2543 767 2631 825 δια
2686 771 2750 826 τὸ
2811 772 2888 846 μή
2945 767 3094 847 ἔχειν
3127 768 3280 829 ἔνδον
3336 774 3562 853 ἀγαθόν.
3597 801 3626 830 α
3660 775 3787 835 Εἴτε

2128 856 2233 933 γὰρ
2288 855 2602 933 ἐξέστημεν.
2637 883 2665 911 ››
2723 860 2825 916 "Av
2879 881 2956 931 τε,
3016 861 3171 935 φησὶ,
3234 863 3373 938 μέγα
3420 866 3787 944 φθεγγώμεθα

2129 950 2310 1019 (τοῦτο
2368 948 2474 1024 γὰρ
2532 949 2595 1004 τὸ
2654 973 2685 1004 α
2740 947 3090 1025 Ἐξέστημεψ
3158 954 3503 1027 μαινομένων
3561 956 3665 1033 γὰρ
3722 958 3786 1013 τὸ

2132 1035 2347 1113 μεγάλα
2402 1038 2726 1114 ωθέγγεσθαι
2807 1040 2897 1096 καὶ
2958 1041 3276 1117 ὑπέρογκα),
3335 1041 3427 1099 διὰ
3480 1044 3573 1100 τὸν
3634 1047 3786 1117 Θεὸν,

2129 1128 2284 1208 φησὶ,
2317 1132 2479 1189 τοῦτο
2509 1132 2797 1202 ποιοῦμεν.
2833 1134 2957 1193 Πῶς
2988 1153 3004 1199 ;
3033 1132 3146 1187 Ἳνα
3208 1134 3282 1207 μὴ
3337 1132 3494 1208 ὑμεῖς
3527 1136 3788 1209 νομίσαν-

2126 1237 2214 1279 τες
2271 1219 2419 1292 ἡμᾶς
2488 1215 2723 1282 εὐτελεῖς
2806 1223 3261 1299 καταφρονήσητε
3329 1226 3426 1278 τοῦ
3486 1224 3574 1301 ὑφ’
3632 1225 3785 1300 ὑμῶν

2127 1305 2508 1383 κηρύγματος.
2561 1309 2655 1365 ’Ἂν
2710 1329 2770 1365 τε
2826 1308 3045 1384 μέτριόν
3102 1332 3154 1366 τι
3229 1309 3494 1387 εἴπωμεν,
3546 1310 3617 1369 δι’
3647 1314 3786 1389 ὑμᾶς

2127 1401 2291 1452 τοῦτο
2365 1401 2657 1471 ποιοῦμεν,
2730 1396 2817 1454 ’ἱνα
2888 1407 3329 1478 ταπεινοφρονεῖν
3417 1402 3558 1477 ὑμᾶς
3632 1401 3785 1461 διδά-

2129 1487 2328 1560 ξωμεν.
2364 1487 2432 1544 Ἥ
2493 1486 2687 1549 οὕτως·
2749 1486 2810 1543 Εἰ
2874 1488 2969 1562 μὲν
3024 1510 3109 1553 τις
3167 1492 3315 1564 ἡμᾶς
3378 1492 3659 1566 μαίνεσθαι
3691 1515 3787 1550 νο-

2133 1577 2303 1649 μίζει,
2362 1576 2509 1653 παρά
2575 1580 2709 1632 Θεοῦ
2758 1576 2851 1632 τὸν
2912 1578 3102 1651 μισθὸν
3160 1575 3537 1654 λαμϐάνομεν,
3599 1580 3671 1638 δι’
3727 1585 3786 1639 ὅν

2127 1668 2373 1721 τοιοῦτοι
2405 1666 2764 1739 νομιζόμεθα.
2825 1667 2888 1723 Εἰ
2947 1664 3005 1723 δὶ
3035 1670 3248 1747 νήφειν,
3281 1669 3441 1734 αὐτὸς
3471 1678 3571 1742 τῆς
3602 1670 3663 1728 ἐκ
3685 1677 3785 1729 τοῦ

2129 1756 2322 1831 νήφειν
2388 1753 2606 1819 ὠλείας
2654 1754 3000 1814 ἀπολαυέτω.
3051 1758 3121 1815 Ἥ
3177 1759 3372 1822 οὕτως·
3410 1783 3438 1814 ιε
3472 1760 3534 1818 Εἰ
3592 1763 3788 1834 μαινό-

360 1868 606 1934 prepter
635 1876 813 1932 quem
844 1858 995 1914 tales
1014 1856 1303 1912 habemur
1327 1872 1341 1922 ;
1366 1854 1414 1910 si
1442 1869 1581 1909 vero
1611 1851 1843 1908 sobrios
1866 1865 2009 1921 esse,

2131 1847 2286 1939 μεθα,
2320 1845 2476 1923 φησὶ,
2514 1841 2613 1939 ’διὰ
2668 1845 2761 1901 τὸν
2816 1846 2945 1939 Θεὸν
3009 1848 3328 1922 μαινόμεθα.
3366 1873 3395 1902 ››
3426 1850 3525 1906 Διὰ
3552 1851 3654 1927 γὰρ
3688 1853 3788 1922 τήν

363 1952 490 2023 ipse
540 1948 855 2006 commodo
914 1947 1166 2014 fruatur,
1227 1944 1387 2016 quod
1418 1959 1489 1999 ex
1521 1941 1716 1998 sobrie
1745 1938 2011 2013 degendo

359 2040 650 2112 provenit.
685 2040 799 2093 Aut
831 2038 939 2093 alio
978 2037 1136 2091 modo
1170 2053 1184 2091 :
1225 2054 1246 2083 ι
1292 2034 1351 2090 Si
1408 2031 1762 2099 insanimus,
1796 2029 2012 2100 inquit,

358 2135 602 2202 propter
632 2130 817 2183 Deum
848 2127 1204 2182 insanimus.
1238 2146 1267 2175 »
1300 2125 1446 2180 Nam
1467 2126 1710 2194 prepter
1757 2124 2013 2174 vestram

359 2220 613 2276 salutem
648 2235 660 2286 ;
694 2217 850 2273 636
909 2232 1040 2287 quae
1100 2216 1219 2270 Deo
1274 2229 1433 2268 curm
1495 2215 1604 2279 est,
1664 2207 2014 2281 hujusmodi

312 2369 319 2381 ,
356 2309 681 2381 loquimur,
714 2312 781 2362 ut
799 2305 900 2361 ubi
933 2303 1327 2378 cognoveritis
1358 2301 1601 2372 quinam
1627 2299 1836 2366 simus,
1871 2296 2015 2354 salvi

358 2398 509 2464 sitis,
546 2396 857 2452 credentes
887 2395 982 2449 his
1013 2410 1143 2465 quae
1193 2409 1228 2447 a
1276 2391 1453 2447 nobis
1500 2388 1920 2462 praedicantur.
1956 2386 2014 2441 Si

356 2491 558 2543 autem
599 2485 887 2557 sapimus,
948 2483 1190 2539 credite.
1225 2514 1293 2521 —
1322 2480 1452 2536 Alio
1509 2480 1688 2534 modo.
1752 2479 1908 2533 Bene
1940 2475 2013 2532 ad

357 2577 644 2650 praedicta
703 2575 1060 2647 subjunxit:
1122 2594 1150 2623 «
1209 2573 1337 2628 Sive
1395 2571 1750 2635 insanimus,
1811 2591 1838 2620 »
1901 2573 2013 2624 etc.

356 2667 597 2722 Dixerat
626 2665 788 2720 enim
825 2680 837 2717 :
877 2687 905 2714 ‹‹
935 2664 1117 2735 Spero
1163 2666 1364 2717 autem
1416 2665 1474 2716 et
1520 2660 1581 2714 in
1634 2657 2015 2714 conscientiis

358 2755 571 2811 vestris
600 2752 952 2810 manifestos
984 2767 1094 2806 nos
1127 2766 1294 2818 esse;
1328 2769 1355 2800 ιι
1393 2765 1514 2804 non
1559 2748 1721 2803 enim
1777 2762 2015 2802 rursum

359 2860 471 2899 nos
501 2844 663 2916 ipsos
697 2840 1207 2908 commendamus,
1250 2838 1546 2909 siquidem
1602 2852 1725 2892 non
1775 2852 2016 2908 egemus

356 2932 878 2990 commendatione
912 2947 1051 3003 erga
1080 2946 1200 2985 vos.
1228 2928 1354 2983 Sive
1387 2927 1549 2983 enim
1582 2925 1878 2998 quispiam
1932 2924 2019 2980 in-

356 3023 556 3079 sanire
588 3039 698 3078 nos
725 3021 958 3086 dixerit,
984 3019 1059 3075 ad
1082 3021 1267 3074 Deum
1299 3018 1410 3073 hoc
1440 3017 1791 3081 refertur,ac
1818 3015 2014 3071 futuro

356 3112 890 3186 egetjudicio,non
922 3116 1114 3165 vestro
1151 3125 1162 3162 :
1196 3107 1356 3179 quod
1403 3106 1582 3164 etiam
1641 3104 1784 3161 alibi
1826 3103 2010 3159 dixit:

358 3226 380 3253 α
417 3202 553 3257 Mihi
582 3207 783 3257 autem
815 3199 1301 3268 indignissimum
1359 3196 1611 3262 videtur,
1644 3201 1711 3250 ut
1752 3211 1787 3251 a
1846 3193 2009 3249 vobis

344 3291 714 3363 judicer,sed
744 3290 845 3360 qui
867 3289 1100 3362 judicat
1127 3303 1222 3343 me
1256 3286 1542 3342 Dominus
1573 3290 1664 3341 est
1690 3285 1783 3340 η’.
1818 3306 1846 3333 ››
1882 3284 2007 3338 Sive

351 3381 530 3453 igitur
558 3377 1153 3449 insanimus,inquit,
1185 3376 1259 3431 ad
1290 3377 1478 3431 Deum
1508 3391 1628 3430 non
1663 3373 1738 3430 ad
1760 3390 1859 3429 vos
1909 3389 2006 3429 re-

350 3468 668 3525 ferendum
699 3473 791 3523 est
816 3465 1161 3539 hujusmodi
1209 3465 1530 3538 judicium,
1566 3465 1693 3519 Sive
1724 3464 2005 3535 cuiquam

352 3558 597 3614 omnino
629 3572 838 3629 sapere
869 3555 1161 3623 videmur,
1185 3554 1353 3609 vobis
1412 3553 1612 3625 potius
1672 3561 1850 3624 quam
1884 3552 2009 3625 qui-

354 3647 555 3703 busvis
585 3646 720 3703 aliis
753 3644 1218 3701 existimandum
1268 3649 1358 3699 est
1386 3660 1496 3699 nos
1520 3659 1750 3715 sapere.
1776 3664 1805 3693 «
1864 3644 2009 3698 Nam

358 3736 622 3810 sigillum
652 3735 1020 3809 apostolatus
1051 3734 1190 3801 mei,
1213 3733 1297 3789 ait
1326 3732 1468 3790 alibi
1499 3730 1569 3801 ‘3,
1600 3749 1702 3789 vos
1734 3731 1876 3789 estis
1905 3749 2013 3805 per

2128 1933 2280 2007 ὑμῶν
2316 1932 2589 2011 σωτηρίαν
2643 1938 2710 2005 ἧς
2763 1931 2986 2007 κήδεται
3019 1938 3048 1991 ὁ
3080 1937 3233 2008 Θεὸς,
3287 1943 3512 1995 τοιαῦτα
3544 1940 3785 2020 φθεγγό-

2126 2023 2282 2095 μεθα,
2334 2021 2427 2078 ’ίνα
2481 2024 2696 2101 γνόντες
2754 2027 2903 2098 ἡμᾶς
2959 2026 3102 2090 τίνες
3176 2026 3355 2102 ἐσμὲν,
3418 2033 3632 2096 σωθῆτε
3688 2051 3783 2086 πι-

2122 2110 2436 2175 στεύσαντες
2497 2118 2608 2174 τοῖς
2666 2116 2795 2188 παρ’
2849 2116 3008 2188 ἡμῶν
3083 2117 3539 2191 κηρυσσομένοις.
3601 2117 3664 2173 Εἰ
3722 2117 3782 2175 δὲ

2122 2214 2536 2286 σωφρονοῦμεν,
2621 2213 2900 2281 πεισθῆτε.
2960 2244 3029 2256 -
3085 2211 3333 2277 Ἄλλως.
3418 2214 3625 2288 [ΦΩΓ.]
3677 2216 3780 2285 Τὸ,

2124 2323 2151 2352 ι(
2185 2298 2312 2356 Εἴτε
2340 2298 2655 2375 ἐξέστημεν,
2698 2325 2726 2354 ››
2786 2300 2875 2356 καὶ
2935 2301 3081 2371 ἑξῆς,
3138 2300 3321 2365 καλῶς
3376 2302 3636 2380 ἐπήνεγκε
3665 2309 3784 2360 τοῖς

2121 2389 2568 2466 προειρημένοις·
2630 2414 2660 2443 ‹‹
2695 2389 2938 2461 Ἐλπίζω
2998 2388 3057 2446 δὲ
3110 2393 3201 2447 καὶ
3253 2392 3305 2448 ἐν
3354 2398 3472 2455 ταῖς
3530 2391 3788 2465 συνειδή-

2124 2499 2268 2534 σεσιν
2319 2480 2472 2554 ὑμῶν
2531 2483 3022 2558 πεφανερῶσθαι.οι
3089 2480 3162 2535 Οὑ
3220 2481 3326 2557 γὰρ
3356 2479 3523 2537 πάλιν
3556 2482 3786 2547 ἑαῦτοῦς

2125 2569 2481 2642 συστάνομεν.
2566 2567 2646 2626 Οὑ
2702 2568 2809 2645 γὰρ
2889 2564 3123 2643 δεόμεθα
3204 2570 3344 2647 πρὸς
3403 2571 3566 2644 ὑμᾶς,
3625 2571 3785 2650 φησὶ,

2126 2655 2451 2720 συστάσεως,
2512 2662 2614 2714 "Av
2670 2677 2732 2713 τε
2790 2656 2895 2734 γὰρ
2950 2657 3304 2732 ἐξεστηκότας
3350 2680 3432 2722 τις
3464 2661 3614 2735 ἡμᾶς
3646 2659 3785 2737 ἐρεῖ,

2124 2749 2241 2818 Θεῷ
2302 2746 2414 2801 ἐστι
2471 2751 2634 2803 τοῦτο
2693 2746 3068 2821 ἀνακείμενον,
3116 2749 3205 2804 καὶ
3264 2755 3366 2819 τῆς
3420 2748 3620 2805 ἐκεῖθεν
3655 2751 3785 2826 κρί-

2126 2855 2261 2897 σεως
2296 2832 2578 2909 δεόμενον,
2612 2835 2723 2912 οὑχ
2782 2836 2957 2908 ὑμῶν.
3016 2838 3084 2895 Ὃ
3138 2838 3229 2892 καὶ
3283 2835 3540 2913 ἀλλαχοῦ
3572 2832 3781 2916 ἔλεγεν.

2125 2949 2153 2979 ‹‹
2189 2926 2346 2998 Ἐμοὶ
2382 2923 2439 2980 δὲ
2470 2925 2546 2988 εἰς
2578 2923 2873 3002 ἐλαχιστόν
2933 2924 3067 2995 ἐστι,
3094 2923 3184 2982 ἵνα
3243 2926 3331 3001 ὑφ’
3373 2926 3525 3002 ὑμῶν
3557 2926 3789 3001 ἀνακρι-

2125 3018 2225 3080 θῶ.
2280 3015 2341 3073 Ὁ
2398 3011 2456 3069 δὲ
2512 3013 2811 3091 ἀνακρίνων
2871 3035 2939 3089 με
2996 3014 3194 3091 Κύριός
3244 3013 3408 3073 ἐστιν.
3440 3040 3468 3067 ››
3502 3014 3628 3074 Εἴτε
3663 3014 3780 3089 οὖν,

2124 3104 2309 3182 φησὶν,
2370 3104 2681 3178 ἐξέστημεν,
2741 3109 2859 3178 Θεῷ
2910 3106 2945 3175 ἡ
2999 3104 3224 3176 τοιαὺτη
3279 3105 3455 3181 κρίσις
3481 3105 3782 3178 ἀνάκειται,

2123 3195 2235 3274 οὐχ
2269 3195 2419 3268 ὑμῖν.
2456 3192 2584 3252 Εἴτε
2629 3195 2733 3251 τινὶ
2791 3194 2939 3258 ὅλως
2999 3191 3265 3269 δοκοῦμεν
3298 3200 3618 3273 σωφρονεῖν,
3652 3195 3784 3269 ὑμῖν

2124 3283 2338 3358 μᾶλλον
2400 3284 2530 3362 ὑπὲρ
2588 3282 2717 3347 τοὺς
2775 3282 2981 3348 ἄλλους
3039 3285 3240 3347 πάντας
3301 3285 3586 3360 νομιστέον
3627 3287 3778 3358 ἡμᾶς

2116 3379 2437 3449 σωφρονεῖν.
2471 3399 2500 3429 ‹‹
2558 3375 2622 3432 Ἥ
2662 3375 2769 3450 γὰρ
2827 3375 3059 3453 σφραγὶς
3107 3382 3207 3445 τῆς
3265 3374 3405 3449 ἐμῆς
3438 3373 3778 3447 ἀποστολῆς,

2116 3462 2281 3539 φησὶν
2345 3461 2623 3539 ἀλλαχοῦ,
2687 3464 2841 3539 ὑμεῖς
2898 3462 3023 3521 ἐστε
3069 3463 3120 3520 ἐν
3186 3463 3391 3539 Κυρίῳ.
3451 3489 3472 3516 ι
3535 3470 3627 3520 Δεῖ
3683 3466 3780 3521 οῦν

2119 3553 2260 3626 ὑμᾶς
2292 3552 2466 3615 οὕτως
2524 3553 2650 3628 περὶ
2703 3555 2866 3627 ἡμῶν
2925 3559 3141 3630 φρονεῖν
3189 3554 3283 3611 καὶ
3323 3552 3664 3631 λογίζεσθαι.
3697 3555 3781 3613 Οὐ

2124 3642 2290 3718 μόνον
2320 3640 2399 3711 at,
2430 3642 2579 3699 ἀλλά
2605 3643 2696 3699 καὶ
2744 3642 2882 3720 πρὸς
2924 3642 3052 3707 τοὺς
3087 3643 3140 3700 ὲν
3168 3643 3449 3720 προσώπῳ
3481 3639 3786 3720 καυχωμέ-

2118 3752 2264 3801 νους,
2289 3732 2359 3787 τὰ
2386 3731 2522 3787 αὐτά
2553 3732 2683 3808 ὑπὲρ
2716 3735 2877 3806 ἡμῶν
2930 3733 3021 3789 καὶ
3063 3731 3244 3808 λέγειν
3276 3734 3365 3790 καὶ
3398 3731 3783 3793 διατείνεσθαι.

359 3828 697 3883 Dominum.
734 3848 763 3878 »
795 3827 1040 3897 Oportet
1066 3824 1266 3896 itaque
1302 3840 1403 3878 vos
1434 3823 1517 3879 ita
1548 3823 1619 3879 de
1650 3822 1823 3879 nobis
1847 3821 2068 3878 sentire
2099 3839 2167 3879 ac
2199 3824 2560 3883 existimare.
2587 3829 2702 3881 Nec
2740 3825 2801 3881 id
2833 3824 3049 3895 solum,
3082 3841 3284 3882 verum
3346 3826 3525 3882 etiam
3569 3826 3784 3883 adver-

351 3932 453 3970 sus
484 3932 584 3971 eos
616 3915 717 3987 qui
749 3915 812 3969 in
857 3913 1004 3970 facie
1034 3912 1388 3984 gloriantur,
1420 3911 1629 3967 eadem
1669 3911 1742 3967 de
1776 3910 1950 3966 nobis
1981 3914 2039 3966 et
2064 3910 2261 3968 dicere
2295 3918 2355 3969 et
2382 3912 2797 3970 contendendo
2829 3929 3190 3971 asseverare.

428 4006 712 4072 ν,14.16.
776 4004 1037 4058 Charitas
1096 4004 1242 4057 enim
1274 4000 1479 4057 Christi
1534 4002 1835 4070 contringit
1886 4015 2006 4069 nos,

341 4095 663 4165 judicantes
690 4093 857 4159 illud,
886 4093 1033 4163 quod
1060 4093 1109 4147 si
1137 4106 1279 4147 unus
1301 4107 1409 4160 pro
1457 4090 1711 4145 omnibus
1759 4095 2008 4145 mortuus

348 4184 484 4252 fuit,
545 4198 674 4252 ergo
728 4197 909 4237 omnes
964 4183 1170 4236 mortui
1224 4182 1481 4249 fuerunt,
1504 4185 1556 4233 et
1613 4195 1718 4249 pro
1758 4178 2008 4233 omnibus

349 4277 596 4326 mortuus
627 4276 725 4341 est,
756 4276 817 4325 ut
874 4269 975 4341 qui
1003 4273 1215 4337 vivunt,
1244 4267 1477 4338 posthac
1506 4284 1617 4322 non
1662 4268 1772 4323 sibi
1799 4268 2005 4336 vivant,

347 4359 438 4415 sed
469 4358 522 4414 ei
567 4362 668 4430 qui
705 4376 816 4430 pro
857 4360 1110 4415 omnibus
1164 4362 1411 4412 mortuus
1460 4362 1541 4411 est
1585 4362 1639 4410 et
1678 4358 2002 4411 resurremit.

345 4450 539 4518 Itaque
590 4464 687 4503 nos
738 4448 970 4518 posthac
1041 4446 1313 4500 neminem
1362 4446 1613 4499 novimus
1699 4444 2003 4500 secundum

343 4554 579 4593 carnem.
608 4539 784 4593 Porro
816 4536 1053 4592 etiamsi
1083 4536 1432 4604 cognovimus
1483 4532 1758 4590 Christum
1808 4551 2000 4591 secun-

341 4645 474 4700 pum
504 4644 745 4694 carnem,
777 4642 925 4681 nunc
976 4631 1158 4680 tamen
1180 4640 1291 4679 non
1321 4625 1559 4695 amplius
1586 4627 1857 4681 novimus.

416 4713 1127 4786 Cbristi,inquit,dilectio
1159 4714 1424 4768 continet
1458 4731 1566 4769 nos
1592 4713 1652 4769 in
1713 4714 1909 4771 officio
1942 4719 2001 4770 et

345 4810 737 4881 impellit,nec
768 4823 979 4878 segnes
1002 4822 1132 4861 esse
1165 4805 1308 4861 sinit
1335 4804 1407 4860 ad
1440 4805 1675 4861 labores
1698 4824 1802 4878 pro
1832 4806 1997 4862 vobis

347 4903 675 4968 susceptos.
699 4896 837 4951 Ideo
865 4897 1042 4952 etiam
1076 4896 1203 4951 haec
1232 4894 1517 4965 loquitur,
1550 4895 1765 4965 inquit,
1811 4900 1876 4949 ut
1897 4912 1995 4951 vos

349 4985 491 5040 salvi
524 4984 1080 5054 sitis,existimando
1114 5000 1224 5040 nos
1255 4983 1370 5039 ﬁde
1404 4983 1612 5055 dignos
1644 4999 1796 5039 esse.
1831 4985 1997 5039 Novit

344 5073 505 5127 enim
534 5072 782 5129 suadere
816 5073 1125 5145 discipulis
1157 5077 1488 5143 praeceptor
1534 5070 1777 5143 probus.
1812 5093 1839 5121 α
1892 5072 1995 5127 Ju-

343 5162 610 5215 dicanles
645 5161 816 5216 illud.
853 5184 880 5213 »
913 5162 1207 5230 Continet,
1240 5159 1456 5231 inquit,
1490 5176 1600 5214 nos
1633 5164 1690 5214 et
1738 5160 1994 5232 impellit

333 5247 550 5304 Christi
592 5249 1343 5323 dilectio,quandoquidem
1377 5249 1487 5303 hoc
1512 5265 1714 5305 verum
1746 5252 1991 5322 esseju—

331 5339 680 5406 dicavimus,
725 5340 1014 5411 quidnam
1045 5342 1073 5395 ?
1108 5361 1130 5390 ι
1165 5338 1331 5404 Quod
1362 5355 1518 5393 unus
1571 5354 1678 5409 pro
1711 5339 1989 5397 omnibus

326 5437 599 5485 mortuus
630 5430 761 5486 fuit.
796 5451 825 5481 »
860 5432 1152 5496 Quoniam
1183 5446 1394 5485 omnes
1436 5428 1710 5484 homines
1768 5433 1985 5487 mortui

328 5525 519 5590 erant,
544 5519 676 5578 ideo
706 5520 887 5578 etiam
917 5538 1023 5595 pro
1054 5521 1337 5577 omnibus
1379 5524 1650 5577 mortuus
1706 5526 1815 5576 est.
1847 5545 1873 5574 «
1918 5524 1988 5580 Ut

337 5750 347 5757 .
407 5707 481 5743 ⁴²⁶
509 5707 534 5760 Ι
564 5706 695 5763 Cor.
727 5723 797 5762 ιν.
834 5709 885 5761 3.
920 5707 963 5742 ⁵³
989 5707 1013 5760 Ι
1044 5705 1176 5761 Cor.
1211 5721 1287 5771 ιχ,
1320 5704 1372 5759 3.

2185 4000 2248 4055 Ἦ
2305 4000 2411 4076 γὰρ
2465 4000 2651 4077 ἀγάπη
2707 4006 2804 4057 τοῦ
2862 4003 3098 4077 Χριστοῦ
3158 3999 3367 4077 συνέχει
3425 4004 3597 4076 ἡμᾶς,
3647 4003 3780 4078 κρί-

2114 4109 2308 4152 ναντας
2368 4094 2555 4163 τοῦτο,
2607 4089 2692 4146 ὅτι
2759 4089 2805 4145 εἰ
2872 4092 2947 4155 εἷς
3007 4091 3137 4167 ὑπὲρ
3205 4091 3422 4147 πάντων
3485 4092 3776 4164 ἀπέθανεν,

2116 4176 2219 4241 ἄρα
2278 4181 2328 4236 οἳ
2387 4180 2582 4243 πάντες
2640 4181 2930 4238 ἀπέθανον.
3013 4182 3117 4238 Καὶ
3202 4181 3335 4257 ὑπὲρ
3393 4182 3611 4237 πάντων
3666 4182 3779 4238 ἀπ-

2116 4268 2311 4339 έθανεν,
2360 4267 2452 4325 ’ίνα
2502 4272 2553 4325 οἱ
2603 4274 2801 4341 ζῶντες
2858 4271 3055 4345 μηκέτι
3107 4272 3322 4333 ἑαυτοῖς
3390 4275 3578 4342 ζῶσιν,
3626 4270 3779 4329 ἀλλὰ

2113 4363 2191 4431 τῷ
2242 4358 2374 4436 ὑπὲρ
2424 4358 2639 4415 πάντων
2700 4360 3041 4431 ἀποθανόντι,
3091 4360 3184 4415 καὶ
3248 4357 3533 4436 ἐγερθέντι.
3582 4361 3778 4434 Ἡμεῖς

2115 4447 2220 4503 ἀπὸ
2279 4452 2377 4504 τοῦ
2442 4448 2555 4519 νῦν,
2624 4446 2814 4505 οὐδένα
2880 4447 3109 4521 οἴδαμεν
3174 4449 3311 4504 κατὰ
3378 4450 3568 4525 σάρκα.
3620 4447 3783 4506 Εἶδὶ

2112 4537 2200 4594 καὶ
2233 4536 2544 4616 ἐγνώκαμεν
2573 4539 2711 4595 κατά
2760 4539 2929 4615 σάρκα
2975 4539 3236 4613 Χριστὸν,
3270 4537 3419 4595 ἀλλά
3445 4543 3538 4594 νῦν
3569 4537 3668 4595 οὑκ
3697 4533 3782 4596 ἔτι

2111 4626 2472 4707 γινώσκομεν.

2180 4716 2242 4773 Ἠ
2286 4715 2471 4793 ἀγάπη
2539 4720 2637 4771 τοῦ
2703 4717 2962 4792 Χριστοῦ,
3029 4715 3185 4795 φησὶ,
3246 4713 3464 4790 συνέχει
3524 4715 3614 4771 καὶ
3654 4736 3781 4771 συν-

2107 4807 2239 4860 ωθεῖ
2294 4806 2444 4878 ἡμᾶς
2500 4806 2588 4861 καὶ
2651 4804 2910 4881 ῥᾳθυμεῖν
2971 4803 3070 4860 οὑκ
3127 4803 3207 4875 ἐᾷ,
3265 4805 3403 4880 πρὸς
3462 4825 3590 4867 τους
3633 4803 3776 4879 ὑπὲρ

2106 4896 2265 4969 ἡμῶν
2307 4893 2531 4958 πόνους.
2593 4896 2708 4965 Διὸ,
2750 4895 2907 4974 φησί,
2965 4894 3054 4949 καὶ
3110 4893 3338 4948 τοιαῦτα
3397 4894 3770 4969 φθεγγόμεθα,

2099 4981 2191 5038 ’ἶνα
2261 4984 2420 5058 ὑμεῖς
2485 4985 2719 5052 σωθῆτε,
2797 4982 3144 5054 ἀξιοπίστους
3201 4985 3351 5056 ἡμᾶς
3416 4983 3768 5054 νομίσαντες.

2102 5072 2314 5138 ΙΙείθειν
2370 5072 2471 5150 γὰρ
2514 5072 2628 5130 οἶδε
2672 5073 2940 5147 μαθητὰς,
3005 5074 3033 5128 ὁ
3090 5072 3340 5148 ἐνάρετος
3407 5069 3765 5137 διδάσκαλος.

2106 5188 2133 5217 ‹‹
2182 5164 2466 5240 Κρίναντες
2505 5168 2686 5221 τοῦτο.
2732 5189 2759 5217 ››
2804 5165 3035 5242 Συνέχει
3075 5167 3247 5239 ἡμᾶς,
3290 5164 3445 5242 φησὶ,
3486 5164 3578 5218 καὶ
3647 5184 3769 5218 συν-

2101 5257 2232 5310 ωθεῖ
2265 5257 2300 5325 ἡ
2350 5255 2530 5332 ἀγάπη
2592 5259 2689 5311 τοῦ
2738 5259 2991 5331 χριστοῦ,
3043 5252 3231 5325 ἐπειδὴ
3265 5254 3593 5329 κεκρίκαμεν
3625 5254 3767 5311 εἶναι

2096 5347 2257 5400 τοῦτο
2288 5343 2511 5415 ἀληθές.
2545 5350 2747 5416 Ποῖον,
2780 5370 2809 5398 ‹‹
2841 5348 2966 5403 ’Ὁτι
2998 5345 3079 5407 εἷς
3122 5344 3258 5419 ὑπὲρ
3306 5342 3525 5400 πάντων
3570 5342 3771 5400 ἀπέθα-

2095 5455 2205 5491 νεν.
2257 5457 2288 5487 ››
2354 5431 2582 5505 Ἐπειδή
2652 5437 2703 5489 οἱ
2743 5433 2938 5497 πάντες
2974 5435 3111 5505 ἦσαν
3151 5433 3511 5495 ἀποθανοντες
3552 5430 3769 5509 ἅνθρω-

2094 5545 2213 5582 ποι.
2265 5524 2358 5579 Διὸ
2408 5524 2500 5581 καὶ
2548 5524 2681 5601 ὑπὲρ
2729 5524 2943 5581 πάντων
2996 5523 3273 5581 ἀπέθανιν.
3326 5548 3348 5576 ι
3403 5527 3515 5582 Ἵνα
3546 5523 3596 5578 οἱ
3633 5528 3774 5594 ζῶν-
