4080 6374
331 446 453 506 977

1301 439 1714 502 COMMENT.
1760 439 1841 498 ΙΝ
1888 439 2128 501 EPIST.
2177 439 2225 499 Il
2271 441 2380 500 AD
2423 439 2788 504 CORINTH.

3639 453 3758 512 978

327 599 419 644 τες
452 573 650 652 μηκέτι
682 576 896 638 ἑαυτοῖς
932 576 1118 645 ζῶσιν.
1151 593 1178 627 υ
1211 573 1274 632 Εἰ
1303 571 1396 628 οὗν
1428 569 1491 628 οὗ
1533 569 1616 628 δεῖ
1667 573 1817 647 ἡμᾶς
1867 572 1988 628 ἑαυ-

2103 573 2206 647 qui
2237 575 2461 645 vivunt,
2494 577 2742 649 posthac
2769 595 2891 636 non
2923 581 3036 637 sibi
3067 582 3281 639 vivant.
3317 606 3344 633 ››
3379 585 3436 641 Si
3471 603 3608 660 ergo
3637 605 3758 645 non

325 675 447 734 τοῖς
474 673 594 742 ζῇν,
631 667 856 729 εἰκότως
916 662 1292 738 σπουδάζομεν
1350 667 1441 719 καί
1495 666 1684 738 ἡμεῖς.
1748 662 1990 726 Εῗκότως

334 756 382 814 δ’
413 761 476 814 ἄν
528 758 614 814 καὶ
678 758 835 830 ὑμεῖς
887 760 996 810 τῶν
1049 754 1314 810 ἐπιόντων
1368 755 1818 834 καταφρονήσητε
1873 773 1990 808 πει-

332 853 580 924 ρασμῶν.
618 845 796 904 Ἀλλά
847 851 926 919 τῷ
984 846 1116 921 ὑπὲρ
1176 848 1388 901 πάντων
1443 843 1784 902 ἀποθανόντι.
1831 845 1992 920 Τρεῖς

333 939 466 994 εἰσιν
502 936 735 1016 ὀφειλῆς
765 935 1033 1014 ἀφορμαὶ,
1086 932 1156 990 δι’
1205 935 1267 998 ἅς
1300 932 1383 990 δεῖ
1437 932 1758 1003 σπουδάζειν
1817 935 1990 1006 ἡμᾶς,

327 1030 506 1086 πάντα
539 1026 629 1083 διὰ
653 1028 747 1083 τὸν
780 1025 979 1102 Κύριον
1033 1031 1232 1085 ποιεῖν.
1292 1025 1423 1095 Μία,
1483 1022 1565 1080 ὅτι
1623 1023 1783 1087 αὐτὸς
1838 1026 1988 1096 ἡμᾶς

325 1117 572 1186 ἐποίησε·
610 1113 856 1190 δευτέρα,
889 1115 972 1170 ὃτι
1007 1111 1079 1169 δι’
1110 1116 1262 1186 ἡμᾶς
1313 1113 1600 1177 ἀπέθανεν·
1660 1113 1843 1187 τρίτη,
1904 1112 1987 1166 δτι

322 1208 425 1278 τὴν
455 1207 718 1281 ἀπαρχὴν
752 1206 938 1278 ἡμῶν,
988 1203 1256 1274 τουτέστι,
1313 1204 1415 1272 τὴν
1471 1200 1611 1257 ἰδίαν
1671 1203 1841 1278 σάρκα
1899 1200 1990 1255 ἀν-

323 1300 521 1366 έστησε
554 1294 626 1351 δι’
656 1295 805 1368 ἡμᾶς
839 1293 928 1349 καὶ
956 1292 1034 1356 εἷς
1093 1292 1363 1366 οὐρανοὺς
1423 1291 1706 1367 ἀνήγαγεν,
1750 1288 1842 1346 ’ἱνα
1897 1290 1988 1345 καὶ

325 1408 385 1442 σε
415 1385 684 1461 ἀναγάγῃ,
708 1384 846 1439 ὅπου
875 1384 910 1454 ἠ
965 1384 1188 1457 ἀπαρχή
1242 1403 1336 1437 σου
1383 1381 1666 1457 τυγχάνει.
1699 1383 1833 1456 Ὅρα
1882 1383 1987 1435 ποῦ

320 1477 563 1552 ἀνήγαγε
590 1475 684 1530 τὸν
719 1471 908 1549 λόγον.
943 1473 1039 1534 Τίς
1067 1474 1170 1550 γάρ
1199 1472 1346 1536 ὅλως
1392 1473 1459 1541 ἦν
1515 1471 1678 1546 χρεία
1734 1470 1990 1543 ἐνανθρω-

320 1569 547 1637 πήσεως
577 1564 667 1620 καὶ
701 1563 1027 1638 σαρκώσεως
1057 1567 1133 1634 τῷ
1165 1567 1280 1634 Θεῷ
1331 1561 1514 1639 Λόγῳ,
1572 1561 1618 1616 εἷ
1681 1562 1755 1634 μή
1820 1563 1985 1616 τοῦτο

319 1654 660 1728 ᾠκονομεῖτο
736 1653 770 1722 ἠ
843 1653 1006 1724 ἡμῶν
1077 1649 1382 1712 ἀνάπλασις
1468 1650 1559 1704 καὶ
1648 1649 1983 1717 ἀνάστασις;

328 1764 356 1796 ι
389 1741 592 1799 Οὐδένα
631 1737 855 1812 οἷ’δαμεν
921 1740 1057 1794 κατα
1107 1737 1297 1795 σάρκα.
1362 1760 1388 1791 ι
1442 1737 1592 1794 Ἐπεὶ
1650 1737 1741 1792 οὖν
1791 1735 1986 1799 πάντες

325 1831 590 1888 ἀπέθανον
647 1833 717 1903 τῇ
773 1829 1017 1905 ἁμαρτίᾳ
1075 1829 1166 1883 καὶ
1227 1833 1360 1898 ζῶσι
1419 1825 1508 1883 διὰ
1572 1826 1665 1883 τὸν
1726 1827 1982 1901 Χριστὸν,

2099 671 2328 737 oportet
2359 683 2468 722 nos
2500 667 2690 723 vivere
2721 669 2894 725 nobis
2925 672 3091 742 ipsis,
3125 675 3334 728 merito
3367 676 3478 730 hoc
3504 677 3758 734 nitimur

2101 760 2159 812 et
2188 772 2296 811 nos
2326 756 2520 812 facere
2553 774 2620 813 ac
2646 759 3040 829 persuadere;
3077 765 3286 818 merito
3310 769 3509 820 autem
3558 773 3616 822 et
3656 786 3754 824 vos

2098 844 2446 901 accedentes
2469 847 2563 901 67
2580 849 2622 902 3
2644 848 2951 920 despicere
2975 850 3202 906 debetis
3225 852 3601 912 afflictioues.
3636 858 3749 912 Sed

2097 934 2150 990 ei
2182 935 2283 1006 qui
2315 953 2421 1006 pro
2452 936 2730 992 omnibus
2762 944 3033 994 mortuus
3065 946 3172 995 est.
3208 943 3345 997 Tres
3383 949 3523 997 sunt
3564 944 3749 1000 debiti

2097 1024 2460 1092 occasiones,
2495 1033 2739 1098 propter
2769 1045 2917 1099 quas
2974 1036 3207 1101 oportet
3265 1048 3373 1086 nos
3429 1034 3635 1088 conari
3685 1040 3753 1090 ut

2096 1118 2297 1173 omnia
2318 1125 2559 1190 propter
2577 1121 2897 1176 Dominum
2919 1122 3206 1178 faciamus
3235 1141 3412 1189 :una,
3467 1127 3748 1197 quoniam

2095 1207 2224 1278 ipse
2255 1224 2364 1263 nos
2394 1209 2700 1277 formavit;
2735 1210 2942 1274 altera,
2977 1213 3118 1283 quia
3147 1221 3390 1284 propter
3419 1231 3528 1270 nos
3591 1233 3752 1271 mor-

2095 1301 2234 1352 tuus
2265 1302 2392 1364 est;
2429 1299 2601 1353 tertia
2631 1300 2770 1370 quia
2801 1299 3093 1371 primitias
3151 1309 3406 1366 nostras,
3471 1305 3582 1359 hoc
3634 1311 3748 1373 est,

2097 1403 2267 1442 suam
2298 1388 2600 1459 propriam
2634 1405 2896 1454 carnem,
2932 1395 3175 1461 propter
3217 1408 3324 1446 nos
3379 1395 3754 1448 resuscitavit

2095 1476 2229 1531 etin
2249 1477 2426 1532 caelos
2447 1477 2793 1543 introduxit,
2828 1485 2894 1534 ut
2923 1484 2981 1534 et
3020 1485 3076 1534 te
3136 1480 3278 1537 illuc
3339 1482 3751 1538 introduceret

2093 1566 2194 1622 ubi
2226 1573 2361 1621 sunt
2397 1568 2672 1637 primitim
2734 1575 2866 1625 tum.
2905 1569 3044 1624 Vide
3106 1587 3221 1641 quo
3287 1589 3624 1627 sermonem
3674 1574 3745 1628 de

2093 1656 2346 1712 duxerit.
2376 1657 2520 1712 Nam
2554 1674 2685 1728 quae
2717 1659 2961 1713 omnino
3019 1659 3228 1714 fuisset
3285 1661 3490 1716 divino
3557 1663 3742 1717 Verbo

2091 1746 2419 1801 necessitas
2447 1752 2513 1801 ut
2536 1747 2970 1803 humanitatem
3001 1756 3332 1805 assumeret
3356 1767 3423 1804 ac
3472 1752 3748 1808 incarna-

2091 1839 2276 1904 retur,
2307 1835 2424 1890 nisi
2455 1836 2568 1891 hoc
2600 1835 2840 1906 provide
2874 1837 3164 1908 exegisset
3189 1843 3245 1893 et
3275 1855 3382 1909 per
3437 1840 3549 1894 hoc
3605 1858 3745 1912 pro-

329 1918 521 1976 οὐδένα
577 1917 735 1993 ἴσμεν
822 1917 959 1974 κατά
1008 1917 1178 1995 σάρκα
1252 1922 1449 1989 ζῶντα,
1496 1915 1768 1989 τουτέστι,
1850 1919 1986 1972 κατὰ

2101 1928 2299 1980 curata
2356 1923 2564 1979 fuisset
2623 1929 2828 1980 nostra
2882 1929 3177 1998 reparatio
3236 1944 3304 1983 ac
3360 1932 3743 1986 resurrectio.

332 2012 437 2081 τὴν
493 2007 662 2065 πάλαι
722 2007 1029 2077 πολιτείαν,
1087 2009 1186 2077 τὴν
1243 2008 1294 2064 ἐν
1353 2006 1668 2085 ἁμαρτίαις.
1753 2011 1824 2062 Τὸ
1881 2007 1983 2085 γὰρ

328 2104 606 2172 τοιοῦτον,
640 2098 865 2164 θάνατός
909 2097 1044 2168 ἐστι,
1098 2099 1189 2154 καὶ
1248 2098 1309 2153 οὐ
1365 2100 1502 2170 ζωή.
1563 2095 1741 2157 Ἀλλά
1791 2102 1882 2153 νῦν
1932 2097 1983 2152 οἱ

324 2185 499 2253 ὅντως
549 2193 771 2260 ζῶντες,
823 2189 962 2244 κατὰ
1017 2193 1231 2263 πνεῦμα
1276 2193 1460 2260 ζῶσιν.
1520 2190 1982 2266 Ἀνεγεννήθησαν

320 2280 428 2358 γὰρ
460 2279 515 2335 ἐν
544 2283 623 2350 τῷ
655 2278 1015 2354 βαπτίσματι.
1049 2279 1144 2334 Διὸ
1172 2279 1261 2335 καὶ
1287 2279 1404 2334 νέαν
1436 2271 1629 2354 ἔχουσι
1688 2280 1858 2349 ζωὴν,
1889 2276 1980 2333 καὶ

323 2369 387 2425 οὐ
447 2367 709 2426 παλαιάν.
755 2390 783 2420 (ι
842 2367 992 2425 Κατὰ
1047 2366 1236 2443 σάρκα.
1325 2391 1354 2418 ››
1411 2367 1540 2424 Οἷον
1627 2372 1820 2437 ζῶντα.
1882 2367 1977 2422 Καὶ

327 2461 612 2528 τοσοῦτον,
645 2457 832 2538 φησὶν,
883 2454 1061 2519 οὐδεὶς
1115 2451 1194 2512 ἔτι
1246 2457 1382 2512 κατὰ
1435 2459 1608 2533 σάρκα
1666 2461 1731 2532 ζῇ
1785 2456 1977 2528 (ἐκείνη

331 2551 436 2624 γὰρ
468 2547 570 2603 οὐκ
597 2542 710 2602 ἔστι
743 2547 882 2618 ζωὴ,
916 2546 1060 2603 ἀλλὰ
1092 2548 1366 2621 θάνατος),
1399 2546 1483 2603 ὅτι
1513 2548 1604 2603 καὶ
1663 2549 1692 2603 6
1749 2547 1978 2623 Χριστὸς

312 2637 404 2694 ’ίνα
436 2636 580 2712 δείξῃ
630 2636 717 2693 ὅτι
774 2637 837 2692 τὸ
894 2639 1030 2694 κατά
1089 2637 1261 2712 σάρκα
1315 2643 1412 2713 ζῇν
1475 2633 1828 2710 ἐκϐέϐληται,
1887 2640 1978 2694 καὶ

317 2733 409 2784 νῦν
440 2729 579 2784 κατὰ
599 2731 817 2801 πνεῦμα
850 2732 1052 2800 ζῶμεν,
1113 2727 1200 2783 καὶ
1259 2727 1419 2791 αὐτὸς
1466 2733 1562 2785 τοῦ
1616 2730 1754 2785 κατά
1810 2729 1981 2804 σάρκα

330 2823 428 2894 ζῇν
482 2816 778 2874 ἐπαύσατο.
840 2822 1014 2888 “die;
1072 2818 1152 2874 Οὐ
1209 2818 1272 2873 τὸ
1339 2824 1500 2893 σῶμα
1554 2818 1708 2890 ἀφεὶς
1747 2815 1977 2893 (ἄπαγεί

437 2909 451 2930 ν
554 2907 609 2942 ν,
649 2910 674 2922 ν
778 2907 790 2924 \
877 2907 941 2960 Fr
1068 2908 1082 2928 ι
1191 2906 1264 2963 tm
1549 2911 1562 2928 ι
1695 2909 1709 2929 9
1777 2909 1789 2927 1

331 2929 433 2982 μετ
508 2927 678 2962 αυυου
734 2927 837 2984 γαρ
902 2928 992 2978 ,ςει
1053 2929 1130 2969 ως
1214 2919 1352 2978 οιου,
1411 2930 1606 2982 κριτης
1686 2913 1978 2977 απαντων),

325 2995 475 3052 ἀλλὰ
505 3002 612 3051 τῶν
647 3002 886 3076 φυσικῶν
931 2996 1267 3072 ἀπαλλαγεὶς
1325 3001 1532 3070 παθῶν,
1590 3001 1706 3054 οἷον
1767 3000 1979 3070 πείνης,

324 3087 418 3142 καὶ
454 3084 637 3160 δίψης,
681 3087 771 3142 καὶ
820 3087 1014 3157 ὕπνου,
1071 3089 1162 3143 καὶ
1219 3090 1414 3147 κόπου.
1465 3092 1575 3148 Νῦν
1624 3090 1727 3166 γὰρ
1785 3089 1982 3150 ἀπαθὲς

327 3176 423 3229 καὶ
449 3175 716 3250 ἀκήρατον
746 3173 865 3252 ἔχει
891 3179 953 3232 τὸ
987 3182 1170 3251 σῶμα.
1203 3201 1233 3232 ‹‹
1291 3179 1355 3236 Εἴ
1408 3177 1465 3234 δὲ
1520 3180 1611 3234 καὶ
1666 3179 1977 3255 ἐγνώκαμεν

329 3264 470 3318 κατά
498 3266 660 3340 σάρκα
692 3267 945 3342 Χριστόν.
983 3294 1004 3322 ι
1051 3269 1254 3342 Ὥσπερ
1294 3271 1454 3340 ἡμῶν
1509 3270 1572 3324 τὸ
1628 3271 1766 3324 κατὰ
1808 3267 1977 3343 σάρκα

333 3351 447 3408 ἐστί
478 3355 538 3409 τὸ
571 3355 622 3410 ἐν
679 3356 996 3433 ἁμαρτίαις,
1054 3358 1144 3412 καὶ
1198 3359 1262 3413 τὸ
1312 3357 1413 3428 ἔξω
1470 3357 1675 3414 τούτων
1724 3358 1786 3414 οὐ
1842 3358 1980 3414 κατά

328 3442 521 3518 σάρκα,
555 3445 699 3500 οὕτω
727 3447 816 3500 καὶ
846 3451 946 3502 τοῦ
975 3450 1212 3522 Χριστοῦ
1240 3449 1303 3503 τὸ
1353 3448 1490 3503 κατά
1545 3447 1736 3524 σάρκα,
1793 3449 1855 3502 τὸ
1911 3446 1984 3502 εἷ’-

322 3555 440 3590 κειν
466 3541 582 3598 τοῖς
613 3543 865 3616 φυσικοῖς
897 3539 1109 3594 πάθεσι.
1143 3539 1213 3593 Τὸ
1270 3540 1348 3613 μὴ
1407 3536 1569 3594 εἷ’κειν
1604 3537 1681 3608 δὲ,
1721 3541 1785 3596 οὐ
1844 3541 1985 3595 κατὰ

323 3627 520 3699 σάρκα,
554 3626 682 3682 αλλ’
724 3629 930 3704 ὥσπερ,
962 3628 1149 3708 φησὶν,
1208 3626 1409 3690 ἐκεῖνος
1469 3628 1792 3704 ἀπηλλάγη,
1841 3627 1984 3684 οὕτω

322 3714 418 3770 καὶ
450 3715 634 3788 ἡμεῖς.
665 3717 850 3780 Οὕτως
880 3720 908 3773 6
941 3717 1181 3791 Κλήμης
1214 3715 1266 3773 ἐν
1321 3720 1564 3793 τετάρτῳ
1617 3723 1724 3774 τῶν
1758 3720 1988 3773 Ὑποτυ·

327 3806 586 3862 πώσεων.

2093 2035 2121 2064 ‹‹
2152 2014 2460 2069 Neminem
2490 2014 2762 2069 novimus
2793 2015 3120 2071 secundum
3179 2033 3441 2073 carnem.
3503 2041 3529 2068 ››
3590 2021 3746 2085 Quo-

2091 2103 2254 2158 niam
2285 2103 2464 2175 igitur
2493 2119 2703 2158 omnes
2733 2105 2952 2158 mortui
2985 2110 3157 2160 erant
3181 2111 3446 2177 peccato,
3467 2114 3524 2163 et
3544 2109 3750 2164 vivunt

2089 2196 2332 2265 pr0pter
2360 2192 2686 2262 Christum,
2717 2194 3022 2249 neminem
3055 2196 3430 2267 agnoscimus
3467 2199 3568 2268 qui
3590 2199 3746 2254 vivat

2089 2283 2417 2340 secundum
2449 2300 2711 2349 carnem,
2738 2285 2847 2340 hoc
2871 2289 2980 2355 est,
2998 2284 3170 2356 juxta
3203 2292 3462 2341 veterem
3507 2305 3745 2344 conver-

2089 2374 2379 2429 sationem
2411 2390 2542 2445 qum
2573 2379 2700 2430 erat
2732 2375 2793 2429 in
2824 2376 3083 2447 peccatis
3118 2395 3130 2444 ;
3173 2377 3516 2448 hujusmodi
3578 2379 3738 2433 enim

2087 2481 2249 2520 mors
2267 2468 2357 2518 est
2377 2469 2433 2519 et
2457 2479 2578 2518 non
2597 2465 2733 2520 vita.
2759 2471 2830 2519 At.
2860 2481 3019 2519 nunc
3061 2465 3161 2536 qui
3213 2482 3345 2520 vere
3394 2467 3612 2535 vivunt,
3644 2484 3735 2521 se-

2089 2553 2352 2610 cundum
2382 2553 2657 2625 spiritum
2689 2554 2909 2623 vivunt,
2939 2555 3268 2627 regenerati
3302 2573 3561 2627 namque
3595 2562 3734 2612 sunt

2087 2660 2195 2717 per
2210 2644 2574 2715 baptismum
2601 2660 2612 2698 :
2640 2643 2770 2699 ideo
2795 2662 3030 2716 quoque
3051 2661 3259 2700 novam
3302 2645 3524 2700 habent
3563 2647 3740 2701 vitam

2090 2739 2144 2788 et
2179 2750 2299 2788 non
2330 2738 2610 2788 veterem.
2646 2755 2673 2784 «
2707 2734 3048 2789 Secundum
3080 2751 3342 2799 carnem,
3381 2757 3402 2785 α
3431 2753 3645 2807 nempe
3669 2736 3746 2789 vi-

2087 2831 2341 2880 ventem.
2376 2826 2446 2879 Et
2474 2824 2644 2892 adeo,
2678 2824 2894 2895 inquit,
2920 2824 3123 2880 nullus
3147 2826 3392 2896 posthac
3413 2825 3745 2881 secundum

2089 2930 2327 2970 carnem
2361 2914 2498 2968 vivit
2530 2913 2657 2985 (illa
2689 2915 2848 2967 enim
2908 2931 3027 2968 non
3089 2920 3179 2969 est
3235 2915 3372 2977 vita,
3428 2915 3529 2970 sed
3569 2919 3749 2986 mors)

2090 3003 2246 3076 quod
2259 3002 2613 3066 ettlhristus,
2633 3003 3240 3057 utostenderetvitam
3265 3003 3589 3058 secundum
3614 3022 3745 3060 car-

2088 3110 2226 3148 nem
2257 3094 2507 3164 ejectam
2542 3109 2692 3158 esse,
2726 3098 2784 3146 et
2815 3110 2973 3149 nunc
3004 3110 3136 3156 nos,
3173 3094 3502 3148 secundum
3564 3095 3746 3165 spiri-

2088 3188 2214 3237 tum
2245 3182 2456 3248 vivere,
2488 3182 2613 3252 ipse
2645 3198 2881 3252 quoque
2913 3182 3090 3236 desiit
3120 3183 3450 3238 secundum
3501 3200 3742 3239 carnem

2089 3270 2793 3336 vivere.Quomodo‘?Non
2813 3271 2970 3342 quod
3011 3288 3226 3343 corpus
3263 3272 3595 3339 dimiserit;
3631 3274 3745 3328 mi-

2092 3361 2837 3434 nime.Cumipsoenim,ut
2877 3361 2989 3416 sibi
3029 3362 3290 3433 proprio,
3333 3369 3616 3418 venturus
3659 3368 3751 3418 est

2092 3452 2359 3506 omnium
2377 3450 2586 3522 judex,
2622 3451 2727 3507 sed
2757 3451 2909 3506 liber
2937 3451 3008 3507 ab
3051 3451 3500 3520 afflictionibus,
3542 3457 3749 3525 utpote

2093 3543 2249 3598 fame
2279 3558 2347 3596 ac
2377 3541 2498 3609 siti,
2531 3558 2740 3597 somno
2773 3557 2840 3597 ac
2866 3541 3068 3596 labore
3098 3559 3110 3596 :
3137 3559 3295 3598 nunc
3321 3543 3480 3598 enim
3509 3543 3745 3614 impati-

2095 3631 2214 3686 bile
2248 3647 2316 3686 ac
2338 3631 2674 3686 immortale
2705 3647 2918 3702 corpus
2943 3631 3140 3687 habet.
3177 3654 3205 3681 ‹‹
3239 3635 3420 3687 Porro
3456 3634 3634 3688 etiam
3697 3633 3750 3686 si

2098 3720 2480 3794 cognovimus
2501 3721 2800 3776 Christum
2824 3721 3155 3776 secundum
3179 3737 3440 3777 carnem.
3468 3744 3496 3771 ››
3542 3724 3759 3787 Quem-

2101 3810 2714 3882 admodumapudnos
2730 3811 3311 3867 secundumcarnem
3352 3828 3502 3882 esse,
3537 3811 3757 3866 dicitur

330 3911 465 3954 esse
496 3897 558 3952 in
584 3899 845 3970 peccatis
874 3916 886 3955 :
922 3904 980 3955 et
1010 3900 1139 3956 sine
1170 3900 1262 3956 his
1294 3917 1444 3970 esse,
1477 3901 1693 3956 dicitur
1721 3917 1851 3956 esse
1883 3917 2004 3956 non
2038 3899 2365 3957 secundum
2397 3917 2638 3956 carnem
2671 3917 2682 3954 :
2716 3901 2797 3956 ita
2829 3918 3065 3972 quoque
3099 3901 3257 3972 apud
3306 3901 3603 3956 Christum
3659 3917 3757 3955 se-

329 3986 601 4045 cundum
633 4003 874 4044 carnem
907 4006 1038 4045 esse
1071 3990 1311 4060 dicitur,
1342 3991 1716 4047 naturalibus
1746 3990 1960 4063 subjici
1993 3989 2417 4047 afﬂictionibus
2452 4007 2465 4045 :
2528 4007 2649 4045 non
2703 3990 2915 4062 subjici
2975 4007 3130 4058 vero,
3192 4007 3321 4046 esse
3376 4007 3496 4046 non
3543 4007 3760 4046 secun-

330 4073 480 4131 dum
511 4092 775 4132 carnem.
810 4077 922 4132 Sed
955 4079 1463 4150 quemadmodum
1494 4079 1618 4150 ille,
1653 4079 1868 4152 inquit,
1900 4078 2188 4136 liberatus
2218 4085 2326 4150 est,
2357 4079 2440 4135 sic
2471 4085 2531 4135 et
2559 4096 2685 4136 nos.
2719 4081 2806 4134 Ita
2830 4079 3009 4135 habet
3065 4079 3341 4136 Clemens
3399 4083 3609 4150 quarto
3664 4081 3762 4133 In-

327 4168 736 4237 formationum
765 4167 938 4224 libro.

402 4256 568 4310 ’Ὡστε
599 4252 652 4309 εἷ’
681 4275 763 4316 τις
819 4255 872 4310 ἐν
907 4257 1152 4332 Χριστῷ,
1211 4259 1372 4327 καινή
1431 4259 1628 4321 κτίσις.
1661 4260 1737 4314 Τὰ
1787 4259 1993 4334 ἀρχαῖα

459 4350 480 4361 ,
726 4343 739 4360 ,
818 4343 830 4362 ,
973 4344 984 4364 ,
1301 4347 1317 4368 ,
1449 4347 1465 4368 ,
1614 4349 1625 4368 ,
1858 4349 1871 4364 ς
1967 4347 1983 4364 ς

331 4341 644 4420 παρηλθεν,
729 4342 846 4399 ιδου
928 4367 1114 4422 γεγονε
1170 4368 1330 4402 καινα
1406 4369 1474 4403 τα.
1555 4369 1745 4405 παντα.
1801 4351 1882 4405 Τα
1937 4344 1995 4402 δε

330 4434 509 4491 πάντα
540 4433 600 4489 ἐκ
627 4438 725 4490 τοῦ
759 4439 916 4507 θεοῦ,
959 4442 1058 4492 τοῦ
1115 4435 1555 4509 καταλλάξαντος
1610 4441 1759 4512 ἡμᾶς
1818 4439 1995 4511 ἑαυτῷ

336 4523 431 4581 διὰ
460 4525 645 4596 Ἰησοῦ
674 4527 939 4602 Χριστοῦ,
971 4527 1062 4582 καὶ
1122 4526 1308 4592 δόντος
1365 4531 1502 4602 ἡμῖν
1559 4533 1661 4600 τήν
1717 4527 1993 4586 διακονίαν

334 4621 442 4685 τῆς
471 4613 848 4693 καταλλαγῆς,
880 4617 956 4679 ὡς
987 4618 1071 4674 δτι
1103 4619 1234 4682 Θεὸς
1290 4621 1356 4689 ἦν
1405 4617 1456 4675 ἐν
1511 4621 1730 4695 Χριστῷ
1787 4619 1996 4694 κόσμον

338 4703 737 4762 καταλλάσσων
819 4707 1017 4778 ὲαυτῷ,
1106 4710 1181 4784 μὴ
1271 4707 1630 4785 λογιζόμενος
1690 4708 1878 4774 αὐτοῖς
1929 4710 1998 4765 τὰ

341 4795 765 4871 παραπτώματα
791 4797 992 4872 αὐτῶν,
1015 4799 1108 4854 καὶ
1142 4799 1368 4874 θέμενος
1393 4801 1529 4874 ἡμῖν
1561 4801 1652 4856 τὸν
1701 4798 1869 4877 λόγον
1899 4808 2001 4872 τῆς

339 4885 724 4962 καταλλαγῆς.

417 4974 489 5031 Εἴ
512 4997 597 5038 τις
627 4975 679 5032 ἐν
709 4978 931 5052 Χριστῷ
964 4982 1053 5053 ζῇ,
1115 4980 1271 5058 φησὶ,
1329 4981 1607 5037 τουτέστιν
1653 4981 1704 5036 ἐν
1762 4985 1832 5056 τῇ
1912 4979 2006 5035 πί-

344 5087 459 5123 στει
491 5066 681 5139 αὐτοῦ,
712 5069 874 5137 καινή
905 5071 1082 5133 κτίσις
1122 5070 1285 5129 ἐστίν.
1319 5071 1411 5140 Εἲς
1465 5072 1653 5141 καινὴν
1706 5072 1807 5148 γὰρ
1865 5069 2004 5140 ἦλθε

337 5157 432 5213 καὶ
490 5157 612 5213 νέαν
663 5161 810 5229 ζωὴν
867 5161 980 5234 (καὶ
1027 5161 1129 5237 γὰρ
1208 5159 1406 5218 ἀνωθεν
1488 5159 1853 5240 ἐγεννήθημεν
1915 5157 2005 5216 δια

338 5249 442 5304 τοῦ
473 5248 830 5322 Πνεόματος),
863 5255 961 5306 τοῦ
996 5254 1091 5325 ζῇν
1131 5250 1192 5306 οὐ
1246 5253 1347 5322 τήν
1380 5251 1432 5307 ἐν
1493 5250 1788 5326 ἁμαρτίαις
1833 5252 2001 5321 ζωὴν,

341 5333 493 5392 ἄλλα
539 5339 641 5407 τήν
699 5337 752 5392 ἐν
807 5341 1097 5413 πνεύματι.
1150 5365 1178 5393 ‹‹
1239 5343 1322 5398 Ta
1362 5341 1570 5420 ἀρχαῖα
1634 5338 1937 5418 παρῆλθεν.
1976 5363 1998 5394 ι

342 5429 485 5482 Ποῖα
514 5425 766 5503 ἀρχαῖας
821 5429 948 5500 ἢτοι
999 5432 1066 5485 τά
1120 5431 1496 5506 ἁμαρτήματά
1556 5453 1690 5509 φησι
1764 5431 1855 5486 καὶ
1912 5429 2005 5493 τάς

345 5509 680 5588 ἀσεϐείας,
722 5519 790 5574 τά
847 5516 1119 5574 Ἰουδαϊκά
1176 5519 1372 5576 πάντα.
1437 5554 1504 5563 -
1559 5518 1810 5583 ”Αλλως.
1881 5524 2005 5583 Πῶς

349 5604 408 5663 δὲ
435 5627 502 5661 τα
531 5607 738 5684 ἀρχαῖα
768 5609 1019 5684 παρῆλθε
1053 5630 1065 5680 ;
1101 5612 1272 5686 Ψυχή
1305 5610 1396 5666 καὶ
1465 5617 1627 5686 σῶμα
1679 5612 1816 5686 ἡμῖν
1883 5632 2003 5667 και-

346 5697 443 5754 νὸν
476 5695 764 5773 (ἐκαθάρθη
796 5719 897 5776 γαρ
945 5704 1025 5773 τῷ
1085 5700 1464 5776 βαπτίσματι),
1499 5701 1740 5773 Διαθήκη
1802 5702 2001 5770 Καινῆ.

355 5785 510 5844 Ἀντὶ
564 5795 664 5859 τῆς
725 5787 964 5862 ἐπιγείου
1020 5789 1407 5864 Ἰερουσαλὴμ,
1463 5791 1490 5844 6
1576 5789 1822 5868 οὐρανός.
1857 5791 2003 5850 Ἀντῖ

2177 4260 2241 4330 ν,
2276 4261 2467 4315 17-19.
2503 4259 2740 4316 Proinde
2769 4263 2817 4316 si
2844 4262 2966 4331 quis
3012 4261 3158 4316 vivit
3209 4261 3268 4314 in
3328 4259 3564 4330 Christo,
3615 4275 3760 4314 nova

2106 4356 2362 4407 creatura
2390 4356 2488 4405 est.
2526 4351 2721 4406 Vetera
2743 4351 3170 4422 praeterierunt,
3229 4367 3347 4404 ecce
3404 4365 3547 4404 nova
3597 4352 3759 4417 facta

2104 4446 2234 4497 sunt
2263 4442 2465 4496 omnia.
2499 4441 2698 4496 Omnia
2728 4448 2912 4496 autem
2951 4458 3018 4495 ea:
3076 4441 3181 4495 Deo
3225 4442 3324 4511 qui
3380 4438 3768 4495 reconciliavit

2106 4546 2205 4585 nos
2232 4531 2337 4584 sibi
2357 4546 2464 4600 per
2491 4531 2673 4584 Iesum
2705 4531 2983 4585 Christum
3012 4547 3032 4583 :
3061 4530 3325 4598 deditque
3355 4529 3507 4583 nobis
3563 4531 3761 4583 minis~

2111 4621 2312 4674 terium
2340 4619 2825 4686 reconciliationis,
2842 4619 3290 4689 quandoquidem
3313 4621 3451 4672 Deus
3473 4633 3578 4687 per
3597 4618 3758 4672 Chri-

2108 4716 2252 4764 stum
2281 4709 2676 4764 reconciliabat
2705 4708 2967 4763 mundum
3022 4709 3147 4774 sibi,
3207 4723 3316 4762 non
3374 4713 3635 4777 reputans
3685 4709 3762 4761 eis

2102 4806 2332 4871 peccata
2359 4815 2460 4856 sua
2490 4817 2508 4853 :
2540 4805 2591 4854 et
2607 4801 2797 4870 posuit
2827 4800 2886 4853 in
2913 4799 3067 4854 nobis
3097 4812 3395 4854 sermonem
3425 4796 3756 4852 reconcilia-

2112 4893 2299 4947 tionis.

2182 4980 2334 5037 638
2367 4979 2424 5035 Si
2457 4979 2590 5051 quis
2621 4978 2762 5033 vivit
2795 4978 2857 5034 in
2885 4978 3137 5044 Christo,
3199 4975 3415 5048 inquit,
3477 4977 3589 5032 hoc
3651 4982 3761 5047 est,

2112 5072 2174 5127 in
2207 5071 2321 5126 fide
2354 5069 2442 5125 vel
2474 5086 2580 5141 per
2603 5068 2780 5124 fidem
2803 5068 3010 5140 ipsius,
3045 5084 3192 5123 nova
3222 5072 3494 5123 creatura
3527 5071 3637 5135 est,
3690 5067 3764 5122 ad

2111 5178 2321 5218 novam
2350 5161 2508 5215 enim
2540 5177 2608 5215 ac
2630 5159 2960 5231 juvenilem
2991 5158 3149 5212 venit
3198 5157 3375 5212 vitam
3435 5156 3756 5229 (siquidem

2113 5267 2367 5324 superne
2399 5250 2523 5306 nati
2555 5267 2761 5305 sumus
2792 5265 2898 5320 per
2928 5247 3258 5320 Spiritum),
3291 5253 3359 5302 ut
3414 5247 3584 5311 vivat,
3637 5263 3760 5301 non

2111 5340 2230 5395 vita
2258 5356 2389 5411 quae
2421 5339 2482 5393 in
2514 5338 2774 5410 peccatis
2804 5337 3016 5409 agitur,
3047 5336 3150 5390 sed
3209 5353 3339 5405 quae
3395 5335 3457 5390 in
3519 5334 3759 5406 Spiritu.

2113 5431 2324 5485 Vetera
2353 5429 2788 5502 praeterierunt.
2825 5448 2852 5477 »
2886 5429 3168 5492 Quaanam
3201 5425 3441 5481 vetera?
3487 5426 3602 5480 Aut
3631 5440 3766 5494 pec-

2113 5524 2243 5575 cata
2265 5519 2407 5574 dicit
2434 5525 2491 5574 et
2511 5518 2865 5590 impietates,
2892 5522 2994 5571 aut
3015 5521 3227 5571 cuncta
3250 5515 3515 5571 Judaica.
3541 5543 3610 5554 —
3632 5511 3764 5568 Alio

2111 5611 2290 5666 modo.
2317 5608 2621 5675 Quomodo
2647 5613 2848 5663 autem
2871 5611 3066 5662 vetera
3106 5603 3568 5678 praeterierunt?
3615 5601 3761 5654 Ani-

2112 5715 2210 5755 ma
2239 5715 2308 5756 ac
2329 5715 2542 5772 corpus
2573 5697 2744 5754 nobis
2767 5698 3044 5753 innovata
3069 5701 3226 5766 sunt,
3248 5709 3459 5764 nempe
3481 5688 3766 5763 puriﬁca-

2116 5794 2172 5845 ta
2202 5807 2308 5861 per
2337 5789 2698 5861 baptismum
2719 5805 2729 5842 :
2749 5788 2949 5844 datum
2975 5792 3062 5842 est
3083 5787 3302 5840 Novum
3321 5783 3763 5836 Testamentum
