4080 6394
286 421 407 484 979

1405 419 1834 485 (ΕΠΙΜΕΝίί
1878 419 2183 481 ΤῆῑΟΟΑΞ
2224 419 2582 483 EPISCOPI

3590 422 3713 485 980

286 577 393 634 pro
424 558 616 616 Veteri
642 575 656 613 :
688 574 792 631 pre
840 562 1093 629 terrena,
1143 557 1472 615 Jerusalem
1496 556 1753 613 caelestis
1787 572 1801 624 ;
1832 571 1920 628 ρι’(

2051 557 2185 610 ναοῦ
2214 550 2500 626 αἰσθητοῦ,
2529 553 2659 619 ναὸς
2686 554 3070 630 πνευματικός.
3121 556 3271 614 Ἀντὶ
3325 556 3557 614 πλακῶν
3616 555 3709 615 λι-

285 649 508 722 templo
540 648 833 707 sensibili.
864 649 1155 721 templum
1188 648 1536 722 spirituale;
1572 664 1675 719 pro
1716 646 1937 702 tabulis

282 738 555 811 lapideis,
591 754 824 794 carnea)
858 738 1077 793 tabulae
1113 755 1126 805 ;
1161 756 1267 811 pro
1309 737 1784 801 circumcisione,
1842 736 1938 791 ba-

284 827 536 899 ptismus
558 868 573 893 ,
598 843 703 898 pro
725 843 1195 898 manna,corpus
1222 826 1590 881 Dominicum
1615 841 1628 891 ;
1654 842 1759 897 pro
1782 841 1938 896 aqua

281 917 418 973 data
438 933 509 972 ex
532 923 719 988 petra,
744 917 985 990 sanguis
1006 917 1353 972 Dominicus
1379 932 1391 983 ;
1415 933 1518 987 pro
1570 916 1730 987 virga
1767 915 1932 984 Mosi,

282 1023 426 1063 crux
458 1023 473 1073 ;
505 1022 610 1078 pro
642 1010 801 1061 terra
840 1006 1277 1078 promissionis,
1336 1021 1585 1077 regnum
1644 1004 1883 1060 caaleste
1920 1020 1933 1070 ;

278 1113 386 1170 pro
419 1095 755 1151 innumeris
788 1094 1112 1150 sacerdotis
1158 1098 1318 1163 juxta
1376 1095 1568 1166 legem
1622 1093 1932 1159 institutis,

280 1203 435 1243 unus
456 1185 719 1258 pontifex
743 1184 1046 1249 Christus;
1090 1200 1195 1254 pro
1246 1182 1631 1238 immaculata
1679 1198 1781 1236 ove
1814 1181 1933 1236 sive

280 1292 453 1349 agno,
474 1275 656 1331 Filius
674 1274 772 1329 Dei
800 1289 814 1339 ;
840 1290 943 1344 pro
961 1271 1121 1326 nudo
1148 1272 1391 1326 nomine
1414 1271 1772 1342 adoptionis,
1799 1287 1935 1325 vera

278 1364 540 1435 adoptio.
567 1365 721 1419 Nova
753 1361 1051 1433 siquidem
1075 1366 1348 1415 creatura
1370 1360 1528 1415 dicta
1551 1366 1659 1427 est,
1693 1365 1751 1414 et
1798 1375 1933 1414 con-

277 1453 519 1509 ferendo
541 1452 615 1508 ad
634 1452 814 1506 vitam
838 1468 969 1522 quae
993 1451 1051 1505 in
1077 1450 1335 1521 peccatis
1381 1450 1689 1522 agebatur,
1750 1455 1808 1504 et
1859 1448 1933 1503 ad

279 1558 476 1599 mores
516 1558 585 1597 ac
617 1548 912 1612 praecepta
934 1538 1261 1595 secundum
1282 1540 1471 1610 legem
1495 1538 1650 1594 data.
1669 1562 1694 1588 ‹‹
1721 1538 1934 1593 Omnia

281 1637 478 1687 autem
503 1647 575 1685 ex
600 1630 954 1685 Deo.»ch
976 1633 1175 1683 autem
1192 1628 1416 1693 omnia,
1441 1627 1658 1697 inquit,
1712 1643 1779 1681 ex
1813 1627 1930 1680 Deo

282 1720 486 1776 datum
501 1725 660 1786 sunt,
684 1719 908 1789 quinos
924 1717 1033 1772 sibi
1050 1717 1162 1788 ipsi
1178 1717 1579 1772 reconciliavit
1598 1731 1706 1787 per
1718 1715 1933 1770 Filium

281 1828 455 1868 suum
477 1810 889 1866 mediatorem.
915 1810 1114 1880 Neque
1136 1807 1296 1862 enim
1320 1822 1427 1861 nos
1445 1805 1518 1861 ad
1558 1821 1693 1861 eum
1725 1821 1924 1860 accur.

280 1904 491 1971 rimus,
514 1902 617 1958 sed
640 1902 766 1974 ipse
791 1917 899 1956 nos
924 1899 1147 1955 vocavit
1166 1914 1274 1970 per
1299 1897 1521 1953 caadem
1543 1913 1610 1952 ac
1661 1897 1931 1952 immola-
1963 1932 2008 1995 Β

280 1992 503 2048 tionem
533 1991 663 2046 Filii
696 1991 807 2047 sui.
870 2012 898 2039 ‹‹
953 1988 1242 2059 Deditque
1303 1988 1474 2042 nobis
1526 1986 1928 2042 ministerium

276 2079 807 2137 reconciliationis.
844 2100 871 2128 »
897 2079 939 2133 Ο
962 2077 1315 2149 profundam
1339 2077 1812 2146 immensamque
1836 2075 1928 2131 be~

278 2171 630 2243 nignitatem
661 2185 729 2225 ac
762 2167 1195 2223 humanitatem
1222 2166 1235 2221 l
1270 2167 1396 2221 Non
1419 2164 1578 2220 enim
1610 2170 1926 2236 postquam

274 2259 490 2316 Filium
516 2274 688 2315 suum
709 2257 966 2330 legatum
989 2255 1063 2313 ad
1086 2255 1639 2312 reconciliationem
1663 2254 1928 2323 miserat,

276 2354 335 2404 et
363 2348 463 2404 ille
486 2348 883 2419 interemptus
913 2345 1125 2415 fuerat,
1161 2345 1442 2416 deinceps
1478 2360 1586 2399 nos
1643 2343 1925 2416 neglexit,

276 2439 381 2495 sed
411 2439 559 2495 Filio
592 2452 828 2509 quoque
860 2442 1094 2492 mortuo
1129 2434 1303 2490 nobis
1352 2434 1637 2505 apostolis
1686 2450 1927 2488 rursum

272 2527 525 2585 credidit
545 2524 945 2582 ministerium
961 2524 1487 2580 reconciliationis.
1502 2550 1518 2573 ι·
1543 2523 1896 2595 Quandoqui
1910 2554 1925 2563 -

274 2618 409 2675 dem
431 2618 587 2674 Deus
609 2632 713 2688 per
734 2614 1056 2671 Christum.
1084 2636 1112 2664 ››
1137 2612 1369 2668 Etenim
1397 2614 1678 2685 primum.
1710 2612 1923 2684 inquit,

272 2707 333 2764 id
367 2712 474 2769 est,
508 2711 644 2762 ante
675 2704 1039 2776 passionem,
1068 2704 1244 2771 Deus,
1306 2720 1520 2774 nempe
1578 2705 1772 2768 Pater,
1824 2720 1931 2775 per

272 2797 569 2854 Christum
602 2795 867 2851 medium
899 2794 1021 2850 sive
1053 2793 1467 2853 mediatorem.
1500 2791 1791 2849 mundum
1815 2792 1927 2849 sibi

271 2885 716 2944 reconciliabat.
752 2908 780 2935 ‹‹
814 2886 940 2940 Non
971 2889 1256 2956 reputans
1288 2884 1373 2939 eis
1432 2890 1674 2956 peccata
1734 2901 1859 2940 sua.
1901 2906 1928 2934 ››

273 2978 362 3034 lta
383 2977 540 3032 enim
565 2981 623 3031 et
643 2991 761 3031 non
775 2973 890 3030 alio
912 2974 1087 3029 modo
1107 2979 1336 3045 poterat
1355 2974 1482 3029 ﬁeri
1501 2974 1927 3043 reconciliatio,

269 3072 335 3123 ut
354 3067 612 3139 primum
638 3064 1084 3119 remitterentur
1108 3067 1368 3134 peccata,
1399 3079 1466 3117 ac
1491 3063 1538 3117 si
1564 3063 1648 3118 ita
1693 3081 1931 3136 prunam

268 3156 589 3228 expetisset
619 3160 1021 3226 peccatorum,
1073 3156 1131 3206 et
1181 3152 1265 3207 sic
1320 3152 1526 3207 nullus
1564 3154 1809 3208 relictus
1841 3160 1932 3211 est

266 3247 505 3318 quijam
528 3244 969 3300 reconcilietur.
996 3274 1022 3293 ιι
1050 3242 1420 3313 Etposuitin
1463 3242 1638 3298 nobis
1690 3260 1919 3299 sermo-

267 3352 426 3393 nem.
464 3357 492 3385 »
513 3336 688 3390 Pater
716 3333 915 3405 itaque
947 3331 1126 3387 etiam
1158 3335 1296 3387 ante
1329 3332 1669 3403 passionem
1699 3348 1805 3405 per
1824 3334 1919 3388 Fi-

265 3424 414 3480 lium
439 3421 868 3479 reconciliabat
888 3419 998 3475 sibi
1016 3419 1330 3487 mundum,
1354 3420 1455 3490 qui
1479 3436 1640 3475 nunc
1683 3437 1920 3492 quoque

264 3512 464 3585 posuit
494 3512 557 3566 in
586 3510 758 3567 nobis
789 3525 1127 3565 sermonem
1159 3525 1227 3564 ac
1259 3509 1660 3565 ministerium
1714 3527 1919 3566 recon-

265 3601 605 3658 ciliationis.
641 3600 792 3655 639
824 3600 969 3654 Nam
990 3599 1273 3670 quoniam
1304 3598 1487 3653 Filius
1512 3616 1654 3655 suus
1673 3601 1916 3655 crucifi-

260 3708 371 3747 xus
394 3695 503 3759 est,
530 3707 636 3745 nos
659 3688 901 3760 reliquit
922 3688 1021 3759 qui
1046 3687 1498 3743 exhortaremur
1514 3688 1588 3743 ad
1636 3691 1911 3746 reconci-

261 3779 571 3836 liationem
625 3795 725 3834 eos
785 3776 885 3848 qui
946 3782 1088 3832 sunt
1144 3793 1322 3849 super
1389 3783 1628 3832 terram.
1698 3777 1912 3835 Vidisti

334 3870 399 3937 V,
431 3872 521 3937 20,
554 3872 642 3925 21.
676 3871 784 3923 Pro
816 3867 1029 3923 Christo
1059 3868 1247 3937 itaque
1292 3868 1565 3937 legatione
1618 3870 1915 3939 fungimur

261 3965 526 4029 tanquam
585 3960 693 4013 Deo
741 3974 843 4027 per
896 3972 996 4012 nos
1054 3957 1404 4025 exhortante,
1472 3974 1730 4027 rogamus
1806 3976 1914 4030 pro

259 4049 498 4113 Christo,
530 4045 960 4101 reconciliemini
991 4048 1120 4101 Deo.
1157 4048 1296 4101 Eum
1327 4062 1565 4117 namque
1594 4050 1693 4117 qui
1713 4064 1911 4118 pecca-

259 4142 375 4192 tum
402 4151 513 4190 non
538 4140 789 4202 noverat,
816 4151 921 4205 pro
951 4136 1105 4190 nobis
1154 4142 1446 4205 peccatum
1505 4138 1661 4204 fecit,
1721 4142 1784 4191 ut
1813 4153 1912 4193 nos

256 4223 848 4295 efﬁceremurjustitia
878 4225 972 4280 Dei
994 4242 1099 4295 per
1128 4224 1306 4280 illum.

2045 643 2770 720 θίνων,σάρκινοιπλάκες’
2828 644 2945 701 ἀντὶ
3005 654 3340 722 περιτομῆς,
3400 648 3709 724 βάπτισμα.

2047 732 2195 791 Ἀντῖ
2232 735 2428 807 μάννα,
2461 737 2622 808 σῶμα
2653 734 3002 791 Δεσποτικόνο
3036 735 3158 792 ἀντὶ
3214 740 3334 806 τοῦ,
3392 736 3453 792 ἐκ
3503 739 3710 815 πέτρας

2046 819 2263 892 ὓδατος,
2296 823 2435 897 αἷμα
2467 825 2815 880 Δεσποτικόψ
2848 826 2968 881 άντὶ
3018 832 3118 895 τῆς
3178 820 3382 901 ῥάϐδου
3442 829 3706 900 Μωσέως,

2046 912 2352 988 ὁσταυρός*
2387 913 2509 970 ἀντὶ
2558 921 2661 989 γῆς
2713 913 3062 990 ἐπαγγελίας,
3125 913 3379 990 βασιλεία
3439 916 3710 992 οὐρανῶν.

2046 1002 2203 1057 Ἀντὶ
2238 1001 2449 1078 μυρίων
2480 1007 2589 1057 τῶν
2619 1004 2759 1059 κατᾶ
2786 1004 2878 1059 τὸν
2907 1004 3077 1076 νόμον
3138 1004 3349 1080 ἱερὲων,
3411 1008 3491 1067 εἷς
3523 1006 3712 1082 ἀρχιε·

2051 1091 2172 1167 ρεὺς
2211 1092 2238 1146 6
2272 1093 2527 1166 Χριστός’
2563 1094 2680 1148 ἀντὶ
2712 1093 2954 1167 ἀμώμου
2999 1089 3300 1167 προϐάτου,
3352 1096 3380 1150 ὸ
3435 1097 3562 1159 Υἱὸς
3610 1102 3709 1152 τοῦ

2045 1184 2199 1236 Θεοῦ·
2232 1181 2350 1236 ἀντὶ
2382 1181 2550 1256 ψιλοῦ
2581 1182 2853 1255 ὀνόματος
2908 1183 3204 1255 υἱοθεσίας,
3262 1184 3480 1256 ἀληθής
3528 1187 3707 1243 υἱοθε-

2043 1271 2152 1327 σία.
2177 1271 2236 1328 ’11
2272 1273 2379 1347 γὰρ
2408 1273 2566 1342 καινή
2608 1272 2808 1342 κτίσις,
2842 1274 2931 1329 καὶ
2962 1273 3037 1336 ὡς
3076 1275 3215 1349 πρὸς
3272 1276 3371 1345 τὴν
3429 1274 3481 1331 ἐν
3540 1278 3715 1353 ἀμαρ-

2041 1360 2183 1425 τίαις
2215 1362 2332 1431 ζωή
2357 1360 2594 1436 εἶ’ρηται,
2623 1363 2715 1417 καὶ
2746 1364 2821 1424 ὡς
2851 1363 2988 1439 πρὸς
3046 1364 3115 1419 τὰ
3178 1364 3314 1419 κατὰ
3370 1366 3537 1438 νόμον
3595 1366 3707 1438 ἢθη

2043 1450 2135 1505 καὶ
2200 1451 2559 1527 ἐπιτάγματα.
2619 1475 2647 1504 ‹‹
2706 1452 2789 1509 Τὰ
2836 1450 2894 1508 δὲ
2977 1454 3152 1509 πάντα
3203 1452 3264 1509 ἐκ
3335 1458 3432 1510 τοῦ
3487 1460 3644 1514 Θεοῦ.
3679 1477 3711 1511 ii

2044 1544 2231 1599 Ταῦτα
2290 1538 2345 1596 δὲ
2403 1541 2593 1610 πάντα,
2662 1542 2850 1618 φησὶν,
2900 1540 2959 1598 ἐκ
2990 1546 3123 1599 Θεοῦ
3178 1545 3316 1616 ἡμῖν
3375 1542 3705 1621 δεδώρηται,

2042 1626 2264 1684 τοῦδιᾶ
2296 1629 2517 1703 μεσίτου
2555 1633 2652 1684 τοῦ
2707 1630 2837 1685 Υἱοῦ
2893 1630 3085 1695 αὐτοῦ,
3153 1630 3707 1705 ἀποκαταλλάξαντος

2043 1722 2192 1792 ἡμᾶς
2246 1719 2430 1792 ἑαυτῇ.
2493 1719 2574 1776 Οὐ
2634 1719 2739 1794 γὰρ
2798 1722 2964 1794 ἡμεῖς
3023 1719 3172 1793 αὗτῷ
3229 1718 3710 1799 προσεδράμομεν,

2042 1808 2173 1865 ἀλλ’
2205 1808 2366 1871 αὐτὸς
2393 1810 2542 1881 ἡμᾶς
2572 1807 2815 1877 ἐκάλεσε,
2842 1807 2934 1864 διὰ
2986 1816 3089 1880 τῆς
3152 1817 3365 1886 σφαγῆς
3421 1817 3520 1867 τοῦ
3578 1815 3712 1870 Υἱοῦ

2044 1897 2232 1954 αὐτοῦ.
2266 1922 2294 1950 ‹‹
2330 1896 2435 1953 Καὶ
2467 1894 2659 1960 δόντος
2700 1900 2836 1970 ἡμῖν
2890 1899 2990 1968 τήν
3051 1895 3325 1955 διακονίαν
3379 1908 3481 1972 τῆς
3514 1901 3716 1958 καταλ-

2042 1984 2240 2062 λαγῆς.
2280 1987 2404 2039 »Ὤ
2435 1985 2641 2060 βάθους
2696 1985 3157 2062 φιλανθρωπίαςί
3213 1988 3289 2047 Οὐ
3349 1990 3456 2066 γὰρ
3518 1990 3712 2062 ἐπειδὴ

2032 2070 2271 2151 πρέσϐυν
2303 2074 2391 2131 ἐπὶ
2422 2074 2783 2153 καταλλαγὴν
2836 2072 3048 2152 ἔπεμψε
3085 2078 3178 2133 τὸν
3211 2079 3359 2149 ru»,
3420 2081 3588 2145 αὐτὸς
3649 2080 3711 2139 δὶ

2034 2168 2267 2246 ἐσφάγη,
2296 2166 2490 2224 λοιπὸν
2524 2167 2805 2240 ἠμέλησεν
2836 2170 3022 2242 ἡμῶν,
3054 2167 3203 2226 ἀλλὰ
3257 2170 3348 2226 καὶ
3405 2176 3501 2228 τοῦ
3557 2174 3709 2235 Υἱοῦ,

2033 2260 2424 2327 ἀποθανόντος,
2482 2261 2621 2331 ἡμῖν
2674 2260 2773 2328 τήν
2836 2258 3109 2316 διακονίαν
3167 2268 3269 2331 τῆς
3345 2262 3718 2340 καταλλαγῆς

2033 2347 2200 2404 πάλιν
2236 2347 2517 2404 ἐπίστευσε
2544 2353 2661 2410 τοῖς
2691 2347 3048 2413 ἀποστόλοις.
3108 2375 3129 2403 ι
3167 2351 3257 2414 Ὠς
3311 2350 3395 2407 ὅτι
3454 2353 3587 2418 Θεὸς
3639 2354 3709 2424 ἦν

2034 2435 2087 2493 ἐν
2114 2440 2355 2512 Χριστῷ,
2387 2458 2415 2489 »
2450 2437 2551 2495 Καὶ
2605 2438 2729 2512 γὰρ,
2790 2438 2947 2515 φησὶ,
2996 2439 3059 2494 τὸ
3118 2444 3358 2515 πρῶτον,
3418 2443 3537 2497 οἷον
3595 2445 3705 2518 πρὸ

2034 2530 2131 2582 τοῦ
2162 2530 2419 2601 σταυροῦ,
2453 2527 2581 2589 Θεὸς
2612 2526 2705 2596 ἦν,
2737 2528 3037 2599 τουτέστιν,
3065 2529 3094 2583 6
3137 2530 3348 2605 ηατὴρ,
3382 2527 3472 2586 διὰ
3530 2530 3700 2606 μέσου

2034 2617 2269 2690 Χριστοῦ
2310 2616 2386 2676 ὡς
2414 2615 2661 2688 μεσίτου,
2696 2613 3093 2673 καταλλάσσων
3123 2619 3302 2691 ἑαυτῷ
3334 2619 3423 2674 τὸν
3489 2621 3555 2676 κό
3575 2642 3714 2696 σμον

2036 2728 2064 2757 ‹‹
2100 2707 2187 2775 Μὴ
2218 2702 2578 2779 λογιζόμενος
2604 2704 2812 2765 αὐτοῖς.
2848 2729 2875 2757 ››
2910 2704 3070 2764 Οὕτω
3109 2708 3214 2783 γὰρ
3247 2707 3339 2763 καὶ
3380 2707 3483 2765 οὐκ
3512 2709 3708 2774 ἄλλως

2038 2792 2161 2864 ἐνῆν
2194 2795 2292 2863 τὴν
2331 2791 2689 2870 καταλλαγήν
2753 2793 3019 2870 γενέσθαι,
3076 2797 3156 2869 τῷ
3214 2802 3435 2872 πρῶτον
3489 2799 3705 2876 ἀφεῖναι

2037 2883 2104 2937 τὰ
2161 2881 2651 2957 πλημμελήματα,
2715 2884 2789 2947 ὡς
2849 2886 2961 2960 εἴγε
3046 2882 3204 2956 δίκην
3280 2886 3527 2961 ἆπῄτησε
3579 2891 3688 2943 τῶν

2038 2973 2346 3047 ἁμαρτιῶν,
2382 2970 2480 3027 οὐκ
2508 2970 2569 3027 ἄν
2598 2993 2706 3039 τις,
2750 2973 2905 3050 φησὶ,
2961 2971 3318 3053 περιελείφθη
3377 2974 3434 3037 ὅς
3482 2974 3689 3032 καταλ-

2038 3060 2258 3136 λαγείη.
2295 3086 2322 3113 ‹‹
2358 3061 2456 3116 Καὶ
2491 3060 2715 3135 θέμενος
2743 3060 2796 3117 ἐν
2829 3064 2965 3136 ἡμῖν
2996 3064 3088 3119 τὸν
3125 3064 3309 3138 λόγον.
3345 3088 3373 3118 ››
3405 3065 3467 3121 Ὀ
3502 3066 3688 3143 Πατὴρ

2039 3151 2130 3206 οῦν
2160 3152 2250 3221 ἦν,
2312 3152 2401 3206 καὶ
2461 3153 2566 3226 πρὸ
2627 3156 2724 3208 τοῦ
2782 3157 3039 3229 σταυροῦ,
3088 3154 3242 3231 φησὶ,
3299 3152 3389 3210 διὰ
3416 3159 3514 3211 τοῦ
3570 3157 3706 3212 Υἱοῦ

2036 3240 2200 3296 αὐτοῦ
2278 3239 2671 3297 καταλλάσσων
2728 3244 2901 3315 ἑαυτῷ
2957 3243 3048 3298 τὸν
3104 3243 3335 3317 κόσμον,
3397 3246 3425 3300 6
3482 3247 3570 3302 καὶ
3613 3250 3706 3302 νῦν

2039 3328 2265 3403 θέμενος
2299 3329 2351 3384 ἐν
2394 3332 2531 3403 ἡμῖν
2583 3331 2676 3385 τὸν
2735 3328 2900 3406 λόγον
2956 3333 3043 3387 καὶ
3102 3334 3202 3402 τήν
3263 3330 3542 3390 διακονίαν
3599 3343 3705 3407 τῆς

2031 3416 2409 3494 καταλλαγῆς.
2496 3417 2722 3490 Ἐπειδὴ
2773 3419 2900 3496 γὰρ,
2958 3420 3145 3499 φησὶν,
3221 3423 3249 3477 ὁ
3327 3422 3450 3485 Υἷὸς
3531 3425 3704 3481 αὐτοῦ

2030 3504 2516 3581 Ξσταυρώθη,ὴμᾶς
2549 3507 2692 3563 εἷάσε
2707 3508 3152 3584 παρακαλοῦντας
3174 3512 3309 3587 πρὸς
3337 3512 3696 3590 καταλλαγὴν

2025 3599 2154 3660 τοὺς
2213 3596 2300 3652 ἐπὶ
2358 3604 2483 3674 γῆς.
2533 3595 2692 3660 Εἶδες
2749 3598 2978 3673 μέγεθος
3037 3600 3250 3678 άφάτου
3300 3602 3694 3676 ἀγαθότητος;

2026 3682 2195 3742 Οὐδὲν
2224 3690 2509 3762 τοιγαροῦν
2538 3689 2796 3763 φορτικὸν
2831 3689 2956 3762 ὑμῖν
2986 3687 3230 3764 ἤλθομεν
3262 3699 3517 3762 ποιῆσαι,
3541 3693 3692 3752 ἀλλὰ

2026 3773 2221 3853 φίλους
2252 3782 2483 3846 ποιῆσαι
2517 3777 2654 3849 ὑμᾶς
2688 3777 2824 3852 πρὸς
2855 3779 2946 3833 τὸν
2973 3778 3129 3836 Θεόν.
3516 3840 3519 3843 λ

2093 3866 2253 3941 Ὑπὲρ
2288 3868 2521 3934 Χριστοῦ
2544 3867 2638 3920 οῦν
2673 3861 3071 3942 πρεσϐεύομεν,
3130 3870 3206 3932 ὡς
3253 3876 3350 3926 τοῦ
3413 3879 3552 3930 Θεοῦ
3584 3897 3692 3932 πα-

2024 3954 2394 4029 ρακαλοῦντος
2429 3954 2499 4010 δι’
2527 3958 2709 4026 ἡμῶν.
2747 3956 2988 4030 Δεόμεθα
3019 3959 3150 4035 ὓπερ
3183 3962 3446 4035 Χριστοῦ,
3482 3964 3685 4022 καταλ-

2023 4044 2228 4120 λάγητε
2256 4049 2334 4115 τῷ
2366 4049 2504 4117 Θεῷ.
2552 4046 2660 4102 Τὸν
2695 4047 2799 4125 γὰρ
2834 4048 2911 4118 μὴ
2970 4049 3162 4124 γνόντα
3218 4050 3508 4126 ἁμαρτίαν,
3545 4055 3680 4131 ὑπὲρ

2020 4138 2185 4208 ἡμῶν
2217 4135 2484 4210 ἁμαρτίαν
2520 4135 2801 4207 ἐποίησεν,
2827 4135 2921 4192 ἵνα
2950 4140 3114 4212 ἡμεῖς
3163 4142 3445 4217 γενώμεθα
3504 4142 3682 4203 δικαι-

2022 4224 2189 4291 οσῦνη
2222 4229 2361 4279 Θεοῦ
2393 4224 2446 4279 ἐν
2469 4224 2641 4299 αῦτῷ.

260 4312 734 4387 magnitudinem
760 4312 1081 4369 ineliabilis
1110 4312 1393 4368 bonitatis
1423 4312 1451 4368 ?
1481 4312 1637 4369 Nihil
1669 4314 1848 4386 igitur
1864 4331 2036 4388 grave
2065 4314 2339 4371 venimus
2371 4315 2447 4372 ad
2476 4316 2907 4387 imponendum
2937 4317 3120 4389 vobis,
3151 4320 3256 4376 sed
3287 4328 3352 4378 ut
3383 4340 3486 4381 vos
3548 4342 3689 4401 erga

259 4403 446 4459 Deum
478 4403 700 4459 amicos
732 4403 1125 4459 efﬁceremus.

333 4496 518 4548 Deum
572 4492 973 4548 immortalem
1034 4507 1150 4562 quo
1206 4507 1333 4546 rem
1405 4492 1595 4564 ipsam
1655 4492 1912 4549 extulit!

259 4582 497 4647 Christi,
530 4582 748 4653 inquit,
781 4581 1026 4636 nomine
1048 4579 1347 4652 legatione
1406 4581 1749 4654 fungimur;
1800 4600 1911 4639 nos

258 4671 418 4727 enim
451 4672 583 4744 ejus
639 4686 789 4743 opus
821 4670 884 4725 in
941 4686 1050 4725 nos
1106 4668 1460 4742 recepimus.
1522 4671 1672 4727 Loco
1730 4673 1911 4746 igitur

257 4761 469 4816 Christi
489 4760 781 4834 legatione
800 4759 1415 4831 fungimur,tanquam
1439 4761 1611 4817 Patre
1658 4779 1765 4834 per
1795 4780 1905 4819 nos

258 4849 704 4906 exhortante.Si
726 4849 969 4920 quidem
1014 4848 1116 4904 ille
1165 4865 1286 4905 non
1339 4855 1564 4906 tantum
1598 4868 1701 4923 per
1730 4852 1899 4907 Chri-

2094 4494 2297 4581 "9:11:95
2350 4491 2505 4569 ἐξῆρε
2561 4493 2623 4547 τὸ
2681 4499 2905 4568 πρᾶγμα
2941 4497 2954 4552 l
2986 4496 3147 4572 ’Υπὲρ
3188 4501 3455 4574 Χριστοῦ,
3516 4505 3677 4581 φησὶ,

2022 4575 2416 4656 πρεσϐεύομεν.
2478 4582 2556 4639 Τὸ
2614 4581 2717 4657 γὰρ
2776 4582 2939 4638 αὐτοῦ
2993 4582 3148 4660 ἔργον
3207 4589 3371 4661 ἡμεῖς
3429 4575 3677 4665 ἀνεδεξάξ

2023 4681 2177 4743 μεθα.
2211 4671 2353 4728 Ἀντὶ
2388 4675 2625 4745 Χριστοῦ
2658 4672 2747 4725 οὖν
2782 4675 2946 4745 ἡμεῖς
2989 4671 3383 4751 πρεσϐεύομεν,
3441 4682 3515 4745 ὡς
3568 4687 3667 4738 τοῦ

2021 4760 2228 4828 ΙΙατρὸς
2263 4759 2711 4835 παρακαλοῦντος
2743 4759 2815 4817 δι’
2842 4764 3022 4835 ἡμῶν.
3077 4762 3218 4823 Οῦτε
3274 4769 3380 4845 γὰρ
3429 4768 3517 4827 διὰ
3572 4779 3673 4829 τοῦ

2011 4850 2249 4922 Χριστοῦ
2279 4850 2444 4923 μόνον
2477 4849 2806 4924 παρακαλεῖ,
2840 4850 2986 4908 ἀλλὰ
3011 4855 3208 4910 τούτου
3265 4861 3672 4934 σταυρωθέντος

258 4945 414 4997 stum
436 4941 799 4999 exhortatur.
826 4940 928 4994 sed
948 4939 1050 4994 illo
1072 4940 1250 4994 etiam
1275 4942 1556 4998 cruciﬁxo
1608 4957 1768 4996 nunc
1797 4959 1904 5013 per

2033 4939 2272 5012 ἴϋήμῶν
2300 4944 2391 4995 νῦν
2451 4939 2773 5015 παρακαλεῖ.
2836 4966 2863 4995 ‹‹
2926 4942 3167 5014 Δεόμεθα
3220 4946 3352 5023 ὑπὲρ
3404 4925 3677 5023 ’Χριστοῦ,

258 5045 367 5085 nos
391 5029 753 5085 exhortatur.
775 5052 797 5077 ‹‹
829 5030 1123 5100 Rogamus
1146 5045 1251 5099 pro
1284 5029 1515 5085 Christo
1557 5030 1912 5085 reconcilie-

254 5117 406 5173 mini
430 5119 568 5173 Deo.
595 5139 624 5168 ››
649 5119 760 5172 Pro
787 5116 1016 5173 Christo
1040 5116 1238 5188 itaque
1265 5117 1557 5190 legatione
1595 5118 1908 5191 fungentes

257 5208 437 5263 etiam
459 5223 565 5277 pro
588 5205 817 5261 Christo
852 5206 1235 5262 exhortamur
1266 5211 1324 5260 et
1354 5222 1651 5279 rogamus,
1688 5223 1905 5263 recon-

253 5296 542 5355 ciliemini
574 5297 711 5352 Deo.
746 5298 855 5352 Vos
887 5297 1046 5353 enim
1078 5298 1280 5351 hostes
1315 5296 1476 5359 estis,
1511 5301 1571 5350 et
1619 5297 1718 5367 qui
1769 5297 1904 5353 odio

253 5387 505 5453 habetis,
538 5404 638 5443 vos
672 5387 872 5458 itaque
924 5384 1420 5449 reconciliemini,
1449 5384 1522 5439 ad
1582 5385 1905 5443 amicitiam

249 5477 650 5534 revertamini.
695 5498 724 5528 »
774 5477 922 5532 Eum
980 5490 1195 5545 nampe
1256 5473 1357 5544 qui
1417 5478 1725 5544 peccatum
1783 5491 1904 5532 non

251 5572 514 5622 noverat.
542 5586 565 5617 ιι
595 5564 1009 5620 Animadverte
1034 5562 1196 5617 Pauli
1217 5561 1537 5618 artificium
1573 5578 1639 5619 ac
1668 5565 1904 5635 sapien-

251 5655 417 5711 tiam.
450 5654 740 5725 Deinceps
770 5657 1053 5722 tanquam
1083 5650 1311 5724 legatus
1367 5666 1607 5707 causam
1665 5670 1901 5727 quoque

255 5739 911 5816 pouitquapersuaderi
936 5739 1184 5810 possint.
1220 5741 1290 5795 Ut
1308 5739 1480 5808 nihil,
1515 5740 1727 5814 inquit,
1748 5744 1903 5816 prio-

2016 5028 2403 5106 καταλλάγητε
2429 5036 2506 5103 τῷ
2538 5037 2706 5104 Θεῷ.»
2744 5032 2903 5107 ’Υπὲρ
2937 5034 3169 5108 Χριστοῦ
3200 5037 3292 5092 οὗν
3344 5041 3675 5115 πρεσϐεύον-

2009 5138 2117 5185 τες,
2149 5118 2239 5173 καὶ
2272 5120 2402 5195 ὑπὲρ
2446 5125 2684 5196 Χριστοῦ
2738 5122 2904 5193 ἡμεῖς
2962 5123 3412 5201 παρακαλοῦμεν,
3468 5131 3668 5190 καταλ-

2015 5206 2223 5285 λάγητε
2252 5215 2332 5282 τῷ
2363 5215 2501 5283 Θεῷ.
2535 5211 2718 5284 Ὑμεῖς
2773 5210 2877 5286 γάρ
2933 5210 3051 5268 ἐστε
3103 5215 3156 5269 οἱ
3214 5215 3405 5293 ἐχθροὶ
3467 5223 3560 5278 καὶ
3618 5225 3669 5279 οἱ

2016 5301 2315 5369 μισοῦντες.
2406 5301 2589 5373 Ὑμεῖς
2678 5297 2770 5354 οῦν
2851 5299 3260 5378 καταλλάγητε,
3342 5307 3670 5385 φιλιώθητε.

2013 5409 2041 5439 ‹‹
2067 5388 2168 5443 Τὸν
2196 5388 2298 5465 γὰρ
2333 5391 2408 5463 μὴ
2439 5390 2639 5464 γνόντα
2670 5388 2962 5463 ἁμαρτίαν.
3028 5414 3057 5442 ››
3110 5397 3245 5463 Ὀρα
3298 5397 3362 5453 τὸ
3418 5395 3670 5477 ἔντεχνον

2010 5476 2099 5532 καὶ
2133 5478 2300 5551 σοφὸν
2335 5477 2522 5535 αὐτοῦ.
2587 5477 2793 5533 Λοιπὸν
2849 5478 2926 5541 ὡς
2982 5475 3319 5554 πρεσϐευτὴς
3374 5475 3675 5548 καίαῗτίαν

2009 5561 2080 5619 δι’
2135 5565 2204 5634 ἧς
2262 5561 2322 5620 ἄν
2382 5571 2649 5630 πεισθεῖεν
2708 5564 2876 5652 λέγει.
2940 5568 3053 5624 Ἵνα
3111 5569 3238 5647 γὰρ,
3293 5574 3450 5652 φησὶ,
3497 5576 3672 5652 μηδὲν

2006 5652 2144 5709 ε’ἰπω
2174 5658 2282 5710 τῶν
2310 5655 2567 5730 πρώτων,
2599 5655 2684 5711 ’ὀτι
2747 5650 3023 5730 ὑϐρίσατε,
3084 5658 3169 5713 ὅτι
3227 5650 3534 5740 εὐεργέτην,
3583 5668 3673 5726 ὃτι

2009 5740 2163 5813 δίκην
2199 5745 2299 5800 οὐκ
2349 5746 2649 5821 ἀπῄτησεν,
2710 5744 2791 5801 ὅτι
2851 5751 3066 5824 πρῶτος
3128 5750 3546 5830 καταλλαγῆναι
3608 5758 3667 5816 εἷ’
