4080 6380
293 468 411 531 981

1243 469 1647 531 COMMENT.
1694 470 1772 531 ΙΝ
1817 470 2069 532 EPIST.
2116 470 2169 532 ll
2216 471 2323 532 AD
2366 474 2732 536 CORINTH.

3606 481 3727 545 982

297 595 458 671 λετο,
488 600 587 656 κᾶν
629 597 716 656 διὸ
741 598 968 671 ἐποίησε
990 604 1104 671 νῦν,
1139 600 1326 680 φησὶν,
1374 600 1439 657 οὗ
1496 599 1699 658 δίκαιοι
1756 612 1939 659 καταλ·

2076 621 2208 660 rum
2236 606 2617 679 dicam,quod
2632 610 2996 667 contumelia
3015 612 3335 667 at‘l‘eceritis
3373 612 3553 669 etiam
3574 613 3728 671 bene

300 688 535 766 λαγῆναι
576 688 850 765 ὗπάρχετε
879 708 894 760 ;
930 695 1096 747 Ποῖον
1125 694 1288 746 τοῦτο
1314 711 1329 762 ;
1358 691 1450 747 τὸν
1485 691 1590 768 γὰρ
1632 693 1708 765 μὴ
1759 692 1959 768 γνόντα

295 779 591 855 ἁμαρτίαν,
623 779 780 854 φησὶ,
839 778 1107 850 τουτέστι,
1163 779 1256 836 τὸν
1317 778 1799 852 αὐτοδικαιοσύνην
1829 777 1958 837 ὄντα

294 868 714 947 καὶὰγιασμόν,
765 869 859 925 τὸν
913 870 1038 925 Υἱὸν
1097 869 1290 940 αὐτοῦ,
1350 871 1379 925 ὁ
1419 870 1631 946 Πατὴρ,
1688 869 1954 947 ἁμαρτίαν

288 956 539 1032 ἐποίησε,
569 958 873 1030 τουτέστιν,
905 959 979 1017 ὡς
1012 957 1358 1036 ἀμαρτωλόν
1413 980 1533 1015 τινα
1586 961 1678 1015 καὶ
1732 958 1959 1017 κατάδι-

289 1071 386 1107 κον
447 1048 594 1106 εῗάσε
658 1057 1060 1126 σταυρωθῆναι.
1133 1051 1251 1108 Οὐκ
1309 1050 1426 1107 εἶπε
1482 1048 1540 1106 δὲ
1596 1050 1957 1126 ἁμαρτωλὸν,

293 1138 427 1196 ἀλλ’
456 1139 751 1216 ἁμαρτίαν,
802 1139 938 1215 ὅπερ
992 1142 1180 1213 μεῖζόν
1240 1138 1406 1196 ἐστιν·
1476 1139 1709 1196 ἀπέθανε
1752 1139 1812 1196 δὲ
1850 1162 1955 1219 φη-

291 1229 398 1297 σὶν,
429 1230 459 1284 ὁ
489 1228 722 1304 Χριστὸς
773 1228 875 1285 οὐκ
912 1228 1057 1299 εἰκῆ,
1116 1227 1234 1286 οὐδ’
1293 1226 1452 1285 οὐδὲν
1520 1228 1752 1307 ὠφελῶν
1779 1231 1950 1303 ἡμᾶς.

293 1316 422 1375 ἀλλ’
451 1316 547 1374 ’ίνα
577 1315 821 1382 δικαίους
851 1318 1252 1395 ἀπεργάσηται,
1293 1317 1499 1376 Ἀλλοι
1532 1320 1708 1381 οὕτως
1765 1321 1957 1395 ἡρμή-

289 1428 504 1464 νευσαν.
566 1439 633 1451 —-
686 1409 1029 1484 [ΟΙΚΟΥΜ.]
1078 1408 1354 1485 Ἀμαρτία
1429 1407 1665 1483 λέγεται,
1723 1408 1786 1464 τὸ
1819 1409 1953 1484 ὑπὲρ

287 1498 576 1572 ἁμαρτιῶν
620 1498 787 1572 θῦμα,
855 1498 933 1559 ὡς
989 1498 1081 1553 καὶ
1141 1499 1169 1554 ὁ
1222 1499 1529 1575 πεοφήτης·
1599 1522 1618 1547 ι
1657 1498 1953 1573 Ἀμαρτίας

285 1585 424 1644 λαοῦ
456 1608 562 1659 μου
610 1588 895 1666 φάγονται.
931 1611 959 1640 »
1016 1586 1286 1656 τουτέστι,
1339 1587 1408 1642 τὰ
1466 1586 1601 1661 ὑπὶρ
1668 1588 1953 1663 ἁμαρτιῶν

289 1675 506 1750 θῦματα
590 1680 745 1750 Θῦμα
805 1674 897 1731 οὖν
959 1677 1092 1751 ὑπὲρ
1152 1677 1433 1751 ἁμαρτιῶν
1485 1674 1735 1745 ἐποίησεν
1777 1677 1806 1732 ὁ
1843 1682 1952 1733 Πα-

289 1765 399 1840 τὴρ
427 1764 520 1820 τὸν
551 1761 728 1825 Υἱοόν.
781 1788 810 1818 ‹‹
844 1765 1142 1841 Ἀμαρτίαν
1194 1761 1437 1836 ἕποίησε,
1470 1787 1498 1818 υ
1547 1764 1848 1835 τουτέστιν,
1879 1765 1954 1827 ὡς

299 1854 634 1930 ἁμαρτωλὸν
690 1857 1085 1931 κατακριθῆναι
1119 1897 1135 1912 .
1196 1877 1219 1906 ι
1276 1856 1391 1912 Ἵνα
1445 1856 1610 1928 ἡμεῖς
1669 1856 1955 1933 γενώμεθα

2069 694 2807 770 devobismeritum,quod
2822 716 3026 770 poenas
3048 718 3168 756 non
3204 702 3537 773 expetierit,
3567 704 3727 775 quod

2066 784 2231 855 prior
2253 787 2628 844 reconciliari
2648 788 2940 860 cupierit:
2994 795 3055 844 at
3104 790 3177 845 ob
3228 790 3289 846 id
3323 791 3533 846 saltem
3564 793 3724 863 quod

2066 874 2862 948 nuncfecit,nonneaequum
2904 883 2995 933 est
3036 884 3101 934 ut
3150 880 3263 951 ipsi
3293 881 3724 937 reconciliemi-

2064 963 2168 1018 ni?
2191 966 2262 1019 Et
2279 963 2424 1035 quid
2464 966 2615 1022 illud
2662 967 2791 1022 est“?
2830 969 3000 1033 Eum,
3046 968 3261 1039 inquit,
3285 969 3382 1041 qui
3412 977 3721 1041 peccatum

2066 1059 2931 1127 nonnoverat,hocest,Filium
2974 1077 3149 1116 suum
3190 1061 3293 1133 qui
3333 1062 3463 1133 ipsa
3510 1064 3718 1134 estju-

2068 1145 2231 1200 stitia
2262 1151 2322 1201 et
2380 1149 2775 1205 sanctificatio
2832 1148 2898 1204 “.
2962 1152 3138 1206 Pater
3193 1150 3334 1207 fecit
3388 1158 3717 1222 peccatum,

2066 1232 2177 1289 hoc
2208 1240 2317 1297 est,
2352 1241 2634 1307 tanquam
2666 1244 3040 1309 peccatorem
3091 1239 3353 1311 aliquem
3412 1240 3721 1312 poenisque

2065 1322 2414 1392 obnoxium,
2448 1326 2709 1399 cruciﬁgi
2760 1328 3057 1399 permisit.
3116 1329 3245 1384 Non
3304 1329 3455 1384 dixit
3499 1335 3722 1399 autem,

2062 1413 2466 1482 Peccatorem,
2501 1415 2629 1482 sed,
2658 1417 2817 1488 quod
2848 1419 3043 1489 majus
3076 1424 3187 1484 est,
3229 1439 3257 1468 «
3317 1420 3653 1474 Peccatum.
3690 1441 3719 1470 »

2065 1502 2329 1557 Mortuus
2388 1509 2480 1559 est
2534 1511 2732 1561 autem
2791 1506 3060 1562 Christus
3118 1523 3241 1562 non
3296 1507 3400 1562 abs
3467 1525 3553 1577 re,
3615 1512 3720 1562 aut

2064 1591 2294 1648 nullam
2317 1593 2490 1649 nobis
2515 1596 2772 1651 afferens
2792 1597 3135 1665 utilitatem,
3161 1596 3266 1652 sed
3288 1603 3355 1652 ut
3388 1616 3498 1654 nos
3521 1598 3720 1670 justos

2065 1685 2353 1744 efﬁceret.
2372 1689 2565 1745 ——Alii
2585 1690 2683 1745 hoc
2703 1692 2868 1747 modo
2911 1694 3367 1763 interpretantur.
3403 1695 3718 1749 Peccatum

2064 1775 2285 1831 dicitur
2300 1777 2538 1834 victima
2554 1796 2684 1850 quaa
2698 1798 2803 1853 pro
2817 1782 3075 1853 peccatis
3106 1782 3472 1849 immolatur,
3506 1799 3716 1854 quem-

2063 1864 2390 1923 admodum
2449 1869 2534 1923 ait
2589 1871 2881 1941 propheta
2933 1888 2945 1925 :
3032 1871 3279 1927 Peccata
3335 1872 3539 1944 populi
3597 1873 3715 1927 mei

293 1940 610 2015 δικαιοσύνη
646 1948 781 2000 Θεοῦ
810 1942 863 1999 ἐν
895 1944 1066 2016 αὐτῷ,
1099 1967 1128 1995 »
1158 1943 1276 2000 Οὐκ
1302 1944 1437 2015 εἶπε,
1482 1943 1939 2021 Δίκαιοιγενώμε-

2061 1956 2377 2012 comedent
2404 1956 2471 2025 ⁴⁸,
2506 1980 2534 2008 ››
2568 1958 2630 2013 id
2661 1940 2769 2027 est,
2820 1960 3088 2016 victimas
3142 1977 3247 2032 pro
3305 1940 3583 2033 peccatis.
3625 1962 3719 2015 Vi-

294 2034 386 2101 θα,
413 2029 561 2104 ἀλλ’,
589 2058 610 2084 ι
646 2030 1142 2103 Αὐτοδικαιοσύνη,
1177 2056 1207 2085 ››
1238 2030 1373 2108 ὅπερ
1405 2038 1588 2107 μεῖζον
1602 2033 1800 2103 ἧν.καὶ
1816 2033 1949 2090 Θεοῦ

291 2118 631 2193 δικαιοσύνη.
663 2126 797 2177 Θεοῦ
828 2118 885 2179 δὲ
916 2118 1259 2193 δικαιοσύνη,
1299 2122 1361 2178 τὸ
1388 2124 1463 2196 μὴ
1498 2120 1549 2193 ἐξ
1572 2118 1768 2198 ἔργων,
1804 2123 1950 2179 ἀλλὰ

287 2206 382 2266 διά
416 2212 830 2290 συγχωρήσεως
859 2209 1244 2282 δικαιωθῆναι,
1274 2210 1328 2267 ἐν
1356 2210 1524 2282 αὐτῷ,
1552 2208 1621 2266 δι’
1644 2212 1836 2269 αὐτοῦ.

2061 2045 2303 2100 ctimam
2319 2045 2499 2117 igitur
2511 2064 2644 2117 qum
2659 2065 2767 2119 pro
2791 2050 3051 2119 peccatis
3085 2051 3400 2105 offerretur
3433 2050 3574 2105 fecit
3600 2052 3713 2106 Pa-

2060 2137 2152 2186 ter
2169 2133 2404 2189 Filium.
2430 2157 2457 2185 «
2474 2136 2786 2191 Peccatum
2810 2137 2969 2192 fecit.
2996 2159 3024 2187 »
3049 2138 3167 2193 Hoc
3186 2143 3293 2205 est,
3313 2144 3380 2193 ut
3426 2144 3708 2209 tanquam

2059 2226 2337 2291 peccator
2393 2223 2913 2281 condemnaretur.
2976 2248 3005 2276 ‹‹
3060 2227 3131 2282 Ut
3181 2243 3289 2283 nos
3339 2227 3712 2282 el‘ﬁceremur

274 2301 518 2375 justitia
546 2301 650 2358 Dei
680 2318 789 2375 per
817 2301 1010 2358 illum.
1046 2324 1075 2353 »
1107 2303 1262 2358 640
1289 2303 1418 2357 Non
1449 2301 1618 2368 dixit,
1646 2303 1795 2359 Justi
1828 2304 2225 2379 efﬁceremur,
2259 2312 2382 2380 sed,
2438 2331 2466 2363 α
2522 2314 2657 2383 Ipsa
2693 2313 2950 2384 justitia,
3013 2336 3041 2364 »
3102 2313 3258 2385 quod
3318 2316 3512 2386 majus
3561 2321 3710 2384 erat,

284 2390 511 2463 Deique
540 2390 737 2464 ipsius
758 2391 1015 2464 justitia.
1050 2391 1156 2448 Dei
1189 2398 1388 2448 autem
1411 2391 1667 2463 justitia,
1699 2408 1823 2449 non
1853 2411 1985 2465 qua)
2019 2404 2177 2453 esset
2199 2416 2267 2455 ex
2297 2401 2600 2472 operibus,
2633 2401 2738 2457 sed
2766 2408 2834 2457 ut
2861 2419 2931 2458 eo
2961 2403 3302 2458 remittente
3352 2420 3421 2459 ac
3480 2404 3713 2460 veniam

276 2478 456 2536 dante
474 2480 950 2553 justiﬁcaremur
979 2478 1033 2535 ἐν
1066 2480 1222 2553 ἀυτῷ
1257 2481 1370 2537 hoc
1403 2484 1515 2549 est,
1546 2476 1617 2534 δι’
1645 2478 1830 2554 αὐτοῦ,
1862 2483 1924 2539 id

2054 2529 2065 2555 ,
2091 2505 2197 2559 per
2215 2490 2415 2559 ipsum.

344 2572 746 2646 Συνεργοῦντες
833 2567 892 2625 δε
972 2570 1065 2626 καὶ
1154 2567 1579 2644 παρακαλοῦμεν
1606 2612 1622 2640 ,
1706 2572 1784 2644 μὴ
1871 2571 1949 2637 εἰς

277 2658 434 2715 κενὸν
493 2662 595 2730 τὴν
657 2658 820 2735 χάριν
878 2662 978 2715 τοῦ
1036 2663 1172 2715 Θεοῦ
1233 2656 1479 2732 δέξασθαι
1558 2659 1698 2732 ὑμᾶς
1729 2704 1742 2718 .
1784 2659 1941 2734 Λέγει

275 2747 402 2824 γάρ·
462 2749 654 2825 Καιρῷ
726 2744 899 2820 δεκτῷ
959 2746 1241 2820 ἐπήκουσά
1298 2769 1418 2817 σου,
1486 2748 1577 2802 καὶ
1636 2747 1692 2803 ἐν
1759 2749 1943 2824 ἡμέρᾳ

277 2836 555 2913 σωτηρίας
622 2831 989 2908 ἐϐοήθησάσοι
1024 2881 1040 2898 .
1117 2835 1260 2892 Ἰδοὺ
1316 2841 1410 2892 νῦν
1468 2838 1658 2912 καιρὸς
1715 2836 1944 2914 εὐπρόσ-

280 2924 491 2997 δεκτος,
553 2923 672 2982 ἰδοὺ
760 2931 853 2983 νῦν
935 2926 1118 3003 ἡμέρα
1185 2927 1482 3001 σωτηρίας.
1539 2924 1826 2999 Μηδεμίαν
1884 2928 1937 2983 ἐν

281 3012 476 3090 μηδενὶ
535 3011 775 3077 διδόντες
854 3017 1179 3090 προσκοπήν
1212 3056 1228 3084 ,
1301 3015 1391 3070 ἳνα
1464 3016 1542 3089 μὴ
1605 3017 1853 3091 μωμηθῇ
1901 3018 1937 3086 ἡ

278 3101 307 3160 δ
317 3103 524 3160 ιακονία
531 3147 544 3161 .

352 3195 537 3249 Ταῦτα
590 3192 682 3264 μὶν
743 3193 947 3272 φησὶν,
1007 3193 1035 3248 ὁ
1093 3194 1224 3255 Θεὸς
1282 3190 1372 3249 διὰ
1424 3197 1522 3249 τοῦ
1577 3193 1707 3249 Υἱοῦ
1771 3192 1937 3250 αὐτοῦ

280 3279 548 3350 πεποίηκε
573 3324 588 3352 ,
637 3283 725 3337 καὶ
784 3284 952 3357 ἡμεῖς
1008 3279 1066 3339 δὲ
1118 3286 1492 3357 συνεργοῦντες
1549 3282 1641 3338 καὶ
1697 3303 1938 3359 παρακα-

280 3368 507 3434 λοῦντες
581 3367 937 3445 διατελοῦμεν
968 3415 983 3442 ,
1036 3371 1476 3447 παρακαλοῦντες
1553 3372 1649 3446 μὲν
1740 3373 1880 3446 ὑμᾶς
1915 3415 1930 3442 ,

278 3465 665 3539 συνεργοῦντες
714 3460 774 3518 δὲ
822 3467 904 3536 τῷ
955 3467 1090 3535 Θεῷ.
1124 3467 1296 3522 Τοῦτο
1364 3463 1469 3541 γὰρ
1512 3464 1661 3537 αὐτῷ
1719 3461 1931 3535 σπουδὴ

272 3550 339 3607 τὸ
368 3552 612 3621 σωθῆναι
654 3552 818 3626 ὑμᾶς,
850 3551 880 3609 ’ὁ
908 3553 998 3607 καὶ
1032 3551 1288 3629 ἀλλαχοῦ
1319 3573 1472 3630 φησι,
1508 3577 1537 3605 ‹‹
1570 3557 1706 3610 Θεοῦ
1750 3573 1937 3629 συνερ-

270 3640 362 3716 γοί
391 3638 575 3713 ἔσμεν,
610 3665 633 3696 ι
699 3639 750 3714 ἑξ
783 3641 857 3696 ὧν
889 3638 1277 3714 διατελοῦμεν,
1333 3641 1486 3722 φησί.
1549 3665 1579 3694 ‹‹
1613 3643 1706 3713 Μή
1740 3642 1816 3703 εἷς
1845 3663 1935 3699 κε-

270 3729 365 3785 νὸν
389 3731 491 3800 τήν
544 3730 710 3809 χάριν
741 3734 841 3786 τοῦ
893 3734 1029 3787 Θεοῦ
1097 3727 1342 3801 δέξασθαι
1400 3732 1562 3805 ὑμᾶς.
1604 3754 1633 3785 ››
1683 3737 1938 3808 Παρακα-

274 3817 484 3894 λοῦμεν
528 3817 587 3876 δὲ
611 3821 778 3895 ἡμεῖς
838 3821 892 3876 οὶ
947 3819 1278 3893 ἀπόστολοι,
1330 3820 1422 3876 ἳνα
1478 3822 1579 3890 τήν
1635 3820 1937 3898 εὐεργεσίαν

268 3909 369 3965 τοῦ
408 3913 544 3965 Θεοῦ
568 3907 808 3981 δέξησθε,
851 3910 942 3966 καὶ
1005 3911 1082 3983 μή
1125 3910 1543 3987 ἀποκρούσησθε
1600 3912 1787 3983 αὐτὴν,
1825 3932 1937 3984 μη-

273 3995 336 4053 δὲ
364 3997 441 4061 εἰς
471 3998 623 4055 κενὸν
676 3999 768 4054 καὶ
823 3999 1104 4077 ἀνωφελὲς
1154 4001 1255 4071 τὴν
1317 4001 1481 4077 χάριν
1541 4002 1787 4076 γενέσθαι
1847 4000 1937 4056 καὶ

277 4086 561 4165 δεχθῆναι.
620 4089 696 4146 Τὸ
724 4089 826 4165 γὰρ
883 4088 1324 4164 καταλλαγέντας
1380 4094 1459 4163 τῷ
1514 4094 1631 4163 Θεῷ
1687 4087 1778 4146 διὰ
1835 4097 1937 4161 τῆς

272 4176 511 4240 πίστεως
547 4222 562 4249 ,
609 4175 886 4253 ἐπιμένειν
943 4183 1024 4252 τῷ
1080 4179 1335 4256 προτέρῳ
1396 4179 1502 4255 βίῳ
1553 4177 1705 4237 οὐδὲν
1751 4179 1934 4256 ’ἐτερόν

269 4266 443 4339 ἐστιν,
496 4269 532 4337 ἢ
602 4267 681 4332 εἷς
738 4269 887 4324 νενὸν
940 4268 1031 4325 καὶ
1083 4271 1260 4344 μάτην
1316 4269 1554 4346 γενέσθαι
1608 4273 1707 4340 τήν
1771 4272 1934 4347 χάριν

266 4360 368 4415 τοῦ
452 4354 609 4429 Θεοῦ,
675 4357 765 4412 καὶ
824 4355 978 4413 οὐδὲν
1021 4356 1380 4437 ὠφεληθῆναι
1433 4359 1562 4422 τοὺς
1616 4356 1935 4433 δεξαμένους

274 4445 470 4518 αὐτήν.
514 4447 581 4505 Εἰ
628 4448 732 4525 γὰρ
788 4447 949 4513 αὐτὸς
995 4448 1265 4523 ἁμαρτίας
1323 4449 1729 4524 συνεχώρησεν,
1768 4452 1935 4523 ἡμεῖς

274 4533 336 4592 δὶ
363 4534 532 4592 πάλιν
553 4536 767 4593 τούτων
799 4536 1183 4614 πληρούμεθα,
1208 4537 1262 4593 τί
1281 4537 1344 4593 τὸ
1376 4535 1568 4612 κέρδος
1593 4557 1608 4609 ;
1631 4563 1658 4592 ιι
1686 4540 1798 4595 Νῦν
1822 4560 1937 4595 και-

276 4624 374 4700 ρὸς
435 4622 851 4701 εὐπρόσδεκτος.
900 4650 928 4680 ››
978 4625 1084 4685 Καὶ
1135 4625 1296 4689 ποῖός
1353 4624 1496 4682 ἐστιν
1558 4627 1586 4681 ὁ
1643 4625 1935 4701 εὐπρόσδε-

2136 2579 2225 2644 Vl,
2282 2581 2400 2636 1-3.
2452 2581 2815 2651 Cooperantes
2869 2588 3051 2637 autem
3105 2585 3268 2637 etiam
3330 2582 3712 2653 exhortamur,

2053 2683 2123 2723 ne
2151 2670 2211 2723 in
2238 2685 2477 2725 vacuum
2506 2674 2754 2740 gratiam
2785 2673 2884 2727 Dei
2911 2669 3218 2742 recipiatis.
3255 2674 3347 2726 Ait
3403 2674 3548 2727 enim
3579 2689 3597 2726 :
3645 2674 3711 2727 1n

2054 2762 2298 2828 tempore
2325 2766 2551 2829 accepto
2580 2760 2847 2815 exaudiui
2877 2767 2946 2828 te,
2979 2767 3033 2815 et
3079 2763 3139 2815 in
3198 2761 3288 2816 die
3334 2760 3534 2816 salutis
3589 2776 3713 2816 suu—

2051 2851 2205 2904 curri
2233 2850 2353 2904 tibi.
2386 2851 2519 2905 Ecce
2548 2867 2701 2905 nunc
2733 2857 2945 2921 tempus
2976 2852 3329 2922 acceptabile,
3388 2868 3507 2906 ecce
3562 2868 3711 2906 nunc

2050 2936 2166 2993 dies
2194 2938 2412 2994 salutis.
2436 2940 2659 2995 Nullam
2689 2942 2749 2994 in
2795 2956 2855 2996 re
2907 2940 3025 2994 ulla
3080 2940 3269 2996 demus
3316 2941 3700 3010 offensionem,

2047 3042 2116 3082 ne
2153 3028 2597 3098 reprehendatur
2624 3027 3015 3084 ministerium.

2118 3208 2252 3262 Haec
2271 3164 2510 3278 quidem
2530 3209 2673 3263 fecit
2691 3210 2867 3276 Deus,
2892 3208 3105 3280 inquit,
3130 3225 3237 3281 per
3256 3209 3471 3265 Filium
3497 3223 3693 3277 suum,

1963 3329 2007 3397 ϐ
2045 3313 2154 3355 nos
2190 3313 2326 3353 vero
2348 3298 2528 3354 etiam
2550 3304 2940 3371 cooperantes
2988 3305 3047 3356 et
3088 3300 3469 3357 exhortantes
3505 3300 3694 3373 persi-

2046 3388 2404 3451 stimus.vos
2426 3387 2669 3459 quidem
2689 3389 3093 3455 exhortantes,
3147 3390 3264 3445 Deo
3315 3394 3514 3445 autem
3567 3407 3699 3446 coo-

2042 3482 2321 3549 perantes
2355 3494 2367 3532 :
2403 3466 2627 3533 etenim
2657 3477 2769 3533 hoc
2796 3478 2911 3549 ipsi
2942 3479 3207 3534 studium
3240 3484 3330 3535 est
3358 3484 3424 3534 ut
3452 3496 3553 3535 vos
3577 3479 3698 3534 sal-

2042 3567 2100 3621 vi
2133 3566 2310 3622 sitis?
2333 3567 2500 3632 Quod
2531 3567 2709 3622 etiam
2740 3567 2882 3623 alibi
2914 3568 3090 3624 dicit:
3125 3592 3153 3619 ‹‹
3187 3570 3290 3625 Dei
3350 3574 3701 3641 cooperato-

2043 3676 2141 3715 res
2173 3675 2381 3715 sumus
2413 3662 2479 3727 "‘,
2514 3681 2543 3709 »
2575 3665 2636 3715 et
2663 3660 2803 3716 hinc
2836 3666 2927 3717 est
2955 3667 3021 3716 ut
3049 3662 3111 3717 in
3142 3662 3255 3717 hoc
3311 3663 3701 3733 persistamus

2042 3745 2263 3816 inquit,
2297 3766 2326 3796 «
2358 3746 2439 3800 Ne
2470 3745 2531 3800 in
2562 3761 2811 3801 vacuum
2843 3747 3092 3819 gratiam
3152 3748 3256 3802 Dei
3313 3747 3632 3819 recipiatis.
3673 3769 3693 3796 ι

2041 3832 2440 3887 Exhortamur
2471 3848 2580 3887 nos
2606 3833 2857 3903 apostoli
2891 3840 2958 3887 ut
2984 3834 3089 3889 Dei
3132 3834 3488 3889 beneﬁcium
3549 3834 3699 3889 reci-

2042 3921 2221 3993 piatis
2245 3926 2305 3975 et
2334 3936 2456 3975 non
2473 3920 2780 3993 repellatis
2804 3921 2954 3976 illud
2980 3938 2992 3976 :
3027 3929 3087 3977 et
3116 3939 3236 3977 non
3283 3922 3589 3993 contingat
3634 3927 3701 3977 ut

2042 4010 2105 4067 in
2126 4026 2376 4066 vacuum
2399 4014 2503 4065 aut
2520 4009 2648 4065 sine
2671 4010 2928 4065 utilitate
2949 4011 3139 4084 gratia
3161 4011 3406 4067 accedat
3444 4028 3512 4066 ac
3542 4012 3699 4067 reci-

2041 4101 2258 4172 piatur.
2291 4100 2411 4156 Deo
2446 4098 2741 4170 siquidem
2776 4117 2882 4171 per
2932 4100 3110 4156 fidem
3167 4100 3587 4157 reconciliatos
3636 4100 3699 4155 in

2041 4189 2355 4262 priorivita
2370 4205 2742 4261 permanere,
2776 4189 2930 4245 nihil
2974 4190 3137 4246 aliud
3178 4196 3269 4246 est
3305 4208 3485 4262 quam
3524 4191 3585 4246 in
3616 4207 3701 4246 va-

2041 4296 2220 4336 cuum
2239 4296 2307 4335 ac
2328 4278 2549 4335 frustra
2576 4279 2678 4335 Dei
2703 4280 2954 4351 gratiam
3003 4280 3307 4351 accedere,
3342 4285 3401 4336 et
3443 4297 3546 4336 eos
3596 4281 3698 4353 qui

2041 4368 2209 4424 illam
2225 4375 2581 4441 acceperant
2593 4369 2655 4424 in
2668 4369 2833 4425 nullo
2840 4370 3210 4441 juvari.Nam
3225 4370 3274 4425 si
3296 4371 3425 4443 ipse
3456 4369 3699 4440 quidem

2041 4463 2286 4530 peccata
2310 4457 2752 4525 condonaverit,
2786 4476 2896 4514 nos
2918 4476 3054 4515 vero
3076 4476 3314 4515 rursum
3338 4459 3560 4515 eisdem
3587 4459 3702 4513 im-

2041 4545 2296 4618 plemur,
2323 4546 2483 4615 quod
2504 4546 2749 4602 accedet
2769 4547 2908 4603 inde
2959 4547 3192 4604 lucrum
3214 4548 3241 4602 ‘2
3290 4570 3310 4597 ι
3364 4550 3510 4603 Ecce
3540 4564 3700 4603 nunc

2044 4638 2279 4705 tempus
2296 4634 2680 4704 acceptabile.
2708 4656 2737 4683 ››
2763 4637 2832 4689 Ει
2850 4635 3024 4705 quale
3048 4640 3138 4690 est
3180 4641 3414 4707 tempus
3432 4639 3700 4707 accepta-

268 4735 400 4777 κτος
427 4716 641 4793 καιρὸς,
673 4715 763 4771 καὶ
796 4717 831 4786 ἡ
862 4715 1045 4791 ἡμέρα
1072 4724 1175 4786 τῆς
1222 4716 1499 4793 σωτηρίας
1533 4735 1547 4785 ;
1579 4717 1641 4774 Ἦ
1691 4723 1791 4787 τῆς
1823 4715 1930 4772 δω-

2054 4721 2159 4778 aile
2173 4702 2280 4777 aut
2296 4720 2423 4777 dies
2439 4702 2659 4778 salutis
2680 4723 2708 4777 ‘I
2729 4702 3017 4779 dies—doni
3037 4740 3105 4778 ac
3134 4702 3358 4796 gratia).
3404 4702 3698 4792 Prmsens,

271 4809 420 4881 ρεᾶς,
450 4806 485 4875 ἠ
517 4811 620 4876 τῆς
665 4805 915 4882 χάριτος.
962 4810 1018 4859 '0
1074 4803 1187 4875 νῦν,
1247 4806 1411 4876 φησὶν
1469 4806 1735 4882 ὑπάρχων
1808 4827 1929 4861 και-

275 4895 394 4970 ρός,
448 4892 501 4950 ἐν
562 4892 609 4968 ᾤ
667 4894 1084 4971 ἁμαρτημάτων
1145 4896 1239 4969 μὲν
1295 4894 1483 4973 ἅφεοις
1538 4895 1928 4970 πρόκειται,ἠ

274 4982 337 5040 δὲ
402 4980 722 5056 δικαιοσύνη
774 4982 981 5061 δωρεὰν
1064 4981 1299 5041 δίδοται.
1360 4985 1511 5043 Ἐπεὶ
1564 4986 1654 5041 οὗν
1685 4987 1932 5062 ὁκαιρὸς

267 5075 526 5150 χάριτος,
559 5072 806 5143 εἰκότως,
842 5073 1032 5151 φησὶν,
1065 5073 1347 5146 ἐπήκοοσά
1371 5095 1470 5131 σου
1518 5074 1571 5130 ἐν
1624 5074 1829 5149 τούτῳ,
1858 5076 1933 5138 ὡς

270 5165 385 5240 εἴγε
416 5162 567 5219 ἔλθοι
600 5164 629 5218 ὁ
659 5170 758 5233 τῆς
789 5163 1023 5239 κρίσεως
1053 5164 1268 5239 καιρὸς,
1329 5163 1429 5220 οὐκ
1472 5160 1552 5220 ἔτι
1582 5163 1775 5226 ἁπλῶς
1820 5164 1934 5220 εἰσ-

264 5252 559 5309 ακούσεται
594 5296 609 5312 .
657 5257 713 5307 '0
773 5252 865 5308 οὗν
928 5253 983 5308 ἐν
1035 5257 1212 5329 καιρῷ
1306 5253 1537 5329 χάριτος
1592 5250 1929 5324 ἐπιτηδεύων

263 5341 556 5399 πολιτείαν
612 5342 891 5418 χρηστήν,
949 5341 1196 5417 εὐχερῶς
1250 5341 1581 5413 ἐπιτεόξεται
1639 5345 1748 5397 τῶν
1800 5344 1932 5417 βρα-

265 5426 460 5503 ϐείων,
508 5431 601 5485 καὶ
650 5429 1046 5500 ἀκουσθήσεται
1080 5430 1184 5486 ὑπὸ
1215 5435 1372 5489 Θεοῦ.
1426 5426 1650 5502 Ἐπειδή
1682 5431 1773 5485 καί
1802 5432 1931 5494 τοὺς

266 5520 442 5597 μυρία
513 5518 1029 5595 πλημμελήσαντας
1087 5517 1327 5601 δέχεται,
1417 5519 1568 5599 ἀφεὶς
1624 5520 1810 5583 αὐτοῖς
1867 5522 1934 5575 τα

265 5610 644 5686 ἁμαρτήματα
675 5608 875 5666 αὐτῶν.
916 5633 937 5661 ι
970 5605 1261 5684 Μηδεμίαν
1292 5607 1345 5665 ἐν
1382 5606 1598 5684 μηδενί.
1633 5632 1662 5662 ››
1692 5608 1769 5668 Τὸ
1808 5610 1937 5680 νόη-

341 5807 392 5846 ⁴⁴
423 5809 445 5867 l
475 5810 610 5868 Coa.
646 5827 685 5879 ι,
718 5811 807 5867 30.
839 5808 885 5846 ⁸⁸
916 5810 1064 5867 Osee
1093 5825 1134 5882 ι,
1162 5810 1217 5867 8.
1251 5808 1296 5844 ⁸ο
1325 5808 1351 5863 Ι
1378 5810 1509 5864 Cor.
1542 5823 1608 5878 ιι,
1640 5809 1695 5864 ο.

2043 4810 2259 4882 inquit,
2300 4813 2533 4881 tempus
2566 4817 2658 4866 est
2684 4811 2747 4866 in
2780 4829 2897 4882 quo
2926 4817 3305 4883 peccatorum
3352 4811 3702 4868 conceditur

2040 4898 2652 4971 remissio,etjustitia
2673 4900 2856 4975 gratis
2907 4901 3480 4968 donatur.Quoniam
3519 4902 3701 4976 igitur

2042 4993 2277 5062 tempus
2302 4994 2392 5044 est
2412 4990 2637 5061 gratia},
2669 4991 2884 5047 merito
2908 4991 2970 5047 in
2993 4991 3124 5059 hoc,
3180 4991 3394 5062 inquit,
3429 4992 3699 5049 exaudivi

2042 5081 2211 5136 ιθ.Αο
2234 5079 2283 5134 si
2307 5078 2703 5136 diceretzUbi
2752 5082 2983 5136 venerit
3023 5081 3234 5152 judicii
3281 5087 3536 5153 tempus,
3571 5082 3701 5155 jam

2044 5184 2166 5221 non
2180 5166 2511 5238 facile’quis
2526 5167 2897 5224 exaudietur.
2918 5169 3025 5233 Qui
3050 5169 3229 5241 igitur
3278 5174 3546 5241 tempore
3578 5186 3704 5242 gra-

2042 5257 2138 5311 tiae
2158 5256 2220 5311 in
2242 5256 2398 5312 bona
2430 5258 2879 5314 conversatione
2923 5258 3163 5315 sudiose
3219 5275 3281 5314 se
3324 5261 3493 5331 gerit,
3527 5260 3700 5317 facile

2042 5345 2249 5400 bravia
2276 5352 2630 5418 assequetur
2660 5352 2719 5402 et
2746 5363 2781 5402 a
2810 5349 2928 5403 Deo
2961 5347 3333 5404 exaudietur.
3366 5350 3480 5403 Eos
3539 5349 3701 5404 enim

2046 5434 2147 5506 qui
2181 5435 2360 5490 etiam
2392 5436 2453 5490 in
2486 5436 2761 5507 plurimis
2792 5437 3178 5508 deliquerunt
3207 5438 3473 5509 suscipit,
3501 5439 3701 5493 remit-

2042 5528 2175 5579 tens
2197 5524 2345 5596 ipsis
2377 5531 2622 5596 peccata
2647 5542 2772 5581 sua.
2808 5548 2836 5577 ‹‹
2868 5527 3104 5583 Nullam
3136 5527 3198 5582 in
3227 5543 3291 5583 re
3322 5527 3465 5583 ulla.
3502 5548 3530 5577 »
3552 5527 3695 5582 Sen-

2043 5612 2229 5669 tentia
2253 5613 2366 5669 hoc
2387 5615 2562 5670 modo
2584 5615 2987 5672 connectitur:
3020 5617 3438 5688 Cooperantes,
3472 5613 3691 5686 inquit,
