4080 6380
333 469 454 531 983

1461 467 1882 530 CECUMENII
1930 467 2237 530 TRICC/E
2280 467 2633 532 EPISCOPI

3639 466 3774 573 984.

339 612 399 665 et
425 608 804 664 exhortantes
815 603 1450 678 persistimus,nullam
1465 605 1742 677 cuiquam
1776 605 1985 661 dantes

2110 624 2183 678 μα
2241 604 2414 667 οὕτως
2474 602 2794 680 συνείρεται·
2859 607 3247 680 Συνεργοῦντες
3308 599 3388 671 δὲ,
3446 601 3603 684 φησὶ,
3662 606 3763 661 καὶ

338 696 1092 755 οΠΘΠΘῙΟΠΘῙΠ.(]ΟΠ8Ῐ(ῘΘΙἮ
1110 698 1325 753 veroin
1378 697 1585 753 ordine
1630 696 1991 752 narrationis

335 788 970 858 consiliumtanquam
992 786 1238 842 diceret.
1274 789 1359 842 Ita
1403 788 1464 842 in
1487 786 1767 842 omnibus
1800 802 1992 841 meam

335 880 596 934 vitamac
631 877 1143 933 conversationem
1187 876 1398 948 dirigo,
1444 877 1588 931 6“
1622 883 1830 932 utnon
1861 876 1992 932 dico

337 968 753 1030 accusationis,
779 967 883 1023 sed
906 983 1015 1022 nec
1041 967 1468 1039 indignationis
1493 966 1690 1022 locum
1715 966 1994 1037 cuiquam

338 1056 637 1112 tribuam:
673 1072 748 1111 ne
775 1055 908 1127 quis
939 1053 1339 1109 ministerium
1396 1070 1464 1109 ac
1522 1071 1669 1125 opus
1722 1061 1995 1109 nostrum

340 1144 762 1218 reprehendat.
794 1142 942 1216 Ipsis
964 1144 1123 1200 enim
1147 1143 1360 1215 pedem
1404 1143 1997 1207 offendentibus,me-

341 1237 458 1292 rito
471 1235 798 1308 indignatio
814 1234 873 1289 in
895 1234 1383 1306 praedicationem
1402 1239 1754 1289 recurreret.
1788 1233 1996 1289 Dicere

347 1325 508 1381 enim
538 1327 814 1396 poterant
842 1322 1115 1394 apostoli,
1149 1323 1263 1378 nisi
1298 1323 1603 1395 quippiam
1634 1322 1775 1377 boni
1835 1339 1994 1379 com-

343 1414 504 1470 modi
522 1412 1249 1485 essetprmdicatio,malis
1271 1412 1449 1467 etiam
1473 1411 1818 1467 hominibus
1847 1412 1996 1467 illud

343 1503 795 1559 concederetur.
818 1502 1031 1557 Dicens
1062 1507 1263 1556 autem
1286 1501 1421 1568 hoc,
1453 1500 1885 1573 prOpemodum
1917 1502 2001 1556 ait

339 1592 463 1647 illis
497 1608 509 1647 :
540 1593 785 1663 Oportet
815 1608 925 1646 nos
956 1607 1159 1646 curam
1213 1597 1390 1646 rectm
1449 1591 1580 1645 vitm
1635 1591 1875 1658 habere,
1922 1607 1997 1646 ne

341 1681 416 1737 ad
443 1681 623 1736 fidem
654 1680 983 1752 indignatio
1016 1685 1073 1735 et
1122 1679 1419 1735 accusatio
1478 1685 1765 1735 recurrat.
1831 1682 1996 1747 Nam,

345 1792 375 1821 «
399 1771 481 1826 Ex
502 1768 815 1836 fructibus,
839 1768 1056 1840 inquit,
1081 1785 1288 1824 eorum
1310 1769 1681 1842 cognoscetis
1721 1785 1821 1824 eos
1869 1768 1934 1823 ‘7.
1970 1790 1999 1819 »

426 1953 520 2022 Vl,
551 1955 685 2009 410
737 1953 845 2007 Sed
897 1956 957 2009 in
987 1953 1240 2008 omnibus
1295 1953 1650 2008 exhibeamus
1704 1970 1800 2010 nos
1857 1954 2001 2025 ipsos
2033 1985 2076 2046 Β

351 2050 414 2098 ut
448 2045 543 2098 Dei
570 2045 853 2097 ministros
881 2045 940 2097 in
972 2042 1271 2097 tolerantia
1300 2043 1496 2105 multa,
1560 2048 1614 2097 in
1675 2046 1998 2113 afﬂictioni-

354 2132 469 2199 bus,
504 2135 560 2186 in
590 2130 1021 2193 necessitatibus.
1054 2134 1113 2186 in
1142 2133 1539 2199 anxietatibus,
1586 2134 1645 2186 in
1681 2132 1891 2202 plagis.
1943 2135 2003 2187 in

353 2222 685 2283 carceribus.
736 2225 795 2278 in
851 2222 1239 2288 instabilitate,
1300 2225 1359 2277 in
1417 2223 1716 2290 laboribus,
1766 2225 1825 2277 in
1855 2225 1999 2293 vigi-

348 2313 462 2381 liis,
496 2313 556 2368 in
570 2314 828 2385 jejuniis,
857 2310 917 2366 in
946 2313 1279 2378 sinceritate,
1331 2314 1391 2366 in
1446 2315 1697 2377 scientia,
1756 2316 1815 2368 in
1877 2314 1999 2368 lon-

346 2405 698 2473 ganimitate,
756 2402 815 2456 in
875 2403 1229 2471 benignitate,
1288 2402 1348 2455 in
1405 2401 1621 2472 Spiritu
1681 2409 1890 2471 sancto,
1940 2405 1998 2457 in

347 2492 623 2548 charitate
681 2508 793 2547 non
850 2490 1137 2558 simulata,
1198 2489 1259 2545 in
1316 2507 1562 2547 sermone
1618 2495 1889 2562 veritatis,
1941 2494 2001 2547 in

334 2582 593 2653 potentia
623 2580 743 2647 Dei,
770 2597 874 2651 per
901 2596 1060 2634 arma
1078 2580 1327 2650 justitiw
1374 2580 1572 2636 dextra
1628 2599 1691 2637 ac
1745 2584 1998 2652 sinistra,

338 2687 446 2742 per
474 2670 715 2740 gloriam
745 2676 797 2724 et
826 2670 1215 2739 ignominiam,
1241 2686 1347 2740 per
1376 2673 1621 2726 convicia
1652 2678 1705 2727 et
1763 2672 1950 2729 laudes
1984 2689 1998 2726 :

347 2762 509 2832 quasi
559 2761 904 2829 impostores,
954 2760 1050 2814 sed
1099 2774 1356 2814 veraces:
1417 2762 1577 2830 quasi
1642 2763 1838 2832 ignoti,
1908 2763 2003 2817 sed

345 2852 512 2907 noti:
572 2850 735 2922 quasi
791 2851 1103 2919 morientes,
1163 2851 1259 2906 sed
1315 2868 1432 2906 ecce
1488 2852 1777 2909 vivimus:
1843 2856 2002 2924 quasi

349 2942 605 3011 correpti,
639 2940 733 2995 sed
760 2956 871 2995 non
898 2941 1064 2996 occisi
1097 2956 1109 2993 :
1142 2938 1306 3011 quasi
1333 2940 1599 3005 dolentes,
1634 2942 1729 2998 sed
1745 2945 2003 2999 continue

348 3030 692 3099 gaudentes:
743 3030 905 3099 quasi
948 3044 1245 3099 pauperes,
1303 3030 1397 3084 sed
1458 3030 1656 3085 multos
1711 3032 2000 3089 ditantes:

345 3119 507 3189 quasi
532 3118 679 3173 nihil
709 3117 983 3186 habentes,
1015 3118 1109 3173 sed
1139 3120 1331 3173 omnia
1352 3119 1710 3189 possidentes.

416 3302 546 3357 Non
567 3300 784 3368 solum,
808 3298 1024 3370 inquit,
1049 3298 1359 3354 studemus
1380 3300 1513 3371 puri
1537 3317 1669 3357 esse
1718 3301 1790 3357 ab
1832 3318 2000 3359 accu-

348 3390 679 3446 sationibus
700 3406 767 3444 ac
790 3387 1299 3461 indignationibus
1321 3389 1440 3444 sive
1462 3390 1724 3460 querelis
1749 3408 1762 3447 :
1796 3408 2000 3448 verum
2040 3354 2082 3421 Β

348 3480 527 3537 etiam
550 3479 828 3534 omnibus
850 3478 1132 3549 nosipsos
1150 3477 1528 3535 exhibuimus
1541 3496 1609 3536 ac
1633 3481 2005 3537 ostendimus

348 3575 417 3625 ut
449 3570 549 3625 Dei
580 3569 907 3625 ministros.
931 3568 1235 3635 Quomodo
1258 3573 1459 3625 autem
1483 3569 1544 3624 id
1593 3571 1722 3626 ﬁeri
1754 3577 1952 3643 potest
1979 3571 2007 3625 ?

352 3664 412 3715 et
431 3658 729 3731 quomodo
748 3656 1011 3713 ostendit
1030 3673 1161 3713 sese
1182 3658 1481 3730 quispiam
1514 3660 1617 3715 Dei
1664 3659 2007 3717 ministrum

351 3749 467 3804 nisi
486 3748 1116 3820 perconversationem
1135 3747 1442 3803 acvitam?
1473 3748 1613 3803 Vide
1656 3765 1797 3804 sane
1849 3752 2009 3821 quod

354 3855 475 3895 non
497 3837 1191 3909 dixeritzAppareamus,
1243 3835 1387 3892 sed:
1434 3859 1460 3887 ‹‹
1522 3837 1945 3908 Exhibeamus,
1979 3862 2008 3890 ››

355 3930 475 3985 sive
495 3928 1171 4001 Demonstremus,quod
1186 3928 1591 3984 ostensionem
1633 3929 1694 3984 in
1728 3946 1791 3985 se
1824 3931 2011 3986 conti-

353 4018 1174 4090 netperoperaetveritatem.
1227 4036 1248 4067 ι
1276 4019 1342 4073 In
1384 4018 1703 4074 tolerantia
1733 4019 1944 4075 multa.
1977 4041 2005 4070 »

353 4107 567 4165 Omnia
592 4107 749 4161 virili
780 4107 980 4162 animo
1039 4107 1297 4162 ferentes
1355 4123 1728 4178 quaecunque
1789 4109 1850 4163 in
1899 4126 2006 4164 nos

351 4197 511 4252 dicta
528 4195 748 4252 fuerint
771 4196 934 4252 :ideo
950 4197 1128 4251 etiam
1143 4195 1336 4251 addit:
1360 4216 1379 4242 ε
1406 4196 1615 4261 Multa;
1643 4218 1671 4246 »
1706 4201 1765 4251 et
1794 4214 2006 4255 conse-

352 4290 607 4357 quenter
634 4291 907 4341 recenset
937 4287 997 4340 in
1030 4286 1246 4357 quibus
1276 4286 1451 4356 positi
1486 4291 1543 4340 et
1572 4286 1822 4343 viriliter
1877 4305 2007 4346 sese

351 4375 639 4431 habentes
658 4376 1187 4430 exhibuerintsese
1238 4376 1339 4430 Dei
1384 4374 1709 4431 ministros.
1757 4399 1785 4427 ι(
1820 4380 1882 4433 In
1910 4395 2007 4435 ne-

349 4464 747 4520 cessitatibus.
782 4486 810 4514 »
831 4464 1232 4519 Aftlictionum
1259 4464 1661 4521 intensionem
1693 4466 2008 4541 designant

351 4555 761 4621 necessitates,
795 4569 1011 4625 nempe
1069 4552 1305 4624 quando
1346 4553 1726 4611 inevitabiles
1782 4556 2008 4613 fuerint

352 4649 454 4700 aut
485 4661 731 4717 magum.
767 4665 794 4693 «
830 4644 896 4697 In
927 4641 1346 4698 anxietatibus.
1385 4665 1413 4693 »
1473 4643 1746 4701 Difﬁcilis
1807 4645 2009 4702 admo-

2096 692 2535 769 παρακαλοῦντες
2568 692 2951 766 διατελοῦμεν,
3014 690 3288 767 μηδεμίαν
3348 690 3539 764 μηδενὶ
3574 690 3759 750 διδόν-

2095 803 2182 845 τες
2215 784 2562 858 προσκοπήν.
2621 784 2759 855 Ὅρα
2816 780 2873 838 δὲ
2925 780 2978 837 ἐν
3037 783 3180 852 τάξει
3243 779 3552 857 διηγήσεως
3608 804 3752 857 συμ-

2099 867 2333 944 ϐουλὴν,
2368 874 2495 929 ὡσεὶ
2528 870 2701 949 ἔλεγε·
2758 875 2856 929 Διά
2913 874 3130 929 πάντων
3188 872 3470 928 ἀπευθύνω
3506 895 3611 946 μου
3661 874 3754 930 τὸν

2101 962 2218 1038 βίον
2248 962 2338 1017 καὶ
2377 964 2476 1033 τὴν
2531 961 2838 1022 πολιτείαν,
2899 964 3061 1018 Ὥστε
3091 960 3156 1017 οὐ
3190 960 3337 1037 λέγω
3393 964 3751 1039 κατηγορίας,

2097 1051 2225 1110 ἀλλ’
2254 1053 2340 1108 ἳνα
2378 1052 2519 1126 μηδέ
2552 1054 2815 1130 μέμψεώς
2845 1074 2953 1109 τινι
3006 1051 3084 1108 δῶ
3114 1053 3326 1130 χώραν.
3361 1055 3476 1111 Ἰνα
3525 1057 3602 1128 μή
3646 1076 3753 1125 τις,

2099 1145 2283 1225 φησὶν,
2324 1140 2656 1217 ἐπιλάϐηται
2686 1152 2788 1215 τῆς
2837 1141 3115 1209 διακονίας
3161 1146 3322 1217 ἡμῶν
3384 1146 3474 1200 καί
3531 1149 3629 1201 τοῦ
3657 1139 3755 1221 ἕρ-

2096 1257 2218 1312 γου.
2268 1235 2461 1292 Αὐτῶν
2502 1235 2605 1311 γὰρ
2662 1232 3085 1306 σφαλλομὲνων,
3154 1233 3381 1297 εἰκότως
3448 1236 3483 1304 ἡ
3545 1234 3753 1309 μέμψις

2100 1324 2177 1389 εἷς
2211 1326 2275 1380 τὸ
2305 1328 2567 1400 κήρυγμα
2599 1322 2883 1399 ἀνέτρεχεν
2945 1328 3097 1379 εἶπον
3133 1324 3236 1400 γὰρ
3293 1322 3356 1379 ἃν
3411 1323 3465 1380 οἱ
3517 1324 3753 1380 ἀπόστο-

2100 1414 2213 1484 λοι,
2256 1416 2301 1471 εἰ
2336 1416 2413 1489 μή
2444 1418 2510 1485 ἦν
2536 1435 2587 1469 τι
2620 1414 2863 1490 χρηστὸν
2896 1414 2960 1468 τὸ
3000 1415 3281 1489 κηρυγμα,
3342 1412 3593 1488 ἤμελλον
3624 1413 3756 1470 αὐτὸ

2100 1504 2379 1581 ἄνθρωποι
2443 1505 2831 1561 πεπιστεῦσθαι
2884 1503 3166 1578 πονηροί.
3223 1505 3400 1560 Τοῦτο
3455 1501 3513 1560 δὲ
3565 1503 3757 1574 εἰπὼν,

2101 1594 2405 1671 μονονουχὶ
2438 1593 2584 1670 λέγει
2615 1594 2826 1661 αὐτοῖς,
2859 1593 2943 1648 ὅτι
2998 1598 3089 1648 Δεῖ
3143 1595 3293 1665 ἡμᾶς
3352 1595 3515 1669 ὀρθοῦ
3570 1592 3758 1665 ἐπιμε-

2101 1684 2311 1741 λεῖσθαι
2347 1684 2494 1761 βίου,
2520 1685 2612 1739 ἳνα
2647 1684 2722 1756 μὴ
2783 1681 2859 1745 εἷς
2916 1684 3018 1753 τήν
3079 1681 3260 1737 πίστιν
3290 1686 3325 1753 ἡ
3362 1684 3569 1759 μέμψις
3624 1684 3760 1738 ἀνα-

2102 1771 2302 1849 δλιάμῃ.
2337 1797 2365 1825 ‹‹
2402 1775 2498 1831 Ἐκ
2553 1772 2659 1849 γὰρ
2725 1777 2834 1828 τῶν
2888 1777 3113 1848 καρπῶν
3171 1770 3347 1828 αὐτῶν
3389 1773 3761 1850 ἐπιγνώσεσθε

2104 1863 2322 1924 αὖτ’)ὺς.
2358 1885 2389 1916 »

2180 1950 2339 2009 Ἀλλ’
2396 1951 2448 2006 ἐν
2508 1951 2667 2006 παντὶ
2736 1954 3090 2015 συνιστῶντες
3178 1951 3425 2020 ἑαυτοὺς,
3486 1953 3560 2015 ὡς
3616 1954 3757 2009 Θεοῦ

2110 2038 2374 2099 διάκονοι.
2452 2040 2541 2097 Ἐν
2623 2040 2875 2113 ὑπομονῇ
2960 2037 3178 2113 πολλῇ,
3265 2039 3316 2095 ἐν
3373 2039 3643 2115 θλίψεσιν,
3702 2041 3756 2096 ἐν

2106 2130 2370 2206 ἀνάγκαις
2405 2173 2420 2200 ,
2477 2129 2530 2184 ἐν
2599 2129 2989 2206 στενοχωρίαις
3023 2172 3038 2198 ,
3097 2130 3150 2185 ἒν
3226 2129 3492 2205 πληγαῖς,
3548 2131 3602 2186 ἐν
3659 2154 3760 2212 φυ-

2106 2225 2248 2289 καῖς,
2292 2218 2347 2274 ἐν
2406 2218 2848 2289 ἀκαταστασίαις,
2913 2218 2966 2273 ἐν
3026 2219 3242 2289 κόποις,
3302 2218 3356 2275 ἐν
3416 2220 3760 2297 ἀγρυπνίαις,

2106 2309 2159 2366 ἐν
2190 2310 2488 2381 νηστείαις,
2538 2309 2589 2365 ἐν
2639 2310 2925 2387 ἁγνότητι,
2991 2308 3043 2365 ἐν
3107 2310 3332 2385 γνώσει,
3399 2310 3452 2367 ἒν
3486 2314 3763 2387 μακροθυ-

2110 2401 2229 2475 μίᾳ,
2281 2400 2335 2456 ἐν
2392 2400 2786 2477 χρηστότητι,
2841 2399 2893 2454 ἐν
2955 2401 3224 2474 Πνεύματι
3282 2400 3449 2474 ἀγίῳ,
3482 2400 3534 2457 ἐν
3569 2402 3756 2477 ἀγάπῃ

2105 2491 2483 2564 ἀνυποκρίτῳ,
2544 2488 2595 2544 ἐν
2657 2489 2810 2567 λόγῳ
2867 2487 3153 2561 ἀληθείας,
3209 2488 3261 2545 ἐν
3315 2487 3542 2564 δυνάμει
3598 2497 3757 2551 Θεοῦ.

2107 2581 2206 2637 Διά
2255 2584 2364 2636 τῶν
2420 2578 2608 2636 ὃπλων
2674 2586 2777 2649 τῆς
2826 2576 3203 2651 δικαιοσύνης,
3259 2584 3369 2635 τῶν
3423 2577 3612 2652 δεξιῶν
3665 2582 3757 2637 καὶ

2107 2670 2423 2746 ἀριστερῶν,
2486 2666 2575 2724 διὰ
2636 2666 2797 2739 δόξης
2854 2668 2943 2722 καὶ
2991 2668 3233 2741 ἀτιμίας,
3296 2666 3758 2749 διὰδυσφημίας

2105 2760 2194 2815 καὶ
2245 2757 2535 2834 εὐφημίας·
2587 2758 2661 2821 ὡς
2718 2757 2920 2813 πλάνοι
2958 2758 3049 2813 καὶ
3105 2757 3354 2828 ἀληθεῖς,
3398 2759 3474 2822 ὠς
3524 2759 3759 2835 ἀγνοού-

2111 2864 2259 2923 μενοι
2346 2848 2437 2903 καὶ
2533 2846 3053 2922 ἐπιγινωσκόμενοι,
3145 2847 3222 2912 ὡς
3302 2847 3755 2919 ἀποθνήσκοντες,

2106 2938 2198 2993 καὶ
2252 2934 2373 2993 ίδοὺ
2431 2940 2614 3009 ζῶμεν
2647 2980 2662 3006 ,
2724 2936 2799 2998 ὡς
2855 2932 3244 3009 παιδευόμενοι
3301 2935 3390 2992 καὶ
3460 2935 3536 3010 μὴ
3593 2938 3756 2991 θανα-

2105 3025 2367 3100 τούμενοι
2403 3069 2417 3096 ,
2477 3026 2553 3089 ὡς
2609 3022 2972 3099 λυπούμενοι,
3033 3025 3112 3080 ἀεὶ
3170 3021 3228 3079 δὲ
3295 3023 3620 3100 χαίροντες,
3681 3023 3759 3086 ὡς

2107 3114 2329 3192 πτωχοί
2362 3159 2380 3190 ,
2434 3114 2688 3179 πολλοὺς
2770 3112 2827 3170 δὲ
2900 3115 3289 3185 πλουτίζοντες
3323 3161 3339 3189 ,
3428 3115 3501 3178 ὡς
3593 3111 3763 3190 μηδὲν

2110 3201 2353 3283 ἔχοντες,
2385 3205 2474 3261 καὶ
2504 3206 2680 3261 πάντα
2698 3206 3044 3280 κατέχοντες.

2183 3296 2260 3354 0'5
2323 3297 2488 3370 μόναν
2549 3293 2714 3373 φησίν
2773 3292 3183 3367 ἐσπουδάσαμεν
3265 3299 3611 3371 κατηγοριῶν
3671 3294 3766 3349 καὶ

2118 3386 2377 3461 μέμψεων
2412 3385 2551 3440 εἶναι
2582 3384 2830 3459 καθαροὶ,
2864 3382 3011 3440 ἀλλά
3039 3384 3129 3439 καὶ
3160 3382 3212 3438 ἐν
3245 3385 3405 3439 παντὶ
3439 3386 3771 3455 συνεστήσα-

2117 3495 2212 3550 μεν
2246 3474 2337 3530 καὶ
2366 3470 2717 3547 ἀπεδείξαμεν
2761 3472 2985 3537 ἑαυτοὺς
3010 3472 3083 3536 ὠς
3115 3476 3248 3530 Θεοῦ
3302 3471 3609 3537 διακόνους.
3645 3478 3772 3535 Πῶς

2116 3561 2162 3620 δ’
2194 3563 2253 3619 ἃν
2299 3561 2382 3634 ε’ίη
2440 3566 2624 3631 τοῦτο,
2670 3562 2761 3617 καὶ
2828 3568 2946 3625 πῶς
3002 3583 3086 3626 τις
3154 3560 3531 3619 ἀποδείκνυσιν
3582 3563 3772 3618 ἑαυτὸν

2117 3657 2252 3709 Θεοῦ
2284 3650 2556 3723 διάκονον,
2588 3652 2623 3723 ἢ
2657 3648 2726 3707 δι’
2756 3658 2829 3708 ῶν
2889 3651 3237 3708 πολιτεύεται
3278 3652 3367 3707 καὶ
3404 3653 3521 3728 βιοῖ
3555 3671 3571 3721 ς
3628 3654 3777 3727 "Ope:

2115 3741 2193 3813 δὲ,
2228 3744 2329 3799 οὐκ
2359 3744 2503 3812 εἷπε,
2537 3744 2893 3817 Φαινόμενοι,
2953 3740 3121 3813 ἀλλὰ,
3161 3764 3188 3796 ε
3219 3746 3607 3805 Συνιστῶντες.
3644 3765 3673 3794 ››
3701 3744 3772 3801 Ὃ

2117 3833 2285 3906 ἐστιν,
2317 3830 2752 3895 ἀποδεικνύντες.
2807 3837 2983 3888 Τοῦτο
3045 3830 3101 3888 δὲ
3157 3832 3257 3901 τήν
3318 3829 3387 3886 δι’
3447 3825 3620 3908 ἔργων
3675 3831 3771 3887 καὶ

2116 3921 2376 3994 ἀληθείας
2435 3921 2708 3993 ἀπόδειξιν
2770 3920 2910 3997 ἔχει.
2979 3945 2999 3973 α
3036 3924 3125 3980 Ἐν
3188 3920 3443 3998 ὑπομονῇ
3487 3919 3701 3995 πολλῇ.
3740 3944 3771 3973 ››

2115 4014 2292 4070 Πάντα
2319 4012 2578 4089 γενναίως
2636 4013 2888 4092 φέροντες
2942 4011 3009 4066 τὰ
3068 4009 3439 4087 ῥηθησόμενα.
3510 4011 3603 4066 Διὸ
3633 4031 3769 4091 φησι

2113 4103 2225 4172 καὶ,
2260 4126 2288 4155 ‹‹
2323 4099 2541 4176 Πολλῇ.
2574 4125 2597 4155 ιι
2635 4108 2734 4157 Και
2764 4100 2954 4156 λοιπὸν
2990 4100 3281 4177 καταλέγει
3321 4099 3371 4155 ἐν
3418 4100 3560 4156 τίσιν
3616 4096 3769 4163 ὄντες

2112 4192 2198 4248 καὶ
2254 4192 2515 4269 γενναίως
2584 4189 2960 4267 διαγενομενοι
3000 4236 3013 4262 ,
3073 4191 3477 4264 συνεστησαμεν
3545 4187 3772 4254 ἑαυτοὺς

2113 4285 2248 4337 Θεοῦ
2306 4280 2641 4342 διακόνους.
2708 4283 2852 4337 «Ἐν
2915 4281 3254 4356 ἀνάγκαις.»
3309 4279 3588 4337 Ἐπίτασιν
3646 4277 3768 4343 θλί-

2112 4375 2257 4446 ψεως
2288 4369 2551 4441 δηλοῦσιν
2600 4372 2656 4426 αἱ
2715 4370 2964 4447 ἀνάγκαι.
2997 4371 3162 4428 Ὅταν
3222 4367 3432 4445 ἄφυκτα
3488 4374 3524 4445 ῇ
3575 4368 3644 4424 τὰ
3671 4389 3768 4424 κα-

2110 4462 2198 4517 κά.
2239 4482 2262 4511 ιι
2291 4462 2378 4518 Ἐν
2419 4460 2832 4537 στενοχωρίαις.
2869 4483 2896 4512 ››
2952 4457 3393 4531 Δυσδιεξόδευτος
3450 4460 3541 4529 ἦν,
3574 4458 3768 4539 φησὶν,

2110 4553 2146 4622 ἡ
2204 4548 2528 4628 ἀπαλλαγή.
2590 4576 2618 4603 ‹‹
2651 4552 2741 4607 Ἐν
2801 4547 3091 4629 φυλακαῖς.
3137 4573 3166 4602 ››
3223 4550 3391 4607 Τοῦτο
3447 4548 3540 4604 καὶ
3600 4545 3656 4604 ἓν
3712 4570 3769 4604 τι

2112 4640 2386 4717 ἀφόρητόν
2418 4639 2553 4712 ἐστι,
2583 4641 2745 4698 Ὅταν
2794 4637 2852 4694 δὲ
2916 4639 3006 4694 καὶ
3063 4639 3237 4694 πάντα
3292 4639 3461 4714 ὁμοῦ,
3523 4637 3615 4702 θὲα
3672 4639 3768 4695 τὸν

353 4734 517 4798 dum,
549 4711 766 4804 inquit,
802 4737 929 4787 erat
958 4732 1255 4788 liberatio.
1289 4755 1316 4782 «
1353 4732 1418 4788 In
1452 4734 1811 4791 carceribus.
1861 4755 1889 4790 ι
1938 4737 2002 4792 Id

2112 4730 2315 4807 ἀγῶνα.
2376 4755 2405 4783 ‹‹
2444 4731 2531 4788 Ἐν
2589 4729 3028 4791 ἀκαταστασίαις.
3073 4754 3101 4782 ››
3158 4730 3323 4787 *Οταν
3383 4726 3768 4800 ἐλαυνόμενος,

352 4825 530 4879 etiam
559 4823 751 4879 solum
776 4822 971 4891 fuerit,
997 4822 1318 4880 molestum
1342 4823 1521 4880 nimis
1562 4831 1651 4882 est
1681 4844 1694 4881 :
1728 4843 1863 4883 cum
1896 4844 2004 4884 au-

353 4920 470 4969 tem
505 4913 684 4968 simul
716 4913 917 4970 omnia
943 4919 1330 4981 concurrunt,
1389 4914 1519 4970 vide
1575 4922 1866 4988 quantum
1929 4918 2006 4973 sit

352 5007 714 5058 certamen.«
729 5002 795 5057 in
812 5001 1197 5059 instabilitate
1216 5020 1229 5057 :
1248 5003 1444 5060 »642
1459 5005 1697 5076 quando
1745 5006 2002 5078 exagita-

351 5091 1186 5163 tusnonhabebatubipedem
1204 5093 1426 5164 ﬁgeret.
1450 5115 1476 5146 ι
1503 5095 1568 5149 In
1608 5093 1935 5152 laboribus.
1972 5118 2000 5146 »

349 5185 487 5249 Qum
522 5183 811 5238 hactenus
868 5183 1027 5238 dicta
1066 5188 1225 5250 sunt,
1263 5183 1334 5239 ab
1376 5184 1638 5239 inimicis
1696 5186 1756 5240 in
1804 5186 2001 5258 ipsum

350 5273 578 5327 invecta
600 5277 737 5328 sunt
767 5288 780 5325 :
813 5277 1250 5342 consequenter
1274 5289 1343 5327 eo
1376 5289 1613 5343 quoque
1669 5273 1813 5329 dicit
1870 5291 2001 5346 qum

347 5362 588 5416 sibimet
617 5362 743 5431 ipso
776 5359 1089 5426 inferebat,
1124 5362 1291 5433 quasi
1323 5379 1445 5417 non
1478 5362 1582 5416 illa
1604 5363 1999 5420 suffecissent,

351 5450 602 5505 Labores
633 5455 830 5503 autem
862 5448 1025 5517 dicit,
1058 5454 1117 5505 et
1146 5451 1305 5522 quod
1334 5452 1612 5509 manibus
1645 5452 1771 5524 ipse
1798 5471 2003 5525 opera-

350 5544 533 5605 retur,
566 5543 626 5591 et
655 5537 1027 5608 fatigationes
1059 5555 1206 5608 quas
1237 5545 1483 5610 propter
1511 5540 2000 5611 praedicationem

352 5625 608 5682 subibat.
676 5647 701 5679 ιι
766 5626 831 5681 In
891 5625 1252 5683 sinceritate.
1312 5650 1341 5678 »
1402 5629 1751 5687 Sinceritate
1834 5639 2002 5690 vocat

425 5796 471 5834 ⁸⁷
503 5798 702 5852 Matth.
737 5817 832 5867 γει,
872 5803 956 5855 16.

2115 4819 2241 4876 οὐδὲ
2270 4820 2407 4876 ὅπου
2449 4823 2551 4894 στῇ
2584 4820 2754 4895 εἶχεν.
2797 4843 2826 4871 (ι
2861 4820 2946 4875 Ἑν
3002 4817 3214 4882 κόποις.
3255 4841 3276 4869 ι
3339 4817 3421 4875 Τὰ
3482 4817 3578 4890 μὲν
3612 4816 3766 4894 είρη-

2116 4913 2250 4986 μένα
2275 4915 2421 4986 παρᾶ
2450 4915 2557 4966 τῶν
2588 4909 2874 4985 πολεμίων
2910 4909 3144 4985 ἐπηγέτο
3204 4908 3376 4980 αὐτῷ.
3439 4907 3643 4963 Λοιπὸν
3673 4908 3764 4962 καὶ

2109 5002 2180 5059 τά
2206 5003 2334 5078 παρ’
2391 5002 2582 5057 ἑαυτοῦ
2640 4999 3007 5078 εἰσενεχθέντα
3065 4999 3234 5074 λέγει,
3267 4998 3344 5061 ὠς
3405 4999 3483 5071 μὴ
3542 4997 3764 5073 ἀρκούν-

2108 5114 2217 5149 των
2248 5091 2489 5148 ὲκείνων.
2522 5091 2739 5155 Κόττους
2780 5089 2839 5148 δέ
2892 5112 3042 5166 φησι,
3079 5089 3166 5146 καὶ
3227 5090 3324 5150 τὰς
3372 5086 3433 5144 ἐκ
3490 5093 3597 5143 τῶν
3628 5106 3757 5160 χει-

2111 5184 2219 5257 ρῶν
2248 5181 2525 5257 ἐργασίας,
2583 5182 2798 5242 καὶτὰς
2855 5178 2945 5235 διὰ
3007 5181 3071 5235 τὸ
3127 5180 3393 5257 κηρυγμα
3451 5169 3758 5251 συντριϐεὶς.

2111 5298 2139 5325 α
2170 5273 2257 5330 Ἐν
2277 5273 2556 5348 ἁγνότητι,
2583 5295 2610 5324 »ι
2638 5269 2944 5347 Ἀγνότητά
2966 5291 3149 5349 φησιν,
3172 5271 3273 5341 τήν
3299 5288 3358 5324 τε
3380 5266 3765 5346 σωφροσύνην,

2108 5362 2198 5419 καὶ
2229 5361 2291 5419 τὸ
2324 5359 2595 5418 ἀδάπανον
2622 5359 2980 5438 Εύαγγὲλιον,
3012 5360 3104 5415 καὶ
3134 5358 3196 5414 τὸ
3225 5357 3278 5415 ἐν
3313 5359 3480 5415 ἅπασι
3502 5358 3762 5431 καθαρόν.

2116 5474 2137 5502 ι
2170 5455 2260 5509 Ἐν
2289 5452 2487 5528 γνώσει
2540 5449 2617 5509 δὲ.
2667 5475 2695 5503 ››
2734 5453 2824 5506 ’Ev
2855 5449 3017 5527 σοφίᾳ
3044 5450 3202 5519 Θεοῦ,
3233 5452 3303 5524 τῇ
3336 5445 3507 5509 ὅντως
3535 5444 3767 5519 γνώσει,

2110 5543 2171 5597 ού
2202 5542 2441 5616 καθάπερ
2468 5542 2519 5595 oi
2577 5537 3037 5615 ψευδαπόστολοι,
3096 5543 3164 5612 τῇ
3222 5536 3535 5613 ἀνθρωπίνῃ
3598 5533 3766 5612 σοτρίᾳ

2106 5633 2498 5707 κομπάζοντες.
2531 5664 2599 5675 -
2620 5629 2797 5687 Ἀλλο
2820 5631 3164 5706 [ΘΕΟΔΩΑ.]
3185 5631 3300 5687 Ἵνα
3330 5627 3483 5702 εἴπῃ,
3513 5624 3613 5684 Καὶ
3637 5624 3766 5699 περὶ
