  <div class='ocr_page' id='page_1' title='image "/cluster/home/n/w/nwhite01/storage/ocr_20150623/118:no.1/coo.31924054870229/508.png"; bbox 0 0 4080 6374; ppageno 0'>
   <div class='ocr_carea' id='block_1_1' title="bbox 345 498 464 562">
    <p class='ocr_par' dir='ltr' id='par_1_1' title="bbox 345 498 464 562">
     <span class='ocr_line' id='line_1_1' title="bbox 345 498 464 562; baseline -0.025 -1"><span class='ocrx_word' id='word_1_1' title='bbox 345 498 464 562; x_wconf 69' lang='grc'>935</span> 
     </span>
    </p>
   </div>
   <div class='ocr_carea' id='block_1_2' title="bbox 348 612 1622 705">
    <p class='ocr_par' dir='ltr' id='par_1_2' title="bbox 348 612 1622 705">
     <span class='ocr_line' id='line_1_2' title="bbox 348 612 1622 705; baseline -0.019 -17"><span class='ocrx_word' id='word_1_2' title='bbox 348 628 477 693; x_wconf 74' lang='grc' dir='ltr'>τοὺς</span> <span class='ocrx_word' id='word_1_3' title='bbox 507 624 824 705; x_wconf 75' lang='grc' dir='ltr'>γνωρίμους</span> <span class='ocrx_word' id='word_1_4' title='bbox 852 622 945 679; x_wconf 81' lang='grc' dir='ltr'>καὶ</span> <span class='ocrx_word' id='word_1_5' title='bbox 974 619 1099 696; x_wconf 84' lang='grc' dir='ltr'>περὶ</span> <span class='ocrx_word' id='word_1_6' title='bbox 1130 615 1259 682; x_wconf 74' lang='grc' dir='ltr'>τοὺς</span> <span class='ocrx_word' id='word_1_7' title='bbox 1307 612 1622 689; x_wconf 80' lang='grc' dir='ltr'>ἀγνώστους</span> 
     </span>
    </p>
   </div>
   <div class='ocr_carea' id='block_1_3' title="bbox 355 693 2013 790">
    <p class='ocr_par' dir='ltr' id='par_1_3' title="bbox 355 693 2013 790">
     <span class='ocr_line' id='line_1_3' title="bbox 355 693 2013 790; baseline -0.018 -12"><span class='ocrx_word' id='word_1_8' title='bbox 355 741 443 783; x_wconf 90' lang='grc' dir='ltr'>τες</span> <span class='ocrx_word' id='word_1_9' title='bbox 505 693 646 775; x_wconf 63' lang='grc' dir='ltr'>εἶναι</span> <span class='ocrx_word' id='word_1_10' title='bbox 687 693 1056 790; x_wconf 47' lang='grc' dir='ltr'>’μακρόθυμοι</span> <span class='ocrx_word' id='word_1_11' title='bbox 1106 706 1194 763; x_wconf 72' lang='grc' dir='ltr'>καὶ</span> <span class='ocrx_word' id='word_1_12' title='bbox 1261 701 1519 781; x_wconf 83' lang='grc' dir='ltr'>χρηστοί.</span> <span class='ocrx_word' id='word_1_13' title='bbox 1572 700 1650 757; x_wconf 89' lang='grc' dir='ltr'>Τὸ</span> <span class='ocrx_word' id='word_1_14' title='bbox 1705 699 1810 775; x_wconf 76' lang='grc' dir='ltr'>γάρ</span> <span class='ocrx_word' id='word_1_15' title='bbox 1852 693 2013 772; x_wconf 82' lang='grc' dir='ltr'>ἀγνό-</span> 
     </span>
    </p>
   </div>
   <div class='ocr_carea' id='block_1_4' title="bbox 355 785 2016 884">
    <p class='ocr_par' dir='ltr' id='par_1_4' title="bbox 355 785 2016 884">
     <span class='ocr_line' id='line_1_4' title="bbox 355 785 2016 884; baseline -0.016 -18"><span class='ocrx_word' id='word_1_16' title='bbox 355 831 506 881; x_wconf 86' lang='grc' dir='ltr'>τητι,</span> <span class='ocrx_word' id='word_1_17' title='bbox 533 785 726 884; x_wconf 68' lang='grc' dir='ltr'>ἄγνοια</span> <span class='ocrx_word' id='word_1_18' title='bbox 757 785 924 880; x_wconf 69' lang='grc' dir='ltr'>λέγει,</span> <span class='ocrx_word' id='word_1_19' title='bbox 959 798 1088 856; x_wconf 77' lang='grc' dir='ltr'>ούχὶ</span> <span class='ocrx_word' id='word_1_20' title='bbox 1120 795 1326 873; x_wconf 77' lang='grc' dir='ltr'>ἁγνείᾳ.</span> <span class='ocrx_word' id='word_1_21' title='bbox 1360 825 1429 835; x_wconf 93' lang='lat'>—</span> <span class='ocrx_word' id='word_1_22' title='bbox 1453 788 1662 847; x_wconf 88' lang='grc' dir='ltr'>”Αλλο.</span> <span class='ocrx_word' id='word_1_23' title='bbox 1711 785 2016 862; x_wconf 81' lang='grc' dir='ltr'>Ἀγνότητα</span> 
     </span>
    </p>
   </div>
   <div class='ocr_carea' id='block_1_5' title="bbox 360 876 2016 979">
    <p class='ocr_par' dir='ltr' id='par_1_5' title="bbox 360 876 2016 979">
     <span class='ocr_line' id='line_1_5' title="bbox 360 876 2016 979; baseline -0.017 -21"><span class='ocrx_word' id='word_1_24' title='bbox 360 876 533 979; x_wconf 66' lang='grc' dir='ltr'>λέγει,</span> <span class='ocrx_word' id='word_1_25' title='bbox 692 876 801 951; x_wconf 83' lang='grc' dir='ltr'>τῶν</span> <span class='ocrx_word' id='word_1_26' title='bbox 831 876 1138 969; x_wconf 78' lang='grc' dir='ltr'>χρημάτων</span> <span class='ocrx_word' id='word_1_27' title='bbox 1174 885 1494 961; x_wconf 75' lang='grc' dir='ltr'>ὑπεροψίαν.</span> <span class='ocrx_word' id='word_1_28' title='bbox 1565 876 1707 939; x_wconf 79' lang='grc' dir='ltr'>Οὐδὲ</span> <span class='ocrx_word' id='word_1_29' title='bbox 1759 878 1862 954; x_wconf 72' lang='grc' dir='ltr'>γάρ</span> <span class='ocrx_word' id='word_1_30' title='bbox 1919 876 2016 938; x_wconf 87' lang='grc' dir='ltr'>τὰς</span> 
     </span>
    </p>
   </div>
   <div class='ocr_carea' id='block_1_6' title="bbox 364 961 2015 1066">
    <p class='ocr_par' dir='ltr' id='par_1_6' title="bbox 364 961 2015 1066">
     <span class='ocr_line' id='line_1_6' title="bbox 364 961 2015 1066; baseline -0.017 -19"><span class='ocrx_word' id='word_1_31' title='bbox 364 961 652 1064; x_wconf 65' lang='grc' dir='ltr'>ἀναγκαίας</span> <span class='ocrx_word' id='word_1_32' title='bbox 693 961 886 1066; x_wconf 64' lang='grc' dir='ltr'>χρείας</span> <span class='ocrx_word' id='word_1_33' title='bbox 913 961 1059 1055; x_wconf 69' lang='grc' dir='ltr'>παρά</span> <span class='ocrx_word' id='word_1_34' title='bbox 1090 974 1391 1053; x_wconf 77' lang='grc' dir='ltr'>Κορινθίων</span> <span class='ocrx_word' id='word_1_35' title='bbox 1422 969 1657 1042; x_wconf 68' lang='grc' dir='ltr'>ἐδέξατο.</span> <span class='ocrx_word' id='word_1_36' title='bbox 1705 971 1908 1023; x_wconf 83' lang='grc' dir='ltr'>Γνῶσιν</span> <span class='ocrx_word' id='word_1_37' title='bbox 1938 961 2015 1034; x_wconf 73' lang='grc' dir='ltr'>δὲ,</span> 
     </span>
    </p>
   </div>
   <div class='ocr_carea' id='block_1_7' title="bbox 363 1051 2017 1151">
    <p class='ocr_par' dir='ltr' id='par_1_7' title="bbox 363 1051 2017 1151">
     <span class='ocr_line' id='line_1_7' title="bbox 363 1051 2017 1151; baseline -0.016 -16"><span class='ocrx_word' id='word_1_38' title='bbox 363 1081 438 1143; x_wconf 81' lang='grc' dir='ltr'>ὡς</span> <span class='ocrx_word' id='word_1_39' title='bbox 464 1051 650 1151; x_wconf 74' lang='grc' dir='ltr'>οἶμαι,</span> <span class='ocrx_word' id='word_1_40' title='bbox 812 1051 1186 1127; x_wconf 74' lang='grc' dir='ltr'>διδασκαλίαν.</span> <span class='ocrx_word' id='word_1_41' title='bbox 1219 1089 1247 1118; x_wconf 86' lang='grc' dir='ltr'><strong>κ</strong></span> <span class='ocrx_word' id='word_1_42' title='bbox 1269 1067 1356 1120; x_wconf 81' lang='grc' dir='ltr'>Ἐν</span> <span class='ocrx_word' id='word_1_43' title='bbox 1390 1058 1758 1137; x_wconf 80' lang='grc' dir='ltr'>μακροθυμίᾳ.</span> <span class='ocrx_word' id='word_1_44' title='bbox 1792 1079 1820 1108; x_wconf 90' lang='grc'><strong>››</strong></span> <span class='ocrx_word' id='word_1_45' title='bbox 1855 1051 2017 1111; x_wconf 86' lang='grc' dir='ltr'>Ἀδα-</span> 
     </span>
    </p>
   </div>
   <div class='ocr_carea' id='block_1_8' title="bbox 368 1145 2015 1247">
    <p class='ocr_par' dir='ltr' id='par_1_8' title="bbox 368 1145 2015 1247">
     <span class='ocr_line' id='line_1_8' title="bbox 368 1145 2015 1247; baseline -0.018 -21"><span class='ocrx_word' id='word_1_46' title='bbox 368 1145 624 1247; x_wconf 76' lang='grc' dir='ltr'>μαντίνης</span> <span class='ocrx_word' id='word_1_47' title='bbox 658 1162 829 1220; x_wconf 88' lang='grc' dir='ltr'>δεῖται</span> <span class='ocrx_word' id='word_1_48' title='bbox 859 1165 1072 1236; x_wconf 77' lang='grc' dir='ltr'>ψυχῆς,</span> <span class='ocrx_word' id='word_1_49' title='bbox 1112 1158 1175 1214; x_wconf 83' lang='grc' dir='ltr'>τὸ</span> <span class='ocrx_word' id='word_1_50' title='bbox 1231 1153 1492 1217; x_wconf 79' lang='grc' dir='ltr'>πάντοθεν</span> <span class='ocrx_word' id='word_1_51' title='bbox 1553 1147 1875 1222; x_wconf 84' lang='grc' dir='ltr'>νυσσόμενον</span> <span class='ocrx_word' id='word_1_52' title='bbox 1939 1145 2015 1218; x_wconf 82' lang='grc' dir='ltr'>μή</span> 
     </span>
    </p>
   </div>
   <div class='ocr_carea' id='block_1_9' title="bbox 366 1229 2017 1336">
    <p class='ocr_par' dir='ltr' id='par_1_9' title="bbox 366 1229 2017 1336">
     <span class='ocr_line' id='line_1_9' title="bbox 366 1229 2017 1336; baseline -0.019 -19"><span class='ocrx_word' id='word_1_53' title='bbox 366 1229 533 1336; x_wconf 76' lang='grc' dir='ltr'>μόνον</span> <span class='ocrx_word' id='word_1_54' title='bbox 570 1229 980 1331; x_wconf 67' lang='grc' dir='ltr'>μακροθυμεῖςῖ</span> <span class='ocrx_word' id='word_1_55' title='bbox 1003 1229 1151 1305; x_wconf 70' lang='grc' dir='ltr'>ἄλλα</span> <span class='ocrx_word' id='word_1_56' title='bbox 1176 1244 1268 1302; x_wconf 82' lang='grc' dir='ltr'>καὶ</span> <span class='ocrx_word' id='word_1_57' title='bbox 1316 1239 1734 1319; x_wconf 84' lang='grc' dir='ltr'>χρηστεύεσθαι.</span> <span class='ocrx_word' id='word_1_58' title='bbox 1768 1260 1796 1289; x_wconf 73' lang='grc' dir='ltr'>ιι</span> <span class='ocrx_word' id='word_1_59' title='bbox 1825 1229 2017 1310; x_wconf 78' lang='grc' dir='ltr'>Ὑϐρι-</span> 
     </span>
    </p>
   </div>
   <div class='ocr_carea' id='block_1_10' title="bbox 366 1324 2020 1424">
    <p class='ocr_par' dir='ltr' id='par_1_10' title="bbox 366 1324 2020 1424">
     <span class='ocr_line' id='line_1_10' title="bbox 366 1324 2020 1424; baseline -0.018 -18"><span class='ocrx_word' id='word_1_60' title='bbox 366 1324 584 1424; x_wconf 63' lang='grc' dir='ltr'>ξόμενοι</span> <span class='ocrx_word' id='word_1_61' title='bbox 618 1324 749 1421; x_wconf 74' lang='grc' dir='ltr'>γάρ,</span> <span class='ocrx_word' id='word_1_62' title='bbox 779 1324 967 1421; x_wconf 76' lang='grc' dir='ltr'>φησὶν,</span> <span class='ocrx_word' id='word_1_63' title='bbox 1000 1335 1360 1413; x_wconf 69' lang='grc' dir='ltr'>εὐλογοῦμεν.</span> <span class='ocrx_word' id='word_1_64' title='bbox 1394 1355 1423 1385; x_wconf 87' lang='grc'><strong>››</strong></span> <span class='ocrx_word' id='word_1_65' title='bbox 1454 1362 1526 1374; x_wconf 91' lang='grc'><strong>-</strong></span> <span class='ocrx_word' id='word_1_66' title='bbox 1556 1352 1584 1381; x_wconf 86' lang='grc'>‹‹</span> <span class='ocrx_word' id='word_1_67' title='bbox 1627 1327 1716 1384; x_wconf 86' lang='grc' dir='ltr'>Ἐν</span> <span class='ocrx_word' id='word_1_68' title='bbox 1744 1324 2020 1400; x_wconf 76' lang='grc' dir='ltr'>Πνεύματι</span> 
     </span>
    </p>
   </div>
   <div class='ocr_carea' id='block_1_11' title="bbox 362 1415 2021 1515">
    <p class='ocr_par' dir='ltr' id='par_1_11' title="bbox 362 1415 2021 1515">
     <span class='ocr_line' id='line_1_11' title="bbox 362 1415 2021 1515; baseline -0.016 -20"><span class='ocrx_word' id='word_1_69' title='bbox 362 1415 526 1515; x_wconf 73' lang='grc' dir='ltr'>άγίῳ.</span> <span class='ocrx_word' id='word_1_70' title='bbox 562 1460 591 1488; x_wconf 80' lang='lat'>»</span> <span class='ocrx_word' id='word_1_71' title='bbox 633 1415 803 1491; x_wconf 39' lang='lat' dir='ltr'>&#39;Eim&#39;</span> <span class='ocrx_word' id='word_1_72' title='bbox 844 1428 1077 1485; x_wconf 77' lang='grc' dir='ltr'>δείκνυσι</span> <span class='ocrx_word' id='word_1_73' title='bbox 1136 1424 1298 1483; x_wconf 79' lang='grc' dir='ltr'>πόθεν</span> <span class='ocrx_word' id='word_1_74' title='bbox 1353 1424 1602 1483; x_wconf 75' lang='grc' dir='ltr'>τοιοῦτος</span> <span class='ocrx_word' id='word_1_75' title='bbox 1648 1419 1895 1496; x_wconf 69' lang='grc' dir='ltr'>γὲγονεν.</span> <span class='ocrx_word' id='word_1_76' title='bbox 1932 1415 2021 1470; x_wconf 85' lang='grc' dir='ltr'>Ἐν</span> 
     </span>
    </p>
   </div>
   <div class='ocr_carea' id='block_1_12' title="bbox 364 1502 2023 1601">
    <p class='ocr_par' dir='ltr' id='par_1_12' title="bbox 364 1502 2023 1601">
     <span class='ocr_line' id='line_1_12' title="bbox 364 1502 2023 1601; baseline -0.016 -17"><span class='ocrx_word' id='word_1_77' title='bbox 364 1526 662 1600; x_wconf 84' lang='grc' dir='ltr'>Πνεύματι,</span> <span class='ocrx_word' id='word_1_78' title='bbox 721 1520 914 1601; x_wconf 73' lang='grc' dir='ltr'>φησὶν,</span> <span class='ocrx_word' id='word_1_79' title='bbox 973 1516 1120 1580; x_wconf 82' lang='grc' dir='ltr'>ὄντες</span> <span class='ocrx_word' id='word_1_80' title='bbox 1180 1508 1585 1584; x_wconf 76' lang='grc' dir='ltr'>διετελέσαμεν.</span> <span class='ocrx_word' id='word_1_81' title='bbox 1643 1507 1782 1566; x_wconf 84' lang='grc' dir='ltr'>Τότε</span> <span class='ocrx_word' id='word_1_82' title='bbox 1839 1502 1896 1560; x_wconf 73' lang='grc' dir='ltr'>δὲ</span> <span class='ocrx_word' id='word_1_83' title='bbox 1922 1504 2023 1573; x_wconf 71' lang='grc' dir='ltr'>τὴν</span> 
     </span>
    </p>
   </div>
   <div class='ocr_carea' id='block_1_13' title="bbox 363 1595 2021 1687">
    <p class='ocr_par' dir='ltr' id='par_1_13' title="bbox 363 1595 2021 1687">
     <span class='ocr_line' id='line_1_13' title="bbox 363 1595 2021 1687; baseline -0.015 -15"><span class='ocrx_word' id='word_1_84' title='bbox 363 1620 461 1673; x_wconf 76' lang='grc' dir='ltr'>τοῦ</span> <span class='ocrx_word' id='word_1_85' title='bbox 494 1615 804 1687; x_wconf 84' lang='grc' dir='ltr'>ῐῐνεύματος</span> <span class='ocrx_word' id='word_1_86' title='bbox 831 1610 1039 1665; x_wconf 66' lang='grc' dir='ltr'>τέθεικε</span> <span class='ocrx_word' id='word_1_87' title='bbox 1093 1606 1370 1683; x_wconf 71' lang='grc' dir='ltr'>βοήθειαν,</span> <span class='ocrx_word' id='word_1_88' title='bbox 1430 1600 1556 1656; x_wconf 75' lang='grc' dir='ltr'>ὅταν</span> <span class='ocrx_word' id='word_1_89' title='bbox 1603 1598 1669 1652; x_wconf 81' lang='grc' dir='ltr'>τὰ</span> <span class='ocrx_word' id='word_1_90' title='bbox 1720 1595 1847 1671; x_wconf 82' lang='grc' dir='ltr'>παρ’</span> <span class='ocrx_word' id='word_1_91' title='bbox 1900 1595 2021 1649; x_wconf 61' lang='lat' dir='ltr'>tau-</span> 
     </span>
    </p>
   </div>
   <div class='ocr_carea' id='block_1_14' title="bbox 365 1687 2023 1778">
    <p class='ocr_par' dir='ltr' id='par_1_14' title="bbox 365 1687 2023 1778">
     <span class='ocr_line' id='line_1_14' title="bbox 365 1687 2023 1778; baseline -0.015 -15"><span class='ocrx_word' id='word_1_92' title='bbox 365 1710 465 1763; x_wconf 73' lang='grc' dir='ltr'>τοῦ</span> <span class='ocrx_word' id='word_1_93' title='bbox 495 1705 922 1778; x_wconf 72' lang='grc' dir='ltr'>συνεισήνεγκεν.</span> <span class='ocrx_word' id='word_1_94' title='bbox 965 1726 992 1753; x_wconf 72' lang='grc' dir='ltr'>ι</span> <span class='ocrx_word' id='word_1_95' title='bbox 1029 1697 1118 1753; x_wconf 84' lang='grc' dir='ltr'>Ἑν</span> <span class='ocrx_word' id='word_1_96' title='bbox 1152 1692 1336 1771; x_wconf 74' lang='grc' dir='ltr'>ἀγάπῃ</span> <span class='ocrx_word' id='word_1_97' title='bbox 1378 1688 1749 1764; x_wconf 78' lang='grc' dir='ltr'>ἀνυποκρίτῳ.</span> <span class='ocrx_word' id='word_1_98' title='bbox 1787 1710 1812 1735; x_wconf 77' lang='grc' dir='ltr'>η</span> <span class='ocrx_word' id='word_1_99' title='bbox 1843 1687 2023 1742; x_wconf 72' lang='grc' dir='ltr'>Τοῦτο</span> 
     </span>
    </p>
   </div>
   <div class='ocr_carea' id='block_1_15' title="bbox 371 1771 2023 1863">
    <p class='ocr_par' dir='ltr' id='par_1_15' title="bbox 371 1771 2023 1863">
     <span class='ocr_line' id='line_1_15' title="bbox 371 1771 2023 1863; baseline -0.016 -11"><span class='ocrx_word' id='word_1_100' title='bbox 371 1796 434 1851; x_wconf 83' lang='grc' dir='ltr'>τὸ</span> <span class='ocrx_word' id='word_1_101' title='bbox 460 1794 670 1850; x_wconf 79' lang='grc' dir='ltr'>πάντων</span> <span class='ocrx_word' id='word_1_102' title='bbox 702 1787 879 1847; x_wconf 86' lang='grc' dir='ltr'>α”τιον</span> <span class='ocrx_word' id='word_1_103' title='bbox 916 1791 1028 1843; x_wconf 89' lang='grc' dir='ltr'>τῶν</span> <span class='ocrx_word' id='word_1_104' title='bbox 1060 1785 1304 1863; x_wconf 86' lang='grc' dir='ltr'>ἀγαθῶν.</span> <span class='ocrx_word' id='word_1_105' title='bbox 1347 1783 1526 1839; x_wconf 80' lang='grc' dir='ltr'>Τοῦτο</span> <span class='ocrx_word' id='word_1_106' title='bbox 1581 1780 1832 1832; x_wconf 77' lang='grc' dir='ltr'>τοιοῦτον</span> <span class='ocrx_word' id='word_1_107' title='bbox 1861 1771 2023 1829; x_wconf 65' lang='grc' dir='ltr'>αὐτὸν</span> 
     </span>
    </p>
   </div>
   <div class='ocr_carea' id='block_1_16' title="bbox 372 1863 2024 1961">
    <p class='ocr_par' dir='ltr' id='par_1_16' title="bbox 372 1863 2024 1961">
     <span class='ocr_line' id='line_1_16' title="bbox 372 1863 2024 1961; baseline -0.017 -19"><span class='ocrx_word' id='word_1_108' title='bbox 372 1883 675 1961; x_wconf 70' lang='grc' dir='ltr'>εἰργάσατο,</span> <span class='ocrx_word' id='word_1_109' title='bbox 727 1884 892 1936; x_wconf 69' lang='grc' dir='ltr'>τοῦτο</span> <span class='ocrx_word' id='word_1_110' title='bbox 940 1877 1004 1933; x_wconf 87' lang='grc' dir='ltr'>τὸ</span> <span class='ocrx_word' id='word_1_111' title='bbox 1063 1877 1278 1948; x_wconf 75' lang='grc' dir='ltr'>ιΙνείἱμα</span> <span class='ocrx_word' id='word_1_112' title='bbox 1339 1867 1518 1945; x_wconf 81' lang='grc' dir='ltr'>μένειν</span> <span class='ocrx_word' id='word_1_113' title='bbox 1561 1866 1831 1938; x_wconf 75' lang='grc' dir='ltr'>ἐποίησεν.</span> <span class='ocrx_word' id='word_1_114' title='bbox 1873 1885 1898 1917; x_wconf 79' lang='grc' dir='ltr'>ιι</span> <span class='ocrx_word' id='word_1_115' title='bbox 1935 1863 2024 1920; x_wconf 86' lang='grc' dir='ltr'>Ἐν</span> 
     </span>
    </p>
   </div>
   <div class='ocr_carea' id='block_1_17' title="bbox 371 1950 2107 2053">
    <p class='ocr_par' dir='ltr' id='par_1_17' title="bbox 371 1950 2107 2053">
     <span class='ocr_line' id='line_1_17' title="bbox 371 1950 2107 2053; baseline -0.017 -20"><span class='ocrx_word' id='word_1_116' title='bbox 371 1950 525 2053; x_wconf 67' lang='grc' dir='ltr'>λόγῳ</span> <span class='ocrx_word' id='word_1_117' title='bbox 549 1970 830 2043; x_wconf 73' lang='grc' dir='ltr'>ἀληθείας.</span> <span class='ocrx_word' id='word_1_118' title='bbox 868 1995 895 2019; x_wconf 87' lang='lat'><em>»</em></span> <span class='ocrx_word' id='word_1_119' title='bbox 923 1969 1098 2041; x_wconf 77' lang='grc' dir='ltr'>’Όπερ</span> <span class='ocrx_word' id='word_1_120' title='bbox 1127 1963 1384 2053; x_wconf 77' lang='grc' dir='ltr'>ἀλλαχοῦ</span> <span class='ocrx_word' id='word_1_121' title='bbox 1416 1980 1603 2053; x_wconf 73' lang='grc' dir='ltr'>φησιν,</span> <span class='ocrx_word' id='word_1_122' title='bbox 1628 1983 1655 2008; x_wconf 83' lang='lat' dir='ltr'><strong><em>u</em></strong></span> <span class='ocrx_word' id='word_1_123' title='bbox 1691 1954 1767 2014; x_wconf 85' lang='grc' dir='ltr'>Ού</span> <span class='ocrx_word' id='word_1_124' title='bbox 1795 1950 2025 2053; x_wconf 73' lang='grc' dir='ltr'>δολοῦν-</span> <span class='ocrx_word' id='word_1_125' title='bbox 2060 1973 2107 2037; x_wconf 80' lang='grc' dir='ltr'><strong>Β</strong></span> 
     </span>
    </p>
   </div>
   <div class='ocr_carea' id='block_1_18' title="bbox 373 2042 2028 2136">
    <p class='ocr_par' dir='ltr' id='par_1_18' title="bbox 373 2042 2028 2136">
     <span class='ocr_line' id='line_1_18' title="bbox 373 2042 2028 2136; baseline -0.014 -16"><span class='ocrx_word' id='word_1_126' title='bbox 373 2085 461 2126; x_wconf 87' lang='grc' dir='ltr'>τες</span> <span class='ocrx_word' id='word_1_127' title='bbox 489 2063 578 2119; x_wconf 84' lang='grc' dir='ltr'>τὸν</span> <span class='ocrx_word' id='word_1_128' title='bbox 618 2059 785 2136; x_wconf 80' lang='grc' dir='ltr'>λόγον</span> <span class='ocrx_word' id='word_1_129' title='bbox 817 2062 919 2114; x_wconf 78' lang='grc' dir='ltr'>τοῦ</span> <span class='ocrx_word' id='word_1_130' title='bbox 952 2059 1108 2112; x_wconf 78' lang='grc' dir='ltr'>Θεοῦ.</span> <span class='ocrx_word' id='word_1_131' title='bbox 1145 2077 1173 2104; x_wconf 72' lang='grc' dir='ltr'>ι»</span> <span class='ocrx_word' id='word_1_132' title='bbox 1225 2051 1359 2108; x_wconf 71' lang='grc' dir='ltr'>Εἶτα</span> <span class='ocrx_word' id='word_1_133' title='bbox 1411 2049 1527 2115; x_wconf 85' lang='grc' dir='ltr'>καὶ,</span> <span class='ocrx_word' id='word_1_134' title='bbox 1562 2072 1591 2101; x_wconf 85' lang='grc' dir='ltr'>ι(</span> <span class='ocrx_word' id='word_1_135' title='bbox 1645 2047 1734 2103; x_wconf 81' lang='grc' dir='ltr'>Ἐν</span> <span class='ocrx_word' id='word_1_136' title='bbox 1800 2042 2028 2114; x_wconf 78' lang='grc' dir='ltr'>δυνάμει</span> 
     </span>
    </p>
   </div>
   <div class='ocr_carea' id='block_1_19' title="bbox 373 2132 2030 2223">
    <p class='ocr_par' dir='ltr' id='par_1_19' title="bbox 373 2132 2030 2223">
     <span class='ocr_line' id='line_1_19' title="bbox 373 2132 2030 2223; baseline -0.015 -12"><span class='ocrx_word' id='word_1_137' title='bbox 373 2157 531 2223; x_wconf 77' lang='grc' dir='ltr'>Θεοῦ,</span> <span class='ocrx_word' id='word_1_138' title='bbox 588 2175 611 2205; x_wconf 74' lang='grc' dir='ltr'>ι</span> <span class='ocrx_word' id='word_1_139' title='bbox 673 2148 744 2206; x_wconf 88' lang='grc' dir='ltr'>δι’</span> <span class='ocrx_word' id='word_1_140' title='bbox 793 2149 884 2219; x_wconf 85' lang='grc' dir='ltr'>ἧς,</span> <span class='ocrx_word' id='word_1_141' title='bbox 940 2145 1098 2223; x_wconf 68' lang='grc' dir='ltr'>φησὶ,</span> <span class='ocrx_word' id='word_1_142' title='bbox 1155 2142 1327 2199; x_wconf 84' lang='grc' dir='ltr'>πάντα</span> <span class='ocrx_word' id='word_1_143' title='bbox 1410 2138 1799 2214; x_wconf 79' lang='grc' dir='ltr'>πεπράχαμεν·</span> <span class='ocrx_word' id='word_1_144' title='bbox 1859 2132 2030 2187; x_wconf 87' lang='grc' dir='ltr'>πάντα</span> 
     </span>
    </p>
   </div>
   <div class='ocr_carea' id='block_1_20' title="bbox 369 2221 2032 2321">
    <p class='ocr_par' dir='ltr' id='par_1_20' title="bbox 369 2221 2032 2321">
     <span class='ocr_line' id='line_1_20' title="bbox 369 2221 2032 2321; baseline -0.016 -21"><span class='ocrx_word' id='word_1_145' title='bbox 369 2243 472 2321; x_wconf 73' lang='grc' dir='ltr'>γάρ</span> <span class='ocrx_word' id='word_1_146' title='bbox 610 2244 727 2313; x_wconf 84' lang='grc' dir='ltr'>Θεῷ</span> <span class='ocrx_word' id='word_1_147' title='bbox 756 2221 1060 2307; x_wconf 73' lang='grc' dir='ltr'>ἀνατίθησι.</span> <span class='ocrx_word' id='word_1_148' title='bbox 1096 2255 1119 2285; x_wconf 74' lang='grc' dir='ltr'>ι</span> <span class='ocrx_word' id='word_1_149' title='bbox 1153 2232 1252 2290; x_wconf 77' lang='grc' dir='ltr'>Διὰ</span> <span class='ocrx_word' id='word_1_150' title='bbox 1279 2236 1386 2288; x_wconf 88' lang='grc' dir='ltr'>τῶν</span> <span class='ocrx_word' id='word_1_151' title='bbox 1429 2226 1621 2285; x_wconf 75' lang='grc' dir='ltr'>ὃπλων</span> <span class='ocrx_word' id='word_1_152' title='bbox 1667 2231 1769 2295; x_wconf 80' lang='grc' dir='ltr'>τῆς</span> <span class='ocrx_word' id='word_1_153' title='bbox 1826 2221 2032 2278; x_wconf 83' lang='grc' dir='ltr'>δικαιο-</span> 
     </span>
    </p>
   </div>
   <div class='ocr_carea' id='block_1_21' title="bbox 373 2311 2031 2404">
    <p class='ocr_par' dir='ltr' id='par_1_21' title="bbox 373 2311 2031 2404">
     <span class='ocr_line' id='line_1_21' title="bbox 373 2311 2031 2404; baseline -0.014 -16"><span class='ocrx_word' id='word_1_154' title='bbox 373 2311 566 2404; x_wconf 73' lang='grc' dir='ltr'>σύνης,</span> <span class='ocrx_word' id='word_1_155' title='bbox 603 2311 712 2385; x_wconf 86' lang='grc' dir='ltr'>τῶν</span> <span class='ocrx_word' id='word_1_156' title='bbox 744 2326 931 2398; x_wconf 79' lang='grc' dir='ltr'>δεξιῶν</span> <span class='ocrx_word' id='word_1_157' title='bbox 960 2326 1048 2381; x_wconf 81' lang='grc' dir='ltr'>καὶ</span> <span class='ocrx_word' id='word_1_158' title='bbox 1072 2324 1389 2397; x_wconf 81' lang='grc' dir='ltr'>ἀριστερῶν.</span> <span class='ocrx_word' id='word_1_159' title='bbox 1427 2342 1455 2371; x_wconf 88' lang='grc'><strong>››</strong></span> <span class='ocrx_word' id='word_1_160' title='bbox 1501 2317 1566 2374; x_wconf 80' lang='grc' dir='ltr'>Εἰ</span> <span class='ocrx_word' id='word_1_161' title='bbox 1631 2311 1893 2377; x_wconf 70' lang='grc' dir='ltr'>Βούλεσθε</span> <span class='ocrx_word' id='word_1_162' title='bbox 1928 2331 2031 2384; x_wconf 82' lang='grc' dir='ltr'>μα-</span> 
     </span>
    </p>
   </div>
   <div class='ocr_carea' id='block_1_22' title="bbox 375 2400 2032 2501">
    <p class='ocr_par' dir='ltr' id='par_1_22' title="bbox 375 2400 2032 2501">
     <span class='ocr_line' id='line_1_22' title="bbox 375 2400 2032 2501; baseline -0.013 -22"><span class='ocrx_word' id='word_1_163' title='bbox 375 2425 508 2494; x_wconf 83' lang='grc' dir='ltr'>θεῖν,</span> <span class='ocrx_word' id='word_1_164' title='bbox 566 2418 723 2501; x_wconf 75' lang='grc' dir='ltr'>ιρησῖ,</span> <span class='ocrx_word' id='word_1_165' title='bbox 782 2418 943 2472; x_wconf 84' lang='grc' dir='ltr'>πόθεν</span> <span class='ocrx_word' id='word_1_166' title='bbox 993 2419 1165 2470; x_wconf 75' lang='grc' dir='ltr'>ταῦτα</span> <span class='ocrx_word' id='word_1_167' title='bbox 1226 2408 1699 2484; x_wconf 80' lang='grc' dir='ltr'>κατωρθώσαμεν,</span> <span class='ocrx_word' id='word_1_168' title='bbox 1748 2400 2032 2458; x_wconf 82' lang='grc' dir='ltr'>ἀκούσατε.</span> 
     </span>
    </p>
   </div>
   <div class='ocr_carea' id='block_1_23' title="bbox 379 2492 2035 2584">
    <p class='ocr_par' dir='ltr' id='par_1_23' title="bbox 379 2492 2035 2584">
     <span class='ocr_line' id='line_1_23' title="bbox 379 2492 2035 2584; baseline -0.015 -17"><span class='ocrx_word' id='word_1_169' title='bbox 379 2512 475 2568; x_wconf 85' lang='grc' dir='ltr'>Διὰ</span> <span class='ocrx_word' id='word_1_170' title='bbox 503 2513 614 2566; x_wconf 85' lang='grc' dir='ltr'>τῶν</span> <span class='ocrx_word' id='word_1_171' title='bbox 652 2505 866 2578; x_wconf 77' lang='grc' dir='ltr'>ὅπλων,</span> <span class='ocrx_word' id='word_1_172' title='bbox 925 2504 1080 2584; x_wconf 77' lang='grc' dir='ltr'>φησὶ,</span> <span class='ocrx_word' id='word_1_173' title='bbox 1143 2505 1251 2558; x_wconf 87' lang='grc' dir='ltr'>τῶν</span> <span class='ocrx_word' id='word_1_174' title='bbox 1321 2496 1508 2569; x_wconf 81' lang='grc' dir='ltr'>δεξιῶν</span> <span class='ocrx_word' id='word_1_175' title='bbox 1566 2495 1656 2550; x_wconf 86' lang='grc' dir='ltr'>καὶ</span> <span class='ocrx_word' id='word_1_176' title='bbox 1714 2492 2035 2569; x_wconf 81' lang='grc' dir='ltr'>ἀριστερῶν,</span> 
     </span>
    </p>
   </div>
   <div class='ocr_carea' id='block_1_24' title="bbox 380 2576 2036 2661">
    <p class='ocr_par' dir='ltr' id='par_1_24' title="bbox 380 2576 2036 2661">
     <span class='ocr_line' id='line_1_24' title="bbox 380 2576 2036 2661; baseline -0.014 -5"><span class='ocrx_word' id='word_1_177' title='bbox 380 2596 531 2657; x_wconf 78' lang='grc' dir='ltr'>ἅτινα</span> <span class='ocrx_word' id='word_1_178' title='bbox 560 2597 609 2654; x_wconf 83' lang='grc' dir='ltr'>εί</span> <span class='ocrx_word' id='word_1_179' title='bbox 654 2596 743 2653; x_wconf 79' lang='grc' dir='ltr'>καὶ</span> <span class='ocrx_word' id='word_1_180' title='bbox 794 2592 944 2651; x_wconf 81' lang='grc' dir='ltr'>δοκεῖ</span> <span class='ocrx_word' id='word_1_181' title='bbox 999 2595 1141 2648; x_wconf 80' lang='grc' dir='ltr'>εἶναι</span> <span class='ocrx_word' id='word_1_182' title='bbox 1189 2590 1400 2646; x_wconf 75' lang='grc' dir='ltr'>ἐναντία</span> <span class='ocrx_word' id='word_1_183' title='bbox 1450 2586 1587 2661; x_wconf 80' lang='grc' dir='ltr'>πρὸς</span> <span class='ocrx_word' id='word_1_184' title='bbox 1643 2583 1827 2650; x_wconf 71' lang='grc' dir='ltr'>ἑαυτὰ,</span> <span class='ocrx_word' id='word_1_185' title='bbox 1885 2576 2036 2647; x_wconf 76' lang='grc' dir='ltr'>πλὴν</span> 
     </span>
    </p>
   </div>
   <div class='ocr_carea' id='block_1_25' title="bbox 381 2668 2039 2756">
    <p class='ocr_par' dir='ltr' id='par_1_25' title="bbox 381 2668 2039 2756">
     <span class='ocr_line' id='line_1_25' title="bbox 381 2668 2039 2756; baseline -0.014 -9"><span class='ocrx_word' id='word_1_186' title='bbox 381 2689 527 2748; x_wconf 77' lang='grc' dir='ltr'>ὅπλα</span> <span class='ocrx_word' id='word_1_187' title='bbox 557 2685 906 2756; x_wconf 75' lang='grc' dir='ltr'>δικαιοσύνης</span> <span class='ocrx_word' id='word_1_188' title='bbox 937 2681 1058 2740; x_wconf 78' lang='grc' dir='ltr'>εἰσί.</span> <span class='ocrx_word' id='word_1_189' title='bbox 1093 2681 1244 2752; x_wconf 81' lang='grc' dir='ltr'>Δεξιά</span> <span class='ocrx_word' id='word_1_190' title='bbox 1287 2676 1346 2734; x_wconf 81' lang='grc' dir='ltr'>δὶ</span> <span class='ocrx_word' id='word_1_191' title='bbox 1402 2676 1570 2753; x_wconf 69' lang='grc' dir='ltr'>λέγει,</span> <span class='ocrx_word' id='word_1_192' title='bbox 1622 2674 1690 2729; x_wconf 84' lang='grc' dir='ltr'>τὰ</span> <span class='ocrx_word' id='word_1_193' title='bbox 1747 2672 1866 2727; x_wconf 81' lang='grc' dir='ltr'>οῖον</span> <span class='ocrx_word' id='word_1_194' title='bbox 1916 2668 2039 2725; x_wconf 76' lang='grc' dir='ltr'>ἐπι-</span> 
     </span>
    </p>
   </div>
   <div class='ocr_carea' id='block_1_26' title="bbox 384 2758 2040 2851">
    <p class='ocr_par' dir='ltr' id='par_1_26' title="bbox 384 2758 2040 2851">
     <span class='ocr_line' id='line_1_26' title="bbox 384 2758 2040 2851; baseline -0.014 -15"><span class='ocrx_word' id='word_1_195' title='bbox 384 2778 528 2851; x_wconf 78' lang='grc' dir='ltr'>δὲξια</span> <span class='ocrx_word' id='word_1_196' title='bbox 557 2775 844 2845; x_wconf 79' lang='grc' dir='ltr'>δοκοῦντα,</span> <span class='ocrx_word' id='word_1_197' title='bbox 884 2773 1131 2830; x_wconf 78' lang='grc' dir='ltr'>τουτέστι</span> <span class='ocrx_word' id='word_1_198' title='bbox 1185 2771 1282 2833; x_wconf 81' lang='grc' dir='ltr'>τὰς</span> <span class='ocrx_word' id='word_1_199' title='bbox 1323 2767 1468 2844; x_wconf 85' lang='grc' dir='ltr'>παρᾶ</span> <span class='ocrx_word' id='word_1_200' title='bbox 1519 2764 1822 2841; x_wconf 83' lang='grc' dir='ltr'>ἀνθρώπων</span> <span class='ocrx_word' id='word_1_201' title='bbox 1872 2758 2040 2833; x_wconf 81' lang='grc' dir='ltr'>τιμὰς</span> 
     </span>
    </p>
   </div>
   <div class='ocr_carea' id='block_1_27' title="bbox 382 2848 2040 2942">
    <p class='ocr_par' dir='ltr' id='par_1_27' title="bbox 382 2848 2040 2942">
     <span class='ocr_line' id='line_1_27' title="bbox 382 2848 2040 2942; baseline -0.015 -16"><span class='ocrx_word' id='word_1_202' title='bbox 382 2848 470 2927; x_wconf 67' lang='grc' dir='ltr'>καί</span> <span class='ocrx_word' id='word_1_203' title='bbox 505 2865 685 2942; x_wconf 83' lang='grc' dir='ltr'>δόξας,</span> <span class='ocrx_word' id='word_1_204' title='bbox 743 2866 835 2929; x_wconf 81' lang='grc' dir='ltr'>αῖς</span> <span class='ocrx_word' id='word_1_205' title='bbox 873 2862 971 2919; x_wconf 87' lang='grc' dir='ltr'>ούκ</span> <span class='ocrx_word' id='word_1_206' title='bbox 1027 2861 1399 2940; x_wconf 70' lang='grc' dir='ltr'>ἐφυστεθημεν,</span> <span class='ocrx_word' id='word_1_207' title='bbox 1433 2860 1621 2936; x_wconf 74' lang='grc' dir='ltr'>φησὶν,</span> <span class='ocrx_word' id='word_1_208' title='bbox 1684 2849 1808 2908; x_wconf 75' lang='grc' dir='ltr'>οὐδὲ</span> <span class='ocrx_word' id='word_1_209' title='bbox 1864 2848 2040 2925; x_wconf 84' lang='grc' dir='ltr'>ἐπήρ-</span> 
     </span>
    </p>
   </div>
   <div class='ocr_carea' id='block_1_28' title="bbox 385 2937 2040 3033">
    <p class='ocr_par' dir='ltr' id='par_1_28' title="bbox 385 2937 2040 3033">
     <span class='ocr_line' id='line_1_28' title="bbox 385 2937 2040 3033; baseline -0.015 -17"><span class='ocrx_word' id='word_1_210' title='bbox 385 2971 559 3033; x_wconf 83' lang='grc' dir='ltr'>θημεν</span> <span class='ocrx_word' id='word_1_211' title='bbox 580 2937 728 3033; x_wconf 41' lang='grc' dir='ltr'>-πρδς</span> <span class='ocrx_word' id='word_1_212' title='bbox 759 2952 914 3026; x_wconf 83' lang='grc' dir='ltr'>δόξαν</span> <span class='ocrx_word' id='word_1_213' title='bbox 942 2937 1126 3022; x_wconf 56' lang='grc' dir='ltr'>κενήν.</span> <span class='ocrx_word' id='word_1_214' title='bbox 1157 2949 1257 3007; x_wconf 71' lang='grc' dir='ltr'>Διὰ</span> <span class='ocrx_word' id='word_1_215' title='bbox 1281 2953 1444 3004; x_wconf 77' lang='grc' dir='ltr'>τοῦτο</span> <span class='ocrx_word' id='word_1_216' title='bbox 1484 2945 1588 3025; x_wconf 80' lang='grc' dir='ltr'>γὰρ</span> <span class='ocrx_word' id='word_1_217' title='bbox 1647 2941 1794 2999; x_wconf 82' lang='grc' dir='ltr'>’ὀπλα</span> <span class='ocrx_word' id='word_1_218' title='bbox 1826 2937 2040 2996; x_wconf 69' lang='grc' dir='ltr'>δικαιοο</span> 
     </span>
    </p>
   </div>
   <div class='ocr_carea' id='block_1_29' title="bbox 386 3028 2032 3126">
    <p class='ocr_par' dir='ltr' id='par_1_29' title="bbox 386 3028 2032 3126">
     <span class='ocr_line' id='line_1_29' title="bbox 386 3028 2032 3126; baseline -0.012 -20"><span class='ocrx_word' id='word_1_219' title='bbox 386 3028 551 3120; x_wconf 76' lang='grc' dir='ltr'>συνης</span> <span class='ocrx_word' id='word_1_220' title='bbox 603 3028 845 3126; x_wconf 62' lang='grc' dir='ltr'>γέγονεν.</span> <span class='ocrx_word' id='word_1_221' title='bbox 898 3041 1182 3120; x_wconf 83' lang='grc' dir='ltr'>Ἀριστερᾶ</span> <span class='ocrx_word' id='word_1_222' title='bbox 1251 3037 1326 3111; x_wconf 71' lang='grc' dir='ltr'>δὲ,</span> <span class='ocrx_word' id='word_1_223' title='bbox 1387 3038 1455 3095; x_wconf 85' lang='grc' dir='ltr'>τὰ</span> <span class='ocrx_word' id='word_1_224' title='bbox 1525 3035 1745 3096; x_wconf 78' lang='grc' dir='ltr'>τούτοις</span> <span class='ocrx_word' id='word_1_225' title='bbox 1799 3028 2032 3087; x_wconf 76' lang='grc' dir='ltr'>ἐναντία.</span> 
     </span>
    </p>
   </div>
   <div class='ocr_carea' id='block_1_30' title="bbox 388 3115 2042 3212">
    <p class='ocr_par' dir='ltr' id='par_1_30' title="bbox 388 3115 2042 3212">
     <span class='ocr_line' id='line_1_30' title="bbox 388 3115 2042 3212; baseline -0.015 -15"><span class='ocrx_word' id='word_1_226' title='bbox 388 3141 525 3200; x_wconf 79' lang='grc' dir='ltr'>Οἷον</span> <span class='ocrx_word' id='word_1_227' title='bbox 555 3136 682 3199; x_wconf 76' lang='grc' dir='ltr'>τοὺς</span> <span class='ocrx_word' id='word_1_228' title='bbox 714 3115 1076 3212; x_wconf 79' lang='grc' dir='ltr'>πειρασμοὺς,</span> <span class='ocrx_word' id='word_1_229' title='bbox 1119 3115 1261 3192; x_wconf 75' lang='grc' dir='ltr'>τοὺς</span> <span class='ocrx_word' id='word_1_230' title='bbox 1320 3124 1623 3203; x_wconf 74' lang='grc' dir='ltr'>διωγμοὺς,</span> <span class='ocrx_word' id='word_1_231' title='bbox 1682 3123 1778 3185; x_wconf 80' lang='grc' dir='ltr'>τὰς</span> <span class='ocrx_word' id='word_1_232' title='bbox 1834 3115 2042 3197; x_wconf 77' lang='grc' dir='ltr'>ὕϐρεις,</span> 
     </span>
    </p>
   </div>
   <div class='ocr_carea' id='block_1_31' title="bbox 396 3203 2044 3298">
    <p class='ocr_par' dir='ltr' id='par_1_31' title="bbox 396 3203 2044 3298">
     <span class='ocr_line' id='line_1_31' title="bbox 396 3203 2044 3298; baseline -0.014 -14"><span class='ocrx_word' id='word_1_233' title='bbox 396 3231 483 3292; x_wconf 78' lang='grc' dir='ltr'>οἷς</span> <span class='ocrx_word' id='word_1_234' title='bbox 514 3227 575 3284; x_wconf 81' lang='grc' dir='ltr'>οὖ</span> <span class='ocrx_word' id='word_1_235' title='bbox 604 3203 967 3298; x_wconf 76' lang='grc' dir='ltr'>κατεπέσαμεν</span> <span class='ocrx_word' id='word_1_236' title='bbox 1027 3218 1152 3278; x_wconf 75' lang='grc' dir='ltr'>οὐδὲ</span> <span class='ocrx_word' id='word_1_237' title='bbox 1214 3220 1560 3291; x_wconf 72' lang='grc' dir='ltr'>ἡττήθημεν,</span> <span class='ocrx_word' id='word_1_238' title='bbox 1617 3214 1692 3276; x_wconf 84' lang='grc' dir='ltr'>ὡς</span> <span class='ocrx_word' id='word_1_239' title='bbox 1748 3210 1798 3269; x_wconf 77' lang='grc' dir='ltr'>εἲ</span> <span class='ocrx_word' id='word_1_240' title='bbox 1843 3203 2044 3286; x_wconf 75' lang='grc' dir='ltr'>ἔλεγενο</span> 
     </span>
    </p>
   </div>
   <div class='ocr_carea' id='block_1_32' title="bbox 394 3299 2044 3390">
    <p class='ocr_par' dir='ltr' id='par_1_32' title="bbox 394 3299 2044 3390">
     <span class='ocr_line' id='line_1_32' title="bbox 394 3299 2044 3390; baseline -0.015 -14"><span class='ocrx_word' id='word_1_241' title='bbox 394 3317 508 3377; x_wconf 80' lang='grc' dir='ltr'>’Δεὶ</span> <span class='ocrx_word' id='word_1_242' title='bbox 538 3318 589 3373; x_wconf 74' lang='grc' dir='ltr'>οἱ</span> <span class='ocrx_word' id='word_1_243' title='bbox 616 3315 770 3373; x_wconf 76' lang='grc' dir='ltr'>αὐτοὶ</span> <span class='ocrx_word' id='word_1_244' title='bbox 801 3312 1116 3390; x_wconf 81' lang='grc' dir='ltr'>ἐμείναμεν,</span> <span class='ocrx_word' id='word_1_245' title='bbox 1153 3310 1294 3385; x_wconf 79' lang='grc' dir='ltr'>μήτε</span> <span class='ocrx_word' id='word_1_246' title='bbox 1319 3312 1439 3371; x_wconf 84' lang='grc' dir='ltr'>τοῖς</span> <span class='ocrx_word' id='word_1_247' title='bbox 1491 3303 1689 3368; x_wconf 85' lang='grc' dir='ltr'>καλοῖς</span> <span class='ocrx_word' id='word_1_248' title='bbox 1743 3299 2044 3375; x_wconf 74' lang='grc' dir='ltr'>ἰπαιρόμε-</span> 
     </span>
    </p>
   </div>
   <div class='ocr_carea' id='block_1_33' title="bbox 392 3388 2053 3483">
    <p class='ocr_par' dir='ltr' id='par_1_33' title="bbox 392 3388 2053 3483">
     <span class='ocr_line' id='line_1_33' title="bbox 392 3388 2053 3483; baseline -0.013 -17"><span class='ocrx_word' id='word_1_249' title='bbox 392 3429 499 3479; x_wconf 89' lang='grc' dir='ltr'>νοι,</span> <span class='ocrx_word' id='word_1_250' title='bbox 535 3409 678 3483; x_wconf 67' lang='grc' dir='ltr'>μήτε</span> <span class='ocrx_word' id='word_1_251' title='bbox 705 3388 1043 3468; x_wconf 83' lang='grc' dir='ltr'>τοῖςκακοῖς</span> <span class='ocrx_word' id='word_1_252' title='bbox 1079 3398 1512 3476; x_wconf 82' lang='grc' dir='ltr'>μαλακιζόμενοι</span> <span class='ocrx_word' id='word_1_253' title='bbox 1546 3391 1793 3455; x_wconf 72' lang='grc' dir='ltr'>Ἄλλως.</span> <span class='ocrx_word' id='word_1_254' title='bbox 1821 3388 2053 3466; x_wconf 81' lang='grc' dir='ltr'>[ΙΩΕΝ.]</span> 
     </span>
    </p>
   </div>
   <div class='ocr_carea' id='block_1_34' title="bbox 394 3478 2054 3575">
    <p class='ocr_par' dir='ltr' id='par_1_34' title="bbox 394 3478 2054 3575">
     <span class='ocr_line' id='line_1_34' title="bbox 394 3478 2054 3575; baseline -0.014 -19"><span class='ocrx_word' id='word_1_255' title='bbox 394 3496 683 3575; x_wconf 80' lang='grc' dir='ltr'>Ἀριστερά</span> <span class='ocrx_word' id='word_1_256' title='bbox 707 3495 870 3554; x_wconf 85' lang='grc' dir='ltr'>καλεῖ</span> <span class='ocrx_word' id='word_1_257' title='bbox 916 3492 984 3550; x_wconf 86' lang='grc' dir='ltr'>τά</span> <span class='ocrx_word' id='word_1_258' title='bbox 1033 3489 1300 3548; x_wconf 77' lang='grc' dir='ltr'>δοκοῦντα</span> <span class='ocrx_word' id='word_1_259' title='bbox 1364 3488 1495 3543; x_wconf 77' lang='grc' dir='ltr'>εἶναι</span> <span class='ocrx_word' id='word_1_260' title='bbox 1554 3482 1796 3560; x_wconf 79' lang='grc' dir='ltr'>λυπηρά.</span> <span class='ocrx_word' id='word_1_261' title='bbox 1869 3478 2054 3537; x_wconf 76' lang='grc' dir='ltr'>Καίτοι</span> 
     </span>
    </p>
   </div>
   <div class='ocr_carea' id='block_1_35' title="bbox 395 3566 2054 3657">
    <p class='ocr_par' dir='ltr' id='par_1_35' title="bbox 395 3566 2054 3657">
     <span class='ocr_line' id='line_1_35' title="bbox 395 3566 2054 3657; baseline -0.014 -11"><span class='ocrx_word' id='word_1_262' title='bbox 395 3589 565 3646; x_wconf 73' lang='grc' dir='ltr'>ταῦτά</span> <span class='ocrx_word' id='word_1_263' title='bbox 593 3586 706 3644; x_wconf 79' lang='grc' dir='ltr'>ἐστι</span> <span class='ocrx_word' id='word_1_264' title='bbox 735 3585 802 3642; x_wconf 89' lang='grc' dir='ltr'>τά</span> <span class='ocrx_word' id='word_1_265' title='bbox 857 3583 948 3641; x_wconf 82' lang='grc' dir='ltr'>τὸν</span> <span class='ocrx_word' id='word_1_266' title='bbox 1016 3582 1204 3657; x_wconf 86' lang='grc' dir='ltr'>μισθὸν</span> <span class='ocrx_word' id='word_1_267' title='bbox 1268 3573 1492 3656; x_wconf 74' lang='grc' dir='ltr'>ἔχοντα.</span> <span class='ocrx_word' id='word_1_268' title='bbox 1553 3573 1653 3631; x_wconf 83' lang='grc' dir='ltr'>Καὶ</span> <span class='ocrx_word' id='word_1_269' title='bbox 1701 3572 1847 3635; x_wconf 82' lang='grc' dir='ltr'>τίνος</span> <span class='ocrx_word' id='word_1_270' title='bbox 1876 3566 2054 3626; x_wconf 74' lang='grc' dir='ltr'>’ἑνεκεν</span> 
     </span>
    </p>
   </div>
   <div class='ocr_carea' id='block_1_36' title="bbox 396 3659 2059 3745">
    <p class='ocr_par' dir='ltr' id='par_1_36' title="bbox 396 3659 2059 3745">
     <span class='ocr_line' id='line_1_36' title="bbox 396 3659 2059 3745; baseline -0.014 -7"><span class='ocrx_word' id='word_1_271' title='bbox 396 3681 572 3742; x_wconf 67' lang='grc' dir='ltr'>οὕτως</span> <span class='ocrx_word' id='word_1_272' title='bbox 603 3677 739 3734; x_wconf 76' lang='grc' dir='ltr'>αύτά</span> <span class='ocrx_word' id='word_1_273' title='bbox 767 3676 928 3732; x_wconf 83' lang='grc' dir='ltr'>καλεῖ</span> <span class='ocrx_word' id='word_1_274' title='bbox 960 3694 974 3745; x_wconf 86' lang='lat'><strong>;</strong></span> <span class='ocrx_word' id='word_1_275' title='bbox 1005 3676 1075 3731; x_wconf 74' lang='grc' dir='ltr'>Ἠ</span> <span class='ocrx_word' id='word_1_276' title='bbox 1106 3672 1241 3729; x_wconf 87' lang='grc' dir='ltr'>κατά</span> <span class='ocrx_word' id='word_1_277' title='bbox 1268 3672 1369 3742; x_wconf 78' lang='grc' dir='ltr'>τήν</span> <span class='ocrx_word' id='word_1_278' title='bbox 1426 3667 1707 3741; x_wconf 80' lang='grc' dir='ltr'>ὑπόληψιν</span> <span class='ocrx_word' id='word_1_279' title='bbox 1761 3668 1871 3719; x_wconf 88' lang='grc' dir='ltr'>τῶν</span> <span class='ocrx_word' id='word_1_280' title='bbox 1912 3659 2059 3718; x_wconf 85' lang='grc' dir='ltr'>πολ-</span> 
     </span>
    </p>
   </div>
   <div class='ocr_carea' id='block_1_37' title="bbox 396 3749 2056 3842">
    <p class='ocr_par' dir='ltr' id='par_1_37' title="bbox 396 3749 2056 3842">
     <span class='ocr_line' id='line_1_37' title="bbox 396 3749 2056 3842; baseline -0.014 -15"><span class='ocrx_word' id='word_1_281' title='bbox 396 3768 537 3842; x_wconf 86' lang='grc' dir='ltr'>λῶν,</span> <span class='ocrx_word' id='word_1_282' title='bbox 567 3764 605 3838; x_wconf 76' lang='grc' dir='ltr'><strong>ἤ</strong></span> <span class='ocrx_word' id='word_1_283' title='bbox 637 3762 824 3837; x_wconf 66' lang='grc' dir='ltr'>ἔπειδή</span> <span class='ocrx_word' id='word_1_284' title='bbox 859 3762 1131 3821; x_wconf 71' lang='grc' dir='ltr'>ἐκέλευσεν</span> <span class='ocrx_word' id='word_1_285' title='bbox 1179 3762 1208 3817; x_wconf 86' lang='grc' dir='ltr'>ὁ</span> <span class='ocrx_word' id='word_1_286' title='bbox 1268 3759 1417 3829; x_wconf 83' lang='grc' dir='ltr'>Θεὸς,</span> <span class='ocrx_word' id='word_1_287' title='bbox 1450 3754 1702 3833; x_wconf 68' lang='grc' dir='ltr'>εὔχεσθαι</span> <span class='ocrx_word' id='word_1_288' title='bbox 1762 3753 1838 3829; x_wconf 74' lang='grc' dir='ltr'>μὴ</span> <span class='ocrx_word' id='word_1_289' title='bbox 1882 3749 2056 3807; x_wconf 73' lang='grc' dir='ltr'>εἴσελ-</span> 
     </span>
    </p>
   </div>
   <div class='ocr_carea' id='block_1_38' title="bbox 398 3840 2060 3933">
    <p class='ocr_par' dir='ltr' id='par_1_38' title="bbox 398 3840 2060 3933">
     <span class='ocr_line' id='line_1_38' title="bbox 398 3840 2060 3933; baseline -0.013 -17"><span class='ocrx_word' id='word_1_290' title='bbox 398 3864 506 3918; x_wconf 84' lang='grc' dir='ltr'>θεῖν</span> <span class='ocrx_word' id='word_1_291' title='bbox 524 3840 616 3920; x_wconf 74' lang='grc' dir='ltr'>εἷς</span> <span class='ocrx_word' id='word_1_292' title='bbox 641 3854 967 3933; x_wconf 82' lang='grc' dir='ltr'>πειρασμόν.</span> <span class='ocrx_word' id='word_1_293' title='bbox 1001 3877 1030 3906; x_wconf 88' lang='grc'>‹‹</span> <span class='ocrx_word' id='word_1_294' title='bbox 1061 3852 1159 3908; x_wconf 75' lang='grc' dir='ltr'>Διά</span> <span class='ocrx_word' id='word_1_295' title='bbox 1189 3848 1352 3923; x_wconf 72' lang='grc' dir='ltr'>δόξης</span> <span class='ocrx_word' id='word_1_296' title='bbox 1394 3846 1485 3904; x_wconf 86' lang='grc' dir='ltr'>καὶ</span> <span class='ocrx_word' id='word_1_297' title='bbox 1550 3844 1792 3919; x_wconf 83' lang='grc' dir='ltr'>ἀτιμίας.</span> <span class='ocrx_word' id='word_1_298' title='bbox 1830 3864 1855 3896; x_wconf 69' lang='grc' dir='ltr'><strong>ι</strong></span> <span class='ocrx_word' id='word_1_299' title='bbox 1922 3840 2060 3899; x_wconf 74' lang='grc' dir='ltr'>Εἶτα</span> 
     </span>
    </p>
   </div>
   <div class='ocr_carea' id='block_1_39' title="bbox 397 3929 2062 4026">
    <p class='ocr_par' dir='ltr' id='par_1_39' title="bbox 397 3929 2062 4026">
     <span class='ocr_line' id='line_1_39' title="bbox 397 3929 2062 4026; baseline -0.013 -20"><span class='ocrx_word' id='word_1_300' title='bbox 397 3949 545 4026; x_wconf 68' lang='grc' dir='ltr'>λέγει</span> <span class='ocrx_word' id='word_1_301' title='bbox 605 3929 862 4024; x_wconf 81' lang='grc' dir='ltr'>ἀριστερὰ</span> <span class='ocrx_word' id='word_1_302' title='bbox 915 3943 1004 4001; x_wconf 82' lang='grc' dir='ltr'>καὶ</span> <span class='ocrx_word' id='word_1_303' title='bbox 1060 3939 1225 4016; x_wconf 79' lang='grc' dir='ltr'>δεξιά.</span> <span class='ocrx_word' id='word_1_304' title='bbox 1287 3939 1390 3998; x_wconf 85' lang='grc' dir='ltr'>Καὶ</span> <span class='ocrx_word' id='word_1_305' title='bbox 1457 3935 1579 4012; x_wconf 77' lang='grc' dir='ltr'>ὅρα,</span> <span class='ocrx_word' id='word_1_306' title='bbox 1632 3933 1727 3997; x_wconf 79' lang='grc' dir='ltr'>τὰς</span> <span class='ocrx_word' id='word_1_307' title='bbox 1768 3931 1913 4007; x_wconf 84' lang='grc' dir='ltr'>παρᾶ</span> <span class='ocrx_word' id='word_1_308' title='bbox 1963 3929 2062 3985; x_wconf 82' lang='grc' dir='ltr'>ἀν-</span> 
     </span>
    </p>
   </div>
   <div class='ocr_carea' id='block_1_40' title="bbox 398 4020 2061 4116">
    <p class='ocr_par' dir='ltr' id='par_1_40' title="bbox 398 4020 2061 4116">
     <span class='ocr_line' id='line_1_40' title="bbox 398 4020 2061 4116; baseline -0.013 -21"><span class='ocrx_word' id='word_1_309' title='bbox 398 4038 635 4116; x_wconf 84' lang='grc' dir='ltr'>θρώπων</span> <span class='ocrx_word' id='word_1_310' title='bbox 667 4034 845 4092; x_wconf 80' lang='grc' dir='ltr'>αὐτῶν</span> <span class='ocrx_word' id='word_1_311' title='bbox 900 4031 1317 4110; x_wconf 79' lang='grc' dir='ltr'>προσαγομένας</span> <span class='ocrx_word' id='word_1_312' title='bbox 1374 4026 1561 4101; x_wconf 82' lang='grc' dir='ltr'>τιμὰς,</span> <span class='ocrx_word' id='word_1_313' title='bbox 1620 4022 1699 4085; x_wconf 68' lang='grc' dir='ltr'>εἲς</span> <span class='ocrx_word' id='word_1_314' title='bbox 1740 4022 1942 4078; x_wconf 73' lang='grc' dir='ltr'>οἰκεῖον</span> <span class='ocrx_word' id='word_1_315' title='bbox 1973 4020 2061 4075; x_wconf 74' lang='grc' dir='ltr'>τὲο</span> 
     </span>
    </p>
   </div>
   <div class='ocr_carea' id='block_1_41' title="bbox 400 4108 2059 4202">
    <p class='ocr_par' dir='ltr' id='par_1_41' title="bbox 400 4108 2059 4202">
     <span class='ocr_line' id='line_1_41' title="bbox 400 4108 2059 4202; baseline -0.014 -17"><span class='ocrx_word' id='word_1_316' title='bbox 400 4108 547 4195; x_wconf 75' lang='grc' dir='ltr'>θεικε</span> <span class='ocrx_word' id='word_1_317' title='bbox 577 4108 1230 4202; x_wconf 48' lang='grc' dir='ltr'>κατόρθωμαξοῖδεγάρ</span> <span class='ocrx_word' id='word_1_318' title='bbox 1262 4118 1324 4175; x_wconf 82' lang='grc' dir='ltr'>ὅν</span> <span class='ocrx_word' id='word_1_319' title='bbox 1386 4115 1522 4193; x_wconf 71' lang='grc' dir='ltr'>μέγα</span> <span class='ocrx_word' id='word_1_320' title='bbox 1585 4116 1659 4189; x_wconf 85' lang='grc' dir='ltr'>μή</span> <span class='ocrx_word' id='word_1_321' title='bbox 1704 4111 1908 4168; x_wconf 88' lang='grc' dir='ltr'>ἁλῶναι</span> <span class='ocrx_word' id='word_1_322' title='bbox 1964 4108 2059 4164; x_wconf 86' lang='grc' dir='ltr'>τύ-</span> 
     </span>
    </p>
   </div>
   <div class='ocr_carea' id='block_1_42' title="bbox 398 4196 2063 4299">
    <p class='ocr_par' dir='ltr' id='par_1_42' title="bbox 398 4196 2063 4299">
     <span class='ocr_line' id='line_1_42' title="bbox 398 4196 2063 4299; baseline -0.012 -25"><span class='ocrx_word' id='word_1_323' title='bbox 398 4239 486 4299; x_wconf 69' lang='grc' dir='ltr'>φῳ</span> <span class='ocrx_word' id='word_1_324' title='bbox 517 4213 609 4273; x_wconf 79' lang='grc' dir='ltr'>διὰ</span> <span class='ocrx_word' id='word_1_325' title='bbox 638 4216 734 4278; x_wconf 67' lang='grc' dir='ltr'>τὰς</span> <span class='ocrx_word' id='word_1_326' title='bbox 764 4215 954 4288; x_wconf 84' lang='grc' dir='ltr'>τιμάς.</span> <span class='ocrx_word' id='word_1_327' title='bbox 988 4236 1018 4265; x_wconf 89' lang='grc'>‹‹</span> <span class='ocrx_word' id='word_1_328' title='bbox 1048 4196 1151 4273; x_wconf 79' lang='grc' dir='ltr'>Ὠς</span> <span class='ocrx_word' id='word_1_329' title='bbox 1167 4196 1391 4276; x_wconf 84' lang='grc' dir='ltr'>πλάνοι,</span> <span class='ocrx_word' id='word_1_330' title='bbox 1422 4207 1512 4262; x_wconf 81' lang='grc' dir='ltr'>καὶ</span> <span class='ocrx_word' id='word_1_331' title='bbox 1544 4203 1792 4276; x_wconf 84' lang='grc' dir='ltr'>ἀληθεῖς,</span> <span class='ocrx_word' id='word_1_332' title='bbox 1828 4225 1857 4254; x_wconf 88' lang='grc'><strong>››</strong></span> <span class='ocrx_word' id='word_1_333' title='bbox 1889 4196 2063 4256; x_wconf 78' lang='grc' dir='ltr'>Αύται</span> 
     </span>
    </p>
   </div>
   <div class='ocr_carea' id='block_1_43' title="bbox 400 4288 2064 4387">
    <p class='ocr_par' dir='ltr' id='par_1_43' title="bbox 400 4288 2064 4387">
     <span class='ocr_line' id='line_1_43' title="bbox 400 4288 2064 4387; baseline -0.012 -23"><span class='ocrx_word' id='word_1_334' title='bbox 400 4288 467 4364; x_wconf 22' lang='lat' dir='ltr'>ait</span> <span class='ocrx_word' id='word_1_335' title='bbox 490 4306 758 4387; x_wconf 73' lang='grc' dir='ltr'>εὐφημίαι</span> <span class='ocrx_word' id='word_1_336' title='bbox 789 4303 882 4360; x_wconf 86' lang='grc' dir='ltr'>καὶ</span> <span class='ocrx_word' id='word_1_337' title='bbox 926 4300 1253 4382; x_wconf 77' lang='grc' dir='ltr'>δυσφημίαι.</span> <span class='ocrx_word' id='word_1_338' title='bbox 1316 4320 1349 4353; x_wconf 84' lang='grc' dir='ltr'>ιι</span> <span class='ocrx_word' id='word_1_339' title='bbox 1396 4304 1483 4359; x_wconf 84' lang='grc' dir='ltr'>Ὡς</span> <span class='ocrx_word' id='word_1_340' title='bbox 1539 4294 1919 4372; x_wconf 80' lang='grc' dir='ltr'>ἀγνοούμενοι,</span> <span class='ocrx_word' id='word_1_341' title='bbox 1973 4288 2064 4344; x_wconf 82' lang='grc' dir='ltr'>καὶ</span> 
     </span>
    </p>
   </div>
   <div class='ocr_carea' id='block_1_44' title="bbox 401 4380 2066 4474">
    <p class='ocr_par' dir='ltr' id='par_1_44' title="bbox 401 4380 2066 4474">
     <span class='ocr_line' id='line_1_44' title="bbox 401 4380 2066 4474; baseline -0.012 -21"><span class='ocrx_word' id='word_1_342' title='bbox 401 4396 916 4474; x_wconf 73' lang='grc' dir='ltr'>ἐπιγινωσκόμενοι.</span> <span class='ocrx_word' id='word_1_343' title='bbox 953 4417 981 4444; x_wconf 83' lang='grc'><strong>››</strong></span> <span class='ocrx_word' id='word_1_344' title='bbox 1033 4380 1208 4449; x_wconf 74' lang='grc' dir='ltr'>Τοῦτό</span> <span class='ocrx_word' id='word_1_345' title='bbox 1266 4389 1377 4445; x_wconf 84' lang='grc' dir='ltr'>ἐστι</span> <span class='ocrx_word' id='word_1_346' title='bbox 1434 4385 1526 4442; x_wconf 81' lang='grc' dir='ltr'>καὶ</span> <span class='ocrx_word' id='word_1_347' title='bbox 1584 4381 1746 4456; x_wconf 82' lang='grc' dir='ltr'>δόξης</span> <span class='ocrx_word' id='word_1_348' title='bbox 1796 4382 1889 4437; x_wconf 83' lang='grc' dir='ltr'>καὶ</span> <span class='ocrx_word' id='word_1_349' title='bbox 1949 4380 2066 4434; x_wconf 86' lang='grc' dir='ltr'>ἀτι-</span> 
     </span>
    </p>
   </div>
   <div class='ocr_carea' id='block_1_45' title="bbox 407 4470 2068 4563">
    <p class='ocr_par' dir='ltr' id='par_1_45' title="bbox 407 4470 2068 4563">
     <span class='ocr_line' id='line_1_45' title="bbox 407 4470 2068 4563; baseline -0.013 -19"><span class='ocrx_word' id='word_1_350' title='bbox 407 4470 561 4563; x_wconf 73' lang='grc' dir='ltr'>μίας.</span> <span class='ocrx_word' id='word_1_351' title='bbox 619 4487 753 4547; x_wconf 85' lang='grc' dir='ltr'>Τοῖς</span> <span class='ocrx_word' id='word_1_352' title='bbox 812 4483 909 4559; x_wconf 70' lang='grc' dir='ltr'>μὲν</span> <span class='ocrx_word' id='word_1_353' title='bbox 966 4482 1071 4559; x_wconf 78' lang='grc' dir='ltr'>γὰρ</span> <span class='ocrx_word' id='word_1_354' title='bbox 1129 4475 1399 4558; x_wconf 79' lang='grc' dir='ltr'>γνώριμοί</span> <span class='ocrx_word' id='word_1_355' title='bbox 1456 4494 1517 4563; x_wconf 84' lang='grc' dir='ltr'>τε</span> <span class='ocrx_word' id='word_1_356' title='bbox 1565 4473 1702 4543; x_wconf 78' lang='grc' dir='ltr'>ἦσαν</span> <span class='ocrx_word' id='word_1_357' title='bbox 1776 4470 1865 4526; x_wconf 84' lang='grc' dir='ltr'>καὶ</span> <span class='ocrx_word' id='word_1_358' title='bbox 1916 4487 2068 4544; x_wconf 89' lang='grc' dir='ltr'>περι-</span> 
     </span>
    </p>
   </div>
   <div class='ocr_carea' id='block_1_46' title="bbox 405 4557 2068 4646">
    <p class='ocr_par' dir='ltr' id='par_1_46' title="bbox 405 4557 2068 4646">
     <span class='ocr_line' id='line_1_46' title="bbox 405 4557 2068 4646; baseline -0.014 -12"><span class='ocrx_word' id='word_1_359' title='bbox 405 4575 765 4646; x_wconf 87' lang='grc' dir='ltr'>σπούδαστοι,</span> <span class='ocrx_word' id='word_1_360' title='bbox 798 4557 851 4629; x_wconf 74' lang='grc' dir='ltr'>οἱ</span> <span class='ocrx_word' id='word_1_361' title='bbox 882 4569 941 4628; x_wconf 68' lang='grc' dir='ltr'>δὲ</span> <span class='ocrx_word' id='word_1_362' title='bbox 984 4557 1117 4627; x_wconf 69' lang='grc' dir='ltr'>οὐδὲ</span> <span class='ocrx_word' id='word_1_363' title='bbox 1175 4565 1368 4624; x_wconf 78' lang='grc' dir='ltr'>εἰδέναι</span> <span class='ocrx_word' id='word_1_364' title='bbox 1426 4562 1621 4624; x_wconf 73' lang='grc' dir='ltr'>αὐτοὺς</span> <span class='ocrx_word' id='word_1_365' title='bbox 1677 4558 1884 4632; x_wconf 76' lang='grc' dir='ltr'>ἠξίουν.</span> <span class='ocrx_word' id='word_1_366' title='bbox 1923 4582 1944 4608; x_wconf 80' lang='grc' dir='ltr'>ι</span> <span class='ocrx_word' id='word_1_367' title='bbox 1977 4557 2068 4620; x_wconf 82' lang='grc' dir='ltr'>Ὦς</span> 
     </span>
    </p>
   </div>
   <div class='ocr_carea' id='block_1_47' title="bbox 402 4645 2066 4737">
    <p class='ocr_par' dir='ltr' id='par_1_47' title="bbox 402 4645 2066 4737">
     <span class='ocr_line' id='line_1_47' title="bbox 402 4645 2066 4737; baseline -0.015 -13"><span class='ocrx_word' id='word_1_368' title='bbox 402 4645 864 4737; x_wconf 76' lang='grc' dir='ltr'>ἀποθνήσκοντες.</span> <span class='ocrx_word' id='word_1_369' title='bbox 929 4685 958 4713; x_wconf 86' lang='grc'><strong>››</strong></span> <span class='ocrx_word' id='word_1_370' title='bbox 1017 4659 1168 4718; x_wconf 73' lang='grc' dir='ltr'>Κατὰ</span> <span class='ocrx_word' id='word_1_371' title='bbox 1235 4657 1334 4726; x_wconf 78' lang='grc' dir='ltr'>τὴν</span> <span class='ocrx_word' id='word_1_372' title='bbox 1394 4650 1740 4731; x_wconf 80' lang='grc' dir='ltr'>σφοδρότητα</span> <span class='ocrx_word' id='word_1_373' title='bbox 1795 4649 1885 4704; x_wconf 85' lang='grc' dir='ltr'>καὶ</span> <span class='ocrx_word' id='word_1_374' title='bbox 1966 4645 2066 4714; x_wconf 78' lang='grc' dir='ltr'>τήν</span> 
     </span>
    </p>
   </div>
   <div class='ocr_carea' id='block_1_48' title="bbox 403 4736 2057 4826">
    <p class='ocr_par' dir='ltr' id='par_1_48' title="bbox 403 4736 2057 4826">
     <span class='ocr_line' id='line_1_48' title="bbox 403 4736 2057 4826; baseline -0.015 -12"><span class='ocrx_word' id='word_1_375' title='bbox 403 4755 648 4826; x_wconf 74' lang='grc' dir='ltr'>σπουδὴν</span> <span class='ocrx_word' id='word_1_376' title='bbox 675 4758 785 4810; x_wconf 86' lang='grc' dir='ltr'>τῶν</span> <span class='ocrx_word' id='word_1_377' title='bbox 817 4747 1209 4824; x_wconf 83' lang='grc' dir='ltr'>πολεμούντων</span> <span class='ocrx_word' id='word_1_378' title='bbox 1238 4749 1393 4820; x_wconf 79' lang='grc' dir='ltr'>ἡμῖν.</span> <span class='ocrx_word' id='word_1_379' title='bbox 1431 4767 1459 4797; x_wconf 84' lang='grc' dir='ltr'>ι(</span> <span class='ocrx_word' id='word_1_380' title='bbox 1489 4741 1597 4800; x_wconf 85' lang='grc' dir='ltr'>Καὶ</span> <span class='ocrx_word' id='word_1_381' title='bbox 1647 4736 1769 4796; x_wconf 77' lang='grc' dir='ltr'>ἰδοὺ</span> <span class='ocrx_word' id='word_1_382' title='bbox 1797 4742 1998 4814; x_wconf 83' lang='grc' dir='ltr'>ζῶμεν.</span> <span class='ocrx_word' id='word_1_383' title='bbox 2034 4759 2057 4790; x_wconf 73' lang='grc' dir='ltr'>ι</span> 
     </span>
    </p>
   </div>
   <div class='ocr_carea' id='block_1_49' title="bbox 399 4828 2060 4918">
    <p class='ocr_par' dir='ltr' id='par_1_49' title="bbox 399 4828 2060 4918">
     <span class='ocr_line' id='line_1_49' title="bbox 399 4828 2060 4918; baseline -0.007 -22"><span class='ocrx_word' id='word_1_384' title='bbox 399 4848 551 4906; x_wconf 78' lang='grc' dir='ltr'>Κατά</span> <span class='ocrx_word' id='word_1_385' title='bbox 577 4847 680 4917; x_wconf 77' lang='grc' dir='ltr'>τὴν</span> <span class='ocrx_word' id='word_1_386' title='bbox 712 4840 941 4918; x_wconf 70' lang='grc' dir='ltr'>δύναμιν</span> <span class='ocrx_word' id='word_1_387' title='bbox 989 4844 1086 4896; x_wconf 74' lang='grc' dir='ltr'>τοῦ</span> <span class='ocrx_word' id='word_1_388' title='bbox 1140 4841 1299 4896; x_wconf 77' lang='grc' dir='ltr'>Θεοῦ.</span> <span class='ocrx_word' id='word_1_389' title='bbox 1355 4859 1385 4890; x_wconf 85' lang='grc'>‹‹</span> <span class='ocrx_word' id='word_1_390' title='bbox 1440 4841 1530 4897; x_wconf 78' lang='grc' dir='ltr'>Ὠς</span> <span class='ocrx_word' id='word_1_391' title='bbox 1584 4828 1993 4905; x_wconf 79' lang='grc' dir='ltr'>παιδευόμενοι.</span> <span class='ocrx_word' id='word_1_392' title='bbox 2032 4850 2060 4878; x_wconf 85' lang='grc'><strong>››</strong></span> 
     </span>
    </p>
   </div>
   <div class='ocr_carea' id='block_1_50' title="bbox 401 4915 2060 5011">
    <p class='ocr_par' dir='ltr' id='par_1_50' title="bbox 401 4915 2060 5011">
     <span class='ocr_line' id='line_1_50' title="bbox 401 4915 2060 5011; baseline -0.015 -16"><span class='ocrx_word' id='word_1_393' title='bbox 401 4939 583 4995; x_wconf 84' lang='grc' dir='ltr'>Ταῦτα</span> <span class='ocrx_word' id='word_1_394' title='bbox 618 4915 887 5011; x_wconf 56' lang='grc' dir='ltr'>δὲμρησέ,</span> <span class='ocrx_word' id='word_1_395' title='bbox 948 4929 1250 5005; x_wconf 83' lang='grc' dir='ltr'>συνεχώρει</span> <span class='ocrx_word' id='word_1_396' title='bbox 1299 4927 1328 4983; x_wconf 80' lang='grc' dir='ltr'>ὁ</span> <span class='ocrx_word' id='word_1_397' title='bbox 1386 4925 1541 4991; x_wconf 79' lang='grc' dir='ltr'>θεὸς,</span> <span class='ocrx_word' id='word_1_398' title='bbox 1600 4917 1875 4977; x_wconf 85' lang='grc' dir='ltr'>παιδεύων</span> <span class='ocrx_word' id='word_1_399' title='bbox 1941 4915 2060 4991; x_wconf 78' lang='grc' dir='ltr'>μὶν,</span> 
     </span>
    </p>
   </div>
   <div class='ocr_carea' id='block_1_51' title="bbox 407 5004 2062 5101">
    <p class='ocr_par' dir='ltr' id='par_1_51' title="bbox 407 5004 2062 5101">
     <span class='ocr_line' id='line_1_51' title="bbox 407 5004 2062 5101; baseline -0.014 -19"><span class='ocrx_word' id='word_1_400' title='bbox 407 5025 470 5082; x_wconf 81' lang='grc' dir='ltr'>ού</span> <span class='ocrx_word' id='word_1_401' title='bbox 514 5027 622 5101; x_wconf 75' lang='grc' dir='ltr'>μὴν</span> <span class='ocrx_word' id='word_1_402' title='bbox 654 5022 793 5100; x_wconf 69' lang='grc' dir='ltr'>ἄχρι</span> <span class='ocrx_word' id='word_1_403' title='bbox 823 5018 1054 5086; x_wconf 70' lang='grc' dir='ltr'>θανᾶτου</span> <span class='ocrx_word' id='word_1_404' title='bbox 1088 5015 1602 5097; x_wconf 79' lang='grc' dir='ltr'>ἐγκαταλιμπάνων.</span> <span class='ocrx_word' id='word_1_405' title='bbox 1640 5035 1662 5063; x_wconf 80' lang='grc' dir='ltr'>ι</span> <span class='ocrx_word' id='word_1_406' title='bbox 1721 5014 1809 5073; x_wconf 84' lang='grc' dir='ltr'>Ὡς</span> <span class='ocrx_word' id='word_1_407' title='bbox 1854 5004 2062 5064; x_wconf 87' lang='grc' dir='ltr'>λυπού-</span> 
     </span>
    </p>
   </div>
   <div class='ocr_carea' id='block_1_52' title="bbox 411 5097 2063 5189">
    <p class='ocr_par' dir='ltr' id='par_1_52' title="bbox 411 5097 2063 5189">
     <span class='ocr_line' id='line_1_52' title="bbox 411 5097 2063 5189; baseline -0.014 -17"><span class='ocrx_word' id='word_1_408' title='bbox 411 5136 586 5189; x_wconf 91' lang='grc' dir='ltr'>μενοι.</span> <span class='ocrx_word' id='word_1_409' title='bbox 635 5136 665 5167; x_wconf 83' lang='lat'><strong>»</strong></span> <span class='ocrx_word' id='word_1_410' title='bbox 722 5112 877 5186; x_wconf 82' lang='grc' dir='ltr'>Παρά</span> <span class='ocrx_word' id='word_1_411' title='bbox 937 5110 1031 5184; x_wconf 72' lang='grc' dir='ltr'>μὲν</span> <span class='ocrx_word' id='word_1_412' title='bbox 1086 5112 1206 5170; x_wconf 84' lang='grc' dir='ltr'>τοῖς</span> <span class='ocrx_word' id='word_1_413' title='bbox 1261 5104 1451 5177; x_wconf 78' lang='grc' dir='ltr'>ἔξωθεν</span> <span class='ocrx_word' id='word_1_414' title='bbox 1507 5101 1560 5176; x_wconf 78' lang='grc' dir='ltr'>ἐξ</span> <span class='ocrx_word' id='word_1_415' title='bbox 1626 5103 1701 5158; x_wconf 81' lang='grc' dir='ltr'>ὧν</span> <span class='ocrx_word' id='word_1_416' title='bbox 1750 5097 2063 5179; x_wconf 84' lang='grc' dir='ltr'>πάσχομεν,</span> 
     </span>
    </p>
   </div>
   <div class='ocr_carea' id='block_1_53' title="bbox 409 5185 2069 5280">
    <p class='ocr_par' dir='ltr' id='par_1_53' title="bbox 409 5185 2069 5280">
     <span class='ocr_line' id='line_1_53' title="bbox 409 5185 2069 5280; baseline -0.012 -19"><span class='ocrx_word' id='word_1_417' title='bbox 409 5185 638 5280; x_wconf 71' lang='grc' dir='ltr'>άθυμεῖν</span> <span class='ocrx_word' id='word_1_418' title='bbox 669 5185 1032 5277; x_wconf 80' lang='grc' dir='ltr'>νομιζόμεθα,</span> <span class='ocrx_word' id='word_1_419' title='bbox 1067 5199 1149 5254; x_wconf 83' lang='grc' dir='ltr'>ἀεὶ</span> <span class='ocrx_word' id='word_1_420' title='bbox 1182 5195 1239 5254; x_wconf 70' lang='grc' dir='ltr'>δὲ</span> <span class='ocrx_word' id='word_1_421' title='bbox 1286 5196 1376 5252; x_wconf 81' lang='grc' dir='ltr'>καὶ</span> <span class='ocrx_word' id='word_1_422' title='bbox 1416 5193 1500 5272; x_wconf 73' lang='grc' dir='ltr'>ἐφ’</span> <span class='ocrx_word' id='word_1_423' title='bbox 1555 5191 1786 5264; x_wconf 69' lang='grc' dir='ltr'>ἑκάστῳ,</span> <span class='ocrx_word' id='word_1_424' title='bbox 1818 5185 2069 5247; x_wconf 86' lang='grc' dir='ltr'>ἀδιαλεί-</span> 
     </span>
    </p>
   </div>
   <div class='ocr_carea' id='block_1_54' title="bbox 410 5279 2065 5372">
    <p class='ocr_par' dir='ltr' id='par_1_54' title="bbox 410 5279 2065 5372">
     <span class='ocr_line' id='line_1_54' title="bbox 410 5279 2065 5372; baseline -0.013 -19"><span class='ocrx_word' id='word_1_425' title='bbox 410 5279 561 5360; x_wconf 85' lang='grc' dir='ltr'>πτως</span> <span class='ocrx_word' id='word_1_426' title='bbox 592 5294 904 5372; x_wconf 76' lang='grc' dir='ltr'>χαίροντες.</span> <span class='ocrx_word' id='word_1_427' title='bbox 939 5292 1081 5366; x_wconf 86' lang='grc' dir='ltr'>Ὀρα</span> <span class='ocrx_word' id='word_1_428' title='bbox 1123 5291 1223 5360; x_wconf 77' lang='grc' dir='ltr'>τήν</span> <span class='ocrx_word' id='word_1_429' title='bbox 1283 5287 1442 5363; x_wconf 81' lang='grc' dir='ltr'>ἁγίαν</span> <span class='ocrx_word' id='word_1_430' title='bbox 1499 5285 1709 5364; x_wconf 73' lang='grc' dir='ltr'>ψυχήν.</span> <span class='ocrx_word' id='word_1_431' title='bbox 1764 5280 1842 5341; x_wconf 86' lang='grc' dir='ltr'>Ού</span> <span class='ocrx_word' id='word_1_432' title='bbox 1899 5279 2065 5355; x_wconf 87' lang='grc' dir='ltr'>μόνον</span> 
     </span>
    </p>
   </div>
   <div class='ocr_carea' id='block_1_55' title="bbox 411 5363 2066 5466">
    <p class='ocr_par' dir='ltr' id='par_1_55' title="bbox 411 5363 2066 5466">
     <span class='ocr_line' id='line_1_55' title="bbox 411 5363 2066 5466; baseline -0.013 -22"><span class='ocrx_word' id='word_1_433' title='bbox 411 5385 567 5466; x_wconf 76' lang='grc' dir='ltr'>ἔφερε</span> <span class='ocrx_word' id='word_1_434' title='bbox 594 5386 723 5447; x_wconf 83' lang='grc' dir='ltr'>τοὺς</span> <span class='ocrx_word' id='word_1_435' title='bbox 755 5378 1094 5457; x_wconf 70' lang='grc' dir='ltr'>πειρασμοὺς</span> <span class='ocrx_word' id='word_1_436' title='bbox 1152 5377 1436 5456; x_wconf 83' lang='grc' dir='ltr'>γενναίως,</span> <span class='ocrx_word' id='word_1_437' title='bbox 1495 5363 1643 5431; x_wconf 78' lang='grc' dir='ltr'>ἆλλᾶ</span> <span class='ocrx_word' id='word_1_438' title='bbox 1697 5372 1786 5427; x_wconf 84' lang='grc' dir='ltr'>καὶ</span> <span class='ocrx_word' id='word_1_439' title='bbox 1848 5363 2066 5445; x_wconf 70' lang='grc' dir='ltr'>ἔχαιρεν</span> 
     </span>
    </p>
   </div>
   <div class='ocr_carea' id='block_1_56' title="bbox 413 5459 2070 5545">
    <p class='ocr_par' dir='ltr' id='par_1_56' title="bbox 413 5459 2070 5545">
     <span class='ocr_line' id='line_1_56' title="bbox 413 5459 2070 5545; baseline -0.013 -12"><span class='ocrx_word' id='word_1_440' title='bbox 413 5475 495 5533; x_wconf 69' lang='grc' dir='ltr'>ἔπ’</span> <span class='ocrx_word' id='word_1_441' title='bbox 547 5476 759 5545; x_wconf 75' lang='grc' dir='ltr'>αὐτοῖς,</span> <span class='ocrx_word' id='word_1_442' title='bbox 815 5469 975 5533; x_wconf 79' lang='grc' dir='ltr'>εἰδὼς</span> <span class='ocrx_word' id='word_1_443' title='bbox 1037 5467 1127 5524; x_wconf 70' lang='grc' dir='ltr'>διὰ</span> <span class='ocrx_word' id='word_1_444' title='bbox 1180 5470 1271 5524; x_wconf 88' lang='grc' dir='ltr'>τὸν</span> <span class='ocrx_word' id='word_1_445' title='bbox 1329 5465 1562 5542; x_wconf 85' lang='grc' dir='ltr'>Χριστὸν</span> <span class='ocrx_word' id='word_1_446' title='bbox 1610 5463 1864 5537; x_wconf 87' lang='grc' dir='ltr'>πάσχειν.</span> <span class='ocrx_word' id='word_1_447' title='bbox 1924 5482 1946 5510; x_wconf 77' lang='grc' dir='ltr'>ιι</span> <span class='ocrx_word' id='word_1_448' title='bbox 1979 5459 2070 5520; x_wconf 78' lang='grc' dir='ltr'>Ὠς</span> 
     </span>
    </p>
   </div>
   <div class='ocr_carea' id='block_1_57' title="bbox 415 5548 2069 5642">
    <p class='ocr_par' dir='ltr' id='par_1_57' title="bbox 415 5548 2069 5642">
     <span class='ocr_line' id='line_1_57' title="bbox 415 5548 2069 5642; baseline -0.011 -21"><span class='ocrx_word' id='word_1_449' title='bbox 415 5564 705 5642; x_wconf 85' lang='grc' dir='ltr'>πτωχοί.»</span> <span class='ocrx_word' id='word_1_450' title='bbox 738 5560 1124 5632; x_wconf 73' lang='grc' dir='ltr'>Διετελέσαμεν</span> <span class='ocrx_word' id='word_1_451' title='bbox 1155 5559 1229 5619; x_wconf 83' lang='grc' dir='ltr'>ὡς</span> <span class='ocrx_word' id='word_1_452' title='bbox 1259 5551 1771 5636; x_wconf 79' lang='grc' dir='ltr'>πτωχοὶ,πολλοί›ς</span> <span class='ocrx_word' id='word_1_453' title='bbox 1795 5549 1852 5606; x_wconf 78' lang='grc' dir='ltr'>δὶ</span> <span class='ocrx_word' id='word_1_454' title='bbox 1871 5548 2069 5605; x_wconf 69' lang='grc' dir='ltr'>ἐπλουο</span> 
     </span>
    </p>
   </div>
   <div class='ocr_carea' id='block_1_58' title="bbox 419 5636 2070 5729">
    <p class='ocr_par' dir='ltr' id='par_1_58' title="bbox 419 5636 2070 5729">
     <span class='ocr_line' id='line_1_58' title="bbox 419 5636 2070 5729; baseline -0.008 -18"><span class='ocrx_word' id='word_1_455' title='bbox 419 5636 644 5729; x_wconf 74' lang='grc' dir='ltr'>τίσαμεν</span> <span class='ocrx_word' id='word_1_456' title='bbox 682 5652 718 5724; x_wconf 75' lang='grc' dir='ltr'><strong>ἢ</strong></span> <span class='ocrx_word' id='word_1_457' title='bbox 746 5653 1093 5725; x_wconf 80' lang='grc' dir='ltr'>πνευματικῷ</span> <span class='ocrx_word' id='word_1_458' title='bbox 1151 5645 1380 5719; x_wconf 86' lang='grc' dir='ltr'>πλούτῳ</span> <span class='ocrx_word' id='word_1_459' title='bbox 1435 5644 1471 5716; x_wconf 69' lang='grc' dir='ltr'><strong>ἢ</strong></span> <span class='ocrx_word' id='word_1_460' title='bbox 1528 5642 1620 5700; x_wconf 83' lang='grc' dir='ltr'>καὶ</span> <span class='ocrx_word' id='word_1_461' title='bbox 1673 5636 1935 5719; x_wconf 81' lang='grc' dir='ltr'>σαρκικῷ.</span> <span class='ocrx_word' id='word_1_462' title='bbox 1985 5637 2070 5697; x_wconf 72' lang='grc' dir='ltr'>Εἴ.</span> 
     </span>
    </p>
   </div>
   <div class='ocr_carea' id='block_1_59' title="bbox 493 5818 1463 5893">
    <p class='ocr_par' dir='ltr' id='par_1_59' title="bbox 493 5818 1463 5893">
     <span class='ocr_line' id='line_1_59' title="bbox 493 5818 1463 5893; baseline -0.011 -11"><span class='ocrx_word' id='word_1_463' title='bbox 493 5824 535 5861; x_wconf 76' lang='grc'>⁸³</span> <span class='ocrx_word' id='word_1_464' title='bbox 562 5825 611 5881; x_wconf 87' lang='lat' dir='ltr'>II</span> <span class='ocrx_word' id='word_1_465' title='bbox 643 5826 771 5881; x_wconf 88' lang='lat' dir='ltr'>Cor.</span> <span class='ocrx_word' id='word_1_466' title='bbox 806 5840 877 5893; x_wconf 76' lang='grc' dir='ltr'>ιν,</span> <span class='ocrx_word' id='word_1_467' title='bbox 911 5825 965 5877; x_wconf 85' lang='lat'>2.</span> <span class='ocrx_word' id='word_1_468' title='bbox 998 5820 1042 5857; x_wconf 79' lang='grc'>⁸⁹</span> <span class='ocrx_word' id='word_1_469' title='bbox 1071 5818 1274 5877; x_wconf 82' lang='lat' dir='ltr'>Matth.</span> <span class='ocrx_word' id='word_1_470' title='bbox 1306 5832 1379 5888; x_wconf 79' lang='lat' dir='ltr'>Vl,</span> <span class='ocrx_word' id='word_1_471' title='bbox 1411 5820 1463 5872; x_wconf 84' lang='lat'>9.</span> 
     </span>
    </p>
   </div>
   <div class='ocr_carea' id='block_1_60' title="bbox 1313 457 2808 544">
    <p class='ocr_par' dir='ltr' id='par_1_60' title="bbox 1313 457 2808 544">
     <span class='ocr_line' id='line_1_60' title="bbox 1313 457 2808 544; baseline -0.019 -1"><span class='ocrx_word' id='word_1_472' title='bbox 1313 478 1724 544; x_wconf 80' lang='lat' dir='ltr'>CUMMENT.</span> <span class='ocrx_word' id='word_1_473' title='bbox 1770 475 1849 535; x_wconf 65' lang='lat' dir='ltr'>IN</span> <span class='ocrx_word' id='word_1_474' title='bbox 1900 469 2147 532; x_wconf 84' lang='lat' dir='ltr'>EPIST.</span> <span class='ocrx_word' id='word_1_475' title='bbox 2192 466 2246 529; x_wconf 83' lang='lat' dir='ltr'>Il</span> <span class='ocrx_word' id='word_1_476' title='bbox 2291 466 2392 526; x_wconf 86' lang='lat' dir='ltr'>AD</span> <span class='ocrx_word' id='word_1_477' title='bbox 2438 457 2808 523; x_wconf 80' lang='lat' dir='ltr'>CORINTH.</span> 
     </span>
    </p>
   </div>
   <div class='ocr_carea' id='block_1_61' title="bbox 1673 573 2044 680">
    <p class='ocr_par' dir='ltr' id='par_1_61' title="bbox 1673 603 2044 679">
     <span class='ocr_line' id='line_1_61' title="bbox 1673 603 2044 679; baseline -0.022 -14"><span class='ocrx_word' id='word_1_478' title='bbox 1673 603 2006 676; x_wconf 80' lang='grc' dir='ltr'>σπουδάζον·</span> <span class='ocrx_word' id='word_1_479' title='bbox 2040 668 2044 679; x_wconf 33' lang='grc' dir='ltr'>ι</span> 
     </span>
    </p>
   </div>
   <div class='ocr_carea' id='block_1_62' title="bbox 2151 573 3777 680">
    <p class='ocr_par' dir='ltr' id='par_1_62' title="bbox 2151 573 3777 661">
     <span class='ocr_line' id='line_1_62' title="bbox 2151 573 3777 661; baseline -0.019 -3"><span class='ocrx_word' id='word_1_480' title='bbox 2151 589 2927 661; x_wconf 79' lang='lat' dir='ltr'>nodestiam,etexihibitum</span> <span class='ocrx_word' id='word_1_481' title='bbox 2959 585 3087 642; x_wconf 84' lang='lat' dir='ltr'>sine</span> <span class='ocrx_word' id='word_1_482' title='bbox 3110 583 3353 653; x_wconf 89' lang='lat' dir='ltr'>sumptu</span> <span class='ocrx_word' id='word_1_483' title='bbox 3384 573 3777 645; x_wconf 71' lang='lat' dir='ltr'>evangelium,</span> 
     </span>
    </p>
   </div>
   <div class='ocr_carea' id='block_1_63' title="bbox 3657 436 3777 500">
    <p class='ocr_par' dir='ltr' id='par_1_63' title="bbox 3657 436 3777 500">
     <span class='ocr_line' id='line_1_63' title="bbox 3657 436 3777 500; baseline -0.008 -1"><span class='ocrx_word' id='word_1_484' title='bbox 3657 436 3777 500; x_wconf 81' lang='lat'>986</span> 
     </span>
    </p>
   </div>
   <div class='ocr_carea' id='block_1_64' title="bbox 2119 665 3777 772">
    <p class='ocr_par' dir='ltr' id='par_1_64' title="bbox 2119 665 3777 772">
     <span class='ocr_line' id='line_1_64' title="bbox 2119 665 3777 772; baseline -0.022 -23"><span class='ocrx_word' id='word_1_485' title='bbox 2119 696 2531 772; x_wconf 75' lang='lat' dir='ltr'>servatumque</span> <span class='ocrx_word' id='word_1_486' title='bbox 2552 684 2615 739; x_wconf 89' lang='lat' dir='ltr'>in</span> <span class='ocrx_word' id='word_1_487' title='bbox 2634 679 2918 738; x_wconf 88' lang='lat' dir='ltr'>omnibus</span> <span class='ocrx_word' id='word_1_488' title='bbox 2934 675 3275 749; x_wconf 74' lang='lat' dir='ltr'>puritatem.</span> <span class='ocrx_word' id='word_1_489' title='bbox 3305 692 3333 720; x_wconf 74' lang='grc' dir='ltr'>ιι</span> <span class='ocrx_word' id='word_1_490' title='bbox 3365 669 3428 723; x_wconf 92' lang='lat' dir='ltr'>ln</span> <span class='ocrx_word' id='word_1_491' title='bbox 3452 665 3720 723; x_wconf 88' lang='lat' dir='ltr'>scientia.</span> <span class='ocrx_word' id='word_1_492' title='bbox 3748 685 3777 713; x_wconf 84' lang='lat'>))</span> 
     </span>
    </p>
   </div>
   <div class='ocr_carea' id='block_1_65' title="bbox 2120 754 3783 849">
    <p class='ocr_par' dir='ltr' id='par_1_65' title="bbox 2120 754 3783 849">
     <span class='ocr_line' id='line_1_65' title="bbox 2120 754 3783 849; baseline -0.018 -12"><span class='ocrx_word' id='word_1_493' title='bbox 2120 783 2189 837; x_wconf 91' lang='lat' dir='ltr'>In</span> <span class='ocrx_word' id='word_1_494' title='bbox 2212 764 2321 836; x_wconf 87' lang='lat' dir='ltr'>Dei</span> <span class='ocrx_word' id='word_1_495' title='bbox 2354 774 2650 849; x_wconf 78' lang='lat' dir='ltr'>sapientia</span> <span class='ocrx_word' id='word_1_496' title='bbox 2681 787 2812 842; x_wconf 64' lang='lat' dir='ltr'>qua)</span> <span class='ocrx_word' id='word_1_497' title='bbox 2845 782 2982 821; x_wconf 90' lang='lat' dir='ltr'>vera</span> <span class='ocrx_word' id='word_1_498' title='bbox 3013 769 3105 819; x_wconf 88' lang='lat' dir='ltr'>est</span> <span class='ocrx_word' id='word_1_499' title='bbox 3134 760 3424 817; x_wconf 88' lang='lat' dir='ltr'>scientia:</span> <span class='ocrx_word' id='word_1_500' title='bbox 3458 772 3580 811; x_wconf 87' lang='lat' dir='ltr'>non</span> <span class='ocrx_word' id='word_1_501' title='bbox 3628 754 3783 809; x_wconf 86' lang='lat' dir='ltr'>sicut</span> 
     </span>
    </p>
   </div>
   <div class='ocr_carea' id='block_1_66' title="bbox 2122 845 3781 945">
    <p class='ocr_par' dir='ltr' id='par_1_66' title="bbox 2122 845 3781 945">
     <span class='ocr_line' id='line_1_66' title="bbox 2122 845 3781 945; baseline -0.019 -16"><span class='ocrx_word' id='word_1_502' title='bbox 2122 845 2606 945; x_wconf 78' lang='lat' dir='ltr'>pseudoapostoli</span> <span class='ocrx_word' id='word_1_503' title='bbox 2629 862 2727 933; x_wconf 88' lang='lat' dir='ltr'>qui</span> <span class='ocrx_word' id='word_1_504' title='bbox 2750 860 2823 915; x_wconf 92' lang='lat' dir='ltr'>ob</span> <span class='ocrx_word' id='word_1_505' title='bbox 2848 859 3174 913; x_wconf 85' lang='lat' dir='ltr'>humanam</span> <span class='ocrx_word' id='word_1_506' title='bbox 3198 849 3551 922; x_wconf 89' lang='lat' dir='ltr'>sapientiem</span> <span class='ocrx_word' id='word_1_507' title='bbox 3570 845 3781 901; x_wconf 78' lang='lat' dir='ltr'>cristas</span> 
     </span>
    </p>
   </div>
   <div class='ocr_carea' id='block_1_67' title="bbox 2124 937 3780 1034">
    <p class='ocr_par' dir='ltr' id='par_1_67' title="bbox 2124 937 3780 1034">
     <span class='ocr_line' id='line_1_67' title="bbox 2124 937 3780 1034; baseline -0.019 -16"><span class='ocrx_word' id='word_1_508' title='bbox 2124 937 2448 1034; x_wconf 71' lang='lat' dir='ltr'>erigebant.</span> <span class='ocrx_word' id='word_1_509' title='bbox 2467 951 2740 1009; x_wconf 82' lang='lat' dir='ltr'>—Aliud.</span> <span class='ocrx_word' id='word_1_510' title='bbox 2769 954 2849 1003; x_wconf 82' lang='lat' dir='ltr'>Ac</span> <span class='ocrx_word' id='word_1_511' title='bbox 2872 947 2920 1002; x_wconf 90' lang='lat' dir='ltr'>si</span> <span class='ocrx_word' id='word_1_512' title='bbox 2953 944 3111 1001; x_wconf 84' lang='lat' dir='ltr'>dicat</span> <span class='ocrx_word' id='word_1_513' title='bbox 3140 959 3152 994; x_wconf 94' lang='lat'>:</span> <span class='ocrx_word' id='word_1_514' title='bbox 3206 942 3277 994; x_wconf 89' lang='lat' dir='ltr'>Et</span> <span class='ocrx_word' id='word_1_515' title='bbox 3317 938 3475 993; x_wconf 88' lang='lat' dir='ltr'>circa</span> <span class='ocrx_word' id='word_1_516' title='bbox 3518 939 3693 989; x_wconf 91' lang='lat' dir='ltr'>notos</span> <span class='ocrx_word' id='word_1_517' title='bbox 3720 937 3780 987; x_wconf 91' lang='lat' dir='ltr'>et</span> 
     </span>
    </p>
   </div>
   <div class='ocr_carea' id='block_1_68' title="bbox 2124 1024 3779 1122">
    <p class='ocr_par' dir='ltr' id='par_1_68' title="bbox 2124 1024 3779 1122">
     <span class='ocr_line' id='line_1_68' title="bbox 2124 1024 3779 1122; baseline -0.02 -14"><span class='ocrx_word' id='word_1_518' title='bbox 2124 1052 2283 1107; x_wconf 91' lang='lat' dir='ltr'>circa</span> <span class='ocrx_word' id='word_1_519' title='bbox 2312 1050 2547 1122; x_wconf 87' lang='lat' dir='ltr'>ignotos</span> <span class='ocrx_word' id='word_1_520' title='bbox 2580 1042 2844 1098; x_wconf 85' lang='lat' dir='ltr'>nitamur</span> <span class='ocrx_word' id='word_1_521' title='bbox 2872 1052 2984 1091; x_wconf 88' lang='lat' dir='ltr'>nos</span> <span class='ocrx_word' id='word_1_522' title='bbox 3014 1031 3293 1089; x_wconf 81' lang='lat' dir='ltr'>exhibere</span> <span class='ocrx_word' id='word_1_523' title='bbox 3312 1024 3685 1099; x_wconf 86' lang='lat' dir='ltr'>longanimes</span> <span class='ocrx_word' id='word_1_524' title='bbox 3710 1038 3779 1078; x_wconf 89' lang='lat' dir='ltr'>ac</span> 
     </span>
    </p>
   </div>
   <div class='ocr_carea' id='block_1_69' title="bbox 2125 1109 3780 1205">
    <p class='ocr_par' dir='ltr' id='par_1_69' title="bbox 2125 1109 3780 1205">
     <span class='ocr_line' id='line_1_69' title="bbox 2125 1109 3780 1205; baseline -0.021 -6"><span class='ocrx_word' id='word_1_525' title='bbox 2125 1109 2525 1198; x_wconf 54' lang='lat' dir='ltr'>utiles.vNam</span> <span class='ocrx_word' id='word_1_526' title='bbox 2579 1132 2739 1205; x_wconf 93' lang='lat' dir='ltr'>quod</span> <span class='ocrx_word' id='word_1_527' title='bbox 2795 1129 2898 1193; x_wconf 89' lang='lat' dir='ltr'>ait,</span> <span class='ocrx_word' id='word_1_528' title='bbox 2954 1123 3006 1179; x_wconf 86' lang='grc' dir='ltr'>ἐν</span> <span class='ocrx_word' id='word_1_529' title='bbox 3063 1118 3343 1197; x_wconf 78' lang='grc' dir='ltr'>ἁγνότητι,</span> <span class='ocrx_word' id='word_1_530' title='bbox 3398 1117 3512 1171; x_wconf 89' lang='lat' dir='ltr'>hoc</span> <span class='ocrx_word' id='word_1_531' title='bbox 3569 1118 3678 1177; x_wconf 87' lang='lat' dir='ltr'>est,</span> <span class='ocrx_word' id='word_1_532' title='bbox 3726 1109 3780 1164; x_wconf 86' lang='grc' dir='ltr'>ἐν</span> 
     </span>
    </p>
   </div>
   <div class='ocr_carea' id='block_1_70' title="bbox 2127 1202 3778 1307">
    <p class='ocr_par' dir='ltr' id='par_1_70' title="bbox 2127 1202 3778 1307">
     <span class='ocr_line' id='line_1_70' title="bbox 2127 1202 3778 1307; baseline -0.019 -21"><span class='ocrx_word' id='word_1_533' title='bbox 2127 1228 2338 1307; x_wconf 78' lang='grc' dir='ltr'>ἀγνοίᾳ,</span> <span class='ocrx_word' id='word_1_534' title='bbox 2369 1227 2430 1283; x_wconf 90' lang='lat' dir='ltr'>id</span> <span class='ocrx_word' id='word_1_535' title='bbox 2461 1230 2572 1292; x_wconf 89' lang='lat' dir='ltr'>est,</span> <span class='ocrx_word' id='word_1_536' title='bbox 2598 1202 2664 1278; x_wconf 68' lang='lat' dir='ltr'>in</span> <span class='ocrx_word' id='word_1_537' title='bbox 2690 1216 3040 1290; x_wconf 76' lang='lat' dir='ltr'>ignorantia,</span> <span class='ocrx_word' id='word_1_538' title='bbox 3072 1217 3131 1267; x_wconf 88' lang='lat' dir='ltr'>et</span> <span class='ocrx_word' id='word_1_539' title='bbox 3159 1225 3283 1265; x_wconf 91' lang='lat' dir='ltr'>non</span> <span class='ocrx_word' id='word_1_540' title='bbox 3313 1204 3519 1279; x_wconf 82' lang='grc' dir='ltr'>ἁγνείᾳ,</span> <span class='ocrx_word' id='word_1_541' title='bbox 3550 1202 3611 1257; x_wconf 91' lang='lat' dir='ltr'>id</span> <span class='ocrx_word' id='word_1_542' title='bbox 3669 1206 3778 1270; x_wconf 90' lang='lat' dir='ltr'>est,</span> 
     </span>
    </p>
   </div>
   <div class='ocr_carea' id='block_1_71' title="bbox 2128 1291 3782 1386">
    <p class='ocr_par' dir='ltr' id='par_1_71' title="bbox 2128 1291 3782 1386">
     <span class='ocr_line' id='line_1_71' title="bbox 2128 1291 3782 1386; baseline -0.02 -9"><span class='ocrx_word' id='word_1_543' title='bbox 2128 1291 3067 1386; x_wconf 37' lang='lat' dir='ltr'>ccistita&#39;tevelpuritate.—Aliud,</span> <span class='ocrx_word' id='word_1_544' title='bbox 3088 1295 3382 1373; x_wconf 82' lang='grc' dir='ltr'>ἁγνότητα,</span> <span class='ocrx_word' id='word_1_545' title='bbox 3417 1293 3476 1349; x_wconf 93' lang='lat' dir='ltr'>id</span> <span class='ocrx_word' id='word_1_546' title='bbox 3518 1296 3628 1360; x_wconf 91' lang='lat' dir='ltr'>est,</span> <span class='ocrx_word' id='word_1_547' title='bbox 3661 1291 3782 1345; x_wconf 87' lang='lat' dir='ltr'>sin-</span> 
     </span>
    </p>
   </div>
   <div class='ocr_carea' id='block_1_72' title="bbox 2127 1380 3784 1473">
    <p class='ocr_par' dir='ltr' id='par_1_72' title="bbox 2127 1380 3784 1473">
     <span class='ocr_line' id='line_1_72' title="bbox 2127 1380 3784 1473; baseline -0.021 -5"><span class='ocrx_word' id='word_1_548' title='bbox 2127 1411 2435 1467; x_wconf 85' lang='lat' dir='ltr'>ceritatem</span> <span class='ocrx_word' id='word_1_549' title='bbox 2458 1403 2602 1461; x_wconf 90' lang='lat' dir='ltr'>dicit</span> <span class='ocrx_word' id='word_1_550' title='bbox 2617 1397 3005 1473; x_wconf 85' lang='lat' dir='ltr'>pecuniarum</span> <span class='ocrx_word' id='word_1_551' title='bbox 3020 1392 3364 1461; x_wconf 85' lang='lat' dir='ltr'>despectum</span> <span class='ocrx_word' id='word_1_552' title='bbox 3382 1399 3598 1453; x_wconf 88' lang='lat' dir='ltr'>;neque</span> <span class='ocrx_word' id='word_1_553' title='bbox 3621 1380 3784 1435; x_wconf 90' lang='lat' dir='ltr'>enim</span> 
     </span>
    </p>
   </div>
   <div class='ocr_carea' id='block_1_73' title="bbox 2129 1469 3784 1557">
    <p class='ocr_par' dir='ltr' id='par_1_73' title="bbox 2129 1469 3784 1557">
     <span class='ocr_line' id='line_1_73' title="bbox 2129 1469 3784 1557; baseline -0.022 0"><span class='ocrx_word' id='word_1_554' title='bbox 2129 1518 2165 1557; x_wconf 90' lang='lat' dir='ltr'>a</span> <span class='ocrx_word' id='word_1_555' title='bbox 2193 1495 2517 1556; x_wconf 88' lang='lat' dir='ltr'>Corinthiis</span> <span class='ocrx_word' id='word_1_556' title='bbox 2546 1494 2609 1547; x_wconf 90' lang='lat' dir='ltr'>in</span> <span class='ocrx_word' id='word_1_557' title='bbox 2639 1480 3011 1545; x_wconf 85' lang='lat' dir='ltr'>necessarios</span> <span class='ocrx_word' id='word_1_558' title='bbox 3039 1495 3184 1536; x_wconf 90' lang='lat' dir='ltr'>usus</span> <span class='ocrx_word' id='word_1_559' title='bbox 3213 1476 3542 1545; x_wconf 87' lang='lat' dir='ltr'>acceperat.</span> <span class='ocrx_word' id='word_1_560' title='bbox 3578 1469 3784 1525; x_wconf 91' lang='lat' dir='ltr'>Scien-</span> 
     </span>
    </p>
   </div>
   <div class='ocr_carea' id='block_1_74' title="bbox 2129 1558 3784 1653">
    <p class='ocr_par' dir='ltr' id='par_1_74' title="bbox 2129 1558 3784 1653">
     <span class='ocr_line' id='line_1_74' title="bbox 2129 1558 3784 1653; baseline -0.022 -5"><span class='ocrx_word' id='word_1_561' title='bbox 2129 1592 2276 1648; x_wconf 88' lang='lat' dir='ltr'>tiam</span> <span class='ocrx_word' id='word_1_562' title='bbox 2305 1603 2464 1653; x_wconf 89' lang='lat' dir='ltr'>vero,</span> <span class='ocrx_word' id='word_1_563' title='bbox 2496 1581 2851 1638; x_wconf 83' lang='lat' dir='ltr'>doctrinam,</span> <span class='ocrx_word' id='word_1_564' title='bbox 2884 1579 2949 1631; x_wconf 85' lang='lat' dir='ltr'>ut</span> <span class='ocrx_word' id='word_1_565' title='bbox 2980 1571 3209 1643; x_wconf 87' lang='lat' dir='ltr'>opinor.</span> <span class='ocrx_word' id='word_1_566' title='bbox 3245 1588 3274 1617; x_wconf 75' lang='grc' dir='ltr'>ι(</span> <span class='ocrx_word' id='word_1_567' title='bbox 3304 1567 3373 1619; x_wconf 94' lang='lat' dir='ltr'>In</span> <span class='ocrx_word' id='word_1_568' title='bbox 3421 1558 3784 1634; x_wconf 85' lang='lat' dir='ltr'>longanimi—</span> 
     </span>
    </p>
   </div>
   <div class='ocr_carea' id='block_1_75' title="bbox 2132 1648 3785 1737">
    <p class='ocr_par' dir='ltr' id='par_1_75' title="bbox 2132 1648 3785 1737">
     <span class='ocr_line' id='line_1_75' title="bbox 2132 1648 3785 1737; baseline -0.023 0"><span class='ocrx_word' id='word_1_569' title='bbox 2132 1685 2270 1736; x_wconf 85' lang='lat' dir='ltr'>tate.</span> <span class='ocrx_word' id='word_1_570' title='bbox 2310 1699 2329 1726; x_wconf 81' lang='grc' dir='ltr'>ιι</span> <span class='ocrx_word' id='word_1_571' title='bbox 2367 1648 2765 1732; x_wconf 82' lang='lat' dir='ltr'>Adamantino</span> <span class='ocrx_word' id='word_1_572' title='bbox 2792 1681 2941 1737; x_wconf 89' lang='lat' dir='ltr'>opus</span> <span class='ocrx_word' id='word_1_573' title='bbox 2972 1665 3099 1716; x_wconf 90' lang='lat' dir='ltr'>erat</span> <span class='ocrx_word' id='word_1_574' title='bbox 3130 1655 3352 1722; x_wconf 88' lang='lat' dir='ltr'>animo,</span> <span class='ocrx_word' id='word_1_575' title='bbox 3402 1657 3469 1706; x_wconf 88' lang='lat' dir='ltr'>ut</span> <span class='ocrx_word' id='word_1_576' title='bbox 3517 1648 3785 1718; x_wconf 86' lang='lat' dir='ltr'>undique</span> 
     </span>
    </p>
   </div>
   <div class='ocr_carea' id='block_1_76' title="bbox 2133 1742 3786 1827">
    <p class='ocr_par' dir='ltr' id='par_1_76' title="bbox 2133 1742 3786 1827">
     <span class='ocr_line' id='line_1_76' title="bbox 2133 1742 3786 1827; baseline -0.021 0"><span class='ocrx_word' id='word_1_577' title='bbox 2133 1785 2323 1827; x_wconf 76' lang='lat' dir='ltr'>cmsus</span> <span class='ocrx_word' id='word_1_578' title='bbox 2339 1781 2461 1821; x_wconf 90' lang='lat' dir='ltr'>non</span> <span class='ocrx_word' id='word_1_579' title='bbox 2478 1767 2707 1818; x_wconf 83' lang='lat' dir='ltr'>tantum</span> <span class='ocrx_word' id='word_1_580' title='bbox 2724 1746 3219 1827; x_wconf 77' lang='lat' dir='ltr'>longanimis,sed</span> <span class='ocrx_word' id='word_1_581' title='bbox 3232 1742 3594 1814; x_wconf 87' lang='lat' dir='ltr'>etbenignus</span> <span class='ocrx_word' id='word_1_582' title='bbox 3609 1742 3786 1793; x_wconf 82' lang='lat' dir='ltr'>esset.</span> 
     </span>
    </p>
   </div>
   <div class='ocr_carea' id='block_1_77' title="bbox 2137 1830 3786 1933">
    <p class='ocr_par' dir='ltr' id='par_1_77' title="bbox 2137 1830 3786 1933">
     <span class='ocr_line' id='line_1_77' title="bbox 2137 1830 3786 1933; baseline -0.023 -15"><span class='ocrx_word' id='word_1_583' title='bbox 2137 1858 2443 1933; x_wconf 87' lang='lat' dir='ltr'>Siquidem</span> <span class='ocrx_word' id='word_1_584' title='bbox 2482 1849 2919 1909; x_wconf 88' lang='lat' dir='ltr'>maledicimur.</span> <span class='ocrx_word' id='word_1_585' title='bbox 2954 1840 3170 1913; x_wconf 84' lang='lat' dir='ltr'>inquit,</span> <span class='ocrx_word' id='word_1_586' title='bbox 3204 1836 3308 1891; x_wconf 91' lang='lat' dir='ltr'>sed</span> <span class='ocrx_word' id='word_1_587' title='bbox 3362 1830 3740 1888; x_wconf 90' lang='lat' dir='ltr'>bendicimus</span> <span class='ocrx_word' id='word_1_588' title='bbox 3774 1843 3786 1880; x_wconf 95' lang='lat'>:</span> 
     </span>
    </p>
   </div>
   <div class='ocr_carea' id='block_1_78' title="bbox 2139 1917 3793 2020">
    <p class='ocr_par' dir='ltr' id='par_1_78' title="bbox 2139 1917 3793 2020">
     <span class='ocr_line' id='line_1_78' title="bbox 2139 1917 3793 2020; baseline -0.019 -20"><span class='ocrx_word' id='word_1_589' title='bbox 2139 1917 2165 2001; x_wconf 61' lang='grc' dir='ltr'>(ι</span> <span class='ocrx_word' id='word_1_590' title='bbox 2198 1917 2264 2006; x_wconf 72' lang='lat' dir='ltr'>1h</span> <span class='ocrx_word' id='word_1_591' title='bbox 2295 1945 2518 2020; x_wconf 88' lang='lat' dir='ltr'>Spiritu</span> <span class='ocrx_word' id='word_1_592' title='bbox 2550 1945 2775 1997; x_wconf 87' lang='lat' dir='ltr'>sancto.</span> <span class='ocrx_word' id='word_1_593' title='bbox 2813 1957 2840 1984; x_wconf 68' lang='grc' dir='ltr'>»ι</span> <span class='ocrx_word' id='word_1_594' title='bbox 2873 1930 3098 1990; x_wconf 85' lang='lat' dir='ltr'>Deinde</span> <span class='ocrx_word' id='word_1_595' title='bbox 3153 1922 3416 1982; x_wconf 84' lang='lat' dir='ltr'>ostendit</span> <span class='ocrx_word' id='word_1_596' title='bbox 3468 1918 3630 1975; x_wconf 90' lang='lat' dir='ltr'>unde</span> <span class='ocrx_word' id='word_1_597' title='bbox 3680 1917 3793 1972; x_wconf 90' lang='lat' dir='ltr'>hu-</span> 
     </span>
    </p>
   </div>
   <div class='ocr_carea' id='block_1_79' title="bbox 2129 2008 3795 2113">
    <p class='ocr_par' dir='ltr' id='par_1_79' title="bbox 2129 2008 3795 2113">
     <span class='ocr_line' id='line_1_79' title="bbox 2129 2008 3795 2113; baseline -0.023 -15"><span class='ocrx_word' id='word_1_598' title='bbox 2129 2036 2395 2113; x_wconf 87' lang='lat' dir='ltr'>jusmodi</span> <span class='ocrx_word' id='word_1_599' title='bbox 2427 2032 2606 2089; x_wconf 86' lang='lat' dir='ltr'>fuerit</span> <span class='ocrx_word' id='word_1_600' title='bbox 2634 2029 2891 2085; x_wconf 88' lang='lat' dir='ltr'>animus.</span> <span class='ocrx_word' id='word_1_601' title='bbox 2924 2023 2991 2077; x_wconf 94' lang='lat' dir='ltr'>In</span> <span class='ocrx_word' id='word_1_602' title='bbox 3021 2017 3263 2090; x_wconf 89' lang='lat' dir='ltr'>Spiritu,</span> <span class='ocrx_word' id='word_1_603' title='bbox 3287 2011 3503 2083; x_wconf 87' lang='lat' dir='ltr'>inquit,</span> <span class='ocrx_word' id='word_1_604' title='bbox 3537 2008 3656 2062; x_wconf 84' lang='lat' dir='ltr'>sive</span> <span class='ocrx_word' id='word_1_605' title='bbox 3687 2021 3795 2077; x_wconf 87' lang='lat' dir='ltr'>per</span> 
     </span>
    </p>
   </div>
   <div class='ocr_carea' id='block_1_80' title="bbox 2138 2097 3794 2202">
    <p class='ocr_par' dir='ltr' id='par_1_80' title="bbox 2138 2097 3794 2202">
     <span class='ocr_line' id='line_1_80' title="bbox 2138 2097 3794 2202; baseline -0.024 -15"><span class='ocrx_word' id='word_1_606' title='bbox 2138 2128 2421 2202; x_wconf 87' lang='lat' dir='ltr'>Spiritum</span> <span class='ocrx_word' id='word_1_607' title='bbox 2477 2114 3005 2196; x_wconf 87' lang='lat' dir='ltr'>perseveravimus.</span> <span class='ocrx_word' id='word_1_608' title='bbox 3064 2108 3227 2162; x_wconf 91' lang='lat' dir='ltr'>Tunc</span> <span class='ocrx_word' id='word_1_609' title='bbox 3286 2107 3485 2157; x_wconf 90' lang='lat' dir='ltr'>autem</span> <span class='ocrx_word' id='word_1_610' title='bbox 3540 2097 3794 2170; x_wconf 85' lang='lat' dir='ltr'>Spiritus</span> 
     </span>
    </p>
   </div>
   <div class='ocr_carea' id='block_1_81' title="bbox 2139 2190 3789 2284">
    <p class='ocr_par' dir='ltr' id='par_1_81' title="bbox 2139 2190 3789 2284">
     <span class='ocr_line' id='line_1_81' title="bbox 2139 2190 3789 2284; baseline -0.022 -9"><span class='ocrx_word' id='word_1_611' title='bbox 2139 2217 2422 2276; x_wconf 83' lang='lat' dir='ltr'>auxilium</span> <span class='ocrx_word' id='word_1_612' title='bbox 2452 2209 2670 2284; x_wconf 87' lang='lat' dir='ltr'>posuit,</span> <span class='ocrx_word' id='word_1_613' title='bbox 2703 2221 2838 2262; x_wconf 90' lang='lat' dir='ltr'>cum</span> <span class='ocrx_word' id='word_1_614' title='bbox 2871 2218 2941 2257; x_wconf 90' lang='lat' dir='ltr'>ea</span> <span class='ocrx_word' id='word_1_615' title='bbox 2971 2195 3219 2256; x_wconf 81' lang='lat' dir='ltr'>adduxit</span> <span class='ocrx_word' id='word_1_616' title='bbox 3247 2208 3379 2264; x_wconf 65' lang='lat' dir='ltr'>quae</span> <span class='ocrx_word' id='word_1_617' title='bbox 3440 2204 3547 2245; x_wconf 89' lang='lat' dir='ltr'>sua</span> <span class='ocrx_word' id='word_1_618' title='bbox 3602 2190 3789 2242; x_wconf 87' lang='lat' dir='ltr'>erant.</span> 
     </span>
    </p>
   </div>
   <div class='ocr_carea' id='block_1_82' title="bbox 2140 2278 3798 2362">
    <p class='ocr_par' dir='ltr' id='par_1_82' title="bbox 2140 2278 3798 2362">
     <span class='ocr_line' id='line_1_82' title="bbox 2140 2278 3798 2362; baseline -0.02 -1"><span class='ocrx_word' id='word_1_619' title='bbox 2140 2333 2169 2361; x_wconf 84' lang='lat'><strong><em>«</em></strong></span> <span class='ocrx_word' id='word_1_620' title='bbox 2206 2309 2269 2362; x_wconf 90' lang='lat' dir='ltr'>ln</span> <span class='ocrx_word' id='word_1_621' title='bbox 2299 2303 2587 2362; x_wconf 89' lang='lat' dir='ltr'>charitate</span> <span class='ocrx_word' id='word_1_622' title='bbox 2618 2313 2740 2353; x_wconf 90' lang='lat' dir='ltr'>non</span> <span class='ocrx_word' id='word_1_623' title='bbox 2773 2290 3072 2349; x_wconf 88' lang='lat' dir='ltr'>simulata.</span> <span class='ocrx_word' id='word_1_624' title='bbox 3105 2311 3130 2337; x_wconf 73' lang='grc' dir='ltr'><strong>η</strong></span> <span class='ocrx_word' id='word_1_625' title='bbox 3162 2284 3283 2339; x_wconf 89' lang='lat' dir='ltr'>Hoc</span> <span class='ocrx_word' id='word_1_626' title='bbox 3310 2283 3664 2336; x_wconf 88' lang='lat' dir='ltr'>cunctorum</span> <span class='ocrx_word' id='word_1_627' title='bbox 3705 2278 3798 2330; x_wconf 89' lang='lat' dir='ltr'>est</span> 
     </span>
    </p>
   </div>
   <div class='ocr_carea' id='block_1_83' title="bbox 2141 2367 3796 2459">
    <p class='ocr_par' dir='ltr' id='par_1_83' title="bbox 2141 2367 3796 2459">
     <span class='ocr_line' id='line_1_83' title="bbox 2141 2367 3796 2459; baseline -0.024 -1"><span class='ocrx_word' id='word_1_628' title='bbox 2141 2416 2321 2459; x_wconf 89' lang='lat' dir='ltr'>causa</span> <span class='ocrx_word' id='word_1_629' title='bbox 2349 2398 2664 2459; x_wconf 90' lang='lat' dir='ltr'>honorum,</span> <span class='ocrx_word' id='word_1_630' title='bbox 2699 2390 2812 2444; x_wconf 89' lang='lat' dir='ltr'>hoc</span> <span class='ocrx_word' id='word_1_631' title='bbox 2843 2384 3024 2440; x_wconf 86' lang='lat' dir='ltr'>talem</span> <span class='ocrx_word' id='word_1_632' title='bbox 3084 2380 3282 2451; x_wconf 90' lang='lat' dir='ltr'>ipsum</span> <span class='ocrx_word' id='word_1_633' title='bbox 3344 2369 3621 2433; x_wconf 86' lang='lat' dir='ltr'>reddidit,</span> <span class='ocrx_word' id='word_1_634' title='bbox 3682 2367 3796 2421; x_wconf 91' lang='lat' dir='ltr'>hoc</span> 
     </span>
    </p>
   </div>
   <div class='ocr_carea' id='block_1_84' title="bbox 2143 2456 3795 2564">
    <p class='ocr_par' dir='ltr' id='par_1_84' title="bbox 2143 2456 3795 2564">
     <span class='ocr_line' id='line_1_84' title="bbox 2143 2456 3795 2564; baseline -0.023 -18"><span class='ocrx_word' id='word_1_635' title='bbox 2143 2488 2428 2564; x_wconf 88' lang='lat' dir='ltr'>Spiritum</span> <span class='ocrx_word' id='word_1_636' title='bbox 2457 2495 2701 2538; x_wconf 89' lang='lat' dir='ltr'>manere</span> <span class='ocrx_word' id='word_1_637' title='bbox 2732 2475 2892 2532; x_wconf 82' lang='lat' dir='ltr'>fecit.</span> <span class='ocrx_word' id='word_1_638' title='bbox 2929 2494 2955 2522; x_wconf 89' lang='grc'><em>‹‹</em></span> <span class='ocrx_word' id='word_1_639' title='bbox 2986 2473 3051 2525; x_wconf 85' lang='lat' dir='ltr'>In</span> <span class='ocrx_word' id='word_1_640' title='bbox 3081 2480 3358 2523; x_wconf 87' lang='lat' dir='ltr'>sermone</span> <span class='ocrx_word' id='word_1_641' title='bbox 3419 2456 3702 2515; x_wconf 84' lang='lat' dir='ltr'>veritatis.</span> <span class='ocrx_word' id='word_1_642' title='bbox 3767 2475 3795 2503; x_wconf 82' lang='grc'><strong>››</strong></span> 
     </span>
     <span class='ocr_line' id='line_1_85' title="bbox 3022 2545 3789 2564; baseline -0.023 0"><span class='ocrx_word' id='word_1_643' title='bbox 3022 2560 3031 2564; x_wconf 89' lang='grc'>-</span> <span class='ocrx_word' id='word_1_644' title='bbox 3081 2558 3095 2564; x_wconf 86' lang='grc'>-</span> <span class='ocrx_word' id='word_1_645' title='bbox 3204 2561 3210 2564; x_wconf 93' lang='lat'><em>_</em></span> <span class='ocrx_word' id='word_1_646' title='bbox 3333 2557 3341 2564; x_wconf 90' lang='lat'>_</span> <span class='ocrx_word' id='word_1_647' title='bbox 3438 2554 3447 2564; x_wconf 80' lang='grc'>,</span> <span class='ocrx_word' id='word_1_648' title='bbox 3600 2563 3611 2564; x_wconf 19' lang='grc' dir='ltr'>ί</span> <span class='ocrx_word' id='word_1_649' title='bbox 3656 2545 3789 2564; x_wconf 55' lang='lat' dir='ltr'>L____</span> 
     </span>
    </p>
   </div>
   <div class='ocr_carea' id='block_1_85' title="bbox 2144 2545 3798 2646">
    <p class='ocr_par' dir='ltr' id='par_1_85' title="bbox 2144 2545 3798 2646">
     <span class='ocr_line' id='line_1_86' title="bbox 2144 2545 3798 2646; baseline -0.024 -9"><span class='ocrx_word' id='word_1_650' title='bbox 2144 2545 2311 2646; x_wconf 60' lang='lat' dir='ltr'>Quod</span> <span class='ocrx_word' id='word_1_651' title='bbox 2368 2572 2509 2630; x_wconf 87' lang='lat' dir='ltr'>alibi</span> <span class='ocrx_word' id='word_1_652' title='bbox 2568 2569 2759 2626; x_wconf 65' lang='lat' dir='ltr'>dicit:</span> <span class='ocrx_word' id='word_1_653' title='bbox 2816 2566 2944 2620; x_wconf 89' lang='lat' dir='ltr'>Non</span> <span class='ocrx_word' id='word_1_654' title='bbox 3001 2558 3138 2615; x_wconf 89' lang='lat' dir='ltr'>dolo</span> <span class='ocrx_word' id='word_1_655' title='bbox 3196 2554 3525 2609; x_wconf 87' lang='lat' dir='ltr'>tractantes</span> <span class='ocrx_word' id='word_1_656' title='bbox 3553 2545 3798 2602; x_wconf 78' lang='lat' dir='ltr'>verbum</span> 
     </span>
    </p>
   </div>
   <div class='ocr_carea' id='block_1_86' title="bbox 2144 2638 3801 2727">
    <p class='ocr_par' dir='ltr' id='par_1_86' title="bbox 2144 2638 3801 2727">
     <span class='ocr_line' id='line_1_87' title="bbox 2144 2638 3801 2727; baseline -0.024 -1"><span class='ocrx_word' id='word_1_657' title='bbox 2144 2668 2247 2727; x_wconf 89' lang='lat' dir='ltr'>Dei</span> <span class='ocrx_word' id='word_1_658' title='bbox 2277 2666 2343 2722; x_wconf 63' lang='lat'>‘3.</span> <span class='ocrx_word' id='word_1_659' title='bbox 2380 2686 2410 2715; x_wconf 84' lang='lat'>»</span> <span class='ocrx_word' id='word_1_660' title='bbox 2440 2659 2662 2719; x_wconf 88' lang='lat' dir='ltr'>Deinde</span> <span class='ocrx_word' id='word_1_661' title='bbox 2696 2656 2874 2713; x_wconf 90' lang='lat' dir='ltr'>etiam</span> <span class='ocrx_word' id='word_1_662' title='bbox 2909 2669 2921 2706; x_wconf 88' lang='lat'><strong>:</strong></span> <span class='ocrx_word' id='word_1_663' title='bbox 2955 2673 2982 2700; x_wconf 88' lang='grc'><em>‹‹</em></span> <span class='ocrx_word' id='word_1_664' title='bbox 3020 2649 3085 2704; x_wconf 86' lang='lat' dir='ltr'>In</span> <span class='ocrx_word' id='word_1_665' title='bbox 3113 2643 3382 2719; x_wconf 88' lang='lat' dir='ltr'>potentia</span> <span class='ocrx_word' id='word_1_666' title='bbox 3440 2638 3564 2701; x_wconf 88' lang='lat' dir='ltr'>Dei,</span> <span class='ocrx_word' id='word_1_667' title='bbox 3615 2655 3644 2686; x_wconf 82' lang='lat'>»</span> <span class='ocrx_word' id='word_1_668' title='bbox 3694 2650 3801 2705; x_wconf 91' lang='lat' dir='ltr'>per</span> 
     </span>
    </p>
   </div>
   <div class='ocr_carea' id='block_1_87' title="bbox 2148 2723 3801 2830">
    <p class='ocr_par' dir='ltr' id='par_1_87' title="bbox 2148 2723 3801 2830">
     <span class='ocr_line' id='line_1_88' title="bbox 2148 2723 3801 2830; baseline -0.025 -14"><span class='ocrx_word' id='word_1_669' title='bbox 2148 2773 2328 2830; x_wconf 90' lang='lat' dir='ltr'>quam</span> <span class='ocrx_word' id='word_1_670' title='bbox 2359 2752 2583 2818; x_wconf 83' lang='lat' dir='ltr'>omnia,</span> <span class='ocrx_word' id='word_1_671' title='bbox 2613 2745 2830 2818; x_wconf 86' lang='lat' dir='ltr'>inquit,</span> <span class='ocrx_word' id='word_1_672' title='bbox 2866 2738 3093 2813; x_wconf 88' lang='lat' dir='ltr'>operati</span> <span class='ocrx_word' id='word_1_673' title='bbox 3125 2749 3353 2799; x_wconf 89' lang='lat' dir='ltr'>sumus,</span> <span class='ocrx_word' id='word_1_674' title='bbox 3387 2727 3591 2785; x_wconf 90' lang='lat' dir='ltr'>omnia</span> <span class='ocrx_word' id='word_1_675' title='bbox 3638 2723 3801 2779; x_wconf 86' lang='lat' dir='ltr'>enim</span> 
     </span>
    </p>
   </div>
   <div class='ocr_carea' id='block_1_88' title="bbox 2150 2812 3805 2905">
    <p class='ocr_par' dir='ltr' id='par_1_88' title="bbox 2150 2812 3805 2905">
     <span class='ocr_line' id='line_1_89' title="bbox 2150 2812 3805 2905; baseline -0.025 1"><span class='ocrx_word' id='word_1_676' title='bbox 2150 2812 2268 2905; x_wconf 83' lang='lat' dir='ltr'>Deo</span> <span class='ocrx_word' id='word_1_677' title='bbox 2299 2812 2590 2903; x_wconf 76' lang='lat' dir='ltr'>attribuit.</span> <span class='ocrx_word' id='word_1_678' title='bbox 2629 2859 2651 2887; x_wconf 77' lang='grc' dir='ltr'>ι</span> <span class='ocrx_word' id='word_1_679' title='bbox 2684 2812 2796 2892; x_wconf 63' lang='lat' dir='ltr'>Der</span> <span class='ocrx_word' id='word_1_680' title='bbox 2825 2812 2992 2889; x_wconf 86' lang='lat' dir='ltr'>arma</span> <span class='ocrx_word' id='word_1_681' title='bbox 3040 2824 3290 2899; x_wconf 70' lang='lat' dir='ltr'>justitiaa</span> <span class='ocrx_word' id='word_1_682' title='bbox 3349 2821 3555 2876; x_wconf 82' lang='lat' dir='ltr'>dextra</span> <span class='ocrx_word' id='word_1_683' title='bbox 3613 2832 3681 2870; x_wconf 90' lang='lat' dir='ltr'>ac</span> <span class='ocrx_word' id='word_1_684' title='bbox 3729 2812 3805 2867; x_wconf 88' lang='lat' dir='ltr'>si-</span> 
     </span>
    </p>
   </div>
   <div class='ocr_carea' id='block_1_89' title="bbox 2147 2904 3802 2995">
    <p class='ocr_par' dir='ltr' id='par_1_89' title="bbox 2147 2904 3802 2995">
     <span class='ocr_line' id='line_1_90' title="bbox 2147 2904 3802 2995; baseline -0.023 -1"><span class='ocrx_word' id='word_1_685' title='bbox 2147 2939 2356 2994; x_wconf 89' lang='lat' dir='ltr'>nistra.</span> <span class='ocrx_word' id='word_1_686' title='bbox 2395 2957 2416 2984; x_wconf 75' lang='grc' dir='ltr'>ι</span> <span class='ocrx_word' id='word_1_687' title='bbox 2454 2932 2513 2987; x_wconf 89' lang='lat' dir='ltr'>Si</span> <span class='ocrx_word' id='word_1_688' title='bbox 2541 2928 2739 2993; x_wconf 86' lang='lat' dir='ltr'>vultis,</span> <span class='ocrx_word' id='word_1_689' title='bbox 2764 2922 2981 2995; x_wconf 87' lang='lat' dir='ltr'>inquit,</span> <span class='ocrx_word' id='word_1_690' title='bbox 3012 2919 3241 2974; x_wconf 88' lang='lat' dir='ltr'>discere</span> <span class='ocrx_word' id='word_1_691' title='bbox 3270 2910 3431 2967; x_wconf 90' lang='lat' dir='ltr'>unde</span> <span class='ocrx_word' id='word_1_692' title='bbox 3461 2912 3563 2964; x_wconf 88' lang='lat' dir='ltr'>aut</span> <span class='ocrx_word' id='word_1_693' title='bbox 3582 2904 3802 2976; x_wconf 85' lang='lat' dir='ltr'>quibus</span> 
     </span>
    </p>
   </div>
   <div class='ocr_carea' id='block_1_90' title="bbox 2148 2999 3803 3086">
    <p class='ocr_par' dir='ltr' id='par_1_90' title="bbox 2148 2999 3803 3086">
     <span class='ocr_line' id='line_1_91' title="bbox 2148 2999 3803 3086; baseline -0.025 -1"><span class='ocrx_word' id='word_1_694' title='bbox 2148 3026 2363 3084; x_wconf 89' lang='lat' dir='ltr'>mediis</span> <span class='ocrx_word' id='word_1_695' title='bbox 2393 3023 2519 3077; x_wconf 68' lang='lat' dir='ltr'>haao</span> <span class='ocrx_word' id='word_1_696' title='bbox 2550 3019 2707 3075; x_wconf 90' lang='lat' dir='ltr'>bona</span> <span class='ocrx_word' id='word_1_697' title='bbox 2761 3010 3121 3086; x_wconf 79' lang='lat' dir='ltr'>peregimus,</span> <span class='ocrx_word' id='word_1_698' title='bbox 3182 3002 3401 3060; x_wconf 86' lang='lat' dir='ltr'>audite.</span> <span class='ocrx_word' id='word_1_699' title='bbox 3463 2999 3576 3052; x_wconf 88' lang='lat' dir='ltr'>Per</span> <span class='ocrx_word' id='word_1_700' title='bbox 3634 3006 3803 3048; x_wconf 85' lang='lat' dir='ltr'>arma</span> 
     </span>
    </p>
   </div>
   <div class='ocr_carea' id='block_1_91' title="bbox 2142 3082 3807 3191">
    <p class='ocr_par' dir='ltr' id='par_1_91' title="bbox 2142 3082 3807 3191">
     <span class='ocr_line' id='line_1_92' title="bbox 2142 3082 3807 3191; baseline -0.024 -17"><span class='ocrx_word' id='word_1_701' title='bbox 2142 3114 2395 3191; x_wconf 70' lang='lat' dir='ltr'>justitiaa</span> <span class='ocrx_word' id='word_1_702' title='bbox 2422 3112 2627 3167; x_wconf 83' lang='lat' dir='ltr'>dextra</span> <span class='ocrx_word' id='word_1_703' title='bbox 2648 3122 2718 3162; x_wconf 89' lang='lat' dir='ltr'>ac</span> <span class='ocrx_word' id='word_1_704' title='bbox 2742 3102 2989 3158; x_wconf 86' lang='lat' dir='ltr'>sinistaa</span> <span class='ocrx_word' id='word_1_705' title='bbox 3015 3114 3028 3153; x_wconf 88' lang='lat'>:</span> <span class='ocrx_word' id='word_1_706' title='bbox 3050 3111 3182 3167; x_wconf 69' lang='lat' dir='ltr'>quas</span> <span class='ocrx_word' id='word_1_707' title='bbox 3205 3091 3315 3147; x_wconf 88' lang='lat' dir='ltr'>etsi</span> <span class='ocrx_word' id='word_1_708' title='bbox 3338 3089 3499 3143; x_wconf 85' lang='lat' dir='ltr'>inter</span> <span class='ocrx_word' id='word_1_709' title='bbox 3518 3102 3580 3141; x_wconf 90' lang='lat' dir='ltr'>se</span> <span class='ocrx_word' id='word_1_710' title='bbox 3596 3082 3807 3137; x_wconf 85' lang='lat' dir='ltr'>viden-</span> 
     </span>
    </p>
   </div>
   <div class='ocr_carea' id='block_1_92' title="bbox 2152 3175 3811 3264">
    <p class='ocr_par' dir='ltr' id='par_1_92' title="bbox 2152 3175 3811 3264">
     <span class='ocr_line' id='line_1_93' title="bbox 2152 3175 3811 3264; baseline -0.024 0"><span class='ocrx_word' id='word_1_711' title='bbox 2152 3213 2249 3263; x_wconf 90' lang='lat' dir='ltr'>tur</span> <span class='ocrx_word' id='word_1_712' title='bbox 2278 3200 2599 3264; x_wconf 84' lang='lat' dir='ltr'>contraria,</span> <span class='ocrx_word' id='word_1_713' title='bbox 2633 3202 2834 3252; x_wconf 87' lang='lat' dir='ltr'>tamen</span> <span class='ocrx_word' id='word_1_714' title='bbox 2863 3204 3031 3246; x_wconf 89' lang='lat' dir='ltr'>arma</span> <span class='ocrx_word' id='word_1_715' title='bbox 3060 3182 3312 3257; x_wconf 70' lang='lat' dir='ltr'>justitiaa</span> <span class='ocrx_word' id='word_1_716' title='bbox 3374 3180 3532 3232; x_wconf 90' lang='lat' dir='ltr'>sunt.</span> <span class='ocrx_word' id='word_1_717' title='bbox 3594 3175 3811 3228; x_wconf 82' lang='lat' dir='ltr'>Dextra</span> 
     </span>
    </p>
   </div>
   <div class='ocr_carea' id='block_1_93' title="bbox 2156 3266 3814 3362">
    <p class='ocr_par' dir='ltr' id='par_1_93' title="bbox 2156 3266 3814 3362">
     <span class='ocr_line' id='line_1_94' title="bbox 2156 3266 3814 3362; baseline -0.024 -8"><span class='ocrx_word' id='word_1_718' title='bbox 2156 3302 2354 3354; x_wconf 89' lang='lat' dir='ltr'>autem</span> <span class='ocrx_word' id='word_1_719' title='bbox 2369 3292 2659 3362; x_wconf 71' lang='lat' dir='ltr'>dicitquaa</span> <span class='ocrx_word' id='word_1_720' title='bbox 2677 3291 2962 3354; x_wconf 85' lang='lat' dir='ltr'>tanquam</span> <span class='ocrx_word' id='word_1_721' title='bbox 2977 3277 3185 3333; x_wconf 82' lang='lat' dir='ltr'>dextra</span> <span class='ocrx_word' id='word_1_722' title='bbox 3222 3270 3516 3334; x_wconf 89' lang='lat' dir='ltr'>videntur,</span> <span class='ocrx_word' id='word_1_723' title='bbox 3560 3266 3674 3320; x_wconf 86' lang='lat' dir='ltr'>hoc</span> <span class='ocrx_word' id='word_1_724' title='bbox 3705 3266 3814 3328; x_wconf 91' lang='lat' dir='ltr'>est,</span> 
     </span>
    </p>
   </div>
   <div class='ocr_carea' id='block_1_94' title="bbox 2159 3353 3818 3444">
    <p class='ocr_par' dir='ltr' id='par_1_94' title="bbox 2159 3353 3818 3444">
     <span class='ocr_line' id='line_1_95' title="bbox 2159 3353 3818 3444; baseline -0.024 0"><span class='ocrx_word' id='word_1_725' title='bbox 2159 3389 2420 3444; x_wconf 88' lang='lat' dir='ltr'>honores</span> <span class='ocrx_word' id='word_1_726' title='bbox 2453 3386 2514 3436; x_wconf 89' lang='lat' dir='ltr'>et</span> <span class='ocrx_word' id='word_1_727' title='bbox 2541 3353 3015 3436; x_wconf 81' lang='lat' dir='ltr'>existimationes</span> <span class='ocrx_word' id='word_1_728' title='bbox 3045 3363 3202 3437; x_wconf 82' lang='lat' dir='ltr'>apud</span> <span class='ocrx_word' id='word_1_729' title='bbox 3232 3359 3507 3416; x_wconf 88' lang='lat' dir='ltr'>homines</span> <span class='ocrx_word' id='word_1_730' title='bbox 3535 3372 3548 3410; x_wconf 93' lang='lat'><strong>:</strong></span> <span class='ocrx_word' id='word_1_731' title='bbox 3581 3353 3654 3409; x_wconf 89' lang='lat' dir='ltr'>ob</span> <span class='ocrx_word' id='word_1_732' title='bbox 3687 3368 3818 3424; x_wconf 70' lang='lat' dir='ltr'>quas</span> 
     </span>
    </p>
   </div>
   <div class='ocr_carea' id='block_1_95' title="bbox 2160 3449 3822 3535">
    <p class='ocr_par' dir='ltr' id='par_1_95' title="bbox 2160 3449 3822 3535">
     <span class='ocr_line' id='line_1_96' title="bbox 2160 3449 3822 3535; baseline -0.024 0"><span class='ocrx_word' id='word_1_733' title='bbox 2160 3493 2282 3535; x_wconf 90' lang='lat' dir='ltr'>non</span> <span class='ocrx_word' id='word_1_734' title='bbox 2304 3469 2784 3531; x_wconf 86' lang='lat' dir='ltr'>intumescimus.</span> <span class='ocrx_word' id='word_1_735' title='bbox 2803 3454 3020 3533; x_wconf 81' lang='lat' dir='ltr'>inquit.</span> <span class='ocrx_word' id='word_1_736' title='bbox 3044 3469 3241 3527; x_wconf 90' lang='lat' dir='ltr'>neque</span> <span class='ocrx_word' id='word_1_737' title='bbox 3259 3449 3399 3506; x_wconf 86' lang='lat' dir='ltr'>elati</span> <span class='ocrx_word' id='word_1_738' title='bbox 3416 3452 3518 3504; x_wconf 88' lang='lat' dir='ltr'>aut</span> <span class='ocrx_word' id='word_1_739' title='bbox 3540 3458 3822 3516; x_wconf 87' lang='lat' dir='ltr'>arrogan-</span> 
     </span>
    </p>
   </div>
   <div class='ocr_carea' id='block_1_96' title="bbox 2163 3542 3820 3624">
    <p class='ocr_par' dir='ltr' id='par_1_96' title="bbox 2163 3542 3820 3624">
     <span class='ocr_line' id='line_1_97' title="bbox 2163 3542 3820 3624; baseline -0.025 1"><span class='ocrx_word' id='word_1_740' title='bbox 2163 3574 2252 3624; x_wconf 90' lang='lat' dir='ltr'>tes</span> <span class='ocrx_word' id='word_1_741' title='bbox 2273 3565 2413 3622; x_wconf 85' lang='lat' dir='ltr'>facti</span> <span class='ocrx_word' id='word_1_742' title='bbox 2434 3576 2640 3618; x_wconf 90' lang='lat' dir='ltr'>sumus</span> <span class='ocrx_word' id='word_1_743' title='bbox 2664 3556 2739 3613; x_wconf 89' lang='lat' dir='ltr'>ad</span> <span class='ocrx_word' id='word_1_744' title='bbox 2762 3555 3004 3610; x_wconf 89' lang='lat' dir='ltr'>inanem</span> <span class='ocrx_word' id='word_1_745' title='bbox 3022 3545 3288 3620; x_wconf 82' lang='lat' dir='ltr'>gloriam.</span> <span class='ocrx_word' id='word_1_746' title='bbox 3317 3542 3641 3610; x_wconf 87' lang='lat' dir='ltr'>Propterea</span> <span class='ocrx_word' id='word_1_747' title='bbox 3683 3548 3820 3604; x_wconf 81' lang='lat' dir='ltr'>ergo</span> 
     </span>
    </p>
   </div>
   <div class='ocr_carea' id='block_1_97' title="bbox 2161 3620 3821 3726">
    <p class='ocr_par' dir='ltr' id='par_1_97' title="bbox 2161 3620 3821 3726">
     <span class='ocr_line' id='line_1_98' title="bbox 2161 3620 3821 3726; baseline -0.026 -11"><span class='ocrx_word' id='word_1_748' title='bbox 2161 3672 2330 3714; x_wconf 87' lang='lat' dir='ltr'>arma</span> <span class='ocrx_word' id='word_1_749' title='bbox 2347 3650 2598 3726; x_wconf 72' lang='lat' dir='ltr'>justitiaa</span> <span class='ocrx_word' id='word_1_750' title='bbox 2627 3648 2783 3703; x_wconf 89' lang='lat' dir='ltr'>facta</span> <span class='ocrx_word' id='word_1_751' title='bbox 2812 3645 2952 3699; x_wconf 89' lang='lat' dir='ltr'>sunt</span> <span class='ocrx_word' id='word_1_752' title='bbox 2986 3655 2999 3705; x_wconf 93' lang='lat'><strong>;</strong></span> <span class='ocrx_word' id='word_1_753' title='bbox 3034 3635 3279 3692; x_wconf 87' lang='lat' dir='ltr'>sinistra</span> <span class='ocrx_word' id='word_1_754' title='bbox 3333 3644 3468 3683; x_wconf 84' lang='lat' dir='ltr'>vero</span> <span class='ocrx_word' id='word_1_755' title='bbox 3528 3640 3662 3696; x_wconf 64' lang='lat' dir='ltr'>quas</span> <span class='ocrx_word' id='word_1_756' title='bbox 3726 3620 3821 3675; x_wconf 92' lang='lat' dir='ltr'>his</span> 
     </span>
    </p>
   </div>
   <div class='ocr_carea' id='block_1_98' title="bbox 2163 3713 3821 3806">
    <p class='ocr_par' dir='ltr' id='par_1_98' title="bbox 2163 3713 3821 3806">
     <span class='ocr_line' id='line_1_99' title="bbox 2163 3713 3821 3806; baseline -0.025 -2"><span class='ocrx_word' id='word_1_757' title='bbox 2163 3744 2466 3804; x_wconf 87' lang='lat' dir='ltr'>contraria</span> <span class='ocrx_word' id='word_1_758' title='bbox 2497 3744 2656 3806; x_wconf 91' lang='lat' dir='ltr'>sunt,</span> <span class='ocrx_word' id='word_1_759' title='bbox 2686 3737 2892 3806; x_wconf 90' lang='lat' dir='ltr'>utpote</span> <span class='ocrx_word' id='word_1_760' title='bbox 2922 3724 3308 3785; x_wconf 85' lang='lat' dir='ltr'>tentationes.</span> <span class='ocrx_word' id='word_1_761' title='bbox 3351 3736 3442 3790; x_wconf 59' lang='grc' dir='ltr'>νοτ</span> <span class='ocrx_word' id='word_1_762' title='bbox 3462 3713 3821 3776; x_wconf 68' lang='grc' dir='ltr'>-ιροιιιὶοηειει,</span> 
     </span>
    </p>
   </div>
   <div class='ocr_carea' id='block_1_99' title="bbox 2164 3799 3823 3909">
    <p class='ocr_par' dir='ltr' id='par_1_99' title="bbox 2164 3799 3823 3909">
     <span class='ocr_line' id='line_1_100' title="bbox 2164 3799 3823 3909; baseline -0.027 -15"><span class='ocrx_word' id='word_1_763' title='bbox 2164 3834 2418 3909; x_wconf 86' lang='lat' dir='ltr'>injurias</span> <span class='ocrx_word' id='word_1_764' title='bbox 2453 3829 2668 3901; x_wconf 88' lang='lat' dir='ltr'>quibus</span> <span class='ocrx_word' id='word_1_765' title='bbox 2690 3839 2812 3880; x_wconf 91' lang='lat' dir='ltr'>non</span> <span class='ocrx_word' id='word_1_766' title='bbox 2844 3833 3050 3875; x_wconf 88' lang='lat' dir='ltr'>sumus</span> <span class='ocrx_word' id='word_1_767' title='bbox 3083 3806 3446 3869; x_wconf 83' lang='lat' dir='ltr'>consternati</span> <span class='ocrx_word' id='word_1_768' title='bbox 3480 3817 3673 3873; x_wconf 85' lang='lat' dir='ltr'>neque</span> <span class='ocrx_word' id='word_1_769' title='bbox 3719 3799 3823 3853; x_wconf 89' lang='lat' dir='ltr'>de-</span> 
     </span>
    </p>
   </div>
   <div class='ocr_carea' id='block_1_100' title="bbox 2163 3893 3826 3994">
    <p class='ocr_par' dir='ltr' id='par_1_100' title="bbox 2163 3893 3826 3994">
     <span class='ocr_line' id='line_1_101' title="bbox 2163 3893 3826 3994; baseline -0.026 -10"><span class='ocrx_word' id='word_1_770' title='bbox 2163 3924 2323 3994; x_wconf 90' lang='lat' dir='ltr'>victi,</span> <span class='ocrx_word' id='word_1_771' title='bbox 2346 3940 2414 3980; x_wconf 90' lang='lat' dir='ltr'>ac</span> <span class='ocrx_word' id='word_1_772' title='bbox 2437 3920 2487 3977; x_wconf 91' lang='lat' dir='ltr'>si</span> <span class='ocrx_word' id='word_1_773' title='bbox 2510 3919 2765 3976; x_wconf 89' lang='lat' dir='ltr'>diceret:</span> <span class='ocrx_word' id='word_1_774' title='bbox 2818 3911 3063 3979; x_wconf 88' lang='lat' dir='ltr'>Semper</span> <span class='ocrx_word' id='word_1_775' title='bbox 3101 3901 3282 3957; x_wconf 91' lang='lat' dir='ltr'>iidem</span> <span class='ocrx_word' id='word_1_776' title='bbox 3331 3893 3685 3955; x_wconf 88' lang='lat' dir='ltr'>mansimus,</span> <span class='ocrx_word' id='word_1_777' title='bbox 3718 3903 3826 3943; x_wconf 88' lang='lat' dir='ltr'>ne-</span> 
     </span>
    </p>
   </div>
   <div class='ocr_carea' id='block_1_101' title="bbox 2166 3976 3825 4092">
    <p class='ocr_par' dir='ltr' id='par_1_101' title="bbox 2166 3976 3825 4092">
     <span class='ocr_line' id='line_1_102' title="bbox 2166 3976 3825 4092; baseline -0.026 -18"><span class='ocrx_word' id='word_1_778' title='bbox 2166 4033 2280 4092; x_wconf 87' lang='lat' dir='ltr'>que</span> <span class='ocrx_word' id='word_1_779' title='bbox 2295 4009 2598 4088; x_wconf 82' lang='lat' dir='ltr'>prosperis</span> <span class='ocrx_word' id='word_1_780' title='bbox 2614 4004 2976 4071; x_wconf 86' lang='lat' dir='ltr'>elati,neque</span> <span class='ocrx_word' id='word_1_781' title='bbox 2991 3990 3253 4051; x_wconf 89' lang='lat' dir='ltr'>adversis</span> <span class='ocrx_word' id='word_1_782' title='bbox 3268 3985 3572 4043; x_wconf 90' lang='lat' dir='ltr'>molliores</span> <span class='ocrx_word' id='word_1_783' title='bbox 3609 3976 3825 4045; x_wconf 81' lang='lat' dir='ltr'>effecti,</span> 
     </span>
    </p>
   </div>
   <div class='ocr_carea' id='block_1_102' title="bbox 2096 4073 3827 4162">
    <p class='ocr_par' dir='ltr' id='par_1_102' title="bbox 2096 4073 3827 4162">
     <span class='ocr_line' id='line_1_103' title="bbox 2096 4073 3827 4162; baseline -0.027 5"><span class='ocrx_word' id='word_1_784' title='bbox 2096 4122 2105 4133; x_wconf 80' lang='lat'><strong><em>’</em></strong></span> <span class='ocrx_word' id='word_1_785' title='bbox 2165 4073 2978 4162; x_wconf 58' lang='lat' dir='ltr'>—:-Aliomod06488inistra</span> <span class='ocrx_word' id='word_1_786' title='bbox 3016 4086 3185 4139; x_wconf 88' lang='lat' dir='ltr'>vocat</span> <span class='ocrx_word' id='word_1_787' title='bbox 3221 4095 3356 4151; x_wconf 78' lang='lat' dir='ltr'>quae</span> <span class='ocrx_word' id='word_1_788' title='bbox 3397 4073 3675 4129; x_wconf 84' lang='lat' dir='ltr'>videntur</span> <span class='ocrx_word' id='word_1_789' title='bbox 3696 4081 3827 4123; x_wconf 88' lang='lat' dir='ltr'>esse</span> 
     </span>
    </p>
   </div>
   <div class='ocr_carea' id='block_1_103' title="bbox 2170 4168 3831 4257">
    <p class='ocr_par' dir='ltr' id='par_1_103' title="bbox 2170 4168 3831 4257">
     <span class='ocr_line' id='line_1_104' title="bbox 2170 4168 3831 4257; baseline -0.027 0"><span class='ocrx_word' id='word_1_790' title='bbox 2170 4198 2381 4257; x_wconf 87' lang='lat' dir='ltr'>tristia.</span> <span class='ocrx_word' id='word_1_791' title='bbox 2416 4192 2528 4251; x_wconf 90' lang='lat' dir='ltr'>Sed</span> <span class='ocrx_word' id='word_1_792' title='bbox 2558 4206 2695 4247; x_wconf 90' lang='lat' dir='ltr'>cum</span> <span class='ocrx_word' id='word_1_793' title='bbox 2721 4186 2849 4241; x_wconf 68' lang='lat' dir='ltr'>haec</span> <span class='ocrx_word' id='word_1_794' title='bbox 2881 4175 3222 4237; x_wconf 87' lang='lat' dir='ltr'>mercedem</span> <span class='ocrx_word' id='word_1_795' title='bbox 3280 4168 3563 4231; x_wconf 87' lang='lat' dir='ltr'>habeant,</span> <span class='ocrx_word' id='word_1_796' title='bbox 3624 4177 3732 4217; x_wconf 88' lang='lat' dir='ltr'>cur</span> <span class='ocrx_word' id='word_1_797' title='bbox 3760 4174 3831 4215; x_wconf 90' lang='lat' dir='ltr'>ea</span> 
     </span>
    </p>
   </div>
   <div class='ocr_carea' id='block_1_104' title="bbox 2170 4252 3830 4355">
    <p class='ocr_par' dir='ltr' id='par_1_104' title="bbox 2170 4252 3830 4355">
     <span class='ocr_line' id='line_1_105' title="bbox 2170 4252 3830 4355; baseline -0.028 -7"><span class='ocrx_word' id='word_1_798' title='bbox 2170 4252 2474 4347; x_wconf 73' lang='lat' dir='ltr'>hocmodo</span> <span class='ocrx_word' id='word_1_799' title='bbox 2491 4276 2790 4355; x_wconf 85' lang='lat' dir='ltr'>appellat?</span> <span class='ocrx_word' id='word_1_800' title='bbox 2803 4272 3096 4344; x_wconf 83' lang='lat' dir='ltr'>Autjuxta</span> <span class='ocrx_word' id='word_1_801' title='bbox 3117 4262 3443 4321; x_wconf 85' lang='lat' dir='ltr'>multorum</span> <span class='ocrx_word' id='word_1_802' title='bbox 3457 4252 3804 4327; x_wconf 90' lang='lat' dir='ltr'>opinionem</span> <span class='ocrx_word' id='word_1_803' title='bbox 3816 4289 3830 4316; x_wconf 91' lang='lat'>,</span> 
     </span>
    </p>
   </div>
   <div class='ocr_carea' id='block_1_105' title="bbox 2171 4339 3831 4450">
    <p class='ocr_par' dir='ltr' id='par_1_105' title="bbox 2171 4339 3831 4450">
     <span class='ocr_line' id='line_1_106' title="bbox 2171 4339 3831 4450; baseline -0.027 -14"><span class='ocrx_word' id='word_1_804' title='bbox 2171 4372 2735 4450; x_wconf 88' lang='lat' dir='ltr'>autquiajussitnos</span> <span class='ocrx_word' id='word_1_805' title='bbox 2750 4367 2905 4421; x_wconf 92' lang='lat' dir='ltr'>Deus</span> <span class='ocrx_word' id='word_1_806' title='bbox 2918 4356 3148 4434; x_wconf 88' lang='lat' dir='ltr'>precari</span> <span class='ocrx_word' id='word_1_807' title='bbox 3193 4370 3273 4409; x_wconf 80' lang='lat' dir='ltr'>ne</span> <span class='ocrx_word' id='word_1_808' title='bbox 3310 4346 3736 4405; x_wconf 87' lang='lat' dir='ltr'>induceremur</span> <span class='ocrx_word' id='word_1_809' title='bbox 3768 4339 3831 4393; x_wconf 90' lang='lat' dir='ltr'>in</span> 
     </span>
     <span class='ocr_line' id='line_1_107' title="bbox 3145 4428 3823 4450; baseline -0.025 17"><span class='ocrx_word' id='word_1_810' title='bbox 3145 4445 3155 4450; x_wconf 83' lang='lat'><em>‘</em></span> <span class='ocrx_word' id='word_1_811' title='bbox 3353 4439 3364 4450; x_wconf 85' lang='lat'><strong>&#39;</strong></span> <span class='ocrx_word' id='word_1_812' title='bbox 3422 4437 3433 4449; x_wconf 77' lang='grc'><strong><em>⁸</em></strong></span> <span class='ocrx_word' id='word_1_813' title='bbox 3606 4434 3644 4450; x_wconf 70' lang='grc' dir='ltr'><em>Π</em></span> <span class='ocrx_word' id='word_1_814' title='bbox 3662 4448 3672 4450; x_wconf 74' lang='grc'>-</span> <span class='ocrx_word' id='word_1_815' title='bbox 3689 4431 3740 4450; x_wconf 71' lang='lat'>2_.</span> <span class='ocrx_word' id='word_1_816' title='bbox 3761 4428 3785 4450; x_wconf 82' lang='grc' dir='ltr'>,ι</span> <span class='ocrx_word' id='word_1_817' title='bbox 3802 4444 3823 4450; x_wconf 59' lang='grc' dir='ltr'><strong>Α</strong></span> 
     </span>
    </p>
   </div>
   <div class='ocr_carea' id='block_1_106' title="bbox 2170 4428 3827 4529">
    <p class='ocr_par' dir='ltr' id='par_1_106' title="bbox 2170 4428 3827 4529">
     <span class='ocr_line' id='line_1_108' title="bbox 2171 4428 2937 4450; baseline -0.026 4"><span class='ocrx_word' id='word_1_818' title='bbox 2171 4428 2274 4437; x_wconf 65' lang='grc'>’⁷-⁷</span> <span class='ocrx_word' id='word_1_819' title='bbox 2290 4428 2457 4450; x_wconf 67' lang='grc' dir='ltr'>Ἰ““““⁷ιΙ</span> <span class='ocrx_word' id='word_1_820' title='bbox 2918 4428 2937 4434; x_wconf 85' lang='grc'><strong>-</strong></span> 
     </span>
     <span class='ocr_line' id='line_1_109' title="bbox 2170 4428 3827 4529; baseline -0.027 -4"><span class='ocrx_word' id='word_1_821' title='bbox 2170 4460 2637 4526; x_wconf 72' lang='lat' dir='ltr'>tentationcm&quot;.</span> <span class='ocrx_word' id='word_1_822' title='bbox 2653 4460 2800 4513; x_wconf 81' lang='lat' dir='ltr'>«Per</span> <span class='ocrx_word' id='word_1_823' title='bbox 2811 4451 3056 4529; x_wconf 81' lang='lat' dir='ltr'>gloriam</span> <span class='ocrx_word' id='word_1_824' title='bbox 3072 4428 3827 4518; x_wconf 60' lang='lat' dir='ltr'>etignominiamaﬂeinde</span> 
     </span>
    </p>
   </div>
   <div class='ocr_carea' id='block_1_107' title="bbox 2172 4522 3829 4614">
    <p class='ocr_par' dir='ltr' id='par_1_107' title="bbox 2172 4522 3829 4614">
     <span class='ocr_line' id='line_1_110' title="bbox 2172 4522 3829 4614; baseline -0.025 0"><span class='ocrx_word' id='word_1_825' title='bbox 2172 4552 2663 4614; x_wconf 81' lang='lat' dir='ltr'>recensetdextra</span> <span class='ocrx_word' id='word_1_826' title='bbox 2675 4564 2741 4603; x_wconf 88' lang='lat' dir='ltr'>ac</span> <span class='ocrx_word' id='word_1_827' title='bbox 2756 4543 3018 4600; x_wconf 84' lang='lat' dir='ltr'>sinistra.</span> <span class='ocrx_word' id='word_1_828' title='bbox 3031 4539 3101 4593; x_wconf 90' lang='lat' dir='ltr'>Et</span> <span class='ocrx_word' id='word_1_829' title='bbox 3115 4529 3430 4591; x_wconf 83' lang='lat' dir='ltr'>considera</span> <span class='ocrx_word' id='word_1_830' title='bbox 3447 4523 3608 4598; x_wconf 89' lang='lat' dir='ltr'>quod</span> <span class='ocrx_word' id='word_1_831' title='bbox 3637 4522 3829 4576; x_wconf 88' lang='lat' dir='ltr'>hono-</span> 
     </span>
    </p>
   </div>
   <div class='ocr_carea' id='block_1_108' title="bbox 2172 4608 3830 4717">
    <p class='ocr_par' dir='ltr' id='par_1_108' title="bbox 2172 4608 3830 4717">
     <span class='ocr_line' id='line_1_111' title="bbox 2172 4608 3830 4717; baseline -0.026 -14"><span class='ocrx_word' id='word_1_832' title='bbox 2172 4662 2269 4703; x_wconf 86' lang='lat' dir='ltr'>res</span> <span class='ocrx_word' id='word_1_833' title='bbox 2300 4643 2398 4717; x_wconf 91' lang='lat' dir='ltr'>qui</span> <span class='ocrx_word' id='word_1_834' title='bbox 2434 4642 2505 4698; x_wconf 90' lang='lat' dir='ltr'>ab</span> <span class='ocrx_word' id='word_1_835' title='bbox 2536 4634 2885 4695; x_wconf 90' lang='lat' dir='ltr'>hominibus</span> <span class='ocrx_word' id='word_1_836' title='bbox 2916 4628 3268 4685; x_wconf 77' lang='lat' dir='ltr'>all‘eruntur,</span> <span class='ocrx_word' id='word_1_837' title='bbox 3302 4621 3365 4673; x_wconf 92' lang='lat' dir='ltr'>in</span> <span class='ocrx_word' id='word_1_838' title='bbox 3395 4613 3706 4689; x_wconf 83' lang='lat' dir='ltr'>proprium</span> <span class='ocrx_word' id='word_1_839' title='bbox 3728 4608 3830 4663; x_wconf 81' lang='lat' dir='ltr'>bo-</span> 
     </span>
    </p>
   </div>
   <div class='ocr_carea' id='block_1_109' title="bbox 2172 4700 3830 4805">
    <p class='ocr_par' dir='ltr' id='par_1_109' title="bbox 2172 4700 3830 4805">
     <span class='ocr_line' id='line_1_112' title="bbox 2172 4700 3830 4805; baseline -0.025 -12"><span class='ocrx_word' id='word_1_840' title='bbox 2172 4751 2317 4793; x_wconf 89' lang='lat' dir='ltr'>num</span> <span class='ocrx_word' id='word_1_841' title='bbox 2349 4748 2496 4805; x_wconf 89' lang='lat' dir='ltr'>opus</span> <span class='ocrx_word' id='word_1_842' title='bbox 2527 4728 2822 4786; x_wconf 88' lang='lat' dir='ltr'>numerat.</span> <span class='ocrx_word' id='word_1_843' title='bbox 2855 4718 3028 4777; x_wconf 88' lang='lat' dir='ltr'>Novit</span> <span class='ocrx_word' id='word_1_844' title='bbox 3059 4714 3219 4770; x_wconf 90' lang='lat' dir='ltr'>enim</span> <span class='ocrx_word' id='word_1_845' title='bbox 3252 4712 3476 4780; x_wconf 86' lang='lat' dir='ltr'>quanta</span> <span class='ocrx_word' id='word_1_846' title='bbox 3505 4718 3600 4757; x_wconf 87' lang='lat' dir='ltr'>res</span> <span class='ocrx_word' id='word_1_847' title='bbox 3615 4700 3830 4755; x_wconf 90' lang='lat' dir='ltr'>sitnon</span> 
     </span>
    </p>
   </div>
   <div class='ocr_carea' id='block_1_110' title="bbox 2174 4791 3832 4899">
    <p class='ocr_par' dir='ltr' id='par_1_110' title="bbox 2174 4791 3832 4899">
     <span class='ocr_line' id='line_1_113' title="bbox 2174 4791 3832 4899; baseline -0.027 -15"><span class='ocrx_word' id='word_1_848' title='bbox 2174 4825 2306 4899; x_wconf 88' lang='lat' dir='ltr'>capi</span> <span class='ocrx_word' id='word_1_849' title='bbox 2335 4791 2493 4881; x_wconf 40' lang='lat' dir='ltr'>fa‘stu</span> <span class='ocrx_word' id='word_1_850' title='bbox 2523 4818 2597 4875; x_wconf 91' lang='lat' dir='ltr'>ob</span> <span class='ocrx_word' id='word_1_851' title='bbox 2630 4812 2927 4872; x_wconf 81' lang='lat' dir='ltr'>exhibitos</span> <span class='ocrx_word' id='word_1_852' title='bbox 2960 4808 3237 4861; x_wconf 83' lang='lat' dir='ltr'>honores.</span> <span class='ocrx_word' id='word_1_853' title='bbox 3281 4822 3297 4847; x_wconf 80' lang='grc' dir='ltr'>ιι</span> <span class='ocrx_word' id='word_1_854' title='bbox 3332 4794 3505 4861; x_wconf 87' lang='lat' dir='ltr'>Quasi</span> <span class='ocrx_word' id='word_1_855' title='bbox 3540 4791 3832 4861; x_wconf 87' lang='lat' dir='ltr'>imposte-</span> 
     </span>
    </p>
   </div>
   <div class='ocr_carea' id='block_1_111' title="bbox 2174 4878 3828 4983">
    <p class='ocr_par' dir='ltr' id='par_1_111' title="bbox 2174 4878 3828 4983">
     <span class='ocr_line' id='line_1_114' title="bbox 2180 4878 2354 4899; baseline -0.023 -14"><span class='ocrx_word' id='word_1_856' title='bbox 2180 4878 2303 4899; x_wconf 44' lang='grc' dir='ltr'>--Γ</span> <span class='ocrx_word' id='word_1_857' title='bbox 2339 4878 2354 4881; x_wconf 41' lang='grc' dir='ltr'><em>ν</em></span> 
     </span>
     <span class='ocr_line' id='line_1_115' title="bbox 2174 4878 3828 4983; baseline -0.025 -9"><span class='ocrx_word' id='word_1_858' title='bbox 2174 4933 2292 4983; x_wconf 89' lang='lat' dir='ltr'>res,</span> <span class='ocrx_word' id='word_1_859' title='bbox 2325 4912 2428 4971; x_wconf 88' lang='lat' dir='ltr'>sed</span> <span class='ocrx_word' id='word_1_860' title='bbox 2456 4923 2719 4968; x_wconf 88' lang='lat' dir='ltr'>veraces,</span> <span class='ocrx_word' id='word_1_861' title='bbox 2747 4925 2775 4955; x_wconf 86' lang='lat'><strong>»</strong></span> <span class='ocrx_word' id='word_1_862' title='bbox 2810 4912 3026 4971; x_wconf 88' lang='lat' dir='ltr'>nempe</span> <span class='ocrx_word' id='word_1_863' title='bbox 3058 4910 3165 4967; x_wconf 90' lang='lat' dir='ltr'>per</span> <span class='ocrx_word' id='word_1_864' title='bbox 3193 4886 3402 4945; x_wconf 64' lang='lat' dir='ltr'>laudes</span> <span class='ocrx_word' id='word_1_865' title='bbox 3429 4888 3488 4939; x_wconf 91' lang='lat' dir='ltr'>et</span> <span class='ocrx_word' id='word_1_866' title='bbox 3523 4878 3828 4936; x_wconf 82' lang='lat' dir='ltr'>infamias.</span> 
     </span>
    </p>
   </div>
   <div class='ocr_carea' id='block_1_112' title="bbox 2176 4969 3836 5074">
    <p class='ocr_par' dir='ltr' id='par_1_112' title="bbox 2176 4969 3836 5074">
     <span class='ocr_line' id='line_1_116' title="bbox 2176 4969 3836 5074; baseline -0.026 -10"><span class='ocrx_word' id='word_1_867' title='bbox 2176 5002 2397 5072; x_wconf 81' lang='lat' dir='ltr'>«Quasi</span> <span class='ocrx_word' id='word_1_868' title='bbox 2425 4989 2920 5074; x_wconf 86' lang='lat' dir='ltr'>ignoti,sednoti.</span> <span class='ocrx_word' id='word_1_869' title='bbox 2948 4969 2974 5036; x_wconf 51' lang='grc' dir='ltr'><em>ἦ</em></span> <span class='ocrx_word' id='word_1_870' title='bbox 2999 4987 3118 5043; x_wconf 89' lang='lat' dir='ltr'>Hoc</span> <span class='ocrx_word' id='word_1_871' title='bbox 3169 4978 3348 5036; x_wconf 82' lang='lat' dir='ltr'>etiam</span> <span class='ocrx_word' id='word_1_872' title='bbox 3397 4977 3489 5029; x_wconf 87' lang='lat' dir='ltr'>est</span> <span class='ocrx_word' id='word_1_873' title='bbox 3541 4969 3745 5044; x_wconf 76' lang='lat' dir='ltr'>glorias</span> <span class='ocrx_word' id='word_1_874' title='bbox 3778 4972 3836 5022; x_wconf 89' lang='lat' dir='ltr'>et</span> 
     </span>
    </p>
   </div>
   <div class='ocr_carea' id='block_1_113' title="bbox 2175 5062 3835 5172">
    <p class='ocr_par' dir='ltr' id='par_1_113' title="bbox 2175 5062 3835 5172">
     <span class='ocr_line' id='line_1_117' title="bbox 2175 5062 3835 5172; baseline -0.026 -17"><span class='ocrx_word' id='word_1_875' title='bbox 2175 5084 2909 5172; x_wconf 60' lang='lat' dir='ltr'>ignominim.Quibusdam</span> <span class='ocrx_word' id='word_1_876' title='bbox 2925 5077 3086 5135; x_wconf 90' lang='lat' dir='ltr'>enim</span> <span class='ocrx_word' id='word_1_877' title='bbox 3102 5071 3224 5129; x_wconf 89' lang='lat' dir='ltr'>noti</span> <span class='ocrx_word' id='word_1_878' title='bbox 3242 5086 3293 5125; x_wconf 72' lang='lat' dir='ltr'>ei</span> <span class='ocrx_word' id='word_1_879' title='bbox 3314 5070 3492 5123; x_wconf 75' lang='lat' dir='ltr'>antae</span> <span class='ocrx_word' id='word_1_880' title='bbox 3506 5062 3835 5136; x_wconf 88' lang='lat' dir='ltr'>plurimum</span> 
     </span>
     <span class='ocr_line' id='line_1_118' title="bbox 3009 5150 3828 5172; baseline -0.023 18"><span class='ocrx_word' id='word_1_881' title='bbox 3009 5168 3023 5172; x_wconf 90' lang='grc'><strong><em>“</em></strong></span> <span class='ocrx_word' id='word_1_882' title='bbox 3037 5167 3045 5172; x_wconf 80' lang='grc'><strong>”</strong></span> <span class='ocrx_word' id='word_1_883' title='bbox 3060 5167 3071 5172; x_wconf 75' lang='grc'><strong><em>⁵</em></strong></span> <span class='ocrx_word' id='word_1_884' title='bbox 3535 5171 3545 5172; x_wconf 43' lang='grc' dir='ltr'><em>γ</em></span> <span class='ocrx_word' id='word_1_885' title='bbox 3602 5170 3665 5172; x_wconf 47' lang='grc' dir='ltr'>η-»</span> <span class='ocrx_word' id='word_1_886' title='bbox 3678 5152 3689 5172; x_wconf 73' lang='grc' dir='ltr'>Ξ</span> <span class='ocrx_word' id='word_1_887' title='bbox 3707 5150 3730 5172; x_wconf 77' lang='lat' dir='ltr'>J</span> <span class='ocrx_word' id='word_1_888' title='bbox 3747 5164 3828 5172; x_wconf 59' lang='grc' dir='ltr'><strong>Α...</strong></span> 
     </span>
    </p>
   </div>
   <div class='ocr_carea' id='block_1_114' title="bbox 2178 5150 3834 5245">
    <p class='ocr_par' dir='ltr' id='par_1_114' title="bbox 2178 5150 3834 5245">
     <span class='ocr_line' id='line_1_119' title="bbox 2178 5150 2589 5172; baseline -0.024 -7"><span class='ocrx_word' id='word_1_889' title='bbox 2558 5150 2589 5155; x_wconf 77' lang='lat'>.-</span> 
     </span>
     <span class='ocr_line' id='line_1_120' title="bbox 2178 5150 3834 5245; baseline -0.025 0"><span class='ocrx_word' id='word_1_890' title='bbox 2178 5188 2251 5245; x_wconf 87' lang='lat' dir='ltr'>ab</span> <span class='ocrx_word' id='word_1_891' title='bbox 2283 5186 2404 5242; x_wconf 86' lang='lat' dir='ltr'>illis</span> <span class='ocrx_word' id='word_1_892' title='bbox 2437 5176 2939 5240; x_wconf 82' lang='lat' dir='ltr'>observabantur;</span> <span class='ocrx_word' id='word_1_893' title='bbox 2972 5167 3073 5224; x_wconf 91' lang='lat' dir='ltr'>alii</span> <span class='ocrx_word' id='word_1_894' title='bbox 3104 5178 3239 5220; x_wconf 87' lang='lat' dir='ltr'>vero</span> <span class='ocrx_word' id='word_1_895' title='bbox 3269 5175 3347 5215; x_wconf 88' lang='lat' dir='ltr'>ne</span> <span class='ocrx_word' id='word_1_896' title='bbox 3378 5171 3555 5212; x_wconf 88' lang='lat' dir='ltr'>nosse</span> <span class='ocrx_word' id='word_1_897' title='bbox 3592 5150 3834 5224; x_wconf 89' lang='lat' dir='ltr'>quidem</span> 
     </span>
    </p>
   </div>
   <div class='ocr_carea' id='block_1_115' title="bbox 2180 5242 3836 5352">
    <p class='ocr_par' dir='ltr' id='par_1_115' title="bbox 2180 5242 3836 5352">
     <span class='ocr_line' id='line_1_121' title="bbox 2180 5242 3836 5352; baseline -0.025 -16"><span class='ocrx_word' id='word_1_898' title='bbox 2180 5279 2342 5352; x_wconf 89' lang='lat' dir='ltr'>ipsos</span> <span class='ocrx_word' id='word_1_899' title='bbox 2373 5270 2789 5347; x_wconf 90' lang='lat' dir='ltr'>dignabantur.</span> <span class='ocrx_word' id='word_1_900' title='bbox 2826 5283 2854 5314; x_wconf 84' lang='grc'>‹‹</span> <span class='ocrx_word' id='word_1_901' title='bbox 2886 5257 3062 5327; x_wconf 86' lang='lat' dir='ltr'>Quasi</span> <span class='ocrx_word' id='word_1_902' title='bbox 3095 5251 3444 5310; x_wconf 88' lang='lat' dir='ltr'>morientes.</span> <span class='ocrx_word' id='word_1_903' title='bbox 3481 5270 3502 5299; x_wconf 77' lang='grc' dir='ltr'>ι</span> <span class='ocrx_word' id='word_1_904' title='bbox 3542 5244 3600 5300; x_wconf 91' lang='lat' dir='ltr'>Si</span> <span class='ocrx_word' id='word_1_905' title='bbox 3656 5242 3836 5297; x_wconf 91' lang='lat' dir='ltr'>vehe-</span> 
     </span>
    </p>
   </div>
   <div class='ocr_carea' id='block_1_116' title="bbox 2180 5325 3835 5423">
    <p class='ocr_par' dir='ltr' id='par_1_116' title="bbox 2180 5325 3835 5423">
     <span class='ocr_line' id='line_1_122' title="bbox 2180 5325 2922 5352; baseline -0.022 -9"><span class='ocrx_word' id='word_1_906' title='bbox 2180 5325 2341 5352; x_wconf 69' lang='grc' dir='ltr'><strong><em>-ιηυ-</em></strong></span> <span class='ocrx_word' id='word_1_907' title='bbox 2378 5325 2560 5347; x_wconf 35' lang='lat' dir='ltr'>“om.</span> <span class='ocrx_word' id='word_1_908' title='bbox 2604 5325 2607 5326; x_wconf 41' lang='grc' dir='ltr'><em>ν</em></span> <span class='ocrx_word' id='word_1_909' title='bbox 2914 5325 2922 5327; x_wconf 82' lang='grc'>.</span> 
     </span>
     <span class='ocr_line' id='line_1_123' title="bbox 2180 5325 3835 5423; baseline -0.027 0"><span class='ocrx_word' id='word_1_910' title='bbox 2180 5363 2466 5423; x_wconf 89' lang='lat' dir='ltr'>mentiam</span> <span class='ocrx_word' id='word_1_911' title='bbox 2496 5356 2773 5414; x_wconf 84' lang='lat' dir='ltr'>videlicet</span> <span class='ocrx_word' id='word_1_912' title='bbox 2797 5368 2864 5408; x_wconf 86' lang='lat' dir='ltr'>ac</span> <span class='ocrx_word' id='word_1_913' title='bbox 2896 5349 3175 5405; x_wconf 86' lang='lat' dir='ltr'>conatum</span> <span class='ocrx_word' id='word_1_914' title='bbox 3207 5342 3441 5413; x_wconf 88' lang='lat' dir='ltr'>spectes</span> <span class='ocrx_word' id='word_1_915' title='bbox 3473 5348 3680 5389; x_wconf 88' lang='lat' dir='ltr'>eorum</span> <span class='ocrx_word' id='word_1_916' title='bbox 3734 5325 3835 5399; x_wconf 90' lang='lat' dir='ltr'>qui</span> 
     </span>
    </p>
   </div>
   <div class='ocr_carea' id='block_1_117' title="bbox 2180 5417 3839 5513">
    <p class='ocr_par' dir='ltr' id='par_1_117' title="bbox 2180 5417 3839 5513">
     <span class='ocr_line' id='line_1_124' title="bbox 2180 5417 3839 5513; baseline -0.027 1"><span class='ocrx_word' id='word_1_917' title='bbox 2180 5454 2354 5513; x_wconf 89' lang='lat' dir='ltr'>nobis</span> <span class='ocrx_word' id='word_1_918' title='bbox 2385 5451 2793 5508; x_wconf 87' lang='lat' dir='ltr'>adversantur.</span> <span class='ocrx_word' id='word_1_919' title='bbox 2829 5464 2856 5491; x_wconf 86' lang='lat'><strong>«</strong></span> <span class='ocrx_word' id='word_1_920' title='bbox 2894 5436 3004 5495; x_wconf 87' lang='lat' dir='ltr'>Sed</span> <span class='ocrx_word' id='word_1_921' title='bbox 3036 5449 3172 5491; x_wconf 90' lang='lat' dir='ltr'>ecce</span> <span class='ocrx_word' id='word_1_922' title='bbox 3195 5429 3462 5485; x_wconf 77' lang='lat' dir='ltr'>vivimus.</span> <span class='ocrx_word' id='word_1_923' title='bbox 3491 5451 3515 5476; x_wconf 82' lang='lat'><strong><em>»</em></strong></span> <span class='ocrx_word' id='word_1_924' title='bbox 3538 5424 3616 5477; x_wconf 85' lang='lat' dir='ltr'>Ex</span> <span class='ocrx_word' id='word_1_925' title='bbox 3637 5417 3839 5474; x_wconf 90' lang='lat' dir='ltr'>divina</span> 
     </span>
    </p>
   </div>
   <div class='ocr_carea' id='block_1_118' title="bbox 2183 5505 3839 5620">
    <p class='ocr_par' dir='ltr' id='par_1_118' title="bbox 2183 5505 3839 5620">
     <span class='ocr_line' id='line_1_125' title="bbox 2183 5505 3839 5620; baseline -0.028 -16"><span class='ocrx_word' id='word_1_926' title='bbox 2183 5544 2469 5620; x_wconf 89' lang='lat' dir='ltr'>potentia.</span> <span class='ocrx_word' id='word_1_927' title='bbox 2504 5563 2532 5591; x_wconf 88' lang='grc'>‹‹</span> <span class='ocrx_word' id='word_1_928' title='bbox 2570 5535 2746 5604; x_wconf 87' lang='lat' dir='ltr'>Quasi</span> <span class='ocrx_word' id='word_1_929' title='bbox 2777 5525 3054 5601; x_wconf 84' lang='lat' dir='ltr'>correpti.</span> <span class='ocrx_word' id='word_1_930' title='bbox 3090 5546 3118 5574; x_wconf 79' lang='lat' dir='ltr'><em>n</em></span> <span class='ocrx_word' id='word_1_931' title='bbox 3150 5523 3285 5577; x_wconf 69' lang='lat' dir='ltr'>Haac</span> <span class='ocrx_word' id='word_1_932' title='bbox 3316 5522 3515 5574; x_wconf 88' lang='lat' dir='ltr'>autem</span> <span class='ocrx_word' id='word_1_933' title='bbox 3546 5505 3839 5584; x_wconf 87' lang='lat' dir='ltr'>permittit</span> 
     </span>
    </p>
   </div>
   <div class='ocr_carea' id='block_1_119' title="bbox 2184 5604 3834 5706">
    <p class='ocr_par' dir='ltr' id='par_1_119' title="bbox 2184 5604 3834 5706">
     <span class='ocr_line' id='line_1_126' title="bbox 2184 5604 3834 5706; baseline -0.028 -12"><span class='ocrx_word' id='word_1_934' title='bbox 2184 5629 2697 5706; x_wconf 87' lang='lat' dir='ltr'>Deus,corripiens</span> <span class='ocrx_word' id='word_1_935' title='bbox 2714 5622 2957 5697; x_wconf 88' lang='lat' dir='ltr'>quidem</span> <span class='ocrx_word' id='word_1_936' title='bbox 2969 5634 3035 5676; x_wconf 89' lang='lat' dir='ltr'>ac</span> <span class='ocrx_word' id='word_1_937' title='bbox 3048 5612 3328 5672; x_wconf 88' lang='lat' dir='ltr'>erudiens</span> <span class='ocrx_word' id='word_1_938' title='bbox 3348 5623 3480 5673; x_wconf 88' lang='lat' dir='ltr'>nos,</span> <span class='ocrx_word' id='word_1_939' title='bbox 3503 5617 3622 5657; x_wconf 91' lang='lat' dir='ltr'>non</span> <span class='ocrx_word' id='word_1_940' title='bbox 3634 5604 3834 5653; x_wconf 88' lang='lat' dir='ltr'>tamen</span> 
     </span>
    </p>
   </div>
  </div>
