  <div class='ocr_page' id='page_1' title='image "/cluster/home/n/w/nwhite01/storage/ocr_20150623/118:no.1/coo.31924054870229/509.png"; bbox 0 0 4080 6416; ppageno 0'>
   <div class='ocr_carea' id='block_1_1' title="bbox 225 454 3659 522">
    <p class='ocr_par' dir='ltr' id='par_1_1' title="bbox 225 454 3659 522">
     <span class='ocr_line' id='line_1_1' title="bbox 225 454 3659 522; baseline -0 -2"><span class='ocrx_word' id='word_1_1' title='bbox 225 461 343 522; x_wconf 83' lang='lat'><strong>987</strong></span> <span class='ocrx_word' id='word_1_2' title='bbox 1368 455 1786 517; x_wconf 75' lang='lat' dir='ltr'><strong>(ECUMENII</strong></span> <span class='ocrx_word' id='word_1_3' title='bbox 1830 454 2134 516; x_wconf 65' lang='lat' dir='ltr'><strong>TRICCIE</strong></span> <span class='ocrx_word' id='word_1_4' title='bbox 2177 457 2529 518; x_wconf 83' lang='lat' dir='ltr'><strong>EPISCOPl</strong></span> <span class='ocrx_word' id='word_1_5' title='bbox 3538 458 3659 520; x_wconf 77' lang='lat'><strong>988</strong></span> 
     </span>
    </p>
   </div>
   <div class='ocr_carea' id='block_1_2' title="bbox 227 586 1879 666">
    <p class='ocr_par' dir='ltr' id='par_1_2' title="bbox 227 587 1879 666">
     <span class='ocr_line' id='line_1_2' title="bbox 227 587 1879 666; baseline -0.004 -16"><span class='ocrx_word' id='word_1_6' title='bbox 227 609 419 666; x_wconf 84' lang='lat' dir='ltr'><strong>usque</strong></span> <span class='ocrx_word' id='word_1_7' title='bbox 449 592 525 649; x_wconf 85' lang='lat' dir='ltr'><strong>ad</strong></span> <span class='ocrx_word' id='word_1_8' title='bbox 555 596 806 649; x_wconf 89' lang='lat' dir='ltr'><strong>mortem</strong></span> <span class='ocrx_word' id='word_1_9' title='bbox 838 589 1287 661; x_wconf 84' lang='lat' dir='ltr'><strong>derelinquens.</strong></span> <span class='ocrx_word' id='word_1_10' title='bbox 1310 610 1335 639; x_wconf 85' lang='lat'><strong>«</strong></span> <span class='ocrx_word' id='word_1_11' title='bbox 1357 587 1879 654; x_wconf 76' lang='lat' dir='ltr'><strong>Quasidolentes.»</strong></span> 
     </span>
    </p>
   </div>
   <div class='ocr_carea' id='block_1_3' title="bbox 1994 586 3653 666">
    <p class='ocr_par' dir='ltr' id='par_1_3' title="bbox 1997 586 3653 664">
     <span class='ocr_line' id='line_1_3' title="bbox 1997 586 3653 664; baseline 0.003 -23"><span class='ocrx_word' id='word_1_12' title='bbox 1997 605 2100 661; x_wconf 88' lang='grc' dir='ltr'><strong>χον</strong></span> <span class='ocrx_word' id='word_1_13' title='bbox 2133 587 2236 664; x_wconf 84' lang='grc' dir='ltr'><strong>γάρ</strong></span> <span class='ocrx_word' id='word_1_14' title='bbox 2264 586 2362 650; x_wconf 74' lang='grc' dir='ltr'><strong>τὰς</strong></span> <span class='ocrx_word' id='word_1_15' title='bbox 2411 587 2661 644; x_wconf 84' lang='grc' dir='ltr'>ἁπάντων</span> <span class='ocrx_word' id='word_1_16' title='bbox 2719 587 3071 663; x_wconf 82' lang='grc' dir='ltr'>ἀνεῳγμένας</span> <span class='ocrx_word' id='word_1_17' title='bbox 3131 586 3328 658; x_wconf 78' lang='grc' dir='ltr'>οῐκίας,</span> <span class='ocrx_word' id='word_1_18' title='bbox 3386 590 3653 655; x_wconf 79' lang='grc' dir='ltr'><strong>ποιούσας</strong></span> 
     </span>
    </p>
   </div>
   <div class='ocr_carea' id='block_1_4' title="bbox 228 674 1879 756">
    <p class='ocr_par' dir='ltr' id='par_1_4' title="bbox 228 677 1879 756">
     <span class='ocr_line' id='line_1_4' title="bbox 228 677 1879 756; baseline -0.005 -16"><span class='ocrx_word' id='word_1_19' title='bbox 228 682 401 756; x_wconf 82' lang='lat' dir='ltr'><strong>Apud</strong></span> <span class='ocrx_word' id='word_1_20' title='bbox 431 687 743 738; x_wconf 81' lang='lat' dir='ltr'><strong>extraneos</strong></span> <span class='ocrx_word' id='word_1_21' title='bbox 773 679 1014 752; x_wconf 82' lang='lat' dir='ltr'><strong>quidem</strong></span> <span class='ocrx_word' id='word_1_22' title='bbox 1045 684 1292 751; x_wconf 80' lang='lat' dir='ltr'><strong>propter</strong></span> <span class='ocrx_word' id='word_1_23' title='bbox 1319 677 1422 733; x_wconf 90' lang='lat' dir='ltr'><strong>illa</strong></span> <span class='ocrx_word' id='word_1_24' title='bbox 1451 695 1584 750; x_wconf 70' lang='lat' dir='ltr'><strong>quae</strong></span> <span class='ocrx_word' id='word_1_25' title='bbox 1631 678 1879 751; x_wconf 72' lang='lat' dir='ltr'><strong>patimur</strong></span> 
     </span>
    </p>
   </div>
   <div class='ocr_carea' id='block_1_5' title="bbox 1994 674 3658 756">
    <p class='ocr_par' dir='ltr' id='par_1_5' title="bbox 2000 674 3658 755">
     <span class='ocr_line' id='line_1_5' title="bbox 2000 674 3658 755; baseline 0.004 -26"><span class='ocrx_word' id='word_1_26' title='bbox 2000 677 2033 730; x_wconf 72' lang='grc' dir='ltr'>ἃ</span> <span class='ocrx_word' id='word_1_27' title='bbox 2073 674 2393 751; x_wconf 77' lang='grc' dir='ltr'>βούλονται.</span> <span class='ocrx_word' id='word_1_28' title='bbox 2428 703 2455 730; x_wconf 87' lang='grc'><em>‹‹</em></span> <span class='ocrx_word' id='word_1_29' title='bbox 2483 681 2575 740; x_wconf 80' lang='grc' dir='ltr'>Ὠς</span> <span class='ocrx_word' id='word_1_30' title='bbox 2617 674 2788 752; x_wconf 71' lang='grc' dir='ltr'>μηδὲν</span> <span class='ocrx_word' id='word_1_31' title='bbox 2823 675 3074 753; x_wconf 82' lang='grc' dir='ltr'>ἔχοντες.</span> <span class='ocrx_word' id='word_1_32' title='bbox 3102 698 3134 731; x_wconf 75' lang='lat' dir='ltr'><strong>n</strong></span> <span class='ocrx_word' id='word_1_33' title='bbox 3167 675 3340 735; x_wconf 75' lang='grc' dir='ltr'>Οὐδὲν</span> <span class='ocrx_word' id='word_1_34' title='bbox 3372 680 3476 755; x_wconf 82' lang='grc' dir='ltr'><strong>γάρ</strong></span> <span class='ocrx_word' id='word_1_35' title='bbox 3510 677 3658 754; x_wconf 79' lang='grc' dir='ltr'>ἔχων</span> 
     </span>
    </p>
   </div>
   <div class='ocr_carea' id='block_1_6' title="bbox 226 765 1879 843">
    <p class='ocr_par' dir='ltr' id='par_1_6' title="bbox 226 770 1879 843">
     <span class='ocr_line' id='line_1_6' title="bbox 226 770 1879 843; baseline -0.003 -13"><span class='ocrx_word' id='word_1_36' title='bbox 226 774 428 830; x_wconf 89' lang='lat' dir='ltr'><strong>dolere</strong></span> <span class='ocrx_word' id='word_1_37' title='bbox 446 772 1144 843; x_wconf 79' lang='lat' dir='ltr'><strong>existimamurzsemper</strong></span> <span class='ocrx_word' id='word_1_38' title='bbox 1185 774 1384 825; x_wconf 86' lang='lat' dir='ltr'><strong>tamen</strong></span> <span class='ocrx_word' id='word_1_39' title='bbox 1424 777 1483 825; x_wconf 92' lang='lat' dir='ltr'><strong>et</strong></span> <span class='ocrx_word' id='word_1_40' title='bbox 1520 770 1581 826; x_wconf 91' lang='lat' dir='ltr'><strong>in</strong></span> <span class='ocrx_word' id='word_1_41' title='bbox 1608 770 1879 826; x_wconf 82' lang='lat' dir='ltr'><strong>omnibus</strong></span> 
     </span>
    </p>
   </div>
   <div class='ocr_carea' id='block_1_7' title="bbox 1994 765 3659 843">
    <p class='ocr_par' dir='ltr' id='par_1_7' title="bbox 1994 765 3659 843">
     <span class='ocr_line' id='line_1_7' title="bbox 1994 765 3659 843; baseline 0.002 -23"><span class='ocrx_word' id='word_1_42' title='bbox 1994 765 2062 821; x_wconf 86' lang='grc' dir='ltr'><strong>τά</strong></span> <span class='ocrx_word' id='word_1_43' title='bbox 2100 767 2316 823; x_wconf 89' lang='grc' dir='ltr'>πάντων</span> <span class='ocrx_word' id='word_1_44' title='bbox 2362 767 2502 843; x_wconf 81' lang='grc' dir='ltr'>εἶχε.</span> <span class='ocrx_word' id='word_1_45' title='bbox 2549 770 2631 841; x_wconf 79' lang='grc' dir='ltr'><strong>Τῇ</strong></span> <span class='ocrx_word' id='word_1_46' title='bbox 2686 768 2790 843; x_wconf 81' lang='grc' dir='ltr'><strong>γὰρ</strong></span> <span class='ocrx_word' id='word_1_47' title='bbox 2847 767 3159 842; x_wconf 76' lang='grc' dir='ltr'>οὐκουμὲνῃ</span> <span class='ocrx_word' id='word_1_48' title='bbox 3221 766 3529 826; x_wconf 79' lang='grc' dir='ltr'>ἐπέταττεν.</span> <span class='ocrx_word' id='word_1_49' title='bbox 3592 769 3659 826; x_wconf 73' lang='grc' dir='ltr'>Εἴ</span> 
     </span>
    </p>
   </div>
   <div class='ocr_carea' id='block_1_8' title="bbox 227 851 1879 936">
    <p class='ocr_par' dir='ltr' id='par_1_8' title="bbox 227 858 1879 935">
     <span class='ocr_line' id='line_1_8' title="bbox 227 858 1879 935; baseline -0.005 -14"><span class='ocrx_word' id='word_1_50' title='bbox 227 864 508 921; x_wconf 83' lang='lat' dir='ltr'><strong>continue</strong></span> <span class='ocrx_word' id='word_1_51' title='bbox 540 860 890 935; x_wconf 77' lang='lat' dir='ltr'><strong>gaudemus.</strong></span> <span class='ocrx_word' id='word_1_52' title='bbox 928 860 1068 915; x_wconf 83' lang='lat' dir='ltr'><strong>Vide</strong></span> <span class='ocrx_word' id='word_1_53' title='bbox 1098 865 1363 915; x_wconf 89' lang='lat' dir='ltr'><strong>sanctam</strong></span> <span class='ocrx_word' id='word_1_54' title='bbox 1401 858 1568 915; x_wconf 85' lang='lat' dir='ltr'><strong>Pauli</strong></span> <span class='ocrx_word' id='word_1_55' title='bbox 1590 860 1879 915; x_wconf 88' lang='lat' dir='ltr'><strong>animam.</strong></span> 
     </span>
    </p>
   </div>
   <div class='ocr_carea' id='block_1_9' title="bbox 1994 851 3653 936">
    <p class='ocr_par' dir='ltr' id='par_1_9' title="bbox 1998 851 3653 936">
     <span class='ocr_line' id='line_1_9' title="bbox 1998 851 3653 936; baseline 0.003 -27"><span class='ocrx_word' id='word_1_56' title='bbox 1998 851 2223 911; x_wconf 87' lang='grc' dir='ltr'>δυνατὸν</span> <span class='ocrx_word' id='word_1_57' title='bbox 2251 856 2379 932; x_wconf 88' lang='grc' dir='ltr'><strong>γάρ,</strong></span> <span class='ocrx_word' id='word_1_58' title='bbox 2412 855 2569 935; x_wconf 79' lang='grc' dir='ltr'>φησὶ,</span> <span class='ocrx_word' id='word_1_59' title='bbox 2612 856 2741 919; x_wconf 80' lang='grc' dir='ltr'>τοὺς</span> <span class='ocrx_word' id='word_1_60' title='bbox 2808 855 3128 936; x_wconf 69' lang='grc' dir='ltr'>ὀφθαλμοὺς</span> <span class='ocrx_word' id='word_1_61' title='bbox 3188 855 3528 927; x_wconf 65' lang='grc' dir='ltr'><strong>ἐξορύξαντες</strong></span> <span class='ocrx_word' id='word_1_62' title='bbox 3588 857 3653 914; x_wconf 74' lang='grc' dir='ltr'>ἄν</span> 
     </span>
    </p>
   </div>
   <div class='ocr_carea' id='block_1_10' title="bbox 224 944 1879 1025">
    <p class='ocr_par' dir='ltr' id='par_1_10' title="bbox 224 949 1879 1013">
     <span class='ocr_line' id='line_1_10' title="bbox 224 949 1879 1013; baseline -0.002 -2"><span class='ocrx_word' id='word_1_63' title='bbox 224 956 353 1011; x_wconf 88' lang='lat' dir='ltr'><strong>Non</strong></span> <span class='ocrx_word' id='word_1_64' title='bbox 367 954 560 1010; x_wconf 90' lang='lat' dir='ltr'><strong>solum</strong></span> <span class='ocrx_word' id='word_1_65' title='bbox 577 953 936 1008; x_wconf 90' lang='lat' dir='ltr'><strong>tentationes</strong></span> <span class='ocrx_word' id='word_1_66' title='bbox 960 949 1681 1013; x_wconf 73' lang='lat' dir='ltr'><strong>viriliterferebat,verum</strong></span> <span class='ocrx_word' id='word_1_67' title='bbox 1706 952 1879 1007; x_wconf 89' lang='lat' dir='ltr'><strong>etiam</strong></span> 
     </span>
    </p>
   </div>
   <div class='ocr_carea' id='block_1_11' title="bbox 1994 944 3658 1025">
    <p class='ocr_par' dir='ltr' id='par_1_11' title="bbox 1996 944 3658 1025">
     <span class='ocr_line' id='line_1_11' title="bbox 1996 944 3658 1025; baseline 0.001 -22"><span class='ocrx_word' id='word_1_68' title='bbox 1996 944 2235 1003; x_wconf 78' lang='grc' dir='ltr'>ἐδώκατέ</span> <span class='ocrx_word' id='word_1_69' title='bbox 2278 970 2393 1022; x_wconf 85' lang='grc' dir='ltr'>μοι.</span> <span class='ocrx_word' id='word_1_70' title='bbox 2472 950 2589 1004; x_wconf 81' lang='grc' dir='ltr'>Ἐνι</span> <span class='ocrx_word' id='word_1_71' title='bbox 2623 945 2681 1005; x_wconf 71' lang='grc' dir='ltr'>δὲ</span> <span class='ocrx_word' id='word_1_72' title='bbox 2728 948 2817 1004; x_wconf 84' lang='grc' dir='ltr'><strong>καὶ</strong></span> <span class='ocrx_word' id='word_1_73' title='bbox 2876 949 3003 1025; x_wconf 84' lang='grc' dir='ltr'>περὶ</span> <span class='ocrx_word' id='word_1_74' title='bbox 3054 953 3437 1021; x_wconf 76' lang='grc' dir='ltr'><strong>πνευματικῶν</strong></span> <span class='ocrx_word' id='word_1_75' title='bbox 3486 954 3658 1005; x_wconf 88' lang='grc' dir='ltr'>ταῦτα</span> 
     </span>
    </p>
   </div>
   <div class='ocr_carea' id='block_1_12' title="bbox 228 1038 1879 1118">
    <p class='ocr_par' dir='ltr' id='par_1_12' title="bbox 228 1039 1879 1116">
     <span class='ocr_line' id='line_1_12' title="bbox 228 1039 1879 1116; baseline -0.003 -16"><span class='ocrx_word' id='word_1_76' title='bbox 228 1045 291 1100; x_wconf 89' lang='lat' dir='ltr'><strong>in</strong></span> <span class='ocrx_word' id='word_1_77' title='bbox 305 1044 451 1116; x_wconf 88' lang='lat' dir='ltr'><strong>ipsis</strong></span> <span class='ocrx_word' id='word_1_78' title='bbox 470 1039 1157 1116; x_wconf 84' lang='lat' dir='ltr'><strong>gaudebat,sciensquod</strong></span> <span class='ocrx_word' id='word_1_79' title='bbox 1170 1046 1413 1112; x_wconf 78' lang='lat' dir='ltr'><strong>propter</strong></span> <span class='ocrx_word' id='word_1_80' title='bbox 1432 1040 1733 1096; x_wconf 78' lang='lat' dir='ltr'><strong>Christum</strong></span> <span class='ocrx_word' id='word_1_81' title='bbox 1782 1041 1879 1096; x_wconf 90' lang='lat' dir='ltr'><strong>illa</strong></span> 
     </span>
    </p>
   </div>
   <div class='ocr_carea' id='block_1_13' title="bbox 1994 1038 3658 1118">
    <p class='ocr_par' dir='ltr' id='par_1_13' title="bbox 1995 1038 3658 1118">
     <span class='ocr_line' id='line_1_13' title="bbox 1995 1038 3658 1118; baseline 0.002 -26"><span class='ocrx_word' id='word_1_82' title='bbox 1995 1044 2209 1108; x_wconf 78' lang='grc' dir='ltr'>νοῆσαι.</span> <span class='ocrx_word' id='word_1_83' title='bbox 2240 1040 2303 1097; x_wconf 79' lang='grc' dir='ltr'><strong>Ὀ</strong></span> <span class='ocrx_word' id='word_1_84' title='bbox 2352 1039 2456 1118; x_wconf 80' lang='grc' dir='ltr'><strong>γάρ</strong></span> <span class='ocrx_word' id='word_1_85' title='bbox 2513 1039 2841 1113; x_wconf 71' lang='grc' dir='ltr'>ἀπορῥήτων</span> <span class='ocrx_word' id='word_1_86' title='bbox 2901 1039 3111 1095; x_wconf 73' lang='grc' dir='ltr'>ἂκοῦων</span> <span class='ocrx_word' id='word_1_87' title='bbox 3180 1038 3471 1116; x_wconf 79' lang='grc' dir='ltr'>ῥημάτων,</span> <span class='ocrx_word' id='word_1_88' title='bbox 3538 1045 3658 1103; x_wconf 76' lang='grc' dir='ltr'><strong>πῶς</strong></span> 
     </span>
    </p>
   </div>
   <div class='ocr_carea' id='block_1_14' title="bbox 225 1128 1879 1206">
    <p class='ocr_par' dir='ltr' id='par_1_14' title="bbox 225 1129 1879 1206">
     <span class='ocr_line' id='line_1_14' title="bbox 225 1129 1879 1206; baseline -0.003 -17"><span class='ocrx_word' id='word_1_89' title='bbox 225 1139 551 1206; x_wconf 88' lang='lat' dir='ltr'><strong>pateretur.</strong></span> <span class='ocrx_word' id='word_1_90' title='bbox 576 1155 601 1181; x_wconf 75' lang='grc' dir='ltr'><strong>α</strong></span> <span class='ocrx_word' id='word_1_91' title='bbox 637 1131 813 1196; x_wconf 84' lang='lat' dir='ltr'><strong>Quasi</strong></span> <span class='ocrx_word' id='word_1_92' title='bbox 837 1146 1149 1202; x_wconf 79' lang='lat' dir='ltr'><strong>pauperes.</strong></span> <span class='ocrx_word' id='word_1_93' title='bbox 1181 1151 1201 1178; x_wconf 77' lang='grc' dir='ltr'><strong>ι</strong></span> <span class='ocrx_word' id='word_1_94' title='bbox 1229 1129 1688 1185; x_wconf 88' lang='lat' dir='ltr'><strong>Perduravimus</strong></span> <span class='ocrx_word' id='word_1_95' title='bbox 1716 1129 1879 1201; x_wconf 89' lang='lat' dir='ltr'><strong>quasi</strong></span> 
     </span>
    </p>
   </div>
   <div class='ocr_carea' id='block_1_15' title="bbox 1994 1128 2967 1206">
    <p class='ocr_par' dir='ltr' id='par_1_15' title="bbox 1998 1128 2967 1204">
     <span class='ocr_line' id='line_1_15' title="bbox 1998 1128 2967 1204; baseline 0 -21"><span class='ocrx_word' id='word_1_96' title='bbox 1998 1128 2132 1204; x_wconf 79' lang='grc' dir='ltr'>οὐχὶ</span> <span class='ocrx_word' id='word_1_97' title='bbox 2160 1129 2378 1185; x_wconf 89' lang='grc' dir='ltr'>πάντων</span> <span class='ocrx_word' id='word_1_98' title='bbox 2407 1128 2820 1203; x_wconf 83' lang='grc' dir='ltr'>πλουσιώτερος</span> <span class='ocrx_word' id='word_1_99' title='bbox 2850 1128 2918 1199; x_wconf 75' lang='grc' dir='ltr'>ἦν</span> <span class='ocrx_word' id='word_1_100' title='bbox 2952 1147 2967 1198; x_wconf 85' lang='grc'>;</span> 
     </span>
    </p>
   </div>
   <div class='ocr_carea' id='block_1_16' title="bbox 225 1218 3655 1291">
    <p class='ocr_par' dir='ltr' id='par_1_16' title="bbox 225 1218 3655 1291">
     <span class='ocr_line' id='line_1_16' title="bbox 225 1218 3655 1291; baseline -0.001 -11"><span class='ocrx_word' id='word_1_101' title='bbox 225 1221 488 1280; x_wconf 91' lang='lat' dir='ltr'><strong>mendici</strong></span> <span class='ocrx_word' id='word_1_102' title='bbox 520 1239 534 1276; x_wconf 90' lang='lat'><strong>:</strong></span> <span class='ocrx_word' id='word_1_103' title='bbox 565 1220 670 1278; x_wconf 86' lang='lat' dir='ltr'><strong>sed</strong></span> <span class='ocrx_word' id='word_1_104' title='bbox 697 1220 916 1276; x_wconf 90' lang='lat' dir='ltr'><strong>multos</strong></span> <span class='ocrx_word' id='word_1_105' title='bbox 946 1218 1284 1279; x_wconf 89' lang='lat' dir='ltr'><strong>ditavimus,</strong></span> <span class='ocrx_word' id='word_1_106' title='bbox 1315 1224 1416 1274; x_wconf 88' lang='lat' dir='ltr'><strong>aut</strong></span> <span class='ocrx_word' id='word_1_107' title='bbox 1444 1218 1858 1291; x_wconf 88' lang='lat' dir='ltr'><strong>spiritualibus</strong></span> <span class='ocrx_word' id='word_1_108' title='bbox 1889 1218 2130 1285; x_wconf 78' lang='lat' dir='ltr'><strong>divitiis,</strong></span> <span class='ocrx_word' id='word_1_109' title='bbox 2165 1225 2267 1277; x_wconf 88' lang='lat' dir='ltr'><strong>aut</strong></span> <span class='ocrx_word' id='word_1_110' title='bbox 2297 1221 2478 1276; x_wconf 89' lang='lat' dir='ltr'><strong>etiam</strong></span> <span class='ocrx_word' id='word_1_111' title='bbox 2526 1220 2799 1276; x_wconf 76' lang='lat' dir='ltr'><strong>terrenis.</strong></span> <span class='ocrx_word' id='word_1_112' title='bbox 2861 1219 3165 1291; x_wconf 88' lang='lat' dir='ltr'><strong>Siquidem</strong></span> <span class='ocrx_word' id='word_1_113' title='bbox 3219 1220 3490 1278; x_wconf 91' lang='lat' dir='ltr'><strong>omnium</strong></span> <span class='ocrx_word' id='word_1_114' title='bbox 3548 1222 3655 1278; x_wconf 87' lang='lat' dir='ltr'><strong>ha-</strong></span> 
     </span>
    </p>
   </div>
   <div class='ocr_carea' id='block_1_17' title="bbox 225 1306 3656 1382">
    <p class='ocr_par' dir='ltr' id='par_1_17' title="bbox 225 1306 3656 1382">
     <span class='ocr_line' id='line_1_17' title="bbox 225 1306 3656 1382; baseline -0.002 -15"><span class='ocrx_word' id='word_1_115' title='bbox 225 1311 450 1368; x_wconf 87' lang='lat' dir='ltr'><strong>bebant</strong></span> <span class='ocrx_word' id='word_1_116' title='bbox 475 1316 711 1381; x_wconf 89' lang='lat' dir='ltr'><strong>apertas</strong></span> <span class='ocrx_word' id='word_1_117' title='bbox 743 1310 952 1365; x_wconf 90' lang='lat' dir='ltr'><strong>domos</strong></span> <span class='ocrx_word' id='word_1_118' title='bbox 983 1308 1102 1363; x_wconf 84' lang='lat' dir='ltr'><strong>sive</strong></span> <span class='ocrx_word' id='word_1_119' title='bbox 1133 1306 1412 1376; x_wconf 84' lang='lat' dir='ltr'><strong>familias,</strong></span> <span class='ocrx_word' id='word_1_120' title='bbox 1442 1324 1574 1379; x_wconf 65' lang='lat' dir='ltr'><strong>quas</strong></span> <span class='ocrx_word' id='word_1_121' title='bbox 1605 1307 1906 1363; x_wconf 83' lang='lat' dir='ltr'><strong>faciebant</strong></span> <span class='ocrx_word' id='word_1_122' title='bbox 1934 1309 2227 1382; x_wconf 91' lang='lat' dir='ltr'><strong>quidquid</strong></span> <span class='ocrx_word' id='word_1_123' title='bbox 2252 1310 2536 1382; x_wconf 87' lang='lat' dir='ltr'><strong>juberent</strong></span> <span class='ocrx_word' id='word_1_124' title='bbox 2560 1310 2837 1382; x_wconf 89' lang='lat' dir='ltr'><strong>apostoli.</strong></span> <span class='ocrx_word' id='word_1_125' title='bbox 2878 1329 2901 1359; x_wconf 75' lang='grc' dir='ltr'><strong>ι</strong></span> <span class='ocrx_word' id='word_1_126' title='bbox 2937 1311 3114 1377; x_wconf 87' lang='lat' dir='ltr'><strong>Quasi</strong></span> <span class='ocrx_word' id='word_1_127' title='bbox 3134 1310 3284 1367; x_wconf 87' lang='lat' dir='ltr'><strong>nihil</strong></span> <span class='ocrx_word' id='word_1_128' title='bbox 3308 1311 3656 1368; x_wconf 81' lang='lat' dir='ltr'><strong>habentes.»</strong></span> 
     </span>
    </p>
   </div>
   <div class='ocr_carea' id='block_1_18' title="bbox 224 1396 3650 1472">
    <p class='ocr_par' dir='ltr' id='par_1_18' title="bbox 224 1396 3650 1472">
     <span class='ocr_line' id='line_1_18' title="bbox 224 1396 3650 1472; baseline -0 -14"><span class='ocrx_word' id='word_1_129' title='bbox 224 1404 371 1458; x_wconf 87' lang='lat' dir='ltr'><strong>Nam</strong></span> <span class='ocrx_word' id='word_1_130' title='bbox 400 1400 550 1455; x_wconf 90' lang='lat' dir='ltr'><strong>nihil</strong></span> <span class='ocrx_word' id='word_1_131' title='bbox 582 1399 797 1455; x_wconf 88' lang='lat' dir='ltr'><strong>habeat</strong></span> <span class='ocrx_word' id='word_1_132' title='bbox 830 1415 843 1453; x_wconf 90' lang='lat'>:</span> <span class='ocrx_word' id='word_1_133' title='bbox 879 1402 1178 1470; x_wconf 71' lang='lat' dir='ltr'><strong>praecepta</strong></span> <span class='ocrx_word' id='word_1_134' title='bbox 1208 1397 1370 1453; x_wconf 89' lang='lat' dir='ltr'><strong>enim</strong></span> <span class='ocrx_word' id='word_1_135' title='bbox 1401 1396 1530 1452; x_wconf 88' lang='lat' dir='ltr'><strong>orbi</strong></span> <span class='ocrx_word' id='word_1_136' title='bbox 1562 1397 1761 1453; x_wconf 90' lang='lat' dir='ltr'><strong>dabat.</strong></span> <span class='ocrx_word' id='word_1_137' title='bbox 1791 1398 2025 1455; x_wconf 86' lang='lat' dir='ltr'><strong>Etenim</strong></span> <span class='ocrx_word' id='word_1_138' title='bbox 2058 1399 2106 1454; x_wconf 88' lang='lat' dir='ltr'><strong>si</strong></span> <span class='ocrx_word' id='word_1_139' title='bbox 2139 1398 2290 1468; x_wconf 83' lang='lat' dir='ltr'><strong>fleri,</strong></span> <span class='ocrx_word' id='word_1_140' title='bbox 2317 1401 2532 1472; x_wconf 89' lang='lat' dir='ltr'><strong>inquit,</strong></span> <span class='ocrx_word' id='word_1_141' title='bbox 2560 1400 2875 1472; x_wconf 83' lang='lat' dir='ltr'><strong>potuisset,</strong></span> <span class='ocrx_word' id='word_1_142' title='bbox 2904 1399 3109 1456; x_wconf 89' lang='lat' dir='ltr'><strong>oculos</strong></span> <span class='ocrx_word' id='word_1_143' title='bbox 3137 1405 3368 1456; x_wconf 88' lang='lat' dir='ltr'><strong>vestros</strong></span> <span class='ocrx_word' id='word_1_144' title='bbox 3399 1401 3650 1457; x_wconf 83' lang='lat' dir='ltr'><strong>effossos</strong></span> 
     </span>
    </p>
   </div>
   <div class='ocr_carea' id='block_1_19' title="bbox 227 1484 3661 1560">
    <p class='ocr_par' dir='ltr' id='par_1_19' title="bbox 227 1484 3661 1560">
     <span class='ocr_line' id='line_1_19' title="bbox 227 1484 3661 1560; baseline -0 -14"><span class='ocrx_word' id='word_1_145' title='bbox 227 1488 540 1545; x_wconf 88' lang='lat' dir='ltr'><strong>dedissetis</strong></span> <span class='ocrx_word' id='word_1_146' title='bbox 567 1488 739 1543; x_wconf 91' lang='lat' dir='ltr'><strong>mihi.</strong></span> <span class='ocrx_word' id='word_1_147' title='bbox 774 1486 933 1543; x_wconf 91' lang='lat' dir='ltr'><strong>Licet</strong></span> <span class='ocrx_word' id='word_1_148' title='bbox 963 1492 1162 1541; x_wconf 91' lang='lat' dir='ltr'><strong>autem</strong></span> <span class='ocrx_word' id='word_1_149' title='bbox 1195 1491 1254 1541; x_wconf 88' lang='lat' dir='ltr'><strong>et</strong></span> <span class='ocrx_word' id='word_1_150' title='bbox 1283 1486 1411 1541; x_wconf 82' lang='lat' dir='ltr'><strong>haec</strong></span> <span class='ocrx_word' id='word_1_151' title='bbox 1439 1484 1511 1541; x_wconf 91' lang='lat' dir='ltr'><strong>de</strong></span> <span class='ocrx_word' id='word_1_152' title='bbox 1543 1485 1956 1557; x_wconf 82' lang='lat' dir='ltr'><strong>spiritualibus</strong></span> <span class='ocrx_word' id='word_1_153' title='bbox 1987 1487 2277 1560; x_wconf 87' lang='lat' dir='ltr'><strong>accipere.</strong></span> <span class='ocrx_word' id='word_1_154' title='bbox 2310 1489 2420 1555; x_wconf 90' lang='lat' dir='ltr'><strong>Qui</strong></span> <span class='ocrx_word' id='word_1_155' title='bbox 2451 1489 2614 1546; x_wconf 90' lang='lat' dir='ltr'><strong>enim</strong></span> <span class='ocrx_word' id='word_1_156' title='bbox 2644 1504 2865 1545; x_wconf 84' lang='lat' dir='ltr'><strong>arcana</strong></span> <span class='ocrx_word' id='word_1_157' title='bbox 2894 1488 3073 1544; x_wconf 89' lang='lat' dir='ltr'><strong>verba</strong></span> <span class='ocrx_word' id='word_1_158' title='bbox 3106 1488 3379 1545; x_wconf 86' lang='lat' dir='ltr'><strong>audierat</strong></span> <span class='ocrx_word' id='word_1_159' title='bbox 3432 1488 3500 1558; x_wconf 81' lang='grc' dir='ltr'><strong>⁵ο,</strong></span> <span class='ocrx_word' id='word_1_160' title='bbox 3556 1505 3661 1546; x_wconf 84' lang='lat' dir='ltr'><strong>an-</strong></span> 
     </span>
    </p>
   </div>
   <div class='ocr_carea' id='block_1_20' title="bbox 223 1575 1211 1635">
    <p class='ocr_par' dir='ltr' id='par_1_20' title="bbox 223 1575 1211 1635">
     <span class='ocr_line' id='line_1_20' title="bbox 223 1575 1211 1635; baseline -0.004 0"><span class='ocrx_word' id='word_1_161' title='bbox 223 1595 344 1635; x_wconf 90' lang='lat' dir='ltr'><strong>non</strong></span> <span class='ocrx_word' id='word_1_162' title='bbox 376 1578 643 1633; x_wconf 91' lang='lat' dir='ltr'><strong>omnium</strong></span> <span class='ocrx_word' id='word_1_163' title='bbox 675 1577 1008 1633; x_wconf 91' lang='lat' dir='ltr'><strong>ditissimus</strong></span> <span class='ocrx_word' id='word_1_164' title='bbox 1034 1575 1211 1632; x_wconf 77' lang='lat' dir='ltr'><strong>erat?</strong></span> 
     </span>
    </p>
   </div>
   <div class='ocr_carea' id='block_1_21' title="bbox 300 1665 1887 1733">
    <p class='ocr_par' dir='ltr' id='par_1_21' title="bbox 300 1665 1887 1733">
     <span class='ocr_line' id='line_1_21' title="bbox 300 1665 1887 1733; baseline -0.001 -14"><span class='ocrx_word' id='word_1_165' title='bbox 300 1667 491 1730; x_wconf 68' lang='lat' dir='ltr'><strong>V1.14</strong></span> <span class='ocrx_word' id='word_1_166' title='bbox 529 1667 612 1719; x_wconf 82' lang='grc'><strong>16.</strong></span> <span class='ocrx_word' id='word_1_167' title='bbox 650 1665 995 1720; x_wconf 83' lang='lat' dir='ltr'><strong>Osnostrum</strong></span> <span class='ocrx_word' id='word_1_168' title='bbox 1048 1668 1305 1733; x_wconf 83' lang='lat' dir='ltr'><strong>apertum</strong></span> <span class='ocrx_word' id='word_1_169' title='bbox 1362 1668 1440 1718; x_wconf 86' lang='lat' dir='ltr'><strong>est</strong></span> <span class='ocrx_word' id='word_1_170' title='bbox 1500 1678 1636 1733; x_wconf 86' lang='lat' dir='ltr'><strong>erga</strong></span> <span class='ocrx_word' id='word_1_171' title='bbox 1690 1678 1803 1731; x_wconf 81' lang='lat' dir='ltr'><strong>vos,</strong></span> <span class='ocrx_word' id='word_1_172' title='bbox 1853 1679 1887 1718; x_wconf 94' lang='lat' dir='ltr'><strong>o</strong></span> 
     </span>
    </p>
   </div>
   <div class='ocr_carea' id='block_1_22' title="bbox 226 1751 1886 1819">
    <p class='ocr_par' dir='ltr' id='par_1_22' title="bbox 226 1751 1886 1819">
     <span class='ocr_line' id='line_1_22' title="bbox 226 1751 1886 1819; baseline -0.003 -8"><span class='ocrx_word' id='word_1_173' title='bbox 226 1754 522 1819; x_wconf 76' lang='lat' dir='ltr'><strong>Corinthii,</strong></span> <span class='ocrx_word' id='word_1_174' title='bbox 555 1769 646 1808; x_wconf 89' lang='lat' dir='ltr'><strong>cor</strong></span> <span class='ocrx_word' id='word_1_175' title='bbox 674 1759 922 1807; x_wconf 86' lang='lat' dir='ltr'><strong>nostrum</strong></span> <span class='ocrx_word' id='word_1_176' title='bbox 953 1751 1254 1807; x_wconf 89' lang='lat' dir='ltr'><strong>dilatatum</strong></span> <span class='ocrx_word' id='word_1_177' title='bbox 1284 1757 1364 1807; x_wconf 89' lang='lat' dir='ltr'><strong>est</strong></span> <span class='ocrx_word' id='word_1_178' title='bbox 1395 1769 1416 1805; x_wconf 85' lang='lat'><strong><em>:</em></strong></span> <span class='ocrx_word' id='word_1_179' title='bbox 1444 1767 1558 1807; x_wconf 85' lang='lat' dir='ltr'><strong>non</strong></span> <span class='ocrx_word' id='word_1_180' title='bbox 1614 1752 1739 1806; x_wconf 80' lang='lat' dir='ltr'><strong>estis</strong></span> <span class='ocrx_word' id='word_1_181' title='bbox 1781 1767 1886 1806; x_wconf 87' lang='lat' dir='ltr'><strong>an-</strong></span> 
     </span>
    </p>
   </div>
   <div class='ocr_carea' id='block_1_23' title="bbox 224 1841 1882 1915">
    <p class='ocr_par' dir='ltr' id='par_1_23' title="bbox 224 1841 1882 1915">
     <span class='ocr_line' id='line_1_23' title="bbox 224 1841 1882 1915; baseline -0.002 -15"><span class='ocrx_word' id='word_1_182' title='bbox 224 1843 645 1915; x_wconf 81' lang='lat' dir='ltr'><strong>gustiinnobis,</strong></span> <span class='ocrx_word' id='word_1_183' title='bbox 680 1843 777 1899; x_wconf 88' lang='lat' dir='ltr'><strong>sed</strong></span> <span class='ocrx_word' id='word_1_184' title='bbox 796 1843 1018 1912; x_wconf 83' lang='lat' dir='ltr'><strong>angusti</strong></span> <span class='ocrx_word' id='word_1_185' title='bbox 1070 1843 1198 1897; x_wconf 85' lang='lat' dir='ltr'><strong>estis</strong></span> <span class='ocrx_word' id='word_1_186' title='bbox 1243 1841 1301 1895; x_wconf 82' lang='lat' dir='ltr'><strong>in</strong></span> <span class='ocrx_word' id='word_1_187' title='bbox 1343 1841 1639 1896; x_wconf 79' lang='lat' dir='ltr'><strong>visceribus</strong></span> <span class='ocrx_word' id='word_1_188' title='bbox 1668 1842 1882 1897; x_wconf 84' lang='lat' dir='ltr'><strong>vestris.</strong></span> 
     </span>
    </p>
   </div>
   <div class='ocr_carea' id='block_1_24' title="bbox 222 1929 1885 1999">
    <p class='ocr_par' dir='ltr' id='par_1_24' title="bbox 222 1929 1885 1999">
     <span class='ocr_line' id='line_1_24' title="bbox 222 1929 1885 1999; baseline -0.002 -10"><span class='ocrx_word' id='word_1_189' title='bbox 222 1934 490 1990; x_wconf 85' lang='lat' dir='ltr'><strong>Eamdem</strong></span> <span class='ocrx_word' id='word_1_190' title='bbox 517 1938 697 1987; x_wconf 85' lang='lat' dir='ltr'><strong>autem</strong></span> <span class='ocrx_word' id='word_1_191' title='bbox 725 1932 1244 1999; x_wconf 84' lang='lat' dir='ltr'><strong>remunerationem,</strong></span> <span class='ocrx_word' id='word_1_192' title='bbox 1269 1936 1331 1984; x_wconf 89' lang='lat' dir='ltr'><strong>ut</strong></span> <span class='ocrx_word' id='word_1_193' title='bbox 1351 1929 1485 1999; x_wconf 79' lang='lat' dir='ltr'><strong>ﬁliis</strong></span> <span class='ocrx_word' id='word_1_194' title='bbox 1527 1930 1649 1985; x_wconf 85' lang='lat' dir='ltr'><strong>dico</strong></span> <span class='ocrx_word' id='word_1_195' title='bbox 1674 1946 1688 1984; x_wconf 89' lang='lat'>:</span> <span class='ocrx_word' id='word_1_196' title='bbox 1722 1930 1885 1985; x_wconf 83' lang='lat' dir='ltr'><strong>Dila-</strong></span> 
     </span>
    </p>
   </div>
   <div class='ocr_carea' id='block_1_25' title="bbox 2068 1661 3654 1740">
    <p class='ocr_par' dir='ltr' id='par_1_25' title="bbox 2068 1661 3654 1740">
     <span class='ocr_line' id='line_1_25' title="bbox 2068 1661 3654 1740; baseline 0.001 -22"><span class='ocrx_word' id='word_1_197' title='bbox 2068 1663 2147 1722; x_wconf 87' lang='grc' dir='ltr'>Τὸ</span> <span class='ocrx_word' id='word_1_198' title='bbox 2195 1662 2371 1736; x_wconf 83' lang='grc' dir='ltr'><strong>στόμα</strong></span> <span class='ocrx_word' id='word_1_199' title='bbox 2436 1665 2598 1735; x_wconf 81' lang='grc' dir='ltr'>ἡμῶν</span> <span class='ocrx_word' id='word_1_200' title='bbox 2656 1661 2863 1740; x_wconf 81' lang='grc' dir='ltr'>ἀνέῳγε</span> <span class='ocrx_word' id='word_1_201' title='bbox 2919 1664 3057 1739; x_wconf 87' lang='grc' dir='ltr'>πρὸς</span> <span class='ocrx_word' id='word_1_202' title='bbox 3116 1666 3279 1738; x_wconf 78' lang='grc' dir='ltr'>ὑμᾶς,</span> <span class='ocrx_word' id='word_1_203' title='bbox 3349 1662 3654 1739; x_wconf 82' lang='grc' dir='ltr'>Κορίνθιοι,</span> 
     </span>
    </p>
   </div>
   <div class='ocr_carea' id='block_1_26' title="bbox 1994 1749 3662 1830">
    <p class='ocr_par' dir='ltr' id='par_1_26' title="bbox 1994 1749 3662 1830">
     <span class='ocr_line' id='line_1_26' title="bbox 1994 1749 3662 1830; baseline 0.002 -23"><span class='ocrx_word' id='word_1_204' title='bbox 1994 1752 2030 1821; x_wconf 79' lang='grc' dir='ltr'><strong>ἡ</strong></span> <span class='ocrx_word' id='word_1_205' title='bbox 2133 1749 2332 1826; x_wconf 84' lang='grc' dir='ltr'>καρδία</span> <span class='ocrx_word' id='word_1_206' title='bbox 2431 1755 2593 1827; x_wconf 75' lang='grc' dir='ltr'>ἡμῶν</span> <span class='ocrx_word' id='word_1_207' title='bbox 2627 1750 3022 1811; x_wconf 82' lang='grc' dir='ltr'>πεπλάτυνται.</span> <span class='ocrx_word' id='word_1_208' title='bbox 3075 1752 3152 1810; x_wconf 80' lang='grc' dir='ltr'>Οὐ</span> <span class='ocrx_word' id='word_1_209' title='bbox 3231 1756 3662 1830; x_wconf 79' lang='grc' dir='ltr'><strong>στενοχωρεῖσθε</strong></span> 
     </span>
    </p>
   </div>
   <div class='ocr_carea' id='block_1_27' title="bbox 1995 1839 3662 1919">
    <p class='ocr_par' dir='ltr' id='par_1_27' title="bbox 1995 1839 3662 1919">
     <span class='ocr_line' id='line_1_27' title="bbox 1995 1839 3662 1919; baseline 0.001 -23"><span class='ocrx_word' id='word_1_210' title='bbox 1995 1839 2047 1896; x_wconf 72' lang='grc' dir='ltr'>ἐν</span> <span class='ocrx_word' id='word_1_211' title='bbox 2089 1842 2246 1916; x_wconf 76' lang='grc' dir='ltr'>ἡμῖν,</span> <span class='ocrx_word' id='word_1_212' title='bbox 2321 1841 2747 1916; x_wconf 73' lang='grc' dir='ltr'>στενοχωρεῖσθε</span> <span class='ocrx_word' id='word_1_213' title='bbox 2848 1839 2906 1897; x_wconf 79' lang='grc' dir='ltr'>δὶ</span> <span class='ocrx_word' id='word_1_214' title='bbox 3010 1841 3064 1898; x_wconf 77' lang='grc' dir='ltr'>ἐν</span> <span class='ocrx_word' id='word_1_215' title='bbox 3124 1847 3241 1906; x_wconf 90' lang='grc' dir='ltr'>τοῖς</span> <span class='ocrx_word' id='word_1_216' title='bbox 3311 1842 3662 1919; x_wconf 80' lang='grc' dir='ltr'>σπλάγχνοις</span> 
     </span>
    </p>
   </div>
   <div class='ocr_carea' id='block_1_28' title="bbox 1997 1928 3660 2004">
    <p class='ocr_par' dir='ltr' id='par_1_28' title="bbox 1997 1928 3660 2004">
     <span class='ocr_line' id='line_1_28' title="bbox 1997 1928 3660 2004; baseline 0.002 -20"><span class='ocrx_word' id='word_1_217' title='bbox 1997 1930 2175 2004; x_wconf 82' lang='grc' dir='ltr'>ὑμῶν.</span> <span class='ocrx_word' id='word_1_218' title='bbox 2243 1932 2362 2001; x_wconf 78' lang='grc' dir='ltr'>Τὴν</span> <span class='ocrx_word' id='word_1_219' title='bbox 2422 1928 2479 1986; x_wconf 72' lang='grc' dir='ltr'>δὲ</span> <span class='ocrx_word' id='word_1_220' title='bbox 2526 1931 2696 2000; x_wconf 77' lang='grc' dir='ltr'>αὐτὴν</span> <span class='ocrx_word' id='word_1_221' title='bbox 2752 1931 3094 2004; x_wconf 74' lang='grc' dir='ltr'><strong>ἀντιμισθίαν</strong></span> <span class='ocrx_word' id='word_1_222' title='bbox 3154 1932 3229 1995; x_wconf 87' lang='grc' dir='ltr'>ὡς</span> <span class='ocrx_word' id='word_1_223' title='bbox 3289 1933 3502 1997; x_wconf 74' lang='grc' dir='ltr'>τέκνοις</span> <span class='ocrx_word' id='word_1_224' title='bbox 3565 1931 3660 1988; x_wconf 84' lang='grc' dir='ltr'>λέ-</span> 
     </span>
    </p>
   </div>
   <div class='ocr_carea' id='block_1_29' title="bbox 226 2003 1879 2100">
    <p class='ocr_par' dir='ltr' id='par_1_29' title="bbox 226 2020 1879 2092">
     <span class='ocr_line' id='line_1_29' title="bbox 226 2020 1879 2092; baseline -0.002 -14"><span class='ocrx_word' id='word_1_225' title='bbox 226 2022 421 2079; x_wconf 86' lang='lat' dir='ltr'><strong>temini</strong></span> <span class='ocrx_word' id='word_1_226' title='bbox 449 2029 502 2078; x_wconf 86' lang='lat' dir='ltr'><strong>et</strong></span> <span class='ocrx_word' id='word_1_227' title='bbox 530 2038 644 2092; x_wconf 82' lang='lat' dir='ltr'><strong>vos,</strong></span> <span class='ocrx_word' id='word_1_228' title='bbox 674 2037 744 2077; x_wconf 84' lang='lat' dir='ltr'><strong>ne</strong></span> <span class='ocrx_word' id='word_1_229' title='bbox 776 2021 1061 2077; x_wconf 86' lang='lat' dir='ltr'><strong>declinetis</strong></span> <span class='ocrx_word' id='word_1_230' title='bbox 1091 2021 1165 2075; x_wconf 87' lang='lat' dir='ltr'><strong>ad</strong></span> <span class='ocrx_word' id='word_1_231' title='bbox 1194 2020 1525 2076; x_wconf 81' lang='lat' dir='ltr'><strong>incredulos.</strong></span> <span class='ocrx_word' id='word_1_232' title='bbox 1552 2020 1707 2085; x_wconf 83' lang='lat' dir='ltr'><strong>Quod</strong></span> <span class='ocrx_word' id='word_1_233' title='bbox 1736 2021 1879 2075; x_wconf 89' lang='lat' dir='ltr'><strong>enim</strong></span> 
     </span>
    </p>
   </div>
   <div class='ocr_carea' id='block_1_30' title="bbox 1994 2003 3663 2100">
    <p class='ocr_par' dir='ltr' id='par_1_30' title="bbox 1994 2003 3663 2100">
     <span class='ocr_line' id='line_1_30' title="bbox 1994 2003 3663 2100; baseline 0.001 -24"><span class='ocrx_word' id='word_1_234' title='bbox 1994 2003 2100 2098; x_wconf 85' lang='grc' dir='ltr'><strong>γω,</strong></span> <span class='ocrx_word' id='word_1_235' title='bbox 2186 2019 2535 2092; x_wconf 73' lang='grc' dir='ltr'><strong>πλατύνθητε</strong></span> <span class='ocrx_word' id='word_1_236' title='bbox 2618 2021 2710 2077; x_wconf 87' lang='grc' dir='ltr'><strong>καὶ</strong></span> <span class='ocrx_word' id='word_1_237' title='bbox 2768 2003 2946 2094; x_wconf 83' lang='grc' dir='ltr'>ὑμεῖς,</span> <span class='ocrx_word' id='word_1_238' title='bbox 3007 2024 3083 2097; x_wconf 78' lang='grc' dir='ltr'>μὴ</span> <span class='ocrx_word' id='word_1_239' title='bbox 3147 2021 3358 2100; x_wconf 77' lang='grc' dir='ltr'><strong>γίνεσθε</strong></span> <span class='ocrx_word' id='word_1_240' title='bbox 3413 2023 3663 2093; x_wconf 73' lang='grc' dir='ltr'>ἑτεροζυ-</span> 
     </span>
    </p>
   </div>
   <div class='ocr_carea' id='block_1_31' title="bbox 224 2109 1888 2184">
    <p class='ocr_par' dir='ltr' id='par_1_31' title="bbox 224 2109 1888 2184">
     <span class='ocr_line' id='line_1_31' title="bbox 224 2109 1888 2184; baseline -0.003 -16"><span class='ocrx_word' id='word_1_241' title='bbox 224 2113 562 2169; x_wconf 86' lang='lat' dir='ltr'><strong>consortium</strong></span> <span class='ocrx_word' id='word_1_242' title='bbox 580 2112 819 2184; x_wconf 70' lang='lat' dir='ltr'><strong>justitiae</strong></span> <span class='ocrx_word' id='word_1_243' title='bbox 850 2126 969 2166; x_wconf 87' lang='lat' dir='ltr'><strong>cum</strong></span> <span class='ocrx_word' id='word_1_244' title='bbox 995 2109 1294 2180; x_wconf 76' lang='lat' dir='ltr'><strong>iniquitate</strong></span> <span class='ocrx_word' id='word_1_245' title='bbox 1313 2111 1342 2164; x_wconf 86' lang='lat'><strong><em>?</em></strong></span> <span class='ocrx_word' id='word_1_246' title='bbox 1371 2114 1468 2164; x_wconf 87' lang='lat' dir='ltr'><strong>aut</strong></span> <span class='ocrx_word' id='word_1_247' title='bbox 1496 2124 1625 2180; x_wconf 70' lang='lat' dir='ltr'><strong>qua:</strong></span> <span class='ocrx_word' id='word_1_248' title='bbox 1643 2124 1888 2165; x_wconf 87' lang='lat' dir='ltr'><strong>commu-</strong></span> 
     </span>
    </p>
   </div>
   <div class='ocr_carea' id='block_1_32' title="bbox 221 2198 1886 2270">
    <p class='ocr_par' dir='ltr' id='par_1_32' title="bbox 221 2198 1886 2270">
     <span class='ocr_line' id='line_1_32' title="bbox 221 2198 1886 2270; baseline -0.002 -13"><span class='ocrx_word' id='word_1_249' title='bbox 221 2204 317 2257; x_wconf 79' lang='lat' dir='ltr'><strong>nio</strong></span> <span class='ocrx_word' id='word_1_250' title='bbox 348 2202 459 2257; x_wconf 86' lang='lat' dir='ltr'><strong>luci</strong></span> <span class='ocrx_word' id='word_1_251' title='bbox 490 2202 563 2256; x_wconf 90' lang='lat' dir='ltr'><strong>ad</strong></span> <span class='ocrx_word' id='word_1_252' title='bbox 589 2202 839 2256; x_wconf 82' lang='lat' dir='ltr'><strong>tenebras</strong></span> <span class='ocrx_word' id='word_1_253' title='bbox 870 2203 898 2256; x_wconf 85' lang='lat'><strong><em>?</em></strong></span> <span class='ocrx_word' id='word_1_254' title='bbox 927 2206 1026 2255; x_wconf 85' lang='lat' dir='ltr'><strong>aut</strong></span> <span class='ocrx_word' id='word_1_255' title='bbox 1056 2216 1178 2270; x_wconf 62' lang='lat' dir='ltr'><strong>qua</strong></span> <span class='ocrx_word' id='word_1_256' title='bbox 1208 2198 1510 2255; x_wconf 87' lang='lat' dir='ltr'><strong>concordia</strong></span> <span class='ocrx_word' id='word_1_257' title='bbox 1541 2198 1757 2254; x_wconf 86' lang='lat' dir='ltr'><strong>Christo</strong></span> <span class='ocrx_word' id='word_1_258' title='bbox 1810 2200 1886 2254; x_wconf 90' lang='lat' dir='ltr'><strong>ad</strong></span> 
     </span>
    </p>
   </div>
   <div class='ocr_carea' id='block_1_33' title="bbox 224 2288 1889 2362">
    <p class='ocr_par' dir='ltr' id='par_1_33' title="bbox 224 2288 1889 2362">
     <span class='ocr_line' id='line_1_33' title="bbox 224 2288 1889 2362; baseline -0.002 -16"><span class='ocrx_word' id='word_1_259' title='bbox 224 2291 403 2347; x_wconf 82' lang='lat' dir='ltr'><strong>Belial</strong></span> <span class='ocrx_word' id='word_1_260' title='bbox 429 2292 457 2346; x_wconf 89' lang='lat'><strong><em>?</em></strong></span> <span class='ocrx_word' id='word_1_261' title='bbox 488 2295 586 2345; x_wconf 87' lang='lat' dir='ltr'><strong>aut</strong></span> <span class='ocrx_word' id='word_1_262' title='bbox 614 2306 737 2362; x_wconf 72' lang='lat' dir='ltr'><strong>quae</strong></span> <span class='ocrx_word' id='word_1_263' title='bbox 761 2304 897 2360; x_wconf 86' lang='lat' dir='ltr'><strong>pars</strong></span> <span class='ocrx_word' id='word_1_264' title='bbox 925 2288 1089 2360; x_wconf 78' lang='lat' dir='ltr'><strong>fideli</strong></span> <span class='ocrx_word' id='word_1_265' title='bbox 1112 2304 1236 2344; x_wconf 83' lang='lat' dir='ltr'><strong>cum</strong></span> <span class='ocrx_word' id='word_1_266' title='bbox 1268 2288 1483 2359; x_wconf 81' lang='lat' dir='ltr'><strong>inﬁdeli</strong></span> <span class='ocrx_word' id='word_1_267' title='bbox 1509 2290 1538 2342; x_wconf 85' lang='lat'><strong><em>?</em></strong></span> <span class='ocrx_word' id='word_1_268' title='bbox 1594 2294 1690 2344; x_wconf 88' lang='lat' dir='ltr'><strong>aut</strong></span> <span class='ocrx_word' id='word_1_269' title='bbox 1747 2288 1889 2359; x_wconf 85' lang='lat' dir='ltr'><strong>quid</strong></span> 
     </span>
    </p>
   </div>
   <div class='ocr_carea' id='block_1_34' title="bbox 221 2378 1220 2451">
    <p class='ocr_par' dir='ltr' id='par_1_34' title="bbox 221 2378 1220 2451">
     <span class='ocr_line' id='line_1_34' title="bbox 221 2378 1220 2451; baseline -0.006 -14"><span class='ocrx_word' id='word_1_270' title='bbox 221 2383 475 2437; x_wconf 85' lang='lat' dir='ltr'><strong>convenit</strong></span> <span class='ocrx_word' id='word_1_271' title='bbox 507 2378 710 2451; x_wconf 83' lang='lat' dir='ltr'><strong>templo</strong></span> <span class='ocrx_word' id='word_1_272' title='bbox 731 2379 832 2435; x_wconf 88' lang='lat' dir='ltr'><strong>Dei</strong></span> <span class='ocrx_word' id='word_1_273' title='bbox 857 2394 980 2434; x_wconf 87' lang='lat' dir='ltr'><strong>cum</strong></span> <span class='ocrx_word' id='word_1_274' title='bbox 1010 2378 1172 2433; x_wconf 83' lang='lat' dir='ltr'><strong>idolis</strong></span> <span class='ocrx_word' id='word_1_275' title='bbox 1191 2380 1220 2431; x_wconf 86' lang='lat'><strong><em>?</em></strong></span> 
     </span>
    </p>
   </div>
   <div class='ocr_carea' id='block_1_35' title="bbox 297 2560 1885 2637">
    <p class='ocr_par' dir='ltr' id='par_1_35' title="bbox 297 2560 1885 2637">
     <span class='ocr_line' id='line_1_35' title="bbox 297 2560 1885 2637; baseline -0.003 -16"><span class='ocrx_word' id='word_1_276' title='bbox 297 2565 454 2620; x_wconf 70' lang='lat'><strong>044</strong></span> <span class='ocrx_word' id='word_1_277' title='bbox 487 2564 595 2621; x_wconf 90' lang='lat' dir='ltr'><strong>Ubi</strong></span> <span class='ocrx_word' id='word_1_278' title='bbox 624 2565 868 2637; x_wconf 87' lang='lat' dir='ltr'><strong>propria</strong></span> <span class='ocrx_word' id='word_1_279' title='bbox 899 2563 1194 2636; x_wconf 86' lang='lat' dir='ltr'><strong>percurrit</strong></span> <span class='ocrx_word' id='word_1_280' title='bbox 1221 2562 1569 2629; x_wconf 75' lang='lat' dir='ltr'><strong>certamina,</strong></span> <span class='ocrx_word' id='word_1_281' title='bbox 1602 2561 1763 2619; x_wconf 83' lang='lat' dir='ltr'><strong>venit</strong></span> <span class='ocrx_word' id='word_1_282' title='bbox 1808 2560 1885 2618; x_wconf 90' lang='lat' dir='ltr'><strong>ad</strong></span> 
     </span>
    </p>
   </div>
   <div class='ocr_carea' id='block_1_36' title="bbox 221 2650 1881 2723">
    <p class='ocr_par' dir='ltr' id='par_1_36' title="bbox 221 2650 1881 2723">
     <span class='ocr_line' id='line_1_36' title="bbox 221 2650 1881 2723; baseline -0.003 -13"><span class='ocrx_word' id='word_1_283' title='bbox 221 2669 559 2711; x_wconf 89' lang='lat' dir='ltr'><strong>sermonem</strong></span> <span class='ocrx_word' id='word_1_284' title='bbox 589 2653 661 2709; x_wconf 92' lang='lat' dir='ltr'><strong>de</strong></span> <span class='ocrx_word' id='word_1_285' title='bbox 688 2652 1158 2719; x_wconf 89' lang='lat' dir='ltr'><strong>conversatione,</strong></span> <span class='ocrx_word' id='word_1_286' title='bbox 1198 2652 1449 2723; x_wconf 65' lang='lat' dir='ltr'><strong>vitaeque</strong></span> <span class='ocrx_word' id='word_1_287' title='bbox 1480 2652 1730 2707; x_wconf 84' lang='lat' dir='ltr'><strong>ratione.</strong></span> <span class='ocrx_word' id='word_1_288' title='bbox 1756 2650 1881 2706; x_wconf 92' lang='lat' dir='ltr'><strong>Pri-</strong></span> 
     </span>
    </p>
   </div>
   <div class='ocr_carea' id='block_1_37' title="bbox 220 2739 1881 2815">
    <p class='ocr_par' dir='ltr' id='par_1_37' title="bbox 220 2739 1881 2815">
     <span class='ocr_line' id='line_1_37' title="bbox 220 2739 1881 2815; baseline -0.002 -15"><span class='ocrx_word' id='word_1_289' title='bbox 220 2760 386 2801; x_wconf 89' lang='lat' dir='ltr'><strong>mum</strong></span> <span class='ocrx_word' id='word_1_290' title='bbox 418 2749 619 2799; x_wconf 87' lang='lat' dir='ltr'><strong>autem</strong></span> <span class='ocrx_word' id='word_1_291' title='bbox 648 2742 862 2798; x_wconf 89' lang='lat' dir='ltr'><strong>nititur</strong></span> <span class='ocrx_word' id='word_1_292' title='bbox 891 2741 1250 2815; x_wconf 87' lang='lat' dir='ltr'><strong>persuadere</strong></span> <span class='ocrx_word' id='word_1_293' title='bbox 1282 2740 1442 2814; x_wconf 89' lang='lat' dir='ltr'><strong>quod</strong></span> <span class='ocrx_word' id='word_1_294' title='bbox 1465 2740 1724 2814; x_wconf 88' lang='lat' dir='ltr'><strong>amplius</strong></span> <span class='ocrx_word' id='word_1_295' title='bbox 1743 2739 1881 2797; x_wconf 90' lang='lat' dir='ltr'><strong>illos</strong></span> 
     </span>
    </p>
   </div>
   <div class='ocr_carea' id='block_1_38' title="bbox 227 2830 1880 2905">
    <p class='ocr_par' dir='ltr' id='par_1_38' title="bbox 227 2830 1880 2905">
     <span class='ocr_line' id='line_1_38' title="bbox 227 2830 1880 2905; baseline -0.001 -17"><span class='ocrx_word' id='word_1_296' title='bbox 227 2832 504 2905; x_wconf 83' lang='lat' dir='ltr'><strong>diligens,</strong></span> <span class='ocrx_word' id='word_1_297' title='bbox 538 2832 739 2888; x_wconf 89' lang='lat' dir='ltr'><strong>minus</strong></span> <span class='ocrx_word' id='word_1_298' title='bbox 770 2831 1070 2905; x_wconf 80' lang='lat' dir='ltr'><strong>diligatur,</strong></span> <span class='ocrx_word' id='word_1_299' title='bbox 1105 2835 1165 2887; x_wconf 87' lang='lat' dir='ltr'><strong>et</strong></span> <span class='ocrx_word' id='word_1_300' title='bbox 1192 2830 1277 2886; x_wconf 89' lang='lat' dir='ltr'><strong>ait</strong></span> <span class='ocrx_word' id='word_1_301' title='bbox 1307 2846 1321 2885; x_wconf 91' lang='lat'><strong>:</strong></span> <span class='ocrx_word' id='word_1_302' title='bbox 1384 2853 1411 2880; x_wconf 74' lang='grc' dir='ltr'>ι(</span> <span class='ocrx_word' id='word_1_303' title='bbox 1473 2831 1548 2887; x_wconf 88' lang='lat' dir='ltr'><strong>Os</strong></span> <span class='ocrx_word' id='word_1_304' title='bbox 1606 2836 1880 2886; x_wconf 89' lang='lat' dir='ltr'><strong>nostrum</strong></span> 
     </span>
    </p>
   </div>
   <div class='ocr_carea' id='block_1_39' title="bbox 224 2919 1881 2993">
    <p class='ocr_par' dir='ltr' id='par_1_39' title="bbox 224 2919 1881 2993">
     <span class='ocr_line' id='line_1_39' title="bbox 224 2919 1881 2993; baseline -0.002 -15"><span class='ocrx_word' id='word_1_305' title='bbox 224 2928 498 2993; x_wconf 89' lang='lat' dir='ltr'><strong>apertum</strong></span> <span class='ocrx_word' id='word_1_306' title='bbox 530 2927 637 2977; x_wconf 86' lang='lat' dir='ltr'><strong>est.</strong></span> <span class='ocrx_word' id='word_1_307' title='bbox 672 2943 701 2973; x_wconf 84' lang='lat'>»</span> <span class='ocrx_word' id='word_1_308' title='bbox 736 2922 855 2978; x_wconf 84' lang='lat' dir='ltr'><strong>Hoc</strong></span> <span class='ocrx_word' id='word_1_309' title='bbox 885 2927 995 2988; x_wconf 88' lang='lat' dir='ltr'><strong>est,</strong></span> <span class='ocrx_word' id='word_1_310' title='bbox 1026 2937 1148 2976; x_wconf 90' lang='lat' dir='ltr'><strong>non</strong></span> <span class='ocrx_word' id='word_1_311' title='bbox 1171 2936 1489 2993; x_wconf 85' lang='lat' dir='ltr'><strong>possumus</strong></span> <span class='ocrx_word' id='word_1_312' title='bbox 1530 2919 1709 2975; x_wconf 90' lang='lat' dir='ltr'><strong>silere</strong></span> <span class='ocrx_word' id='word_1_313' title='bbox 1742 2935 1881 2992; x_wconf 78' lang='lat' dir='ltr'><strong>erga</strong></span> 
     </span>
    </p>
   </div>
   <div class='ocr_carea' id='block_1_40' title="bbox 218 3008 1878 3083">
    <p class='ocr_par' dir='ltr' id='par_1_40' title="bbox 218 3008 1878 3083">
     <span class='ocr_line' id='line_1_40' title="bbox 218 3008 1878 3083; baseline 0.001 -19"><span class='ocrx_word' id='word_1_314' title='bbox 218 3028 345 3079; x_wconf 85' lang='lat' dir='ltr'><strong>vos,</strong></span> <span class='ocrx_word' id='word_1_315' title='bbox 403 3027 641 3083; x_wconf 90' lang='lat' dir='ltr'><strong>semper</strong></span> <span class='ocrx_word' id='word_1_316' title='bbox 698 3010 863 3067; x_wconf 89' lang='lat' dir='ltr'><strong>vobis</strong></span> <span class='ocrx_word' id='word_1_317' title='bbox 920 3009 1243 3081; x_wconf 89' lang='lat' dir='ltr'><strong>cupimus:</strong></span> <span class='ocrx_word' id='word_1_318' title='bbox 1303 3008 1463 3082; x_wconf 89' lang='lat' dir='ltr'><strong>quod</strong></span> <span class='ocrx_word' id='word_1_319' title='bbox 1539 3009 1878 3065; x_wconf 88' lang='lat' dir='ltr'><strong>amantium</strong></span> 
     </span>
    </p>
   </div>
   <div class='ocr_carea' id='block_1_41' title="bbox 220 3097 1876 3172">
    <p class='ocr_par' dir='ltr' id='par_1_41' title="bbox 220 3097 1876 3172">
     <span class='ocr_line' id='line_1_41' title="bbox 220 3097 1876 3172; baseline -0.005 -16"><span class='ocrx_word' id='word_1_320' title='bbox 220 3100 531 3172; x_wconf 89' lang='lat' dir='ltr'><strong>proprium</strong></span> <span class='ocrx_word' id='word_1_321' title='bbox 553 3105 663 3167; x_wconf 89' lang='lat' dir='ltr'><strong>est,</strong></span> <span class='ocrx_word' id='word_1_322' title='bbox 689 3105 748 3156; x_wconf 92' lang='lat' dir='ltr'><strong>et</strong></span> <span class='ocrx_word' id='word_1_323' title='bbox 790 3100 1050 3172; x_wconf 78' lang='lat' dir='ltr'><strong>ingenua</strong></span> <span class='ocrx_word' id='word_1_324' title='bbox 1094 3097 1367 3154; x_wconf 85' lang='lat' dir='ltr'><strong>libertate</strong></span> <span class='ocrx_word' id='word_1_325' title='bbox 1417 3097 1812 3170; x_wconf 83' lang='lat' dir='ltr'><strong>loquentium.</strong></span> <span class='ocrx_word' id='word_1_326' title='bbox 1847 3120 1876 3150; x_wconf 86' lang='lat'>»</span> 
     </span>
    </p>
   </div>
   <div class='ocr_carea' id='block_1_42' title="bbox 223 3187 1878 3257">
    <p class='ocr_par' dir='ltr' id='par_1_42' title="bbox 223 3187 1878 3257">
     <span class='ocr_line' id='line_1_42' title="bbox 223 3187 1878 3257; baseline 0 -11"><span class='ocrx_word' id='word_1_327' title='bbox 223 3189 355 3247; x_wconf 81' lang='lat' dir='ltr'><strong>Alio</strong></span> <span class='ocrx_word' id='word_1_328' title='bbox 383 3191 563 3246; x_wconf 91' lang='lat' dir='ltr'><strong>modo.</strong></span> <span class='ocrx_word' id='word_1_329' title='bbox 598 3191 717 3246; x_wconf 85' lang='lat' dir='ltr'><strong>Hoc</strong></span> <span class='ocrx_word' id='word_1_330' title='bbox 749 3195 859 3257; x_wconf 89' lang='lat' dir='ltr'><strong>est,</strong></span> <span class='ocrx_word' id='word_1_331' title='bbox 894 3189 1235 3244; x_wconf 85' lang='lat' dir='ltr'><strong>facultatem</strong></span> <span class='ocrx_word' id='word_1_332' title='bbox 1259 3194 1318 3243; x_wconf 94' lang='lat' dir='ltr'><strong>et</strong></span> <span class='ocrx_word' id='word_1_333' title='bbox 1338 3187 1647 3245; x_wconf 85' lang='lat' dir='ltr'><strong>audaciam</strong></span> <span class='ocrx_word' id='word_1_334' title='bbox 1705 3188 1878 3246; x_wconf 88' lang='lat' dir='ltr'><strong>nobis</strong></span> 
     </span>
    </p>
   </div>
   <div class='ocr_carea' id='block_1_43' title="bbox 216 3277 1876 3351">
    <p class='ocr_par' dir='ltr' id='par_1_43' title="bbox 216 3277 1876 3351">
     <span class='ocr_line' id='line_1_43' title="bbox 216 3277 1876 3351; baseline 0 -16"><span class='ocrx_word' id='word_1_335' title='bbox 216 3279 499 3345; x_wconf 86' lang='lat' dir='ltr'><strong>tribuitis,</strong></span> <span class='ocrx_word' id='word_1_336' title='bbox 554 3284 619 3335; x_wconf 89' lang='lat' dir='ltr'><strong>ut</strong></span> <span class='ocrx_word' id='word_1_337' title='bbox 648 3295 715 3335; x_wconf 90' lang='lat' dir='ltr'><strong>os</strong></span> <span class='ocrx_word' id='word_1_338' title='bbox 744 3278 903 3351; x_wconf 87' lang='lat' dir='ltr'><strong>apud</strong></span> <span class='ocrx_word' id='word_1_339' title='bbox 962 3295 1064 3334; x_wconf 89' lang='lat' dir='ltr'><strong>vos</strong></span> <span class='ocrx_word' id='word_1_340' title='bbox 1121 3278 1514 3351; x_wconf 81' lang='lat' dir='ltr'><strong>aperiremus.</strong></span> <span class='ocrx_word' id='word_1_341' title='bbox 1570 3277 1876 3350; x_wconf 88' lang='lat' dir='ltr'><strong>Siquidem</strong></span> 
     </span>
    </p>
   </div>
   <div class='ocr_carea' id='block_1_44' title="bbox 219 3366 1953 3458">
    <p class='ocr_par' dir='ltr' id='par_1_44' title="bbox 219 3366 1953 3458">
     <span class='ocr_line' id='line_1_44' title="bbox 219 3366 1953 3458; baseline -0.001 -34"><span class='ocrx_word' id='word_1_342' title='bbox 219 3368 457 3441; x_wconf 89' lang='lat' dir='ltr'><strong>quando</strong></span> <span class='ocrx_word' id='word_1_343' title='bbox 474 3367 771 3440; x_wconf 88' lang='lat' dir='ltr'><strong>quispiam</strong></span> <span class='ocrx_word' id='word_1_344' title='bbox 785 3368 1081 3422; x_wconf 83' lang='lat' dir='ltr'><strong>ferventer</strong></span> <span class='ocrx_word' id='word_1_345' title='bbox 1105 3366 1394 3432; x_wconf 88' lang='lat' dir='ltr'><strong>amat,alii</strong></span> <span class='ocrx_word' id='word_1_346' title='bbox 1417 3383 1552 3422; x_wconf 88' lang='lat' dir='ltr'><strong>vero</strong></span> <span class='ocrx_word' id='word_1_347' title='bbox 1597 3383 1721 3424; x_wconf 90' lang='lat' dir='ltr'><strong>non</strong></span> <span class='ocrx_word' id='word_1_348' title='bbox 1745 3366 1877 3440; x_wconf 89' lang='lat' dir='ltr'><strong>pari</strong></span> <span class='ocrx_word' id='word_1_349' title='bbox 1908 3391 1953 3458; x_wconf 68' lang='grc' dir='ltr'>ο</span> 
     </span>
    </p>
   </div>
   <div class='ocr_carea' id='block_1_45' title="bbox 222 3455 1878 3525">
    <p class='ocr_par' dir='ltr' id='par_1_45' title="bbox 222 3455 1878 3525">
     <span class='ocr_line' id='line_1_45' title="bbox 222 3455 1878 3525; baseline -0.002 -8"><span class='ocrx_word' id='word_1_350' title='bbox 222 3459 400 3517; x_wconf 88' lang='lat' dir='ltr'><strong>modo</strong></span> <span class='ocrx_word' id='word_1_351' title='bbox 432 3458 765 3525; x_wconf 88' lang='lat' dir='ltr'><strong>redamant,</strong></span> <span class='ocrx_word' id='word_1_352' title='bbox 788 3458 1161 3514; x_wconf 90' lang='lat' dir='ltr'><strong>occasionem</strong></span> <span class='ocrx_word' id='word_1_353' title='bbox 1182 3474 1251 3513; x_wconf 88' lang='lat' dir='ltr'><strong>ac</strong></span> <span class='ocrx_word' id='word_1_354' title='bbox 1266 3455 1613 3514; x_wconf 84' lang='lat' dir='ltr'><strong>facultatem</strong></span> <span class='ocrx_word' id='word_1_355' title='bbox 1653 3459 1878 3515; x_wconf 88' lang='lat' dir='ltr'><strong>amanti</strong></span> 
     </span>
    </p>
   </div>
   <div class='ocr_carea' id='block_1_46' title="bbox 220 3545 1881 3621">
    <p class='ocr_par' dir='ltr' id='par_1_46' title="bbox 220 3545 1881 3621">
     <span class='ocr_line' id='line_1_46' title="bbox 220 3545 1881 3621; baseline -0.002 -17"><span class='ocrx_word' id='word_1_356' title='bbox 220 3546 869 3621; x_wconf 66' lang='lat' dir='ltr'><strong>praabentmtpluribus</strong></span> <span class='ocrx_word' id='word_1_357' title='bbox 889 3562 1058 3603; x_wconf 88' lang='lat' dir='ltr'><strong>suam</strong></span> <span class='ocrx_word' id='word_1_358' title='bbox 1079 3562 1321 3603; x_wconf 88' lang='lat' dir='ltr'><strong>causam</strong></span> <span class='ocrx_word' id='word_1_359' title='bbox 1340 3562 1478 3620; x_wconf 80' lang='lat' dir='ltr'><strong>erga</strong></span> <span class='ocrx_word' id='word_1_360' title='bbox 1509 3545 1669 3618; x_wconf 86' lang='lat' dir='ltr'><strong>ipsos</strong></span> <span class='ocrx_word' id='word_1_361' title='bbox 1692 3547 1881 3618; x_wconf 88' lang='lat' dir='ltr'><strong>justi-</strong></span> 
     </span>
    </p>
   </div>
   <div class='ocr_carea' id='block_1_47' title="bbox 220 3634 1884 3709">
    <p class='ocr_par' dir='ltr' id='par_1_47' title="bbox 220 3634 1884 3709">
     <span class='ocr_line' id='line_1_47' title="bbox 220 3634 1884 3709; baseline -0.001 -16"><span class='ocrx_word' id='word_1_362' title='bbox 220 3637 358 3693; x_wconf 84' lang='lat' dir='ltr'><strong>ficet</strong></span> <span class='ocrx_word' id='word_1_363' title='bbox 380 3653 447 3693; x_wconf 90' lang='lat' dir='ltr'><strong>ac</strong></span> <span class='ocrx_word' id='word_1_364' title='bbox 469 3636 679 3708; x_wconf 89' lang='lat' dir='ltr'><strong>probet</strong></span> <span class='ocrx_word' id='word_1_365' title='bbox 704 3653 717 3691; x_wconf 90' lang='lat'><strong><em>:</em></strong></span> <span class='ocrx_word' id='word_1_366' title='bbox 741 3642 1012 3709; x_wconf 85' lang='lat' dir='ltr'><strong>apertum</strong></span> <span class='ocrx_word' id='word_1_367' title='bbox 1041 3641 1151 3705; x_wconf 86' lang='lat' dir='ltr'><strong>est,</strong></span> <span class='ocrx_word' id='word_1_368' title='bbox 1184 3634 1794 3707; x_wconf 87' lang='lat' dir='ltr'><strong>inquit.multitudine</strong></span> <span class='ocrx_word' id='word_1_369' title='bbox 1815 3652 1884 3692; x_wconf 87' lang='lat' dir='ltr'><strong>ac</strong></span> 
     </span>
    </p>
   </div>
   <div class='ocr_carea' id='block_1_48' title="bbox 218 3723 1879 3799">
    <p class='ocr_par' dir='ltr' id='par_1_48' title="bbox 218 3723 1879 3799">
     <span class='ocr_line' id='line_1_48' title="bbox 218 3723 1879 3799; baseline 0.001 -20"><span class='ocrx_word' id='word_1_370' title='bbox 218 3726 269 3780; x_wconf 90' lang='lat' dir='ltr'><strong>vi</strong></span> <span class='ocrx_word' id='word_1_371' title='bbox 275 3727 299 3799; x_wconf 81' lang='lat' dir='ltr'><strong>j</strong></span> <span class='ocrx_word' id='word_1_372' title='bbox 311 3725 777 3782; x_wconf 83' lang='lat' dir='ltr'><strong>ustiﬁcationum</strong></span> <span class='ocrx_word' id='word_1_373' title='bbox 802 3724 1102 3797; x_wconf 88' lang='lat' dir='ltr'><strong>Nobisque</strong></span> <span class='ocrx_word' id='word_1_374' title='bbox 1117 3725 1309 3780; x_wconf 86' lang='lat' dir='ltr'><strong>facere</strong></span> <span class='ocrx_word' id='word_1_375' title='bbox 1324 3723 1702 3793; x_wconf 89' lang='lat' dir='ltr'><strong>volentibus,i</strong></span> <span class='ocrx_word' id='word_1_376' title='bbox 1710 3741 1879 3797; x_wconf 87' lang='lat' dir='ltr'><strong>psum</strong></span> 
     </span>
    </p>
   </div>
   <div class='ocr_carea' id='block_1_49' title="bbox 221 3813 1882 3882">
    <p class='ocr_par' dir='ltr' id='par_1_49' title="bbox 221 3813 1882 3882">
     <span class='ocr_line' id='line_1_49' title="bbox 221 3813 1882 3882; baseline 0.001 -12"><span class='ocrx_word' id='word_1_377' title='bbox 221 3820 442 3882; x_wconf 89' lang='lat' dir='ltr'><strong>tamen,</strong></span> <span class='ocrx_word' id='word_1_378' title='bbox 468 3815 589 3871; x_wconf 88' lang='lat' dir='ltr'><strong>illis</strong></span> <span class='ocrx_word' id='word_1_379' title='bbox 614 3816 778 3871; x_wconf 90' lang='lat' dir='ltr'><strong>intus</strong></span> <span class='ocrx_word' id='word_1_380' title='bbox 811 3813 1394 3872; x_wconf 88' lang='lat' dir='ltr'><strong>subscaturientibus</strong></span> <span class='ocrx_word' id='word_1_381' title='bbox 1424 3830 1493 3869; x_wconf 90' lang='lat' dir='ltr'><strong>ac</strong></span> <span class='ocrx_word' id='word_1_382' title='bbox 1519 3831 1758 3870; x_wconf 89' lang='lat' dir='ltr'><strong>sursum</strong></span> <span class='ocrx_word' id='word_1_383' title='bbox 1814 3831 1882 3871; x_wconf 87' lang='lat' dir='ltr'><strong>ac</strong></span> 
     </span>
    </p>
   </div>
   <div class='ocr_carea' id='block_1_50' title="bbox 218 3901 1882 3976">
    <p class='ocr_par' dir='ltr' id='par_1_50' title="bbox 218 3901 1882 3976">
     <span class='ocr_line' id='line_1_50' title="bbox 218 3901 1882 3976; baseline -0.001 -15"><span class='ocrx_word' id='word_1_384' title='bbox 218 3905 524 3971; x_wconf 90' lang='lat' dir='ltr'><strong>lientibus,</strong></span> <span class='ocrx_word' id='word_1_385' title='bbox 559 3909 834 3976; x_wconf 90' lang='lat' dir='ltr'><strong>apertum</strong></span> <span class='ocrx_word' id='word_1_386' title='bbox 870 3907 962 3958; x_wconf 85' lang='lat' dir='ltr'><strong>est</strong></span> <span class='ocrx_word' id='word_1_387' title='bbox 992 3919 1005 3957; x_wconf 86' lang='lat'><strong>:</strong></span> <span class='ocrx_word' id='word_1_388' title='bbox 1042 3908 1101 3958; x_wconf 91' lang='lat' dir='ltr'><strong>et</strong></span> <span class='ocrx_word' id='word_1_389' title='bbox 1161 3901 1325 3958; x_wconf 87' lang='lat' dir='ltr'><strong>labia</strong></span> <span class='ocrx_word' id='word_1_390' title='bbox 1380 3902 1454 3958; x_wconf 89' lang='lat' dir='ltr'><strong>ad</strong></span> <span class='ocrx_word' id='word_1_391' title='bbox 1512 3902 1882 3975; x_wconf 89' lang='lat' dir='ltr'><strong>loquendum</strong></span> 
     </span>
    </p>
   </div>
   <div class='ocr_carea' id='block_1_51' title="bbox 218 3989 1878 4067">
    <p class='ocr_par' dir='ltr' id='par_1_51' title="bbox 218 3989 1878 4067">
     <span class='ocr_line' id='line_1_51' title="bbox 218 3989 1878 4067; baseline -0.003 -17"><span class='ocrx_word' id='word_1_392' title='bbox 218 3993 410 4067; x_wconf 90' lang='lat' dir='ltr'><strong>aperit</strong></span> <span class='ocrx_word' id='word_1_393' title='bbox 429 4010 497 4049; x_wconf 86' lang='lat' dir='ltr'><strong>ac</strong></span> <span class='ocrx_word' id='word_1_394' title='bbox 512 3992 917 4063; x_wconf 83' lang='lat' dir='ltr'><strong>distendit,etj</strong></span> <span class='ocrx_word' id='word_1_395' title='bbox 927 3989 1299 4047; x_wconf 85' lang='lat' dir='ltr'><strong>ustificantes</strong></span> <span class='ocrx_word' id='word_1_396' title='bbox 1317 3989 1580 4047; x_wconf 87' lang='lat' dir='ltr'><strong>rationes</strong></span> <span class='ocrx_word' id='word_1_397' title='bbox 1613 3990 1878 4064; x_wconf 80' lang='lat' dir='ltr'><strong>aggredi-</strong></span> 
     </span>
    </p>
   </div>
   <div class='ocr_carea' id='block_1_52' title="bbox 216 4079 1882 4152">
    <p class='ocr_par' dir='ltr' id='par_1_52' title="bbox 216 4079 1882 4152">
     <span class='ocr_line' id='line_1_52' title="bbox 216 4079 1882 4152; baseline -0.002 -13"><span class='ocrx_word' id='word_1_398' title='bbox 216 4088 333 4139; x_wconf 88' lang='lat' dir='ltr'><strong>tur.</strong></span> <span class='ocrx_word' id='word_1_399' title='bbox 361 4084 742 4144; x_wconf 86' lang='lat' dir='ltr'><strong>Deamamus,</strong></span> <span class='ocrx_word' id='word_1_400' title='bbox 777 4080 994 4151; x_wconf 88' lang='lat' dir='ltr'><strong>inquit,</strong></span> <span class='ocrx_word' id='word_1_401' title='bbox 1029 4086 1090 4136; x_wconf 92' lang='lat' dir='ltr'><strong>et</strong></span> <span class='ocrx_word' id='word_1_402' title='bbox 1122 4079 1320 4136; x_wconf 90' lang='lat' dir='ltr'><strong>cordis</strong></span> <span class='ocrx_word' id='word_1_403' title='bbox 1348 4079 1617 4152; x_wconf 86' lang='lat' dir='ltr'><strong>patimur</strong></span> <span class='ocrx_word' id='word_1_404' title='bbox 1650 4079 1882 4136; x_wconf 79' lang='lat' dir='ltr'><strong>inflam-</strong></span> 
     </span>
    </p>
   </div>
   <div class='ocr_carea' id='block_1_53' title="bbox 222 4169 1882 4241">
    <p class='ocr_par' dir='ltr' id='par_1_53' title="bbox 222 4169 1882 4241">
     <span class='ocr_line' id='line_1_53' title="bbox 222 4169 1882 4241; baseline -0.002 -12"><span class='ocrx_word' id='word_1_405' title='bbox 222 4173 518 4229; x_wconf 88' lang='lat' dir='ltr'><strong>mationes</strong></span> <span class='ocrx_word' id='word_1_406' title='bbox 543 4188 556 4227; x_wconf 89' lang='lat'><strong>:</strong></span> <span class='ocrx_word' id='word_1_407' title='bbox 582 4170 903 4226; x_wconf 87' lang='lat' dir='ltr'><strong>dilatamur</strong></span> <span class='ocrx_word' id='word_1_408' title='bbox 920 4169 1097 4226; x_wconf 88' lang='lat' dir='ltr'><strong>corde</strong></span> <span class='ocrx_word' id='word_1_409' title='bbox 1117 4175 1174 4226; x_wconf 89' lang='lat' dir='ltr'><strong>et</strong></span> <span class='ocrx_word' id='word_1_410' title='bbox 1196 4169 1548 4241; x_wconf 76' lang='lat' dir='ltr'><strong>gaudemus,</strong></span> <span class='ocrx_word' id='word_1_411' title='bbox 1571 4170 1882 4241; x_wconf 88' lang='lat' dir='ltr'><strong>amorique</strong></span> 
     </span>
    </p>
   </div>
   <div class='ocr_carea' id='block_1_54' title="bbox 223 4258 1882 4332">
    <p class='ocr_par' dir='ltr' id='par_1_54' title="bbox 223 4258 1882 4332">
     <span class='ocr_line' id='line_1_54' title="bbox 223 4258 1882 4332; baseline -0.002 -14"><span class='ocrx_word' id='word_1_412' title='bbox 223 4260 553 4319; x_wconf 87' lang='lat' dir='ltr'><strong>subdimur.</strong></span> <span class='ocrx_word' id='word_1_413' title='bbox 584 4261 693 4315; x_wconf 88' lang='lat' dir='ltr'><strong>Vos</strong></span> <span class='ocrx_word' id='word_1_414' title='bbox 711 4265 911 4315; x_wconf 87' lang='lat' dir='ltr'><strong>autem</strong></span> <span class='ocrx_word' id='word_1_415' title='bbox 932 4259 1093 4314; x_wconf 86' lang='lat' dir='ltr'><strong>velut</strong></span> <span class='ocrx_word' id='word_1_416' title='bbox 1116 4259 1351 4332; x_wconf 81' lang='lat' dir='ltr'><strong>angusti</strong></span> <span class='ocrx_word' id='word_1_417' title='bbox 1382 4259 1544 4314; x_wconf 90' lang='lat' dir='ltr'><strong>estis.</strong></span> <span class='ocrx_word' id='word_1_418' title='bbox 1593 4258 1648 4313; x_wconf 90' lang='lat' dir='ltr'><strong>Si</strong></span> <span class='ocrx_word' id='word_1_419' title='bbox 1680 4274 1790 4315; x_wconf 86' lang='lat' dir='ltr'><strong>nos</strong></span> <span class='ocrx_word' id='word_1_420' title='bbox 1820 4259 1882 4315; x_wconf 92' lang='lat' dir='ltr'><strong>in</strong></span> 
     </span>
    </p>
   </div>
   <div class='ocr_carea' id='block_1_55' title="bbox 223 4346 1882 4421">
    <p class='ocr_par' dir='ltr' id='par_1_55' title="bbox 223 4346 1882 4421">
     <span class='ocr_line' id='line_1_55' title="bbox 223 4346 1882 4421; baseline -0.002 -15"><span class='ocrx_word' id='word_1_421' title='bbox 223 4349 547 4406; x_wconf 89' lang='lat' dir='ltr'><strong>visceribus</strong></span> <span class='ocrx_word' id='word_1_422' title='bbox 573 4349 784 4405; x_wconf 87' lang='lat' dir='ltr'><strong>vestris</strong></span> <span class='ocrx_word' id='word_1_423' title='bbox 802 4348 1205 4421; x_wconf 88' lang='lat' dir='ltr'><strong>susceperitis,</strong></span> <span class='ocrx_word' id='word_1_424' title='bbox 1230 4363 1351 4402; x_wconf 91' lang='lat' dir='ltr'><strong>non</strong></span> <span class='ocrx_word' id='word_1_425' title='bbox 1368 4346 1751 4404; x_wconf 88' lang='lat' dir='ltr'><strong>continebitis</strong></span> <span class='ocrx_word' id='word_1_426' title='bbox 1772 4364 1882 4403; x_wconf 88' lang='lat' dir='ltr'><strong>nos</strong></span> 
     </span>
    </p>
   </div>
   <div class='ocr_carea' id='block_1_56' title="bbox 222 4437 1883 4513">
    <p class='ocr_par' dir='ltr' id='par_1_56' title="bbox 222 4437 1883 4513">
     <span class='ocr_line' id='line_1_56' title="bbox 222 4437 1883 4513; baseline 0 -18"><span class='ocrx_word' id='word_1_427' title='bbox 222 4440 285 4496; x_wconf 90' lang='lat' dir='ltr'><strong>in</strong></span> <span class='ocrx_word' id='word_1_428' title='bbox 309 4440 454 4513; x_wconf 90' lang='lat' dir='ltr'><strong>ipsis</strong></span> <span class='ocrx_word' id='word_1_429' title='bbox 480 4456 494 4508; x_wconf 85' lang='lat'><strong>;</strong></span> <span class='ocrx_word' id='word_1_430' title='bbox 519 4438 626 4496; x_wconf 91' lang='lat' dir='ltr'><strong>sed</strong></span> <span class='ocrx_word' id='word_1_431' title='bbox 652 4456 849 4512; x_wconf 90' lang='lat' dir='ltr'><strong>neque</strong></span> <span class='ocrx_word' id='word_1_432' title='bbox 870 4456 970 4494; x_wconf 88' lang='lat' dir='ltr'><strong>vos</strong></span> <span class='ocrx_word' id='word_1_433' title='bbox 988 4437 1237 4494; x_wconf 82' lang='lat' dir='ltr'><strong>exibetis</strong></span> <span class='ocrx_word' id='word_1_434' title='bbox 1279 4443 1564 4509; x_wconf 89' lang='lat' dir='ltr'><strong>tanquam</strong></span> <span class='ocrx_word' id='word_1_435' title='bbox 1610 4454 1883 4495; x_wconf 87' lang='lat' dir='ltr'><strong>remune-</strong></span> 
     </span>
    </p>
   </div>
   <div class='ocr_carea' id='block_1_57' title="bbox 221 4526 1881 4602">
    <p class='ocr_par' dir='ltr' id='par_1_57' title="bbox 221 4526 1881 4602">
     <span class='ocr_line' id='line_1_57' title="bbox 221 4526 1881 4602; baseline -0.001 -16"><span class='ocrx_word' id='word_1_436' title='bbox 221 4529 518 4587; x_wconf 86' lang='lat' dir='ltr'><strong>rationem</strong></span> <span class='ocrx_word' id='word_1_437' title='bbox 543 4529 853 4602; x_wconf 84' lang='lat' dir='ltr'><strong>explentes</strong></span> <span class='ocrx_word' id='word_1_438' title='bbox 885 4544 1021 4584; x_wconf 88' lang='lat' dir='ltr'><strong>cum</strong></span> <span class='ocrx_word' id='word_1_439' title='bbox 1054 4526 1147 4581; x_wconf 90' lang='lat' dir='ltr'><strong>his</strong></span> <span class='ocrx_word' id='word_1_440' title='bbox 1196 4526 1297 4598; x_wconf 92' lang='lat' dir='ltr'><strong>qui</strong></span> <span class='ocrx_word' id='word_1_441' title='bbox 1346 4542 1628 4600; x_wconf 79' lang='lat' dir='ltr'><strong>magnum</strong></span> <span class='ocrx_word' id='word_1_442' title='bbox 1658 4528 1881 4586; x_wconf 88' lang='lat' dir='ltr'><strong>amoris</strong></span> 
     </span>
    </p>
   </div>
   <div class='ocr_carea' id='block_1_58' title="bbox 225 4615 1881 4694">
    <p class='ocr_par' dir='ltr' id='par_1_58' title="bbox 225 4615 1881 4694">
     <span class='ocr_line' id='line_1_58' title="bbox 225 4615 1881 4694; baseline -0.001 -18"><span class='ocrx_word' id='word_1_443' title='bbox 225 4621 505 4678; x_wconf 69' lang='lat' dir='ltr'><strong>allectum</strong></span> <span class='ocrx_word' id='word_1_444' title='bbox 535 4636 673 4694; x_wconf 83' lang='lat' dir='ltr'><strong>erga</strong></span> <span class='ocrx_word' id='word_1_445' title='bbox 692 4636 793 4675; x_wconf 81' lang='lat' dir='ltr'><strong>vos</strong></span> <span class='ocrx_word' id='word_1_446' title='bbox 816 4616 1108 4690; x_wconf 89' lang='lat' dir='ltr'><strong>auspicati</strong></span> <span class='ocrx_word' id='word_1_447' title='bbox 1129 4622 1287 4686; x_wconf 85' lang='lat' dir='ltr'><strong>sunt,</strong></span> <span class='ocrx_word' id='word_1_448' title='bbox 1312 4615 1416 4672; x_wconf 90' lang='lat' dir='ltr'><strong>sed</strong></span> <span class='ocrx_word' id='word_1_449' title='bbox 1448 4617 1606 4690; x_wconf 88' lang='lat' dir='ltr'><strong>quod</strong></span> <span class='ocrx_word' id='word_1_450' title='bbox 1648 4619 1881 4693; x_wconf 81' lang='lat' dir='ltr'><strong>gravius</strong></span> 
     </span>
    </p>
   </div>
   <div class='ocr_carea' id='block_1_59' title="bbox 226 4707 1879 4781">
    <p class='ocr_par' dir='ltr' id='par_1_59' title="bbox 226 4707 1879 4781">
     <span class='ocr_line' id='line_1_59' title="bbox 226 4707 1879 4781; baseline 0 -14"><span class='ocrx_word' id='word_1_451' title='bbox 226 4709 791 4778; x_wconf 89' lang='lat' dir='ltr'><strong>est,incredulorum</strong></span> <span class='ocrx_word' id='word_1_452' title='bbox 819 4722 1085 4764; x_wconf 88' lang='lat' dir='ltr'><strong>amorem</strong></span> <span class='ocrx_word' id='word_1_453' title='bbox 1105 4707 1454 4781; x_wconf 82' lang='lat' dir='ltr'><strong>praeponitis</strong></span> <span class='ocrx_word' id='word_1_454' title='bbox 1475 4710 1660 4765; x_wconf 88' lang='lat' dir='ltr'><strong>amori</strong></span> <span class='ocrx_word' id='word_1_455' title='bbox 1674 4716 1879 4768; x_wconf 91' lang='lat' dir='ltr'><strong>nostro</strong></span> 
     </span>
    </p>
   </div>
   <div class='ocr_carea' id='block_1_60' title="bbox 227 4768 1957 4873">
    <p class='ocr_par' dir='ltr' id='par_1_60' title="bbox 227 4768 1957 4873">
     <span class='ocr_line' id='line_1_60' title="bbox 227 4768 1957 4873; baseline 0.001 -18"><span class='ocrx_word' id='word_1_456' title='bbox 227 4768 439 4873; x_wconf 45' lang='lat' dir='ltr'><strong>qui&#39;vos</strong></span> <span class='ocrx_word' id='word_1_457' title='bbox 452 4800 714 4873; x_wconf 89' lang='lat' dir='ltr'><strong>amplius</strong></span> <span class='ocrx_word' id='word_1_458' title='bbox 731 4768 1179 4872; x_wconf 43' lang='lat' dir='ltr'><strong>diligimus.E.go</strong></span> <span class='ocrx_word' id='word_1_459' title='bbox 1197 4768 1395 4853; x_wconf 73' lang='lat' dir='ltr'><strong>autem</strong></span> <span class='ocrx_word' id='word_1_460' title='bbox 1413 4787 1576 4854; x_wconf 88' lang='lat' dir='ltr'><strong>vobis</strong></span> <span class='ocrx_word' id='word_1_461' title='bbox 1595 4804 1876 4872; x_wconf 87' lang='lat' dir='ltr'><strong>tanquam</strong></span> <span class='ocrx_word' id='word_1_462' title='bbox 1913 4768 1957 4833; x_wconf 71' lang='grc' dir='ltr'><strong>θ</strong></span> 
     </span>
    </p>
   </div>
   <div class='ocr_carea' id='block_1_61' title="bbox 222 4885 1876 4957">
    <p class='ocr_par' dir='ltr' id='par_1_61' title="bbox 222 4885 1876 4957">
     <span class='ocr_line' id='line_1_61' title="bbox 222 4885 1876 4957; baseline -0.001 -12"><span class='ocrx_word' id='word_1_463' title='bbox 222 4888 740 4957; x_wconf 85' lang='lat' dir='ltr'><strong>ﬁliisdico,sa1tem</strong></span> <span class='ocrx_word' id='word_1_464' title='bbox 782 4887 945 4943; x_wconf 90' lang='lat' dir='ltr'><strong>velut</strong></span> <span class='ocrx_word' id='word_1_465' title='bbox 987 4885 1471 4942; x_wconf 87' lang='lat' dir='ltr'><strong>remuneratione</strong></span> <span class='ocrx_word' id='word_1_466' title='bbox 1519 4902 1586 4942; x_wconf 90' lang='lat' dir='ltr'><strong>ac</strong></span> <span class='ocrx_word' id='word_1_467' title='bbox 1616 4888 1876 4945; x_wconf 89' lang='lat' dir='ltr'><strong>retribu-</strong></span> 
     </span>
    </p>
   </div>
   <div class='ocr_carea' id='block_1_62' title="bbox 222 4975 1873 5049">
    <p class='ocr_par' dir='ltr' id='par_1_62' title="bbox 222 4975 1873 5049">
     <span class='ocr_line' id='line_1_62' title="bbox 222 4975 1873 5049; baseline -0.001 -16"><span class='ocrx_word' id='word_1_468' title='bbox 222 4978 445 5033; x_wconf 89' lang='lat' dir='ltr'><strong>tionem</strong></span> <span class='ocrx_word' id='word_1_469' title='bbox 475 4978 843 5042; x_wconf 81' lang='lat' dir='ltr'><strong>exhibentes,</strong></span> <span class='ocrx_word' id='word_1_470' title='bbox 880 4975 1215 5033; x_wconf 90' lang='lat' dir='ltr'><strong>dilatemini</strong></span> <span class='ocrx_word' id='word_1_471' title='bbox 1248 4981 1309 5031; x_wconf 90' lang='lat' dir='ltr'><strong>et</strong></span> <span class='ocrx_word' id='word_1_472' title='bbox 1334 4993 1433 5031; x_wconf 89' lang='lat' dir='ltr'><strong>vos</strong></span> <span class='ocrx_word' id='word_1_473' title='bbox 1465 4993 1533 5033; x_wconf 88' lang='lat' dir='ltr'><strong>ac</strong></span> <span class='ocrx_word' id='word_1_474' title='bbox 1591 4977 1873 5049; x_wconf 89' lang='lat' dir='ltr'><strong>suscipite</strong></span> 
     </span>
    </p>
   </div>
   <div class='ocr_carea' id='block_1_63' title="bbox 224 5065 1877 5139">
    <p class='ocr_par' dir='ltr' id='par_1_63' title="bbox 224 5065 1877 5139">
     <span class='ocr_line' id='line_1_63' title="bbox 224 5065 1877 5139; baseline -0.001 -17"><span class='ocrx_word' id='word_1_475' title='bbox 224 5065 515 5132; x_wconf 88' lang='lat' dir='ltr'><strong>nos,sicut</strong></span> <span class='ocrx_word' id='word_1_476' title='bbox 532 5072 589 5121; x_wconf 90' lang='lat' dir='ltr'><strong>et</strong></span> <span class='ocrx_word' id='word_1_477' title='bbox 616 5083 724 5122; x_wconf 91' lang='lat' dir='ltr'><strong>nos</strong></span> <span class='ocrx_word' id='word_1_478' title='bbox 764 5067 1135 5139; x_wconf 87' lang='lat' dir='ltr'><strong>suscepimus</strong></span> <span class='ocrx_word' id='word_1_479' title='bbox 1185 5082 1286 5121; x_wconf 87' lang='lat' dir='ltr'><strong>vos</strong></span> <span class='ocrx_word' id='word_1_480' title='bbox 1329 5066 1393 5122; x_wconf 91' lang='lat' dir='ltr'><strong>in</strong></span> <span class='ocrx_word' id='word_1_481' title='bbox 1417 5065 1746 5122; x_wconf 86' lang='lat' dir='ltr'><strong>visceribus</strong></span> <span class='ocrx_word' id='word_1_482' title='bbox 1776 5083 1877 5121; x_wconf 87' lang='lat' dir='ltr'><strong>no-</strong></span> 
     </span>
    </p>
   </div>
   <div class='ocr_carea' id='block_1_64' title="bbox 225 5154 1874 5229">
    <p class='ocr_par' dir='ltr' id='par_1_64' title="bbox 225 5154 1874 5229">
     <span class='ocr_line' id='line_1_64' title="bbox 225 5154 1874 5229; baseline 0 -19"><span class='ocrx_word' id='word_1_483' title='bbox 225 5154 385 5218; x_wconf 87' lang='lat' dir='ltr'><strong>stris.</strong></span> <span class='ocrx_word' id='word_1_484' title='bbox 444 5170 512 5210; x_wconf 86' lang='lat' dir='ltr'><strong>ac</strong></span> <span class='ocrx_word' id='word_1_485' title='bbox 556 5155 782 5229; x_wconf 71' lang='lat' dir='ltr'><strong>diligite</strong></span> <span class='ocrx_word' id='word_1_486' title='bbox 801 5161 1125 5211; x_wconf 82' lang='lat' dir='ltr'><strong>eximentes</strong></span> <span class='ocrx_word' id='word_1_487' title='bbox 1138 5156 1411 5228; x_wconf 91' lang='lat' dir='ltr'><strong>vosipsos</strong></span> <span class='ocrx_word' id='word_1_488' title='bbox 1430 5162 1488 5211; x_wconf 91' lang='lat' dir='ltr'><strong>et</strong></span> <span class='ocrx_word' id='word_1_489' title='bbox 1509 5161 1781 5211; x_wconf 90' lang='lat' dir='ltr'><strong>arcentes</strong></span> <span class='ocrx_word' id='word_1_490' title='bbox 1802 5154 1874 5210; x_wconf 89' lang='lat' dir='ltr'><strong>ab</strong></span> 
     </span>
    </p>
   </div>
   <div class='ocr_carea' id='block_1_65' title="bbox 222 5242 1876 5316">
    <p class='ocr_par' dir='ltr' id='par_1_65' title="bbox 222 5242 1876 5316">
     <span class='ocr_line' id='line_1_65' title="bbox 222 5242 1876 5316; baseline 0 -16"><span class='ocrx_word' id='word_1_491' title='bbox 222 5242 1876 5316; x_wconf 82' lang='lat' dir='ltr'><strong>amoreinﬁdelium,qucmadmodumnaturaliterdirem</strong></span> 
     </span>
    </p>
   </div>
   <div class='ocr_carea' id='block_1_66' title="bbox 222 5324 1875 5397">
    <p class='ocr_par' dir='ltr' id='par_1_66' title="bbox 222 5324 1875 5397">
     <span class='ocr_line' id='line_1_66' title="bbox 222 5324 1875 5397; baseline -0.001 -16"><span class='ocrx_word' id='word_1_492' title='bbox 222 5329 325 5397; x_wconf 87' lang='lat' dir='ltr'><strong>pta</strong></span> <span class='ocrx_word' id='word_1_493' title='bbox 344 5340 411 5379; x_wconf 86' lang='lat' dir='ltr'><strong>ac</strong></span> <span class='ocrx_word' id='word_1_494' title='bbox 434 5331 708 5396; x_wconf 88' lang='lat' dir='ltr'><strong>separata</strong></span> <span class='ocrx_word' id='word_1_495' title='bbox 723 5332 861 5379; x_wconf 90' lang='lat' dir='ltr'><strong>sunt</strong></span> <span class='ocrx_word' id='word_1_496' title='bbox 880 5341 915 5380; x_wconf 92' lang='lat' dir='ltr'><strong>a</strong></span> <span class='ocrx_word' id='word_1_497' title='bbox 936 5341 997 5380; x_wconf 90' lang='lat' dir='ltr'><strong>se</strong></span> <span class='ocrx_word' id='word_1_498' title='bbox 1021 5325 1272 5380; x_wconf 86' lang='lat' dir='ltr'><strong>invicem</strong></span> <span class='ocrx_word' id='word_1_499' title='bbox 1299 5325 1448 5380; x_wconf 84' lang='lat' dir='ltr'><strong>ﬁdes</strong></span> <span class='ocrx_word' id='word_1_500' title='bbox 1466 5324 1539 5379; x_wconf 91' lang='lat' dir='ltr'><strong>ab</strong></span> <span class='ocrx_word' id='word_1_501' title='bbox 1556 5325 1875 5380; x_wconf 81' lang='lat' dir='ltr'><strong>inﬁdelita-</strong></span> 
     </span>
    </p>
   </div>
   <div class='ocr_carea' id='block_1_67' title="bbox 220 5413 1873 5487">
    <p class='ocr_par' dir='ltr' id='par_1_67' title="bbox 220 5413 1873 5487">
     <span class='ocr_line' id='line_1_67' title="bbox 220 5413 1873 5487; baseline -0.001 -16"><span class='ocrx_word' id='word_1_502' title='bbox 220 5420 297 5484; x_wconf 90' lang='lat' dir='ltr'><strong>te,</strong></span> <span class='ocrx_word' id='word_1_503' title='bbox 321 5413 558 5487; x_wconf 85' lang='lat' dir='ltr'><strong>justitia</strong></span> <span class='ocrx_word' id='word_1_504' title='bbox 588 5413 660 5469; x_wconf 89' lang='lat' dir='ltr'><strong>ab</strong></span> <span class='ocrx_word' id='word_1_505' title='bbox 693 5413 1004 5486; x_wconf 83' lang='lat' dir='ltr'><strong>injustitia,</strong></span> <span class='ocrx_word' id='word_1_506' title='bbox 1039 5414 1135 5469; x_wconf 86' lang='lat' dir='ltr'><strong>lux</strong></span> <span class='ocrx_word' id='word_1_507' title='bbox 1167 5413 1781 5479; x_wconf 88' lang='lat' dir='ltr'><strong>atenebris,Christus</strong></span> <span class='ocrx_word' id='word_1_508' title='bbox 1800 5414 1873 5470; x_wconf 87' lang='lat' dir='ltr'><strong>ab</strong></span> 
     </span>
    </p>
   </div>
   <div class='ocr_carea' id='block_1_68' title="bbox 219 5502 1872 5576">
    <p class='ocr_par' dir='ltr' id='par_1_68' title="bbox 219 5502 1872 5576">
     <span class='ocr_line' id='line_1_68' title="bbox 219 5502 1872 5576; baseline -0.001 -15"><span class='ocrx_word' id='word_1_509' title='bbox 219 5504 606 5571; x_wconf 83' lang='lat' dir='ltr'><strong>Antichristo,</strong></span> <span class='ocrx_word' id='word_1_510' title='bbox 637 5503 762 5575; x_wconf 88' lang='lat' dir='ltr'><strong>ipse</strong></span> <span class='ocrx_word' id='word_1_511' title='bbox 796 5503 989 5559; x_wconf 83' lang='lat' dir='ltr'><strong>ﬁdelis</strong></span> <span class='ocrx_word' id='word_1_512' title='bbox 1019 5502 1092 5559; x_wconf 93' lang='lat' dir='ltr'><strong>ab</strong></span> <span class='ocrx_word' id='word_1_513' title='bbox 1124 5502 1373 5573; x_wconf 78' lang='lat' dir='ltr'><strong>inﬁdeli,</strong></span> <span class='ocrx_word' id='word_1_514' title='bbox 1433 5502 1720 5576; x_wconf 89' lang='lat' dir='ltr'><strong>templum</strong></span> <span class='ocrx_word' id='word_1_515' title='bbox 1768 5503 1872 5560; x_wconf 92' lang='lat' dir='ltr'><strong>Dei</strong></span> 
     </span>
    </p>
   </div>
   <div class='ocr_carea' id='block_1_69' title="bbox 218 5593 1867 5672">
    <p class='ocr_par' dir='ltr' id='par_1_69' title="bbox 218 5593 1867 5672">
     <span class='ocr_line' id='line_1_69' title="bbox 218 5593 1867 5672; baseline 0.001 -21"><span class='ocrx_word' id='word_1_516' title='bbox 218 5611 253 5651; x_wconf 88' lang='lat' dir='ltr'><strong>a</strong></span> <span class='ocrx_word' id='word_1_517' title='bbox 284 5594 504 5672; x_wconf 86' lang='lat' dir='ltr'><strong>templo</strong></span> <span class='ocrx_word' id='word_1_518' title='bbox 534 5593 853 5651; x_wconf 90' lang='lat' dir='ltr'><strong>idolorum.</strong></span> <span class='ocrx_word' id='word_1_519' title='bbox 884 5593 940 5649; x_wconf 92' lang='lat' dir='ltr'><strong>Si</strong></span> <span class='ocrx_word' id='word_1_520' title='bbox 973 5593 1114 5649; x_wconf 88' lang='lat' dir='ltr'><strong>estis</strong></span> <span class='ocrx_word' id='word_1_521' title='bbox 1175 5608 1314 5665; x_wconf 76' lang='lat' dir='ltr'><strong>ergo</strong></span> <span class='ocrx_word' id='word_1_522' title='bbox 1363 5594 1635 5666; x_wconf 80' lang='lat' dir='ltr'><strong>justitiae,</strong></span> <span class='ocrx_word' id='word_1_523' title='bbox 1696 5593 1867 5659; x_wconf 89' lang='lat' dir='ltr'><strong>lucis,</strong></span> 
     </span>
    </p>
   </div>
   <div class='ocr_carea' id='block_1_70' title="bbox 291 5789 791 5860">
    <p class='ocr_par' dir='ltr' id='par_1_70' title="bbox 291 5789 791 5860">
     <span class='ocr_line' id='line_1_70' title="bbox 291 5789 791 5860; baseline -0.002 -10"><span class='ocrx_word' id='word_1_524' title='bbox 291 5789 340 5827; x_wconf 83' lang='lat'><strong>‘°</strong></span> <span class='ocrx_word' id='word_1_525' title='bbox 365 5791 418 5850; x_wconf 85' lang='lat' dir='ltr'><strong>II</strong></span> <span class='ocrx_word' id='word_1_526' title='bbox 441 5791 569 5853; x_wconf 80' lang='lat' dir='ltr'><strong>Cor.</strong></span> <span class='ocrx_word' id='word_1_527' title='bbox 603 5806 704 5860; x_wconf 78' lang='lat' dir='ltr'><strong>xu,</strong></span> <span class='ocrx_word' id='word_1_528' title='bbox 735 5790 791 5849; x_wconf 81' lang='grc' dir='ltr'><strong>ι.</strong></span> 
     </span>
    </p>
   </div>
   <div class='ocr_carea' id='block_1_71' title="bbox 1998 2109 3661 2189">
    <p class='ocr_par' dir='ltr' id='par_1_71' title="bbox 1998 2109 3661 2189">
     <span class='ocr_line' id='line_1_71' title="bbox 1998 2109 3661 2189; baseline 0.002 -24"><span class='ocrx_word' id='word_1_529' title='bbox 1998 2115 2222 2189; x_wconf 90' lang='grc' dir='ltr'>γοῦντες</span> <span class='ocrx_word' id='word_1_530' title='bbox 2267 2109 2542 2174; x_wconf 91' lang='grc' dir='ltr'>ἀπίστοις.</span> <span class='ocrx_word' id='word_1_531' title='bbox 2625 2110 2692 2169; x_wconf 91' lang='grc' dir='ltr'>Τί</span> <span class='ocrx_word' id='word_1_532' title='bbox 2757 2111 2859 2188; x_wconf 76' lang='grc' dir='ltr'><strong>γὰρ</strong></span> <span class='ocrx_word' id='word_1_533' title='bbox 2921 2113 3134 2187; x_wconf 89' lang='grc' dir='ltr'>μετοχή</span> <span class='ocrx_word' id='word_1_534' title='bbox 3196 2109 3512 2187; x_wconf 73' lang='grc' dir='ltr'>δικαιοσύνῃ</span> <span class='ocrx_word' id='word_1_535' title='bbox 3567 2112 3661 2168; x_wconf 80' lang='grc' dir='ltr'><strong>καὶ</strong></span> 
     </span>
    </p>
   </div>
   <div class='ocr_carea' id='block_1_72' title="bbox 1996 2199 3660 2282">
    <p class='ocr_par' dir='ltr' id='par_1_72' title="bbox 1996 2199 3660 2282">
     <span class='ocr_line' id='line_1_72' title="bbox 1996 2199 3660 2282; baseline 0 -25"><span class='ocrx_word' id='word_1_536' title='bbox 1996 2201 2203 2275; x_wconf 76' lang='grc' dir='ltr'>ἀνομίᾳ</span> <span class='ocrx_word' id='word_1_537' title='bbox 2245 2222 2259 2271; x_wconf 88' lang='grc'><strong>;</strong></span> <span class='ocrx_word' id='word_1_538' title='bbox 2292 2202 2385 2266; x_wconf 89' lang='grc' dir='ltr'>Τίς</span> <span class='ocrx_word' id='word_1_539' title='bbox 2419 2199 2478 2257; x_wconf 69' lang='grc' dir='ltr'>δὲ</span> <span class='ocrx_word' id='word_1_540' title='bbox 2505 2202 2768 2258; x_wconf 88' lang='grc' dir='ltr'>κοινωνία</span> <span class='ocrx_word' id='word_1_541' title='bbox 2796 2202 2937 2282; x_wconf 74' lang='grc' dir='ltr'>φωτὶ</span> <span class='ocrx_word' id='word_1_542' title='bbox 2986 2200 3125 2278; x_wconf 82' lang='grc' dir='ltr'>πρός</span> <span class='ocrx_word' id='word_1_543' title='bbox 3184 2202 3375 2266; x_wconf 83' lang='grc' dir='ltr'>σκότος</span> <span class='ocrx_word' id='word_1_544' title='bbox 3410 2222 3424 2271; x_wconf 85' lang='lat'><strong>;</strong></span> <span class='ocrx_word' id='word_1_545' title='bbox 3456 2202 3551 2267; x_wconf 89' lang='grc' dir='ltr'>Τίς</span> <span class='ocrx_word' id='word_1_546' title='bbox 3598 2199 3660 2258; x_wconf 76' lang='grc' dir='ltr'>δὶ</span> 
     </span>
    </p>
   </div>
   <div class='ocr_carea' id='block_1_73' title="bbox 1998 2288 3656 2368">
    <p class='ocr_par' dir='ltr' id='par_1_73' title="bbox 1998 2288 3656 2368">
     <span class='ocr_line' id='line_1_73' title="bbox 1998 2288 3656 2368; baseline 0.001 -22"><span class='ocrx_word' id='word_1_547' title='bbox 1998 2293 2352 2367; x_wconf 70' lang='grc' dir='ltr'>συμφώνησις</span> <span class='ocrx_word' id='word_1_548' title='bbox 2406 2295 2624 2367; x_wconf 82' lang='grc' dir='ltr'>Χριστῷ</span> <span class='ocrx_word' id='word_1_549' title='bbox 2683 2290 2821 2365; x_wconf 79' lang='grc' dir='ltr'>πρὸς</span> <span class='ocrx_word' id='word_1_550' title='bbox 2881 2288 3084 2367; x_wconf 81' lang='grc' dir='ltr'>Βελίαρ</span> <span class='ocrx_word' id='word_1_551' title='bbox 3136 2309 3150 2360; x_wconf 89' lang='lat'><strong>;</strong></span> <span class='ocrx_word' id='word_1_552' title='bbox 3208 2297 3283 2348; x_wconf 83' lang='grc' dir='ltr'><strong>¹Ἠ</strong></span> <span class='ocrx_word' id='word_1_553' title='bbox 3358 2290 3440 2355; x_wconf 90' lang='grc' dir='ltr'><strong>τίς</strong></span> <span class='ocrx_word' id='word_1_554' title='bbox 3499 2293 3656 2368; x_wconf 85' lang='grc' dir='ltr'>μερὶς</span> 
     </span>
    </p>
   </div>
   <div class='ocr_carea' id='block_1_74' title="bbox 1995 2378 3658 2457">
    <p class='ocr_par' dir='ltr' id='par_1_74' title="bbox 1995 2378 3658 2457">
     <span class='ocr_line' id='line_1_74' title="bbox 1995 2378 3658 2457; baseline 0.002 -22"><span class='ocrx_word' id='word_1_555' title='bbox 1995 2380 2176 2451; x_wconf 83' lang='grc' dir='ltr'>πιστῷ</span> <span class='ocrx_word' id='word_1_556' title='bbox 2210 2380 2347 2451; x_wconf 86' lang='grc' dir='ltr'><strong>μετά</strong></span> <span class='ocrx_word' id='word_1_557' title='bbox 2370 2378 2602 2436; x_wconf 81' lang='grc' dir='ltr'>ἀπίστου</span> <span class='ocrx_word' id='word_1_558' title='bbox 2637 2380 2766 2450; x_wconf 75' lang='grc' dir='ltr'>ςτίς</span> <span class='ocrx_word' id='word_1_559' title='bbox 2806 2378 2863 2436; x_wconf 76' lang='grc' dir='ltr'>δὲ</span> <span class='ocrx_word' id='word_1_560' title='bbox 2920 2380 3311 2457; x_wconf 69' lang='grc' dir='ltr'><strong>συγκατάθεσις</strong></span> <span class='ocrx_word' id='word_1_561' title='bbox 3367 2387 3480 2455; x_wconf 81' lang='grc' dir='ltr'><strong>ναῷ</strong></span> <span class='ocrx_word' id='word_1_562' title='bbox 3521 2388 3658 2438; x_wconf 82' lang='grc' dir='ltr'>Θεοῦ</span> 
     </span>
    </p>
   </div>
   <div class='ocr_carea' id='block_1_75' title="bbox 1999 2466 2458 2543">
    <p class='ocr_par' dir='ltr' id='par_1_75' title="bbox 1999 2466 2458 2543">
     <span class='ocr_line' id='line_1_75' title="bbox 1999 2466 2458 2543; baseline -0.004 -18"><span class='ocrx_word' id='word_1_563' title='bbox 1999 2468 2135 2543; x_wconf 78' lang='grc' dir='ltr'>μετά</span> <span class='ocrx_word' id='word_1_564' title='bbox 2160 2466 2408 2524; x_wconf 80' lang='grc' dir='ltr'><strong>εἰδώλων</strong></span> <span class='ocrx_word' id='word_1_565' title='bbox 2444 2488 2458 2539; x_wconf 85' lang='lat'><strong>;</strong></span> 
     </span>
    </p>
   </div>
   <div class='ocr_carea' id='block_1_76' title="bbox 2066 2555 3660 2633">
    <p class='ocr_par' dir='ltr' id='par_1_76' title="bbox 2066 2555 3660 2633">
     <span class='ocr_line' id='line_1_76' title="bbox 2066 2555 3660 2633; baseline -0.001 -17"><span class='ocrx_word' id='word_1_566' title='bbox 2066 2558 2143 2616; x_wconf 80' lang='grc' dir='ltr'>Τὰ</span> <span class='ocrx_word' id='word_1_567' title='bbox 2167 2562 2274 2614; x_wconf 79' lang='grc' dir='ltr'><strong>τῶν</strong></span> <span class='ocrx_word' id='word_1_568' title='bbox 2308 2555 2464 2613; x_wconf 87' lang='grc' dir='ltr'>ἰδίων</span> <span class='ocrx_word' id='word_1_569' title='bbox 2497 2557 2722 2633; x_wconf 82' lang='grc' dir='ltr'><strong>ἀγώνων</strong></span> <span class='ocrx_word' id='word_1_570' title='bbox 2753 2555 3016 2627; x_wconf 80' lang='grc' dir='ltr'>διελθὼν,</span> <span class='ocrx_word' id='word_1_571' title='bbox 3046 2559 3123 2621; x_wconf 81' lang='grc' dir='ltr'><strong>είς</strong></span> <span class='ocrx_word' id='word_1_572' title='bbox 3165 2559 3258 2613; x_wconf 91' lang='grc' dir='ltr'>τὸν</span> <span class='ocrx_word' id='word_1_573' title='bbox 3314 2558 3438 2632; x_wconf 80' lang='grc' dir='ltr'>περὶ</span> <span class='ocrx_word' id='word_1_574' title='bbox 3495 2559 3660 2617; x_wconf 87' lang='grc' dir='ltr'>πολι-</span> 
     </span>
    </p>
   </div>
   <div class='ocr_carea' id='block_1_77' title="bbox 1995 2642 3660 2727">
    <p class='ocr_par' dir='ltr' id='par_1_77' title="bbox 1995 2642 3660 2727">
     <span class='ocr_line' id='line_1_77' title="bbox 1995 2642 3660 2727; baseline 0.002 -26"><span class='ocrx_word' id='word_1_575' title='bbox 1995 2645 2140 2710; x_wconf 88' lang='grc' dir='ltr'>τείας</span> <span class='ocrx_word' id='word_1_576' title='bbox 2164 2645 2619 2727; x_wconf 70' lang='grc' dir='ltr'>ἔρχεταιλόγον.</span> <span class='ocrx_word' id='word_1_577' title='bbox 2683 2642 2952 2723; x_wconf 81' lang='grc' dir='ltr'>Πρότερον</span> <span class='ocrx_word' id='word_1_578' title='bbox 3012 2645 3072 2703; x_wconf 69' lang='grc' dir='ltr'>δὲ</span> <span class='ocrx_word' id='word_1_579' title='bbox 3127 2653 3309 2704; x_wconf 87' lang='grc' dir='ltr'>πεῖσαι</span> <span class='ocrx_word' id='word_1_580' title='bbox 3368 2646 3514 2705; x_wconf 80' lang='grc' dir='ltr'>θέλει</span> <span class='ocrx_word' id='word_1_581' title='bbox 3573 2648 3660 2705; x_wconf 71' lang='grc' dir='ltr'><strong>ὅτι</strong></span> 
     </span>
    </p>
   </div>
   <div class='ocr_carea' id='block_1_78' title="bbox 1996 2732 3658 2815">
    <p class='ocr_par' dir='ltr' id='par_1_78' title="bbox 1996 2732 3658 2815">
     <span class='ocr_line' id='line_1_78' title="bbox 1996 2732 3658 2815; baseline 0.002 -25"><span class='ocrx_word' id='word_1_582' title='bbox 1996 2736 2223 2813; x_wconf 80' lang='grc' dir='ltr'>ἀγαπῶν</span> <span class='ocrx_word' id='word_1_583' title='bbox 2254 2735 2471 2806; x_wconf 76' lang='grc' dir='ltr'>αὐτοὺς,</span> <span class='ocrx_word' id='word_1_584' title='bbox 2504 2732 2729 2792; x_wconf 82' lang='grc' dir='ltr'>ἔλαττον</span> <span class='ocrx_word' id='word_1_585' title='bbox 2799 2736 3092 2813; x_wconf 76' lang='grc' dir='ltr'>ἀγαπᾶται,</span> <span class='ocrx_word' id='word_1_586' title='bbox 3155 2737 3247 2791; x_wconf 87' lang='grc' dir='ltr'><strong>καί</strong></span> <span class='ocrx_word' id='word_1_587' title='bbox 3302 2758 3456 2815; x_wconf 78' lang='grc' dir='ltr'>φησι·</span> <span class='ocrx_word' id='word_1_588' title='bbox 3491 2763 3519 2791; x_wconf 75' lang='grc' dir='ltr'><strong>α</strong></span> <span class='ocrx_word' id='word_1_589' title='bbox 3581 2740 3658 2796; x_wconf 86' lang='grc' dir='ltr'><strong>Τὸ</strong></span> 
     </span>
    </p>
   </div>
   <div class='ocr_carea' id='block_1_79' title="bbox 1996 2823 3656 2903">
    <p class='ocr_par' dir='ltr' id='par_1_79' title="bbox 1996 2823 3656 2903">
     <span class='ocr_line' id='line_1_79' title="bbox 1996 2823 3656 2903; baseline 0.002 -23"><span class='ocrx_word' id='word_1_590' title='bbox 1996 2825 2177 2900; x_wconf 87' lang='grc' dir='ltr'>στόμα</span> <span class='ocrx_word' id='word_1_591' title='bbox 2214 2827 2376 2900; x_wconf 78' lang='grc' dir='ltr'>ἡμῶν</span> <span class='ocrx_word' id='word_1_592' title='bbox 2443 2825 2687 2899; x_wconf 79' lang='grc' dir='ltr'><strong>ἀνέῳγεν,</strong></span> <span class='ocrx_word' id='word_1_593' title='bbox 2724 2848 2753 2877; x_wconf 85' lang='grc'><strong>››</strong></span> <span class='ocrx_word' id='word_1_594' title='bbox 2814 2826 2962 2895; x_wconf 79' lang='grc' dir='ltr'>οἷον,</span> <span class='ocrx_word' id='word_1_595' title='bbox 3031 2825 3109 2884; x_wconf 78' lang='grc' dir='ltr'><strong>Οὐ</strong></span> <span class='ocrx_word' id='word_1_596' title='bbox 3170 2823 3448 2900; x_wconf 84' lang='grc' dir='ltr'>δυνάμεθα</span> <span class='ocrx_word' id='word_1_597' title='bbox 3505 2832 3656 2903; x_wconf 82' lang='grc' dir='ltr'>σιγᾷν</span> 
     </span>
    </p>
   </div>
   <div class='ocr_carea' id='block_1_80' title="bbox 1994 2911 3654 2995">
    <p class='ocr_par' dir='ltr' id='par_1_80' title="bbox 1994 2911 3654 2995">
     <span class='ocr_line' id='line_1_80' title="bbox 1994 2911 3654 2995; baseline 0.002 -26"><span class='ocrx_word' id='word_1_598' title='bbox 1994 2915 2131 2990; x_wconf 85' lang='grc' dir='ltr'>πρὸς</span> <span class='ocrx_word' id='word_1_599' title='bbox 2165 2914 2328 2988; x_wconf 78' lang='grc' dir='ltr'>ὑμᾶς,</span> <span class='ocrx_word' id='word_1_600' title='bbox 2370 2914 2451 2970; x_wconf 81' lang='grc' dir='ltr'><strong>ἀεὶ</strong></span> <span class='ocrx_word' id='word_1_601' title='bbox 2485 2915 2615 2988; x_wconf 89' lang='grc' dir='ltr'>ὑμῖν</span> <span class='ocrx_word' id='word_1_602' title='bbox 2650 2911 2996 2991; x_wconf 83' lang='grc' dir='ltr'>διαλέγεσθαι</span> <span class='ocrx_word' id='word_1_603' title='bbox 3029 2914 3286 2989; x_wconf 87' lang='grc' dir='ltr'>θέλομεν,</span> <span class='ocrx_word' id='word_1_604' title='bbox 3325 2915 3460 2992; x_wconf 76' lang='grc' dir='ltr'>ὅπερ</span> <span class='ocrx_word' id='word_1_605' title='bbox 3519 2918 3654 2995; x_wconf 84' lang='grc' dir='ltr'>ἀγα-</span> 
     </span>
    </p>
   </div>
   <div class='ocr_carea' id='block_1_81' title="bbox 1994 3001 3648 3073">
    <p class='ocr_par' dir='ltr' id='par_1_81' title="bbox 1994 3001 3648 3073">
     <span class='ocr_line' id='line_1_81' title="bbox 1994 3001 3648 3073; baseline 0.003 -15"><span class='ocrx_word' id='word_1_606' title='bbox 1994 3003 2221 3058; x_wconf 76' lang='grc' dir='ltr'>πώντων</span> <span class='ocrx_word' id='word_1_607' title='bbox 2255 3001 2390 3059; x_wconf 72' lang='grc' dir='ltr'>ἴδιον</span> <span class='ocrx_word' id='word_1_608' title='bbox 2422 3003 2515 3059; x_wconf 87' lang='grc' dir='ltr'><strong>καὶ</strong></span> <span class='ocrx_word' id='word_1_609' title='bbox 2546 3002 2666 3059; x_wconf 74' lang='grc' dir='ltr'>ἄνευ</span> <span class='ocrx_word' id='word_1_610' title='bbox 2700 3001 3017 3073; x_wconf 81' lang='grc' dir='ltr'>ὑποστολῆς</span> <span class='ocrx_word' id='word_1_611' title='bbox 3051 3003 3370 3062; x_wconf 78' lang='grc' dir='ltr'>λαλούντων</span> <span class='ocrx_word' id='word_1_612' title='bbox 3397 3039 3469 3050; x_wconf 92' lang='lat'><strong>-—</strong></span> <span class='ocrx_word' id='word_1_613' title='bbox 3509 3005 3648 3063; x_wconf 77' lang='grc' dir='ltr'>’Άλ-</span> 
     </span>
    </p>
   </div>
   <div class='ocr_carea' id='block_1_82' title="bbox 1994 3090 3654 3172">
    <p class='ocr_par' dir='ltr' id='par_1_82' title="bbox 1994 3090 3654 3172">
     <span class='ocr_line' id='line_1_82' title="bbox 1994 3090 3654 3172; baseline 0.002 -24"><span class='ocrx_word' id='word_1_614' title='bbox 1994 3090 2110 3154; x_wconf 80' lang='grc' dir='ltr'><strong>λως</strong></span> <span class='ocrx_word' id='word_1_615' title='bbox 2145 3095 2357 3170; x_wconf 79' lang='grc' dir='ltr'><strong>[ΦΩΤ.]</strong></span> <span class='ocrx_word' id='word_1_616' title='bbox 2392 3094 2540 3151; x_wconf 86' lang='grc' dir='ltr'>Ἀντὶ</span> <span class='ocrx_word' id='word_1_617' title='bbox 2568 3098 2689 3160; x_wconf 88' lang='grc' dir='ltr'>τοῦ,</span> <span class='ocrx_word' id='word_1_618' title='bbox 2721 3093 2995 3170; x_wconf 80' lang='grc' dir='ltr'>Εὖπορίαν</span> <span class='ocrx_word' id='word_1_619' title='bbox 3052 3097 3191 3168; x_wconf 78' lang='grc' dir='ltr'>ἡμῖν</span> <span class='ocrx_word' id='word_1_620' title='bbox 3247 3098 3654 3172; x_wconf 75' lang='grc' dir='ltr'>παρεσχήκατε,</span> 
     </span>
    </p>
   </div>
   <div class='ocr_carea' id='block_1_83' title="bbox 1991 3183 3656 3261">
    <p class='ocr_par' dir='ltr' id='par_1_83' title="bbox 1991 3183 3656 3261">
     <span class='ocr_line' id='line_1_83' title="bbox 1991 3183 3656 3261; baseline 0.004 -24"><span class='ocrx_word' id='word_1_621' title='bbox 1991 3187 2088 3238; x_wconf 89' lang='grc' dir='ltr'><strong>τοῦ</strong></span> <span class='ocrx_word' id='word_1_622' title='bbox 2112 3183 2351 3258; x_wconf 85' lang='grc' dir='ltr'>ἀνοίγειν</span> <span class='ocrx_word' id='word_1_623' title='bbox 2380 3183 2517 3257; x_wconf 84' lang='grc' dir='ltr'>πρὸς</span> <span class='ocrx_word' id='word_1_624' title='bbox 2552 3183 2691 3258; x_wconf 85' lang='grc' dir='ltr'>ὑμᾶς</span> <span class='ocrx_word' id='word_1_625' title='bbox 2740 3183 2805 3239; x_wconf 87' lang='grc' dir='ltr'>τὸ</span> <span class='ocrx_word' id='word_1_626' title='bbox 2864 3184 3063 3259; x_wconf 87' lang='grc' dir='ltr'>στόμα.</span> <span class='ocrx_word' id='word_1_627' title='bbox 3123 3185 3286 3241; x_wconf 85' lang='grc' dir='ltr'>Ὅταν</span> <span class='ocrx_word' id='word_1_628' title='bbox 3318 3186 3423 3261; x_wconf 78' lang='grc' dir='ltr'><strong>γὰρ</strong></span> <span class='ocrx_word' id='word_1_629' title='bbox 3470 3188 3499 3242; x_wconf 82' lang='grc' dir='ltr'>ὁ</span> <span class='ocrx_word' id='word_1_630' title='bbox 3561 3184 3656 3260; x_wconf 83' lang='grc' dir='ltr'><strong>μέν</strong></span> 
     </span>
    </p>
   </div>
   <div class='ocr_carea' id='block_1_84' title="bbox 1989 3269 3662 3350">
    <p class='ocr_par' dir='ltr' id='par_1_84' title="bbox 1989 3269 3662 3350">
     <span class='ocr_line' id='line_1_84' title="bbox 1989 3269 3662 3350; baseline 0.001 -22"><span class='ocrx_word' id='word_1_631' title='bbox 1989 3292 2074 3336; x_wconf 86' lang='grc' dir='ltr'><strong>τις</strong></span> <span class='ocrx_word' id='word_1_632' title='bbox 2099 3273 2281 3350; x_wconf 85' lang='grc' dir='ltr'>ἀγαπᾷ</span> <span class='ocrx_word' id='word_1_633' title='bbox 2313 3269 2616 3348; x_wconf 77' lang='grc' dir='ltr'>διαπύρως,</span> <span class='ocrx_word' id='word_1_634' title='bbox 2650 3273 2702 3327; x_wconf 73' lang='grc' dir='ltr'>οἱ</span> <span class='ocrx_word' id='word_1_635' title='bbox 2751 3269 2809 3328; x_wconf 77' lang='grc' dir='ltr'>δὶ</span> <span class='ocrx_word' id='word_1_636' title='bbox 2848 3271 2952 3328; x_wconf 77' lang='grc' dir='ltr'>οὐκ</span> <span class='ocrx_word' id='word_1_637' title='bbox 3007 3274 3388 3350; x_wconf 83' lang='grc' dir='ltr'>ἀνταγαπῶσιν</span> <span class='ocrx_word' id='word_1_638' title='bbox 3419 3274 3662 3348; x_wconf 80' lang='grc' dir='ltr'>ὁμοίως,</span> 
     </span>
    </p>
   </div>
   <div class='ocr_carea' id='block_1_85' title="bbox 1989 3359 3639 3439">
    <p class='ocr_par' dir='ltr' id='par_1_85' title="bbox 1989 3359 3639 3439">
     <span class='ocr_line' id='line_1_85' title="bbox 1989 3359 3639 3439; baseline 0.001 -22"><span class='ocrx_word' id='word_1_639' title='bbox 1989 3359 2216 3417; x_wconf 82' lang='grc' dir='ltr'>πολλῶν</span> <span class='ocrx_word' id='word_1_640' title='bbox 2249 3359 2636 3434; x_wconf 79' lang='grc' dir='ltr'>δικαιωμάτων</span> <span class='ocrx_word' id='word_1_641' title='bbox 2684 3361 2939 3437; x_wconf 77' lang='grc' dir='ltr'>εὐπορίαν</span> <span class='ocrx_word' id='word_1_642' title='bbox 2996 3362 3301 3439; x_wconf 68' lang='grc' dir='ltr'>παρέχουσι</span> <span class='ocrx_word' id='word_1_643' title='bbox 3352 3363 3489 3438; x_wconf 86' lang='grc' dir='ltr'>πρὸς</span> <span class='ocrx_word' id='word_1_644' title='bbox 3545 3362 3639 3419; x_wconf 78' lang='grc' dir='ltr'><strong>αὖ·</strong></span> 
     </span>
    </p>
   </div>
   <div class='ocr_carea' id='block_1_86' title="bbox 1990 3447 3646 3528">
    <p class='ocr_par' dir='ltr' id='par_1_86' title="bbox 1990 3447 3646 3528">
     <span class='ocr_line' id='line_1_86' title="bbox 1990 3447 3646 3528; baseline 0.002 -22"><span class='ocrx_word' id='word_1_645' title='bbox 1990 3447 2118 3512; x_wconf 75' lang='grc' dir='ltr'>τοὺς</span> <span class='ocrx_word' id='word_1_646' title='bbox 2139 3454 2218 3522; x_wconf 78' lang='grc' dir='ltr'><strong>τῷ</strong></span> <span class='ocrx_word' id='word_1_647' title='bbox 2247 3449 2547 3528; x_wconf 82' lang='grc' dir='ltr'>ἀγαπῶντι.</span> <span class='ocrx_word' id='word_1_648' title='bbox 2581 3474 2609 3503; x_wconf 86' lang='grc'><em>‹‹</em></span> <span class='ocrx_word' id='word_1_649' title='bbox 2640 3450 2906 3526; x_wconf 81' lang='grc' dir='ltr'>Ἀνέῳγε,</span> <span class='ocrx_word' id='word_1_650' title='bbox 2937 3474 2965 3503; x_wconf 85' lang='grc'><strong>››</strong></span> <span class='ocrx_word' id='word_1_651' title='bbox 3001 3450 3154 3528; x_wconf 82' lang='grc' dir='ltr'>φησί.</span> <span class='ocrx_word' id='word_1_652' title='bbox 3187 3454 3279 3525; x_wconf 81' lang='grc' dir='ltr'><strong>Τῷ</strong></span> <span class='ocrx_word' id='word_1_653' title='bbox 3306 3452 3408 3528; x_wconf 85' lang='grc' dir='ltr'><strong>γάρ</strong></span> <span class='ocrx_word' id='word_1_654' title='bbox 3439 3451 3646 3524; x_wconf 79' lang='grc' dir='ltr'>πλήθει</span> 
     </span>
    </p>
   </div>
   <div class='ocr_carea' id='block_1_87' title="bbox 1992 3538 3659 3617">
    <p class='ocr_par' dir='ltr' id='par_1_87' title="bbox 1992 3538 3659 3617">
     <span class='ocr_line' id='line_1_87' title="bbox 1992 3538 3659 3617; baseline 0.002 -22"><span class='ocrx_word' id='word_1_655' title='bbox 1992 3539 2083 3595; x_wconf 78' lang='grc' dir='ltr'><strong>καὶ</strong></span> <span class='ocrx_word' id='word_1_656' title='bbox 2112 3543 2181 3613; x_wconf 78' lang='grc' dir='ltr'><strong>τῇ</strong></span> <span class='ocrx_word' id='word_1_657' title='bbox 2212 3538 2367 3596; x_wconf 70' lang='grc' dir='ltr'>ἴσχόῖ</span> <span class='ocrx_word' id='word_1_658' title='bbox 2394 3545 2502 3596; x_wconf 80' lang='grc' dir='ltr'><strong>τῶν</strong></span> <span class='ocrx_word' id='word_1_659' title='bbox 2546 3538 2960 3614; x_wconf 72' lang='grc' dir='ltr'>δικαιωμάτων,</span> <span class='ocrx_word' id='word_1_660' title='bbox 2994 3540 3083 3597; x_wconf 65' lang='grc' dir='ltr'><strong>καὶ</strong></span> <span class='ocrx_word' id='word_1_661' title='bbox 3115 3543 3276 3616; x_wconf 76' lang='grc' dir='ltr'>ἡμῶν</span> <span class='ocrx_word' id='word_1_662' title='bbox 3330 3546 3485 3617; x_wconf 83' lang='grc' dir='ltr'>σιγᾷν</span> <span class='ocrx_word' id='word_1_663' title='bbox 3535 3540 3659 3607; x_wconf 78' lang='grc' dir='ltr'>ἐθε-</span> 
     </span>
    </p>
   </div>
   <div class='ocr_carea' id='block_1_88' title="bbox 1991 3624 3654 3703">
    <p class='ocr_par' dir='ltr' id='par_1_88' title="bbox 1991 3624 3654 3703">
     <span class='ocr_line' id='line_1_88' title="bbox 1991 3624 3654 3703; baseline 0.001 -18"><span class='ocrx_word' id='word_1_664' title='bbox 1991 3625 2221 3698; x_wconf 89' lang='grc' dir='ltr'>λόντων,</span> <span class='ocrx_word' id='word_1_665' title='bbox 2255 3628 2386 3685; x_wconf 81' lang='grc' dir='ltr'>αὐτὸ</span> <span class='ocrx_word' id='word_1_666' title='bbox 2415 3630 2570 3703; x_wconf 86' lang='grc' dir='ltr'>’ὀμως</span> <span class='ocrx_word' id='word_1_667' title='bbox 2605 3629 2693 3685; x_wconf 83' lang='grc' dir='ltr'>ὑπ’</span> <span class='ocrx_word' id='word_1_668' title='bbox 2727 3628 2903 3684; x_wconf 80' lang='grc' dir='ltr'>αὐτῶν</span> <span class='ocrx_word' id='word_1_669' title='bbox 2958 3624 3171 3686; x_wconf 76' lang='grc' dir='ltr'>ἔνδοθεν</span> <span class='ocrx_word' id='word_1_670' title='bbox 3234 3625 3654 3701; x_wconf 74' lang='grc' dir='ltr'>ἀναϐλυζόντων</span> 
     </span>
    </p>
   </div>
   <div class='ocr_carea' id='block_1_89' title="bbox 1991 3716 3653 3796">
    <p class='ocr_par' dir='ltr' id='par_1_89' title="bbox 1991 3716 3653 3796">
     <span class='ocr_line' id='line_1_89' title="bbox 1991 3716 3653 3796; baseline 0.001 -22"><span class='ocrx_word' id='word_1_671' title='bbox 1991 3719 2081 3775; x_wconf 81' lang='grc' dir='ltr'><strong>καὶ</strong></span> <span class='ocrx_word' id='word_1_672' title='bbox 2117 3716 2561 3791; x_wconf 80' lang='grc' dir='ltr'>ὑπερπηδώντων</span> <span class='ocrx_word' id='word_1_673' title='bbox 2589 3718 2809 3792; x_wconf 77' lang='grc' dir='ltr'>ἀνέῳγε,</span> <span class='ocrx_word' id='word_1_674' title='bbox 2843 3719 2934 3774; x_wconf 79' lang='grc' dir='ltr'><strong>καὶ</strong></span> <span class='ocrx_word' id='word_1_675' title='bbox 2967 3719 3357 3776; x_wconf 84' lang='grc' dir='ltr'>ἀναπετάννυσι</span> <span class='ocrx_word' id='word_1_676' title='bbox 3389 3719 3455 3776; x_wconf 86' lang='grc' dir='ltr'><strong>τά</strong></span> <span class='ocrx_word' id='word_1_677' title='bbox 3483 3721 3653 3796; x_wconf 83' lang='grc' dir='ltr'>χείΛη</span> 
     </span>
    </p>
   </div>
   <div class='ocr_carea' id='block_1_90' title="bbox 1990 3803 3659 3885">
    <p class='ocr_par' dir='ltr' id='par_1_90' title="bbox 1990 3803 3659 3885">
     <span class='ocr_line' id='line_1_90' title="bbox 1990 3803 3659 3885; baseline 0.001 -20"><span class='ocrx_word' id='word_1_678' title='bbox 1990 3809 2128 3884; x_wconf 86' lang='grc' dir='ltr'>πρὸς</span> <span class='ocrx_word' id='word_1_679' title='bbox 2157 3808 2220 3864; x_wconf 92' lang='grc' dir='ltr'>τὸ</span> <span class='ocrx_word' id='word_1_680' title='bbox 2249 3803 2449 3885; x_wconf 73' lang='grc' dir='ltr'>λέγειν.</span> <span class='ocrx_word' id='word_1_681' title='bbox 2481 3807 2587 3865; x_wconf 84' lang='grc' dir='ltr'><strong>Καὶ</strong></span> <span class='ocrx_word' id='word_1_682' title='bbox 2644 3808 2840 3864; x_wconf 78' lang='grc' dir='ltr'>Λοιπὸν</span> <span class='ocrx_word' id='word_1_683' title='bbox 2895 3809 3125 3885; x_wconf 77' lang='grc' dir='ltr'>ἄρχεται</span> <span class='ocrx_word' id='word_1_684' title='bbox 3183 3814 3292 3865; x_wconf 80' lang='grc' dir='ltr'><strong>τῶν</strong></span> <span class='ocrx_word' id='word_1_685' title='bbox 3345 3806 3659 3883; x_wconf 83' lang='grc' dir='ltr'>δικαιωμά-</span> 
     </span>
    </p>
   </div>
   <div class='ocr_carea' id='block_1_91' title="bbox 1988 3893 3656 3978">
    <p class='ocr_par' dir='ltr' id='par_1_91' title="bbox 1988 3893 3656 3978">
     <span class='ocr_line' id='line_1_91' title="bbox 1988 3893 3656 3978; baseline 0.001 -24"><span class='ocrx_word' id='word_1_686' title='bbox 1988 3919 2119 3954; x_wconf 90' lang='grc' dir='ltr'>των.</span> <span class='ocrx_word' id='word_1_687' title='bbox 2152 3898 2637 3976; x_wconf 82' lang='grc' dir='ltr'>Ὑπεραγαπῶμεν,</span> <span class='ocrx_word' id='word_1_688' title='bbox 2671 3897 2858 3976; x_wconf 76' lang='grc' dir='ltr'>φησὶν,</span> <span class='ocrx_word' id='word_1_689' title='bbox 2892 3897 2984 3953; x_wconf 83' lang='grc' dir='ltr'><strong>καὶ</strong></span> <span class='ocrx_word' id='word_1_690' title='bbox 3044 3895 3371 3974; x_wconf 78' lang='grc' dir='ltr'>ἑγκαρδίους</span> <span class='ocrx_word' id='word_1_691' title='bbox 3424 3893 3656 3978; x_wconf 59' lang='grc' dir='ltr'>ἔχομεν,</span> 
     </span>
    </p>
   </div>
   <div class='ocr_carea' id='block_1_92' title="bbox 1990 3981 3651 4063">
    <p class='ocr_par' dir='ltr' id='par_1_92' title="bbox 1990 3981 3651 4063">
     <span class='ocr_line' id='line_1_92' title="bbox 1990 3981 3651 4063; baseline 0.001 -19"><span class='ocrx_word' id='word_1_692' title='bbox 1990 3988 2080 4044; x_wconf 77' lang='grc' dir='ltr'><strong>καὶ</strong></span> <span class='ocrx_word' id='word_1_693' title='bbox 2112 3987 2520 4062; x_wconf 86' lang='grc' dir='ltr'>πλατυνόμεθα,</span> <span class='ocrx_word' id='word_1_694' title='bbox 2562 3988 2653 4043; x_wconf 85' lang='grc' dir='ltr'><strong>καὶ</strong></span> <span class='ocrx_word' id='word_1_695' title='bbox 2712 3986 2984 4063; x_wconf 82' lang='grc' dir='ltr'>χαίρομεν</span> <span class='ocrx_word' id='word_1_696' title='bbox 3043 3981 3285 4053; x_wconf 57' lang='grc' dir='ltr'>ἔλοντες,</span> <span class='ocrx_word' id='word_1_697' title='bbox 3345 3989 3432 4044; x_wconf 79' lang='grc' dir='ltr'><strong>καὶ</strong></span> <span class='ocrx_word' id='word_1_698' title='bbox 3494 3989 3651 4047; x_wconf 79' lang='grc' dir='ltr'>αὐτοὶ</span> 
     </span>
    </p>
   </div>
   <div class='ocr_carea' id='block_1_93' title="bbox 1988 4074 3648 4155">
    <p class='ocr_par' dir='ltr' id='par_1_93' title="bbox 1988 4074 3648 4155">
     <span class='ocr_line' id='line_1_93' title="bbox 1988 4074 3648 4155; baseline 0.001 -21"><span class='ocrx_word' id='word_1_699' title='bbox 1988 4080 2089 4148; x_wconf 73' lang='grc' dir='ltr'>τῆς</span> <span class='ocrx_word' id='word_1_700' title='bbox 2119 4077 2338 4151; x_wconf 80' lang='grc' dir='ltr'>ἀγάπης</span> <span class='ocrx_word' id='word_1_701' title='bbox 2369 4077 2668 4149; x_wconf 64' lang='grc' dir='ltr'>ἠρξάμεθα.</span> <span class='ocrx_word' id='word_1_702' title='bbox 2700 4078 2884 4151; x_wconf 84' lang='grc' dir='ltr'>Ὑμεῖς</span> <span class='ocrx_word' id='word_1_703' title='bbox 2937 4074 2996 4132; x_wconf 74' lang='grc' dir='ltr'>δὲ</span> <span class='ocrx_word' id='word_1_704' title='bbox 3053 4077 3130 4141; x_wconf 83' lang='grc' dir='ltr'>ὡς</span> <span class='ocrx_word' id='word_1_705' title='bbox 3189 4076 3648 4155; x_wconf 79' lang='grc' dir='ltr'>στενοχωρούμε-</span> 
     </span>
    </p>
   </div>
   <div class='ocr_carea' id='block_1_94' title="bbox 1989 4164 3647 4245">
    <p class='ocr_par' dir='ltr' id='par_1_94' title="bbox 1989 4164 3647 4245">
     <span class='ocr_line' id='line_1_94' title="bbox 1989 4164 3647 4245; baseline 0.001 -22"><span class='ocrx_word' id='word_1_706' title='bbox 1989 4187 2098 4225; x_wconf 89' lang='grc' dir='ltr'>νοι.</span> <span class='ocrx_word' id='word_1_707' title='bbox 2130 4169 2253 4224; x_wconf 87' lang='grc' dir='ltr'><strong>Έάν</strong></span> <span class='ocrx_word' id='word_1_708' title='bbox 2287 4164 2506 4239; x_wconf 80' lang='grc' dir='ltr'>δέξησθε</span> <span class='ocrx_word' id='word_1_709' title='bbox 2537 4167 2685 4239; x_wconf 74' lang='grc' dir='ltr'>ἡμᾶς</span> <span class='ocrx_word' id='word_1_710' title='bbox 2719 4166 2770 4221; x_wconf 84' lang='grc' dir='ltr'>ἐν</span> <span class='ocrx_word' id='word_1_711' title='bbox 2802 4171 2921 4231; x_wconf 88' lang='grc' dir='ltr'>τοῖς</span> <span class='ocrx_word' id='word_1_712' title='bbox 2954 4165 3304 4245; x_wconf 86' lang='grc' dir='ltr'>σπλάγχνοις</span> <span class='ocrx_word' id='word_1_713' title='bbox 3339 4169 3516 4241; x_wconf 82' lang='grc' dir='ltr'>ὑμῶν,</span> <span class='ocrx_word' id='word_1_714' title='bbox 3548 4168 3647 4224; x_wconf 78' lang='grc' dir='ltr'>οὐκ</span> 
     </span>
    </p>
   </div>
   <div class='ocr_carea' id='block_1_95' title="bbox 1992 4253 3641 4333">
    <p class='ocr_par' dir='ltr' id='par_1_95' title="bbox 1992 4253 3641 4333">
     <span class='ocr_line' id='line_1_95' title="bbox 1992 4253 3641 4333; baseline 0.001 -22"><span class='ocrx_word' id='word_1_715' title='bbox 1992 4253 2147 4333; x_wconf 84' lang='grc' dir='ltr'>ἔχετε</span> <span class='ocrx_word' id='word_1_716' title='bbox 2174 4257 2324 4329; x_wconf 73' lang='grc' dir='ltr'>ἡμᾶς</span> <span class='ocrx_word' id='word_1_717' title='bbox 2356 4254 2408 4309; x_wconf 88' lang='grc' dir='ltr'>ἐν</span> <span class='ocrx_word' id='word_1_718' title='bbox 2437 4254 2647 4321; x_wconf 81' lang='grc' dir='ltr'>αὐτοῖς,</span> <span class='ocrx_word' id='word_1_719' title='bbox 2680 4253 2807 4311; x_wconf 89' lang='grc' dir='ltr'>ἀλλ’</span> <span class='ocrx_word' id='word_1_720' title='bbox 2828 4253 2948 4311; x_wconf 79' lang='grc' dir='ltr'>αὐδ’</span> <span class='ocrx_word' id='word_1_721' title='bbox 2978 4257 3053 4321; x_wconf 86' lang='grc' dir='ltr'><strong>ὡς</strong></span> <span class='ocrx_word' id='word_1_722' title='bbox 3110 4257 3455 4331; x_wconf 79' lang='grc' dir='ltr'>ἀντιμισθίαν</span> <span class='ocrx_word' id='word_1_723' title='bbox 3499 4256 3641 4329; x_wconf 86' lang='grc' dir='ltr'>πλη-</span> 
     </span>
    </p>
   </div>
   <div class='ocr_carea' id='block_1_96' title="bbox 1991 4345 3646 4423">
    <p class='ocr_par' dir='ltr' id='par_1_96' title="bbox 1991 4345 3646 4423">
     <span class='ocr_line' id='line_1_96' title="bbox 1991 4345 3646 4423; baseline 0.001 -23"><span class='ocrx_word' id='word_1_724' title='bbox 1991 4350 2211 4421; x_wconf 86' lang='grc' dir='ltr'>ροῦντες</span> <span class='ocrx_word' id='word_1_725' title='bbox 2270 4345 2407 4420; x_wconf 86' lang='grc' dir='ltr'>πρὸς</span> <span class='ocrx_word' id='word_1_726' title='bbox 2462 4345 2591 4405; x_wconf 81' lang='grc' dir='ltr'>τοὺς</span> <span class='ocrx_word' id='word_1_727' title='bbox 2649 4345 3012 4419; x_wconf 78' lang='grc' dir='ltr'>κατάρξαντας</span> <span class='ocrx_word' id='word_1_728' title='bbox 3070 4347 3219 4419; x_wconf 78' lang='grc' dir='ltr'>ἡμᾶς</span> <span class='ocrx_word' id='word_1_729' title='bbox 3300 4354 3401 4417; x_wconf 84' lang='grc' dir='ltr'><strong>τῆς</strong></span> <span class='ocrx_word' id='word_1_730' title='bbox 3432 4347 3646 4423; x_wconf 87' lang='grc' dir='ltr'>ἀγάπης</span> 
     </span>
    </p>
   </div>
   <div class='ocr_carea' id='block_1_97' title="bbox 1991 4431 3646 4512">
    <p class='ocr_par' dir='ltr' id='par_1_97' title="bbox 1991 4431 3646 4512">
     <span class='ocr_line' id='line_1_97' title="bbox 1991 4431 3646 4512; baseline 0.001 -21"><span class='ocrx_word' id='word_1_731' title='bbox 1991 4436 2223 4511; x_wconf 75' lang='grc' dir='ltr'>στοργήν</span> <span class='ocrx_word' id='word_1_732' title='bbox 2256 4431 2645 4505; x_wconf 74' lang='grc' dir='ltr'>ἐπιδείκνυσθε,</span> <span class='ocrx_word' id='word_1_733' title='bbox 2678 4432 2826 4491; x_wconf 85' lang='grc' dir='ltr'>ἀλλά</span> <span class='ocrx_word' id='word_1_734' title='bbox 2854 4435 2946 4490; x_wconf 87' lang='grc' dir='ltr'><strong>καὶ</strong></span> <span class='ocrx_word' id='word_1_735' title='bbox 3000 4435 3064 4490; x_wconf 88' lang='grc' dir='ltr'>τὸ</span> <span class='ocrx_word' id='word_1_736' title='bbox 3122 4435 3443 4512; x_wconf 79' lang='grc' dir='ltr'>βαρύτερον,</span> <span class='ocrx_word' id='word_1_737' title='bbox 3505 4435 3646 4510; x_wconf 81' lang='grc' dir='ltr'>μᾶλ-</span> 
     </span>
    </p>
   </div>
   <div class='ocr_carea' id='block_1_98' title="bbox 1992 4522 3647 4602">
    <p class='ocr_par' dir='ltr' id='par_1_98' title="bbox 1992 4522 3647 4602">
     <span class='ocr_line' id='line_1_98' title="bbox 1992 4522 3647 4602; baseline 0 -21"><span class='ocrx_word' id='word_1_738' title='bbox 1992 4522 2090 4581; x_wconf 86' lang='grc' dir='ltr'><strong>λον</strong></span> <span class='ocrx_word' id='word_1_739' title='bbox 2119 4530 2231 4581; x_wconf 79' lang='grc' dir='ltr'><strong>τῶν</strong></span> <span class='ocrx_word' id='word_1_740' title='bbox 2251 4523 2493 4581; x_wconf 86' lang='grc' dir='ltr'>ἀπίστων</span> <span class='ocrx_word' id='word_1_741' title='bbox 2524 4523 2560 4595; x_wconf 70' lang='grc' dir='ltr'>ἢ</span> <span class='ocrx_word' id='word_1_742' title='bbox 2591 4525 2690 4593; x_wconf 83' lang='grc' dir='ltr'><strong>τήν</strong></span> <span class='ocrx_word' id='word_1_743' title='bbox 2724 4526 2885 4598; x_wconf 82' lang='grc' dir='ltr'>ἡμῶν</span> <span class='ocrx_word' id='word_1_744' title='bbox 2933 4524 3144 4601; x_wconf 84' lang='grc' dir='ltr'>ἀγάπην</span> <span class='ocrx_word' id='word_1_745' title='bbox 3200 4531 3309 4582; x_wconf 82' lang='grc' dir='ltr'>τῶν</span> <span class='ocrx_word' id='word_1_746' title='bbox 3367 4527 3647 4602; x_wconf 83' lang='grc' dir='ltr'>ὑπεραγα-</span> 
     </span>
    </p>
   </div>
   <div class='ocr_carea' id='block_1_99' title="bbox 1990 4613 3650 4692">
    <p class='ocr_par' dir='ltr' id='par_1_99' title="bbox 1990 4613 3650 4692">
     <span class='ocr_line' id='line_1_99' title="bbox 1990 4613 3650 4692; baseline -0.001 -21"><span class='ocrx_word' id='word_1_747' title='bbox 1990 4616 2217 4671; x_wconf 85' lang='grc' dir='ltr'>πώντων</span> <span class='ocrx_word' id='word_1_748' title='bbox 2266 4614 2408 4690; x_wconf 83' lang='grc' dir='ltr'>ὑμᾶς</span> <span class='ocrx_word' id='word_1_749' title='bbox 2464 4613 2802 4691; x_wconf 86' lang='grc' dir='ltr'>προκρίνετε.</span> <span class='ocrx_word' id='word_1_750' title='bbox 2864 4614 3010 4688; x_wconf 84' lang='grc' dir='ltr'>Ἐγὼ</span> <span class='ocrx_word' id='word_1_751' title='bbox 3067 4615 3125 4670; x_wconf 72' lang='grc' dir='ltr'>δὲ</span> <span class='ocrx_word' id='word_1_752' title='bbox 3182 4614 3327 4692; x_wconf 84' lang='grc' dir='ltr'>λέγω</span> <span class='ocrx_word' id='word_1_753' title='bbox 3385 4616 3513 4689; x_wconf 79' lang='grc' dir='ltr'>ὑμῖν</span> <span class='ocrx_word' id='word_1_754' title='bbox 3572 4616 3650 4678; x_wconf 86' lang='grc' dir='ltr'>ὡς</span> 
     </span>
    </p>
   </div>
   <div class='ocr_carea' id='block_1_100' title="bbox 1988 4701 3649 4780">
    <p class='ocr_par' dir='ltr' id='par_1_100' title="bbox 1988 4701 3649 4780">
     <span class='ocr_line' id='line_1_100' title="bbox 1988 4701 3649 4780; baseline 0.001 -21"><span class='ocrx_word' id='word_1_755' title='bbox 1988 4706 2221 4775; x_wconf 87' lang='grc' dir='ltr'>τέκνοις,</span> <span class='ocrx_word' id='word_1_756' title='bbox 2253 4701 2347 4760; x_wconf 80' lang='grc' dir='ltr'>κᾶν</span> <span class='ocrx_word' id='word_1_757' title='bbox 2383 4702 2458 4766; x_wconf 86' lang='grc' dir='ltr'>ὠς</span> <span class='ocrx_word' id='word_1_758' title='bbox 2489 4705 2836 4777; x_wconf 84' lang='grc' dir='ltr'>ἀντιμισθίαν</span> <span class='ocrx_word' id='word_1_759' title='bbox 2868 4705 2960 4759; x_wconf 86' lang='grc' dir='ltr'><strong>καὶ</strong></span> <span class='ocrx_word' id='word_1_760' title='bbox 3008 4704 3334 4780; x_wconf 79' lang='grc' dir='ltr'>ἀντάμειψιν</span> <span class='ocrx_word' id='word_1_761' title='bbox 3363 4705 3649 4780; x_wconf 87' lang='grc' dir='ltr'>πληροῦν-</span> 
     </span>
    </p>
   </div>
   <div class='ocr_carea' id='block_1_101' title="bbox 1985 4792 3646 4869">
    <p class='ocr_par' dir='ltr' id='par_1_101' title="bbox 1985 4792 3646 4869">
     <span class='ocr_line' id='line_1_101' title="bbox 1985 4792 3646 4869; baseline 0 -18"><span class='ocrx_word' id='word_1_762' title='bbox 1985 4816 2097 4865; x_wconf 85' lang='grc' dir='ltr'>τες,</span> <span class='ocrx_word' id='word_1_763' title='bbox 2130 4792 2505 4865; x_wconf 75' lang='grc' dir='ltr'>πλαντῦνθητε</span> <span class='ocrx_word' id='word_1_764' title='bbox 2562 4794 2654 4848; x_wconf 87' lang='grc' dir='ltr'><strong>καὶ</strong></span> <span class='ocrx_word' id='word_1_765' title='bbox 2706 4793 2885 4864; x_wconf 80' lang='grc' dir='ltr'>αὐτοὶ,</span> <span class='ocrx_word' id='word_1_766' title='bbox 2942 4793 3034 4849; x_wconf 85' lang='grc' dir='ltr'>καὶ</span> <span class='ocrx_word' id='word_1_767' title='bbox 3095 4793 3311 4869; x_wconf 80' lang='grc' dir='ltr'>δέξασθε</span> <span class='ocrx_word' id='word_1_768' title='bbox 3363 4797 3510 4867; x_wconf 79' lang='grc' dir='ltr'>ἡμᾶς</span> <span class='ocrx_word' id='word_1_769' title='bbox 3568 4794 3646 4859; x_wconf 84' lang='grc' dir='ltr'><strong>ὡς</strong></span> 
     </span>
    </p>
   </div>
   <div class='ocr_carea' id='block_1_102' title="bbox 1985 4880 3649 4959">
    <p class='ocr_par' dir='ltr' id='par_1_102' title="bbox 1985 4880 3649 4959">
     <span class='ocr_line' id='line_1_102' title="bbox 1985 4880 3649 4959; baseline 0.002 -21"><span class='ocrx_word' id='word_1_770' title='bbox 1985 4886 2150 4956; x_wconf 74' lang='grc' dir='ltr'>ἡμεῖς</span> <span class='ocrx_word' id='word_1_771' title='bbox 2176 4884 2318 4957; x_wconf 81' lang='grc' dir='ltr'>ὑμᾶς</span> <span class='ocrx_word' id='word_1_772' title='bbox 2363 4880 2417 4937; x_wconf 79' lang='grc' dir='ltr'>ἐν</span> <span class='ocrx_word' id='word_1_773' title='bbox 2477 4888 2595 4948; x_wconf 80' lang='grc' dir='ltr'>τοῖς</span> <span class='ocrx_word' id='word_1_774' title='bbox 2647 4883 2992 4959; x_wconf 73' lang='grc' dir='ltr'>σπλάγχνοις</span> <span class='ocrx_word' id='word_1_775' title='bbox 3040 4886 3225 4958; x_wconf 71' lang='grc' dir='ltr'>ἡμῶν,</span> <span class='ocrx_word' id='word_1_776' title='bbox 3285 4883 3372 4939; x_wconf 83' lang='grc' dir='ltr'><strong>καὶ</strong></span> <span class='ocrx_word' id='word_1_777' title='bbox 3433 4884 3649 4959; x_wconf 76' lang='grc' dir='ltr'>ἀγαπή-</span> 
     </span>
    </p>
   </div>
   <div class='ocr_carea' id='block_1_103' title="bbox 1985 4969 3652 5047">
    <p class='ocr_par' dir='ltr' id='par_1_103' title="bbox 1985 4969 3652 5047">
     <span class='ocr_line' id='line_1_103' title="bbox 1985 4969 3652 5047; baseline 0.002 -23"><span class='ocrx_word' id='word_1_778' title='bbox 1985 4989 2109 5024; x_wconf 88' lang='grc' dir='ltr'>σατε</span> <span class='ocrx_word' id='word_1_779' title='bbox 2137 4976 2236 5039; x_wconf 76' lang='grc' dir='ltr'><strong>τῆς</strong></span> <span class='ocrx_word' id='word_1_780' title='bbox 2263 4973 2373 5024; x_wconf 84' lang='grc' dir='ltr'><strong>τῶν</strong></span> <span class='ocrx_word' id='word_1_781' title='bbox 2435 4969 2682 5025; x_wconf 85' lang='grc' dir='ltr'>ἀπίστων</span> <span class='ocrx_word' id='word_1_782' title='bbox 2741 4977 2979 5045; x_wconf 74' lang='grc' dir='ltr'>στοργῆς</span> <span class='ocrx_word' id='word_1_783' title='bbox 3035 4970 3258 5034; x_wconf 70' lang='grc' dir='ltr'>ἑαυτοὺς</span> <span class='ocrx_word' id='word_1_784' title='bbox 3316 4972 3652 5047; x_wconf 78' lang='grc' dir='ltr'>ἐξαιροῦντες</span> 
     </span>
    </p>
   </div>
   <div class='ocr_carea' id='block_1_104' title="bbox 1983 5056 3651 5136">
    <p class='ocr_par' dir='ltr' id='par_1_104' title="bbox 1983 5056 3651 5136">
     <span class='ocr_line' id='line_1_104' title="bbox 1983 5056 3651 5136; baseline 0.002 -22"><span class='ocrx_word' id='word_1_785' title='bbox 1983 5057 2075 5114; x_wconf 86' lang='grc' dir='ltr'><strong>καὶ</strong></span> <span class='ocrx_word' id='word_1_786' title='bbox 2128 5056 2584 5132; x_wconf 80' lang='grc' dir='ltr'>διατειχίζοντες,</span> <span class='ocrx_word' id='word_1_787' title='bbox 2618 5058 2796 5120; x_wconf 84' lang='grc' dir='ltr'>καθὼς</span> <span class='ocrx_word' id='word_1_788' title='bbox 2853 5060 2988 5114; x_wconf 85' lang='grc' dir='ltr'>κατὰ</span> <span class='ocrx_word' id='word_1_789' title='bbox 3040 5065 3200 5136; x_wconf 71' lang='grc' dir='ltr'>φύσιν</span> <span class='ocrx_word' id='word_1_790' title='bbox 3261 5057 3511 5132; x_wconf 80' lang='grc' dir='ltr'>διέστηκε</span> <span class='ocrx_word' id='word_1_791' title='bbox 3560 5062 3651 5117; x_wconf 83' lang='grc' dir='ltr'><strong>καὶ</strong></span> 
     </span>
    </p>
   </div>
   <div class='ocr_carea' id='block_1_105' title="bbox 1985 5144 3650 5224">
    <p class='ocr_par' dir='ltr' id='par_1_105' title="bbox 1985 5144 3650 5224">
     <span class='ocr_line' id='line_1_105' title="bbox 1985 5144 3650 5224; baseline 0.003 -21"><span class='ocrx_word' id='word_1_792' title='bbox 1985 5144 2405 5224; x_wconf 78' lang='grc' dir='ltr'>διατετείχισται</span> <span class='ocrx_word' id='word_1_793' title='bbox 2442 5145 2710 5219; x_wconf 68' lang='grc' dir='ltr'>ἀλλήλων</span> <span class='ocrx_word' id='word_1_794' title='bbox 2740 5150 2775 5218; x_wconf 74' lang='grc' dir='ltr'>ἡ</span> <span class='ocrx_word' id='word_1_795' title='bbox 2813 5149 2996 5212; x_wconf 88' lang='grc' dir='ltr'>πίστις</span> <span class='ocrx_word' id='word_1_796' title='bbox 3042 5149 3135 5204; x_wconf 81' lang='grc' dir='ltr'><strong>καὶ</strong></span> <span class='ocrx_word' id='word_1_797' title='bbox 3167 5148 3407 5221; x_wconf 82' lang='grc' dir='ltr'>ἀπιστία,</span> <span class='ocrx_word' id='word_1_798' title='bbox 3466 5153 3502 5223; x_wconf 75' lang='grc' dir='ltr'><strong>ἡ</strong></span> <span class='ocrx_word' id='word_1_799' title='bbox 3564 5148 3650 5208; x_wconf 90' lang='grc' dir='ltr'>δι-</span> 
     </span>
    </p>
   </div>
   <div class='ocr_carea' id='block_1_106' title="bbox 1984 5233 3651 5315">
    <p class='ocr_par' dir='ltr' id='par_1_106' title="bbox 1984 5233 3651 5315">
     <span class='ocr_line' id='line_1_106' title="bbox 1984 5233 3651 5315; baseline 0.004 -25"><span class='ocrx_word' id='word_1_800' title='bbox 1984 5237 2247 5308; x_wconf 72' lang='grc' dir='ltr'>καιοσύνη</span> <span class='ocrx_word' id='word_1_801' title='bbox 2312 5236 2403 5291; x_wconf 85' lang='grc' dir='ltr'><strong>καὶ</strong></span> <span class='ocrx_word' id='word_1_802' title='bbox 2472 5233 2676 5307; x_wconf 89' lang='grc' dir='ltr'>ἀδικία,</span> <span class='ocrx_word' id='word_1_803' title='bbox 2735 5237 2798 5292; x_wconf 79' lang='grc' dir='ltr'><strong>τὸ</strong></span> <span class='ocrx_word' id='word_1_804' title='bbox 2851 5241 2965 5315; x_wconf 70' lang='grc' dir='ltr'><strong>φῶς</strong></span> <span class='ocrx_word' id='word_1_805' title='bbox 3022 5237 3130 5293; x_wconf 87' lang='grc' dir='ltr'>ἀπὸ</span> <span class='ocrx_word' id='word_1_806' title='bbox 3184 5241 3281 5294; x_wconf 85' lang='grc' dir='ltr'><strong>τοῦ</strong></span> <span class='ocrx_word' id='word_1_807' title='bbox 3337 5239 3587 5311; x_wconf 87' lang='grc' dir='ltr'>σκότους,</span> <span class='ocrx_word' id='word_1_808' title='bbox 3622 5243 3651 5298; x_wconf 85' lang='grc' dir='ltr'><strong>ὁ</strong></span> 
     </span>
    </p>
   </div>
   <div class='ocr_carea' id='block_1_107' title="bbox 1987 5326 3649 5405">
    <p class='ocr_par' dir='ltr' id='par_1_107' title="bbox 1987 5326 3649 5405">
     <span class='ocr_line' id='line_1_107' title="bbox 1987 5326 3649 5405; baseline 0.001 -21"><span class='ocrx_word' id='word_1_809' title='bbox 1987 5328 2220 5403; x_wconf 88' lang='grc' dir='ltr'>Χριστὸς</span> <span class='ocrx_word' id='word_1_810' title='bbox 2252 5326 2488 5384; x_wconf 83' lang='grc' dir='ltr'>ἀπὸτοῦ</span> <span class='ocrx_word' id='word_1_811' title='bbox 2521 5327 2931 5405; x_wconf 84' lang='grc' dir='ltr'>Ἀντιχρίστου,</span> <span class='ocrx_word' id='word_1_812' title='bbox 2983 5328 3148 5389; x_wconf 78' lang='grc' dir='ltr'>αὐτὸς</span> <span class='ocrx_word' id='word_1_813' title='bbox 3206 5329 3235 5383; x_wconf 80' lang='grc' dir='ltr'>ὁ</span> <span class='ocrx_word' id='word_1_814' title='bbox 3292 5330 3481 5393; x_wconf 82' lang='grc' dir='ltr'>πιστὸς</span> <span class='ocrx_word' id='word_1_815' title='bbox 3539 5330 3649 5386; x_wconf 82' lang='grc' dir='ltr'>ἀπὸ</span> 
     </span>
    </p>
   </div>
   <div class='ocr_carea' id='block_1_108' title="bbox 1984 5416 3652 5489">
    <p class='ocr_par' dir='ltr' id='par_1_108' title="bbox 1984 5416 3652 5489">
     <span class='ocr_line' id='line_1_108' title="bbox 1984 5416 3652 5489; baseline 0.002 -17"><span class='ocrx_word' id='word_1_816' title='bbox 1984 5421 2083 5472; x_wconf 89' lang='grc' dir='ltr'><strong>τοῦ</strong></span> <span class='ocrx_word' id='word_1_817' title='bbox 2114 5417 2368 5489; x_wconf 82' lang='grc' dir='ltr'>ἀπίστου,</span> <span class='ocrx_word' id='word_1_818' title='bbox 2410 5417 2591 5479; x_wconf 67' lang='grc' dir='ltr'>ὁναὸς</span> <span class='ocrx_word' id='word_1_819' title='bbox 2646 5420 2741 5470; x_wconf 89' lang='grc' dir='ltr'><strong>τοῦ</strong></span> <span class='ocrx_word' id='word_1_820' title='bbox 2799 5421 2935 5472; x_wconf 88' lang='grc' dir='ltr'>Θεοῦ</span> <span class='ocrx_word' id='word_1_821' title='bbox 2991 5416 3082 5472; x_wconf 84' lang='grc' dir='ltr'><strong>καὶ</strong></span> <span class='ocrx_word' id='word_1_822' title='bbox 3140 5418 3266 5480; x_wconf 82' lang='grc' dir='ltr'>ναὸς</span> <span class='ocrx_word' id='word_1_823' title='bbox 3324 5424 3432 5474; x_wconf 81' lang='grc' dir='ltr'>τῶν</span> <span class='ocrx_word' id='word_1_824' title='bbox 3489 5417 3652 5476; x_wconf 84' lang='grc' dir='ltr'>εἰδώ-</span> 
     </span>
    </p>
   </div>
   <div class='ocr_carea' id='block_1_109' title="bbox 1989 5502 3653 5588">
    <p class='ocr_par' dir='ltr' id='par_1_109' title="bbox 1989 5502 3653 5588">
     <span class='ocr_line' id='line_1_109' title="bbox 1989 5502 3653 5588; baseline 0.002 -25"><span class='ocrx_word' id='word_1_825' title='bbox 1989 5504 2122 5563; x_wconf 86' lang='grc' dir='ltr'>λων.</span> <span class='ocrx_word' id='word_1_826' title='bbox 2158 5508 2223 5563; x_wconf 82' lang='lat' dir='ltr'><strong>Ei</strong></span> <span class='ocrx_word' id='word_1_827' title='bbox 2254 5507 2348 5562; x_wconf 83' lang='grc' dir='ltr'><strong>οὗν</strong></span> <span class='ocrx_word' id='word_1_828' title='bbox 2378 5513 2479 5576; x_wconf 78' lang='grc' dir='ltr'><strong>τῆς</strong></span> <span class='ocrx_word' id='word_1_829' title='bbox 2538 5502 2894 5577; x_wconf 71' lang='grc' dir='ltr'>δικαιοσύνης</span> <span class='ocrx_word' id='word_1_830' title='bbox 2952 5505 3089 5574; x_wconf 76' lang='grc' dir='ltr'>ἐστὶ,</span> <span class='ocrx_word' id='word_1_831' title='bbox 3145 5513 3243 5564; x_wconf 88' lang='grc' dir='ltr'><strong>τοῦ</strong></span> <span class='ocrx_word' id='word_1_832' title='bbox 3291 5509 3497 5588; x_wconf 80' lang='grc' dir='ltr'>φωτὸς,</span> <span class='ocrx_word' id='word_1_833' title='bbox 3554 5516 3653 5568; x_wconf 91' lang='grc' dir='ltr'><strong>τοῦ</strong></span> 
     </span>
    </p>
   </div>
   <div class='ocr_carea' id='block_1_110' title="bbox 1987 5593 3654 5675">
    <p class='ocr_par' dir='ltr' id='par_1_110' title="bbox 1987 5593 3654 5675">
     <span class='ocr_line' id='line_1_110' title="bbox 1987 5593 3654 5675; baseline 0.004 -24"><span class='ocrx_word' id='word_1_834' title='bbox 1987 5599 2245 5674; x_wconf 80' lang='grc' dir='ltr'>Χριστοῦ,</span> <span class='ocrx_word' id='word_1_835' title='bbox 2279 5597 2492 5666; x_wconf 81' lang='grc' dir='ltr'>πιστοὶ,</span> <span class='ocrx_word' id='word_1_836' title='bbox 2521 5595 2645 5657; x_wconf 85' lang='grc' dir='ltr'>ναὸς</span> <span class='ocrx_word' id='word_1_837' title='bbox 2690 5599 2847 5667; x_wconf 80' lang='grc' dir='ltr'>Θεοῦ,</span> <span class='ocrx_word' id='word_1_838' title='bbox 2911 5593 3170 5669; x_wconf 86' lang='grc' dir='ltr'>διάστητε</span> <span class='ocrx_word' id='word_1_839' title='bbox 3219 5599 3311 5655; x_wconf 85' lang='grc' dir='ltr'><strong>καὶ</strong></span> <span class='ocrx_word' id='word_1_840' title='bbox 3366 5598 3654 5675; x_wconf 90' lang='grc' dir='ltr'>χωρίσθη-</span> 
     </span>
    </p>
   </div>
  </div>
