4080 6374
279 425 399 486 989

1241 427 1654 491 CDMMENT.
1703 429 1782 489 IN
1829 425 2078 489 EPIST.
2114 426 2167 486 Il
2203 428 2305 488 AD
2351 427 2713 488 COBlNTH.

3585 435 3704 498 990

279 577 339 613 τε
369 559 474 612 ἀπὸ
504 561 602 614 τοῦ
633 555 888 627 σκότους,
919 558 1027 616 ἀπὸ
1055 566 1156 630 τῆς
1187 557 1420 633 ἀδικίας,
1454 562 1560 618 ἀπὸ
1603 565 1701 618 τοῦ
1759 562 1930 621 Ἀντι-

2049 561 2282 629 Christi,
2313 561 2455 617 estis
2489 560 2715 629 ﬁdeles,
2739 567 2799 617 et
2828 563 3117 634 templum
3141 564 3269 633 Dei,
3305 566 3706 641 sejungamini

282 653 536 732 χρίστου.
565 657 685 710 Τῶν
711 654 814 728 γὰρ
843 654 1083 709 ἀπίστων
1141 654 1252 716 ἐς,τῖ
1308 660 1498 728 ταῦτα,
1549 657 1641 711 καὶ
1689 660 1796 711 τῶν
1838 674 1935 710 κα-

279 747 727 800 τασκευασάντων
756 745 982 808 ἑαυτοὺς
1011 747 1171 808 ναοὺς
1205 743 1476 816 εῗδώλων,
1535 748 1608 801 ὧν
1666 743 1748 801 δεῖ
1798 745 1937 818 ὑμᾶς

277 834 736 910 κεχωρίσθαικαῖ
771 836 1186 913 ἀφωρισμένους
1249 837 1406 895 εἶναι,
1455 837 1592 892 Τότε
1639 836 1741 912 γάρ
1785 835 1872 890 καὶ
1908 835 1937 888 ὁ

276 925 478 999 Κύριος
505 920 796 994 εἷσδὲξεται
851 925 1014 998 ὑμᾶς,
1070 925 1158 980 καὶ
1219 925 1490 997 ἐνοικήσει
1551 924 1602 980 ἐν
1661 925 1788 998 ὑμῖν
1845 923 1936 978 καὶ

276 1013 734 1088 ξμπεριπατήσει,
765 1015 940 1078 πάσας
971 1014 1312 1071 κατευθῦνων
1343 1015 1438 1076 τάς
1466 1009 1692 1089 τρίϐους
1723 1014 1814 1068 καὶ
1870 1012 1936 1068 τὰ

278 1103 442 1178 διαόή
453 1128 618 1181 ματα.
649 1141 720 1150 —
749 1109 820 1164 ’Ἠ
852 1107 942 1162 καὶ
975 1104 1172 1170 οὕτως·
1207 1131 1234 1159 ‹‹
1267 1108 1337 1163 Τὸ
1370 1107 1546 1172 στόμα
1576 1109 1737 1181 ἡμῶν
1772 1104 1938 1178 ἀνέῳ-

277 1218 395 1272 γεν,
429 1218 455 1248 ι
495 1198 610 1252 ἀντί
639 1201 739 1251 τοῦ
789 1195 1043 1270 Ἑτοιμοί
1103 1195 1261 1270 ἐσμεν
1322 1198 1412 1252 καὶ
1460 1196 1940 1272 παρεσκευάσμεθα

280 1287 358 1348 εἰς
397 1287 462 1340 τὸ
520 1287 693 1342 πάντα
753 1283 1024 1342 διδάσκειν
1079 1289 1220 1360 ὑμᾶς
1279 1287 1414 1360 μετὰ
1473 1284 1788 1356 ἁπλότητος
1846 1284 1937 1339 καὶ

276 1374 524 1437 πλάτους
556 1372 804 1450 καρδίας.
848 1376 942 1430 Διὸ
998 1375 1088 1430 καὶ
1151 1377 1308 1451 ὑμεῖς
1349 1376 1652 1449 προθύμως
1691 1371 1935 1453 εἰσδέχε-

276 1467 389 1521 σθε.
429 1489 453 1519 ι
487 1465 550 1522 Ἠ
581 1463 778 1540 καρδία
806 1467 967 1538 ἡμῶν
1019 1464 1410 1520 πεπλάτυνται.
1449 1490 1468 1515 ι
1524 1464 1778 1539 Καθάπερ
1833 1464 1937 1540 γάρ

274 1555 335 1609 τὸ
367 1555 570 1629 θερμὸν
605 1553 845 1631 εὑρὺνειν
885 1553 1099 1624 ε’ἰωθεν,
1129 1554 1280 1609 οὕτω
1309 1553 1398 1609 καὶ
1501 1553 1712 1630 ἀγάπη.

351 1733 561 1809 Θερμὸν
596 1730 700 1808 γάρ
732 1754 785 1787 τι
845 1735 1041 1808 χρῆμα
1071 1735 1106 1802 ἡ
1139 1732 1348 1809 ἀγάπη,
1404 1731 1478 1793 ὡς
1527 1729 1574 1785 εἷ
1636 1730 1804 1787 εἶπεν.
1860 1729 1937 1786 Οὐ

287 1821 455 1894 μόνον
485 1817 740 1895 στόματι,
778 1817 926 1876 ἆλλά
953 1821 1042 1875 καὶ
1075 1817 1270 1896 καρδίᾳ
1301 1817 1474 1897 φιλῶ,
1535 1817 1736 1879 πάντας
1790 1813 1940 1873 ἔνδον

283 1904 427 1986 ἔχω.
461 1910 551 1964 Διό
605 1931 791 1984 φησιν,
857 1932 882 1963 ε
916 1911 993 1968 Οὐ
1054 1910 1483 1984 στενοχωρεῖσθε
1533 1907 1583 1963 ἐν
1638 1908 1785 1980 ὑμῖν,
1841 1911 1939 1962 τοῦ

286 1999 460 2054 πόθου
492 1997 800 2073 εὑρὺνοντος
859 1999 1026 2054 αὑτοῦ
1080 2000 1181 2068 τήν
1239 2000 1446 2077 ψυχήν.
1485 2021 1506 2048 ι
1542 2030 1611 2039 —
1637 1997 1698 2053 Ἣ
1743 1993 1942 2069 καρδία

286 2091 450 2162 ἡμῶν
505 2086 849 2144 πεπλάτυντα
904 2088 983 2150 εἷς
1039 2089 1103 2144 τὸ
1160 2087 1334 2143 πάντα
1395 2084 1606 2156 διδάξαι
1685 2086 1846 2160 ὑμᾶς.
1908 2105 1934 2136 ι

282 2182 472 2252 Ὑμεῖς
504 2175 560 2232 δὲ
599 2182 1025 2253 στενοχωρεῖσθε
1081 2176 1135 2232 ἐν
1192 2181 1310 2238 τοῖς
1371 2174 1711 2251 σπλάγχνοις
1763 2175 1938 2246 ὑμῶν,

278 2271 557 2328 τουτέστιν
613 2269 666 2325 ἐν
723 2274 794 2343 τῇ
851 2270 988 2342 πρὸς
1047 2269 1177 2324 Θεὸν
1234 2269 1446 2345 ἀγάπῃ,
1505 2266 1542 2341 ᾖ
1597 2267 1802 2340 ἀγαπᾷν
1875 2284 1942 2338 με

280 2359 554 2438 ὀφείλετε.
605 2360 796 2420 Οὓτως
865 2360 892 2414 ὁ
957 2357 1194 2430 Κλήμης
1263 2356 1316 2412 ἐν
1385 2353 1430 2410 δ’
1486 2356 1937 2410 ’Υποτυπώσεων.

281 2472 304 2502 ι
339 2451 785 2525 Στενοχωρεῖσθε
825 2445 883 2503 δὲ
911 2446 962 2501 ἐν
994 2452 1112 2508 τοῖς
1144 2444 1490 2523 σπλάγχνοις
1526 2445 1698 2516 ὑμῶν.
1734 2468 1762 2496 ››
1797 2443 1940 2520 Ἐγὼ

280 2540 391 2612 μὲν,
451 2539 638 2619 φησὶν,
700 2536 762 2592 οὐ
821 2539 1276 2611 στενοχωροῦμαι
1331 2534 1533 2596 πάντας
1593 2533 1734 2606 ὑμᾶς
1791 2529 1941 2588 ἔνδον

276 2617 473 2705 ἔχων..
508 2631 695 2700 ’Ὑμεῖς
757 2623 838 2695 δὲ,
895 2624 1082 2703 φησὶν,
1143 2622 1197 2678 ἐν
1245 2627 1326 2696 τῷ
1383 2617 1534 2702 ἔχειν
1597 2643 1663 2695 με
1715 2620 1766 2676 ἐν
1824 2627 1941 2681 τοὶς

276 2715 624 2793 σπλάγχνοις
685 2716 836 2787 ὑμῶν
899 2713 1348 2788 στενοχωρεῖσθε.
1409 2710 1486 2768 Οὐ
1539 2712 1638 2786 γάρ
1702 2708 1938 2784 ὁμοίιος,

277 2807 436 2886 φησὶ,
474 2805 540 2879 μὶ
570 2807 829 2881 ἀγαπᾶτε.
862 2804 1058 2879 Ἔχετε
1117 2803 1236 2876 μὲν,
1291 2799 1439 2871 πλὴν
1477 2804 1940 2875 στενοχωρεῖσθε.

280 2895 426 2967 Φησῖ
483 2895 588 2970 γάρ
654 2893 827 2963 κάτω,
901 2918 920 2943 ι
992 2891 1056 2949 Εἰ
1120 2891 1211 2946 καὶ
1277 2890 1660 2966 περισσότερον
1727 2890 1940 2965 ἀγαπῶ,

281 2989 448 3056 ἧττον
483 2984 802 3056 ἀγαπῶμαι.
841 3007 861 3036 ι
900 2983 1012 3050 Τὴν
1044 2978 1100 3036 δὲ
1146 2979 1312 3050 αὐτὴν
1363 2978 1725 3053 ἀντιμισθίαν,
1784 2999 1940 3033 τουτ-

286 3076 453 3143 έστιν,
496 3068 738 3147 ἀμοιϐήν
769 3072 858 3126 καὶ
921 3070 1146 3141 ἰσότητα
1196 3077 1297 3139 τῆς
1358 3068 1546 3146 φιλίας
1605 3069 1944 3145 εἷσενέγκατε

287 3166 360 3225 ὡς
385 3166 542 3219 τέκνα
573 3164 662 3216 καὶ
721 3160 1071 3231 πλατύνθητε
1127 3161 1218 3215 καὶ
1280 3161 1437 3235 ὑμεῖς
1485 3159 1560 3220 ὡς
1604 3158 1780 3232 κάγώ.
1840 3156 1940 3214 Καὶ

288 3255 390 3332 γάρ
451 3251 673 3332 αἰσχρὸν
731 3250 868 3325 ἐμοῦ
927 3250 1131 3312 πάντας
1187 3250 1328 3322 ὑμᾶς
1412 3241 1562 3304 ἔνδον
1629 3245 1940 3319 δεξαμένου,

2047 667 2113 706 ac
2126 651 2486 723 separemini
2502 669 2535 706 a
2549 651 3704 723 tenebris,abinjustitia,abAntichristo.

2049 742 2182 796 Haec
2213 741 2374 796 enim
2405 741 2740 796 inﬁdelium
2774 748 2914 797 sunt
2954 748 3012 796 et
3060 761 3267 798 eorum
3321 747 3420 816 qui
3478 749 3706 820 seipsos

2047 837 2462 903 prmpararunt
2494 832 2552 886 in
2609 832 2833 902 templa
2892 831 3209 899 idolorum,
3264 852 3299 890 a
3344 836 3558 906 quibus
3608 856 3706 894 vos

2049 920 2376 993 diremptos
2409 938 2475 976 ac
2519 927 2824 992 separatos
2884 938 3011 976 esse
3067 929 3318 994 oportet.
3373 927 3514 981 Nam
3564 933 3707 983 tunc

2048 1008 2337 1064 Dominus
2360 1026 2598 1080 quoque
2628 1010 2914 1080 suscipiet
2943 1027 3045 1065 vos
3077 1017 3135 1065 et
3156 1011 3508 1068 inhabitabit
3537 1017 3596 1069 in
3615 1034 3710 1070 vo-

2048 1095 2140 1150 bis
2156 1113 2224 1151 ac
2248 1096 2664 1165 iuambulabit,
2690 1104 2880 1152 rectas
2903 1098 3131 1154 faciens
3153 1116 3362 1155 omnes
3386 1103 3627 1157 semitas
3642 1120 3708 1159 ac

2049 1187 2252 1242 colles.
2292 1217 2355 1228 -—
2386 1188 2502 1242 Aut
2533 1187 2634 1242 hoc
2664 1189 2828 1241 etiam
2859 1189 3016 1242 modo
3042 1205 3055 1242 :
3085 1212 3111 1237 ‹‹
3140 1190 3215 1244 Os
3243 1197 3512 1246 nostrum
3537 1210 3708 1264 aper-

2050 1282 2172 1331 tum
2209 1282 2315 1332 est.
2354 1297 2380 1328 ιι
2412 1277 2562 1333 645
2599 1278 2717 1332 Hoc
2751 1283 2858 1342 est,
2891 1278 3081 1348 parati
3115 1295 3323 1334 sumus
3347 1297 3414 1334 ac
3437 1280 3713 1338 instructi

2050 1372 2114 1422 ut
2144 1383 2244 1421 vos
2275 1367 2477 1421 omnia
2508 1366 2828 1422 doceamus
2865 1384 2999 1422 cum
3054 1369 3435 1439 simplicitate
3486 1377 3544 1425 et
3593 1371 3713 1427 lato

2049 1454 2226 1510 corde
2256 1473 2267 1509 :
2303 1456 2435 1510 ideo
2469 1473 2568 1510 vos
2601 1472 2836 1526 quoque
2896 1464 3168 1528 prompte
3223 1474 3332 1513 nos
3392 1459 3710 1527 admittite,

2067 1549 2218 1599 «Cor
2265 1549 2536 1600 nostrum
2597 1545 2912 1600 dilatatum
2972 1552 3081 1601 est.
3118 1568 3146 1595 »
3193 1547 3709 1612 Quemadmodum

2049 1635 2210 1689 enim
2243 1634 2406 1689 calor
2435 1634 2684 1689 dilatare
2717 1635 2889 1698 solet,
2924 1636 3008 1689 ita
3039 1641 3097 1690 et
3126 1652 3313 1694 amor.

2123 1724 2426 1795 Siquidem
2457 1723 2681 1778 fervida
2715 1724 2988 1794 quaedam
3022 1742 3116 1781 res
3166 1742 3337 1780 amor
3379 1731 3490 1793 est,
3543 1743 3609 1781 ac
3664 1728 3712 1780 si

2051 1813 2312 1868 diceret:
2338 1815 2464 1868 Non
2484 1814 2675 1869 solum
2700 1831 2822 1879 ore,
2850 1815 2952 1869 sed
2981 1819 3039 1869 et
3059 1815 3238 1871 corde
3264 1815 3467 1887 diligo,
3504 1833 3715 1870 omnes

2055 1903 2213 1958 intus
2245 1903 2674 1972 complectens,
2710 1903 2842 1958 ideo
2875 1905 2995 1959 ait:
3036 1927 3055 1952 α
3093 1907 3173 1960 Ne
3207 1905 3336 1960 sitis
3377 1905 3611 1977 angusti
3654 1906 3716 1960 in

2055 1991 2539 2059 vobis,desiderio
2565 1993 2829 2047 animum
2858 2010 3029 2047 suum
3056 1993 3363 2049 dilatante.
3401 2016 3428 2042 »
3465 2025 3528 2034 .-
3557 2018 3576 2041 ι
3603 1998 3716 2049 Cor

2052 2087 2322 2137 nostrum
2348 2081 2658 2136 dilatatum
2685 2087 2794 2136 est.
2824 2103 2850 2129 »
2878 2083 2948 2136 Ut
2977 2099 3078 2137 vos
3100 2083 3301 2137 omnia
3326 2089 3706 2138 doceremus:

2053 2171 2156 2226 sed
2181 2188 2279 2226 vos
2304 2172 2536 2243 angusli
2567 2171 2708 2225 estis
2740 2172 2800 2225 in
2824 2171 3151 2227 visceribus
3190 2172 3422 2239 vestris,
3452 2173 3564 2227 hoc
3596 2178 3705 2240 est,

2051 2261 2114 2316 in
2147 2260 2466 2314 dilectione
2500 2276 2635 2332 erga
2664 2262 2847 2315 Deum
2882 2276 2999 2331 qua
3029 2277 3124 2314 me.
3155 2260 3400 2332 diligere
3452 2260 3704 2315 debetis.

2051 2351 2135 2404 Ita
2186 2349 2362 2404 habet
2421 2349 2692 2406 Clemens
2752 2355 2962 2420 quarto
3019 2352 3478 2417 Informationum
3531 2350 3706 2405 libro.

2056 2461 2076 2487 ι
2115 2439 2224 2494 Sed
2265 2439 2494 2511 angusti
2550 2439 2691 2493 estis
2750 2440 2809 2494 in
2868 2439 3192 2495 visceribus
3249 2440 3541 2494 vestris.»
3591 2442 3707 2512 Ego

2051 2529 2290 2600 quidem
2324 2534 2610 2602 angustus
2640 2545 2763 2597 non
2797 2545 2950 2597 sum,
2976 2529 3191 2600 inquit,
3215 2546 3349 2587 cum
3374 2547 3474 2583 vos
3501 2544 3710 2584 omnes

2051 2618 2213 2674 intus
2244 2617 2493 2674 habeam
2521 2636 2534 2673 :
2569 2635 2670 2673 vos
2711 2625 2908 2674 autem
2943 2635 3078 2674 cum
3111 2636 3204 2674 me
3237 2619 3505 2676 habeatis
3531 2620 3593 2674 in
3625 2619 3712 2673 vi-

2052 2707 2318 2762 sceribus
2349 2708 2581 2773 vestris,
2634 2708 2867 2780 angusti
2919 2708 3107 2763 estis:
3159 2725 3354 2779 neque
3409 2709 3567 2763 enim
3614 2724 3708 2764 me

2052 2797 2331 2853 similiter
2351 2797 2615 2871 diligitis.
2643 2798 2882 2853 Habetis
2909 2798 3150 2870 quidem
3177 2805 3707 2865 me,verumtamen

2052 2887 2286 2960 angusti
2321 2888 2482 2942 estis.
2519 2889 2613 2941 Ait
2643 2888 2802 2942 enim
2835 2888 2895 2942 in
2925 2887 3346 2958 sequentibus:
3375 2888 3532 2943 Licet
3564 2888 3711 2943 ube-

2053 2978 2176 3034 rius
2208 2993 2308 3031 vos
2339 2977 2594 3049 diligens
2627 2978 2826 3032 minus
2856 2977 3063 3047 diligat
3092 2976 3157 3030 5‘.
3194 2976 3471 3032 Eamdem
3509 2983 3709 3032 autem

2053 3067 2739 3131 remunerationem,hoc
2764 3067 3301 3137 est,repensionem
3331 3071 3389 3120 et
3407 3067 3710 3136 inqualita-

2055 3161 2172 3209 tem
2207 3155 2430 3210 amoris
2460 3158 2665 3210 all‘erte
2700 3161 2980 3226 tanquam
3017 3155 3120 3210 lilii
3152 3172 3164 3207 :
3199 3171 3265 3209 ac
3288 3155 3622 3209 dilatemini
3653 3161 3710 3210 et

2051 3260 2153 3299 vos
2185 3244 2336 3298 sicut
2369 3260 2494 3315 ego.
2527 3246 2718 3315 Turpe
2754 3244 3050 3314 siquidem
3083 3250 3188 3309 est,
3217 3261 3350 3300 cum
3375 3261 3479 3317 ego
3499 3261 3708 3300 omnes

289 3325 426 3416 ὑμᾶς
456 3325 657 3404 πάντας
687 3338 781 3396 ἕνα
852 3342 928 3414 μὴ
990 3338 1259 3413 δέξασθαι.
1310 3373 1381 3381 -
1427 3336 1674 3399 Ἄλλως.
1721 3339 1935 3412 [ΦΩΤ.]

2051 3351 2152 3390 vos
2179 3333 2338 3390 intus
2361 3333 2716 3406 exceperim,
2743 3350 2950 3390 omnes
2973 3351 3073 3389 vos
3097 3334 3212 3390 mei
3237 3335 3413 3389 unius
3433 3351 3552 3389 non
3577 3351 3706 3390 esse

281 3455 306 3488 α
333 3434 443 3502 Τὴν
477 3429 534 3486 δὲ
561 3431 730 3500 αὐτὴν
765 3429 1112 3503 ἀντιμισθίαν
1144 3430 1218 3491 ὡς
1270 3427 1478 3490 τέκνοις
1535 3425 1703 3500 λέγω.
1737 3447 1762 3478 ι
1804 3425 1938 3484 Κατ’

273 3521 526 3597 ἔλλειψιν
561 3519 800 3596 εἷ’ρηται.
835 3518 1021 3574 Λείπει
1060 3519 1162 3595 γάρ
1219 3519 1278 3588 ἢ,
1329 3513 1660 3588 ἐπιδέξασθε,
1710 3515 1770 3585 ἢ,
1825 3514 1937 3570 εἷσ-

274 3611 541 3690 ενέγκατε.
602 3610 832 3664 Δύναται
917 3605 1257 3684 ἐκληφθῆναι
1343 3605 1433 3661 καὶ
1498 3605 1673 3680 χωρὶς
1749 3601 1933 3658 ἐλλεί-

276 3705 444 3777 ψεως,
487 3697 950 3774 *ἔναῆπαρέλκον
999 3697 1062 3753 τὸ
1122 3695 1198 3754 δέ.
1259 3693 1453 3763 Πολλή
1514 3693 1569 3749 δὲ
1625 3692 1736 3748 ἐστι
1789 3693 1936 3768 παρὰ

273 3788 351 3862 τῷ
408 3787 684 3858 θεσπεσίῳ
743 3785 947 3859 Ηαύλῳ
1005 3788 1040 3854 ἡ
1095 3783 1355 3859 παρολκὴ
1434 3787 1542 3837 τῶν
1598 3779 1932 3856 συνδέσμων,

275 3877 457 3954 ὥσπερ
491 3878 583 3932 καὶ
613 3879 648 3946 ἡ
682 3872 954 3948 ἔλλειψις.
994 3872 1092 3943 Ε’ίη
1125 3871 1171 3928 δ’
1202 3873 1262 3929 ἄν
1313 3873 1448 3928 κατὰ
1504 3870 1793 3944 παρολκήν
1835 3867 1933 3924 τοῦ

275 3967 577 4042 συνδέσμου
605 3967 669 4021 τὸ
731 3965 893 4040 ῥητὸν
947 3959 1452 4037 ἑκλαμϐανόμενον,
1504 3959 1764 4030 τοιαύτην
1817 3957 1932 4014 διά-

274 4079 424 4113 νοιαν
461 4059 762 4131 παριστῶν.
797 4080 824 4105 ‹‹
858 4054 1295 4129 Στενοχωρεῖσθε
1327 4051 1380 4107 ἐν
1420 4056 1537 4113 τοῖς
1596 4048 1932 4126 σπλάγχνοις

275 4147 452 4221 ὑμῶν.
493 4169 520 4196 ››
554 4144 653 4199 Καὶ
684 4144 807 4200 τότε
825 4144 900 4206 εἰς
931 4141 1024 4211 τί;
1067 4143 1144 4203 εἰς
1194 4143 1294 4210 τὴν
1344 4141 1528 4209 αὐτὴν·
1563 4139 1929 4214 ἀντιμισθίαν.

271 4235 505 4295 ’Ἃδικον
530 4232 588 4289 δὲ
619 4235 682 4290 τὸ
713 4232 789 4296 εἷς
816 4235 915 4302 τήν
968 4233 1136 4301 αὐτὴν
1183 4231 1524 4304 ἀντιμισθίαν
1572 4234 1934 4305 στενοχωρεῖ-

275 4329 417 4396 σθαι,
452 4321 542 4379 διὸ
573 4324 648 4385 ὡς
677 4323 888 4386 τέκνοις
918 4322 1084 4395 λέγω.
1137 4322 1256 4378 Ἔτι
1307 4322 1412 4395 γὰρ
1465 4321 1538 4381 ὡς
1583 4318 1784 4374 τέκνων
1832 4320 1931 4387 τήν

277 4415 499 4493 ἀγάπην
532 4411 798 4482 ἐπιζητῶ.
828 4410 1182 4480 Ιιλατύνθητε
1218 4409 1310 4464 καὶ
1345 4410 1502 4482 ὑμεῖς
1533 4409 1608 4470 είς
1633 4411 1730 4476 τήν
1760 4409 1933 4477 αὐτὴν

274 4501 644 4578 ἀντιμισθίαν,
675 4501 764 4556 καὶ
797 4500 1109 4576 ἀγαπήσατε
1138 4502 1304 4573 ἡμᾶς,
1339 4499 1413 4560 ὡς
1444 4498 1535 4552 καὶ
1565 4500 1730 4572 ἡμεῖς
1767 4499 1929 4570 ὑμᾶς.

273 4618 300 4645 ‹‹
331 4596 421 4657 Ὠς
447 4589 656 4653 τέκνοις
685 4589 848 4666 λέγω.
886 4615 907 4640 ι
949 4588 1080 4646 Εἶτα
1131 4585 1364 4643 δείκνυσι
1424 4587 1516 4641 καὶ
1565 4585 1932 4664 ὀφειλομένην

2047 3441 2312 3495 capaces.
2350 3455 2414 3465 —
2449 3425 2568 3478 Alio
2597 3425 2777 3479 modo.
2823 3446 2841 3470 ιι
2879 3423 3164 3480 Eamdem
3195 3429 3394 3480 autem
3426 3441 3704 3479 remune-

2045 3514 2361 3577 rationem,
2395 3519 2461 3568 ut
2493 3513 2632 3567 ﬁliis
2665 3513 2818 3569 dico.
2856 3536 2882 3561 ››
2906 3514 3014 3568 Per
3030 3513 3328 3569 defectum
3352 3514 3573 3569 dictum
3596 3519 3707 3583 est,

2047 3603 2214 3658 deest
2247 3604 2428 3670 enim,
2465 3603 2777 3674 Suscipite,
2812 3607 2931 3667 aut,
2971 3604 3200 3657 Al‘l‘ertc.
3237 3604 3438 3658 Potest
3467 3619 3706 3673 quoque

2047 3691 2299 3763 intelligi
2335 3692 2462 3746 sine
2495 3691 2749 3752 defectu,
2784 3695 2851 3744 ut
2881 3686 2956 3752 δὲ,
2992 3691 3050 3745 id
3094 3699 3201 3750 est,
3237 3697 3457 3756 autem,
3493 3691 3569 3746 sit
3599 3707 3706 3762 pa.

2044 3781 2248 3834 relcon
2281 3785 2339 3834 et
2367 3779 2647 3834 abundet.
2686 3782 2785 3834 Est
2814 3786 3011 3835 autem
3045 3780 3324 3850 frequens
3357 3778 3511 3850 apud
3544 3781 3702 3834 Pau-

2043 3873 2167 3928 lum
2203 3888 2674 3944 supervacaneus
2694 3871 3184 3942 conjunctionum
3208 3887 3350 3925 usus
3374 3887 3386 3924 :
3408 3870 3702 3940 quemad-

2046 3962 2286 4017 modum
2320 3962 2498 4016 etiam
2549 3961 2835 4016 defectus.
2896 3960 3060 4026 Quod
3120 3977 3256 4032 ergo
3309 3959 3532 4015 dictum
3586 3965 3694 4026 est,

2042 4057 2239 4125 potest
2271 4069 2376 4123 per
2405 4051 2832 4106 abundantiam
2867 4051 3307 4120 coniunctionis
3346 4049 3690 4121 hujusmodi

2043 4142 2401 4198 sententiam
2435 4140 2715 4196 exhibere
2747 4157 2759 4194 :
2791 4164 2808 4186 α
2843 4141 3086 4212 Augusti
3120 4140 3262 4194 estis
3283 4140 3344 4194 in
3368 4139 3690 4195 visceribus

2041 4233 2274 4296 vestris,
2309 4255 2328 4279 υ
2369 4237 2428 4286 et
2458 4231 2569 4286 hoc
2609 4230 2682 4286 ad
2715 4230 2903 4301 quid?
2932 4230 3002 4285 ad
3036 4231 3226 4301 ipsam
3257 4229 3693 4286 remuneratio-

2043 4342 2205 4380 nem.
2237 4325 2515 4396 Iniquum
2549 4329 2637 4379 est
2669 4330 2866 4380 autem
2897 4323 2972 4379 ad
3004 4325 3552 4380 remunerationem
3583 4341 3694 4379 an-

2041 4422 2280 4487 gustum
2312 4431 2460 4470 esse.
2495 4413 2631 4469 Ideo
2666 4419 2946 4487 tanquam
2983 4414 3122 4469 ﬁliis
3154 4415 3283 4470 dico
3315 4432 3328 4481 ;
3367 4414 3695 4486 quinetiam

2045 4504 2304 4559 ﬁliorum
2338 4519 2602 4558 amorem
2662 4504 2923 4574 requiro.
2985 4503 3325 4559 Dilatemini
3375 4508 3433 4557 et
3477 4520 3577 4558 vos
3622 4502 3696 4558 ad

2043 4592 2314 4648 eamdem
2343 4592 2908 4657 remunerationem,
2948 4597 3006 4646 et
3034 4598 3228 4648 amate
3278 4609 3386 4648 nos
3437 4592 3592 4647 sicut
3640 4597 3699 4646 et

272 4689 368 4758 τὴν
427 4685 669 4763 ἀγάπην·
727 4683 936 4761 ὀφείλει
1003 4683 1107 4758 γάρ
1164 4683 1231 4738 τὰ
1289 4681 1448 4737 τέκνα
1507 4686 1625 4741 τοῖς
1674 4681 1928 4752 πατράσι.

2049 4699 2150 4736 nos
2177 4697 2448 4736 amamus
2479 4698 2598 4736 vos.
2639 4704 2663 4729 ‹‹
2698 4683 2768 4738 Ut
2799 4681 2936 4735 filiis
2963 4681 3116 4737 dico.
3145 4704 3172 4732 κ
3209 4682 3429 4737 Deinde
3489 4687 3695 4737 osten-

273 4801 301 4828 α
334 4778 428 4846 Μή
460 4773 676 4851 γίνεσθε
705 4773 1174 4848 ἑτεροζυγοῦντες.
1211 4794 1235 4823 ι
1271 4771 1404 4828 Εἶτα
1429 4769 1521 4824 ’ίνα
1554 4771 1629 4843 μή
1660 4768 1933 4841 νομίσωσι

271 4866 458 4922 ἑαυτὸν
494 4863 720 4939 χρῄζειν
748 4866 847 4927 τῆς
889 4863 1106 4936 ἀγάπης
1136 4862 1339 4928 αὐτῶν,
1375 4857 1610 4915 δείκνυσι
1643 4857 1736 4913 διὰ
1765 4859 1829 4914 τὸ
1863 4857 1935 4912 δι’

276 4955 451 5011 αὐτῶν
513 4953 788 5029 συμφέρον
845 4952 1120 5022 ἐπιζητεῖν
1177 4951 1504 5025 ἀγαπᾶσθαι.
1589 4948 1735 5018 Φησῖ
1806 4948 1930 5025 γάρ’

266 5045 442 5100 Τοῦτό
476 5041 585 5099 ἔστι
617 5042 679 5096 τὸ
711 5043 921 5114 ἀγαπᾷν
962 5061 1047 5113 με,
1081 5041 1144 5096 τὸ
1177 5042 1253 5114 μή
1288 5039 1592 5095 ἑπικλίνειν
1625 5039 1762 5114 πρὸς
1799 5039 1930 5099 τοὺς

229 5133 548 5194 -ἀπίστους
598 5131 689 5186 καὶ
739 5129 1233 5205 συναναμίγνυσθαι
1286 5128 1492 5199 αὐτοῖς,
1543 5129 1631 5183 καὶ
1691 5125 1931 5203 διαφθεί-

268 5235 452 5294 ρεσθαι
513 5223 603 5276 ὑπ’
661 5219 858 5276 αὐτῶν,
923 5219 1062 5277 Ἀπὸ
1125 5223 1437 5293 μεταφορᾶς
1511 5215 1569 5272 δὲ
1625 5222 1732 5271 τῶν
1783 5219 1929 5272 πλα-

273 5313 503 5388 στίγγων
521 5316 617 5365 τοῦ
643 5315 825 5385 ζυγοῦ,
849 5310 933 5377 τὸ,
966 5334 994 5361 ‹‹
1019 5309 1482 5384 ἑτεροζυγοῦντες.
1505 5331 1534 5360 »
1560 5339 1628 5351 --
1650 5331 1679 5359 «
1705 5307 1804 5369 Τίς
1825 5307 1928 5381 γάρ

273 5402 488 5476 μετοχὴ
521 5397 838 5474 δικαιοσύνῃ
893 5397 982 5453 καὶ
1031 5397 1277 5471 ἀνομίας
1311 5421 1338 5451 »
1404 5398 1555 5454 Ἀντὶ
1604 5400 1713 5452 τῶν
1758 5416 1931 5470 προσ-

270 5489 459 5558 ώπων,
491 5488 628 5544 αὐτὰ
657 5486 862 5552 τέθεικε
889 5487 956 5542 τὰ
989 5487 1301 5564 πράγματα.
1341 5486 1459 5557 Τίς,
1521 5485 1680 5564 φησὶ,
1727 5506 1928 5540 κοινω-

268 5581 376 5650 νία,
425 5583 552 5655 ὑμῖν
611 5581 703 5635 καὶ
760 5585 878 5641 τοῖς
921 5579 1218 5648 ἀπίστοις;
1279 5577 1461 5645 ὣσπερ
1523 5575 1650 5633 οὐδὲ
1717 5573 1925 5632 δικαιο-

342 5763 388 5801 ⁶¹
425 5764 602 5831 Infra,
636 5779 733 5830 xu,
767 5765 818 5818 6.

2045 4771 2132 4826 dit
2159 4787 2396 4843 quoque
2441 4768 2705 4826 debitum
2760 4786 2889 4824 esse
2945 4786 3231 4826 amorem.
3283 4773 3427 4825 Nam
3476 4769 3697 4826 debent

2046 4860 2101 4914 id
2138 4860 2243 4915 ﬁlii
2275 4857 2642 4931 parentibus.
2679 4881 2704 4907 ‹‹
2741 4860 2818 4914 Ne
2875 4858 3208 4913 declinetis.
3248 4879 3268 4907 υ
3317 4860 3567 4914 Demum
3617 4875 3694 4916 ne

2045 4949 2366 5022 Opinentur
2390 4947 2547 5020 quod
2586 4953 2829 5020 propter
2859 4948 3120 5019 seipsum
3169 4954 3408 5019 expetat
3454 4949 3696 5006 illorum

2044 5055 2330 5099 amorem.
2366 5037 2625 5092 ostendit
2655 5054 2716 5092 se
2765 5045 3008 5108 propter
3055 5037 3322 5108 ipsorum
3370 5038 3693 5095 utilitatem

2042 5128 2191 5182 velle
2222 5127 2426 5199 diligi;
2470 5126 2554 5180 ait
2610 5127 2807 5182 enim:
2870 5127 2987 5181 Hoc
3047 5131 3135 5181 est
3192 5127 3437 5199 diligere
3491 5144 3587 5184 me
3645 5130 3694 5184 si

2043 5235 2161 5273 non
2193 5216 2505 5272 declinetis
2537 5216 2608 5270 ad
2641 5215 2997 5282 incredulos,
3032 5233 3143 5272 nec
3183 5218 3693 5274 commisceamini

2042 5324 2177 5363 cum
2207 5307 2350 5374 illis,
2391 5307 2544 5360 646
2577 5311 2678 5360 aut
2707 5306 2778 5360 ab
2809 5306 2929 5361 illis
2961 5307 3450 5378 corrumpamini.
3509 5309 3696 5365 Dictio

2041 5403 2144 5454 aut
2199 5394 2635 5469 ἑτεροζυγοῦντες
2693 5402 2929 5467 sumpta
2995 5401 3085 5450 est
3127 5413 3160 5451 ἃ
3212 5399 3400 5470 ζυγοῦ,
3468 5397 3529 5451 id
3586 5403 3695 5466 est,

2040 5486 2374 5558 mquilibrio
2409 5484 2596 5540 lancis
2628 5490 2730 5540 aut
2761 5485 3020 5541 trutinas.
3059 5507 3085 5534 ‹‹
3117 5486 3283 5551 Quod
3342 5487 3500 5542 enim
3554 5503 3692 5542 con-

2041 5577 2290 5632 sortium
2314 5575 2563 5649 justitiaa
2595 5592 2726 5630 cum
2760 5575 3122 5649 iniquitate?
3155 5598 3182 5626 υ
3215 5577 3365 5633 Loco
3402 5591 3690 5648 persona-
