4080 6424
281 435 393 497 991

1404 435 1823 496 (ΕΟΗΜΕΝΙΙ
1868 431 2178 493 ΤΡιΙῧΟιΕ
2221 431 2575 494 EPISCOPI

3584 434 3702 495 992

281 588 415 629 rum
435 571 594 644 ipsas
627 587 719 626 ses
749 569 965 642 posuit.
999 570 1160 639 Quae,
1183 569 1399 643 inquit.
1423 569 1587 626 vobis
1607 566 1934 626 communi-

2060 565 2184 642 σύνῃ
2216 567 2308 624 καὶ
2340 567 2539 643 ἀνομίᾳ
2566 588 2621 623 τι
2650 567 2856 624 κοινόν.
2906 562 3043 624 Οὕτε
3099 565 3242 644 φωτὶ
3290 565 3427 640 πρὸς
3483 568 3702 639 σκότος,

286 663 437 718 catio
471 666 561 716 est
589 677 721 715 cum
756 660 1082 716 incredulis
1118 677 1131 715 :
1183 661 1684 732 quemadmodum
1740 676 1933 732 neque

276 751 526 822 justitiaa
555 756 613 804 et
641 749 943 820 iniquitati
978 749 1303 821 quidquam
1337 767 1651 806 commune
1684 756 1792 818 est,
1826 767 1934 806 ne—

285 857 398 912 que
430 840 548 894 luci
581 839 654 895 ad
686 839 986 906 tenebras,
1019 857 1212 912 neque
1245 841 1474 896 Christo
1508 841 1582 896 ad
1642 841 1844 904 Belial,
1875 842 1935 898 id

285 937 393 996 est,
427 929 500 984 ad
531 935 863 1001 apostatam
914 947 982 985 ac
1031 930 1346 998 Satanam;
1406 947 1546 986 nam
1596 930 1781 986 Belial
1824 933 1936 986 He-

283 1020 582 1074 braeorum
617 1018 819 1090 lingua
867 1025 1196 1090 apostatam
1233 1019 1545 1091 significat.
1580 1042 1608 1070 »
1639 1026 1758 1076 Aut
1803 1038 1934 1092 qua)

285 1111 607 1168 concordia
637 1111 870 1166 Christo
901 1111 972 1167 ad
1009 1111 1237 1166 Belial?
1271 1134 1298 1160 υ
1330 1111 1546 1168 Volens
1569 1113 1730 1184 ipsos
1751 1113 1938 1168 omni-

283 1201 395 1257 bus
425 1201 618 1256 modis
678 1207 750 1256 ab
812 1201 1137 1255 incredulis
1191 1200 1517 1269 discedere,
1580 1219 1702 1257 non
1748 1203 1933 1257 dixit:

281 1290 463 1346 Justis
487 1295 543 1344 et
573 1289 832 1360 injustis,
867 1289 970 1345 sed
1013 1289 1169 1359 quod
1201 1289 1397 1361 majus
1428 1295 1574 1345 erat.
1607 1293 1732 1347 Non
1765 1291 1933 1348 dixit.

283 1380 579 1451 Operariis
612 1380 762 1434 lucis
793 1395 859 1434 ac
893 1378 1296 1445 tenebrarum,
1323 1379 1427 1434 sed
1451 1383 1602 1451 quod
1629 1381 1762 1453 plus
1787 1388 1931 1436 erat.

281 1471 408 1524 Non
441 1468 624 1524 dixit:
658 1468 942 1522 Ministris
973 1468 1186 1524 Christi
1235 1476 1294 1524 et
1323 1471 1574 1536 Satanas,
1625 1470 1728 1526 sed
1777 1472 1936 1544 quod

282 1556 609 1611 terribilius
637 1563 781 1612 erat.
817 1558 1200 1612 Postmodum
1235 1575 1308 1614 ne
1341 1559 1612 1615 videatur
1640 1561 1936 1617 nudarum

282 1663 483 1701 rerum
515 1646 724 1701 fecisse
753 1648 1280 1718 comparationem,
1313 1649 1385 1702 ad
1435 1649 1594 1720 ipsas
1628 1650 1941 1706 descendit

283 1752 572 1808 personas
598 1753 610 1789 :
637 1759 663 1784 «
693 1736 874 1790 Fideli
895 1753 1028 1792 cum
1053 1737 1303 1803 inﬁdeli,
1333 1760 1357 1786 »
1383 1738 1592 1809 inquit.
1624 1771 1686 1781 —
1712 1741 1816 1796 Aut
1837 1740 1938 1796 hoc

284 1825 447 1881 modo
469 1841 488 1878 :
526 1825 686 1878 Sicut
716 1824 808 1880 his
847 1842 978 1896 quae
1019 1842 1199 1897 supra
1226 1825 1383 1882 dicta
1415 1833 1552 1883 sunt
1582 1829 1732 1884 nihil
1786 1830 1935 1885 invi-

2041 666 2164 725 ούτε
2239 667 2464 740 Χριστῷ
2535 659 2674 736 πρὸς
2750 656 2972 733 Βελίαρ,
3048 657 3315 727 τουτέστι,
3388 657 3481 712 τὸν
3559 659 3701 713 ἀπο-

2041 748 2238 827 στάτην
2280 752 2368 809 καὶ
2429 754 2694 808 Σατανᾶνο
2751 748 2816 803 τὸ
2872 748 2974 822 γὰρ
3035 744 3234 820 Βελίαρ
3292 751 3360 820 τῇ
3425 740 3695 822 Ἑϐραίων

2041 852 2221 926 φωνῇ,
2251 845 2342 899 τὸν
2385 840 2692 908 ἀποστάτην
2754 833 2942 906 δηλοῖ.
3003 860 3030 887 ‹‹
3067 836 3168 897 Τίς
3229 832 3288 890 δὲ
3345 837 3702 915 συμφώνησις

2041 923 2258 1011 Χριστῷ
2287 931 2421 1008 πρὸς
2453 926 2675 1003 Βελίαρ.
2712 951 2741 980 ››
2801 931 2935 982 Πᾶσι
2992 923 3220 1000 τρόποις
3277 925 3523 999 ἀπεῖρξαι
3583 929 3693 980 τῶν

2041 1010 2282 1081 ἀπίστων
2311 1021 2506 1081 αὐτοὺς
2539 1017 2767 1081 ἐθὲλων,
2813 1015 2913 1071 οὐκ
2952 1017 3093 1085 εἷπε,
3145 1013 3384 1076 Δικαίοις
3436 1014 3525 1069 καὶ
3574 1010 3702 1070 ἀνό-

2046 1119 2193 1188 μοῖς,
2226 1111 2352 1168 ἀλλ’
2384 1111 2414 1166 ὅ
2449 1114 2634 1185 μεῖζον
2667 1109 2756 1177 ἦν.
2788 1105 2904 1164 Ούκ
2933 1107 3076 1175 εἷπε,
3107 1107 3236 1166 Τοῖς
3265 1107 3363 1158 τοῦ
3398 1125 3570 1176 φωτις
3601 1099 3696 1162 καὶ

2043 1204 2272 1263 σκότους
2303 1200 2578 1275 ἰργάταις,
2628 1195 2753 1252 ἀλλ’
2786 1196 2814 1250 ’ὀ
2845 1193 3011 1252 πλέον
3069 1197 3158 1264 ἦν.
3211 1192 3327 1251 Ούκ
3375 1194 3512 1249 εἶπε·
3568 1199 3698 1256 Τοῖς

2044 1292 2316 1353 διακόνοις
2342 1293 2441 1345 τοῦ
2471 1290 2712 1347 Χριστοῦ
2754 1285 2846 1340 καὶ
2901 1289 3019 1346 τοῖς
3075 1287 3173 1339 τοῦ
3226 1287 3457 1350 Σατανᾶ,
3508 1281 3632 1338 ἀλλ’
3665 1282 3696 1338 ὅ

2043 1377 2418 1462 φοϐερώτερον
2473 1378 2564 1448 ἦν.
2626 1377 2760 1433 Εἶτα
2811 1373 2900 1430 ’ἱνα
2983 1374 3060 1446 μὴ
3122 1371 3275 1462 tam
3363 1373 3693 1462 πραγμάτων

2045 1460 2224 1548 ψιλῶν
2255 1474 2530 1532 ποιεῖσθαι
2569 1465 2900 1543 συγκρίσεις,
2925 1462 3088 1534 ἦλθεν
3117 1460 3202 1517 ἐπ’
3234 1462 3367 1516 αὐτὰ
3416 1460 3483 1515 τεὶ
3529 1460 3701 1532 πρόσ-

2044 1582 2187 1616 ωπα.
2217 1583 2246 1612 ‹‹
2280 1561 2486 1629 Πιστῷ,
2519 1555 2675 1632 φησὶ,
2722 1553 2857 1629 μετᾶ
2915 1552 3164 1608 ἀπίστου,
3203 1575 3230 1601 ››
3285 1583 3349 1593 -
3387 1551 3456 1606 'll
3499 1551 3697 1614 οὕτως·

2042 1653 2270 1725 Ὥσπερ,
2311 1647 2468 1725 φησὶ,
2497 1652 2614 1708 τοῖς
2650 1644 2761 1700 ἅνω
2790 1643 3104 1718 εἰρημένοις
3139 1641 3290 1698 οὐδὲν
3321 1645 3503 1700 κοινὸν
3556 1641 3696 1716 πρὸς

2043 1739 2288 1808 ὶαυτοῦς,
2322 1737 2496 1800 οὕτως
2529 1731 2654 1791 οὐδὲ
2682 1739 2762 1806 τῷ
2819 1738 2998 1805 πιστῷ
3051 1734 3184 1807 μετᾶ
3234 1731 3482 1788 ἀπίστου.
3550 1755 3575 1786 α
3600 1732 3699 1793 Τίς

2045 1828 2102 1886 δὲ
2133 1829 2515 1905 συγκατάθεσις
2544 1830 2659 1898 ναῷ
2714 1827 2847 1880 Θεοῦ
2909 1824 3044 1896 μετὰ
3102 1820 3347 1878 εἰδώλων
3386 1840 3457 1891 ς»
3514 1825 3698 1880 Τουτ-

288 1931 418 1970 cem
451 1931 767 1970 commune
795 1921 902 1978 est,
937 1915 1019 1970 ita
1049 1933 1244 1987 neque
1285 1917 1445 1972 ﬁdeli
1495 1934 1630 1973 cum
1686 1919 1931 1974 infideli.

2060 1917 2186 1976 ἔστιν
2218 1917 2507 1992 ὁμοίωσις.
2542 1920 2797 1981 Ἐκεῖνοι,
2857 1912 3012 1994 φησὶ,
3069 1913 3192 1974 ναὸς
3243 1910 3487 1967 εἰδώλων
3544 1911 3700 1984 εἶσίν,

2060 2010 2072 2017 .
2158 2013 2180 2017 κ-
2311 2007 2323 2017 .
2407 2014 2427 2017 _
2508 2009 2532 2017 ..
2590 2004 2652 2017 ....
2776 2003 2799 2017 ν
2894 2002 2908 2017 .
2967 2007 2990 2017 ..
3121 2003 3133 2016 .
3215 2000 3226 2017 ,
3609 2001 3620 2017 ,

291 2024 320 2057 ιι
351 2008 467 2061 Aut
492 2004 635 2075 quid
665 2006 936 2060 convenit
967 2007 1189 2078 templo
1223 2008 1322 2062 Dei
1357 2024 1490 2063 cum
1550 2008 1762 2064 idolis:
1823 2010 1941 2065 Hoc

291 2101 398 2161 est,
435 2113 565 2166 qua:
617 2094 991 2150 similitudo?
1037 2096 1151 2163 llli,
1203 2097 1416 2168 inquit,
1465 2098 1753 2169 templum
1803 2105 1938 2155 sunt

291 2185 613 2253 idolorum,
643 2201 743 2239 vos
777 2185 1065 2255 templum
1098 2187 1199 2241 Dei
1227 2204 1240 2252 ;
1273 2202 1404 2257 quae
1437 2203 1573 2260 ergo
1614 2189 1943 2244 communi-

2053 2010 2210 2082 ὑμεῖς
2239 2007 2366 2070 ναὸς
2398 2009 2555 2062 Θεοῦ.
2590 2004 2681 2066 Τίς
2738 2003 2830 2058 οῦν
2889 2002 3016 2076 ὑμῖν
3074 2000 3340 2063 κάκείνοις
3393 2001 3703 2070 κοινωνίας

2051 2098 2138 2155 ὅτι
2196 2095 2254 2153 δὲ
2308 2097 2432 2159 ναός
2489 2093 2628 2166 ἐστε,
2689 2091 2844 2170 φησὶ,
2904 2092 3060 2164 Θεοῦ,
3141 2091 3398 2168 πάρεστιν
3480 2089 3706 2146 ἀκοῦσαι

2048 2194 2146 2245 τοῦ
2184 2189 2471 2264 προφήτου
2500 2185 2789 2261 Ἰερεμίου.

293 2274 444 2330 catio
473 2279 563 2329 est
592 2274 751 2328 inter
778 2290 879 2328 vos
911 2279 968 2329 et
998 2274 1180 2330 illos?
1209 2275 1374 2340 Quod
1405 2283 1605 2332 autem
1650 2279 1939 2350 templum
1989 2281 2090 2337 Dei
2140 2280 2271 2336 sitis
2321 2280 2383 2334 in
2433 2281 2709 2351 promptu
2758 2279 2848 2332 est
2899 2279 2966 2331 ut
3020 2274 3332 2332 audiamus
3387 2271 3705 2329 Jeremiam

287 2365 663 2436 prophetam.

358 2457 450 2522 Vl,
488 2457 665 2510 16-18.
692 2477 721 2504 «
745 2458 889 2510 Nam
921 2472 1022 2510 vos
1044 2457 1333 2527 templum
1362 2458 1504 2512 estis
1535 2457 1638 2513 Dei
1670 2459 1939 2526 viventis,

287 2568 315 2597 ‹‹
341 2545 844 2614 quemadmodum
868 2545 1018 2598 dixit
1047 2546 1238 2600 Deus:
1266 2547 1612 2602 lnhabitabo
1637 2549 1697 2602 in
1733 2549 1852 2602 illis
1885 2554 1944 2604 et

289 2655 318 2683 «
351 2632 769 2687 inambulabo:
801 2639 860 2687 et
890 2650 990 2688 ero
1022 2635 1263 2689 illorum
1298 2637 1472 2699 Deus,
1507 2642 1564 2691 et
1609 2636 1722 2708 ipsi
1767 2643 1944 2693 erunt

296 2744 322 2777 ιι
345 2723 489 2778 mihi
510 2722 783 2794 populus.
809 2723 1176 2794 Quapropter
1197 2725 1349 2779 exite
1368 2724 1439 2779 de
1474 2725 1668 2781 medio
1702 2727 1941 2782 illorum

292 2836 321 2865 ‹‹
342 2818 400 2868 et
420 2813 777 2883 separemini
802 2813 874 2868 ab
898 2813 981 2867 eis
1010 2814 1156 2868 dicit
1175 2815 1548 2882 Dominus,et
1569 2816 1945 2872 immundum

291 2926 320 2954 «
355 2920 430 2958 ne
465 2903 796 2975 tetigeritis,
832 2910 888 2958 et
919 2919 1023 2975 ego
1053 2904 1373 2975 suscipiam
1406 2923 1526 2972 vos,
1560 2912 1620 2962 et
1649 2924 1748 2962 ero
1780 2906 1947 2962 vobis

290 3016 320 3046 «
352 2994 482 3049 loco
515 2994 729 3055 Patris,
762 3000 820 3049 et
848 3011 949 3048 vos
987 2994 1152 3048 eritis
1207 2995 1352 3050 mihi
1402 2997 1527 3051 vice
1575 2997 1833 3052 ﬁliorum
1877 3013 1946 3053 ac

291 3102 320 3132 «
352 3081 634 3149 filiarum,
667 3082 810 3138 dicit
843 3083 1126 3139 Dominus
1159 3086 1558 3157 omnipotens.
1595 3107 1624 3136 »

359 3194 388 3223 «
423 3172 793 3241 Inhabitabo,
821 3197 838 3220 ιι
866 3174 1082 3244 inquit,
1107 3180 1391 3245 tauquam
1413 3175 1473 3230 in
1492 3175 1731 3248 templis
1779 3177 1945 3243 Quod

292 3266 489 3320 autem
521 3262 642 3317 ait:
673 3284 702 3312 «
736 3263 1142 3329 lnambulabo,
1179 3286 1206 3314 ››
1240 3265 1612 3321 ostendentis
1666 3270 1757 3321 est
1804 3268 1946 3322 ειπε-

293 3358 452 3407 ctum
483 3368 659 3422 quem
685 3368 824 3420 erga
855 3370 964 3408 nos
995 3353 1164 3424 gerit.
1203 3377 1223 3401 ι
1260 3355 1425 3410 Exite
1458 3356 1530 3411 de
1580 3355 1777 3411 medio
1812 3356 1948 3411 illo-

294 3457 506 3496 rum.»
545 3440 828 3495 Videlicet
876 3442 1319 3498 incredulorum
1367 3461 1434 3499 ac
1480 3445 1948 3502 immundorum.

294 3532 476 3586 Porro
510 3530 666 3600 quod
721 3529 902 3585 dicit:
955 3554 982 3580 «
1014 3532 1404 3602 Separemini,
1441 3555 1468 3582 »
1514 3534 1627 3589 hoc
1677 3539 1786 3599 est,
1839 3535 1952 3590 soli

295 3619 489 3690 degite
514 3618 671 3689 quod
695 3619 767 3673 ad
790 3619 925 3674 illos
948 3627 1194 3690 spectat.
1217 3622 1539 3678 Considera
1561 3627 1760 3678 autem
1793 3624 1950 3695 quod

294 3725 415 3764 non
439 3708 692 3763 dixerit:
731 3710 810 3763 Ne
842 3709 1103 3764 feceritis
1133 3711 1438 3782 quidpiam
1474 3713 1788 3784 impurum,
1847 3712 1951 3769 sed

293 3815 370 3854 ne
403 3798 734 3869 tetigeritis.
773 3823 792 3846 ε
831 3799 900 3854 Ει
947 3817 1052 3871 ego
1105 3802 1420 3873 suscipiam
1470 3819 1591 3859 vos.
1627 3825 1656 3853 »
1707 3805 1850 3858 Nam
1901 3803 1950 3859 si

297 3889 369 3944 ab
393 3889 534 3955 illis,
557 3888 774 3960 inquit,
795 3890 1459 3948 exieritismansionem
1479 3893 1636 3965 apud
1663 3911 1757 3950 me
1779 3893 1954 3949 habe-

296 3979 453 4034 bitis.
480 4000 508 4027 »
530 4008 600 4019 —
623 4001 649 4027 ‹‹
666 3980 734 4035 Et
753 3996 854 4034 vos
876 3980 1041 4036 eritis
1061 3981 1204 4036 mihi
1225 3983 1347 4038 vice
1381 3983 1660 4039 ﬁliorum.
1686 4005 1714 4034 »
1740 3983 1956 4038 Praedi-

299 4070 380 4125 cit
409 4069 698 4140 propheta
728 4086 858 4125 eam
891 4087 1023 4140 qua)
1055 4087 1214 4127 nunc
1245 4071 1384 4128 data
1431 4079 1522 4129 est
1569 4073 1951 4146 adoptionem

300 4177 408 4232 per
438 4159 616 4215 ﬁdem
649 4165 708 4215 et
736 4159 1036 4217 lavacrum
1068 4163 1451 4235 baptismate.

371 4250 519 4304 047
560 4251 674 4317 VII,
718 4250 769 4306 1.
837 4273 857 4300 ι
923 4253 1037 4306 Has
1096 4253 1274 4324 igitur
1325 4253 1754 4324 promissiones
1815 4271 1950 4309 cum

305 4360 330 4392 ιι
361 4338 706 4403 habeamus,
733 4340 1091 4406 charissimi,
1135 4341 1494 4397 mundemus
1523 4359 1630 4398 nos
1685 4344 1846 4415 ipsos
1878 4344 1949 4400 ab

297 4449 326 4478 «
369 4428 534 4482 omni
583 4429 1039 4498 inquinamento
1095 4430 1289 4486 carnis
1339 4447 1406 4486 ac
1456 4432 1722 4502 spiritus,
1773 4433 1952 4505 perﬁ-

303 4536 329 4569 ι
362 4517 586 4572 cientes
614 4518 1070 4574 sanctimoniam
1102 4537 1209 4592 per
1239 4522 1513 4577 timorem
1547 4523 1671 4581 Dei.
1708 4545 1737 4574 »

375 4629 404 4660 «
427 4608 538 4664 llas
555 4608 734 4680 igitur
748 4625 884 4664 cum
901 4609 1227 4666 habeamus
1245 4613 1692 4684 promissiones.
1714 4636 1740 4663 »
1759 4613 1952 4680 Quas?
1982 4583 2026 4648 Ι)

302 4700 374 4756 Ut
404 4699 502 4755 Dei
539 4700 759 4772 templa
787 4700 995 4767 simus,
1030 4707 1088 4757 et
1121 4702 1442 4760 habeamus
1473 4704 1667 4775 ipsum
1715 4705 1948 4761 inhabi-

300 4795 523 4846 tantem
557 4797 613 4846 et
643 4791 1139 4858 inambulantem,
1171 4799 1238 4848 ut
1279 4793 1385 4848 filii
1429 4812 1497 4850 ac
1543 4796 1798 4868 populus
1848 4795 1951 4851 Dei

299 4880 506 4938 simus.
545 4902 568 4932 α
602 4881 688 4936 Ab
721 4883 884 4936 omni
915 4882 1393 4953 inquinamento.
1430 4907 1457 4934 ››
1489 4886 1766 4950 ρυωὸοω
1791 4885 1951 4940 enim

297 4977 540 5040 peccata
587 4971 1028 5026 commaculant
1056 4989 1292 5045 corpus,
1348 4975 1528 5029 veluti
1579 4981 1848 5046 stuprum
1897 4979 1956 5029 et

301 5057 700 5114 adulterium:
742 5061 1012 5129 quaedam
1045 5080 1179 5117 vero
1229 5065 1528 5136 spiritum,
1580 5063 1638 5119 id
1689 5069 1778 5119 est
1823 5063 1956 5119 ani-

305 5147 686 5212 mam,veluti
717 5156 856 5204 sunt
875 5150 1198 5208 immundae
1218 5155 1625 5222 cogitationes,
1652 5154 1955 5210 memorias

306 5236 388 5306 inj
400 5236 686 5299 uriarum,
719 5239 1003 5294 convicia.
1027 5271 1093 5280 —
1113 5243 1250 5296 Item
1271 5243 1381 5298 alio
1402 5259 1620 5314 quoque
1649 5243 1959 5314 modo.Spi-

306 5327 488 5381 ritum
518 5325 632 5382 hoc
661 5325 792 5382 loco
833 5327 973 5383 dicit
1006 5331 1290 5395 animam,
1334 5331 1576 5404 spiritus
1634 5332 1957 5387 immundi-

311 5416 453 5471 tiam
486 5432 699 5472 vocans
730 5421 1334 5475 communicationem
1387 5421 1460 5476 ad
1510 5421 1704 5488 idola;
1761 5421 1958 5478 carnis

306 5523 463 5563 vero.
487 5512 791 5579 peccatum
823 5508 881 5561 in
905 5511 1268 5580 operatione.
1292 5533 1316 5560 ‹‹
1341 5509 1722 5567 Perficientes
1747 5511 1960 5566 sancti-

307 5595 589 5652 moniam.
616 5618 642 5645 »
669 5599 782 5653 Nec
809 5599 1584 5670 sufﬁcit,inquit,abstinere
1605 5601 1677 5656 ab
1700 5601 1958 5656 immun-

315 5686 474 5741 ditiis
506 5693 563 5741 et
589 5687 1079 5759 inquinamentis,
1121 5689 1223 5745 sed
1263 5695 1496 5762 Oportet
1541 5691 1719 5748 etiam
1767 5691 1962 5749 facere

321 5776 478 5846 quod
509 5777 653 5832 utile
686 5783 792 5832 est.
819 5777 956 5832 Ideo
987 5779 1101 5834 ait:
1136 5802 1163 5829 ‹‹
1199 5779 1580 5838 Porﬁcientes
1639 5783 1961 5840 sanctimo-

2123 2459 2308 2533 Ἐμεῖς
2374 2458 2476 2534 γὰρ
2531 2457 2658 2519 ναὸς
2716 2459 2850 2511 Θεοῦ
2905 2454 3020 2509 ἐστε
3080 2457 3302 2523 ζῶντος,
3362 2452 3545 2512 καθὼς
3631 2450 3709 2504 εἶ-

2051 2568 2146 2603 πεν
2216 2550 2244 2603 ὁ
2303 2548 2456 2617 Θεὸς,
2516 2546 2600 2602 ὅτι
2654 2547 2955 2616 Ἐνοικήσω
3012 2543 3064 2599 ἐν
3125 2541 3310 2604 αὐτοῖς
3387 2541 3479 2596 καὶ
3537 2539 3710 2612 ἐμπε-

2054 2640 2361 2714 ριπατήσω,
2429 2636 2518 2692 καὶ
2585 2630 2779 2710 ἔσομαι
2852 2633 3024 2689 αῦτῶν
3122 2633 3272 2702 Θεὸς,
3365 2631 3454 2686 καὶ

2053 2723 2264 2784 ἔσονταί
2323 2749 2416 2800 μοι
2471 2725 2625 2790 λαός.
2711 2725 2804 2781 Διὸ
2892 2722 3130 2795 ὲξὲλθετε
3189 2722 3249 2778 ἐκ
3309 2723 3477 2794 μέσου
3533 2719 3708 2777 αὐτῶν

2053 2819 2144 2876 καὶ
2201 2817 2556 2898 ἀφορίσθητε,
2616 2817 2761 2892 λέγει
2822 2815 3046 2890 Κύριος,
3102 2814 3190 2870 καὶ
3266 2812 3566 2898 ἀκαθάρτου
3625 2811 3700 2884 μὴ

2057 2897 2307 2974 ἅπτεσθε,
2419 2907 2567 2982 κάγὼ
2667 2904 2977 2979 εἰσδέξομαι
3083 2906 3245 2981 ὑμᾶς,
3347 2904 3436 2959 καὶ
3507 2897 3700 2972 ἔσομαι

2057 2999 2185 3072 ὑμῖν
2246 2997 2323 3061 εἷς
2382 2999 2610 3072 πατέρα,
2657 2996 2748 3052 καὶ
2809 2996 2964 3071 ὑμεῖς
3024 2992 3202 3050 ἔσεσθέ
3263 3015 3358 3068 μοι
3420 2990 3493 3052 είς
3549 2990 3702 3050 υἱοὺς

2053 3089 2141 3144 καὶ
2178 3087 2497 3164 θυγατέρας,
2531 3085 2683 3163 λὲγει
2715 3086 2912 3162 Κύριος
2941 3083 3356 3158 παντοκράτωρ.

2129 3179 2204 3236 Τὸ
2284 3178 2459 3253 μὶν,ι‹
2493 3177 2820 3248 Ἐνοικήσω,
2849 3199 2879 3227 »
2957 3176 3031 3236 ὡς
3105 3172 3157 3228 ἐν
3232 3177 3404 3235 ναοῖς.
3480 3170 3552 3226 Τὸ
3629 3167 3707 3238 δὲ,

2061 3294 2089 3323 ι(
2132 3268 2620 3342 Ἐμπεριπατήσω,
2663 3289 2692 3319 ››
2769 3262 3135 3326 ἐνδεικνύντος
3213 3262 3324 3318 ἐστὶ
3399 3261 3498 3330 τὴν
3575 3257 3714 3334 πρὸς

2059 3361 2210 3434 ἡμᾶς
2263 3359 2471 3438 σχέσιν.
2533 3380 2561 3409 ιι
2596 3355 2871 3427 Ἐξὲλθετε
2928 3354 2988 3410 ἐκ
3049 3354 3213 3428 μέσου
3268 3351 3462 3438 αὐτῶν.
3500 3373 3528 3402 ››
3587 3353 3711 3407 Τῶν

2057 3437 2603 3518 ἀπίπωνίόηλαδή,
2661 3448 2770 3500 τῶν
2831 3445 3172 3517 ἀκαθάρτων.
3227 3441 3298 3496 Τὸ
3359 3437 3438 3509 δὲ,
3498 3463 3529 3492 ‹‹
3585 3441 3718 3512 Ἀφ-

2058 3539 2335 3610 ορίσθητε,
2370 3561 2398 3590 ››
2459 3537 2648 3605 οἱονεὶ,
2709 3535 3032 3604 Μονώοητε,
3092 3532 3219 3588 ὅσον
3269 3534 3396 3601 ἧκεν
3443 3530 3521 3592 είς
3579 3529 3716 3584 ἐκεί-

2056 3649 2198 3690 νους.
2229 3633 2364 3702 Ὀρπι
2391 3624 2466 3693 δὲ,
2503 3627 2606 3682 οὐκ
2636 3625 2774 3680 εἶπε’
2812 3625 2903 3692 Μὴ
2963 3623 3227 3698 πράττετὲ
3289 3643 3340 3675 τι
3394 3620 3718 3693 ἀκάθαρτον,

2055 3715 2222 3784 ἀλλὰ,
2257 3742 2282 3767 α
2315 3713 2469 3785 Μηδὲ
2495 3716 2740 3770 ἅπτεσθε.
2771 3737 2798 3765 »
2827 3745 2896 3757 -—
2917 3737 2942 3766 ‹‹
2971 3711 3135 3786 Κάγὼ
3157 3708 3466 3783 εἰσδέξομαι
3489 3709 3653 3782 ὑμᾶς.
3679 3730 3708 3757 »

2055 3809 2154 3864 "Av
2201 3807 2305 3881 γὰρ
2381 3803 2622 3871 ἐκείνων,
2699 3803 2887 3878 φησὶν,
2963 3799 3236 3872 ἐξέλθητε,
3319 3799 3491 3872 μονὴν
3569 3791 3712 3866 ἕξετε

2057 3898 2184 3972 παρ’
2214 3893 2358 3968 ἐμοί.
2394 3919 2422 3947 ‹‹
2456 3895 2556 3952 Καὶ
2593 3894 2750 3968 ὑμεῖς
2781 3888 2962 3948 ἔσεσθέ
3001 3913 3098 3964 μοι
3139 3891 3214 3952 εἰς
3275 3887 3449 3950 υἱούς.
3483 3911 3511 3940 ››
3565 3891 3710 3960 Προ-

2057 3989 2331 4064 αναιρωνεῖ
2387 3985 2414 4039 ὁ
2472 3986 2764 4063 προφήτης
2828 3983 2928 4050 τὴν
2991 3984 3082 4035 νῦν
3140 3977 3474 4055 δωρηθεῖσαν
3530 3976 3707 4039 υίοθε·

2058 4071 2174 4127 σίαν
2212 4069 2300 4126 διὰ
2329 4076 2431 4140 τῆς
2467 4069 2698 4132 πίστεως
2738 4067 2827 4123 καὶ
2859 4071 2954 4123 τοῦ
2987 4066 3242 4142 λουτροῦ.

3552 2628 3708 2684 αὐτοὶ

2129 4245 2336 4307 Ταύτας
2396 4245 2485 4300 οὗν
2543 4244 2764 4320 ἔχοντες
2813 4245 2912 4308 τὰς
2969 4243 3324 4321 ἐπαγγελίας,
3408 4241 3707 4321 ἀγαπητοὶ,

2055 4339 2433 4413 καθαρίσωμεν
2494 4338 2718 4400 ἑαυτοὺς
2775 4337 2882 4392 ἀπὸ
2940 4337 3138 4400 παντὸς
3227 4334 3518 4412 μολυσμοῦ
3577 4354 3710 4408 σαρι-

2056 4428 2153 4489 κὸς
2211 4429 2301 4482 καὶ
2382 4427 2712 4501 πνεύματος,
2795 4423 3168 4489 ἐπιτελοῦντες
3254 4424 3562 4502 ἁγιωσύνην
3658 4423 3712 4478 ἐν

2059 4513 2214 4596 φόϐῳ
2245 4522 2398 4574 Θεοῦ.

2133 4607 2402 4672 «Ταύτας
2459 4608 2551 4664 οὗν
2607 4601 2830 4685 ἔχοντες
2885 4607 2980 4670 τὰς
3035 4605 3386 4683 ἐπαγγελίας.
3419 4632 3446 4660 ››
3505 4604 3712 4675 Ποίας;

2061 4700 2137 4757 Τὸ
2167 4698 2330 4762 ναοὺς
2360 4701 2500 4754 εἶναι
2541 4703 2675 4754 Θεοῦ
2723 4699 2814 4754 καὶ
2862 4692 3008 4778 ἔχειν
3055 4697 3217 4753 αὑτὸν
3265 4697 3580 4753 ἐνοικοῦντα
3623 4699 3715 4751 καὶ

2061 4787 2553 4862 ἐμπεριπατοῦντα,
2628 4788 2691 4842 τὸ
2767 4787 2919 4850 υἱοὺς
3024 4787 3159 4842 εἶναι
3235 4791 3369 4842 Θεοῦ
3416 4785 3504 4842 καὶ
3554 4783 3714 4844 λαὸν.

2063 4903 2091 4930 ε(
2125 4879 2260 4935 Ἀπὸ
2291 4880 2492 4943 παντὸς
2526 4877 2838 4952 μολυσμοῦ.
2881 4902 2910 4930 »
2961 4878 3043 4936 Τὰ
3104 4877 3198 4950 μὲν
3246 4877 3350 4954 γὰρ
3391 4881 3499 4931 τῶν
3547 4876 3722 4950 ἁμαρ-

2060 4969 2324 5042 τημάτων
2361 4967 2586 5044 μολύνει
2635 4969 2696 5025 τὸ
2756 4973 2938 5042 σῶμα,
3000 4969 3119 5022 οἷον
3161 4967 3406 5041 πορνεία,
3469 4964 3716 5045 μοιχεία.

2062 5060 2143 5117 Τὰ
2176 5057 2233 5114 δὲ
2259 5060 2322 5116 τὸ
2351 5064 2584 5133 πνεῦμα,
2632 5056 2872 5114 τευτὲστι
2920 5059 3020 5128 τὴν
3067 5059 3277 5133 ψυχήν,
3329 5059 3450 5112 οἷον
3491 5057 3717 5126 ἀκάθαρ-

2063 5171 2148 5206 τοι
2181 5148 2467 5229 λογισμοῖ,
2503 5148 2879 5224 μνησικακίαι,
2914 5145 3212 5218 λοιδορίαι.
3248 5178 3312 5190 -
3347 5146 3452 5202 Καὶ
3504 5141 3711 5205 ἄλλως.

2067 5242 2397 5316 [ΘΕΟΔΩΡ.]
2431 5264 2459 5293 ‹‹
2496 5238 2807 5314 Πνεύματος
2839 5263 2866 5288 ››
2899 5236 3146 5304 ἐνταῦθα,
3177 5244 3276 5307 τῆς
3320 5241 3526 5313 ψυχῆς,
3561 5232 3715 5312 φησί.

2068 5329 2382 5403 Πνεύματος
2453 5331 2548 5404 μὶν
2631 5327 2956 5400 ἀκαθαρσίαν
3045 5326 3242 5403 λέγων,
3298 5328 3400 5397 τήν
3459 5325 3595 5402 πρὸς
3654 5325 3722 5380 τὰ

2069 5417 2276 5476 εἲδωλα
2302 5419 2612 5488 κοινωνίαν,
2648 5418 2843 5495 σαρκὸς
2873 5414 2950 5487 δὲ,
2981 5417 3078 5485 τὴν
3120 5437 3172 5471 εν
3201 5415 3390 5490 πράξει
3429 5413 3722 5490 ἁμαρτίαν⁶

2071 5535 2100 5564 ιι
2130 5508 2538 5572 Ἐπιτελοῦντες
2578 5507 2906 5584 ἁγιωσύνην.
2945 5531 2966 5558 ι
3026 5507 3124 5562 Καὶ
3175 5506 3278 5561 οὐκ
3322 5507 3494 5581 ἀρκεῖ,
3543 5503 3726 5578 σησῖν,

2069 5601 2407 5676 ἀκαθαρσιῶν
2451 5599 2538 5654 καὶ
2603 5596 2905 5673 μολυσμῶν
2953 5595 3271 5670 ἀπέχεσθαι,
3322 5594 3468 5650 ἀλλᾶ
3514 5616 3567 5650 τι
3627 5593 3723 5649 καὶ

2069 5691 2268 5768 πρᾶξαι
2297 5689 2560 5767 χρηστόν.
2622 5689 2715 5743 Διό
2775 5707 2960 5760 φησιν,
3021 5710 3050 5739 ‹‹
3085 5688 3494 5748 Ἐπιτελοῦντες
3547 5685 3724 5764 ἁγιω-

2072 5781 2256 5853 σύνην,
2309 5804 2338 5834 »
2394 5779 2662 5852 τουτέστι,
2741 5775 3088 5854 Ιῐράττοντες.
3170 5777 3232 5835 Ἡ
3311 5773 3368 5833 δὲ
3441 5773 3723 5851 ἁγιωσύνῃ
