4080 6382
310 381 443 453 .993

1292 374 1699 439 COMMENT.
1736 376 1814 437 lN
1861 372 2116 436 EPIST.
2162 373 2220 435 II
2266 374 2370 435 AD
2415 373 2778 437 CORINTH.

3630 382 3749 447 994

328 512 661 594 σωφροσύνη
723 531 783 567 τε
837 513 1062 581 νοεῖται,
1118 511 1209 567 καὶ
1264 508 1573 582 καθαρότης
1630 507 1831 571 παντὸς
1883 503 1985 562 πά-

2122 508 2275 574 tiam,
2306 529 2335 558 ››
2366 507 2427 563 id
2459 513 2567 575 est,
2602 511 2945 578 Operantes.
2980 509 3340 585 lntelligitur
3376 515 3576 570 autem
3609 530 3751 574 san-

337 616 487 671 θους.
533 601 670 661 Εἶτά
698 619 886 678 φησιν·
920 626 951 655 σι
985 603 1073 658 Ἐν
1099 595 1255 678 φόϐῳ
1304 605 1460 658 Θεοῦ.
1508 621 1535 654 ι
1570 601 1685 657 Ἐνι
1732 598 1837 674 γάρ
1895 594 1985 652 καὶ

332 696 470 771 πρὸς
513 691 988 768 ἀνθρωπαρεσκίαν
1046 691 1139 747 καὶ
1192 690 1476 767 ὑπόκρισιν
1531 689 1623 745 καὶ
1678 684 1985 759 κενοδοξίαν

334 784 591 858 πράττειν
622 803 675 838 τι
717 786 828 838 τῶν
888 780 1201 852 ἐπαινετῶν,
1230 814 1301 826 —
1331 782 1400 838 Ἦ
1431 778 1539 848 ὅτι,
1603 800 1627 833 ι
1660 778 1759 834 Διά
1814 771 1989 855 φόϐου

336 878 472 931 Θεοῦ
526 897 555 926 ››
599 877 688 947 Τῷ
741 872 847 948 γὰρ
907 875 1005 928 τοῦ
1061 874 1197 929 Θεοῦ
1254 866 1433 949 φόϐῳ,
1492 868 1683 939 ἁλωτή
1716 866 1922 944 γίνεται
1951 866 1988 936 ἡ

337 964 610 1042 ἆγιωσύνη
626 1006 639 1023 .

971 1244 1234 1301 ΚΕΦΑΛ.
1278 1247 1361 1301 H‘.

340 1363 473 1439 Περὶ
512 1357 802 1438 ἀποδοχῆς
832 1365 932 1439 τῆς
969 1358 1270 1435 Κορινθίων
1322 1358 1590 1439 ύπακοῆς,
1622 1357 1712 1413 καὶ
1774 1356 1997 1433 ἀγάπης

858 1429 1250 1510 εὖφρα.νουσῃς
1280 1429 1441 1486 αὐτόν
1453 1474 1464 1487 .

414 1545 723 1619 Χωρήσατε
794 1541 944 1615 ἡμᾶς
1045 1535 1232 1595 ούδὲνα
1333 1535 1703 1613 ἠδικήσαμεν,
1806 1535 2001 1594 οὐδένα

347 1633 690 1713 ἒφθείραμῖν,
766 1626 961 1686 οὐδένα
1059 1625 1584 1702 ὲπλεονεκτήσαμεν.
1683 1624 1761 1685 Οὔ
1864 1628 2002 1703 πρὸς

348 1726 659 1799 κατάκρισιν
765 1718 955 1797 λέγω.
1033 1718 1343 1795 Προείρηκα
1415 1719 1517 1797 γὰρ
1595 1719 1680 1774 ὅτι
1755 1716 1808 1774 ἰν
1882 1722 2006 1782 ταῖς

2093 597 2398 666 ctimonia,
2432 600 2826 670 temperantia
2852 606 2909 655 et
2933 602 3251 659 mundities
3279 603 3397 659 sive
3417 604 3750 676 puriﬁcatio

2094 687 2168 742 ab
2199 688 2363 743 omni
2395 689 2730 746 affectione.
2793 690 3012 746 Deinde
3058 691 3182 746 ait:
3246 716 3267 742 ι
3304 694 3417 749 Per
3470 694 3748 752 timorem

2096 777 2221 833 Dei.
2254 800 2283 827 «
2316 776 2614 851 Contingit
2671 779 2833 835 enim
2893 779 3119 851 aliquid
3163 782 3292 837 ﬁeri
3347 800 3552 839 eorum
3614 801 3745 856 quae

2095 865 2273 922 laude
2301 866 2480 939 digna
2507 872 2647 923 sunt
2676 869 2751 923 ad
2782 869 3042 925 studium
3089 887 3323 942 quoque
3352 872 3625 943 placendi
3648 875 3753 929 ho-

2097 955 2383 1022 minibus,
2416 962 2474 1012 et
2503 958 2580 1013 ad
2609 957 3053 1015 simulationem
3085 976 3153 1015 ac
3194 959 3431 1016 inanem
3482 964 3754 1034 gloriam.

2099 1049 2304 1102 —Aut
2332 1061 2346 1100 :
2380 1068 2408 1095 «
2434 1048 2683 1118 Propter
2714 1048 2990 1103 timorem
3019 1049 3141 1104 Dei.
3180 1071 3207 1099 »
3233 1051 3376 1106 Nam
3410 1051 3509 1106 Dei
3544 1052 3755 1108 timore

2100 1135 2273 1192 facile
2304 1137 2774 1209 apprehenditur
2804 1140 3224 1197 sanctimonia.

2721 1254 2952 1311 CAPUT
2995 1257 3139 1312 VIII.

2102 1363 2180 1417 De
2227 1362 2690 1419 commendatione
2736 1363 3069 1421 obedientia?
3117 1364 3532 1423 Corinthiorum
3574 1373 3627 1424 et
3672 1370 3763 1424 di-

2480 1434 2706 1490 lectione
2741 1435 2968 1492 Paulum
3008 1437 3374 1494 emhitarante.

2178 1544 2297 1607 VII,
2330 1544 2382 1608 2,
2416 1542 2467 1595 3.
2494 1562 2523 1592 «
2556 1545 2811 1614 Capaces
2843 1547 3031 1599 estote
3062 1543 3248 1598 nostri
3278 1560 3290 1598 :
3324 1543 3629 1601 nemiuem
3660 1544 3765 1601 lae-

2114 1654 2136 1683 α
2173 1632 2382 1699 simus,
2414 1632 2720 1687 neminem
2750 1632 3146 1704 corrupimus,
3181 1635 3483 1693 neminem
3515 1635 3768 1690 circum-

2111 1741 2140 1771 ‹‹
2170 1718 2460 1774 venimus.
2490 1720 2615 1774 Non
2647 1718 2759 1773 hoc
2811 1719 2887 1775 ad
2916 1719 3436 1776 condemnandum
3494 1722 3645 1777 dico.
3679 1722 3771 1776 Si-

354 1811 601 1892 καρδίαις
677 1813 842 1886 ἡμῶν
944 1807 1083 1880 ἐστε,
1160 1808 1236 1872 είς
1320 1808 1384 1865 τὸ
1459 1810 1842 1864 συναποθανεῖν
1914 1807 2006 1863 καὶ

2122 1827 2145 1860 ι(
2175 1807 2419 1879 quidem
2440 1806 2568 1879 jam
2603 1813 2737 1863 ante
2766 1808 2885 1863 dixi
2915 1808 3074 1880 quod
3119 1809 3181 1864 in
3222 1809 3502 1866 cordibus
3550 1812 3769 1867 nostris

354 1910 517 1974 συζῆν
527 1947 541 1961 .

428 1991 598 2049 Πάλιν
625 1990 719 2049 τὸν
750 1987 877 2066 περὶ
937 1988 1155 2064 ἀγάπης
1213 1992 1356 2043 κινεῖ
1412 1985 1598 2063 λόγον.
1631 1983 1860 2058 Ἐπειδή
1894 1987 2000 2064 γὰρ

354 2081 583 2156 ἔπληξεν
614 2080 832 2157 αὐτοὺς,
884 2079 1050 2136 εἰπὼν
1113 2079 1195 2135 ὅτι
1256 2076 1425 2135 αὐτοῦ
1480 2080 1576 2151 μὲν
1632 2076 2006 2156 ἀποφοιτῶσι,

351 2171 667 2231 κολλῶνται
727 2168 785 2227 δὲ
837 2167 1086 2231 ἀπίστοις
1162 2167 1252 2224 καὶ
1308 2166 1656 2243 ἀκαθάρτοις,
1712 2170 1802 2223 νῦν
1857 2168 2007 2243 θερα-

351 2263 505 2322 πεύει
562 2261 761 2323 αὐτοὺς
812 2259 904 2316 καὶ
959 2278 1113 2336 φησι·
1176 2282 1204 2311 ‹‹
1236 2259 1543 2334 Χωρήσατε
1572 2257 1741 2329 ἡμᾶς,
1784 2279 1814 2308 ››
1845 2277 2006 2313 τουτ-

348 2353 462 2411 ἐστι
496 2396 510 2422 ,
577 2352 805 2421 Δέζασθε
860 2351 1009 2422 ἡμᾶς
1047 2391 1061 2418 ,
1114 2348 1205 2403 καὶ
1263 2346 1332 2402 τὰ
1388 2347 1549 2420 ἡμῶν
1610 2345 1852 2420 ῥήματα’
1911 2350 2004 2400 νῦν

350 2444 456 2520 γάρ
488 2443 608 2497 οἷον
643 2434 1024 2512 ἐκϐεϐλήμεθα
1066 2442 1175 2493 τῶν
1232 2432 1486 2491 διανοιῶν
1522 2435 1694 2509 ὑμῶν.
1727 2436 1860 2493 Εἶτα
1913 2434 2005 2490 καὶ

346 2527 985 2607 τοὺςψευδαποστόλους
1028 2524 1430 2601 αξνιττόμενοςν
1489 2522 1675 2608 φησίν·
1741 2522 2006 2608 «οὐδένα

349 2619 718 2695 ἠδικήσαμεν,
748 2619 784 2689 ἢ
818 2615 1219 2698 διεφθείραμεν,
1257 2639 1279 2667 ι
1333 2612 1388 2670 ἐν
1421 2611 1684 2689 δόγμασιν
1741 2607 2003 2670 ἀσεϐίσιν.

354 2710 390 2782 ἢ
422 2709 947 2782 ἐπλεονεκτήσαμεν,
1006 2704 1487 2782 χρηματισάμενοι
1549 2700 1639 2759 διὰ
1692 2702 1784 2758 τὸν
1839 2700 2005 2780 λόγον

353 2802 445 2858 καὶ
499 2801 564 2856 τὸ
633 2800 916 2876 κήρυγμα.
977 2797 1049 2853 Ἦ
1104 2796 1193 2865 τὸ,
1250 2818 1279 2848 ‹‹
1311 2794 1637 2871 Χωρήσατε,
1670 2816 1700 2846 ››
1738 2792 1853 2849 ἀντὶ
1907 2796 2009 2849 τοῦ

355 2887 678 2961 Εῐσδέξασθε
739 2890 888 2962 ἡμᾶς
947 2885 1023 2948 εἰς
1080 2883 1177 2949 τὰς
1223 2885 1406 2959 ψυχᾶς
1467 2883 1646 2957 ὑμῶν.
1705 2907 1734 2935 κ
1767 2882 1840 2938 Οὐ
1870 2881 2011 2957 πρὸς

353 2979 668 3055 κατάκρισιν
697 2976 865 3053 λέγω.
908 2997 938 3027 n
976 2972 1092 3031 Ούκ
1150 2971 1239 3028 ἐπὶ
1291 2976 1370 3046 τῷ
1420 2976 1762 3047 κατακρῖναι,
1820 2969 2010 3051 φησὶν,

361 3070 502 3142 ὑμᾶς
555 3066 701 3143 λέγω
757 3068 947 3121 ταῦτα.
1008 3061 1179 3127 Πόθεν
1234 3058 1452 3131 δῆλον;
1492 3058 1552 3115 ἐκ
1605 3066 1709 3130 τῆς
1766 3059 2005 3135 ἀγάπης.

356 3158 484 3215 "Ott
538 3154 591 3211 ἐν
664 3158 785 3216 ταῖς
835 3148 1085 3230 καρδίαις
1138 3151 1300 3224 ἡμῶν
1331 3196 1347 3221 ,
1396 3149 1584 3222 φησὶν,
1636 3147 1757 3205 ἐστε
1813 3148 1889 3211 εἷς
1947 3148 2009 3203 τὸ

2038 1884 2081 1948 Β
2112 1919 2142 1949 ‹‹
2170 1898 2300 1953 sitis
2322 1897 2396 1953 ad
2427 1899 2942 1955 commoriendum
2974 1906 3034 1956 et
3057 1902 3506 1958 convivendum.

2184 1988 2441 2043 Rursum
2473 1986 2543 2042 de
2583 1986 2905 2043 dilectione
2964 1994 3159 2044 movet
3209 2007 3568 2047 sermonem.
3602 1993 3768 2057 Quo-

2115 2076 2278 2132 niam
2309 2076 2469 2132 enim
2500 2076 2637 2133 illos
2659 2077 3080 2145 momorderat,
3107 2078 3309 2136 dicens
3329 2081 3485 2152 quod
3516 2083 3668 2137 648
3693 2081 3767 2137 ab

2113 2165 2245 2237 ipso
2276 2163 2519 2236 quidem
2550 2164 2944 2231 discederent,
2978 2167 3307 2225 incredulis
3338 2176 3536 2227 autem
3568 2171 3629 2225 in
3664 2171 3773 2225 im-

2112 2253 2354 2310 mundis
2379 2253 2791 2311 adhzererent:
2848 2256 3010 2328 ipsos
3042 2274 3200 2313 nunc
3231 2259 3342 2314 sibi
3378 2259 3676 2325 conciliat,
3711 2260 3776 2315 et

2114 2346 2200 2402 ait
2229 2363 2242 2401 :
2272 2367 2301 2396 ‹‹
2332 2345 2590 2419 Capaces
2621 2350 2807 2401 estote
2848 2345 3055 2401 nostri.
3095 2370 3123 2396 ››
3173 2348 3292 2403 Hoc
3343 2354 3453 2416 est,
3486 2349 3771 2420 suscipite

2114 2452 2223 2490 nos
2236 2451 2303 2491 ac
2333 2434 2511 2490 verba
2532 2440 2764 2503 nostra;
2793 2452 2952 2491 nunc
2974 2436 3133 2491 enim
3165 2436 3340 2493 veluti
3366 2437 3538 2510 ejecti
3566 2454 3774 2493 sumus

2114 2523 2462 2582 amentibus
2475 2525 2705 2581 vestris.
2730 2524 2952 2581 Deinde
2969 2526 3194 2598 pseudo
3213 2528 3517 2598 apostolos
3534 2545 3770 2599 quoque

2115 2614 2433 2688 designans
2468 2614 2597 2671 ait:
2656 2615 2967 2671 Neminem
3025 2614 3289 2672 lmsimus
3345 2623 3447 2673 aut
3504 2619 3777 2689 corrupi-

2114 2722 2270 2774 mus,
2306 2729 2327 2756 ι
2359 2705 2561 2778 impiis
2619 2704 2932 2779 dogmatis,
2980 2711 3081 2761 aut
3128 2706 3647 2777 circumvenimus,
3682 2709 3774 2764 lu-

2115 2812 2284 2852 crum
2315 2794 2435 2852 sive
2461 2800 2755 2867 quaestum
2787 2811 2858 2851 ex
2887 2812 3163 2852 sermone
3209 2814 3315 2853 seu
3352 2798 3774 2870 praedicatione

2117 2890 2435 2941 sectantes.
2467 2888 2604 2954 Aut,
2637 2907 2666 2936 «
2698 2886 2955 2958 Capaces
3000 2892 3210 2953 estote,
3245 2909 3274 2938 »
3326 2889 3385 2943 id
3416 2894 3530 2954 est,
3563 2889 3624 2943 in
3656 2889 3780 2943 ani-

2116 2991 2244 3031 mas
2274 2981 2498 3031 vestras
2530 2990 2639 3031 nos
2667 2975 2983 3032 admittite.
3021 2997 3048 3027 σ
3079 2979 3205 3031 Non
3262 2978 3337 3033 ad
3369 2977 3779 3033 condemnan-

2116 3064 2259 3120 dum
2293 3063 2444 3121 dico.
2477 3084 2503 3116 ιι
2538 3065 2667 3120 Non
2699 3064 2760 3119 in
2799 3064 2913 3120 hoc
2942 3071 3008 3120 ut
3065 3082 3165 3121 vos
3223 3067 3616 3122 condemnem
3648 3067 3778 3123 haec

2116 3152 2270 3210 dico.
2305 3152 2469 3209 Unde
2484 3153 2596 3209 hoc
2610 3153 2995 3209 manifestum
3020 3155 3244 3210 estYEx
3257 3155 3600 3224 dilectione,
3619 3156 3777 3227 quod

365 3250 746 3310 συναποθανεῖν
800 3242 892 3299 καί
944 3246 1133 3312 συζῆν.
1184 3237 1499 3316 Προείρηκα
1537 3238 1664 3317 γὰρ,
1697 3235 1783 3294 ὅτι
1812 3236 1864 3293 ἐν
1890 3242 2007 3300 ταῖς

2122 3241 2177 3297 in
2207 3241 2485 3300 cordibus
2526 3241 2746 3298 nostris
2805 3242 2957 3307 sitis,
3010 3243 3228 3315 inquit,
3270 3244 3343 3300 ad
3374 3245 3777 3301 commorien-

363 3332 603 3412 καρδίαις
660 3336 823 3409 ἡμῶν
882 3331 1020 3391 ἐστε.
1070 3331 1187 3387 Ἐνι
1245 3328 1337 3385 καὶ
1395 3325 1756 3403 πεφιλῆσθαι,
1805 3327 1895 3383 καὶ
1953 3325 2005 3383 ἰν

357 3423 551 3501 καρδίᾳ
580 3422 717 3480 εἷιαί
743 3443 914 3494 τινος,
967 3422 1043 3495 μὴ
1108 3418 1217 3494 μὴν
1276 3414 1450 3479 οὕτως
1509 3417 1585 3480 ὦς
1626 3418 2010 3473 συναποθανεῖν

357 3514 448 3573 καὶ
478 3517 665 3589 συζῆν.
697 3511 855 3581 Πλὴν
915 3508 1042 3585 ἐμοὶ
1094 3507 1269 3569 οὕτως
1324 3506 1651 3587 πεφίλησθε.
1688 3507 1788 3561 Καὶ
1844 3510 2007 3562 ποῖον

356 3601 507 3669 εἶδος
533 3607 696 3660 τοῦτο
726 3600 913 3677 φιλίας
986 3598 1050 3656 τὸ
1083 3601 1250 3673 συζῇν
1286 3615 1301 3668 ;
1334 3596 1459 3666 Ναὶ,
1519 3595 1677 3677 φησὶ.
1735 3594 1852 3653 Etet
1904 3595 2008 3672 γὰρ

352 3715 515 3765 τινες,
548 3692 601 3750 οἳ
647 3697 765 3755 τοῖς
823 3688 1007 3768 φίλοις
1062 3690 1247 3749 κακῶς
1310 3686 1405 3759 μὶν
1463 3685 1758 3759 πράττουσι
1819 3684 2010 3740 συναλ-

349 3788 559 3861 γοῦσιν,
589 3779 919 3858 εύδρομοῦσι
951 3774 1029 3849 δὲ,
1061 3777 1370 3854 φθονοῦσιν.
1426 3771 1586 3831 Ἀλλ’
1644 3772 1753 3849 οὐχ
1816 3774 2001 3846 ἡμεῖς.

2115 3329 2257 3387 dum
2285 3331 2817 3388 etconvivendum.
2851 3355 2879 3382 ‹‹
2915 3332 3221 3404 Siquidem
3253 3333 3383 3406 jam
3442 3339 3619 3391 antea
3656 3334 3779 3390 dixi

2123 3420 2282 3493 quod
2312 3420 2376 3476 in
2403 3419 2683 3477 cordibus
2705 3421 2926 3477 nostris
2952 3422 3103 3478 sitis.
3139 3444 3168 3473 »
3192 3423 3494 3496 Contingit
3519 3429 3576 3479 et
3592 3423 3781 3479 amari

2122 3514 2181 3565 et
2209 3509 2271 3565 in
2304 3508 2481 3566 corde
2512 3509 2771 3584 alicujus
2803 3528 2956 3581 esse,
3007 3513 3173 3584 atqui
3236 3529 3358 3569 non
3416 3513 3499 3569 ita
3550 3519 3617 3569 ut
3644 3513 3786 3569 velit

2120 3597 2272 3654 alter
2299 3615 2421 3655 una
2450 3600 2738 3655 commori
2771 3616 3012 3672 unaque
3040 3602 3381 3658 convivere:
3410 3608 3671 3659 attamen
3713 3619 3782 3659 eo

2118 3686 2297 3743 modo
2328 3704 2429 3743 vos
2455 3704 2491 3743 a
2520 3704 2616 3744 me
2648 3689 2956 3745 amamini.
2991 3691 3060 3744 Et
3090 3690 3249 3761 quod
3305 3690 3546 3746 amandi
3594 3707 3782 3763 genus

2120 3780 2209 3831 est
2236 3793 2358 3833 una
2378 3777 2685 3834 convivere
2713 3778 2741 3834 ?
2770 3780 2873 3834 Est
2913 3780 3141 3851 utique.
3194 3782 3340 3836 Nam
3372 3786 3512 3836 sunt
3540 3781 3785 3851 quidam

352 3877 453 3949 qui
486 3872 697 3931 amicis
727 3870 970 3944 quidem
1002 3884 1154 3939 aegre
1185 3883 1253 3923 ac
1282 3864 1533 3922 moleste
1601 3862 1917 3939 agentibus
1959 3863 2300 3934 condolent,
2360 3872 2421 3923 at
2477 3866 2610 3924 laete
2668 3873 2728 3923 et
2782 3885 3068 3941 prospere
3119 3869 3452 3926 viventibus
3495 3870 3781 3928 invident.

354 3967 573 4021 Verum
605 3978 717 4018 nos
747 3977 869 4017 non
899 3960 982 4015 ita
1012 3958 1264 4031 agimus.

432 4049 627 4122 Πολλή
700 4071 793 4124 μοι
867 4044 1147 4123 παῤῥησία
1227 4043 1364 4119 πρὸς
1435 4043 1599 4117 ὑμᾶς,
1648 4038 1837 4111 πολλή
1920 4062 2014 4115 μοι

354 4142 635 4219 καύχησις
716 4139 848 4215 ὑπὲρ
938 4137 1118 4210 ὑμῶν.
1202 4131 1585 4209 Πεπλήρωμαι
1675 4133 1745 4207 τῇ
1836 4149 2017 4207 παρα-

351 4232 575 4305 κλήσει,
627 4226 1155 4308 ὑπερπερισσεύομαι
1240 4227 1310 4298 τῇ
1387 4225 1535 4299 χαρᾷ
1589 4219 1677 4279 ἐπὶ
1737 4222 1882 4298 πάσῃ
1942 4223 2013 4295 τῇ

356 4321 542 4399 θλίψει
569 4323 753 4395 ἡμῶν.

424 4398 557 4472 Εἶτα
585 4432 677 4468 και
707 4409 899 4472 ἄλλως
955 4407 1019 4464 τὸ
1054 4403 1192 4483 βαρὺ
1244 4410 1346 4474 τῆς
1391 4399 1742 4473 ἐπιπλήξεως
1781 4398 2011 4459 λεαίνει.

353 4503 434 4564 Οὔ
464 4501 800 4580 κατακρίνων
842 4498 1009 4573 ύμᾶς,
1067 4493 1227 4573 φησὶ,
1281 4495 1451 4547 ταῦτα
1504 4489 1675 4567 λέγω,
1734 4486 1862 4546 ἀλλ’
1922 4489 2007 4547 ὅτι

2198 4046 2318 4115 VII,
2346 4045 2399 4101 4.
2427 4070 2455 4097 ‹‹
2481 4048 2663 4104 Multa
2689 4048 2837 4103 mihi
2866 4048 3082 4105 fiducia
3113 4066 3252 4123 erga
3271 4067 3395 4119 vos,
3427 4048 3616 4106 multa
3638 4050 3787 4105 mihi

2132 4156 2159 4189 ι
2173 4136 2447 4209 gloriatio
2462 4138 2533 4194 de
2546 4138 2729 4206 vobis,
2749 4138 3029 4213 impletus
3044 4157 3175 4196 sum
3189 4141 3597 4197 consolatione
3614 4141 3755 4196 veho
3768 4171 3790 4182 -

2124 4250 2155 4279 «ι
2173 4228 2489 4286 hementer
2511 4230 2745 4287 exundo
2767 4231 2980 4304 gaudio
3012 4232 3074 4287 in
3096 4231 3261 4288 omni
3294 4231 3620 4288 attlictione
3643 4250 3785 4288 nos-

2124 4339 2154 4370 ‹‹
2186 4323 2300 4376 tra.
2336 4342 2366 4371 »

2194 4409 2419 4465 Deinde
2442 4410 2561 4467 alio
2583 4427 2820 4484 quoque
2841 4412 3018 4469 modo
3040 4413 3385 4485 gravitatem
3416 4412 3566 4469 lenit
3595 4412 3792 4469 incre-

2122 4499 2404 4572 pationis.
2426 4501 2551 4556 Non
2570 4501 2717 4570 hac,
2744 4502 2963 4575 inquit,
2986 4503 3118 4559 dico
3141 4510 3205 4559 ut
3228 4522 3326 4559 vos
3348 4503 3743 4559 condemnem
3770 4519 3784 4558 :

354 4594 547 4665 πολλή
586 4577 684 4668 μοι
713 4588 993 4666 παῤῥησία
1024 4585 1163 4663 πρὸς
1196 4583 1360 4658 ὑμᾶς,
1421 4577 1555 4668 ὅπερ
1583 4580 1675 4637 καὶ
1727 4584 1919 4668 τοῦτο
1941 4580 2007 4635 εῖ-

2125 4586 2232 4643 sed
2264 4604 2407 4659 quia
2436 4589 2627 4647 multa
2658 4591 2803 4646 mihi
2836 4590 3055 4647 ﬁducia
3085 4609 3225 4666 erga
3245 4610 3365 4657 vos,
3398 4591 3555 4663 quod
3588 4598 3647 4647 et
3677 4592 3789 4646 hoc

360 4684 453 4749 δος
484 4665 722 4761 ἀγάπης.
754 4665 821 4724 4-
851 4675 1076 4738 ’Άλλως
1132 4672 1350 4761 [ΦΩΤ.7]
1384 4669 1448 4728 Εἰ
1506 4666 1559 4761 εν
1613 4672 1734 4728 ταῖς
1766 4665 2014 4761 καρδίαις

361 4777 511 4850 ἤμᾶς
533 4758 711 4848 ⁷ἔχεις,
744 4770 795 4825 οἶ
828 4764 1001 4824 οὕτως
1033 4764 1242 4840 ἀγαπᾷς
1305 4760 1381 4822 ὡς
1419 4758 1529 4850 ,καὶ
1560 4759 2015 4850 συναποθνήσκειν

362 4846 455 4923 καὶ
514 4846 704 4938 συξῇν,
765 4858 854 4915 διὰ
919 4856 973 4913 τί
1027 4852 1277 4933 ἐλέγχεις
1344 4848 1436 4906 καὶ
1485 4846 2016 4938 ἐπιπλήττειςξᾎΔι*

363 4955 495 5013 αὐτὸ
522 4935 709 5020 τοῦτο,
744 4947 928 5026 φησίν.
973 4947 1071 5003 Ἐκ
1098 4944 1202 5019 γὰρ
1231 4945 1330 4996 τοῦ
1398 4938 1748 5015 ὑπεραγαπᾷν
1796 4935 2017 5008 πολλὴν

362 5043 482 5126 ἔχω
509 5047 610 5115 τὴν
642 5042 780 5119 πρὸς
813 5041 952 5112 ὑμᾶς
999 5033 1329 5111 παρρησίαν,
1361 5030 1451 5089 καὶ
1509 5028 1673 5085 πύδὶν
1732 5029 2022 5109 ὑφορῶμαί

366 5122 692 5204 σκάνδαλον,
728 5135 802 5208 μή
835 5135 953 5193 πῶς
1005 5126 1285 5205 τραχύνω,
1324 5126 1399 5199 μή
1433 5127 1551 5186 πῶς
1583 5122 1658 5185 εἰς
1719 5122 2021 5197 ἀγανάκτη-

367 5252 450 5287 σιν
513 5226 850 5303 περιστήσω,
921 5221 996 5294 μή
1054 5221 1171 5279 πῶς
1204 5215 1281 5277 είς
1335 5210 1727 5303 ἀπόγνωσιν,
1778 5210 2022 5303 (τὲούναν-

359 5320 507 5392 τίον)
556 5297 632 5379 είς
691 5310 1084 5390 περιφρόνησιν
1144 5304 1442 5381 ἀπενὲγκω.
1500 5303 1562 5392 Ὀ
1628 5301 1733 5392 γᾷρ
1792 5297 2018 5392 ᾇληθῶς

364 5389 609 5488 ἀγαπῶν,
641 5389 1096 5475 πάσηςγῦποψίας
1126 5398 1369 5470 πονηρᾶς
1425 5391 1551 5488 περὶ
1606 5390 1736 5488 τοὺς
1792 5389 2018 5488 dra-mn:

370 5480 565 5578 μένους
594 5492 975 5568 ἀπήλλακται,
996 5489 1087 5546 καὶ
1103 5487 1301 5546 λοιπὸν
1322 5481 1670 5561 θαρρούντως
1701 5480 1907 5537 ἅπαντα
1926 5482 2017 5538 καί

362 5567 514 5649 ⁸ποιεῖ
541 5587 633 5645 καὶ
660 5567 833 5662 λέγει.
865 5616 933 5627 --
957 5581 1030 5638 ’Ἠ
1059 5577 1152 5635 καὶ
1183 5575 1381 5662 οὕτως·
1417 5572 1582 5629 Πόθεν
1621 5567 1813 5662 δῆλον,
1837 5571 1921 5662 ὅτι
1952 5570 2016 5627 ού

366 5657 846 5759 πρὸςκατάκρισιν
878 5672 1026 5729 εἶπον
1058 5692 1075 5740 ς
1109 5664 1250 5724 διότι
1308 5661 1361 5720 ἐν
1410 5667 1530 5724 ταῖς
1568 5657 1821 5759 καρδίαις
1850 5661 2014 5735 ἤμῶν

362 5748 564 5847 ἔχομεν
626 5748 792 5842 ὑμᾶς,
849 5761 940 5819 καὶ
995 5762 1139 5831 ἑξῆς.
1203 5758 1384 5815 Τοῦτο
1442 5750 1500 5808 δὲ
1567 5750 1733 5807 πόθεν
1796 5748 2014 5821 δῆλον;

2126 4693 2312 4752 genus
2346 4684 2436 4735 est
2464 4681 2715 4738 intensm
2765 4682 3127 4739 dilectionis.
3160 4714 3228 4724 —
3261 4683 3392 4739 Alio
3434 4684 3612 4738 modo.
3647 4683 3703 4737 Si
3727 4684 3790 4740 in

2129 4768 2405 4825 cordibus
2435 4786 2545 4826 nos
2575 4770 2760 4826 habes
2786 4787 2799 4825 :
2833 4771 2882 4826 si
2915 4771 3062 4827 adéo
3091 4772 3288 4843 diligis
3317 4776 3382 4826 ut
3412 4777 3470 4826 et
3497 4774 3789 4828 commori

2127 4857 2273 4913 velis
2295 4864 2354 4914 et
2382 4858 2710 4928 convivere,
2771 4877 2951 4932 quare
2997 4860 3195 4933 arguis
3244 4866 3301 4915 et
3349 4860 3627 4932 objurgas
3658 4861 3685 4916 σέ
3715 4859 3789 4917 ob

2127 4946 2242 5004 hoc
2272 4965 2488 5021 Ipsum,
2524 4948 2739 5022 inquit.
2792 4951 2935 5005 Nam
2995 4950 3136 5022 quia
3192 4950 3573 5006 vehementer
3630 4967 3787 5022 amo,

2129 5054 2345 5112 magna
2375 5045 2507 5093 utor
2536 5056 2674 5113 erga
2693 5056 2794 5095 vos
2817 5039 3102 5111 loquendi
3133 5040 3430 5106 libertate,
3463 5057 3574 5095 nec
3594 5040 3788 5096 ullum

2127 5146 2336 5185 vereor
2367 5130 2815 5201 ot‘l‘endiculum,
2850 5149 2923 5187 ne
2956 5131 3258 5203 quomodo
3318 5149 3686 5204 exasperem,
3711 5148 3783 5187 ne

2131 5220 2427 5293 quomodo
2458 5220 2531 5276 ad
2561 5221 3032 5295 indignationem
3059 5222 3359 5287 inducam,
3394 5239 3470 5277 ne
3489 5221 3788 5294 quomodo

2129 5309 2192 5364 in
2226 5309 2745 5381 desperationem:
2779 5315 2933 5366 aute
2975 5311 3205 5368 diverso
3263 5312 3326 5367 in
3381 5317 3790 5384 contemptum

2126 5400 2450 5473 pelliciam.
2480 5403 2624 5458 Nam
2654 5402 2755 5473 qui
2788 5419 2920 5458 vere
2954 5402 3166 5476 diligit.
3195 5403 3358 5458 omni
3388 5419 3566 5475 prava
3597 5403 3788 5474 suspi-

2128 5489 2299 5546 cione
2327 5490 2486 5547 circa
2516 5508 2619 5547 eos
2645 5492 2746 5563 qui
2780 5491 3111 5561 diliguntur
3140 5493 3371 5549 solutus
3405 5498 3515 5561 est,
3540 5494 3789 5566 jamque

2127 5580 2331 5636 omnia
2360 5580 2732 5638 conﬁdenter
2751 5586 2809 5637 et
2835 5581 2979 5638 facit
3000 5586 3060 5639 et
3089 5582 3249 5639 dicit.
3271 5614 3343 5625 —
3371 5585 3486 5639 Aut
3506 5581 3607 5637 hoc
3625 5581 3792 5635 etiam

2124 5670 2306 5726 modo.
2332 5669 2499 5728 Unde
2542 5672 2928 5729 manifestum
2988 5678 3077 5729 est
3132 5674 3291 5746 quod
3344 5687 3466 5727 non
3523 5669 3600 5727 ad
3648 5685 3792 5725 con-

2127 5757 2542 5817 demnandum
2564 5760 2818 5820 dixerim
2836 5762 2865 5819 ?
2885 5761 3101 5834 quiain
3132 5760 3410 5818 cordibus
3441 5758 3662 5814 nostris
3694 5759 3794 5813 ha-
