4080 6422
287 381 406 444 995

1413 373 1824 441 (ΙΟΟΜΕΝΙΙ
1869 373 2182 435 TRICC/E
2225 373 2586 436 EPiSCOPI

3599 373 3722 438 996

290 513 504 568 bemus
536 529 656 578 vos,
691 515 802 566 etc.
840 509 1004 565 Unde
1037 513 1236 563 autem
1269 508 1380 563 hoc
1430 506 1650 578 patet?
1703 507 1785 560 Ex
1837 505 1949 560 hoc

2077 508 2153 557 Εκ
2181 507 2279 557 τοῦ
2309 502 2523 580 θαρῥεῖν
2559 502 2713 575 ὑμῖν,
2759 503 2850 557 καὶ
2897 501 3361 578 παρρησιάζεσθαι
3391 505 3528 578 πρὸς
3559 506 3724 579 ὑμᾶς.

297 603 456 674 quod
483 601 643 656 vobis
675 599 1032 654 confidimus
1073 604 1131 653 et
1164 597 1347 652 libere
1379 598 1610 669 agimus
1642 611 1778 666 erga
1835 610 1959 648 vos.

295 691 406 746 Sed
437 697 494 746 et
522 691 632 744 hoc
689 687 846 743 unde
903 687 1288 742 manifestum
1347 692 1438 740 est
1466 686 1492 738 ‘?
1524 685 1676 740 649
1702 681 1959 746 Glorior,

294 779 507 848 inquit,
535 778 597 831 in
622 777 803 832 vobis.
831 778 978 831 Nam
999 777 1107 830 hoc
1126 774 1366 830 aliunde
1386 791 1505 829 non
1523 773 1803 845 gignitur,
1830 770 1953 825 nisi

295 883 365 920 ex
396 865 732 920 vehementi
764 864 1128 920 conﬁdentia
1157 869 1215 918 et
1245 863 1582 917 securitate.
1617 860 1754 915 ldeo
1811 875 1960 930 quo-

294 971 407 1024 que
447 955 530 1008 ait
560 971 572 1008 :
605 953 893 1026 lmpletus
935 969 1064 1007 sum
1104 951 1541 1018 consolatione,
1576 972 1604 1000 »
1639 957 1697 1005 et
1724 955 1963 1012 caetera,

296 1065 323 1092 «
361 1044 517 1098 Muta
549 1043 693 1096 mihi
713 1042 984 1114 gloriatio
1005 1041 1076 1095 de
1102 1040 1285 1095 vobis.
1325 1063 1344 1088 ιο
1374 1041 1510 1094 Haec
1541 1038 1785 1109 quidem
1813 1037 1968 1108 prio-

293 1131 459 1186 ribus
475 1147 606 1185 esse
631 1131 904 1185 videntur
919 1147 1047 1185 esse
1073 1129 1391 1197 contraria,
1416 1129 1515 1183 ubi
1542 1128 1677 1182 illos
1693 1124 1970 1181 condem-

297 1222 760 1291 navittanquam
789 1220 1048 1289 indignis
1097 1218 1473 1274 adhaerentes
1508 1235 1520 1270 :
1558 1215 1664 1271 sed
1695 1214 1847 1269 nihil
1879 1219 1968 1268 est

297 1311 726 1381 repugnantia}.
773 1310 918 1363 Nam
974 1308 1066 1362 his
1121 1308 1313 1362 verbis
1373 1307 1576 1362 laudat
1627 1323 1748 1371 eos,
1811 1304 1965 1357 viam

298 1405 661 1470 praestruens
675 1415 790 1469 quo
805 1399 1033 1452 utilitas
1048 1397 1574 1468 reprehensionum
1594 1395 1766 1450 facile
1785 1392 1967 1448 susci-

292 1489 510 1560 piatur,
543 1507 678 1544 cum
712 1487 831 1543 illaa
865 1488 937 1544 ab
965 1493 1204 1544 amante
1229 1487 1575 1559 procedant.
1610 1489 1690 1540 Ac
1723 1485 1770 1538 si
1802 1483 1962 1539 dice-

290 1584 419 1634 ret:
451 1581 576 1634 Non
609 1579 771 1634 enim
825 1579 984 1650 quod
1032 1595 1132 1633 vos
1182 1578 1706 1633 condemnaverim
1738 1574 1844 1628 illa
1869 1572 1964 1627 di-

292 1669 369 1732 xi,
403 1668 614 1723 Absit!
669 1667 772 1723 sed
833 1674 900 1723 ut
957 1667 1259 1734 crescatis,
1317 1667 1624 1738 magisque
1674 1662 1966 1736 proveha—

291 1757 440 1811 mini
473 1757 546 1811 ad
575 1757 878 1812 virtutem.
911 1788 980 1796 —
1006 1757 1134 1810 Alio
1164 1756 1342 1810 modo.
1404 1753 1773 1826 Objurgabat
1803 1750 1966 1822 prius

290 1863 391 1900 eos
424 1845 581 1916 quod
614 1846 689 1900 ad
723 1845 1066 1950 incredulos
1107 1861 1213 1916 per
1259 1844 1662 1950 idilecjtionei‘n
1699 1839 1966 1939 declina-
1998 1885 2041 1950 Β

295 1940 431 1989 rent
463 1952 661 1990 :nunc
691 1951 828 1989 vero
860 1933 1083 2001 laudat,
1119 1933 1276 2003 quod
1309 1949 1378 1988 ea
1409 1931 1480 1986 de
1512 1931 1728 2002 quibus
1765 1929 1964 2001 priore

293 2024 546 2093 epistola
601 2023 1036 2079 accusabantur
1086 2022 1350 2077 studiose
1397 2020 1811 2076 correxissent.
1848 2019 1966 2071 Hoc

291 2120 492 2169 autem
507 2115 711 2169 arbitri
735 2120 824 2169 est
844 2112 1192 2169 muneribus
1215 2129 1336 2167 non
1363 2111 1646 2182 corrupti,
1675 2116 1734 2164 et
1773 2113 1969 2164 errata

290 2204 750 2275 reprehendere,
783 2209 840 2259 et
874 2204 1108 2275 egregia
1167 2218 1350 2273 opera
1381 2200 1742 2256 collaudare.
1786 2222 1810 2247 κ
1846 2199 1966 2252 Im-

291 2292 490 2362 pletus
515 2309 648 2346 sum
683 2291 1114 2346 consolatione.
1144 2312 1169 2339 η
1202 2292 1476 2354 Quanam
1498 2288 1525 2342 ‘?
1554 2288 1704 2353 Quia
1725 2287 1868 2341 dum
1899 2301 1968 2340 ea

290 2380 363 2435 de
395 2381 611 2451 quibus
636 2398 736 2435 vos
771 2380 966 2451 priore
1025 2378 1279 2450 epistola
1338 2393 1648 2450 argueram
1705 2373 1964 2430 correxi-

294 2469 425 2534 stis,
456 2470 602 2541 ipsis
624 2469 902 2541 operibus
938 2485 1031 2523 me
1070 2467 1447 2535 consolastis,
1472 2473 1537 2522 ut
1561 2467 1691 2538 jam
1716 2481 1837 2520 non
1868 2463 1966 2518 do-

294 2558 452 2613 leam
480 2576 494 2624 ;
522 2576 632 2614 nec
656 2558 713 2612 id
739 2558 954 2626 solum,
979 2558 1193 2628 inquit,
1230 2557 1335 2611 sed
1368 2562 1426 2610 et
1453 2556 1670 2628 gaudio
1708 2571 1804 2609 me
1861 2553 1965 2607 im-

296 2647 526 2718 plestis.
576 2648 736 2702 Adeo
768 2647 935 2702 velox
968 2654 1026 2701 et
1054 2647 1264 2701 efficax
1295 2646 1451 2700 facta
1509 2650 1600 2699 est
1653 2644 1965 2699 correctio.

294 2741 364 2792 Et
397 2739 506 2793 hoc
539 2745 646 2806 est,
708 2739 868 2810 quod
928 2740 1039 2794 ait:
1087 2739 1481 2793 Vehementer
1538 2735 1772 2791 exundo
1832 2750 1968 2806 gau-

291 2828 413 2883 dio.
445 2851 474 2877 »
505 2829 756 2884 Tantum
791 2834 881 2884 est
911 2828 1214 2900 gaudium,
1270 2827 1485 2897 inquit,
1515 2832 1581 2881 ut
1612 2825 1784 2880 nobis
1821 2823 1963 2879 satis

290 2918 472 2972 fuerit
503 2918 577 2973 ad
594 2917 903 2973 ferendam
935 2934 1174 2972 omnem
1206 2916 1619 2971 afﬂictionem.

370 3018 489 3083 Vll,
524 3018 632 3072 5-8.
657 3039 683 3067 ‹‹
710 3016 941 3072 Etenim
966 3014 1556 3070 cumvenissemusin
1570 3012 1969 3069 Macedoniam

302 3106 576 3161 «nullam
626 3106 836 3160 habuit
874 3105 1306 3160 relaxationem
1352 3120 1486 3158 caro
1511 3108 1734 3168 nostra,
1777 3100 1966 3156 sedin

303 3219 327 3246 ‹‹
360 3196 638 3250 omnibus
672 3195 1106 3268 afiiigebamur.
1145 3193 1309 3248 Foris
1353 3208 1586 3264 pugnaa,
1618 3192 1780 3245 intus
1801 3190 1970 3244 timo-

311 3306 338 3338 α
363 3303 478 3342 res.
517 3289 730 3341 Verum
765 3287 864 3356 qui
915 3284 1255 3339 consolatur
1299 3282 1574 3349 humiles,
1632 3279 1972 3336 consolatus

311 3398 339 3427 ι(
374 3383 464 3432 est
494 3394 603 3431 nos
633 3379 784 3430 Deus
816 3393 922 3446 per
952 3375 1266 3430 adventum
1299 3373 1444 3428 Titi:
1479 3389 1600 3427 non
1625 3371 1816 3426 solum
1867 3386 1970 3424 au-

317 3486 338 3514 σ
365 3473 480 3521 tem
505 3484 611 3538 per
632 3466 948 3521 adventum
974 3465 1180 3536 ipsius,
1211 3479 1415 3517 verum
1460 3463 1636 3517 etiam
1682 3477 1788 3532 per
1836 3476 1972 3515 con-

307 3578 334 3605 ‹‹
370 3556 724 3610 solationem
749 3572 927 3626 quam
956 3555 1054 3608 ille
1096 3554 1326 3624 accepit
1359 3552 1431 3606 de
1463 3551 1665 3617 vobis;
1699 3567 1834 3604 cum
1863 3566 1966 3603 an-

304 3666 332 3693 ‹‹
359 3645 661 3700 nuntiaret
685 3644 855 3699 nobis
878 3650 1134 3699 vestrum
1161 3641 1549 3704 desiderium,
1573 3646 1827 3693 vestrum
1854 3637 1972 3693 luc-

305 3758 332 3784 ‹‹
368 3740 522 3792 tum.
547 3741 807 3790 vestrum
833 3751 936 3804 pro
961 3750 1055 3787 me
1081 3731 1271 3786 zelum
1298 3748 1310 3785 :
1337 3731 1483 3784 adeo
1516 3735 1583 3783 ut
1605 3728 1787 3800 magis
1807 3726 1966 3799 gavi-

313 3845 337 3876 a
365 3841 464 3878 sus
488 3824 876 3879 fuerim-Nam
899 3822 1036 3876 licet
1069 3819 1542 3876 contristaverim
1564 3835 1664 3872 vos
1690 3833 1794 3889 per
1811 3816 1965 3888 epis-

302 3936 329 3962 «
366 3913 570 3980 tolam,
606 3930 727 3968 non
761 3929 855 3968 me
887 3911 1151 3982 paznitet,
1187 3910 1364 3965 etiam
1398 3909 1445 3963 si
1469 3907 1829 3979 pmnituerit.
1865 3928 1892 3954 »

371 4011 594 4066 Deinde
621 4015 827 4066 narrat
854 4010 1267 4073 afﬂictionem,
1338 4013 1398 4061 et
1455 4021 1728 4060 sermone
1771 4004 1963 4075 ipsam

300 4101 549 4169 extollit,
583 4117 698 4171 quo
732 4101 928 4172 majus
974 4098 1249 4154 ostendat
1277 4097 1557 4169 gaudium
1591 4101 1834 4166 propter
1863 4094 1963 4163 ip-

299 4206 397 4245 sos
424 4195 754 4260 acceptum,
789 4188 944 4260 quod
976 4193 1200 4244 tantam
1226 4186 1488 4257 potuerit
1519 4184 1837 4239 obscurare
1885 4181 1966 4237 af-

299 4276 624 4332 ilictionem
644 4294 657 4343 ;
680 4293 818 4332 nam
843 4276 1346 4348 perseveravimus
1372 4273 1586 4342 inquit.
1622 4294 1649 4321 ‹‹
1676 4272 1839 4326 Foris
1862 4287 1964 4342 pu-

298 4381 447 4436 gnae.
476 4387 504 4414 »
549 4365 635 4420 ΑΙ)
660 4365 1006 4432 incredulis,
1036 4381 1185 4433 quos
1221 4361 1373 4416 solet
1411 4376 1619 4414 vocare
1662 4366 1958 4415 externos.

297 4455 453 4511 650
479 4477 507 4506 «
546 4456 708 4511 Intus
741 4457 1010 4522 timores,
1047 4476 1074 4503 »
1111 4457 1354 4522 propter
1393 4449 1705 4504 credentes
1739 4467 1812 4506 ne
1846 4466 1961 4521 quo

297 4544 474 4598 modo
558 4543 990 4600 tentationibus
1043 4541 1457 4596 emollescant.
1529 4541 1801 4594 «Verum
1858 4539 1959 4610 qui

2070 590 2246 648 Ἀλλά
2273 593 2363 648 καὶ
2391 597 2557 648 τοῦτο
2586 592 2748 647 πόθεν
2785 588 2958 662 δῆλον
2995 611 3009 649 :
3047 597 3376 668 Καυχῶμαι,
3426 593 3615 673 φησὶν,
3669 594 3724 652 ἐν

2074 685 2225 757 ὑμῖν.
2257 687 2429 740 Τοῦτο
2450 685 2554 760 γὰρ
2592 682 2827 748 ἄλλοθεν
2887 684 2954 738 οὐ
3013 685 3242 758 γίνεται.
3273 686 3310 756 ἢ
3371 683 3432 740 ἐκ
3466 690 3565 740 τοῦ
3601 685 3724 741 λίαν

2067 775 2382 828 πεποιθέναι
2412 774 2500 829 καὶ
2535 772 2770 849 Θαρῥεῖν.
2806 774 2899 828 Διὸ
2939 773 3029 828 καὶ
3061 795 3218 852 φησι,
3253 797 3281 826 ι)
3337 775 3727 849 Πεπλήρωμαι

2067 865 2136 936 τῇ
2178 861 2543 935 παρακλήσει,
2575 885 2605 915 ››
2655 862 2745 917 καὶ
2805 861 2948 932 ἑξῆς.
3017 886 3044 914 ‹‹
3081 861 3280 934 Πολλή
3352 884 3446 936 μοι
3505 864 3726 939 καύχη-

2069 973 2152 1014 σις
2215 953 2350 1028 ὑπὲρ
2413 954 2644 1026 ὑμῶν.»
2707 954 2889 1009 Ταῦτα
2974 950 3126 1007 δοκεῖ
3221 953 3317 1026 μέν
3403 957 3511 1008 τῶν
3571 955 3728 1028 πρώ-

2066 1062 2174 1096 των
2219 1041 2430 1096 ἐναντία
2489 1042 2778 1120 ὑπάρχειν,
2821 1038 2949 1105 ἔνθα
3004 1042 3184 1096 αὐτῶν
3248 1042 3726 1116 κατεγίνωσκενώς

2069 1130 2294 1192 ἀτόποις
2349 1129 2743 1203 κολλωμένων.
2805 1128 2964 1187 Ἀλλ’
3021 1127 3174 1186 οὐδὲν
3232 1129 3496 1189 ἐναντίον.
3529 1133 3591 1190 Ὀ
3621 1131 3726 1207 γὰρ

2071 1217 2161 1274 διὸ.
2190 1219 2398 1274 τούτων
2441 1218 2680 1288 ἔπαινος,
2709 1220 2809 1288 τήν
2843 1220 2950 1275 ἀπὸ
2994 1224 3102 1274 τῶν
3167 1218 3416 1298 ἐλέγχων
3450 1219 3721 1299 ὠφέλειαν

2072 1307 2465 1384 εὐπαράδεκτον
2526 1314 2693 1379 ποιεῖ,
2757 1308 2832 1371 ὠς
2882 1309 2989 1364 ἀπὸ
3049 1308 3338 1388 φιλοῦντος
3395 1309 3722 1385 λεγομένων,

2073 1399 2200 1454 ὠσεί
2266 1395 2439 1474 ἕλεγε’
2503 1400 2591 1466 Μὴ
2625 1398 2728 1472 γὰρ
2788 1398 2863 1458 ὡς
2902 1399 3255 1474 κατεγνωκὼς
3317 1399 3494 1472 ὑμῶν,
3547 1399 3727 1455 ἐκεῖνα

2071 1483 2297 1562 ἕλεγονς
2332 1487 2631 1561 Οὐμενοῦν.
2666 1485 2823 1544 Ἀλλ’
2865 1485 2961 1542 τίνα
3012 1485 3247 1543 ἐπιδῶτε
3312 1487 3448 1563 πρὸς
3508 1487 3725 1563 ἀρετην.

2072 1610 2140 1621 -
2168 1575 2417 1639 ”Αλλως.
2448 1577 2712 1648 Ἐπετίμα
2749 1577 3036 1652 πρότερον,
3069 1576 3122 1632 έν
3157 1578 3244 1641 οἷς
3272 1576 3410 1652 πρὸς
3441 1577 3569 1640 τοὺς
3599 1577 3734 1633 ἀπί-

2072 1687 2230 1728 στους
2262 1663 2351 1720 διὰ
2378 1672 2478 1735 τῆς
2530 1666 2748 1741 ἀγάπης
2802 1664 3112 1722 ἀπέκλινον.
3165 1667 3411 1722 Ἐπαινεῖ
3439 1663 3497 1722 δέ
3525 1671 3640 1735 νῦν,
3671 1665 3725 1723 έν

2073 1757 2158 1818 οἷς
2189 1756 2257 1810 τὰ
2281 1753 2334 1810 ἐν
2361 1759 2430 1828 τῇ
2459 1753 2700 1829 προτέρᾳ
2765 1755 3031 1828 ἐπιστολῇ
3092 1753 3456 1826 ἐπικληθέντα
3510 1756 3725 1829 αὐτοῖς,

2072 1841 2160 1899 διὰ
2219 1840 2461 1913 σπουδῆς
2520 1840 2905 1918 διωρθώσαντο
2939 1887 2953 1900 .
3030 1846 3206 1900 Τοῦτο
3274 1844 3377 1922 γὰρ
3435 1842 3728 1900 ἀδικάστου

2076 1930 2382 2004 διαιτητοῦ,
2414 1937 2478 1988 τὸ
2518 1931 2607 1988 καί
2635 1933 2701 1987 τὰ
2732 1933 3302 2010 ἡμαρτημέναψέγειν,
3343 1935 3435 1989 καὶ
3491 1935 3559 1989 τὰ
3589 1955 3726 1990 κατ-

2075 2021 2380 2097 ωρθωμένα
2419 2021 2470 2076 έν
2523 2021 2725 2094 ἐπαίνῳ
2781 2024 3074 2078 ποιεῖσθαι.
3149 2045 3178 2074 ι(
3218 2021 3604 2098 Πεπλήρωμαι
3652 2027 3724 2098 τῇ

2075 2111 2438 2185 παρακλήσει.
2478 2137 2497 2161 ι
2535 2110 2672 2182 Ποία
2706 2130 2718 2179 ;
2779 2113 2898 2168 Ὀτι
2955 2109 3038 2184 ἐφ’
3067 2112 3155 2172 οἷς
3204 2112 3271 2166 τὰ
3334 2109 3386 2165 ἐν
3421 2116 3489 2186 τῇ
3523 2114 3715 2188 πρώτῃ

2073 2201 2342 2276 κατέγνων
2417 2201 2566 2274 ὑμῶν
2624 2199 2914 2276 ἐπιστολῇ,
2975 2198 3379 2276 διορθωθέντές,
3441 2199 3510 2256 δι’
3550 2201 3726 2258 αὐτῶν

2076 2295 2182 2346 τῶν
2215 2289 2385 2367 ἓργων
2429 2289 2834 2365 παρεκαλέσατέ
2867 2311 2933 2363 με
2985 2291 3049 2345 τὸ
3115 2291 3190 2363 μὴ
3251 2288 3559 2356 λυπεῖσθαι.
3621 2291 3729 2348 Καὶ

2077 2381 2139 2436 οὗ
2176 2381 2340 2454 μόνον
2372 2385 2557 2447 τοῦτο,
2590 2380 2773 2457 φησὶν,
2805 2376 2953 2435 ἀλλά
2999 2380 3088 2434 καὶ
3150 2385 3325 2455 χαρᾶς
3393 2401 3458 2454 με
3489 2379 3728 2452 ἐνεπλή-

2078 2491 2228 2540 σατε,
2284 2470 2460 2533 οὕτως
2490 2472 2526 2539 ἡ
2560 2467 2848 2544 διόρθωσις
2906 2470 3177 2544 σύντομος
3207 2468 3417 2545 ἐγένετο
3450 2469 3540 2524 καὶ
3571 2470 3724 2546 ἐναρ-

2076 2563 2204 2636 γής.
2239 2565 2421 2618 Τοῦτο
2497 2559 2660 2630 ἐστιν,
2725 2583 2754 2612 ι(
2781 2557 3336 2636 Ὑπερπερισσεύομαι
3397 2563 3465 2633 τῇ
3499 2564 3666 2635 χαρᾷ.
3701 2583 3730 2611 ››

2077 2651 2179 2708 Καὶ
2210 2650 2452 2721 τοσαύτη
2523 2649 2659 2720 ἐστὶ,
2728 2651 2917 2729 φησὶν,
2949 2651 2984 2719 ἡ
3019 2649 3189 2725 χαρά,
3258 2650 3343 2704 δτι
3402 2649 3730 2721 ἀντὶπάσης

2073 2746 2298 2817 ἤρκεσεν
2333 2742 2469 2812 ἢμῑν
2502 2746 2602 2809 τῆς
2633 2738 2892 2812 θλίψεως.

2147 3018 2246 3074 Καὶ
2325 3019 2430 3094 γὰρ
2489 3018 2761 3084 ἐλθόντων
2819 3020 2982 3093 ἤμῶν
3064 3016 3139 3079 είς
3195 3014 3531 3075 Μακεδονίαν
3565 3058 3577 3082 ,
3638 3011 3728 3067 οὗ·

2078 3105 2268 3180 δεμίαν
2327 3105 2559 3184 ἔσχηκεν
2629 3107 2808 3163 ἄνεσιν
2893 3110 2929 3178 ἡ
2989 3108 3115 3181 σὰρξ
3201 3109 3366 3180 ἡμῶν
3409 3151 3424 3171 ,
3493 3101 3619 3159 ἀλλ’
3678 3100 3730 3156 ἐν

2085 3197 2247 3253 παντὶ
2306 3193 2650 3271 θλιϐόμενοι·
2711 3197 2948 3267 Ἔξωθεν
3011 3197 3232 3274 μάχαι,
3291 3193 3488 3250 ἔσωθεν
3549 3186 3735 3271 φόϐοι.

2085 3286 2243 3344 Ἀλλ’
2318 3289 2346 3341 ὁ
2426 3285 2756 3362 παρακαλῶν
2819 3287 2948 3348 τοὺς
3002 3284 3294 3346 ταπεινοὺς
3369 3282 3735 3358 παρεκάλεσεν

2080 3379 2228 3451 ἡμᾶς
2270 3379 2297 3432 ὁ
2351 3377 2480 3437 Θεὸς
2533 3375 2583 3430 ἐν
2641 3381 2710 3451 τῇ
2769 3375 3038 3447 παρουσίᾳ
3095 3375 3287 3444 Τίτου,
3349 3371 3409 3428 οὐ
3473 3374 3642 3446 μόνον
3678 3369 3735 3426 δὲ

2079 3466 2131 3521 ἐν
2161 3472 2230 3541 τῇ
2289 3467 2562 3542 παρουσίᾳ
2620 3467 2806 3536 αὐτοῦ,
2859 3463 3008 3519 ἀλλὰ
3062 3463 3153 3518 καὶ
3211 3461 3265 3518 ἐν
3312 3466 3381 3537 τῇ
3441 3459 3732 3535 παρακλή-

2079 3556 2238 3631 σειῇ
2295 3553 2619 3630 παρεκλήθη
2681 3554 2760 3632 ἐφ’
2820 3555 2972 3627 ὑμῖν,
3021 3551 3376 3630 ἀναγγέλλων
3434 3553 3570 3624 ἡμῖν
3630 3552 3733 3620 την

2082 3647 2235 3720 ὑμῶν
2283 3644 2607 3714 ἐπιπόθησιν
2639 3689 2654 3716 ,
2694 3645 2786 3699 τὸν
2868 3644 3020 3717 ὑμῶν
3080 3639 3318 3717 ὀδυρμὸν
3353 3686 3366 3711 ,
3425 3640 3517 3694 τὸν
3574 3639 3729 3714 ὑμῶν

2080 3735 2247 3805 ζῆλον
2311 3735 2444 3809 ὑπὲρ
2503 3732 2659 3806 έμοῦ.
2719 3735 2878 3787 Ὥστε
2939 3731 3154 3806 μᾶλλον
3222 3736 3486 3806 χαρῆναι,
3556 3729 3641 3782 ὅτι
3684 3727 3732 3782 εὶ

2075 3824 2164 3879 καὶ
2223 3822 2473 3896 ἐλύπησα
2531 3824 2670 3896 ὑμᾶς
2740 3821 2789 3877 έν
2850 3826 2917 3897 τῇ
2986 3817 3277 3894 ἐπιστολῇ,
3364 3820 3426 3875 οὐ
3491 3816 3734 3891 μεταμέ-

2075 3919 2247 3992 λομαι
2279 3919 2322 3973 εἰ
2354 3917 2442 3973 καί
2476 3917 2885 3991 μετεμελόμην.

2147 4012 2284 4067 Εἶτα
2316 4007 2586 4086 διηγεῖται
2640 4009 2740 4076 τὴν
2774 4006 2982 4081 θλίψιν,
3035 4007 3126 4061 καὶ
3184 4006 3391 4081 ἐπαίρει
3451 4003 3618 4074 αὐτὴν
3646 4009 3727 4077 τῷ

2075 4098 2251 4175 λόγῳ,
2276 4101 2369 4154 ἳνα
2397 4100 2496 4167 τὴν
2557 4096 2629 4153 δι’
2694 4096 2889 4160 αὐτοὺς
2951 4097 3128 4171 χαρὰν
3189 4095 3410 4169 μείζονα
3467 4091 3618 4168 δείξῃ
3649 4093 3728 4155 ὡς

2073 4188 2371 4264 ἰσχύσασαν
2432 4187 2702 4257 τοσαύτην
2752 4186 2937 4261 Θλίψιν
2995 4187 3344 4260 ἀμαυρῶσαι,
3413 4183 3463 4254 ἐξ
3507 4184 3582 4237 ὧν
3643 4178 3726 4236 δι-

2073 4275 2417 4351 ετελέσαμεν.
2445 4301 2471 4330 ‹‹
2505 4277 2739 4348 Ἕξωθεν
2785 4277 2985 4352 μάχαι.
3019 4299 3048 4327 ››
3120 4274 3270 4348 Παρᾶ
3325 4278 3432 4329 τῶν
3461 4270 3728 4342 ἀπίστων,

2073 4368 2165 4429 οὓς
2220 4360 2412 4438 ἔξωθεν
2452 4363 2640 4421 καλεῖν
2701 4364 2906 4421 εἶ’ωθεν.
2972 4388 3000 4417 ‹‹
3032 4364 3268 4420 νΕσωῦεν
3325 4357 3509 4439 φόϐοι.
3542 4384 3570 4412 »
3631 4360 3728 4415 Διὰ

2069 4456 2195 4510 τοὺς
2228 4455 2480 4522 πιστοὺς,
2519 4457 2592 4528 μή
2637 4477 2756 4518 πως
2809 4458 2925 4516 τοῖς
2984 4457 3314 4528 πειρασμοῖς
3376 4451 3732 4523 μαλακισθῶ-

2071 4568 2171 4602 σιν.
2205 4571 2232 4599 ‹‹
2268 4544 2424 4603 Ἀλλ’
2481 4547 2509 4601 ὁ
2541 4543 2871 4621 παρακαλῶν
2934 4545 3060 4607 τοὺς
3107 4541 3414 4604 ταπεινοὺς.
3451 4566 3471 4592 ι
3537 4540 3633 4601 Τίς
3674 4535 3734 4593 δέ

298 4633 644 4688 consolatur
674 4633 956 4688 humiles.
981 4656 1001 4683 ι
1033 4631 1173 4695 Quis
1201 4636 1290 4683 est
1339 4634 1536 4683 autem
1566 4629 1667 4699 qui
1701 4629 1956 4684 humiles

2076 4637 2103 4691 ὁ
2133 4640 2466 4711 παρακαλῶν
2496 4634 2624 4698 τοὺς
2655 4634 2941 4697 ταπεινοὺς
2973 4633 3062 4689 καὶ
3095 4633 3145 4688 έν
3188 4632 3494 4706 ἀνθρώποις
3552 4623 3735 4698 ἀϐοη-

301 4723 664 4787 éonsolatur,
699 4729 758 4778 et
788 4739 889 4776 eos
921 4721 1020 4792 qui
1055 4720 1212 4773 inter
1262 4718 1552 4782 homines
1589 4718 1822 4773 nullum
1865 4719 1964 4774 ha-

298 4811 444 4868 bent
473 4814 760 4869 auxilium
783 4812 811 4867 ?
835 4835 863 4861 «
899 4813 1050 4866 Deus
1080 4809 1385 4864 videlicet:
1421 4808 1516 4862 hic
1549 4824 1658 4863 nos
1696 4809 1965 4864 consola-

300 4907 394 4957 tus
415 4909 525 4968 est,
548 4903 764 4973 inquit,
795 4919 900 4973 per
929 4901 1245 4956 adventum
1282 4898 1413 4952 Titi.
1452 4920 1480 4946 »
1541 4899 1814 4969 Magnum
1863 4897 1968 4952 ali-

301 4992 439 5061 quid
478 5008 608 5046 esse
636 4993 799 5046 ducit
848 4991 1008 5045 illius
1061 4989 1403 5044 adventum.
1443 4986 1581 5041 Vult
1631 4986 1791 5041 enim
1849 4987 1962 5041 ﬁde

299 5080 544 5152 dignum
576 5081 731 5152 apud
764 5081 898 5134 illos
952 5086 1011 5134 et
1037 5079 1295 5134 amicum
1341 5078 1428 5132 eis
1461 5075 1710 5131 reddere
1750 5077 1962 5133 virum.

303 5190 330 5219 «
359 5171 487 5224 Non
516 5171 710 5225 solum
743 5177 942 5224 autem
1000 5186 1107 5241 per
1166 5169 1485 5223 adventum
1537 5166 1744 5237 ipsius.
1778 5191 1804 5216 n
1837 5168 1964 5223 Non

304 5259 520 5326 solum,
548 5260 763 5330 inquit,
796 5259 955 5313 illius
988 5259 1276 5313 adventus
1297 5257 1411 5311 fuit
1439 5255 1586 5310 mihi
1620 5273 1798 5310 causa
1821 5256 1966 5311 lasti-

302 5349 436 5415 tim;
479 5366 681 5404 verum
715 5349 892 5404 etiam
919 5349 1077 5419 quod
1111 5348 1235 5419 ipse
1268 5345 1733 5401 consolationem
1795 5363 1964 5401 acce-

301 5443 455 5513 perit
486 5447 544 5496 et
574 5440 939 5495 exhilaratus
963 5439 1142 5494 fuerit
1173 5455 1206 5493 a
1237 5436 1419 5491 vobis.
1482 5436 1773 5499 Quoniam
1807 5437 1964 5492 enim

302 5532 601 5588 emendati
637 5531 903 5598 fueratis,
933 5536 992 5586 et
1038 5530 1164 5600 ipse
1215 5544 1322 5598 per
1369 5526 1545 5580 vestri
1608 5525 1968 5582 immutatio-

300 5638 439 5677 nem
470 5621 941 5678 consolationem
965 5619 1214 5690 accepit,
1241 5624 1296 5671 et
1330 5633 1436 5670 nos
1463 5631 1581 5669 una
1607 5617 1964 5672 consalatio-

302 5729 439 5770 nem
464 5714 824 5786 accepimus.
860 5711 1034 5765 Vides
1068 5723 1247 5779 quam
1264 5705 1616 5760 familiarem
1642 5707 1966 5765 etamicum

2072 4726 2313 4796 θήτους;
2355 4751 2381 4777 ‹‹
2414 4729 2474 4782 ‘0
2532 4726 2686 4792 Θεὸς,
2723 4750 2750 4777 ››
2803 4721 3045 4795 δηλαδή·
3108 4720 3266 4784 οὗτος
3324 4723 3498 4795 ἡμᾶς,
3567 4718 3727 4794 φησὶ,

2071 4813 2408 4891 παρεκάλεσε
2489 4815 2579 4870 διὰ
2658 4821 2760 4883 τῆς
2843 4812 3140 4888 παρουσίας
3214 4810 3398 4868 Τίτου.
3462 4807 3614 4883 Μέγα
3675 4829 3735 4864 τι

2071 4909 2307 4959 ποιεῖται
2338 4906 2437 4974 τήν
2480 4904 2782 4978 παρουσίαν
2837 4904 3026 4960 αὐτοῦ.
3063 4899 3335 4958 Βῡύλεται
3405 4900 3510 4974 γὰρ
3568 4896 3730 4966 ἀξιό-

2073 5016 2262 5051 πιστον
2333 4995 2516 5056 αὐτοῖς
2604 4994 2694 5048 καὶ
2777 4991 2938 5070 φίλον
2993 4998 3328 5061 καταστῆσαι
3401 4991 3492 5044 τὸν
3545 4985 3730 5060 ἄνδρα.

2080 5107 2101 5135 ι
2145 5083 2222 5143 Οὐ
2267 5087 2432 5158 μόνον
2487 5081 2543 5139 δὲ
2599 5083 2651 5138 ἐν
2682 5089 2752 5158 τῇ
2785 5083 3056 5157 παρουσίᾳ
3113 5081 3301 5136 avito-3.
3332 5103 3360 5130 ››
3417 5079 3493 5136 Οὐ
3539 5076 3724 5152 μόνον,

2073 5174 2240 5252 φησὶν
2292 5219 2307 5242 ,
2365 5177 2400 5244 ἡ
2489 5173 2756 5249 παρουσία
2841 5174 3010 5228 αὐτοῦ
3099 5170 3323 5240 ἐποίησέ
3456 5190 3552 5242 μοι
3628 5166 3726 5234 τὴν

2073 5251 2454 5342 έῦφροσῦνην,
2523 5261 2670 5318 ἀλλά
2726 5261 2816 5317 καὶ
2887 5259 3338 5337 παρακεκλῆσθαι
3424 5257 3584 5313 αὐτὸν
3638 5251 3730 5309 καὶ

2074 5353 2376 5430 ηὐφράνθαι
2432 5353 2559 5428 παρ’
2640 5352 2816 5426 ὑμῶν.
2905 5346 3129 5418 Ἐπειδὴ
3185 5349 3288 5424 γὰρ
3351 5345 3729 5422 διωρθώοητε,

2075 5441 2234 5503 αὐτός
2262 5462 2319 5495 τε
2377 5440 2464 5496 ἐπὶ
2522 5444 2592 5515 τῇ
2655 5441 2808 5513 ὑμῶν
2873 5433 3156 5512 μεταϐολῇ
3217 5434 3566 5512 παρεκλήθη,
3634 5431 3727 5487 καὶ

2074 5531 2239 5602 ἡμεῖς
2288 5526 2850 5602 συμπαρεκλήθημεν.
2885 5527 3048 5601 Ὁρᾷς
3115 5529 3234 5588 πῶς
3291 5523 3474 5584 αὐτοῖς
3533 5519 3734 5576 οἶκειοῖ

2073 5619 2164 5674 τὸν
2186 5620 2347 5676 Τῖτον
2381 5637 2395 5687 ;
2444 5618 2617 5678 Οὗτος
2679 5617 2744 5685 ἧν
2780 5617 2807 5670 ὁ
2839 5614 3106 5694 πεμφθεὶς
3135 5614 3272 5690 πρὸς
3332 5611 3527 5672 αὐτοὺς
3600 5609 3736 5683 μετᾶ

2072 5715 2173 5778 τῆς
2205 5707 2432 5783 πρώτης
2491 5705 2807 5777 ἐπιστολῆς.
2845 5729 2869 5760 α
2909 5707 2974 5773 ᾚ
3029 5703 3355 5780 παρεκλήθη
3397 5700 3477 5780 ἐφ’
3511 5699 3661 5774 ὑμῖν,
3697 5721 3727 5750 »

3099 5170 3323 5240 ἐποίησέ
