4080 6382
355 342 474 404 997

1359 331 1766 395 COMMENT.
1812 330 1886 392 IN
1932 330 2181 395 EPIST.
2228 333 2287 397 II
2332 333 2445 397 AD
2485 336 2858 399 CORlNTH.

3666 338 3787 401 998

358 471 437 531 Ού
468 468 641 548 λέγει,
676 467 809 543 Παρ*
867 466 1046 541 ὑμῶν,
1104 462 1255 533 ἀλλ’,
1320 487 1346 516 ‹‹
1383 463 1500 543 Ἐφ’
1531 462 1683 537 ὑμῖν,
1718 485 1746 515 »
1795 461 1920 548 Ἐπὶ
1948 460 2016 537 τῇ

2135 465 2345 523 reddat
2375 467 2497 524 illis
2528 469 2723 524 Titum
2742 469 2771 525 ‘l
2801 469 2904 525 Hic
2934 468 3009 526 ad
3040 486 3142 526 eos
3172 469 3393 527 missus
3421 470 3620 528 fuerat
3659 487 3797 529 cum

358 563 512 637 ὑμῶν
542 546 670 637 γὰρ,
727 557 884 638 φησὶ,
946 549 1229 629 μεταϐολῇ
1284 554 1388 624 τὴν
1448 550 1794 630 παράκλησιν
1840 546 2024 627 ἔσχεν.

362 676 392 707 ι(
426 646 808 727 Ἀναγγέλλων
838 648 976 720 ἡμῖν
1032 644 1133 713 τήν
1194 644 1348 716 ὑμῶν
1390 640 1735 712 ἐπιπόθησιν.
1775 641 1908 697 Εἶτα
1935 641 2026 696 καὶ

359 739 532 810 αὐτὴν
560 726 663 807 τὴν
721 731 1067 810 παράκλησιν
1129 730 1302 807 λέγει.
1337 754 1366 784 ››
1402 726 1643 806 Εὕφρανε
1672 731 1804 806 γὰρ,
1838 730 2026 808 φησὶν,

358 833 528 904 ἡμᾶς,
564 826 926 907 ἀναγγέλλων
974 827 1112 898 ἡμῖν
1161 825 1263 893 τὴν
1323 822 1478 898 ὑμῶν
1537 822 1882 893 ἐπιπόθησιν,
1917 822 2023 892 ὅτι,

360 918 543 997 φησὶν,
576 917 821 974 ἐποθεῖτὲ
854 936 922 990 με
955 912 1108 972 ἰδεῖν.
1141 936 1170 966 ‹‹
1201 913 1306 971 Τὸν
1360 912 1515 986 ὑμῶν
1552 908 1815 986 ὀδυρμόν.
1850 933 1880 962 ››
1912 910 2028 969 Οὐκ

358 1007 667 1084 ἕδακρύετε,
725 1006 913 1085 φησὶν,
972 1003 1100 1060 ἀλλ’
1162 999 1436 1074 ὠδύρεσθε
1490 1000 1576 1056 ἐπὶ
1607 1004 1676 1076 τῇ
1711 1000 2025 1075 ἐπιτιμήσει

362 1119 469 1174 μου
498 1101 568 1172 τῇ
602 1096 654 1152 ἒν
685 1099 755 1170 τῇ
800 1094 994 1170 πρώτῃ
1055 1089 1349 1166 ἐπιστολῇ.
1381 1113 1405 1144 α
1443 1092 1551 1148 Τὸν
1588 1090 1740 1165 ὑμῶν
1773 1088 1960 1160 ξῆλον.
1996 1114 2025 1142 ››

357 1187 475 1246 Οὐκ
503 1187 653 1243 εἶπεν
687 1185 876 1262 ὀργῆν,
931 1182 1059 1239 ἀλλ’
1115 1181 1145 1237 ὅ
1184 1179 1353 1237 πλέον
1397 1181 1487 1250 ἦν,
1525 1177 1718 1250 ζῆλον,
1750 1178 1931 1258 φησὶν,
1964 1178 2023 1235 ὅν

358 1276 669 1354 ὠργίσθητε
743 1274 824 1346 τῷ
881 1272 1293 1348 πεπορνευκότι,
1351 1271 1443 1325 καὶ
1501 1275 1617 1333 τοῖς
1678 1267 2025 1346 διασύρουσιν

353 1369 505 1441 ἡμᾶς
538 1361 1034 1442 ψευδαποστόλοις.
1096 1386 1118 1414 σ
1150 1368 1311 1416 Ὥστε
1348 1381 1413 1433 με
1446 1358 1663 1433 μᾶλλον
1694 1366 1957 1436 χαρῆναι.
1993 1384 2023 1412 ››

356 1458 476 1516 Οὐκ
504 1453 855 1530 ἐλυπούμην,
885 1453 1072 1532 φησὶν,
1126 1448 1217 1506 διὰ
1271 1450 1369 1512 τὰς
1430 1447 1722 1524 εἰρημένας
1757 1470 1863 1524 μου
1897 1447 2023 1515 θλί-

355 1548 495 1621 ψεις.
536 1578 609 1588 —
645 1540 898 1604 Ἀλλως.
930 1541 1142 1614 [ΦΩΤ.]
1173 1537 1337 1600 Τίνος
1389 1535 1602 1611 μᾶλλον
1636 1544 1873 1613 χαρῆναι
1900 1557 1915 1607 ;
1948 1538 2020 1596 ’Ἠ

353 1639 457 1704 τῆς
490 1632 672 1704 λύπης
709 1628 923 1705 μᾶλλον
954 1634 1213 1704 χαρῆναι,
1263 1625 1331 1696 ἢν
1372 1623 1606 1695 ύπέστην
1636 1626 1689 1681 ἐν
1721 1630 1839 1689 τοῖς
1869 1625 2025 1700 είρη-

360 1723 544 1796 μὲνοις
593 1723 922 1795 πειρασμοῖς
973 1717 1064 1772 καὶ
1126 1714 1540 1790 στενοχωρίαις.
1598 1715 1670 1771 "Il
1703 1719 1804 1783 τῆς
1836 1712 2023 1784 λύπης

2132 556 2327 628 priore
2358 557 2634 630 epistola.
2676 579 2705 607 ‹‹
2739 559 3218 615 Consolationem
3252 577 3430 632 quam
3463 560 3566 616 ille
3634 578 3800 619 acce-

2084 696 2091 699 _
2131 644 2220 717 pit
2250 644 2320 701 de
2352 646 2538 703 vobis.
2571 669 2599 697 »
2633 651 2762 703 Non
2795 648 2957 712 dicit,
2986 665 3020 704 a
3045 648 3230 716 vobis,
3293 649 3397 705 sed
3424 665 3438 704 :
3500 671 3529 699 «
3581 651 3661 706 De
3708 668 3802 706 vo-

2131 733 2260 802 bis;
2289 756 2317 785 »
2352 735 2424 791 de
2455 741 2670 805 vestra,
2703 737 2916 808 inquit,
2951 737 3367 793 immutatione
3429 739 3793 795 consolatio-

2131 840 2269 879 nem
2303 824 2531 880 habuit.
2567 848 2594 875 ‹‹
2628 828 2770 881 Cum
2803 827 3190 883 annuntiat-et
3218 827 3391 883 nobis
3416 830 3788 884 vestiumde-

2133 912 2444 969 siderium.
2480 946 2550 955 —
2581 937 2608 965 «
2642 914 2867 970 Deinde
2926 915 3117 987 ipsam
3176 932 3412 987 quoque
3468 915 3614 971 dicit
3659 933 3795 972 con-

2134 1001 2513 1058 solationem.
2550 1025 2580 1054 »
2614 1004 2932 1059 oblectavit
2963 1020 3094 1071 nos,
3150 1004 3369 1075 inquit,
3428 1006 3792 1061 annuntians

2133 1091 2309 1147 nobis
2330 1098 2593 1149 vestrum
2618 1092 3003 1161 desiderium,
3028 1093 3188 1164 quod
3214 1109 3306 1147 me
3338 1093 3542 1149 videre
3565 1094 3794 1149 deside-

2131 1181 2364 1236 raretis.
2402 1204 2430 1231 ‹‹
2462 1180 2737 1238 Vestrum
2769 1182 3063 1237 luctum.»
3082 1181 3794 1254 Nonplorabatis,inquit,

2133 1270 2239 1326 sed
2267 1287 2469 1327 amare
2498 1271 2793 1346 lugebatis
2824 1272 2898 1328 ob
2929 1288 3125 1327 meam
3157 1271 3636 1345 objurgationem
3661 1288 3793 1344 quae

2131 1360 2287 1415 facta
2317 1365 2408 1415 est
2436 1376 2545 1433 per
2574 1360 2836 1433 priorem
2870 1360 3206 1432 epistolam.
3259 1383 3289 1412 «
3352 1363 3626 1418 Vestrum
3683 1379 3789 1435 pro

2131 1467 2228 1507 me
2255 1451 2468 1508 zelum.
2505 1474 2533 1502 »
2566 1453 2692 1508 Non
2723 1451 2891 1520 dixit,
2923 1453 3101 1521 Iram,
3136 1452 3239 1508 sed
3271 1452 3431 1524 quod
3460 1453 3596 1525 plus
3641 1458 3788 1521 erat,

2125 1540 2561 1613 Zeluminquit,
2578 1558 2694 1613 quo
2718 1542 2807 1598 ira
2836 1541 3071 1598 accensi
3103 1541 3301 1597 fuistis
3323 1542 3602 1599 adversus
3627 1559 3788 1599 scor-

2133 1634 2384 1686 tatorem
2429 1636 2488 1686 et
2541 1631 3076 1703 pseudoapostolos
3127 1632 3229 1703 qui
3285 1631 3459 1687 nobis
3517 1632 3790 1688 detrahe-

2128 1717 2293 1774 bant.
2330 1742 2358 1768 »
2390 1719 2552 1775 Adeo
2584 1723 2651 1773 ut
2679 1720 2866 1792 magis
2897 1720 3129 1793 gavisus
3158 1720 3394 1776 fuerim.
3458 1743 3485 1772 ››
3551 1721 3623 1777 Ut
3670 1738 3790 1776 non

357 1808 425 1881 ἤν
477 1809 730 1880 ὑπὲστην,
790 1805 934 1863 διότι
991 1804 1241 1876 ἐλύπησα
1301 1804 1443 1878 ὑμᾶς
1500 1802 1552 1858 ἐν
1602 1807 1671 1877 τῇ
1730 1800 2016 1875 ἐπιστολῇ.

2130 1806 2423 1879 lugerem,
2453 1808 2669 1879 inquit,
2701 1808 2775 1864 ob
2838 1809 3026 1865 dictas
3078 1826 3241 1865 meas
3295 1809 3668 1866 afﬂictiones.
3718 1841 3790 1852 -—-

357 1898 699 1974 Οἷκειότερον
730 1894 788 1952 δὲ
817 1897 880 1952 τὸ
939 1893 1211 1970 δεύτερον.
1269 1893 1412 1968 Πρὸς
1466 1895 1631 1948 τοῦτο
1662 1892 1767 1969 γὰρ
1799 1890 2013 1966 μᾶλλον

357 1986 452 2044 καὶ
482 1988 534 2042 οἱ
562 1986 683 2058 ἒξῆς
715 1984 1047 2063 ἀρμόζουσιν
1096 1983 1275 2059 λόγοι.
1329 1982 1563 2037 Δυνατὸν
1596 1978 1653 2036 δὲ
1679 1980 1769 2037 καὶ
1801 2002 2017 2055 παναμ-

360 2076 576 2156 φότερα.
611 2075 785 2147 Φησὶν
834 2073 949 2144 οὖν,
1011 2073 1093 2129 ὅτι
1153 2075 1189 2142 ἡ
1247 2072 1398 2149 χαρᾶ
1452 2070 1624 2128 πλέον
1656 2068 1948 2148 ηὕφρανεν,
1979 2070 2016 2142 ἢ

350 2168 387 2237 ἡ
422 2164 570 2238 λύπη
602 2166 843 2237 ἠνίασεν.
878 2167 1036 2234 Εἶτα,
1069 2163 1152 2219 ὅτι
1189 2162 1257 2218 Εἴ
1282 2162 1374 2218 καὶ
1406 2160 1658 2234 ἐλύπησα
1693 2162 1835 2236 ὑμᾶς
1865 2160 1919 2216 ἐν
1946 2165 2016 2236 τῇ

352 2254 645 2330 ἐπιστολῇ,
674 2256 863 2334 φησὶν,
905 2251 1032 2310 ἀλλ’
1086 2253 1181 2308 οὗν
1233 2251 1311 2314 εἷς
1365 2253 1652 2325 μετάνοιαν
1678 2250 2015 2322 ἐλυπήθητε,

352 2345 490 2421 ὅπερ
546 2344 659 2401 ἐστὶ
717 2345 854 2400 κατὰ
921 2343 1048 2399 Θεὸν
1105 2341 1443 2413 λυπηθῆναι.
1500 2340 1606 2398 Καὶ
1666 2342 1702 2410 ἡ
1766 2343 1859 2413 μὲν
1899 2340 2020 2395 καθ’

352 2436 547 2512 εἱρμὸν
601 2433 815 2490 διάνοια
864 2434 1024 2504 αὓτη.
1079 2432 1161 2489 Τὰ
1206 2428 1265 2486 δὲ
1311 2430 1528 2505 μεταξὺ,
1580 2424 1877 2503 περιϐολαὶ
1926 2428 2018 2484 καὶ

351 2522 710 2600 αίτιολογίαι,
740 2523 832 2578 καὶ
884 2520 1273 2595 ἐπαναλήψεις·
1335 2517 1513 2584 Εἶ’ωθε
1547 2519 1651 2596 γὰρ
1685 2519 1713 2573 ὁ
1742 2520 1888 2580 θεῖος
1919 2518 2020 2573 οὗ-

349 2634 444 2677 τος
476 2613 617 2688 ἀνὴρ
647 2605 974 2687 περιϐολαῖς
1025 2604 1327 2684 περιϐολὰς
1373 2608 1661 2683 συνείρειν,
1693 2607 1786 2663 καὶ
1824 2627 2019 2681 μεστο-

350 2707 528 2758 ποιεῖν
563 2703 660 2758 τὸν
691 2700 879 2777 λόγον,
922 2697 1008 2755 διὸ
1055 2699 1147 2754 καὶ
1195 2697 1593 2773 ἐπαναλήψεως
1628 2693 1856 2753 δεῖσθαι.
1890 2698 2022 2755 Οἷον

355 2792 551 2865 μεταξὺ
613 2784 1071 2868 παρεμϐἑϐλητσι
1136 2795 1236 2858 τῆς
1321 2786 1619 2864 εἰρημένης
1675 2791 1772 2842 τοῦ
1848 2787 2021 2862 ῥητοῦ

354 2881 669 2959 συναφείας,
697 2879 781 2949 τὸ,
811 2902 840 2931 (ι
871 2879 952 2937 Οὔ
990 2874 1392 2952 μεταμέλομαι.
1433 2900 1455 2929 ιι

2129 1897 2260 1952 ΑΙιό
2283 1897 2468 1952 modo.
2497 1898 2680 1970 Cujus
2697 1899 3143 1970 comparatione
3175 1897 3320 1955 dicit
3340 1916 3402 1954 se
3422 1899 3610 1972 magis
3638 1900 3791 1973 gavi-

2132 2002 2263 2043 sum
2284 1985 2514 2042 fuisse?
2533 1990 2649 2042 Aut
2669 1988 2855 2060 magis
2894 1989 3127 2059 gavisus
3168 2006 3322 2053 sum,
3356 1989 3573 2060 inquit,
3606 2005 3784 2062 quam

2125 2075 2308 2131 fuerit
2334 2075 2576 2131 tristitia
2593 2092 2770 2147 quam
2796 2077 3052 2132 sustinui
3077 2076 3138 2131 in
3163 2077 3313 2132 meis
3360 2077 3788 2134 afﬂictionibus

2130 2169 2189 2218 et
2218 2165 2510 2237 angustiis
2547 2183 2560 2221 :
2595 2170 2698 2220 aut
2727 2182 2905 2235 quam
2936 2165 3118 2220 fuerit
3147 2165 3321 2221 dolor
3350 2182 3529 2237 quem
3578 2183 3790 2238 passus

2132 2271 2260 2311 sum
2279 2271 2346 2310 eo
2362 2254 2520 2326 quod
2534 2272 2635 2310 vos
2649 2271 2900 2311 maerore
2915 2256 3245 2311 aﬂ‘ecissem
3273 2273 3380 2327 per
3424 2257 3737 2328 epistolam
3771 2273 3786 2313 :

2130 2349 2186 2399 et
2219 2343 2315 2399 hic
2348 2343 2650 2399 secundus
2681 2360 2894 2400 sensus
2927 2349 3016 2399 est
3044 2345 3233 2415 magis
3263 2345 3541 2416 proprius
3576 2362 3589 2399 :
3648 2361 3791 2401 nam

2130 2432 2204 2488 ad
2262 2433 2375 2488 hoc
2435 2440 2755 2505 sequentes
2810 2434 2998 2507 magis
3056 2433 3416 2505 adaptantur
3459 2450 3787 2491 sermones.

2130 2524 2458 2595 Utrumque
2492 2530 2694 2579 tamen
2722 2523 2993 2601 adaptari
3022 2529 3236 2595 potest.
3282 2524 3378 2579 Ait
3434 2540 3571 2595 ergo
3630 2524 3790 2595 quod

2131 2610 2413 2683 gaudium
2448 2612 2632 2685 magis
2691 2612 2889 2685 ipsum
2948 2612 3333 2668 oblectaverit
3371 2628 3551 2683 quam
3619 2612 3792 2669 dolor

2132 2702 2591 2758 contristaverit.
2646 2702 2871 2758 Deinde
2929 2703 3070 2774 quia
3125 2703 3269 2759 licet
3310 2703 3788 2759 contristaverim

2131 2807 2235 2847 vos
2267 2791 2328 2846 in
2361 2792 2636 2864 epistola,
2669 2792 2886 2864 inquit,
2919 2798 3184 2848 attamen
3243 2792 3318 2847 ad
3374 2793 3786 2865 paenitentiam

2132 2881 2465 2937 contristati
2497 2882 2641 2938 estis
2675 2899 2688 2936 :
2723 2882 2883 2953 quod
2914 2888 3007 2938 est
3036 2880 3367 2938 secundum
3416 2884 3603 2938 Deum
3648 2899 3793 2938 con-

347 2973 602 3029 tristari.
638 2974 843 3044 Itaque
865 2972 1040 3044 juxta
1067 2971 1281 3026 litterae
1312 2970 1528 3026 seriem
1559 2970 1658 3026 hic
1687 2974 1778 3025 est
1808 2968 2151 3028 intellectus
2184 2988 2198 3028 :
2229 2973 2368 3038 Quae
2399 2980 2597 3029 autem
2625 2973 2686 3027 in
2716 2973 2914 3029 medio
2972 2979 3278 3046 ponuntur
3335 2973 3785 3030 circumitiones

348 3067 489 3118 sunt
520 3068 578 3119 et
608 3078 922 3119 causarum
954 3060 1320 3117 redditiones
1352 3075 1419 3116 ac
1450 3059 1860 3131 repetitiones.
1916 3058 2090 3115 Solet
2119 3061 2280 3117 enim
2312 3062 2546 3118 divinus
2603 3062 2701 3117 hic
2751 3062 2840 3117 vir
2893 3062 3275 3118 circuitiones
3333 3061 3784 3118 circuitionibus

360 3158 736 3220 connectere,
770 3157 829 3208 et
856 3152 941 3208 ita
970 3166 1311 3207 sermonem
1344 3148 1614 3221 implere.
1649 3148 1788 3204 Ideo
1817 3164 2057 3220 quoque
2085 3151 2444 3222 repetitione
2474 3168 2623 3224 opus
2653 3155 2764 3216 est,
2796 3152 2952 3208 654
2987 3157 3269 3223 tanquam
3302 3151 3374 3207 ad
3432 3151 3775 3223 praedictam

360 3243 652 3298 sermonis
681 3241 1117 3299 connexionem
1147 3239 1528 3312 interjectum
1561 3238 1637 3293 sit
1666 3237 1823 3309 quod
1854 3237 1918 3293 in
1952 3239 2150 3295 medio
2183 3246 2292 3310 est,
2330 3264 2351 3290 ι
2387 3242 2513 3297 Non
2543 3257 2638 3296 me
2671 3241 2938 3313 poenitet.
2975 3263 3002 3291 ››

428 3328 576 3384 Εἶτα·
637 3353 665 3381 ‹‹
703 3329 765 3387 Εἰ
821 3328 913 3385 καὶ
975 3326 1382 3402 μετεμελόμην.
1413 3348 1442 3378 ››
1497 3325 1668 3380 Πάλιν
1698 3324 1895 3380 τούτου
1927 3324 2014 3379 αἰ-

2196 3329 2421 3385 Deinde
2452 3329 2619 3385 addit
2653 3347 2666 3384 :
2701 3353 2727 3381 ‹‹
2763 3330 2949 3386 Etiam
2984 3330 3033 3386 si
3065 3329 3427 3402 pamituerit.
3464 3351 3491 3379 »
3535 3330 3786 3384 Rursum

350 3417 459 3474 τία.
491 3441 519 3470 «ι
554 3416 752 3474 Βλέπω
787 3419 893 3496 γὰρ
925 3418 1006 3472 ὅτι
1066 3418 1103 3484 ἡ
1161 3413 1429 3484 ἐπιστολή
1461 3413 1660 3484 ἐκείνη.
1699 3440 1720 3465 ι
1763 3413 1864 3471 Καὶ
1892 3409 2019 3468 ούδὶ

349 3505 485 3577 αύτή
518 3508 553 3577 ἡ
585 3506 846 3584 περίοδος
905 3503 1082 3576 ἁπλῆ,
1139 3503 1287 3561 ἀλλά
1345 3497 1822 3580 περιϐεϐλημένη.
1870 3502 2016 3573 Φησὶ

346 3596 476 3672 γὰρ·
547 3620 576 3649 ‹‹
619 3596 684 3653 Ei
730 3597 821 3651 καὶ
874 3596 1013 3671 πρὸς
1068 3593 1212 3670 ὥραν
1273 3592 1545 3663 ἐλύπησεν
1608 3591 1773 3665 ὑμᾶς.
1827 3613 1856 3643 ››
1915 3591 2015 3646 Καὶ

352 3684 454 3741 οὐκ
493 3685 664 3741 εἶπενυ
724 3684 789 3743 Εἰ
846 3687 937 3740 καὶ
989 3683 1257 3755 ἐλύπησεν
1318 3682 1479 3756 ὑμᾶς,
1538 3680 1689 3747 ἀλλ’,
1728 3702 1751 3731 ι
1789 3679 1850 3738 Εἰ
1882 3681 2017 3756 πρὸς

350 3771 521 3849 ὥραν.
556 3798 584 3826 ››
616 3775 696 3832 Τὸ
727 3771 804 3844 δὲ,
839 3799 865 3826 (ι
901 3778 1009 3829 Νῦν
1062 3771 1268 3847 χαίρω,
1301 3794 1331 3823 »
1363 3768 1709 3843 ἐπανάληψίς
1751 3767 1864 3824 ἐστι
1895 3771 2015 3839 τοῦ,

351 3886 383 3917 ι(
424 3865 588 3919 Ὥστε
645 3884 711 3938 με
778 3860 997 3938 μᾶλλον
1062 3861 1323 3937 χαρῆναι.
1375 3883 1404 3912 ››
1474 3855 1701 3926 Ἐπειδή
1770 3856 1876 3933 γὰρ
1942 3860 2013 3931 τῇ

345 3953 656 4022 πυκνότητι
710 3957 820 4008 τῶν
878 3944 1193 4028 περιϐολῶν
1244 3947 1520 4023 ἐμέστωσε
1574 3947 1667 4003 τὸν
1700 3945 1889 4023 λόγον,
1921 3947 2012 4002 καὶ

346 4042 426 4104 εἷς
509 4042 768 4120 ἀσάφειαν
829 4037 1259 4120 φυγκλειόμενον
1345 4038 1511 4111 ἑώρα,
1607 4035 1886 4113 ἐχρήσατο
1942 4039 2014 4112 τῇ

348 4129 709 4206 ἐπαναλήψει.
772 4131 893 4188 Εἶθ’
953 4130 1129 4191 οὓτως
1182 4125 1435 4185 ἀπέδωκε
1488 4127 1576 4196 τὸ,
1638 4151 1666 4179 ‹‹
1722 4124 1884 4183 Ἀλλ’
1927 4124 2015 4181 ὅτι

346 4219 664 4293 ἐλυπήθητε
720 4221 797 4284 εἰς
860 4218 1168 4294 μετάνοιαν,
1226 4243 1253 4272 ››
1317 4219 1473 4295 ὅπερ,
1524 4217 1599 4279 ὡς
1630 4214 1721 4272 καὶ
1749 4215 2013 4294 προείρη-

347 4331 463 4381 ται,
495 4313 796 4387 συνεὶρεται
822 4316 941 4373 τοῖς
998 4307 1202 4374 ἐπάνω,
1257 4309 1391 4363 οἷον·
1451 4329 1479 4363 ι
1507 4308 1666 4362 Ὢστε
1698 4326 1766 4380 με
1800 4303 2015 4379 μᾶλλον

345 4407 616 4476 χαρῆναι,
646 4401 732 4455 ὅτι
787 4398 834 4455 εί
872 4399 965 4455 καὶ
1024 4396 1276 4468 ἐλύπησα
1308 4397 1449 4469 ὑμᾶς
1481 4394 1535 4450 ἐν
1559 4398 1629 4469 τῇ
1661 4393 1950 4469 ἐπιστολῇ,
1980 4417 2013 4448 ››

343 4486 495 4544 ἄλλα
554 4486 646 4545 οὖν
698 4490 782 4545 ὅτι
848 4488 925 4552 εἰς
987 4488 1278 4561 μετάνοιαν
1329 4483 1663 4555 ἐλυπήθητε.
1720 4485 1820 4540 Καὶ
1848 4488 2013 4539 τοῦτο

348 4574 407 4633 δὲ
460 4579 616 4651 ὅμως
672 4572 1095 4654 περιϐέϐληται.
1151 4577 1223 4630 Τὸ
1296 4571 1355 4629 δὲ
1410 4570 1783 4646 ἀπλούστερόν
1843 4571 2011 4643 ἐστιν,

2125 3419 2309 3491 hujus
2335 3437 2516 3476 causa
2532 3419 2836 3491 sequitur:
2861 3443 2886 3472 ιι
2915 3420 3093 3476 Video
3119 3419 3278 3475 enim
3331 3418 3491 3490 quod
3536 3417 3790 3489 cpistola

2125 3508 2249 3566 illa.
2276 3531 2305 3560 »
2332 3515 2403 3564 Et
2424 3526 2501 3564 ne
2522 3509 2649 3565 haec
2678 3509 2920 3581 quidem
2947 3508 3227 3581 periodus
3249 3507 3503 3580 simplex
3537 3513 3647 3574 est,
3683 3507 3788 3563 sed

2124 3596 2242 3654 alia
2272 3615 2511 3670 quoque
2540 3598 2899 3655 assumitur:
2959 3616 3097 3655 nam
3156 3598 3273 3653 ait:
3339 3618 3361 3646 ι
3421 3597 3677 3653 Tametsi
3708 3596 3785 3653 ad

2124 3686 2332 3743 horam
2354 3689 2794 3744 contristaverit
2812 3705 2938 3744 vos.
2964 3710 2991 3739 »ι
3017 3689 3133 3743 Nec
3180 3686 3532 3758 simpliciter
3577 3684 3728 3741 dixit
3756 3702 3773 3753 ;

2123 3778 2381 3833 Tametsi
2440 3779 2880 3834 contristaverit
2932 3794 3054 3843 vos,
3105 3776 3209 3833 sed
3264 3774 3516 3846 addidit,
3572 3795 3603 3825 «
3680 3775 3770 3831 Ad

2122 3864 2357 3922 horam.
2391 3891 2413 3919 ι
2452 3867 2619 3932 Quod
2649 3873 2850 3923 autem
2881 3867 2965 3922 ait
2997 3883 3011 3920 :
3042 3888 3071 3916 κ
3104 3867 3269 3921 Nunc
3298 3863 3546 3937 gaudeo,
3603 3885 3631 3913 »
3674 3880 3769 3919 re-

2123 3954 2330 4027 petitio
2363 3960 2455 4011 est
2482 3956 2614 4027 ejus
2642 3956 2800 4029 quod
2857 3955 3108 4023 dixerat,
3171 3975 3196 4007 ι
3259 3953 3415 4009 Adeo
3473 3959 3539 4009 ut
3587 3953 3777 4026 magis

2121 4044 2356 4117 gavisus
2384 4045 2624 4100 fuerim.
2660 4070 2689 4097 »
2721 4048 3044 4116 Postquam
3077 4043 3239 4099 enim
3264 4042 3604 4114 frequentia
3663 4043 3780 4098 cir-

2123 4134 2453 4191 cuitionum
2479 4135 2812 4192 orationem
2829 4134 3201 4207 impleverat,
3222 4138 3280 4188 et
3300 4132 3540 4188 videbat
3567 4133 3629 4187 in
3677 4130 3784 4186 ob-

2123 4224 3209 4297 curitateipsamconcludi,repetione
3227 4240 3373 4279 usus
3415 4229 3523 4278 est.
3557 4220 3781 4277 Deinde

2121 4314 2206 4370 ita
2231 4313 2492 4371 reddidit
2520 4315 2749 4372 dictum
2774 4313 2945 4371 illud.
2979 4336 3006 4365 «
3071 4313 3185 4369 Sed
3240 4311 3399 4383 quod
3445 4311 3779 4368 contristati

2122 4403 2253 4459 sitis
2283 4404 2361 4459 ad
2393 4405 2832 4476 pcenitentiam,
2865 4427 2895 4456 ››
2951 4404 3110 4476 quod
3167 4409 3235 4459 ut
3285 4402 3639 4475 prmdictum
3689 4405 3781 4456 est

2121 4494 2496 4549 connectitur
2525 4493 2956 4566 superioribus,
2989 4498 3150 4564 puta,
3185 4514 3212 4541 ‹‹
3245 4491 3409 4547 Adeo
3468 4496 3535 4546 ut
3588 4490 3777 4564 magis

2123 4581 2357 4653 gavisus
2388 4581 2628 4647 fuerim,
2662 4583 2804 4653 quia
2831 4582 2973 4637 licet
3028 4580 3506 4636 contristaverim
3561 4596 3662 4634 vos
3715 4578 3778 4633 in

343 4693 373 4721 «
416 4671 577 4725 ’Ὠστε
612 4689 679 4743 με
708 4675 971 4745 χαρῆναι,
1003 4668 1087 4722 ’ὁτι
1150 4666 1226 4728 εἷς
1289 4664 1581 4738 μετάνοιαν
1612 4661 1945 4732 ἐλυπήθητε.
1980 4689 2009 4713 υ

2125 4669 2752 4740 epistola;»attamen
2797 4670 2938 4741 quia
2989 4669 3403 4741 pmnitentiam
3444 4666 3777 4723 contristati

339 4762 523 4814 Ταῦτα
552 4756 610 4814 δὲ
671 4779 766 4833 μοι
826 4755 1422 4832 διαλελεπτολόγηται,
1477 4751 1584 4829 οὐχ
1644 4750 1730 4807 ὅτι
1786 4750 2007 4813 Παῦλος

2120 4756 2282 4813 estis.
2307 4758 2519 4812 Verum
2543 4759 2655 4814 hoc
2681 4774 2918 4829 quoque
2941 4762 3313 4829 assumptum
3360 4760 3450 4811 est
3498 4760 3554 4809 et
3596 4754 3777 4809 inter-

340 4846 561 4910 τούτοις
593 4846 1051 4922 ἐσεμνολογηται,
1109 4842 1224 4900 οὐδ’
1275 4845 1359 4899 ὅτι
1415 4844 1580 4915 ἡμεῖς
1620 4840 1783 4897 αὺτὸν
1811 4861 2010 4914 σεμνο-

2125 4846 2366 4918 iectum.
2396 4846 2740 4919 Simplicius
2773 4852 2864 4902 est
2891 4852 3114 4902 autem.
3151 4870 3177 4897 ι(
3214 4845 3372 4900 Adeo
3429 4849 3498 4899 ut
3543 4842 3777 4916 gavisus

340 4935 529 5012 λογεῖν
561 4936 780 4999 τούτοις
829 4934 1095 5013 ἔγνωμεν,
1158 4931 1285 4989 ἀλλ’
1343 4930 1695 5009 αἰσχύνοντες
1724 4927 1854 4991 τοὺς
1881 4922 2007 5000 ἔξω,

341 5022 666 5101 ἰδιωτισμὸν
743 5028 813 5101 τῇ
901 5022 1206 5095 Ἐκκλησία
1278 5018 1664 5090 ὀνειδίζοντας.
1727 5020 2009 5074 Δείκνυται

336 5117 446 5193 γὰρ
480 5113 570 5171 διὰ
595 5117 831 5185 τούτων,
888 5114 972 5189 ἐφ’
1020 5115 1066 5187 ᾧ
1120 5112 1354 5187 μονονοὺ
1384 5107 1683 5180 τεθηπότες
1711 5108 1801 5164 τὸν
1837 5114 2009 5164 Παια-

331 5208 452 5263 νιὲα
480 5206 693 5264 καὶτὸν
734 5210 831 5263 τοῦ
879 5204 1115 5280 Ὀλόρου
1168 5205 1556 5279 προσκυνοῦσι,
1616 5205 1735 5262 ταῖς
1784 5194 2010 5275 περιϐο-

337 5294 465 5357 λαῖς
524 5295 697 5375 λέγω,
762 5299 954 5372 μακρῷ
1009 5293 1238 5355 τούτους
1293 5291 1329 5362 ἢ
1388 5289 1587 5347 ἐκεῖνοι
1642 5289 1769 5351 τοὺς
1799 5288 2007 5345 ἅλλους

332 5385 851 5461 ἀποκρυπτόμενος,
913 5384 1105 5441 Καίτοι
1159 5387 1271 5438 τῶν
1332 5382 1428 5457 μὲν
1492 5380 1521 5435 ὁ
1583 5378 1708 5454 βίος
1741 5377 1795 5434 ἐν
1827 5379 2008 5452 τούτῳ

331 5479 415 5547 τῷ
443 5475 597 5549 πόνῳ
648 5469 969 5550 κατετρίϐη,
1002 5473 1030 5528 ὁ
1072 5470 1131 5528 δὶ
1186 5467 1303 5527 οὐδ’
1362 5464 1639 5544 ἐμϐλέψαι
1672 5467 1893 5532 τούτοις
1920 5467 2005 5524 ὅτι

336 5565 417 5640 μὴ
473 5565 613 5621 κατᾶ
668 5565 943 5643 πάρεργον
1028 5568 1231 5638 χρῆσιν
1298 5558 1518 5633 ἠξίωσε.
1582 5557 1688 5614 Καὶ
1750 5556 2004 5632 μυριάκις

330 5647 478 5711 ἴστιν
539 5654 702 5711 αὐτοῦ
757 5653 809 5710 ἒν
860 5658 982 5718 τοῖς
1035 5650 1222 5728 λόγοις
1279 5649 1344 5705 τὸ
1397 5651 1647 5704 τοιοῦτον
1692 5648 2002 5713 θεάσασθαι,

2117 4935 2333 4990 fuerim
2367 4936 2527 5007 quod
2557 4935 2631 4991 ad
2661 4936 3075 5007 paenitentiam
3135 4932 3468 4991 contristati
3530 4932 3679 4988 sitis.
3744 4955 3774 4985 ››

2118 5026 2253 5081 Haec
2276 5024 2349 5080 de
2373 5025 2552 5081 rebus
2569 5025 2885 5082 minutulis
2909 5024 3189 5081 subtilius
3212 5023 3627 5091 disseruimus,
3651 5038 3777 5079 non

2120 5115 2280 5186 quod
2305 5115 2517 5171 Paulus
2540 5116 2632 5171 bis
2655 5115 2943 5189 gloriatus
2964 5116 3061 5185 sit,
3090 5121 3191 5172 aut
3233 5114 3392 5187 quod
3437 5131 3547 5170 nos
3577 5114 3775 5185 ipsum

2117 5211 2365 5277 propter
2393 5206 2519 5261 hanc
2549 5212 2920 5262 ostentemus
2981 5222 3051 5262 ac
3106 5206 3500 5274 celebremus,
3561 5203 3664 5260 sed
3711 5207 3781 5258 ut

2119 5300 2397 5351 externos
2425 5300 2483 5351 et
2515 5312 2550 5351 a
2595 5296 2817 5352 nostris
2875 5296 3103 5351 alienos
3163 5294 3623 5364 confundamus,
3673 5292 3775 5364 qui

2117 5384 2414 5440 inscitiam
2438 5384 2718 5441 Ecclesiaa
2743 5385 3054 5458 objiciunt.
3074 5386 3186 5441 Per
3224 5385 3354 5441 haec
3400 5384 3560 5441 enim
3584 5387 3779 5438 osten-

2118 5474 2279 5530 ditur
2299 5475 2540 5546 quodin
2557 5476 2690 5540 hoc,
2733 5492 2803 5531 ex
2857 5492 2974 5547 quo
3020 5475 3110 5531 illi
3150 5476 3491 5531 Pmanicum
3517 5490 3584 5529 ac
3614 5470 3776 5527 Olori

2119 5561 2310 5619 ﬁlium
2327 5568 2636 5636 stupentes
2658 5563 3093 5637 propemodum
3125 5563 3398 5629 adorant,
3448 5563 3511 5616 in
3558 5556 3775 5615 circui-

2117 5651 2748 5724 tionibus,inquam,et
2768 5653 3024 5727 longiori
3046 5668 3285 5726 quoque
3304 5652 3416 5708 hos
3461 5643 3774 5704 intervallo
