4080 6374
306 328 428 389 999

1470 299 1889 366 (ΕΟΗΜΕΝΙΙ
1932 299 2244 363 ΤΗῙΟΟίΕ
2284 301 2641 365 EPISCOPI

3568 297 3727 362 1000

313 448 493 505 quam
524 428 614 485 illi
643 426 814 491 alios,
846 422 981 494 post
1010 432 1073 473 se
1104 413 1429 484 relinquat.
1480 408 1662 481 Atqui
1715 406 1958 463 illorum

2074 407 2172 505 τῆς
2207 405 2461 505 χάριτος,
2517 406 2551 462 ἂ
2592 405 2827 482 μελέτην
2882 403 3050 462 ἄλλοι
3104 405 3392 468 ποιοῦντες
3430 401 3494 459 οὗ
3524 421 3726 478 κατορ-

309 497 428 578 vita
446 522 505 575 in
522 521 633 574 hoc
656 515 857 571 labore
881 509 1098 565 detrita
1120 510 1209 560 est
1234 522 1246 560 :
1271 503 1368 557 hic
1385 505 1583 556 autem
1605 514 1680 553 ne
1705 497 1963 568 inspice-

308 630 372 668 re
404 611 644 682 quidem
675 606 799 661 hasc
829 600 1034 664 voluit,
1067 596 1183 652 nisi
1209 612 1279 650 ex
1309 590 1596 648 incidenti
1657 604 1792 645 cum
1833 603 1962 643 sese

306 680 547 759 offerret
576 714 739 765 usus,
773 699 831 750 et
861 694 925 748 in
956 690 1137 763 hujus
1187 683 1566 743 sermonibus
1618 680 1965 752 frequenter

305 793 366 848 id
397 788 662 862 reperire
694 791 804 853 est,
838 797 1053 853 nempe
1086 777 1243 851 quod
1275 792 1344 831 ea
1371 791 1503 847 qum
1534 772 1637 829 alii
1696 768 1964 826 adhibita

302 897 445 937 cura
468 858 593 934 non
618 878 1044 945 assequuntur,
1078 869 1204 923 haec
1234 864 1306 921 ad
1339 864 1580 918 illorum
1638 858 1961 932 reprehen-

308 970 535 1025 sionem
569 964 758 1039 gratia
783 961 1009 1035 praabet
1040 974 1101 1013 se
1129 952 1484 1019 colentibus,
1518 951 1695 1006 etiam
1728 948 1870 1003 dum
1900 945 1962 1001 id

305 1075 426 1115 non
458 1038 757 1130 quaerunt,
791 1051 1098 1124 despicere
1158 1046 1377 1101 docens
1430 1048 1495 1098 ut
1554 1040 1647 1095 his
1678 1038 1865 1094 otium
1893 1052 1961 1092 ac

304 1127 906 1219 laborﬁimpendatur.
941 1145 1005 1198 In
1037 1140 1130 1196 his
1161 1138 1322 1194 enim
1353 1135 1412 1191 in
1447 1131 1660 1205 quibus
1693 1129 1782 1185 illi
1799 1127 1964 1219 dice-

302 1244 436 1294 rent
458 1217 758 1293 inscitiam
792 1229 1187 1304 esse,quando
1233 1227 1380 1295 vult,
1414 1241 1482 1281 eo
1521 1239 1654 1295 quae
1671 1224 1813 1276 sunt
1842 1217 1962 1274 elo-

302 1326 562 1399 quentia:
595 1324 774 1379 etiam
802 1321 928 1377 sine
962 1317 1166 1375 labore
1199 1312 1454 1371 assumit
1484 1316 1542 1367 et
1566 1312 1843 1382 prompta
1890 1321 1960 1361 ac

300 1395 413 1473 sibi
438 1416 705 1488 subjecta
730 1410 1117 1481 habet,idque
1134 1403 1539 1463 abundantius
1562 1417 1741 1475 quam
1782 1398 1824 1453 ii
1857 1395 1959 1469 qui

300 1507 413 1562 hoc
448 1524 554 1579 pro
589 1521 768 1577 scopo
815 1501 1059 1567 habent,
1122 1514 1190 1555 ac
1245 1498 1428 1552 vitam
1456 1493 1551 1550 his
1583 1489 1959 1579 impendunt.

296 1599 412 1653 Per
442 1578 570 1653 haec
599 1596 730 1668 ipsa
760 1609 897 1666 ergo
935 1589 1199 1646 studium
1232 1604 1299 1643 ac
1328 1584 1500 1641 labor
1529 1597 1678 1637 vana
1710 1596 1778 1635 ac
1826 1578 1958 1634 inu-

301 1686 430 1741 tilia
460 1702 590 1741 esse
622 1682 1156 1757 deprehenduntur
1180 1695 1303 1734 non
1360 1674 1689 1732 auxiliante
1746 1668 1953 1743 gratia.

2073 500 2250 565 θοῦσι,
2308 495 2477 552 ταῦτα
2524 502 2642 560 τοῖς
2699 496 3024 573 θεράπουσιν
3100 493 3270 564 αὐτῆς
3351 491 3430 556 εἷς
3505 490 3726 548 ἐκείνων

2068 580 2302 664 ἔλεγχον
2359 584 2486 642 οὐδὲ
2560 586 2816 658 ζητέσασι
2899 583 3258 659 ποριζούσης,
3320 583 3407 639 καὶ
3465 585 3726 657 περιορᾷν

2066 676 2166 745 τήν
2200 674 2251 730 ἐν
2285 674 2470 739 αὐτοῖς
2505 678 2724 753 σχολὴν
2757 677 2848 732 καὶ
2877 677 2968 732 τὸν
3028 673 3193 730 πόνον
3230 670 3445 746 μᾶλλον
3472 668 3726 727 ἀναδιδαο

2069 767 2325 837 σκούσης.
2385 782 2446 824 At
2512 768 2588 823 ὧν
2620 768 2746 845 γὰρ,
2779 768 2855 831 ὡς
2910 767 2970 822 ἃν
3016 764 3213 821 ἐκεῖνοι
3247 769 3424 842 φαῖεν,
3456 763 3485 817 ὁ
3516 758 3728 817 ἰδιωτι-

2069 856 2207 931 σμὸς
2238 858 2303 913 τὰ
2332 865 2434 929 τῆς
2485 856 2848 934 εὐγλωττίας,
2909 855 3000 912 ὅτε
3063 854 3343 930 βούλεται,
3373 850 3465 908 καὶ
3497 847 3728 907 ἀταλαι-

2066 947 2271 1022 πώρως
2302 941 2568 1021 λαμϐάνει
2617 947 2711 1004 καὶ
2768 947 3062 1023 ὑποχείρια
3117 939 3259 1021 ἔχει,
3289 942 3383 1000 καὶ
3413 939 3583 999 πλέον
3615 944 3728 997 τῶν

2068 1031 2226 1111 ἔργον
2259 1036 2395 1092 αύτά
2423 1038 2514 1092 καὶ
2577 1037 2696 1113 βίον
2754 1037 3127 1110 ποιουμένων,
3160 1031 3249 1091 διὰ
3286 1033 3497 1090 τούτων
3551 1030 3730 1087 αὐτῶν

2065 1126 2102 1196 ἡ
2136 1122 2345 1197 σπουδὴ
2404 1126 2496 1181 καὶ
2552 1126 2581 1181 ὁ
2638 1125 2826 1198 πόνος,
2890 1124 3093 1200 μάταια
3147 1123 3238 1179 καὶ
3293 1119 3576 1202 ἂνωφελῆ,
3623 1127 3728 1191 τῆς

2067 1214 2296 1292 χάριτος
2329 1216 2394 1273 οὗ
2437 1217 2857 1293 συναιρομένης,
2917 1212 3307 1290 ἀπελέγχεται.
3341 1236 3372 1266 ‹‹
3402 1214 3527 1269 ’Ότι
3558 1211 3604 1266 εἱ
3633 1208 3725 1265 καὶ

2066 1304 2316 1379 ἐλύπησα
2376 1306 2535 1380 ὑμᾶς.
2570 1330 2599 1360 ››
2658 1306 2757 1362 Διᾶ
2808 1306 2909 1376 τήν
2968 1299 3250 1383 ἕγκλησιν.
3288 1325 3318 1356 ιι
3350 1303 3437 1359 Ἐν
3466 1304 3536 1375 τῇ
3592 1298 3720 1355 ἐπι-

2066 1394 2260 1468 στολῇ.
2296 1420 2318 1450 ι
2351 1395 2415 1453 Ei
2446 1396 2536 1452 καὶ
2593 1394 2821 1452 τοιαῦτά
2874 1393 3011 1466 ἐστι,
3069 1394 3226 1474 φησὶ,
3270 1390 3338 1448 τὰ
3367 1391 3638 1468 γραφέντα
3666 1388 3717 1445 ἐν

2066 1489 2137 1560 τῇ
2195 1486 2389 1561 πρώτῃ
2443 1484 2734 1561 ἐπιστολῇ,
2794 1485 2934 1542 ὥστε
2996 1477 3342 1559 ὑπερϐαίνειν
3396 1481 3461 1537 τὸ
3521 1480 3719 1555 μέτρον

2062 1579 2165 1641 τῆς
2197 1574 2593 1651 ἐπιτιμήσεως,
2625 1577 2715 1632 καὶ
2765 1573 2853 1632 διὰ
2898 1580 3063 1633 τοῦτο
3110 1580 3374 1633 ποιοῦντα
3405 1576 3727 1652 μεταμελη-

2069 1669 2253 1737 θῆναι,
2285 1668 2439 1743 8μως
2469 1668 2531 1724 τὸ
2580 1667 2724 1724 πολὺ
2781 1665 2977 1742 κέρδος
3041 1669 3104 1723 τὸ
3161 1667 3212 1739 ἐξ
3270 1667 3448 1724 αὐτῶν
3477 1669 3726 1746 γεγονὸς,

304 1799 333 1827 ‹‹
358 1778 507 1831 Nam
540 1775 679 1831 licet
699 1754 1186 1830 contristaverim
1215 1784 1339 1832 vos,
1368 1788 1397 1816 »
1425 1767 1669 1837 propter
1692 1759 1958 1833 objurga-

2074 1756 2167 1853 ούκ
2197 1756 2256 1853 ἐᾷ
2316 1777 2399 1853 plt-
2434 1755 2628 1853 λοιπὸν
2687 1756 3159 1831 μεταμεληθῆναι.
3219 1759 3404 1814 Ταῦτα
3447 1754 3504 1812 δέ
3534 1777 3724 1836 φησιν,

302 1867 551 1921 tionem.
587 1888 613 1915 «
646 1866 758 1919 Per
789 1861 1125 1935 epistolam.
1157 1880 1185 1909 »
1215 1858 1564 1927 Quanquam
1588 1853 1714 1907 haec
1738 1848 1953 1921 inquit,

300 1956 486 2028 priori
510 1954 763 2026 epistola
784 1953 1004 2023 scripta
1026 1949 1168 2012 sint,
1195 1947 1342 2003 adeo
1365 1949 1432 2000 ut
1480 1940 1725 2000 modum
1752 1956 1960 1996 exces-

2068 1845 2167 1901 οὐκ
2221 1842 2410 1915 ἐπειδὴ
2493 1845 2743 1921 ἆμέτρως
2825 1844 3175 1920 ἐπετίμησεν,
3248 1843 3397 1902 ἀλλὰ
3450 1845 3724 1925 πρόφασιν

2066 1932 2301 1990 ἐπαίνων
2325 1935 2387 1990 τὸ
2412 1938 2639 2011 πρᾶγμα
2668 1936 3061 2007 ποιησάμενος.

297 2025 479 2101 serim
512 2025 961 2114 increpationis.
991 2045 1048 2095 et
1081 2038 1236 2095 65‘!
1269 2032 1429 2107 quod
1459 2032 1571 2087 hoc
1596 2029 1840 2086 fecerim
1875 2025 2238 2099 paenituerit,
2272 2042 2554 2099 magnum
2586 2031 2786 2082 tamen
2817 2026 3051 2082 lucrum
3083 2026 3242 2098 quod
3295 2026 3435 2083 inde
3487 2042 3726 2083 succes-

297 2135 393 2202 sit,
427 2151 547 2189 non
580 2132 723 2189 sinit
752 2148 846 2187 me
878 2129 1163 2200 deinceps
1192 2125 1501 2199 pcenitere.
1536 2122 1670 2176 Haec
1699 2125 1899 2176 autem
1929 2116 2096 2186 dicit,
2125 2133 2248 2173 non
2291 2116 2451 2188 quod
2507 2115 2748 2173 modum
2808 2116 2872 2172 in
2930 2117 3396 2190 reprehensione
3455 2132 3724 2173 excesse-

297 2224 412 2291 rit;
447 2223 551 2279 sed
580 2239 707 2279 rem
739 2222 931 2293 ipsam
964 2218 1235 2274 efﬁciens
1263 2213 1510 2270 laudum
1541 2208 1940 2267 occasionem.

372 2322 493 2389 VII,
524 2323 555 2375 8
591 2324 673 2375 11.
715 2318 888 2377 Video
912 2320 1056 2374 enim
1086 2314 1237 2387 quod
1264 2311 1497 2385 epistola
1526 2309 1627 2366 illa
1649 2308 1867 2365 tametsi
1886 2307 1961 2362 ad

303 2412 496 2467 horam
527 2410 933 2465 contristaveiit
962 2422 1104 2462 vos:
1159 2420 1307 2460 nunc
1365 2401 1599 2473 gaudeo,
1655 2415 1767 2454 non
1812 2396 1960 2469 quod

302 2501 620 2556 contristati
648 2498 895 2568 fueritis,
926 2497 1021 2552 sed
1048 2493 1194 2566 quod
1226 2491 1540 2549 contristati
1567 2491 1686 2546 sitis
1724 2487 1799 2543 ad
1842 2503 1959 2558 pae-

299 2590 614 2644 nitentiam.
647 2588 784 2642 Nam
812 2585 1124 2641 contristati
1154 2583 1282 2637 estis
1309 2578 1613 2637 secundum
1646 2579 1837 2635 Deum.
1894 2580 1958 2629 ut

301 2682 360 2734 in
389 2678 548 2733 nulla
601 2693 662 2732 re
717 2676 1048 2731 detrimento
1100 2673 1224 2729 sitis
1272 2672 1457 2741 affecti
1510 2683 1617 2740 per
1669 2681 1787 2722 nos.
1821 2667 1958 2722 Nam

303 2783 425 2841 qua:
453 2766 750 2823 secundum
804 2766 970 2820 Deum
1024 2769 1101 2819 est
1144 2763 1392 2826 tristitia,
1444 2758 1839 2830 paenitentiam
1886 2753 1961 2809 ad

304 2840 543 2914 salutem
573 2872 680 2911 non
706 2852 1086 2925 paenitendum
1110 2853 1268 2921 parit
1303 2865 1315 2903 :
1349 2854 1542 2904 contra
1590 2861 1715 2902 vero
1762 2840 1962 2898 mundi

306 2947 541 3002 tristitia
568 2951 796 3001 mortem
826 2944 1016 3013 efﬁcit.
1052 2944 1187 2996 Ecce
1219 2940 1364 2994 enim
1393 2938 1572 2993 ist/lue
1602 2937 1782 3000 ipsum
1812 2932 1961 3004 quod

304 3035 602 3091 secundum
634 3036 796 3089 Deum
827 3032 1141 3088 contristati
1168 3030 1392 3098 fueritis
1422 3032 1689 3098 quantam
1719 3025 1778 3078 in
1808 3023 1959 3078 vobis
1989 3064 2033 3131 Ο

305 3126 494 3197 genuit
523 3122 973 3184 sollicitudinem.
1003 3125 1053 3174 et
1082 3117 1460 3188 defensionem
1517 3122 1571 3170 et
1620 3110 1959 3183 indignatio.

305 3233 447 3281 nem,
480 3220 531 3269 et
562 3215 831 3279 timorem,
864 3217 917 3265 et
946 3209 1300 3274 desiderium,
1333 3211 1385 3260 et
1416 3205 1614 3270 zelum,
1667 3208 1720 3257 et
1777 3200 1965 3257 vindi-

307 3311 475 3360 ctam.
508 3302 789 3372 Siquidem
818 3300 1021 3368 ubique
1050 3296 1467 3352 demonstrastis
1496 3306 1590 3348 vos
1619 3293 1786 3363 ipsos,
1820 3288 1965 3361 quod

302 3395 443 3465 puri
470 3394 592 3448 sitis
620 3392 679 3445 in
709 3407 772 3445 eo
803 3389 1042 3458 negotio.

386 3522 415 3550 ‹‹
447 3496 703 3554 Tametsi
733 3496 808 3551 ad
838 3497 1046 3550 horam
1081 3490 1519 3549 contristaverit
1548 3506 1668 3545 vos.
1733 3510 1761 3539 υ
1822 3492 1967 3543 Nam

322 3588 564 3644 tristitia
584 3586 821 3642 horaria
840 3584 953 3639 fuit
974 3600 1042 3639 ac
1076 3587 1519 3646 momentanea,
1566 3579 1799 3634 lucrum
1832 3594 1967 3633 vero

321 3678 565 3751 longum
598 3693 667 3732 ac
696 3674 1067 3730 continuum.
1104 3694 1129 3723 (ε
1176 3672 1343 3726 Nunc
1398 3667 1645 3741 gaudeo.
1682 3690 1709 3718 ››
1741 3668 1967 3723 Conse-

318 3785 508 3839 quens
538 3772 666 3823 erat
693 3771 762 3820 ut
788 3765 1015 3819 diceret
1045 3778 1058 3815 :
1094 3761 1206 3817 Sed
1236 3760 1560 3832 plurimum
1588 3757 1788 3814 attulit
1809 3757 1973 3812 utili-

317 3858 477 3913 tatis.
511 3859 585 3911 At
616 3856 728 3911 hoc
760 3852 1004 3926 quidem
1035 3868 1159 3907 non
1189 3850 1360 3918 dixit,
1394 3848 1495 3905 sed
1536 3847 1611 3904 ad
1669 3863 1838 3903 suam
1896 3846 1968 3902 de

307 3948 433 4003 illis
467 3964 674 4003 curam
704 3945 885 4011 venit,
915 3945 1302 4015 ipsorumque
1334 3939 1625 3996 encomia.
1658 3938 1772 3994 Sed
1810 3935 1970 4010 quod

312 4035 681 4093 constristati
705 4035 834 4090 sitis
860 4033 936 4089 ad
958 4030 1426 4104 pmnitentiama
1456 4026 1620 4093 Quod
1647 4027 1807 4082 enim
1827 4026 1974 4082 mihi

310 4126 548 4183 lucrum
580 4130 738 4180 esset
767 4123 925 4194 quod
958 4120 1170 4177 essetis
1218 4116 1601 4176 contristati?
1647 4114 1972 4172 Considera

310 4230 447 4270 vero
480 4212 639 4284 quod
669 4228 807 4268 cum
850 4208 1367 4266 contristationem
1429 4203 1802 4261 attribuisset
1851 4204 1974 4276 epi-

315 4302 918 4375 stolas,pmnitentiam
943 4318 1063 4356 non
1087 4316 1159 4354 ex
1180 4298 1287 4353 illa
1308 4296 1455 4351 dicit
1470 4294 1879 4364 et'fectam,sed
1901 4312 1971 4351 ex

314 4396 583 4467 ipsorum
614 4395 850 4449 virtute.
885 4392 1090 4462 Neque
1122 4389 1286 4444 enim
1317 4386 1464 4486 dicit
1496 4401 1509 4439 :
1544 4385 1712 4451 Quod
1750 4386 1973 4442 contri-
2001 4421 2048 4486 Ι)

312 4485 662 4538 staveritvos
684 4482 757 4538 ad
780 4477 1213 4553 pmnitentiam,
1240 4473 1365 4542 sed,
1398 4473 1611 4539 «Quod
1634 4473 1968 4530 contristati

312 4573 441 4628 sitis
472 4574 547 4630 ad
578 4571 1011 4646 pmnitentiam.
1042 4594 1059 4618 ι
1088 4597 1157 4608 -
1191 4587 1216 4618 α
1253 4570 1399 4621 Nam
1431 4564 1766 4621 constritati
1822 4564 1967 4620 estis

312 4663 643 4720 secundum
674 4664 881 4717 Deum.
924 4684 943 4709 ι
981 4660 1114 4714 Haac
1145 4656 1305 4712 enim
1354 4654 1512 4711 bona
1564 4654 1807 4711 tristitia
1854 4660 1965 4723 est,

312 4753 465 4809 sicut
495 4753 722 4808 malum
753 4755 842 4806 est
871 4749 1201 4805 secundum
1248 4745 1555 4801 hominem
1599 4745 1963 4801 contristari.

313 4864 339 4895 α
372 4848 438 4898 ut
466 4843 528 4898 in
559 4843 727 4898 nulla
756 4858 820 4897 re
850 4839 1212 4895 detrimento
1246 4836 1375 4892 sitis
1406 4836 1603 4891 aﬂ‘ecti
1634 4851 1742 4907 per
1770 4852 1901 4891 nos.
1935 4856 1966 4886 »

315 4933 370 4987 Si
385 4933 801 4998 tacuissemus,
835 4931 1051 5001 inquit,
1077 4934 1278 4984 etnon
1321 4925 1825 4998 objurgassenius,
1857 4942 1967 4981 nos

317 5036 461 5075 sane
491 5020 851 5075 detrimento
880 5036 981 5073 vos
1012 5017 1440 5079 affecissemus,
1475 5013 1578 5083 qui
1632 5029 1753 5068 non
1814 5032 1966 5086 prai-

315 5109 652 5164 buissemus
679 5109 1043 5181 paenitentiae
1074 5106 1469 5162 occasionem.
1488 5103 1869 5160 Postmodum
1893 5106 1966 5162 de

312 5198 557 5255 tristitia
586 5215 717 5269 quas
747 5197 1073 5253 secundum
1102 5198 1290 5252 Deum
1349 5200 1439 5250 est
1493 5191 1965 5266 phiIOSOphatur,

315 5304 600 5360 separans
634 5288 827 5359 ipsam
855 5303 889 5342 a
919 5287 1160 5342 tristitia
1188 5283 1420 5351 mundi,
1473 5286 1531 5337 et
1588 5283 1709 5337 ait:
1743 5305 1771 5334 ι(
1819 5285 1966 5340 Nam

315 5394 447 5448 quae
470 5377 800 5434 secundum
821 5378 1005 5431 Deum
1027 5382 1117 5431 est
1134 5373 1397 5436 tristitia,
1448 5371 1861 5443 pcenitentiam
1893 5374 1968 5430 ad

312 5467 567 5523 salutem
592 5483 712 5522 non
732 5463 1136 5537 pmnitendam
1156 5463 1332 5535 parit.
1360 5484 1388 5513 ››
1408 5460 1569 5516 Sicut
1598 5478 1731 5533 quae
1754 5464 1965 5521 mundi

308 5562 679 5625 est,mortem
697 5573 709 5611 :
730 5554 968 5627 quando
986 5560 1231 5627 propter
1259 5548 1544 5623 pecunias
1593 5555 1696 5606 aut
1722 5559 1967 5626 propter

2142 2304 2344 2363 Βλέπω
2398 2306 2523 2382 γάρ,
2578 2304 2664 2361 ὅτι
2723 2305 2757 2375 ἡ
2814 2302 3082 2375 ἐπιστολῆ
3139 2302 3342 2376 ἐκείνη,
3375 2304 3420 2361 εἶ
3466 2305 3555 2362 καὶ
3585 2306 3724 2383 πρὸς

2068 2392 2214 2467 ὥραν
2272 2392 2542 2464 ἐλύπησεν
2599 2395 2762 2468 ὑμᾶς,
2817 2398 2909 2451 νῦν
2970 2396 3154 2472 χαίρω
3211 2394 3320 2475 οὐχ
3372 2394 3456 2453 ὅτι
3510 2394 3723 2467 ἐλυπή-

2070 2497 2222 2554 θητε,
2289 2483 2420 2541 ἀλλ’
2486 2483 2571 2540 ὅτι
2636 2483 2953 2557 ἐλυπήθητε
3018 2483 3097 2549 εἷς
3183 2485 3490 2559 μετάνοιαν.
3562 2484 3728 2543 Ἐλυ-

2067 2575 2281 2646 πήθητε
2327 2574 2430 2651 γὰρ
2486 2574 2624 2630 κατὰ
2677 2574 2829 2646 Θεὸν,
2884 2574 2974 2630 ἳνα
3030 2574 3084 2630 ἐν
3146 2571 3342 2649 μηδενὶ
3399 2580 3726 2650 ζημιωθῆτε

2069 2661 2121 2735 ἐξ
2174 2666 2356 2739 ἡμῶν.
2414 2668 2479 2722 Ἡ
2535 2662 2638 2738 γὰρ
2694 2664 2833 2720 κατὰ
2887 2664 3017 2720 Θεὸν
3059 2662 3233 2737 λύπη,
3296 2665 3584 2740 μετάνοιαν
3643 2665 3721 2728 εἲς

2072 2754 2345 2830 σωτηρίαν
2422 2752 2842 2829 ἀμεταμέλητον
2920 2757 3330 2831 κατεργάζεται.
3383 2758 3446 2813 Ἦ
3506 2752 3565 2812 δὲ
3620 2758 3723 2811 τοῦ

2069 2844 2282 2918 κόσμου
2367 2841 2543 2915 λύπη,
2628 2844 2854 2900 θάνατον
2934 2845 3339 2921 κατεργάζεται.
3406 2841 3549 2902 Ἰδοὺ
3616 2845 3722 2923 γὰρ

2068 2933 2204 2989 αὐτὸ
2257 2937 2420 2989 τοῦτο
2470 2933 2532 2989 τὸ
2589 2932 2724 2989 κατᾶ
2782 2932 2914 2990 Θεὸν
2972 2932 3285 3005 λυπηθῆναι
3345 2934 3505 3009 ὑμᾶς,
3544 2935 3726 3005 πόσην

2068 3023 2457 3099 κατειργάσατο
2562 3022 2689 3096 ὑμῖν
2794 3020 3062 3094 σπουδήν,
3166 3022 3313 3081 ἀλλὰ
3386 3021 3721 3100 ἀπολογίαν,

2070 3111 2217 3169 ἀλλὰ
2290 3112 2681 3186 ἀγανάκτησιν,
2757 3111 2904 3168 ἆλλᾶ
2978 3109 3170 3192 φόϐον,
3245 3112 3372 3169 ἀλλ’
3451 3113 3726 3186 ἐπιπόθη-

2070 3225 2175 3273 σιν,
2254 3199 2399 3259 ana
2493 3200 2687 3273 ζῆλον,
2764 3200 2894 3258 ἀλλ’
2969 3199 3270 3274 ἐκδίκησιν.
3377 3205 3467 3262 Ἐν
3568 3202 3728 3261 παντὶ

2071 3294 2427 3364 συνεστήσατε
2519 3290 2742 3354 ἑαυτοὺς
2815 3291 3008 3369 ἁγνοὺς
3074 3293 3206 3350 εἶναι
3274 3292 3330 3350 ἐν
3393 3297 3474 3367 τῷ
3537 3294 3726 3371 πράγ-

2076 3404 2226 3458 ματι.

2149 3516 2172 3547 ι
2204 3494 2270 3551 Εἰ
2300 3493 2391 3550 καὶ
2444 3492 2582 3570 πρὸς
2641 3492 2785 3567 ὥραν
2845 3493 3117 3566 ἐλύπησεν
3153 3496 3310 3570 ὑμᾶς.
3346 3519 3374 3548 ››
3407 3495 3552 3571 Πρὸς
3580 3492 3729 3571 ὥραν

2071 3583 2176 3658 γὰρ
2207 3586 2242 3653 ἡ
2271 3583 2446 3655 λύπη,
2474 3583 2564 3640 καὶ
2596 3581 2840 3653 διηνεκὲς
2869 3586 2932 3641 τὸ
2960 3583 3173 3661 κέρδος.
3235 3608 3258 3638 α
3308 3590 3415 3641 Νῦν
3462 3585 3661 3661 χαίρω.
3700 3608 3733 3639 »

2075 3672 2409 3731 ’Δκόλουθον
2438 3674 2505 3744 ἧν
2538 3672 2732 3745 εἰπεῖν,
2771 3672 2917 3731 ἀλλᾶ
2970 3673 3180 3752 μεγάλα
3211 3674 3516 3746 ὠωὲλησεν.
3552 3672 3732 3732 Ἀλλᾶ

2071 3767 2237 3819 τοῦτο
2274 3764 2368 3837 μὲν
2399 3763 2499 3819 ούκ
2531 3762 2700 3833 εἶπεν,
2762 3763 2851 3819 ἐπὶ
2909 3765 3010 3835 τήν
3072 3763 3241 3821 αὐτοῦ
3292 3761 3350 3821 δὶ
3401 3761 3731 3837 κηδεμονίαν

2072 3851 2211 3923 ἦλθε
2264 3852 2357 3909 καὶ
2412 3854 2482 3910 τὰ
2536 3851 2754 3916 ἐκείνων
2809 3852 3081 3931 ἐγκώμια.
3121 3880 3141 3907 ι
3177 3854 3341 3913 Ἀλλ’
3392 3854 3476 3911 ’ὁτι
3518 3853 3733 3926 ἐλυπή-

2075 3943 2209 4013 θητε
2260 3941 2335 4005 εἰς
2397 3942 2704 4016 μετάνοιαν.
2738 3968 2767 3995 ››
2825 3943 2889 4000 Τί
2944 3944 3051 4019 γὰρ
3111 3965 3203 4017 μοι
3262 3941 3453 4018 κέρδος
3509 3944 3601 4014 ἧν,
3644 3944 3731 4000 ὅτι

2075 4028 2390 4102 ἐλυπήθητε
2415 4050 2429 4101 ;
2458 4032 2599 4106 Ὅρα
2655 4029 2733 4102 δὲ,
2790 4031 2853 4087 τὸ
2912 4030 3154 4103 λυπῆσαι
3211 4036 3281 4107 τῇ
3310 4030 3576 4107 ἐπιστολῇ
3604 4033 3732 4088 ἀνα-

2073 4119 2203 4188 θεὶς,
2242 4120 2342 4188 τήν
2400 4121 2686 4193 μετάνοιαν
2744 4121 2809 4176 οὐ
2865 4118 3015 4198 λέγει
3069 4120 3122 4192 ἐξ
3179 4120 3348 4191 αὐτῆς
3380 4123 3733 4199 γεγενῆσθαι,

2074 4207 2202 4265 ἀλλ’
2260 4208 2321 4264 ἐκ
2373 4216 2474 4279 τῆς
2531 4207 2750 4266 ἐκείνων
2808 4210 3026 4285 ἀρετῆς.
3093 4210 3170 4270 Οὔ
3229 4210 3332 4290 γὰρ
3392 4212 3563 4282 εἶπεν,
3602 4212 3731 4269 “Οτι

2074 4296 2345 4369 ἐλύπησεν
2374 4299 2514 4372 ὑμᾶς
2547 4299 2622 4361 εἷς
2674 4298 2984 4373 μετάνοιαν,
3015 4299 3166 4371 ἀλλ’,
3202 4324 3231 4353 ‹‹
3260 4302 3384 4359 ’Ότι
3418 4299 3734 4371 ἐλυπήθητε

2078 4388 2154 4450 εἰς
2187 4387 2490 4461 μετάνοιαν.
2527 4411 2549 4441 ι
2597 4421 2662 4432 -
2695 4412 2726 4441 ‹‹
2756 4388 3108 4461 Ἐλυπηθητε
3164 4391 3271 4467 γὰρ
3325 4390 3459 4446 κατὰ
3519 4389 3667 4446 Θεόν.
3703 4412 3732 4441 ››

2078 4473 2226 4548 Αὕτη
2287 4478 2393 4553 γὰρ
2445 4478 2481 4547 ἡ
2539 4474 2684 4548 καλή
2744 4476 2918 4549 λύπη,
2977 4479 3051 4542 ὡς
3080 4477 3142 4534 τό
3172 4499 3232 4555 γε
3284 4477 3421 4534 κατὰ
3449 4477 3732 4552 ἄνθρωπον

2079 4564 2365 4622 λυπεῖσθαι
2445 4566 2632 4624 κακόν.
2719 4568 2836 4624 Ἵνα
2907 4566 2960 4623 ἐν
3051 4564 3242 4642 μηδενὶ
3305 4572 3626 4642 ζημιωθῆτε
3680 4565 3734 4639 ἐξ

2076 4658 2262 4730 ἡμῶν.
2298 4679 2327 4709 ››
2366 4656 2429 4713 Εἰ
2461 4656 2871 4729 ἐσιωπήσαμεν,
2932 4658 3087 4735 φησὶ,
3146 4656 3237 4713 καὶ
3297 4659 3374 4730 μή
3422 4655 3736 4728 ἐπεπλήξα-

2081 4767 2197 4819 μεν,
2241 4747 2405 4818 ἡμεῖς
2464 4745 2605 4818 ἦμεν
2662 4746 2715 4802 οἱ
2775 4751 3102 4816 ζημιοῦντες
3160 4747 3322 4820 ὑμᾶς,
3358 4748 3412 4803 οἱ
3447 4748 3523 4821 μή
3556 4766 3733 4819 παρα-

2077 4834 2303 4910 σχόντες
2340 4836 2627 4908 μετανοίας
2681 4834 2963 4913 ἆφορμήν.
3022 4836 3230 4891 Λοιπὸν
3285 4836 3411 4911 περὶ
3466 4842 3570 4906 τῆς
3595 4836 3735 4892 κατᾶ

2079 4925 2208 4979 Θεὸν
2239 4922 2419 4995 λύπης
2451 4921 2764 5003 φιλοσοφεῖ,
2800 4921 3026 5001 διαιρῶν
3059 4925 3228 4997 αὐτὴν
3259 4928 3358 4996 τῆς
3388 4929 3486 4982 τοῦ
3514 4925 3733 4999 κόσμου

2078 5012 2278 5084 λύπης,
2312 5014 2403 5069 καί
2432 5031 2617 5093 φησιν·
2680 5037 2709 5067 ι(
2740 5015 2804 5071 Ἥ
2856 5014 2958 5090 γὰρ
3014 5015 3153 5070 κατά
3182 5015 3312 5071 Θεὸν
3345 5015 3493 5086 λύπη
3527 5014 3735 5089 ἀμετα-

2083 5101 2323 5177 μέλητον
2396 5103 2680 5177 μετάνοιαν
2747 5106 3155 5180 κατεργάζεται,
3222 5131 3243 5156 ι
3315 5104 3392 5169 ὡς
3453 5102 3556 5181 ἤγε
3635 5108 3736 5161 τοῦ

2077 5194 2310 5269 κόσμου,
2372 5197 2615 5267 θάνατον,
2675 5193 2801 5251 ὅταν
2860 5193 2951 5251 διὰ
3008 5199 3294 5276 χρήματα,
3351 5194 3389 5266 ἤ
3449 5192 3538 5250 διὰ
3577 5192 3733 5269 δόξαν

2078 5282 2321 5354 λυπῆταί
2348 5305 2454 5349 τις.
2516 5283 2741 5357 Ἐπειδή
2796 5285 2901 5361 γὰρ
2957 5286 3021 5342 τὸ
3077 5293 3178 5356 τῆς
3208 5283 3390 5356 λύπης
3423 5285 3737 5364 φάρμακον,

2078 5375 2153 5438 εἰς
2208 5375 2271 5431 τὸ
2329 5372 2420 5432 διὰ
2472 5375 2570 5437 τὰς
2625 5375 2895 5451 ἁμαρτίας
2953 5374 3240 5441 λυπεῖσθαι
3319 5375 3738 5432 κατεσκεύασται

2079 5464 2270 5540 μόνον,
2305 5463 2358 5521 ἐν
2415 5463 2596 5538 τούτῷ
2657 5465 2819 5539 μόνον
2880 5467 2970 5521 καὶ
3030 5464 3258 5546 ὠφελεῖ,
3298 5465 3352 5521 ἐν
3385 5462 3443 5522 δὲ
3469 5470 3587 5530 τοῖς
3617 5463 3743 5521 λοὶ-

2075 5560 2202 5616 ποῖς
2258 5553 2350 5609 καὶ
2412 5552 2669 5629 βλάπτει.
2733 5555 2885 5631 Παρὰ
2937 5554 3096 5635 φύσιν
3151 5554 3253 5633 γὰρ
3284 5554 3421 5629 αὐτῇ
3451 5556 3739 5632 χρώμεθα.

301 5648 557 5720 gloriam
590 5646 724 5718 quis
756 5644 1044 5700 tristatur.
1078 5641 1372 5708 Quoniam
1404 5638 1567 5695 enim
1597 5639 1853 5699 tristitia;
1883 5644 2274 5717 pharmacum
2301 5645 2377 5702 ad
2424 5649 2655 5702 tantum
2709 5646 2773 5701 id
2830 5647 3172 5704 ordinatum
3231 5652 3321 5703 est
3374 5651 3441 5703 ut
3495 5654 3743 5720 propter
