4080 6378
305 367 457 430 1001

1267 373 1670 438 COMMENT.
1719 371 1796 433 IN
1842 372 2089 434 EPIST.
2140 370 2194 433 Il
2237 374 2344 434 AD
2389 374 2759 438 CORlNTH.

3566 380 3722 444 1002

293 509 540 578 peccata
568 508 979 564 assumeretur
1033 505 1277 565 tristitia
1307 524 1322 566 :
1355 508 1418 565 in
1450 509 1560 566 hac
1592 524 1831 581 quoque
1882 506 2010 564 sola
2038 524 2102 563 re
2158 509 2325 566 utilis
2383 516 2509 569 est:
2545 511 2606 568 in
2655 511 2903 585 reliquis
2955 528 3091 570 vero
3139 513 3322 571 etiam
3352 520 3529 574 nocet
3557 517 3713 575 0"

292 610 434 651 nam
468 601 688 667 prmter
714 602 986 652 naturam
1021 613 1091 653 ea
1119 598 1364 655 utimur.

362 682 613 746 Ἄλλως.
929 684 1231 741 Μετάνοιαν
1289 684 1736 760 ἀμεταμέλητον,
1769 685 1932 766 φησὶν

2140 688 2262 743 Alio
2290 688 2468 745 modo.
2504 691 2942 758 Paenitentiam,
2984 694 3198 769 inquit,
3251 709 3370 750 non
3420 696 3719 767 pmniten-

292 771 435 828 ὥστε
491 772 537 828 εἰ
586 774 724 829 κατὰ
773 772 905 829 Θεὸν
966 772 1307 848 ἐλυπήθητε,
1369 773 1600 846 δείξοιτε
1650 772 1708 830 ἂν
1743 772 1833 830 διὰ
1858 777 1937 830 toi

2064 776 2218 833 dam.
2253 779 2460 851 Itaque
2510 787 2712 837 utrum
2769 782 3100 839 secundum
3158 785 3341 840 Deum
3381 786 3717 844 contristati

297 859 577 937 μηδέποτε
632 863 774 936 ὑμᾶς
833 863 940 918 ἀπὸ
998 871 1099 934 τῆς
1156 863 1335 934 καλῆς
1394 863 1602 935 ἐκείνης
1666 864 1952 939 μετανοίας

294 955 624 1027 ἀποστῆναι,
683 955 774 1011 καὶ
830 956 906 1018 εἰς
962 956 1025 1011 τὸ
1103 955 1339 1013 ἐναντίον
1401 965 1803 1034 περιτραπῆναι
1861 956 1951 1013 καὶ

294 1041 766 1118 μεταμεληθῆναι,
843 1044 976 1120 ὅπερ
1050 1045 1162 1101 ἐστί
1257 1046 1727 1122 προτρεπομένου,
1810 1043 1952 1121 μηδὲ

290 1153 421 1189 ποτε
468 1140 572 1204 τῆς
628 1133 795 1209 ὀρθῆς
852 1131 1152 1206 ἐξίστασθαι
1210 1136 1461 1213 κρίσεως.
1510 1160 1539 1190 ‹‹
1573 1135 1950 1212 Ἀμεταμὲληο

286 1247 381 1283 τον
438 1226 847 1304 κατεργάζεται.
921 1253 942 1282 ι
1016 1226 1156 1286 Οὔτε
1221 1230 1324 1306 γὰρ
1395 1232 1423 1286 ὁ
1488 1228 1754 1303 λυπηθεῗς
1811 1230 1950 1287 κατᾶ

287 1317 417 1371 Θεὸν
481 1315 887 1390 μεταμεληθείη
948 1318 1101 1387 ποτὲ,
1156 1316 1192 1388 ἢ
1248 1324 1496 1395 καταγνῷ
1553 1321 1764 1389 ἑαυτοῦ,
1795 1319 1847 1375 τί
1878 1317 1944 1391 δή

285 1426 417 1462 ποτε
477 1403 824 1477 λελύπηταις
877 1406 1011 1482 ὅπερ
1076 1407 1163 1463 ἐπὶ
1222 1415 1321 1480 τῆς
1378 1413 1474 1465 τοῦ
1522 1409 1731 1485 κόσμου
1764 1408 1947 1481 λύπης

289 1490 604 1569 συμϐαίνειν
664 1494 871 1567 εἶ’ωθεν,
928 1523 956 1548 ‹‹
1017 1496 1154 1554 Ἰδοὺ
1207 1500 1309 1576 γὰρ
1365 1500 1496 1555 αὐτὸ
1549 1505 1733 1571 τοῦτο,
1766 1526 1794 1554 ››
1854 1502 1945 1556 καὶ

290 1583 488 1642 λοιπὸν
555 1585 615 1641 ἐκ
678 1591 787 1642 τῶν
855 1582 1277 1661 ἀποϐεϐηκότων
1344 1590 1438 1652 τὰς
1502 1589 1802 1663 ἀποδείξεις
1869 1592 1944 1646 ὧν

287 1672 474 1750 εἴρηκε
540 1676 796 1754 παρέχει.
866 1673 1010 1735 ἰδοὺ
1083 1677 1207 1755 γὰρ,
1276 1681 1434 1760 φησὶ,
1482 1682 1546 1736 τὸ
1609 1680 1746 1736 κατὰ
1811 1681 1941 1736 Θεὸν

286 1764 604 1836 λυπηθῆναι
665 1766 829 1840 ὑμᾶς,
886 1766 1064 1838 πόσην
1121 1770 1511 1845 κατειργάσατο
1566 1768 1827 1843 σπουδήν.
1862 1770 1941 1827 Οὐ

288 1856 454 1928 μόνον
486 1855 592 1932 γὰρ
621 1856 698 1918 εἰς
733 1855 1095 1930 μεταμέλειαν
1147 1858 1246 1914 τοῦ
1292 1858 1440 1922 ὅλως
1492 1858 1806 1931 λυπηθῆναι
1840 1861 1943 1916 οὐκ

282 1943 503 2016 ἤλθετε,
569 1942 713 2001 ἀλλᾶ
780 1943 1243 2023 σπουδαιοτέρους
1311 1948 1554 2021 ἐποίησε.
1626 1951 1722 2007 Καὶ
1794 1947 1939 2027 λέγει

2061 866 2211 936 sitis,
2237 883 2305 923 ex
2328 868 2439 924 hoc
2464 871 2778 925 ostendere
2797 872 3091 943 poteritis,
3116 873 3166 929 si
3187 890 3493 945 nunquam
3519 891 3619 931 vos
3640 875 3713 932 ab

2060 956 2317 1015 honesta
2338 958 2439 1014 illa
2457 961 2699 1016 tristitia
2716 962 3003 1033 separetis
3015 964 3190 1019 autin
3204 965 3567 1021 contrarium
3585 982 3717 1038 per-

2058 1046 2384 1116 cellamini,
2417 1065 2635 1121 vosque
2671 1050 2989 1121 pamiteat;
3024 1052 3183 1124 quod
3227 1059 3317 1108 est
3346 1055 3714 1112 exhortantls

2056 1140 2123 1190 ut
2151 1153 2461 1208 nunquam
2492 1155 2526 1194 a
2556 1144 2716 1195 recto
2770 1138 2998 1211 judicio
3057 1141 3492 1200 dimoveantur.
3526 1166 3554 1195 ‹‹
3583 1146 3709 1201 Non

2055 1226 2456 1297 pmnitendam
2489 1230 2663 1300 parit.
2699 1251 2727 1279 ››
2759 1231 2959 1301 Neque
2989 1231 3151 1287 enim
3199 1247 3332 1288 eum
3366 1234 3466 1304 qui
3499 1238 3713 1290 sebuna

2055 1313 2196 1369 dum
2230 1314 2412 1371 Deum
2442 1319 2826 1373 contristatus
2856 1325 2947 1375 est
2975 1320 3287 1391 paenitebit
3315 1329 3715 1393 unquam.ant

2053 1404 2746 1480 condemnabitseipsum
2761 1409 2921 1481 quod
2944 1410 3713 1484 proptcridfueritcontris-

2052 1500 2240 1563 tatus;
2266 1495 2378 1551 hoc
2401 1502 2599 1552 autem
2622 1498 2684 1552 in
2704 1500 2912 1554 mundi
2934 1501 3175 1557 tristitia
3196 1500 3346 1557 solet
3364 1504 3707 1575 contingere

2054 1606 2078 1637 σ
2112 1588 2259 1643 Ecce
2291 1587 2449 1643 enim
2482 1588 2677 1645 isthuc
2705 1590 2955 1662 ipsum»
2992 1591 3284 1666 Deinceps
3307 1593 3486 1649 etiam
3517 1611 3590 1649 ex
3608 1594 3703 1651 his

2052 1691 2183 1745 quae
2204 1675 2817 1748 contigerunt,eorum
2836 1696 2968 1750 quae
2991 1680 3142 1735 dixit
3160 1680 3702 1737 demonstrationes

2050 1765 2312 1821 exhibet.
2342 1765 2489 1822 Ecce
2520 1768 2706 1837 enim,
2760 1768 2977 1840 inquit,
3036 1770 3196 1840 quod
3244 1787 3345 1826 vos
3375 1770 3704 1826 secundum

2050 1855 2234 1910 Deum
2269 1857 2601 1912 contristati
2624 1858 2859 1913 fueritis
2882 1866 3165 1931 quantam
3192 1860 3396 1933 genuit
3413 1860 3702 1916 sollicitu-

2048 1943 2250 2000 dinem
2270 1945 2298 2000 ‘?
2320 1947 2444 2001 Non
2479 1947 2673 2003 solum
2704 1948 2866 2004 enim
2893 1948 2968 2003 ad
2998 1949 3059 2003 id
3088 1964 3210 2005 non
3233 1949 3480 2005 venistis
3510 1954 3576 2005 ut
3603 1965 3703 2006 vos

281 2041 383 2103 τῆς
440 2031 676 2104 σπουδῆς
733 2036 802 2090 τὰ
855 2039 1150 2113 τεκμήρια.
1211 2037 1478 2097 ‹‹”Αλλὰ
1533 2038 1863 2117 ἀπολογίαν.
1906 2063 1935 2092 n

2047 2035 2291 2090 omnino
2318 2036 2632 2107 pceniteret
2689 2036 2874 2092 fuisse
2932 2038 3334 2106 contristatos,
3380 2038 3486 2094 sed
3516 2038 3705 2111 magis

278 2124 379 2191 Τὸ,
432 2123 596 2196 ἀλλὰ,
665 2123 717 2179 ἐν
793 2124 948 2189 ὅλοις
1004 2128 1222 2188 τούτοις
1275 2133 1391 2191 τοῖς
1441 2126 1782 2199 κεφαλαίοις,
1820 2128 1935 2185 ἀντὶ

273 2217 400 2284 τοῦ,
432 2214 545 2283 καὶ,
578 2220 774 2274 κεῖται.
837 2217 935 2272 Καὶ
992 2216 1303 2294 ἀπολογίαν
1355 2216 1645 2297 εἶργάίσατο
1676 2220 1813 2295 πρός
1847 2240 1932 2294 με.

274 2307 725 2384 Ἀπελογησασθε
787 2308 891 2385 γὰρ
948 2313 1016 2383 τῇ
1079 2318 1359 2384 μετανοίᾳ,
1414 2309 1504 2365 καί
1552 2315 1631 2383 τῷ
1660 2311 1935 2385 ἀποκόψαι

283 2397 437 2469 ὑμῶν
503 2398 594 2452 τὸν
663 2400 1088 2474 πεπορνευκότα.
1156 2426 1183 2452 α
1229 2399 1408 2456 Ἀλλὰ
1475 2400 1936 2477 ἀγανάκτησιν.»

279 2487 380 2542 Καὶ
448 2486 825 2561 ἀγανάκτησιν,
915 2488 1070 2568 φησὶ,
1167 2491 1304 2565 πρὸς
1377 2492 1468 2546 τὸν
1546 2491 1934 2565 πορνεύσαντα,

280 2599 308 2628 α
338 2576 446 2632 Καὶ
476 2572 648 2655 φόϐον
682 2576 817 2653 πρός
874 2599 960 2653 με.
997 2603 1026 2630 κ
1077 2574 1443 2654 Φοϐουμένων
1474 2579 1598 2656 γὰρ,
1630 2582 1665 2649 ἢ
1696 2579 1934 2652 τοσαύτη

276 2661 604 2740 διόρθωσις,
649 2692 678 2719 ‹‹
713 2668 816 2724 Καὶ
873 2667 1200 2738 ἐπιπόθησις
1256 2693 1285 2722 ››
1341 2668 1570 2741 Ἐπειδή
1601 2670 1705 2746 γὰρ
1734 2670 1796 2725 τὸ
1835 2675 1936 2726 τοῦ

276 2749 455 2833 φόϐου
520 2754 760 2831 ἐπαχθὲς
826 2756 915 2829 ἦν,
980 2756 1168 2833 ἐπάγει
1232 2759 1348 2832 καὶ,
1415 2784 1443 2811 ‹‹
1503 2757 1848 2830 ἐπιπόθησιν.
1908 2781 1933 2813 ι

279 2844 635 2920 Ἀγαπῶντες
691 2849 796 2922 γάρ
860 2868 946 2920 με,
993 2847 1148 2927 φησὶ,
1207 2848 1295 2903 καὶ
1357 2846 1663 2913 δεδοικότες
1723 2852 1799 2923 μή
1870 2869 1937 2921 με

273 2931 589 3006 λυπήσητε.
648 2932 1055 3011 διωρθώσασθε.
1120 2959 1145 2991 ι
1205 2939 1309 2995 Καὶ
1344 2938 1536 3009 ζῆλον,
1572 2962 1598 2990 ››
1652 2938 1837 3017 φησὶν,
1898 2934 1936 3008 ἤ

277 3021 412 3098 ὑπὲρ
469 3028 626 3097 θεοῦ,
687 3025 722 3095 ἢ
787 3026 920 3101 ὑπὲρ
980 3024 1116 3099 ἐμοῦ
1174 3027 1310 3103 πρὸς
1363 3025 1490 3090 τοὺς
1542 3025 1937 3104 λοιδοροῦντας

275 3111 782 3187 ψευδαποστόλους.
819 3139 846 3167 ‹‹
900 3115 1004 3173 Καὶ
1064 3113 1360 3188 ἐκδίκησιν.
1405 3140 1433 3170 n
1495 3117 1598 3173 Καὶ
1630 3117 1736 3192 γάρ
1768 3114 1933 3187 ἐξεδι-

280 3204 489 3273 κήσατε
514 3204 635 3269 τοὺς
694 3211 792 3262 τοῦ
850 3202 983 3263 Θεοῦ
1039 3206 1268 3281 νόμους,
1302 3208 1404 3263 ὑπὸ
1437 3212 1533 3264 τοῦ
1564 3207 1935 3283 πεπορνευκό-

282 3311 382 3354 τος
448 3288 807 3369 ὑϐρισθὲντας.
884 3320 910 3350 ε
967 3299 1053 3354 Ἐν
1122 3298 1278 3354 παντὶ
1342 3300 1718 3370 συνεστήσατε.
1783 3322 1810 3349 n
1861 3295 1937 3355 Οὐ

2047 2125 2333 2182 sollicitos
2351 2126 2704 2183 reddidit.Et
2723 2127 3147 2183 sollicitudinis
3165 2128 3387 2184 indicia
3408 2134 3698 2186 recenset.

2042 2236 2072 2265 ‹‹
2097 2217 2167 2272 Et
2196 2215 2626 2273 defensionem.
2660 2238 2690 2267 ››
2720 2218 2865 2273 Nam
2924 2218 3105 2274 dictio
3154 2215 3318 2283 ἀλλὰ,
3353 2218 3414 2273 id
3441 2223 3550 2285 est,
3582 2218 3693 2286 sed,

2039 2306 2102 2361 in
2133 2307 2413 2363 omnibus
2446 2309 2575 2364 istis
2606 2309 2913 2381 particulis
2935 2325 3060 2381 pro,
3084 2315 3156 2378 et,
3199 2310 3459 2382 ponitur.
3494 2310 3564 2363 Et
3593 2309 3696 2365 de-

2037 2395 2371 2452 fensionem
2412 2413 2551 2470 erga
2582 2414 2674 2453 me
2704 2406 3016 2470 cperatum
3065 2404 3173 2454 est.
3212 2398 3567 2455 Uefendistis
3595 2415 3696 2454 vos

2040 2500 2107 2540 ac
2137 2486 2528 2559 respondistis
2571 2504 2679 2559 per
2719 2488 3155 2559 paenitentiam,
3185 2493 3245 2543 et
3271 2488 3635 2559 amputanda
3668 2504 3700 2543 a

2038 2574 2205 2630 vobis
2236 2581 2641 2631 scortatorem.
2678 2600 2698 2627 ι
2726 2578 2803 2632 Ει
2858 2576 3351 2650 indignationem.
3386 2599 3414 2627 »ι
3443 2577 3515 2632 Et
3546 2576 3704 2633 indi-

2041 2666 2412 2737 gnationem,
2446 2666 2662 2738 inquit,
2724 2665 3008 2723 adversus
3066 2682 3203 2723 eum
3260 2667 3363 2739 qui
3404 2672 3700 2723 scortatus

2041 2754 2255 2812 fuerat.
2291 2776 2320 2806 ι(
2351 2756 2423 2811 Et
2446 2756 2748 2823 timorem,
2782 2776 2810 2805 ››
2843 2772 2982 2829 erga
3028 2772 3146 2812 me.
3180 2758 3323 2812 Nam
3353 2757 3698 2813 timentium

2043 2852 2171 2901 erat
2198 2850 2364 2901 tanta
2394 2846 2704 2901 correctio.
2744 2867 2773 2895 «
2824 2846 2893 2900 Et
2922 2845 3311 2901 desiderium.
3346 2868 3375 2897 »
3405 2845 3699 2911 Quoniam

2045 2936 2207 2991 enim
2238 2935 2601 2990 invidiosum
2629 2941 2757 2991 erat
2786 2935 2944 3007 quod
2976 2936 3227 3003 dixerat,
3264 2958 3291 2985 ‹‹
3321 2936 3641 3004 Timorem,
3668 2955 3698 2985 η

2045 3024 2375 3097 subjunxit,
2400 3049 2420 3074 ι
2448 3027 2519 3080 Et
2547 3025 2932 3081 desiderium.
2960 3047 2988 3076 ››
3010 3027 3097 3081 Me
3120 3024 3417 3096 siquidem
3449 3024 3703 3098 diligen-

2045 3118 2154 3181 tes,
2188 3121 2247 3169 et
2277 3115 2445 3169 veriti
2478 3132 2552 3170 ne
2584 3114 3020 3171 contristaretis
3050 3131 3170 3184 me,
3204 3114 3501 3171 emendati
3535 3113 3698 3172 estis.

2042 3225 2070 3253 «
2108 3203 2174 3257 Et
2200 3204 2410 3259 zelum.
2446 3226 2474 3254 »
2512 3208 2623 3260 Aut
2673 3221 2778 3278 pro
2828 3205 2966 3273 Deo,
3000 3210 3103 3262 aut
3154 3221 3260 3276 pro
3291 3220 3387 3260 me
3418 3202 3699 3260 adversus

2042 3284 2534 3364 pseudapostolos
2565 3292 2666 3364 qui
2698 3292 2759 3347 in
2791 3310 2883 3348 me
2926 3293 3345 3349 contumeliosi
3376 3298 3534 3350 sunt.
3567 3316 3596 3344 «
3629 3294 3700 3349 Et

281 3383 471 3457 μόνον,
522 3385 701 3462 φησὶν,
758 3384 911 3443 οὐδὲν
964 3385 1308 3462 τοτόλμηται
1356 3388 1482 3462 ὑμῖν
1511 3392 1782 3457 τοιοῦτον,
1815 3389 1933 3444 οἷον

2047 3382 2383 3438 vindictam.
2420 3404 2447 3432 ››
2482 3383 2597 3438 Ulti
2630 3383 2787 3438 enim
2811 3383 2954 3438 estis
2984 3383 3145 3455 leges
3175 3382 3278 3439 Dei
3310 3400 3442 3455 quas
3474 3399 3509 3439 a
3538 3399 3698 3439 scor-

389 3447 806 3549 ntito.p\isuzt’6u,
838 3476 966 3533 ἀλλ’
999 3447 1150 3534 οὐδὲ.
1173 3447 1477 3550 συνήσθητε
1508 3476 1675 3551 αότῷ.
1709 3447 1933 3547 Ἐπειδή

2047 3475 2228 3526 tatore
2251 3472 2473 3544 injuria
2491 3473 2717 3528 all'ectaa
2740 3447 3165 3544 erant.Ubique
3188 3447 3703 3531 demonstrastis.»

275 3561 381 3639 γὰρ
444 3563 496 3618 ἐν
563 3569 631 3640 τῇ
698 3567 891 3642 πρώτῃ
953 3569 1252 3641 Ἐπιστολῇ
1304 3568 1533 3644 εἰρηκει,
1578 3593 1605 3620 ‹‹
1642 3568 1746 3625 Καὶ
1780 3568 1936 3641 ὑμεῖς

272 3652 684 3730 πεφυσιωμένοι
742 3652 881 3728 ἐστὲ,
952 3679 981 3708 ››
1021 3655 1154 3731 ὅπερ
1221 3656 1419 3718 αὐτοὺς
1486 3655 1784 3719 κοινωνοὺς
1839 3658 1936 3710 τοῦ

275 3739 779 3817 πλημμελήματος
836 3745 1033 3814 ἐποίει,
1090 3749 1181 3800 νῦν
1243 3766 1397 3826 φησι·
1460 3746 1564 3801 Καὶ
1603 3744 1807 3816 ταύτην
1838 3745 1938 3801 ἀπ-

278 3832 572 3908 ετρίψασθε
597 3835 696 3903 τὴν
732 3833 1012 3893 ὑπόνοιαν.

344 4103 486 4177 Ἀρι
550 4103 597 4157 εἰ
662 4104 749 4159 καὶ
816 4101 1022 4179 ἔγραψα
1090 4104 1217 4179 ὑμῖν
1274 4106 1383 4182 οὐχ
1436 4105 1635 4163 εἵνεκει
1684 4114 1780 4165 τοῦ
1813 4107 1933 4165 ἀδι-

272 4191 569 4261 κήσαντος,
674 4188 798 4248 οὐδὲ
890 4190 1083 4249 εἵνεκεν
1168 4199 1266 4249 τοῦ
1359 4194 1728 4269 ἀδικηθέντος,
1804 4197 1933 4255 ἀλλ’

274 4280 472 4335 εἳνεκιν
529 4284 627 4336 τοῦ
737 4281 1112 4361 φανερωθῆναι
1221 4285 1320 4355 τὴν
1434 4285 1677 4358 σπουδὴν
1776 4289 1930 4363 ὑμῶν

270 4369 375 4437 τὴν
437 4369 570 4446 ὑπὶρ
647 4371 808 4444 ἡμῶν
883 4374 1017 4447 πρὸς
1095 4374 1256 4447 ὑμᾶς,
1333 4373 1564 4431 ἐνώπιον
1620 4382 1717 4432 τοῦ
1774 4383 1928 4437 Θεοῦ.

273 4459 376 4513 Διὰ
447 4462 612 4515 τοῦτο
689 4459 1152 4537 παρακεκλήμεθα
1254 4461 1341 4518 ἐπὶ
1424 4469 1492 4538 τῇ
1594 4465 1929 4540 καρακλησει

274 4548 454 4620 ὑμῶν.
534 4551 940 4626 Περισσοτέρως
1006 4547 1063 4606 δὲ
1122 4549 1337 4626 μᾶλλον
1401 4552 1682 4628 ἐχάρημεν
1731 4554 1819 4610 ἐπὶ
1858 4562 1927 4632 τῇ

270 4641 425 4715 χαρᾷ
496 4639 681 4709 Τίτου,
740 4638 825 4695 ὅτι
901 4640 1265 4697 ἀναπέπαυται
1341 4642 1403 4697 τὸ
1478 4647 1687 4717 πνεῦμα
1761 4645 1929 4701 αὐτοῦ

274 4724 384 4779 ἀπὸ
459 4726 673 4783 πάντων
750 4728 920 4800 ὑμῶν.
998 4729 1117 4785 Ὀτι
1182 4726 1228 4784 ε⁷ί
1292 4750 1344 4784 τι
1410 4730 1559 4803 αὖτῷ
1608 4731 1742 4808 ὑπὲρ
1775 4733 1927 4807 ὑμῶν

2041 3562 2166 3617 Non
2197 3561 2405 3632 solum,
2467 3562 2681 3633 inquit,
2742 3561 2892 3617 nihil
2950 3562 3294 3635 hujusmodi
3343 3579 3379 3619 a
3418 3561 3584 3619 vobis
3614 3568 3705 3619 at-

2042 3655 2336 3707 tentatum
2368 3657 2457 3707 est
2505 3651 2741 3722 qualea
2772 3657 3099 3708 scortatore
3156 3651 3283 3719 illo,
3343 3652 3446 3708 sed
3497 3668 3695 3723 neque

2040 3739 2431 3796 consensistis
2461 3740 2596 3812 ipsi.
2622 3740 2928 3812 Siquidem
2951 3741 3091 3812 quia
3113 3741 3173 3796 in
3204 3740 3403 3812 priore
3432 3741 3699 3814 Epistola

2039 3830 2307 3885 dixerat:
2347 3848 2368 3878 ι
2402 3831 2472 3885 Et
2500 3846 2599 3885 vos
2634 3830 2825 3886 inﬂati
2847 3830 3012 3886 estis.
3039 3852 3068 3880 ι»
3099 3829 3267 3896 Quod
3297 3830 3459 3902 ipsos
3489 3829 3692 3887 delicti

2038 3919 2359 3992 participes
2391 3919 2706 4003 efficiebat,
2732 3936 2892 3977 nunc
2915 3920 3034 3977 ait:
3070 3919 3255 3976 Etiam
3286 3919 3441 3976 hanc
3471 3919 3696 3977 abster-

2040 4010 2204 4067 sistis
2235 4011 2660 4082 suspicionem.

2111 4100 2229 4169 VII,
2265 4100 2453 4155 12-16.
2486 4101 2746 4169 Proinde,
2781 4102 2996 4157 tametsi
3024 4103 3221 4173 scripsi
3278 4103 3449 4172 vobis,
3503 4119 3616 4159 non
3641 4103 3698 4158 id

2034 4191 2141 4260 feci
2172 4190 2292 4259 ejus
2319 4205 2487 4246 causa
2542 4192 2640 4260 qui
2695 4190 2931 4259 laeserat,
2977 4207 3076 4247 nec
3133 4193 3251 4263 ejus
3280 4208 3445 4248 causa
3473 4195 3574 4263 qui
3603 4194 3700 4249 l2-

2034 4296 2126 4335 sus
2152 4282 2362 4349 fuerat,
2391 4279 2481 4335 sed
2506 4281 2575 4335 ob
2628 4280 2690 4335 id
2745 4287 2809 4335 ut
2866 4281 3110 4337 studium
3141 4289 3392 4338 nostrum
3422 4283 3571 4353 quod
3593 4292 3700 4355 pro

2032 4371 2185 4427 vobis
2214 4377 2292 4426 est
2320 4373 2779 4440 manifestaretur
2806 4372 2962 4444 apud
2989 4389 3085 4429 vos
3114 4389 3299 4429 coram
3330 4374 3456 4429 Deo.
3488 4373 3700 4430 Idcirco

2034 4463 2460 4518 consolationem
2532 4465 2838 4535 accepimus
2914 4481 2985 4519 ex
3067 4464 3441 4521 consolatione
3490 4468 3704 4538 vestri;

2033 4552 2170 4621 quin
2199 4549 2423 4604 uberius
2449 4551 2678 4621 insuper
2707 4552 2885 4619 gavisi
2910 4554 3120 4620 fuimus
3148 4554 3216 4607 ob
3239 4553 3395 4608 054
3423 4554 3698 4623 gaudium

2038 4641 2172 4705 Titi,
2206 4638 2356 4710 quod
2378 4641 2726 4707 refocillatus
2782 4643 2856 4695 sit
2909 4641 3147 4712 spiritus
3203 4642 3381 4712 ipsius
3419 4643 3489 4698 ab
3520 4649 3704 4703 omni-

2035 4728 2131 4784 bus
2159 4729 2331 4782 vobis.
2361 4728 2519 4793 Quod
2546 4730 2593 4783 si
2623 4728 2758 4798 quid
2786 4729 2940 4798 apud
2983 4730 3143 4785 illum
3191 4732 3284 4799 fui
3330 4732 3611 4802 gloriatus
3639 4735 3706 4791 de

274 4814 632 4893 κεκαύχημαι
702 4817 764 4871 οὐ
831 4818 1239 4895 κατῃσχύνθην,
1310 4814 1435 4874 ἀλλ’
1499 4820 1576 4883 ὡς
1641 4824 1815 4877 πάντα
1880 4820 1931 4878 ἐν

2047 4817 2212 4881 vobis,
2285 4832 2398 4871 non
2455 4833 2572 4873 sum
2624 4819 3002 4888 pudefactus:
3053 4821 3150 4876 sed
3201 4823 3343 4877 sicut
3399 4826 3585 4879 omnia
3642 4826 3703 4879 in

276 4900 515 4975 ἀληθείᾳ
575 4903 931 4978 ἐλαλήσαμεν
1002 4907 1153 4980 ὑμῖν,
1223 4904 1366 4963 οὕτω
1433 4908 1522 4964 καὶ
1576 4910 1611 4980 ἡ
1660 4911 1932 4987 καύχησις

279 4993 447 5066 ἡμῶν
519 4995 554 5063 ἡ
631 4993 718 5049 ἰπὶ
792 4995 983 5064 Τίτου,
1059 4995 1292 5067 ἀλήθεια
1365 4997 1617 5073 ἐγενήθη.
1697 5002 1798 5059 Καὶ
1873 5002 1939 5058 τὰ

280 5081 577 5160 σπλάγχνα
650 5085 819 5140 αὐτοῦ
919 5086 1318 5161 περισσοτέρως
1419 5088 1494 5152 εἲς
1581 5090 1723 5165 ὑμᾶς
1799 5093 1940 5150 ἐστιν

279 5171 845 5248 ἀναμιμνησκομένου
939 5177 1039 5244 τήν
1142 5174 1358 5233 πάντων
1439 5178 1591 5252 ὑμῶν
1670 5180 1938 5254 ὑπακοήν,

281 5261 358 5323 ὡς
439 5264 576 5337 μετᾶ
678 5262 852 5341 φόϐου
951 5265 1043 5321 καὶ
1145 5267 1355 5342 τρόμου
1430 5265 1674 5342 ἰδέξασθε
1755 5271 1937 5333 αὐτόν.

278 5349 470 5427 Χαίρω
503 5348 589 5408 ὅτι
620 5352 672 5408 ἰν
704 5352 863 5409 παντὶ
895 5352 1079 5431 θαῤῥῶ
1105 5354 1157 5411 ἐν
1190 5357 1342 5431 ὑμῖν.

348 5532 442 5623 Τίς
495 5535 524 5589 ὁ
569 5531 877 5607 dam-4mg;
926 5533 1017 5591 καὶ
1060 5537 1146 5599 τίς
1196 5537 1225 5592 ὁ
1274 5533 1597 5611 ἀδικηθείς;
1651 5544 1702 5598 οἱ
1734 5564 1942 5623 πεπορ-

272 5618 553 5683 νευκότας.
619 5623 918 5697 Ἥδίκησαν
975 5628 1080 5703 γὰρ
1139 5626 1386 5697 ἑαυτοὺς,
1443 5631 1536 5685 καὶ
1592 5618 1938 5706 ἠδικήθησαν

280 5713 372 5791 ὑφ’
427 5713 654 5771 ἑαυτῶν.
710 5713 869 5790 Λέγει
918 5715 976 5774 δὲ
1032 5724 1215 5775 τοῦτο.
1277 5721 1386 5783 Τὰς
1436 5723 1721 5799 τοσαύτας,
1750 5729 1934 5807 φησῖν,

565 5835 817 5889 Plu-non.
857 5833 963 5891 Gn.
1003 5835 1181 5894 CXVI
1202 5837 1274 5894 ΙΙ.

2046 4908 2278 4964 veritate
2329 4909 2499 4963 locuti
2550 4925 2733 4965 sumus
2778 4911 2952 4978 vobis,
2981 4910 3066 4966 ita
3111 4917 3166 4967 et
3194 4912 3457 4982 gloriatio
3514 4922 3703 4972 nostra

2049 5015 2161 5069 qua
2215 5013 2343 5054 usus
2393 5013 2543 5054 eram
2595 4999 2749 5071 apud
2812 5001 3013 5069 Titum,
3066 5004 3269 5058 veritas
3313 5004 3472 5071 facta
3501 5011 3619 5062 est:
3650 5011 3707 5061 et

2049 5091 2259 5144 viscera
2306 5091 2481 5159 ipsius
2518 5089 2895 5146 abundantius
2950 5107 3084 5161 erga
3142 5107 3242 5148 nos
3298 5095 3501 5164 affecta
3556 5100 3687 5151 sunt

2051 5181 2178 5236 dum
2210 5179 2403 5235 recolit
2434 5183 2675 5236 omnium
2730 5188 2969 5237 vestrum
3026 5182 3412 5254 obedientiam,
3446 5186 3707 5257 quemad-

2048 5271 2273 5326 modum
2303 5287 2425 5327 cum
2483 5272 2678 5327 timore
2733 5288 2797 5327 ac
2855 5278 3085 5329 tremore
3137 5277 3459 5345 emceperitis
3495 5278 3703 5349 ipsum.

2052 5359 2324 5416 Gaudium
2355 5359 2505 5430 quod
2558 5362 2617 5415 in
2673 5361 2923 5418 omnibus
2972 5363 3230 5432 ﬁduciam
3264 5363 3494 5422 habeam
3524 5368 3585 5423 in
3614 5382 3708 5422 vo-

2052 5451 2151 5507 bis.

2121 5555 2403 5619 Quisnam
2435 5558 2524 5609 est
2555 5554 2656 5626 qui
2690 5554 2914 5628 injuria
2944 5556 3189 5613 affecit?
3237 5563 3297 5614 et
3326 5558 3459 5632 quis
3491 5557 3710 5628 injuria

2051 5646 2298 5702 affectus
2329 5645 2466 5702 est?
2494 5645 2879 5703 Scortatores.
2912 5648 3029 5722 Ipsi
3059 5665 3322 5723 namque
3355 5650 3584 5722 seipsos
3613 5648 3706 5705 in-

2041 5735 2207 5808 juria
2235 5738 2586 5808 affecerunt,
2620 5743 2679 5794 et
2702 5755 2738 5795 a
2771 5739 2986 5812 seipsis
3038 5740 3263 5813 injuria
3314 5738 3513 5797 aﬂ'ecti
3544 5743 3714 5795 sunt.

3356 5856 3429 5914 32
