4080 6384
339 362 366 418 1
377 359 493 420 003

329 580 700 655 jurgationes
732 591 852 630 non
884 587 1062 627 causa
1110 572 1505 624 scortatorum
1536 563 1810 655 primitus
1843 561 1990 615 scri-

336 653 426 744 psi
450 653 642 731 vobis,
676 665 779 721 sed
809 662 985 718 vestri
1017 675 1217 726 causa,
1249 663 1316 712 ut
1344 673 1444 712 vos
1474 653 1988 718 confirmarem,ne

336 758 632 833 quomodo
657 771 904 826 serpens
927 752 1104 806 etiam
1138 748 1357 804 malum
1387 746 1459 801 ad
1485 763 1584 800 vos
1605 745 1984 833 pertingeret.

331 831 583 904 liaulum
618 846 776 901 enim
805 841 1081 900 fermenti
1123 845 1305 893 totam
1350 833 1834 906 conspersionem
1865 831 1990 885 fer-

334 943 581 994 mentat.
617 935 729 990 Sed
758 941 896 988 tunc
926 929 1167 1002 quidem
1200 928 1319 991 ita;
1369 941 1527 980 nunc
1560 940 1693 977 vero
1725 922 1798 976 ob
1832 937 1985 988 eam,

332 1028 552 1100 inquit,
586 1039 826 1080 causam
858 1027 922 1076 ut
952 1019 1326 1074 ostenderem
1350 1015 1514 1069 vobis
1548 1017 1837 1083 quantum
1862 1016 1988 1065 stu-

329 1117 494 1171 dium
517 1121 576 1170 et
606 1130 808 1169 curam
839 1110 1015 1165 vestri
1065 1107 1314 1162 habeam
1342 1120 1354 1159 :
1408 1103 1566 1174 quod
1598 1102 1792 1174 ipsum
1828 1100 1985 1154 idem

329 1206 571 1278 quidem
606 1209 696 1258 est
734 1218 866 1256 cum
897 1199 1114 1271 priore,
1149 1196 1250 1251 sed
1291 1194 1590 1249 amantius
1616 1191 1728 1246 hoc
1761 1190 1983 1244 dictum

331 1301 439 1351 est.
475 1317 502 1344 ‹‹
537 1296 650 1349 Nec
683 1293 810 1362 ejus
857 1305 1035 1344 causa
1065 1287 1164 1358 qui
1223 1285 1400 1340 laesus
1431 1284 1642 1338 fuerat.
1679 1304 1706 1330 »
1740 1282 1863 1334 Non
1897 1278 1985 1333 di-

329 1386 436 1454 xit,
471 1384 659 1439 Causa
688 1381 925 1435 illorum
984 1394 1104 1432 non
1155 1375 1386 1446 scripsi,
1450 1371 1574 1436 sed,
1605 1372 1732 1425 Non
1765 1370 1982 1441 prima-

329 1476 418 1531 ria
445 1490 624 1529 causa
653 1471 766 1527 fuit
794 1475 1037 1542 propter
1062 1468 1220 1533 illos,
1254 1467 1372 1520 imo
1425 1469 1484 1518 et
1525 1469 1767 1534 propter
1798 1479 1897 1516 vos
1927 1466 1984 1514 et

331 1570 573 1637 prOpter
602 1562 759 1617 illos.
795 1582 822 1610 «
855 1561 924 1614 Ut
957 1558 1219 1614 studium
1252 1560 1523 1610 nostrum
1557 1552 1715 1623 quod
1747 1569 1852 1622 pro
1884 1568 1981 1605 vo-

329 1653 421 1708 bis
476 1658 567 1708 est
623 1651 1109 1707 manilestaretur
1158 1644 1315 1716 apud
1373 1661 1470 1698 vos
1529 1658 1730 1698 coram
1780 1642 1982 1695 Deo.»

328 1745 469 1798 Erat
497 1742 739 1814 quidem
772 1739 929 1811 apud
981 1755 1071 1793 me
1122 1737 1382 1802 dilectio,
1417 1734 1519 1790 sed
1552 1731 1890 1804 quaerebam
1921 1736 1985 1785 ut

329 1833 436 1888 illa
465 1833 986 1888 manifestaretur:
1024 1835 1305 1898 tanquam
1340 1827 1732 1896 inspectante,
1766 1822 1979 1892 inquit,

331 1924 448 1978 Deo
499 1922 655 1994 quod
707 1937 842 1976 vera
900 1920 1114 1985 dicam,
1177 1939 1203 1966 ‹‹
1241 1916 1483 1971 Idcirco.
1519 1937 1546 1963 ››
1607 1912 1895 1977 Quoniam
1929 1916 1986 1964 et

331 2011 594 2065 studium
627 2008 786 2080 quod
817 2007 973 2062 circa
1000 2024 1100 2060 vos
1131 2005 1421 2059 habebam
1471 2001 1888 2068 demonstravi,
1927 2005 1986 2055 et

329 2117 505 2154 omne
537 2099 838 2170 negotium
871 2096 1042 2150 nobis
1072 2099 1380 2166 peractum
1413 2097 1518 2146 est.
1545 2116 1570 2141 ‹‹
1598 2095 1678 2146 Ex
1708 2090 1982 2145 consola-

329 2190 491 2244 tione
522 2189 718 2243 vestri.
743 2207 769 2238 ν
808 2189 961 2241 Duas
983 2186 1084 2252 ait,
1111 2189 1377 2255 sumptas
1409 2199 1538 2237 esse
1571 2181 1641 2236 ab
1676 2181 1820 2252 ipsis
1842 2198 1985 2235 con-

329 2278 686 2333 solationes:
721 2276 968 2332 alteram
998 2273 1237 2345 quidem
1271 2263 1428 2342 quod
1459 2272 1584 2342 ipse
1616 2287 1734 2325 non
1765 2270 1987 2324 frustra

329 2369 702 2440 objurgasset
732 2383 833 2422 eos
887 2381 992 2436 per
1039 2363 1374 2435 epistolam,
1422 2361 1522 2416 sed
1554 2361 1668 2432 ipsi
1704 2359 1860 2430 quod
1891 2375 1981 2413 re-

328 2457 690 2530 prehensum
727 2461 852 2510 erat
899 2458 1320 2518 correxerant;
1379 2452 1628 2508 alteram
1659 2467 1794 2505 vero
1828 2448 1987 2519 quod

328 2548 524 2602 Titum
557 2545 1208 2617 refocillaverantslpse
1235 2559 1369 2598 vero
1405 2542 1506 2607 ait,
1532 2564 1559 2590 «
1595 2540 1676 2596 Ob
1703 2540 1986 2612 gaudium

328 2637 459 2704 Titi,
494 2658 523 2685 »
553 2635 875 2691 ostendens
901 2633 1059 2705 quod
1082 2635 1244 2687 Titus
1270 2648 1543 2702 magnam
1572 2629 1821 2685 haberet
1841 2629 1985 2700 ipsis

329 2727 598 2800 gratiam.
633 2728 714 2780 Ex
747 2743 815 2780 eo
848 2724 1006 2779 enim
1040 2723 1198 2794 quod
1231 2722 1333 2775 ille
1364 2720 1667 2793 gauderet,
1696 2718 1989 2791 significat

331 2821 389 2870 et
420 2815 839 2871 excellentiam
869 2812 1322 2868 refocillationis
1346 2817 1402 2863 et
1425 2809 1839 2864 excellentiam
1863 2824 1988 2881 gra-

335 2903 555 2958 tiarum
585 2903 836 2958 actionis
871 2901 998 2972 ejus
1050 2916 1185 2969 erga
1210 2899 1362 2954 illos.
1397 2898 1534 2952 Ideo
1568 2914 1803 2968 quoque
1833 2897 1986 2950 hanc

331 2992 802 3047 consolationem
857 2991 1150 3061 prazponit
1205 2989 1388 3060 priori
1450 2987 1881 3043 consolationi:
1930 2992 1989 3042 et

330 3082 456 3136 hsec
489 3080 633 3135 dicit
691 3080 875 3152 magis
935 3095 1036 3133 eos
1095 3079 1400 3133 attrahens
1449 3080 1524 3132 ad
1555 3094 1818 3133 amorem
1853 3093 1990 3149 erga

330 3170 544 3224 Titum.
579 3172 834 3225 Rursum
868 3169 1029 3223 enim
1062 3184 1196 3222 eum
1243 3167 1534 3222 missurus
1567 3173 1686 3221 eral
1723 3167 1794 3221 ad
1826 3168 1987 3238 ipsos

1459 337 1883 402 (BCUMENII
1932 336 2233 398 TRlCCzE
2278 340 2632 404 EPISCOPI

335 494 439 550 Est
459 495 654 547 autem
679 481 1050 544 tantumdem
1067 496 1133 534 ac
1161 477 1208 532 si
1231 477 1484 532 diceret:
1507 477 1645 529 Tam
1667 487 1868 545 graves
1889 470 1985 524 ob-

2097 466 2412 542 ἐγκλήσεις,
2474 472 2586 548 οὐχ

3601 345 3758 404 1004

2679 469 2856 529 ἕνεκεν
2943 477 3050 529 τῶν
3120 473 3567 549 πεπορνευκότων
3625 473 3755 547 ὑμῖν

2096 554 2301 634 ἔγραψα
2374 564 2780 638 πριυτοτύπως,
2856 562 2985 618 ἀλλ’
3059 561 3234 620 ἕνεκεν
3316 565 3468 638 ὑμῶν
3579 564 3757 621 αὐτῶν

2095 647 2532 724 ἀσφαλιζόμενος
2594 653 2756 726 ὑμᾶς,
2822 656 2897 727 μή
2961 675 3076 717 πως
3133 652 3244 726 ὀδῷ
3280 652 3521 729 βαδίζον,
3555 653 3643 710 καὶ
3675 654 3755 718 εἷς

2099 737 2238 810 ὑμᾶς
2270 733 2401 813 ἔλθῃ
2438 742 2502 796 τὸ
2560 743 2748 798 κακὸν.
2811 743 2996 816 Μικρά
3044 744 3144 820 γάρ
3207 743 3349 818 ζύμη
3398 743 3528 799 ὃλον
3559 745 3622 799 τὸ
3655 743 3754 822 φύ-

2096 836 2243 911 ραμα
2275 832 2462 900 ζυμοῖ.
2498 829 2676 886 Ἀλλά
2732 833 2854 887 τότε
2913 833 3012 907 μὶν
3072 833 3264 898 οἶῦτως.
3318 837 3422 911 Νὐν
3453 829 3532 902 δὲ,
3565 833 3754 911 φησὶν,

2091 910 2261 970 ’ἕνεκεν
2296 921 2392 972 τοῦ
2424 915 2592 991 δεῖξαι
2628 919 2756 992 ὑμῖν
2813 926 2932 984 πῶς
2990 920 3041 976 έν
3102 918 3314 996 σπουδῇ
3364 908 3462 977 ,καὶ
3503 908 3755 1000 ἐν’φρον-

2091 1001 2201 1057 τίδι
2237 1004 2377 1078 ὑμᾶς
2436 1002 2576 1085 ἔχω,
2633 1007 2764 1083 ὅπερ
2822 1009 2884 1063 τὸ
2924 1009 3054 1064 αὐτὸ
3118 1011 3210 1083 μὲν
3271 1005 3382 1065 ἔστι
3413 1015 3494 1084 τῷ
3523 1015 3752 1086 πρώτῳ,

2093 1093 2572 1170 ἀγαπητικώτερον
2635 1095 2692 1153 δὲ
2752 1097 2985 1173 εἷ’ρηται.
3029 1126 3046 1150 u
3086 1098 3228 1157 Οὐδὲ
3279 1097 3475 1156 έίνεκεν
3506 1104 3602 1155 τοῦ
3635 1098 3754 1156 ἀδι-

2091 1185 2366 1253 κηθέντος.
2403 1209 2430 1236 ››
2463 1187 2543 1243 Οὐ
2583 1192 2744 1243 τοῦτο
2800 1187 2972 1265 λέγει,
3026 1190 3111 1260 τὸ,
3163 1193 3377 1246 Ἕνεκεν
3400 1189 3612 1247 ἐκείνων
3655 1191 3755 1246 οὐκ

2092 1266 2324 1347 ἔγραψα,
2359 1273 2502 1330 ἀλλὰ
2540 1277 2626 1344 τὸ,
2681 1277 2753 1333 Οὐ
2811 1279 3186 1354 πρωτοτύπως
3218 1277 3288 1334 δι’
3321 1279 3573 1350 ἐκείνους,
3605 1278 3750 1334 ἀλλά

2093 1357 2182 1416 διά
2210 1383 2267 1416 τε
2301 1363 2438 1435 ὑμᾶς
2468 1365 2556 1418 καὶ
2609 1362 2678 1419 δι’
2725 1366 2982 1430 ἐκείνους.
3047 1393 3074 1418 ι(
3107 1371 3222 1438 Τὴν
3259 1369 3392 1444 ὑπὲρ
3422 1371 3580 1442 ἡμῶν
3611 1368 3752 1442 πρὸς

2091 1449 2230 1523 ὐμᾶς
2265 1451 2496 1508 ἐνώπιον
2557 1459 2651 1509 τοῦ
2709 1462 2862 1514 Θεοῦ.
2896 1482 2923 1509 ››
2988 1463 3082 1512 Ἢν
3145 1459 3266 1531 μὲν,
3329 1459 3516 1536 φησὶν,
3569 1457 3747 1535 ἀγάπη

2091 1557 2217 1625 παρ’
2273 1550 2420 1625 ἐμοὶ,
2482 1552 2625 1608 ἀλλὰ
2679 1555 2769 1609 καὶ
2831 1558 3204 1633 φανερωθῆναι
3267 1559 3437 1626 αὐτην
3503 1557 3751 1627 ἐζήτουν,

2092 1640 2289 1695 ὡσανεὶ
2338 1640 2664 1720 ἐφορῶντος,
2726 1645 2881 1722 φησί,
2943 1647 3079 1701 Θεοῦ
3137 1647 3220 1701 ὃτι
3282 1646 3559 1718 ἀληθεύω.
3599 1646 3756 1701 «Διά

2090 1733 2274 1785 τοῦτο.
2314 1755 2334 1781 ι
2394 1729 2619 1801 Ἐπειδή
2681 1735 2768 1788 καὶ
2827 1737 2928 1805 τὴν
2990 1734 3231 1804 σπουδήν
3287 1737 3386 1806 τὴν
3442 1736 3564 1810 περὶ
3614 1736 3756 1808 ὑμᾶς

2092 1816 2356 1892 ἐπέδειξα,
2413 1821 2503 1876 καὶ
2561 1823 2624 1877 τὸ
2683 1829 2785 1878 πᾶν
2847 1826 2983 1899 ἡμῖν
3038 1827 3416 1900 κατώρθωται.
3468 1849 3492 1879 α
3529 1827 3651 1882 Ἐπὶ
3684 1823 3754 1898 τῇ

2095 1907 2436 1983 παρακλήσει
2489 1911 2662 1984 ὑμῶν,
2713 1938 2740 1964 ››
2795 1914 2898 1969 Δύο
2953 1916 3102 1990 λέγει
3153 1912 3572 1990 παρακληθῆναι
3621 1915 3754 1987 παρ’

2094 1999 2274 2054 αὐτῶν
2305 1999 2698 2074 παρακλήσεις,
2749 2003 2875 2076 μίαν
2935 2005 3053 2078 μὲν,
3114 2002 3253 2060 διότι
3285 2005 3450 2068 αὐτὸς
3478 2005 3540 2058 οὐ
3576 2004 3752 2077 μάτην

2095 2085 2420 2161 ἐπετίμησεν
2477 2090 2663 2153 αὐτοῖς
2724 2090 2775 2146 ἐν
2817 2092 2885 2167 τῇ
2948 2091 3273 2168 Ἐπιστολῇ,
3332 2095 3421 2148 καὶ
3463 2093 3658 2149 ἐκεῖνοι
3689 2093 3754 2148 τὸ

2096 2175 2417 2251 ὲπιτιμηθὲν
2450 2177 2856 2261 διωρθώσαντο,
2915 2179 3167 2258 δευτέραν
3229 2181 3306 2252 δὲ,
3359 2184 3443 2238 ὃτι
3471 2185 3563 2238 τὸν
3597 2182 3755 2238 Τίτον

2095 2265 2416 2325 ἀνέπαυσαν,
2454 2268 2628 2332 Αὐτὸς
2662 2267 2719 2325 δέ
2773 2292 2957 2349 φησιν·
2993 2295 3022 2324 ι(
3057 2272 3178 2328 Ἐπὶ
3210 2275 3278 2346 τῇ
3322 2277 3467 2347 χαρᾷ
3497 2273 3685 2342 Τίτου,
3719 2294 3750 2323 ››

2097 2353 2303 2418 δεικνὺς
2352 2356 2433 2413 ὅτι
2489 2359 2709 2428 πολλὴν
2763 2362 2923 2435 χάριν
2974 2361 3157 2424 αὐτοῖς
3193 2363 3220 2416 ὁ
3253 2363 3419 2423 Τίτος
3445 2360 3752 2437 ὡμολόγει.

2097 2447 2190 2501 Ἐκ
2217 2447 2316 2521 γὰρ
2343 2452 2441 2502 τοῦ
2485 2447 2700 2527 χαίρειν
2759 2449 2982 2522 ἐκεῖνον,
3038 2453 3134 2521 τήν
3192 2471 3250 2505 τε
3311 2446 3623 2526 ὑπερϐολὴν
3649 2457 3753 2520 τῆς

2097 2538 2448 2599 ἀναπαύσεως
2491 2540 2581 2594 καὶ
2633 2541 2730 2607 τήν
2790 2535 3103 2615 ὑπερϐολὴν
3136 2544 3236 2614 τῇς
3268 2541 3621 2620 εὐχαριστίας
3655 2541 3757 2596 αὐ-

2094 2633 2191 2683 τοῦ
2215 2630 2314 2697 τὴν
2345 2629 2420 2691 εἷς
2453 2629 2616 2699 αὐτὴν
2648 2628 2834 2701 δηλοῖ.
2897 2633 2990 2686 Διὸ
3047 2631 3137 2686 καὶ
3196 2633 3477 2709 προκρίνει
3514 2634 3612 2702 τήν
3648 2654 3756 2688 πα-

2099 2717 2367 2791 ράκλησιν
2426 2719 2649 2791 ταύτην,
2707 2727 2806 2789 τῆς
2860 2723 3129 2796 προτέρας
3193 2720 3612 2796 παρακλήσεως’
3663 2723 3756 2777 καὶ

2094 2811 2261 2862 ταῦτα
2293 2807 2460 2883 λέγει,
2523 2807 2742 2882 μᾶλλον
2796 2809 2992 2872 αὐτοὺς
3055 2810 3130 2874 εἰς
3187 2813 3288 2880 τήν
3345 2811 3555 2888 ἀγάπην
3589 2811 3756 2867 Τίτου

2097 2893 2484 2974 έῳελκόμενος·
2545 2893 2746 2970 ἔμελλε
2800 2899 2903 2972 γάρ
2985 2897 3148 2954 πάλιν
3205 2897 3296 2954 σὺν
3485 2899 3756 2974 ἐπιστολῇ

2097 2987 2336 3058 πέμπειν
2390 2986 2552 3041 αὐτὸν
2613 2987 2748 3061 πρὸς
2793 2987 3012 3049 αὐτούς.
3045 2989 3115 3046 Τί
3165 2985 3221 3043 δὲ
3267 2987 3332 3064 ᾖν
3378 2991 3411 3057 ἡ
3457 2988 3757 3051 ἀνάπαυσις

2097 3074 2264 3132 Τίτου
2295 3074 2376 3153 ἐφ’
2407 3074 2452 3147 ᾦ
2491 3075 2580 3131 καὶ
2639 3074 2899 3152 ἔχαιρενς
2953 3077 2990 3146 ἤ
3042 3078 3182 3146 αὐτὴ
3239 3080 3273 3146 ἡ
3337 3075 3627 3154 διόρθωσις
3659 3077 3758 3134 αὐ-

2097 3169 2226 3233 τῶν,
2263 3163 2343 3242 ἐφ’
2380 3163 2416 3239 ᾗ
2465 3165 2555 3220 καὶ
2625 3164 2837 3228 Παῦλος
2903 3164 3312 3242 παρακέκλητο,
3346 3170 3378 3237 ἢ
3408 3169 3441 3236 ἡ
3477 3166 3553 3228 εἷς
3585 3168 3755 3222 πάντα

331 3275 465 3314 cum
498 3258 769 3330 epistola.
803 3259 941 3323 Quae
983 3264 1111 3313 erat
1159 3263 1358 3312 autem
1389 3257 1500 3312 Titi
1532 3256 1885 3312 refocillatio
1917 3255 1985 3310 de

2098 3254 2309 3324 ὑπακοή
2365 3254 2565 3324 αὐτων,
2624 3255 2712 3310 καὶ
2771 3258 2806 3326 ἡ
2871 3259 2987 3328 μετ’
3044 3250 3334 3320 εὐλαϐείας
3386 3257 3477 3311 καὶ
3518 3255 3755 3319 πίστεως

331 3365 449 3419 qua
481 3348 659 3403 etiam
691 3347 1027 3420 gaudebat?
1057 3355 1158 3402 aut
1190 3349 1319 3418 ipsa
1357 3364 1562 3402 eorum
1595 3347 1884 3401 correctio
1916 3346 1987 3402 de

329 3454 449 3509 qua
478 3439 659 3493 etiam
692 3437 908 3492 Paulus
967 3437 1436 3492 consolationem
1468 3442 1794 3508 acceperat,
1827 3436 1981 3494 655

331 3525 421 3582 vel
451 3526 793 3581 obedientia
823 3543 1028 3581 eorum
1080 3525 1153 3580 ad
1203 3527 1442 3581 omnia:
1476 3531 1577 3580 aut
1607 3525 1984 3597 hospitalitas

332 3632 451 3686 qua
481 3632 613 3670 cum
644 3617 976 3671 reverentia
1009 3633 1075 3670 ac
1109 3615 1222 3670 {ide
1274 3632 1411 3670 eum
1455 3621 1860 3686 susceperant.
1897 3615 1986 3669 Si-

331 3717 512 3770 gnum
546 3721 802 3776 namque
836 3706 1073 3777 pietatis
1129 3723 1195 3760 ac
1228 3705 1532 3776 religionis
1564 3709 1672 3774 est,
1707 3706 1899 3760 honor
1930 3711 1987 3761 et

329 3796 663 3850 reverentia
694 3812 831 3868 erga
861 3795 1571 3867 concionatorem.Magis,
1597 3795 1816 3866 inquit,
1843 3813 1986 3850 con-

2099 3344 2239 3412 ξενία
2268 3344 2359 3398 καὶ
2397 3341 2649 3422 ὑποδοχή
2692 3344 2890 3402 αὐτῶν.
2952 3346 3049 3400 Καὶ
3111 3347 3214 3422 γὰρ
3272 3349 3572 3422 τεκμήριον
3604 3344 3757 3401 εὐσε-

2096 3427 2264 3502 ϐείας,
2299 3432 2444 3502 ἡεὶς
2471 3433 2563 3487 τὸν
2621 3435 2834 3508 κήρυκα
2893 3433 3064 3504 αὐτῆς
3119 3436 3258 3507 τιμὴ
3321 3435 3410 3489 καὶ
3472 3428 3752 3490 εὐλάϐεια.

2095 3519 2323 3578 Μᾶλλον
2390 3524 2838 3597 παρεκλήθημεν,
2909 3523 3092 3602 φησὶν,
3161 3523 3247 3578 ἐπὶ
3332 3528 3402 3598 τῇ
3470 3521 3758 3598 διορθώσει

2097 3613 2272 3684 ὑμῶν,
2309 3609 2520 3685 μᾶλλον
2574 3610 2630 3666 δὲ
2683 3611 2970 3688 ἐχάρημεν
3031 3612 3117 3668 ἐπὶ
3176 3616 3245 3688 τῇ
3278 3617 3424 3689 χαρᾷ
3452 3612 3642 3683 Τίτου,
3669 3614 3756 3669 ὃτι

2097 3701 2186 3758 διὰ
2258 3710 2357 3772 τῆς
2434 3701 2779 3779 διορθώσεως
2862 3706 3041 3779 ὑμῶν,
3118 3705 3484 3762 ἀναπέπαυται
3533 3708 3755 3783 ἡψυχή

2097 3794 2288 3850 αὐτοῦ.

330 3883 683 3940 solationem
717 3887 1055 3958 accepimus
1087 3891 1328 3958 propter
1367 3885 1541 3940 vestri
1576 3885 2027 3953 correctionem,
2061 3884 2247 3956 magis
2273 3889 2470 3940 autem
2500 3885 2713 3957 gravisi
2746 3902 2955 3941 sumus
3008 3891 3254 3958 propter
3311 3887 3593 3960 gaudium
3627 3887 3763 3954 Titi,

326 3973 467 4042 quia
492 3981 735 4047 propter
765 3977 942 4030 vestri
974 3977 1403 4030 correctionem
1433 3974 1800 4030 refocillatus
1832 3981 1922 4030 est
1953 3975 2140 4046 ipsius
2163 3974 2421 4029 animus.

395 4086 423 4114 «
457 4063 514 4118 Si
549 4066 690 4135 quid
722 4066 877 4136 apud
911 4067 1081 4121 illum
1115 4067 1186 4122 de
1246 4068 1431 4124 vobis.
1467 4091 1495 4118 »
1553 4072 1984 4141 Argumentum

322 4153 555 4206 virtutis
587 4153 1019 4224 discipulorum
1053 4161 1160 4220 est,
1189 4157 1347 4227 quod
1379 4164 1708 4228 prmceptor
1738 4156 1810 4210 de
1840 4156 1984 4226 ipsis

323 4240 638 4312 glorietur,
673 4249 730 4296 et
775 4245 1138 4298 ostensivum
1171 4251 1260 4300 est
1291 4247 1512 4300 amoris
1544 4246 1985 4315 magistrorum.

323 4353 350 4378 α
387 4331 513 4394 Non
548 4348 678 4386 sum
712 4331 1131 4403 pudefactus.»
1188 4335 1314 4388 Non
1337 4335 1496 4388 enim
1524 4333 1777 4389 mendax
1803 4333 1986 4388 fuisse

322 4411 592 4490 ap'parui.
625 4421 682 4478 Si
734 4421 876 4491 quid
935 4421 1217 4494 gloriatus
1277 4424 1380 4490 fui,
1430 4441 1549 4480 non
1585 4441 1714 4479 sum
1748 4423 1989 4495 pudefa-

322 4515 471 4564 ctus.
499 4533 519 4558 ι
548 4512 663 4564 Aut
690 4509 820 4566 duae
843 4510 1135 4566 dictiones
1152 4511 1226 4566 ad
1251 4529 1438 4567 unum
1466 4513 1777 4568 sententize
1804 4529 1990 4570 mem.

2176 4085 2201 4117 α
2232 4062 2304 4120 Ei’
2340 4085 2390 4116 τι
2447 4063 2595 4135 αὐτῷ
2659 4064 2789 4139 ὑπὲρ
2842 4065 3017 4138 ὑμῶν.
3057 4088 3077 4117 ι
3119 4067 3216 4120 Καὶ
3267 4065 3466 4141 ἀρετῆς
3503 4072 3771 4139 μαθητῶν

2098 4147 2356 4227 ἔλεγχος,
2390 4152 2440 4206 τί
2470 4152 2564 4206 τὸν
2623 4148 2950 4208 διδάσκαλον
3016 4154 3151 4230 ὑπὲρ
3206 4153 3385 4210 αὐτῶν
3435 4157 3772 4230 καυχᾶσθαι,

2098 4239 2186 4294 καί
2243 4239 2455 4317 ἀγάπης
2519 4238 2863 4297 διδασκάλων
2922 4239 3210 4298 δεικτιιιιόνΔ
3253 4268 3281 4295 ι(
3326 4244 3403 4301 Οὐ
3463 4243 3774 4320 κατῃσχύνη

2098 4330 2217 4398 θην.
2250 4354 2277 4381 ››
2313 4330 2391 4387 Οὐ
2425 4330 2527 4405 γὰρ
2563 4329 2760 4407 ἐφάνην
2792 4329 3144 4405 ψευδόμενος.
3182 4358 3208 4385 ‹‹
3246 4331 3367 4389 Εῗ’τι
3409 4333 3768 4408 κεκαύχημαι

2099 4417 2161 4472 οὐ
2192 4419 2595 4494 κατῃσχύνθην.
2630 4445 2655 4471 υ
2683 4452 2750 4463 --
2776 4422 2981 4494 [ΦΩΤ.]
3014 4425 3084 4478 "ll
3122 4423 3256 4496 πρὸς
3285 4419 3340 4477 ἓν
3369 4422 3560 4496 κόμμα
3596 4421 3768 4498 λόγου

2095 4509 2190 4569 τὰς
2225 4505 2320 4562 δύο
2353 4507 2524 4580 λέξεις
2581 4509 2904 4580 ἐκληπτέον,
2965 4510 3056 4564 καὶ
3118 4513 3216 4581 τὴν
3276 4509 3622 4589 ἔπαγομένην
3656 4517 3764 4581 τῆς

323 4598 498 4653 brum
531 4600 892 4672 accipienda:
922 4608 1080 4668 sunt,
1109 4609 1165 4656 et
1187 4601 1490 4658 reddenda
1525 4608 1614 4657 est
1645 4602 1985 4672 subjunctio

2097 4598 2364 4672 προτέρας
2423 4598 2558 4673 πρὸς
2619 4598 2792 4653 αἰτίαν
2876 4595 3196 4668 ἀποδοτέον,
3261 4600 3646 4669 ὑποστίζοντας
3707 4599 3762 4654 ἐν

323 4689 542 4758 prioris
603 4691 676 4746 ad
737 4708 999 4757 causam,
1063 4691 1600 4766 subdistinguendo
1633 4693 1707 4748 ad
1739 4693 1984 4749 verbum

321 4799 349 4825 ‹‹
386 4778 682 4835 Gloriatus
713 4780 816 4836 fui.
857 4804 884 4832 ››
916 4784 1027 4835 Aut
1059 4781 1219 4852 quod
1273 4783 1418 4836 mihi
1465 4799 1606 4838 sane
1639 4783 1890 4850 videtur,
1925 4789 1991 4837 ut

318 4868 637 4940 legendum
665 4871 742 4924 sit
763 4871 1185 4942 distinguendo
1215 4872 1476 4942 perfecta
1497 4872 1904 4940 distinctione,
1930 4878 1989 4926 et

317 4963 570 5027 utraque
603 4960 784 5014 dictio
829 4976 1001 5014 suum
1055 4961 1362 5031 proprium
1395 4963 1718 5016 constituat
1748 4961 1986 5037 intelle-

315 5051 512 5100 ctum:
538 5049 876 5118 poteritque
899 5049 1212 5120 utriusque
1236 5050 1512 5105 dictionis
1536 5050 1833 5122 perfectus
1856 5067 1986 5106 esse

317 5136 665 5206 hujusmodi
719 5154 950 5192 sensus.
1005 5160 1032 5188 «
1069 5137 1364 5194 Gloriatus
1395 5140 1504 5204 fui,
1540 5164 1566 5188 ››
1601 5139 1817 5210 inquit,
1873 5141 1985 5195 hoc

318 5229 425 5292 est,
456 5233 613 5281 recte
645 5233 703 5281 et
734 5228 1157 5284 convenienter
1187 5229 1473 5300 gloriatus
1505 5229 1756 5284 fueram.
1797 5252 1815 5278 α
1856 5230 1986 5285 Glo-

314 5314 503 5369 riatus
535 5314 616 5369 fui
645 5333 656 5381 ;
693 5339 719 5365 ››
751 5316 1071 5386 perfectam
1110 5323 1320 5373 nactus
1377 5335 1506 5372 sum
1540 5317 1979 5390 gloriationem.

314 5405 557 5474 Deinde,
616 5429 642 5456 ‹‹
674 5409 799 5461 Non
861 5425 988 5461 sum
1051 5409 1422 5480 pudefactus,
1459 5431 1486 5458 »
1520 5425 1641 5463 non
1705 5425 1835 5464 sum
1879 5426 1981 5481 spe

310 5494 653 5564 frustratus,
687 5513 806 5551 non
830 5497 1040 5552 erubui
1075 5498 1233 5570 quod
1262 5497 1407 5552 talia
1439 5497 1819 5570 speraverim.
1847 5499 1982 5556 Haec

314 5591 517 5642 autem
551 5585 780 5656 dicens,
836 5592 894 5642 et
949 5603 1056 5658 per
1114 5587 1364 5660 ﬁguram
1423 5587 1754 5646 dictionum
1788 5594 1845 5644 et
1874 5604 1982 5662 per

317 5691 522 5734 earum
560 5676 960 5748 prolationem
983 5677 1264 5749 gaudium
1289 5678 1731 5748 manifestabat,
1756 5684 1814 5735 et
1835 5695 1980 5736 con-

2100 4692 2198 4759 τῷ,
2236 4711 2256 4741 ιι
2292 4688 2673 4763 Κεκαύχημαι·
2709 4712 2735 4740 κ
2801 4685 2860 4758 ἤ,
2921 4688 3054 4763 ὅπερ
3111 4687 3305 4766 ἔμοιγε
3335 4687 3505 4763 δοκεῖ,
3543 4687 3764 4764 μᾶλλον

2099 4780 2352 4854 ἑκατέραν
2415 4777 2557 4848 λέξιν
2613 4780 2686 4840 ὡς
2737 4777 2882 4834 ἴδιον
2943 4781 3126 4854 νόημα
3197 4786 3568 4856 παριστῶσαν,
3621 4779 3760 4834 κατά

2096 4865 2309 4923 τελείαν
2369 4870 2606 4943 στιγμὴν
2665 4874 2944 4938 στιζοντας
3029 4869 3425 4948 ἀναγνωστέον.
3497 4870 3599 4926 Καὶ
3669 4865 3756 4938 εἴη

2099 4956 2157 5012 ἂν
2190 4958 2443 5034 ἑκατέρας
2499 4955 2694 5028 λέξεως
2751 4959 2778 5013 ὁ
2836 4963 2960 5020 νοῦς
3020 4960 3427 5034 ἄπηρτισμένος
3485 4963 3761 5021 τοιοῦτος’

2104 5072 2124 5100 c
2163 5049 2545 5123 Κεκαύχημαι,
2580 5049 2821 5125 ››φησὶν,
2879 5049 2997 5102 οἷον
3058 5049 3245 5113 καλῶς
3299 5049 3390 5103 καὶ
3445 5048 3765 5124 πρεπόντως

2096 5137 2517 5216 ἐκαυχησάμην.
2582 5160 2610 5189 ‹‹
2645 5136 3030 5212 Κεκαύχημαι.
3071 5163 3099 5190 ››
3157 5138 3328 5212 Εὗρον
3389 5139 3487 5208 τὴν
3537 5138 3760 5214 καύχη-

2096 5249 2176 5281 σιν
2200 5227 2615 5300 τετελεσμὲνην,
2678 5227 2830 5300 Εἶτα,
2873 5251 2902 5278 ‹‹
2963 5226 3039 5284 Οὐ
3097 5229 3497 5303 κατῃσχύνθην·
3561 5252 3588 5279 ››
3645 5229 3761 5284 Οὐκ

2092 5315 2358 5390 ἐψεύσθην
2412 5323 2513 5385 τῆς
2570 5312 2817 5386 ἐλπίδος,
2879 5315 2976 5370 οὐκ
3033 5314 3315 5391 ᾐσχύνθην
3347 5314 3429 5388 ἐφ’
3470 5317 3558 5378 οἷς
3584 5335 3762 5392 προσ-

2092 5403 2327 5476 εδόκησα
2382 5409 2626 5460 τοιαῦτα.
2689 5408 2871 5462 Ταῦτα
2956 5402 3014 5460 δὲ
3095 5405 3282 5476 εἰπὼν,
3361 5405 3450 5460 καὶ
3510 5402 3602 5461 διὰ
3655 5410 3755 5462 τοῦ

2090 5498 2263 5551 τύπου
2319 5496 2427 5549 τῶν
2470 5493 2664 5565 λέξεων
2726 5495 2816 5550 καὶ
2891 5500 2990 5564 τῆς
3053 5500 3335 5570 προφορᾶς
3390 5495 3591 5563 αὐτῶν,
3652 5496 3750 5563 τὴν

2091 5585 2268 5663 χαρὰν
2302 5583 2523 5655 ἐδήλου,
2558 5584 2649 5639 καὶ
2680 5586 2780 5654 τήν
2833 5583 3181 5660 παράκλησιν
3232 5582 3298 5655 ἤν
3353 5585 3527 5667 εἶχεν.
3559 5581 3754 5646 Οὒτως

2087 5676 2158 5745 ἦν
2193 5672 2419 5739 δυνατὸς
2467 5671 2686 5750 ἐναργὲς
2745 5670 2835 5728 διὰ
2890 5677 3000 5731 τῶν
3059 5673 3246 5751 λόγων
3308 5679 3653 5748 παραστῆσαι
3691 5672 3756 5727 τὸ
