4080 6416
269 486 429 549 1005

1236 480 1651 543 COMMENT.
1702 477 1790 540 IN
1842 476 2080 539 EPiST.
2126 476 2179 539 ll
2223 479 2328 537 AD
2386 476 2758 541 CORINTH.

272 619 564 697 βούλημα.
631 621 766 675 Εἶτα
822 617 913 672 καὶ
966 619 1129 689 ἡμῶν
1186 617 1222 684 ἡ
1283 614 1372 670 ἐπὶ
1431 613 1663 683 Τίτουῆ
1714 615 1749 683 ἡ
1808 611 1932 687 περὶ

2054 613 2404 669 solationem
2434 631 2610 686 quam
2630 613 2914 670 habebat:
2935 631 3123 685 usque
3154 613 3301 670 adeo
3332 616 3566 685 poterat
3585 613 3712 670 efﬂ.

264 711 441 769 Τίτου
506 706 785 782 καύχησις
880 704 1018 780 πρὸς
1115 704 1255 777 ὑμᾶς
1322 700 1683 779 γεγενημένη.
1752 703 1933 758 Τοῦτο

262 803 367 878 γὰρ
426 801 488 855 τὸ
543 797 969 875 προηγούμενον
1031 792 1181 850 δοκεῖ
1238 793 1574 873 ὑποφαίνειν,
1616 792 1737 859 τὸ]
1774 787 1933 847 Ἀλλ’

269 900 347 961 ὡς
401 898 580 955 πάντα
629 896 682 953 ἐν
732 897 966 968 ἀληθειᾳ
1017 892 1389 967 ἐλαλήσαμεν.
1452 916 1481 943 ››
1540 892 1643 949 Καὶ
1700 892 1802 966 γὰρ
1860 889 1934 952 ὡς

269 991 467 1057 πάντα,
528 988 724 1066 φησὶν,
782 986 955 1046 οὓτως
1010 984 1100 1040 καὶ
1157 983 1281 1058 περὶ
1349 983 1534 1039 Τίτου.
1569 983 1640 1038 ’Ή
1693 978 1931 1052 μᾶλλον,

268 1078 360 1139 Ὠς
407 1075 498 1131 καὶ
553 1076 690 1149 ἡμῖν
746 1069 1011 1129 συνδοκεῖ.
1071 1095 1099 1123 ι(
1135 1072 1197 1127 Ἦ
1246 1071 1518 1147 καύχησις
1550 1070 1708 1141 ἡμῶν
1741 1070 1778 1137 ἡ
1812 1068 1932 1144 περὶ

275 1166 430 1238 ὑμῶν
500 1167 535 1233 ἠ
596 1161 685 1218 ἐπὶ
756 1161 944 1218 Τίτου.
1015 1184 1042 1211 ››
1108 1160 1406 1230 τουτέστιν,
1475 1157 1705 1213 ἐνώπιον
1767 1155 1933 1213 Τίτου

274 1251 643 1331 γεγενημένη.
741 1254 941 1306 Ττῦτον
1010 1250 1115 1324 γὰρ
1216 1248 1307 1303 τὸν
1398 1252 1522 1302 νοῦν
1588 1247 1805 1301 ἀπαιτεῖ
1869 1244 1935 1301 τὰ

273 1342 669 1419 προειρημένα.
735 1364 763 1395 ιι
823 1338 1220 1396 Ἀναπέπαυται
1272 1338 1335 1392 τὸ
1394 1339 1607 1407 πνεῦμα
1663 1333 1847 1390 αὐτοῦ.
1906 1356 1931 1388 s

268 1469 341 1478 -—-
370 1459 399 1487 «
435 1433 821 1506 Κεκαύχημαι,
867 1454 894 1482 ››
922 1463 989 1474 --
1013 1454 1041 1483 ιι
1076 1429 1153 1487 Οὐ
1202 1425 1612 1506 κατῃσχύνθην.
1650 1449 1677 1476 ››
1726 1426 1804 1483 Τὸ
1852 1423 1931 1493 δὲ,

267 1548 296 1575 ‹‹
331 1522 493 1580 Ἀλλ’
524 1521 600 1583 ὠς
630 1522 800 1577 πάντα
830 1518 883 1575 ἐν
916 1519 1165 1590 ἀληθείᾳ,
1220 1543 1247 1570 ››
1307 1516 1407 1573 οὐκ
1463 1516 1929 1586 ἐναντιωθήσεται.

269 1626 476 1699 “Quae?
504 1620 631 1698 γὰρ,
665 1618 851 1695 φησὶν,
884 1619 1013 1691 ὑμῖν
1067 1612 1101 1672 ἅ
1155 1617 1308 1672 εἶπον
1364 1614 1418 1671 έν
1478 1612 1714 1687 ἀληθείᾳ
1752 1615 1932 1683 εἷπον,

271 1712 416 1769 οὕτω
471 1711 563 1766 καὶ
621 1710 656 1764 ἃ
713 1709 868 1764 εἶπον
919 1708 1069 1779 Τίτῳ
1124 1705 1249 1781 περὶ
1298 1706 1469 1777 ὑμῶν,
1534 1704 1612 1766 είς
1668 1700 1933 1774 ἀλήθειαν

276 1797 476 1871 ἀπέϐη.
538 1800 639 1855 Καὶ
695 1803 956 1854 τοσοῦτον
1023 1793 1180 1852 οὐδὲν
1237 1796 1311 1850 ὧν
1374 1794 1527 1850 εἶπον
1604 1792 1752 1866 αὗτῷ
1807 1794 1932 1868 περὶ

276 1893 431 1967 ὑμῶν
507 1888 826 1965 διαψευσθὶν
902 1885 1062 1958 εἶδεν,
1139 1886 1222 1941 ὅτι
1300 1887 1387 1940 καὶ
1491 1884 1558 1939 τὰ
1644 1882 1934 1959 σπλάγχνα

2047 705 2266 760 caciter
2294 706 2673 761 sermonibus
2704 706 3088 762 manifestum
3118 705 3312 761 facere
3336 703 3494 775 quod
3521 702 3708 759 habe-

2045 792 2146 848 bat
2176 794 2237 847 in
2270 795 2491 850 animo.
2524 794 2752 850 Deinde
2784 802 2988 849 nostra
3033 810 3267 865 quoque
3324 793 3573 866 gloratio
3605 808 3712 865 pro

2044 882 2170 938 Tito
2194 884 2293 937 vel
2315 884 2387 938 de
2417 885 2543 939 Tito
2570 884 2727 940 facta
2758 885 2831 939 ad
2880 900 2999 939 vos.
3034 885 3181 939 Nam
3212 883 3371 954 quod
3428 880 3711 955 praecedit

2045 970 2278 1027 videtur
2304 972 2417 1028 hoc
2450 973 3105 1042 ostendere,videlicct:
3134 997 3160 1024 ιι
3194 972 3305 1027 Sed
3326 972 3480 1027 sicut
3509 972 3713 1027 omnia

2051 1061 2114 1115 in
2144 1062 2390 1117 veritate
2421 1062 2602 1118 locuti
2661 1079 2888 1118 sumus.
2928 1087 2948 1112 ι
3019 1062 3248 1117 Etenim
3308 1062 3461 1117 sicut
3511 1061 3713 1117 omnia

2044 1154 2259 1224 inquit,
2280 1154 2363 1209 ita
2394 1158 2453 1209 et
2482 1153 2555 1208 de
2585 1154 2855 1209 Tito.Aut
2884 1154 3072 1226 magis
3103 1153 3258 1208 sicut
3282 1160 3344 1207 et
3368 1152 3545 1207 nobis
3573 1150 3706 1223 pla~

2040 1247 2153 1298 cet.
2192 1264 2220 1293 (ι
2252 1243 2547 1300 Gloriatio
2572 1249 2778 1300 nostra
2803 1243 2875 1299 de
2906 1242 3074 1299 vobis
3104 1242 3263 1314 apud
3288 1242 3504 1309 Titum,
3542 1265 3562 1290 ι
3600 1240 3716 1298 hoc

2051 1337 2164 1399 est,
2196 1350 2396 1389 coram
2427 1334 2552 1389 Tito
2584 1334 2756 1401 facta,
2792 1335 2949 1389 hunc
2981 1333 3141 1389 enim
3165 1349 3405 1388 sensum
3430 1335 3717 1405 expetunt

2048 1438 2117 1476 ea
2147 1439 2280 1493 quae
2313 1422 2477 1494 prius
2511 1423 2669 1479 dicta
2700 1427 2859 1489 sunt,
2885 1439 3122 1495 nempe,
3162 1442 3188 1474 ιι
3214 1421 3601 1477 Refocillatus
3623 1424 3715 1477 est

2047 1509 2292 1581 spiritus
2325 1512 2547 1583 ejus,...
2609 1513 2908 1568 Gloriatus
2938 1512 3117 1580 fui,...
3167 1513 3296 1566 Non
3346 1527 3478 1566 sum
3528 1510 3710 1582 pude-

2040 1599 2256 1656 factus.
2287 1622 2314 1650 »
2346 1600 2513 1666 Quod
2543 1608 2741 1657 autem
2774 1603 2878 1672 ait,
2923 1623 2951 1652 «
2987 1600 3101 1656 Sed
3160 1601 3317 1657 sicut
3371 1600 3578 1656 omnia
3634 1600 3698 1655 in

2045 1690 2312 1755 veritate,
2342 1712 2369 1740 ››
2401 1707 2521 1746 non
2553 1690 2983 1746 adversabitur.
3008 1691 3152 1745 Nam
3180 1688 3711 1760 quemadmodum,

2044 1778 2265 1849 inquit,
2299 1795 2365 1834 ea
2402 1797 2532 1850 quaa
2562 1779 2728 1835 vobis
2759 1779 2883 1835 dixi
2914 1779 2986 1834 de
3016 1778 3165 1845 Tito,
3198 1778 3262 1833 in
3292 1778 3536 1834 veritate
3567 1776 3712 1845 dixi,

2047 1865 2129 1922 ita
2160 1874 2218 1922 et
2248 1885 2381 1939 qum
2413 1868 2538 1923 Tito
2566 1868 2685 1923 dixi
2716 1869 2790 1923 de
2838 1867 3028 1934 vobis,
3061 1869 3125 1923 in
3155 1867 3399 1923 veritate
3449 1867 3713 1939 contige-

276 1982 446 2037 αὐτοῦ
470 1977 868 2057 περισσοτέρως
896 1982 1007 2033 τῶν
1061 1975 1273 2045 ἄλλων,
1334 1975 1451 2029 ἀντὶ
1505 1978 1602 2030 τοῦ
1633 1973 1797 2030 πλέον
1826 1979 1937 2030 τῶν

2054 1960 2190 2010 runt
2219 1974 2231 2012 :
2260 1962 2319 2012 et
2349 1956 2496 2012 adeo
2526 1957 2680 2012 nihil
2725 1972 2931 2013 eorum
2989 1974 3121 2029 quae
3170 1957 3283 2029 ipsi
3315 1956 3581 2012 dixeram
3639 1955 3713 2011 de

281 2070 493 2145 ἄλλων,
543 2044 666 2147 ἰπερὶ
726 2044 867 2142 ὑμᾶς
923 2066 1057 2140 ἐστι,
1116 2066 1206 2122 καὶ
1256 2044 1403 2137 ἑξῆς.
1454 2063 1615 2122 Ἀλλ’
1655 2065 1730 2127 ὡς
1761 2065 1935 2121 πάντα

2054 2044 2454 2114 vobis,falsum
2488 2064 2618 2102 esse
2650 2047 2941 2117 cognovit,
2959 2051 3027 2102 ut
3053 2046 3234 2101 etiam
3264 2046 3491 2100 viscera
3520 2045 3711 2116 ipsius

273 2172 331 2227 ἐν
363 2171 615 2243 ἀληθείᾳ.
660 2169 854 2226 Πολλὰ
912 2169 1040 2243 περὶ
1094 2168 1259 2224 Τίτου
1313 2169 1527 2244 γράψας
1586 2167 1677 2236 ἦν,
1735 2166 1823 2219 καὶ
1858 2165 1935 2227 ὡς

271 2260 326 2318 ἐν
356 2257 662 2337 παρεεόδῳ,
718 2259 809 2316 καὶ
855 2259 922 2314 τὰ
978 2259 1102 2334 περὶ
1157 2257 1325 2313 αὐτοῦ
1382 2254 1643 2331 εἴρημένα
1696 2251 1932 2327 βέϐαιοῖ.

268 2363 474 2434 Ὠσπερ
531 2360 659 2435 γὰρ,
742 2359 932 2436 φησὶν,
991 2356 1170 2411 ἐκεῖνα
1230 2354 1439 2427 ἀληθῆ,
1494 2355 1667 2418 οὓτως
1723 2354 1816 2410 καὶ
1870 2355 1937 2411 τὰ

270 2449 397 2525 περὶ
432 2450 587 2523 ὑμῶν
615 2446 1020 2523 κεκαυχημένα.
1056 2470 1085 2498 ‹‹
1118 2446 1215 2500 Καὶ
1247 2445 1317 2500 τὰ
1363 2443 1651 2522 σπλάγχνα
1681 2442 1868 2499 αὐτοῦ.
1906 2467 1934 2496 ››

273 2542 403 2599 Οἴον
434 2542 470 2611 ἡ
523 2536 780 2601 διάθεσις.
842 2541 1016 2594 Τοῦτο
1074 2533 1130 2591 δὲ
1185 2536 1350 2593 Τίτον
1409 2534 1519 2590 ἐστὶ
1578 2539 1934 2603 συνιστῶντος

274 2631 480 2694 αὐτοῖς.
515 2628 610 2685 Διὸ
668 2627 958 2707 σπλάγχνα
1012 2629 1102 2683 καὶ
1161 2626 1262 2681 οὐκ
1315 2626 1531 2701 ἀγάπην
1602 2624 1808 2699 εἴρηκε.
1861 2626 1932 2681 Τὸ

276 2721 377 2797 γὰρ
409 2717 755 2795 σπλάγχνον,
807 2716 975 2773 πλέον
1029 2737 1081 2772 τι
1141 2715 1328 2788 δηλοῖ.
1393 2740 1422 2769 «
1482 2718 1933 2791 Ἀναμιμνησκο-

281 2810 441 2886 μένου
490 2810 592 2879 τὴν
648 2807 859 2865 πάντων
922 2807 1075 2882 ὑμῶν
1136 2807 1402 2878 ὑπακοήν.
1463 2830 1491 2858 ››
1552 2808 1688 2864 Εἶτα
1728 2803 1825 2861 ’ίνα
1858 2808 1934 2880 μὴ

278 2897 409 2976 δόξῃ
467 2897 759 2961 κολακείας
818 2896 954 2953 εἶναι
1005 2897 1074 2952 τὰ
1149 2894 1393 2972 ῥήματα,
1446 2896 1537 2951 καὶ
1593 2900 1694 2966 τὴν
1758 2895 1937 2951 αἰτίαν

277 3006 378 3069 τῆς
440 2995 733 3062 διαθέσεως
808 2996 1018 3068 τίθησι,
1097 2993 1313 3069 μᾶλλον
1370 2993 1565 3056 αὐτοὺς
1624 2992 1685 3049 ἑκ
1740 2992 1938 3050 τούτου

277 3087 744 3164 προτρεπόμενος.
795 3086 970 3142 Τοῦτο
1030 3081 1087 3139 δὲ
1143 3083 1232 3138 καὶ
1289 3084 1407 3139 τὸν
1442 3082 1604 3141 Τίτον
1662 3083 1937 3156 σεμνύνει,

280 3177 358 3240 ὡς
415 3176 499 3232 ἀεὶ
555 3173 870 3252 Κορινθίους
929 3172 1130 3250 ἔχοντα
1183 3173 1320 3228 κατὰ
1367 3170 1632 3240 διάνοιαν,
1691 3173 1783 3227 καὶ
1840 3171 1939 3227 αὖ-

281 3264 438 3338 τοὺς,
472 3263 554 3320 ὅτι
586 3264 811 3341 ἴσχυσαν
837 3263 1010 3327 οὕτως
1032 3261 1175 3320 ἑλεῖν
1200 3263 1291 3319 τὸν
1314 3263 1499 3321 Τίτον.
1532 3288 1561 3316 ιι
1591 3264 1742 3320 Μετα
1764 3257 1938 3338 φόϐου

281 3356 372 3412 καὶ
427 3355 636 3431 τρόμου
693 3352 939 3429 ἐδέξασθε
995 3353 1179 3411 αὐτόν,
1220 3380 1240 3406 ι

276 3450 380 3515 τῆς
406 3443 676 3514 ὑπακοῆς,
708 3443 795 3500 ὅτι
845 3443 913 3498 οὐ
975 3444 1140 3517 μόνον
1195 3443 1264 3512 ἧν
1326 3442 1564 3513 ὑπακοὴ,
1594 3439 1740 3498 ἀλλὰ
1771 3437 1942 3521 φόϐος

274 3533 367 3591 καὶ
440 3534 673 3610 τρόμος,
753 3536 830 3608 μῆ
906 3530 960 3588 ἔν
1036 3554 1143 3588 τινι
1245 3530 1411 3588 πάλιν
1500 3533 1942 3608 προσκρούσωσι,

276 3624 518 3700 καθάπερ
551 3622 662 3696 ἤδη
715 3622 802 3679 ἐπὶ
852 3626 951 3679 τοῦ
996 3621 1447 3699 πεπορνευκότος.
1486 3648 1514 3675 ‹‹
1546 3624 1670 3680 ’Ότι
1701 3621 1753 3678 ἐν
1786 3623 1942 3679 παντὶ

280 3724 467 3802 θαρῥῶ
518 3726 576 3779 ἒν
634 3724 787 3798 ὑμῖν.
852 3747 881 3776 ››
938 3723 1043 3778 Κᾶν
1101 3720 1400 3792 ἐπιπλῆξαι
1457 3719 1575 3798 δέῃ,
1628 3721 1690 3778 οὐ
1725 3720 1944 3778 δέδοικα

283 3814 365 3887 μὴ
422 3810 797 3888 ἀποῤῥαγῆτε.
859 3808 971 3868 Κᾶν
1032 3812 1165 3886 ὑπὲρ
1226 3812 1382 3885 ὑμῶν
1437 3813 1844 3890 καυχήσασθαι,
1878 3811 1940 3867 οὐ

280 3899 503 3959 δέδοικα
558 3905 635 3975 μῆ
695 3902 930 3976 ψεύστης
1006 3901 1178 3979 ὀφθῶ.
1238 3904 1408 3956 Τοῦτο
1471 3897 1528 3955 δὲ
1587 3898 1790 3977 λέγων,
1848 3901 1942 3956 καὶ

283 3992 378 4048 τὸν
478 3993 603 4069 περὶ
706 3990 1083 4066 ἐλεημοσύνης
1185 3992 1674 4067 προκατασκευάζει
1753 3991 1940 4069 λόγον.

288 4107 319 4137 ‹‹
351 4084 440 4140 Ἐν
494 4082 656 4138 παντὶ
719 4081 902 4159 θαρῤὧ
954 4080 1007 4137 ἐν
1059 4080 1206 4154 ὑμῖν,
1256 4106 1284 4134 ››
1345 4081 1449 4137 Κᾶν
1499 4081 1729 4139 ἐνώπιον
1782 4082 1941 4140 Τίτου

284 4182 380 4259 δέῃ
439 4184 846 4263 καυχήσασθαι,
904 4181 1001 4239 κᾶν
1078 4180 1309 4238 ἐνώπιον
1369 4181 1549 4239 ἄλλου
1605 4183 1941 4245 οὑτινοσοῦν.

280 4274 355 4330 Ἦ
412 4272 465 4328 έν
517 4272 680 4329 παντὶ
738 4274 1036 4348 πράγματι.
1098 4272 1203 4327 Κᾶν
1277 4270 1600 4347 ἐπιτιμῆσαι
1657 4275 1747 4330 καὶ
1806 4276 1942 4331 ἀπο-

281 4370 588 4441 στραφῆναι
646 4361 741 4435 δέῃ
795 4362 888 4419 τὸν
942 4362 1370 4439 πεπορνευκότα,
1428 4362 1530 4419 κᾶν
1598 4359 1937 4440 προσλαϐεῖν

278 4450 372 4508 καὶ
430 4449 856 4515 ἀνακαλέσασθαί
919 4451 1308 4525 μετάνοοῦντα,
1369 4451 1464 4506 κᾶν
1527 4448 1672 4508 ἄλλο
1728 4473 1782 4508 τι
1826 4455 1940 4530 χρῆ

279 4539 546 4617 γενέσθαι,
580 4540 634 4595 ἐν
666 4541 828 4596 παντί
860 4539 1045 4617 θαῤῥιῖ)
1077 4538 1130 4594 ἐν
1156 4538 1307 4613 ὀμῖν.

1301 3354 1437 3410 Εἶτα
1491 3352 1733 3409 ἐπίτασιν
1789 3352 1932 3429 λέγει
1968 3342 2010 3407 C

2044 2134 2450 2191 abundantius
2483 2152 2661 2207 quam
2693 2136 2818 2205 alii,
2852 2136 2970 2190 sive
3018 2135 3155 2207 plus
3211 2150 3391 2206 quam
3450 2132 3708 2190 aliorum

2041 2224 2433 2297 viscera,erga
2462 2242 2563 2279 vos
2594 2226 2804 2280 affecta
2836 2225 2975 2292 sint,
3009 2231 3119 2279 etc.
3154 2223 3267 2279 Sed
3292 2229 3358 2278 ut
3388 2223 3590 2279 omnia
3640 2222 3706 2278 in

2043 2313 2307 2370 veritate.
2341 2315 2520 2369 Multa
2546 2313 2619 2369 de
2648 2315 2773 2369 Tito
2802 2314 3208 2385 scripserat,et
3235 2329 3394 2368 nunc
3418 2318 3704 2383 tanquam

2045 2402 2107 2458 in
2132 2404 2687 2469 transcursu,etiam
2709 2420 2842 2475 quae
2873 2403 2947 2458 de
2979 2403 3108 2475 ipso
3142 2402 3302 2458 dicta
3332 2407 3503 2458 erant
3555 2417 3699 2456 con-

2045 2492 2264 2548 ﬁrmat.
2299 2493 2455 2549 656
2487 2493 3001 2559 Quemadmodum
3032 2493 3193 2548 enim
3224 2491 3571 2563 illa,inquit,
3604 2507 3707 2546 ve-

2045 2600 2112 2639 ra
2141 2589 2331 2650 erant,
2356 2585 2440 2640 ita
2470 2590 2530 2639 et
2557 2601 2689 2656 qua:
2720 2583 2793 2639 de
2824 2582 2989 2639 vobis
3017 2583 3252 2656 gloriati
3286 2597 3515 2637 sumus.
3553 2603 3574 2630 ι
3635 2580 3709 2635 Ει

2046 2672 2272 2729 viscera
2301 2674 2510 2745 ipsius.
2545 2694 2574 2724 »
2609 2674 2727 2729 Hoc
2759 2678 2868 2741 est,
2918 2673 3189 2729 affectus.
3240 2670 3306 2727 Id
3363 2676 3563 2727 autem
3616 2672 3710 2725 est

2047 2763 2526 2819 commendantis
2561 2763 2685 2820 illis
2715 2764 2934 2831 Titum,
2983 2767 3271 2835 tanquam
3330 2761 3719 2817 vehementer

2047 2853 2360 2911 ardentem
2390 2853 2634 2910 illorum
2667 2853 3150 2925 amore,illisque
3180 2853 3543 2908 devinctum.
3577 2851 3716 2907 Ideo

2044 2944 2272 3000 viscera
2302 2943 2538 3007 dixit,et
2569 2960 2690 2999 non
2721 2960 3007 3000 amorem.
3042 2943 3231 2998 Dictio
3263 2957 3546 3012 namque,
3620 2939 3718 2994 Vi-

2055 3048 2243 3100 scera,
2266 3032 2401 3103 plus
2420 3031 2645 3103 aliquid
2662 3031 2953 3104 designat.
2979 3053 3007 3081 ‹‹
3032 3032 3182 3087 Dum
3202 3030 3413 3086 recolit
3441 3028 3711 3084 omnium

2047 3128 2306 3177 vestrum
2327 3120 3021 3177 obedientiam.»Deinde
3035 3137 3111 3176 ne
3123 3118 3550 3176 assentationis
3580 3131 3713 3173 esse

2049 3210 2228 3266 verba
2257 3210 2588 3279 videantur,
2621 3227 2863 3266 causam
2894 3210 3073 3266 etiam
3095 3209 3266 3281 ponit
3321 3208 3590 3273 affectus,
3634 3221 3712 3261 ex

2049 3300 2161 3356 hoc
2184 3299 2370 3372 magis
2419 3300 2580 3371 ipsos
2639 3300 2980 3355 exhortans.
3015 3301 3135 3355 Hoc
3163 3303 3367 3354 autem
3401 3304 3459 3353 et
3511 3296 3709 3353 Titum

2054 3390 2356 3454 honestat,
2383 3396 2450 3444 ut
2478 3389 2580 3460 qui
2612 3404 2847 3461 semper
2877 3390 3038 3460 ipsos
3084 3389 3146 3444 in
3178 3392 3379 3443 mente
3410 3385 3660 3442 haberet
3691 3401 3706 3441 :

2061 3485 2120 3534 et
2148 3478 2441 3550 ipsos,qui
2470 3479 2553 3533 ita
2590 3482 2914 3549 potuerunt
2942 3477 3241 3533 attrahere
3271 3476 3712 3540 Titum.Quem-

2057 3568 2381 3624 admodum
2425 3583 2561 3623 cum
2610 3568 2821 3623 timore
2881 3573 2941 3622 et
3016 3572 3275 3622 tremore
3349 3564 3715 3637 exceperetis

2054 3657 2271 3729 ipsum.
2305 3656 2531 3712 Deinde
2562 3656 2964 3712 intensionem
2997 3671 3234 3727 quoque
3265 3654 3411 3710 dicit
3438 3653 3718 3710 obedien-

2054 3746 2377 3817 tias,neque
2408 3745 2569 3800 enim
2602 3746 2731 3801 sola
2759 3745 3102 3800 obedientia
3131 3749 3279 3810 erat,
3313 3742 3418 3798 sed
3449 3748 3509 3797 et
3537 3743 3716 3798 timor

2055 3841 2115 3891 et
2142 3840 2492 3903 tremor,'ne
2522 3849 2759 3889 rursum
2792 3834 2854 3888 in
2885 3833 3089 3904 aliquo
3139 3831 3530 3897 offenderent,
3565 3831 3723 3886 sicut

2045 3924 2173 3995 jam
2197 3923 2259 3978 in
2291 3938 2359 3978 eo
2387 3922 2487 3994 qui
2520 3928 2815 3977 scortatus
2842 3921 3057 3977 fuerat.
3088 3942 3117 3971 ‹.
3151 3919 3317 3985 Quod
3346 3920 3408 3975 in
3437 3918 3718 3975 omnibus

2055 4012 2335 4068 ﬁduciam
2366 4011 2618 4068 habeam
2649 4012 2714 4066 in
2754 4010 2936 4066 vobis.
2967 4032 2995 4060 »
3031 4010 3160 4066 Sive
3190 4008 3505 4083 objurgare
3534 4024 3714 4080 opor-

2054 4108 2321 4169 teat,non
2353 4117 2557 4157 vereor
2587 4117 2662 4156 ne
2691 4100 3051 4174 frangamini
3078 4118 3093 4167 ;
3119 4100 3240 4155 sive
3271 4099 3343 4154 de
3374 4098 3539 4154 vobis
3586 4097 3719 4171 glo-

2054 4193 2216 4258 riari,
2239 4208 2361 4248 non
2392 4192 2572 4248 timeo
2595 4208 2671 4247 ne
2701 4190 2960 4247 mendax
2982 4205 3303 4263 appaream
3324 4189 3352 4245 ‘2
3380 4189 3499 4244 Hoc
3516 4193 3718 4245 autem

2054 4282 2280 4349 dicens,
2304 4283 2459 4339 viam
2520 4281 2823 4353 prmstruit
2879 4280 3140 4336 sermoni
3174 4279 3248 4335 de
3309 4279 3717 4350 eleemosyna.

2056 4394 2081 4425 α
2116 4376 2183 4429 In
2211 4372 2491 4428 omnibus
2558 4371 2777 4428 ﬁducia
2806 4369 2996 4426 habeo
3024 4370 3086 4425 in
3125 4369 3310 4425 vobis.
3357 4390 3385 4419 »
3417 4369 3506 4424 Ἐν
3560 4385 3718 4421 παντι

2052 4462 2114 4516 id
2146 4479 2230 4529 es,
2262 4465 2323 4517 in
2346 4463 2516 4529 omni,
2551 4461 2663 4517 hoc
2694 4464 2804 4528 est,
2846 4461 2968 4516 sive
2998 4475 3199 4516 coram
3247 4459 3372 4514 Tito
3431 4474 3580 4530 opus
3641 4456 3721 4513 sit

2055 4550 2297 4622 gloriari
2329 4566 2343 4604 :
2378 4550 2499 4604 sive
2531 4565 2731 4605 coram
2758 4547 2964 4619 quovis
2993 4546 3114 4603 alio
3147 4564 3161 4601 :
3194 4552 3298 4602 aut
3345 4546 3410 4601 in
3437 4546 3602 4601 omni
3630 4559 3719 4615 re,

285 4633 408 4689 sive
440 4632 501 4688 in
532 4631 808 4688 omnibus
832 4631 951 4687 sive
984 4631 1297 4703 objurgare
1326 4636 1385 4686 et
1413 4634 1669 4688 aversari
1700 4640 1971 4707 oporteat
2002 4644 2412 4707 scortatorem,
2446 4639 2567 4693 sive
2598 4637 2903 4708 suscipere
2935 4642 2995 4692 et
3049 4652 3325 4692 revocare
3353 4634 3715 4706 resipiscen-

285 4728 430 4791 tem,
464 4721 588 4778 sive
619 4721 763 4793 quid
793 4721 867 4778 ad
897 4719 1062 4778 aliud
1093 4720 1219 4777 ﬁeri
1252 4725 1543 4794 oporteat,
1579 4722 1642 4778 in
1674 4724 1952 4783 omnibus
1978 4726 2217 4785 conﬁdo
2247 4727 2311 4782 in
2340 4726 2525 4783 vobis.

929 4838 1186 4893 ΚΕΦΑΔ.
1221 4837 1296 4894 8'.

286 4928 584 5002 Προτροπή
616 4927 753 5010 πρὸς
810 4924 1059 5010 ἐπίδοσιν
1116 4927 1425 5010 χρημᾴτων
1475 4933 1594 5010 τοῖς
1624 4929 1822 5007 ἁγίοις,
1855 4932 1941 4988 καὶ

607 4997 777 5072 τιμὴν
801 5004 912 5055 τῶν
952 4997 1043 5055 διὰ
1070 4997 1250 5055 τάὸτσ
1279 4998 1619 5078 ἐρχομένων.

355 5160 700 5237 Γνωρίζομεν
772 5158 831 5217 δὲ
907 5161 1060 5235 ὑμῖν,
1143 5160 1398 5242 ἀδελφοὶ,
1472 5165 1573 5233 τῆν
1627 5165 1793 5240 χάριν
1849 5169 1947 5222 τοῦ

282 5254 445 5321 Θεοῦ,
502 5251 603 5319 τήν
668 5248 971 5323 δεδομένην
1069 5249 1122 5306 ἐν
1205 5257 1327 5314 ταῖς
1413 5249 1766 5324 Ἐκκλησίαις
1849 5261 1948 5325 τῆς

284 5337 651 5411 Μακεδονίας,
739 5339 822 5395 ὅτι
905 5343 961 5395 ἓν
1043 5338 1234 5416 πολλῇ
1333 5338 1540 5417 δοκιμῇ
1612 5341 1855 5418 θλίψεως
1910 5347 1946 5415 ἡ

284 5428 570 5507 περισσεία
623 5437 724 5500 τῆς
800 5434 979 5509 χαρᾶς
1051 5430 1255 5504 αὐτῶν,
1309 5432 1397 5487 καὶ
1456 5433 1492 5501 ἡ
1552 5433 1690 5488 κατᾶ
1746 5434 1948 5507 βάθους

282 5519 538 5596 πτωχεία
594 5520 774 5576 αὐτῶν
837 5519 1208 5595 ἐπερίσσευσεν
1265 5520 1344 5583 είς
1401 5521 1492 5576 τὸν
1548 5519 1788 5580 πλοῦτον
1847 5531 1950 5595 τῆς

286 5607 610 5677 ἁπλότητος
636 5609 839 5668 αὐτῶν.

358 5698 644 5772 Τεχνικῶς
673 5698 1258 5774 πάνυῖκατασκευάζει
1313 5699 1406 5755 τὸν
1464 5698 1632 5776 λόγον
1658 5708 1757 5772 τῆς
1790 5701 1952 5776 ἒλεη-

290 5786 556 5864 μοσύνης.
593 5786 668 5841 Οὐ
723 5786 825 5862 γὰρ
880 5788 1046 5857 ἦλθαν
1098 5789 1206 5845 ἀπὸ
1264 5786 1609 5860 ἒπιπλήξεως
1640 5791 1716 5853 εἰς
1754 5794 1952 5868 παραί-

2692 4841 2923 4897 CAPUT
2970 4840 3061 4895 IX.

2056 4933 2382 4989 Exhortatio
2412 4932 2488 4987 ad
2513 4932 2821 4986 uberiorem
2844 4931 3216 5001 pecuniarum
3247 4927 3715 5001 contributionem

2126 5009 2187 5061 in
2215 5009 2448 5072 sanctos,
2480 5010 2532 5060 et
2559 5004 2627 5059 de
2655 4998 3079 5059 eorum—honore
3109 5003 3209 5072 qui
3264 5000 3340 5056 ad
3388 4998 3491 5055 hoc
3541 5002 3715 5071 proﬁ-

2125 5080 2481 5135 ciscercntur.

2128 5184 2272 5251 VIII,
2308 5185 2414 5237 1-2.
2477 5182 2743 5240 Certiores
2798 5185 2981 5236 autem
3032 5195 3126 5235 vos
3161 5177 3333 5249 facio,
3377 5180 3599 5247 fratres,
3654 5176 3722 5235 de

2055 5276 2244 5345 gratia
2290 5274 2391 5329 Dei
2417 5289 2539 5343 qua
2591 5272 2730 5327 data
2777 5273 2891 5340 fuit
2942 5273 3004 5326 in
3059 5270 3315 5327 Ecclestis
3339 5270 3719 5337 Macedoniae;

2058 5363 2324 5434 quoniam
2355 5379 2462 5433 per
2481 5362 2717 5418 multam
2752 5363 3140 5432 probationem
3167 5362 3515 5431 afﬂictionis,
3546 5361 3726 5416 abun-

2059 5454 2255 5508 dantia
2281 5452 2479 5523 gaudii
2510 5452 2734 5507 illorum
2756 5458 2808 5506 et
2833 5450 3119 5522 profunda
3144 5450 3368 5506 illorum
3415 5455 3724 5522 paupertas

2061 5543 2383 5599 cmuberabit
2408 5545 2470 5599 in
2499 5542 2725 5600 divitias
2753 5542 3128 5613 simplicitatis
3153 5542 3400 5599 illorum.

2135 5708 2286 5764 617
2318 5708 2655 5764 Artiﬁciose
2689 5707 3016 5765 admodum
3063 5707 3215 5764 texit
3265 5717 3600 5762 sermonem
3649 5698 3725 5756 de

2065 5795 2444 5872 eleemosyna
2472 5799 2673 5869 Neque
2701 5798 2864 5858 enim
2885 5796 2959 5856 ab
2985 5795 3398 5870 objurgatione
3418 5789 3728 5855 descendit

3542 477 3818 557 1006_
