  <div class='ocr_page' id='page_1' title='image "/cluster/home/n/w/nwhite01/storage/ocr_20150623/118:no.1/coo.31924054870229/519.png"; bbox 0 0 4080 6416; ppageno 0'>
   <div class='ocr_carea' id='block_1_1' title="bbox 410 426 2053 494">
    <p class='ocr_par' dir='ltr' id='par_1_1' title="bbox 410 426 2049 494">
     <span class='ocr_line' id='line_1_1' title="bbox 410 426 2049 494; baseline -0.002 -3"><span class='ocrx_word' id='word_1_1' title='bbox 410 433 568 494; x_wconf 70' lang='grc'>1007</span> <span class='ocrx_word' id='word_1_2' title='bbox 1535 430 1667 492; x_wconf 82' lang='lat' dir='ltr'><strong>(EC</strong></span> <span class='ocrx_word' id='word_1_3' title='bbox 1678 426 1950 489; x_wconf 83' lang='lat' dir='ltr'><strong>UMENII</strong></span> <span class='ocrx_word' id='word_1_4' title='bbox 1999 427 2049 488; x_wconf 93' lang='lat' dir='ltr'>T</span> 
     </span>
    </p>
   </div>
   <div class='ocr_carea' id='block_1_2' title="bbox 2167 426 3839 494">
    <p class='ocr_par' dir='ltr' id='par_1_2' title="bbox 2167 426 3839 491">
     <span class='ocr_line' id='line_1_2' title="bbox 2167 426 3839 491; baseline 0.002 -4"><span class='ocrx_word' id='word_1_5' title='bbox 2167 426 2301 487; x_wconf 73' lang='grc' dir='ltr'><strong>ΞΟιΕ</strong></span> <span class='ocrx_word' id='word_1_6' title='bbox 2344 427 2707 491; x_wconf 70' lang='grc' dir='ltr'><strong>ΕΡΙΞΟΟΡΙ</strong></span> <span class='ocrx_word' id='word_1_7' title='bbox 3678 427 3839 491; x_wconf 70' lang='grc'><strong>1008</strong></span> 
     </span>
    </p>
   </div>
   <div class='ocr_carea' id='block_1_3' title="bbox 414 560 2053 641">
    <p class='ocr_par' dir='ltr' id='par_1_3' title="bbox 414 565 2053 640">
     <span class='ocr_line' id='line_1_3' title="bbox 414 565 2053 640; baseline 0 -18"><span class='ocrx_word' id='word_1_8' title='bbox 414 567 491 622; x_wconf 90' lang='lat' dir='ltr'><strong>ad</strong></span> <span class='ocrx_word' id='word_1_9' title='bbox 520 568 1165 625; x_wconf 86' lang='lat' dir='ltr'><strong>admonitionem.Nam</strong></span> <span class='ocrx_word' id='word_1_10' title='bbox 1195 583 1402 624; x_wconf 80' lang='lat' dir='ltr'><strong>revera</strong></span> <span class='ocrx_word' id='word_1_11' title='bbox 1429 582 1584 640; x_wconf 82' lang='lat' dir='ltr'><strong>aegre</strong></span> <span class='ocrx_word' id='word_1_12' title='bbox 1625 565 2053 639; x_wconf 85' lang='lat' dir='ltr'><strong>susceptibilen</strong></span> 
     </span>
    </p>
   </div>
   <div class='ocr_carea' id='block_1_4' title="bbox 2167 560 3846 641">
    <p class='ocr_par' dir='ltr' id='par_1_4' title="bbox 2193 560 3846 641">
     <span class='ocr_line' id='line_1_4' title="bbox 2193 560 3846 641; baseline 0.002 -24"><span class='ocrx_word' id='word_1_13' title='bbox 2193 582 2344 618; x_wconf 90' lang='grc' dir='ltr'>νεσιν</span> <span class='ocrx_word' id='word_1_14' title='bbox 2405 562 2461 638; x_wconf 67' lang='grc' dir='ltr'>(ᾔ</span> <span class='ocrx_word' id='word_1_15' title='bbox 2515 564 2618 641; x_wconf 81' lang='grc' dir='ltr'><strong>γὰρ</strong></span> <span class='ocrx_word' id='word_1_16' title='bbox 2726 565 2789 619; x_wconf 79' lang='grc' dir='ltr'><strong>ἃν</strong></span> <span class='ocrx_word' id='word_1_17' title='bbox 2897 560 3333 640; x_wconf 87' lang='grc' dir='ltr'>δυσπαράδεκτον</span> <span class='ocrx_word' id='word_1_18' title='bbox 3408 561 3694 641; x_wconf 73' lang='grc' dir='ltr'>εἰργάσατο</span> <span class='ocrx_word' id='word_1_19' title='bbox 3750 567 3846 622; x_wconf 83' lang='grc' dir='ltr'>τὸν</span> 
     </span>
    </p>
   </div>
   <div class='ocr_carea' id='block_1_5' title="bbox 423 647 2053 730">
    <p class='ocr_par' dir='ltr' id='par_1_5' title="bbox 423 654 2047 728">
     <span class='ocr_line' id='line_1_5' title="bbox 423 654 2047 728; baseline -0.001 -16"><span class='ocrx_word' id='word_1_20' title='bbox 423 658 717 715; x_wconf 73' lang='lat' dir='ltr'><strong>eﬂ‘ecisset</strong></span> <span class='ocrx_word' id='word_1_21' title='bbox 736 676 807 714; x_wconf 91' lang='lat' dir='ltr'><strong>eo</strong></span> <span class='ocrx_word' id='word_1_22' title='bbox 836 659 1015 716; x_wconf 92' lang='lat' dir='ltr'><strong>modo</strong></span> <span class='ocrx_word' id='word_1_23' title='bbox 1033 657 1506 728; x_wconf 89' lang='lat' dir='ltr'><strong>sermonem,sed</strong></span> <span class='ocrx_word' id='word_1_24' title='bbox 1527 657 1600 717; x_wconf 86' lang='lat' dir='ltr'><strong>ab</strong></span> <span class='ocrx_word' id='word_1_25' title='bbox 1619 654 2047 713; x_wconf 86' lang='lat' dir='ltr'><strong>encomiis.Vul</strong></span> 
     </span>
    </p>
   </div>
   <div class='ocr_carea' id='block_1_6' title="bbox 2167 647 3841 730">
    <p class='ocr_par' dir='ltr' id='par_1_6' title="bbox 2185 647 3841 730">
     <span class='ocr_line' id='line_1_6' title="bbox 2185 647 3841 730; baseline 0.002 -24"><span class='ocrx_word' id='word_1_26' title='bbox 2185 647 2412 729; x_wconf 87' lang='grc' dir='ltr'>λόγον),</span> <span class='ocrx_word' id='word_1_27' title='bbox 2472 651 2620 708; x_wconf 83' lang='grc' dir='ltr'>ἀλλὰ</span> <span class='ocrx_word' id='word_1_28' title='bbox 2704 654 2810 709; x_wconf 79' lang='grc' dir='ltr'>ἅπὸ</span> <span class='ocrx_word' id='word_1_29' title='bbox 2895 651 3215 730; x_wconf 79' lang='grc' dir='ltr'>ἐγκωμίων.</span> <span class='ocrx_word' id='word_1_30' title='bbox 3313 653 3581 712; x_wconf 82' lang='grc' dir='ltr'>Βούλεται</span> <span class='ocrx_word' id='word_1_31' title='bbox 3635 649 3692 708; x_wconf 74' lang='grc' dir='ltr'>δὲ</span> <span class='ocrx_word' id='word_1_32' title='bbox 3748 655 3841 710; x_wconf 89' lang='grc' dir='ltr'><strong>τὸν</strong></span> 
     </span>
    </p>
   </div>
   <div class='ocr_carea' id='block_1_7' title="bbox 411 739 2053 821">
    <p class='ocr_par' dir='ltr' id='par_1_7' title="bbox 411 746 2051 820">
     <span class='ocr_line' id='line_1_7' title="bbox 411 746 2051 820; baseline -0.002 -16"><span class='ocrx_word' id='word_1_33' title='bbox 411 754 611 804; x_wconf 88' lang='lat' dir='ltr'><strong>autem</strong></span> <span class='ocrx_word' id='word_1_34' title='bbox 637 749 759 805; x_wconf 86' lang='lat' dir='ltr'>illis</span> <span class='ocrx_word' id='word_1_35' title='bbox 780 765 1018 805; x_wconf 86' lang='lat' dir='ltr'><strong>movere</strong></span> <span class='ocrx_word' id='word_1_36' title='bbox 1032 765 1371 805; x_wconf 85' lang='lat' dir='ltr'><strong>sermonem</strong></span> <span class='ocrx_word' id='word_1_37' title='bbox 1386 748 1458 803; x_wconf 90' lang='lat' dir='ltr'><strong>de</strong></span> <span class='ocrx_word' id='word_1_38' title='bbox 1490 746 2051 820; x_wconf 84' lang='lat' dir='ltr'><strong>e1eemosyna,etait</strong></span> 
     </span>
    </p>
   </div>
   <div class='ocr_carea' id='block_1_8' title="bbox 2167 739 3839 821">
    <p class='ocr_par' dir='ltr' id='par_1_8' title="bbox 2178 739 3839 821">
     <span class='ocr_line' id='line_1_8' title="bbox 2178 739 3839 821; baseline 0.002 -26"><span class='ocrx_word' id='word_1_39' title='bbox 2178 741 2303 817; x_wconf 88' lang='grc' dir='ltr'>περὶ</span> <span class='ocrx_word' id='word_1_40' title='bbox 2334 739 2716 817; x_wconf 80' lang='grc' dir='ltr'>ἐλεημοσύνης</span> <span class='ocrx_word' id='word_1_41' title='bbox 2748 742 2941 807; x_wconf 84' lang='grc' dir='ltr'>αὐτοῖς</span> <span class='ocrx_word' id='word_1_42' title='bbox 2997 751 3216 814; x_wconf 77' lang='grc' dir='ltr'>κινῆσαι</span> <span class='ocrx_word' id='word_1_43' title='bbox 3285 742 3472 821; x_wconf 82' lang='grc' dir='ltr'>λόγον,</span> <span class='ocrx_word' id='word_1_44' title='bbox 3530 743 3621 798; x_wconf 85' lang='grc' dir='ltr'><strong>καὶ</strong></span> <span class='ocrx_word' id='word_1_45' title='bbox 3680 761 3839 817; x_wconf 80' lang='grc' dir='ltr'>φησι⁶</span> 
     </span>
    </p>
   </div>
   <div class='ocr_carea' id='block_1_9' title="bbox 422 831 2053 911">
    <p class='ocr_par' dir='ltr' id='par_1_9' title="bbox 422 835 2049 909">
     <span class='ocr_line' id='line_1_9' title="bbox 422 835 2049 909; baseline 0.001 -19"><span class='ocrx_word' id='word_1_46' title='bbox 422 858 448 890; x_wconf 75' lang='grc' dir='ltr'><strong>α</strong></span> <span class='ocrx_word' id='word_1_47' title='bbox 480 838 680 894; x_wconf 80' lang='lat' dir='ltr'><strong>Gratia</strong></span> <span class='ocrx_word' id='word_1_48' title='bbox 709 840 879 894; x_wconf 84' lang='lat' dir='ltr'><strong>Dei.»</strong></span> <span class='ocrx_word' id='word_1_49' title='bbox 904 840 1163 895; x_wconf 83' lang='lat' dir='ltr'><strong>Gratiam</strong></span> <span class='ocrx_word' id='word_1_50' title='bbox 1177 856 1393 895; x_wconf 87' lang='lat' dir='ltr'><strong>vocans</strong></span> <span class='ocrx_word' id='word_1_51' title='bbox 1414 838 1809 909; x_wconf 70' lang='lat' dir='ltr'><strong>eleemosynas</strong></span> <span class='ocrx_word' id='word_1_52' title='bbox 1826 835 2049 892; x_wconf 90' lang='lat' dir='ltr'><strong>donum</strong></span> 
     </span>
    </p>
   </div>
   <div class='ocr_carea' id='block_1_10' title="bbox 2167 831 3841 911">
    <p class='ocr_par' dir='ltr' id='par_1_10' title="bbox 2176 831 3841 911">
     <span class='ocr_line' id='line_1_10' title="bbox 2176 831 3841 911; baseline 0.004 -29"><span class='ocrx_word' id='word_1_53' title='bbox 2176 853 2205 882; x_wconf 83' lang='lat'><strong><em>«</em></strong></span> <span class='ocrx_word' id='word_1_54' title='bbox 2247 832 2359 900; x_wconf 82' lang='grc' dir='ltr'>Τήν</span> <span class='ocrx_word' id='word_1_55' title='bbox 2395 833 2559 907; x_wconf 80' lang='grc' dir='ltr'>χάριν</span> <span class='ocrx_word' id='word_1_56' title='bbox 2586 836 2685 887; x_wconf 76' lang='grc' dir='ltr'><strong>τοῦ</strong></span> <span class='ocrx_word' id='word_1_57' title='bbox 2725 837 2880 903; x_wconf 80' lang='grc' dir='ltr'>Θεοῦ,</span> <span class='ocrx_word' id='word_1_58' title='bbox 2916 855 2941 887; x_wconf 78' lang='grc' dir='ltr'>ιο</span> <span class='ocrx_word' id='word_1_59' title='bbox 2984 834 3146 910; x_wconf 62' lang='grc' dir='ltr'>χάριν</span> <span class='ocrx_word' id='word_1_60' title='bbox 3177 832 3378 911; x_wconf 85' lang='grc' dir='ltr'>λέγων,</span> <span class='ocrx_word' id='word_1_61' title='bbox 3436 833 3499 889; x_wconf 84' lang='grc' dir='ltr'>τὸ</span> <span class='ocrx_word' id='word_1_62' title='bbox 3529 839 3630 903; x_wconf 81' lang='grc' dir='ltr'><strong>τῆς</strong></span> <span class='ocrx_word' id='word_1_63' title='bbox 3671 831 3841 905; x_wconf 66' lang='grc' dir='ltr'>ἐλεη-</span> 
     </span>
    </p>
   </div>
   <div class='ocr_carea' id='block_1_11' title="bbox 412 918 2053 1002">
    <p class='ocr_par' dir='ltr' id='par_1_11' title="bbox 412 928 2053 1002">
     <span class='ocr_line' id='line_1_11' title="bbox 412 928 2053 1002; baseline -0.001 -19"><span class='ocrx_word' id='word_1_64' title='bbox 412 928 719 1000; x_wconf 89' lang='lat' dir='ltr'><strong>Siquidem</strong></span> <span class='ocrx_word' id='word_1_65' title='bbox 739 930 846 986; x_wconf 89' lang='lat' dir='ltr'><strong>Dei</strong></span> <span class='ocrx_word' id='word_1_66' title='bbox 870 930 1092 986; x_wconf 87' lang='lat' dir='ltr'><strong>donum</strong></span> <span class='ocrx_word' id='word_1_67' title='bbox 1125 936 1213 987; x_wconf 90' lang='lat' dir='ltr'><strong>est</strong></span> <span class='ocrx_word' id='word_1_68' title='bbox 1243 931 1503 1002; x_wconf 86' lang='lat' dir='ltr'><strong>aliquem</strong></span> <span class='ocrx_word' id='word_1_69' title='bbox 1538 945 1667 985; x_wconf 90' lang='lat' dir='ltr'><strong>esse</strong></span> <span class='ocrx_word' id='word_1_70' title='bbox 1707 929 1875 1001; x_wconf 91' lang='lat' dir='ltr'><strong>pium</strong></span> <span class='ocrx_word' id='word_1_71' title='bbox 1934 942 2053 1000; x_wconf 70' lang='lat' dir='ltr'><strong>ergz</strong></span> 
     </span>
    </p>
   </div>
   <div class='ocr_carea' id='block_1_12' title="bbox 2167 918 3841 1002">
    <p class='ocr_par' dir='ltr' id='par_1_12' title="bbox 2181 918 3841 1001">
     <span class='ocr_line' id='line_1_12' title="bbox 2181 918 3841 1001; baseline 0.001 -26"><span class='ocrx_word' id='word_1_72' title='bbox 2181 918 2423 991; x_wconf 83' lang='grc' dir='ltr'>μοσύνης</span> <span class='ocrx_word' id='word_1_73' title='bbox 2451 922 2726 997; x_wconf 84' lang='grc' dir='ltr'>χάρισμα.</span> <span class='ocrx_word' id='word_1_74' title='bbox 2759 923 3016 997; x_wconf 86' lang='grc' dir='ltr'>Χάρισμα</span> <span class='ocrx_word' id='word_1_75' title='bbox 3069 923 3171 1001; x_wconf 72' lang='grc' dir='ltr'>γάρ</span> <span class='ocrx_word' id='word_1_76' title='bbox 3231 923 3364 978; x_wconf 77' lang='grc' dir='ltr'>Θεοῦ</span> <span class='ocrx_word' id='word_1_77' title='bbox 3422 920 3535 978; x_wconf 85' lang='grc' dir='ltr'>έστι</span> <span class='ocrx_word' id='word_1_78' title='bbox 3591 922 3655 978; x_wconf 83' lang='grc' dir='ltr'>τὸ</span> <span class='ocrx_word' id='word_1_79' title='bbox 3701 922 3841 978; x_wconf 80' lang='grc' dir='ltr'>εἶναί</span> 
     </span>
    </p>
   </div>
   <div class='ocr_carea' id='block_1_13' title="bbox 415 1007 2053 1092">
    <p class='ocr_par' dir='ltr' id='par_1_13' title="bbox 415 1018 2046 1092">
     <span class='ocr_line' id='line_1_13' title="bbox 415 1018 2046 1092; baseline -0.001 -19"><span class='ocrx_word' id='word_1_80' title='bbox 415 1034 655 1092; x_wconf 90' lang='lat' dir='ltr'><strong>egenos,</strong></span> <span class='ocrx_word' id='word_1_81' title='bbox 687 1020 1191 1091; x_wconf 87' lang='lat' dir='ltr'><strong>quemadmodum</strong></span> <span class='ocrx_word' id='word_1_82' title='bbox 1233 1021 1414 1076; x_wconf 88' lang='lat' dir='ltr'><strong>etiam</strong></span> <span class='ocrx_word' id='word_1_83' title='bbox 1446 1020 1730 1076; x_wconf 78' lang='lat' dir='ltr'><strong>sanitates</strong></span> <span class='ocrx_word' id='word_1_84' title='bbox 1758 1018 2046 1091; x_wconf 83' lang='lat' dir='ltr'><strong>perﬁcere</strong></span> 
     </span>
    </p>
   </div>
   <div class='ocr_carea' id='block_1_14' title="bbox 2167 1007 3842 1092">
    <p class='ocr_par' dir='ltr' id='par_1_14' title="bbox 2174 1007 3842 1087">
     <span class='ocr_line' id='line_1_14' title="bbox 2174 1007 3842 1087; baseline 0.002 -23"><span class='ocrx_word' id='word_1_85' title='bbox 2174 1030 2294 1065; x_wconf 83' lang='grc' dir='ltr'>τινα</span> <span class='ocrx_word' id='word_1_86' title='bbox 2352 1007 2677 1086; x_wconf 72' lang='grc' dir='ltr'>ἐλεήμονα,</span> <span class='ocrx_word' id='word_1_87' title='bbox 2736 1010 2924 1087; x_wconf 85' lang='grc' dir='ltr'>ὥσπερ</span> <span class='ocrx_word' id='word_1_88' title='bbox 2982 1012 3043 1068; x_wconf 85' lang='grc' dir='ltr'>τὸ</span> <span class='ocrx_word' id='word_1_89' title='bbox 3105 1012 3274 1075; x_wconf 75' lang='grc' dir='ltr'>ἰάσεις</span> <span class='ocrx_word' id='word_1_90' title='bbox 3335 1011 3626 1068; x_wconf 69' lang='grc' dir='ltr'>ἐπιτελεῖν.</span> <span class='ocrx_word' id='word_1_91' title='bbox 3664 1014 3842 1083; x_wconf 78' lang='grc' dir='ltr'><strong>«Τὴν</strong></span> 
     </span>
    </p>
   </div>
   <div class='ocr_carea' id='block_1_15' title="bbox 406 1094 2053 1179">
    <p class='ocr_par' dir='ltr' id='par_1_15' title="bbox 406 1107 2053 1174">
     <span class='ocr_line' id='line_1_15' title="bbox 406 1107 2053 1174; baseline -0.002 -10"><span class='ocrx_word' id='word_1_92' title='bbox 406 1130 434 1159; x_wconf 85' lang='grc'><strong>‹‹</strong></span> <span class='ocrx_word' id='word_1_93' title='bbox 470 1110 609 1174; x_wconf 71' lang='lat' dir='ltr'><strong>Qum</strong></span> <span class='ocrx_word' id='word_1_94' title='bbox 639 1110 777 1165; x_wconf 85' lang='lat' dir='ltr'><strong>data</strong></span> <span class='ocrx_word' id='word_1_95' title='bbox 804 1110 917 1165; x_wconf 82' lang='lat' dir='ltr'><strong>fuit</strong></span> <span class='ocrx_word' id='word_1_96' title='bbox 939 1110 1001 1164; x_wconf 92' lang='lat' dir='ltr'><strong>in</strong></span> <span class='ocrx_word' id='word_1_97' title='bbox 1029 1110 1304 1165; x_wconf 75' lang='lat' dir='ltr'><strong>Ecclesiis</strong></span> <span class='ocrx_word' id='word_1_98' title='bbox 1325 1107 2053 1165; x_wconf 59' lang='lat' dir='ltr'><strong>Macedonius.»Consider£</strong></span> 
     </span>
    </p>
   </div>
   <div class='ocr_carea' id='block_1_16' title="bbox 2167 1094 3837 1179">
    <p class='ocr_par' dir='ltr' id='par_1_16' title="bbox 2174 1094 3837 1179">
     <span class='ocr_line' id='line_1_16' title="bbox 2174 1094 3837 1179; baseline 0.004 -27"><span class='ocrx_word' id='word_1_99' title='bbox 2174 1094 2472 1174; x_wconf 75' lang='grc' dir='ltr'>δεδομένην</span> <span class='ocrx_word' id='word_1_100' title='bbox 2506 1105 2626 1163; x_wconf 86' lang='grc' dir='ltr'>ταῖς</span> <span class='ocrx_word' id='word_1_101' title='bbox 2660 1098 2981 1174; x_wconf 77' lang='grc' dir='ltr'>ἐκκλησίαις</span> <span class='ocrx_word' id='word_1_102' title='bbox 3031 1108 3133 1172; x_wconf 80' lang='grc' dir='ltr'><strong>τῆς</strong></span> <span class='ocrx_word' id='word_1_103' title='bbox 3197 1098 3566 1165; x_wconf 85' lang='grc' dir='ltr'>Μακεδονίας.</span> <span class='ocrx_word' id='word_1_104' title='bbox 3629 1125 3659 1155; x_wconf 77' lang='grc' dir='ltr'><strong>ιι</strong></span> <span class='ocrx_word' id='word_1_105' title='bbox 3689 1104 3837 1179; x_wconf 75' lang='grc' dir='ltr'>’Ὀρα</span> 
     </span>
    </p>
   </div>
   <div class='ocr_carea' id='block_1_17' title="bbox 410 1186 2053 1270">
    <p class='ocr_par' dir='ltr' id='par_1_17' title="bbox 410 1196 2053 1270">
     <span class='ocr_line' id='line_1_17' title="bbox 410 1196 2053 1270; baseline -0.001 -18"><span class='ocrx_word' id='word_1_106' title='bbox 410 1197 733 1254; x_wconf 82' lang='lat' dir='ltr'><strong>artiﬁcium</strong></span> <span class='ocrx_word' id='word_1_107' title='bbox 764 1199 1051 1270; x_wconf 85' lang='lat' dir='ltr'><strong>Apostoli.</strong></span> <span class='ocrx_word' id='word_1_108' title='bbox 1089 1201 1215 1254; x_wconf 89' lang='lat' dir='ltr'><strong>Non</strong></span> <span class='ocrx_word' id='word_1_109' title='bbox 1240 1199 1393 1254; x_wconf 85' lang='lat' dir='ltr'><strong>dixit</strong></span> <span class='ocrx_word' id='word_1_110' title='bbox 1445 1198 1667 1261; x_wconf 84' lang='lat' dir='ltr'><strong>statim.</strong></span> <span class='ocrx_word' id='word_1_111' title='bbox 1716 1202 1854 1253; x_wconf 90' lang='lat' dir='ltr'><strong>Date</strong></span> <span class='ocrx_word' id='word_1_112' title='bbox 1910 1196 2053 1252; x_wconf 89' lang='lat' dir='ltr'><strong>elee-</strong></span> 
     </span>
    </p>
   </div>
   <div class='ocr_carea' id='block_1_18' title="bbox 2167 1186 3829 1270">
    <p class='ocr_par' dir='ltr' id='par_1_18' title="bbox 2169 1186 3829 1266">
     <span class='ocr_line' id='line_1_18' title="bbox 2169 1186 3829 1266; baseline 0.001 -22"><span class='ocrx_word' id='word_1_113' title='bbox 2169 1186 2232 1244; x_wconf 83' lang='grc' dir='ltr'><strong>τό</strong></span> <span class='ocrx_word' id='word_1_114' title='bbox 2264 1188 2575 1266; x_wconf 79' lang='grc' dir='ltr'>εὖρήχανον</span> <span class='ocrx_word' id='word_1_115' title='bbox 2604 1195 2707 1246; x_wconf 74' lang='grc' dir='ltr'><strong>τοῦ</strong></span> <span class='ocrx_word' id='word_1_116' title='bbox 2740 1189 3111 1248; x_wconf 80' lang='grc' dir='ltr'>Ἀποστόλου.</span> <span class='ocrx_word' id='word_1_117' title='bbox 3145 1191 3254 1247; x_wconf 81' lang='grc' dir='ltr'><strong>Ούκ</strong></span> <span class='ocrx_word' id='word_1_118' title='bbox 3284 1192 3434 1248; x_wconf 84' lang='grc' dir='ltr'>εἶπεν</span> <span class='ocrx_word' id='word_1_119' title='bbox 3464 1191 3645 1262; x_wconf 77' lang='grc' dir='ltr'>εὐθὺς,</span> <span class='ocrx_word' id='word_1_120' title='bbox 3696 1190 3829 1246; x_wconf 83' lang='grc' dir='ltr'>Δότε</span> 
     </span>
    </p>
   </div>
   <div class='ocr_carea' id='block_1_19' title="bbox 405 1273 2053 1361">
    <p class='ocr_par' dir='ltr' id='par_1_19' title="bbox 405 1288 2053 1361">
     <span class='ocr_line' id='line_1_19' title="bbox 405 1288 2053 1361; baseline -0.002 -20"><span class='ocrx_word' id='word_1_121' title='bbox 405 1301 758 1359; x_wconf 85' lang='lat' dir='ltr'><strong>mosynam;</strong></span> <span class='ocrx_word' id='word_1_122' title='bbox 819 1289 924 1343; x_wconf 90' lang='lat' dir='ltr'><strong>sed</strong></span> <span class='ocrx_word' id='word_1_123' title='bbox 982 1305 1113 1359; x_wconf 70' lang='lat' dir='ltr'><strong>quae</strong></span> <span class='ocrx_word' id='word_1_124' title='bbox 1180 1288 1409 1361; x_wconf 81' lang='lat' dir='ltr'><strong>egregie</strong></span> <span class='ocrx_word' id='word_1_125' title='bbox 1468 1288 1539 1343; x_wconf 91' lang='lat' dir='ltr'><strong>ab</strong></span> <span class='ocrx_word' id='word_1_126' title='bbox 1570 1288 1705 1343; x_wconf 90' lang='lat' dir='ltr'><strong>aliis</strong></span> <span class='ocrx_word' id='word_1_127' title='bbox 1733 1293 1901 1360; x_wconf 88' lang='lat' dir='ltr'><strong>gesta</strong></span> <span class='ocrx_word' id='word_1_128' title='bbox 1930 1294 2053 1342; x_wconf 74' lang='lat' dir='ltr'><strong>sunt</strong></span> 
     </span>
    </p>
   </div>
   <div class='ocr_carea' id='block_1_20' title="bbox 2167 1273 3831 1361">
    <p class='ocr_par' dir='ltr' id='par_1_20' title="bbox 2171 1273 3831 1356">
     <span class='ocr_line' id='line_1_20' title="bbox 2171 1273 3831 1356; baseline 0.002 -25"><span class='ocrx_word' id='word_1_129' title='bbox 2171 1273 2598 1353; x_wconf 66' lang='grc' dir='ltr'>ἐλεημοσύνην,</span> <span class='ocrx_word' id='word_1_130' title='bbox 2654 1280 2801 1337; x_wconf 87' lang='grc' dir='ltr'><strong>άλλά</strong></span> <span class='ocrx_word' id='word_1_131' title='bbox 2858 1281 2925 1336; x_wconf 70' lang='grc' dir='ltr'>τὰ</span> <span class='ocrx_word' id='word_1_132' title='bbox 2982 1281 3187 1356; x_wconf 76' lang='grc' dir='ltr'>ἑτέροις</span> <span class='ocrx_word' id='word_1_133' title='bbox 3238 1281 3646 1355; x_wconf 71' lang='grc' dir='ltr'><strong>κατωρθωμένα</strong></span> <span class='ocrx_word' id='word_1_134' title='bbox 3703 1279 3831 1356; x_wconf 87' lang='grc' dir='ltr'><strong>περί</strong></span> 
     </span>
    </p>
   </div>
   <div class='ocr_carea' id='block_1_21' title="bbox 404 1363 2053 1448">
    <p class='ocr_par' dir='ltr' id='par_1_21' title="bbox 404 1375 2053 1448">
     <span class='ocr_line' id='line_1_21' title="bbox 404 1375 2053 1448; baseline -0.001 -17"><span class='ocrx_word' id='word_1_135' title='bbox 404 1376 561 1431; x_wconf 89' lang='lat' dir='ltr'><strong>circa</strong></span> <span class='ocrx_word' id='word_1_136' title='bbox 590 1376 1035 1448; x_wconf 84' lang='lat' dir='ltr'><strong>eleemosynam</strong></span> <span class='ocrx_word' id='word_1_137' title='bbox 1070 1383 1280 1432; x_wconf 90' lang='lat' dir='ltr'><strong>narrat</strong></span> <span class='ocrx_word' id='word_1_138' title='bbox 1313 1393 1325 1442; x_wconf 92' lang='lat'><strong>;</strong></span> <span class='ocrx_word' id='word_1_139' title='bbox 1359 1393 1501 1432; x_wconf 89' lang='lat' dir='ltr'><strong>nam</strong></span> <span class='ocrx_word' id='word_1_140' title='bbox 1533 1393 1603 1431; x_wconf 83' lang='lat' dir='ltr'><strong>ex</strong></span> <span class='ocrx_word' id='word_1_141' title='bbox 1636 1393 1704 1433; x_wconf 90' lang='lat' dir='ltr'><strong>eo</strong></span> <span class='ocrx_word' id='word_1_142' title='bbox 1737 1375 1896 1447; x_wconf 91' lang='lat' dir='ltr'><strong>quod</strong></span> <span class='ocrx_word' id='word_1_143' title='bbox 1928 1375 2053 1430; x_wconf 78' lang='lat' dir='ltr'><strong>illos</strong></span> 
     </span>
    </p>
   </div>
   <div class='ocr_carea' id='block_1_22' title="bbox 2167 1363 3825 1448">
    <p class='ocr_par' dir='ltr' id='par_1_22' title="bbox 2171 1363 3825 1448">
     <span class='ocr_line' id='line_1_22' title="bbox 2171 1363 3825 1448; baseline 0.002 -28"><span class='ocrx_word' id='word_1_144' title='bbox 2171 1363 2551 1440; x_wconf 83' lang='grc' dir='ltr'>έλεημοσύνης</span> <span class='ocrx_word' id='word_1_145' title='bbox 2608 1366 2903 1446; x_wconf 87' lang='grc' dir='ltr'>διηγεῖται.</span> <span class='ocrx_word' id='word_1_146' title='bbox 2939 1371 3034 1428; x_wconf 70' lang='grc' dir='ltr'>Ἐκ</span> <span class='ocrx_word' id='word_1_147' title='bbox 3065 1371 3168 1448; x_wconf 79' lang='grc' dir='ltr'>γὰρ</span> <span class='ocrx_word' id='word_1_148' title='bbox 3198 1375 3297 1426; x_wconf 79' lang='grc' dir='ltr'>τοῦ</span> <span class='ocrx_word' id='word_1_149' title='bbox 3351 1369 3589 1433; x_wconf 73' lang='grc' dir='ltr'>ἐκείνους</span> <span class='ocrx_word' id='word_1_150' title='bbox 3644 1367 3825 1446; x_wconf 78' lang='grc' dir='ltr'>ἐγκω-</span> 
     </span>
    </p>
   </div>
   <div class='ocr_carea' id='block_1_23' title="bbox 404 1465 2065 1543">
    <p class='ocr_par' dir='ltr' id='par_1_23' title="bbox 404 1465 2065 1543">
     <span class='ocr_line' id='line_1_23' title="bbox 404 1465 2065 1543; baseline -0.001 -22"><span class='ocrx_word' id='word_1_151' title='bbox 404 1466 823 1540; x_wconf 89' lang='lat' dir='ltr'><strong>laudat,magis</strong></span> <span class='ocrx_word' id='word_1_152' title='bbox 852 1468 1201 1523; x_wconf 73' lang='lat' dir='ltr'><strong>exhortatur</strong></span> <span class='ocrx_word' id='word_1_153' title='bbox 1222 1468 1331 1522; x_wconf 91' lang='lat' dir='ltr'><strong>hos</strong></span> <span class='ocrx_word' id='word_1_154' title='bbox 1362 1467 1437 1523; x_wconf 92' lang='lat' dir='ltr'><strong>ad</strong></span> <span class='ocrx_word' id='word_1_155' title='bbox 1458 1467 1717 1543; x_wconf 77' lang='lat' dir='ltr'><strong>similem</strong></span> <span class='ocrx_word' id='word_1_156' title='bbox 1738 1465 2065 1522; x_wconf 65' lang='lat' dir='ltr'><strong>aemulatio-</strong></span> 
     </span>
    </p>
   </div>
   <div class='ocr_carea' id='block_1_24' title="bbox 403 1556 2065 1628">
    <p class='ocr_par' dir='ltr' id='par_1_24' title="bbox 403 1556 2065 1628">
     <span class='ocr_line' id='line_1_24' title="bbox 403 1556 2065 1628; baseline 0.001 -18"><span class='ocrx_word' id='word_1_157' title='bbox 403 1571 562 1612; x_wconf 92' lang='lat' dir='ltr'><strong>nem.</strong></span> <span class='ocrx_word' id='word_1_158' title='bbox 598 1579 627 1607; x_wconf 88' lang='lat'><strong>«</strong></span> <span class='ocrx_word' id='word_1_159' title='bbox 660 1557 1211 1612; x_wconf 65' lang='lat' dir='ltr'><strong>MacedoniamNon</strong></span> <span class='ocrx_word' id='word_1_160' title='bbox 1234 1556 1474 1623; x_wconf 84' lang='lat' dir='ltr'><strong>dixit,ln</strong></span> <span class='ocrx_word' id='word_1_161' title='bbox 1502 1562 1671 1628; x_wconf 91' lang='lat' dir='ltr'><strong>parte</strong></span> <span class='ocrx_word' id='word_1_162' title='bbox 1697 1573 1710 1621; x_wconf 90' lang='lat'>;</span> <span class='ocrx_word' id='word_1_163' title='bbox 1746 1556 1849 1611; x_wconf 90' lang='lat' dir='ltr'><strong>sed</strong></span> <span class='ocrx_word' id='word_1_164' title='bbox 1880 1561 2065 1611; x_wconf 89' lang='lat' dir='ltr'><strong>totam</strong></span> 
     </span>
    </p>
   </div>
   <div class='ocr_carea' id='block_1_25' title="bbox 399 1644 2061 1719">
    <p class='ocr_par' dir='ltr' id='par_1_25' title="bbox 399 1644 2061 1719">
     <span class='ocr_line' id='line_1_25' title="bbox 399 1644 2061 1719; baseline -0.002 -20"><span class='ocrx_word' id='word_1_165' title='bbox 399 1644 607 1700; x_wconf 85' lang='lat' dir='ltr'><strong>laudat</strong></span> <span class='ocrx_word' id='word_1_166' title='bbox 634 1653 894 1719; x_wconf 80' lang='lat' dir='ltr'><strong>gentem,</strong></span> <span class='ocrx_word' id='word_1_167' title='bbox 928 1647 1156 1715; x_wconf 89' lang='lat' dir='ltr'><strong>dicens,</strong></span> <span class='ocrx_word' id='word_1_168' title='bbox 1188 1666 1207 1694; x_wconf 80' lang='grc' dir='ltr'><strong>ι</strong></span> <span class='ocrx_word' id='word_1_169' title='bbox 1230 1648 1296 1701; x_wconf 91' lang='lat' dir='ltr'><strong>In</strong></span> <span class='ocrx_word' id='word_1_170' title='bbox 1328 1645 1611 1701; x_wconf 89' lang='lat' dir='ltr'><strong>Ecclesiis</strong></span> <span class='ocrx_word' id='word_1_171' title='bbox 1644 1644 2061 1700; x_wconf 51' lang='lat' dir='ltr'><strong>Macedoniam»</strong></span> 
     </span>
    </p>
   </div>
   <div class='ocr_carea' id='block_1_26' title="bbox 396 1733 2061 1808">
    <p class='ocr_par' dir='ltr' id='par_1_26' title="bbox 396 1733 2061 1808">
     <span class='ocr_line' id='line_1_26' title="bbox 396 1733 2061 1808; baseline -0.005 -17"><span class='ocrx_word' id='word_1_172' title='bbox 396 1754 499 1785; x_wconf 82' lang='lat'><strong>—«</strong></span> <span class='ocrx_word' id='word_1_173' title='bbox 515 1735 807 1800; x_wconf 83' lang='lat' dir='ltr'><strong>Quoniam</strong></span> <span class='ocrx_word' id='word_1_174' title='bbox 824 1753 931 1808; x_wconf 91' lang='lat' dir='ltr'><strong>per</strong></span> <span class='ocrx_word' id='word_1_175' title='bbox 946 1736 1193 1791; x_wconf 88' lang='lat' dir='ltr'><strong>multam</strong></span> <span class='ocrx_word' id='word_1_176' title='bbox 1208 1735 1625 1808; x_wconf 86' lang='lat' dir='ltr'><strong>probationem</strong></span> <span class='ocrx_word' id='word_1_177' title='bbox 1656 1733 2021 1791; x_wconf 81' lang='lat' dir='ltr'><strong>afﬂictionis.</strong></span> <span class='ocrx_word' id='word_1_178' title='bbox 2033 1755 2061 1783; x_wconf 84' lang='lat'><strong>»</strong></span> 
     </span>
    </p>
   </div>
   <div class='ocr_carea' id='block_1_27' title="bbox 401 1821 2059 1896">
    <p class='ocr_par' dir='ltr' id='par_1_27' title="bbox 401 1821 2059 1896">
     <span class='ocr_line' id='line_1_27' title="bbox 401 1821 2059 1896; baseline -0.001 -18"><span class='ocrx_word' id='word_1_179' title='bbox 401 1822 563 1878; x_wconf 79' lang='lat' dir='ltr'><strong>Adeo</strong></span> <span class='ocrx_word' id='word_1_180' title='bbox 594 1824 798 1879; x_wconf 84' lang='lat' dir='ltr'><strong>afﬁicti</strong></span> <span class='ocrx_word' id='word_1_181' title='bbox 822 1830 981 1893; x_wconf 90' lang='lat' dir='ltr'><strong>sunt,</strong></span> <span class='ocrx_word' id='word_1_182' title='bbox 1012 1824 1226 1896; x_wconf 88' lang='lat' dir='ltr'><strong>inquit,</strong></span> <span class='ocrx_word' id='word_1_183' title='bbox 1259 1830 1326 1879; x_wconf 88' lang='lat' dir='ltr'><strong>ut</strong></span> <span class='ocrx_word' id='word_1_184' title='bbox 1354 1824 1536 1880; x_wconf 90' lang='lat' dir='ltr'><strong>etiam</strong></span> <span class='ocrx_word' id='word_1_185' title='bbox 1558 1823 1791 1895; x_wconf 84' lang='lat' dir='ltr'><strong>probati</strong></span> <span class='ocrx_word' id='word_1_186' title='bbox 1816 1839 1887 1878; x_wconf 82' lang='lat' dir='ltr'><strong>ex</strong></span> <span class='ocrx_word' id='word_1_187' title='bbox 1911 1821 2059 1877; x_wconf 90' lang='lat' dir='ltr'><strong>tole-</strong></span> 
     </span>
    </p>
   </div>
   <div class='ocr_carea' id='block_1_28' title="bbox 400 1907 2137 2012">
    <p class='ocr_par' dir='ltr' id='par_1_28' title="bbox 400 1907 2137 2012">
     <span class='ocr_line' id='line_1_28' title="bbox 400 1907 2137 2012; baseline -0.001 -45"><span class='ocrx_word' id='word_1_188' title='bbox 400 1913 598 1969; x_wconf 90' lang='lat' dir='ltr'><strong>rantia</strong></span> <span class='ocrx_word' id='word_1_189' title='bbox 615 1913 755 1969; x_wconf 81' lang='lat' dir='ltr'><strong>facti</strong></span> <span class='ocrx_word' id='word_1_190' title='bbox 779 1915 918 1969; x_wconf 89' lang='lat' dir='ltr'><strong>sint.</strong></span> <span class='ocrx_word' id='word_1_191' title='bbox 954 1907 1233 1985; x_wconf 54' lang='lat' dir='ltr'><strong>Nequ&#39;eid</strong></span> <span class='ocrx_word' id='word_1_192' title='bbox 1255 1913 1403 1969; x_wconf 90' lang='lat' dir='ltr'><strong>adeo</strong></span> <span class='ocrx_word' id='word_1_193' title='bbox 1439 1913 1781 1968; x_wconf 90' lang='lat' dir='ltr'><strong>mirandum</strong></span> <span class='ocrx_word' id='word_1_194' title='bbox 1811 1916 1925 2012; x_wconf 68' lang='lat' dir='ltr'><strong>est,</strong></span> <span class='ocrx_word' id='word_1_195' title='bbox 1955 1909 2060 1967; x_wconf 91' lang='lat' dir='ltr'><strong>sed</strong></span> <span class='ocrx_word' id='word_1_196' title='bbox 2088 1946 2137 2012; x_wconf 79' lang='grc' dir='ltr'><strong>Β</strong></span> 
     </span>
    </p>
   </div>
   <div class='ocr_carea' id='block_1_29' title="bbox 398 2000 2060 2075">
    <p class='ocr_par' dir='ltr' id='par_1_29' title="bbox 398 2000 2060 2075">
     <span class='ocr_line' id='line_1_29' title="bbox 398 2000 2060 2075; baseline -0.002 -17"><span class='ocrx_word' id='word_1_197' title='bbox 398 2002 557 2072; x_wconf 90' lang='lat' dir='ltr'><strong>quod</strong></span> <span class='ocrx_word' id='word_1_198' title='bbox 597 2020 666 2059; x_wconf 80' lang='lat' dir='ltr'><strong>ex</strong></span> <span class='ocrx_word' id='word_1_199' title='bbox 699 2008 863 2059; x_wconf 88' lang='lat' dir='ltr'><strong>tanta</strong></span> <span class='ocrx_word' id='word_1_200' title='bbox 888 2002 1213 2059; x_wconf 81' lang='lat' dir='ltr'><strong>afﬂictione</strong></span> <span class='ocrx_word' id='word_1_201' title='bbox 1246 2008 1476 2058; x_wconf 86' lang='lat' dir='ltr'><strong>tantum</strong></span> <span class='ocrx_word' id='word_1_202' title='bbox 1508 2003 1569 2057; x_wconf 90' lang='lat' dir='ltr'><strong>in</strong></span> <span class='ocrx_word' id='word_1_203' title='bbox 1592 2003 1738 2074; x_wconf 87' lang='lat' dir='ltr'><strong>ipsis</strong></span> <span class='ocrx_word' id='word_1_204' title='bbox 1776 2000 2060 2075; x_wconf 79' lang='lat' dir='ltr'><strong>gaudium</strong></span> 
     </span>
    </p>
   </div>
   <div class='ocr_carea' id='block_1_30' title="bbox 393 2090 2060 2165">
    <p class='ocr_par' dir='ltr' id='par_1_30' title="bbox 393 2090 2060 2165">
     <span class='ocr_line' id='line_1_30' title="bbox 393 2090 2060 2165; baseline -0.001 -18"><span class='ocrx_word' id='word_1_205' title='bbox 393 2093 839 2164; x_wconf 79' lang='lat' dir='ltr'><strong>germinaverit.</strong></span> <span class='ocrx_word' id='word_1_206' title='bbox 895 2116 923 2143; x_wconf 83' lang='lat'><strong><em>«</em></strong></span> <span class='ocrx_word' id='word_1_207' title='bbox 982 2098 1126 2149; x_wconf 87' lang='lat' dir='ltr'><strong>Nam</strong></span> <span class='ocrx_word' id='word_1_208' title='bbox 1185 2093 1573 2163; x_wconf 86' lang='lat' dir='ltr'><strong>abundantia,</strong></span> <span class='ocrx_word' id='word_1_209' title='bbox 1609 2092 1826 2163; x_wconf 87' lang='lat' dir='ltr'><strong>inquit,</strong></span> <span class='ocrx_word' id='word_1_210' title='bbox 1857 2090 2060 2165; x_wconf 80' lang='lat' dir='ltr'><strong>gaudii</strong></span> 
     </span>
    </p>
   </div>
   <div class='ocr_carea' id='block_1_31' title="bbox 388 2179 2058 2255">
    <p class='ocr_par' dir='ltr' id='par_1_31' title="bbox 388 2179 2058 2255">
     <span class='ocr_line' id='line_1_31' title="bbox 388 2179 2058 2255; baseline -0.001 -20"><span class='ocrx_word' id='word_1_211' title='bbox 388 2181 657 2249; x_wconf 89' lang='lat' dir='ltr'><strong>illorum,</strong></span> <span class='ocrx_word' id='word_1_212' title='bbox 704 2205 732 2232; x_wconf 83' lang='lat'><strong>»</strong></span> <span class='ocrx_word' id='word_1_213' title='bbox 791 2199 1006 2255; x_wconf 88' lang='lat' dir='ltr'><strong>nempe</strong></span> <span class='ocrx_word' id='word_1_214' title='bbox 1039 2182 1399 2252; x_wconf 83' lang='lat' dir='ltr'><strong>exuberavit,</strong></span> <span class='ocrx_word' id='word_1_215' title='bbox 1442 2181 1602 2253; x_wconf 89' lang='lat' dir='ltr'><strong>quod</strong></span> <span class='ocrx_word' id='word_1_216' title='bbox 1649 2198 1719 2235; x_wconf 84' lang='lat' dir='ltr'><strong>ex</strong></span> <span class='ocrx_word' id='word_1_217' title='bbox 1753 2179 2058 2236; x_wconf 90' lang='lat' dir='ltr'><strong>communi</strong></span> 
     </span>
    </p>
   </div>
   <div class='ocr_carea' id='block_1_32' title="bbox 392 2267 2058 2341">
    <p class='ocr_par' dir='ltr' id='par_1_32' title="bbox 392 2267 2058 2341">
     <span class='ocr_line' id='line_1_32' title="bbox 392 2267 2058 2341; baseline 0 -19"><span class='ocrx_word' id='word_1_218' title='bbox 392 2270 692 2325; x_wconf 88' lang='lat' dir='ltr'><strong>sententia</strong></span> <span class='ocrx_word' id='word_1_219' title='bbox 723 2269 1127 2341; x_wconf 89' lang='lat' dir='ltr'><strong>supplendum</strong></span> <span class='ocrx_word' id='word_1_220' title='bbox 1160 2275 1269 2324; x_wconf 86' lang='lat' dir='ltr'><strong>est.</strong></span> <span class='ocrx_word' id='word_1_221' title='bbox 1303 2292 1327 2318; x_wconf 90' lang='grc'><em>‹‹</em></span> <span class='ocrx_word' id='word_1_222' title='bbox 1364 2270 1432 2324; x_wconf 87' lang='lat' dir='ltr'><strong>Et</strong></span> <span class='ocrx_word' id='word_1_223' title='bbox 1489 2267 1787 2340; x_wconf 82' lang='lat' dir='ltr'><strong>profunda</strong></span> <span class='ocrx_word' id='word_1_224' title='bbox 1815 2267 2058 2322; x_wconf 88' lang='lat' dir='ltr'><strong>illorum</strong></span> 
     </span>
    </p>
   </div>
   <div class='ocr_carea' id='block_1_33' title="bbox 397 2356 2059 2430">
    <p class='ocr_par' dir='ltr' id='par_1_33' title="bbox 397 2356 2059 2430">
     <span class='ocr_line' id='line_1_33' title="bbox 397 2356 2059 2430; baseline -0.001 -17"><span class='ocrx_word' id='word_1_225' title='bbox 397 2365 738 2429; x_wconf 88' lang='lat' dir='ltr'><strong>paupertas.</strong></span> <span class='ocrx_word' id='word_1_226' title='bbox 770 2381 799 2408; x_wconf 85' lang='grc'><strong>››</strong></span> <span class='ocrx_word' id='word_1_227' title='bbox 832 2363 906 2415; x_wconf 81' lang='lat' dir='ltr'><strong>Et</strong></span> <span class='ocrx_word' id='word_1_228' title='bbox 962 2358 1465 2430; x_wconf 87' lang='lat' dir='ltr'><strong>quemadmodum</strong></span> <span class='ocrx_word' id='word_1_229' title='bbox 1523 2357 1768 2413; x_wconf 87' lang='lat' dir='ltr'><strong>afﬂictio</strong></span> <span class='ocrx_word' id='word_1_230' title='bbox 1826 2356 2059 2429; x_wconf 86' lang='lat' dir='ltr'><strong>peperit</strong></span> 
     </span>
    </p>
   </div>
   <div class='ocr_carea' id='block_1_34' title="bbox 390 2447 2055 2521">
    <p class='ocr_par' dir='ltr' id='par_1_34' title="bbox 390 2447 2055 2521">
     <span class='ocr_line' id='line_1_34' title="bbox 390 2447 2055 2521; baseline 0.001 -19"><span class='ocrx_word' id='word_1_231' title='bbox 390 2447 692 2518; x_wconf 88' lang='lat' dir='ltr'><strong>gaudium,</strong></span> <span class='ocrx_word' id='word_1_232' title='bbox 725 2448 808 2502; x_wconf 90' lang='lat' dir='ltr'><strong>ita</strong></span> <span class='ocrx_word' id='word_1_233' title='bbox 834 2465 1070 2520; x_wconf 90' lang='lat' dir='ltr'><strong>quoque</strong></span> <span class='ocrx_word' id='word_1_234' title='bbox 1102 2448 1399 2520; x_wconf 84' lang='lat' dir='ltr'><strong>profunda</strong></span> <span class='ocrx_word' id='word_1_235' title='bbox 1429 2447 1673 2503; x_wconf 91' lang='lat' dir='ltr'><strong>illorum</strong></span> <span class='ocrx_word' id='word_1_236' title='bbox 1711 2453 2055 2521; x_wconf 87' lang='lat' dir='ltr'><strong>paupertas,</strong></span> 
     </span>
    </p>
   </div>
   <div class='ocr_carea' id='block_1_35' title="bbox 390 2535 2053 2610">
    <p class='ocr_par' dir='ltr' id='par_1_35' title="bbox 390 2535 2053 2610">
     <span class='ocr_line' id='line_1_35' title="bbox 390 2535 2053 2610; baseline 0.002 -21"><span class='ocrx_word' id='word_1_237' title='bbox 390 2535 506 2592; x_wconf 90' lang='lat' dir='ltr'><strong>hoc</strong></span> <span class='ocrx_word' id='word_1_238' title='bbox 538 2543 647 2606; x_wconf 91' lang='lat' dir='ltr'><strong>est,</strong></span> <span class='ocrx_word' id='word_1_239' title='bbox 681 2536 889 2593; x_wconf 88' lang='lat' dir='ltr'><strong>multa.</strong></span> <span class='ocrx_word' id='word_1_240' title='bbox 926 2538 1230 2609; x_wconf 89' lang='lat' dir='ltr'><strong>Siquidem</strong></span> <span class='ocrx_word' id='word_1_241' title='bbox 1260 2555 1295 2593; x_wconf 90' lang='lat' dir='ltr'><strong>a</strong></span> <span class='ocrx_word' id='word_1_242' title='bbox 1332 2537 1588 2610; x_wconf 90' lang='lat' dir='ltr'><strong>propriis</strong></span> <span class='ocrx_word' id='word_1_243' title='bbox 1618 2536 2053 2592; x_wconf 87' lang='lat' dir='ltr'><strong>contribulibus</strong></span> 
     </span>
    </p>
   </div>
   <div class='ocr_carea' id='block_1_36' title="bbox 398 2625 2051 2706">
    <p class='ocr_par' dir='ltr' id='par_1_36' title="bbox 398 2625 2051 2706">
     <span class='ocr_line' id='line_1_36' title="bbox 398 2625 2051 2706; baseline 0.001 -27"><span class='ocrx_word' id='word_1_244' title='bbox 398 2625 636 2696; x_wconf 87' lang='lat' dir='ltr'><strong>spoliati</strong></span> <span class='ocrx_word' id='word_1_245' title='bbox 661 2632 849 2681; x_wconf 89' lang='lat' dir='ltr'><strong>erant.</strong></span> <span class='ocrx_word' id='word_1_246' title='bbox 889 2640 925 2679; x_wconf 74' lang='grc' dir='ltr'>α’</span> <span class='ocrx_word' id='word_1_247' title='bbox 947 2628 1011 2681; x_wconf 86' lang='lat' dir='ltr'><strong>In</strong></span> <span class='ocrx_word' id='word_1_248' title='bbox 1039 2627 1275 2681; x_wconf 86' lang='lat' dir='ltr'><strong>divitias</strong></span> <span class='ocrx_word' id='word_1_249' title='bbox 1314 2625 1737 2697; x_wconf 87' lang='lat' dir='ltr'><strong>simplicitatis,</strong></span> <span class='ocrx_word' id='word_1_250' title='bbox 1792 2647 1819 2674; x_wconf 87' lang='grc'><strong>››</strong></span> <span class='ocrx_word' id='word_1_251' title='bbox 1852 2625 1912 2680; x_wconf 89' lang='lat' dir='ltr'><strong>id</strong></span> <span class='ocrx_word' id='word_1_252' title='bbox 1943 2629 2051 2706; x_wconf 53' lang='lat' dir='ltr'><strong>est,</strong></span> 
     </span>
    </p>
   </div>
   <div class='ocr_carea' id='block_1_37' title="bbox 386 2712 2050 2784">
    <p class='ocr_par' dir='ltr' id='par_1_37' title="bbox 386 2712 2050 2784">
     <span class='ocr_line' id='line_1_37' title="bbox 386 2712 2050 2784; baseline -0.001 -15"><span class='ocrx_word' id='word_1_253' title='bbox 386 2713 799 2784; x_wconf 57' lang='lat' dir='ltr'><strong>abundantia»,</strong></span> <span class='ocrx_word' id='word_1_254' title='bbox 832 2732 900 2771; x_wconf 91' lang='lat' dir='ltr'><strong>ac</strong></span> <span class='ocrx_word' id='word_1_255' title='bbox 932 2717 981 2770; x_wconf 88' lang='lat' dir='ltr'><strong>si</strong></span> <span class='ocrx_word' id='word_1_256' title='bbox 1031 2715 1257 2771; x_wconf 91' lang='lat' dir='ltr'><strong>diceret</strong></span> <span class='ocrx_word' id='word_1_257' title='bbox 1288 2731 1302 2768; x_wconf 90' lang='lat'><strong>:</strong></span> <span class='ocrx_word' id='word_1_258' title='bbox 1337 2716 1379 2770; x_wconf 93' lang='grc' dir='ltr'>Ο</span> <span class='ocrx_word' id='word_1_259' title='bbox 1411 2732 1538 2770; x_wconf 90' lang='lat' dir='ltr'><strong>rem</strong></span> <span class='ocrx_word' id='word_1_260' title='bbox 1595 2713 2008 2773; x_wconf 85' lang='lat' dir='ltr'><strong>admirandam</strong></span> <span class='ocrx_word' id='word_1_261' title='bbox 2038 2712 2050 2767; x_wconf 85' lang='grc' dir='ltr'><strong>ί</strong></span> 
     </span>
    </p>
   </div>
   <div class='ocr_carea' id='block_1_38' title="bbox 388 2803 2052 2875">
    <p class='ocr_par' dir='ltr' id='par_1_38' title="bbox 388 2803 2052 2875">
     <span class='ocr_line' id='line_1_38' title="bbox 388 2803 2052 2875; baseline -0.003 -16"><span class='ocrx_word' id='word_1_262' title='bbox 388 2804 713 2875; x_wconf 88' lang='lat' dir='ltr'><strong>Paupertas</strong></span> <span class='ocrx_word' id='word_1_263' title='bbox 746 2821 868 2860; x_wconf 92' lang='lat' dir='ltr'><strong>non</strong></span> <span class='ocrx_word' id='word_1_264' title='bbox 898 2803 1091 2860; x_wconf 92' lang='lat' dir='ltr'><strong>solum</strong></span> <span class='ocrx_word' id='word_1_265' title='bbox 1117 2804 1593 2860; x_wconf 85' lang='lat' dir='ltr'><strong>subministravit</strong></span> <span class='ocrx_word' id='word_1_266' title='bbox 1613 2803 1882 2875; x_wconf 81' lang='lat' dir='ltr'><strong>capiosas</strong></span> <span class='ocrx_word' id='word_1_267' title='bbox 1912 2803 2052 2859; x_wconf 86' lang='lat' dir='ltr'><strong>divi.</strong></span> 
     </span>
    </p>
   </div>
   <div class='ocr_carea' id='block_1_39' title="bbox 392 2893 2050 2965">
    <p class='ocr_par' dir='ltr' id='par_1_39' title="bbox 392 2893 2050 2965">
     <span class='ocr_line' id='line_1_39' title="bbox 392 2893 2050 2965; baseline 0.001 -18"><span class='ocrx_word' id='word_1_268' title='bbox 392 2893 523 2960; x_wconf 90' lang='lat' dir='ltr'><strong>tias,</strong></span> <span class='ocrx_word' id='word_1_269' title='bbox 558 2911 761 2951; x_wconf 88' lang='lat' dir='ltr'><strong>verum</strong></span> <span class='ocrx_word' id='word_1_270' title='bbox 784 2894 962 2951; x_wconf 89' lang='lat' dir='ltr'><strong>etiam</strong></span> <span class='ocrx_word' id='word_1_271' title='bbox 990 2893 1354 2961; x_wconf 81' lang='lat' dir='ltr'><strong>exuberavit,</strong></span> <span class='ocrx_word' id='word_1_272' title='bbox 1374 2910 1569 2965; x_wconf 90' lang='lat' dir='ltr'><strong>neque</strong></span> <span class='ocrx_word' id='word_1_273' title='bbox 1600 2893 1759 2948; x_wconf 92' lang='lat' dir='ltr'><strong>enim</strong></span> <span class='ocrx_word' id='word_1_274' title='bbox 1783 2910 1854 2948; x_wconf 77' lang='lat' dir='ltr'><strong>ex</strong></span> <span class='ocrx_word' id='word_1_275' title='bbox 1874 2893 2050 2949; x_wconf 91' lang='lat' dir='ltr'><strong>modo</strong></span> 
     </span>
    </p>
   </div>
   <div class='ocr_carea' id='block_1_40' title="bbox 387 2983 2049 3056">
    <p class='ocr_par' dir='ltr' id='par_1_40' title="bbox 387 2983 2049 3056">
     <span class='ocr_line' id='line_1_40' title="bbox 387 2983 2049 3056; baseline 0.001 -18"><span class='ocrx_word' id='word_1_276' title='bbox 387 2998 594 3040; x_wconf 89' lang='lat' dir='ltr'><strong>eorum</strong></span> <span class='ocrx_word' id='word_1_277' title='bbox 615 3002 745 3056; x_wconf 79' lang='lat' dir='ltr'><strong>quas</strong></span> <span class='ocrx_word' id='word_1_278' title='bbox 794 2985 1033 3051; x_wconf 89' lang='lat' dir='ltr'><strong>dantur,</strong></span> <span class='ocrx_word' id='word_1_279' title='bbox 1080 2983 1183 3039; x_wconf 90' lang='lat' dir='ltr'><strong>sed</strong></span> <span class='ocrx_word' id='word_1_280' title='bbox 1216 3000 1284 3039; x_wconf 78' lang='lat' dir='ltr'><strong>ex</strong></span> <span class='ocrx_word' id='word_1_281' title='bbox 1316 2983 1617 3039; x_wconf 85' lang='lat' dir='ltr'><strong>voluntate</strong></span> <span class='ocrx_word' id='word_1_282' title='bbox 1648 2983 1919 3040; x_wconf 89' lang='lat' dir='ltr'><strong>dantium</strong></span> <span class='ocrx_word' id='word_1_283' title='bbox 1950 2999 2049 3040; x_wconf 81' lang='lat' dir='ltr'><strong>su-</strong></span> 
     </span>
    </p>
   </div>
   <div class='ocr_carea' id='block_1_41' title="bbox 385 3072 2049 3146">
    <p class='ocr_par' dir='ltr' id='par_1_41' title="bbox 385 3072 2049 3146">
     <span class='ocr_line' id='line_1_41' title="bbox 385 3072 2049 3146; baseline 0.002 -19"><span class='ocrx_word' id='word_1_284' title='bbox 385 3074 572 3128; x_wconf 90' lang='lat' dir='ltr'><strong>mitur</strong></span> <span class='ocrx_word' id='word_1_285' title='bbox 595 3073 895 3146; x_wconf 89' lang='lat' dir='ltr'><strong>judicium</strong></span> <span class='ocrx_word' id='word_1_286' title='bbox 920 3090 933 3128; x_wconf 88' lang='lat'><strong>:</strong></span> <span class='ocrx_word' id='word_1_287' title='bbox 959 3072 1464 3144; x_wconf 89' lang='lat' dir='ltr'><strong>quemadmodum</strong></span> <span class='ocrx_word' id='word_1_288' title='bbox 1483 3074 1663 3130; x_wconf 90' lang='lat' dir='ltr'><strong>etiam</strong></span> <span class='ocrx_word' id='word_1_289' title='bbox 1684 3073 1860 3129; x_wconf 90' lang='lat' dir='ltr'><strong>vidua</strong></span> <span class='ocrx_word' id='word_1_290' title='bbox 1877 3073 2049 3144; x_wconf 83' lang='lat' dir='ltr'><strong>cujus</strong></span> 
     </span>
    </p>
   </div>
   <div class='ocr_carea' id='block_1_42' title="bbox 390 3161 1772 3235">
    <p class='ocr_par' dir='ltr' id='par_1_42' title="bbox 390 3161 1772 3235">
     <span class='ocr_line' id='line_1_42' title="bbox 390 3161 1772 3235; baseline 0.001 -18"><span class='ocrx_word' id='word_1_291' title='bbox 390 3161 509 3218; x_wconf 89' lang='lat' dir='ltr'><strong>duo</strong></span> <span class='ocrx_word' id='word_1_292' title='bbox 540 3179 661 3219; x_wconf 76' lang='lat' dir='ltr'><strong>aara</strong></span> <span class='ocrx_word' id='word_1_293' title='bbox 681 3164 914 3219; x_wconf 90' lang='lat' dir='ltr'><strong>minuta</strong></span> <span class='ocrx_word' id='word_1_294' title='bbox 944 3163 1176 3218; x_wconf 67' lang='lat' dir='ltr'><strong>caeteris</strong></span> <span class='ocrx_word' id='word_1_295' title='bbox 1208 3164 1513 3235; x_wconf 91' lang='lat' dir='ltr'><strong>proposita</strong></span> <span class='ocrx_word' id='word_1_296' title='bbox 1542 3167 1683 3218; x_wconf 89' lang='lat' dir='ltr'><strong>sunt</strong></span> <span class='ocrx_word' id='word_1_297' title='bbox 1704 3162 1772 3218; x_wconf 64' lang='grc' dir='ltr'><strong>δε.</strong></span> 
     </span>
    </p>
   </div>
   <div class='ocr_carea' id='block_1_43' title="bbox 457 3251 2048 3324">
    <p class='ocr_par' dir='ltr' id='par_1_43' title="bbox 457 3251 2048 3324">
     <span class='ocr_line' id='line_1_43' title="bbox 457 3251 2048 3324; baseline 0.004 -20"><span class='ocrx_word' id='word_1_298' title='bbox 457 3251 610 3319; x_wconf 84' lang='lat' dir='ltr'><strong>Vill,</strong></span> <span class='ocrx_word' id='word_1_299' title='bbox 641 3254 760 3307; x_wconf 88' lang='lat'><strong>3-6.</strong></span> <span class='ocrx_word' id='word_1_300' title='bbox 794 3253 934 3308; x_wconf 87' lang='lat' dir='ltr'><strong>Nam</strong></span> <span class='ocrx_word' id='word_1_301' title='bbox 962 3270 1067 3324; x_wconf 81' lang='lat' dir='ltr'><strong>pro</strong></span> <span class='ocrx_word' id='word_1_302' title='bbox 1086 3253 1320 3319; x_wconf 75' lang='lat' dir='ltr'><strong>viribus,</strong></span> <span class='ocrx_word' id='word_1_303' title='bbox 1353 3260 1545 3321; x_wconf 79' lang='lat' dir='ltr'><strong>testor,</strong></span> <span class='ocrx_word' id='word_1_304' title='bbox 1577 3260 1627 3309; x_wconf 86' lang='lat' dir='ltr'><strong>et</strong></span> <span class='ocrx_word' id='word_1_305' title='bbox 1682 3269 1859 3323; x_wconf 82' lang='lat' dir='ltr'><strong>supra</strong></span> <span class='ocrx_word' id='word_1_306' title='bbox 1905 3253 2048 3310; x_wconf 77' lang='lat' dir='ltr'><strong>vires</strong></span> 
     </span>
    </p>
   </div>
   <div class='ocr_carea' id='block_1_44' title="bbox 386 3341 2046 3413">
    <p class='ocr_par' dir='ltr' id='par_1_44' title="bbox 386 3341 2046 3413">
     <span class='ocr_line' id='line_1_44' title="bbox 386 3341 2046 3413; baseline 0.002 -19"><span class='ocrx_word' id='word_1_307' title='bbox 386 3341 649 3410; x_wconf 85' lang='lat' dir='ltr'><strong>ultronei,</strong></span> <span class='ocrx_word' id='word_1_308' title='bbox 689 3343 869 3398; x_wconf 87' lang='lat' dir='ltr'><strong>multa</strong></span> <span class='ocrx_word' id='word_1_309' title='bbox 923 3359 1044 3398; x_wconf 89' lang='lat' dir='ltr'><strong>cum</strong></span> <span class='ocrx_word' id='word_1_310' title='bbox 1101 3344 1460 3400; x_wconf 75' lang='lat' dir='ltr'><strong>obtestatione</strong></span> <span class='ocrx_word' id='word_1_311' title='bbox 1514 3349 1786 3413; x_wconf 81' lang='lat' dir='ltr'><strong>rogarunt</strong></span> <span class='ocrx_word' id='word_1_312' title='bbox 1842 3359 1960 3411; x_wconf 88' lang='lat' dir='ltr'><strong>nos,</strong></span> <span class='ocrx_word' id='word_1_313' title='bbox 1985 3350 2046 3398; x_wconf 89' lang='lat' dir='ltr'><strong>ut</strong></span> 
     </span>
    </p>
   </div>
   <div class='ocr_carea' id='block_1_45' title="bbox 384 3432 2057 3504">
    <p class='ocr_par' dir='ltr' id='par_1_45' title="bbox 384 3432 2057 3504">
     <span class='ocr_line' id='line_1_45' title="bbox 384 3432 2057 3504; baseline 0.002 -20"><span class='ocrx_word' id='word_1_314' title='bbox 384 3432 760 3487; x_wconf 80' lang='lat' dir='ltr'><strong>ministerium</strong></span> <span class='ocrx_word' id='word_1_315' title='bbox 773 3438 824 3487; x_wconf 91' lang='lat' dir='ltr'><strong>et</strong></span> <span class='ocrx_word' id='word_1_316' title='bbox 828 3435 1328 3504; x_wconf 83' lang='lat' dir='ltr'><strong>participationem</strong></span> <span class='ocrx_word' id='word_1_317' title='bbox 1344 3435 1643 3488; x_wconf 79' lang='lat' dir='ltr'><strong>ministerii</strong></span> <span class='ocrx_word' id='word_1_318' title='bbox 1659 3435 2057 3502; x_wconf 79' lang='lat' dir='ltr'><strong>susciperemus</strong></span> 
     </span>
    </p>
   </div>
   <div class='ocr_carea' id='block_1_46' title="bbox 394 3521 2051 3593">
    <p class='ocr_par' dir='ltr' id='par_1_46' title="bbox 394 3521 2051 3593">
     <span class='ocr_line' id='line_1_46' title="bbox 394 3521 2051 3593; baseline 0.002 -20"><span class='ocrx_word' id='word_1_319' title='bbox 394 3521 454 3573; x_wconf 85' lang='lat' dir='ltr'><strong>in</strong></span> <span class='ocrx_word' id='word_1_320' title='bbox 482 3527 733 3577; x_wconf 86' lang='lat' dir='ltr'><strong>sanctos:</strong></span> <span class='ocrx_word' id='word_1_321' title='bbox 762 3529 814 3576; x_wconf 86' lang='lat' dir='ltr'><strong>et</strong></span> <span class='ocrx_word' id='word_1_322' title='bbox 858 3539 973 3578; x_wconf 89' lang='lat' dir='ltr'><strong>non</strong></span> <span class='ocrx_word' id='word_1_323' title='bbox 1023 3529 1292 3592; x_wconf 85' lang='lat' dir='ltr'><strong>quatenus</strong></span> <span class='ocrx_word' id='word_1_324' title='bbox 1326 3524 1700 3593; x_wconf 77' lang='lat' dir='ltr'><strong>sperabamus,</strong></span> <span class='ocrx_word' id='word_1_325' title='bbox 1741 3522 2051 3593; x_wconf 74' lang='lat' dir='ltr'><strong>quinetiam</strong></span> 
     </span>
    </p>
   </div>
   <div class='ocr_carea' id='block_1_47' title="bbox 403 3611 2050 3685">
    <p class='ocr_par' dir='ltr' id='par_1_47' title="bbox 403 3611 2050 3685">
     <span class='ocr_line' id='line_1_47' title="bbox 403 3611 2050 3685; baseline 0.004 -21"><span class='ocrx_word' id='word_1_326' title='bbox 403 3611 607 3680; x_wconf 73' lang='lat' dir='ltr'><strong>seipsos</strong></span> <span class='ocrx_word' id='word_1_327' title='bbox 634 3612 923 3677; x_wconf 85' lang='lat' dir='ltr'><strong>dederunt,</strong></span> <span class='ocrx_word' id='word_1_328' title='bbox 973 3613 1223 3685; x_wconf 65' lang='lat' dir='ltr'><strong>primum</strong></span> <span class='ocrx_word' id='word_1_329' title='bbox 1262 3613 1510 3684; x_wconf 84' lang='lat' dir='ltr'><strong>Domino,</strong></span> <span class='ocrx_word' id='word_1_330' title='bbox 1541 3612 1741 3670; x_wconf 83' lang='lat' dir='ltr'><strong>deinde</strong></span> <span class='ocrx_word' id='word_1_331' title='bbox 1795 3619 1848 3669; x_wconf 91' lang='lat' dir='ltr'><strong>et</strong></span> <span class='ocrx_word' id='word_1_332' title='bbox 1896 3614 2050 3670; x_wconf 81' lang='lat' dir='ltr'><strong>nobis</strong></span> 
     </span>
    </p>
   </div>
   <div class='ocr_carea' id='block_1_48' title="bbox 385 3702 2052 3773">
    <p class='ocr_par' dir='ltr' id='par_1_48' title="bbox 385 3702 2052 3773">
     <span class='ocr_line' id='line_1_48' title="bbox 385 3702 2052 3773; baseline 0.005 -18"><span class='ocrx_word' id='word_1_333' title='bbox 385 3717 498 3771; x_wconf 81' lang='lat' dir='ltr'><strong>per</strong></span> <span class='ocrx_word' id='word_1_334' title='bbox 522 3702 859 3758; x_wconf 77' lang='lat' dir='ltr'><strong>voluntatem</strong></span> <span class='ocrx_word' id='word_1_335' title='bbox 889 3705 1025 3759; x_wconf 85' lang='lat' dir='ltr'><strong>Dei:</strong></span> <span class='ocrx_word' id='word_1_336' title='bbox 1059 3705 1144 3759; x_wconf 87' lang='lat' dir='ltr'><strong>ita</strong></span> <span class='ocrx_word' id='word_1_337' title='bbox 1182 3710 1243 3758; x_wconf 87' lang='lat' dir='ltr'><strong>ut</strong></span> <span class='ocrx_word' id='word_1_338' title='bbox 1284 3703 1711 3761; x_wconf 70' lang='lat' dir='ltr'><strong>exhortaremur</strong></span> <span class='ocrx_word' id='word_1_339' title='bbox 1753 3706 1958 3773; x_wconf 85' lang='lat' dir='ltr'><strong>Titum,</strong></span> <span class='ocrx_word' id='word_1_340' title='bbox 1990 3715 2052 3763; x_wconf 85' lang='lat' dir='ltr'><strong>ut</strong></span> 
     </span>
    </p>
   </div>
   <div class='ocr_carea' id='block_1_49' title="bbox 379 3792 2053 3867">
    <p class='ocr_par' dir='ltr' id='par_1_49' title="bbox 379 3792 2053 3867">
     <span class='ocr_line' id='line_1_49' title="bbox 379 3792 2053 3867; baseline 0.004 -23"><span class='ocrx_word' id='word_1_341' title='bbox 379 3792 523 3845; x_wconf 87' lang='lat' dir='ltr'><strong>sicut</strong></span> <span class='ocrx_word' id='word_1_342' title='bbox 552 3798 717 3848; x_wconf 87' lang='lat' dir='ltr'><strong>antea</strong></span> <span class='ocrx_word' id='word_1_343' title='bbox 744 3800 1003 3863; x_wconf 65' lang='lat' dir='ltr'><strong>caeperat,</strong></span> <span class='ocrx_word' id='word_1_344' title='bbox 1035 3796 1117 3850; x_wconf 83' lang='lat' dir='ltr'><strong>ita</strong></span> <span class='ocrx_word' id='word_1_345' title='bbox 1144 3800 1195 3850; x_wconf 88' lang='lat' dir='ltr'><strong>et</strong></span> <span class='ocrx_word' id='word_1_346' title='bbox 1224 3801 1626 3851; x_wconf 84' lang='lat' dir='ltr'><strong>consummaret</strong></span> <span class='ocrx_word' id='word_1_347' title='bbox 1665 3795 1806 3850; x_wconf 85' lang='lat' dir='ltr'><strong>hanc</strong></span> <span class='ocrx_word' id='word_1_348' title='bbox 1834 3810 2053 3867; x_wconf 83' lang='lat' dir='ltr'><strong>quoque</strong></span> 
     </span>
    </p>
   </div>
   <div class='ocr_carea' id='block_1_50' title="bbox 387 3884 930 3953">
    <p class='ocr_par' dir='ltr' id='par_1_50' title="bbox 387 3884 930 3953">
     <span class='ocr_line' id='line_1_50' title="bbox 387 3884 930 3953; baseline -0.002 -12"><span class='ocrx_word' id='word_1_349' title='bbox 387 3896 522 3950; x_wconf 70' lang='lat' dir='ltr'><strong>erga</strong></span> <span class='ocrx_word' id='word_1_350' title='bbox 548 3898 641 3941; x_wconf 77' lang='lat' dir='ltr'><strong>vos</strong></span> <span class='ocrx_word' id='word_1_351' title='bbox 667 3884 930 3953; x_wconf 83' lang='lat' dir='ltr'><strong>gratiam.</strong></span> 
     </span>
    </p>
   </div>
   <div class='ocr_carea' id='block_1_51' title="bbox 462 4069 2049 4141">
    <p class='ocr_par' dir='ltr' id='par_1_51' title="bbox 462 4069 2049 4141">
     <span class='ocr_line' id='line_1_51' title="bbox 462 4069 2049 4141; baseline 0.001 -19"><span class='ocrx_word' id='word_1_352' title='bbox 462 4073 725 4126; x_wconf 84' lang='lat' dir='ltr'><strong>Attestor</strong></span> <span class='ocrx_word' id='word_1_353' title='bbox 754 4070 915 4126; x_wconf 89' lang='lat' dir='ltr'><strong>enim</strong></span> <span class='ocrx_word' id='word_1_354' title='bbox 937 4070 1054 4127; x_wconf 91' lang='lat' dir='ltr'><strong>illis</strong></span> <span class='ocrx_word' id='word_1_355' title='bbox 1072 4069 1231 4141; x_wconf 87' lang='lat' dir='ltr'><strong>quod</strong></span> <span class='ocrx_word' id='word_1_356' title='bbox 1258 4088 1365 4141; x_wconf 90' lang='lat' dir='ltr'><strong>pro</strong></span> <span class='ocrx_word' id='word_1_357' title='bbox 1389 4070 1612 4126; x_wconf 86' lang='lat' dir='ltr'><strong>viribus</strong></span> <span class='ocrx_word' id='word_1_358' title='bbox 1635 4076 1715 4139; x_wconf 87' lang='lat' dir='ltr'><strong>;et</strong></span> <span class='ocrx_word' id='word_1_359' title='bbox 1745 4070 1889 4141; x_wconf 89' lang='lat' dir='ltr'><strong>quid</strong></span> <span class='ocrx_word' id='word_1_360' title='bbox 1917 4070 2049 4125; x_wconf 91' lang='lat' dir='ltr'><strong>dico</strong></span> 
     </span>
    </p>
   </div>
   <div class='ocr_carea' id='block_1_52' title="bbox 386 4157 2050 4231">
    <p class='ocr_par' dir='ltr' id='par_1_52' title="bbox 386 4157 2050 4231">
     <span class='ocr_line' id='line_1_52' title="bbox 386 4157 2050 4231; baseline 0.002 -20"><span class='ocrx_word' id='word_1_361' title='bbox 386 4173 495 4228; x_wconf 91' lang='lat' dir='ltr'><strong>pro</strong></span> <span class='ocrx_word' id='word_1_362' title='bbox 525 4157 748 4214; x_wconf 89' lang='lat' dir='ltr'><strong>viribus</strong></span> <span class='ocrx_word' id='word_1_363' title='bbox 773 4158 801 4212; x_wconf 83' lang='lat'><strong>‘?</strong></span> <span class='ocrx_word' id='word_1_364' title='bbox 831 4159 1012 4215; x_wconf 88' lang='lat' dir='ltr'><strong>etiam</strong></span> <span class='ocrx_word' id='word_1_365' title='bbox 1041 4176 1223 4231; x_wconf 90' lang='lat' dir='ltr'><strong>supra</strong></span> <span class='ocrx_word' id='word_1_366' title='bbox 1240 4160 1394 4215; x_wconf 88' lang='lat' dir='ltr'><strong>vires</strong></span> <span class='ocrx_word' id='word_1_367' title='bbox 1426 4166 1585 4216; x_wconf 86' lang='lat' dir='ltr'><strong>certe</strong></span> <span class='ocrx_word' id='word_1_368' title='bbox 1614 4159 1876 4216; x_wconf 88' lang='lat' dir='ltr'><strong>ultronei</strong></span> <span class='ocrx_word' id='word_1_369' title='bbox 1907 4159 2050 4214; x_wconf 78' lang='lat' dir='ltr'><strong>alte-</strong></span> 
     </span>
    </p>
   </div>
   <div class='ocr_carea' id='block_1_53' title="bbox 384 4246 2045 4320">
    <p class='ocr_par' dir='ltr' id='par_1_53' title="bbox 384 4246 2045 4320">
     <span class='ocr_line' id='line_1_53' title="bbox 384 4246 2045 4320; baseline 0 -17"><span class='ocrx_word' id='word_1_370' title='bbox 384 4261 520 4303; x_wconf 87' lang='lat' dir='ltr'><strong>rum</strong></span> <span class='ocrx_word' id='word_1_371' title='bbox 552 4246 613 4302; x_wconf 89' lang='lat' dir='ltr'><strong>id</strong></span> <span class='ocrx_word' id='word_1_372' title='bbox 664 4248 1003 4304; x_wconf 89' lang='lat' dir='ltr'><strong>encomium</strong></span> <span class='ocrx_word' id='word_1_373' title='bbox 1036 4253 1145 4303; x_wconf 89' lang='lat' dir='ltr'><strong>est.</strong></span> <span class='ocrx_word' id='word_1_374' title='bbox 1198 4248 1351 4305; x_wconf 72' lang='lat'><strong>658</strong></span> <span class='ocrx_word' id='word_1_375' title='bbox 1385 4251 1585 4320; x_wconf 85' lang='lat' dir='ltr'><strong>Neque</strong></span> <span class='ocrx_word' id='word_1_376' title='bbox 1618 4249 1781 4305; x_wconf 89' lang='lat' dir='ltr'><strong>enim</strong></span> <span class='ocrx_word' id='word_1_377' title='bbox 1802 4265 1913 4305; x_wconf 89' lang='lat' dir='ltr'><strong>nos</strong></span> <span class='ocrx_word' id='word_1_378' title='bbox 1942 4266 2045 4304; x_wconf 83' lang='lat' dir='ltr'><strong>ex-</strong></span> 
     </span>
    </p>
   </div>
   <div class='ocr_carea' id='block_1_54' title="bbox 383 4336 2041 4409">
    <p class='ocr_par' dir='ltr' id='par_1_54' title="bbox 383 4336 2041 4409">
     <span class='ocr_line' id='line_1_54' title="bbox 383 4336 2041 4409; baseline -0.001 -16"><span class='ocrx_word' id='word_1_379' title='bbox 383 4336 602 4393; x_wconf 87' lang='lat' dir='ltr'><strong>hortati</strong></span> <span class='ocrx_word' id='word_1_380' title='bbox 640 4352 847 4393; x_wconf 89' lang='lat' dir='ltr'><strong>sumus</strong></span> <span class='ocrx_word' id='word_1_381' title='bbox 877 4337 1060 4409; x_wconf 88' lang='lat' dir='ltr'><strong>ipsos.</strong></span> <span class='ocrx_word' id='word_1_382' title='bbox 1121 4359 1149 4387; x_wconf 90' lang='grc'><strong>‹‹</strong></span> <span class='ocrx_word' id='word_1_383' title='bbox 1183 4338 1365 4394; x_wconf 78' lang='lat' dir='ltr'><strong>Multa</strong></span> <span class='ocrx_word' id='word_1_384' title='bbox 1394 4355 1529 4394; x_wconf 92' lang='lat' dir='ltr'><strong>cum</strong></span> <span class='ocrx_word' id='word_1_385' title='bbox 1560 4338 1977 4396; x_wconf 89' lang='lat' dir='ltr'><strong>obtestatione.</strong></span> <span class='ocrx_word' id='word_1_386' title='bbox 2011 4361 2041 4392; x_wconf 75' lang='grc' dir='ltr'>λι</span> 
     </span>
    </p>
   </div>
   <div class='ocr_carea' id='block_1_55' title="bbox 382 4425 2041 4486">
    <p class='ocr_par' dir='ltr' id='par_1_55' title="bbox 382 4425 2041 4486">
     <span class='ocr_line' id='line_1_55' title="bbox 382 4425 2041 4486; baseline 0.004 -7"><span class='ocrx_word' id='word_1_387' title='bbox 382 4425 532 4481; x_wconf 89' lang='lat' dir='ltr'><strong>Ecce</strong></span> <span class='ocrx_word' id='word_1_388' title='bbox 562 4431 621 4481; x_wconf 92' lang='lat' dir='ltr'><strong>et</strong></span> <span class='ocrx_word' id='word_1_389' title='bbox 643 4427 887 4482; x_wconf 88' lang='lat' dir='ltr'><strong>tertium</strong></span> <span class='ocrx_word' id='word_1_390' title='bbox 919 4427 1278 4483; x_wconf 90' lang='lat' dir='ltr'><strong>encomium.</strong></span> <span class='ocrx_word' id='word_1_391' title='bbox 1309 4430 1436 4484; x_wconf 91' lang='lat' dir='ltr'><strong>Non</strong></span> <span class='ocrx_word' id='word_1_392' title='bbox 1459 4445 1568 4484; x_wconf 92' lang='lat' dir='ltr'><strong>nos</strong></span> <span class='ocrx_word' id='word_1_393' title='bbox 1601 4428 2041 4486; x_wconf 86' lang='lat' dir='ltr'><strong>obsecravimus</strong></span> 
     </span>
    </p>
   </div>
   <div class='ocr_carea' id='block_1_56' title="bbox 2175 1457 3837 1535">
    <p class='ocr_par' dir='ltr' id='par_1_56' title="bbox 2175 1457 3837 1535">
     <span class='ocr_line' id='line_1_56' title="bbox 2175 1457 3837 1535; baseline 0.002 -25"><span class='ocrx_word' id='word_1_394' title='bbox 2175 1457 2411 1530; x_wconf 84' lang='grc' dir='ltr'>μιάζειν,</span> <span class='ocrx_word' id='word_1_395' title='bbox 2476 1457 2691 1532; x_wconf 82' lang='grc' dir='ltr'>μᾶλλον</span> <span class='ocrx_word' id='word_1_396' title='bbox 2763 1458 2991 1520; x_wconf 81' lang='grc' dir='ltr'>τούτους</span> <span class='ocrx_word' id='word_1_397' title='bbox 3049 1460 3184 1535; x_wconf 77' lang='grc' dir='ltr'>πρὸς</span> <span class='ocrx_word' id='word_1_398' title='bbox 3251 1460 3344 1515; x_wconf 75' lang='grc' dir='ltr'><strong>τὸν</strong></span> <span class='ocrx_word' id='word_1_399' title='bbox 3402 1460 3596 1535; x_wconf 75' lang='grc' dir='ltr'>ὅμοιον</span> <span class='ocrx_word' id='word_1_400' title='bbox 3661 1460 3837 1529; x_wconf 71' lang='grc' dir='ltr'>ζῆλον</span> 
     </span>
    </p>
   </div>
   <div class='ocr_carea' id='block_1_57' title="bbox 2169 1546 3836 1623">
    <p class='ocr_par' dir='ltr' id='par_1_57' title="bbox 2169 1546 3836 1623">
     <span class='ocr_line' id='line_1_57' title="bbox 2169 1546 3836 1623; baseline 0.002 -23"><span class='ocrx_word' id='word_1_401' title='bbox 2169 1547 2488 1622; x_wconf 81' lang='grc' dir='ltr'>προτρέπει.</span> <span class='ocrx_word' id='word_1_402' title='bbox 2531 1574 2558 1601; x_wconf 93' lang='grc'><em>‹‹</em></span> <span class='ocrx_word' id='word_1_403' title='bbox 2594 1551 2711 1618; x_wconf 78' lang='grc' dir='ltr'><strong>Τῆς</strong></span> <span class='ocrx_word' id='word_1_404' title='bbox 2745 1546 3107 1613; x_wconf 75' lang='grc' dir='ltr'><strong>Μακεδονίας.</strong></span> <span class='ocrx_word' id='word_1_405' title='bbox 3152 1573 3178 1601; x_wconf 85' lang='lat'><strong>»</strong></span> <span class='ocrx_word' id='word_1_406' title='bbox 3223 1549 3339 1606; x_wconf 82' lang='grc' dir='ltr'><strong>Οὐκ</strong></span> <span class='ocrx_word' id='word_1_407' title='bbox 3393 1549 3557 1621; x_wconf 80' lang='grc' dir='ltr'>εἶπεν,</span> <span class='ocrx_word' id='word_1_408' title='bbox 3610 1549 3696 1604; x_wconf 83' lang='grc' dir='ltr'>Ἐν</span> <span class='ocrx_word' id='word_1_409' title='bbox 3734 1547 3836 1623; x_wconf 83' lang='grc' dir='ltr'>μέ-</span> 
     </span>
    </p>
   </div>
   <div class='ocr_carea' id='block_1_58' title="bbox 2173 1634 3827 1714">
    <p class='ocr_par' dir='ltr' id='par_1_58' title="bbox 2173 1634 3827 1714">
     <span class='ocr_line' id='line_1_58' title="bbox 2173 1634 3827 1714; baseline 0.002 -25"><span class='ocrx_word' id='word_1_410' title='bbox 2173 1653 2273 1710; x_wconf 79' lang='grc' dir='ltr'>ρει,</span> <span class='ocrx_word' id='word_1_411' title='bbox 2308 1634 2435 1692; x_wconf 84' lang='grc' dir='ltr'>ἀλλ’</span> <span class='ocrx_word' id='word_1_412' title='bbox 2466 1635 2781 1714; x_wconf 81' lang='grc' dir='ltr'>ὀλόκληρον</span> <span class='ocrx_word' id='word_1_413' title='bbox 2814 1636 3017 1693; x_wconf 73' lang='grc' dir='ltr'>έταινει</span> <span class='ocrx_word' id='word_1_414' title='bbox 3066 1639 3129 1693; x_wconf 89' lang='grc' dir='ltr'>τὸ</span> <span class='ocrx_word' id='word_1_415' title='bbox 3160 1634 3334 1707; x_wconf 73' lang='grc' dir='ltr'>ἔθνος,</span> <span class='ocrx_word' id='word_1_416' title='bbox 3401 1658 3422 1687; x_wconf 74' lang='grc' dir='ltr'><strong>α</strong></span> <span class='ocrx_word' id='word_1_417' title='bbox 3456 1641 3590 1700; x_wconf 83' lang='grc' dir='ltr'><strong>Ταῖς</strong></span> <span class='ocrx_word' id='word_1_418' title='bbox 3624 1636 3827 1707; x_wconf 77' lang='grc' dir='ltr'>ἔκκλη-</span> 
     </span>
    </p>
   </div>
   <div class='ocr_carea' id='block_1_59' title="bbox 2170 1723 3828 1802">
    <p class='ocr_par' dir='ltr' id='par_1_59' title="bbox 2170 1723 3828 1802">
     <span class='ocr_line' id='line_1_59' title="bbox 2170 1723 3828 1802; baseline 0.003 -25"><span class='ocrx_word' id='word_1_419' title='bbox 2170 1723 2309 1786; x_wconf 89' lang='grc' dir='ltr'>σίαις</span> <span class='ocrx_word' id='word_1_420' title='bbox 2367 1732 2470 1794; x_wconf 85' lang='grc' dir='ltr'><strong>τῆς</strong></span> <span class='ocrx_word' id='word_1_421' title='bbox 2541 1724 2904 1798; x_wconf 72' lang='grc' dir='ltr'>Μακεδονίας,</span> <span class='ocrx_word' id='word_1_422' title='bbox 2940 1752 2967 1779; x_wconf 90' lang='grc'><strong>››</strong></span> <span class='ocrx_word' id='word_1_423' title='bbox 3026 1727 3217 1786; x_wconf 78' lang='grc' dir='ltr'>εἰπών.</span> <span class='ocrx_word' id='word_1_424' title='bbox 3290 1730 3465 1783; x_wconf 79' lang='grc' dir='ltr'>«Ὅτι</span> <span class='ocrx_word' id='word_1_425' title='bbox 3526 1727 3577 1783; x_wconf 84' lang='grc' dir='ltr'><strong>έν</strong></span> <span class='ocrx_word' id='word_1_426' title='bbox 3634 1725 3828 1802; x_wconf 79' lang='grc' dir='ltr'>πολλῇ</span> 
     </span>
    </p>
   </div>
   <div class='ocr_carea' id='block_1_60' title="bbox 2169 1809 3823 1896">
    <p class='ocr_par' dir='ltr' id='par_1_60' title="bbox 2169 1809 3823 1896">
     <span class='ocr_line' id='line_1_60' title="bbox 2169 1809 3823 1896; baseline 0.002 -29"><span class='ocrx_word' id='word_1_427' title='bbox 2169 1809 2373 1889; x_wconf 78' lang='grc' dir='ltr'>δοκιμῇ</span> <span class='ocrx_word' id='word_1_428' title='bbox 2405 1813 2666 1891; x_wconf 78' lang='grc' dir='ltr'>θλίψεως.</span> <span class='ocrx_word' id='word_1_429' title='bbox 2700 1841 2728 1869; x_wconf 88' lang='grc'><strong>››</strong></span> <span class='ocrx_word' id='word_1_430' title='bbox 2771 1817 2962 1880; x_wconf 78' lang='grc' dir='ltr'>Οὕτως</span> <span class='ocrx_word' id='word_1_431' title='bbox 3014 1812 3334 1890; x_wconf 77' lang='grc' dir='ltr'>έθλίὸησαν,</span> <span class='ocrx_word' id='word_1_432' title='bbox 3393 1818 3556 1896; x_wconf 66' lang='grc' dir='ltr'>φησὶν</span> <span class='ocrx_word' id='word_1_433' title='bbox 3617 1819 3703 1873; x_wconf 79' lang='grc' dir='ltr'>ὅτι</span> <span class='ocrx_word' id='word_1_434' title='bbox 3733 1817 3823 1873; x_wconf 81' lang='grc' dir='ltr'><strong>καὶ</strong></span> 
     </span>
    </p>
   </div>
   <div class='ocr_carea' id='block_1_61' title="bbox 2168 1898 3828 1983">
    <p class='ocr_par' dir='ltr' id='par_1_61' title="bbox 2168 1898 3828 1983">
     <span class='ocr_line' id='line_1_61' title="bbox 2168 1898 3828 1983; baseline 0.004 -27"><span class='ocrx_word' id='word_1_435' title='bbox 2168 1898 2389 1977; x_wconf 82' lang='grc' dir='ltr'>δόκιμοι</span> <span class='ocrx_word' id='word_1_436' title='bbox 2476 1905 2534 1960; x_wconf 86' lang='grc' dir='ltr'>ἐκ</span> <span class='ocrx_word' id='word_1_437' title='bbox 2610 1914 2711 1976; x_wconf 78' lang='grc' dir='ltr'><strong>τῆς</strong></span> <span class='ocrx_word' id='word_1_438' title='bbox 2788 1907 3069 1980; x_wconf 75' lang='grc' dir='ltr'>ὑπομονῆς</span> <span class='ocrx_word' id='word_1_439' title='bbox 3144 1906 3452 1983; x_wconf 81' lang='grc' dir='ltr'>γεγένηται.</span> <span class='ocrx_word' id='word_1_440' title='bbox 3512 1906 3611 1962; x_wconf 76' lang='grc' dir='ltr'>Καὶ</span> <span class='ocrx_word' id='word_1_441' title='bbox 3670 1905 3828 1962; x_wconf 76' lang='grc' dir='ltr'>οὔπω</span> 
     </span>
    </p>
   </div>
   <div class='ocr_carea' id='block_1_62' title="bbox 2172 1994 3834 2071">
    <p class='ocr_par' dir='ltr' id='par_1_62' title="bbox 2172 1994 3834 2071">
     <span class='ocr_line' id='line_1_62' title="bbox 2172 1994 3834 2071; baseline 0.002 -24"><span class='ocrx_word' id='word_1_442' title='bbox 2172 1996 2334 2049; x_wconf 77' lang='grc' dir='ltr'>τοῦτο</span> <span class='ocrx_word' id='word_1_443' title='bbox 2393 1996 2701 2068; x_wconf 83' lang='grc' dir='ltr'>θαυμαστὸν</span> <span class='ocrx_word' id='word_1_444' title='bbox 2747 2042 2759 2063; x_wconf 90' lang='grc'><strong>,</strong></span> <span class='ocrx_word' id='word_1_445' title='bbox 2816 1994 2947 2051; x_wconf 86' lang='grc' dir='ltr'>ἀλλ’</span> <span class='ocrx_word' id='word_1_446' title='bbox 3006 1996 3090 2052; x_wconf 78' lang='grc' dir='ltr'><strong>δτι</strong></span> <span class='ocrx_word' id='word_1_447' title='bbox 3146 1999 3209 2052; x_wconf 87' lang='grc' dir='ltr'><strong>ἐκ</strong></span> <span class='ocrx_word' id='word_1_448' title='bbox 3260 1996 3530 2067; x_wconf 77' lang='grc' dir='ltr'>τοσαύτης</span> <span class='ocrx_word' id='word_1_449' title='bbox 3589 1996 3834 2071; x_wconf 79' lang='grc' dir='ltr'>θλίψεως</span> 
     </span>
    </p>
   </div>
   <div class='ocr_carea' id='block_1_63' title="bbox 2169 2078 3828 2161">
    <p class='ocr_par' dir='ltr' id='par_1_63' title="bbox 2169 2078 3828 2161">
     <span class='ocr_line' id='line_1_63' title="bbox 2169 2078 3828 2161; baseline 0.003 -25"><span class='ocrx_word' id='word_1_450' title='bbox 2169 2082 2406 2154; x_wconf 80' lang='grc' dir='ltr'>τοσαύτη</span> <span class='ocrx_word' id='word_1_451' title='bbox 2448 2083 2595 2159; x_wconf 82' lang='grc' dir='ltr'>χαρὰ</span> <span class='ocrx_word' id='word_1_452' title='bbox 2641 2078 2976 2156; x_wconf 72' lang='grc' dir='ltr'>ἐϐλάστησεν</span> <span class='ocrx_word' id='word_1_453' title='bbox 3007 2087 3062 2139; x_wconf 83' lang='grc' dir='ltr'><strong>ἐν</strong></span> <span class='ocrx_word' id='word_1_454' title='bbox 3118 2085 3326 2147; x_wconf 78' lang='grc' dir='ltr'>αὐτοῖς.</span> <span class='ocrx_word' id='word_1_455' title='bbox 3391 2109 3419 2138; x_wconf 81' lang='grc'><strong>‹‹</strong></span> <span class='ocrx_word' id='word_1_456' title='bbox 3448 2086 3513 2141; x_wconf 82' lang='grc' dir='ltr'><strong>ἹΙ</strong></span> <span class='ocrx_word' id='word_1_457' title='bbox 3546 2085 3828 2161; x_wconf 79' lang='grc' dir='ltr'>περισσεία</span> 
     </span>
    </p>
   </div>
   <div class='ocr_carea' id='block_1_64' title="bbox 2168 2171 3830 2251">
    <p class='ocr_par' dir='ltr' id='par_1_64' title="bbox 2168 2171 3830 2251">
     <span class='ocr_line' id='line_1_64' title="bbox 2168 2171 3830 2251; baseline 0.003 -25"><span class='ocrx_word' id='word_1_458' title='bbox 2168 2171 2270 2248; x_wconf 81' lang='grc' dir='ltr'>γὰρ</span> <span class='ocrx_word' id='word_1_459' title='bbox 2299 2179 2401 2242; x_wconf 80' lang='grc' dir='ltr'>τῆς</span> <span class='ocrx_word' id='word_1_460' title='bbox 2441 2177 2614 2248; x_wconf 75' lang='grc' dir='ltr'>χαρᾶς</span> <span class='ocrx_word' id='word_1_461' title='bbox 2647 2174 2848 2230; x_wconf 80' lang='grc' dir='ltr'>αὐτῶν.</span> <span class='ocrx_word' id='word_1_462' title='bbox 2883 2201 2915 2227; x_wconf 73' lang='grc'><strong>››</strong></span> <span class='ocrx_word' id='word_1_463' title='bbox 2961 2175 3096 2230; x_wconf 81' lang='grc' dir='ltr'><strong>Ἀπὸ</strong></span> <span class='ocrx_word' id='word_1_464' title='bbox 3137 2179 3326 2230; x_wconf 77' lang='grc' dir='ltr'>κοινοῦ</span> <span class='ocrx_word' id='word_1_465' title='bbox 3380 2175 3464 2245; x_wconf 87' lang='grc' dir='ltr'><strong>τὸ,</strong></span> <span class='ocrx_word' id='word_1_466' title='bbox 3516 2173 3830 2251; x_wconf 73' lang='grc' dir='ltr'>ἐπερίσσευ-</span> 
     </span>
    </p>
   </div>
   <div class='ocr_carea' id='block_1_65' title="bbox 2169 2264 3824 2341">
    <p class='ocr_par' dir='ltr' id='par_1_65' title="bbox 2169 2264 3824 2341">
     <span class='ocr_line' id='line_1_65' title="bbox 2169 2264 3824 2341; baseline 0.002 -25"><span class='ocrx_word' id='word_1_467' title='bbox 2169 2283 2278 2319; x_wconf 89' lang='grc' dir='ltr'>σεν.</span> <span class='ocrx_word' id='word_1_468' title='bbox 2331 2288 2351 2315; x_wconf 81' lang='grc' dir='ltr'><strong>ε</strong></span> <span class='ocrx_word' id='word_1_469' title='bbox 2390 2264 2491 2320; x_wconf 83' lang='grc' dir='ltr'>Καὶ</span> <span class='ocrx_word' id='word_1_470' title='bbox 2549 2266 2584 2335; x_wconf 79' lang='grc' dir='ltr'>ἡ</span> <span class='ocrx_word' id='word_1_471' title='bbox 2642 2265 2779 2320; x_wconf 85' lang='grc' dir='ltr'>κατᾶ</span> <span class='ocrx_word' id='word_1_472' title='bbox 2839 2266 3040 2340; x_wconf 89' lang='grc' dir='ltr'>βάθους</span> <span class='ocrx_word' id='word_1_473' title='bbox 3096 2266 3348 2341; x_wconf 85' lang='grc' dir='ltr'>πτωχεία</span> <span class='ocrx_word' id='word_1_474' title='bbox 3403 2266 3656 2323; x_wconf 77' lang='grc' dir='ltr'>αὐτῶν.»</span> <span class='ocrx_word' id='word_1_475' title='bbox 3715 2267 3824 2323; x_wconf 79' lang='grc' dir='ltr'><strong>Καὶ</strong></span> 
     </span>
    </p>
   </div>
   <div class='ocr_carea' id='block_1_66' title="bbox 2170 2351 3827 2431">
    <p class='ocr_par' dir='ltr' id='par_1_66' title="bbox 2170 2351 3827 2431">
     <span class='ocr_line' id='line_1_66' title="bbox 2170 2351 3827 2431; baseline 0.003 -25"><span class='ocrx_word' id='word_1_476' title='bbox 2170 2352 2414 2428; x_wconf 78' lang='grc' dir='ltr'>ὥσπερὴ</span> <span class='ocrx_word' id='word_1_477' title='bbox 2474 2351 2661 2428; x_wconf 79' lang='grc' dir='ltr'>θλίψίς</span> <span class='ocrx_word' id='word_1_478' title='bbox 2718 2355 2892 2431; x_wconf 71' lang='grc' dir='ltr'>χαρὰν</span> <span class='ocrx_word' id='word_1_479' title='bbox 2942 2354 3145 2426; x_wconf 82' lang='grc' dir='ltr'>ἔτεκεν,</span> <span class='ocrx_word' id='word_1_480' title='bbox 3204 2357 3379 2418; x_wconf 77' lang='grc' dir='ltr'>οὕτως</span> <span class='ocrx_word' id='word_1_481' title='bbox 3446 2355 3538 2411; x_wconf 81' lang='grc' dir='ltr'><strong>καὶ</strong></span> <span class='ocrx_word' id='word_1_482' title='bbox 3586 2357 3621 2425; x_wconf 80' lang='grc' dir='ltr'><strong>ἡ</strong></span> <span class='ocrx_word' id='word_1_483' title='bbox 3684 2356 3827 2411; x_wconf 86' lang='grc' dir='ltr'>κατὰ</span> 
     </span>
    </p>
   </div>
   <div class='ocr_carea' id='block_1_67' title="bbox 2171 2442 3827 2523">
    <p class='ocr_par' dir='ltr' id='par_1_67' title="bbox 2171 2442 3827 2523">
     <span class='ocr_line' id='line_1_67' title="bbox 2171 2442 3827 2523; baseline 0.002 -26"><span class='ocrx_word' id='word_1_484' title='bbox 2171 2442 2370 2517; x_wconf 82' lang='grc' dir='ltr'>βάθους</span> <span class='ocrx_word' id='word_1_485' title='bbox 2400 2443 2676 2523; x_wconf 86' lang='grc' dir='ltr'>πτωχεία,</span> <span class='ocrx_word' id='word_1_486' title='bbox 2717 2447 2994 2501; x_wconf 71' lang='grc' dir='ltr'>τουτέστιν</span> <span class='ocrx_word' id='word_1_487' title='bbox 3026 2449 3060 2516; x_wconf 75' lang='grc' dir='ltr'>ἡ</span> <span class='ocrx_word' id='word_1_488' title='bbox 3092 2445 3304 2517; x_wconf 78' lang='grc' dir='ltr'>πολλή.</span> <span class='ocrx_word' id='word_1_489' title='bbox 3365 2447 3473 2502; x_wconf 81' lang='grc' dir='ltr'>Καὶ</span> <span class='ocrx_word' id='word_1_490' title='bbox 3528 2447 3631 2522; x_wconf 73' lang='grc' dir='ltr'>γὰρ</span> <span class='ocrx_word' id='word_1_491' title='bbox 3663 2444 3827 2520; x_wconf 79' lang='grc' dir='ltr'>διηρ·</span> 
     </span>
    </p>
   </div>
   <div class='ocr_carea' id='block_1_68' title="bbox 2165 2531 3829 2614">
    <p class='ocr_par' dir='ltr' id='par_1_68' title="bbox 2165 2531 3829 2614">
     <span class='ocr_line' id='line_1_68' title="bbox 2165 2531 3829 2614; baseline 0.003 -29"><span class='ocrx_word' id='word_1_492' title='bbox 2165 2532 2413 2606; x_wconf 84' lang='grc' dir='ltr'>πάγησαν</span> <span class='ocrx_word' id='word_1_493' title='bbox 2470 2533 2574 2588; x_wconf 83' lang='grc' dir='ltr'>ὑπὸ</span> <span class='ocrx_word' id='word_1_494' title='bbox 2602 2538 2712 2590; x_wconf 91' lang='grc' dir='ltr'><strong>τῶν</strong></span> <span class='ocrx_word' id='word_1_495' title='bbox 2772 2531 2923 2589; x_wconf 83' lang='grc' dir='ltr'>ἰδίων</span> <span class='ocrx_word' id='word_1_496' title='bbox 2984 2534 3369 2614; x_wconf 72' lang='grc' dir='ltr'>συμφυλετῶν,</span> <span class='ocrx_word' id='word_1_497' title='bbox 3430 2560 3459 2588; x_wconf 89' lang='grc'><strong>‹‹</strong></span> <span class='ocrx_word' id='word_1_498' title='bbox 3492 2536 3588 2600; x_wconf 80' lang='grc' dir='ltr'>Εἷς</span> <span class='ocrx_word' id='word_1_499' title='bbox 3641 2534 3829 2591; x_wconf 78' lang='grc' dir='ltr'>πλοῦ-</span> 
     </span>
    </p>
   </div>
   <div class='ocr_carea' id='block_1_69' title="bbox 2164 2618 3824 2701">
    <p class='ocr_par' dir='ltr' id='par_1_69' title="bbox 2164 2618 3824 2701">
     <span class='ocr_line' id='line_1_69' title="bbox 2164 2618 3824 2701; baseline 0.004 -26"><span class='ocrx_word' id='word_1_500' title='bbox 2164 2641 2256 2675; x_wconf 91' lang='grc' dir='ltr'><strong>τον</strong></span> <span class='ocrx_word' id='word_1_501' title='bbox 2289 2619 2623 2694; x_wconf 82' lang='grc' dir='ltr'>ἁπλότητος,</span> <span class='ocrx_word' id='word_1_502' title='bbox 2658 2648 2687 2675; x_wconf 87' lang='grc'><strong>››</strong></span> <span class='ocrx_word' id='word_1_503' title='bbox 2745 2625 3011 2695; x_wconf 81' lang='grc' dir='ltr'>τουτέστι,</span> <span class='ocrx_word' id='word_1_504' title='bbox 3065 2623 3372 2699; x_wconf 79' lang='grc' dir='ltr'>δαψιλείας·</span> <span class='ocrx_word' id='word_1_505' title='bbox 3407 2624 3481 2687; x_wconf 86' lang='grc' dir='ltr'>ὡς</span> <span class='ocrx_word' id='word_1_506' title='bbox 3538 2624 3584 2679; x_wconf 85' lang='grc' dir='ltr'><strong>εί</strong></span> <span class='ocrx_word' id='word_1_507' title='bbox 3613 2618 3824 2701; x_wconf 66' lang='grc' dir='ltr'>ἔλεγεν</span> 
     </span>
    </p>
   </div>
   <div class='ocr_carea' id='block_1_70' title="bbox 2164 2711 3831 2790">
    <p class='ocr_par' dir='ltr' id='par_1_70' title="bbox 2164 2711 3831 2790">
     <span class='ocr_line' id='line_1_70' title="bbox 2164 2711 3831 2790; baseline 0.004 -24"><span class='ocrx_word' id='word_1_508' title='bbox 2164 2714 2232 2766; x_wconf 84' lang='grc' dir='ltr'>Ὥ</span> <span class='ocrx_word' id='word_1_509' title='bbox 2260 2716 2357 2767; x_wconf 78' lang='grc' dir='ltr'><strong>τοῦ</strong></span> <span class='ocrx_word' id='word_1_510' title='bbox 2387 2711 2695 2788; x_wconf 82' lang='grc' dir='ltr'>παραδόξου</span> <span class='ocrx_word' id='word_1_511' title='bbox 2728 2716 2741 2769; x_wconf 88' lang='grc' dir='ltr'><strong>ί</strong></span> <span class='ocrx_word' id='word_1_512' title='bbox 2773 2720 2834 2770; x_wconf 83' lang='grc' dir='ltr'>Ἡ</span> <span class='ocrx_word' id='word_1_513' title='bbox 2866 2713 3118 2790; x_wconf 85' lang='grc' dir='ltr'>πτωχεία</span> <span class='ocrx_word' id='word_1_514' title='bbox 3181 2713 3258 2778; x_wconf 84' lang='grc' dir='ltr'><strong>είς</strong></span> <span class='ocrx_word' id='word_1_515' title='bbox 3318 2711 3526 2789; x_wconf 79' lang='grc' dir='ltr'>δαψιλῆ</span> <span class='ocrx_word' id='word_1_516' title='bbox 3584 2712 3831 2772; x_wconf 82' lang='grc' dir='ltr'>πλοῦτον</span> 
     </span>
    </p>
   </div>
   <div class='ocr_carea' id='block_1_71' title="bbox 2166 2799 3821 2878">
    <p class='ocr_par' dir='ltr' id='par_1_71' title="bbox 2166 2799 3821 2878">
     <span class='ocr_line' id='line_1_71' title="bbox 2166 2799 3821 2878; baseline 0.004 -23"><span class='ocrx_word' id='word_1_517' title='bbox 2166 2799 2229 2855; x_wconf 78' lang='grc' dir='ltr'>οὗ</span> <span class='ocrx_word' id='word_1_518' title='bbox 2273 2801 2439 2872; x_wconf 88' lang='grc' dir='ltr'>μόνον</span> <span class='ocrx_word' id='word_1_519' title='bbox 2500 2802 2871 2878; x_wconf 81' lang='grc' dir='ltr'>ὑπούργησεν,</span> <span class='ocrx_word' id='word_1_520' title='bbox 2930 2802 3078 2858; x_wconf 82' lang='grc' dir='ltr'>ἀλλὰ</span> <span class='ocrx_word' id='word_1_521' title='bbox 3138 2803 3228 2858; x_wconf 81' lang='grc' dir='ltr'>καὶ</span> <span class='ocrx_word' id='word_1_522' title='bbox 3287 2801 3676 2878; x_wconf 74' lang='grc' dir='ltr'>ἐπερίσσευσεν.</span> <span class='ocrx_word' id='word_1_523' title='bbox 3736 2805 3821 2863; x_wconf 79' lang='grc' dir='ltr'><strong>Ού</strong></span> 
     </span>
    </p>
   </div>
   <div class='ocr_carea' id='block_1_72' title="bbox 2161 2890 3820 2970">
    <p class='ocr_par' dir='ltr' id='par_1_72' title="bbox 2161 2890 3820 2970">
     <span class='ocr_line' id='line_1_72' title="bbox 2161 2890 3820 2970; baseline 0.004 -27"><span class='ocrx_word' id='word_1_524' title='bbox 2161 2890 2262 2965; x_wconf 72' lang='grc' dir='ltr'>γὰρ</span> <span class='ocrx_word' id='word_1_525' title='bbox 2300 2895 2379 2963; x_wconf 80' lang='grc' dir='ltr'>τῷ</span> <span class='ocrx_word' id='word_1_526' title='bbox 2414 2890 2598 2965; x_wconf 78' lang='grc' dir='ltr'>μέτρῳ</span> <span class='ocrx_word' id='word_1_527' title='bbox 2626 2897 2733 2949; x_wconf 89' lang='grc' dir='ltr'><strong>τῶν</strong></span> <span class='ocrx_word' id='word_1_528' title='bbox 2767 2890 3094 2968; x_wconf 72' lang='grc' dir='ltr'>διδομένων,</span> <span class='ocrx_word' id='word_1_529' title='bbox 3150 2890 3299 2949; x_wconf 81' lang='grc' dir='ltr'><strong>ἀλλά</strong></span> <span class='ocrx_word' id='word_1_530' title='bbox 3336 2897 3405 2967; x_wconf 86' lang='grc' dir='ltr'><strong>τῇ</strong></span> <span class='ocrx_word' id='word_1_531' title='bbox 3462 2894 3657 2970; x_wconf 76' lang='grc' dir='ltr'>γνώμῃ</span> <span class='ocrx_word' id='word_1_532' title='bbox 3707 2897 3820 2950; x_wconf 87' lang='grc' dir='ltr'><strong>τῶν</strong></span> 
     </span>
    </p>
   </div>
   <div class='ocr_carea' id='block_1_73' title="bbox 2160 2978 3820 3061">
    <p class='ocr_par' dir='ltr' id='par_1_73' title="bbox 2160 2978 3820 3061">
     <span class='ocr_line' id='line_1_73' title="bbox 2160 2978 3820 3061; baseline 0.003 -28"><span class='ocrx_word' id='word_1_533' title='bbox 2160 2980 2512 3056; x_wconf 70' lang='grc' dir='ltr'>παρεχόντων</span> <span class='ocrx_word' id='word_1_534' title='bbox 2542 2981 2806 3056; x_wconf 87' lang='grc' dir='ltr'>κρίνεται.</span> <span class='ocrx_word' id='word_1_535' title='bbox 2857 2981 3048 3046; x_wconf 76' lang='grc' dir='ltr'>Οὕτως</span> <span class='ocrx_word' id='word_1_536' title='bbox 3102 2982 3193 3038; x_wconf 85' lang='grc' dir='ltr'>καὶ</span> <span class='ocrx_word' id='word_1_537' title='bbox 3224 2984 3259 3053; x_wconf 76' lang='grc' dir='ltr'><strong>ἡ</strong></span> <span class='ocrx_word' id='word_1_538' title='bbox 3294 2984 3446 3061; x_wconf 78' lang='grc' dir='ltr'>χήρα</span> <span class='ocrx_word' id='word_1_539' title='bbox 3473 2984 3541 3052; x_wconf 74' lang='grc' dir='ltr'>ἧς</span> <span class='ocrx_word' id='word_1_540' title='bbox 3595 2982 3665 3037; x_wconf 81' lang='grc' dir='ltr'><strong>τὰ</strong></span> <span class='ocrx_word' id='word_1_541' title='bbox 3721 2978 3820 3039; x_wconf 85' lang='grc' dir='ltr'><strong>δύο</strong></span> 
     </span>
    </p>
   </div>
   <div class='ocr_carea' id='block_1_74' title="bbox 2164 3066 2739 3147">
    <p class='ocr_par' dir='ltr' id='par_1_74' title="bbox 2164 3066 2739 3147">
     <span class='ocr_line' id='line_1_74' title="bbox 2164 3066 2739 3147; baseline 0.005 -23"><span class='ocrx_word' id='word_1_542' title='bbox 2164 3066 2337 3125; x_wconf 82' lang='grc' dir='ltr'>λεπτὰ</span> <span class='ocrx_word' id='word_1_543' title='bbox 2366 3070 2739 3147; x_wconf 70' lang='grc' dir='ltr'>προκέκριται.</span> 
     </span>
    </p>
   </div>
   <div class='ocr_carea' id='block_1_75' title="bbox 2234 3158 3813 3239">
    <p class='ocr_par' dir='ltr' id='par_1_75' title="bbox 2234 3158 3813 3239">
     <span class='ocr_line' id='line_1_75' title="bbox 2234 3158 3813 3239; baseline -0.001 -22"><span class='ocrx_word' id='word_1_544' title='bbox 2234 3164 2351 3217; x_wconf 71' lang='grc' dir='ltr'>Ὀτι</span> <span class='ocrx_word' id='word_1_545' title='bbox 2403 3163 2539 3216; x_wconf 85' lang='grc' dir='ltr'>κατὰ</span> <span class='ocrx_word' id='word_1_546' title='bbox 2634 3159 2862 3235; x_wconf 85' lang='grc' dir='ltr'>δύναμιν</span> <span class='ocrx_word' id='word_1_547' title='bbox 2953 3164 3233 3239; x_wconf 81' lang='grc' dir='ltr'>μαρτυρῶ,</span> <span class='ocrx_word' id='word_1_548' title='bbox 3301 3161 3393 3215; x_wconf 87' lang='grc' dir='ltr'><strong>καὶ</strong></span> <span class='ocrx_word' id='word_1_549' title='bbox 3455 3161 3588 3237; x_wconf 72' lang='grc' dir='ltr'>ὑπὲρ</span> <span class='ocrx_word' id='word_1_550' title='bbox 3650 3158 3813 3217; x_wconf 75' lang='grc' dir='ltr'>δύναο</span> 
     </span>
    </p>
   </div>
   <div class='ocr_carea' id='block_1_76' title="bbox 2163 3247 3812 3327">
    <p class='ocr_par' dir='ltr' id='par_1_76' title="bbox 2163 3247 3812 3327">
     <span class='ocr_line' id='line_1_76' title="bbox 2163 3247 3812 3327; baseline 0.002 -24"><span class='ocrx_word' id='word_1_551' title='bbox 2163 3270 2257 3321; x_wconf 90' lang='grc' dir='ltr'><strong>μιν</strong></span> <span class='ocrx_word' id='word_1_552' title='bbox 2312 3250 2626 3327; x_wconf 79' lang='grc' dir='ltr'>αὐθαίρετοι</span> <span class='ocrx_word' id='word_1_553' title='bbox 2699 3251 2833 3325; x_wconf 74' lang='grc' dir='ltr'>μετὰ</span> <span class='ocrx_word' id='word_1_554' title='bbox 2916 3249 3137 3321; x_wconf 80' lang='grc' dir='ltr'>πολλῆς</span> <span class='ocrx_word' id='word_1_555' title='bbox 3218 3248 3619 3326; x_wconf 75' lang='grc' dir='ltr'>παρακλήσεως</span> <span class='ocrx_word' id='word_1_556' title='bbox 3689 3247 3812 3306; x_wconf 84' lang='grc' dir='ltr'>δεό-</span> 
     </span>
    </p>
   </div>
   <div class='ocr_carea' id='block_1_77' title="bbox 2163 3340 3815 3419">
    <p class='ocr_par' dir='ltr' id='par_1_77' title="bbox 2163 3340 3815 3419">
     <span class='ocr_line' id='line_1_77' title="bbox 2163 3340 3815 3419; baseline 0.002 -26"><span class='ocrx_word' id='word_1_557' title='bbox 2163 3358 2313 3411; x_wconf 89' lang='grc' dir='ltr'>μενοι</span> <span class='ocrx_word' id='word_1_558' title='bbox 2380 3342 2541 3413; x_wconf 83' lang='grc' dir='ltr'>ἡμῶν</span> <span class='ocrx_word' id='word_1_559' title='bbox 2615 3342 2717 3411; x_wconf 80' lang='grc' dir='ltr'><strong>τήν</strong></span> <span class='ocrx_word' id='word_1_560' title='bbox 2771 3342 2935 3419; x_wconf 89' lang='grc' dir='ltr'>χάριν</span> <span class='ocrx_word' id='word_1_561' title='bbox 3003 3340 3093 3396; x_wconf 85' lang='grc' dir='ltr'><strong>καὶ</strong></span> <span class='ocrx_word' id='word_1_562' title='bbox 3166 3342 3267 3411; x_wconf 78' lang='grc' dir='ltr'><strong>τήν</strong></span> <span class='ocrx_word' id='word_1_563' title='bbox 3342 3340 3632 3397; x_wconf 87' lang='grc' dir='ltr'>κοινωνίαν</span> <span class='ocrx_word' id='word_1_564' title='bbox 3708 3346 3815 3410; x_wconf 81' lang='grc' dir='ltr'><strong>τῆς</strong></span> 
     </span>
    </p>
   </div>
   <div class='ocr_carea' id='block_1_78' title="bbox 2161 3427 3807 3509">
    <p class='ocr_par' dir='ltr' id='par_1_78' title="bbox 2161 3427 3807 3509">
     <span class='ocr_line' id='line_1_78' title="bbox 2161 3427 3807 3509; baseline 0.004 -25"><span class='ocrx_word' id='word_1_565' title='bbox 2161 3427 2434 3493; x_wconf 87' lang='grc' dir='ltr'>διακονίας</span> <span class='ocrx_word' id='word_1_566' title='bbox 2486 3438 2587 3501; x_wconf 81' lang='grc' dir='ltr'><strong>τῆς</strong></span> <span class='ocrx_word' id='word_1_567' title='bbox 2659 3432 2736 3496; x_wconf 85' lang='grc' dir='ltr'><strong>εἰς</strong></span> <span class='ocrx_word' id='word_1_568' title='bbox 2816 3431 2944 3494; x_wconf 87' lang='grc' dir='ltr'>τοὺς</span> <span class='ocrx_word' id='word_1_569' title='bbox 3023 3432 3227 3509; x_wconf 77' lang='grc' dir='ltr'>ἁγίους,</span> <span class='ocrx_word' id='word_1_570' title='bbox 3313 3429 3557 3501; x_wconf 79' lang='grc' dir='ltr'>δέξασθαι</span> <span class='ocrx_word' id='word_1_571' title='bbox 3633 3434 3807 3505; x_wconf 76' lang='grc' dir='ltr'>ἡμᾶς.</span> 
     </span>
    </p>
   </div>
   <div class='ocr_carea' id='block_1_79' title="bbox 2159 3521 3814 3599">
    <p class='ocr_par' dir='ltr' id='par_1_79' title="bbox 2159 3521 3814 3599">
     <span class='ocr_line' id='line_1_79' title="bbox 2159 3521 3814 3599; baseline 0.001 -21"><span class='ocrx_word' id='word_1_572' title='bbox 2159 3524 2260 3579; x_wconf 82' lang='grc' dir='ltr'>Καὶ</span> <span class='ocrx_word' id='word_1_573' title='bbox 2321 3523 2385 3579; x_wconf 79' lang='grc' dir='ltr'>οὗ</span> <span class='ocrx_word' id='word_1_574' title='bbox 2436 3524 2618 3589; x_wconf 84' lang='grc' dir='ltr'>καθὼς</span> <span class='ocrx_word' id='word_1_575' title='bbox 2684 3522 2995 3599; x_wconf 76' lang='grc' dir='ltr'>ἠλπίσαμεν</span> <span class='ocrx_word' id='word_1_576' title='bbox 3031 3572 3047 3598; x_wconf 88' lang='grc'><strong>,</strong></span> <span class='ocrx_word' id='word_1_577' title='bbox 3120 3523 3247 3581; x_wconf 83' lang='grc' dir='ltr'>ἀλλ’</span> <span class='ocrx_word' id='word_1_578' title='bbox 3322 3524 3544 3587; x_wconf 72' lang='grc' dir='ltr'>ἑαυτοὺς</span> <span class='ocrx_word' id='word_1_579' title='bbox 3602 3521 3814 3580; x_wconf 81' lang='grc' dir='ltr'>ἔδωκαν</span> 
     </span>
    </p>
   </div>
   <div class='ocr_carea' id='block_1_80' title="bbox 2157 3612 3815 3689">
    <p class='ocr_par' dir='ltr' id='par_1_80' title="bbox 2157 3612 3815 3689">
     <span class='ocr_line' id='line_1_80' title="bbox 2157 3612 3815 3689; baseline 0.001 -21"><span class='ocrx_word' id='word_1_580' title='bbox 2157 3618 2376 3687; x_wconf 89' lang='grc' dir='ltr'>πρῶτον</span> <span class='ocrx_word' id='word_1_581' title='bbox 2458 3618 2537 3687; x_wconf 82' lang='grc' dir='ltr'>τῷ</span> <span class='ocrx_word' id='word_1_582' title='bbox 2643 3614 2822 3689; x_wconf 82' lang='grc' dir='ltr'>Κυρίῳ</span> <span class='ocrx_word' id='word_1_583' title='bbox 2910 3617 3047 3689; x_wconf 75' lang='grc' dir='ltr'>ἡμῖν</span> <span class='ocrx_word' id='word_1_584' title='bbox 3132 3612 3221 3670; x_wconf 82' lang='grc' dir='ltr'><strong>διὰ</strong></span> <span class='ocrx_word' id='word_1_585' title='bbox 3285 3614 3598 3689; x_wconf 74' lang='grc' dir='ltr'>θελήματος</span> <span class='ocrx_word' id='word_1_586' title='bbox 3652 3618 3815 3688; x_wconf 77' lang='grc' dir='ltr'>Θεοῦ,</span> 
     </span>
    </p>
   </div>
   <div class='ocr_carea' id='block_1_81' title="bbox 2158 3691 3817 3780">
    <p class='ocr_par' dir='ltr' id='par_1_81' title="bbox 2158 3691 3817 3780">
     <span class='ocr_line' id='line_1_81' title="bbox 2158 3691 3817 3780; baseline 0.003 -22"><span class='ocrx_word' id='word_1_587' title='bbox 2158 3702 2235 3765; x_wconf 80' lang='grc' dir='ltr'>εἷς</span> <span class='ocrx_word' id='word_1_588' title='bbox 2291 3704 2355 3759; x_wconf 87' lang='grc' dir='ltr'>τὸ</span> <span class='ocrx_word' id='word_1_589' title='bbox 2401 3702 2773 3779; x_wconf 67' lang='grc' dir='ltr'>παρακαλέσαι</span> <span class='ocrx_word' id='word_1_590' title='bbox 2823 3708 2974 3780; x_wconf 76' lang='grc' dir='ltr'>ἡμᾶς</span> <span class='ocrx_word' id='word_1_591' title='bbox 3032 3704 3186 3762; x_wconf 88' lang='grc' dir='ltr'>Τίτον</span> <span class='ocrx_word' id='word_1_592' title='bbox 3222 3749 3236 3777; x_wconf 91' lang='grc'><strong>,</strong></span> <span class='ocrx_word' id='word_1_593' title='bbox 3290 3703 3383 3761; x_wconf 76' lang='grc' dir='ltr'>’ίνα</span> <span class='ocrx_word' id='word_1_594' title='bbox 3437 3706 3616 3769; x_wconf 81' lang='grc' dir='ltr'>καθὼς</span> <span class='ocrx_word' id='word_1_595' title='bbox 3670 3691 3817 3780; x_wconf 43' lang='grc' dir='ltr'>προὲ</span> 
     </span>
    </p>
   </div>
   <div class='ocr_carea' id='block_1_82' title="bbox 2158 3790 3810 3872">
    <p class='ocr_par' dir='ltr' id='par_1_82' title="bbox 2158 3790 3810 3872">
     <span class='ocr_line' id='line_1_82' title="bbox 2158 3790 3810 3872; baseline 0.002 -23"><span class='ocrx_word' id='word_1_596' title='bbox 2158 3794 2439 3870; x_wconf 72' lang='grc' dir='ltr'>ενηρξατο,</span> <span class='ocrx_word' id='word_1_597' title='bbox 2500 3790 2674 3859; x_wconf 71' lang='grc' dir='ltr'>οὕτως</span> <span class='ocrx_word' id='word_1_598' title='bbox 2739 3796 2830 3852; x_wconf 87' lang='grc' dir='ltr'><strong>καί</strong></span> <span class='ocrx_word' id='word_1_599' title='bbox 2885 3794 3171 3872; x_wconf 73' lang='grc' dir='ltr'>ἐπιτελέσῃ</span> <span class='ocrx_word' id='word_1_600' title='bbox 3227 3795 3304 3859; x_wconf 84' lang='grc' dir='ltr'><strong>είς</strong></span> <span class='ocrx_word' id='word_1_601' title='bbox 3364 3796 3505 3871; x_wconf 79' lang='grc' dir='ltr'>ὑμᾶς</span> <span class='ocrx_word' id='word_1_602' title='bbox 3564 3797 3651 3852; x_wconf 83' lang='grc' dir='ltr'><strong>καὶ</strong></span> <span class='ocrx_word' id='word_1_603' title='bbox 3706 3797 3810 3867; x_wconf 80' lang='grc' dir='ltr'><strong>τήν</strong></span> 
     </span>
    </p>
   </div>
   <div class='ocr_carea' id='block_1_83' title="bbox 2159 3884 2575 3962">
    <p class='ocr_par' dir='ltr' id='par_1_83' title="bbox 2159 3884 2575 3962">
     <span class='ocr_line' id='line_1_83' title="bbox 2159 3884 2575 3962; baseline 0.007 -23"><span class='ocrx_word' id='word_1_604' title='bbox 2159 3884 2321 3962; x_wconf 82' lang='grc' dir='ltr'>χάριν</span> <span class='ocrx_word' id='word_1_605' title='bbox 2348 3885 2575 3957; x_wconf 85' lang='grc' dir='ltr'>ταύτην.</span> 
     </span>
    </p>
   </div>
   <div class='ocr_carea' id='block_1_84' title="bbox 2228 4065 3811 4144">
    <p class='ocr_par' dir='ltr' id='par_1_84' title="bbox 2228 4065 3811 4144">
     <span class='ocr_line' id='line_1_84' title="bbox 2228 4065 3811 4144; baseline 0.002 -22"><span class='ocrx_word' id='word_1_606' title='bbox 2228 4066 2506 4140; x_wconf 87' lang='grc' dir='ltr'>Μαρτυρῶ</span> <span class='ocrx_word' id='word_1_607' title='bbox 2535 4069 2643 4144; x_wconf 80' lang='grc' dir='ltr'><strong>γὰρ</strong></span> <span class='ocrx_word' id='word_1_608' title='bbox 2672 4066 2854 4132; x_wconf 80' lang='grc' dir='ltr'>αὐτοῖς</span> <span class='ocrx_word' id='word_1_609' title='bbox 2902 4066 2985 4123; x_wconf 77' lang='grc' dir='ltr'><strong>ὅτι</strong></span> <span class='ocrx_word' id='word_1_610' title='bbox 3038 4069 3174 4124; x_wconf 81' lang='grc' dir='ltr'>κατὰ</span> <span class='ocrx_word' id='word_1_611' title='bbox 3230 4065 3476 4142; x_wconf 87' lang='grc' dir='ltr'>δύναμιν.</span> <span class='ocrx_word' id='word_1_612' title='bbox 3510 4068 3577 4126; x_wconf 91' lang='grc' dir='ltr'><strong>Τί</strong></span> <span class='ocrx_word' id='word_1_613' title='bbox 3637 4066 3811 4144; x_wconf 81' lang='grc' dir='ltr'>λέγω,</span> 
     </span>
    </p>
   </div>
   <div class='ocr_carea' id='block_1_85' title="bbox 2152 4154 3805 4234">
    <p class='ocr_par' dir='ltr' id='par_1_85' title="bbox 2152 4154 3805 4234">
     <span class='ocr_line' id='line_1_85' title="bbox 2152 4154 3805 4234; baseline 0.001 -25"><span class='ocrx_word' id='word_1_614' title='bbox 2152 4154 2288 4210; x_wconf 84' lang='grc' dir='ltr'><strong>κατά</strong></span> <span class='ocrx_word' id='word_1_615' title='bbox 2317 4154 2599 4229; x_wconf 86' lang='grc' dir='ltr'>δύναμιν;</span> <span class='ocrx_word' id='word_1_616' title='bbox 2647 4156 2738 4212; x_wconf 82' lang='grc' dir='ltr'><strong>καὶ</strong></span> <span class='ocrx_word' id='word_1_617' title='bbox 2788 4157 2919 4232; x_wconf 73' lang='grc' dir='ltr'>ὑπὲρ</span> <span class='ocrx_word' id='word_1_618' title='bbox 2978 4154 3206 4232; x_wconf 87' lang='grc' dir='ltr'>δύναμιν</span> <span class='ocrx_word' id='word_1_619' title='bbox 3241 4158 3334 4232; x_wconf 79' lang='grc' dir='ltr'><strong>μὶν</strong></span> <span class='ocrx_word' id='word_1_620' title='bbox 3395 4158 3486 4213; x_wconf 80' lang='grc' dir='ltr'>οὖν</span> <span class='ocrx_word' id='word_1_621' title='bbox 3546 4156 3805 4234; x_wconf 78' lang='grc' dir='ltr'>αὐθαίρε-</span> 
     </span>
    </p>
   </div>
   <div class='ocr_carea' id='block_1_86' title="bbox 2150 4242 3810 4322">
    <p class='ocr_par' dir='ltr' id='par_1_86' title="bbox 2150 4242 3810 4322">
     <span class='ocr_line' id='line_1_86' title="bbox 2150 4242 3810 4322; baseline 0.002 -25"><span class='ocrx_word' id='word_1_622' title='bbox 2150 4262 2258 4301; x_wconf 88' lang='grc' dir='ltr'>τοι.</span> <span class='ocrx_word' id='word_1_623' title='bbox 2292 4242 2544 4318; x_wconf 79' lang='grc' dir='ltr'>Δεύτερον</span> <span class='ocrx_word' id='word_1_624' title='bbox 2589 4242 2890 4319; x_wconf 69' lang='grc' dir='ltr'>ἐγκώμιον.</span> <span class='ocrx_word' id='word_1_625' title='bbox 2949 4244 3022 4301; x_wconf 79' lang='grc' dir='ltr'>Οὐ</span> <span class='ocrx_word' id='word_1_626' title='bbox 3051 4246 3153 4322; x_wconf 73' lang='grc' dir='ltr'>γὰρ</span> <span class='ocrx_word' id='word_1_627' title='bbox 3183 4247 3347 4319; x_wconf 77' lang='grc' dir='ltr'>ἡμεῖς</span> <span class='ocrx_word' id='word_1_628' title='bbox 3408 4245 3607 4309; x_wconf 82' lang='grc' dir='ltr'>αὐτοὺς</span> <span class='ocrx_word' id='word_1_629' title='bbox 3666 4265 3810 4317; x_wconf 70' lang='grc' dir='ltr'>προ·-</span> 
     </span>
    </p>
   </div>
   <div class='ocr_carea' id='block_1_87' title="bbox 2150 4333 3801 4412">
    <p class='ocr_par' dir='ltr' id='par_1_87' title="bbox 2150 4333 3801 4412">
     <span class='ocr_line' id='line_1_87' title="bbox 2150 4333 3801 4412; baseline 0.002 -25"><span class='ocrx_word' id='word_1_630' title='bbox 2150 4334 2504 4407; x_wconf 78' lang='grc' dir='ltr'>ετρεψάμεθα.</span> <span class='ocrx_word' id='word_1_631' title='bbox 2538 4358 2567 4387; x_wconf 87' lang='grc'><strong>‹‹</strong></span> <span class='ocrx_word' id='word_1_632' title='bbox 2599 4334 2748 4390; x_wconf 84' lang='grc' dir='ltr'>Μετᾶ</span> <span class='ocrx_word' id='word_1_633' title='bbox 2777 4333 3000 4405; x_wconf 78' lang='grc' dir='ltr'>πολλῆς</span> <span class='ocrx_word' id='word_1_634' title='bbox 3059 4334 3477 4411; x_wconf 76' lang='grc' dir='ltr'>παρακλήσεως.</span> <span class='ocrx_word' id='word_1_635' title='bbox 3515 4360 3544 4388; x_wconf 73' lang='grc' dir='ltr'>ι»</span> <span class='ocrx_word' id='word_1_636' title='bbox 3592 4334 3801 4412; x_wconf 87' lang='grc' dir='ltr'>Τρίτον</span> 
     </span>
    </p>
   </div>
   <div class='ocr_carea' id='block_1_88' title="bbox 2148 4421 3805 4502">
    <p class='ocr_par' dir='ltr' id='par_1_88' title="bbox 2148 4421 3805 4502">
     <span class='ocr_line' id='line_1_88' title="bbox 2148 4421 3805 4502; baseline 0.002 -25"><span class='ocrx_word' id='word_1_637' title='bbox 2148 4421 2422 4497; x_wconf 73' lang='grc' dir='ltr'>ἐγκώμιον</span> <span class='ocrx_word' id='word_1_638' title='bbox 2454 4469 2468 4483; x_wconf 92' lang='grc'><strong>.</strong></span> <span class='ocrx_word' id='word_1_639' title='bbox 2526 4426 2643 4479; x_wconf 90' lang='grc' dir='ltr'>Ὃτι</span> <span class='ocrx_word' id='word_1_640' title='bbox 2738 4423 2849 4500; x_wconf 78' lang='grc' dir='ltr'>οὐχ</span> <span class='ocrx_word' id='word_1_641' title='bbox 2915 4427 3079 4499; x_wconf 84' lang='grc' dir='ltr'>ἡμεῖς</span> <span class='ocrx_word' id='word_1_642' title='bbox 3138 4423 3608 4502; x_wconf 78' lang='grc' dir='ltr'>παρεκαλέσαμεν,</span> <span class='ocrx_word' id='word_1_643' title='bbox 3669 4423 3805 4481; x_wconf 82' lang='grc' dir='ltr'>ἀλλ’</span> 
     </span>
    </p>
   </div>
   <div class='ocr_carea' id='block_1_89' title="bbox 379 4510 2053 4594">
    <p class='ocr_par' dir='ltr' id='par_1_89' title="bbox 379 4514 2037 4591">
     <span class='ocr_line' id='line_1_89' title="bbox 379 4514 2037 4591; baseline 0.004 -21"><span class='ocrx_word' id='word_1_644' title='bbox 379 4514 674 4587; x_wconf 87' lang='lat' dir='ltr'><strong>ipsos,sed</strong></span> <span class='ocrx_word' id='word_1_645' title='bbox 706 4515 820 4587; x_wconf 85' lang='lat' dir='ltr'><strong>ipsi</strong></span> <span class='ocrx_word' id='word_1_646' title='bbox 850 4516 1213 4573; x_wconf 89' lang='lat' dir='ltr'><strong>nos.Deinde</strong></span> <span class='ocrx_word' id='word_1_647' title='bbox 1242 4516 1543 4591; x_wconf 88' lang='lat' dir='ltr'><strong>adaugens</strong></span> <span class='ocrx_word' id='word_1_648' title='bbox 1569 4518 2037 4577; x_wconf 87' lang='lat' dir='ltr'><strong>obtestationem</strong></span> 
     </span>
    </p>
   </div>
   <div class='ocr_carea' id='block_1_90' title="bbox 2167 4510 3807 4594">
    <p class='ocr_par' dir='ltr' id='par_1_90' title="bbox 2167 4510 3807 4594">
     <span class='ocr_line' id='line_1_90' title="bbox 2167 4510 3807 4594; baseline 0.002 -28"><span class='ocrx_word' id='word_1_649' title='bbox 2167 4510 2321 4571; x_wconf 75' lang='grc' dir='ltr'>ιύτοί.</span> <span class='ocrx_word' id='word_1_650' title='bbox 2355 4514 2491 4571; x_wconf 77' lang='grc' dir='ltr'>Εἶτα</span> <span class='ocrx_word' id='word_1_651' title='bbox 2536 4513 2814 4570; x_wconf 78' lang='grc' dir='ltr'>ἐπιτείνων</span> <span class='ocrx_word' id='word_1_652' title='bbox 2871 4516 2970 4584; x_wconf 78' lang='grc' dir='ltr'><strong>τήν</strong></span> <span class='ocrx_word' id='word_1_653' title='bbox 3025 4514 3392 4591; x_wconf 74' lang='grc' dir='ltr'>παράκλησιν,</span> <span class='ocrx_word' id='word_1_654' title='bbox 3452 4515 3604 4594; x_wconf 71' lang='grc' dir='ltr'>φησί.</span> <span class='ocrx_word' id='word_1_655' title='bbox 3667 4524 3807 4570; x_wconf 81' lang='grc' dir='ltr'>Δεο-</span> 
     </span>
    </p>
   </div>
   <div class='ocr_carea' id='block_1_91' title="bbox 376 4602 2053 4681">
    <p class='ocr_par' dir='ltr' id='par_1_91' title="bbox 376 4604 2035 4681">
     <span class='ocr_line' id='line_1_91' title="bbox 376 4604 2035 4681; baseline 0.004 -21"><span class='ocrx_word' id='word_1_656' title='bbox 376 4604 557 4661; x_wconf 88' lang='lat' dir='ltr'><strong>dicit:</strong></span> <span class='ocrx_word' id='word_1_657' title='bbox 594 4608 894 4681; x_wconf 80' lang='lat' dir='ltr'><strong>Hogarunt</strong></span> <span class='ocrx_word' id='word_1_658' title='bbox 923 4625 1032 4663; x_wconf 91' lang='lat' dir='ltr'><strong>nos</strong></span> <span class='ocrx_word' id='word_1_659' title='bbox 1071 4614 1138 4663; x_wconf 90' lang='lat' dir='ltr'><strong>ut</strong></span> <span class='ocrx_word' id='word_1_660' title='bbox 1169 4609 1628 4681; x_wconf 88' lang='lat' dir='ltr'><strong>susciperemus.</strong></span> <span class='ocrx_word' id='word_1_661' title='bbox 1661 4641 1730 4651; x_wconf 91' lang='lat'><em>—</em></span> <span class='ocrx_word' id='word_1_662' title='bbox 1759 4610 1945 4667; x_wconf 75' lang='lat' dir='ltr'><strong>Aliud.</strong></span> <span class='ocrx_word' id='word_1_663' title='bbox 1967 4611 2035 4666; x_wconf 91' lang='lat' dir='ltr'><strong>In</strong></span> 
     </span>
    </p>
   </div>
   <div class='ocr_carea' id='block_1_92' title="bbox 2167 4602 3803 4681">
    <p class='ocr_par' dir='ltr' id='par_1_92' title="bbox 2167 4602 3803 4679">
     <span class='ocr_line' id='line_1_92' title="bbox 2167 4602 3803 4679; baseline 0.002 -21"><span class='ocrx_word' id='word_1_664' title='bbox 2167 4623 2303 4659; x_wconf 79' lang='grc' dir='ltr'>ιενοι</span> <span class='ocrx_word' id='word_1_665' title='bbox 2332 4608 2493 4678; x_wconf 75' lang='grc' dir='ltr'>ἡμῶν</span> <span class='ocrx_word' id='word_1_666' title='bbox 2528 4604 2604 4667; x_wconf 89' lang='grc' dir='ltr'><strong>είς</strong></span> <span class='ocrx_word' id='word_1_667' title='bbox 2659 4604 2723 4659; x_wconf 85' lang='grc' dir='ltr'>τὸ</span> <span class='ocrx_word' id='word_1_668' title='bbox 2781 4602 3049 4677; x_wconf 78' lang='grc' dir='ltr'>δέξασθαι.</span> <span class='ocrx_word' id='word_1_669' title='bbox 3085 4638 3151 4649; x_wconf 89' lang='lat'><strong><em>—</em></strong></span> <span class='ocrx_word' id='word_1_670' title='bbox 3182 4603 3380 4663; x_wconf 78' lang='grc' dir='ltr'>Ἀλλο.</span> <span class='ocrx_word' id='word_1_671' title='bbox 3442 4606 3648 4679; x_wconf 78' lang='grc' dir='ltr'><strong>[ΦΩΤ.]</strong></span> <span class='ocrx_word' id='word_1_672' title='bbox 3709 4606 3803 4662; x_wconf 82' lang='grc' dir='ltr'>Ἐν</span> 
     </span>
    </p>
   </div>
   <div class='ocr_carea' id='block_1_93' title="bbox 373 4672 2053 4771">
    <p class='ocr_par' dir='ltr' id='par_1_93' title="bbox 373 4696 2037 4771">
     <span class='ocr_line' id='line_1_93' title="bbox 373 4696 2037 4771; baseline 0.005 -22"><span class='ocrx_word' id='word_1_673' title='bbox 373 4702 541 4766; x_wconf 90' lang='lat' dir='ltr'><strong>parte</strong></span> <span class='ocrx_word' id='word_1_674' title='bbox 574 4696 685 4752; x_wconf 83' lang='lat' dir='ltr'><strong>hac</strong></span> <span class='ocrx_word' id='word_1_675' title='bbox 712 4699 1005 4754; x_wconf 86' lang='lat' dir='ltr'><strong>sermonis</strong></span> <span class='ocrx_word' id='word_1_676' title='bbox 1037 4715 1139 4756; x_wconf 87' lang='lat' dir='ltr'><strong>sex</strong></span> <span class='ocrx_word' id='word_1_677' title='bbox 1168 4699 1438 4770; x_wconf 65' lang='lat' dir='ltr'><strong>quaedam</strong></span> <span class='ocrx_word' id='word_1_678' title='bbox 1467 4701 1753 4771; x_wconf 65' lang='lat' dir='ltr'><strong>praeclara</strong></span> <span class='ocrx_word' id='word_1_679' title='bbox 1784 4706 2037 4758; x_wconf 84' lang='lat' dir='ltr'><strong>testatur</strong></span> 
     </span>
    </p>
   </div>
   <div class='ocr_carea' id='block_1_94' title="bbox 2167 4672 3802 4771">
    <p class='ocr_par' dir='ltr' id='par_1_94' title="bbox 2167 4692 3802 4771">
     <span class='ocr_line' id='line_1_94' title="bbox 2167 4692 3802 4771; baseline 0.002 -23"><span class='ocrx_word' id='word_1_680' title='bbox 2167 4696 2213 4767; x_wconf 74' lang='grc' dir='ltr'><strong>ςῇ</strong></span> <span class='ocrx_word' id='word_1_681' title='bbox 2240 4698 2513 4770; x_wconf 75' lang='grc' dir='ltr'>περικοπῇ</span> <span class='ocrx_word' id='word_1_682' title='bbox 2543 4692 2705 4751; x_wconf 78' lang='grc' dir='ltr'>τοῦδε</span> <span class='ocrx_word' id='word_1_683' title='bbox 2737 4699 2834 4750; x_wconf 80' lang='grc' dir='ltr'><strong>τοῦ</strong></span> <span class='ocrx_word' id='word_1_684' title='bbox 2866 4694 3059 4771; x_wconf 81' lang='grc' dir='ltr'>ῥητοῦ,</span> <span class='ocrx_word' id='word_1_685' title='bbox 3111 4694 3165 4768; x_wconf 74' lang='grc' dir='ltr'><strong>’ἐξ</strong></span> <span class='ocrx_word' id='word_1_686' title='bbox 3221 4716 3339 4751; x_wconf 87' lang='grc' dir='ltr'>τινα</span> <span class='ocrx_word' id='word_1_687' title='bbox 3388 4696 3802 4771; x_wconf 83' lang='grc' dir='ltr'>κατορθώματα</span> 
     </span>
    </p>
   </div>
   <div class='ocr_carea' id='block_1_95' title="bbox 370 4783 2053 4863">
    <p class='ocr_par' dir='ltr' id='par_1_95' title="bbox 370 4784 2033 4862">
     <span class='ocr_line' id='line_1_95' title="bbox 370 4784 2033 4862; baseline 0.004 -23"><span class='ocrx_word' id='word_1_688' title='bbox 370 4784 633 4842; x_wconf 79' lang='lat' dir='ltr'><strong>facinora</strong></span> <span class='ocrx_word' id='word_1_689' title='bbox 657 4787 730 4842; x_wconf 91' lang='lat' dir='ltr'><strong>de</strong></span> <span class='ocrx_word' id='word_1_690' title='bbox 756 4789 1411 4845; x_wconf 81' lang='lat' dir='ltr'><strong>MacedoniisPrimum</strong></span> <span class='ocrx_word' id='word_1_691' title='bbox 1433 4790 1674 4860; x_wconf 86' lang='lat' dir='ltr'><strong>quidem</strong></span> <span class='ocrx_word' id='word_1_692' title='bbox 1688 4790 1845 4861; x_wconf 90' lang='lat' dir='ltr'><strong>quod</strong></span> <span class='ocrx_word' id='word_1_693' title='bbox 1860 4791 2033 4862; x_wconf 80' lang='lat' dir='ltr'><strong>juxta</strong></span> 
     </span>
    </p>
   </div>
   <div class='ocr_carea' id='block_1_96' title="bbox 2167 4783 3799 4863">
    <p class='ocr_par' dir='ltr' id='par_1_96' title="bbox 2174 4783 3799 4863">
     <span class='ocr_line' id='line_1_96' title="bbox 2174 4783 3799 4863; baseline 0.002 -23"><span class='ocrx_word' id='word_1_694' title='bbox 2174 4786 2489 4861; x_wconf 83' lang='grc' dir='ltr'>μαρτύρησε</span> <span class='ocrx_word' id='word_1_695' title='bbox 2542 4791 2658 4848; x_wconf 82' lang='grc' dir='ltr'>τοῖς</span> <span class='ocrx_word' id='word_1_696' title='bbox 2732 4783 3116 4850; x_wconf 84' lang='grc' dir='ltr'>Μακεδονίοις,</span> <span class='ocrx_word' id='word_1_697' title='bbox 3202 4791 3426 4863; x_wconf 82' lang='grc' dir='ltr'>Πρῶτον</span> <span class='ocrx_word' id='word_1_698' title='bbox 3500 4788 3619 4862; x_wconf 72' lang='grc' dir='ltr'>μὲν,</span> <span class='ocrx_word' id='word_1_699' title='bbox 3706 4785 3799 4843; x_wconf 77' lang='grc' dir='ltr'><strong>ὅτι</strong></span> 
     </span>
    </p>
   </div>
   <div class='ocr_carea' id='block_1_97' title="bbox 370 4872 2053 4954">
    <p class='ocr_par' dir='ltr' id='par_1_97' title="bbox 370 4875 2033 4954">
     <span class='ocr_line' id='line_1_97' title="bbox 370 4875 2033 4954; baseline 0.004 -24"><span class='ocrx_word' id='word_1_700' title='bbox 370 4875 543 4932; x_wconf 88' lang='lat' dir='ltr'><strong>vires.</strong></span> <span class='ocrx_word' id='word_1_701' title='bbox 577 4878 849 4950; x_wconf 85' lang='lat' dir='ltr'><strong>Magnum</strong></span> <span class='ocrx_word' id='word_1_702' title='bbox 883 4886 1083 4938; x_wconf 89' lang='lat' dir='ltr'><strong>autem</strong></span> <span class='ocrx_word' id='word_1_703' title='bbox 1123 4886 1214 4935; x_wconf 91' lang='lat' dir='ltr'><strong>est</strong></span> <span class='ocrx_word' id='word_1_704' title='bbox 1271 4881 1449 4937; x_wconf 86' lang='lat' dir='ltr'><strong>etiam</strong></span> <span class='ocrx_word' id='word_1_705' title='bbox 1482 4887 1548 4937; x_wconf 92' lang='lat' dir='ltr'><strong>ut</strong></span> <span class='ocrx_word' id='word_1_706' title='bbox 1596 4882 1729 4954; x_wconf 87' lang='lat' dir='ltr'><strong>quis</strong></span> <span class='ocrx_word' id='word_1_707' title='bbox 1788 4887 2033 4953; x_wconf 70' lang='lat' dir='ltr'><strong>praestet</strong></span> 
     </span>
    </p>
   </div>
   <div class='ocr_carea' id='block_1_98' title="bbox 2167 4872 3796 4954">
    <p class='ocr_par' dir='ltr' id='par_1_98' title="bbox 2167 4872 3796 4953">
     <span class='ocr_line' id='line_1_98' title="bbox 2167 4872 3796 4953; baseline 0.001 -24"><span class='ocrx_word' id='word_1_708' title='bbox 2167 4875 2277 4930; x_wconf 72' lang='grc' dir='ltr'>ιατὰ</span> <span class='ocrx_word' id='word_1_709' title='bbox 2306 4872 2556 4949; x_wconf 80' lang='grc' dir='ltr'>δύναμιν.</span> <span class='ocrx_word' id='word_1_710' title='bbox 2599 4874 2747 4951; x_wconf 83' lang='grc' dir='ltr'>Μέγα</span> <span class='ocrx_word' id='word_1_711' title='bbox 2805 4874 2883 4945; x_wconf 71' lang='grc' dir='ltr'>δὲ,</span> <span class='ocrx_word' id='word_1_712' title='bbox 2941 4875 3032 4931; x_wconf 73' lang='grc' dir='ltr'><strong>καὶ</strong></span> <span class='ocrx_word' id='word_1_713' title='bbox 3085 4877 3148 4932; x_wconf 87' lang='grc' dir='ltr'>τὸ</span> <span class='ocrx_word' id='word_1_714' title='bbox 3199 4878 3432 4932; x_wconf 88' lang='grc' dir='ltr'>καθόσον</span> <span class='ocrx_word' id='word_1_715' title='bbox 3493 4875 3675 4953; x_wconf 73' lang='grc' dir='ltr'>ἴσχύει</span> <span class='ocrx_word' id='word_1_716' title='bbox 3705 4895 3796 4940; x_wconf 88' lang='grc' dir='ltr'><strong>τις</strong></span> 
     </span>
    </p>
   </div>
   <div class='ocr_carea' id='block_1_99' title="bbox 367 4963 2053 5046">
    <p class='ocr_par' dir='ltr' id='par_1_99' title="bbox 367 4963 2030 5040">
     <span class='ocr_line' id='line_1_99' title="bbox 367 4963 2030 5040; baseline 0.004 -22"><span class='ocrx_word' id='word_1_717' title='bbox 367 4963 808 5038; x_wconf 85' lang='lat' dir='ltr'><strong>eleemosynam</strong></span> <span class='ocrx_word' id='word_1_718' title='bbox 835 4974 1129 5039; x_wconf 87' lang='lat' dir='ltr'><strong>quatenus</strong></span> <span class='ocrx_word' id='word_1_719' title='bbox 1151 4974 1510 5040; x_wconf 89' lang='lat' dir='ltr'><strong>etquantum</strong></span> <span class='ocrx_word' id='word_1_720' title='bbox 1533 4975 1729 5040; x_wconf 86' lang='lat' dir='ltr'><strong>potest</strong></span> <span class='ocrx_word' id='word_1_721' title='bbox 1752 4969 1877 5025; x_wconf 89' lang='lat' dir='ltr'><strong>:sed</strong></span> <span class='ocrx_word' id='word_1_722' title='bbox 1900 4985 2030 5025; x_wconf 87' lang='lat' dir='ltr'><strong>ma-</strong></span> 
     </span>
    </p>
   </div>
   <div class='ocr_carea' id='block_1_100' title="bbox 2167 4963 3791 5046">
    <p class='ocr_par' dir='ltr' id='par_1_100' title="bbox 2167 4963 3791 5046">
     <span class='ocr_line' id='line_1_100' title="bbox 2167 4963 3791 5046; baseline 0 -25"><span class='ocrx_word' id='word_1_723' title='bbox 2167 4963 2801 5039; x_wconf 74' lang='grc' dir='ltr'>τοιῆσαιέλεημοσύνην.</span> <span class='ocrx_word' id='word_1_724' title='bbox 2834 4967 2896 5024; x_wconf 81' lang='grc' dir='ltr'>Ὀ</span> <span class='ocrx_word' id='word_1_725' title='bbox 2955 4964 3012 5022; x_wconf 71' lang='grc' dir='ltr'>δὲ</span> <span class='ocrx_word' id='word_1_726' title='bbox 3067 4965 3157 5021; x_wconf 84' lang='grc' dir='ltr'><strong>καὶ</strong></span> <span class='ocrx_word' id='word_1_727' title='bbox 3219 4967 3403 5039; x_wconf 84' lang='grc' dir='ltr'>μεῖζόν</span> <span class='ocrx_word' id='word_1_728' title='bbox 3458 4988 3644 5046; x_wconf 74' lang='grc' dir='ltr'>φησιν,</span> <span class='ocrx_word' id='word_1_729' title='bbox 3678 4964 3791 5038; x_wconf 80' lang='grc' dir='ltr'>ὅτι,</span> 
     </span>
    </p>
   </div>
   <div class='ocr_carea' id='block_1_101' title="bbox 355 5053 2053 5132">
    <p class='ocr_par' dir='ltr' id='par_1_101' title="bbox 355 5053 2026 5130">
     <span class='ocr_line' id='line_1_101' title="bbox 355 5053 2026 5130; baseline 0.005 -23"><span class='ocrx_word' id='word_1_730' title='bbox 355 5053 457 5122; x_wconf 90' lang='lat' dir='ltr'><strong>jus</strong></span> <span class='ocrx_word' id='word_1_731' title='bbox 489 5061 579 5109; x_wconf 88' lang='lat' dir='ltr'><strong>est</strong></span> <span class='ocrx_word' id='word_1_732' title='bbox 634 5056 795 5127; x_wconf 91' lang='lat' dir='ltr'><strong>quod</strong></span> <span class='ocrx_word' id='word_1_733' title='bbox 825 5058 907 5112; x_wconf 88' lang='lat' dir='ltr'><strong>ait</strong></span> <span class='ocrx_word' id='word_1_734' title='bbox 936 5074 947 5113; x_wconf 91' lang='lat'><strong>:</strong></span> <span class='ocrx_word' id='word_1_735' title='bbox 989 5078 1010 5105; x_wconf 71' lang='grc' dir='ltr'><strong>α</strong></span> <span class='ocrx_word' id='word_1_736' title='bbox 1040 5058 1229 5129; x_wconf 87' lang='lat' dir='ltr'><strong>Supra</strong></span> <span class='ocrx_word' id='word_1_737' title='bbox 1254 5059 1427 5114; x_wconf 85' lang='lat' dir='ltr'><strong>vires.</strong></span> <span class='ocrx_word' id='word_1_738' title='bbox 1460 5080 1490 5109; x_wconf 85' lang='lat'><strong>»</strong></span> <span class='ocrx_word' id='word_1_739' title='bbox 1524 5059 1636 5114; x_wconf 87' lang='lat' dir='ltr'><strong>hoc</strong></span> <span class='ocrx_word' id='word_1_740' title='bbox 1667 5064 1777 5123; x_wconf 87' lang='lat' dir='ltr'><strong>est,</strong></span> <span class='ocrx_word' id='word_1_741' title='bbox 1797 5060 2026 5130; x_wconf 85' lang='lat' dir='ltr'><strong>seipsos</strong></span> 
     </span>
    </p>
   </div>
   <div class='ocr_carea' id='block_1_102' title="bbox 2167 5053 3790 5132">
    <p class='ocr_par' dir='ltr' id='par_1_102' title="bbox 2201 5053 3790 5132">
     <span class='ocr_line' id='line_1_102' title="bbox 2201 5053 3790 5132; baseline 0 -21"><span class='ocrx_word' id='word_1_742' title='bbox 2201 5056 2300 5111; x_wconf 73' lang='grc' dir='ltr'><strong>Καὶ</strong></span> <span class='ocrx_word' id='word_1_743' title='bbox 2334 5056 2467 5131; x_wconf 64' lang='grc' dir='ltr'>ὑπερ</span> <span class='ocrx_word' id='word_1_744' title='bbox 2499 5053 2748 5129; x_wconf 87' lang='grc' dir='ltr'>δύναμιν,</span> <span class='ocrx_word' id='word_1_745' title='bbox 2784 5080 2812 5109; x_wconf 88' lang='grc'><strong>››</strong></span> <span class='ocrx_word' id='word_1_746' title='bbox 2841 5057 3117 5112; x_wconf 82' lang='grc' dir='ltr'>τουτέστιν</span> <span class='ocrx_word' id='word_1_747' title='bbox 3149 5056 3372 5119; x_wconf 74' lang='grc' dir='ltr'>ἑαυτοὺς</span> <span class='ocrx_word' id='word_1_748' title='bbox 3421 5058 3790 5132; x_wconf 75' lang='grc' dir='ltr'>ἀποστεροῦν-</span> 
     </span>
    </p>
   </div>
   <div class='ocr_carea' id='block_1_103' title="bbox 362 5143 2053 5221">
    <p class='ocr_par' dir='ltr' id='par_1_103' title="bbox 362 5144 2022 5218">
     <span class='ocr_line' id='line_1_103' title="bbox 362 5144 2022 5218; baseline 0.004 -21"><span class='ocrx_word' id='word_1_749' title='bbox 362 5144 682 5214; x_wconf 85' lang='lat' dir='ltr'><strong>privantes.</strong></span> <span class='ocrx_word' id='word_1_750' title='bbox 711 5147 780 5200; x_wconf 86' lang='lat' dir='ltr'><strong>Et</strong></span> <span class='ocrx_word' id='word_1_751' title='bbox 831 5148 1072 5203; x_wconf 85' lang='lat' dir='ltr'><strong>tertium</strong></span> <span class='ocrx_word' id='word_1_752' title='bbox 1103 5149 1261 5218; x_wconf 90' lang='lat' dir='ltr'><strong>quod</strong></span> <span class='ocrx_word' id='word_1_753' title='bbox 1291 5148 1549 5203; x_wconf 90' lang='lat' dir='ltr'><strong>ultronei</strong></span> <span class='ocrx_word' id='word_1_754' title='bbox 1586 5166 1597 5202; x_wconf 88' lang='lat'>:</span> <span class='ocrx_word' id='word_1_755' title='bbox 1626 5148 1737 5203; x_wconf 88' lang='lat' dir='ltr'><strong>hoc</strong></span> <span class='ocrx_word' id='word_1_756' title='bbox 1768 5153 1875 5213; x_wconf 85' lang='lat' dir='ltr'><strong>est,</strong></span> <span class='ocrx_word' id='word_1_757' title='bbox 1900 5166 2022 5204; x_wconf 91' lang='lat' dir='ltr'><strong>non</strong></span> 
     </span>
    </p>
   </div>
   <div class='ocr_carea' id='block_1_104' title="bbox 2167 5143 3788 5221">
    <p class='ocr_par' dir='ltr' id='par_1_104' title="bbox 2167 5143 3788 5221">
     <span class='ocr_line' id='line_1_104' title="bbox 2167 5143 3788 5221; baseline 0 -19"><span class='ocrx_word' id='word_1_758' title='bbox 2167 5166 2241 5207; x_wconf 86' lang='grc' dir='ltr'><strong>ες.</strong></span> <span class='ocrx_word' id='word_1_759' title='bbox 2275 5147 2378 5202; x_wconf 83' lang='grc' dir='ltr'>Καὶ</span> <span class='ocrx_word' id='word_1_760' title='bbox 2407 5144 2614 5220; x_wconf 89' lang='grc' dir='ltr'>τρίτον,</span> <span class='ocrx_word' id='word_1_761' title='bbox 2648 5147 2732 5203; x_wconf 82' lang='grc' dir='ltr'><strong>δτι</strong></span> <span class='ocrx_word' id='word_1_762' title='bbox 2774 5146 3106 5221; x_wconf 79' lang='grc' dir='ltr'>αὐθαίρετοι,</span> <span class='ocrx_word' id='word_1_763' title='bbox 3136 5145 3434 5216; x_wconf 85' lang='grc' dir='ltr'>τουτέστιν,</span> <span class='ocrx_word' id='word_1_764' title='bbox 3467 5146 3568 5202; x_wconf 82' lang='grc' dir='ltr'>οὐκ</span> <span class='ocrx_word' id='word_1_765' title='bbox 3624 5143 3788 5219; x_wconf 61' lang='grc' dir='ltr'>έδεήη</span> 
     </span>
    </p>
   </div>
   <div class='ocr_carea' id='block_1_105' title="bbox 360 5233 2053 5311">
    <p class='ocr_par' dir='ltr' id='par_1_105' title="bbox 360 5233 2019 5308">
     <span class='ocr_line' id='line_1_105' title="bbox 360 5233 2019 5308; baseline 0.003 -19"><span class='ocrx_word' id='word_1_766' title='bbox 360 5233 482 5289; x_wconf 90' lang='lat' dir='ltr'><strong>illis</strong></span> <span class='ocrx_word' id='word_1_767' title='bbox 514 5251 662 5305; x_wconf 86' lang='lat' dir='ltr'><strong>opus</strong></span> <span class='ocrx_word' id='word_1_768' title='bbox 691 5234 803 5291; x_wconf 83' lang='lat' dir='ltr'><strong>fuit</strong></span> <span class='ocrx_word' id='word_1_769' title='bbox 843 5237 1038 5293; x_wconf 87' lang='lat' dir='ltr'><strong>aliena</strong></span> <span class='ocrx_word' id='word_1_770' title='bbox 1089 5238 1520 5305; x_wconf 89' lang='lat' dir='ltr'><strong>admonitione,</strong></span> <span class='ocrx_word' id='word_1_771' title='bbox 1547 5238 1649 5293; x_wconf 87' lang='lat' dir='ltr'><strong>sed</strong></span> <span class='ocrx_word' id='word_1_772' title='bbox 1674 5238 1785 5308; x_wconf 87' lang='lat' dir='ltr'><strong>ipsi</strong></span> <span class='ocrx_word' id='word_1_773' title='bbox 1823 5256 1893 5294; x_wconf 85' lang='lat' dir='ltr'><strong>ex</strong></span> <span class='ocrx_word' id='word_1_774' title='bbox 1925 5256 2019 5296; x_wconf 89' lang='lat' dir='ltr'><strong>se-</strong></span> 
     </span>
    </p>
   </div>
   <div class='ocr_carea' id='block_1_106' title="bbox 2167 5233 3789 5311">
    <p class='ocr_par' dir='ltr' id='par_1_106' title="bbox 2167 5233 3789 5311">
     <span class='ocr_line' id='line_1_106' title="bbox 2167 5233 3789 5311; baseline 0.001 -20"><span class='ocrx_word' id='word_1_775' title='bbox 2167 5257 2301 5306; x_wconf 82' lang='grc' dir='ltr'>ησαν</span> <span class='ocrx_word' id='word_1_776' title='bbox 2334 5236 2410 5296; x_wconf 84' lang='grc' dir='ltr'>εἷς</span> <span class='ocrx_word' id='word_1_777' title='bbox 2438 5234 2600 5291; x_wconf 68' lang='grc' dir='ltr'>τοῦτο</span> <span class='ocrx_word' id='word_1_778' title='bbox 2629 5238 2998 5311; x_wconf 72' lang='grc' dir='ltr'>παραινέσεως</span> <span class='ocrx_word' id='word_1_779' title='bbox 3057 5233 3383 5311; x_wconf 79' lang='grc' dir='ltr'>ἀλλοτρίας,</span> <span class='ocrx_word' id='word_1_780' title='bbox 3442 5234 3573 5292; x_wconf 83' lang='grc' dir='ltr'>ἀλλ’</span> <span class='ocrx_word' id='word_1_781' title='bbox 3627 5236 3789 5293; x_wconf 80' lang='grc' dir='ltr'>αὐτοὶ</span> 
     </span>
    </p>
   </div>
   <div class='ocr_carea' id='block_1_107' title="bbox 356 5323 2053 5403">
    <p class='ocr_par' dir='ltr' id='par_1_107' title="bbox 356 5323 2017 5400">
     <span class='ocr_line' id='line_1_107' title="bbox 356 5323 2017 5400; baseline 0.004 -22"><span class='ocrx_word' id='word_1_782' title='bbox 356 5323 503 5395; x_wconf 88' lang='lat' dir='ltr'><strong>ipsis</strong></span> <span class='ocrx_word' id='word_1_783' title='bbox 534 5324 692 5396; x_wconf 88' lang='lat' dir='ltr'><strong>quod</strong></span> <span class='ocrx_word' id='word_1_784' title='bbox 724 5325 947 5382; x_wconf 85' lang='lat' dir='ltr'><strong>bonum</strong></span> <span class='ocrx_word' id='word_1_785' title='bbox 1004 5333 1097 5383; x_wconf 90' lang='lat' dir='ltr'><strong>est</strong></span> <span class='ocrx_word' id='word_1_786' title='bbox 1144 5327 1472 5400; x_wconf 86' lang='lat' dir='ltr'><strong>elegerunt.</strong></span> <span class='ocrx_word' id='word_1_787' title='bbox 1517 5328 1824 5393; x_wconf 89' lang='lat' dir='ltr'><strong>Quartum,</strong></span> <span class='ocrx_word' id='word_1_788' title='bbox 1856 5328 2017 5400; x_wconf 86' lang='lat' dir='ltr'><strong>quod</strong></span> 
     </span>
    </p>
   </div>
   <div class='ocr_carea' id='block_1_108' title="bbox 2167 5323 3793 5403">
    <p class='ocr_par' dir='ltr' id='par_1_108' title="bbox 2167 5324 3793 5403">
     <span class='ocr_line' id='line_1_108' title="bbox 2167 5324 3793 5403; baseline 0.001 -21"><span class='ocrx_word' id='word_1_789' title='bbox 2167 5330 2178 5396; x_wconf 80' lang='grc' dir='ltr'>Ξ</span> <span class='ocrx_word' id='word_1_790' title='bbox 2213 5327 2437 5396; x_wconf 73' lang='grc' dir='ltr'>ἑαυτῶν,</span> <span class='ocrx_word' id='word_1_791' title='bbox 2470 5327 2532 5381; x_wconf 89' lang='grc' dir='ltr'>τὸ</span> <span class='ocrx_word' id='word_1_792' title='bbox 2562 5326 2768 5403; x_wconf 85' lang='grc' dir='ltr'>ἀγαθὸν</span> <span class='ocrx_word' id='word_1_793' title='bbox 2799 5326 3143 5401; x_wconf 77' lang='grc' dir='ltr'>ῄρετίσαντο.</span> <span class='ocrx_word' id='word_1_794' title='bbox 3201 5324 3499 5403; x_wconf 73' lang='grc' dir='ltr'>Τέταρτον,</span> <span class='ocrx_word' id='word_1_795' title='bbox 3533 5327 3616 5381; x_wconf 85' lang='grc' dir='ltr'><strong>ὅτι</strong></span> <span class='ocrx_word' id='word_1_796' title='bbox 3652 5328 3793 5399; x_wconf 79' lang='grc' dir='ltr'>μετὰ</span> 
     </span>
    </p>
   </div>
   <div class='ocr_carea' id='block_1_109' title="bbox 353 5410 2053 5492">
    <p class='ocr_par' dir='ltr' id='par_1_109' title="bbox 353 5414 2017 5488">
     <span class='ocr_line' id='line_1_109' title="bbox 353 5414 2017 5488; baseline 0.003 -18"><span class='ocrx_word' id='word_1_797' title='bbox 353 5414 543 5471; x_wconf 86' lang='lat' dir='ltr'><strong>multa</strong></span> <span class='ocrx_word' id='word_1_798' title='bbox 565 5432 697 5470; x_wconf 88' lang='lat' dir='ltr'><strong>cum</strong></span> <span class='ocrx_word' id='word_1_799' title='bbox 716 5416 1297 5488; x_wconf 88' lang='lat' dir='ltr'><strong>obtestatione,quod</strong></span> <span class='ocrx_word' id='word_1_800' title='bbox 1326 5415 1566 5472; x_wconf 65' lang='lat' dir='ltr'><strong>fervidus</strong></span> <span class='ocrx_word' id='word_1_801' title='bbox 1596 5417 1911 5474; x_wconf 85' lang='lat' dir='ltr'><strong>voluntatis</strong></span> <span class='ocrx_word' id='word_1_802' title='bbox 1925 5423 2017 5475; x_wconf 89' lang='lat' dir='ltr'><strong>est</strong></span> 
     </span>
    </p>
   </div>
   <div class='ocr_carea' id='block_1_110' title="bbox 2167 5410 3792 5492">
    <p class='ocr_par' dir='ltr' id='par_1_110' title="bbox 2167 5410 3792 5492">
     <span class='ocr_line' id='line_1_110' title="bbox 2167 5410 3792 5492; baseline 0 -22"><span class='ocrx_word' id='word_1_803' title='bbox 2167 5412 2347 5484; x_wconf 77' lang='grc' dir='ltr'>ολλῆς</span> <span class='ocrx_word' id='word_1_804' title='bbox 2379 5413 2800 5491; x_wconf 74' lang='grc' dir='ltr'>παρακλήσεως,</span> <span class='ocrx_word' id='word_1_805' title='bbox 2823 5413 2957 5492; x_wconf 75' lang='grc' dir='ltr'>ὅπερ</span> <span class='ocrx_word' id='word_1_806' title='bbox 2987 5414 3100 5471; x_wconf 76' lang='grc' dir='ltr'>ἐστὶ</span> <span class='ocrx_word' id='word_1_807' title='bbox 3133 5421 3363 5490; x_wconf 78' lang='grc' dir='ltr'>θερμῆς,</span> <span class='ocrx_word' id='word_1_808' title='bbox 3393 5414 3483 5471; x_wconf 89' lang='grc' dir='ltr'><strong>καὶ</strong></span> <span class='ocrx_word' id='word_1_809' title='bbox 3517 5410 3792 5492; x_wconf 76' lang='grc' dir='ltr'>ὑπερϐλυ,</span> 
     </span>
    </p>
   </div>
   <div class='ocr_carea' id='block_1_111' title="bbox 350 5501 2053 5583">
    <p class='ocr_par' dir='ltr' id='par_1_111' title="bbox 350 5504 2012 5580">
     <span class='ocr_line' id='line_1_111' title="bbox 350 5504 2012 5580; baseline 0.004 -22"><span class='ocrx_word' id='word_1_810' title='bbox 350 5519 418 5559; x_wconf 88' lang='lat' dir='ltr'><strong>ac</strong></span> <span class='ocrx_word' id='word_1_811' title='bbox 450 5504 894 5578; x_wconf 81' lang='lat' dir='ltr'><strong>eleemosynam</strong></span> <span class='ocrx_word' id='word_1_812' title='bbox 920 5506 1515 5576; x_wconf 72' lang='lat' dir='ltr'><strong>etfundentis.Neque</strong></span> <span class='ocrx_word' id='word_1_813' title='bbox 1532 5507 1693 5562; x_wconf 90' lang='lat' dir='ltr'><strong>enim</strong></span> <span class='ocrx_word' id='word_1_814' title='bbox 1724 5513 2012 5580; x_wconf 88' lang='lat' dir='ltr'><strong>tanquam</strong></span> 
     </span>
    </p>
   </div>
   <div class='ocr_carea' id='block_1_112' title="bbox 2167 5501 3797 5583">
    <p class='ocr_par' dir='ltr' id='par_1_112' title="bbox 2167 5501 3797 5583">
     <span class='ocr_line' id='line_1_112' title="bbox 2167 5501 3797 5583; baseline 0 -24"><span class='ocrx_word' id='word_1_815' title='bbox 2167 5504 2324 5575; x_wconf 66' lang='grc' dir='ltr'>ούσης</span> <span class='ocrx_word' id='word_1_816' title='bbox 2351 5506 2453 5573; x_wconf 74' lang='grc' dir='ltr'>αὴν</span> <span class='ocrx_word' id='word_1_817' title='bbox 2474 5501 2863 5577; x_wconf 72' lang='grc' dir='ltr'>ἓλεημοσύνην</span> <span class='ocrx_word' id='word_1_818' title='bbox 2885 5504 3288 5581; x_wconf 84' lang='grc' dir='ltr'>προαιρέσεως.</span> <span class='ocrx_word' id='word_1_819' title='bbox 3319 5503 3402 5563; x_wconf 80' lang='grc' dir='ltr'><strong>Οὐ</strong></span> <span class='ocrx_word' id='word_1_820' title='bbox 3425 5504 3537 5583; x_wconf 78' lang='grc' dir='ltr'>γὰρ</span> <span class='ocrx_word' id='word_1_821' title='bbox 3561 5505 3638 5567; x_wconf 83' lang='grc' dir='ltr'><strong>ὡς</strong></span> <span class='ocrx_word' id='word_1_822' title='bbox 3657 5503 3797 5560; x_wconf 81' lang='grc' dir='ltr'>αὐτο</span> 
     </span>
    </p>
   </div>
   <div class='ocr_carea' id='block_1_113' title="bbox 345 5588 2053 5669">
    <p class='ocr_par' dir='ltr' id='par_1_113' title="bbox 345 5593 2008 5669">
     <span class='ocr_line' id='line_1_113' title="bbox 345 5593 2008 5669; baseline 0.003 -21"><span class='ocrx_word' id='word_1_823' title='bbox 345 5594 594 5665; x_wconf 88' lang='lat' dir='ltr'><strong>gratiam</strong></span> <span class='ocrx_word' id='word_1_824' title='bbox 621 5593 755 5651; x_wconf 90' lang='lat' dir='ltr'><strong>aliis</strong></span> <span class='ocrx_word' id='word_1_825' title='bbox 786 5602 1160 5668; x_wconf 79' lang='lat' dir='ltr'><strong>praestantes,</strong></span> <span class='ocrx_word' id='word_1_826' title='bbox 1197 5595 1301 5652; x_wconf 88' lang='lat' dir='ltr'><strong>sed</strong></span> <span class='ocrx_word' id='word_1_827' title='bbox 1336 5601 1617 5667; x_wconf 89' lang='lat' dir='ltr'><strong>tanquam</strong></span> <span class='ocrx_word' id='word_1_828' title='bbox 1674 5596 1788 5669; x_wconf 88' lang='lat' dir='ltr'><strong>ipsi</strong></span> <span class='ocrx_word' id='word_1_829' title='bbox 1817 5598 2008 5655; x_wconf 83' lang='lat' dir='ltr'><strong>maxi-</strong></span> 
     </span>
    </p>
   </div>
   <div class='ocr_carea' id='block_1_114' title="bbox 2167 5588 3787 5669">
    <p class='ocr_par' dir='ltr' id='par_1_114' title="bbox 2167 5588 3787 5669">
     <span class='ocr_line' id='line_1_114' title="bbox 2167 5588 3787 5669; baseline -0.001 -22"><span class='ocrx_word' id='word_1_830' title='bbox 2167 5591 2324 5669; x_wconf 76' lang='grc' dir='ltr'>τέροις</span> <span class='ocrx_word' id='word_1_831' title='bbox 2356 5592 2518 5665; x_wconf 83' lang='grc' dir='ltr'>χάριν</span> <span class='ocrx_word' id='word_1_832' title='bbox 2549 5589 2981 5666; x_wconf 87' lang='grc' dir='ltr'>κατατιθέμενοι,</span> <span class='ocrx_word' id='word_1_833' title='bbox 3026 5589 3153 5649; x_wconf 80' lang='grc' dir='ltr'>ἀλλ’</span> <span class='ocrx_word' id='word_1_834' title='bbox 3207 5591 3283 5655; x_wconf 84' lang='grc' dir='ltr'>ὠς</span> <span class='ocrx_word' id='word_1_835' title='bbox 3348 5592 3507 5648; x_wconf 82' lang='grc' dir='ltr'>αὐτοὶ</span> <span class='ocrx_word' id='word_1_836' title='bbox 3562 5588 3787 5667; x_wconf 82' lang='grc' dir='ltr'>μεγάλα</span> 
     </span>
    </p>
   </div>
   <div class='ocr_carea' id='block_1_115' title="bbox 414 5774 862 5849">
    <p class='ocr_par' dir='ltr' id='par_1_115' title="bbox 414 5774 862 5849">
     <span class='ocr_line' id='line_1_115' title="bbox 414 5774 862 5849; baseline -0.004 -17"><span class='ocrx_word' id='word_1_837' title='bbox 414 5774 461 5812; x_wconf 72' lang='grc'><strong>⁸⁸</strong></span> <span class='ocrx_word' id='word_1_838' title='bbox 490 5775 625 5835; x_wconf 81' lang='lat' dir='ltr'><strong>Luc.</strong></span> <span class='ocrx_word' id='word_1_839' title='bbox 659 5791 774 5849; x_wconf 72' lang='lat' dir='ltr'><strong>xxx,</strong></span> <span class='ocrx_word' id='word_1_840' title='bbox 808 5779 862 5831; x_wconf 87' lang='lat'><strong>2.</strong></span> 
     </span>
    </p>
   </div>
  </div>
