4080 6370
304 483 463 546 1009

1241 467 1660 532 CUMMENT.
1708 465 1791 523 IN
1839 457 2093 520 EPIST.
2142 456 2195 516 ll
2242 458 2343 516 AD
2389 455 2759 516 CORINTH.

3583 457 3740 517 1010

302 614 700 693 κερδαίνοντες,
733 607 1094 686 παρεκάλουν,
1156 601 1391 671 ἐδέοντο,
1450 600 1540 655 καὶ
1593 599 1696 693 οῦκ
1748 593 1955 693 ἀνίεσαν

2081 607 2242 646 mum
2271 591 2511 647 lucrum
2542 592 2850 659 facientes,
2885 592 3341 648 obtestabantur
3377 596 3436 647 et
3464 591 3742 648 obsecra-

309 680 579 778 δεῦμενοι.
615 680 872 774 Δεδμεντοι
921 698 1046 773 γὰρ,
1109 692 1294 771 φησὶν,
1345 694 1525 765 ἡμῶν.
1587 680 1976 778 Πέμπτονιδτι

307 767 416 852 καὶ¹
455 795 582 868 παρ’
668 767 899 850 ἐλπίδας
934 767 1218 840 τινίαύλου.
1306 783 1448 855 ’Ὀρα
1513 781 1620 868 ποῦ
1691 767 1978 868 ἀνεβίϐασε

307 888 373 943 τὸ
402 889 646 960 πρᾶγμα·
683 880 781 936 Καὶ
813 879 950 950 ἐμοῦ
981 874 1168 943 αὐτοῦ,
1228 871 1383 949 φησὶ,
1449 863 1974 960 μεγαλοψυχότερον

311 952 622 1042 διετέθησαν
661 1012 674 1030 .
741 968 818 1027 Οὐ
883 966 986 1045 γάρ
1041 963 1152 1040 ἐγὼ
1208 961 1399 1028 αὐτὸς,
1463 957 1648 1033 φησὶν,
1704 952 1968 1045 ἤλπιζον,

309 1038 566 1121 τοσοῦτον
629 1058 828 1120 αὐτοὺς
898 1038 1280 1127 έλεημοσύνην
1362 1046 1809 1124 δαψιλεύσασθαι,
1855 1042 1883 1097 ὁ
1917 1038 1975 1096 δὲ

310 1151 436 1211 οὐδὲ
493 1150 713 1213 τούτοις
767 1145 1006 1217 ἠρκέσθη
1040 1187 1056 1214 ,
1116 1141 1243 1198 ἀλλ’
1305 1139 1393 1194 ἐπὶ
1445 1141 1514 1212 τῇ
1569 1133 1970 1209 συμπληρώσει

306 1251 407 1313 τῆς
466 1236 721 1314 περίδου,
778 1237 843 1292 τὸ
906 1239 1088 1308 μεῖζον
1160 1231 1377 1286 πάντων
1433 1229 1660 1292 τέθεικε.
1717 1222 1786 1280 Τί
1841 1224 1967 1314 γὰρ,

308 1310 494 1412 φησὶν,
541 1310 646 1400 ἦν,
688 1327 717 1382 ὃ
752 1326 890 1380 κατά
948 1321 1197 1394 δύναμιν,
1258 1319 1348 1374 καὶ
1405 1318 1537 1392 ὑπὲρ
1591 1312 1820 1385 δύναμιν
1878 1310 1969 1365 καὶ

307 1400 647 1494 ἀῦθαίρετοι.
703 1417 792 1472 καὶ
883 1409 1348 1488 παρακαλοῦντες,
1419 1407 1506 1462 καὶ
1569 1402 1820 1479 δεόμενοι
1878 1400 1969 1455 καὶ

305 1513 432 1587 παρ’
474 1489 483 1494 ἰ
519 1504 747 1568 ἐλπίδας
833 1503 1100 1570 έποίουν;
1187 1503 1256 1554 ’Ώ
1337 1496 1567 1587 μέγεθος
1625 1495 1838 1587 ἀρε-τῆς⁸
1877 1489 1969 1587 καί

307 1579 692 1674 ἐλέημοσύνης
763 1593 918 1665 ἀξίας
989 1595 1096 1646 τῶν
1182 1589 1284 1645 τοῦ
1345 1585 1566 1642 Παύλου
1624 1579 1966 1674 ἐγκωμίωνί

309 1692 381 1751 Τί
510 1690 538 1744 ὃ
573 1685 791 1742 ἕποίουν
830 1702 845 1751 ;
879 1705 905 1736 α
933 1679 1184 1739 ’Έδωκαν
1243 1676 1489 1743 ἑαυτοὺς,
1550 1673 1708 1750 φησί,
1748 1673 1964 1743 πρῶτον

309 1786 393 1853 τῷ
423 1757 610 1853 Κυρίῳ
675 1773 766 1830 καὶ
823 1772 986 1845 ἡμῖν,
1045 1769 1133 1824 διὸ
1202 1766 1520 1838 θέλήματος
1580 1765 1734 1818 Θεοῦ.
1773 1783 1800 1853 υ
1855 1757 1969 1815 Οὐκ

311 1851 519 1926 ἔδωκαν
553 1869 716 1942 μέρος
747 1885 822 1932 τι,
861 1863 953 1917 καὶ
1015 1861 1180 1934 μέρος
1208 1857 1335 1928 πηρ’
1401 1855 1615 1915 ἑαυτοῖς
1671 1851 1964 1924 κατέσχον,

2085 681 2227 736 bant
2252 700 2264 736 :
2298 699 2407 738 nec
2429 683 2782 754 quieverunt
2801 699 2834 737 a
2855 683 3151 754 precibus.
3180 685 3495 756 Rogantes,
3520 683 3736 754 inquit,

2085 787 2213 826 nos.
2242 772 2524 837 Quintum
2547 771 2707 844 quod
2741 771 2921 827 etiam
2951 788 3128 842 supra
3149 788 3218 827 ea
3238 789 3369 842 quas
3402 779 3738 844 speraverat

2084 862 2320 917 Paulus.
2359 863 2500 918 Vide
2526 879 2642 934 quo
2674 879 2798 917 rem
2859 863 3247 933 produxerit:
3300 865 3368 917 Et
3415 865 3733 936 meipsum,

2083 952 2295 1024 inquit,
2342 953 2530 1025 magis
2587 953 3033 1021 magnanimum
3080 953 3508 1019 reddiderunt;
3541 969 3735 1024 neque

2084 1043 2242 1098 enim
2261 1058 2367 1115 ego
2393 1043 2518 1114 ipse
2561 1041 2873 1114 sperabam
2934 1042 3091 1112 quod
3150 1046 3273 1098 tam
3333 1042 3734 1098 abundantem

2080 1130 2524 1202 eleemosynam
2548 1137 2829 1202 praestare
2852 1135 3116 1203 possent.
3145 1133 3220 1186 At
3240 1148 3315 1186 ne
3347 1132 3473 1186 haec
3495 1132 3736 1202 quidem

2081 1220 2168 1274 illi
2202 1222 2344 1276 satis
2375 1222 2636 1288 fuerunt,
2692 1223 2796 1277 sed
2844 1222 2917 1276 ad
2965 1222 3473 1293 complementum
3507 1222 3737 1294 periodi

2081 1310 2239 1381 quod
2262 1311 2540 1365 onmibus
2565 1312 2758 1382 majus
2783 1316 2874 1366 est
2894 1311 3110 1382 posuit.
3132 1311 3283 1376 Quid
3307 1311 3464 1366 enim
3497 1311 3630 1379 fuit,
3655 1312 3741 1367 in-

2081 1400 2227 1472 quit,
2262 1400 2420 1471 quod
2443 1401 2616 1471 juxta
2632 1401 2786 1455 vires
2805 1401 3259 1472 ethsupravires,
3289 1406 3348 1456 et
3364 1401 3644 1463 ultronei,
3677 1407 3736 1456 et

2079 1489 2447 1544 obtestantes
2478 1506 2544 1543 ac
2590 1494 2852 1556 orantes,
2885 1496 2942 1545 et
2974 1490 3106 1561 plus
3138 1506 3317 1560 quam
3357 1505 3736 1561 speraremus

2077 1579 2349 1635 fecerunt
2372 1579 2399 1634 εἴ
2429 1580 2472 1635 Ο
2496 1580 2967 1652 magnitudinem
2990 1581 3224 1636 virtutis
3250 1597 3318 1635 ac
3338 1581 3732 1651 eleemosynm

2078 1668 2268 1741 dignm
2302 1686 2443 1725 sane
2474 1669 2639 1724 Pauli
2671 1671 2998 1725 encomiis!
3038 1670 3188 1735 Quid
3230 1675 3321 1725 est
3376 1670 3525 1725 illud
3570 1669 3731 1740 quod

2076 1759 2346 1815 fecerunt
2367 1759 2439 1813 ?«
2473 1761 2710 1832 Seipsos
2742 1761 2958 1832 inquit,
2991 1761 3302 1828 dederunt,
3331 1762 3592 1833 primum
3620 1763 3732 1815 Do-

2077 1848 2262 1914 mino,
2297 1848 2513 1904 deinde
2541 1855 2598 1904 et
2627 1850 2800 1904 nobis
2832 1867 2938 1921 per
2966 1851 3331 1907 voluntatem
3363 1851 3487 1906 Dei.
3513 1873 3542 1901 »
3598 1852 3726 1906 Non

313 1957 443 2016 ἀλλ’
499 1937 718 2018 ἑαυτοὺς
775 1952 940 2012 ὅλους
1008 1952 1088 2021 τῷ
1147 1947 1352 2037 Κυρίῳ,
1406 1937 1808 2037 ὡσανεῖ,ῌοῦδὶ
1841 1937 1955 2037 ,τὰς

2075 1945 2304 2010 partem
2336 1940 2598 2010 aliquam
2630 1941 2922 1996 dederunt
2969 1947 3026 1996 et
3052 1948 3281 2012 partem
3315 1941 3425 1998 sibi
3457 1941 3723 1996 retinue-

311 2052 410 2106 τοῦ
465 2049 558 2120 ζῇν
636 2041 886 2125 ἀφορμὰς
945 2041 1159 2099 ἑαυτοῖς
1212 2033 1525 2103 κατέλιπον,
1579 2029 1726 2086 ἀλλά
1783 2025 1958 2125 πάντα

305 2136 528 2206 δόντες,
584 2114 693 2204 τῆν’
737 2134 939 2188 ἑαυτῶν
1000 2128 1259 2203 πρόνοιαν
1318 2130 1488 2180 πᾶσαν
1546 2121 1635 2176 καὶ
1693 2114 1956 2196 φροντίδα

299 2227 555 2291 ἀνέθεντο
585 2229 666 2297 τῷ
709 2221 920 2294 Κυρίῳ.
983 2219 1076 2273 Διὸ
1122 2215 1212 2271 καὶ
1269 2215 1332 2269 τὸ
1391 2211 1618 2288 μέγεθος
1678 2208 1867 2263 ἐννοῶν
1927 2206 1954 2260 ὁ

302 2315 525 2378 Παῦλος
559 2317 660 2369 τοῦ
688 2311 1136 2386 καθορθώματος,
1190 2305 1396 2377 ἐπάγει.
1448 2325 1474 2353 ‹‹
1511 2300 1611 2356 Διὰ
1642 2297 1956 2370 θελήματος

304 2412 462 2466 Θεοῦ.
497 2429 526 2458 n
589 2403 734 2461 Ἀντὶ
787 2401 908 2468 τοῦ,
967 2399 1058 2467 Μὴ
1134 2394 1440 2468 θαυμάσῃς,
1501 2389 1770 2464 ἄνθρωπε·
1827 2387 1954 2441 Θεὸν

305 2501 462 2573 εἶχον
498 2493 777 2567 συνεργὸν,
837 2493 1027 2544 τοῦτον
1091 2484 1182 2540 διὰ
1233 2487 1334 2548 τῆς
1389 2479 1757 2554 προαιρέσεως
1799 2472 1957 2554 ἐφελ-

303 2561 622 2660 κυιάάμενοι.
655 2586 821 2647 "Even
853 2579 909 2635 δὲ
965 2580 1095 2639 Θεὸς
1154 2578 1397 2650 συνεργεῖ
1449 2567 1603 2626 οὐδὲν
1670 2566 1951 2623 ἀδύνατον.

303 2655 529 2753 ’⁷0ραίδέ
559 2679 676 2734 πῶς
726 2674 889 2748 χάριν
951 2669 1082 2723 αὐτὸ
1125 2667 1214 2721 καὶ
1275 2660 1561 2718 κοινωνίαν
1619 2657 1802 2713 καλῶν
1867 2655 1955 2711 ἐπὶ

300 2747 450 2826 τέλει
482 2768 718 2833 ἀνεῖπεν,
751 2747 835 2818 ὅτι
867 2760 1014 2824 ὅλως
1067 2757 1290 2819 ἑαυτοὺς
1348 2751 1576 2809 ἔδωκαν.
1633 2775 1660 2802 ι(
1695 2747 1797 2806 Καὶ
1853 2748 1952 2816 τὴν

300 2857 592 2918 κοινωνίαν
652 2861 752 2924 τῆς
839 2849 1136 2910 διακονίας,
1201 2870 1228 2898 »
1317 2844 1467 2901 Ἐπεὶ
1519 2838 1766 2911 ζηλωταὶ
1825 2839 1958 2906 ἦσαν

300 2949 624 3024 ἀνθρώπων,
659 2944 821 3023 χάριν
859 2939 950 2996 καὶ
979 2938 1234 3018 χάρισμα
1263 2935 1324 2990 τὸ
1356 2937 1582 3008 πρᾶγμα
1625 2927 1805 2997 καλεῖ,
1861 2925 1956 2981 ’ἱνα

299 3016 701 3113 διαιτιδράμωσιξ⁷
731 3016 1028 3090 Κοινωνίαν
1093 3025 1149 3082 δὲ
1178 3024 1338 3080 καλεῖ
1393 3024 1492 3091 τήν
1535 3016 1954 3113 Δἐλεημοιιξένην,

302 3101 516 3189 δεικνὺς.
543 3125 626 3182 ὅτι
659 3125 709 3178 οἱ
745 3125 837 3195 μὲν
868 3121 1133 3196 χρήματα
1172 3113 1405 3181 διδάσιν,
1439 3111 1491 3166 οἰ
1531 3107 1589 3165 δὲ
1643 3101 1955 3180 λαμϐάνον-

306 3238 420 3284 τες,
447 3217 543 3283 τὴν
573 3215 715 3289 παρά
746 3215 880 3267 Θεοῦ
913 3209 1168 3285 βοήθειαν
1200 3205 1384 3265 αὐτοῖς
1418 3197 1880 3273 συνεισφέρουσιν.

386 3331 413 3358 ‹‹
448 3305 548 3363 Καὶ
575 3303 628 3359 εὖ
653 3286 835 3363 καθὼς
865 3298 1205 3370 ἠλπίσαμεν.
1241 3296 1472 3351 »Τοῦτο
1532 3288 1624 3344 καὶ
1671 3287 1808 3360 πρὸς
1858 3286 1954 3345 τὰς

307 3397 521 3473 θλίφεις
551 3393 641 3450 καὶ
673 3395 772 3460 τήν
801 3391 1082 3458 ποσότητα
1131 3386 1380 3454 νοητέον.
1444 3381 1522 3438 Οὐ
1588 3379 1690 3454 γὰρ
1722 3375 1956 3473 ἠλπίσα-

306 3460 427 3560 μεν,
459 3483 622 3565 φησὶν
653 3483 737 3536 ὅτι
785 3480 836 3535 έν
891 3477 1073 3550 θλίψει
1128 3474 1277 3536 ὄντες
1337 3469 1598 3543 τοσαύτῃ,
1649 3469 1684 3537 "r‘,
1726 3460 1956 3532 ἔδωκαν,

298 3554 603 3645 ἧτοσαῦτα
662 3565 886 3625 ἔδωκαν,
949 3592 976 3618 ‹‹
1011 3564 1165 3622 Ἀλλ’
1222 3561 1445 3621 ἑαυτοὺς
1493 3555 1719 3613 ἔδωκαν.
1757 3580 1776 3605 ι
1841 3554 1959 3611 Οὐκ

303 3665 358 3722 έν
404 3666 554 3739 μέρει
591 3662 708 3732 μὲν,
742 3658 898 3739 φησὶ,
929 3662 1009 3730 τῷ
1058 3655 1268 3728 Κυρίῳ,
1291 3651 1352 3739 Δἐν
1386 3653 1536 3724 μέρει
1704 3651 1958 3739 τοῖς-κο-

298 3733 556 3826 σκμικοῖς
598 3733 936 3826 πράγμασιν,
969 3743 1096 3800 ἀλλ’
1129 3742 1252 3798 ὅλοι
1285 3737 1353 3796 δι’
1395 3739 1539 3794 ὅλων
1570 3733 1808 3826 ,ἔδωκαν
1832 3734 1953 3826 έαυο

296 3822 426 3904 τοῦς
458 3846 538 3913 τῷ
578 3822 778 3914 Κῦρίῲ.
815 3837 910 3892 Καὶ
935 3837 1098 3908 ἡμεῖν
1123 3829 1180 3887 δὲ
1210 3832 1312 3886 οὐκ
1343 3829 1486 3896 εἰκῆ,
1532 3825 1676 3914 ἀλλά
1732 3822 1951 3914 διὰλθε-

297 3934 551 4005 πήματος
611 3932 768 3996 Θεοῦ,
800 3924 1068 3989 τουτέστι,
1102 3919 1190 3976 διὰ
1221 3919 1283 3975 τὸ
1313 3917 1530 3990 θέλημα
1586 3913 1676 3968 καὶ
1731 3913 1795 3967 τὸ
1829 3911 1951 3985 ἀρε-

299 4022 424 4077 στὸν
456 4024 592 4091 Θεῷ,
652 4021 814 4074 τοῦτο
871 4017 1180 4074 ποιοῦντες.
1242 4033 1270 4062 ‹‹
1303 4008 1398 4071 Εἰς
1453 4007 1515 4062 τὸ
1581 4001 1951 4078 παρακαλέσαι

295 4115 448 4185 ἡμᾶς
466 4111 656 4167 Τίτον.
690 4131 719 4160 ››
744 4105 848 4162 Καὶ
896 4107 1174 4172 τοσοῦτον,
1209 4098 1398 4178 φησὶν,
1467 4093 1672 4153 ἔδωκαν
1730 4093 1952 4151 ἑαυτοὺς

296 4184 435 4275 πρὸς
472 4203 657 4269 τοῦτο,
700 4195 841 4252 ὥστε
895 4192 1073 4257 ἐλθεῖν
1137 4212 1204 4265 με
1260 4189 1335 4250 εἷς
1393 4188 1456 4243 τὸ
1512 4187 1724 4258 πέμψαι
1792 4184 1950 4240 Τίτον

296 4273 424 4365 περὶ
479 4286 676 4344 τούτου
720 4285 860 4359 πρὸς
912 4284 1074 4355 ὑμᾶς,
1140 4278 1236 4334 ’ίνα
1305 4279 1381 4350 μὴ
1443 4273 1673 4332 ἔλαττον
1725 4273 1954 4349 σχοίητε

293 4363 644 4438 Μακεδόνων.
705 4401 733 4429 ‹‹
775 4377 891 4432 Ἰνα
946 4372 1127 4436 καθὼς
1181 4368 1548 4444 προενήρξατο
1587 4409 1599 4422 .
1635 4390 1664 4417 ››
1739 4363 1950 4422 Οῗκειοὶ

296 4470 484 4531 αὐτοῖς
540 4469 634 4524 τὸν
675 4466 864 4524 Τίτον,
909 4463 1153 4518 Δείκνυσι
1213 4459 1316 4536 γὰρ
1376 4456 1557 4525 αὐτὸν,
1609 4455 1947 4530 προθέμενον

295 4559 389 4614 καὶ
433 4558 522 4636 ἀφ’
591 4557 784 4612 ἑαυτοῦ
851 4551 1105 4608 ἀπελθεῖν
1170 4549 1306 4636 πρὸς
1371 4547 1714 4636 Κορινθίους,
1746 4544 1835 4636 ἳνα
1870 4546 1945 4618 μὴ

295 4635 651 4712 ἆλαττὼθῶσι
678 4641 1034 4703 Μακεδόνων“
1071 4643 1232 4694 τοῦτο
1278 4635 1334 4692 δὲ
1391 4637 1608 4713 ἀγάπης
1640 4635 1704 4703 ἦν
1757 4635 1946 4690 Τίτου,

2067 2036 2228 2093 runt,
2251 2045 2318 2083 ac
2343 2031 2390 2084 si
2424 2029 2674 2085 diceret:
2701 2033 2780 2085 Ne
2803 2031 3035 2085 vivendi
3058 2031 3300 2102 quidem
3325 2032 3594 2087 subsidia
3608 2031 3719 2087 sibi

2064 2119 2460 2184 retinuerunt,
2486 2119 2587 2174 sed
2611 2119 2762 2174 datis
2795 2119 3267 2187 omnibus,suam
3293 2122 3558 2192 ipsorum
3581 2137 3714 2192 pro-

2061 2207 2382 2263 videntiam
2410 2225 2647 2263 omnem
2679 2213 2738 2263 et
2766 2226 2969 2264 curam
2998 2210 3061 2264 in
3084 2211 3402 2265 Dominum
3434 2225 3708 2281 reposue-

2061 2302 2219 2353 runt.
2245 2297 2382 2352 Ideo
2405 2315 2642 2368 quoque
2692 2299 2907 2353 Paulus
2935 2298 3404 2370 magnitudinem
3437 2299 3708 2370 prmclari

2060 2386 2340 2441 facinoris
2378 2387 2738 2459 intelligens,
2773 2387 3098 2458 subjungit.
3136 2412 3162 2438 «
3194 2390 3305 2442 Per
3350 2388 3715 2444 voluntatem

2063 2477 2189 2544 Dei,
2224 2499 2248 2527 ι
2285 2482 2567 2547 tanquam
2608 2478 2890 2532 dixisset:
2945 2478 3021 2532 I\'e
3079 2478 3416 2545 admireris,
3449 2495 3482 2533 o
3512 2479 3711 2534 homo.

2065 2570 2248 2625 Deum
2268 2569 2564 2626 habebant
2586 2570 3208 2641 auxiliatorem,quem
3227 2571 3502 2625 ultronea
3514 2587 3718 2641 prom-

2062 2665 2281 2732 ptaque
2311 2659 2612 2714 voluntate
2626 2660 3124 2716 attraxerant.Ubi
3144 2677 3278 2715 vero
3294 2661 3448 2715 Deus
3464 2660 3718 2716 auxilia-

2061 2750 2334 2813 tur,nihil
2358 2750 2726 2823 impossibile
2747 2750 3188 2806 est.Considera
3201 2757 3399 2806 autem
3425 2750 3722 2822 quomodo

2063 2857 2199 2896 cum
2217 2841 2380 2912 prius
2399 2841 2546 2895 illud
2560 2846 2829 2896 vocasset
2847 2842 3096 2912 gratiam
3116 2858 3182 2895 ac
3197 2841 3720 2912 participationem

2063 2930 2124 2985 in
2143 2931 2261 2985 ﬁne
2306 2928 2605 2984 addiderit
2633 2930 2791 2999 quod
2837 2931 3080 2984 omnino
3133 2931 3360 3000 seipsos
3401 2929 3720 2986 dederunt.

2064 3044 2090 3071 «
2123 3020 2727 3092 Etparticipationem
2747 3020 3086 3076 ministerii.
3110 3042 3137 3069 »
3161 3021 3451 3084 Quoniam
3475 3019 3720 3074 aemula-

2062 3115 2218 3164 tores
2249 3115 2416 3164 erant
2447 3109 2781 3172 hominum,
2805 3125 2935 3163 rem
2969 3109 3159 3180 ipsam
3193 3109 3337 3164 dicit
3366 3109 3616 3182 gratiam
3650 3125 3718 3164 ac

2063 3199 2286 3254 donum
2327 3204 2392 3252 ut
2420 3204 2752 3253 accurrant.
2809 3198 3262 3270 Eleemosynam
3323 3206 3521 3254 autem
3554 3203 3722 3254 vocat

2064 3288 2605 3361 participationem,
2626 3286 2946 3342 ostendens
2969 3287 3128 3358 quod
3155 3287 3242 3341 illi
3273 3287 3511 3358 quidem
3541 3304 3720 3359 pecu-

2070 3380 2200 3434 nias
2231 3377 2497 3432 tribuunt
2526 3397 2538 3441 ς
2574 3377 2673 3448 qui
2703 3393 2836 3432 vero
2885 3379 3205 3448 accipiunt,
3239 3378 3392 3432 659
3431 3378 3721 3433 auxilium

2072 3486 2107 3525 a
2136 3469 2251 3523 Deo
2284 3467 2428 3538 ipsis
2447 3467 2781 3524 conferunt.
2815 3491 2841 3518 «
2870 3470 2940 3522 Et
2969 3484 3089 3523 non
3129 3475 3426 3538 quatenus
3450 3470 3726 3540 speraba-

2069 3575 2225 3614 mus.
2253 3581 2281 3608 ››
2315 3560 2432 3614 Hoc
2463 3565 2521 3614 et
2550 3559 2624 3614 ad
2655 3559 3009 3616 afﬂictiones
3033 3565 3092 3614 et
3112 3560 3184 3614 ad
3207 3561 3599 3630 quantitatem
3631 3561 3725 3616 in-

2069 3648 2457 3720 telligendum
2480 3655 2588 3704 est.
2614 3654 2738 3704 Non
2774 3650 2930 3703 enim
2951 3649 3501 3720 sperabamus,cum
3523 3656 3726 3706 essent

2069 3735 2129 3791 in
2156 3737 2500 3802 afflictione,
2535 3738 2693 3808 quod
2723 3743 2826 3793 aut
2855 3737 3068 3792 darent
3118 3744 3220 3794 aut
3278 3744 3438 3794 tanta
3488 3739 3719 3798 darent.

2069 3847 2098 3875 «
2130 3826 2241 3880 Sed
2273 3826 2502 3897 seipsos
2533 3826 2843 3882 dederunt.
2879 3848 2905 3876 »
2931 3829 3052 3881 Non
3084 3827 3322 3898 partim,
3356 3829 3570 3899 inquit,
3604 3831 3721 3884 Do-

2068 3915 2252 3983 mino,
2289 3915 2504 3986 partim
2553 3932 2688 3970 vero
2730 3916 3051 3970 mundanis
3083 3915 3281 3983 rebus,
3316 3916 3418 3971 sed
3473 3918 3580 3971 toti
3615 3934 3720 3989 per

2066 4005 2269 4060 omnia
2293 4005 2584 4060 dederunt
2616 4005 2845 4077 seipsos
2869 4005 3142 4072 Domino,
3174 4005 3346 4061 nobis
3377 4012 3573 4062 autem
3596 4023 3718 4062 non

2066 4099 2311 4164 temere,
2343 4094 2446 4150 sed
2477 4095 2959 4167 pervoluntatem
2983 4095 3085 4150 Dei
3113 4112 3124 4149 :
3156 4096 3268 4151 hoc
3291 4101 3400 4164 est,
3433 4095 3718 4154 facientes

2065 4185 2198 4240 ideo
2224 4183 2382 4256 quod
2404 4184 2843 4256 beneplacitum
2868 4201 2934 4240 ac
2963 4185 3235 4240 voluntas
3259 4185 3360 4240 Dei
3385 4191 3560 4242 esset.
3593 4206 3612 4232 α
3633 4187 3720 4242 Ita

2065 4279 2130 4329 ut
2161 4274 2615 4330 adhortaremur
2644 4276 2857 4330 Titum.
2887 4297 2913 4324 »
2947 4275 3016 4328 Et
3037 4275 3210 4338 adeo,
3244 4275 3462 4346 inquit,
3491 4276 3717 4347 seipsos

2064 4363 2138 4419 ad
2169 4364 2280 4418 hoc
2313 4363 2706 4430 tradiderunt,
2731 4371 2796 4420 ut
2827 4364 2886 4419 in
2911 4365 3024 4420 hoc
3056 4366 3344 4432 venirem,
3371 4383 3488 4436 quo
3519 4366 3712 4422 Titum

2063 4453 2134 4507 de
2166 4453 2276 4508 hac
2307 4469 2370 4507 re
2403 4453 2475 4508 ad
2505 4471 2606 4508 vos
2664 4455 2988 4521 mitterem,
3020 4471 3094 4508 ne
3144 4453 3456 4510 inferiores
3506 4457 3715 4512 essetis

2063 4541 2499 4596 Macedonibus.
2533 4563 2561 4591 ‹‹
2601 4543 2670 4596 Ut
2700 4542 2852 4597 sicut
2873 4549 3049 4598 antea
3069 4549 3346 4614 cmperat.
3375 4565 3402 4593 ››
3431 4545 3715 4600 Consiliat

2060 4630 2206 4701 ipsis
2237 4631 2452 4684 Titum.
2478 4631 2928 4686 Ostenditenim
2956 4633 3114 4702 quod
3136 4634 3513 4702 proposuerit
3535 4633 3713 4688 etiam

294 4739 434 4804 Ἰνα,
485 4735 640 4816 φησὶ,
699 4734 878 4794 καθὼς
935 4730 1304 4806 προενήρξατο
1355 4726 1620 4793 τουτέστι,
1682 4722 1948 4802 πφοέθετο

2069 4736 2092 4774 1
2120 4719 2313 4789 seipso
2344 4719 2640 4789 proficisci
2665 4720 2739 4774 ad
2770 4719 3128 4786 Corinthios,
3161 4737 3234 4775 ne
3267 4720 3580 4777 inferiores
3611 4738 3712 4776 es-

294 4828 358 4882 τὸ
392 4813 506 4881 δεῖν
558 4825 737 4880 ἐλθεῖν
786 4822 923 4897 πρὸς
983 4821 1145 4892 ὑμᾶς.
1216 4840 1240 4870 ε
1279 4816 1381 4873 Καὶ
1431 4813 1740 4888 ἐπιτελέσῃ,
1793 4833 1949 4868 τουτ-

295 4917 410 4973 έστι
440 4915 710 4990 πληρώσῃ
741 4913 804 4966 τὸ
835 4909 1164 4987 ἐγχείρημα.
1217 4909 1394 4964 Τοῦτο
1454 4901 1512 4959 δέ
1568 4903 1681 4959 ἐστι
1727 4903 1790 4958 τὸ
1847 4922 1951 4957 πα-

294 5007 624 5084 ρασκευάσαι
665 5003 822 5060 αὐτὸν
861 5002 936 5063 εἰς
1007 4999 1162 5074 ἔργον
1227 4999 1367 5069 ὗμᾶς
1425 4995 1642 5070 ἀγαγεῖν
1696 4993 1760 5048 τὸ
1816 4993 1953 5047 κατὰ

293 5081 405 5175 im
437 5093 836 5168 ἔλεημοσύνην.
904 5088 1148 5150 σΟὕτως
1203 5081 1487 5175 ἔπιτελὲση
1546 5084 1622 5145 εἷς
1690 5083 1852 5156 ὑμᾶς.
1901 5107 1948 5175 νη

290 5173 508 5249 Ὠςήκαὶ
565 5184 634 5239 τὰ
690 5183 862 5238 λοιπά
929 5177 1084 5253 ὓμῖν,
1153 5177 1309 5257 φησὶ,
1365 5173 1667 5246 διήνυσται,
1729 5175 1863 5250 ἅπερ
1895 5174 1948 5228 έν

290 5281 412 5337 τοῖς
451 5274 560 5329 ἄνω
604 5276 886 5347 μαρτυρεῖ·
951 5271 1094 5344 "Ope:
1143 5264 1200 5321 δὲ
1229 5271 1346 5328 πῶς
1376 5270 1660 5339 πανταχοῦ
1701 5267 1949 5339 χάρισμα

292 5365 456 5421 καλεῖ
494 5365 593 5432 τὴν
625 5360 1025 5434 ἐλεημοσύνην.
1089 5357 1188 5412 Καὶ
1244 5357 1343 5424 τήν
1393 5355 1552 5430 χάριν
1610 5354 1733 5430 γὰρ,
1792 5352 1948 5431 φησὶ,

291 5476 521 5524 ταυτην.

371 5712 528 5772 Ἀλλ’
611 5709 794 5784 ὥσπερ
871 5707 922 5763 έν
1009 5707 1166 5763 παντί
1226 5705 1570 5781 περισσεύετε
1622 5704 1801 5761 πίστει
1861 5707 1947 5761 καὶ

297 5807 456 5884 λογῳ
505 5803 593 5860 καὶ
655 5801 852 5881 γνώσει
931 5797 1022 5853 καὶ
1098 5797 1244 5872 πάσῃ
1325 5793 1562 5872 σπουδῇ,
1628 5795 1718 5852 καὶ
1775 5799 1844 5872 τῇ
1901 5794 1956 5868 ἐξ

2063 4813 2194 4863 sent
2226 4807 2682 4863 Macedonibus:
2718 4809 2826 4862 hoc
2861 4814 2988 4862 erat
3030 4809 3250 4863 amoris
3277 4809 3410 4864 Titi.
3448 4811 3518 4864 Ut
3559 4811 3713 4866 sicut

2062 4901 2235 4952 antea
2265 4902 2542 4968 cmperat,
2570 4897 2764 4968 inquit
2783 4914 2795 4950 :
2815 4897 2925 4950 hoc
2943 4902 3052 4962 est,
3077 4903 3466 4968 proposuerat
3495 4904 3548 4953 et
3569 4915 3712 4954 con-

2062 4992 2298 5060 ceperat
2329 4987 2486 5058 quod
2509 4992 2808 5058 Oporleret
2840 4987 3038 5042 venire
3069 4987 3140 5042 ad
3163 5004 3301 5054 vos;
3333 5009 3361 5038 ‹‹
3389 4989 3469 5044 ita
3491 4996 3712 5045 etcon-

2063 5087 2408 5135 summaret.
2444 5102 2472 5128 »
2534 5081 2653 5134 Hoc
2685 5084 2793 5144 est,
2831 5097 2956 5135 rem
2989 5086 3275 5135 tentatam
3334 5081 3662 5153 compleret
3696 5100 3710 5139 :

2063 5171 2174 5225 hoc
2205 5175 2404 5225 autem
2427 5175 2518 5224 est
2549 5170 2743 5241 ipsum
2776 5169 2888 5224 hoc
2919 5170 3157 5226 efficere
3187 5175 3254 5226 ut
3301 5187 3400 5226 vos
3459 5173 3531 5228 ad
3561 5190 3713 5244 opus

2063 5261 2318 5316 deducat
2353 5259 2510 5330 quod
2543 5260 2615 5315 ad
2658 5259 3099 5332 eleemosynam
3158 5261 3433 5331 pertinet.
3469 5285 3496 5312 ‹‹
3540 5263 3627 5318 Ita
3657 5270 3716 5318 et

2063 5356 2508 5407 consummaret
2532 5366 2670 5422 erga
2699 5366 2818 5404 vos.
2856 5369 2879 5400 ι
2916 5349 3077 5405 Sicut
3098 5355 3334 5418 caetera,
3367 5351 3579 5423 inquit,
3616 5371 3711 5408 vo-

2060 5441 2291 5496 biscum
2323 5445 2689 5511 transegerat
2718 5456 2850 5510 quaa
2907 5438 2966 5493 in
2997 5440 3403 5511 superioribus
3435 5447 3710 5497 testatur.

2065 5530 2206 5585 Vide
2237 5535 2436 5585 autem
2459 5527 2755 5600 quomodo
2779 5529 3223 5600 eleemosynam
3243 5530 3463 5601 ubique
3489 5530 3707 5584 donum

2062 5627 2247 5674 vocet.
2281 5620 2472 5674 Etiam
2504 5619 2676 5687 hanc,
2709 5618 2924 5689 inquit,
2956 5620 3228 5690 gratiam.

2137 5709 2280 5779 VllI,
2314 5713 2366 5775 7,
2400 5710 2453 5763 8.
2485 5711 2598 5765 Ιηιο
2647 5709 3104 5779 quemadmodum
3160 5709 3360 5779 ubique
3415 5707 3711 5765 abundatis

2062 5800 2169 5873 ﬁde
2197 5805 2252 5856 et
2273 5814 2520 5856 sermone
2544 5805 2596 5856 et
2625 5801 2860 5855 scientia
2907 5806 2959 5856 et
3009 5800 3161 5853 omni
3205 5798 3522 5868 diligentia,
3565 5803 3618 5853 et
3645 5815 3710 5854 ea
