4080 6372
346 445 501 508 {Oli

1467 435 1901 499 (ECUMENII
1943 428 2263 494 TRICCzE
2305 428 2655 491 EPISCOPI

3615 429 3775 493 1012

351 599 482 660 quae
509 600 578 640 ea:
604 582 754 639 vobis
778 597 913 652 erga
934 597 1033 638 nos
1063 586 1141 636 est
1170 578 1465 646 charitate,
1496 579 1668 647 facite
1713 581 1777 629 ut
1808 574 1867 627 in
1902 570 2010 625 hac

2134 565 2276 638 Βμὼν
2305 565 2521 660 ἐν-ὴμῖν
2558 566 2769 643 ἀγάπῃ,
2828 565 2920 620 ἳνα
2974 563 3067 620 καὶ
3126 562 3178 620 ἐν
3232 564 3401 638 ταύτῃ
3455 567 3525 639 τῇ
3584 563 3777 639 χάριτι

352 690 571 749 quoque
607 675 795 743 gratia
846 669 1159 726 abundetis.
1220 672 1342 726 Non
1388 666 1687 724 secundum
1716 662 2009 733 imperium

355 765 570 836 loquor,
601 763 702 818 sed
726 778 833 833 per
862 759 1109 817 studium
1138 758 1379 814 aliorum
1410 755 1586 811 etiam
1613 758 1801 810 vestrae
1849 751 2012 806 dilec-

356 852 527 909 tionis
555 853 930 909 sinceritatem
965 850 1226 922 probans.

430 942 754 999 Considera
781 957 1021 996 rursum
1047 938 1522 995 adhortationem
1540 949 1675 990 cum
1697 928 2006 988 encomiis.

359 1029 955 1102 Abundantis,inqui,
987 1029 1097 1084 hoc
1116 1033 1226 1095 est,
1250 1027 1451 1082 omnia
1467 1022 1700 1079 habetis
1725 1021 1788 1074 in
1818 1017 2010 1074 abun-

358 1121 581 1180 dantia.
612 1121 818 1177 Fidem
836 1119 1101 1193 quidem,
1121 1135 1252 1190 quas
1275 1117 1337 1172 in
1368 1117 1551 1171 Deum
1584 1117 1706 1168 est:
1734 1122 2008 1166 sermone

357 1229 516 1281 vero,
534 1211 595 1268 id
617 1217 725 1282 est,
748 1209 1044 1281 sapientia
1067 1225 1080 1265 :
1107 1206 1354 1263 scientia
1375 1210 1596 1269 autem,
1622 1218 1754 1274 quas
1778 1199 2012 1271 dogma-

359 1307 486 1358 tum
518 1308 609 1358 est
631 1316 644 1367 ;
670 1307 729 1357 et
759 1299 921 1354 omni
948 1297 1417 1371 diligentia,quas
1436 1295 1595 1350 circa
1615 1291 1794 1347 aliam
1815 1288 2009 1342 virtu-

357 1396 479 1448 tem
510 1396 615 1446 est.
639 1411 667 1440 «
693 1388 762 1443 Et
791 1404 861 1443 ea
890 1403 1022 1459 quas
1049 1403 1119 1442 ex
1133 1385 1299 1440 vobis
1323 1400 1460 1457 erga
1478 1399 1608 1443 nos,
1643 1385 1732 1435 est
1761 1377 2013 1433 charita-

356 1488 435 1550 te,
455 1502 482 1531 »
508 1477 1091 1546 etsicutabundatis,
1108 1476 1323 1547 inquit,
1356 1472 1660 1545 diligendo
1673 1486 1801 1525 nos.
1825 1469 2014 1533 Quan-

356 1587 535 1645 quam
565 1570 727 1625 enim
756 1584 876 1624 non
906 1568 989 1622 ita
1016 1567 1213 1638 ipsum
1243 1564 1561 1635 diligerent
1590 1561 1746 1616 sicut
1787 1558 1913 1629 ipse
1941 1555 2012 1610 il-

354 1662 467 1730 los,
501 1664 763 1716 attamen
796 1656 1141 1729 diligebant.
1175 1654 1289 1710 Sed
1319 1658 1378 1708 et
1404 1652 1584 1707 verba
1604 1651 1731 1705 haec
1762 1664 1831 1703 eo
1864 1645 2009 1700 diri-

358 1751 552 1825 gebat,
574 1754 641 1804 ut
657 1747 934 1805 similiter
953 1747 1149 1818 ipsum
1164 1747 1456 1800 amarent.
1483 1763 1512 1792 «
1530 1742 1602 1797 Ut
1620 1739 1799 1795 etiam
1821 1737 1883 1791 in
1902 1736 2012 1791 hac

357 1839 569 1915 gratia.
603 1858 629 1892 ι
678 1840 933 1894 Rursum
991 1834 1243 1908 gratiam
1299 1836 1469 1887 vocat
1545 1830 2011 1899 eleemosynam.

2116 654 2490 733 περισσεύητε.
2578 655 2655 714 Ού
2747 656 2863 710 κατ’
2922 654 3183 732 ἐπιταγὴν
3248 651 3420 732 λέγω,
3483 651 3633 708 ἀλλὰ
3686 649 3777 708 διὰ

2114 756 2215 818 τῆς
2271 748 2469 821 ἑτέρων
2526 744 2792 817 σπουδῆς,
2825 748 2917 803 καὶ
2972 746 3034 801 τὸ
3083 752 3183 816 τῆς
3247 745 3511 821 ὑμετέρας
3551 743 3772 822 ἀγάπης

2117 839 2339 914 γνήσιον
2374 834 2712 911 δοκιμάζων.

2186 930 2328 1002 ’Ὅρα
2358 927 2522 982 πάλιν
2589 928 2702 1000 μετ’
2741 924 3033 1002 ἐγκωμίων
3065 925 3162 994 τὴν
3196 926 3539 1000 προτροπὴν·
3577 930 3774 1000 Περισ-

2118 1015 2299 1073 σεύετε
2330 1063 2346 1088 ,
2414 1017 2600 1097 φησὶ,
2682 1016 2977 1087 τουτέστι,
3059 1015 3193 1087 μετά
3247 1014 3561 1090 περιουσίας
3619 1012 3776 1090 ἔχετε

2118 1106 2314 1161 πάντα.
2349 1105 2535 1161 Πίστει
2572 1108 2691 1179 μὲν,
2722 1108 2791 1180 τῇ
2842 1104 2918 1168 είς
2977 1104 3129 1160 Θεόν·
3186 1102 3342 1181 λόγῳ
3377 1101 3455 1171 δὲ,
3486 1109 3556 1180 τῇ
3590 1104 3771 1183 σοφίᾳ.

2118 1197 2323 1251 Γνώσει
2354 1193 2433 1265 δὲ,
2465 1196 2531 1271 τῇ
2563 1199 2671 1250 τῶν
2733 1192 3045 1269 δογμάτων.
3102 1194 3206 1252 Καὶ
3254 1195 3399 1269 πάσῃ
3434 1191 3668 1269 σπουδῇ,
3701 1199 3771 1270 τῇ

2117 1285 2242 1360 περὶ
2273 1287 2372 1354 τὴν
2423 1283 2605 1354 ἄλλην
2659 1283 2878 1359 ἀρετήν.
2920 1309 2939 1334 ι
2977 1283 3079 1340 Καὶ
3109 1289 3178 1358 τῇ
3233 1283 3285 1354 ἐξ
3341 1285 3493 1358 ὑμῶν
3552 1283 3603 1338 ἐν
3634 1286 3773 1356 ἡμῖν

2118 1375 2332 1451 ἀγάπῃ,
2398 1398 2426 1426 ››
2489 1373 2591 1432 Καὶ
2646 1372 2830 1449 ὥσπερ
2860 1417 2874 1442 ,
2932 1375 3088 1453 φησὶ,
3172 1375 3515 1448 περισσεύετε
3588 1372 3638 1429 έν
3693 1378 3775 1445 τῷ

2118 1463 2330 1539 ἀγαπᾷν
2373 1485 2461 1537 με.
2494 1463 2558 1520 Εἰ
2588 1464 2679 1519 καὶ
2712 1464 2788 1536 μὴ
2838 1465 3066 1538 ἠγάπων
3118 1463 3277 1518 αὐτὸν
3336 1464 3512 1527 οὕτως
3567 1466 3643 1527 ὡς
3674 1464 3774 1519 αύ-

2119 1552 2211 1614 τὸς
2244 1551 2505 1620 ἐκείνους,
2536 1553 2763 1626 ἠγάπων
2793 1549 2850 1607 δὲ
2880 1553 3054 1626 ὅμως.
3104 1550 3258 1622 Πλὴν
3316 1551 3405 1607 καὶ
3462 1572 3780 1627 προτρεπο-

2124 1641 2307 1714 μένου,
2338 1643 2406 1696 τὰ
2434 1641 2657 1719 ῥήματα
2701 1642 2776 1703 εἷς
2803 1642 2864 1696 τὸ
2916 1641 3125 1717 ἀγαπᾷν
3158 1639 3321 1698 αύτὸν
3364 1640 3558 1706 οὕτως.
3592 1667 3620 1694 ‹‹
3656 1645 3779 1697 Ἵνα

2120 1732 2210 1787 καὶ
2248 1732 2299 1786 ἐν
2330 1732 2501 1805 ταύτῃ
2527 1736 2597 1807 τῇ
2639 1732 2848 1805 χάριτι.
2881 1755 2909 1783 ››
2940 1729 3112 1786 Πάλιν
3147 1733 3397 1808 χάρισμα
3453 1734 3553 1800 τὴν
3613 1730 3775 1803 ἐλεη-

2125 1821 2365 1895 μοσύνην
2396 1819 2576 1880 καλεῖ.
2646 1821 2995 1892 Ηερισσεύετε
3052 1818 3130 1890 δὲ,
3178 1819 3215 1890 ἢ
3276 1821 3407 1898 ὑπὲρ
3466 1817 3780 1883 Μακεδόνας

359 1907 688 1985 Ᾰιιυῐιάειὶε
718 1930 937 1987 autem,
964 1907 1024 1980 id
1042 1929 1151 1990 est,
1175 1927 1279 1979 aut
1299 1936 1480 1993 super
1502 1933 1793 1991 pauperes
1816 1917 2011 1971 Mace-

2134 1912 2251 1973 τοὺς
2301 1910 2559 1982 πένητας,
2591 1910 2626 1981 ἢ
2660 1910 2773 1966 οἷον
2834 1907 3209 1984 δαψιλεύεσθε.
3271 1911 3349 1969 Οὐ
3407 1912 3525 1966 κατ’
3581 1909 3777 1967 ἐπιτα-

360 2021 546 2076 dones
558 2016 792 2074 abunde
808 2015 1037 2071 habetis
1062 2031 1074 2068 :
1098 2014 1256 2069 660
1288 2018 1390 2067 aut
1412 2006 1832 2080 Πιπερισσεύετε
1856 2005 2013 2061 idem

360 2110 438 2167 sit
466 2109 623 2181 quod
643 2106 924 2163 liberales
945 2105 1105 2161 estis.
1141 2125 1169 2153 ‹‹
1194 2105 1317 2158 Non
1340 2099 1669 2157 secundum
1694 2095 2015 2169 imperium

358 2203 593 2274 loquor.
619 2222 647 2249 »
666 2199 958 2265 Quoniam
982 2202 1041 2253 et
1070 2195 1260 2251 multa
1289 2194 1640 2251 admouerat
1663 2196 1721 2246 et
1750 2187 2018 2244 Macedo-

359 2309 469 2348 nes
489 2290 872 2347 vehementer
901 2285 1438 2349 commendaverat,
1471 2297 1546 2337 ne
1579 2280 1857 2350 cuiquam
1885 2293 2019 2349 gra-

359 2382 446 2438 vis
469 2380 791 2444 videretur,
832 2378 943 2433 ait:
999 2398 1027 2427 ‹‹
1054 2378 1182 2431 Non
1214 2372 1543 2430 secundum
1576 2368 1895 2441 imperium
1927 2366 2020 2421 lo-

365 2486 537 2543 quor,
564 2491 593 2519 ››
624 2469 738 2523 hoc
769 2472 877 2534 est,
910 2482 1032 2521 non
1061 2464 1237 2520 veluti
1286 2478 1522 2534 cogens.
1566 2482 1593 2509 α
1620 2458 1735 2515 Sed
1768 2473 1874 2529 per
1902 2461 2020 2510 stu-

365 2557 533 2614 dium
566 2555 841 2611 aliorum.
889 2575 917 2604 «
951 2555 1068 2608 Hoc
1099 2556 1207 2617 est,
1267 2554 1583 2622 prepterea
1629 2545 1862 2602 narravi
1895 2549 2020 2600 stu-

367 2647 533 2703 dium
561 2645 968 2709 Macedonum,
1000 2642 1058 2698 id
1108 2646 1216 2708 est,
1268 2640 1731 2709 eleemosynam,
1791 2639 1859 2689 ut
1914 2650 2020 2705 per

362 2738 612 2793 illorum
633 2735 895 2791 studium
922 2733 1292 2805 probatiores
1317 2746 1415 2784 vos
1437 2727 1706 2794 reddam,
1740 2727 1843 2797 qui
1873 2741 2016 2780 ame

366 2826 751 2882 vehementer
764 2822 1068 2879 amamini.
1084 2820 1348 2875 Probans
1368 2817 1529 2874 enim
1547 2818 1659 2872 hoc
1682 2819 1789 2885 est,
1808 2813 2021 2887 proba-

368 2919 552 2974 tiores
610 2914 949 2972 ostendens.
1003 2944 1070 2953 ——
1103 2914 1248 2967 Nam
1308 2909 1645 2965 dilectionis
1699 2923 1829 2978 quae
1887 2921 2025 2979 erga

369 3007 558 3064 Deum
573 3010 720 3074 erat,
739 3009 843 3062 aut
864 3004 912 3059 si
936 3003 1140 3069 mavis,
1166 3017 1344 3073 quam
1394 3015 1533 3072 erga
1585 2997 1829 3053 Paulum
1857 3011 2021 3069 gere-

369 3097 536 3164 bant,
555 3093 763 3151 efﬁcax
783 3098 910 3148 erat
927 3091 1199 3163 probatio
1223 3089 1598 3159 eleemosyna
1618 3087 1679 3141 in
1701 3085 2021 3157 proximos.

368 3185 673 3259 Siquidem
701 3199 1020 3256 persuasus
1042 3198 1195 3248 sum,
1239 3179 1455 3251 inquit,
1491 3182 1550 3234 et
1584 3178 1768 3233 Deum
1820 3180 1880 3230 et
1915 3190 2024 3229 nos

364 3275 818 3350 prapteripsum
829 3313 842 3337 ,
862 3288 897 3328 a
908 3270 1073 3328 vobis
1086 3270 1272 3327 amari
1292 3286 1305 3323 :
1327 3267 1431 3324 sed
1444 3266 1761 3340 perfectior
1772 3265 2021 3320 sinceras

371 3363 714 3435 etingenuaa
737 3358 1072 3415 dilectionis
1090 3355 1357 3429 probatio
1385 3371 1453 3410 ac
1490 3352 1886 3419 confirmatio,
1915 3366 2022 3421 per

373 3451 816 3522 eleemosynam
848 3449 910 3504 in
932 3462 1223 3521 pauperes
1253 3445 1608 3501 declaratur.

450 3543 592 3607 VIII,
626 3543 782 3595 9ο11.
813 3538 991 3595 Nostis
1021 3540 1164 3593 enim
1193 3539 1437 3607 gratiam
1462 3533 1677 3589 Domini
1703 3535 1832 3589 Jesu
1862 3532 2019 3587 Chri-

374 3634 448 3688 sti
477 3632 624 3703 quod
645 3635 881 3700 prapter
909 3643 1001 3683 vos
1023 3641 1242 3697 pauper
1293 3627 1465 3695 fuerit
1520 3639 1641 3678 cum
1688 3628 1823 3678 esset
1854 3621 2021 3688 dives,

368 3726 433 3780 ut
460 3734 554 3775 vos
583 3718 734 3773 illius
762 3718 959 3786 inopia
997 3715 1347 3770 ditesceretis.
1380 3715 1450 3768 Et
1507 3712 1796 3767 consilium
1835 3712 1893 3764 in
1924 3708 2021 3763 hoc

371 3809 462 3865 do.
497 3810 633 3864 Nam
673 3806 772 3862 hoc
800 3806 951 3861 vobis
981 3804 1236 3860 conducit
1262 3819 1276 3858 :
1311 3804 1410 3874 qui
1439 3801 1662 3872 quidem
1702 3816 1817 3855 non
1844 3799 2022 3855 solum

364 3902 548 3969 facere
571 3898 666 3953 sed
694 3902 745 3952 et
774 3896 910 3951 velle
943 3896 1183 3964 cmpistis
1219 3895 1344 3964 jam
1399 3893 1467 3947 ab
1518 3907 1666 3947 anno
1714 3892 2016 3960 superiore.

369 3991 524 4045 Nunc
549 3993 735 4042 autem
764 3991 817 4039 et
849 3985 991 4039 illud
1030 3983 1180 4053 quod
1223 3985 1407 4051 facere
1457 3982 1694 4051 cmpistis
1716 3980 1971 4049 perﬁcite
2003 3992 2017 4030 :

369 4082 433 4132 ut
462 4073 923 4146 quemadmodum
971 4071 1358 4142 promptitudo
1412 4069 1716 4124 voluntatis
1771 4066 1906 4135 fuit,
1940 4068 2022 4119 ita

365 4165 696 4237 perﬁciatur
723 4178 795 4217 ea:
825 4178 888 4216 eo
918 4160 1067 4231 quod
1089 4158 1357 4230 possidet.

446 4370 475 4398 «
496 4345 691 4404 Nostis
714 4344 873 4401 enim
897 4343 1145 4415 gratiam
1173 4341 1404 4398 Domini
1429 4341 1636 4396 nostri.
1665 4363 1692 4391 »
1717 4341 1861 4396 Nam
1879 4355 2026 4412 pau-
2066 4360 2069 4365 ν

371 4453 480 4510 per
497 4435 611 4493 fuit
641 4435 703 4490 in
735 4439 941 4490 nostra
971 4448 1148 4488 carne
1176 4430 1425 4487 :deinde
1474 4430 1911 4487 condemnatus
1938 4434 2029 4487 est

373 4542 444 4586 ac
473 4524 793 4583 cruciﬁxus
818 4540 831 4579 :
853 4524 1030 4594 idque
1063 4526 1305 4594 propter
1321 4536 1429 4577 nos
1451 4521 1745 4593 indignos.
1774 4522 1828 4577 Si
1851 4523 2029 4596 igitur

372 4615 495 4683 ille,
538 4613 756 4686 inquit,
807 4616 1050 4685 propter
1069 4617 1124 4667 te
1153 4627 1379 4683 pauper
1399 4611 1531 4678 fuit,
1555 4617 1618 4667 tu
1638 4628 1712 4668 ne
1744 4612 2028 4684 pecunias

2125 2002 2225 2076 γὴν
2255 1999 2418 2077 λέγω.
2455 2025 2475 2055 ιι
2525 1998 2748 2070 Ἐπειδὴ
2806 1998 2993 2055 πολλὰ
3039 2021 3098 2055 τε
3155 1999 3446 2075 παρῄνεσε,
3522 2001 3612 2055 καὶ
3644 2001 3777 2079 σφό-

2129 2088 2229 2165 δρα
2290 2088 2607 2150 Μακεδόνας
2667 2089 3051 2163 ἐνεκωμίασεν,
3106 2086 3200 2144 ’ίνα
3252 2092 3328 2163 μὴ
3390 2089 3641 2165 ἐπαχθής
3694 2111 3780 2153 τις

2127 2180 2262 2236 εἶναι
2304 2177 2456 2254 δόξῃ,
2490 2181 2675 2260 φησὶν,
2734 2181 2813 2238 Οὗ
2873 2181 2987 2234 κατ’
3038 2179 3326 2255 ἐπιταγὴν,
3361 2205 3387 2231 »ι
3422 2180 3590 2255 λέγω,
3618 2201 3782 2237 τουττ-

2128 2268 2296 2339 έστιν,
2338 2268 2445 2344 οὐχ
2503 2269 2577 2330 ὡς
2629 2266 2889 2339 κελεύων,
2950 2265 3053 2323 οὐδ
3111 2269 3188 2330 ὡς
3235 2269 3574 2347 ἀναγκάζων,
3633 2266 3784 2325 ἀλλά

2130 2382 2159 2411 ‹‹
2194 2358 2290 2413 Διὰ
2331 2365 2432 2428 τῆς
2492 2356 2689 2433 ἑτέρων
2746 2354 3010 2426 σπουδῆς,
3048 2380 3075 2408 ››
3140 2356 3412 2427 τουτέστι,
3472 2355 3560 2413 διὰ
3615 2362 3782 2414 τοῦτο

2132 2445 2415 2521 διεξῆλθον
2447 2448 2548 2516 τὴν
2584 2443 2827 2515 σπουδὴν
2885 2443 3240 2515 Μακεδόνων,
3296 2449 3398 2517 τὴν
3451 2448 3577 2524 περὶ
3618 2446 3785 2519 ἐλεη-

2135 2537 2397 2611 μοσύνην,
2424 2534 2518 2590 ’ίνα
2548 2532 2636 2591 διὰ
2667 2542 2767 2605 τῆς
2796 2534 3014 2591 ἐκείνων
3071 2534 3313 2607 σπουδῆς
3372 2535 3783 2613 δοκιςιωτέρους

2135 2627 2275 2700 ὑμᾶς
2306 2625 2433 2691 τοὺς
2463 2626 2550 2681 ὑπ’
2602 2626 2738 2697 ἐμοῦ
2793 2629 3189 2702 ἤγαπημένους
3243 2630 3485 2699 ποιήσω.
3547 2630 3785 2702 Δοκιμά-

2133 2721 2237 2786 ζων
2295 2718 2421 2794 γὰρ,
2476 2715 2743 2783 τουτέστι,
2826 2715 3230 2792 δοκιμωτέρους
3311 2716 3644 2796 ἀποφαίνων.
3713 2752 3784 2762 -

2132 2808 2344 2882 [ΦΩΤ.]
2405 2807 2650 2881 Ἀγάπης
2703 2807 2827 2882 γὰρ,
2876 2810 2976 2872 τῆς
3029 2807 3108 2871 εἷς
3158 2809 3311 2878 Θεὸν,
3371 2808 3417 2863 εἰ
3477 2808 3668 2885 βούλει
3723 2807 3784 2865 δὲ

2129 2902 2230 2965 τῆς
2251 2895 2327 2957 εἷς
2359 2893 2599 2963 Παῦλον,
2641 2896 2869 2972 έναργὴς
2911 2893 3183 2967 ἀπόδειξις
3224 2898 3314 2952 καὶ
3373 2894 3601 2972 δοκιμὴ,
3633 2901 3669 2968 ἡ
3702 2899 3783 2962 εἰς

2131 2984 2259 3049 τοὺς
2313 2982 2551 3056 πλησίον
2634 2984 2979 3058 ἐλεημοσύνη
3016 3029 3029 3041 .
3092 2986 3393 3061 Πέπεισμαι
3451 2988 3574 3063 γὰρ,
3623 2990 3778 3065 φησί,

2132 3073 2223 3129 καὶ
2255 3074 2346 3129 τὸν
2389 3074 2539 3142 Θεὸν,
2592 3075 2683 3130 καὶ
2739 3077 2888 3149 ἡμᾶς
2930 3073 3000 3130 δι’
3053 3076 3235 3147 αὐτὸν,
3296 3077 3381 3154 ὑφ’
3444 3078 3594 3151 ὑμῶν
3647 3075 3783 3153 ἀγα-

2132 3163 2354 3232 πάσθαι,
2418 3160 2546 3219 ἀλλ’
2600 3165 2634 3235 ὴ
2689 3163 3001 3241 τελειοτέρα
3072 3171 3173 3234 τῆς
3249 3165 3475 3242 γνησίας
3568 3163 3782 3241 ἀγάπης

2133 3252 2468 3328 παράστασις
2497 3252 2586 3308 καὶ
2619 3248 2939 3327 βεϐαίωσις,
2974 3252 3063 3310 διὰ
3099 3261 3201 3324 τῆς
3254 3255 3330 3317 εἷς
3361 3253 3489 3318 τοὺς
3519 3252 3786 3329 πλησίον,

2062 3304 2106 3372 (³
2134 3304 2920 3421 iisiis—.485,{sagittis};

2202 3528 2497 3578 Γινῶσκετε
2572 3525 2677 3598 γὰρ
2754 3525 2852 3592 τὴν
2932 3526 3096 3600 χάριν
3169 3529 3265 3580 τοῦ
3340 3524 3539 3601 Κυρίου
3615 3525 3782 3599 ἡμῶν

2130 3611 2313 3681 Ἰησοῦ
2342 3616 2600 3688 Χριστοῦ,
2671 3613 2753 3668 ὅτι
2814 3610 2883 3667 δι’
2946 3614 3089 3687 ὑμᾶς
3142 3611 3461 3690 ἐπτώχευσε
3514 3612 3786 3677 πλούσιος

2131 3697 2229 3771 ὢν,
2282 3699 2374 3756 ἵνα
2429 3699 2589 3776 ύμεῖς
2635 3707 2704 3777 τῇ
2787 3701 3002 3758 ’ἐκείνου
3096 3704 3347 3780 πτωχείᾳ
3402 3702 3783 3775 πλουτήσητε,

2127 3790 2219 3846 καὶ
2273 3791 2503 3869 γνώμην
2596 3791 2723 3866 ὑμῖν
2804 3791 2859 3847 ἐν
2928 3797 3110 3867 τοῦτῳ
3155 3790 3375 3867 δίδωμι.
3439 3796 3617 3850 Τοῦτο
3678 3795 3787 3872 γὰρ

2131 3882 2260 3954 ὑμῖν
2345 3882 2657 3960 συμφέρει,
2718 3879 2914 3944 οἵτινες
3001 3882 3063 3936 οὐ
3139 3883 3300 3957 μόνον
3391 3883 3453 3939 τὸ
3529 3891 3786 3955 ποιῆσαι,

2131 3968 2278 4025 ἀλλά
2331 3971 2423 4026 καὶ
2478 3972 2541 4026 τὸ
2622 3972 2798 4027 θέλειν
2874 3973 3280 4048 προερῆρξασθε
3375 3972 3484 4030 ἀπὸ
3568 3974 3791 4051 πέρύσι.

2131 4061 2264 4118 Νυνὶ
2309 4057 2367 4115 δὲ
2421 4060 2513 4115 καὶ
2566 4060 2628 4115 τὸ
2685 4067 2916 4130 ποιῆσαι
2986 4059 3349 4119 ἐπιτελέσατε.
3407 4064 3599 4126 Ὅπως
3656 4075 3793 4129 καθ-

2133 4151 2269 4225 άπερ
2326 4152 2361 4219 ἡ
2411 4150 2691 4226 προθυμία
2754 4154 2852 4205 τοῦ
2932 4147 3131 4222 θέλειν,
3192 4152 3366 4216 οὕτως
3422 4153 3511 4208 καὶ
3563 4153 3627 4208 τὸ
3674 4152 3792 4209 ἐπι-

2132 4236 2348 4293 τελέσαι
2380 4239 2439 4294 tu
2467 4242 2565 4293 τοῦ
2593 4236 2759 4315 ἔχειν.

2208 4361 2237 4389 ι(
2273 4340 2565 4394 Γινώσκετε
2592 4338 2695 4414 γὰρ
2741 4339 2841 4408 τὴν
2905 4339 3069 4415 χάριν
3126 4343 3223 4395 τοῦ
3280 4341 3482 4417 Κυρίου
3538 4342 3724 4415 ἡμῶν.
3761 4366 3791 4396 ››

2137 4428 2485 4504 Ἐπτὼχευσε
2537 4429 2642 4502 γὰρ
2718 4430 2818 4498 τὴν
2881 4429 3147 4505 ἡμετέραν
3210 4431 3399 4506 σάρκα.
3475 4432 3606 4488 Εἶτα
3660 4453 3794 4488 κατ-

2137 4514 2419 4590 εδικάσθη,
2449 4519 2541 4574 καὶ
2592 4520 2931 4594 ἐσταυρώθη,
2967 4519 3059 4574 καὶ
3115 4523 3277 4575 τοῦτο
3336 4518 3408 4575 δι’
3456 4523 3605 4594 ἡμᾶς
3662 4520 3795 4585 τοὺς

2138 4607 2405 4679 ἀναξίούς.
2437 4610 2562 4667 Ὅτι
2594 4605 2665 4664 δι’
2695 4611 2843 4681 ἡμᾶς
2892 4608 3255 4684 ἐπτώχευσεν.
3290 4609 3353 4668 Εἰ
3415 4610 3508 4666 οὗν
3564 4611 3799 4681 ἐκεῖνος,

375 4678 896 4779 quidem-propter
917 4678 1113 4774 ipsum
1136 4678 1343 4755 (labis?
1362 4722 1388 4749 ‹‹
1404 4702 1548 4756 Cum
1594 4678 1762 4757 esset.
1783 4702 1965 4758 dives.
2001 4722 2021 4751 ι]

2141 4698 2328 4774 φησὶν,
2364 4696 2679 4773 ἑπτώχευσε
2709 4694 2798 4753 διὰ
2824 4698 2903 4768 σε,
2935 4697 2998 4754 σὺ
3031 4696 3160 4754 οὐδὲ
3208 4700 3474 4773 χρήματα
3524 4697 3691 4762 δίδως
3725 4678 3799 4756 διζ

371 4795 674 4862 Quatenus
697 4798 786 4848 est
807 4798 867 4847 et
890 4790 1239 4862 intelligitur
1259 4806 1389 4845 esse
1414 4792 1597 4846 Deus:
1621 4796 1828 4863 utpote
1880 4791 2029 4848 inef-

372 4883 594 4952 fabilia,
621 4881 1106 4954 inintelligibilis,
1141 4879 1473 4945 invisibilis,
1517 4880 2031 4952 incomprehensi-

374 4971 534 5038 bilis,
568 4971 816 5044 gloriam
858 4968 1086 5026 habens
1116 4968 1507 5038 ineﬂ‘ahilem,
1540 4968 1735 5024 lucem
1768 4985 1899 5040 quae
1930 4986 2030 5025 ex-

375 5060 848 5134 priminequeat,
863 5056 1895 5129 magnitudinemincomparabilem,
1915 5078 1941 5107 ‹‹
1961 5059 2021 5115 U1

2139 5053 2464 5134 γαλωσύνην
2523 5054 2832 5111 ἀνείκαστον
2871 5098 2884 5112 .

375 5167 478 5205 vos
496 5149 656 5204 illius
678 5147 883 5218 inopia
902 5145 1279 5201 ditesceritis.
1297 5167 1325 5195 »
1340 5146 1461 5200 Nisi
1486 5145 1644 5199 enim
1659 5145 1781 5211 ille,
1814 5145 2029 5216 inquit,

377 5254 606 5312 pauper
625 5236 857 5305 fuisset,
885 5251 993 5290 nos
1018 5235 1191 5289 ditari
1222 5251 1341 5289 non
1362 5233 1783 5305 potuissemus.
1818 5236 2032 5295 Sumus

375 5334 578 5386 autem
602 5325 771 5381 ditati
791 5324 1143 5381 remissione
1159 5329 1537 5396 peccatorum
1552 5325 2031 5393 sanctitate,ado-

374 5417 600 5492 plione,
618 5416 747 5487 ipso
764 5413 942 5470 etiam
964 5414 1248 5471 cmlorum
1267 5430 1469 5487 regno.
1506 5437 1532 5463 ι(
1554 5415 1623 5468 Et
1636 5414 1947 5472 consilium
1970 5417 2032 5472 in

376 5508 491 5564 hoc
508 5505 603 5561 do.
630 5504 805 5559 nVide
821 5502 1119 5575 quomodo
1136 5503 1371 5560 studeat
1388 5520 1507 5559 non
1525 5503 1715 5574 gravis
1737 5510 1841 5560 aut
1868 5504 2033 5560 odio-

382 5612 481 5651 sus
502 5593 729 5651 haberi.
758 5594 963 5658 Meam,
996 5592 1099 5659 ait,
1120 5593 1478 5648 sententiam
1509 5597 1567 5647 et
1588 5593 1900 5649 consilium
1933 5594 2030 5662 do,

381 5701 505 5741 non
534 5684 952 5740 necessitatem
975 5682 1241 5752 impono,
1266 5682 1387 5738 imo
1401 5687 1718 5755 propterea
1739 5682 1813 5739 do
1834 5684 2033 5755 ipsum

2141 4787 2303 4843 αὐτόν
2340 4807 2353 4857 ;
2390 4810 2419 4841 (ι
2453 4784 2727 4852 Πλούσιος
2763 4784 2856 4844 ὢν.
2896 4813 2917 4838 ι
2963 4785 3113 4852 Καθό
3145 4787 3258 4843 ἐστι
3289 4787 3380 4844 καὶ
3410 4794 3613 4845 νοεῖται
3637 4790 3797 4860 Θεὸς,

2142 4879 2261 4933 οἷον
2319 4876 2724 4955 ἀνέκφραστος,
2779 4876 3159 4953 ἀπερινόητος,
3209 4877 3464 4954 ἀόρατος,
3522 4878 3802 4951 ἀκατάλη-

2141 4987 2297 5037 πτος,
2330 4965 2483 5038 δόξαν
2515 4963 2661 5043 ἔχων
2710 4965 3051 5044 ἀπόρῤητον,
3103 4971 3219 5048 φῶς
3266 4967 3670 5043 ἀνεκλάλητον,
3730 4991 3802 5043 με

2956 5080 2984 5108 ι(
3051 5057 3167 5112 Ἲνα
3245 5056 3401 5130 ὑμεῖς
3459 5063 3529 5132 τῇ
3587 5059 3799 5117 ἐκείνου

2139 5146 2392 5222 πτωχείᾳ
2445 5143 2816 5215 πλουτήσητε.
2852 5168 2880 5197 ››
2952 5144 3018 5202 Εἰ
3061 5146 3164 5221 γὰρ
3227 5146 3302 5219 μὴ
3340 5145 3565 5217 ἐκεῖνος,
3606 5148 3799 5220 φησίν,

2142 5236 2509 5311 ἐπτώχευσεν,
2567 5234 2668 5290 οὐκ
2715 5232 2775 5290 ἂν
2832 5238 2997 5309 ἡμεῖς
3042 5232 3489 5309 έπλουτήσαμεν.
3560 5236 3796 5294 Ἐπλουο

2139 5328 2381 5399 τησαμεν
2439 5322 2496 5379 δὲ
2532 5371 2545 5393 ,
2611 5321 2796 5404 ἄφεσιν
2860 5326 3178 5398 ἁμαρτιῶν,
3227 5324 3560 5398 ἁγιωσύνην,
3620 5327 3801 5392 υἱοθε-

2143 5415 2279 5482 σίαν,
2314 5415 2480 5483 αὐτὴν
2531 5416 2631 5483 τὴν
2666 5412 2943 5490 βασιλείαν
2999 5420 3107 5469 τῶν
3156 5415 3419 5490 οὐρανῶν.
3456 5442 3484 5468 ‹‹
3520 5418 3619 5471 Καὶ
3651 5418 3796 5495 γνώ-

2146 5527 2255 5578 μην
2286 5504 2337 5560 ἐν
2367 5505 2545 5577 τούτῳ
2573 5501 2795 5577 δίδωμι.
2838 5529 2859 5555 ι»
2916 5505 3059 5578 ’Ὀρα
3108 5509 3224 5566 πῶς
3282 5504 3600 5581 ἀνεπαχθὴς
3658 5508 3801 5564 εἶναι

2143 5591 2455 5663 σπουδάζει.
2510 5594 2741 5667 Γνώμην
2774 5637 2791 5662 ,
2844 5594 2976 5671 φησὶ
3025 5592 3116 5647 καὶ
3176 5587 3503 5667 συμϐουλὴν
3562 5591 3794 5668 δίδωμι,

2143 5682 2244 5739 οὐκ
2273 5681 2511 5759 ἀνάγκην
2542 5682 2662 5736 τινὰ
2690 5680 3001 5756 ἐπιτίθημι,
3033 5679 3122 5736 καὶ
3177 5680 3347 5752 αὐτὴν
3402 5678 3460 5737 δὲ
3509 5684 3610 5752 τὴν
3658 5703 3797 5757 συμπ

387 5773 724 5838 consilium,
746 5772 905 5845 quod
930 5788 1026 5828 res
1048 5771 1125 5827 sit
1145 5788 1278 5844 quae
1309 5773 1472 5830 vobis
1505 5775 1691 5849 magis
1739 5774 2021 5833 conducat

2142 5766 2352 5842 ϐουλὴν
2396 5768 2486 5828 διὰ
2533 5771 2596 5827 τὸ
2641 5771 2769 5847 ὑμῖν
2828 5768 3042 5848 μᾶλλον
3112 5766 3405 5847 συμφέρειν
3437 5770 3501 5828 τὸ
3539 5776 3795 5850 πρᾶγμα,
