4080 6388
306 520 467 581 1013

1273 516 1685 582 ΟΟΜΜΕΝΤ.
1732 515 1811 575 IN
1857 509 2110 571 EPIST.
2157 506 2209 566 ll
2255 505 2362 564 AD
2407 503 2787 565 CORINTH.

3576 501 3731 563 1014

302 662 446 728 ἤπερ
475 659 593 716 τοῖς
627 649 967 728 λαμϐάνουσι
999 656 1162 732 Λέγω.
1202 678 1232 708 ‹‹
1285 652 1494 716 Οἳτινες
1552 652 1616 707 οὗ
1681 646 1846 722 μόνον
1894 645 1941 700 τί

2075 643 2128 699 si
2159 640 2518 713 suscipiatis.
2544 639 2690 695 σοι
2721 661 2748 690 ‹‹
2781 637 2888 705 Qui
2920 639 3161 712 quidem
3193 657 3314 695 non
3343 637 3536 695 solum
3567 637 3727 693 face-

305 750 552 813 ποιῆσαιο
587 770 607 798 ι
680 745 784 802 Καὶ
835 744 1030 800 λοιπὸν
1091 745 1235 820 λέγει
1289 745 1385 812 τήν
1448 744 1696 819 γνώμην.
1731 737 1964 801 Οἳτινες,

306 833 490 910 φησὶν,
523 833 584 888 οὐ
620 833 784 905 μόνον
813 835 992 909 ἀρχὴν
1022 828 1178 908 ἔχετε
1215 835 1353 909 πρὸς
1381 833 1443 888 τὸ
1471 837 1671 900 ποιεῖν,
1705 826 1849 883 ἀλλὰ
1877 824 1966 880 καὶ

304 924 445 998 πρὸς
477 923 538 978 τὸ
573 920 776 989 θέλειν,
802 924 1075 992 τουτέστι,
1101 922 1162 977 τὸ
1187 923 1446 985 ἑκουσίως
1465 917 1758 986 ποιεῖν,καὶ
1795 911 1965 990 μηδε-

305 1013 396 1075 νὸς
428 1014 903 1089 προτρεψαμένου,
940 1038 966 1064 ‹‹
1006 1017 1111 1068 Νῦν
1166 1012 1258 1068 καὶ
1288 1013 1350 1068 τὸ
1402 1013 1626 1082 ποιῆσαι
1658 1005 1966 1064 ἐπιτελέσα-

300 1123 380 1169 τε,
416 1125 444 1154 ››
479 1103 752 1171 τουτέστι,
786 1101 1120 1176 πληρώσατε
1160 1102 1310 1172 αὐτὸ,
1372 1103 1401 1156 6'
1457 1100 1744 1174 ἐνήρξασθε
1765 1094 1960 1152 θέλειν.

304 1191 573 1249 Βούλεται
605 1189 662 1247 δὲ
699 1193 761 1246 τὸ
793 1191 1114 1266 αὐθαίρετον
1151 1191 1238 1246 καὶ
1279 1191 1520 1260 τούτοις,
1574 1190 1648 1252 ὡς
1688 1182 1960 1244 Μακεδόσι

302 1280 589 1357 περιάψαι.
632 1303 654 1331 ι
686 1281 875 1343 Ὀπως
907 1284 1148 1357 καθάπερ
1180 1283 1215 1352 ἡ
1273 1281 1574 1356 προθυμία.
1610 1302 1638 1330 ››
1687 1279 1804 1334 Ἵνα
1859 1275 1960 1346 μή.

299 1370 490 1449 φησὶν,
526 1367 661 1447 ὂίχρι
691 1371 1002 1447 προθυμίας
1025 1375 1124 1443 στῇ
1155 1370 1218 1426 τὸ
1247 1368 1415 1426 καλὸν
1444 1364 1596 1445 ἔργον
1616 1368 1803 1435 τοῦτο,
1836 1358 1963 1420 ἀλλ’

299 1461 483 1536 ὥσπερ
541 1463 575 1532 ἡ
633 1461 936 1536 προθυμία,
987 1461 1046 1516 ἐκ
1103 1463 1332 1537 γνώμης
1384 1461 1471 1515 καὶ
1540 1459 1601 1514 ὲκ
1648 1455 1961 1529 θελήματος

297 1549 552 1606 ὖκουσίου
575 1551 814 1626 γέγονεν,
848 1549 992 1605 οὕτω
1047 1550 1137 1605 καὶ
1193 1551 1255 1604 τὸ
1304 1550 1402 1619 τὴν
1464 1545 1764 1624 προθυμίαν
1810 1542 1959 1613 πλη-

296 1642 545 1715 ρωθῆναι
603 1638 825 1716 γένηται
885 1639 946 1695 ἐκ
1008 1644 1106 1694 τοῦ
1165 1636 1334 1715 ἔχειν,
1392 1637 1688 1703 τουτέστιν,
1747 1634 1808 1689 ἐκ
1860 1637 1957 1690 τοῦ

291 1728 522 1806 ἔχοντας
553 1729 886 1804 εἰσενεγκεῖν.
911 1731 1000 1792 Ὠς
1031 1731 1077 1784 εἳ
1113 1749 1176 1805 γε
1206 1729 1309 1784 οὐκ
1337 1723 1454 1803 ἔχει
1485 1747 1590 1796 τις,
1624 1726 1688 1782 τὸ
1718 1725 1825 1780 ἀπὸ
1857 1730 1956 1792 τῆς

295 1819 604 1896 προθυμίας
632 1817 975 1894 ἐπλήρωσεν.

373 2073 444 2131 Εἴ
493 2074 592 2148 γὰρ
665 2076 700 2144 ἡ
777 2074 1056 2147 προθυμία
1131 2075 1413 2148 πρόκειται
1489 2072 1624 2137 καθὸ
1700 2071 1787 2127 ἐὰν
1840 2071 1942 2146 ἔχῃ

289 2184 377 2225 τις
409 2161 825 2238 εὐπρόσδεκτος,
859 2165 924 2218 ού
956 2164 1088 2218 καθὸ
1119 2165 1221 2219 οὐκ
1241 2162 1379 2242 ἔχει.
1407 2164 1479 2217 Οὐ
1502 2166 1602 2237 γάρ
1633 2162 1718 2216 ἳνα
1751 2161 1946 2226 ἄλλοις

289 2251 489 2323 ἄνεσις,
525 2253 654 2327 ὑμῖν
686 2250 743 2308 δὲ
772 2253 981 2327 θλίψις,
1015 2253 1140 2309 ἀλλ’
1198 2251 1248 2326 ἐξ
1310 2252 1561 2323 ἰσότητος
1620 2251 1672 2306 ἐν
1727 2257 1804 2323 τῷ
1855 2255 1946 2305 νῦν

282 2347 462 2416 καιρῷ
493 2343 556 2398 τὸ
585 2343 737 2414 ὑμῶν
769 2341 1102 2417 περίσσευμα
1151 2343 1226 2404 εἷς
1282 2342 1346 2397 τὸ
1377 2342 1602 2397 ἐπείνων
1637 2341 1938 2416 ὑστέρημα.

280 2434 394 2489 Ἵνα
422 2432 514 2486 καὶ
543 2432 608 2486 τὸ
640 2431 856 2487 ἐκείνων
895 2432 1230 2508 περίσσευμα
1285 2433 1529 2507 γένηται,
1577 2430 1653 2492 εἲς
1685 2431 1747 2484 τὸ
1785 2431 1942 2502 ὑμῶν

286 2522 588 2595 ὑστέρημα,
644 2521 793 2582 ὅπως
849 2521 1072 2598 γένηται
1127 2522 1336 2591 ἰσότης,
1403 2519 1581 2583 καθὼς
1620 2521 1941 2594 γέγραπται.

283 2612 344 2668 Ὀ
373 2612 435 2666 τὸ
490 2610 636 2666 πολὺ
699 2611 799 2666 οὐκ
838 2611 1150 2680 ἐπλεόνασε,
1212 2610 1302 2666 καὶ
1362 2611 1390 2664 ὁ
1448 2611 1511 2666 τὸ
1574 2607 1757 2685 ὀλίγον
1844 2609 1944 2664 οὐκ

281 2701 673 2772 ἠλαττόνησεν.

357 2958 738 3034 Προκειμένης
795 2959 921 3034 γάρ,
972 2960 1138 3038 φησὶ,
1195 2958 1525 3034 προθυμίας,
1584 2959 1718 3023 καθὸ
1779 2956 1944 3034 μέρος

284 3043 427 3127 ἕχει,
460 3046 854 3125 εὐπρόσδεκτός
900 3048 1011 3104 ἐστι
1066 3050 1214 3123 παρᾶ
1278 3053 1416 3121 Θεῷ,
1472 3049 1568 3102 κᾶν
1633 3048 1826 3122 μικρὸν
1882 3049 1940 3119 ᾖ,

285 3137 384 3193 κᾶν
423 3133 590 3208 μηδὶν
706 3135 1010 3199 παντελῶς.
1072 3137 1218 3192 Καθὸ
1274 3138 1376 3210 γάρ
1432 3133 1571 3214 ἔχει,
1637 3135 1824 3212 φησὶν,
1879 3133 1940 3189 ού

291 3226 429 3284 καθὸ
460 3227 561 3281 ούκ
587 3222 723 3302 ἔχει,
757 3226 1085 3283 ἀπαιτεῖται,
1121 3251 1147 3277 ‹‹
1183 3226 1259 3284 Ού
1318 3225 1420 3301 γὰρ
1473 3222 1562 3279 ’ίνα
1605 3223 1800 3286 ἄλλοις
1849 3221 1943 3279 ἅν·-

292 3333 424 3375 εσις.
461 3337 490 3366 ››
529 3313 602 3371 Ού
660 3315 764 3392 γὰρ
820 3315 911 3369 ἳνα
967 3312 1134 3370 ἄλλοι
1198 3316 1330 3386 μετᾶ
1393 3311 1619 3368 ἀνέσεως
1667 3317 1936 3390 τραφῶσι,

286 3403 404 3484 χρὴ
441 3403 575 3478 ὑμᾶς
608 3404 738 3480 ὑπὲρ
771 3401 1001 3476 δύναμιν
1035 3400 1244 3467 δοῦναι,
1305 3403 1444 3458 ὥστε
1474 3402 1564 3457 καὶ
1596 3397 1797 3457 ἔνδειαν
1846 3403 1934 3458 καὶ
1971 3378 2020 3445 C

280 3493 469 3568 θλίψιν
504 3495 798 3567 ὑπομεῖναι
830 3492 892 3550 ἐκ
909 3493 1108 3550 τούτου
1131 3540 1141 3551 .
1169 3498 1338 3548 Τοῦτο
1380 3491 1456 3560 δὲ,
1492 3489 1580 3548 διὰ
1636 3495 1698 3549 τὸ
1761 3494 1935 3551 αὐτῶν

280 3584 468 3647 ἄτελές
528 3605 716 3661 φησιν.
775 3585 840 3643 Ὀ
895 3585 998 3659 γὰρ
1056 3581 1370 3646 Μακεδόνας
1403 3583 1636 3640 ἐπαινῶν
1689 3583 1771 3640 ὅτι
1803 3583 1937 3660 ύπὲρ

281 3671 515 3747 δύναμιν
545 3672 772 3745 ἔδωκαν,
808 3672 980 3740 δῆλός
1010 3673 1123 3729 ἐστι
1150 3674 1236 3728 καὶ
1289 3674 1517 3735 τούτους
1567 3679 1729 3729 τοῦτο
1760 3680 1935 3729 ποιεῖν

281 3762 510 3828 ἆθέλων.
567 3763 788 3836 Ἀμέλει
846 3764 1216 3836 παρακατιὼν,
1295 3761 1715 3836 αἷνιγματωδῶς
1773 3784 1940 3819 κατα-

283 3852 528 3921 σκευάζει
559 3853 622 3907 τὸ
653 3849 763 3908 δεῖν
818 3851 953 3928 ὑπὲρ
1007 3849 1232 3925 δύναμιν
1287 3848 1516 3908 διδόναι.
1577 3875 1604 3903 ‹‹
1669 3850 1827 3909 Ἀλλ’
1885 3852 1936 3925 ἐξ

284 3944 560 4014 ἰσότητος.
595 3968 622 3996 ››
687 3948 920 4017 Κομᾶτε,
976 3944 1133 4017 φησὶ,
1192 3944 1472 4018 χρήμασιν
1513 3941 1693 4016 ὀμεῖς,
1745 3943 1936 3999 ἐκεῖνοι

281 4030 341 4090 δὶ
368 4037 437 4107 τῇ
470 4033 546 4094 εἷς
614 4033 742 4088 Θεὸν
786 4030 1082 4107 παρῥησίᾳ,
1145 4033 1227 4094 οἷς
1288 4031 1354 4087 τά
1409 4039 1509 4102 τῆς
1561 4029 1937 4104 ἐλεημοσύνης

285 4120 483 4196 μέλλει
509 4119 776 4186 δίδοσθαι.
810 4122 940 4178 Δότε
967 4121 1143 4176 τοίνυν
1178 4121 1364 4184 αὐτοῖς
1409 4122 1476 4177 τὰ
1522 4122 1752 4199 περισσᾶ
1826 4127 1933 4177 τῶν

282 4212 614 4288 χρημάτων,
668 4211 759 4266 καὶ
816 4205 1012 4266 λάϐετε
1067 4211 1128 4266 τὸ
1188 4212 1442 4286 περισσὸν
1514 4213 1612 4281 τῆς
1673 4211 1747 4274 εἷς
1805 4212 1933 4268 Θεὸν

276 4306 609 4382 παρῥησίας.
647 4304 828 4362 Εἰπὼν
865 4300 940 4372 δὲ,
973 4301 1024 4376 ἐξ
1061 4302 1334 4375 ἰσότητος,
1396 4305 1577 4380 ἠρέμα
1634 4309 1936 4380 προτρέπε-

277 4415 368 4449 ται
398 4393 593 4453 αύτοὺς
631 4393 707 4465 μή
739 4393 800 4446 τὸ
829 4390 1164 4466 περίσσευμα
1195 4389 1400 4465 δοῦναι,
1460 4392 1610 4448 ἀλλὰ
1663 4393 1752 4448 καὶ
1804 4395 1936 4450 αὐτὸ

273 4486 339 4541 τὸ
368 4483 670 4558 ύστέρημα.
706 4484 884 4540 Τοῦτο
917 4480 1042 4556 γάρ,
1077 4481 1264 4558 φησὶν,
1308 4481 1353 4536 εί
1411 4483 1746 4558 περίσσευμα
1805 4481 1933 4557 δῷς,

275 4575 614 4649 περίσσευμα
692 4569 1019 4650 λαμϐάνεις.
1080 4573 1148 4632 Εἴ
1205 4569 1430 4646 δαψιλὲς
1518 4571 1648 4646 δῷς,
1707 4571 1934 4648 δαψιλὲς

483 4663 548 4720 Εἰ
581 4661 637 4719 δὲ
695 4663 1006 4740 ὁλόκληρον
1045 4663 1242 4741 βούλει
1305 4664 1404 4731 τήν
1459 4663 1594 4738 πρὸς
1636 4664 1764 4718 Θεὸν
1794 4665 1931 4738 παρ-

2071 750 2154 788 re.
2188 754 2214 782 ››
2247 732 2695 802 Consequenter
2726 730 2904 783 etiam
2932 729 3076 783 dicit
3130 729 3326 801 ipsum
3385 728 3724 784 consilium.

2071 821 2178 888 Qui
2206 821 2448 893 quidem
2482 837 2603 874 non
2636 818 3072 890 solum.inquit,
3107 819 3463 890 principium
3495 818 3725 873 habetis

2069 911 2145 965 ad
2175 911 2757 976 faciendum,verum
2791 909 2968 962 etiam
2994 908 3068 962 ad
3099 907 3438 975 volendum,
3471 908 3584 962 hoc
3614 913 3723 975 est,

2069 1007 2134 1055 ut
2165 1000 2492 1056 voluntarie
2526 1004 2585 1054 et
2612 998 2778 1053 nullo
2811 997 3167 1053 adhortante
3190 997 3482 1052 faceretis.
3510 1019 3536 1043 ‹‹
3560 999 3724 1052 Nunc

2069 1095 2268 1145 autem
2299 1095 2358 1145 et
2387 1089 2535 1144 illud
2557 1087 2714 1159 quod
2739 1088 2931 1143 facere
2956 1086 3214 1158 ccepistis
3233 1087 3517 1158 perﬁcite.
3555 1108 3581 1134 ››
3605 1087 3724 1141 Hoc

2068 1185 2176 1244 est,
2208 1179 2502 1249 complete
2533 1177 2681 1232 illud
2711 1177 2868 1248 quod
2894 1177 3021 1246 jam
3055 1177 3202 1230 velle
3227 1175 3507 1246 cmpistis.
3553 1175 3726 1246 Cupit

2067 1275 2265 1324 autem
2299 1267 2631 1330 efficere,ut
2659 1267 2719 1321 hi
2744 1282 2980 1338 quoque
3014 1265 3134 1319 sint
3153 1265 3410 1320 ultronei
3435 1265 3724 1336 quemad-

2065 1359 2305 1413 modum
2332 1356 2608 1413 Macedon
2619 1373 2735 1418 es,«
2761 1357 2832 1412 Ut
2846 1355 3351 1427 quemadmodum
3374 1354 3725 1425 promptitu-

2064 1447 2158 1503 do.
2203 1472 2221 1495 ι
2259 1450 2338 1502 Ne
2370 1447 2432 1501 in
2466 1447 2593 1502 sola
2625 1446 2809 1501 animi
2841 1443 3334 1516 promptitudine,
3367 1443 3582 1514 inquit,
3614 1443 3719 1497 bo-

2063 1531 2206 1592 num
2242 1537 2355 1591 hoc
2387 1553 2534 1607 opus
2558 1537 2759 1590 sistat:
2786 1534 2890 1589 sed
2911 1533 3413 1604 quemadmodum
3438 1533 3718 1604 prompti-

2061 1625 2203 1681 tudo
2237 1643 2306 1680 ex
2331 1631 2533 1680 mente
2567 1630 2625 1678 et
2654 1624 2928 1678 ultronea
2961 1623 3264 1677 voluntate
3296 1621 3604 1692 processit,
3639 1622 3722 1676 ita

2061 1731 2298 1786 quoque
2331 1714 2653 1786 impleatur
2683 1713 2867 1768 animi
2900 1710 3423 1783 promptitudo.Ex
3455 1726 3524 1764 eo
3557 1711 3718 1780 quod

2058 1803 2326 1876 possidet
2359 1821 2370 1857 :
2407 1804 2518 1858 hoc
2550 1808 2660 1867 est,
2693 1819 2761 1857 eo
2794 1801 2951 1872 quod
2983 1799 3356 1872 possidentes
3385 1799 3715 1866 conferant,

2058 1899 2126 1950 ut
2157 1894 2205 1948 si
2237 1893 2370 1964 quis
2401 1909 2524 1948 non
2541 1892 2775 1960 habeat,
2804 1891 2931 1963 jam
2976 1907 3044 1945 ex
3077 1889 3180 1944 illo
3238 1888 3396 1960 quod
3454 1889 3714 1960 prompti

1983 2010 2026 2075 Β
2057 1983 2241 2039 animi
2274 1986 2403 2037 erat
2425 1999 2552 2037 rem
2593 1981 2926 2051 complevit.

2130 2071 2279 2140 VllI,
2314 2071 2500 2124 12-15.
2560 2070 2778 2123 Etenim
2827 2071 2874 2122 si
2924 2069 3087 2138 prius
3143 2068 3286 2121 adsit
3333 2068 3508 2121 animi
3532 2081 3717 2137 prom-

2058 2158 2268 2224 titudo,
2320 2158 2494 2226 juxta
2533 2156 2896 2226 quodcunque
2952 2155 3093 2209 illud
3147 2162 3222 2210 est
3270 2156 3420 2225 quod
3471 2158 3711 2226 possidet

2053 2246 2258 2318 aliquis
2277 2252 2528 2316 acceptus
2567 2252 2666 2313 est,
2694 2262 2804 2300 non
2825 2248 3000 2316 jar-ta
3029 2245 3090 2299 id
3119 2246 3266 2314 quod
3283 2261 3392 2298 non
3435 2247 3702 2314 possidet.

2054 2340 2173 2393 Non
2206 2339 2346 2391 enim
2387 2342 2448 2389 ut
2505 2334 2634 2389 aliis
2677 2335 2955 2389 relaxatio
3003 2337 3096 2402 sit,
3136 2334 3284 2389 vobis
3314 2339 3494 2388 autem
3523 2352 3700 2404 angu-

2052 2429 2159 2481 stia
2194 2443 2206 2479 :
2231 2425 2325 2481 sed
2345 2432 2406 2479 ut
2439 2442 2506 2480 ea:
2520 2425 2834 2495 parilitate,
2862 2425 2924 2478 in.
2954 2425 3213 2492 prwsenti
3259 2429 3497 2492 tempore
3521 2431 3702 2480 vestra

2053 2516 2217 2586 copia
2249 2515 2475 2570 illorum
2537 2520 2823 2569 succurrat
2880 2512 3105 2582 inopiae,
3138 2519 3200 2567 ut
3258 2515 3424 2567 etiam
3480 2514 3710 2570 illorum

2052 2609 2216 2676 copia
2272 2612 2460 2660 vestrm
2515 2606 2770 2660 succurat
2827 2605 3050 2673 inopiae,
3111 2609 3173 2656 ut
3246 2606 3346 2671 ﬁat
3420 2604 3708 2673 parilitas,

2051 2695 2512 2768 quemadmodum
2541 2696 2810 2764 scriptum
2858 2699 2953 2748 est.
3005 2695 3111 2758 Qui
3158 2691 3394 2746 multum
3445 2693 3700 2762 habebat,

2052 2787 2180 2841 huic
2231 2787 2379 2841 nihil
2417 2788 2694 2856 superfuit
2727 2801 2740 2839 :
2774 2791 2824 2839 et
2852 2785 2951 2854 qui
2997 2783 3230 2856 paulum
3272 2785 3524 2854 habebat,
3557 2787 3601 2842 is
3626 2787 3710 2840 ni-

2053 2876 2350 2931 hilominus
2373 2875 2588 2930 habuit'

2124 2965 2441 3020 Prmmissa
2502 2964 2661 3019 enim
2721 2963 2904 3018 animi
2963 2961 3454 3034 promptitudine,
3490 2963 3710 3034 inquit,

2052 3060 2329 3126 acceptus
2364 3060 2452 3108 est
2483 3053 2781 3125 quispiam
2814 3068 2849 3106 a
2878 3053 2996 3106 Deo
3022 3052 3196 3123 juxta
3249 3057 3479 3121 partem
3530 3069 3709 3122 quam

2051 3142 2336 3216 possidet,
2395 3143 2513 3197 sive
2573 3159 2750 3214 parva
2805 3141 2901 3204 sit,
2964 3141 3083 3194 sive
3140 3140 3291 3195 nihil
3334 3141 3576 3195 omnino
3610 3142 3706 3197 sit.

2050 3233 2222 3288 Juxta
2252 3231 2612 3302 id,ait,quod
2644 3231 2932 3302 possidet,
2964 3247 3084 3284 non
3108 3230 3284 3302 juxta
3313 3229 3372 3284 id
3403 3229 3563 3300 quod
3586 3246 3710 3285 non

2052 3321 2336 3394 possidet,
2372 3321 2650 3394 exigitur.
2694 3342 2722 3370 «
2756 3321 2883 3375 Non
2915 3318 3074 3376 enim
3103 3324 3170 3374 ut
3217 3318 3352 3374 aliis
3418 3318 3708 3376 relaxatio

2053 3411 2147 3467 sit.
2185 3433 2212 3460 »
2246 3412 2445 3481 Neque
2479 3410 2639 3465 enim
2661 3415 2727 3464 ut
2758 3409 2859 3464 alii
2888 3426 3021 3464 cum
3037 3407 3389 3464 remissione
3421 3424 3488 3464 ac
3520 3409 3706 3464 disso-

2052 3500 2278 3556 lutione
2309 3499 2567 3566 alantur,
2597 3516 2700 3554 vos
2732 3504 2967 3568 oportet
3015 3514 3195 3569 supra
3249 3497 3707 3569 possibilitatem

2051 3589 2212 3656 dare,
2245 3594 2312 3645 ut
2341 3589 2520 3645 etiam
2545 3587 2936 3661 indigentiam
2961 3593 3019 3641 et
3040 3586 3431 3643 at‘ﬂictionem
3465 3604 3537 3643 ex
3593 3589 3705 3643 hoc

2051 3679 2416 3735 sustineatis.
2442 3679 2504 3734 Id
2535 3687 2733 3734 autem
2761 3685 3005 3751 propter
3034 3678 3273 3734 illorum
3307 3678 3451 3734 dicit
3485 3679 3706 3751 imper-

2048 3767 2389 3825 fectionem.
2419 3769 2724 3840 Siquidem
2759 3784 2893 3824 cum
2945 3768 3291 3823 Macedones
3323 3784 3393 3823 ex
3435 3769 3545 3824 hoc
3578 3768 3702 3823 lau-

2050 3857 2276 3912 daverit
2304 3857 2464 3929 quod
2495 3874 2676 3929 supra
2695 3858 2846 3913 vires
2876 3857 3592 3925 dedissent,manifestum
3616 3865 3705 3914 est

2049 3946 2209 4017 quod
2231 3947 2339 4001 hos
2372 3963 2605 4018 quoque
2638 3945 2697 4000 id
2727 3945 2921 4002 facere
2955 3945 3149 4001 vellet.
3201 3947 3369 4001 Certe
3429 3945 3491 4000 in
3549 3963 3696 4018 pro-

2046 4053 2253 4109 gressu
2305 4037 2554 4093 obscure
2604 4037 2816 4093 astruit
2863 4041 3135 4108 oportere
3195 4053 3376 4109 supra
3412 4038 3564 4093 vires
3596 4039 3702 4094 tri-

2045 4128 2249 4184 buere.
2287 4149 2314 4178 ‹‹
2349 4127 2460 4182 Sed
2491 4143 2562 4182 ex
2594 4127 2911 4199 parilitate.
2948 4149 2975 4175 »
2999 4129 3133 4194 Nos,
3159 4126 3700 4198 inquit,eﬂ‘erimini

2045 4216 2291 4283 divitiis,
2325 4215 2412 4270 illi
2444 4233 2580 4272 vero
2616 4215 2835 4288 quibus
2866 4215 3077 4271 dandas
3111 4220 3250 4271 sunt
3281 4215 3700 4290 eleemosynaa,

2045 4305 2320 4361 libertate
2343 4321 2481 4379 erga
2505 4307 2723 4362 Deum:
2753 4323 2853 4360 vos
2883 4306 3062 4378 igitur
3094 4305 3227 4362 date
3259 4305 3381 4361 illis
3403 4306 3706 4378 superﬂua

2049 4416 2180 4470 quae
2213 4399 2532 4471 possidetis
2563 4398 2624 4453 in
2657 4397 2903 4465 divitiis,
2938 4404 2996 4454 et
3036 4399 3287 4471 accipite
3335 4404 3701 4472 superﬂuum

2047 4489 2206 4557 quod
2237 4488 2310 4542 de
2332 4488 2608 4543 libertate
2641 4504 2780 4560 erga
2812 4489 2994 4543 Deum
3027 4488 3574 4560 possident.Dicens
3605 4507 3704 4546 au-

2047 4582 2186 4633 tem.
2222 4599 2249 4627 «
2285 4579 2364 4632 Ex
2397 4577 2716 4648 parilitate,
2753 4577 2975 4632 sensim
3036 4577 3389 4633 adhortatur
3419 4596 3519 4634 eos
3577 4596 3699 4635 non

2042 4671 2107 4721 ut
2139 4665 2283 4721 dent
2319 4666 2478 4737 quod
2524 4666 2895 4738 superﬂuum
2949 4672 3058 4732 est,
3091 4667 3246 4722 862
3277 4683 3484 4722 verum
3517 4669 3698 4724 etiam

279 4753 471 4829 ῥησίαν
533 4752 948 4822 ἐπισπάσασθαι,
1009 4753 1114 4810 ὅλα
1171 4752 1403 4808 κένωσον
1456 4752 1546 4807 καὶ
1587 4751 1671 4822 σὺ,
1722 4749 1813 4814 δὸς
1843 4754 1931 4807 καὶ

2055 4754 2201 4828 quod
2232 4755 2638 4810 necessarium
2673 4761 2764 4810 est
2793 4755 2912 4809 sive
2946 4755 3133 4826 ipsam
3183 4757 3517 4827 penuriam.
3552 4759 3697 4813 Nam

277 4842 338 4899 ἐκ
359 4841 462 4898 τοῦ
493 4842 889 4918 ὑστερήματος.
922 4843 1009 4914 Ἐξ
1041 4842 1300 4914 ΐσότητος
1348 4843 1450 4916 γάρ
1510 4839 1650 4895 ἐστιν
1680 4842 1713 4911 ἠ
1758 4839 1929 4916 λῆψις

274 4937 375 4997 τῆς
408 4931 634 4994 δόσεως.
702 4955 728 4986 ι
786 4934 873 4990 Ἐν
932 4937 1012 5004 τῷ
1067 4936 1161 4987 νῦν
1220 4936 1418 5006 καιρῷ.
1480 4955 1508 4982 ››
1552 4932 1638 4988 Ἐν
1708 4937 1788 5002 τῷ
1839 4935 1930 4986 νῦν

272 5028 474 5096 καιρῷ,
517 5023 699 5100 φησίν.
754 5025 840 5080 Ἑν
875 5021 978 5098 γάρ
1017 5026 1098 5095 τῷ
1149 5019 1438 5097 μέλλοντι,
1499 5017 1656 5076 οὐδὲν
1719 5021 1929 5077 τούτων

271 5109 674 5169 ἐπιδείκνυσθαι
733 5109 974 5168 δύναται.
1027 5143 1094 5154 -
1152 5111 1256 5168 Καὶ
1315 5108 1505 5174 ἄλλως
1579 5106 1655 5167 δέ.
1716 5112 1931 5185 [ΦΩΤ.]

273 5206 360 5262 Ἐν
411 5207 492 5275 τῷ
516 5207 608 5256 νῦν
664 5206 841 5278 καιρῷ
872 5200 1184 5257 ἐπιτέλεσον
1242 5202 1345 5270 τήν
1407 5200 1654 5270 ἰσότητα.
1710 5201 1928 5275 Ἐνγᾶρ

265 5299 348 5366 τῷ
383 5291 641 5365 μέλλοντι
662 5290 1122 5348 πολλαπλασίονα
1153 5287 1444 5364 ἀπολήψῃ.
1508 5290 1612 5346 Καὶ
1663 5289 1929 5366 πρόσκαι-

273 5402 366 5460 ρος
429 5382 525 5456 μὲν
587 5382 621 5449 ἠ
685 5378 920 5435 δοκοῦσα
982 5377 1285 5454 ζημία(ἐν
1343 5384 1423 5451 τῷ
1479 5383 1568 5434 νῦν
1598 5379 1698 5454 γὰρ
1729 5384 1928 5455 καιρῷ,

269 5471 454 5553 φησὶ),
487 5468 815 5540 διαιωνίζων
869 5466 927 5523 δὲ
983 5469 1011 5522 6
1072 5469 1274 5547 ἄφατος
1326 5466 1588 5531 πλοῦτος.
1649 5493 1678 5520 ‹‹
1737 5471 1930 5533 Καθὼς

266 5563 591 5639 γέγραπται.
629 5581 657 5610 ››
690 5558 876 5629 Δείξας
907 5556 991 5612 ὅτι
1021 5556 1083 5612 ού
1121 5559 1286 5632 μόνον
1343 5554 1605 5628 διδοῦσιν,
1666 5555 1812 5613 ἀλλὰ
1839 5559 1932 5614 καὶ

273 5643 761 5722 ἀντιλαμϐάνουσι,
820 5645 912 5700 καὶ
976 5647 1194 5719 μείζονα
1251 5643 1718 5722 ἀντιλαμϐάνουσι
1763 5651 1781 5722 (
1838 5647 1932 5702 κᾶν

273 5741 382 5822 γάρ
414 5739 587 5808 εἶπεν,
627 5761 655 5789 ‹‹
680 5737 872 5798 ’Όπως
899 5736 1119 5811 γένηται
1152 5735 1357 5822 ἰσότης,
1389 5761 1416 5788 )›
1476 5737 1611 5811 πρὸς
1643 5733 1927 5811 δαψίλειαν

276 5820 478 5891 αὖτοὺς
511 5823 838 5904 προτρέπων
871 5823 1039 5881 εἶπεν.
1095 5823 1210 5882 Οὐκ
1266 5820 1378 5881 ἔστι
1435 5824 1536 5902 γὰρ
1594 5823 1706 5880 ἴσον
1746 5822 1932 5882 δοῦναι

2045 4847 2090 4901 si
2125 4844 2282 4916 quod
2313 4843 2683 4916 superfluum
2707 4848 2817 4911 est,
2849 4843 3516 4914 inquit,dederis,etiam
3541 4847 3700 4917 quod

2043 4935 2413 5008 superfluum
2433 4939 2522 4989 est
2550 4935 2807 5006 accipies
2831 4952 2842 4988 :
2868 4935 2914 4988 si
2950 4933 3182 4990 abunde
3201 4933 3701 5000 dederis,abunde

2043 5025 2315 5097 recipies.
2351 5024 2407 5079 Si
2439 5039 2573 5079 vero
2602 5022 2927 5096 perfectam
2959 5040 3097 5096 erga
3144 5022 3330 5079 Deum
3365 5024 3699 5083 libertatem

2043 5115 2363 5171 conciliare
2396 5113 2581 5185 cupis,
2606 5119 2670 5168 tu
2712 5130 2949 5185 quoque
2985 5113 3240 5184 teipsum
3274 5131 3508 5181 evacua,
3543 5122 3600 5171 et
3630 5134 3699 5175 ex

2043 5222 2112 5263 eo
2144 5206 2323 5260 etiam
2347 5204 2505 5275 quod
2537 5204 2942 5259 necessarium
2975 5209 3066 5259 est
3095 5203 3359 5260 tribuito.
3394 5206 3697 5279 Siquidem

2044 5313 2113 5351 ex
2145 5295 2442 5367 parilitate
2477 5300 2564 5349 est
2587 5294 2726 5349 doni
2757 5294 3044 5365 acceptio.
3081 5315 3110 5342 «
3145 5296 3207 5349 In
3240 5297 3518 5366 praesenti
3551 5302 3701 5354 tem-

2042 5401 2206 5456 pore.
2240 5406 2266 5433 ››
2297 5386 2363 5438 In
2395 5383 2528 5451 hoc,
2580 5382 2794 5454 inquit,
2848 5387 3133 5454 tempore.
3187 5385 3332 5439 Nam
3377 5386 3439 5440 in
3498 5385 3696 5444 futuro

2042 5473 2195 5529 nihil
2245 5473 2592 5545 hujusmodi
2637 5477 2834 5544 potest
2865 5471 3151 5528 exhiberi.
3185 5503 3254 5514 --—
3302 5477 3434 5530 Alio
3481 5491 3701 5546 quoque

2041 5563 2221 5618 modo.
2242 5564 2321 5620 .In
2354 5563 2631 5634 praesenti
2668 5567 2932 5632 tempore
2966 5562 3184 5633 perﬁce
3217 5564 3600 5633 parilitatem,
3633 5564 3692 5618 in

2043 5653 2240 5707 futuro
2269 5653 2429 5706 enim
2463 5651 2859 5723 multiplicata
2877 5651 3133 5722 accipies
3161 5653 3232 5705 Et
3262 5653 3688 5722 temporarium

2043 5743 2286 5813 quidem
2319 5746 2407 5797 est
2439 5741 2588 5813 quod
2619 5741 2848 5797 videtur
2866 5741 3149 5797 damnum
3179 5758 3192 5796 :
3224 5757 3362 5795 nam
3395 5762 3423 5791 ‹‹
3458 5742 3520 5796 In
3547 5759 3695 5813 prm-

2045 5832 2444 5904 senti,inquit,
2476 5836 2766 5903 tempore,
2797 5854 2826 5883 »
2861 5846 3037 5902 porro
3069 5830 3129 5884 in
3161 5833 3514 5900 perpetuum
3535 5831 3690 5904 parit
