4080 6378
315 477 474 539 1015

1443 465 1628 527 (ΕΘΗ
1641 464 1856 524 ΜΕΝΙΙ
1900 460 2210 522 TRICCIE
2260 464 2606 525 EPISCOPI

3590 462 3750 524 1016

317 608 649 675 ineffabiles
672 607 924 663 divitias.
951 603 1500 672 «Quemadmodum
1523 602 1808 674 scriptum
1827 605 1967 655 est.-

2114 597 2376 671 [ρήματοῃ
2407 599 2495 653 καὶ
2527 599 2625 667 τήν
2661 599 2799 673 πρὸς
2849 599 2977 654 Θεὸν
3025 599 3338 674 παρῥησίαν
3388 592 3751 673 ἀντιλαϐεῖν),

320 696 641 763 Postquam
689 689 948 746 ostendit
987 687 1146 760 quod
1188 704 1311 742 non
1352 686 1545 742 solum
1579 685 1741 749 dent,
1777 701 1976 740 verum

322 783 500 840 etiam
530 781 843 853 recipiant,
877 779 996 834 imo
1020 778 1250 849 majora
1281 777 1569 846 recipiant
1611 775 1978 848 (quanquam

323 873 484 928 enim
544 871 723 927 dixit:
780 891 807 918 «
869 870 939 924 Ut
994 868 1096 923 ﬁat
1156 866 1446 939 parilitas,
1507 865 1581 919 ad
1640 864 1978 918 libertatem

321 962 455 1020 illos
487 957 856 1016 exhortando
891 958 1058 1020 dixit,
1093 955 1386 1027 siquidem
1434 954 1660 1024 mquale
1713 970 1833 1008 non
1892 959 1980 1008 est

321 1054 462 1110 dare
493 1051 778 1124 pecunias
811 1055 868 1103 et
897 1047 1160 1118 recipere
1186 1046 1518 1100 libertatem
1550 1061 1685 1116 erga
1709 1044 1979 1114 Deum):»

322 1159 483 1200 nunc
514 1141 574 1196 id
633 1158 701 1195 ex
750 1139 941 1194 Veteri
999 1139 1373 1192 Testamento
1422 1134 1542 1190 vult
1583 1135 1976 1200 confirmare;

327 1233 467 1306 quia
488 1232 627 1287 licet
656 1247 773 1286 non
828 1227 1210 1290 tradideritis,
1263 1225 1477 1296 inquit,
1528 1225 1675 1280 nihil
1723 1224 1982 1296 amplius

330 1322 443 1377 erit
474 1320 634 1376 vobis
686 1319 784 1390 qni
817 1315 1223 1373 accumulatis.
1258 1313 1606 1384 Quanquam
1644 1313 1802 1368 enim
1840 1314 1983 1368 illia

324 1410 488 1466 vobis
509 1425 625 1464 non
651 1407 1092 1478 accipiant,non
1115 1410 1429 1475 propterea
1448 1402 1762 1457 inferiores
1777 1409 1980 1458 erunt:

326 1502 481 1555 Deus
532 1513 790 1568 namque
833 1496 990 1567 ipsos
1023 1511 1144 1550 non
1192 1492 1500 1563 despiciet,
1534 1497 1774 1563 propter
1804 1508 1982 1562 quem

325 1605 618 1662 pauperes
641 1593 797 1641 sunt.
825 1583 1128 1655 Siquidem
1161 1582 1426 1637 scribens
1450 1581 1524 1636 ad
1556 1580 1691 1635 illos
1717 1599 1728 1635 :
1776 1581 1983 1654 Direp~

325 1680 574 1743 tionem,
599 1676 815 1747 inquit,
848 1674 1196 1731 facultatum
1238 1678 1566 1726 vestrarum
1604 1687 1737 1725 cum
1770 1671 1984 1743 gaudio

2091 690 2179 740 νῦν
2213 685 2272 744 ἐκ
2299 693 2400 756 τῆς
2434 689 2730 764 μαρτυρίας
2762 696 2862 758 τῆς
2895 687 3132 749 παλαιᾶς
3163 686 3308 751 θέλει
3359 691 3525 741 τοῦτο
3583 708 3750 743 κατα-

2094 777 2460 844 σκευάσαι,δτι
2494 776 2589 832 κᾶν
2623 779 2700 850 μή
2736 775 3033 850 μεταδῶτε,
3067 774 3225 831 οὐδὲν
3249 777 3374 849 ὑμῖν
3408 773 3555 832 ἔσται
3579 775 3749 833 πλέον

2091 869 2399 940 συνάγουσι.
2441 868 2544 922 Κᾶν
2578 869 2680 944 γὰρ
2713 869 2789 941 μὴ
2824 862 3066 922 λάϐωσιν
3127 866 3318 922 ἐκεῖνοι
3379 869 3509 942 παρ’
3561 870 3749 941 ἡμῶν,

2091 955 2152 1011 οὐ
2184 957 2328 1026 παρὰ
2360 961 2520 1012 τοῦτο
2562 955 3059 1027 ἐλαττωθήσονται.
3094 956 3166 1012 Οὐ
3198 957 3301 1032 γὰρ
3333 956 3394 1013 ἄν
3425 957 3620 1020 αὐτοὺς
3653 979 3752 1013 πε-

2093 1043 2256 1122 ριίδοι
2291 1048 2318 1101 ὁ
2351 1048 2504 1114 Θεὸς,
2535 1044 2604 1101 δι’
2645 1047 2701 1102 ὅν
2738 1047 2840 1101 εἰσι
2893 1045 3142 1116 πένητες.
3176 1071 3203 1098 ιι
3263 1047 3363 1102 Καὶ
3421 1049 3520 1114 τήν
3575 1047 3752 1120 ἁρπα-

2090 1137 2324 1211 γὴνγὰρ
2356 1138 2462 1192 τῶν
2506 1138 2864 1212 ὑπαρχόντων
2929 1137 3080 1210 ὑμῶν
3146 1137 3282 1209 μετά
3338 1139 3514 1214 χαρᾶς
3573 1156 3753 1211 προσ-

2093 1222 2360 1296 εδέξασθε,
2423 1251 2449 1276 ››
2521 1226 2704 1289 αὐτοῖς
2759 1227 2980 1303 γράφων
3041 1226 3213 1300 λέγει.
3293 1226 3604 1282 Ἐπαινετόν
3659 1227 3754 1298 μὲν

2093 1316 2198 1392 γὰρ
2270 1316 2331 1371 τὸ
2401 1315 2450 1388 ἐξ
2510 1316 2712 1372 ἑαυτῶν
2774 1314 3030 1391 ἄρξασθαι
3090 1321 3285 1387 ποιεῖν,
3345 1313 3755 1383 νουθεττ,θέντας

2098 1405 2263 1477 μόνον
2295 1406 2430 1479 πρὸς
2461 1407 2522 1460 τὸ
2572 1404 2821 1474 θελῆσαι.
2865 1411 3060 1473 Μεῖζον
3123 1404 3200 1472 δὲ,
3257 1405 3317 1460 τὸ
3375 1405 3466 1459 καὶ
3525 1403 3654 1459 αὐτὸ
3693 1404 3756 1460 τὸ

2095 1493 2322 1563 θελῆσαι
2357 1495 2404 1565 ἐξ
2438 1493 2639 1555 οἰκείας
2673 1493 2984 1570 βλαστῆσαι
3038 1495 3292 1570 γνώμης,
3351 1492 3441 1549 καὶ
3509 1491 3757 1568 αὐθαίρεο

2095 1605 2182 1638 τον
2221 1581 2606 1654 ἐπιδείξασθαι.
2645 1583 2704 1640 Εἰ
2739 1584 2828 1639 οῦν
2853 1584 2915 1638 τὸ
2946 1589 3151 1658 μεῖζον,
3189 1584 3374 1661 φησὶν,
3433 1579 3756 1652 ἐπεδείξατε,

2095 1673 2182 1726 καὶ
2207 1673 2269 1727 τὸ
2300 1666 2525 1728 ἔλαττον
2556 1671 2921 1730 ἐπιτελέσατε.

330 1766 644 1838 accepistis
665 1765 731 1818 ⁵³.
779 1784 803 1814 n
838 1763 1072 1818 Etenim
1099 1761 1399 1816 laudabile
1432 1760 1673 1831 quidem
1736 1767 1861 1815 erat
1917 1778 1988 1816 ex
2022 1764 2234 1834 seipsis
2263 1765 2508 1836 cmpisse
2542 1767 2758 1830 facere,
2793 1782 2925 1820 cum
2988 1764 3182 1820 solum
3213 1763 3502 1820 admoniti
3531 1763 3760 1820 fuerint

331 1856 408 1912 ad
466 1854 822 1910 volendum:
880 1853 1114 1924 majus'f
1136 1856 1332 1904 autem
1393 1850 1582 1920 ipsam
1642 1867 1879 1921 quoque
1939 1851 2305 1908 voluntatem
2365 1871 2434 1909 ex
2497 1856 2736 1926 preprio
2796 1855 2994 1910 animo
3077 1860 3276 1909 natam
3340 1871 3490 1921 esse,
3552 1859 3610 1908 et
3666 1854 3760 1909 ul-

330 1951 603 2000 troneam
635 1943 1000 1997 voluntatem
1061 1939 1522 1994 demonstrasse.
1585 1939 1641 1993 Si
1702 1956 1836 2011 ergo
1873 1941 2027 2011 quod
2091 1943 2282 2013 majus
2347 1948 2455 2012 est,
2517 1944 2728 2013 inquit,
2764 1943 3095 2010 exibuistis,
3157 1943 3334 1998 etiam
3369 1943 3528 2013 quod
3560 1942 3761 1999 minus

337 2040 428 2090 est
446 2033 732 2106 perﬁcite.

409 2126 556 2191 VllI,
602 2124 780 2179 16-18.
815 2123 1037 2179 Gratias
1064 2127 1249 2175 autem
1281 2122 1390 2174 Deo
1423 2121 1521 2190 qui
1551 2119 1703 2174 dedit
1753 2120 1998 2174 eamdem

2178 2121 2347 2196 Χάρις
2377 2119 2433 2176 δὲ
2463 2126 2542 2193 τῷ
2574 2123 2713 2194 Θεῷ,
2745 2127 2824 2195 τῷ
2879 2119 3081 2176 διδόντι
3140 2122 3238 2190 τὴν
3294 2120 3459 2189 αὐτὴν
3518 2117 3764 2190 σπουδὴν

332 2214 772 2272 sollicitudinem
818 2229 924 2282 pro
969 2212 1119 2268 vobis
1148 2212 1204 2263 in
1245 2209 1409 2264 corde
1442 2211 1569 2276 Titi,
1603 2210 1703 2278 qui
1731 2209 1991 2264 exhorta-

333 2307 532 2362 tionem
559 2305 872 2374 acceperit;
922 2305 1058 2372 quin
1103 2301 1306 2370 potius,
1341 2316 1460 2354 cum
1485 2306 1616 2354 esset
1648 2298 1992 2368 diligentior,

330 2402 524 2466 suapte
547 2401 742 2466 sponte
771 2392 844 2446 ad
900 2408 989 2446 vos
1033 2393 1313 2460 profectus
1355 2391 1449 2443 sit.
1508 2390 1751 2443 Misimus
1810 2395 1996 2442 autem

349 2503 463 2542 una
495 2501 615 2541 cum
649 2486 766 2551 ipso
796 2485 1032 2551 fratrem
1080 2481 1239 2549 cujus
1297 2480 1414 2533 laus
1471 2485 1547 2533 est
1595 2480 1652 2531 in
1694 2477 1996 2548 Evangelia

326 2592 430 2647 per
461 2589 644 2630 omnes
677 2571 964 2626 Ecclesias.

406 2665 479 2730 Ut
508 2663 581 2721 de
629 2661 1012 2731 eleemosyna
1054 2658 1337 2714 disseruit
1375 2661 1665 2729 quantum
1707 2657 1997 2728 oportuit,

337 2757 775 2822 consequenter
804 2748 1005 2804 laudat
1036 2764 1137 2803 eos
1169 2747 1269 2818 qui
1317 2747 1390 2802 ad
1448 2747 1558 2802 hoc
1616 2747 1783 2801 missi
1841 2751 1999 2803 sunt.

333 2852 403 2903 ut
432 2844 570 2899 dum
592 2841 755 2896 omni
788 2843 1060 2895 carerent
1093 2837 1454 2908 suspicione,
1485 2837 1670 2915 magis
1699 2836 1861 2906 ipsos
1895 2837 1953 2891 in
1977 2866 1999 2876 -

337 2935 624 2992 ducerent
648 2935 713 2985 ut
739 2934 1013 3001 prompto
1037 2927 1236 2982 animo
1271 2925 1630 2980 conferrent.
1659 2926 1763 2982 Dei
1795 2931 1997 2980 autem

339 3041 490 3097 opus
519 3018 850 3091 dicit.quod
871 3019 1065 3073 Titum
1090 3016 1164 3072 ad
1195 3016 1307 3070 hoc
1331 3015 1671 3070 excitaverit
1699 3033 1711 3070 :
1741 3031 1807 3068 eo
1825 3015 2002 3070 modo

339 3111 753 3172 auctoritatem
796 3114 854 3166 et
911 3107 1254 3182 gravitatem
1287 3104 1512 3161 addens
1537 3105 2001 3171 contributioni;

341 3206 456 3263 nisi
489 3205 650 3260 enim
682 3216 961 3273 magnum
1006 3197 1242 3270 aliquid
1292 3203 1467 3259 esset,
1519 3213 1897 3268 nequaquam
1929 3197 2004 3252 ad

339 3298 403 3354 id
425 3295 711 3351 excitatus
743 3308 776 3346 a
806 3291 924 3345 Deo
958 3295 1135 3343 esset.
1168 3309 1196 3337 «
1231 3287 1338 3352 Qui
1386 3287 1861 3341 exhortationem
1911 3302 2004 3340 ac-

342 3384 591 3456 ceperit.
625 3403 651 3429 ι»
701 3381 854 3436 663
889 3381 959 3433 Et
987 3377 1166 3443 unde,
1221 3377 1435 3447 inquit,
1486 3375 1871 3431 manifestum
1920 3382 2010 3429 est

2111 2210 2243 2284 ὑπὲρ
2276 2210 2428 2283 ὑμῶν
2459 2211 2508 2266 ἐν
2531 2215 2597 2284 τῇ
2630 2209 2828 2285 καρδίᾳ
2846 2210 3130 2279 Τίτου,ὅτι
3161 2211 3261 2280 τήν
3286 2210 3381 2284 μὲν
3413 2209 3764 2284 παράκλησιν

2106 2296 2338 2370 ἐδέξατο.
2374 2298 2808 2376 Σπουδαιότερος
2844 2299 2900 2356 δὲ
2935 2301 3196 2380 ὑπάρχων
3228 2300 3541 2375 αὐθαίρετος
3569 2299 3766 2371 ἐξῆλθε

2106 2389 2243 2464 πρὸς
2279 2390 2440 2464 ὑμᾶς.
2479 2391 2905 2465 Συνεπέμψαμεν
2941 2388 3000 2446 δὲ
3033 2393 3148 2463 μετ’
3184 2390 3347 2446 αὑτοῦ
3376 2392 3468 2446 τὸν
3501 2387 3764 2468 ἀδελφὸν,

2109 2479 2170 2534 οὗ
2232 2481 2259 2535 ὁ
2320 2475 2538 2543 ἔπαινος
2605 2479 2656 2535 ἐν
2712 2485 2791 2552 τῷ
2849 2477 3178 2558 Εὐαγγελίῳ
3255 2477 3344 2534 διὰ
3417 2485 3603 2535 πασῶν
3657 2485 3766 2536 τῶν

2110 2567 2474 2640 Ἐκκλησιῶν,

2182 2659 2504 2736 Διαλεχθεὶς
2535 2663 2656 2737 περὶ
2717 2661 3095 2736 ἐλεημοσύνης
3157 2662 3256 2716 ὅσα
3313 2661 3507 2738 ἐχρῆν,
3569 2661 3766 2718 λοιπὸν

2111 2749 2316 2806 ἐπαινεὶ
2340 2750 2468 2814 τοὺς
2501 2751 2586 2807 ἐπὶ
2617 2753 2797 2825 τούτῳ
2855 2751 3279 2820 ἀποσταλέντας,
3307 2749 3399 2806 ’ίνα
3464 2751 3771 2808 ἀνύποπτοι

2111 2841 2417 2915 γενόμενοι,
2456 2839 2670 2913 μᾶλλον
2713 2842 2788 2904 εἰς
2828 2843 3139 2916 προθυμίαν
3199 2841 3392 2903 αὐτοὺς
3453 2845 3777 2916 συνεισενεγ-

2111 2933 2224 2984 κεῖν
2258 2927 2504 3006 ἐνάγωσι,
2545 2934 2680 2984 Θεοῦ
2745 2927 2803 2985 δὲ
2866 2929 3015 3005 λέγει
3074 2929 3253 3004 ἔργον,
3306 2929 3370 2985 τὸ
3431 2927 3773 3008 διεγερθῆναι

2113 3017 2278 3075 Τίτον
2313 3019 2388 3080 εἷς
2428 3023 2614 3089 τοῦτο,
2648 3019 2827 3092 τούτῳ
2872 3025 2954 3093 τῷ
3011 3021 3200 3094 τρόπῳ
3256 3019 3565 3090 ἀξιόπιστον
3596 3023 3772 3075 ποιῶν

2111 3105 2507 3175 1i,v3doiv.hi
2566 3111 2670 3186 γὰρ
2735 3111 2811 3183 μὴ
2875 3109 3015 3186 μέγα
3080 3112 3168 3182 ἦν,
3231 3110 3331 3166 οὐκ
3361 3109 3420 3164 ἃν
3478 3109 3582 3166 ἀπὸ
3640 3113 3774 3165 Θεοῦ

2115 3198 2251 3270 πρὸς
2298 3202 2460 3254 τοῦτο
2519 3195 2812 3276 διηγέροη.
2847 3224 2876 3252 (ι
2936 3202 3062 3258 Ὅτι
3109 3201 3211 3269 τὴν
3273 3199 3366 3274 μὶν
3429 3198 3776 3274 παράκλησιν

2116 3283 2350 3359 ἐδέξατο.
2390 3312 2418 3338 ››
2452 3287 2554 3344 Καὶ
2596 3289 2761 3352 πόθεν
2797 3286 2987 3358 δῆλον,
3017 3290 3206 3368 φησὶν,
3247 3289 3331 3344 ’ὁτι
3387 3290 3415 3344 ὁ
3482 3289 3612 3351 Θεὸς
3645 3309 3783 3363 προ-

2119 3376 2308 3451 ἔτρεψε
2339 3377 2430 3431 τὸν
2462 3378 2662 3447 Τίτον;
2697 3379 2866 3441 Πόθεν
2900 3400 2915 3447 ;
2946 3380 3070 3436 "Ott
3101 3380 3201 3447 τήν
3275 3379 3368 3450 μὲν
3425 3377 3777 3453 παράκλησιν

344 3471 506 3546 quod
538 3473 694 3526 Deus
724 3469 917 3522 Titum
943 3465 1324 3521 admonuerit
1345 3464 1369 3518 ?
1390 3463 1552 3521 Unde
1576 3465 1602 3519 ?
1622 3464 1769 3528 Quia
1791 3464 1998 3518 exhor-

2118 3464 2354 3539 ἐδέξατο,
2385 3469 2631 3522 τουτέστι
2660 3467 2981 3544 παρεκλήθη
3020 3469 3113 3541 μὲν
3141 3471 3268 3543 παρ’
3297 3467 3458 3542 ἐμοῦ,
3503 3466 3653 3538 πλὴν
3684 3469 3780 3524 καὶ

341 3565 632 3621 tationem
665 3559 904 3632 quidem
940 3557 1220 3627 suscepit,
1263 3557 1371 3610 hoc
1419 3561 1525 3621 est,
1560 3571 1594 3609 a
1623 3571 1716 3609 me
1750 3554 1990 3625 quidem

343 3651 686 3710 admonitus
731 3654 838 3715 est,
872 3663 1074 3702 verum
1129 3645 1278 3699 illud
1309 3660 1544 3714 quoque
1586 3644 1743 3698 intus
1775 3642 1848 3697 ad
1881 3644 1994 3698 hoc

343 3741 709 3815 impellebat.
744 3738 881 3792 Ideo
915 3738 1093 3792 etiam
1125 3736 1313 3790 factus
1348 3733 1692 3805 diligentior
1716 3749 1892 3804 quam
1926 3749 2000 3786 er.

345 3851 480 3891 mea
509 3833 689 3889 unius
747 3827 1162 3884 adhortatione
1210 3826 1442 3884 fuisset.
1478 3841 1585 3880 sua
1620 3830 1826 3896 sponte
1860 3841 1994 3894 pro-

345 3932 535 3986 fectus
563 3931 676 3992 est,
709 3923 820 3978 hoc
865 3927 973 3986 est,
1029 3918 1180 3974 ultro
1241 3923 1298 3971 et
1356 3933 1462 3971 sua
1504 3915 1995 3988 promptitudine.

347 4016 672 4076 Considera
688 4018 884 4068 autem
900 4008 1255 4080 sapientiam
1281 4024 1293 4060 :
1321 4011 1379 4060 et
1397 4005 1499 4060 Dei
1532 4021 1680 4076 opus
1711 4021 1839 4059 esse
1857 4003 2003 4059 dicit

350 4107 670 4165 adventum
688 4102 888 4167 Titi,et
910 4099 1172 4168 seipsum
1196 4096 1570 4150 exhortatum
1587 4094 1858 4163 fuisse,et
1875 4094 2000 4149 Tito

353 4213 430 4252 ne
461 4211 608 4266 Opus
639 4189 882 4263 quidem
902 4187 1086 4242 fuisse
1120 4185 1556 4240 exhortatione.

427 4307 453 4333 ‹‹
488 4281 754 4338 Misimus
794 4283 991 4332 autem
1031 4291 1152 4330 una
1182 4289 1318 4328 cum
1359 4272 1462 4326 illo
1503 4272 1768 4326 fratrem.
1806 4272 2002 4327 »Multi

354 4377 512 4431 hunc
535 4372 750 4435 Lucam
780 4366 964 4421 fuisse
987 4364 1192 4417 dicunt
1222 4367 1464 4432 prOpter
1499 4361 1898 4431 conscriptum
1931 4362 2002 4417 ab

354 4465 484 4535 ipso
508 4455 886 4529 Evangelium
912 4471 924 4507 :
950 4452 1117 4508 multi
1147 4467 1282 4506 vero
1324 4449 1673 4506 Barnabain.
1701 4449 2006 4520 Siquidem

354 4548 841 4627 praadicationem
885 4560 1008 4598 non
1052 4543 1332 4613 scriptam
1384 4541 1551 4595 aiunt
1608 4539 1828 4594 dictam
1879 4556 2006 4594 esse

357 4639 740 4712 Evangelium
783 4651 796 4688 :
859 4633 1036 4704 idque
1077 4633 1154 4686 sit
1208 4629 1624 4686 verosimilius.
1684 4631 1828 4685 Nam
1878 4645 2008 4701 qum

357 4737 493 4806 post
520 4730 647 4784 hzec
664 4728 998 4797 sequuntur
1021 4721 1303 4778 Barnabaz
1327 4721 1514 4792 magis
1542 4725 1841 4792 aptantur.
1867 4719 2014 4774 «Cu-

353 4825 454 4895 jus
478 4822 609 4877 laus
640 4823 729 4874 est
755 4816 817 4873 in
837 4813 1172 4888 Evangelio.
1198 4835 1224 4862 η
1259 4813 1384 4866 Non
1418 4812 1576 4866 enim
1608 4811 1802 4866 solum
1863 4827 2012 4881 prae-

363 4913 542 4976 dicat,
574 4907 794 4980 inquit,
836 4905 942 4961 sed
999 4920 1133 4958 cum
1175 4902 1351 4956 laude
1398 4902 1507 4956 hoc
1541 4900 1700 4956 facit.
1740 4901 1845 4956 Illa
1877 4916 2011 4955 vero

365 5001 497 5056 laus
528 5015 646 5054 non
675 4996 748 5050 ad
779 5010 964 5048 unum
998 4992 1101 5046 sed
1132 4990 1207 5045 ad
1253 5007 1458 5045 omnes
1503 4990 1774 5060 pervenit.
1822 4987 2014 5042 Eccle-

365 5089 506 5144 sias.
539 5117 606 5127 —
643 5087 833 5149 Quare
866 5087 1063 5137 autem
1095 5080 1206 5133 Titi
1261 5078 1500 5150 quidem
1561 5093 1783 5132 nomen
1818 5078 2016 5148 expri-

366 5179 496 5244 mit,
537 5177 756 5230 horum
783 5178 982 5228 autem
1014 5187 1131 5226 non
1167 5171 1247 5224 ita
1268 5170 1295 5224 ?
1315 5169 1462 5234 Quia
1481 5169 1675 5224 Titum
1708 5173 2016 5234 noverant,

366 5271 476 5324 hos
513 5271 712 5322 autem
769 5280 888 5317 non
946 5266 1274 5326 noverant;
1318 5266 1375 5314 et
1432 5259 1572 5329 quia
1601 5257 1671 5311 de
1716 5258 1806 5311 his
1859 5263 2020 5315 tanta

365 5356 529 5414 dicit.
556 5357 780 5424 quanta
808 5350 880 5405 ad
929 5348 1509 5404 commendationem
1569 5351 1796 5398 tantum
1860 5346 2010 5400 suffi-

366 5446 564 5507 ciant;
591 5441 766 5512 idque
799 5439 938 5495 facit
969 5438 1170 5492 volens
1220 5437 1388 5492 etiam
1437 5433 1838 5505 suspicionem
1871 5436 2019 5489 ellu-

364 5550 522 5607 gere,
549 5530 708 5604 quod
739 5529 849 5583 sibi
884 5528 1062 5582 vellet
1100 5541 1404 5583 assumere
1438 5522 1741 5596 pecunias.
1779 5547 1806 5573 (ί
1840 5523 2020 5596 Cujus

365 5623 497 5680 laus
521 5625 610 5678 est
641 5621 702 5676 in
733 5617 1252 5690 Evangelio.»Nam
1281 5613 1448 5668 deest
1472 5611 1717 5668 verbum
1741 5610 1874 5676 ἐστι,
1911 5617 2018 5682 est,

442 5801 491 5836 ⁵⁸
520 5801 694 5871 Hebr.
725 5817 783 5872 ι,
814 5799 906 5855 ει.

2109 3557 2240 3612 αὐτὸ
2272 3555 2482 3613 οἷ’κοθεν
2513 3556 2746 3632 ὥρμητο
2779 3559 2855 3621 εἷς
2884 3563 3064 3614 τοῦτο.
3103 3559 3196 3614 Διὸ
3225 3559 3316 3614 καὶ
3349 3556 3775 3633 σπουδαιότερος

2105 3647 2368 3721 ὑπάρῖων
2427 3655 2528 3716 τῆς
2580 3649 2706 3722 παρ’
2765 3650 2900 3720 ἐμοῦ
2959 3647 3381 3722 παρακλήσεως,
3435 3647 3759 3718 αὐθαίρετος

2105 3734 2318 3809 ἐξῆλθε,
2344 3737 2617 3790 τουτέστιν
2657 3737 2812 3804 ἑκὼν,
2835 3738 2926 3790 καὶ
2958 3734 3007 3808 ἐξ
3032 3735 3233 3796 οἰκείας
3255 3736 3586 3810 προθυμίας.
3617 3738 3759 3809 ⁸Ορα

2107 3823 2164 3879 δὲ
2195 3825 2401 3903 σοφίαν·
2433 3825 2536 3881 Καὶ
2563 3829 2659 3879 τοῦ
2689 3829 2822 3880 Θεοῦ
2856 3823 3006 3899 λέγει
3038 3820 3192 3900 ἔργον
3226 3826 3363 3880 εἶναι
3394 3827 3494 3893 τήν
3546 3821 3760 3879 ἔλευσιν

2107 3915 2289 3982 Τίτου,
2323 3915 2413 3968 καὶ
2461 3914 2647 3969 ἑαυτὸν
2703 3913 3196 3986 παρακεκληκέναι,
3251 3914 3340 3969 καὶ
3398 3916 3558 3970 Τίτον
3621 3911 3761 3986 μηδὲ

2111 4001 2388 4073 δεδεῆσθαι
2411 4002 2831 4079 παρακλήσεως.

2185 4300 2211 4327 ‹‹
2269 4275 2695 4348 Συνεπέμψαμεν
2758 4272 2814 4329 δὲ
2874 4277 2989 4346 μετ’
3037 4275 3207 4329 αὑτοῦ
3265 4275 3358 4329 τὸν
3408 4271 3664 4354 ἀδελφόν.
3737 4299 3766 4328 ι(

2116 4363 2330 4420 Πολλοί
2391 4385 2520 4436 φασι
2578 4364 2668 4418 τὸν
2753 4368 2985 4431 Λουκᾶν,
3046 4361 3135 4418 διὰ
3205 4365 3269 4418 τὸ
3330 4365 3611 4440 σύνταγμα
3669 4369 3769 4418 τοῦ

2119 4451 2479 4530 Εὐαγγελίου,
2513 4451 2718 4510 πολλοὶ
2746 4453 2836 4509 τὸν
2873 4448 3174 4527 Βαρνάϐαν.
3236 4453 3338 4508 Καὶ
3399 4453 3500 4526 γὰρ
3559 4453 3648 4507 καὶ
3705 4453 3770 4506 τὸ

2118 4544 2358 4621 ἂγραφον
2399 4546 2676 4617 κήρυγμα,
2742 4541 3072 4619 Εὐαγγέλιόν
3140 4563 3267 4620 φασι
3326 4542 3645 4609 κεκλῆσθαι.
3707 4542 3772 4594 Ὀ

2119 4635 2207 4690 καὶ
2245 4632 2480 4708 μᾶλλον·
2515 4634 2580 4690 τὰ
2610 4634 2711 4708 γὰρ
2748 4634 2882 4705 μετᾶ
2911 4637 3101 4702 ταῦτα,
3158 4636 3238 4703 τῷ
3300 4629 3552 4706 Βαρνάόᾳ
3594 4633 3773 4708 ἁρμο-

2125 4723 2374 4799 διώτερα.
2414 4745 2438 4777 α
2472 4724 2548 4781 Οὗ
2583 4724 2611 4777 ὁ
2642 4720 2857 4784 ἔπαινος
2885 4721 2935 4776 ἐν
2973 4727 3054 4794 τῷ
3111 4720 3454 4794 Εὐαγγελίῳ.
3482 4744 3508 4774 ι
3544 4721 3617 4776 Οὐ
3671 4721 3775 4796 γὰρ

2123 4813 2382 4887 κηρύσσει
2419 4812 2606 4886 μόνον,
2651 4812 2838 4890 φησὶν,
2897 4808 3044 4866 ἀλλά
3100 4811 3190 4864 καὶ
3230 4809 3656 4884 ὲπαινουμένως.
3713 4811 3777 4867 Ὁ

2125 4899 2263 4958 δεῖ
2440 4901 2612 4934 ι’
2795 4901 2940 4954 ’ξ’
3072 4897 3344 4955 ’λλκδκ
3547 4905 3574 4918 ο
3708 4900 3735 4912 ν

2238 4922 2478 4970 ιπαινος,
2559 4922 2619 4956 Ου
2677 4920 2784 4974 παρ
2889 4920 3002 4967 νος,
3061 4921 3094 4954 α
3175 4921 3208 4954 α
3302 4922 3354 4954 ια
3428 4921 3615 4956 πασων
3663 4920 3773 4954 των

2127 4989 2432 5060 ἐκκλησιῶν
2481 4989 2642 5060 ἦλθε,
2697 4989 2851 5067 φησί.
2911 5022 2979 5032 -—
3011 4989 3214 5063 [41911]
3272 4989 3432 5051 Τίνος
3491 4987 3547 5044 δὲ
3599 4986 3781 5046 ⁴ἕνεκεν

2124 5081 2188 5134 τὸ
2223 5082 2316 5152 μὶν
2345 5075 2521 5151 ὄνομα
2551 5079 2718 5136 Τίτου
2764 5076 2933 5154 λέγει,
2990 5078 3199 5132 τούτων
3259 5075 3316 5134 8t
3373 5077 3472 5133 οὑκ
3499 5073 3580 5132 ἔτι
3606 5096 3621 5146 ;
3651 5079 3779 5136 Ὀτι

2125 5171 2216 5224 τὸν
2253 5170 2349 5241 μέν
2389 5167 2551 5224 Τίτον
2583 5165 2801 5240 ᾔδεσαν,
2828 5167 3058 5230 τούτους
3108 5165 3165 5221 δὲ
3225 5167 3473 5240 ἠγνόουν.
3539 5167 3635 5221 Καὶ
3693 5167 3782 5222 ὅτι

2127 5261 2361 5312 τοσαῦτα
2400 5254 2549 5329 λέγει
2579 5255 2704 5329 περὶ
2732 5256 2936 5323 αὐτῶν,
2988 5255 3086 5310 ὅσα
3144 5255 3279 5327 πρὸς
3331 5255 3583 5309 σύστασιν
3621 5251 3783 5328 ἤρκει

2131 5347 2318 5420 μόνον,
2351 5346 2439 5400 καὶ
2479 5345 2542 5399 τὸ
2574 5351 2761 5421 φυγεῖν
2790 5347 2889 5412 τὴν
2945 5345 3201 5399 ὑπόνοιαν
3262 5350 3360 5401 τοῦ
3422 5350 3784 5423 σφετερισμοῦ

2127 5440 2235 5490 τῶν
2262 5435 2590 5510 χρημάτων.
2627 5456 2653 5484 α
2684 5434 2761 5490 OG
2795 5435 2823 5487 ὁ
2854 5430 3071 5493 ἔπαινος
3132 5433 3182 5487 ἐν
3239 5438 3316 5504 τῷ
3372 5432 3716 5510 Εὑαγγελίῳ.
3758 5459 3786 5483 »

2131 5522 2315 5578 Λείπει
2354 5521 2440 5587 τὸ,
2491 5518 2656 5588 ἔστιν,
2717 5521 2746 5574 ὅ
2804 5517 2885 5574 δεῖ
2940 5517 3352 5591 ἐπινοήσαντας,
3407 5521 3544 5575 κατὰ
3598 5526 3787 5576 κοινοῦ

2131 5611 2399 5681 ἐξακούειν
2432 5609 2521 5664 καὶ
2561 5609 2648 5664 ἐπὶ
2708 5617 2807 5679 τῆς
2865 5608 3003 5680 ἑξῆς.
3069 5611 3214 5679 Οἷον,
3266 5636 3293 5661 ‹‹
3351 5609 3428 5667 Οὗ
3486 5611 3514 5664 ὁ
3570 5608 3786 5672 ἔπαινος
