4080 6436
420 490 586 556 101⁸1

1387 489 1796 553 COMMENT.
1845 491 1921 551 IN
1970 489 2215 550 EPIST.
2265 494 2313 552 Il
2364 493 2468 552 AD
2513 490 2882 552 CORINTH.

3682 494 3840 558 1018

425 594 483 651 ἓν
509 600 589 670 τῷ
620 595 948 674 Εὐαγγελὶῳ
998 593 1163 654 ἐστίν.
1194 620 1224 650 ››
1273 598 1351 655 Οὐ
1414 596 1577 673 μόνον
1639 594 1696 653 δὲ
1761 595 2074 670 θαυμασίως

2193 597 2352 673 quod
2377 597 2749 655 intellectum
2780 602 3013 671 oportet
3042 604 3101 654 et
3127 599 3225 657 hic
3256 604 3316 655 et
3345 600 3407 657 in
3455 601 3844 672 sequentibus

427 684 520 741 καὶ
585 683 811 743 ἐπαίνου
876 685 1041 761 ἀξίως
1118 684 1522 764 εὖαγγελίζεναι
1614 685 1705 741 καὶ
1799 686 2081 763 κηρύσσει,

430 798 459 825 ‹‹
490 771 670 832 Ἀλλὰ
714 775 804 830 καὶ
857 775 1268 854 χειροτονηθείς
1316 774 1482 845 ἐστιν,
1516 799 1546 828 n
1595 776 1709 831 ἄντὶ
1759 780 1879 848 τοῦ,
1940 774 2085 830 ἀλλὰ

425 865 517 919 καὶ
557 866 1092 941 κεχειροτονημένος
1151 865 1313 922 ἐστίν.
1371 867 1502 922 Ὑπὸ
1556 866 1765 935 τίνωνς
1825 864 1929 920 ὒπὸ
1972 871 2082 921 τῶν

425 950 799 1026 Ἐκκλησιῶν.
841 954 941 1017 Εἲς
969 954 1066 1024 τί;
1118 955 1194 1017 εἷς
1236 957 1298 1011 τὸ
1352 956 1480 1012 εἶναι
1530 954 1865 1030 συνέκδημος
1917 959 2079 1031 ἡμῶν

424 1044 479 1102 ἐν
509 1050 590 1118 τῷ
620 1045 957 1123 κηρύγματι.
991 1046 1123 1104 Εἶτα
1172 1047 1234 1102 οὗ
1298 1046 1461 1119 μόνον
1518 1046 1570 1102 ἐν
1630 1052 1708 1121 τῷ
1765 1047 2081 1124 κηρύγματι

421 1136 958 1216 κεχειροτονημένος
1017 1135 1128 1191 ἐστὶ
1196 1134 1305 1210 (δεῖ
1362 1137 1467 1214 γὰρ
1553 1137 1659 1192 ἀπὸ
1736 1141 1921 1192 κοινοῦ
1992 1134 2083 1193 καὶ

421 1225 510 1294 τὸ,
545 1250 572 1278 ‹‹
606 1224 684 1283 Οὐ
718 1224 910 1299 μόνον,
944 1248 973 1277 ››
1034 1221 1333 1300 ἐκλαϐεῖν),
1386 1225 1535 1282 ἀλλά
1589 1227 1680 1282 καὶ
1710 1225 1762 1282 έν
1790 1231 1858 1303 τῇ
1891 1227 2082 1303 χάριτι

424 1315 622 1391 ταύτῃ,
679 1316 771 1371 καὶ
829 1314 974 1386 ἑξῆς,
1033 1316 1335 1383 τουτέστιν,
1392 1316 1476 1372 ὅτι
1553 1320 2087 1393 κεχειροτονημένος

422 1402 566 1460 ἰστίν
621 1404 805 1481 ὥσπερ
875 1405 953 1470 εἷς
1008 1405 1070 1461 τὸ
1157 1403 1498 1481 συνέκδημος
1586 1409 1749 1480 ἡμῶν
1805 1408 1942 1462 εἶναι
2001 1406 2093 1462 καὶ

422 1494 719 1571 κηρύσσειν
780 1493 842 1550 τὸ
905 1493 1264 1571 Εὐαγγέλιον,
1326 1495 1469 1551 οὕτω
1526 1495 1616 1551 καὶ
1684 1495 1748 1551 τὸ
1815 1493 2084 1552 διακονεῖν

423 1588 494 1661 τῇ
522 1583 898 1660 έλεημοσύνῃ.
951 1586 1048 1640 Διὰ
1096 1589 1258 1643 τοῦτο
1306 1582 1410 1660 ἄρα
1458 1585 1548 1641 καὶ
1608 1584 1939 1642 ἀπέσταλται
1992 1591 2081 1641 νῦν

426 1673 512 1730 ἐπὶ
547 1676 616 1749 τῇ
657 1672 886 1750 τοιαύτῃ
946 1673 1215 1739 ὑποθέσει.
1275 1677 1406 1734 Οἶον
1466 1674 1695 1744 ἄνωθεν,
1755 1677 1945 1755 φησὶν,
2002 1676 2083 1741 εἷς

424 1764 587 1820 τοῦτο
640 1764 1088 1840 κεχειροτόνηται
1148 1765 1251 1821 ὑπὸ
1303 1770 1411 1820 τῶν
1471 1764 1802 1838 ἐκκλησιῶν,
1875 1766 1965 1822 καὶ
2019 1767 2082 1823 ού

426 1854 515 1908 νῦν
550 1852 828 1931 ὕφ’ήμῶν
883 1851 1387 1928 αὐτοσχεδιάζεται,
1443 1853 1590 1911 ἀλλὰ
1649 1857 2080 1936 χειροτονηθεὶς,

430 1939 770 2048 συνέκδημος
829 1944 992 2048 ἡμῶν
1077 1947 1574 2048 σρνεχειροτονήθη
1652 1946 1742 2001 καὶ
1800 1944 1852 2000 έν
1906 1946 2078 2022 ταύτῃ
2113 1985 2158 2048 Β

431 2034 500 2106 τῇ
585 2029 976 2110 διακονουμένῃ
1046 2035 1234 2112 χάριτι
1306 2034 1641 2116 λειτουργεῖν
1717 2037 1809 2093 καὶ
1873 2038 2081 2116 ὑπηρε-

425 2143 483 2178 τε
493 2143 555 2179 ιν.

495 2393 578 2451 Οὐ
639 2392 802 2469 μόνον
857 2391 936 2467 δὲ,
994 2393 1143 2451 ἀλλά
1197 2397 1289 2452 καὶ
1347 2398 1757 2472 χειροτανηθεὶς
1813 2400 1916 2456 ὑπὸ
1971 2407 2080 2456 τῶν

420 2479 768 2553 Ἐκκλησιῶν
863 2482 1204 2558 συνέκδημος
1293 2488 1480 2561 ἡμῶν,
1576 2486 1668 2542 σὺν
1750 2496 1819 2560 τῆ
1888 2489 2078 2566 χάριτι

416 2571 592 2647 ταύτῃ
659 2577 729 2649 τῇ
815 2569 1214 2652 διακονουμένῃ
1292 2577 1379 2653 ὑφ’
1470 2578 1652 2651 ἡμῶν,
1745 2582 1883 2653 πρὸς
1976 2581 2081 2649 τὴν

420 2662 588 2719 αὐτοῦ
653 2666 752 2718 τοῦ
813 2663 1018 2739 Κυρίου
1068 2660 1224 2736 δόξαν
1308 2665 1397 2721 καὶ
1491 2666 1799 2742 προθυμίαν
1890 2671 2075 2743 ἡμῶν,

420 2750 785 2826 στελλόμενοι
862 2756 1049 2822 τοῦτο,
1138 2756 1215 2829 μή
1274 2775 1358 2818 τις
1417 2759 1565 2829 ἡμᾶς
1625 2760 1965 2832 μωμήσηται
2022 2757 2075 2815 έν

416 2847 487 2918 τῇ
547 2840 810 2919 ἁδρότητι
867 2844 1034 2920 ταύτῃ
1094 2850 1163 2920 τῇ
1253 2843 1648 2924 διακονουμένῃ
1733 2849 1819 2904 ὑφ’
1887 2855 2075 2923 ἤμῶν,

415 2935 822 3008 προνοούμενοι
851 2933 1016 3004 καλὰ,
1049 2935 1113 2989 ού
1146 2935 1312 3008 μόνον
1362 2935 1599 2992 ἐνώπιον
1648 2938 1879 3015 Κυρίου,
1928 2939 2076 2998 ἀλλὰ

415 3022 507 3077 καὶ
546 3020 782 3077 ἐνώπιον
812 3021 1134 3097 ἀνθρώπων.

492 3111 570 3169 Οὑ
615 3110 778 3185 μόνον
838 3109 916 3180 δὲ,
974 3112 1163 3194 φησὶν,
1222 3112 1709 3191 εὐαγγελιζόμενος
1768 3114 2071 3193 εὐδοκιμεῖ,

422 3199 568 3256 ἀλλὰ
623 3200 715 3255 καὶ
774 3198 859 3256 διὸ
917 3201 1309 3278 ἐχειροτονήθη
1371 3204 1474 3261 ὑπὸ
1525 3210 1632 3260 τῶν
1702 3203 2069 3276 Ἐκκλησιῶν.

427 3312 455 3339 ι(
489 3287 837 3366 Συνὲκδημος
868 3292 1052 3365 ἡμῶν.
1082 3315 1110 3343 ››
1153 3294 1298 3350 Εἷπα
1325 3293 1416 3348 καὶ
1449 3292 1508 3349 ἐκ
1536 3301 1636 3365 τῆς
1669 3299 1777 3351 τῶν
1830 3295 2070 3368 Ἐκκλη-

426 3382 557 3433 σιῶν
589 3378 931 3454 χειροτονίας
963 3380 1053 3436 καὶ
1082 3379 1313 3456 κρίσεως
1344 3384 1591 3456 σεμνύνει
1621 3385 1714 3440 τὸν
1764 3381 2071 3461 Βαρνάϐαν.

420 3469 498 3530 Ού
557 3470 665 3547 γὰρ
728 3473 891 3546 μόνον
951 3472 1431 3548 εὐαγγελιζόμενος
1520 3472 1825 3550 εὐδοκιμεῖ,
1894 3478 2081 3557 φησὶν,

419 3559 689 3617 ἀλλὰκαὶ
718 3564 1169 3643 κεχειροτόνηται
1217 3563 1321 3620 ὑπὸ
1369 3568 1474 3620 τῶν
1529 3564 1890 3637 Ἐκκλησιῶν,
1941 3569 2083 3625 εἴναι.

419 3648 583 3723 ἡμῶν
615 3648 951 3726 συνέκδημος
981 3649 1033 3707 ἐν
1079 3657 1161 3724 τῷ
1209 3653 1547 3730 κηρύγματι.
1593 3661 1654 3709 Ὃ
1697 3653 1755 3732 δὲ
1801 3654 1854 3711 ἐν
1900 3657 2080 3732 τούτῳ

414 3738 705 3812 κοινωνὸς,
780 3746 1033 3797 κοινωνεῖ
1107 3739 1369 3814 δηλονότι
1443 3744 1534 3799 καὶ
1607 3726 1715 3801 τῶν
1758 3751 2076 3822 πειρασμῶν

413 3829 646 3885 καὶτῶν
678 3826 944 3886 κινδύνων
986 3835 1067 3903 τῷ
1107 3831 1330 3906 Παύλῳ.
1392 3835 1494 3892 Καὶ
1557 3833 1618 3890 οὗ
1678 3834 1868 3910 μόνον,
1922 3837 2076 3914 φησί,

420 3914 765 3995 συνέκδημος
820 3922 980 3994 ἡμῶν
1036 3921 1508 3999 κεχειροτόνηται,
1568 3922 1714 3980 ἀλλὰ
1764 3925 1855 3980 καὶ
1905 3925 1956 3982 ἐν
2006 3930 2075 4002 τῇ

425 4007 616 4084 χάριτι
667 4009 838 4086 ταύτῃ
888 4011 1363 4090 κεχειροτόνηται,
1409 4019 1483 4089 τῇ
1539 4011 1936 4093 διακονουμένῃ
1989 4017 2077 4096 ὑφ’

418 4099 609 4173 ἡμῶν,
638 4098 939 4171 τουτέστιν,
982 4100 1070 4156 ἐπὶ
1117 4105 1198 4173 τῷ
1247 4099 1608 4175 ὑποδέξασθαι
1652 4104 1720 4160 τὰ
1765 4112 1865 4175 τῆς
1914 4104 2077 4178 ἐλεη-

426 4187 668 4260 μοσύνης
724 4191 1019 4264 χρήματα,
1071 4189 1302 4247 Δύναται
1367 4189 1424 4249 δὲ
1469 4196 1637 4250 ταῦτα
1691 4196 1781 4250 καὶ
1849 4195 1925 4259 εἰς
1980 4198 2074 4253 τὸν

420 4283 631 4333 Λουκᾶν
658 4280 947 4348 νοηθῆναι.
1009 4303 1038 4330 ‹‹
1071 4280 1214 4356 Πρὸς
1263 4283 1364 4351 τὴν
1420 4287 1520 4338 τοῦ
1574 4284 1777 4358 Κυρίου
1836 4283 2011 4357 δόξαν.
2046 4312 2074 4339 ››

416 4371 678 4431 Τοιοῦτος
712 4364 770 4423 δέ
799 4367 934 4439 ἐστι,
975 4370 1158 4447 φησὶν,
1211 4371 1239 4425 ὁ
1286 4372 1376 4427 καὶ
1426 4372 1515 4427 ἐπὶ
1571 4378 1650 4445 τῷ
1696 4373 1763 4431 τὰ
1809 4377 2078 4451 χρήματα

420 4453 782 4527 ὑποδέξασθαι
811 4460 938 4533 παρ’
969 4461 1130 4533 ἡμῶν
1174 4459 1277 4517 ὑπὸ
1324 4465 1433 4515 τῶν
1485 4462 1831 4533 Ἐκκλησιῶν
1881 4484 2074 4541 χειρος

415 4545 690 4618 τονηθεὶς,
719 4542 808 4602 ’ίνα
836 4545 888 4619 ἐξ
939 4547 1013 4603 ὧν
1064 4548 1310 4625 πράττει,
1359 4551 1449 4606 καὶ
1481 4553 1509 4608 ὁ
1542 4553 1775 4626 Χριστὸς
1833 4552 2072 4624 δοξάζη-

415 4655 529 4703 ται,
555 4637 646 4690 καὶ
681 4636 838 4711 ὑμεῖς
886 4639 1294 4715 προθυμότεροι
1345 4638 1558 4713 μᾶλλον
1606 4641 1683 4707 είς
1727 4644 1827 4710 τήν
1886 4642 2074 4721 εἴσφο-

2192 704 2227 744 a
2251 688 2555 744 communi
2589 705 2769 745 sensu
2799 688 3136 745 subaudire.
3171 691 3243 745 Ut
3272 690 3351 746 sit
3378 707 3591 747 sensus
3620 707 3633 746 :
3675 711 3697 741 ι
3729 694 3847 748 Cu-
3885 725 3889 729 ν

2184 777 2286 849 jus
2318 778 2447 835 laus
2471 784 2560 835 est
2581 780 2642 835 in
2668 779 2984 851 Evangelio
3011 798 3073 835 :»
3107 781 3231 836 Non
3264 781 3456 837 solum
3490 781 3843 840 admirando

2190 866 2368 923 modo
2396 874 2455 924 et
2484 868 2658 924 laude
2690 869 2868 942 digno
2891 868 3210 924 annuntiat
3238 886 3305 924 ac
3336 870 3624 941 praedicat
3652 873 3841 926 Evan-

2189 956 2410 1030 gelium
2438 974 2450 1012 :
2476 980 2504 1008 «
2532 959 2746 1013 Verum
2779 958 2957 1014 etiam
2991 959 3332 1029 designatus
3364 964 3470 1014 est.
3498 982 3527 1009 ››
3556 963 3597 1015 Α
3628 960 3844 1030 quibus

2190 1052 2389 1103 autem
2414 1047 2527 1104 fuit
2555 1047 2936 1121 designatus?
2957 1048 3028 1105 ab
3058 1048 3648 1120 Ecclesiis,inquit,at
3664 1049 3847 1121 quid?

2193 1136 2263 1192 Ut
2284 1143 2442 1193 esset
2470 1154 2668 1193 comes
2698 1137 3193 1211 peregrinationis
3220 1143 3439 1193 nostras
3471 1138 3525 1193 in
3558 1138 3846 1210 praedica-

2192 1226 2374 1281 tione.
2412 1227 2633 1283 Deinde
2665 1244 2787 1283 non
2818 1227 3012 1283 solum
3044 1229 3104 1282 in
3133 1227 3558 1301 praedicatione
3581 1228 3848 1301 designa-

2188 1320 2281 1371 tus
2314 1315 2428 1372 fuit
2459 1333 2616 1373 nam
2649 1321 2882 1390 Oportet
2914 1334 3150 1389 quoque
3183 1335 3218 1373 a
3247 1319 3552 1373 communi
3604 1324 3848 1375 sentcn-

2189 1407 2270 1461 tia
2298 1406 2653 1481 intelligere,
2717 1430 2743 1456 (ί
2774 1408 2902 1462 Non
2964 1406 3180 1473 solum,
3218 1430 3237 1454 ιι
3287 1424 3488 1462 verum
3550 1408 3730 1463 etiam
3786 1410 3847 1465 in

2185 1496 2375 1569 gratia
2404 1496 2534 1562 hac,
2569 1501 2628 1551 et
2647 1501 2881 1552 caetera.
2917 1496 3034 1551 Hoc
3064 1501 3173 1565 est,
3208 1496 3367 1568 quod
3396 1497 3552 1551 sicut
3580 1496 3850 1570 designa-

2191 1591 2284 1641 tus
2317 1591 2406 1641 est
2435 1585 2511 1641 ad
2540 1587 2671 1649 hoc,
2705 1592 2774 1641 ut
2803 1602 3004 1642 comes
3027 1593 3184 1642 esset
3204 1586 3702 1659 peregrinationis
3734 1605 3845 1643 no-

2187 1680 2323 1731 stras
2358 1679 2417 1730 et
2443 1675 2795 1747 praadicaret
2824 1675 3228 1749 Evangelium,
3263 1677 3346 1730 ita
3378 1693 3616 1747 quoque
3650 1682 3717 1731 ut
3772 1678 3847 1732 ad

2189 1764 2632 1838 eleemosynam
2666 1765 2943 1820 minister
3003 1771 3179 1820 esset.
3232 1766 3480 1837 Propter
3539 1766 3651 1821 hoc
3706 1783 3849 1822 sane

2188 1854 2561 1925 nuncetiam
2593 1854 2813 1909 missus
2847 1859 2939 1909 est
2971 1853 3071 1909 tali
3104 1853 3429 1925 proposito.
3481 1856 3693 1922 Antea,
3754 1854 3850 1910 in-

2190 1945 2340 2017 quit,
2371 1943 2445 1999 ad
2486 1944 2598 1998 hoc
2627 1943 2972 2017 designatus
3018 1949 3107 1997 est
3153 1942 3226 1999 ab
3276 1942 3580 2012 Ecclesiis,
3631 1949 3687 1998 et
3730 1960 3848 1998 non

2189 2051 2350 2090 nunc
2371 2050 2406 2089 a
2435 2033 2611 2089 nobis
2642 2050 2713 2088 ex
2745 2038 3011 2105 tempore
3057 2033 3415 2088 assumitur:
3453 2033 3557 2088 sed
3582 2032 3854 2106 designa-

2188 2129 2284 2180 tus
2314 2139 2513 2179 comes
2544 2126 2762 2178 nostra:
2795 2122 3309 2195 peregrinationis,
3336 2122 3515 2177 simul
3549 2123 3727 2179 etiam
3754 2123 3855 2203 def

2188 2215 2454 2287 signatus
2486 2216 2595 2282 est,
2638 2217 2705 2268 ut
2759 2211 3195 2283 obsequeretur
3242 2228 3310 2267 ac
3364 2210 3726 2268 subserviret
3775 2215 3847 2269 ad

2185 2303 2341 2359 hanc
2372 2303 2624 2375 gratiam
2656 2319 2787 2374 quae
2820 2301 3291 2356 administratur.

2258 2403 2413 2458 664
2428 2401 2649 2470 VllI,19
2684 2404 2741 2455 2|
2760 2443 2772 2455 .
2789 2422 2818 2451 ‹‹
2846 2403 2960 2456 Nec
2981 2400 3041 2454 id
3058 2400 3480 2469 solum,verum
3496 2401 3674 2456 etiam
3693 2402 3846 2458 desi-

2185 2516 2214 2545 «
2233 2497 2447 2566 gnatus
2468 2496 2559 2548 est
2574 2508 2642 2547 ac
2662 2489 2943 2547 Ecclesiis
2965 2507 3164 2546 comes
3189 2490 3681 2562 peregrinationis
3703 2508 3842 2547 nos-

2184 2605 2211 2633 α
2238 2588 2491 2652 trae,una
2512 2596 2648 2636 cum
2667 2581 2777 2639 hac
2798 2580 2988 2651 gratia
3005 2596 3135 2650 quae
3154 2579 3607 2634 administratur
3624 2581 3845 2638 anobis

2183 2694 2211 2722 «
2256 2672 2330 2728 ad
2387 2669 2655 2743 ejusdem
2702 2662 2935 2724 Dumini
2988 2668 3259 2741 gloriam,
3324 2676 3379 2723 et
3433 2669 3617 2727 animi
3667 2672 3845 2726 vestri

2185 2783 2213 2812 ιι
2243 2758 2781 2835 promptitudinem
2809 2776 2821 2813 :
2857 2759 3278 2815 contrahentes
3309 2759 3422 2814 hoc
3453 2777 3527 2816 ne
3571 2760 3704 2833 quis
3734 2777 3845 2816 nos

2181 2876 2209 2903 ‹‹
2244 2857 2449 2922 carpat
2479 2851 2541 2905 in
2576 2850 2687 2905 hac
2718 2849 3109 2905 exuberantia
3135 2866 3266 2921 quae
3330 2849 3784 2906 administratur
3810 2868 3846 2907 a

2182 2961 2212 2992 «
2245 2939 2438 3005 nobis,
2472 2944 2862 3011 procurantes
2894 2939 3146 2993 honesta
3192 2954 3315 2993 non
3357 2943 3591 2994 tantum
3640 2956 3840 2995 coram

2182 3051 2208 3083 α
2245 3030 2520 3092 Domino,
2557 3027 2661 3083 sed
2692 3028 2873 3083 etiam
2904 3044 3103 3083 coram
3131 3028 3498 3082 hominibus.
3536 3051 3556 3076 ι

2251 3121 2377 3175 Non
2409 3118 2624 3176 solum.
2656 3117 2871 3188 inquit.
2905 3116 3287 3188 prazdicando
3319 3116 3704 3189 Evangelium
3726 3117 3843 3174 lau-

2178 3207 2315 3264 dem
2330 3210 2936 3279 promeretur,verum
2958 3205 3135 3260 etiam
3151 3205 3292 3276 quia
3305 3204 3647 3275 designatus
3663 3212 3752 3262 est
3767 3207 3840 3262 ab

2181 3296 2482 3353 Ecclesiis.
2504 3318 2531 3347 ι(
2556 3296 2765 3351 Comes
2785 3294 3283 3367 peregrinationis
3299 3300 3539 3351 nostra).
3568 3316 3589 3345 ι
3619 3296 3841 3352 Deinde

2187 3402 2258 3443 ex
2306 3384 2694 3441 ecclesiarum
2754 3400 2991 3456 quoque
3036 3373 3446 3457 designatione
3504 3389 3562 3439 et
3610 3385 3839 3457 judicio

2188 3476 2518 3533 Barnabam
2552 3474 2954 3532 venerandum
2984 3474 3144 3531 facit.
3180 3477 3305 3531 Non
3354 3475 3513 3530 enim
3562 3491 3633 3531 ex
3690 3476 3839 3542 sola,

2187 3566 2402 3640 inquit,
2426 3564 2724 3638 Evangelii
2744 3564 3166 3636 praedicatione
3182 3563 3422 3620 laudem
3445 3571 3840 3637 promeretur,

2186 3656 2291 3711 sed
2332 3655 2512 3710 etiam
2540 3653 2883 3727 designatus
2917 3657 3007 3708 est
3034 3653 3106 3708 ab
3138 3651 3419 3709 Ecclesiis
3452 3659 3515 3709 ut
3545 3659 3703 3709 esset
3730 3671 3837 3709 no-

2181 3743 2275 3799 bis
2307 3758 2508 3799 comes
2541 3741 3036 3815 peregrinationis
3069 3741 3129 3797 in
3158 3741 3561 3814 praedicando.
3594 3743 3701 3807 Qui
3733 3759 3842 3798 au-

2183 3836 2302 3887 tem
2336 3830 2396 3885 in
2444 3831 2555 3886 hoc
2584 3830 2885 3903 particeps
2936 3836 3046 3893 est,
3095 3846 3236 3884 sane
3284 3831 3463 3885 etiam
3520 3830 3717 3886 socius
3769 3848 3837 3887 ac

2180 3920 2478 3994 particeps
2510 3925 2601 3976 est
2629 3918 2812 3976 Paulo
2844 3919 2905 3974 in
2937 3917 3361 3975 afﬂictionibus
3413 3936 3481 3974 ac
3530 3919 3835 3991 periculis.

2181 4012 2298 4066 Nec
2328 4010 2546 4077 solum,
2580 4008 2794 4081 inquit,
2828 4025 3027 4064 comes
3058 4014 3277 4064 nostra)
3335 4008 3835 4081 peregrinationis

2181 4099 2524 4173 designatus
2555 4103 2665 4161 est,
2691 4098 2789 4153 sed
2811 4097 2872 4152 in
2894 4097 3006 4153 hac
3027 4112 3262 4173 quoque
3284 4097 3472 4170 gratia
3487 4096 3833 4172 designatus

2183 4194 2272 4244 est
2302 4205 2434 4260 quae
2465 4186 2918 4244 administratur
2948 4203 2984 4241 a
3012 4184 3207 4254 nobis,
3240 4185 3353 4242 hoc
3381 4192 3491 4249 est,
3540 4186 3613 4243 ad
3645 4188 3832 4243 susci-

2180 4277 2466 4351 piendum
2494 4277 2889 4350 eleemosynee
2910 4277 3212 4349 pecunias.
3229 4278 3486 4332 Possunt
3505 4277 3685 4333 etiam
3708 4277 3833 4333 haec

2180 4369 2253 4426 de
2285 4370 2440 4425 Luca
2470 4367 2744 4441 intelligi.
2778 4389 2808 4420 «
2838 4366 2923 4423 Ad
2955 4367 3193 4423 Domini
3220 4366 3490 4441 gloriam.
3516 4389 3544 4416 »
3567 4366 3722 4423 Talis
3746 4372 3837 4422 est

2180 4465 2381 4516 autem
2412 4458 2462 4514 is
2494 4457 2595 4530 qui
2626 4456 2702 4513 ab
2734 4456 3005 4514 ecclesiis
3036 4456 3380 4529 designatus
3413 4460 3502 4512 est
3530 4455 3603 4511 ad
3642 4458 3832 4512 susci-

2178 4547 2428 4625 piendas
2457 4546 2687 4602 avobis
2716 4546 3021 4618 pecunias,
3055 4551 3120 4602 ut
3168 4562 3239 4602 ex
3289 4547 3382 4603 his
3430 4564 3563 4619 quae
3612 4548 3732 4619 agit
3779 4552 3838 4601 et

2178 4636 2445 4692 Christus
2473 4634 2858 4709 gloriﬁcetur,
2893 4639 2952 4690 et
2979 4652 3080 4691 vos
3112 4636 3509 4708 promptiores
3530 4636 3729 4709 potius
3760 4637 3833 4692 ad

425 4727 518 4803 ραν
538 4723 783 4802 γένησθε.
804 4750 834 4781 ‹‹
865 4727 1235 4804 Στελλόμενοι
1266 4735 1448 4790 τοῦτο.
1482 4756 1511 4784 ››
1550 4716 2073 4808 Περιστελλόμενίοι,

2186 4724 2562 4782 collationem
2619 4723 2986 4781 efflciamini.
3050 4746 3077 4775 α
3136 4724 3563 4781 Contrahentes
3613 4724 3744 4780 hoc.
3804 4748 3833 4776 ››

422 4812 856 4894 ἂσφαλιζόμενοι
876 4816 952 4880 εἷς
974 4821 1157 4887 τοῦτο,
1184 4843 1210 4872 ιι
1234 4822 1322 4890 Μή
1346 4842 1431 4883 τις
1461 4822 1609 4894 ἡμᾶς
1645 4824 2004 4896 μωμήσηται.
2040 4846 2067 4873 ››

420 4903 521 4958 Διὰ
549 4902 710 4959 τοῦτο
752 4901 830 4971 δὲ,
862 4906 1020 4978 φησὶ,
1075 4908 1357 4971 τοιούτους
1400 4908 1743 4985 ἐπέμψαμεν,
1802 4906 2070 4967 εὐλαϐού-

424 5013 581 5066 μενοι
639 4994 726 5049 καὶ
788 4993 1187 5072 φυλαττόμενοι
1242 5000 1320 5071 μή
1371 5020 1456 5061 τις
1511 5000 1754 5076 πονηρὰν
1841 5001 2073 5077 ὑποψίαν

419 5081 591 5157 σχοίη
632 5084 752 5139 καθ’
812 5085 999 5171 ἡμῶν,
1058 5084 1133 5148 ὡς
1186 5087 1593 5164 νοσφιζομένων
1651 5089 1719 5145 τὰ
1782 5094 2067 5171 χρήματα.

421 5194 453 5225 ‹‹
487 5172 575 5229 Ἐν
638 5176 707 5246 τῇ
765 5170 1050 5246 ἁδρότητι,
1108 5177 1265 5253 φησὶ,
1320 5177 1490 5253 ταύτῃ
1546 5184 1615 5254 τῇ
1677 5170 2067 5255 διακονουμένῃ

423 5262 510 5339 ὑφ’
542 5264 725 5336 ἡμῶν.
762 5286 792 5315 n
824 5259 1087 5320 Τουτέστι
1117 5261 1205 5322 διὰ
1245 5267 1309 5321 τὸ
1358 5268 1492 5323 εἶναι
1539 5268 1706 5345 ἁδρὰν
1749 5272 1838 5327 καὶ
1893 5270 2069 5327 πλου‹

425 5351 542 5407 σίαν
573 5355 673 5423 τὴν
707 5351 961 5431 εἰσφορὰν
993 5354 1092 5423 τὴν
1129 5352 1439 5429 μέλλουσαν
1470 5358 1707 5435 γίνεσθαι
1761 5362 1847 5440 ὑφ’
1897 5361 2070 5434 ὑμῶν.

419 5442 521 5501 Καὶ
577 5442 682 5518 γὰρ
736 5442 801 5498 τὸ
856 5446 966 5499 τῶν
1025 5447 1331 5518 χρημάτων
1417 5446 1631 5516 πλῆθος
1713 5448 1894 5506 ἰκανὸν
1954 5457 2073 5517 τοῖς

419 5536 693 5607 πονηροῖς
736 5535 910 5603 κακὴν
963 5531 1222 5591 ὀπόνοιαν
1272 5533 1535 5607 ἐμϐαλεῖν
1591 5539 1715 5613 περὶ
1770 5542 1958 5613 ἡμῶν,
2022 5542 2070 5597 εἰ

417 5621 496 5694 μὴ
529 5619 707 5684 οὕτως
740 5618 1059 5685 ἐπιλέκτους
1089 5624 1228 5696 πρὸς
1259 5625 1358 5693 τὴν
1395 5622 1678 5702 ὑποδοχὴν
1711 5627 1889 5684 αὐτῶν
1930 5631 2070 5702 ἦμεν

414 5710 786 5792 πεπομφότες.
818 5711 935 5770 Οὐκ
990 5711 1109 5768 εἶπε
1158 5709 1236 5785 δὲ,
1285 5715 1379 5785 Μὴ
1433 5715 1590 5788 ὑμεὶς
1641 5714 2070 5789 σκανδαλισθῆτε

416 5799 540 5879 περὶ
571 5800 756 5878 ἡμῶν,
780 5798 872 5859 ’ίνα
901 5802 981 5877 μή
1013 5799 1199 5879 πλήξῃ
1234 5800 1454 5878 αὐτοὺς,
1486 5802 1653 5869 ἀλλὰ,
1686 5830 1716 5860 α
1748 5809 1843 5884 Μή
1899 5829 2004 5874 τις.
2038 5833 2069 5864 ››

2179 4824 2547 4889 Coartantes,
2577 4828 2636 4880 et
2664 4823 2727 4879 in
2772 4823 2887 4880 hoc
2932 4823 3293 4879 munientes.
3323 4843 3353 4873 »
3399 4824 3480 4878 Ne
3532 4823 3666 4894 quis
3721 4840 3834 4881 nos

2181 4920 2402 4987 carpat.
2443 4935 2463 4959 α
2498 4916 2839 4986 Propterea,
2873 4914 3088 4985 inquit,
3122 4913 3271 4968 tales
3314 4912 3611 4978 misimus,
3663 4915 3833 4971 veriti

2181 5010 2241 5063 et
2270 5005 2651 5061 observantes
2680 5021 2757 5059 ne
2786 5003 2920 5076 quis
2950 5019 3191 5075 pravam
3221 5001 3533 5059 adversum
3584 5020 3696 5059 nos
3726 5004 3834 5061 ha-

2180 5097 2319 5154 beat
2361 5095 2781 5167 suspicionem,
2824 5100 3106 5167 tanquam
3155 5096 3469 5168 pecuniam
3513 5096 3687 5154 nobis
3736 5115 3832 5153 su-

2182 5206 2345 5246 mere
2376 5187 2646 5245 velimus.
2681 5209 2711 5237 «
2745 5188 2809 5242 In
2859 5187 2971 5244 hac
3020 5186 3411 5243 exuberantia
3458 5205 3590 5260 quae
3639 5190 3831 5246 admi-

2182 5279 2472 5337 nistratur
2503 5296 2534 5333 a
2565 5276 2760 5333 nobis.
2796 5299 2823 5328 ››
2854 5277 2974 5332 Hoc
3004 5281 3112 5345 est,
3136 5294 3205 5333 eo
3238 5278 3397 5348 quod
3422 5278 3754 5337 exuberans
3776 5286 3837 5337 et

2182 5368 2495 5426 abundans
2537 5366 2737 5423 futura
2794 5366 2871 5421 sit
2926 5366 3287 5423 contributio
3331 5372 3545 5426 vestra.
3597 5370 3829 5426 Etenim

2181 5457 2495 5517 abundans
2526 5455 2915 5530 pecuniarum
2946 5456 3266 5512 multitudo
3296 5463 3498 5529 posset
3520 5460 3713 5530 pravis
3743 5475 3831 5513 νο·

2181 5548 2497 5605 risimilem
2528 5546 2781 5619 injiceret
2807 5544 3211 5617 suspicionem
3233 5546 3305 5603 de
3328 5547 3521 5615 nobis,
3544 5548 3661 5602 nisi
3682 5547 3829 5602 adeo

2181 5637 2400 5692 electos
2429 5635 2503 5692 ad
2529 5634 2770 5690 illarum
2802 5634 3242 5706 susceptionem
3282 5636 3674 5691 misissemus.
3709 5638 3829 5691 Non

2180 5725 2328 5782 dixit
2345 5730 2585 5783 autem:
2626 5724 2708 5780 Ne
2759 5740 2862 5779 vos
2917 5724 3344 5780 oft‘endiculum
3392 5724 3704 5796 patiamini
3752 5725 3824 5783 de

2178 5813 2373 5888 nobis,
2393 5829 2469 5872 ne
2488 5813 2651 5886 ipsos
2670 5812 2995 5886 morderet,
3018 5813 3143 5884 sed,
3167 5833 3195 5863 «
3218 5812 3474 5883 Natalis.
3499 5831 3531 5865 ιν
3551 5840 3621 5857 --
3642 5835 3674 5865 ‹‹
3692 5816 3828 5873 Ρτο-
