4080 6424
233 491 388 553 1019

235 714 417 770 dixit:
454 715 599 771 Cum
632 717 776 771 mihi
811 717 880 772 de
913 717 1070 773 bono
1103 735 1280 791 Opere
1313 718 1590 774 conscius
1622 718 1754 781 sim,
1787 732 1885 788 ge-

237 811 359 859 mat
389 811 676 875 quantum
708 805 850 860 velit
872 808 972 878 qui
1006 807 1230 878 aliquid
1256 809 1589 878 suspicatur
1605 806 1888 862 mali.Sed

237 895 426 966 quid?
455 897 797 967 Propterea,
832 898 1046 968 inquit,
1080 899 1154 953 ad
1202 899 1580 954 securitatem
1625 900 1778 953 hanc
1831 904 1889 953 et

237 983 606 1057 diligentiam
660 985 890 1051 deveni,
951 989 1099 1044 665
1159 989 1443 1058 quoniam
1502 1005 1888 1059 procuramus

232 1073 501 1138 honesta,
538 1075 650 1129 hoc
683 1083 789 1140 est,
826 1076 976 1132 bene
1012 1078 1239 1138 audire.
1273 1095 1392 1132 non
1445 1079 1636 1133 solum
1689 1095 1888 1134 coram

234 1163 374 1232 Deo,
411 1162 512 1218 sed
547 1164 725 1219 etiam
785 1181 982 1219 coram
1045 1167 1407 1222 hominibus.
1471 1170 1615 1222 Nam
1669 1173 1889 1238 quanto

241 1257 379 1307 sunt
409 1253 684 1308 nonnulli
718 1254 1074 1310 imbecillius
1107 1256 1398 1322 aﬁ'ecti,eo
1430 1257 1616 1329 magis
1648 1274 1890 1314 necesse

241 1345 332 1394 est
359 1346 425 1395 ut
453 1357 562 1396 nos
594 1342 752 1414 ipsos
787 1342 1190 1400 demittamus.

311 1429 453 1494 VIII,
486 1433 668 1486 22-24.
716 1453 742 1480 «
778 1433 1043 1488 Misimus
1074 1439 1273 1489 autem
1301 1451 1421 1490 una
1451 1452 1586 1491 cum
1619 1436 1739 1491 illis
1770 1437 1888 1492 fra-

241 1540 269 1567 ‹‹
305 1525 452 1573 trem
476 1525 766 1584 nostrum,
793 1538 970 1592 quem
990 1523 1370 1594 probavimus
1393 1525 1452 1578 in
1480 1523 1683 1580 multis
1716 1542 1894 1597 saepe-

239 1630 266 1656 ‹‹
292 1624 542 1663 numero
567 1609 1101 1681 diligentem,nunc
1125 1629 1330 1667 aurem
1349 1614 1536 1669 multo
1555 1613 1891 1688 diligentio-

234 1719 262 1746 ‹‹
294 1714 420 1751 rem
453 1698 525 1752 ob
557 1699 807 1754 multam
841 1699 1117 1756 ﬁduciam
1153 1719 1333 1773 quam
1366 1703 1544 1758 habet
1574 1720 1710 1775 ergo
1749 1720 1847 1758 vos
1878 1721 1892 1772 ;

235 1809 262 1837 ‹‹
293 1787 411 1841 sive
437 1804 542 1858 pro
567 1788 712 1852 Tito,
745 1791 938 1843 socius
961 1807 1127 1845 meus
1151 1797 1241 1845 est
1262 1797 1320 1846 et
1350 1792 1589 1862 adjutor
1613 1808 1750 1863 erga
1770 1809 1892 1861 vos,

235 1897 263 1926 ‹‹
294 1876 413 1930 sive
436 1893 540 1947 pro
558 1877 711 1942 aliis,
736 1876 947 1934 fratres
969 1881 1156 1934 nostri
1179 1886 1320 1936 sunt
1343 1888 1399 1936 et
1418 1881 1593 1954 legati
1612 1883 1897 1941 Ecclesia-

1312 493 1563 556 (ΕΟοΜ
1577 493 1736 553 ENII
1784 490 2095 553 TRICCE
2142 493 2493 555 EPISCOPI

234 630 510 682 curantes
541 625 874 682 honesta.»
933 628 1075 684 Vide
1135 645 1251 700 quo
1307 645 1369 683 se
1419 627 1707 684 demittat.
1758 629 1884 682 Non

2006 657 2060 666 —
2090 649 2116 676 ‹‹
2153 626 2560 700 Προνοούμενοι
2637 626 2799 684 καλά.

3489 485 3648 552 1020

2881 648 2910 678 ‹‹
2983 626 3053 682 "0
3061 645 3125 701 ρα
3230 644 3430 699 συγκατ
3439 618 3629 679 ἀϐασιν
3641 669 3654 680 .

1991 713 2100 770 Ούκ
2129 715 2268 786 εἶπε,
2298 720 2395 771 τοῦ
2426 714 2734 778 συνειδότος
2771 737 2879 791 μου
2911 715 3064 779 ὄντος
3111 715 3297 790 ὀρθοῦ,
3361 714 3655 789 οίμωζὲτω

1992 806 2019 860 ὁ
2053 806 2298 862 ὑπονοῶν
2329 827 2380 861 τι
2415 807 2627 862 ’κακόν.
2687 805 2865 863 Ἀλλὰ
2920 805 3012 873 τίς
3070 807 3167 861 Διά
3221 809 3406 872 τοῦτο,
3465 806 3653 881 φησὶν,

1993 893 2069 956 εἷς
2099 896 2196 964 τήν
2229 893 2524 964 ἀσφάλειαν
2571 896 2663 950 καὶ
2719 897 2822 964 τήν
2882 890 3169 971 ἀκρίϐειαν
3216 895 3416 964 ταύτην
3457 893 3653 966 ἦλθον,

1993 983 2181 1052 ἐπειδὴ
2214 989 2561 1058 προνοοῦμεν
2629 983 2800 1055 καλὰ,
2859 986 3134 1051 τουτέστι,
3192 981 3379 1044 καλῶς
3439 983 3654 1038 ἀκούειν

1995 1074 2056 1130 οὐ
2116 1075 2275 1148 μόνον
2333 1068 2643 1149 ἔμπροσθεν
2707 1079 2866 1142 Θεοῦ,
2935 1072 3083 1130 ἀλλά
3161 1074 3251 1127 καὶ
3331 1072 3652 1148 ἀνθρώπων.

1993 1166 2143 1234 ’Όσῳ
2199 1164 2301 1238 γὰρ
2379 1185 2526 1225 τινες
2609 1163 2985 1241 ἀσθενέστερον
3071 1161 3383 1232 διᾶκεινται,
3471 1162 3653 1240 φησὶν,

1996 1254 2205 1328 ἀνάγκη
2234 1249 2678 1330 συγκαταϐαίνειν
2712 1255 2883 1327 ἡμᾶς.

2071 1437 2498 1510 Συνεπὲμψαμεν
2570 1433 2628 1490 δὲ
2712 1435 2896 1496 αὐτοῖς
2977 1434 3071 1489 τὸν
3155 1430 3392 1511 ἀδελφὸν
3468 1431 3652 1504 ἡμῶν,

1997 1528 2053 1582 ὃν
2117 1524 2518 1599 ἐδοκιμάσαμεν
2577 1526 2631 1580 ἐν
2687 1523 2923 1587 πολλοῖς
3003 1521 3276 1584 πολλάκις
3362 1519 3656 1578 σπουδαῖον

1999 1611 2148 1682 ὅντα,
2253 1615 2370 1670 νυνὶ
2448 1612 2505 1669 δὲ
2579 1612 2723 1670 πολὺ
2802 1611 3225 1686 σπουδαιότερον
3331 1613 3653 1680 πεποιθήσει

1998 1702 2189 1779 πολλῇ
2247 1709 2315 1778 τῇ
2377 1705 2454 1765 εἱς
2515 1704 2676 1775 ὑμᾶς.
2732 1700 2862 1758 Ε’ίτε
2918 1702 3050 1776 ὑπὲρ
3133 1699 3319 1769 Τίτου,
3395 1700 3653 1761 κοινωνὸς

2003 1791 2131 1864 ἐμὸς
2170 1793 2259 1846 καὶ
2320 1792 2396 1855 είς
2463 1792 2602 1864 ὑμᾶς
2663 1789 2936 1865 συνεργός.
2997 1789 3126 1846 Ε⁹ίτε
3184 1787 3410 1863 ἀδελφοὶ
3475 1789 3653 1860 ὑμῶν,

2001 1879 2305 1936 ἀπόστολοι
2394 1881 2757 1951 Ἐκκλησιῶν,
2847 1878 2974 1950 δόξα
3053 1881 3309 1955 Χριστοῦ.
3393 1880 3505 1948 Τὴν
3563 1875 3655 1931 οὖν

237 1988 264 2014 ‹‹
291 1982 443 2028 rum,
479 1966 666 2035 gloria
689 1965 925 2022 Christi.
960 1970 1215 2024 Proinde
1244 1971 1670 2027 documentum
1704 1973 1892 2028 chari-

2006 1964 2218 2044 ἔνδειξιν
2277 1977 2376 2039 τῆς
2430 1969 2646 2045 ἀγάπης
2708 1969 2880 2042 ὐμῶν,
2941 1968 3030 2024 καὶ
3085 1971 3246 2042 ἡμῶν
3329 1969 3670 2043 καυχήσεως

238 2078 266 2105 «
301 2056 436 2110 tatis
470 2062 697 2123 vestrze,
733 2063 791 2112 et
817 2065 1035 2113 nostra)
1083 2059 1152 2114 de
1195 2061 1359 2116 vobis
1407 2063 1779 2134 gloriationis
1827 2063 1888 2117 in

236 2132 271 2196 ἱ(
302 2162 400 2200 eos
432 2145 834 2202 demonstrate
868 2150 943 2203 ad
974 2156 1307 2222 respectum
1342 2153 1757 2210 Ecclesiarum.
1789 2175 1817 2203 »

308 2239 452 2292 Ecce
485 2243 542 2292 et
573 2239 816 2294 tertium
847 2239 1141 2312 adjunxit,
1177 2260 1432 2316 eumque
1466 2263 1585 2300 non
1627 2247 1754 2302 sine
1789 2263 1888 2302 en-

236 2327 449 2382 comio.
487 2346 510 2370 α
542 2328 726 2392 Quem
759 2330 1156 2401 probavimus.
1195 2354 1222 2382 »
1255 2334 1498 2389 Extollit
1536 2352 1569 2390 a
1600 2353 1706 2392 sua
1754 2354 1891 2409 pro-

231 2417 470 2472 batione
501 2418 714 2472 virum.
778 2420 879 2473 Est
927 2425 1123 2475 autem
1186 2421 1378 2477 laudis
1427 2425 1683 2479 intensio
1732 2425 1890 2496 quod

236 2506 353 2562 ait:
387 2507 454 2560 In
489 2507 693 2562 multis
725 2514 783 2562 et
816 2525 1249 2580 smpenumero.
1281 2543 1340 2553 --—
1368 2513 1450 2568 Ob
1474 2514 1723 2569 multam
1748 2515 1892 2570 ﬁdu-

241 2599 414 2652 ciam.
442 2619 466 2645 ››
490 2598 762 2652 Conﬁsus
785 2599 940 2668 quod
974 2600 1045 2655 ad
1075 2618 1176 2656 vos
1208 2603 1450 2658 veniens
1480 2621 1602 2658 non
1641 2605 1893 2661 frustra-

239 2687 403 2741 bitur
431 2688 682 2754 intento,
717 2687 1061 2760 diligentior
1103 2690 1297 2746 adhuc
1339 2693 1529 2748 factus
1580 2699 1669 2748 est
1716 2711 1893 2765 quam

245 2783 419 2833 antea
447 2776 644 2830 fuerit.
682 2799 709 2826 «
744 2777 870 2833 Sive
905 2796 1007 2849 pro
1038 2779 1184 2833 Tito.
1220 2804 1246 2830 »
1307 2782 1799 2854 Quandoquidem
1833 2787 1900 2841 il-

237 2867 432 2922 lorum
463 2866 740 2921 virtutem
774 2868 1054 2935 ostendit,
1109 2869 1392 2944 deinceps
1445 2882 1688 2945 propter
1737 2875 1896 2946 ipsos

239 2958 607 3022 exhortatur,
641 2961 700 3012 et
729 2958 789 3012 in
813 2958 943 3030 ipsa
995 2960 1405 3017 exhortatione
1439 2962 1641 3018 laudat
1682 2981 1804 3030 eos,
1841 2970 1899 3020 et

239 3046 369 3100 ait:
405 3045 531 3100 Sive
572 3063 678 3118 pro
734 3047 860 3102 Tito
919 3048 1146 3119 aliquid
1186 3050 1382 3106 dicere
1427 3057 1716 3123 oporteat,
1772 3054 1898 3109 haec

244 3149 456 3207 posum
489 3135 686 3190 dicere
740 3137 899 3207 quod
959 3139 1154 3193 socius
1204 3140 1348 3195 mihi
1399 3147 1504 3209 est,
1559 3147 1616 3196 et
1662 3142 1900 3214 adjutor

241 3240 412 3279 meus
443 3229 502 3280 et
531 3240 668 3297 erga
697 3242 798 3280 vos
831 3230 890 3282 et
919 3226 992 3281 ad
1022 3234 1276 3284 vestram
1311 3229 1562 3286 salutem
1594 3248 1661 3288 ac
1692 3232 1894 3288 ﬁdem.

2002 2062 2134 2136 ὑπὲρ
2169 2062 2339 2134 ὑμῶν,
2369 2059 2444 2121 εἰς
2494 2059 2691 2122 αὐτοὺς
2741 2057 3038 2129 ἐνδείξασθε
3085 2059 3173 2113 καὶ
3225 2059 3301 2120 εἰς
3358 2059 3657 2132 πρόσωπον

1997 2154 2106 2206 τῶν
2143 2148 2508 2218 Ἐκκλησιῶν.

2074 2237 2214 2298 Ἰδοὺ
2265 2240 2354 2294 καὶ
2412 2236 2595 2314 ἕτερον
2653 2239 2980 2315 προσέθηκε,
3026 2238 3115 2293 καὶ
3161 2243 3357 2292 τοῦτον
3410 2239 3527 2310 μετ’
3570 2236 3660 2312 ἐγι-

1999 2329 2234 2402 κιυμῖου.
2299 2354 2325 2379 ‹‹
2387 2331 2485 2386 "Ov
2547 2325 2967 2401 ἐδοκιμάσαμεν.
3033 2351 3060 2378 ››
3121 2329 3367 2401 Ἐπαίρει
3433 2325 3493 2381 ἐκ
3557 2332 3658 2396 τῆς

2000 2419 2167 2474 αὐτοῦ
2199 2414 2521 2489 δοκιμασίας
2585 2417 2676 2470 τὸν
2737 2413 2926 2491 ἄνδρα.
2989 2416 3269 2476 Ἐπίτασις
3323 2411 3380 2468 δὲ
3434 2413 3660 2469 ἐπαίνου

1999 2509 2084 2580 τὸ,
2125 2532 2153 2560 ‹‹
2188 2509 2276 2564 Ἐν
2306 2506 2541 2569 πολλοῖς
2572 2507 2662 2562 καὶ
2690 2506 2986 2569 πολλάκις.
3022 2530 3050 2557 ››
3084 2508 3413 2576 Πεποιθήσει
3443 2503 3653 2580 πολλῇ.

2001 2594 2250 2666 Ἐπειδὴ,
2309 2599 2464 2674 φησὶ,
2517 2596 2700 2672 θαῤῥεὶ
2747 2597 2820 2658 ὡς
2872 2597 2971 2652 οὐκ
3017 2595 3362 2666 ἀποτεύξεται
3421 2595 3657 2670 ἐρχόμε-

2001 2708 2089 2748 νος
2128 2689 2264 2760 πρὸς
2327 2688 2488 2760 ὑμᾶς,
2566 2683 2989 2760 σπουδαιότερος
3067 2685 3128 2740 οὗ
3203 2688 3267 2754 ἦν
3345 2684 3658 2764 γεγένηται.

2009 2799 2034 2832 α
2067 2777 2198 2833 Ε’ἰτε
2231 2776 2358 2850 ὑπὲρ
2421 2777 2613 2832 Τίτου.
2653 2797 2676 2827 ››
2741 2773 2964 2845 Ἐπειδή
3011 2772 3282 2848 ἀπέδειξεν
3333 2774 3508 2830 αὑτῶν
3557 2775 3660 2844 τὴν

2007 2867 2225 2939 ἀρετὴν,
2258 2863 2568 2936 παρακαλεῖ
2615 2863 2810 2919 λοιπὸν
2867 2861 2936 2918 δι’
2991 2863 3210 2932 αὐτοὺς,
3271 2864 3359 2918 καὶ
3414 2861 3466 2918 ἐν
3519 2863 3658 2938 αὑτῇ

2005 2959 2074 3028 τῇ
2100 2953 2445 3030 παρακλήσει
2489 2953 2826 3031 ἐγκωμιᾶζει
2882 2953 3104 3022 αὐτοὺς,
3153 2953 3243 3008 καί
3291 2970 3478 3033 φησιν’
3533 2950 3658 3009 Εἴτε

2008 3045 2142 3120 ὑπὲρ
2173 3047 2339 3102 Τίτου
2373 3041 2473 3111 δεῖ,
2525 3043 2680 3121 φησὶ,
2729 3042 2782 3097 τί
2831 3041 3026 3112 εἰπεῖν,
3075 3047 3242 3097 ταῦτα
3290 3041 3405 3117 ἔχω
3456 3041 3652 3118 λέγειν,

2008 3133 2092 3190 ὅτι
2123 3132 2388 3196 κοινωνός
2427 3131 2568 3187 ἐστιν
2602 3130 2751 3205 ἐμοὶ,
2781 3133 2870 3186 καὶ
2912 3133 3165 3207 συνεργός
3213 3152 3316 3199 μου
3367 3131 3444 3193 εἰς
3496 3132 3655 3203 ὑμᾶς,

2005 3224 2095 3278 καὶ
2128 3222 2205 3284 είς
2236 3225 2334 3292 τήν
2379 3223 2532 3296 ὑμῶν
2583 3220 2856 3295 σωτηρίαν
2913 3220 3001 3275 καὶ
3051 3222 3249 3277 πίστιν.
3304 3219 3485 3297 Μέγας
3533 3218 3589 3274 δὲ
3630 3221 3659 3275 ὁ

240 3312 344 3366 Est
362 3318 556 3368 autem
583 3314 799 3369 eximia
818 3314 965 3372 laus.
994 3316 1119 3372 Sive
1143 3335 1248 3389 pro
1273 3319 1405 3374 aliis
1436 3320 1664 3392 aliquid
1695 3321 1892 3377 dicere

2006 3310 2243 3374 ἔπαινος,
2273 3310 2380 3367 εἴτε
2425 3311 2555 3384 ὑπὲρ
2587 3314 2694 3364 τῶν
2742 3309 2936 3365 ἄλλων
2989 3306 3072 3365 δεῖ
3124 3331 3198 3378 τι,
3250 3311 3414 3389 φησὶν
3465 3309 3660 3379 εἰπεῖν,

2067 3395 2222 3412 -.ι
2354 3400 2404 3412 .,
2585 3396 3589 3412 .,.............

240 3398 546 3472 oporteat:
580 3402 706 3456 haec
737 3402 924 3458 habeo
957 3422 1088 3476 quae
1115 3405 1306 3462 dicam
1340 3409 1496 3480 quod
1514 3415 1654 3464 sunt
1676 3409 1889 3468 iratres

241 3490 453 3557 nostri,
486 3491 661 3561 legali
699 3493 1120 3560 Ecclesiarum,
1155 3512 1225 3550 ex
1257 3496 1548 3553 electione
1591 3499 1888 3556 videlicet.

239 3579 500 3634 «Gloria
529 3581 765 3636 Christi.
800 3606 827 3631 ››
891 3585 935 3639 Α
994 3600 1121 3648 sua,
1182 3585 1394 3658 inquit.
1444 3589 1890 3646 conversatione

235 3667 485 3740 gloriam
521 3669 750 3725 Christo
782 3672 1124 3730 conciliant.
1160 3698 1185 3724 ‹‹
1220 3675 1288 3730 Ut
1349 3677 1636 3743 videntes,
1674 3679 1888 3751 inquit,

238 3763 432 3813 vestra
461 3757 622 3813 bona
661 3776 839 3832 opera
867 3760 1202 3834 gloriﬁcent
1232 3766 1465 3822 Patrem
1499 3773 1757 3823 vestrum
1789 3770 1888 3840 qui

243 3848 302 3902 in
318 3848 481 3904 caelis
501 3853 590 3903 est
609 3849 677 3906 5*.
695 3871 722 3898 »
740 3881 805 3890 —
829 3873 857 3900 «
873 3852 1126 3908 Proinde
1146 3853 1570 3912 documentum
1589 3859 1892 3914 charitatis

241 3943 468 3993 vestrm.
499 3961 523 3986 ››
549 3940 978 3996 Documentum
1005 3943 1136 4013 hoc,
1162 3950 1270 4011 est,
1297 3945 1890 4009 demonstrationem.

244 4034 682 4100 argumentum,
719 4031 1143 4088 ostensionem.
1181 4035 1785 4104 Demonstrationem,
1811 4037 1895 4091 in-

245 4117 392 4187 quit,
428 4115 766 4174 dilectionis
797 4136 913 4189 qua
942 4137 1036 4175 me
1097 4121 1361 4195 diligitis,
1418 4129 1478 4179 et
1523 4126 1897 4198 gloriationis

245 4222 362 4276 qua
392 4206 464 4259 de
499 4206 662 4261 vobis
691 4207 1034 4280 gloriamur,
1068 4211 1130 4266 in
1182 4212 1316 4267 illos
1376 4214 1691 4281 ostendite,
1738 4215 1897 4286 quod

244 4311 365 4349 non
403 4300 622 4350 temere
654 4311 720 4351 ac
749 4297 969 4354 frustra
999 4300 1070 4354 de
1093 4300 1256 4355 vobis
1278 4301 1516 4374 glorier,
1543 4317 1611 4357 ac
1632 4304 1679 4357 si
1703 4303 1894 4358 dicat:

247 4384 303 4439 Si
335 4385 511 4438 vultis
544 4386 856 4442 ostendere
889 4389 1047 4458 quod
1079 4406 1180 4445 vos
1207 4391 1448 4460 quidem
1480 4407 1574 4445 me
1627 4392 1895 4464 diligitis,

248 4489 352 4545 ego
387 4478 582 4528 autem
617 4477 827 4530 merito
862 4476 933 4530 de
978 4477 1140 4533 vobis
1187 4479 1430 4550 glorior,
1483 4479 1591 4535 hos
1647 4481 1895 4554 diligite,

247 4562 338 4618 his
369 4562 842 4620 benevolentiam
866 4565 1138 4621 exhibete
1165 4588 1186 4618 ι
1215 4568 1300 4622 Ad
1331 4575 1665 4640 respectum
1697 4571 1900 4628 Eccle-

248 4653 489 4718 siarum,
525 4675 552 4703 »
584 4654 702 4709 Hoc
734 4659 842 4713 est,
877 4655 1056 4709 etiam
1083 4656 1156 4711 ad
1187 4657 1473 4713 honorem
1496 4660 1896 4717 Ecclesiarum

245 4759 373 4812 quos
405 4743 566 4814 ipsos
598 4743 911 4798 miserunt.
945 4745 1098 4800 666
1132 4747 1274 4801 Nam
1308 4747 1355 4802 si
1380 4764 1478 4802 eos
1507 4749 1892 4806 honoraveri—

243 4833 338 4896 tis,
371 4833 668 4888 Ecclesias
695 4821 825 4903 quas
872 4850 972 4889 eos
1023 4835 1313 4890 miserunt
1360 4837 1718 4894 honorastis.
1772 4843 1896 4895 Non

247 4921 396 4975 dixit
424 4928 624 4977 autem
683 4923 1024 4992 Hominum,
1079 4925 1182 4981 sed
1233 4925 1653 4994 Ecclesiarum,
1710 4930 1898 5000 magis

244 5012 647 5067 venerandum
707 5013 963 5068 reddens
1012 5031 1372 5084 sermonem,
1427 5023 1484 5071 et
1552 5017 1652 5087 qui
1703 5016 1899 5072 refelli

245 5106 526 5172 nequeah

321 5192 412 5255 1X,
441 5193 555 5244 I-2.
578 5215 603 5241 (ι
632 5191 935 5263 Siquidem
964 5194 1036 5250 de
1060 5195 1614 5250 subministratione
1643 5212 1772 5266 quas
1799 5197 1903 5252 ﬁat

250 5301 276 5330 ‹‹
309 5281 369 5334 in
405 5286 660 5348 sanctos,
696 5299 1122 5353 supervacuum
1155 5289 1246 5338 est
1264 5283 1410 5338 mihi
1437 5283 1695 5339 scribere
1713 5284 1896 5340 vobis.

247 5393 272 5419 ‹‹
310 5370 447 5424 Νονί
473 5369 654 5425 enimi
682 5373 1216 5444 promptitudinem
1249 5373 1432 5427 animi
1464 5375 1795 5445 vestri,qua
1830 5375 1902 5430 de

257 5480 277 5507 α
310 5459 474 5516 vobis
504 5460 723 5532 glorior
753 5461 911 5532 apud
941 5461 1312 5530 Macedones,
1345 5461 1505 5533 quod
1551 5463 1768 5519 Achaia
1799 5481 1904 5537 pa—

249 5572 276 5598 ‹‹
310 5556 437 5606 rata
468 5550 545 5604 sit
577 5550 647 5605 ab
689 5567 847 5605 anno
895 5549 1222 5619 superiore,
1271 5556 1330 5605 et
1377 5551 1554 5606 vestri
1603 5553 1900 5609 mmulatio

250 5661 274 5687 (ι
308 5640 651 5710 provocavit
680 5638 1048 5708 complures.

318 5799 366 5835 δι
397 5797 600 5855 Matth.
641 5815 692 5867 ν,
727 5795 815 5852 ιι.

1997 3407 2164 3457 ταῦτα
2197 3395 2312 3475 ἔχω
2350 3400 2545 3474 λέγειν,
2581 3401 2667 3454 δτι
2699 3399 2832 3454 είσὶν
2866 3396 3098 3477 ἀδελφοὶ
3127 3400 3312 3471 ἡμῶν,
3357 3396 3663 3454 ἀπόστολοι

1997 3489 2367 3560 Ἐκκλησιῶν,
2401 3489 2453 3560 ἐξ
2485 3488 2756 3563 ὲπιλογῆς
2791 3485 3076 3558 δηλονότι.
3111 3513 3139 3540 ‹‹
3174 3488 3309 3558 Δόξα
3337 3490 3604 3562 Χριστοῦ.
3628 3510 3661 3540 ››

1997 3582 2084 3651 Ἐξ
2116 3581 2214 3650 ὧν,
2241 3580 2400 3659 φησὶ,
2431 3577 2837 3648 πολιτεύονται,
2872 3575 3026 3650 δόξαν
3061 3580 3382 3651 προξενοῦσι
3415 3579 3659 3652 Χριστῷ.

1997 3673 2110 3726 Ἵνα
2165 3671 2290 3745 γὰρ,
2352 3669 2510 3746 φησὶ,
2569 3669 2897 3735 θεωροῦντες
2956 3667 3109 3738 ὐμῶν
3179 3667 3244 3721 τὰ
3309 3665 3450 3722 καλὰ
3507 3665 3660 3744 ἔργα,

1999 3758 2266 3830 δοξάσωσι
2315 3759 2406 3813 τὸν
2461 3756 2674 3831 Πατέρα
2731 3757 2886 3828 ὑμῶν
2945 3759 3037 3810 τὸν
3098 3756 3148 3810 ἐν
3208 3763 3324 3819 τοῖς
3385 3757 3659 3831 οὐρανοῖς,

1999 3873 2028 3903 «
2062 3850 2175 3918 Τὴν
2211 3845 2304 3901 οὖν
2347 3841 2569 3916 ἔνδειξιν
2629 3849 2730 3910 τῆς
2797 3846 3012 3922 ἀγάπης
3082 3845 3317 3919 ὑμῶν.»
3376 3842 3658 3918 Ἐνδειξιν,

1999 3937 2300 4006 τουτὲστιν,
2350 3935 2650 4008 ἀπόδειξιν,
2701 3930 2960 4010 ἔλεγχον,
3012 3934 3288 4006 ἐπίδειξιν.
3362 3937 3468 4004 Τήν
3522 3936 3664 3991 ἀπό-

2002 4027 2188 4099 δειξιν,
2221 4029 2410 4107 φησὶν,
2451 4027 2518 4096 ἧς
2551 4047 2620 4098 με
2671 4029 2911 4100 ἀγαπᾶτε
2961 4026 3198 4103 ἀγάπης,
3248 4027 3337 4082 καὶ
3384 4028 3482 4096 τῆς
3529 4049 3663 4082 καυ-

2001 4120 2224 4193 χήσεως
2298 4119 2366 4185 ἧς
2439 4116 2780 4191 καυχώμεθα
2862 4117 2997 4190 ὑπὲρ
3078 4117 3251 4188 ὑμῶν,
3331 4115 3406 4178 είς
3464 4115 3661 4179 αὐτοὺς

2003 4206 2533 4276 ἰπιδείξασοε.’οτι,
2566 4205 2748 4282 φησὶν,
2806 4204 2906 4259 οὐκ
2962 4204 3077 4274 είκῆ
3137 4205 3270 4279 ὑπὲρ
3329 4205 3480 4279 ὑμῶν
3528 4226 3665 4260 καυ-

2004 4301 2219 4371 χῶμαι,
2252 4294 2326 4354 ὠς
2360 4293 2405 4349 εί
2439 4288 2642 4366 ἔλεγεν·
2682 4293 2746 4350 El
2775 4291 2958 4348 θέλετε
2989 4291 3177 4365 δεῖξαι,
3236 4294 3309 4356 ὠς
3355 4296 3508 4367 ὑμεῖς
3565 4295 3661 4367 μὲν

2005 4383 2247 4462 ἀγαπᾶτέ
2282 4405 2371 4456 με9
2406 4379 2513 4456 ἐγὼ
2556 4381 2614 4438 δὲ
2670 4381 2900 4446 δικαίως
2963 4384 3093 4457 ὑπὲρ
3156 4384 3304 4456 ὑμῶν
3363 4389 3661 4460 καυχῶμαι

2002 4474 2228 4535 τούτους
2304 4473 2639 4548 ἀγαπήσατε,
2715 4472 2932 4533 τούτοις
3008 4466 3216 4528 ἔννοιαν
3307 4470 3658 4544 ἐπιδείξασθε.

2007 4561 2162 4624 «ET:
2193 4562 2487 4638 πρόσωπον
2558 4565 2666 4617 τῶν
2743 4560 3085 4631 Ἐκκλησιῶν
3146 4583 3170 4612 ιι
3253 4562 3531 4631 Τουτὲστι,
3572 4562 3662 4616 καὶ

2007 4654 2082 4715 εἰς
2158 4653 2325 4724 τιμὴν
2402 4655 2510 4706 νῶν
2587 4649 3000 4705 ἀποστειλασῶν
3057 4648 3254 4713 αὐτοὺς
3295 4647 3656 4721 Ἐκκλησιῶν.

2005 4745 2104 4800 Ἀν
2132 4742 2235 4818 γὰρ
2264 4742 2492 4802 τούτους
2523 4742 2820 4812 τιμήσητε,
2851 4739 2946 4801 τὰς
2979 4738 3377 4802 ἀποστειλάσας
3427 4740 3667 4810 Ἐκκλη-

2010 4832 2127 4894 σίας
2157 4832 2473 4904 ἐτιμήσατε.
2505 4830 2579 4885 Ού
2612 4827 2764 4907 λέγει
2796 4828 2853 4884 δὲ
2885 4830 3210 4904 ἀνθρώπων,
3243 4828 3375 4886 ἀλλ’
3424 4827 3663 4900 Ἐκκλη-

2011 4925 2159 4990 σιῶν,
2198 4922 2523 4994 σεμνότερον
2588 4920 2700 4991 ἅμα
2756 4919 2846 4974 καὶ
2902 4918 3275 4994 ἀπαραίτητον
3333 4924 3510 4974 ποιῶν
3567 4919 3660 4974 τὸν

2010 5009 2196 5084 λόγον.

2085 5179 2214 5255 Περὶ
2287 5181 2386 5252 μὶν
2449 5185 2550 5249 τῆς
2618 5176 2894 5241 διακονίας
2957 5185 3058 5247 τῆς
3125 5177 3198 5240 εἷς
3258 5178 3386 5243 τοὺς
3452 5177 3663 5254 ἁγίους,

2011 5269 2267 5344 περισσόν
2324 5267 2418 5341 μοί
2467 5269 2582 5323 ἐστι
2630 5268 2691 5322 τὸ
2750 5268 2973 5345 γράφειν
3024 5268 3175 5341 ὑμῖν.
3228 5264 3367 5326 Οἶδα
3414 5271 3515 5342 γὰρ
3565 5270 3665 5338 τήν

2011 5357 2321 5433 προθυμίαν
2355 5359 2530 5430 ὑμῶν,
2592 5358 2659 5427 ἢν
2723 5358 2854 5432 ὑπὲρ
2911 5357 3062 5429 ὑμῶν
3114 5362 3412 5432 καυχῶμαι
3481 5359 3664 5415 Μακε-

2013 5447 2188 5518 δόσιν,
2223 5446 2304 5502 ὅτι
2356 5447 2556 5522 Ἀχαῒα
2603 5445 3029 5521 παρεσκεύασται
3085 5447 3191 5502 ἀπὸ
3239 5449 3451 5521 πέρυσι,
3502 5450 3588 5502 καὶ
3636 5448 3664 5502 ό

2013 5537 2064 5610 ἒξ
2099 5538 2251 5611 ὑμῶν
2286 5535 2477 5606 ζῆλος,
2510 5533 2728 5610 ἠρέθισε
2754 5536 2879 5597 τοὺς
2908 5534 3180 5600 πλείονας.
