4080 6426
396 481 546 543 1021

396 703 581 774 σύνης.
641 698 774 778 Περῖ
826 700 1032 772 ταύτης
1108 704 1403 776 τοιγαροῦν
1489 706 1588 769 τῆς
1651 697 2050 773 ἐλεημοσύνης,

390 791 580 849 πολλά
606 813 667 847 τε
695 789 889 862 εἰπὼν,
916 791 1008 845 καὶ
1039 787 1231 846 πολλοὶ
1264 788 1446 864 Λέγειν
1479 788 1680 858 θέλων,
1747 792 1834 842 νῦν
1895 806 2049 867 φησιο

391 907 421 937 α
455 881 713 958 ῙΙεριττόν
747 879 843 954 μοί
911 879 1024 936 ἐστι
1071 880 1134 935 τὸ
1183 881 1408 956 γράφειν
1476 879 1625 952 ὑμῖν,
1664 902 1691 930 ››
1731 883 1897 934 τοῦτο
1956 875 2049 934 λέ-

393 995 530 1051 γων,
576 971 714 1027 ὥστε
766 967 985 1045 μᾶλλον
1042 969 1241 1033 αὐτοὺς
1298 968 1717 1027 ἐπισπάσασθαι.
1781 966 2049 1042 Α’σχύνε-

387 1083 478 1118 ται
536 1063 637 1136 γάρ
699 1057 980 1134 ἄνθρωπος
1031 1058 1292 1129 τοιαύτην
1354 1056 1508 1128 δόξαν
1574 1053 1717 1133 ἔχων
1780 1057 1856 1118 ὡς
1910 1059 2050 1129 μήτε

391 1149 600 1209 δεῖσθαι
633 1144 975 1221 συμϐουλῆς,
1005 1147 1246 1203 ἐλάττων
1297 1154 1520 1224 φανῆναι
1581 1149 1678 1214 τῆς
1734 1143 1873 1206 ἰδίας
1912 1147 2044 1200 ὑπο-

385 1240 639 1316 λήψεως.
671 1235 810 1296 Οἶδα
841 1239 945 1314 γάρ
983 1239 1082 1306 τήν
1130 1238 1432 1311 προθυμίαν
1472 1238 1645 1308 ὑμῶν.
1706 1236 2044 1311 Θαρῥοῦντος

390 1331 484 1404 μὲν
510 1329 574 1384 τὸ
601 1333 905 1392 πεπεῖσθαι·
938 1324 1092 1382 τὸδὲ
1148 1328 1235 1381 καὶ
1301 1326 1377 1387 εἷς
1439 1325 1654 1400 ἐτέρους
1713 1327 2043 1400 καυχᾶσθαι,

387 1418 533 1475 πολὺ
566 1415 754 1474 πλέον.
797 1442 818 1467 ι
879 1418 999 1473 Ὀτι
1049 1415 1262 1491 Ἀχαία.
1312 1436 1338 1467 ι
1401 1419 1592 1486 Τούτο,
1645 1415 1826 1490 φησὶν,
1888 1412 2042 1468 ἐκαυ-

388 1510 592 1585 χώμην
627 1509 762 1582 πρὸς
796 1502 1127 1575 Μακεδόνας,
1178 1507 1260 1560 ὅτι
1312 1505 1376 1560 οὐ
1439 1505 1600 1578 μόνον
1668 1506 1703 1573 ἡ
1753 1499 2041 1578 Κόρινθος,

382 1595 532 1654 ἀλλὰ
586 1597 675 1652 καὶ
735 1601 878 1651 πᾶσα
931 1595 965 1664 ἡ
1028 1592 1248 1668 Ἀχαία,
1299 1594 1434 1668 πρὸς
1503 1593 1601 1662 τὴν
1660 1591 2038 1664 ἐλεημοσύνην

639 1682 652 1704 ι
877 1687 889 1705 ι
1226 1682 1236 1700 ρ
1311 1682 1321 1702 ρ
1413 1681 1426 1698 ς
1961 1683 1974 1703 ε
2030 1669 2042 1688 ι

388 1705 838 1764 παρεσκευασται.
895 1684 1154 1758 Επαρχία
1186 1680 1243 1738 δε
1270 1702 1352 1746 τις
1410 1683 1617 1752 εστινή
1670 1679 1892 1757 Ἀχαΐα,
1955 1703 2024 1759 υφ

385 1779 450 1850 ἣν
483 1791 517 1847 η
552 1777 843 1850 Κόρινθος.
878 1773 992 1832 Οὐκ
1021 1774 1136 1828 εἷπε
1167 1770 1246 1842 δὲ,
1301 1771 1383 1827 ὅτι
1419 1772 1699 1847 Εἶσφέρει,
1728 1771 1785 1843 ἢ,
1831 1769 2041 1827 Συλλέ-

384 1887 492 1944 γει,
547 1863 714 1935 ἀλλά,
776 1887 805 1916 ‹‹
863 1861 1319 1939 ιιαρεσκεύασται,
1377 1885 1404 1912 ››
1461 1862 1780 1930 τουτέστιν,
1839 1859 2036 1934 ἐτοίμη

387 1955 528 2028 ἐστὶ,
557 1952 891 2028 πεπλήρωκε
921 1953 982 2008 τὸ
1033 1957 1157 2020 πᾶν,
1198 1949 1394 2007 λοιπὸν
1449 1950 1576 2013 τοὺς
1637 1948 2037 2023 διακονησομέ-
2075 1985 2120 2050 Β

389 2065 516 2107 νους
546 2043 838 2119 περιμένει.
875 2066 903 2096 ιι
938 2041 1042 2100 Καὶ
1073 2042 1101 2096 ὁ
1142 2040 1192 2112 ἐξ
1245 2042 1399 2115 ὑμῶν
1463 2039 1654 2111 ζῆλος.
1685 2061 1712 2093 ι
1750 2043 1873 2098 ’Ένι
1938 2041 2042 2116 γὰρ

387 2133 477 2189 καί
513 2134 600 2189 ἐπὶ
631 2135 850 2208 Χριστῷ
898 2131 1092 2203 ζῆλος.
1155 2130 1221 2186 Εἴ
1281 2129 1372 2185 οὖν
1425 2130 1581 2203 ὑμεῖς
1641 2129 1897 2208 γεγόνατε
1951 2128 2043 2185 καὶ

382 2229 502 2285 τοῖς
532 2221 728 2285 ἄλλοις
759 2221 1013 2297 πρόξενοι
1073 2225 1447 2298 συνεισφορᾶς,
1510 2225 1626 2283 πῶς
1687 2218 1786 2274 οὐκ
1843 2217 2044 2274 ἄτοπον

384 2314 528 2388 ὑμᾶς
561 2319 865 2388 στερῆσαι;
909 2335 936 2363 (ι
982 2311 1230 2386 Ἥρέθισε
1286 2308 1414 2370 τοὺς
1471 2307 1752 2370 πλείονας.
1830 2332 1849 2358 η
1915 2309 2042 2362 Καί-

380 2425 475 2461 τοι
535 2404 660 2479 περὶ
725 2399 1050 2460 Μακεδόνων
1107 2399 1346 2476 εἴρηκεν,
1433 2400 1517 2455 ὅτι
1573 2399 1884 2476 αὐθαίρετοι
1953 2398 2044 2454 καὶ

390 2496 531 2568 μετὰ
562 2490 805 2558 σπουδῆς
832 2490 1005 2562 ἦλθον
1039 2491 1114 2552 εἷς
1169 2494 1359 2546 τοῦτο.
1417 2493 1541 2552 Πῶς
1592 2489 1682 2544 οὗν
1742 2493 1833 2543 νῦν
1877 2510 2042 2564 φησιν

387 2582 496 2652 ὅτι,
526 2607 554 2636 ι(
587 2583 650 2640 Ὀ
679 2579 730 2655 ἐξ
766 2581 920 2654 ὑμῶν
965 2580 1133 2650 ζῆλος
1192 2579 1438 2654 ἠρέθισεν
1495 2578 1693 2641 αὐτούς
1731 2597 1744 2647 ;
1810 2603 1830 2629 ιο
1894 2576 2046 2654 Ἠρέ-

387 2673 506 2726 θισε
539 2671 669 2732 τοὺς
703 2666 959 2730 πλείονας
995 2668 1056 2722 οὐ
1089 2667 1313 2728 πάντας.
1372 2668 1600 2722 Ἔπειτα
1664 2665 1726 2720 τὸ
1797 2663 2046 2740 αὐθαίρε-

385 2782 505 2828 τον,
539 2759 713 2822 οὕτως
743 2759 878 2827 νόει,
911 2759 993 2812 ὅτι
1029 2757 1105 2815 Οὐ
1166 2751 1687 2828 συνεϐουλεύσαμεν,
1737 2755 1859 2810 οὕτε
1916 2776 2046 2832 προ-

384 2848 729 2924 ετρεψάμεθα
768 2845 990 2910 αὐτοὺς,
1023 2844 1151 2902 ἀλλ’
1187 2846 1325 2918 ὑμᾶς
1386 2843 1719 2920 ἐπῃνέσαμεν
1781 2846 1855 2906 ὡς
1905 2865 2044 2919 παρ-

385 2937 810 3009 εσκευασμένους
834 2935 940 2990 ἀπὸ
971 2934 1184 3010 πέρυσι,
1235 2935 1324 2988 καὶ
1382 2939 1542 2989 τοῦτο
1597 2932 1821 3010 ἤρκεσεν
1852 2934 1926 2996 εἷς
1983 2934 2045 2987 τὸ

383 3023 647 3102 διεγεῖραι
683 3023 898 3086 αὐτούς.

460 3295 711 3366 Ἐπεμψα
770 3288 828 3346 δὲ
883 3291 1009 3352 τοὺς
1067 3287 1366 3366 ἀδελφοὺς,
1444 3285 1541 3344 ’ίνα
1623 3291 1698 3363 μὴ
1797 3289 1859 3346 τὸ
1913 3290 2041 3345 καύ-

393 3402 552 3463 χημα
597 3383 758 3454 ῆμῶν
814 3379 877 3436 τὸ
933 3379 1067 3453 ὑπὲρ
1152 3379 1303 3452 ὑμῶν
1362 3381 1572 3453 κενωθῇ
1640 3377 1692 3434 ἐν
1750 3383 1830 3452 τῷ
1893 3377 2042 3454 μέρει

387 3471 587 3545 τούτῳ,
639 3470 729 3526 ἳνα
803 3470 983 3533 καθὼς
1065 3466 1252 3546 ἔλεγον
1341 3470 1838 3542 παρεσκευασμένοι
1922 3469 2040 3538 ἦτε,

390 3562 466 3635 μή
528 3579 647 3620 ποις
707 3557 794 3613 ἐὰν
849 3554 1052 3613 ἔλθωσι
1105 3555 1196 3610 σὺν
1258 3555 1381 3628 ἐμοὶ
1441 3553 1769 3627 Μακεδόνες,
1819 3557 1912 3611 καὶ
1953 3556 2048 3630 εῧτ

382 3671 549 3726 ρωσιν
582 3649 722 3720 ὑμᾶς
751 3644 1252 3722 ἀπαρασκευάστου,
1311 3649 1800 3725 καταισχυνθῶμεν
1855 3647 2043 3718 ἡμεῖς,

376 3738 468 3794 ἵνα
495 3741 572 3812 μὴ
609 3737 883 3814 λέγωμεν,
917 3735 1100 3807 ὑμεῖς,
1132 3734 1184 3789 έν
1230 3737 1299 3809 τῇ
1352 3735 1642 3790 ὑποστάσει
1701 3736 1904 3805 ταότης
1942 3743 2044 3805 τῆς

379 3829 733 3902 καυχήσεως.
778 3827 1098 3900 Ἀναγκαῖον
1155 3821 1246 3878 οὗν
1305 3824 1607 3901 ἡγησάμην
1667 3822 2044 3898 παρακαλέσαι

381 3917 513 3980 τοὺς
598 3913 918 3992 ἀδελφοὺς,
976 3913 1066 3968 ἳνα
1121 3911 1463 3988 προέλθωσιν
1523 3912 1599 3974 εἷς
1669 3914 1858 3986 ὑμᾶς,
1951 3923 2043 3978 καὶ

384 4005 826 4084 προκαταρίσωσι
884 4005 982 4073 τὴν
1013 4001 1570 4079 προκατηγγελμένην
1601 4001 1854 4078 εὐλογίαν
1889 4004 2042 4076 ὑμῶν

380 4099 611 4168 ταύτην,
644 4095 872 4168 ἑτοίμην
907 4094 1064 4162 εἶναι,
1099 4091 1297 4164 οὕτως,
1323 4093 1397 4155 ὡς
1428 4091 1684 4168 εὐλογίαν
1714 4093 1806 4148 καὶ
1859 4096 1933 4167 μή
1969 4095 2042 4156 ὠς

374 4187 690 4262 πλεονεξίαν
701 4231 715 4244 .

448 4287 585 4355 Ὀρα
613 4279 712 4349 τὴν
737 4274 1071 4351 κηδεμονίαν
1110 4280 1207 4331 τοῦ
1277 4274 1521 4332 Παύλου·
1583 4277 1865 4352 ’[ίῖπεμψα,
1935 4299 2044 4357 φη-

383 4374 489 4443 civ,
516 4369 736 4439 αὐτοὺς,
793 4368 884 4424 ’ἱνα
945 4369 1021 4442 μὴ
1087 4369 1374 4442 ματαιωθῇ
1425 4367 1486 4423 τὸ
1535 4366 1804 4442 καύχημα
1857 4369 2041 4443 ἡμῶν,

385 4461 476 4518 καί
507 4464 730 4535 ψεῦσται
771 4459 1099 4530 εὐρεθῶμεν,
1163 4455 1406 4519 εἰπόντες
1463 4457 1547 4511 ὅτι
1604 4458 2045 4532 παρεσκευασμέ-

386 4549 696 4614 νοιέστὶ,‹‹
761 4550 849 4606 Ἐν
906 4551 986 4618 τῷ
1047 4545 1198 4622 μέρει
1254 4546 1457 4618 τούτῳ,
1519 4570 1545 4596 ι)
1605 4544 1876 4614 τουτέστι,
1941 4555 2043 4616 τῆς

383 4638 782 4713 ἰλεημοσύνης.
813 4633 1036 4731 Ἐπειδὴ
1068 4635 1170 4712 γὰρ
1203 4634 1368 4731 εἶπεν,
1403 4659 1428 4686 (ι
1462 4637 1576 4690 Ἵνα
1634 4635 1710 4710 μή
1742 4637 1954 4707 κενωθῇ
1978 4637 2042 4692 τὸ
2079 4667 2119 4731 D

380 4732 652 4808 καύχημα
680 4730 868 4803 ἡμῶν,
905 4753 925 4779 ι
960 4724 1091 4800 ἃχρι
1121 4733 1223 4797 τῆς
1273 4724 1654 4800 ἐλεημοσύνης
1714 4725 1842 4781 αὐτὸ
1881 4747 2040 4802 περι-

388 4819 648 4881 έκλεισεν.
682 4840 714 4874 ιι
743 4820 854 4875 ’Ίνα
882 4817 1063 4878 καθὼς
1119 4809 1333 4893 ἔλεγον.
1371 4843 1391 4869 ι
1435 4815 1706 4873 Μακεδόσι
1738 4815 1837 4891 γὰρ
1875 4820 2038 4872 τοῦτο

387 4907 593 4986 ἔλεγεν,
636 4910 719 4964 ὅτι
748 4907 953 4982 Ἀχαῖα
984 4906 1411 4977 παρεσκεύασται
1469 4905 1576 4961 ἀπὸ
1614 4904 1824 4980 πέρυσι.
1865 4932 1884 4955 ι
1947 4908 2035 4976 Μή

386 5023 504 5064 πως
607 4997 694 5055 ἐὰν
787 4992 990 5060 ἔλθωσι
1049 4995 1140 5051 σὺν
1202 4995 1347 5069 ἐμοί.
1401 5020 1428 5047 ››
1489 4995 1628 5051 Ἀπὸ
1686 4995 2039 5070 ἀνθρωπίνων

382 5091 670 5167 λογισμῶν
726 5087 817 5141 καὶ
870 5084 1048 5161 λόγων
1102 5084 1298 5148 αὐτοὺς
1356 5083 1672 5159 προτρέπει,
1732 5083 2038 5148 ἀσθενέστε-

385 5201 480 5257 ρον
539 5177 934 5250 διακειμένους.
995 5197 1023 5227 ιι
1091 5175 1184 5244 Μή
1254 5195 1390 5242 πως,
1451 5173 1639 5246 φησῖν,
1693 5172 1836 5237 εἰκός
1895 5172 2035 5230 ἐστιν

382 5267 579 5329 αὐτοὺς
613 5266 726 5340 μετ’
759 5266 895 5340 ἐμοῦ
929 5262 1125 5319 ἐλθεῖν.
1162 5285 1190 5313 ››
1224 5295 1290 5305 -
1327 5288 1346 5312 ι
1384 5263 1487 5320 Καὶ
1528 5261 1753 5337 εὕρωσιν
1815 5264 1976 5336 ὑμᾶς,
2009 5289 2036 5315 )›

383 5358 619 5431 Κολάζει
670 5357 761 5412 τὸν
837 5353 1026 5430 λόγον.
1103 5355 1296 5426 Ἡμεῖς
1396 5357 1902 5429 καταισχυνθῶμεν,
1962 5355 2038 5417 ὡς

379 5449 498 5519 εἰκῆ
528 5447 904 5522 καυχώμενοι.
937 5446 960 5464 "
983 5446 1096 5514 Ινα,
1130 5445 1320 5522 φησὶν,
1362 5443 1737 5517 εὐφημότερον
1767 5441 2036 5519 λέγοντες,

382 5542 460 5614 μὴ
484 5536 723 5609 ε’ἶπωμεν
785 5535 925 5606 ὑμᾶς
987 5533 1463 5608 καταισχύνεσθαι.
1537 5530 1597 5589 Εἰ
1660 5534 1736 5606 μή
1798 5532 1880 5588 ὅτι
1930 5538 2040 5589 τῶν

373 5625 471 5684 δύο
511 5627 578 5694 ἦν
615 5621 873 5698 αἰσχύνη,
903 5625 1012 5676 τῶν
1040 5621 1138 5696 μὶν
1172 5621 1251 5683 ὡς
1286 5621 1671 5696 ὁστερούντων,
1724 5626 1820 5677 τοῦ
1853 5620 1908 5676 δὶ
1964 5621 2038 5684 ὡς

376 5713 576 5793 ψεῦδος
604 5709 988 5788 καυχωμένου.
1050 5712 1134 5766 Ἐν
1185 5713 1256 5781 τῇ
1315 5710 1631 5779 ὑποστάσει,
1701 5711 1857 5791 φησὶ,
1914 5711 2036 5765 ταύ.

375 5826 481 5879 Ιτης
504 5810 604 5877 τῆς
630 5803 978 5879 καυχήσεως,
1011 5801 1086 5863 ὡς
1119 5799 1163 5856 εἰ
1205 5800 1370 5854 εἶπεν·
1429 5799 1542 5854 Οὐκ
1600 5796 1858 5876 ἀλλαχοῦ
1914 5820 2037 5856 κατ-

1370 477 1776 540 COMMENT.
1821 481 1898 540 ΙΝ
1950 479 2189 542 EPIST.
2239 481 2291 541 II
2336 483 2438 541 AD
2483 481 2849 545 CORINTH.

467 638 494 666 ιι
527 611 659 688 Περὶ
695 612 802 685 μὴν
835 613 937 690 γὰρ
967 619 1070 683 τῆς
1102 609 1445 672 διακονίας.»
1479 607 1786 679 Διακονίας,
1818 607 1944 677 ἐλιη
1957 631 2053 682 μο-
2083 615 2128 679 Α

3663 487 3821 548 1022

2241 636 2268 663 ‹‹
2299 613 2380 668 De
2411 613 2982 679 subministratione,
3011 637 3039 666 ››
3066 621 3210 687 puta
3238 615 3656 687 eleemosynw.
3677 620 3821 674 Cum

2162 703 2344 777 igitur
2377 703 2565 760 multa
2594 703 2666 758 de
2689 703 2801 758 hac
2831 704 3211 776 eleemosyna
3239 705 3474 772 dixerit,
3508 722 3576 762 ac
3632 707 3820 762 multa

2160 798 2452 865 prazterea
2482 792 2679 847 dicere
2709 791 2866 857 velit,
2920 809 3079 848 nunc
3136 794 3218 848 ait
3251 811 3264 847 :
3302 817 3322 842 ι
3375 795 3814 866 Supervacuum

2162 887 2254 937 est
2285 881 2432 938 mihi
2466 881 2727 936 scribere
2758 881 2955 946 vobis;
2985 903 3013 930 »
3047 882 3159 936 hoc
3191 882 3394 937 dicens
3425 890 3490 939 ut
3513 884 3676 955 ipsos
3696 901 3820 939 rna-

2159 971 2248 1043 gis
2276 970 2536 1027 attrahat
2570 988 2582 1036 ;
2616 971 2800 1041 pudet
2831 971 2990 1025 enim
3023 971 3328 1026 hominem
3359 972 3431 1026 de
3464 990 3579 1043 quo
3611 975 3815 1046 hujus-

2161 1060 2321 1116 modi
2355 1060 2607 1116 habetur
2637 1059 2840 1132 opinio
2857 1060 3014 1130 quod
3044 1077 3120 1115 ne
3140 1061 3394 1116 consilio
3413 1061 3653 1133 quidem
3670 1081 3818 1134 opus

2157 1149 2392 1217 habeat,
2427 1149 2474 1204 si
2535 1148 2783 1204 inferior
2837 1156 3119 1221 appareat
3168 1151 3259 1204 sui
3315 1150 3618 1221 opinione.
3678 1153 3817 1206 Novi

2158 1239 2318 1296 enim
2347 1238 2884 1311 promptitudinem
2948 1239 3135 1293 animi
3191 1241 3389 1293 vestri.
3452 1241 3819 1296 Conﬁdentis

2157 1329 2398 1400 quidem
2431 1334 2522 1383 est
2550 1344 2901 1399 persuasum
2917 1345 3046 1383 esse
3064 1344 3076 1381 :
3095 1343 3268 1399 porro
3303 1331 3483 1384 etiam
3510 1346 3648 1402 erga
3669 1330 3818 1386 alios

2154 1419 2394 1493 gloriari
2427 1418 2613 1473 multo
2646 1418 2929 1489 amplius.
2971 1440 2998 1467 (ι
3060 1417 3226 1483 Quod
3285 1418 3527 1475 Achaia.
3585 1442 3606 1471 ι
3660 1421 3813 1486 Haec,

2153 1508 2368 1579 inquit,
2401 1507 2671 1581 gloriatio
2700 1522 2836 1562 mea
2878 1513 2968 1561 est
3023 1507 3183 1577 apud
3240 1508 3613 1574 Macedones,
3656 1509 3816 1580 quod

2153 1614 2275 1652 non
2335 1597 2463 1652 sola
2517 1596 2855 1663 Corinthus,
2916 1613 3118 1651 verum
3179 1596 3350 1651 etiam
3421 1603 3542 1652 tota
3597 1598 3817 1653 Achaia

2153 1686 2228 1742 ad
2255 1687 2698 1758 eleemosynam
2727 1690 2934 1757 parata
2965 1686 3059 1740 sit.
3087 1688 3188 1740 Est
3220 1691 3419 1740 autem
3442 1688 3662 1743 Achaia
3678 1705 3814 1759 pro-

2151 1776 2347 1833 vincia
2380 1777 2654 1847 quaedam
2705 1777 2766 1830 in
2826 1793 2944 1847 qua
2999 1778 3112 1831 sita
3167 1783 3256 1831 est
3285 1777 3624 1833 Corinthus.
3684 1783 3813 1832 Non

2151 1865 2301 1921 dixit
2329 1871 2530 1922 autem
2562 1865 2822 1930 Confert,
2854 1871 2955 1920 aut
2978 1865 3213 1939 Colligit
3235 1867 3338 1921 sed
3369 1891 3395 1916 ‹‹
3433 1868 3804 1934 Parataest,»

2151 1955 2263 2011 hoc
2295 1961 2406 2023 est,
2440 1960 2718 2027 prompta
2748 1959 2858 2018 est,
2895 1961 2954 2009 et
2976 1955 3104 2026 jam
3140 1973 3314 2011 omne
3363 1956 3664 2028 negotium
3713 1973 3810 2010 ex-

2154 2047 2356 2119 plevit,
2391 2063 2458 2101 ac
2490 2045 2684 2101 solum
2745 2061 2846 2100 eos
2907 2051 3209 2116 exspectat
3261 2046 3357 2116 qui
3418 2047 3811 2102 ministraturi

2155 2140 2313 2191 sunt.
2344 2157 2371 2185 ‹‹
2405 2137 2474 2189 Et
2505 2133 2679 2189 vestri
2740 2133 3062 2188 aemulatio.
3123 2157 3150 2182 »
3202 2134 3507 2206 Contingit
3563 2135 3722 2190 enim
3756 2140 3815 2189 et

2153 2231 2395 2297 propter
2424 2223 2726 2279 Christum
2759 2223 2912 2277 sumi
2940 2222 3403 2278 azmulationem.
3436 2224 3491 2277 Si
3517 2223 3695 2296 igitur
3711 2242 3812 2279 vos

2155 2314 2288 2369 aliis
2317 2330 2551 2385 quoque
2583 2313 2915 2368 oblationes
2949 2313 3337 2378 conciliastis,
3377 2329 3578 2367 annon
3611 2312 3815 2367 absur-

2154 2401 2294 2459 dum
2344 2402 2498 2458 foret
2554 2403 2601 2458 si
2658 2418 2758 2457 vos
2808 2402 2921 2474 ipsi
2973 2402 3262 2456 deessetis
3310 2407 3502 2456 vestro
3560 2401 3756 2456 ofﬁcio
3790 2403 3816 2456 ?

2155 2493 2550 2550 «Provocavit
2605 2492 2914 2564 plurimos.
2962 2514 2989 2541 ››
3041 2494 3217 2564 Atqui
3273 2493 3345 2548 de
3394 2491 3812 2547 Macedonibus

2156 2583 2306 2638 dixit
2334 2583 2493 2654 quod
2523 2581 2783 2637 ultronei
2813 2587 2872 2636 et
2901 2597 3006 2636 suo
3036 2582 3232 2636 studio
3256 2581 3325 2636 ad
3354 2582 3466 2637 hoc
3489 2587 3806 2636 venerant:

2157 2672 2453 2745 quomodo
2483 2689 2618 2744 ergo
2653 2687 2809 2725 nunc
2840 2671 2960 2724 ait:
2987 2693 3014 2720 «
3053 2672 3256 2726 Vestra
3285 2671 3585 2725 aemulatio
3602 2688 3814 2741 provo-

2159 2763 2312 2819 cavit
2341 2763 2503 2833 ipsos
2524 2762 2551 2815 ‘?
2581 2785 2608 2812 ››
2644 2761 2987 2816 Provocavit
3019 2776 3160 2815 sane
3211 2761 3569 2832 complures,
3603 2766 3662 2815 at
3692 2777 3813 2815 non

2159 2853 2691 2908 omnes.Praalerea
2720 2857 3111 2922 spontaneum
3139 2850 3401 2904 studium
3424 2850 3506 2904 ita
3528 2849 3813 2921 intellige,

2158 2942 2330 3013 quasi
2357 2940 2549 2996 dicat:
2585 2942 2712 2995 Non
2743 2939 3042 2994 suasimus
3073 2956 3267 3010 neque
3297 2939 3594 2994 adhortati
3609 2955 3815 2994 sumus

2156 3032 2341 3103 ipsos,
2375 3030 2480 3085 sed
2511 3047 2611 3084 vos
2645 3028 3112 3084 collaudavimus
3142 3028 3301 3099 quod
3327 3026 3399 3082 ab
3430 3044 3587 3082 anno
3639 3044 3816 3098 supe-

2155 3120 2313 3176 riore
2345 3119 2536 3191 parati
2571 3119 2721 3184 sitis,
2757 3117 2934 3188 idque
2968 3117 3110 3172 satis
3159 3117 3271 3171 fuit
3327 3117 3401 3171 ad
3432 3116 3810 3172 excitandum

2155 3209 2336 3281 ipsos.

2229 3300 2320 3366 ΙΧ,
2355 3299 2472 3352 3-5.
2495 3319 2516 3348 ι
2551 3298 2679 3352 Misi
2703 3302 2905 3351 tamen
2936 3296 3044 3350 hos
3063 3296 3378 3360 fratres,ne
3408 3295 3811 3369 glorianostra

2085 3352 2128 3420 θ
2159 3410 2188 3442 ‹‹
2218 3352 2335 3460 qua
2366 3387 2588 3460 glorior
2616 3385 2688 3441 de
2714 3385 2896 3452 vobis,
2933 3385 3128 3439 inanis
3160 3383 3263 3441 fiat
3285 3352 3351 3441 in
3383 3352 3492 3441 hac
3523 3391 3688 3456 parte
3748 3391 3814 3439 ut

2155 3500 2182 3528 «
2207 3476 2714 3550 quemadmodum
2751 3475 2869 3530 dixi
2901 3476 3093 3547 parati
3139 3476 3268 3530 sitis
3298 3493 3311 3530 :
3343 3493 3417 3531 ne
3475 3493 3591 3547 quo
3640 3482 3812 3548 pacto

2151 3592 2179 3620 κ
2211 3568 2333 3630 fiat,
2367 3573 2434 3622 ut
2458 3567 2506 3621 si
2535 3566 2811 3622 venerint
2837 3582 3071 3620 mecum
3097 3566 3444 3622 Macedones
3470 3573 3529 3620 et
3556 3566 3812 3622 offende-

2153 3680 2181 3708 ‹‹
2214 3658 2337 3712 rint
2366 3673 2468 3711 vos
2498 3656 2848 3727 imparatos,
2878 3655 3026 3709 667
3057 3671 3165 3710 nos
3224 3655 3449 3726 pudore
3507 3657 3810 3712 suffunda-

2153 3768 2181 3796 ‹‹
2215 3763 2370 3812 mur,
2401 3751 2468 3799 ut
2500 3761 2569 3800 ne
2603 3744 2872 3800 dicamus
2903 3761 3027 3809 vos,
3053 3743 3112 3798 in
3141 3742 3255 3798 hoc
3294 3749 3643 3815 argumento
3688 3744 3806 3815 glo-

2157 3834 2500 3889 criationis.
2535 3833 2789 3888 Proinde
2841 3833 3246 3888 necessarium
3296 3832 3616 3887 arbitratus
3676 3850 3805 3887 sum

2154 3947 2182 3976 «
2209 3922 2515 3979 adhortari
2536 3922 2768 3986 fratres,
2804 3927 2869 3976 ut
2893 3921 3058 3993 prius
3091 3921 3445 3976 accederent
3475 3920 3549 3976 ad
3593 3937 3714 3987 vos,
3750 3927 3809 3975 et

2155 4034 2180 4067 ι
2209 4016 2613 4086 praepararent
2633 4011 2759 4082 jam
2774 4016 2911 4064 ante
2941 4010 3296 4081 promissam
3327 4010 3808 4066 benedictionem

2158 4128 2178 4155 ι
2204 4108 2481 4164 vestram,
2515 4106 2580 4156 ut
2612 4117 2682 4156 ea
2715 4101 2791 4155 sit
2820 4100 2882 4154 in
2914 4103 3211 4171 promptu,
3273 4101 3357 4155 sic
3392 4106 3674 4172 tanquam
3704 4100 3809 4156 be-

2161 4214 2180 4242 ι
2210 4190 2470 4250 nedictio
2504 4194 2561 4244 et
2591 4205 2712 4244 non
2743 4194 3028 4260 tanquam
3059 4188 3375 4243 avaritia.»

2225 4278 2550 4337 Considera
2581 4277 2747 4333 Pauli
2778 4277 3232 4349 providentiam.
3269 4277 3417 4344 Misi,
3472 4278 3686 4349 inquit,
3738 4278 3806 4333 il.

2151 4373 2266 4440 los,
2301 4389 2374 4426 ne
2408 4386 2560 4426 vana
2592 4371 2696 4426 fiat
2724 4369 2996 4443 gloriatio
3030 4374 3253 4439 nostra,
3280 4374 3337 4425 et
3377 4369 3693 4426 mendaces
3715 4369 3808 4424 in-

2151 4462 2462 4518 veniamur
2493 4461 2593 4531 qui
2626 4475 2726 4515 vos
2757 4465 3120 4531 praaparatos
3143 4475 3270 4514 esse
3303 4459 3650 4517 dixerimus.
3700 4479 3720 4506 α
3740 4461 3807 4514 In

2153 4551 2263 4606 hac
2297 4554 2483 4623 parte.
2520 4571 2540 4597 ιο
2576 4549 2797 4620 Nempe
2848 4548 3261 4620 eleemosynaa.
3321 4549 3613 4613 Quoniam
3647 4550 3806 4604 enim

2153 4639 2405 4694 dixerat:
2432 4640 2512 4693 Ne
2531 4637 2726 4692 inanis
2751 4637 2854 4692 ﬁat
2885 4637 3158 4709 gloriatio
3178 4642 3382 4694 nostra
3399 4639 3531 4706 hoc,
3565 4638 3626 4692 in
3658 4638 3809 4692 elee-

2152 4743 2400 4800 mosyna
2429 4725 2722 4781 duntaxat
2760 4724 3074 4780 conclusit.
3113 4749 3133 4774 σι
3172 4726 3244 4781 Ut
3301 4725 3806 4796 quemadmodum

2151 4818 2291 4876 dixi.
2317 4840 2344 4868 »
2372 4820 2516 4872 Nam
2547 4817 2658 4871 hoc
2690 4814 3107 4871 Macedonibus
3156 4815 3404 4871 dixerat.
3449 4816 3668 4872 Achaia
3698 4833 3802 4889 pa-

2150 4913 2279 4964 rata
2309 4913 2398 4962 est
2419 4906 2490 4961 ab
2522 4921 2680 4961 anno
2711 4905 3024 4977 superiori.
3059 4926 3087 4954 «
3121 4906 3199 4960 Ne
3232 4922 3348 4977 quo
3380 4911 3550 4978 pacto
3610 4906 3714 4961 fiat
3743 4912 3808 4962 ut

2151 4999 2198 5055 si
2229 4997 2501 5054 venerint
2531 5011 2785 5051 mecum.
2806 4994 2937 5050 »Ab
2959 4994 3238 5051 humanis
3270 4996 3722 5070 cogitationibus
3737 5013 3803 5053 ac

2146 5087 2484 5144 rationibus
2499 5086 2657 5157 ipsos
2673 5085 3037 5149 exhortatur,
3056 5085 3213 5156 quod
3228 5085 3590 5142 infirmiores
3611 5086 3804 5143 adhuc

2151 5178 2323 5235 sint.-
2351 5181 2431 5233 Ne
2463 5193 2600 5247 quo,
2634 5175 2851 5247 inquit,
2884 5180 3055 5246 pacto
3116 5176 3236 5231 fiat.
3276 5201 3297 5227 ιι
3337 5179 3438 5231 Est
3467 5177 3625 5232 enim
3654 5178 3803 5233 veri-

2151 5270 2346 5326 simile
2381 5269 2540 5341 ipsos
2571 5282 2807 5322 mecum
2840 5272 3141 5322 venturos.
3184 5287 3204 5315 ι
3275 5270 3389 5323 Nos
3429 5267 3652 5341 pudore
3685 5269 3808 5324 suf-

2161 5359 2502 5416 fundamur.
2538 5380 2565 5408 ››
2600 5356 2706 5422 Qui
2742 5360 2962 5411 temere
3010 5356 3244 5428 gloriati
3301 5359 3506 5415 simus.
3542 5381 3570 5409 ‹‹
3633 5360 3703 5416 Ut
3731 5375 3804 5414 ne

2151 5448 2416 5506 dicamus
2429 5463 2551 5502 vos.
2571 5468 2596 5495 ››
2623 5445 2846 5500 Deinde
2860 5445 3102 5518 corrigit
3122 5447 3802 5516 sermonem,utmelius,

2148 5539 2363 5609 inquit,
2393 5537 2729 5592 ominantes
2761 5550 2881 5589 non
2901 5534 3169 5592 dicamus
3220 5554 3320 5593 vos
3341 5537 3650 5610 pudeﬁeri.
3680 5536 3802 5591 Nisi

2149 5628 2460 5683 amborum
2492 5625 2687 5698 potius
2719 5628 2876 5680 esset
2905 5625 3129 5696 pudor:
3166 5627 3377 5681 horum
3425 5625 3686 5698 quidem,
3739 5632 3805 5681 ut

2150 5716 2251 5790 qui
2285 5733 2390 5771 suo
2422 5715 2702 5771 deessent
2730 5713 2925 5769 ofﬁcio
2954 5731 2966 5782 ;
3000 5715 3188 5787 ipsius
3216 5731 3374 5781 vero,
3407 5720 3472 5770 ut
3501 5712 3602 5785 qui
3651 5712 3800 5770 falso

2148 5805 2432 5879 gloriatus
2460 5809 2635 5861 esset.
2667 5804 2732 5862 In
2762 5804 2876 5863 hoc
2895 5810 3244 5877 argumento
3257 5805 3375 5860 sive
3404 5801 3653 5866 materia
3668 5803 3800 5875 hac,
