  <div class='ocr_page' id='page_1' title='image "/cluster/home/n/w/nwhite01/storage/ocr_20150623/118:no.1/coo.31924054870229/527.png"; bbox 0 0 4080 6382; ppageno 0'>
   <div class='ocr_carea' id='block_1_1' title="bbox 281 460 434 520">
    <p class='ocr_par' dir='ltr' id='par_1_1' title="bbox 281 460 434 520">
     <span class='ocr_line' id='line_1_1' title="bbox 281 460 434 520; baseline 0 0"><span class='ocrx_word' id='word_1_1' title='bbox 281 460 434 520; x_wconf 78' lang='grc'>1023</span> 
     </span>
    </p>
   </div>
   <div class='ocr_carea' id='block_1_2' title="bbox 1399 455 2564 520">
    <p class='ocr_par' dir='ltr' id='par_1_2' title="bbox 1399 455 2564 520">
     <span class='ocr_line' id='line_1_2' title="bbox 1399 455 2564 520; baseline -0.001 -1"><span class='ocrx_word' id='word_1_2' title='bbox 1399 455 1816 520; x_wconf 77' lang='lat' dir='ltr'>(ECUMENII</span> <span class='ocrx_word' id='word_1_3' title='bbox 1859 455 2164 517; x_wconf 71' lang='grc' dir='ltr'>ΤΗΙΟΟιΕ</span> <span class='ocrx_word' id='word_1_4' title='bbox 2214 457 2564 520; x_wconf 83' lang='lat' dir='ltr'>EPISCOPI</span> 
     </span>
    </p>
   </div>
   <div class='ocr_carea' id='block_1_3' title="bbox 3540 458 3699 520">
    <p class='ocr_par' dir='ltr' id='par_1_3' title="bbox 3540 458 3699 520">
     <span class='ocr_line' id='line_1_3' title="bbox 3540 458 3699 520; baseline -0.013 0"><span class='ocrx_word' id='word_1_5' title='bbox 3540 458 3699 520; x_wconf 76' lang='grc'>1024</span> 
     </span>
    </p>
   </div>
   <div class='ocr_carea' id='block_1_4' title="bbox 274 593 1933 671">
    <p class='ocr_par' dir='ltr' id='par_1_4' title="bbox 274 593 1926 668">
     <span class='ocr_line' id='line_1_4' title="bbox 274 593 1926 668; baseline -0.002 -16"><span class='ocrx_word' id='word_1_6' title='bbox 274 596 488 668; x_wconf 85' lang='lat' dir='ltr'>inquit,</span> <span class='ocrx_word' id='word_1_7' title='bbox 521 594 912 664; x_wconf 77' lang='lat' dir='ltr'>gloriationis.</span> <span class='ocrx_word' id='word_1_8' title='bbox 947 599 1027 649; x_wconf 84' lang='lat' dir='ltr'>Ac</span> <span class='ocrx_word' id='word_1_9' title='bbox 1086 595 1134 648; x_wconf 89' lang='lat' dir='ltr'>si</span> <span class='ocrx_word' id='word_1_10' title='bbox 1171 594 1398 650; x_wconf 81' lang='lat' dir='ltr'>diceret</span> <span class='ocrx_word' id='word_1_11' title='bbox 1432 611 1444 647; x_wconf 93' lang='lat'><strong>:</strong></span> <span class='ocrx_word' id='word_1_12' title='bbox 1478 593 1624 648; x_wconf 86' lang='lat' dir='ltr'>Aliis</span> <span class='ocrx_word' id='word_1_13' title='bbox 1655 593 1717 648; x_wconf 91' lang='lat' dir='ltr'>in</span> <span class='ocrx_word' id='word_1_14' title='bbox 1749 593 1926 649; x_wconf 81' lang='lat' dir='ltr'>rebus</span> 
     </span>
    </p>
   </div>
   <div class='ocr_carea' id='block_1_5' title="bbox 2043 593 3699 671">
    <p class='ocr_par' dir='ltr' id='par_1_5' title="bbox 2043 593 3699 671">
     <span class='ocr_line' id='line_1_5' title="bbox 2043 593 3699 671; baseline 0.002 -25"><span class='ocrx_word' id='word_1_15' title='bbox 2043 597 2443 668; x_wconf 83' lang='grc' dir='ltr'>αισχυνθῶμεν,</span> <span class='ocrx_word' id='word_1_16' title='bbox 2477 593 2606 650; x_wconf 81' lang='grc' dir='ltr'>ἀλλ’</span> <span class='ocrx_word' id='word_1_17' title='bbox 2660 604 2711 650; x_wconf 77' lang='grc' dir='ltr'>εν</span> <span class='ocrx_word' id='word_1_18' title='bbox 2777 596 2914 671; x_wconf 75' lang='grc' dir='ltr'>μόνῃ</span> <span class='ocrx_word' id='word_1_19' title='bbox 2977 597 3198 671; x_wconf 84' lang='grc' dir='ltr'>τῇπερί</span> <span class='ocrx_word' id='word_1_20' title='bbox 3254 603 3354 665; x_wconf 83' lang='grc' dir='ltr'>τῆς</span> <span class='ocrx_word' id='word_1_21' title='bbox 3385 595 3699 669; x_wconf 66' lang='grc' dir='ltr'>ἐλεημοσύ-</span> 
     </span>
    </p>
   </div>
   <div class='ocr_carea' id='block_1_6' title="bbox 277 682 1930 758">
    <p class='ocr_par' dir='ltr' id='par_1_6' title="bbox 277 682 1930 758">
     <span class='ocr_line' id='line_1_6' title="bbox 277 682 1930 758; baseline -0.001 -19"><span class='ocrx_word' id='word_1_22' title='bbox 277 686 501 758; x_wconf 88' lang='lat' dir='ltr'>pudore</span> <span class='ocrx_word' id='word_1_23' title='bbox 535 700 915 755; x_wconf 87' lang='lat' dir='ltr'>nequaquam</span> <span class='ocrx_word' id='word_1_24' title='bbox 939 683 1553 750; x_wconf 84' lang='lat' dir='ltr'>sul‘funderemur,sed</span> <span class='ocrx_word' id='word_1_25' title='bbox 1580 683 1640 737; x_wconf 91' lang='lat' dir='ltr'>in</span> <span class='ocrx_word' id='word_1_26' title='bbox 1668 682 1795 737; x_wconf 87' lang='lat' dir='ltr'>sola</span> <span class='ocrx_word' id='word_1_27' title='bbox 1823 683 1930 738; x_wconf 89' lang='lat' dir='ltr'>hac</span> 
     </span>
    </p>
   </div>
   <div class='ocr_carea' id='block_1_7' title="bbox 280 774 1926 849">
    <p class='ocr_par' dir='ltr' id='par_1_7' title="bbox 280 774 1926 849">
     <span class='ocr_line' id='line_1_7' title="bbox 280 774 1926 849; baseline -0.001 -19"><span class='ocrx_word' id='word_1_28' title='bbox 280 777 632 849; x_wconf 76' lang='lat' dir='ltr'>gloriatione</span> <span class='ocrx_word' id='word_1_29' title='bbox 646 775 718 829; x_wconf 91' lang='lat' dir='ltr'>de</span> <span class='ocrx_word' id='word_1_30' title='bbox 733 775 1132 846; x_wconf 85' lang='lat' dir='ltr'>eleemosyna.</span> <span class='ocrx_word' id='word_1_31' title='bbox 1150 799 1174 822; x_wconf 82' lang='grc' dir='ltr'>«ι</span> <span class='ocrx_word' id='word_1_32' title='bbox 1195 775 1446 830; x_wconf 88' lang='lat' dir='ltr'>Proinde</span> <span class='ocrx_word' id='word_1_33' title='bbox 1468 774 1892 829; x_wconf 88' lang='lat' dir='ltr'>necessarium.</span> <span class='ocrx_word' id='word_1_34' title='bbox 1907 795 1926 820; x_wconf 81' lang='grc' dir='ltr'>ι</span> 
     </span>
    </p>
   </div>
   <div class='ocr_carea' id='block_1_8' title="bbox 281 862 1934 935">
    <p class='ocr_par' dir='ltr' id='par_1_8' title="bbox 281 862 1934 935">
     <span class='ocr_line' id='line_1_8' title="bbox 281 862 1934 935; baseline -0.002 -15"><span class='ocrx_word' id='word_1_35' title='bbox 281 866 512 920; x_wconf 78' lang='lat' dir='ltr'>Etenim</span> <span class='ocrx_word' id='word_1_36' title='bbox 543 883 678 920; x_wconf 87' lang='lat' dir='ltr'>vere</span> <span class='ocrx_word' id='word_1_37' title='bbox 709 865 1115 920; x_wconf 87' lang='lat' dir='ltr'>necessarium</span> <span class='ocrx_word' id='word_1_38' title='bbox 1140 871 1284 929; x_wconf 90' lang='lat' dir='ltr'>erat,</span> <span class='ocrx_word' id='word_1_39' title='bbox 1320 872 1378 918; x_wconf 92' lang='lat' dir='ltr'>et</span> <span class='ocrx_word' id='word_1_40' title='bbox 1403 866 1561 935; x_wconf 90' lang='lat' dir='ltr'>ipsos</span> <span class='ocrx_word' id='word_1_41' title='bbox 1611 863 1833 935; x_wconf 89' lang='lat' dir='ltr'>pudore</span> <span class='ocrx_word' id='word_1_42' title='bbox 1866 862 1934 917; x_wconf 88' lang='lat' dir='ltr'>li-</span> 
     </span>
    </p>
   </div>
   <div class='ocr_carea' id='block_1_9' title="bbox 281 953 1929 1025">
    <p class='ocr_par' dir='ltr' id='par_1_9' title="bbox 281 953 1929 1025">
     <span class='ocr_line' id='line_1_9' title="bbox 281 953 1929 1025; baseline -0.001 -17"><span class='ocrx_word' id='word_1_43' title='bbox 281 955 512 1019; x_wconf 90' lang='lat' dir='ltr'>berare,</span> <span class='ocrx_word' id='word_1_44' title='bbox 547 959 604 1009; x_wconf 91' lang='lat' dir='ltr'>et</span> <span class='ocrx_word' id='word_1_45' title='bbox 633 955 897 1025; x_wconf 89' lang='lat' dir='ltr'>seipsum</span> <span class='ocrx_word' id='word_1_46' title='bbox 931 971 1005 1008; x_wconf 91' lang='lat' dir='ltr'>ne</span> <span class='ocrx_word' id='word_1_47' title='bbox 1034 955 1318 1008; x_wconf 88' lang='lat' dir='ltr'>mentitus</span> <span class='ocrx_word' id='word_1_48' title='bbox 1374 954 1556 1008; x_wconf 87' lang='lat' dir='ltr'>fuisse</span> <span class='ocrx_word' id='word_1_49' title='bbox 1616 953 1929 1007; x_wconf 75' lang='lat' dir='ltr'>videretur.</span> 
     </span>
    </p>
   </div>
   <div class='ocr_carea' id='block_1_10' title="bbox 286 1043 1934 1115">
    <p class='ocr_par' dir='ltr' id='par_1_10' title="bbox 286 1043 1934 1115">
     <span class='ocr_line' id='line_1_10' title="bbox 286 1043 1934 1115; baseline 0 -17"><span class='ocrx_word' id='word_1_50' title='bbox 286 1065 307 1092; x_wconf 78' lang='grc' dir='ltr'>ι</span> <span class='ocrx_word' id='word_1_51' title='bbox 346 1045 417 1099; x_wconf 92' lang='lat' dir='ltr'>Ut</span> <span class='ocrx_word' id='word_1_52' title='bbox 447 1045 612 1115; x_wconf 91' lang='lat' dir='ltr'>prius</span> <span class='ocrx_word' id='word_1_53' title='bbox 637 1044 990 1099; x_wconf 83' lang='lat' dir='ltr'>accederent</span> <span class='ocrx_word' id='word_1_54' title='bbox 1018 1044 1091 1098; x_wconf 89' lang='lat' dir='ltr'>ad</span> <span class='ocrx_word' id='word_1_55' title='bbox 1121 1061 1240 1098; x_wconf 84' lang='lat' dir='ltr'>vos.</span> <span class='ocrx_word' id='word_1_56' title='bbox 1269 1067 1296 1092; x_wconf 84' lang='grc'><strong>››</strong></span> <span class='ocrx_word' id='word_1_57' title='bbox 1329 1044 1618 1108; x_wconf 81' lang='lat' dir='ltr'>Quoniam</span> <span class='ocrx_word' id='word_1_58' title='bbox 1660 1043 1721 1097; x_wconf 90' lang='lat' dir='ltr'>in</span> <span class='ocrx_word' id='word_1_59' title='bbox 1757 1060 1934 1114; x_wconf 89' lang='lat' dir='ltr'>supe-</span> 
     </span>
    </p>
   </div>
   <div class='ocr_carea' id='block_1_11' title="bbox 282 1132 1934 1203">
    <p class='ocr_par' dir='ltr' id='par_1_11' title="bbox 282 1132 1934 1203">
     <span class='ocr_line' id='line_1_11' title="bbox 282 1132 1934 1203; baseline -0.001 -15"><span class='ocrx_word' id='word_1_60' title='bbox 282 1133 541 1188; x_wconf 88' lang='lat' dir='ltr'>rioribus</span> <span class='ocrx_word' id='word_1_61' title='bbox 567 1133 835 1188; x_wconf 81' lang='lat' dir='ltr'>dixerat:</span> <span class='ocrx_word' id='word_1_62' title='bbox 871 1155 896 1180; x_wconf 90' lang='grc'>‹‹</span> <span class='ocrx_word' id='word_1_63' title='bbox 941 1133 1375 1203; x_wconf 84' lang='lat' dir='ltr'>Supervacuum</span> <span class='ocrx_word' id='word_1_64' title='bbox 1424 1133 1570 1188; x_wconf 91' lang='lat' dir='ltr'>mihi</span> <span class='ocrx_word' id='word_1_65' title='bbox 1604 1138 1693 1186; x_wconf 89' lang='lat' dir='ltr'>est</span> <span class='ocrx_word' id='word_1_66' title='bbox 1719 1132 1791 1186; x_wconf 91' lang='lat' dir='ltr'>de</span> <span class='ocrx_word' id='word_1_67' title='bbox 1823 1132 1934 1186; x_wconf 92' lang='lat' dir='ltr'>hoc</span> 
     </span>
    </p>
   </div>
   <div class='ocr_carea' id='block_1_12' title="bbox 284 1222 1934 1294">
    <p class='ocr_par' dir='ltr' id='par_1_12' title="bbox 284 1222 1934 1294">
     <span class='ocr_line' id='line_1_12' title="bbox 284 1222 1934 1294; baseline 0 -17"><span class='ocrx_word' id='word_1_68' title='bbox 284 1222 567 1289; x_wconf 82' lang='lat' dir='ltr'>scribere,</span> <span class='ocrx_word' id='word_1_69' title='bbox 603 1244 632 1272; x_wconf 85' lang='lat'><strong>»</strong></span> <span class='ocrx_word' id='word_1_70' title='bbox 663 1228 866 1294; x_wconf 86' lang='lat' dir='ltr'>utpote</span> <span class='ocrx_word' id='word_1_71' title='bbox 896 1223 1040 1292; x_wconf 89' lang='lat' dir='ltr'>ipsis</span> <span class='ocrx_word' id='word_1_72' title='bbox 1062 1224 1189 1293; x_wconf 83' lang='lat' dir='ltr'>jam</span> <span class='ocrx_word' id='word_1_73' title='bbox 1222 1223 1446 1294; x_wconf 87' lang='lat' dir='ltr'>paratis</span> <span class='ocrx_word' id='word_1_74' title='bbox 1471 1239 1483 1276; x_wconf 92' lang='lat'>:</span> <span class='ocrx_word' id='word_1_75' title='bbox 1509 1239 1583 1276; x_wconf 91' lang='lat' dir='ltr'>ne</span> <span class='ocrx_word' id='word_1_76' title='bbox 1634 1222 1934 1277; x_wconf 87' lang='lat' dir='ltr'>contraria</span> 
     </span>
    </p>
   </div>
   <div class='ocr_carea' id='block_1_13' title="bbox 282 1310 1933 1384">
    <p class='ocr_par' dir='ltr' id='par_1_13' title="bbox 282 1310 1933 1384">
     <span class='ocr_line' id='line_1_13' title="bbox 282 1310 1933 1384; baseline 0 -18"><span class='ocrx_word' id='word_1_77' title='bbox 282 1311 480 1366; x_wconf 90' lang='lat' dir='ltr'>dicere</span> <span class='ocrx_word' id='word_1_78' title='bbox 510 1311 797 1378; x_wconf 87' lang='lat' dir='ltr'>videatur,</span> <span class='ocrx_word' id='word_1_79' title='bbox 860 1328 978 1367; x_wconf 91' lang='lat' dir='ltr'>non</span> <span class='ocrx_word' id='word_1_80' title='bbox 1038 1311 1295 1384; x_wconf 80' lang='lat' dir='ltr'>amplius</span> <span class='ocrx_word' id='word_1_81' title='bbox 1346 1313 1588 1367; x_wconf 90' lang='lat' dir='ltr'>disserit</span> <span class='ocrx_word' id='word_1_82' title='bbox 1639 1328 1798 1367; x_wconf 90' lang='lat' dir='ltr'>nunc</span> <span class='ocrx_word' id='word_1_83' title='bbox 1862 1310 1933 1366; x_wconf 91' lang='lat' dir='ltr'>de</span> 
     </span>
    </p>
   </div>
   <div class='ocr_carea' id='block_1_14' title="bbox 278 1403 1934 1474">
    <p class='ocr_par' dir='ltr' id='par_1_14' title="bbox 278 1403 1934 1474">
     <span class='ocr_line' id='line_1_14' title="bbox 278 1403 1934 1474; baseline -0.001 -17"><span class='ocrx_word' id='word_1_84' title='bbox 278 1403 658 1465; x_wconf 80' lang='lat' dir='ltr'>conferendo,</span> <span class='ocrx_word' id='word_1_85' title='bbox 691 1404 792 1459; x_wconf 89' lang='lat' dir='ltr'>sed</span> <span class='ocrx_word' id='word_1_86' title='bbox 825 1403 897 1459; x_wconf 92' lang='lat' dir='ltr'>de</span> <span class='ocrx_word' id='word_1_87' title='bbox 926 1403 1208 1459; x_wconf 88' lang='lat' dir='ltr'>velociter</span> <span class='ocrx_word' id='word_1_88' title='bbox 1227 1408 1285 1458; x_wconf 91' lang='lat' dir='ltr'>et</span> <span class='ocrx_word' id='word_1_89' title='bbox 1305 1403 1539 1459; x_wconf 83' lang='lat' dir='ltr'>abunde</span> <span class='ocrx_word' id='word_1_90' title='bbox 1569 1419 1636 1458; x_wconf 91' lang='lat' dir='ltr'>ac</span> <span class='ocrx_word' id='word_1_91' title='bbox 1659 1408 1934 1474; x_wconf 91' lang='lat' dir='ltr'>prompto</span> 
     </span>
    </p>
   </div>
   <div class='ocr_carea' id='block_1_15' title="bbox 278 1492 1933 1564">
    <p class='ocr_par' dir='ltr' id='par_1_15' title="bbox 278 1492 1933 1564">
     <span class='ocr_line' id='line_1_15' title="bbox 278 1492 1933 1564; baseline -0.001 -16"><span class='ocrx_word' id='word_1_92' title='bbox 278 1493 476 1548; x_wconf 89' lang='lat' dir='ltr'>animo</span> <span class='ocrx_word' id='word_1_93' title='bbox 509 1492 872 1548; x_wconf 80' lang='lat' dir='ltr'>conferendo</span> <span class='ocrx_word' id='word_1_94' title='bbox 907 1510 920 1546; x_wconf 87' lang='lat'><strong>:</strong></span> <span class='ocrx_word' id='word_1_95' title='bbox 955 1510 1061 1564; x_wconf 92' lang='lat' dir='ltr'>per</span> <span class='ocrx_word' id='word_1_96' title='bbox 1092 1494 1216 1548; x_wconf 78' lang='lat' dir='ltr'>hmc</span> <span class='ocrx_word' id='word_1_97' title='bbox 1247 1493 1397 1548; x_wconf 89' lang='lat' dir='ltr'>illud</span> <span class='ocrx_word' id='word_1_98' title='bbox 1437 1509 1674 1564; x_wconf 86' lang='lat' dir='ltr'>quoque</span> <span class='ocrx_word' id='word_1_99' title='bbox 1715 1493 1933 1548; x_wconf 80' lang='lat' dir='ltr'>conﬁr-</span> 
     </span>
    </p>
   </div>
   <div class='ocr_carea' id='block_1_16' title="bbox 281 1581 1933 1654">
    <p class='ocr_par' dir='ltr' id='par_1_16' title="bbox 281 1581 1933 1654">
     <span class='ocr_line' id='line_1_16' title="bbox 281 1581 1933 1654; baseline 0 -18"><span class='ocrx_word' id='word_1_100' title='bbox 281 1597 471 1636; x_wconf 90' lang='lat' dir='ltr'>mans.</span> <span class='ocrx_word' id='word_1_101' title='bbox 509 1603 537 1631; x_wconf 84' lang='lat'><strong>«</strong></span> <span class='ocrx_word' id='word_1_102' title='bbox 570 1583 641 1637; x_wconf 89' lang='lat' dir='ltr'>Ut</span> <span class='ocrx_word' id='word_1_103' title='bbox 671 1598 740 1637; x_wconf 90' lang='lat' dir='ltr'>ea</span> <span class='ocrx_word' id='word_1_104' title='bbox 770 1582 847 1636; x_wconf 91' lang='lat' dir='ltr'>sit</span> <span class='ocrx_word' id='word_1_105' title='bbox 876 1583 936 1638; x_wconf 92' lang='lat' dir='ltr'>in</span> <span class='ocrx_word' id='word_1_106' title='bbox 984 1587 1282 1654; x_wconf 92' lang='lat' dir='ltr'>promptu.</span> <span class='ocrx_word' id='word_1_107' title='bbox 1344 1584 1444 1646; x_wconf 88' lang='lat' dir='ltr'>Ea,</span> <span class='ocrx_word' id='word_1_108' title='bbox 1501 1598 1716 1653; x_wconf 90' lang='lat' dir='ltr'>nempe</span> <span class='ocrx_word' id='word_1_109' title='bbox 1774 1581 1933 1636; x_wconf 83' lang='lat' dir='ltr'>elee-</span> 
     </span>
    </p>
   </div>
   <div class='ocr_carea' id='block_1_17' title="bbox 281 1671 1936 1743">
    <p class='ocr_par' dir='ltr' id='par_1_17' title="bbox 281 1671 1936 1743">
     <span class='ocr_line' id='line_1_17' title="bbox 281 1671 1936 1743; baseline 0.001 -18"><span class='ocrx_word' id='word_1_110' title='bbox 281 1687 549 1743; x_wconf 88' lang='lat' dir='ltr'>mosyna,</span> <span class='ocrx_word' id='word_1_111' title='bbox 578 1689 714 1726; x_wconf 89' lang='lat' dir='ltr'>cum</span> <span class='ocrx_word' id='word_1_112' title='bbox 753 1671 1123 1728; x_wconf 80' lang='lat' dir='ltr'>abundantia</span> <span class='ocrx_word' id='word_1_113' title='bbox 1179 1694 1205 1721; x_wconf 85' lang='lat'><strong>«</strong></span> <span class='ocrx_word' id='word_1_114' title='bbox 1241 1672 1333 1726; x_wconf 90' lang='lat' dir='ltr'>Sic</span> <span class='ocrx_word' id='word_1_115' title='bbox 1367 1676 1650 1742; x_wconf 83' lang='lat' dir='ltr'>tanquam</span> <span class='ocrx_word' id='word_1_116' title='bbox 1687 1671 1936 1726; x_wconf 91' lang='lat' dir='ltr'>benedi-</span> 
     </span>
    </p>
   </div>
   <div class='ocr_carea' id='block_1_18' title="bbox 283 1762 1930 1836">
    <p class='ocr_par' dir='ltr' id='par_1_18' title="bbox 283 1762 1930 1836">
     <span class='ocr_line' id='line_1_18' title="bbox 283 1762 1930 1836; baseline -0.002 -18"><span class='ocrx_word' id='word_1_117' title='bbox 283 1764 467 1818; x_wconf 85' lang='lat' dir='ltr'>ctio.»</span> <span class='ocrx_word' id='word_1_118' title='bbox 484 1764 593 1822; x_wconf 89' lang='lat' dir='ltr'>Sic.</span> <span class='ocrx_word' id='word_1_119' title='bbox 615 1765 727 1818; x_wconf 89' lang='lat' dir='ltr'>hoc</span> <span class='ocrx_word' id='word_1_120' title='bbox 753 1771 860 1830; x_wconf 89' lang='lat' dir='ltr'>est,</span> <span class='ocrx_word' id='word_1_121' title='bbox 897 1781 1030 1820; x_wconf 90' lang='lat' dir='ltr'>cum</span> <span class='ocrx_word' id='word_1_122' title='bbox 1062 1765 1276 1836; x_wconf 87' lang='lat' dir='ltr'>gaudio</span> <span class='ocrx_word' id='word_1_123' title='bbox 1310 1770 1366 1818; x_wconf 86' lang='lat' dir='ltr'>et</span> <span class='ocrx_word' id='word_1_124' title='bbox 1396 1769 1678 1834; x_wconf 89' lang='lat' dir='ltr'>promptu</span> <span class='ocrx_word' id='word_1_125' title='bbox 1709 1762 1930 1817; x_wconf 90' lang='lat' dir='ltr'>animo.</span> 
     </span>
    </p>
   </div>
   <div class='ocr_carea' id='block_1_19' title="bbox 280 1851 1938 1917">
    <p class='ocr_par' dir='ltr' id='par_1_19' title="bbox 280 1851 1938 1917">
     <span class='ocr_line' id='line_1_19' title="bbox 280 1851 1938 1917; baseline -0.002 -9"><span class='ocrx_word' id='word_1_126' title='bbox 280 1853 493 1908; x_wconf 79' lang='lat' dir='ltr'>Nullus</span> <span class='ocrx_word' id='word_1_127' title='bbox 526 1853 684 1906; x_wconf 91' lang='lat' dir='ltr'>enim</span> <span class='ocrx_word' id='word_1_128' title='bbox 718 1852 1198 1908; x_wconf 82' lang='lat' dir='ltr'>benedictionem</span> <span class='ocrx_word' id='word_1_129' title='bbox 1249 1851 1416 1917; x_wconf 85' lang='lat' dir='ltr'>dans,</span> <span class='ocrx_word' id='word_1_130' title='bbox 1474 1857 1575 1906; x_wconf 92' lang='lat' dir='ltr'>aut</span> <span class='ocrx_word' id='word_1_131' title='bbox 1613 1851 1794 1914; x_wconf 88' lang='lat' dir='ltr'>dolet,</span> <span class='ocrx_word' id='word_1_132' title='bbox 1835 1855 1938 1904; x_wconf 90' lang='lat' dir='ltr'>aut</span> 
     </span>
    </p>
   </div>
   <div class='ocr_carea' id='block_1_20' title="bbox 281 1938 1938 2012">
    <p class='ocr_par' dir='ltr' id='par_1_20' title="bbox 281 1938 1938 2012">
     <span class='ocr_line' id='line_1_20' title="bbox 281 1938 1938 2012; baseline -0.003 -15"><span class='ocrx_word' id='word_1_133' title='bbox 281 1957 351 1997; x_wconf 85' lang='lat' dir='ltr'>ex</span> <span class='ocrx_word' id='word_1_134' title='bbox 374 1943 727 1996; x_wconf 83' lang='lat' dir='ltr'>necessitate</span> <span class='ocrx_word' id='word_1_135' title='bbox 751 1942 869 1998; x_wconf 91' lang='lat' dir='ltr'>dat.</span> <span class='ocrx_word' id='word_1_136' title='bbox 901 1942 1006 1996; x_wconf 89' lang='lat' dir='ltr'>Ille</span> <span class='ocrx_word' id='word_1_137' title='bbox 1051 1942 1209 1997; x_wconf 92' lang='lat' dir='ltr'>enim</span> <span class='ocrx_word' id='word_1_138' title='bbox 1262 1957 1477 2012; x_wconf 90' lang='lat' dir='ltr'>nempe</span> <span class='ocrx_word' id='word_1_139' title='bbox 1509 1956 1740 2005; x_wconf 82' lang='lat' dir='ltr'>avarus,</span> <span class='ocrx_word' id='word_1_140' title='bbox 1773 1938 1938 1994; x_wconf 89' lang='lat' dir='ltr'>dolet</span> 
     </span>
    </p>
   </div>
   <div class='ocr_carea' id='block_1_21' title="bbox 2038 681 3694 760">
    <p class='ocr_par' dir='ltr' id='par_1_21' title="bbox 2038 681 3694 760">
     <span class='ocr_line' id='line_1_21' title="bbox 2038 681 3694 760; baseline 0.003 -25"><span class='ocrx_word' id='word_1_141' title='bbox 2038 701 2134 751; x_wconf 86' lang='grc' dir='ltr'>νης</span> <span class='ocrx_word' id='word_1_142' title='bbox 2163 683 2451 752; x_wconf 62' lang='grc' dir='ltr'>καυχήσει.</span> <span class='ocrx_word' id='word_1_143' title='bbox 2487 708 2515 734; x_wconf 90' lang='grc'><em>‹‹</em></span> <span class='ocrx_word' id='word_1_144' title='bbox 2552 683 2652 740; x_wconf 83' lang='grc' dir='ltr'>Καὶ</span> <span class='ocrx_word' id='word_1_145' title='bbox 2683 687 2784 760; x_wconf 75' lang='grc' dir='ltr'>γὰρ</span> <span class='ocrx_word' id='word_1_146' title='bbox 2810 687 2876 754; x_wconf 80' lang='grc' dir='ltr'>ἦν</span> <span class='ocrx_word' id='word_1_147' title='bbox 2936 681 3103 748; x_wconf 80' lang='grc' dir='ltr'>ὅντως</span> <span class='ocrx_word' id='word_1_148' title='bbox 3162 685 3482 760; x_wconf 83' lang='grc' dir='ltr'>ἀναγκαῖον,</span> <span class='ocrx_word' id='word_1_149' title='bbox 3517 709 3545 737; x_wconf 74' lang='grc' dir='ltr'>»ι</span> <span class='ocrx_word' id='word_1_150' title='bbox 3603 686 3694 740; x_wconf 73' lang='grc' dir='ltr'>καὶ</span> 
     </span>
    </p>
   </div>
   <div class='ocr_carea' id='block_1_22' title="bbox 2041 769 3700 847">
    <p class='ocr_par' dir='ltr' id='par_1_22' title="bbox 2041 769 3700 847">
     <span class='ocr_line' id='line_1_22' title="bbox 2041 769 3700 847; baseline 0.002 -22"><span class='ocrx_word' id='word_1_151' title='bbox 2041 769 2235 832; x_wconf 78' lang='grc' dir='ltr'>αὐτοὺς</span> <span class='ocrx_word' id='word_1_152' title='bbox 2295 773 2582 847; x_wconf 73' lang='grc' dir='ltr'>αἰσχύνης,</span> <span class='ocrx_word' id='word_1_153' title='bbox 2669 774 2764 828; x_wconf 83' lang='grc' dir='ltr'>καὶ</span> <span class='ocrx_word' id='word_1_154' title='bbox 2824 774 3012 829; x_wconf 71' lang='grc' dir='ltr'>ἑαυτὸν</span> <span class='ocrx_word' id='word_1_155' title='bbox 3071 779 3168 829; x_wconf 76' lang='grc' dir='ltr'>τοῦ</span> <span class='ocrx_word' id='word_1_156' title='bbox 3247 772 3424 830; x_wconf 80' lang='grc' dir='ltr'>δοκεῖν</span> <span class='ocrx_word' id='word_1_157' title='bbox 3512 771 3700 847; x_wconf 83' lang='grc' dir='ltr'>ψεύδε-</span> 
     </span>
    </p>
   </div>
   <div class='ocr_carea' id='block_1_23' title="bbox 2041 861 3693 938">
    <p class='ocr_par' dir='ltr' id='par_1_23' title="bbox 2041 861 3693 938">
     <span class='ocr_line' id='line_1_23' title="bbox 2041 861 3693 938; baseline 0.003 -24"><span class='ocrx_word' id='word_1_158' title='bbox 2041 871 2161 924; x_wconf 82' lang='grc' dir='ltr'>σθαι</span> <span class='ocrx_word' id='word_1_159' title='bbox 2191 861 2520 932; x_wconf 76' lang='grc' dir='ltr'>ἀπαλλάξαι.</span> <span class='ocrx_word' id='word_1_160' title='bbox 2564 888 2588 915; x_wconf 78' lang='grc' dir='ltr'>ιι</span> <span class='ocrx_word' id='word_1_161' title='bbox 2615 865 2726 920; x_wconf 85' lang='grc' dir='ltr'>Ἶνα</span> <span class='ocrx_word' id='word_1_162' title='bbox 2755 864 3097 938; x_wconf 72' lang='grc' dir='ltr'>προέλθωσιν</span> <span class='ocrx_word' id='word_1_163' title='bbox 3132 864 3208 925; x_wconf 65' lang='grc' dir='ltr'>εἷς</span> <span class='ocrx_word' id='word_1_164' title='bbox 3234 865 3392 938; x_wconf 81' lang='grc' dir='ltr'>ὑμᾶς.</span> <span class='ocrx_word' id='word_1_165' title='bbox 3418 886 3446 914; x_wconf 72' lang='grc' dir='ltr'>η</span> <span class='ocrx_word' id='word_1_166' title='bbox 3469 862 3693 933; x_wconf 78' lang='grc' dir='ltr'>Ἐπειδὴ</span> 
     </span>
    </p>
   </div>
   <div class='ocr_carea' id='block_1_24' title="bbox 2041 949 3696 1031">
    <p class='ocr_par' dir='ltr' id='par_1_24' title="bbox 2041 949 3696 1031">
     <span class='ocr_line' id='line_1_24' title="bbox 2041 949 3696 1031; baseline 0.001 -25"><span class='ocrx_word' id='word_1_167' title='bbox 2041 949 2152 1006; x_wconf 78' lang='grc' dir='ltr'>ἅνω</span> <span class='ocrx_word' id='word_1_168' title='bbox 2185 951 2412 1026; x_wconf 67' lang='grc' dir='ltr'>εἰρηκει,</span> <span class='ocrx_word' id='word_1_169' title='bbox 2457 977 2485 1003; x_wconf 86' lang='grc'>‹‹</span> <span class='ocrx_word' id='word_1_170' title='bbox 2539 954 2795 1028; x_wconf 85' lang='grc' dir='ltr'>Περιττόν</span> <span class='ocrx_word' id='word_1_171' title='bbox 2856 954 2950 1025; x_wconf 84' lang='grc' dir='ltr'>μοί</span> <span class='ocrx_word' id='word_1_172' title='bbox 3007 954 3117 1008; x_wconf 81' lang='grc' dir='ltr'>ἐστι</span> <span class='ocrx_word' id='word_1_173' title='bbox 3175 956 3237 1009; x_wconf 77' lang='grc' dir='ltr'>τὸ</span> <span class='ocrx_word' id='word_1_174' title='bbox 3288 955 3510 1031; x_wconf 70' lang='grc' dir='ltr'>γράφειν</span> <span class='ocrx_word' id='word_1_175' title='bbox 3570 955 3696 1030; x_wconf 77' lang='grc' dir='ltr'>περὶ</span> 
     </span>
    </p>
   </div>
   <div class='ocr_carea' id='block_1_25' title="bbox 2038 1037 3692 1115">
    <p class='ocr_par' dir='ltr' id='par_1_25' title="bbox 2038 1037 3692 1115">
     <span class='ocr_line' id='line_1_25' title="bbox 2038 1037 3692 1115; baseline 0.002 -24"><span class='ocrx_word' id='word_1_176' title='bbox 2038 1038 2256 1105; x_wconf 89' lang='grc' dir='ltr'>τούτου,</span> <span class='ocrx_word' id='word_1_177' title='bbox 2291 1040 2416 1100; x_wconf 76' lang='grc' dir='ltr'>»ὡς</span> <span class='ocrx_word' id='word_1_178' title='bbox 2447 1039 2623 1096; x_wconf 85' lang='grc' dir='ltr'>αὐτῶν</span> <span class='ocrx_word' id='word_1_179' title='bbox 2685 1038 2898 1110; x_wconf 77' lang='grc' dir='ltr'>δηλαδὴ</span> <span class='ocrx_word' id='word_1_180' title='bbox 2950 1041 3184 1115; x_wconf 64' lang='grc' dir='ltr'>ἑτοίμων</span> <span class='ocrx_word' id='word_1_181' title='bbox 3245 1037 3436 1112; x_wconf 75' lang='grc' dir='ltr'>ὄντῶν,</span> <span class='ocrx_word' id='word_1_182' title='bbox 3464 1038 3557 1094; x_wconf 72' lang='grc' dir='ltr'>’ίνα</span> <span class='ocrx_word' id='word_1_183' title='bbox 3618 1044 3692 1114; x_wconf 80' lang='grc' dir='ltr'>μή</span> 
     </span>
    </p>
   </div>
   <div class='ocr_carea' id='block_1_26' title="bbox 2042 1125 3694 1205">
    <p class='ocr_par' dir='ltr' id='par_1_26' title="bbox 2042 1125 3694 1205">
     <span class='ocr_line' id='line_1_26' title="bbox 2042 1125 3694 1205; baseline 0.004 -24"><span class='ocrx_word' id='word_1_184' title='bbox 2042 1125 2170 1202; x_wconf 76' lang='grc' dir='ltr'>δόξῃ</span> <span class='ocrx_word' id='word_1_185' title='bbox 2205 1127 2415 1182; x_wconf 77' lang='grc' dir='ltr'>ἐναντία</span> <span class='ocrx_word' id='word_1_186' title='bbox 2442 1128 2638 1204; x_wconf 74' lang='grc' dir='ltr'>λέγειν,</span> <span class='ocrx_word' id='word_1_187' title='bbox 2671 1134 2759 1184; x_wconf 68' lang='grc' dir='ltr'>νῦν</span> <span class='ocrx_word' id='word_1_188' title='bbox 2791 1130 2891 1186; x_wconf 90' lang='grc' dir='ltr'>ούκ</span> <span class='ocrx_word' id='word_1_189' title='bbox 2949 1128 3027 1186; x_wconf 82' lang='grc' dir='ltr'>ἔτι</span> <span class='ocrx_word' id='word_1_190' title='bbox 3067 1132 3191 1205; x_wconf 86' lang='grc' dir='ltr'>περὶ</span> <span class='ocrx_word' id='word_1_191' title='bbox 3249 1135 3347 1186; x_wconf 79' lang='grc' dir='ltr'>τοῦ</span> <span class='ocrx_word' id='word_1_192' title='bbox 3406 1131 3694 1188; x_wconf 86' lang='grc' dir='ltr'>συνεισενὲ-</span> 
     </span>
    </p>
   </div>
   <div class='ocr_carea' id='block_1_27' title="bbox 2041 1215 3694 1294">
    <p class='ocr_par' dir='ltr' id='par_1_27' title="bbox 2041 1215 3694 1294">
     <span class='ocr_line' id='line_1_27' title="bbox 2041 1215 3694 1294; baseline 0.003 -25"><span class='ocrx_word' id='word_1_193' title='bbox 2041 1237 2188 1291; x_wconf 81' lang='grc' dir='ltr'>γκαι,</span> <span class='ocrx_word' id='word_1_194' title='bbox 2224 1215 2368 1273; x_wconf 84' lang='grc' dir='ltr'>ἀλλᾶ</span> <span class='ocrx_word' id='word_1_195' title='bbox 2400 1219 2524 1292; x_wconf 83' lang='grc' dir='ltr'>περὶ</span> <span class='ocrx_word' id='word_1_196' title='bbox 2563 1223 2659 1272; x_wconf 76' lang='grc' dir='ltr'>τοῦ</span> <span class='ocrx_word' id='word_1_197' title='bbox 2690 1219 2907 1293; x_wconf 80' lang='grc' dir='ltr'>ταχέως</span> <span class='ocrx_word' id='word_1_198' title='bbox 2938 1220 3029 1274; x_wconf 86' lang='grc' dir='ltr'>καὶ</span> <span class='ocrx_word' id='word_1_199' title='bbox 3062 1217 3310 1293; x_wconf 77' lang='grc' dir='ltr'>δαψιλῶς</span> <span class='ocrx_word' id='word_1_200' title='bbox 3339 1221 3427 1274; x_wconf 81' lang='grc' dir='ltr'>καὶ</span> <span class='ocrx_word' id='word_1_201' title='bbox 3489 1219 3694 1294; x_wconf 84' lang='grc' dir='ltr'>προθύ-</span> 
     </span>
    </p>
   </div>
   <div class='ocr_carea' id='block_1_28' title="bbox 2045 1305 3692 1382">
    <p class='ocr_par' dir='ltr' id='par_1_28' title="bbox 2045 1305 3692 1382">
     <span class='ocr_line' id='line_1_28' title="bbox 2045 1305 3692 1382; baseline 0.003 -22"><span class='ocrx_word' id='word_1_202' title='bbox 2045 1326 2161 1379; x_wconf 88' lang='grc' dir='ltr'>μως</span> <span class='ocrx_word' id='word_1_203' title='bbox 2194 1305 2524 1382; x_wconf 68' lang='grc' dir='ltr'>διαλέγεται,</span> <span class='ocrx_word' id='word_1_204' title='bbox 2568 1305 2658 1363; x_wconf 76' lang='grc' dir='ltr'>διὰ</span> <span class='ocrx_word' id='word_1_205' title='bbox 2701 1308 2928 1380; x_wconf 90' lang='grc' dir='ltr'>τούτων,</span> <span class='ocrx_word' id='word_1_206' title='bbox 2986 1309 3204 1365; x_wconf 69' lang='grc' dir='ltr'>κάκεῖνο</span> <span class='ocrx_word' id='word_1_207' title='bbox 3261 1309 3692 1377; x_wconf 72' lang='grc' dir='ltr'>κατασκευάζων.</span> 
     </span>
    </p>
   </div>
   <div class='ocr_carea' id='block_1_29' title="bbox 2044 1397 3696 1476">
    <p class='ocr_par' dir='ltr' id='par_1_29' title="bbox 2044 1397 3696 1476">
     <span class='ocr_line' id='line_1_29' title="bbox 2044 1397 3696 1476; baseline 0.007 -30"><span class='ocrx_word' id='word_1_208' title='bbox 2044 1421 2072 1447; x_wconf 91' lang='grc'><em>‹‹</em></span> <span class='ocrx_word' id='word_1_209' title='bbox 2130 1397 2345 1466; x_wconf 89' lang='grc' dir='ltr'>Ταύτην</span> <span class='ocrx_word' id='word_1_210' title='bbox 2406 1398 2633 1470; x_wconf 77' lang='grc' dir='ltr'>ἑτοίμην</span> <span class='ocrx_word' id='word_1_211' title='bbox 2692 1401 2853 1454; x_wconf 78' lang='grc' dir='ltr'>εἶναι.</span> <span class='ocrx_word' id='word_1_212' title='bbox 2914 1422 2942 1450; x_wconf 81' lang='lat'><strong>»</strong></span> <span class='ocrx_word' id='word_1_213' title='bbox 3002 1403 3114 1471; x_wconf 72' lang='grc' dir='ltr'>Τήν</span> <span class='ocrx_word' id='word_1_214' title='bbox 3187 1402 3321 1473; x_wconf 81' lang='grc' dir='ltr'>μετὰ</span> <span class='ocrx_word' id='word_1_215' title='bbox 3408 1398 3696 1476; x_wconf 72' lang='grc' dir='ltr'>δαψιλείας</span> 
     </span>
    </p>
   </div>
   <div class='ocr_carea' id='block_1_30' title="bbox 2043 1487 3701 1565">
    <p class='ocr_par' dir='ltr' id='par_1_30' title="bbox 2043 1487 3701 1565">
     <span class='ocr_line' id='line_1_30' title="bbox 2043 1487 3701 1565; baseline 0.003 -24"><span class='ocrx_word' id='word_1_216' title='bbox 2043 1487 2444 1559; x_wconf 66' lang='grc' dir='ltr'>ἐλεημοσύνην,</span> <span class='ocrx_word' id='word_1_217' title='bbox 2480 1488 2729 1549; x_wconf 77' lang='grc' dir='ltr'>«Οὕτως</span> <span class='ocrx_word' id='word_1_218' title='bbox 2759 1488 2836 1549; x_wconf 69' lang='grc' dir='ltr'>ὥς</span> <span class='ocrx_word' id='word_1_219' title='bbox 2882 1487 3160 1565; x_wconf 84' lang='grc' dir='ltr'>εὐλογίαν.</span> <span class='ocrx_word' id='word_1_220' title='bbox 3220 1514 3249 1542; x_wconf 83' lang='grc'><strong>››</strong></span> <span class='ocrx_word' id='word_1_221' title='bbox 3299 1491 3513 1562; x_wconf 74' lang='grc' dir='ltr'>Οὕτως,</span> <span class='ocrx_word' id='word_1_222' title='bbox 3568 1513 3701 1547; x_wconf 88' lang='grc' dir='ltr'>του-</span> 
     </span>
    </p>
   </div>
   <div class='ocr_carea' id='block_1_31' title="bbox 2042 1576 3696 1658">
    <p class='ocr_par' dir='ltr' id='par_1_31' title="bbox 2042 1576 3696 1658">
     <span class='ocr_line' id='line_1_31' title="bbox 2042 1576 3696 1658; baseline 0.002 -26"><span class='ocrx_word' id='word_1_223' title='bbox 2042 1576 2217 1632; x_wconf 71' lang='grc' dir='ltr'>τέστιν</span> <span class='ocrx_word' id='word_1_224' title='bbox 2250 1578 2385 1648; x_wconf 87' lang='grc' dir='ltr'>μετὰ</span> <span class='ocrx_word' id='word_1_225' title='bbox 2414 1582 2588 1652; x_wconf 75' lang='grc' dir='ltr'>χαρᾶς</span> <span class='ocrx_word' id='word_1_226' title='bbox 2619 1577 2707 1632; x_wconf 77' lang='grc' dir='ltr'>καὶ</span> <span class='ocrx_word' id='word_1_227' title='bbox 2745 1576 3009 1646; x_wconf 77' lang='grc' dir='ltr'>σπουδῆς.</span> <span class='ocrx_word' id='word_1_228' title='bbox 3041 1577 3234 1642; x_wconf 80' lang='grc' dir='ltr'>Οὐδεῖς</span> <span class='ocrx_word' id='word_1_229' title='bbox 3290 1581 3393 1658; x_wconf 69' lang='grc' dir='ltr'>γὰρ</span> <span class='ocrx_word' id='word_1_230' title='bbox 3444 1581 3696 1658; x_wconf 77' lang='grc' dir='ltr'>εὐλογίαν</span> 
     </span>
    </p>
   </div>
   <div class='ocr_carea' id='block_1_32' title="bbox 2043 1664 3694 1752">
    <p class='ocr_par' dir='ltr' id='par_1_32' title="bbox 2043 1664 3694 1752">
     <span class='ocr_line' id='line_1_32' title="bbox 2043 1664 3694 1752; baseline 0.005 -32"><span class='ocrx_word' id='word_1_231' title='bbox 2043 1664 2228 1729; x_wconf 77' lang='grc' dir='ltr'>διδοὺς</span> <span class='ocrx_word' id='word_1_232' title='bbox 2260 1666 2532 1735; x_wconf 87' lang='grc' dir='ltr'>λυπεῖται,</span> <span class='ocrx_word' id='word_1_233' title='bbox 2663 1668 2711 1738; x_wconf 75' lang='grc' dir='ltr'><strong>ἐξ</strong></span> <span class='ocrx_word' id='word_1_234' title='bbox 2745 1669 2984 1740; x_wconf 80' lang='grc' dir='ltr'>ἀνάγκης</span> <span class='ocrx_word' id='word_1_235' title='bbox 3017 1668 3263 1730; x_wconf 86' lang='grc' dir='ltr'>δίδωσιν.</span> <span class='ocrx_word' id='word_1_236' title='bbox 3300 1675 3537 1738; x_wconf 87' lang='grc' dir='ltr'>Ἐκεῖνος</span> <span class='ocrx_word' id='word_1_237' title='bbox 3589 1677 3694 1752; x_wconf 82' lang='grc' dir='ltr'>γὰρ</span> 
     </span>
    </p>
   </div>
   <div class='ocr_carea' id='block_1_33' title="bbox 2041 1752 3698 1838">
    <p class='ocr_par' dir='ltr' id='par_1_33' title="bbox 2041 1752 3698 1838">
     <span class='ocr_line' id='line_1_33' title="bbox 2041 1752 3698 1838; baseline 0.006 -27"><span class='ocrx_word' id='word_1_238' title='bbox 2041 1757 2195 1830; x_wconf 81' lang='grc' dir='ltr'>ἀρκεῖ</span> <span class='ocrx_word' id='word_1_239' title='bbox 2221 1752 2584 1812; x_wconf 72' lang='grc' dir='ltr'>καταϐάλλων</span> <span class='ocrx_word' id='word_1_240' title='bbox 2619 1759 2646 1811; x_wconf 98' lang='lat'>6</span> <span class='ocrx_word' id='word_1_241' title='bbox 2695 1758 3218 1832; x_wconf 63' lang='grc' dir='ltr'>πλεονεκτούμενος,</span> <span class='ocrx_word' id='word_1_242' title='bbox 3279 1765 3370 1818; x_wconf 79' lang='grc' dir='ltr'>καὶ</span> <span class='ocrx_word' id='word_1_243' title='bbox 3429 1761 3612 1829; x_wconf 78' lang='grc' dir='ltr'>διδοὺς</span> <span class='ocrx_word' id='word_1_244' title='bbox 3647 1766 3698 1838; x_wconf 78' lang='grc' dir='ltr'>ἐξ</span> 
     </span>
    </p>
   </div>
   <div class='ocr_carea' id='block_1_34' title="bbox 2043 1845 3694 1931">
    <p class='ocr_par' dir='ltr' id='par_1_34' title="bbox 2043 1845 3694 1931">
     <span class='ocr_line' id='line_1_34' title="bbox 2043 1845 3694 1931; baseline 0.005 -31"><span class='ocrx_word' id='word_1_245' title='bbox 2043 1847 2274 1922; x_wconf 76' lang='grc' dir='ltr'>ἀνάγκης</span> <span class='ocrx_word' id='word_1_246' title='bbox 2303 1847 2440 1920; x_wconf 76' lang='grc' dir='ltr'>ἆπερ</span> <span class='ocrx_word' id='word_1_247' title='bbox 2497 1845 2907 1918; x_wconf 72' lang='grc' dir='ltr'>ἐπλεονέκτησε.</span> <span class='ocrx_word' id='word_1_248' title='bbox 2977 1853 3083 1905; x_wconf 75' lang='grc' dir='ltr'>Νῦν</span> <span class='ocrx_word' id='word_1_249' title='bbox 3132 1848 3189 1904; x_wconf 73' lang='grc' dir='ltr'>δὲ</span> <span class='ocrx_word' id='word_1_250' title='bbox 3249 1852 3505 1931; x_wconf 78' lang='grc' dir='ltr'>ἀφορμὴν</span> <span class='ocrx_word' id='word_1_251' title='bbox 3565 1856 3694 1929; x_wconf 84' lang='grc' dir='ltr'>ὑμῖν</span> 
     </span>
    </p>
   </div>
   <div class='ocr_carea' id='block_1_35' title="bbox 2044 1933 2580 2010">
    <p class='ocr_par' dir='ltr' id='par_1_35' title="bbox 2044 1933 2580 2010">
     <span class='ocr_line' id='line_1_35' title="bbox 2044 1933 2580 2010; baseline 0.002 -20"><span class='ocrx_word' id='word_1_252' title='bbox 2044 1937 2318 2010; x_wconf 84' lang='grc' dir='ltr'>σωτηρίας</span> <span class='ocrx_word' id='word_1_253' title='bbox 2347 1937 2381 2004; x_wconf 81' lang='grc' dir='ltr'>ἠ</span> <span class='ocrx_word' id='word_1_254' title='bbox 2407 1933 2580 1998; x_wconf 85' lang='grc' dir='ltr'>δόσις.</span> 
     </span>
    </p>
   </div>
   <div class='ocr_carea' id='block_1_36' title="bbox 277 2027 3689 2108">
    <p class='ocr_par' dir='ltr' id='par_1_36' title="bbox 277 2027 3689 2108">
     <span class='ocr_line' id='line_1_36' title="bbox 277 2027 3689 2108; baseline 0.001 -22"><span class='ocrx_word' id='word_1_255' title='bbox 277 2030 566 2101; x_wconf 84' lang='lat' dir='ltr'>abjiciens</span> <span class='ocrx_word' id='word_1_256' title='bbox 594 2037 651 2085; x_wconf 93' lang='lat' dir='ltr'>et</span> <span class='ocrx_word' id='word_1_257' title='bbox 680 2048 749 2086; x_wconf 86' lang='lat' dir='ltr'>ex</span> <span class='ocrx_word' id='word_1_258' title='bbox 778 2031 1133 2085; x_wconf 82' lang='lat' dir='ltr'>necessitate</span> <span class='ocrx_word' id='word_1_259' title='bbox 1165 2030 1314 2084; x_wconf 89' lang='lat' dir='ltr'>dans</span> <span class='ocrx_word' id='word_1_260' title='bbox 1342 2046 1408 2084; x_wconf 86' lang='lat' dir='ltr'>ea</span> <span class='ocrx_word' id='word_1_261' title='bbox 1441 2046 1572 2100; x_wconf 80' lang='lat' dir='ltr'>quae</span> <span class='ocrx_word' id='word_1_262' title='bbox 1604 2045 1779 2084; x_wconf 84' lang='lat' dir='ltr'>avaro</span> <span class='ocrx_word' id='word_1_263' title='bbox 1804 2028 2004 2083; x_wconf 90' lang='lat' dir='ltr'>animo</span> <span class='ocrx_word' id='word_1_264' title='bbox 2037 2027 2415 2100; x_wconf 86' lang='lat' dir='ltr'>possidebat:</span> <span class='ocrx_word' id='word_1_265' title='bbox 2447 2032 2508 2082; x_wconf 88' lang='lat' dir='ltr'>at</span> <span class='ocrx_word' id='word_1_266' title='bbox 2537 2045 2694 2084; x_wconf 88' lang='lat' dir='ltr'>nunc</span> <span class='ocrx_word' id='word_1_267' title='bbox 2729 2029 2890 2084; x_wconf 82' lang='lat' dir='ltr'>vobis</span> <span class='ocrx_word' id='word_1_268' title='bbox 2921 2030 3153 2086; x_wconf 82' lang='lat' dir='ltr'>occasio</span> <span class='ocrx_word' id='word_1_269' title='bbox 3199 2037 3287 2087; x_wconf 84' lang='lat' dir='ltr'>est</span> <span class='ocrx_word' id='word_1_270' title='bbox 3320 2033 3528 2089; x_wconf 87' lang='lat' dir='ltr'>salutis</span> <span class='ocrx_word' id='word_1_271' title='bbox 3559 2036 3689 2108; x_wconf 89' lang='lat' dir='ltr'>ipsa</span> 
     </span>
    </p>
   </div>
   <div class='ocr_carea' id='block_1_37' title="bbox 279 2119 1054 2174">
    <p class='ocr_par' dir='ltr' id='par_1_37' title="bbox 279 2119 1054 2174">
     <span class='ocr_line' id='line_1_37' title="bbox 279 2119 1054 2174; baseline -0.001 -1"><span class='ocrx_word' id='word_1_272' title='bbox 279 2119 687 2174; x_wconf 83' lang='lat' dir='ltr'>muniﬁcentia</span> <span class='ocrx_word' id='word_1_273' title='bbox 717 2119 1054 2174; x_wconf 90' lang='lat' dir='ltr'>etdonatio.</span> 
     </span>
    </p>
   </div>
   <div class='ocr_carea' id='block_1_38' title="bbox 353 2205 1933 2280">
    <p class='ocr_par' dir='ltr' id='par_1_38' title="bbox 353 2209 1933 2280">
     <span class='ocr_line' id='line_1_38' title="bbox 353 2209 1933 2280; baseline -0.002 -16"><span class='ocrx_word' id='word_1_274' title='bbox 353 2209 504 2264; x_wconf 76' lang='lat'>668</span> <span class='ocrx_word' id='word_1_275' title='bbox 532 2211 623 2275; x_wconf 80' lang='lat' dir='ltr'>IX,</span> <span class='ocrx_word' id='word_1_276' title='bbox 659 2212 776 2264; x_wconf 84' lang='lat'>6-9.</span> <span class='ocrx_word' id='word_1_277' title='bbox 802 2232 829 2258; x_wconf 78' lang='grc' dir='ltr'>ι(</span> <span class='ocrx_word' id='word_1_278' title='bbox 858 2210 976 2264; x_wconf 82' lang='grc' dir='ltr'>Ηοο</span> <span class='ocrx_word' id='word_1_279' title='bbox 1005 2214 1205 2264; x_wconf 90' lang='lat' dir='ltr'>autem</span> <span class='ocrx_word' id='word_1_280' title='bbox 1232 2225 1243 2261; x_wconf 92' lang='lat'>:</span> <span class='ocrx_word' id='word_1_281' title='bbox 1275 2210 1382 2273; x_wconf 90' lang='lat' dir='ltr'>Qui</span> <span class='ocrx_word' id='word_1_282' title='bbox 1408 2225 1580 2280; x_wconf 91' lang='lat' dir='ltr'>parce</span> <span class='ocrx_word' id='word_1_283' title='bbox 1605 2214 1933 2262; x_wconf 88' lang='lat' dir='ltr'>sementem</span> 
     </span>
    </p>
   </div>
   <div class='ocr_carea' id='block_1_39' title="bbox 2043 2205 2290 2280">
    <p class='ocr_par' dir='ltr' id='par_1_39' title="bbox 2114 2205 2290 2260">
     <span class='ocr_line' id='line_1_39' title="bbox 2114 2205 2290 2260; baseline -0.011 0"><span class='ocrx_word' id='word_1_284' title='bbox 2114 2205 2290 2260; x_wconf 77' lang='grc' dir='ltr'>Τοῦτο</span> 
     </span>
    </p>
   </div>
   <div class='ocr_carea' id='block_1_40' title="bbox 283 2296 1934 2369">
    <p class='ocr_par' dir='ltr' id='par_1_40' title="bbox 283 2296 1934 2369">
     <span class='ocr_line' id='line_1_40' title="bbox 283 2296 1934 2369; baseline 0.001 -21"><span class='ocrx_word' id='word_1_285' title='bbox 283 2320 311 2348; x_wconf 85' lang='lat'><em>«</em></span> <span class='ocrx_word' id='word_1_286' title='bbox 338 2299 554 2365; x_wconf 78' lang='lat' dir='ltr'>facit,is</span> <span class='ocrx_word' id='word_1_287' title='bbox 585 2315 760 2369; x_wconf 91' lang='lat' dir='ltr'>parce</span> <span class='ocrx_word' id='word_1_288' title='bbox 777 2315 1082 2354; x_wconf 87' lang='lat' dir='ltr'>messurus</span> <span class='ocrx_word' id='word_1_289' title='bbox 1106 2301 1290 2353; x_wconf 87' lang='lat' dir='ltr'>est.Et</span> <span class='ocrx_word' id='word_1_290' title='bbox 1312 2298 1410 2369; x_wconf 89' lang='lat' dir='ltr'>qui</span> <span class='ocrx_word' id='word_1_291' title='bbox 1433 2304 1761 2353; x_wconf 87' lang='lat' dir='ltr'>sementem</span> <span class='ocrx_word' id='word_1_292' title='bbox 1793 2296 1934 2351; x_wconf 84' lang='lat' dir='ltr'>facit</span> 
     </span>
    </p>
   </div>
   <div class='ocr_carea' id='block_1_41' title="bbox 285 2389 1931 2462">
    <p class='ocr_par' dir='ltr' id='par_1_41' title="bbox 285 2389 1931 2462">
     <span class='ocr_line' id='line_1_41' title="bbox 285 2389 1931 2462; baseline 0.002 -22"><span class='ocrx_word' id='word_1_293' title='bbox 285 2411 312 2440; x_wconf 80' lang='grc' dir='ltr'>ιι</span> <span class='ocrx_word' id='word_1_294' title='bbox 335 2390 396 2444; x_wconf 82' lang='grc' dir='ltr'>ἱη</span> <span class='ocrx_word' id='word_1_295' title='bbox 421 2389 1122 2462; x_wconf 83' lang='lat' dir='ltr'>magniﬁcentia,copiose</span> <span class='ocrx_word' id='word_1_296' title='bbox 1143 2405 1446 2444; x_wconf 86' lang='lat' dir='ltr'>messurus</span> <span class='ocrx_word' id='word_1_297' title='bbox 1475 2395 1582 2456; x_wconf 91' lang='lat' dir='ltr'>est,</span> <span class='ocrx_word' id='word_1_298' title='bbox 1607 2389 1931 2459; x_wconf 87' lang='lat' dir='ltr'>unusquis-</span> 
     </span>
    </p>
   </div>
   <div class='ocr_carea' id='block_1_42' title="bbox 283 2480 1933 2551">
    <p class='ocr_par' dir='ltr' id='par_1_42' title="bbox 283 2480 1933 2551">
     <span class='ocr_line' id='line_1_42' title="bbox 283 2480 1933 2551; baseline -0.001 -17"><span class='ocrx_word' id='word_1_299' title='bbox 283 2502 309 2527; x_wconf 94' lang='grc'><strong><em>‹‹</em></strong></span> <span class='ocrx_word' id='word_1_300' title='bbox 336 2496 450 2549; x_wconf 86' lang='lat' dir='ltr'>que</span> <span class='ocrx_word' id='word_1_301' title='bbox 466 2480 638 2550; x_wconf 84' lang='lat' dir='ltr'>juxta</span> <span class='ocrx_word' id='word_1_302' title='bbox 659 2481 1027 2551; x_wconf 88' lang='lat' dir='ltr'>propositum</span> <span class='ocrx_word' id='word_1_303' title='bbox 1042 2480 1383 2545; x_wconf 90' lang='lat' dir='ltr'>cordis,non</span> <span class='ocrx_word' id='word_1_304' title='bbox 1399 2496 1467 2534; x_wconf 87' lang='lat' dir='ltr'>ex</span> <span class='ocrx_word' id='word_1_305' title='bbox 1483 2494 1732 2534; x_wconf 64' lang='lat' dir='ltr'>maerore</span> <span class='ocrx_word' id='word_1_306' title='bbox 1750 2484 1848 2534; x_wconf 89' lang='lat' dir='ltr'>aut</span> <span class='ocrx_word' id='word_1_307' title='bbox 1865 2495 1933 2533; x_wconf 85' lang='lat' dir='ltr'>ex</span> 
     </span>
    </p>
   </div>
   <div class='ocr_carea' id='block_1_43' title="bbox 279 2569 1930 2640">
    <p class='ocr_par' dir='ltr' id='par_1_43' title="bbox 279 2569 1930 2640">
     <span class='ocr_line' id='line_1_43' title="bbox 279 2569 1930 2640; baseline -0.004 -15"><span class='ocrx_word' id='word_1_308' title='bbox 279 2591 307 2618; x_wconf 88' lang='lat'><strong>«</strong></span> <span class='ocrx_word' id='word_1_309' title='bbox 339 2570 691 2625; x_wconf 88' lang='lat' dir='ltr'>necessitate</span> <span class='ocrx_word' id='word_1_310' title='bbox 723 2587 734 2623; x_wconf 95' lang='lat'>:</span> <span class='ocrx_word' id='word_1_311' title='bbox 761 2586 897 2624; x_wconf 90' lang='lat' dir='ltr'>nam</span> <span class='ocrx_word' id='word_1_312' title='bbox 939 2569 1190 2624; x_wconf 87' lang='lat' dir='ltr'>hilarem</span> <span class='ocrx_word' id='word_1_313' title='bbox 1239 2569 1505 2624; x_wconf 86' lang='lat' dir='ltr'>datorem</span> <span class='ocrx_word' id='word_1_314' title='bbox 1535 2569 1727 2640; x_wconf 80' lang='lat' dir='ltr'>diligit</span> <span class='ocrx_word' id='word_1_315' title='bbox 1759 2571 1930 2624; x_wconf 91' lang='lat' dir='ltr'>Deus.</span> 
     </span>
    </p>
   </div>
   <div class='ocr_carea' id='block_1_44' title="bbox 285 2655 1932 2726">
    <p class='ocr_par' dir='ltr' id='par_1_44' title="bbox 285 2655 1932 2726">
     <span class='ocr_line' id='line_1_44' title="bbox 285 2655 1932 2726; baseline 0.002 -21"><span class='ocrx_word' id='word_1_316' title='bbox 285 2674 310 2705; x_wconf 71' lang='grc' dir='ltr'>α</span> <span class='ocrx_word' id='word_1_317' title='bbox 336 2655 552 2708; x_wconf 88' lang='lat' dir='ltr'>Potens</span> <span class='ocrx_word' id='word_1_318' title='bbox 576 2659 664 2708; x_wconf 90' lang='lat' dir='ltr'>est</span> <span class='ocrx_word' id='word_1_319' title='bbox 692 2659 893 2709; x_wconf 90' lang='lat' dir='ltr'>autem</span> <span class='ocrx_word' id='word_1_320' title='bbox 924 2655 1078 2709; x_wconf 88' lang='lat' dir='ltr'>Deus</span> <span class='ocrx_word' id='word_1_321' title='bbox 1100 2655 1430 2722; x_wconf 82' lang='lat' dir='ltr'>efﬁcere,ut</span> <span class='ocrx_word' id='word_1_322' title='bbox 1448 2656 1640 2710; x_wconf 92' lang='lat' dir='ltr'>omnis</span> <span class='ocrx_word' id='word_1_323' title='bbox 1663 2655 1851 2726; x_wconf 89' lang='lat' dir='ltr'>gratia</span> <span class='ocrx_word' id='word_1_324' title='bbox 1871 2655 1932 2708; x_wconf 90' lang='lat' dir='ltr'>iu</span> 
     </span>
    </p>
   </div>
   <div class='ocr_carea' id='block_1_45' title="bbox 285 2743 1932 2816">
    <p class='ocr_par' dir='ltr' id='par_1_45' title="bbox 285 2743 1932 2816">
     <span class='ocr_line' id='line_1_45' title="bbox 285 2743 1932 2816; baseline 0.004 -24"><span class='ocrx_word' id='word_1_325' title='bbox 285 2765 314 2792; x_wconf 88' lang='grc'><em>‹‹</em></span> <span class='ocrx_word' id='word_1_326' title='bbox 337 2759 436 2798; x_wconf 88' lang='lat' dir='ltr'>vas</span> <span class='ocrx_word' id='word_1_327' title='bbox 457 2743 832 2808; x_wconf 89' lang='lat' dir='ltr'>exuberet,ut</span> <span class='ocrx_word' id='word_1_328' title='bbox 864 2745 926 2798; x_wconf 91' lang='lat' dir='ltr'>in</span> <span class='ocrx_word' id='word_1_329' title='bbox 957 2744 1233 2801; x_wconf 91' lang='lat' dir='ltr'>omnibus</span> <span class='ocrx_word' id='word_1_330' title='bbox 1256 2761 1492 2816; x_wconf 83' lang='lat' dir='ltr'>semper</span> <span class='ocrx_word' id='word_1_331' title='bbox 1520 2761 1759 2799; x_wconf 90' lang='lat' dir='ltr'>omnem</span> <span class='ocrx_word' id='word_1_332' title='bbox 1777 2744 1932 2799; x_wconf 82' lang='lat' dir='ltr'>suffi-</span> 
     </span>
    </p>
   </div>
   <div class='ocr_carea' id='block_1_46' title="bbox 285 2833 1934 2904">
    <p class='ocr_par' dir='ltr' id='par_1_46' title="bbox 285 2833 1934 2904">
     <span class='ocr_line' id='line_1_46' title="bbox 285 2833 1934 2904; baseline -0.001 -17"><span class='ocrx_word' id='word_1_333' title='bbox 285 2856 310 2883; x_wconf 93' lang='grc'>‹‹</span> <span class='ocrx_word' id='word_1_334' title='bbox 329 2833 608 2888; x_wconf 89' lang='lat' dir='ltr'>cientiam</span> <span class='ocrx_word' id='word_1_335' title='bbox 622 2833 909 2888; x_wconf 87' lang='lat' dir='ltr'>habentes</span> <span class='ocrx_word' id='word_1_336' title='bbox 921 2833 1108 2888; x_wconf 85' lang='lat' dir='ltr'>exube</span> <span class='ocrx_word' id='word_1_337' title='bbox 1119 2833 1257 2888; x_wconf 88' lang='lat' dir='ltr'>retis</span> <span class='ocrx_word' id='word_1_338' title='bbox 1270 2833 1330 2888; x_wconf 90' lang='lat' dir='ltr'>in</span> <span class='ocrx_word' id='word_1_339' title='bbox 1345 2850 1674 2904; x_wconf 90' lang='lat' dir='ltr'>omneopus</span> <span class='ocrx_word' id='word_1_340' title='bbox 1688 2833 1934 2896; x_wconf 91' lang='lat' dir='ltr'>bonum,</span> 
     </span>
    </p>
   </div>
   <div class='ocr_carea' id='block_1_47' title="bbox 287 2920 1938 2994">
    <p class='ocr_par' dir='ltr' id='par_1_47' title="bbox 287 2920 1938 2994">
     <span class='ocr_line' id='line_1_47' title="bbox 287 2920 1938 2994; baseline 0.001 -19"><span class='ocrx_word' id='word_1_341' title='bbox 287 2943 314 2970; x_wconf 86' lang='grc'><strong><em>‹‹</em></strong></span> <span class='ocrx_word' id='word_1_342' title='bbox 338 2921 842 2992; x_wconf 89' lang='lat' dir='ltr'>quemadmodum</span> <span class='ocrx_word' id='word_1_343' title='bbox 858 2922 1144 2994; x_wconf 91' lang='lat' dir='ltr'>scriptum</span> <span class='ocrx_word' id='word_1_344' title='bbox 1164 2929 1254 2977; x_wconf 90' lang='lat' dir='ltr'>est</span> <span class='ocrx_word' id='word_1_345' title='bbox 1272 2939 1283 2975; x_wconf 92' lang='lat'><strong>:</strong></span> <span class='ocrx_word' id='word_1_346' title='bbox 1300 2920 1780 2991; x_wconf 81' lang='lat' dir='ltr'>Dispersit,dedit</span> <span class='ocrx_word' id='word_1_347' title='bbox 1797 2937 1938 2992; x_wconf 89' lang='lat' dir='ltr'>pau-</span> 
     </span>
    </p>
   </div>
   <div class='ocr_carea' id='block_1_48' title="bbox 291 3011 1754 3082">
    <p class='ocr_par' dir='ltr' id='par_1_48' title="bbox 291 3011 1754 3082">
     <span class='ocr_line' id='line_1_48' title="bbox 291 3011 1754 3082; baseline 0.002 -16"><span class='ocrx_word' id='word_1_348' title='bbox 291 3033 318 3060; x_wconf 86' lang='lat'><strong><em>«</em></strong></span> <span class='ocrx_word' id='word_1_349' title='bbox 341 3011 603 3082; x_wconf 85' lang='lat' dir='ltr'>peribus.</span> <span class='ocrx_word' id='word_1_350' title='bbox 629 3012 865 3082; x_wconf 86' lang='lat' dir='ltr'>justitia</span> <span class='ocrx_word' id='word_1_351' title='bbox 904 3015 1032 3081; x_wconf 83' lang='lat' dir='ltr'>ejus</span> <span class='ocrx_word' id='word_1_352' title='bbox 1052 3017 1256 3068; x_wconf 91' lang='lat' dir='ltr'>manet</span> <span class='ocrx_word' id='word_1_353' title='bbox 1295 3012 1350 3065; x_wconf 88' lang='lat' dir='ltr'>in</span> <span class='ocrx_word' id='word_1_354' title='bbox 1385 3011 1693 3069; x_wconf 74' lang='lat' dir='ltr'>smculum.</span> <span class='ocrx_word' id='word_1_355' title='bbox 1726 3033 1754 3061; x_wconf 89' lang='lat'><strong>»</strong></span> 
     </span>
    </p>
   </div>
   <div class='ocr_carea' id='block_1_49' title="bbox 303 3092 1934 3174">
    <p class='ocr_par' dir='ltr' id='par_1_49' title="bbox 303 3092 1934 3174">
     <span class='ocr_line' id='line_1_49' title="bbox 303 3092 1934 3174; baseline 0 -18"><span class='ocrx_word' id='word_1_356' title='bbox 303 3092 311 3102; x_wconf 72' lang='grc'><em>’</em></span> <span class='ocrx_word' id='word_1_357' title='bbox 361 3104 562 3171; x_wconf 87' lang='lat' dir='ltr'>Parce,</span> <span class='ocrx_word' id='word_1_358' title='bbox 596 3103 811 3174; x_wconf 89' lang='lat' dir='ltr'>inquit,</span> <span class='ocrx_word' id='word_1_359' title='bbox 844 3107 903 3158; x_wconf 90' lang='lat' dir='ltr'>et</span> <span class='ocrx_word' id='word_1_360' title='bbox 932 3102 1207 3157; x_wconf 89' lang='lat' dir='ltr'>tenuiter.</span> <span class='ocrx_word' id='word_1_361' title='bbox 1241 3125 1269 3152; x_wconf 75' lang='grc' dir='ltr'>ι(</span> <span class='ocrx_word' id='word_1_362' title='bbox 1304 3103 1421 3157; x_wconf 86' lang='lat' dir='ltr'>Hoc</span> <span class='ocrx_word' id='word_1_363' title='bbox 1450 3108 1670 3158; x_wconf 89' lang='lat' dir='ltr'>autem.</span> <span class='ocrx_word' id='word_1_364' title='bbox 1699 3123 1726 3152; x_wconf 88' lang='lat'><strong>»</strong></span> <span class='ocrx_word' id='word_1_365' title='bbox 1755 3103 1934 3173; x_wconf 92' lang='lat' dir='ltr'>Opus,</span> 
     </span>
    </p>
   </div>
   <div class='ocr_carea' id='block_1_50' title="bbox 288 3192 1938 3266">
    <p class='ocr_par' dir='ltr' id='par_1_50' title="bbox 288 3192 1938 3266">
     <span class='ocr_line' id='line_1_50' title="bbox 288 3192 1938 3266; baseline -0.002 -18"><span class='ocrx_word' id='word_1_366' title='bbox 288 3193 499 3266; x_wconf 85' lang='lat' dir='ltr'>inquit,</span> <span class='ocrx_word' id='word_1_367' title='bbox 537 3193 930 3266; x_wconf 68' lang='lat' dir='ltr'>eleemosynaa</span> <span class='ocrx_word' id='word_1_368' title='bbox 955 3194 1017 3248; x_wconf 90' lang='lat' dir='ltr'>in</span> <span class='ocrx_word' id='word_1_369' title='bbox 1058 3194 1215 3248; x_wconf 85' lang='lat' dir='ltr'>hunc</span> <span class='ocrx_word' id='word_1_370' title='bbox 1246 3193 1488 3248; x_wconf 90' lang='lat' dir='ltr'>modum</span> <span class='ocrx_word' id='word_1_371' title='bbox 1524 3210 1584 3248; x_wconf 92' lang='lat' dir='ltr'>se</span> <span class='ocrx_word' id='word_1_372' title='bbox 1636 3192 1833 3248; x_wconf 87' lang='lat' dir='ltr'>habet.</span> <span class='ocrx_word' id='word_1_373' title='bbox 1868 3193 1938 3246; x_wconf 87' lang='lat' dir='ltr'>Et</span> 
     </span>
    </p>
   </div>
   <div class='ocr_carea' id='block_1_51' title="bbox 287 3281 1939 3354">
    <p class='ocr_par' dir='ltr' id='par_1_51' title="bbox 287 3281 1939 3354">
     <span class='ocr_line' id='line_1_51' title="bbox 287 3281 1939 3354; baseline -0.001 -16"><span class='ocrx_word' id='word_1_374' title='bbox 287 3284 568 3354; x_wconf 87' lang='lat' dir='ltr'>deinceps</span> <span class='ocrx_word' id='word_1_375' title='bbox 600 3299 805 3338; x_wconf 87' lang='lat' dir='ltr'>semen</span> <span class='ocrx_word' id='word_1_376' title='bbox 832 3282 980 3337; x_wconf 89' lang='lat' dir='ltr'>illud</span> <span class='ocrx_word' id='word_1_377' title='bbox 1012 3282 1295 3354; x_wconf 85' lang='lat' dir='ltr'>appellat.</span> <span class='ocrx_word' id='word_1_378' title='bbox 1328 3289 1393 3337; x_wconf 91' lang='lat' dir='ltr'>ut</span> <span class='ocrx_word' id='word_1_379' title='bbox 1436 3281 1510 3337; x_wconf 89' lang='lat' dir='ltr'>ad</span> <span class='ocrx_word' id='word_1_380' title='bbox 1558 3298 1812 3337; x_wconf 88' lang='lat' dir='ltr'>messem</span> <span class='ocrx_word' id='word_1_381' title='bbox 1851 3298 1939 3338; x_wconf 85' lang='lat' dir='ltr'>re-</span> 
     </span>
    </p>
   </div>
   <div class='ocr_carea' id='block_1_52' title="bbox 284 3371 1937 3443">
    <p class='ocr_par' dir='ltr' id='par_1_52' title="bbox 284 3371 1937 3443">
     <span class='ocr_line' id='line_1_52' title="bbox 284 3371 1937 3443; baseline 0.001 -16"><span class='ocrx_word' id='word_1_382' title='bbox 284 3372 604 3443; x_wconf 88' lang='lat' dir='ltr'>spicientes</span> <span class='ocrx_word' id='word_1_383' title='bbox 635 3378 693 3426; x_wconf 93' lang='lat' dir='ltr'>et</span> <span class='ocrx_word' id='word_1_384' title='bbox 723 3372 880 3442; x_wconf 92' lang='lat' dir='ltr'>quod</span> <span class='ocrx_word' id='word_1_385' title='bbox 910 3372 960 3426; x_wconf 88' lang='lat' dir='ltr'>is</span> <span class='ocrx_word' id='word_1_386' title='bbox 992 3372 1091 3443; x_wconf 92' lang='lat' dir='ltr'>qui</span> <span class='ocrx_word' id='word_1_387' title='bbox 1133 3372 1321 3426; x_wconf 88' lang='lat' dir='ltr'>multa</span> <span class='ocrx_word' id='word_1_388' title='bbox 1341 3377 1442 3426; x_wconf 88' lang='lat' dir='ltr'>aut</span> <span class='ocrx_word' id='word_1_389' title='bbox 1475 3371 1937 3442; x_wconf 77' lang='lat' dir='ltr'>paucasemina-</span> 
     </span>
    </p>
   </div>
   <div class='ocr_carea' id='block_1_53' title="bbox 282 3461 1933 3534">
    <p class='ocr_par' dir='ltr' id='par_1_53' title="bbox 282 3461 1933 3534">
     <span class='ocr_line' id='line_1_53' title="bbox 282 3461 1933 3534; baseline 0.001 -20"><span class='ocrx_word' id='word_1_390' title='bbox 282 3462 452 3525; x_wconf 89' lang='lat' dir='ltr'>verit,</span> <span class='ocrx_word' id='word_1_391' title='bbox 479 3462 650 3532; x_wconf 82' lang='lat' dir='ltr'>juxta</span> <span class='ocrx_word' id='word_1_392' title='bbox 669 3462 1116 3534; x_wconf 84' lang='lat' dir='ltr'>proportionem</span> <span class='ocrx_word' id='word_1_393' title='bbox 1149 3477 1455 3516; x_wconf 88' lang='lat' dir='ltr'>messurus</span> <span class='ocrx_word' id='word_1_394' title='bbox 1487 3464 1583 3527; x_wconf 86' lang='lat' dir='ltr'>sit,</span> <span class='ocrx_word' id='word_1_395' title='bbox 1605 3461 1933 3532; x_wconf 87' lang='lat' dir='ltr'>promptio-</span> 
     </span>
    </p>
   </div>
   <div class='ocr_carea' id='block_1_54' title="bbox 2390 2201 3704 2289">
    <p class='ocr_par' dir='ltr' id='par_1_54' title="bbox 2390 2201 3704 2289">
     <span class='ocr_line' id='line_1_54' title="bbox 2390 2201 3704 2289; baseline 0.008 -31"><span class='ocrx_word' id='word_1_396' title='bbox 2390 2201 2470 2259; x_wconf 68' lang='grc' dir='ltr'>δὲ’</span> <span class='ocrx_word' id='word_1_397' title='bbox 2506 2207 2568 2262; x_wconf 83' lang='grc' dir='ltr'>Ὀ</span> <span class='ocrx_word' id='word_1_398' title='bbox 2671 2208 2906 2281; x_wconf 79' lang='grc' dir='ltr'>σπείρων</span> <span class='ocrx_word' id='word_1_399' title='bbox 2941 2205 3303 2284; x_wconf 75' lang='grc' dir='ltr'>φειδομὲνως,</span> <span class='ocrx_word' id='word_1_400' title='bbox 3355 2209 3704 2289; x_wconf 75' lang='grc' dir='ltr'>φειδομένως</span> 
     </span>
    </p>
   </div>
   <div class='ocr_carea' id='block_1_55' title="bbox 2043 2294 3699 2376">
    <p class='ocr_par' dir='ltr' id='par_1_55' title="bbox 2043 2294 3699 2376">
     <span class='ocr_line' id='line_1_55' title="bbox 2043 2294 3699 2376; baseline 0.006 -27"><span class='ocrx_word' id='word_1_401' title='bbox 2043 2294 2132 2349; x_wconf 78' lang='grc' dir='ltr'>καὶ</span> <span class='ocrx_word' id='word_1_402' title='bbox 2176 2295 2395 2368; x_wconf 78' lang='grc' dir='ltr'>θερίσει.</span> <span class='ocrx_word' id='word_1_403' title='bbox 2460 2296 2561 2352; x_wconf 76' lang='grc' dir='ltr'>Καὶ</span> <span class='ocrx_word' id='word_1_404' title='bbox 2631 2297 2658 2350; x_wconf 91' lang='lat'>6</span> <span class='ocrx_word' id='word_1_405' title='bbox 2762 2296 2997 2370; x_wconf 82' lang='grc' dir='ltr'>σπείρων</span> <span class='ocrx_word' id='word_1_406' title='bbox 3074 2297 3158 2352; x_wconf 80' lang='grc' dir='ltr'>ἐπ’</span> <span class='ocrx_word' id='word_1_407' title='bbox 3231 2297 3528 2376; x_wconf 80' lang='grc' dir='ltr'>εὐλογίαις,</span> <span class='ocrx_word' id='word_1_408' title='bbox 3610 2301 3699 2359; x_wconf 79' lang='grc' dir='ltr'>ἐπι</span> 
     </span>
    </p>
   </div>
   <div class='ocr_carea' id='block_1_56' title="bbox 2045 2382 3697 2466">
    <p class='ocr_par' dir='ltr' id='par_1_56' title="bbox 2045 2382 3697 2466">
     <span class='ocr_line' id='line_1_56' title="bbox 2045 2382 3697 2466; baseline 0.007 -28"><span class='ocrx_word' id='word_1_409' title='bbox 2045 2382 2320 2460; x_wconf 77' lang='grc' dir='ltr'>εὐλογίαις</span> <span class='ocrx_word' id='word_1_410' title='bbox 2376 2385 2466 2440; x_wconf 83' lang='grc' dir='ltr'>καὶ</span> <span class='ocrx_word' id='word_1_411' title='bbox 2522 2387 2742 2460; x_wconf 69' lang='grc' dir='ltr'>θερίσει,</span> <span class='ocrx_word' id='word_1_412' title='bbox 2793 2385 3016 2448; x_wconf 76' lang='grc' dir='ltr'>ἕκαστος</span> <span class='ocrx_word' id='word_1_413' title='bbox 3074 2389 3254 2452; x_wconf 85' lang='grc' dir='ltr'>καθὼς</span> <span class='ocrx_word' id='word_1_414' title='bbox 3350 2399 3697 2466; x_wconf 77' lang='grc' dir='ltr'>προαιρεῖται</span> 
     </span>
    </p>
   </div>
   <div class='ocr_carea' id='block_1_57' title="bbox 2044 2471 3698 2555">
    <p class='ocr_par' dir='ltr' id='par_1_57' title="bbox 2044 2471 3698 2555">
     <span class='ocr_line' id='line_1_57' title="bbox 2044 2471 3698 2555; baseline 0.006 -28"><span class='ocrx_word' id='word_1_415' title='bbox 2044 2477 2112 2545; x_wconf 86' lang='grc' dir='ltr'>τῇ</span> <span class='ocrx_word' id='word_1_416' title='bbox 2157 2471 2373 2546; x_wconf 76' lang='grc' dir='ltr'>καρδία,</span> <span class='ocrx_word' id='word_1_417' title='bbox 2433 2476 2507 2548; x_wconf 80' lang='grc' dir='ltr'>μὴ</span> <span class='ocrx_word' id='word_1_418' title='bbox 2569 2475 2626 2529; x_wconf 79' lang='grc' dir='ltr'>ἐκ</span> <span class='ocrx_word' id='word_1_419' title='bbox 2685 2475 2870 2546; x_wconf 87' lang='grc' dir='ltr'>λύπης</span> <span class='ocrx_word' id='word_1_420' title='bbox 2923 2477 2957 2546; x_wconf 68' lang='grc' dir='ltr'>ἢ</span> <span class='ocrx_word' id='word_1_421' title='bbox 3028 2476 3078 2550; x_wconf 79' lang='grc' dir='ltr'>ἐξ</span> <span class='ocrx_word' id='word_1_422' title='bbox 3138 2477 3398 2552; x_wconf 78' lang='grc' dir='ltr'>ἀνάγκης.</span> <span class='ocrx_word' id='word_1_423' title='bbox 3485 2479 3698 2555; x_wconf 82' lang='grc' dir='ltr'>Ἰλαρὸν</span> 
     </span>
    </p>
   </div>
   <div class='ocr_carea' id='block_1_58' title="bbox 2045 2559 3701 2638">
    <p class='ocr_par' dir='ltr' id='par_1_58' title="bbox 2045 2559 3701 2638">
     <span class='ocr_line' id='line_1_58' title="bbox 2045 2559 3701 2638; baseline 0.007 -22"><span class='ocrx_word' id='word_1_424' title='bbox 2045 2563 2150 2638; x_wconf 88' lang='grc' dir='ltr'>γάρ</span> <span class='ocrx_word' id='word_1_425' title='bbox 2182 2559 2345 2632; x_wconf 87' lang='grc' dir='ltr'>δότην</span> <span class='ocrx_word' id='word_1_426' title='bbox 2377 2564 2554 2637; x_wconf 79' lang='grc' dir='ltr'>ἀγαπᾷ</span> <span class='ocrx_word' id='word_1_427' title='bbox 2614 2566 2641 2619; x_wconf 91' lang='lat'>6</span> <span class='ocrx_word' id='word_1_428' title='bbox 2701 2564 2851 2626; x_wconf 86' lang='grc' dir='ltr'>Θεὸς.</span> <span class='ocrx_word' id='word_1_429' title='bbox 2917 2567 3149 2630; x_wconf 85' lang='grc' dir='ltr'>Δυνατὸς</span> <span class='ocrx_word' id='word_1_430' title='bbox 3201 2566 3257 2622; x_wconf 76' lang='grc' dir='ltr'>δὲ</span> <span class='ocrx_word' id='word_1_431' title='bbox 3315 2570 3343 2623; x_wconf 97' lang='lat'>6</span> <span class='ocrx_word' id='word_1_432' title='bbox 3383 2570 3513 2634; x_wconf 82' lang='grc' dir='ltr'>Θεὸς</span> <span class='ocrx_word' id='word_1_433' title='bbox 3595 2576 3701 2626; x_wconf 79' lang='grc' dir='ltr'>πᾶ-</span> 
     </span>
    </p>
   </div>
   <div class='ocr_carea' id='block_1_59' title="bbox 2046 2652 3700 2728">
    <p class='ocr_par' dir='ltr' id='par_1_59' title="bbox 2046 2652 3700 2728">
     <span class='ocr_line' id='line_1_59' title="bbox 2046 2652 3700 2728; baseline 0.007 -23"><span class='ocrx_word' id='word_1_434' title='bbox 2046 2673 2139 2706; x_wconf 91' lang='grc' dir='ltr'>σαν</span> <span class='ocrx_word' id='word_1_435' title='bbox 2171 2652 2333 2726; x_wconf 75' lang='grc' dir='ltr'>χάριν</span> <span class='ocrx_word' id='word_1_436' title='bbox 2429 2658 2770 2728; x_wconf 71' lang='grc' dir='ltr'>περισσεῦσαι</span> <span class='ocrx_word' id='word_1_437' title='bbox 2877 2654 2953 2716; x_wconf 85' lang='grc' dir='ltr'>εἷς</span> <span class='ocrx_word' id='word_1_438' title='bbox 2990 2656 3155 2722; x_wconf 82' lang='grc' dir='ltr'>ὑμᾶς,</span> <span class='ocrx_word' id='word_1_439' title='bbox 3230 2655 3327 2712; x_wconf 73' lang='grc' dir='ltr'>’ίνα</span> <span class='ocrx_word' id='word_1_440' title='bbox 3403 2657 3457 2714; x_wconf 77' lang='grc' dir='ltr'>ἐν</span> <span class='ocrx_word' id='word_1_441' title='bbox 3534 2661 3700 2716; x_wconf 85' lang='grc' dir='ltr'>παντὶ</span> 
     </span>
    </p>
   </div>
   <div class='ocr_carea' id='block_1_60' title="bbox 2045 2739 3702 2823">
    <p class='ocr_par' dir='ltr' id='par_1_60' title="bbox 2045 2739 3702 2823">
     <span class='ocr_line' id='line_1_60' title="bbox 2045 2739 3702 2823; baseline 0.006 -27"><span class='ocrx_word' id='word_1_442' title='bbox 2045 2741 2274 2796; x_wconf 82' lang='grc' dir='ltr'>πάντοτε</span> <span class='ocrx_word' id='word_1_443' title='bbox 2349 2747 2521 2798; x_wconf 82' lang='grc' dir='ltr'>πᾶσαν</span> <span class='ocrx_word' id='word_1_444' title='bbox 2625 2741 2944 2818; x_wconf 77' lang='grc' dir='ltr'>αὐτάρκειαν</span> <span class='ocrx_word' id='word_1_445' title='bbox 3022 2739 3266 2819; x_wconf 77' lang='grc' dir='ltr'>ἔχοντες,</span> <span class='ocrx_word' id='word_1_446' title='bbox 3345 2752 3702 2823; x_wconf 76' lang='grc' dir='ltr'>περισσεύητε</span> 
     </span>
    </p>
   </div>
   <div class='ocr_carea' id='block_1_61' title="bbox 2046 2825 3701 2914">
    <p class='ocr_par' dir='ltr' id='par_1_61' title="bbox 2046 2825 3701 2914">
     <span class='ocr_line' id='line_1_61' title="bbox 2046 2825 3701 2914; baseline 0.005 -29"><span class='ocrx_word' id='word_1_447' title='bbox 2046 2830 2121 2893; x_wconf 67' lang='grc' dir='ltr'>εἷς</span> <span class='ocrx_word' id='word_1_448' title='bbox 2152 2835 2254 2884; x_wconf 82' lang='grc' dir='ltr'>πᾶν</span> <span class='ocrx_word' id='word_1_449' title='bbox 2287 2825 2445 2907; x_wconf 73' lang='grc' dir='ltr'>ἔργον</span> <span class='ocrx_word' id='word_1_450' title='bbox 2479 2831 2698 2907; x_wconf 80' lang='grc' dir='ltr'>ἀγαθὸν,</span> <span class='ocrx_word' id='word_1_451' title='bbox 2730 2834 2912 2896; x_wconf 80' lang='grc' dir='ltr'>καθὼς</span> <span class='ocrx_word' id='word_1_452' title='bbox 2950 2832 3270 2911; x_wconf 70' lang='grc' dir='ltr'>γέγραπται.</span> <span class='ocrx_word' id='word_1_453' title='bbox 3328 2838 3701 2914; x_wconf 73' lang='grc' dir='ltr'>Ἐσκόρπίσεν,</span> 
     </span>
    </p>
   </div>
   <div class='ocr_carea' id='block_1_62' title="bbox 2045 2915 3700 3000">
    <p class='ocr_par' dir='ltr' id='par_1_62' title="bbox 2045 2915 3700 3000">
     <span class='ocr_line' id='line_1_62' title="bbox 2045 2915 3700 3000; baseline 0.006 -26"><span class='ocrx_word' id='word_1_454' title='bbox 2045 2915 2215 2974; x_wconf 77' lang='grc' dir='ltr'>ἔδωκε</span> <span class='ocrx_word' id='word_1_455' title='bbox 2241 2926 2359 2982; x_wconf 87' lang='grc' dir='ltr'>τοῖς</span> <span class='ocrx_word' id='word_1_456' title='bbox 2399 2920 2640 2991; x_wconf 76' lang='grc' dir='ltr'>πένησιν,</span> <span class='ocrx_word' id='word_1_457' title='bbox 2674 2924 2708 2992; x_wconf 78' lang='grc' dir='ltr'>ἠ</span> <span class='ocrx_word' id='word_1_458' title='bbox 2747 2920 3064 2995; x_wconf 76' lang='grc' dir='ltr'>δικαιοσύνη</span> <span class='ocrx_word' id='word_1_459' title='bbox 3099 2925 3267 2980; x_wconf 78' lang='grc' dir='ltr'>αὐτοῦ</span> <span class='ocrx_word' id='word_1_460' title='bbox 3323 2928 3470 3000; x_wconf 70' lang='grc' dir='ltr'>μένει</span> <span class='ocrx_word' id='word_1_461' title='bbox 3504 2930 3578 2991; x_wconf 77' lang='grc' dir='ltr'>εἷς</span> <span class='ocrx_word' id='word_1_462' title='bbox 3608 2931 3700 2986; x_wconf 88' lang='grc' dir='ltr'>τὸν</span> 
     </span>
    </p>
   </div>
   <div class='ocr_carea' id='block_1_63' title="bbox 2046 3007 2234 3065">
    <p class='ocr_par' dir='ltr' id='par_1_63' title="bbox 2046 3007 2234 3065">
     <span class='ocr_line' id='line_1_63' title="bbox 2046 3007 2234 3065; baseline 0.011 -2"><span class='ocrx_word' id='word_1_463' title='bbox 2046 3007 2234 3065; x_wconf 73' lang='grc' dir='ltr'>αἰῶνα.</span> 
     </span>
    </p>
   </div>
   <div class='ocr_carea' id='block_1_64' title="bbox 2120 3097 3702 3179">
    <p class='ocr_par' dir='ltr' id='par_1_64' title="bbox 2120 3097 3702 3179">
     <span class='ocr_line' id='line_1_64' title="bbox 2120 3097 3702 3179; baseline 0.004 -25"><span class='ocrx_word' id='word_1_464' title='bbox 2120 3097 2442 3170; x_wconf 81' lang='grc' dir='ltr'>Φειδωλῶς,</span> <span class='ocrx_word' id='word_1_465' title='bbox 2469 3102 2627 3179; x_wconf 78' lang='grc' dir='ltr'>φησὶ,</span> <span class='ocrx_word' id='word_1_466' title='bbox 2659 3102 2749 3157; x_wconf 82' lang='grc' dir='ltr'>καὶ</span> <span class='ocrx_word' id='word_1_467' title='bbox 2781 3108 3016 3163; x_wconf 79' lang='grc' dir='ltr'>κνιπῶς.</span> <span class='ocrx_word' id='word_1_468' title='bbox 3059 3128 3087 3156; x_wconf 77' lang='grc' dir='ltr'>ι(</span> <span class='ocrx_word' id='word_1_469' title='bbox 3120 3107 3300 3162; x_wconf 76' lang='grc' dir='ltr'>Τοῦτο</span> <span class='ocrx_word' id='word_1_470' title='bbox 3342 3103 3419 3177; x_wconf 70' lang='grc' dir='ltr'>δὲ,</span> <span class='ocrx_word' id='word_1_471' title='bbox 3456 3133 3483 3158; x_wconf 88' lang='grc'><strong>››</strong></span> <span class='ocrx_word' id='word_1_472' title='bbox 3507 3108 3567 3163; x_wconf 85' lang='grc' dir='ltr'>τὸ</span> <span class='ocrx_word' id='word_1_473' title='bbox 3604 3114 3702 3178; x_wconf 84' lang='grc' dir='ltr'>τῆς</span> 
     </span>
    </p>
   </div>
   <div class='ocr_carea' id='block_1_65' title="bbox 2048 3187 3707 3270">
    <p class='ocr_par' dir='ltr' id='par_1_65' title="bbox 2048 3187 3707 3270">
     <span class='ocr_line' id='line_1_65' title="bbox 2048 3187 3707 3270; baseline 0.005 -27"><span class='ocrx_word' id='word_1_474' title='bbox 2048 3187 2665 3270; x_wconf 71' lang='grc' dir='ltr'>ἐλεημοσύνης,φησὶν,</span> <span class='ocrx_word' id='word_1_475' title='bbox 2727 3191 2900 3256; x_wconf 72' lang='grc' dir='ltr'>οὕτως</span> <span class='ocrx_word' id='word_1_476' title='bbox 2965 3190 3082 3268; x_wconf 83' lang='grc' dir='ltr'>ἔχει</span> <span class='ocrx_word' id='word_1_477' title='bbox 3140 3195 3366 3269; x_wconf 83' lang='grc' dir='ltr'>τρόπου.</span> <span class='ocrx_word' id='word_1_478' title='bbox 3436 3197 3538 3252; x_wconf 86' lang='grc' dir='ltr'>Καὶ</span> <span class='ocrx_word' id='word_1_479' title='bbox 3583 3197 3707 3252; x_wconf 82' lang='grc' dir='ltr'>λοι-</span> 
     </span>
    </p>
   </div>
   <div class='ocr_carea' id='block_1_66' title="bbox 2046 3279 3704 3358">
    <p class='ocr_par' dir='ltr' id='par_1_66' title="bbox 2046 3279 3704 3358">
     <span class='ocr_line' id='line_1_66' title="bbox 2046 3279 3704 3358; baseline 0.006 -26"><span class='ocrx_word' id='word_1_480' title='bbox 2046 3279 2146 3332; x_wconf 89' lang='grc' dir='ltr'>πὸν</span> <span class='ocrx_word' id='word_1_481' title='bbox 2180 3280 2380 3352; x_wconf 85' lang='grc' dir='ltr'>σπόρον</span> <span class='ocrx_word' id='word_1_482' title='bbox 2412 3279 2543 3334; x_wconf 78' lang='grc' dir='ltr'>αὐτὸ</span> <span class='ocrx_word' id='word_1_483' title='bbox 2567 3280 2726 3335; x_wconf 85' lang='grc' dir='ltr'>καλεῖ</span> <span class='ocrx_word' id='word_1_484' title='bbox 2754 3282 2848 3335; x_wconf 87' lang='grc' dir='ltr'>ἳνα</span> <span class='ocrx_word' id='word_1_485' title='bbox 2891 3284 3027 3357; x_wconf 85' lang='grc' dir='ltr'>πρὸς</span> <span class='ocrx_word' id='word_1_486' title='bbox 3059 3285 3151 3338; x_wconf 87' lang='grc' dir='ltr'>τὸν</span> <span class='ocrx_word' id='word_1_487' title='bbox 3208 3284 3420 3358; x_wconf 84' lang='grc' dir='ltr'>ἀμητὸν</span> <span class='ocrx_word' id='word_1_488' title='bbox 3483 3285 3704 3342; x_wconf 72' lang='grc' dir='ltr'>ἀπιδόν-</span> 
     </span>
    </p>
   </div>
   <div class='ocr_carea' id='block_1_67' title="bbox 2046 3369 3705 3451">
    <p class='ocr_par' dir='ltr' id='par_1_67' title="bbox 2046 3369 3705 3451">
     <span class='ocr_line' id='line_1_67' title="bbox 2046 3369 3705 3451; baseline 0.004 -27"><span class='ocrx_word' id='word_1_489' title='bbox 2046 3389 2157 3438; x_wconf 90' lang='grc' dir='ltr'>τες,</span> <span class='ocrx_word' id='word_1_490' title='bbox 2199 3370 2286 3422; x_wconf 83' lang='grc' dir='ltr'>καὶ</span> <span class='ocrx_word' id='word_1_491' title='bbox 2319 3369 2402 3422; x_wconf 81' lang='grc' dir='ltr'>δτι</span> <span class='ocrx_word' id='word_1_492' title='bbox 2431 3369 2458 3423; x_wconf 86' lang='grc' dir='ltr'>ὁ</span> <span class='ocrx_word' id='word_1_493' title='bbox 2498 3369 2721 3444; x_wconf 79' lang='grc' dir='ltr'>σπείρας</span> <span class='ocrx_word' id='word_1_494' title='bbox 2777 3369 2964 3427; x_wconf 81' lang='grc' dir='ltr'>πολλὰ</span> <span class='ocrx_word' id='word_1_495' title='bbox 3021 3372 3110 3427; x_wconf 86' lang='grc' dir='ltr'>καὶ</span> <span class='ocrx_word' id='word_1_496' title='bbox 3169 3373 3357 3449; x_wconf 81' lang='grc' dir='ltr'>ὀλίγα,</span> <span class='ocrx_word' id='word_1_497' title='bbox 3415 3375 3705 3451; x_wconf 84' lang='grc' dir='ltr'>ἀναλόγως</span> 
     </span>
    </p>
   </div>
   <div class='ocr_carea' id='block_1_68' title="bbox 2051 3457 3702 3541">
    <p class='ocr_par' dir='ltr' id='par_1_68' title="bbox 2051 3457 3702 3541">
     <span class='ocr_line' id='line_1_68' title="bbox 2051 3457 3702 3541; baseline 0.007 -28"><span class='ocrx_word' id='word_1_498' title='bbox 2051 3457 2271 3532; x_wconf 76' lang='grc' dir='ltr'>θερίζει,</span> <span class='ocrx_word' id='word_1_499' title='bbox 2304 3459 2705 3534; x_wconf 84' lang='grc' dir='ltr'>προθυμότεροι</span> <span class='ocrx_word' id='word_1_500' title='bbox 2779 3461 2916 3532; x_wconf 87' lang='grc' dir='ltr'>πρὸς</span> <span class='ocrx_word' id='word_1_501' title='bbox 2955 3464 3053 3531; x_wconf 74' lang='grc' dir='ltr'>τήν</span> <span class='ocrx_word' id='word_1_502' title='bbox 3112 3463 3365 3540; x_wconf 70' lang='grc' dir='ltr'>εἰσφορὰν</span> <span class='ocrx_word' id='word_1_503' title='bbox 3417 3467 3702 3541; x_wconf 74' lang='grc' dir='ltr'>γένωνται.</span> 
     </span>
    </p>
   </div>
   <div class='ocr_carea' id='block_1_69' title="bbox 281 3548 1933 3648">
    <p class='ocr_par' dir='ltr' id='par_1_69' title="bbox 281 3549 1930 3620">
     <span class='ocr_line' id='line_1_69' title="bbox 281 3549 1930 3620; baseline 0 -16"><span class='ocrx_word' id='word_1_504' title='bbox 281 3566 376 3604; x_wconf 87' lang='lat' dir='ltr'>res</span> <span class='ocrx_word' id='word_1_505' title='bbox 403 3550 549 3605; x_wconf 86' lang='lat' dir='ltr'>fiant</span> <span class='ocrx_word' id='word_1_506' title='bbox 571 3551 645 3605; x_wconf 90' lang='lat' dir='ltr'>ad</span> <span class='ocrx_word' id='word_1_507' title='bbox 676 3550 1078 3606; x_wconf 81' lang='lat' dir='ltr'>collationem.</span> <span class='ocrx_word' id='word_1_508' title='bbox 1114 3572 1141 3601; x_wconf 87' lang='lat'>«</span> <span class='ocrx_word' id='word_1_509' title='bbox 1176 3552 1242 3604; x_wconf 88' lang='lat' dir='ltr'>Et</span> <span class='ocrx_word' id='word_1_510' title='bbox 1274 3550 1374 3620; x_wconf 89' lang='lat' dir='ltr'>qui</span> <span class='ocrx_word' id='word_1_511' title='bbox 1407 3555 1738 3605; x_wconf 82' lang='lat' dir='ltr'>sementem</span> <span class='ocrx_word' id='word_1_512' title='bbox 1789 3549 1930 3604; x_wconf 80' lang='lat' dir='ltr'>facit</span> 
     </span>
    </p>
   </div>
   <div class='ocr_carea' id='block_1_70' title="bbox 2043 3548 3701 3648">
    <p class='ocr_par' dir='ltr' id='par_1_70' title="bbox 2048 3548 3701 3630">
     <span class='ocr_line' id='line_1_70' title="bbox 2048 3548 3701 3630; baseline 0.006 -29"><span class='ocrx_word' id='word_1_513' title='bbox 2048 3570 2081 3601; x_wconf 74' lang='lat' dir='ltr'>cr</span> <span class='ocrx_word' id='word_1_514' title='bbox 2114 3548 2209 3604; x_wconf 82' lang='grc' dir='ltr'>Καὶ</span> <span class='ocrx_word' id='word_1_515' title='bbox 2244 3549 2271 3602; x_wconf 91' lang='lat'>6</span> <span class='ocrx_word' id='word_1_516' title='bbox 2305 3548 2538 3623; x_wconf 90' lang='grc' dir='ltr'>σπείρων</span> <span class='ocrx_word' id='word_1_517' title='bbox 2590 3549 2672 3604; x_wconf 67' lang='grc' dir='ltr'>ἐπ’</span> <span class='ocrx_word' id='word_1_518' title='bbox 2745 3548 3041 3627; x_wconf 82' lang='grc' dir='ltr'>εὐλογίαις.</span> <span class='ocrx_word' id='word_1_519' title='bbox 3101 3577 3129 3604; x_wconf 85' lang='grc'><strong>››</strong></span> <span class='ocrx_word' id='word_1_520' title='bbox 3192 3555 3342 3610; x_wconf 74' lang='grc' dir='ltr'>Μετὰ</span> <span class='ocrx_word' id='word_1_521' title='bbox 3396 3551 3701 3630; x_wconf 86' lang='grc' dir='ltr'>δαψιλείας,</span> 
     </span>
    </p>
   </div>
   <div class='ocr_carea' id='block_1_71' title="bbox 285 3638 1928 3712">
    <p class='ocr_par' dir='ltr' id='par_1_71' title="bbox 285 3638 1928 3712">
     <span class='ocr_line' id='line_1_71' title="bbox 285 3638 1928 3712; baseline 0.001 -18"><span class='ocrx_word' id='word_1_522' title='bbox 285 3641 345 3696; x_wconf 89' lang='lat' dir='ltr'>in</span> <span class='ocrx_word' id='word_1_523' title='bbox 377 3640 839 3711; x_wconf 84' lang='lat' dir='ltr'>magnificentia.</span> <span class='ocrx_word' id='word_1_524' title='bbox 884 3663 911 3688; x_wconf 87' lang='grc'>››</span> <span class='ocrx_word' id='word_1_525' title='bbox 958 3639 1226 3707; x_wconf 83' lang='lat' dir='ltr'>Abunde,</span> <span class='ocrx_word' id='word_1_526' title='bbox 1273 3639 1489 3710; x_wconf 86' lang='lat' dir='ltr'>inquit,</span> <span class='ocrx_word' id='word_1_527' title='bbox 1549 3645 1606 3694; x_wconf 89' lang='lat' dir='ltr'>et</span> <span class='ocrx_word' id='word_1_528' title='bbox 1666 3638 1928 3712; x_wconf 81' lang='lat' dir='ltr'>largiter.</span> 
     </span>
    </p>
   </div>
   <div class='ocr_carea' id='block_1_72' title="bbox 283 3728 1935 3801">
    <p class='ocr_par' dir='ltr' id='par_1_72' title="bbox 283 3728 1935 3801">
     <span class='ocr_line' id='line_1_72' title="bbox 283 3728 1935 3801; baseline 0.002 -21"><span class='ocrx_word' id='word_1_529' title='bbox 283 3751 310 3780; x_wconf 83' lang='lat'><strong><em>«</em></strong></span> <span class='ocrx_word' id='word_1_530' title='bbox 363 3730 777 3800; x_wconf 86' lang='lat' dir='ltr'>Unusquisque</span> <span class='ocrx_word' id='word_1_531' title='bbox 827 3731 999 3799; x_wconf 82' lang='lat' dir='ltr'>juxta</span> <span class='ocrx_word' id='word_1_532' title='bbox 1050 3730 1419 3801; x_wconf 88' lang='lat' dir='ltr'>propositum</span> <span class='ocrx_word' id='word_1_533' title='bbox 1476 3729 1694 3784; x_wconf 84' lang='lat' dir='ltr'>cordis.</span> <span class='ocrx_word' id='word_1_534' title='bbox 1759 3750 1787 3777; x_wconf 83' lang='grc'><strong>››</strong></span> <span class='ocrx_word' id='word_1_535' title='bbox 1849 3728 1935 3784; x_wconf 85' lang='lat' dir='ltr'>Ad</span> 
     </span>
    </p>
   </div>
   <div class='ocr_carea' id='block_1_73' title="bbox 286 3817 1936 3891">
    <p class='ocr_par' dir='ltr' id='par_1_73' title="bbox 286 3817 1936 3891">
     <span class='ocr_line' id='line_1_73' title="bbox 286 3817 1936 3891; baseline 0.001 -18"><span class='ocrx_word' id='word_1_536' title='bbox 286 3820 485 3891; x_wconf 88' lang='lat' dir='ltr'>priora</span> <span class='ocrx_word' id='word_1_537' title='bbox 508 3821 682 3883; x_wconf 88' lang='lat' dir='ltr'>redit,</span> <span class='ocrx_word' id='word_1_538' title='bbox 706 3820 909 3875; x_wconf 89' lang='lat' dir='ltr'>dicens</span> <span class='ocrx_word' id='word_1_539' title='bbox 939 3819 1390 3890; x_wconf 89' lang='lat' dir='ltr'>propemodum.</span> <span class='ocrx_word' id='word_1_540' title='bbox 1425 3820 1506 3873; x_wconf 89' lang='lat' dir='ltr'>Ea</span> <span class='ocrx_word' id='word_1_541' title='bbox 1536 3817 1777 3890; x_wconf 92' lang='lat' dir='ltr'>quidem</span> <span class='ocrx_word' id='word_1_542' title='bbox 1803 3835 1936 3889; x_wconf 79' lang='lat' dir='ltr'>quoa</span> 
     </span>
    </p>
   </div>
   <div class='ocr_carea' id='block_1_74' title="bbox 285 3910 1936 3982">
    <p class='ocr_par' dir='ltr' id='par_1_74' title="bbox 285 3910 1936 3982">
     <span class='ocr_line' id='line_1_74' title="bbox 285 3910 1936 3982; baseline -0.002 -16"><span class='ocrx_word' id='word_1_543' title='bbox 285 3911 357 3966; x_wconf 89' lang='lat' dir='ltr'>de</span> <span class='ocrx_word' id='word_1_544' title='bbox 390 3911 768 3982; x_wconf 89' lang='lat' dir='ltr'>eleemosyna</span> <span class='ocrx_word' id='word_1_545' title='bbox 809 3910 926 3964; x_wconf 91' lang='lat' dir='ltr'>dici</span> <span class='ocrx_word' id='word_1_546' title='bbox 957 3915 1191 3982; x_wconf 87' lang='lat' dir='ltr'>oportet</span> <span class='ocrx_word' id='word_1_547' title='bbox 1238 3910 1362 3965; x_wconf 67' lang='lat' dir='ltr'>haec</span> <span class='ocrx_word' id='word_1_548' title='bbox 1420 3914 1602 3964; x_wconf 90' lang='lat' dir='ltr'>sunt:</span> <span class='ocrx_word' id='word_1_549' title='bbox 1655 3913 1936 3964; x_wconf 66' lang='lat' dir='ltr'>casterum</span> 
     </span>
    </p>
   </div>
   <div class='ocr_carea' id='block_1_75' title="bbox 285 3998 1945 4071">
    <p class='ocr_par' dir='ltr' id='par_1_75' title="bbox 285 3998 1945 4071">
     <span class='ocr_line' id='line_1_75' title="bbox 285 3998 1945 4071; baseline -0.001 -17"><span class='ocrx_word' id='word_1_550' title='bbox 285 4001 696 4071; x_wconf 85' lang='lat' dir='ltr'>unusquisque</span> <span class='ocrx_word' id='word_1_551' title='bbox 737 4001 820 4055; x_wconf 89' lang='lat' dir='ltr'>ita</span> <span class='ocrx_word' id='word_1_552' title='bbox 875 3999 1097 4054; x_wconf 88' lang='lat' dir='ltr'>tribuat</span> <span class='ocrx_word' id='word_1_553' title='bbox 1149 3999 1321 4055; x_wconf 89' lang='lat' dir='ltr'>sicuti</span> <span class='ocrx_word' id='word_1_554' title='bbox 1371 3998 1699 4069; x_wconf 89' lang='lat' dir='ltr'>proposuit.</span> <span class='ocrx_word' id='word_1_555' title='bbox 1725 4021 1752 4048; x_wconf 83' lang='lat'>«</span> <span class='ocrx_word' id='word_1_556' title='bbox 1810 3999 1945 4052; x_wconf 84' lang='lat' dir='ltr'>Non&#39;</span> 
     </span>
    </p>
   </div>
   <div class='ocr_carea' id='block_1_76' title="bbox 283 4088 1938 4156">
    <p class='ocr_par' dir='ltr' id='par_1_76' title="bbox 283 4088 1938 4156">
     <span class='ocr_line' id='line_1_76' title="bbox 283 4088 1938 4156; baseline -0.003 -11"><span class='ocrx_word' id='word_1_557' title='bbox 283 4107 352 4145; x_wconf 84' lang='lat' dir='ltr'>ex</span> <span class='ocrx_word' id='word_1_558' title='bbox 386 4107 656 4144; x_wconf 73' lang='lat' dir='ltr'>mmrore.</span> <span class='ocrx_word' id='word_1_559' title='bbox 694 4111 721 4137; x_wconf 83' lang='lat'><strong>»</strong></span> <span class='ocrx_word' id='word_1_560' title='bbox 754 4091 879 4145; x_wconf 86' lang='lat' dir='ltr'>Non</span> <span class='ocrx_word' id='word_1_561' title='bbox 909 4091 1070 4144; x_wconf 88' lang='lat' dir='ltr'>enim</span> <span class='ocrx_word' id='word_1_562' title='bbox 1105 4089 1352 4144; x_wconf 85' lang='lat' dir='ltr'>avaritia</span> <span class='ocrx_word' id='word_1_563' title='bbox 1382 4094 1482 4142; x_wconf 86' lang='lat' dir='ltr'>aut</span> <span class='ocrx_word' id='word_1_564' title='bbox 1511 4088 1743 4142; x_wconf 88' lang='lat' dir='ltr'>lucrum</span> <span class='ocrx_word' id='word_1_565' title='bbox 1781 4103 1938 4156; x_wconf 74' lang='lat' dir='ltr'>quaa-</span> 
     </span>
    </p>
   </div>
   <div class='ocr_carea' id='block_1_77' title="bbox 283 4175 1936 4234">
    <p class='ocr_par' dir='ltr' id='par_1_77' title="bbox 283 4175 1936 4234">
     <span class='ocr_line' id='line_1_77' title="bbox 283 4175 1936 4234; baseline -0.001 -4"><span class='ocrx_word' id='word_1_566' title='bbox 283 4178 556 4234; x_wconf 91' lang='lat' dir='ltr'>rendum.</span> <span class='ocrx_word' id='word_1_567' title='bbox 593 4200 620 4227; x_wconf 84' lang='lat'><strong><em>«</em></strong></span> <span class='ocrx_word' id='word_1_568' title='bbox 652 4181 765 4234; x_wconf 85' lang='lat' dir='ltr'>Aut</span> <span class='ocrx_word' id='word_1_569' title='bbox 806 4194 876 4233; x_wconf 87' lang='lat' dir='ltr'>ex</span> <span class='ocrx_word' id='word_1_570' title='bbox 935 4178 1311 4234; x_wconf 89' lang='lat' dir='ltr'>necessitate.</span> <span class='ocrx_word' id='word_1_571' title='bbox 1349 4199 1374 4224; x_wconf 83' lang='grc'><strong>››</strong></span> <span class='ocrx_word' id='word_1_572' title='bbox 1432 4176 1740 4231; x_wconf 86' lang='lat' dir='ltr'>Neminem</span> <span class='ocrx_word' id='word_1_573' title='bbox 1773 4175 1936 4230; x_wconf 88' lang='lat' dir='ltr'>enim</span> 
     </span>
    </p>
   </div>
   <div class='ocr_carea' id='block_1_78' title="bbox 283 4265 1932 4338">
    <p class='ocr_par' dir='ltr' id='par_1_78' title="bbox 283 4265 1932 4338">
     <span class='ocr_line' id='line_1_78' title="bbox 283 4265 1932 4338; baseline -0.001 -18"><span class='ocrx_word' id='word_1_574' title='bbox 283 4268 568 4338; x_wconf 77' lang='lat' dir='ltr'>cogimus,</span> <span class='ocrx_word' id='word_1_575' title='bbox 603 4267 812 4337; x_wconf 88' lang='lat' dir='ltr'>inquit.</span> <span class='ocrx_word' id='word_1_576' title='bbox 847 4269 912 4323; x_wconf 90' lang='lat' dir='ltr'>In</span> <span class='ocrx_word' id='word_1_577' title='bbox 962 4267 1372 4338; x_wconf 88' lang='lat' dir='ltr'>superioribus</span> <span class='ocrx_word' id='word_1_578' title='bbox 1422 4280 1682 4334; x_wconf 87' lang='lat' dir='ltr'>namque</span> <span class='ocrx_word' id='word_1_579' title='bbox 1739 4265 1932 4319; x_wconf 84' lang='lat' dir='ltr'>dixit:</span> 
     </span>
    </p>
   </div>
   <div class='ocr_carea' id='block_1_79' title="bbox 287 4355 1935 4427">
    <p class='ocr_par' dir='ltr' id='par_1_79' title="bbox 287 4355 1935 4427">
     <span class='ocr_line' id='line_1_79' title="bbox 287 4355 1935 4427; baseline -0.001 -17"><span class='ocrx_word' id='word_1_580' title='bbox 287 4377 314 4406; x_wconf 90' lang='grc'><strong>‹‹</strong></span> <span class='ocrx_word' id='word_1_581' title='bbox 342 4359 467 4411; x_wconf 80' lang='lat' dir='ltr'>Non</span> <span class='ocrx_word' id='word_1_582' title='bbox 498 4356 842 4427; x_wconf 87' lang='lat' dir='ltr'>imperando</span> <span class='ocrx_word' id='word_1_583' title='bbox 875 4358 1090 4426; x_wconf 93' lang='lat' dir='ltr'>loquor</span> <span class='ocrx_word' id='word_1_584' title='bbox 1117 4356 1163 4390; x_wconf 78' lang='grc'>⁸⁵</span> <span class='ocrx_word' id='word_1_585' title='bbox 1199 4372 1211 4420; x_wconf 93' lang='grc'><strong>;</strong></span> <span class='ocrx_word' id='word_1_586' title='bbox 1248 4377 1276 4403; x_wconf 88' lang='grc'>››</span> <span class='ocrx_word' id='word_1_587' title='bbox 1311 4360 1368 4409; x_wconf 91' lang='lat' dir='ltr'>et</span> <span class='ocrx_word' id='word_1_588' title='bbox 1419 4370 1654 4409; x_wconf 85' lang='lat' dir='ltr'>rursum</span> <span class='ocrx_word' id='word_1_589' title='bbox 1681 4369 1693 4406; x_wconf 92' lang='lat'><strong>:</strong></span> <span class='ocrx_word' id='word_1_590' title='bbox 1728 4373 1757 4403; x_wconf 86' lang='lat'><strong><em>«</em></strong></span> <span class='ocrx_word' id='word_1_591' title='bbox 1785 4355 1935 4408; x_wconf 87' lang='lat' dir='ltr'>Con-</span> 
     </span>
    </p>
   </div>
   <div class='ocr_carea' id='block_1_80' title="bbox 285 4442 1937 4504">
    <p class='ocr_par' dir='ltr' id='par_1_80' title="bbox 285 4442 1937 4504">
     <span class='ocr_line' id='line_1_80' title="bbox 285 4442 1937 4504; baseline -0.005 0"><span class='ocrx_word' id='word_1_592' title='bbox 285 4447 483 4504; x_wconf 88' lang='lat' dir='ltr'>silium</span> <span class='ocrx_word' id='word_1_593' title='bbox 515 4453 713 4502; x_wconf 89' lang='lat' dir='ltr'>autem</span> <span class='ocrx_word' id='word_1_594' title='bbox 744 4447 818 4502; x_wconf 95' lang='lat' dir='ltr'>do</span> <span class='ocrx_word' id='word_1_595' title='bbox 861 4445 925 4499; x_wconf 80' lang='grc'>⁸⁶.</span> <span class='ocrx_word' id='word_1_596' title='bbox 962 4467 990 4494; x_wconf 83' lang='grc'><strong>››</strong></span> <span class='ocrx_word' id='word_1_597' title='bbox 1048 4475 1118 4485; x_wconf 91' lang='lat'>—-</span> <span class='ocrx_word' id='word_1_598' title='bbox 1175 4465 1197 4494; x_wconf 80' lang='grc' dir='ltr'>ι</span> <span class='ocrx_word' id='word_1_599' title='bbox 1255 4445 1398 4498; x_wconf 90' lang='lat' dir='ltr'>Nam</span> <span class='ocrx_word' id='word_1_600' title='bbox 1459 4442 1710 4498; x_wconf 90' lang='lat' dir='ltr'>hilarem</span> <span class='ocrx_word' id='word_1_601' title='bbox 1769 4443 1937 4498; x_wconf 89' lang='lat' dir='ltr'>dato-</span> 
     </span>
    </p>
   </div>
   <div class='ocr_carea' id='block_1_81' title="bbox 283 4533 1937 4608">
    <p class='ocr_par' dir='ltr' id='par_1_81' title="bbox 283 4533 1937 4608">
     <span class='ocr_line' id='line_1_81' title="bbox 283 4533 1937 4608; baseline -0.003 -16"><span class='ocrx_word' id='word_1_602' title='bbox 283 4555 408 4592; x_wconf 90' lang='lat' dir='ltr'>rem</span> <span class='ocrx_word' id='word_1_603' title='bbox 441 4537 634 4608; x_wconf 83' lang='lat' dir='ltr'>diligit</span> <span class='ocrx_word' id='word_1_604' title='bbox 658 4538 828 4593; x_wconf 90' lang='lat' dir='ltr'>Deus.</span> <span class='ocrx_word' id='word_1_605' title='bbox 867 4558 894 4583; x_wconf 89' lang='grc'>››</span> <span class='ocrx_word' id='word_1_606' title='bbox 925 4533 1288 4591; x_wconf 89' lang='lat' dir='ltr'>Testimonio</span> <span class='ocrx_word' id='word_1_607' title='bbox 1329 4549 1565 4604; x_wconf 90' lang='lat' dir='ltr'>quoque</span> <span class='ocrx_word' id='word_1_608' title='bbox 1625 4533 1937 4588; x_wconf 84' lang='lat' dir='ltr'>conﬁrmat</span> 
     </span>
    </p>
   </div>
   <div class='ocr_carea' id='block_1_82' title="bbox 281 4623 1934 4698">
    <p class='ocr_par' dir='ltr' id='par_1_82' title="bbox 281 4623 1934 4698">
     <span class='ocr_line' id='line_1_82' title="bbox 281 4623 1934 4698; baseline -0.002 -16"><span class='ocrx_word' id='word_1_609' title='bbox 281 4627 438 4698; x_wconf 92' lang='lat' dir='ltr'>quod</span> <span class='ocrx_word' id='word_1_610' title='bbox 469 4644 538 4682; x_wconf 87' lang='lat' dir='ltr'>ex</span> <span class='ocrx_word' id='word_1_611' title='bbox 570 4641 821 4682; x_wconf 66' lang='lat' dir='ltr'>maerore</span> <span class='ocrx_word' id='word_1_612' title='bbox 853 4625 994 4679; x_wconf 91' lang='lat' dir='ltr'>dare</span> <span class='ocrx_word' id='word_1_613' title='bbox 1025 4640 1146 4678; x_wconf 91' lang='lat' dir='ltr'>non</span> <span class='ocrx_word' id='word_1_614' title='bbox 1196 4628 1485 4694; x_wconf 87' lang='lat' dir='ltr'>oporteat,</span> <span class='ocrx_word' id='word_1_615' title='bbox 1521 4645 1549 4672; x_wconf 89' lang='grc'>«</span> <span class='ocrx_word' id='word_1_616' title='bbox 1612 4623 1683 4679; x_wconf 90' lang='lat' dir='ltr'>Ut</span> <span class='ocrx_word' id='word_1_617' title='bbox 1739 4623 1934 4678; x_wconf 89' lang='lat' dir='ltr'>omnis</span> 
     </span>
    </p>
   </div>
   <div class='ocr_carea' id='block_1_83' title="bbox 279 4713 1934 4791">
    <p class='ocr_par' dir='ltr' id='par_1_83' title="bbox 279 4713 1934 4791">
     <span class='ocr_line' id='line_1_83' title="bbox 279 4713 1934 4791; baseline -0.002 -19"><span class='ocrx_word' id='word_1_618' title='bbox 279 4718 465 4791; x_wconf 88' lang='lat' dir='ltr'>gratia</span> <span class='ocrx_word' id='word_1_619' title='bbox 486 4719 546 4772; x_wconf 91' lang='lat' dir='ltr'>in</span> <span class='ocrx_word' id='word_1_620' title='bbox 573 4733 673 4770; x_wconf 88' lang='lat' dir='ltr'>vos</span> <span class='ocrx_word' id='word_1_621' title='bbox 701 4715 1003 4770; x_wconf 83' lang='lat' dir='ltr'>exuberet.</span> <span class='ocrx_word' id='word_1_622' title='bbox 1040 4737 1067 4763; x_wconf 87' lang='grc'><strong>››</strong></span> <span class='ocrx_word' id='word_1_623' title='bbox 1099 4714 1326 4783; x_wconf 90' lang='lat' dir='ltr'>Omnis,</span> <span class='ocrx_word' id='word_1_624' title='bbox 1353 4713 1566 4784; x_wconf 89' lang='lat' dir='ltr'>inquit,</span> <span class='ocrx_word' id='word_1_625' title='bbox 1586 4713 1775 4786; x_wconf 85' lang='lat' dir='ltr'>gratia</span> <span class='ocrx_word' id='word_1_626' title='bbox 1813 4719 1934 4768; x_wconf 90' lang='lat' dir='ltr'>tam</span> 
     </span>
    </p>
   </div>
   <div class='ocr_carea' id='block_1_84' title="bbox 279 4801 1933 4877">
    <p class='ocr_par' dir='ltr' id='par_1_84' title="bbox 279 4801 1933 4877">
     <span class='ocr_line' id='line_1_84' title="bbox 279 4801 1933 4877; baseline -0.004 -16"><span class='ocrx_word' id='word_1_627' title='bbox 279 4806 679 4877; x_wconf 83' lang='lat' dir='ltr'>spiritualium</span> <span class='ocrx_word' id='word_1_628' title='bbox 713 4821 888 4875; x_wconf 89' lang='lat' dir='ltr'>quam</span> <span class='ocrx_word' id='word_1_629' title='bbox 923 4803 1252 4858; x_wconf 87' lang='lat' dir='ltr'>carnalium</span> <span class='ocrx_word' id='word_1_630' title='bbox 1304 4819 1524 4868; x_wconf 91' lang='lat' dir='ltr'>rerum,</span> <span class='ocrx_word' id='word_1_631' title='bbox 1580 4809 1644 4856; x_wconf 93' lang='lat' dir='ltr'>ut</span> <span class='ocrx_word' id='word_1_632' title='bbox 1697 4801 1933 4858; x_wconf 87' lang='lat' dir='ltr'>abunde</span> 
     </span>
    </p>
   </div>
   <div class='ocr_carea' id='block_1_85' title="bbox 279 4891 1936 4966">
    <p class='ocr_par' dir='ltr' id='par_1_85' title="bbox 279 4891 1936 4966">
     <span class='ocr_line' id='line_1_85' title="bbox 279 4891 1936 4966; baseline -0.003 -17"><span class='ocrx_word' id='word_1_633' title='bbox 279 4896 517 4966; x_wconf 88' lang='lat' dir='ltr'>possitis</span> <span class='ocrx_word' id='word_1_634' title='bbox 549 4894 830 4948; x_wconf 85' lang='lat' dir='ltr'>tribuere.</span> <span class='ocrx_word' id='word_1_635' title='bbox 865 4897 981 4948; x_wconf 85' lang='lat' dir='ltr'>Aut</span> <span class='ocrx_word' id='word_1_636' title='bbox 1010 4892 1169 4964; x_wconf 89' lang='lat' dir='ltr'>quod</span> <span class='ocrx_word' id='word_1_637' title='bbox 1194 4897 1388 4964; x_wconf 87' lang='lat' dir='ltr'>potest</span> <span class='ocrx_word' id='word_1_638' title='bbox 1413 4893 1584 4957; x_wconf 90' lang='lat' dir='ltr'>Deus,</span> <span class='ocrx_word' id='word_1_639' title='bbox 1617 4891 1781 4946; x_wconf 81' lang='lat' dir='ltr'>vobis</span> <span class='ocrx_word' id='word_1_640' title='bbox 1803 4907 1936 4946; x_wconf 88' lang='lat' dir='ltr'>car-</span> 
     </span>
    </p>
   </div>
   <div class='ocr_carea' id='block_1_86' title="bbox 282 4981 1931 5053">
    <p class='ocr_par' dir='ltr' id='par_1_86' title="bbox 282 4981 1931 5053">
     <span class='ocr_line' id='line_1_86' title="bbox 282 4981 1931 5053; baseline -0.003 -15"><span class='ocrx_word' id='word_1_641' title='bbox 282 4983 444 5038; x_wconf 91' lang='lat' dir='ltr'>nalia</span> <span class='ocrx_word' id='word_1_642' title='bbox 465 4999 531 5037; x_wconf 92' lang='lat' dir='ltr'>ac</span> <span class='ocrx_word' id='word_1_643' title='bbox 562 4997 738 5053; x_wconf 88' lang='lat' dir='ltr'>parva</span> <span class='ocrx_word' id='word_1_644' title='bbox 772 4981 1190 5044; x_wconf 88' lang='lat' dir='ltr'>tribuentibus,</span> <span class='ocrx_word' id='word_1_645' title='bbox 1230 4981 1568 5052; x_wconf 89' lang='lat' dir='ltr'>spiritualia</span> <span class='ocrx_word' id='word_1_646' title='bbox 1598 4995 1931 5050; x_wconf 86' lang='lat' dir='ltr'>magnaque</span> 
     </span>
    </p>
   </div>
   <div class='ocr_carea' id='block_1_87' title="bbox 283 5067 1929 5144">
    <p class='ocr_par' dir='ltr' id='par_1_87' title="bbox 283 5067 1929 5144">
     <span class='ocr_line' id='line_1_87' title="bbox 283 5067 1929 5144; baseline -0.004 -16"><span class='ocrx_word' id='word_1_647' title='bbox 283 5072 631 5144; x_wconf 89' lang='lat' dir='ltr'>rependere,</span> <span class='ocrx_word' id='word_1_648' title='bbox 666 5077 723 5126; x_wconf 92' lang='lat' dir='ltr'>et</span> <span class='ocrx_word' id='word_1_649' title='bbox 755 5073 948 5129; x_wconf 82' lang='lat' dir='ltr'>facere</span> <span class='ocrx_word' id='word_1_650' title='bbox 981 5076 1044 5124; x_wconf 90' lang='lat' dir='ltr'>ut</span> <span class='ocrx_word' id='word_1_651' title='bbox 1077 5071 1418 5125; x_wconf 80' lang='lat' dir='ltr'>exuberent.</span> <span class='ocrx_word' id='word_1_652' title='bbox 1453 5072 1579 5124; x_wconf 90' lang='lat' dir='ltr'>Non</span> <span class='ocrx_word' id='word_1_653' title='bbox 1610 5067 1929 5131; x_wconf 88' lang='lat' dir='ltr'>solum,in-</span> 
     </span>
    </p>
   </div>
   <div class='ocr_carea' id='block_1_88' title="bbox 284 5161 1932 5235">
    <p class='ocr_par' dir='ltr' id='par_1_88' title="bbox 284 5161 1932 5235">
     <span class='ocr_line' id='line_1_88' title="bbox 284 5161 1932 5235; baseline -0.002 -18"><span class='ocrx_word' id='word_1_654' title='bbox 284 5164 430 5235; x_wconf 88' lang='lat' dir='ltr'>quit,</span> <span class='ocrx_word' id='word_1_655' title='bbox 487 5162 758 5232; x_wconf 89' lang='lat' dir='ltr'>implere,</span> <span class='ocrx_word' id='word_1_656' title='bbox 792 5178 995 5217; x_wconf 86' lang='lat' dir='ltr'>verum</span> <span class='ocrx_word' id='word_1_657' title='bbox 1065 5161 1244 5216; x_wconf 88' lang='lat' dir='ltr'>etiam</span> <span class='ocrx_word' id='word_1_658' title='bbox 1301 5162 1457 5216; x_wconf 88' lang='lat' dir='ltr'>ultra</span> <span class='ocrx_word' id='word_1_659' title='bbox 1514 5161 1932 5216; x_wconf 84' lang='lat' dir='ltr'>necessitatem</span> 
     </span>
    </p>
   </div>
   <div class='ocr_carea' id='block_1_89' title="bbox 285 5249 1933 5319">
    <p class='ocr_par' dir='ltr' id='par_1_89' title="bbox 285 5249 1933 5319">
     <span class='ocr_line' id='line_1_89' title="bbox 285 5249 1933 5319; baseline -0.004 -12"><span class='ocrx_word' id='word_1_660' title='bbox 285 5253 446 5307; x_wconf 89' lang='lat' dir='ltr'>dare.</span> <span class='ocrx_word' id='word_1_661' title='bbox 485 5274 506 5298; x_wconf 75' lang='grc' dir='ltr'>ε</span> <span class='ocrx_word' id='word_1_662' title='bbox 543 5251 788 5306; x_wconf 89' lang='lat' dir='ltr'>Omnem</span> <span class='ocrx_word' id='word_1_663' title='bbox 823 5250 1266 5305; x_wconf 86' lang='lat' dir='ltr'>sufficientiam.</span> <span class='ocrx_word' id='word_1_664' title='bbox 1298 5273 1325 5299; x_wconf 86' lang='lat'>»</span> <span class='ocrx_word' id='word_1_665' title='bbox 1357 5249 1679 5306; x_wconf 83' lang='lat' dir='ltr'>Considera</span> <span class='ocrx_word' id='word_1_666' title='bbox 1696 5249 1933 5319; x_wconf 82' lang='lat' dir='ltr'>sapien-</span> 
     </span>
    </p>
   </div>
   <div class='ocr_carea' id='block_1_90' title="bbox 283 5338 1931 5409">
    <p class='ocr_par' dir='ltr' id='par_1_90' title="bbox 283 5338 1931 5409">
     <span class='ocr_line' id='line_1_90' title="bbox 283 5338 1931 5409; baseline -0.004 -12"><span class='ocrx_word' id='word_1_667' title='bbox 283 5344 445 5397; x_wconf 89' lang='lat' dir='ltr'>tiam.</span> <span class='ocrx_word' id='word_1_668' title='bbox 480 5342 544 5394; x_wconf 91' lang='lat' dir='ltr'>In</span> <span class='ocrx_word' id='word_1_669' title='bbox 576 5339 916 5393; x_wconf 87' lang='lat' dir='ltr'>carnalibus</span> <span class='ocrx_word' id='word_1_670' title='bbox 975 5339 1400 5394; x_wconf 83' lang='lat' dir='ltr'>sufﬁcientiam</span> <span class='ocrx_word' id='word_1_671' title='bbox 1433 5338 1578 5409; x_wconf 90' lang='lat' dir='ltr'>ipsis</span> <span class='ocrx_word' id='word_1_672' title='bbox 1610 5343 1885 5407; x_wconf 86' lang='lat' dir='ltr'>precatur</span> <span class='ocrx_word' id='word_1_673' title='bbox 1917 5353 1931 5390; x_wconf 90' lang='lat'><strong>:</strong></span> 
     </span>
    </p>
   </div>
   <div class='ocr_carea' id='block_1_91' title="bbox 281 5426 1928 5500">
    <p class='ocr_par' dir='ltr' id='par_1_91' title="bbox 281 5426 1928 5500">
     <span class='ocr_line' id='line_1_91' title="bbox 281 5426 1928 5500; baseline -0.004 -15"><span class='ocrx_word' id='word_1_674' title='bbox 281 5439 340 5486; x_wconf 80' lang='lat' dir='ltr'>at</span> <span class='ocrx_word' id='word_1_675' title='bbox 371 5432 428 5485; x_wconf 90' lang='lat' dir='ltr'>in</span> <span class='ocrx_word' id='word_1_676' title='bbox 462 5427 876 5500; x_wconf 84' lang='lat' dir='ltr'>spiritualibus</span> <span class='ocrx_word' id='word_1_677' title='bbox 933 5427 1379 5482; x_wconf 79' lang='lat' dir='ltr'>exuberantiam</span> <span class='ocrx_word' id='word_1_678' title='bbox 1428 5433 1484 5482; x_wconf 93' lang='lat' dir='ltr'>et</span> <span class='ocrx_word' id='word_1_679' title='bbox 1539 5426 1928 5498; x_wconf 88' lang='lat' dir='ltr'>opulentiam.</span> 
     </span>
    </p>
   </div>
   <div class='ocr_carea' id='block_1_92' title="bbox 285 5515 1932 5591">
    <p class='ocr_par' dir='ltr' id='par_1_92' title="bbox 285 5515 1932 5591">
     <span class='ocr_line' id='line_1_92' title="bbox 285 5515 1932 5591; baseline -0.004 -16"><span class='ocrx_word' id='word_1_680' title='bbox 285 5519 592 5591; x_wconf 88' lang='lat' dir='ltr'>Dispersit,</span> <span class='ocrx_word' id='word_1_681' title='bbox 610 5516 773 5570; x_wconf 90' lang='lat' dir='ltr'>dedit</span> <span class='ocrx_word' id='word_1_682' title='bbox 795 5516 1174 5587; x_wconf 86' lang='lat' dir='ltr'>pauperibus.</span> <span class='ocrx_word' id='word_1_683' title='bbox 1211 5538 1239 5565; x_wconf 84' lang='grc'><strong>››</strong></span> <span class='ocrx_word' id='word_1_684' title='bbox 1263 5517 1620 5587; x_wconf 88' lang='lat' dir='ltr'>Prophetam</span> <span class='ocrx_word' id='word_1_685' title='bbox 1642 5516 1727 5571; x_wconf 89' lang='lat' dir='ltr'>eis</span> <span class='ocrx_word' id='word_1_686' title='bbox 1745 5515 1932 5571; x_wconf 88' lang='lat' dir='ltr'>addu-</span> 
     </span>
    </p>
   </div>
   <div class='ocr_carea' id='block_1_93' title="bbox 283 5605 1932 5678">
    <p class='ocr_par' dir='ltr' id='par_1_93' title="bbox 283 5605 1932 5678">
     <span class='ocr_line' id='line_1_93' title="bbox 283 5605 1932 5678; baseline -0.002 -14"><span class='ocrx_word' id='word_1_687' title='bbox 283 5611 362 5664; x_wconf 91' lang='lat' dir='ltr'>cit</span> <span class='ocrx_word' id='word_1_688' title='bbox 390 5610 463 5664; x_wconf 90' lang='lat' dir='ltr'>ad</span> <span class='ocrx_word' id='word_1_689' title='bbox 493 5606 912 5663; x_wconf 86' lang='lat' dir='ltr'>liberalitatem</span> <span class='ocrx_word' id='word_1_690' title='bbox 942 5606 1379 5662; x_wconf 88' lang='lat' dir='ltr'>adhortantem.</span> <span class='ocrx_word' id='word_1_691' title='bbox 1410 5607 1553 5660; x_wconf 83' lang='lat' dir='ltr'>Nam</span> <span class='ocrx_word' id='word_1_692' title='bbox 1595 5605 1932 5678; x_wconf 87' lang='lat' dir='ltr'>dispergere</span> 
     </span>
    </p>
   </div>
   <div class='ocr_carea' id='block_1_94' title="bbox 357 5781 1249 5858">
    <p class='ocr_par' dir='ltr' id='par_1_94' title="bbox 357 5781 1249 5858">
     <span class='ocr_line' id='line_1_94' title="bbox 357 5781 1249 5858; baseline -0.003 -16"><span class='ocrx_word' id='word_1_693' title='bbox 357 5787 624 5843; x_wconf 66' lang='grc' dir='ltr'>κίτρον.</span> <span class='ocrx_word' id='word_1_694' title='bbox 659 5793 778 5858; x_wconf 75' lang='lat' dir='ltr'>mi,</span> <span class='ocrx_word' id='word_1_695' title='bbox 812 5789 865 5842; x_wconf 75' lang='grc' dir='ltr'>ε.</span> <span class='ocrx_word' id='word_1_696' title='bbox 895 5784 954 5821; x_wconf 74' lang='grc' dir='ltr'>κ</span> <span class='ocrx_word' id='word_1_697' title='bbox 975 5783 1124 5843; x_wconf 81' lang='lat' dir='ltr'>Ibid.</span> <span class='ocrx_word' id='word_1_698' title='bbox 1162 5781 1249 5839; x_wconf 64' lang='lat' dir='ltr'>to.</span> 
     </span>
    </p>
   </div>
   <div class='ocr_carea' id='block_1_95' title="bbox 2043 3635 3702 3719">
    <p class='ocr_par' dir='ltr' id='par_1_95' title="bbox 2043 3635 3702 3719">
     <span class='ocr_line' id='line_1_95' title="bbox 2043 3635 3702 3719; baseline 0.004 -28"><span class='ocrx_word' id='word_1_699' title='bbox 2043 3637 2199 3716; x_wconf 70' lang='grc' dir='ltr'>φησὶ,</span> <span class='ocrx_word' id='word_1_700' title='bbox 2241 3637 2330 3691; x_wconf 83' lang='grc' dir='ltr'>καὶ</span> <span class='ocrx_word' id='word_1_701' title='bbox 2389 3635 2714 3712; x_wconf 80' lang='grc' dir='ltr'>ἁδρότητος.</span> <span class='ocrx_word' id='word_1_702' title='bbox 2781 3663 2801 3689; x_wconf 78' lang='grc' dir='ltr'>ι</span> <span class='ocrx_word' id='word_1_703' title='bbox 2851 3642 3112 3701; x_wconf 79' lang='grc' dir='ltr'>Ἕκαστος</span> <span class='ocrx_word' id='word_1_704' title='bbox 3169 3644 3346 3704; x_wconf 87' lang='grc' dir='ltr'>καθὼς</span> <span class='ocrx_word' id='word_1_705' title='bbox 3425 3649 3702 3719; x_wconf 69' lang='grc' dir='ltr'>προαιρεῖσ</span> 
     </span>
    </p>
   </div>
   <div class='ocr_carea' id='block_1_96' title="bbox 2040 3723 3705 3806">
    <p class='ocr_par' dir='ltr' id='par_1_96' title="bbox 2040 3723 3705 3806">
     <span class='ocr_line' id='line_1_96' title="bbox 2040 3723 3705 3806; baseline 0.004 -25"><span class='ocrx_word' id='word_1_706' title='bbox 2040 3747 2132 3781; x_wconf 91' lang='grc' dir='ltr'>ται</span> <span class='ocrx_word' id='word_1_707' title='bbox 2160 3729 2229 3798; x_wconf 81' lang='grc' dir='ltr'>τῇ</span> <span class='ocrx_word' id='word_1_708' title='bbox 2262 3723 2478 3801; x_wconf 84' lang='grc' dir='ltr'>καρδίᾳ.</span> <span class='ocrx_word' id='word_1_709' title='bbox 2515 3751 2542 3777; x_wconf 91' lang='grc'><strong>››</strong></span> <span class='ocrx_word' id='word_1_710' title='bbox 2575 3727 2698 3784; x_wconf 79' lang='grc' dir='ltr'>Ἐπὶ</span> <span class='ocrx_word' id='word_1_711' title='bbox 2753 3730 2816 3782; x_wconf 89' lang='grc' dir='ltr'>τὸ</span> <span class='ocrx_word' id='word_1_712' title='bbox 2875 3729 3138 3803; x_wconf 85' lang='grc' dir='ltr'>πρότερον</span> <span class='ocrx_word' id='word_1_713' title='bbox 3170 3728 3337 3785; x_wconf 77' lang='grc' dir='ltr'>πάλιν</span> <span class='ocrx_word' id='word_1_714' title='bbox 3377 3729 3536 3800; x_wconf 84' lang='grc' dir='ltr'>ἦλθε,</span> <span class='ocrx_word' id='word_1_715' title='bbox 3599 3753 3705 3806; x_wconf 88' lang='grc' dir='ltr'>μο-</span> 
     </span>
    </p>
   </div>
   <div class='ocr_carea' id='block_1_97' title="bbox 2039 3813 3704 3897">
    <p class='ocr_par' dir='ltr' id='par_1_97' title="bbox 2039 3813 3704 3897">
     <span class='ocr_line' id='line_1_97' title="bbox 2039 3813 3704 3897; baseline 0.005 -29"><span class='ocrx_word' id='word_1_716' title='bbox 2039 3813 2201 3870; x_wconf 79' lang='grc' dir='ltr'>νονοὺ</span> <span class='ocrx_word' id='word_1_717' title='bbox 2230 3819 2394 3870; x_wconf 78' lang='grc' dir='ltr'>τοῦτο</span> <span class='ocrx_word' id='word_1_718' title='bbox 2427 3813 2625 3888; x_wconf 71' lang='grc' dir='ltr'>λέγων·</span> <span class='ocrx_word' id='word_1_719' title='bbox 2676 3818 2758 3872; x_wconf 71' lang='grc' dir='ltr'><strong>Τὰ</strong></span> <span class='ocrx_word' id='word_1_720' title='bbox 2817 3818 2911 3890; x_wconf 78' lang='grc' dir='ltr'>μὲν</span> <span class='ocrx_word' id='word_1_721' title='bbox 2975 3816 3311 3889; x_wconf 83' lang='grc' dir='ltr'>λαληθῆναι,</span> <span class='ocrx_word' id='word_1_722' title='bbox 3372 3823 3527 3897; x_wconf 77' lang='grc' dir='ltr'>φησὶ,</span> <span class='ocrx_word' id='word_1_723' title='bbox 3577 3822 3704 3896; x_wconf 87' lang='grc' dir='ltr'>περὶ</span> 
     </span>
    </p>
   </div>
   <div class='ocr_carea' id='block_1_98' title="bbox 2041 3901 3707 3980">
    <p class='ocr_par' dir='ltr' id='par_1_98' title="bbox 2041 3901 3707 3980">
     <span class='ocr_line' id='line_1_98' title="bbox 2041 3901 3707 3980; baseline 0.005 -23"><span class='ocrx_word' id='word_1_724' title='bbox 2041 3901 2418 3976; x_wconf 71' lang='grc' dir='ltr'>ἑλεημοσύνης</span> <span class='ocrx_word' id='word_1_725' title='bbox 2452 3904 2766 3980; x_wconf 69' lang='grc' dir='ltr'>ὀφείλοντα,</span> <span class='ocrx_word' id='word_1_726' title='bbox 2797 3909 2987 3976; x_wconf 79' lang='grc' dir='ltr'>ταῦτα,</span> <span class='ocrx_word' id='word_1_727' title='bbox 3035 3906 3188 3977; x_wconf 73' lang='grc' dir='ltr'>πλὴν</span> <span class='ocrx_word' id='word_1_728' title='bbox 3245 3909 3426 3972; x_wconf 84' lang='grc' dir='ltr'>καθὼς</span> <span class='ocrx_word' id='word_1_729' title='bbox 3481 3904 3707 3974; x_wconf 71' lang='grc' dir='ltr'>ἕκαστος</span> 
     </span>
    </p>
   </div>
   <div class='ocr_carea' id='block_1_99' title="bbox 2040 3990 3702 4066">
    <p class='ocr_par' dir='ltr' id='par_1_99' title="bbox 2040 3990 3702 4066">
     <span class='ocr_line' id='line_1_99' title="bbox 2040 3990 3702 4066; baseline 0.004 -20"><span class='ocrx_word' id='word_1_730' title='bbox 2040 3997 2404 4066; x_wconf 84' lang='grc' dir='ltr'>προαιρεῖται,</span> <span class='ocrx_word' id='word_1_731' title='bbox 2465 3993 2640 4054; x_wconf 76' lang='grc' dir='ltr'>οὕτως</span> <span class='ocrx_word' id='word_1_732' title='bbox 2701 3990 2921 4050; x_wconf 87' lang='grc' dir='ltr'>διδότω.</span> <span class='ocrx_word' id='word_1_733' title='bbox 2959 4020 2985 4046; x_wconf 79' lang='grc' dir='ltr'>α</span> <span class='ocrx_word' id='word_1_734' title='bbox 3049 3996 3141 4065; x_wconf 85' lang='grc' dir='ltr'>Μή</span> <span class='ocrx_word' id='word_1_735' title='bbox 3203 3995 3262 4051; x_wconf 81' lang='grc' dir='ltr'>ἐκ</span> <span class='ocrx_word' id='word_1_736' title='bbox 3319 3995 3521 4066; x_wconf 90' lang='grc' dir='ltr'>λύπης.</span> <span class='ocrx_word' id='word_1_737' title='bbox 3565 3997 3702 4057; x_wconf 81' lang='grc' dir='ltr'>»ού</span> 
     </span>
    </p>
   </div>
   <div class='ocr_carea' id='block_1_100' title="bbox 2041 4079 3706 4165">
    <p class='ocr_par' dir='ltr' id='par_1_100' title="bbox 2041 4079 3706 4165">
     <span class='ocr_line' id='line_1_100' title="bbox 2041 4079 3706 4165; baseline 0.005 -31"><span class='ocrx_word' id='word_1_738' title='bbox 2041 4079 2142 4156; x_wconf 64' lang='grc' dir='ltr'>γάρ</span> <span class='ocrx_word' id='word_1_739' title='bbox 2179 4080 2289 4136; x_wconf 81' lang='grc' dir='ltr'>ἐστι</span> <span class='ocrx_word' id='word_1_740' title='bbox 2353 4080 2658 4152; x_wconf 78' lang='grc' dir='ltr'>πλεονεξία.</span> <span class='ocrx_word' id='word_1_741' title='bbox 2694 4106 2724 4134; x_wconf 91' lang='grc'>‹‹</span> <span class='ocrx_word' id='word_1_742' title='bbox 2786 4081 2942 4152; x_wconf 77' lang='grc' dir='ltr'>Μηδὲ</span> <span class='ocrx_word' id='word_1_743' title='bbox 2997 4083 3046 4154; x_wconf 78' lang='grc' dir='ltr'>ἐξ</span> <span class='ocrx_word' id='word_1_744' title='bbox 3097 4085 3360 4160; x_wconf 82' lang='grc' dir='ltr'>ἀνάγκης.</span> <span class='ocrx_word' id='word_1_745' title='bbox 3399 4111 3427 4138; x_wconf 84' lang='grc'><strong>››</strong></span> <span class='ocrx_word' id='word_1_746' title='bbox 3467 4087 3540 4142; x_wconf 88' lang='grc' dir='ltr'>Ού</span> <span class='ocrx_word' id='word_1_747' title='bbox 3599 4090 3706 4165; x_wconf 73' lang='grc' dir='ltr'>γὰρ</span> 
     </span>
    </p>
   </div>
   <div class='ocr_carea' id='block_1_101' title="bbox 2043 4168 3706 4250">
    <p class='ocr_par' dir='ltr' id='par_1_101' title="bbox 2043 4168 3706 4250">
     <span class='ocr_line' id='line_1_101' title="bbox 2043 4168 3706 4250; baseline 0.007 -29"><span class='ocrx_word' id='word_1_748' title='bbox 2043 4168 2368 4244; x_wconf 82' lang='grc' dir='ltr'>βιαζόμεθα,</span> <span class='ocrx_word' id='word_1_749' title='bbox 2423 4171 2584 4249; x_wconf 77' lang='grc' dir='ltr'>φησὶ,</span> <span class='ocrx_word' id='word_1_750' title='bbox 2629 4172 2765 4226; x_wconf 85' lang='grc' dir='ltr'>τινά.</span> <span class='ocrx_word' id='word_1_751' title='bbox 2835 4173 2977 4228; x_wconf 82' lang='grc' dir='ltr'>Εἷπε</span> <span class='ocrx_word' id='word_1_752' title='bbox 3033 4174 3137 4250; x_wconf 72' lang='grc' dir='ltr'>γὰρ</span> <span class='ocrx_word' id='word_1_753' title='bbox 3179 4176 3314 4244; x_wconf 85' lang='grc' dir='ltr'>ἄνω,</span> <span class='ocrx_word' id='word_1_754' title='bbox 3365 4201 3392 4227; x_wconf 86' lang='grc'><strong>‹‹</strong></span> <span class='ocrx_word' id='word_1_755' title='bbox 3452 4175 3528 4233; x_wconf 87' lang='grc' dir='ltr'>Ού</span> <span class='ocrx_word' id='word_1_756' title='bbox 3587 4178 3706 4232; x_wconf 87' lang='grc' dir='ltr'>κατ’</span> 
     </span>
    </p>
   </div>
   <div class='ocr_carea' id='block_1_102' title="bbox 2040 4257 3703 4337">
    <p class='ocr_par' dir='ltr' id='par_1_102' title="bbox 2040 4257 3703 4337">
     <span class='ocr_line' id='line_1_102' title="bbox 2040 4257 3703 4337; baseline 0.001 -24"><span class='ocrx_word' id='word_1_757' title='bbox 2040 4259 2301 4332; x_wconf 79' lang='grc' dir='ltr'>ἐπιταγὴν</span> <span class='ocrx_word' id='word_1_758' title='bbox 2337 4257 2504 4334; x_wconf 74' lang='grc' dir='ltr'>λέγω.</span> <span class='ocrx_word' id='word_1_759' title='bbox 2543 4283 2571 4309; x_wconf 87' lang='grc'><strong>››</strong></span> <span class='ocrx_word' id='word_1_760' title='bbox 2604 4260 2706 4317; x_wconf 85' lang='grc' dir='ltr'>Καὶ</span> <span class='ocrx_word' id='word_1_761' title='bbox 2739 4259 2927 4329; x_wconf 79' lang='grc' dir='ltr'>πάλιν,</span> <span class='ocrx_word' id='word_1_762' title='bbox 2961 4287 2987 4312; x_wconf 82' lang='lat'><strong>«</strong></span> <span class='ocrx_word' id='word_1_763' title='bbox 3031 4267 3260 4335; x_wconf 84' lang='grc' dir='ltr'>Γνώμην</span> <span class='ocrx_word' id='word_1_764' title='bbox 3298 4261 3355 4318; x_wconf 71' lang='grc' dir='ltr'>δὲ</span> <span class='ocrx_word' id='word_1_765' title='bbox 3413 4263 3638 4337; x_wconf 83' lang='grc' dir='ltr'>δίδωμι.</span> <span class='ocrx_word' id='word_1_766' title='bbox 3675 4287 3703 4316; x_wconf 81' lang='lat'><strong>»</strong></span> 
     </span>
    </p>
   </div>
   <div class='ocr_carea' id='block_1_103' title="bbox 2039 4347 3705 4426">
    <p class='ocr_par' dir='ltr' id='par_1_103' title="bbox 2039 4347 3705 4426">
     <span class='ocr_line' id='line_1_103' title="bbox 2039 4347 3705 4426; baseline 0.005 -27"><span class='ocrx_word' id='word_1_767' title='bbox 2039 4381 2109 4390; x_wconf 92' lang='lat'><em>—</em></span> <span class='ocrx_word' id='word_1_768' title='bbox 2149 4367 2168 4397; x_wconf 74' lang='grc' dir='ltr'><strong><em>α</em></strong></span> <span class='ocrx_word' id='word_1_769' title='bbox 2203 4347 2421 4426; x_wconf 79' lang='grc' dir='ltr'>Ἱλαφὸν</span> <span class='ocrx_word' id='word_1_770' title='bbox 2450 4348 2549 4423; x_wconf 77' lang='grc' dir='ltr'>γὰρ</span> <span class='ocrx_word' id='word_1_771' title='bbox 2606 4347 2770 4418; x_wconf 89' lang='grc' dir='ltr'>δότην</span> <span class='ocrx_word' id='word_1_772' title='bbox 2828 4349 3014 4422; x_wconf 84' lang='grc' dir='ltr'>ἀγαπᾷ</span> <span class='ocrx_word' id='word_1_773' title='bbox 3047 4352 3075 4406; x_wconf 91' lang='lat'>6</span> <span class='ocrx_word' id='word_1_774' title='bbox 3131 4353 3282 4414; x_wconf 88' lang='grc' dir='ltr'>Θεὸς.</span> <span class='ocrx_word' id='word_1_775' title='bbox 3321 4377 3349 4405; x_wconf 84' lang='grc'><strong>››</strong></span> <span class='ocrx_word' id='word_1_776' title='bbox 3393 4354 3498 4409; x_wconf 86' lang='grc' dir='ltr'>Καὶ</span> <span class='ocrx_word' id='word_1_777' title='bbox 3561 4373 3705 4426; x_wconf 85' lang='grc' dir='ltr'>μαρ-</span> 
     </span>
    </p>
   </div>
   <div class='ocr_carea' id='block_1_104' title="bbox 2038 4432 3703 4512">
    <p class='ocr_par' dir='ltr' id='par_1_104' title="bbox 2038 4432 3703 4512">
     <span class='ocr_line' id='line_1_104' title="bbox 2038 4432 3703 4512; baseline 0.002 -20"><span class='ocrx_word' id='word_1_778' title='bbox 2038 4437 2196 4512; x_wconf 82' lang='grc' dir='ltr'>τυρίᾳ</span> <span class='ocrx_word' id='word_1_779' title='bbox 2230 4432 2462 4511; x_wconf 75' lang='grc' dir='ltr'>βεϐαιοῖ,</span> <span class='ocrx_word' id='word_1_780' title='bbox 2495 4438 2556 4493; x_wconf 89' lang='grc' dir='ltr'>τὸ</span> <span class='ocrx_word' id='word_1_781' title='bbox 2590 4439 2666 4512; x_wconf 79' lang='grc' dir='ltr'>μὴ</span> <span class='ocrx_word' id='word_1_782' title='bbox 2702 4436 2812 4493; x_wconf 88' lang='grc' dir='ltr'>δεῖν</span> <span class='ocrx_word' id='word_1_783' title='bbox 2847 4438 2906 4494; x_wconf 82' lang='grc' dir='ltr'>ἐκ</span> <span class='ocrx_word' id='word_1_784' title='bbox 2965 4437 3145 4510; x_wconf 84' lang='grc' dir='ltr'>λύπης</span> <span class='ocrx_word' id='word_1_785' title='bbox 3206 4439 3436 4499; x_wconf 88' lang='grc' dir='ltr'>διδόναι.</span> <span class='ocrx_word' id='word_1_786' title='bbox 3471 4469 3499 4495; x_wconf 81' lang='grc' dir='ltr'>(ι</span> <span class='ocrx_word' id='word_1_787' title='bbox 3536 4449 3703 4499; x_wconf 82' lang='grc' dir='ltr'>Πνευ-</span> 
     </span>
    </p>
   </div>
   <div class='ocr_carea' id='block_1_105' title="bbox 2043 4527 3704 4608">
    <p class='ocr_par' dir='ltr' id='par_1_105' title="bbox 2043 4527 3704 4608">
     <span class='ocr_line' id='line_1_105' title="bbox 2043 4527 3704 4608; baseline 0.001 -27"><span class='ocrx_word' id='word_1_788' title='bbox 2043 4531 2284 4598; x_wconf 88' lang='grc' dir='ltr'>ματικῶν</span> <span class='ocrx_word' id='word_1_789' title='bbox 2364 4548 2444 4594; x_wconf 91' lang='grc' dir='ltr'>τε,</span> <span class='ocrx_word' id='word_1_790' title='bbox 2507 4527 2662 4601; x_wconf 78' lang='grc' dir='ltr'>φησὶ,</span> <span class='ocrx_word' id='word_1_791' title='bbox 2731 4528 2821 4582; x_wconf 88' lang='grc' dir='ltr'>καὶ</span> <span class='ocrx_word' id='word_1_792' title='bbox 2909 4536 3182 4603; x_wconf 81' lang='grc' dir='ltr'>σαρκικῶν</span> <span class='ocrx_word' id='word_1_793' title='bbox 3244 4537 3607 4608; x_wconf 82' lang='grc' dir='ltr'>πραγμάτων,</span> <span class='ocrx_word' id='word_1_794' title='bbox 3674 4555 3704 4584; x_wconf 84' lang='lat'><strong>»</strong></span> 
     </span>
    </p>
   </div>
   <div class='ocr_carea' id='block_1_106' title="bbox 2039 4613 3706 4691">
    <p class='ocr_par' dir='ltr' id='par_1_106' title="bbox 2039 4613 3706 4691">
     <span class='ocr_line' id='line_1_106' title="bbox 2039 4613 3706 4691; baseline 0.004 -21"><span class='ocrx_word' id='word_1_795' title='bbox 2039 4615 2177 4671; x_wconf 87' lang='grc' dir='ltr'>ὣστε</span> <span class='ocrx_word' id='word_1_796' title='bbox 2211 4613 2468 4670; x_wconf 87' lang='grc' dir='ltr'>δύνασθαι</span> <span class='ocrx_word' id='word_1_797' title='bbox 2526 4617 2664 4688; x_wconf 84' lang='grc' dir='ltr'>ὑμᾶς</span> <span class='ocrx_word' id='word_1_798' title='bbox 2698 4613 2949 4691; x_wconf 77' lang='grc' dir='ltr'>δαψιλῶς</span> <span class='ocrx_word' id='word_1_799' title='bbox 2985 4617 3356 4690; x_wconf 84' lang='grc' dir='ltr'>μεταδιδόναι,</span> <span class='ocrx_word' id='word_1_800' title='bbox 3389 4620 3425 4691; x_wconf 75' lang='grc' dir='ltr'>ἥ</span> <span class='ocrx_word' id='word_1_801' title='bbox 3483 4623 3568 4676; x_wconf 85' lang='grc' dir='ltr'>δτι</span> <span class='ocrx_word' id='word_1_802' title='bbox 3609 4617 3706 4675; x_wconf 89' lang='grc' dir='ltr'>δύ-</span> 
     </span>
    </p>
   </div>
   <div class='ocr_carea' id='block_1_107' title="bbox 2037 4706 3703 4785">
    <p class='ocr_par' dir='ltr' id='par_1_107' title="bbox 2037 4706 3703 4785">
     <span class='ocr_line' id='line_1_107' title="bbox 2037 4706 3703 4785; baseline 0.002 -26"><span class='ocrx_word' id='word_1_803' title='bbox 2037 4727 2192 4761; x_wconf 87' lang='grc' dir='ltr'>ναται</span> <span class='ocrx_word' id='word_1_804' title='bbox 2239 4707 2267 4761; x_wconf 91' lang='lat'>6</span> <span class='ocrx_word' id='word_1_805' title='bbox 2307 4706 2461 4774; x_wconf 81' lang='grc' dir='ltr'>Θεὸς,</span> <span class='ocrx_word' id='word_1_806' title='bbox 2526 4707 2680 4779; x_wconf 80' lang='grc' dir='ltr'>ὑμῶν</span> <span class='ocrx_word' id='word_1_807' title='bbox 2740 4709 2973 4780; x_wconf 82' lang='grc' dir='ltr'>σαρκικὰ</span> <span class='ocrx_word' id='word_1_808' title='bbox 3037 4710 3126 4763; x_wconf 78' lang='grc' dir='ltr'>καὶ</span> <span class='ocrx_word' id='word_1_809' title='bbox 3189 4711 3359 4785; x_wconf 83' lang='grc' dir='ltr'>μικρᾶ</span> <span class='ocrx_word' id='word_1_810' title='bbox 3418 4709 3703 4777; x_wconf 87' lang='grc' dir='ltr'>διδόντων,</span> 
     </span>
    </p>
   </div>
   <div class='ocr_carea' id='block_1_108' title="bbox 2037 4794 3707 4878">
    <p class='ocr_par' dir='ltr' id='par_1_108' title="bbox 2037 4794 3707 4878">
     <span class='ocr_line' id='line_1_108' title="bbox 2037 4794 3707 4878; baseline 0.005 -29"><span class='ocrx_word' id='word_1_811' title='bbox 2037 4794 2376 4866; x_wconf 80' lang='grc' dir='ltr'>πνευματικᾶ</span> <span class='ocrx_word' id='word_1_812' title='bbox 2454 4795 2544 4849; x_wconf 86' lang='grc' dir='ltr'>καὶ</span> <span class='ocrx_word' id='word_1_813' title='bbox 2627 4794 2840 4869; x_wconf 72' lang='grc' dir='ltr'>μεγάλα</span> <span class='ocrx_word' id='word_1_814' title='bbox 2917 4794 3260 4865; x_wconf 79' lang='grc' dir='ltr'>ἀντιδοῦναι,</span> <span class='ocrx_word' id='word_1_815' title='bbox 3346 4801 3434 4856; x_wconf 81' lang='grc' dir='ltr'>καὶ</span> <span class='ocrx_word' id='word_1_816' title='bbox 3521 4823 3707 4878; x_wconf 87' lang='grc' dir='ltr'>περισ-</span> 
     </span>
    </p>
   </div>
   <div class='ocr_carea' id='block_1_109' title="bbox 2039 4883 3708 4967">
    <p class='ocr_par' dir='ltr' id='par_1_109' title="bbox 2039 4883 3708 4967">
     <span class='ocr_line' id='line_1_109' title="bbox 2039 4883 3708 4967; baseline 0.006 -29"><span class='ocrx_word' id='word_1_817' title='bbox 2039 4889 2244 4938; x_wconf 84' lang='grc' dir='ltr'>σεῦσαι.</span> <span class='ocrx_word' id='word_1_818' title='bbox 2283 4885 2362 4940; x_wconf 90' lang='grc' dir='ltr'>Ού</span> <span class='ocrx_word' id='word_1_819' title='bbox 2394 4883 2583 4958; x_wconf 88' lang='grc' dir='ltr'>μόνον,</span> <span class='ocrx_word' id='word_1_820' title='bbox 2627 4884 2784 4962; x_wconf 74' lang='grc' dir='ltr'>φησὶ,</span> <span class='ocrx_word' id='word_1_821' title='bbox 2838 4883 3157 4960; x_wconf 88' lang='grc' dir='ltr'>πληρῶσαι,</span> <span class='ocrx_word' id='word_1_822' title='bbox 3216 4887 3362 4944; x_wconf 85' lang='grc' dir='ltr'>ἀλλὰ</span> <span class='ocrx_word' id='word_1_823' title='bbox 3417 4892 3506 4946; x_wconf 88' lang='grc' dir='ltr'>καὶ</span> <span class='ocrx_word' id='word_1_824' title='bbox 3568 4893 3708 4967; x_wconf 75' lang='grc' dir='ltr'>ὑπὲρ</span> 
     </span>
    </p>
   </div>
   <div class='ocr_carea' id='block_1_110' title="bbox 1965 4959 3703 5054">
    <p class='ocr_par' dir='ltr' id='par_1_110' title="bbox 1965 4959 3703 5054">
     <span class='ocr_line' id='line_1_110' title="bbox 1965 4959 3703 5054; baseline 0.008 -31"><span class='ocrx_word' id='word_1_825' title='bbox 1965 4959 2008 5023; x_wconf 79' lang='grc' dir='ltr'>Ι)</span> <span class='ocrx_word' id='word_1_826' title='bbox 2038 4975 2138 5042; x_wconf 77' lang='grc' dir='ltr'>τήν</span> <span class='ocrx_word' id='word_1_827' title='bbox 2173 4973 2362 5048; x_wconf 76' lang='grc' dir='ltr'>χρείαν</span> <span class='ocrx_word' id='word_1_828' title='bbox 2397 4971 2604 5031; x_wconf 81' lang='grc' dir='ltr'>δοῦναι.</span> <span class='ocrx_word' id='word_1_829' title='bbox 2640 4998 2666 5025; x_wconf 86' lang='grc'><em>‹‹</em></span> <span class='ocrx_word' id='word_1_830' title='bbox 2732 4977 2912 5029; x_wconf 85' lang='grc' dir='ltr'>Ηᾶσαν</span> <span class='ocrx_word' id='word_1_831' title='bbox 2965 4969 3309 5049; x_wconf 79' lang='grc' dir='ltr'>αὐτάρκειαν.</span> <span class='ocrx_word' id='word_1_832' title='bbox 3343 5000 3369 5032; x_wconf 75' lang='grc' dir='ltr'>ι</span> <span class='ocrx_word' id='word_1_833' title='bbox 3430 4983 3569 5054; x_wconf 89' lang='grc' dir='ltr'>Ὅρα</span> <span class='ocrx_word' id='word_1_834' title='bbox 3608 5003 3703 5036; x_wconf 83' lang='grc' dir='ltr'>σο-</span> 
     </span>
    </p>
   </div>
   <div class='ocr_carea' id='block_1_111' title="bbox 2042 5063 3704 5140">
    <p class='ocr_par' dir='ltr' id='par_1_111' title="bbox 2042 5063 3704 5140">
     <span class='ocr_line' id='line_1_111' title="bbox 2042 5063 3704 5140; baseline 0.007 -25"><span class='ocrx_word' id='word_1_835' title='bbox 2042 5063 2187 5140; x_wconf 79' lang='grc' dir='ltr'>φίαν·</span> <span class='ocrx_word' id='word_1_836' title='bbox 2249 5065 2336 5120; x_wconf 80' lang='lat' dir='ltr'>&#39;Ev</span> <span class='ocrx_word' id='word_1_837' title='bbox 2390 5069 2507 5124; x_wconf 87' lang='grc' dir='ltr'>τοῖς</span> <span class='ocrx_word' id='word_1_838' title='bbox 2565 5069 2847 5137; x_wconf 86' lang='grc' dir='ltr'>σαρκικοῖς</span> <span class='ocrx_word' id='word_1_839' title='bbox 2914 5063 3233 5140; x_wconf 77' lang='grc' dir='ltr'>αὐτάρκειαν</span> <span class='ocrx_word' id='word_1_840' title='bbox 3299 5068 3486 5132; x_wconf 77' lang='grc' dir='ltr'>αὐτοῖς</span> <span class='ocrx_word' id='word_1_841' title='bbox 3544 5072 3704 5127; x_wconf 81' lang='grc' dir='ltr'>ἐπευ-</span> 
     </span>
    </p>
   </div>
   <div class='ocr_carea' id='block_1_112' title="bbox 2042 5152 3704 5232">
    <p class='ocr_par' dir='ltr' id='par_1_112' title="bbox 2042 5152 3704 5232">
     <span class='ocr_line' id='line_1_112' title="bbox 2042 5152 3704 5232; baseline 0.005 -25"><span class='ocrx_word' id='word_1_842' title='bbox 2042 5155 2306 5228; x_wconf 85' lang='grc' dir='ltr'>χόμενος,</span> <span class='ocrx_word' id='word_1_843' title='bbox 2366 5152 2417 5208; x_wconf 85' lang='grc' dir='ltr'>ἐν</span> <span class='ocrx_word' id='word_1_844' title='bbox 2475 5160 2593 5215; x_wconf 90' lang='grc' dir='ltr'>τοῖς</span> <span class='ocrx_word' id='word_1_845' title='bbox 2651 5161 3046 5226; x_wconf 87' lang='grc' dir='ltr'>πνευματικοῖς</span> <span class='ocrx_word' id='word_1_846' title='bbox 3089 5159 3399 5232; x_wconf 90' lang='grc' dir='ltr'>περισσείαν</span> <span class='ocrx_word' id='word_1_847' title='bbox 3456 5161 3548 5216; x_wconf 86' lang='grc' dir='ltr'>καὶ</span> <span class='ocrx_word' id='word_1_848' title='bbox 3607 5183 3704 5216; x_wconf 62' lang='grc' dir='ltr'>περ</span> 
     </span>
    </p>
   </div>
   <div class='ocr_carea' id='block_1_113' title="bbox 2043 5239 3702 5320">
    <p class='ocr_par' dir='ltr' id='par_1_113' title="bbox 2043 5239 3702 5320">
     <span class='ocr_line' id='line_1_113' title="bbox 2043 5239 3702 5320; baseline 0.004 -24"><span class='ocrx_word' id='word_1_849' title='bbox 2043 5243 2283 5315; x_wconf 80' lang='grc' dir='ltr'>ριουσίαν</span> <span class='ocrx_word' id='word_1_850' title='bbox 2328 5239 2566 5317; x_wconf 75' lang='grc' dir='ltr'>εὔχεται.</span> <span class='ocrx_word' id='word_1_851' title='bbox 2603 5267 2629 5290; x_wconf 75' lang='grc' dir='ltr'>α</span> <span class='ocrx_word' id='word_1_852' title='bbox 2667 5244 3040 5319; x_wconf 80' lang='grc' dir='ltr'>Ἐσκόρπισεν,</span> <span class='ocrx_word' id='word_1_853' title='bbox 3074 5244 3244 5302; x_wconf 85' lang='grc' dir='ltr'>ἔδωκε</span> <span class='ocrx_word' id='word_1_854' title='bbox 3271 5254 3388 5311; x_wconf 88' lang='grc' dir='ltr'>τοῖς</span> <span class='ocrx_word' id='word_1_855' title='bbox 3447 5251 3702 5320; x_wconf 69' lang='grc' dir='ltr'>πένησι.»</span> 
     </span>
    </p>
   </div>
   <div class='ocr_carea' id='block_1_114' title="bbox 2041 5331 3704 5415">
    <p class='ocr_par' dir='ltr' id='par_1_114' title="bbox 2041 5331 3704 5415">
     <span class='ocr_line' id='line_1_114' title="bbox 2041 5331 3704 5415; baseline 0.007 -31"><span class='ocrx_word' id='word_1_856' title='bbox 2041 5332 2146 5388; x_wconf 88' lang='grc' dir='ltr'>Τὸν</span> <span class='ocrx_word' id='word_1_857' title='bbox 2206 5333 2497 5405; x_wconf 69' lang='grc' dir='ltr'>προφήτην</span> <span class='ocrx_word' id='word_1_858' title='bbox 2551 5331 2736 5395; x_wconf 79' lang='grc' dir='ltr'>αὐτοῖς</span> <span class='ocrx_word' id='word_1_859' title='bbox 2803 5332 3078 5412; x_wconf 73' lang='grc' dir='ltr'>ἐφίστησι,</span> <span class='ocrx_word' id='word_1_860' title='bbox 3139 5333 3422 5410; x_wconf 88' lang='grc' dir='ltr'>δαψίλειαν</span> <span class='ocrx_word' id='word_1_861' title='bbox 3502 5361 3704 5415; x_wconf 88' lang='grc' dir='ltr'>παραι-</span> 
     </span>
    </p>
   </div>
   <div class='ocr_carea' id='block_1_115' title="bbox 2039 5421 3700 5501">
    <p class='ocr_par' dir='ltr' id='par_1_115' title="bbox 2039 5421 3700 5501">
     <span class='ocr_line' id='line_1_115' title="bbox 2039 5421 3700 5501; baseline 0.006 -26"><span class='ocrx_word' id='word_1_862' title='bbox 2039 5426 2248 5477; x_wconf 81' lang='grc' dir='ltr'>νοῦντα.</span> <span class='ocrx_word' id='word_1_863' title='bbox 2328 5423 2405 5477; x_wconf 89' lang='grc' dir='ltr'>Τὸ</span> <span class='ocrx_word' id='word_1_864' title='bbox 2463 5422 2590 5496; x_wconf 83' lang='grc' dir='ltr'>γὰρ,</span> <span class='ocrx_word' id='word_1_865' title='bbox 2654 5421 2966 5497; x_wconf 83' lang='grc' dir='ltr'>σκορπίσαι,</span> <span class='ocrx_word' id='word_1_866' title='bbox 3052 5422 3338 5499; x_wconf 87' lang='grc' dir='ltr'>δαψίλειας</span> <span class='ocrx_word' id='word_1_867' title='bbox 3426 5449 3700 5501; x_wconf 85' lang='grc' dir='ltr'>σημαντι-</span> 
     </span>
    </p>
   </div>
   <div class='ocr_carea' id='block_1_116' title="bbox 2041 5511 3698 5595">
    <p class='ocr_par' dir='ltr' id='par_1_116' title="bbox 2041 5511 3698 5595">
     <span class='ocr_line' id='line_1_116' title="bbox 2041 5511 3698 5595; baseline 0.004 -26"><span class='ocrx_word' id='word_1_868' title='bbox 2041 5515 2157 5569; x_wconf 88' lang='grc' dir='ltr'>κόν.</span> <span class='ocrx_word' id='word_1_869' title='bbox 2226 5539 2246 5564; x_wconf 73' lang='grc' dir='ltr'>ι</span> <span class='ocrx_word' id='word_1_870' title='bbox 2310 5514 2372 5570; x_wconf 83' lang='grc' dir='ltr'><em>Ἣ</em></span> <span class='ocrx_word' id='word_1_871' title='bbox 2433 5511 2752 5584; x_wconf 75' lang='grc' dir='ltr'>δικαιοσύνη</span> <span class='ocrx_word' id='word_1_872' title='bbox 2815 5515 3007 5571; x_wconf 76' lang='grc' dir='ltr'>αὐτοῦ.</span> <span class='ocrx_word' id='word_1_873' title='bbox 3067 5541 3094 5568; x_wconf 74' lang='lat' dir='ltr'>n</span> <span class='ocrx_word' id='word_1_874' title='bbox 3181 5518 3433 5582; x_wconf 78' lang='grc' dir='ltr'>Δικαῖους</span> <span class='ocrx_word' id='word_1_875' title='bbox 3497 5521 3602 5595; x_wconf 80' lang='grc' dir='ltr'>γὰρ</span> <span class='ocrx_word' id='word_1_876' title='bbox 3665 5525 3698 5589; x_wconf 74' lang='grc' dir='ltr'>ἡ</span> 
     </span>
    </p>
   </div>
   <div class='ocr_carea' id='block_1_117' title="bbox 2041 5601 3702 5681">
    <p class='ocr_par' dir='ltr' id='par_1_117' title="bbox 2041 5601 3702 5681">
     <span class='ocr_line' id='line_1_117' title="bbox 2041 5601 3702 5681; baseline 0.004 -24"><span class='ocrx_word' id='word_1_877' title='bbox 2041 5601 2389 5674; x_wconf 78' lang='grc' dir='ltr'>ἐλεημοσύνη</span> <span class='ocrx_word' id='word_1_878' title='bbox 2493 5608 2663 5673; x_wconf 83' lang='grc' dir='ltr'>ποιεῖ,</span> <span class='ocrx_word' id='word_1_879' title='bbox 2768 5603 2950 5679; x_wconf 79' lang='grc' dir='ltr'>ὥσπερ</span> <span class='ocrx_word' id='word_1_880' title='bbox 3027 5610 3132 5679; x_wconf 76' lang='grc' dir='ltr'>πῦρ</span> <span class='ocrx_word' id='word_1_881' title='bbox 3217 5610 3554 5681; x_wconf 84' lang='grc' dir='ltr'>καθαίρουσα</span> <span class='ocrx_word' id='word_1_882' title='bbox 3635 5609 3702 5663; x_wconf 79' lang='grc' dir='ltr'>τὰ</span> 
     </span>
    </p>
   </div>
  </div>
