4080 6372
380 392 417 453 1
431 392 552 456 025

1356 390 1770 455 COMMENT.
1817 392 1895 453 IN
1943 390 2188 453 EPIST.
2237 391 2289 452 II
2333 390 2444 454 AD
2487 392 2856 457 GORINTH.

3655 398 3813 460 1026

383 527 880 605 πλημμελήματα.
909 552 938 583 ιι
970 529 1132 589 Min:
1164 527 1242 591 εἷς
1281 528 1375 586 τὸν
1414 529 1607 588 αἰῶνα.
1642 554 1672 583 ››
1728 526 1869 588 Οὐδὶ
1919 546 2051 588 ποτε

2168 529 2620 604 significativum
2653 535 2743 589 est
2772 529 3193 589 exuberantia.
3228 555 3259 585 ‹‹
3304 532 3541 592 Iustitia
3584 534 3733 606 ejus.
3783 558 3811 586 η

386 618 490 697 γάρ
524 613 830 676 σϐἑννυται.

467 906 531 965 Ὀ
590 904 649 962 δὲ
732 906 1091 985 ἐπιχορηγῶν
1177 912 1394 984 σπέρμα
1465 913 1545 982 τῷ
1632 908 1904 982 σπείροντι
1959 908 2049 964 καὶ

398 994 560 1072 ἄρτον
644 996 721 1059 εἷς
809 999 1061 1074 βρῶσιν,
1170 1001 1493 1075 χορηγήσαι
1583 998 1672 1054 καὶ
1775 996 2050 1069 πληθύναι

393 1087 490 1143 τὸν
562 1087 763 1163 σπόρον
851 1088 1024 1162 ὑμῶν,
1106 1088 1196 1144 καὶ
1282 1088 1512 1163 αὐξήσαι
1587 1088 1657 1144 τὰ
1736 1088 2051 1161 γεννήματα

391 1181 493 1243 τῆς
568 1174 921 1249 δικαιοσύνης
998 1179 1177 1252 ὑμῶν,
1262 1178 1313 1234 ἐν
1394 1178 1550 1234 παντὶ
1604 1176 2050 1251 πλουτιζόμενοι,

392 1266 470 1330 εἷς
573 1270 749 1322 πᾶσαν
851 1264 1162 1340 ἁπλότητα,
1257 1268 1382 1339 ἥτις
1480 1267 1865 1346 κατεργάζεται
1981 1264 2053 1322 δι’

388 1359 551 1431 ἡμῶν
605 1353 960 1432 εὐχαριστίαν
1015 1360 1095 1431 τῷ
1162 1362 1298 1431 Θεῷ.
1361 1360 1484 1416 ’Ότι
1554 1360 1590 1428 ἠ
1653 1355 1898 1413 διακονία
1953 1363 2054 1427 τῆς

390 1442 737 1522 λειτουργίας
795 1446 1023 1518 ταύτης,
1113 1445 1175 1501 οὐ
1257 1446 1421 1521 μόνον
1488 1445 1601 1502 ἐστί
1658 1444 2051 1523 προσαναπλη-

391 1538 561 1611 ροῦσα
633 1535 702 1589 τὰ
806 1534 1175 1608 ὑστερήματα*
1254 1538 1364 1590 τῶν
1441 1534 1634 1611 ἁγίων,
1712 1533 1859 1591 ἀλλὰ
1959 1534 2051 1589 καὶ

389 1622 788 1701 περισσεύουσα
844 1621 934 1679 διὰ
988 1622 1216 1680 πολλῶν
1294 1625 1663 1705 εὐχαριστιῶν
1748 1623 1829 1697 τῷ
1912 1630 2051 1699 Θεῷ,

394 1710 485 1769 διὰ
539 1720 640 1782 τῆς
718 1710 957 1787 δοκιμῆς
1054 1721 1160 1785 τῆς
1267 1712 1542 1777 διακονίας
1618 1715 1821 1784 ταύτης
1897 1709 2053 1786 δοξά-

399 1807 574 1873 ζοντες
634 1803 726 1858 τὸν
784 1802 940 1872 Θεὸν,
1006 1801 1095 1859 ἐπὶ
1152 1808 1222 1878 τῇ
1283 1803 1529 1882 ὑποταγῇ
1587 1810 1687 1869 τῆς
1747 1801 2053 1877 ὁμολογίας

400 1891 554 1965 ὑμῶν
615 1890 691 1954 εἷς
746 1891 807 1946 τὸ
860 1888 1201 1970 Εὐαγγέλιον
1266 1897 1363 1948 τοῦ
1419 1894 1682 1968 Χριστοῦ.

478 1983 564 2038 Ἐν
586 1984 756 2061 εὐχῆς
784 1982 929 2054 τάξει
978 1982 1269 2039 αἰνίττεται
1322 1984 1385 2038 τὸ
1429 1984 1505 2056 μή
1539 1979 1647 2038 δεῖν
1708 1978 1937 2054 δειλιᾷν,
1975 1983 2051 2057 μή

402 2092 519 2134 πως
549 2069 674 2135 δούς
718 2093 800 2135 τις
859 2071 1068 2144 πολλὰ,
1129 2072 1291 2136 αὐτὸς
1346 2070 1533 2144 ἐνδεὴς
1587 2073 1801 2150 εὑρεθῇ.
1860 2073 1922 2130 Ὀ
1949 2072 2053 2149 γὰρ

400 2158 617 2238 σπέρμα
674 2166 940 2240 χορηγῶν
1022 2164 1151 2225 Θεὸς
1232 2168 1312 2236 τῷ
1391 2164 1481 2219 τὸν
1537 2162 1794 2232 αἰσθητὸν
1850 2152 2053 2237 σπόρον

396 2250 700 2327 σπείροντι,
732 2252 820 2306 καὶ
851 2252 917 2307 τὸ
958 2255 1116 2327 σῶμα
1147 2253 1358 2329 τρὲφων
1418 2248 1587 2326 ἄρτῳ,
1648 2254 1766 2315 πῶς
1822 2249 1881 2304 ἂν
1915 2249 2053 2324 ἀμὲ-

394 2338 589 2411 λήσειε
644 2344 743 2395 τοῦ
829 2341 921 2397 τὸν
982 2342 1347 2414 πνευματικὸν
1431 2339 1752 2414 σπείροντος
1799 2337 2050 2412 σπόρον;

401 2451 427 2484 ε
460 2433 789 2505 Χορηγήσαι
836 2431 926 2486 καὶ
984 2429 1278 2502 πληθύναι.
1317 2455 1345 2484 ››
1379 2430 1751 2506 Χορηγήσειεν
1811 2429 1938 2501 ὑμῖν
1988 2427 2055 2484 τὰ

398 2517 635 2593 σαρκικὰ
666 2514 939 2592 δαψιλῶς,
982 2516 1067 2574 ἴνα
1119 2518 1407 2593 πληθυνθῇ
1467 2519 1559 2573 καὶ
1616 2519 1651 2587 ἡ
1710 2515 2055 2590 ἐλεημοσύνη

402 2608 582 2684 ὑμῶν.
614 2608 825 2682 Ταύτην
874 2610 979 2686 γὰρ
1037 2613 1128 2665 νῦν
1191 2610 1393 2685 σπόρον
1456 2609 1611 2690 φησί.
1664 2633 1691 2660 ‹‹
1726 2607 1830 2664 Καὶ
1886 2605 2052 2678 αὐξή-

398 2718 490 2754 σαι
519 2698 588 2753 τὰ
610 2699 941 2773 γεννήματα.
975 2729 999 2753 ››
1055 2700 1147 2756 Ἐκ
1203 2700 1303 2775 γὰρ
1362 2701 1459 2754 τοῦ
1511 2704 1611 2767 τῆς
1671 2695 2054 2771 ἐλεημοσύνης

399 2788 635 2860 σπόρου,
680 2784 826 2859 αὔξει
883 2787 1233 2859 δικαιοσύνης
1293 2790 1626 2867 γεννήματα.
1673 2791 1957 2858 Τροπικῶς
1998 2784 2056 2843 δὲ

402 2877 510 2935 ολα
541 2879 704 2935 εἶπεν,
766 2904 795 2933 ‹‹
848 2882 1005 2944 Ἠτις
1071 2880 1457 2957 κατεργάζεται
1514 2876 1587 2934 δι’
1641 2881 1825 2952 ἡμῶν.
1861 2900 1885 2931 ε
1958 2877 2054 2941 Εἷς

397 2969 623 3039 ταύτην,
657 2969 813 3048 φησί,
853 2971 952 3041 τήν
995 2968 1279 3043 ἁπλότητα
1308 2970 1399 3025 καὶ
1465 2966 1755 3045 δαῳίλειαν
1820 2967 2053 3024 πλουτι-

402 3058 641 3130 σθείητε,
699 3057 826 3129 ἥτις
885 3060 1273 3137 κατεργάζεται
1352 3056 1422 3115 δι’
1476 3062 1637 3134 ἡμῶν
1698 3058 2050 3137 εὐχαριστίαν

399 3151 483 3219 τῷ
512 3152 647 3220 Θεῷ.
679 3148 747 3207 Τί
771 3145 829 3205 δὶ
856 3149 920 3205 τὸ
951 3149 1042 3204 καὶ
1087 3150 1214 3213 τοὺς
1270 3147 1476 3213 ἄλλους
1530 3148 1934 3225 παρασκευάζον
1965 3147 2048 3204 εὐ·

407 3243 685 3315 χαριστεῖν
716 3242 796 3311 τῷ
848 3243 984 3312 Θεῷ,
1032 3240 1185 3316 ὑπὲρ,
1218 3239 1292 3294 ὧν
1324 3240 1414 3295 καὶ
1447 3240 1600 3313 ὑμεῖς
1629 3240 1936 3310 κεκτήμεθα
1965 3258 1979 3307 ;
2010 3239 2046 3308 ἡ

404 3324 616 3383 εὐποιία
674 3325 954 3398 δηλονότι.
1042 3327 1419 3393 Πλουτίσασθε
1503 3326 1596 3383 οὖν
1653 3328 1730 3390 εἰς
1775 3326 2044 3384 εὐποιίαν.

402 3415 573 3472 Τοῦτο
611 3417 714 3495 γὰρ
743 3418 835 3474 καὶ
872 3416 1002 3481 τοὺς
1064 3414 1442 3492 λαμϐάνοντας
1500 3420 1652 3491 ἡμᾶς
1710 3419 2057 3493 εὐχαριστεῖν

400 3506 624 3577 ποιήσει
646 3511 784 3580 Θεῷ.
812 3510 980 3567 «⁸οτι
997 3510 1033 3579 ἡ
1058 3505 1330 3568 διακονία.
1357 3532 1385 3561 ››
1406 3510 1739 3578 Τουτέστινὴ
1764 3508 2059 3584 φιλοτιμία

401 3595 495 3650 καὶ
524 3597 560 3666 ἡ
592 3595 820 3673 εἰσφορὰ
846 3602 956 3653 τῶν
989 3599 1298 3679 χρημάτων
1335 3598 1567 3668 τούτων,
1600 3598 1690 3653 καὶ
1730 3600 1764 3669 ἡ
1809 3596 2062 3673 λειτουρ-

401 3684 500 3757 γία
528 3686 564 3754 ἡ
596 3689 938 3760 πνευματική
973 3689 1009 3757 ἡ
1045 3684 1445 3762 διακονούμενοι,
1474 3687 1561 3753 ὑφ’
1591 3690 1772 3760 ἡμῶν.
1794 3711 1821 3739 ‹‹
1855 3686 1930 3742 Οὐ
1965 3686 2061 3759 μὸ-

405 3795 499 3830 νον
533 3772 645 3832 ἐστὶ
676 3777 1230 3854 προσαναπληροῦσα.
1275 3804 1303 3832 (ι
1331 3777 1410 3837 Οὐ
1464 3777 1650 3853 μόνον,
1709 3776 1866 3858 φησὶ,
1896 3779 2061 3832 τοῦτο

405 3866 692 3939 καιορθοῖ,
764 3866 831 3922 τὸ
888 3865 1239 3944 ἀναπληροῦν
1296 3866 1363 3922 τὰ
1420 3866 1766 3942 ὑστερήματα
1820 3866 1909 3921 καὶ
1958 3866 2060 3934 τὴν

409 3951 615 4010 ἔνδειαν
664 3960 771 4011 τῶν
798 3955 994 4031 ἁγίων,
1027 3955 1174 4013 ἀλλὰ
1219 3957 1311 4011 καὶ
1369 3955 1700 4032 περισσεύειν
1761 3954 1907 4011 ποιεὶ
1960 3957 2062 4025 τήν

408 4042 487 4104 εἰς
517 4044 647 4100 Θεὸν
703 4045 1084 4125 εὐχαριστίαν,
1142 4045 1205 4101 τὸ
1258 4043 1348 4100 διὰ
1401 4043 1631 4100 πολλῶν
1674 4045 2059 4123 προφέρεσθαι.

408 4132 540 4191 Οἶον
589 4130 647 4189 δὶ
704 4133 819 4190 ἑστι
866 4135 960 4190 καὶ
1014 4136 1229 4212 τρέφειν
1297 4133 1646 4209 πενομένους,
1693 4134 1784 4190 καὶ
1823 4133 2060 4213 εὐχαρι-

407 4228 650 4289 στεῖσθαι
733 4224 1156 4301 παρασκευάζειν
1240 4225 1392 4281 Θεόν.
1477 4225 1558 4282 Τὰ
1614 4225 1718 4302 γὰρ
1797 4221 1915 4291 δύο,
1954 4227 2063 4279 τῶν

407 4315 544 4387 ἄγαν
600 4311 1010 4387 ἐπαινουμένων
1046 4359 1057 4370 .
1123 4313 1433 4390 Περισσεύει
1476 4311 1566 4386 ιδὶ,
1625 4313 1780 4391 φησὶ,
1840 4311 1930 4369 διὰ
1959 4317 2061 4379 τῆς

408 4399 646 4479 δοκιμῆς
672 4412 769 4475 τῆς
799 4401 1074 4468 διακονίας
1104 4404 1330 4476 ταύτης,
1361 4403 1608 4460 τουτέστι
1650 4408 1752 4470 τῆς
1793 4399 2061 4476 δοκίμου,

406 4493 499 4547 καὶ
555 4494 715 4569 πείρᾳ
763 4497 864 4566 τὴν
938 4495 1296 4571 χρηστότητα
1349 4490 1597 4564 δειξάσης
1655 4490 2061 4566 ἐλεημοσύνης,

407 4581 477 4652 ἢν
508 4584 673 4657 ἡμεῖς
703 4582 1059 4659 διακονοῦμεν
1094 4585 1245 4657 ὑμῖν,
1293 4584 1476 4661 φησίν.
1539 4606 1568 4635 ‹‹
1597 4580 1780 4637 Ἀλλὰ
1841 4580 1930 4635 καὶ
1962 4600 2060 4636 πε-

410 4674 753 4750 ρισσεύουσα,
787 4697 816 4725 ι)
849 4679 973 4738 Πῶς
1023 4671 1080 4730 δὲ
1135 4672 1439 4749 περισσεύει
1506 4674 1541 4742 ἡ
1610 4668 1931 4750 εὐχαριστία
1982 4674 2064 4742 τῷ

407 4766 527 4836 Θεῷ
560 4782 573 4832 ;
611 4767 730 4825 Πῶς
758 4782 773 4833 ;
807 4762 892 4817 ὅτι
924 4760 1240 4833 δοξάζοντες
1277 4760 1411 4816 εἰσιν
1441 4761 1493 4816 οἱ
1546 4761 1691 4836 ἅγιοι
1749 4760 1842 4815 τὸν
1906 4757 2056 4814 Θεόν.

407 4853 490 4911 Οὐ
524 4853 689 4925 μόνον
714 4853 798 4910 δτι
848 4851 1016 4924 ὶλύθη
1076 4852 1261 4917 αὐτοῖς
1312 4850 1401 4907 διὰ
1454 4858 1554 4921 τῆς
1612 4849 1990 4924 ἐλεημοσύνης
2022 4849 2058 4919 ἡ

405 4939 783 5015 humana
834 4943 925 4999 καὶ
981 4943 1065 4999 ὅτι
1124 4940 1554 5019 ὑποτεταγμένοι
1611 4940 1749 5013 ἐστὶ,
1809 4941 2059 5020 φησὶ,τῇ

406 5033 683 5112 ὁμολογίᾳ
704 5038 803 5090 τοῦ
862 5034 1229 5110 Εὐαγγελίου.
1288 5039 1494 5110 Δεῖγμα
1549 5033 1650 5109 γὰρ
1709 5035 1809 5087 τοῦ
1867 5032 2064 5087 ὑποτε-

404 5125 609 5202 τάχθαι
637 5131 757 5188 τοῖς
788 5123 1171 5201 εὐαγγελικοῖς
1227 5122 1632 5201 προστάγμασί,
1661 5123 1723 5177 τὸ
1749 5123 1808 5178 εὖ
1855 5127 2060 5180 ποιεῖν.

405 5213 652 5272 Πλεῖστα
680 5214 784 5291 γὰρ
816 5214 942 5288 περὶ
996 5213 1373 5288 ἰλεημοσύνης
1430 5214 1459 5268 ὁ
1516 5211 1718 5287 Κύριος
1774 5208 2059 5291 διελέχθη.

2157 620 2303 675 Nam
2326 620 2524 692 justos
2556 620 2937 692 eleemosyna
2961 621 3101 678 facit
3128 622 3193 689 ⁸⁷,
3227 622 3446 679 delicta
3474 623 3535 677 in
3568 623 3812 679 modum

2158 708 2314 782 ignis
2344 709 2692 781 puriﬁcans.
2732 729 2759 761 ε
2791 712 2984 766 Manet
3012 710 3073 766 in
3104 712 3411 769 szeculum.
3439 733 3466 765 ε
3499 714 3814 785 Nunquam

2158 800 2320 854 enim
2351 800 2767 873 exstinguitur.

2230 888 2331 957 IX,
2366 891 2553 944 10-43.
2592 891 2769 944 Porro
2799 889 2899 959 qui
2926 890 3245 960 suppeditat
3294 907 3471 947 semen
3519 892 3824 947 seminanti

2160 984 2212 1033 et
2220 994 2427 1049 panem
2454 981 2511 1033 in
2542 980 2748 1047 cibum,
2777 981 2822 1034 is
2842 980 3156 1050 suppeditet
3181 997 3244 1036 ac
3286 982 3629 1052 multiplicet
3664 980 3819 1036 669

2158 1074 2447 1124 sementem
2477 1074 2735 1132 vestrum,
2768 1074 2821 1123 et
2849 1075 3053 1139 augeat
3078 1072 3321 1138 fructum
3340 1070 3586 1140 justitia:
3608 1078 3801 1126 vestra

2159 1163 2221 1211 ut
2277 1158 2337 1211 in
2405 1159 2652 1213 omnibus
2709 1158 3121 1229 locupletemini
3185 1160 3243 1213 in
3300 1175 3516 1213 omnem
3594 1160 3817 1214 sinceri-

2162 1248 2327 1302 talem
2359 1263 2488 1318 qua?
2503 1265 2608 1318 per
2635 1263 2732 1305 nos
2762 1250 2945 1319 effecit
3001 1255 3062 1304 ut
3125 1252 3325 1319 gratiae
3382 1252 3628 1320 agantur
3684 1252 3811 1306 Deo.

2159 1337 2297 1391 Nam
2326 1338 2543 1404 functio
2572 1338 2692 1407 ejus
2744 1340 3036 1393 ministerii
3082 1355 3195 1393 non
3253 1341 3428 1394 solum
3484 1341 3702 1411 supplet
3755 1355 3817 1393 ea

2159 1442 2284 1497 qua:
2313 1427 2508 1483 desunt
2535 1430 2756 1497 sanctis,
2810 1445 2999 1483 verum
3057 1431 3223 1484 etiam
3289 1431 3554 1485 exuberat
3610 1431 3667 1484 in
3719 1432 3817 1485 hoc

2160 1517 2307 1586 quod
2327 1533 2431 1587 per
2458 1518 2657 1573 multos
2687 1521 2887 1587 gratiae
2917 1527 3165 1587 agantur
3212 1519 3341 1587 Deo,
3391 1521 3489 1590 qui
3528 1536 3633 1589 per
3677 1536 3813 1590 pro-

2162 1604 2347 1659 batum
2380 1604 2478 1660 hoc
2508 1606 2872 1661 ministerium
2901 1606 3220 1676 glorificent
3250 1608 3440 1673 Deum,
3470 1623 3635 1678 super
3683 1608 3811 1662 obe-

2161 1693 2373 1749 dientia
2395 1696 2750 1762 confessionis
2777 1701 2968 1749 vestrae
2996 1698 3057 1749 in
3088 1696 3447 1765 Evangelium
3480 1696 3701 1751 Christi.

2230 1893 2296 1947 In
2326 1892 2619 1948 orationis
2649 1892 2858 1949 ordine
2908 1893 3133 1949 indicat
3178 1909 3300 1949 non
3359 1899 3635 1966 oportere
3685 1912 3811 1950 me-

2167 1984 2354 2049 tuere,
2388 1998 2463 2037 ne
2496 1983 2793 2054 quomodo
2828 1983 2878 2038 is
2906 1984 3006 2056 qui
3039 1984 3229 2039 multa
3270 1983 3498 2051 tribuit,
3552 1983 3817 2057 indigere

2164 2070 2517 2127 inveniatur.
2545 2073 2687 2127 Nam
2720 2073 2821 2144 qui
2857 2090 3083 2143 semen,
3110 2074 3169 2128 id
3192 2078 3300 2143 est,
3345 2073 3691 2129 sensibilem
3726 2090 3817 2130 se-

2166 2175 2427 2224 mentem
2460 2170 2801 2243 suppeditat
2848 2171 3192 2238 seminanti,
3238 2188 3454 2244 nempe
3513 2174 3665 2229 Deus
3712 2173 3814 2244 qui

2163 2258 2342 2313 etiam
2374 2275 2588 2332 corpus
2621 2276 2774 2332 pane
2804 2260 3013 2330 nutrit,
3074 2260 3369 2331 quomodo
3419 2278 3557 2316 eum
3617 2268 3818 2334 posset

2162 2347 2460 2421 negligere
2484 2348 2583 2419 qui
2607 2348 2977 2421 spiritualem
3000 2347 3138 2405 facit
3161 2356 3509 2405 sementem.
3537 2373 3565 2400 «
3598 2351 3650 2405 Is
3673 2364 3813 2422 sup-

2164 2435 2388 2509 peditet
2417 2453 2486 2492 ac
2515 2437 2892 2510 multiplicet.
2928 2461 2955 2488 ››
2985 2438 3208 2494 Poterit
3236 2445 3295 2494 et
3326 2438 3587 2495 carnalia
3618 2444 3810 2495 vestra

2161 2530 2397 2587 abunde
2429 2531 2830 2607 suppeditare,
2854 2533 3004 2588 adeo
3030 2538 3097 2587 ut
3146 2533 3327 2588 etiam
3378 2532 3812 2604 multiplicetur

2164 2620 2545 2693 eleemosyna
2578 2627 2788 2689 vestra,
2823 2622 2976 2677 hanc
3008 2622 3168 2677 enim
3201 2621 3347 2677 dicit
3375 2639 3535 2678 nunc
3574 2638 3811 2677 semen-

2164 2722 2319 2775 tem:
2354 2742 2378 2772 ε
2413 2722 2484 2775 Ει
2510 2726 2723 2794 augeat
2749 2720 3027 2776 fructum.
3064 2744 3092 2771 ››
3123 2722 3270 2776 Nam
3303 2737 3374 2776 ex
3413 2721 3808 2792 eleemosyna)

2164 2815 2431 2866 semente
2454 2810 2693 2882 augebit
2714 2816 2771 2864 et
2789 2827 3057 2866 crescere
3083 2810 3262 2866 faciet
3280 2809 3509 2866 fructus
3533 2810 3807 2883 justitim.

2163 2910 2374 2965 Omnia
2403 2916 2602 2966 autem
2633 2910 2940 2983 figurative
2960 2910 3132 2966 dixit.
3169 2931 3196 2960 ‹‹
3226 2911 3365 2975 Quae
3396 2926 3504 2982 per
3532 2926 3642 2965 nos
3668 2909 3808 2965 efﬂ-

2161 2999 2261 3054 cit.
2296 3019 2324 3049 »
2357 3000 2423 3054 In
2454 2999 2628 3065 hanc,
2656 2999 2874 3072 inquit,
2907 3000 3312 3056 sinceritatem
3346 3003 3404 3054 et
3440 2999 3810 3071 cpulentiam

2158 3096 2486 3167 ditescatis,
2517 3115 2650 3169 quas
2682 3115 2788 3170 per
2820 3115 2930 3154 nos
2987 3098 3171 3155 efficit
3217 3104 3284 3153 ut
3321 3098 3526 3169 gratiis
3556 3103 3809 3170 agantur

2160 3186 2297 3241 Deo.
2333 3187 2482 3252 Quid
2514 3193 2603 3242 est
2627 3194 2819 3243 autem
2867 3187 3026 3258 quod
3075 3186 3259 3243 eftlcit
3303 3193 3370 3242 ut
3416 3186 3517 3242 alii
3567 3204 3805 3259 quoque

2078 3295 2122 3361 ρ
2158 3275 2378 3348 gratias
2398 3280 2576 3347 agant
2595 3276 2714 3331 Deo
2738 3292 2842 3346 pro
2864 3276 2957 3331 his
2978 3292 3111 3347 quas
3129 3280 3188 3331 et
3206 3292 3316 3330 nos
3336 3275 3495 3331 nacti
3543 3292 3751 3331 sumus
3780 3274 3807 3330 ‘?

2163 3363 2559 3421 beneﬁcentia
2586 3365 2862 3421 videlicet
2892 3382 2905 3419 :
2941 3364 3213 3421 ditescite
3244 3365 3423 3437 igitur
3467 3364 3809 3421 beneﬁcen-

2164 3453 2268 3511 tia.
2301 3453 2366 3509 Id
2386 3471 2642 3526 namque
2667 3455 2844 3510 etiam
2867 3470 2977 3509 nos
2999 3455 3099 3527 qui
3123 3454 3449 3526 accipimus
3470 3455 3648 3511 faciet
3687 3456 3804 3510 Deo

2163 3544 2382 3615 gratias
2402 3560 2595 3617 agere.
2623 3567 2649 3593 ‹‹
2672 3545 2816 3600 Nam
2847 3543 3073 3599 functio
3087 3544 3266 3616 hujus
3290 3544 3667 3601 ministerii.»
3691 3544 3809 3601 Hoc

2165 3639 2273 3701 est,
2309 3633 2638 3690 liberalitas
2669 3639 2728 3690 et
2757 3633 2996 3689 collatio
3025 3633 3238 3689 harum
3268 3634 3682 3704 pecuniarum,
3742 3648 3811 3689 ac

2165 3722 2475 3794 spirituale
2500 3722 2901 3779 ministerium
2936 3722 3095 3793 quod
3122 3739 3157 3777 a
3184 3722 3358 3777 nobis
3397 3722 3814 3779 subministra-

2164 3826 2279 3877 tur.
2310 3844 2336 3871 ε(
2357 3824 2482 3877 Non
2505 3821 2698 3877 solum
2723 3820 2979 3893 supplet.
3015 3840 3039 3872 ι
3065 3822 3191 3876 Non
3213 3820 3406 3876 solum
3429 3821 3563 3886 hoc,
3596 3821 3814 3891 inquit,

2165 3911 2505 3982 assequitur
2518 3917 2584 3967 ut
2604 3911 2840 3983 expleat
2856 3926 2928 3966 ea
2948 3927 3080 3982 quae
3103 3910 3338 3979 desunt,
3385 3911 3504 3966 sive
3541 3910 3817 3984 indigen-

2166 4006 2308 4062 tiam
2340 4009 2704 4070 sanctorum,
2736 4021 2943 4061 verum
2968 4004 3147 4060 etiam
3170 4004 3497 4061 exuberare
3521 4002 3665 4060 facit
3681 4019 3817 4077 gra-

2166 4097 2383 4155 tiarum
2395 4095 2691 4151 actionem
2711 4111 2852 4167 erga
2874 4096 3082 4162 Deum,
3107 4093 3265 4166 quod
3287 4110 3393 4167 per
3414 4093 3635 4150 multos
3671 4094 3818 4149 οπε-

2165 4193 2350 4244 ratur.
2376 4187 2494 4242 Hoc
2516 4191 2714 4242 autem
2748 4190 2837 4241 est
2867 4184 3026 4256 quod
3059 4188 3118 4241 et
3145 4200 3438 4257 pauperes
3469 4184 3725 4256 alantur,
3761 4189 3819 4239 et

2168 4277 2403 4334 efﬁcere
2427 4281 2493 4332 ut
2508 4276 2711 4349 gratiae
2734 4279 2985 4348 agantur
3005 4275 3142 4331 Deo.
3168 4275 3318 4333 Nam
3348 4274 3474 4329 haec
3506 4273 3622 4329 duo
3662 4274 3819 4328 inter

2168 4384 2238 4424 ea
2262 4372 2405 4424 sunt
2424 4382 2555 4438 quas
2587 4365 2910 4422 admodum
2937 4363 3374 4422 collaudantur.
3391 4363 3688 4420 Exuberat
3714 4380 3820 4419 au-

2166 4471 2306 4535 tem,
2336 4465 2500 4532 dicit,
2521 4481 2630 4537 per
2651 4464 2968 4537 probatum
3000 4463 3113 4519 hoc
3161 4462 3582 4531 ministerium,
3616 4461 3675 4517 id
3706 4467 3817 4530 est,

2166 4572 2274 4626 per
2301 4552 2751 4625 comprobatam
2782 4553 3250 4624 eleemosynam,
3294 4559 3353 4608 et
3405 4569 3536 4625 qum
3590 4552 3823 4623 experi-

2095 4659 2143 4723 ί)
2174 4648 2375 4699 mento
2401 4642 2724 4699 utilitatem
2750 4641 3100 4711 ostenderit,
3134 4658 3314 4713 quam
3345 4658 3454 4696 nos
3482 4639 3647 4695 vobis
3706 4640 3820 4695 mi-

2171 4743 2516 4810 nistramus,
2548 4739 2761 4811 inquit.
2794 4762 2822 4790 «
2859 4741 3073 4795 Verum
3105 4740 3284 4795 etiam
3320 4739 3673 4795 exuberat.»
3695 4739 3820 4803 Quo

2172 4836 2369 4889 autem
2392 4835 2563 4903 pacto
2585 4828 2870 4885 exuberat
2885 4829 3209 4902 gratiarum
3229 4829 3384 4884 actio
3407 4844 3545 4901 erga
3580 4829 3766 4882 Deum
3795 4827 3825 4883 ει

2171 4932 2294 4998 Quo
2313 4928 2683 5003 pacto?Quia
2701 4928 2890 4984 sancti
2905 4929 3090 4984 Deum
3103 4927 3458 5001 glorificant,
3486 4943 3606 4981 non
3629 4925 3826 4982 solum

2171 5020 2326 5093 quod
2347 5036 2455 5093 per
2471 5020 2912 5091 eleemosynam
2936 5017 3128 5075 ablata
3151 5018 3229 5073 sit
3246 5016 3319 5073 ab
3355 5017 3502 5089 ipsis
3551 5015 3828 5089 indigen-

2171 5111 2276 5175 tia,
2300 5110 2455 5166 οτι)
2474 5125 2675 5165 verum
2693 5109 2872 5164 etiam
2901 5107 3059 5179 quod
3108 5108 3409 5181 Evangelii
3459 5106 3825 5164 confessioni

2174 5209 2426 5282 subjecti
2459 5208 2611 5263 sitis.
2666 5210 3090 5279 Argumentem
3149 5207 3311 5262 enim
3370 5206 3528 5277 quod
3579 5206 3813 5278 subject

408 5306 541 5364 sitis
559 5306 935 5381 jussionibus
965 5305 1317 5379 evangelicis
1347 5311 1440 5361 est
1466 5304 1597 5376 ipsa
1625 5301 2042 5359 beneficentia.
2075 5302 2221 5356 Nam
2250 5299 2405 5354 circa
2434 5297 2875 5368 eleemosynam
2908 5295 3195 5352 Dominus
3225 5296 3485 5369 plurima
3523 5296 3826 5352 disseruit.

480 5396 586 5455 Καὶ
626 5393 901 5467 ἁπλότητι
931 5401 1035 5465 τῆς
1094 5392 1389 5455 κοινωνίας
1446 5391 1526 5454 είς
1583 5391 1779 5454 αὐτοὺς
1836 5390 1930 5447 καὶ
1981 5387 2061 5454 εἷς

2244 5389 2337 5459 IX,
2376 5390 2561 5443 13-15.
2596 5388 2665 5443 Et
2710 5388 3083 5442 sinceritatem
3141 5388 3655 5443 communicationis
3702 5398 3833 5456 erga

406 5485 632 5557 πάντας,
664 5486 754 5542 καὶ
784 5482 961 5540 αὐτῶν
1004 5483 1183 5557 δεήσει
1245 5484 1380 5561 ὑπὶρ
1441 5482 1573 5558 ὑπὶρ
1630 5483 1809 5557 ὑμῶν,
1862 5480 2055 5537 ἰπιπο-

2168 5481 2314 5552 ipsos
2343 5486 2397 5535 et
2424 5495 2560 5549 erga
2609 5493 2813 5547 omnes,
2865 5480 3031 5533 etiam
3081 5481 3402 5549 precatione
3450 5478 3672 5532 illorum
3720 5489 3831 5545 pro

408 5582 647 5642 θούντων
717 5575 857 5649 ὑμᾶς
911 5571 1002 5630 διὰ
1067 5573 1167 5644 τὴν
1219 5567 1677 5649 ὑπερϐάλλουσαν
1736 5571 1903 5651 χάριν
1958 5572 2055 5626 τοῦ

2168 5570 2345 5626 vobis:
2358 5570 2461 5639 qui
2486 5567 2803 5623 desiderant
2819 5583 2917 5623 vos
2924 5574 3168 5639 propter
3207 5566 3541 5623 eminentem
3570 5565 3671 5618 Dei
3698 5578 3834 5632 gra-

480 5758 523 5795 ⁵¹¹
553 5756 732 5815 Eccli.
765 5774 844 5828 ιιι,
876 5760 965 5814 22.
