4098 6420
285 387 440 448 1027

1371 387 1804 451 (ΕΟΠΜΕΝΙΙ
1849 385 2161 448 TRICC/E
2207 383 2558 447 EPISCOPI

3550 387 3710 446 1098

282 524 419 578 tiam
449 525 508 578 in
538 525 705 580 vobis.
740 525 932 579 Gratia
965 530 1148 578 autem
1203 525 1305 579 Deo
1355 541 1520 596 super
1575 522 1930 578 inenarrabili

2055 522 2189 592 Θεοῦ
2222 517 2302 596 ἐφ’
2335 519 2484 592 ὑμῖν.
2517 520 2684 595 Χάρις
2721 516 2777 574 δὲ
2800 523 2881 592 τῷ
2911 524 3027 592 Θεῷ
3075 517 3164 574 ἐπὶ
3195 523 3264 594 τῇ
3324 517 3712 594 ἀνεκδιηγήτῳ

285 629 383 668 SUO
407 630 647 668 munere.

356 705 425 756 Et
455 704 593 774 quia
618 721 725 775 per
755 704 1188 775 subjectionem
1220 722 1287 760 ac
1319 704 1720 760 obedientiam
1742 704 1930 757 Evan-

284 791 416 864 gelii
451 792 524 846 ad
556 793 667 848 hoc
698 794 877 848 etiam
909 795 1158 866 subjecti
1220 796 1363 849 estis
1411 795 1484 850 ad
1531 793 1938 849 sinceritatem

286 897 422 953 erga
454 883 642 952 ipsos,
675 883 785 938 hoc
818 890 927 951 est,
963 884 1388 940 abundantiam
1423 885 1818 954 eleemosyna}
1869 897 1936 936 ac

285 972 871 1026 communicationis.
902 975 1017 1027 Nec
1067 974 1261 1028 solum
1320 989 1456 1046 erga
1509 974 1692 1045 ipsos,
1730 986 1936 1026 verum

287 1059 466 1113 etiam
502 1076 641 1132 erga
671 1077 897 1115 omnes.
933 1066 1078 1116 Nam
1112 1062 1192 1129 hi,
1241 1062 1454 1133 inquit,
1510 1061 1697 1116 sancti
1740 1059 1813 1113 ob
1871 1056 1931 1111 id

280 1164 516 1220 quoque
547 1150 665 1204 Deo
721 1151 940 1222 gratias
999 1157 1177 1223 agunt
1233 1149 1390 1222 quod
1446 1149 1580 1205 aliis
1644 1148 1928 1204 tribuitis.

285 1259 312 1285 «
337 1239 524 1293 Etiam
545 1240 885 1309 precatione
908 1239 1146 1294 illorum
1169 1257 1276 1312 pro
1296 1239 1479 1295 vobis.
1504 1258 1534 1292 ››
1561 1240 1622 1293 In
1673 1239 1808 1303 hoc,
1845 1237 1937 1291 in-

283 1327 432 1397 quit,
467 1329 583 1382 Deo
609 1330 825 1399 gratias
865 1335 1066 1402 agunt,
1101 1330 1257 1401 quod
1272 1328 1568 1402 Evangelii
1593 1325 1935 1382 obedientia

277 1431 345 1470 ac
378 1415 666 1486 subjectio
697 1417 844 1472 adeo
878 1419 1158 1489 probatos
1221 1437 1322 1474 vos
1373 1417 1718 1484 reddiderit,
1781 1415 1927 1471 adeo

278 1505 605 1560 amabiles:
632 1506 993 1561 utcontinue
1016 1514 1338 1578 precentur
1383 1524 1498 1579 quo
1544 1506 1782 1562 videant
1811 1522 1932 1561 vos.

274 1595 375 1648 Ait
403 1595 562 1649 enim
585 1613 596 1649 :
623 1619 649 1644 ‹‹
676 1596 784 1660 Qui
809 1596 1154 1652 desiderant
1175 1615 1279 1653 vos
1301 1603 1545 1669 propter
1565 1597 1930 1652 eminentem

279 1684 380 1738 Dei
411 1685 682 1756 gratiam.
721 1707 746 1733 ››
785 1687 914 1755 Vos,
945 1688 1046 1751 ait,
1094 1687 1456 1757 desiderant,
1518 1704 1637 1741 non
1695 1690 1938 1758 propter

281 1772 535 1839 divitias,
560 1774 662 1828 sed
684 1779 749 1827 ut
769 1781 1131 1845 spectatores
1183 1778 1302 1831 sint
1344 1777 1494 1832 datm
1545 1777 1706 1830 vobis
1751 1792 1785 1830 a
1814 1776 1933 1830 Deo

273 1863 498 1931 gratias.
529 1865 776 1934 Propter
800 1865 1166 1920 eminentem
1193 1867 1372 1932 enim,
1400 1866 1616 1936 inquit,
1662 1865 1764 1920 Dei
1804 1880 1933 1936 gra-

277 1951 422 2005 tiam
450 1951 511 2004 in
534 1951 698 2006 vobis
719 1950 916 2006 videre
943 1970 1044 2008 vos
1069 1955 1333 2024 cupiunt.
1373 1954 1512 2008 Vide
1563 1960 1760 2008 autem
1793 1968 1931 2024 pru-

277 2039 920 2096 dentiam.Extollendo
941 2041 1093 2112 illos,
1122 2049 1307 2098 totum
1334 2044 1452 2098 Deo
1476 2043 1766 2110 attribuit,
1807 2057 1934 2096 rem

278 2127 468 2197 ipsam
498 2145 710 2183 vocans
744 2130 843 2183 Dei
875 2132 1146 2202 gratiam.
1184 2154 1210 2179 ‹‹
1247 2133 1443 2186 Gratia
1474 2137 1674 2186 autem
1735 2132 1873 2186 Deo.
1904 2152 1933 2180 »

274 2217 498 2271 Deinde
533 2219 766 2291 cognita
798 2218 900 2273 Dei
931 2221 1140 2291 gratia,
1188 2222 1312 2291 ipse
1371 2222 1557 2276 Deum
1617 2219 1929 2292 glorificat.

281 2306 538 2362 «Gratia
569 2313 770 2362 autem
831 2308 969 2376 Deo,
1032 2310 1250 2381 inquit,
1307 2327 1486 2382 super
1543 2309 1930 2365 inenarrabili

274 2395 464 2466 ipsius
495 2397 674 2453 dono.
713 2419 740 2445 »
774 2398 1004 2452 Donum
1039 2406 1238 2454 autem
1272 2401 1392 2454 sive
1423 2417 1642 2454 munus
1673 2400 1935 2471 appellat

274 2485 372 2539 hic
403 2485 563 2556 quod
597 2487 910 2558 Evangelia
935 2489 1188 2559 subjecti
1219 2489 1356 2544 facti
1389 2489 1507 2544 sint
1538 2490 1849 2558 Corinthii,
1877 2494 1935 2545 et

256 2576 434 2645 quod
467 2592 574 2646 per
605 2577 1047 2648 eleemosynam
1082 2585 1244 2633 tanta
1273 2580 1434 2634 bona
1463 2579 1635 2634 nobis
1659 2579 1934 2635 tribuerit

272 2671 498 2734 quanta
530 2668 916 2735 enumeravit,
955 2669 1232 2739 quodque
1264 2687 1370 2741 pro
1397 2670 1501 2725 illa
1531 2670 1696 2724 dabit
1726 2671 1788 2724 in
1838 2671 1932 2725 fu-

273 2758 406 2809 turo
439 2755 691 2825 majora.

837 2912 1247 2980 MICAPUT
1285 2925 1354 2980 x.

273 3039 635 3113 Propriqrum
665 3040 919 3095 narratio
953 3041 1201 3096 laborum
1233 3048 1282 3096 et
1307 3045 1582 3113 propositi
1611 3059 1674 3096 ac
1727 3043 1933 3113 gratia?

342 3125 464 3234 q/u?
493 3112 553 3163 in
583 3113 704 3178 ipso
734 3119 919 3181 erant,
953 3129 1021 3168 ne
1051 3117 1416 3168 assentiretur
1471 3117 1674 3181 fucatis
1733 3112 1928 3171 Corin-

347 3193 366 3234 t
409 3198 496 3234 ns.

347 3193 496 3236 tlms.

342 3301 409 3365 Χ,
446 3302 562 3354 1-3.
601 3302 875 3356 Caterum
907 3305 1022 3371 ipse
1054 3303 1262 3358 Paulus
1291 3304 1512 3358 obsecro
1541 3319 1635 3358 vos
1684 3320 1790 3374 per
1848 3304 1923 3358 ιε·
1959 3283 2000 3348 C

270 3391 503 3444 nitatem
524 3397 579 3444 et
608 3392 1087 3446 mansuetudinem
1121 3393 1345 3462 Christi,
1379 3395 1477 3461 qui
1533 3394 1594 3448 in
1638 3399 1926 3462 conspectu

272 3477 498 3532 humilis
527 3479 750 3548 quidem
779 3497 897 3534 sum
925 3482 1074 3534 inter
1103 3497 1214 3545 vos,
1244 3483 1435 3535 absens
1501 3488 1682 3536 tamen
1739 3482 1928 3536 audam

271 3585 386 3623 sum
422 3585 552 3636 erga
583 3584 692 3624 vos.
736 3571 886 3639 Rogo
918 3577 1098 3625 autem
1127 3588 1195 3625 ne
1218 3588 1460 3641 praesens
1488 3572 1722 3626 audeam
1780 3572 1928 3641 ﬁdu-

269 3660 358 3712 cia
378 3675 488 3727 qua
519 3660 804 3714 existimor
832 3660 1034 3714 audere
1065 3677 1197 3730 erga
1226 3661 1509 3730 quosdam,
1562 3661 1661 3731 qui
1717 3666 1927 3732 putant

269 3763 366 3801 nos
390 3749 687 3803 secundum
713 3765 935 3804 carnem
963 3751 1267 3805 ambulare.
1301 3753 1438 3806 Nam
1468 3755 1526 3806 in
1587 3769 1750 3807 carne
1805 3768 1924 3806 am-

271 3838 543 3911 bulantes,
573 3856 684 3894 non
707 3840 1003 3896 secundum
1034 3858 1252 3896 carnem
1282 3844 1604 3898 militamus.

341 4018 549 4089 Magna
577 4018 858 4090 dignitas.
919 4021 1036 4090 Ego
1097 4020 1335 4091 Paulus,
1400 4022 1614 4092 inquit,
1673 4021 1785 4076 hoc
1813 4026 1921 4087 est,

263 4108 591 4176 apostolus,
626 4108 786 4163 orbis
818 4110 1102 4181 magister
1139 4127 1151 4164 :
1187 4112 1341 4167 sicut
1371 4113 1549 4168 etiam
1578 4113 1694 4167 alio
1743 4111 1872 4166 loco
1907 4129 1921 4166 :

271 4217 298 4244 ‹‹
331 4195 477 4249 Ecce
511 4211 614 4268 ego
647 4196 867 4252 Paulus
893 4198 1026 4253 dico
1058 4199 1224 4254 vobis
1255 4200 1320 4258 ⁵⁸.
1384 4224 1412 4250 ››
1469 4202 1713 4272 Expleto
1769 4203 1926 4257 enim

270 4300 544 4338 sermone
570 4285 640 4339 de
657 4286 1058 4359 eleemosyna,
1085 4289 1426 4360 auspicatur
1451 4307 1759 4347 sermones
1799 4307 1930 4347 ma—

267 4374 355 4445 gis
387 4373 820 4445 increpatorios
853 4377 1134 4432 adversus
1166 4379 1662 4450 pseudapostolos
1705 4397 1926 4452 eosque

268 4463 368 4533 qui
385 4463 583 4533 ipsum
618 4464 1156 4522 calumniabantur.
1174 4468 1513 4539 Etseipsum
1529 4471 1925 4542 commendat,

267 4567 402 4604 cum
435 4552 495 4606 in
529 4553 948 4609 necessitatem
981 4555 1091 4610 hoc
1142 4556 1404 4612 faciendi
1467 4558 1800 4628 incidisset,
1849 4577 1924 4616 ne

2041 607 2209 662 αὗτοῦ
2241 607 2440 682 δωρεᾷ.

2115 698 2216 752 Καὶ
2249 698 2331 751 ὅτι
2366 694 2454 752 διὰ
2484 697 2582 765 τὴν
2627 695 2907 774 ὖποταγήν
2968 698 3058 752 καὶ
3107 698 3280 753 πειθὼ
3332 701 3430 751 τοῦ
3463 696 3710 772 Εὐαγγε-

2044 785 2188 854 λίου,
2220 784 2308 840 καὶ
2343 784 2417 847 εἰς
2450 789 2611 840 τοῦτο
2647 783 3078 862 ὑποτεταγμένοι
3129 784 3269 855 ἐστε,
3327 785 3406 847 είς
3473 786 3572 854 τήν
3625 785 3704 848 εἰς

2045 876 2243 938 αὐτούς
2271 877 2576 946 ἁπλότητα,
2640 878 2751 932 οἷον
2811 875 3097 951 δαψίλειαν
3153 885 3259 947 τῆς
3322 876 3707 951 ἐλεημοσύνης

2043 967 2131 1021 καὶ
2162 965 2469 1035 κοινωνίαν,
2503 966 2594 1021 καὶ
2629 966 2689 1021 οὐ
2728 966 2892 1040 μόνον
2925 966 3002 1029 είς
3036 966 3252 1035 αὐτοῦς,
3301 965 3446 1023 ἀλλὰ
3504 966 3595 1022 καὶ
3627 968 3708 1030 είς

2044 1057 2267 1123 πάντας,
2297 1056 2363 1112 Οἱ
2396 1055 2500 1130 γὰρ
2535 1057 2680 1130 ἅγιοι
2735 1055 2909 1127 οὗτοι,
2965 1055 3118 1134 φησὶ,
3167 1056 3258 1110 καὶ
3293 1057 3423 1129 ὑπὲρ
3483 1055 3558 1110 ὧν
3593 1056 3712 1111 ἑτέ-

2043 1165 2163 1218 ροις
2197 1145 2485 1219 παρέχετε,
2519 1144 2907 1223 εὐχαριστοῦσι
2953 1149 3032 1216 τῷ
3099 1149 3236 1217 Θεῷ.
3295 1169 3323 1196 ‹‹
3361 1144 3464 1201 Καὶ
3523 1145 3706 1201 αὐτῶν

2053 1231 2234 1304 δεήσει
2267 1234 2396 1307 ὑπὲρ
2432 1233 2608 1306 ὑμῶν,
2645 1257 2671 1284 ››
2705 1234 2807 1291 Καὶ
2868 1234 2942 1295 είς
3008 1237 3192 1303 τοῦτο,
3254 1234 3440 1310 φησὶν,
3471 1234 3699 1310 εὐχαρι-

2045 1329 2338 1397 στοῦσιτῷ
2369 1330 2484 1397 Θεῷ
2548 1326 2627 1379 ὅτι
2689 1324 2864 1386 οὕτως
2927 1325 3065 1398 ὑμᾶς
3120 1323 3384 1398 δοκίμους
3443 1325 3700 1402 ἀπειργά-

2042 1436 2169 1469 σατο
2201 1417 2236 1484 ἡ
2273 1416 2515 1490 ὑποταγὴ
2557 1419 2652 1469 τοῦ
2704 1412 3046 1491 Εὖαγγελίου
3082 1413 3224 1470 οὕτω
3286 1416 3597 1486 ποθεινοὺς,
3628 1415 3703 1476 ὡς

2044 1500 2249 1557 δεῖσθαι
2301 1501 2497 1564 αὐτοὺς
2589 1506 2828 1578 συνεχῶς
2922 1502 3055 1576 ὑπὲρ
3148 1506 3244 1557 τοῦ
3335 1499 3464 1557 ἲδεῖν
3543 1503 3706 1574 ὑμᾶς.

2044 1617 2070 1643 ‹‹
2099 1592 2542 1648 Ἐπιποθοῦντων
2573 1593 2678 1667 γὰρ
2719 1593 2882 1664 ὑμᾶς,
2917 1591 3072 1668 φησι,
3117 1588 3208 1646 διὰ
3265 1593 3362 1660 τήν
3425 1586 3706 1666 ὑπερϐάλ-

2044 1680 2243 1736 λουσαν
2300 1681 2462 1756 χάριν
2550 1684 2646 1734 τοῦ
2702 1685 2856 1738 Θεοῦ.
2893 1705 2914 1734 ι
2966 1681 3322 1744 Ἐπιποθοῦσι
3377 1678 3454 1751 δὲ,
3516 1681 3703 1758 φησὶν,

2046 1771 2209 1842 ὑμᾶς,
2241 1767 2428 1825 οὐδιᾶ
2465 1770 2530 1823 τὰ
2586 1771 2872 1848 χρήματα,
2927 1767 3056 1823 ἀλλ’
3105 1769 3244 1824 ὥστε
3302 1770 3487 1824 θεαταὶ
3550 1771 3702 1846 γενέ-

2044 1862 2165 1914 σθαι
2194 1867 2293 1928 τῆς
2327 1855 2575 1928 δοθείσης
2613 1860 2738 1931 ὑμῖν
2790 1858 2895 1912 ἀπὸ
2959 1862 3092 1912 Θεοῦ
3151 1860 3404 1934 χάριτος.
3471 1859 3568 1914 Διὰ
3597 1858 3703 1934 γὰρ

2044 1949 2144 2016 τὴν
2181 1943 2656 2024 ὑπερϐάλλουσαν,
2691 1948 2846 2024 φησὶ,
2883 1947 3044 2025 χάριν
3081 1951 3179 2002 τοῦ
3239 1952 3373 2002 Θεοῦ
3431 1947 3513 2025 ἐφ’
3548 1948 3703 2021 ὑμῖν,

2045 2035 2133 2092 διᾶ
2192 2041 2354 2092 τοῦτο
2410 2038 2550 2110 ὑμᾶς
2619 2034 2751 2090 ἰδεῖν
2813 2039 3093 2092 ποθοῦσιν.
3155 2039 3296 2110 ’Όρα
3358 2035 3413 2092 δὲ
3473 2035 3706 2092 σύνεσιν⁹

2041 2130 2280 2203 Ἐπάρας
2313 2127 2530 2193 αὐτοὺς,
2578 2129 2640 2181 τὸ
2671 2132 2775 2182 πᾶν
2832 2127 3059 2198 ἀνέθηκε
3115 2131 3192 2199 τῷ
3250 2133 3388 2201 Θεῷ,
3449 2129 3614 2207 χάριν
3643 2129 3707 2183 τὸ

2040 2224 2264 2292 πκᾶγμα
2295 2218 2526 2278 καλέσας
2559 2221 2714 2275 Θεοῦ,
2772 2218 3008 2290 «Χάρις
3067 2214 3125 2272 δὲ
3175 2221 3256 2289 τῷ
3314 2221 3453 2290 Θεῷ.
3485 2239 3512 2271 ι
3566 2220 3706 2275 Εἶτα

2038 2309 2136 2375 τήν
2164 2311 2260 2362 τοῦ
2293 2311 2425 2362 Θεοῦ
2458 2305 2618 2382 χάριν
2658 2304 2941 2377 ἐννοήσας,
2991 2307 3081 2361 καὶ
3140 2306 3304 2371 αὐτὸς
3360 2304 3570 2377 δοξάζει
3603 2309 3694 2362 τὸν

2039 2395 2185 2452 Θεόν.
2221 2421 2249 2447 ‹‹
2282 2395 2452 2472 Χάρις
2503 2396 2559 2450 δὲ
2615 2400 2693 2468 τῷ
2751 2400 2888 2467 Θεῷ,
2946 2395 3138 2472 φησὶν,
3193 2394 3281 2451 ἐπὶ
3351 2401 3422 2470 τῇ
3483 2394 3697 2452 ἀνεκδι-

2039 2489 2238 2561 ηγήτῳ
2255 2485 2418 2542 αὐτοῦ
2451 2482 2648 2560 δωρεᾷ.
2684 2509 2712 2536 ››
2745 2485 2960 2560 Δωρεᾶν
2993 2483 3052 2540 δὲ
3101 2484 3323 2540 ἐνταῦθα
3365 2485 3548 2553 καλεῖ,
3604 2478 3698 2541 καὶ

2037 2577 2100 2630 τὸ
2125 2583 2474 2651 γεγεννῆσθαι
2535 2574 2859 2648 Κορινθίους
2921 2574 3385 2651 ὑποτεταγμένους
3446 2579 3526 2647 τῷ
3587 2576 3701 2631 Εὐ-

2041 2665 2302 2741 αγγελίῳ,
2336 2665 2425 2719 καὶ
2457 2663 2541 2719 ὅτι
2573 2663 2886 2740 ἐδωρήσατο
2915 2665 3053 2738 ἡμῖν
3087 2661 3176 2719 διὰ
3228 2671 3327 2734 τῆς
3383 2663 3699 2737 ἐλεημοσύ-

2039 2776 2135 2824 νης
2163 2754 2229 2808 τὰ
2265 2758 2499 2808 τοσαῦτα
2530 2753 2727 2826 ἀγαθὰ,
2761 2751 2860 2807 ὅσα
2887 2753 3160 2824 κατέλεξε,
3214 2752 3302 2809 καὶ
3354 2755 3440 2808 ὅτι
3475 2751 3702 2826 μείζονα

2042 2841 2204 2899 δώσει
2236 2842 2367 2917 ὑπὲρ
2398 2843 2568 2912 αὐτῆς
2597 2841 2651 2897 ἐν
2681 2846 2762 2914 τῷ
2794 2841 3082 2915 μέλλοντι.

2685 2933 2944 2990 ΚΕΦΔΛ.
2991 2933 3047 2992 Γ.

2041 3040 2303 3114 Διῄγησις
2337 3042 2445 3093 τῶν
2504 3035 2661 3114 ίδίων
2713 3038 2896 3114 πόνων
2943 3040 3033 3114 καὶ
3091 3037 3425 3114 προθέσεως,
3475 3038 3692 3114 καὶτῆς

2111 3108 2194 3165 ἐπ’
2237 3110 2386 3185 αῦτῷ
2444 3109 2673 3185 χάριτος
2727 3112 2864 3185 πρὸς
2923 3108 2984 3165 τὸ
3044 3108 3281 3184 μὴ’τοις
3340 3108 3693 3172 ἐπιπλάστοις

2109 3182 2495 3255 προστίθεσθαι
2524 3182 2873 3257 Κορινθίοις,

3215 1506 3240 1517 ~

3148 1523 3244 1557 του

2116 3317 2290 3379 Αὐτὸς
2322 3315 2381 3372 δὲ
2439 3316 2549 3392 ἑγὼ
2608 3315 2822 3379 Παῦλος
2884 3317 3188 3392 παρακαλῶ
3246 3318 3390 3389 ὑμᾶς
3452 3315 3542 3373 διὰ
3595 3325 3698 3387 τῆς

2037 3411 2348 3484 πραότητος
2409 3407 2500 3461 καὶ
2581 3407 2872 3469 ἐπιεικείας
2937 3412 3036 3462 τοῦ
3118 3413 3376 3482 Χριστοῦ,
3439 3405 3502 3469 ὃς
3563 3409 3699 3462 κατὰ

2039 3501 2332 3574 πρόσωπον
2383 3499 2480 3571 μὲν
2543 3499 2800 3552 ταπεινὸσ
2857 3497 2911 3553 έν
2973 3499 3127 3570 ὑμῖν,
3185 3498 3338 3554 ἀπὼν
3397 3497 3455 3553 δὲ
3511 3496 3696 3574 θαρῤὧ

2040 3589 2116 3650 εἷς
2177 3589 2342 3660 ὑμᾶς.
2408 3588 2609 3658 Δὲομαι
2667 3584 2726 3640 δὲ
2789 3588 2852 3642 τὸ
2915 3589 2989 3660 μή
3049 3589 3236 3661 παρὼν
3302 3586 3567 3663 θαῤῥῆσαι
3624 3592 3693 3662 τῇ

2039 3679 2362 3747 πεποιθήσε.
2421 3675 2457 3750 ᾖ
2518 3675 2815 3750 λογίζομαι
2877 3675 3154 3750 τολμῆσαι
3216 3677 3304 3733 ἐπὶ
3359 3699 3508 3739 τινας
3567 3675 3698 3740 τοὺς

2039 3767 2438 3842 λογιζομένους
2527 3767 2675 3837 ἡμᾶς
2759 3765 2832 3826 ὡς
2916 3765 3054 3820 κατὰ
3110 3765 3283 3842 σάρκα
3330 3770 3698 3842 περιπατοῦν-

2039 3877 2156 3918 τας.
2191 3857 2277 3912 Ἐν
2337 3855 2490 3928 σαρκὶ
2554 3853 2660 3928 γὰρ
2712 3857 3158 3928 περιπατοῦντες,
3219 3855 3281 3909 οὗ
3340 3853 3476 3910 κατὰ
3524 3856 3698 3928 σάρκα

2039 3939 2302 4020 στρατευὸ
2311 3945 2464 4018 μεθα.

2111 4043 2262 4119 Μέγα
2291 4043 2353 4097 τὸ
2386 4043 2621 4115 ἀξίωμα,
2677 4041 2816 4114 Ἐγὼ
2875 4039 3116 4114 Παῦλος,
3169 4044 3324 4118 φησὶ,
3391 4044 3693 4101 τουτέστιν.

2041 4133 2068 4185 ὁ
2101 4127 2464 4196 Ἀπόστολος,
2507 4130 2534 4183 ὁ
2569 4124 2901 4190 διδάσκαλος
2953 4136 3056 4198 τῆς
3087 4129 3438 4203 οἰκουμένης,
3471 4131 3545 4194 ὡς
3601 4129 3693 4186 καὶ

2039 4218 2315 4292 ἀλλαχοῦ.
2355 4243 2375 4268 ι
2415 4214 2553 4270 Ἰδοὺ
2582 4216 2692 4290 ἑγὼ
2725 4215 2940 4279 Παῦλος
2987 4216 3134 4295 λέγω
3171 4220 3322 4292 ὑμῖν.
3353 4243 3377 4274 ι
3435 4220 3691 4295 Ἀπατρί-

2039 4329 2132 4370 σας
2161 4308 2252 4362 τὸν
2287 4306 2410 4381 περί
2442 4302 2822 4377 ἐλεημοσύνης
2853 4304 3045 4383 λόγον,
3070 4308 3378 4388 ἀπάρχεται
3410 4314 3520 4365 τῶν
3578 4311 3694 4365 ἑπι-

2037 4395 2486 4470 τιμητικωτέρων
2521 4395 2722 4469 λόγων,
2755 4394 2890 4450 κατᾶ
2919 4417 2978 4451 τε
3034 4401 3143 4452 τῶν
3200 4397 3690 4470 ψευδαποστὸλων,

2037 4487 2258 4542 καὶτῶν
2307 4482 2708 4561 λοιδορούντων
2769 4486 2952 4542 αὐτόν.
3031 4486 3133 4542 Καὶ
3193 4489 3377 4542 ἑαυτὸν
3434 4490 3693 4560 συνίστη-

2039 4599 2144 4641 σιν,
2179 4575 2255 4636 εἷς
2290 4575 2530 4651 ἀνάγκην
2552 4573 2725 4637 ἐλθὼν
2753 4579 2852 4629 τοῦ
2889 4576 2963 4647 μή
3013 4575 3107 4630 καὶ
3154 4577 3216 4631 τὸ
3279 4580 3540 4656 κήρτγμα
3571 4600 3692 4636 συν-

267 4641 447 4694 etiam
478 4643 823 4713 praedicatio
855 4644 1188 4711 vilesceret,
1221 4647 1268 4700 si
1306 4647 1433 4719 ipse
1485 4649 1560 4703 ob
1618 4649 1920 4705 silentium

2045 4641 2433 4732 ιυτελισθῆναί,
2467 4641 2510 4716 εἰ
2564 4663 2726 4724 αὐτὸς
2787 4641 2996 4739 φαῦλος
3056 4667 3125 4738 τῇ
3185 4641 3368 4740 σιωπῇ
3428 4641 3690 4741 νομισθῇ.

265 4732 396 4786 vilis
427 4749 494 4788 ac
521 4733 789 4806 abjectus
822 4741 1200 4807 reputaretur
1234 4755 1246 4793 :
1310 4745 1366 4792 et
1425 4739 1574 4794 data)
1634 4741 1744 4795 sibi
1779 4758 1915 4797 cum

269 4822 659 4879 exuberantia
687 4825 890 4897 gratia}
924 4827 1213 4897 praeclara
1239 4829 1408 4898 ponit
1435 4829 1927 4902 facinora,suam-

271 4935 384 4989 que
412 4921 791 4978 tolerantiam
807 4939 874 4978 ac
891 4941 1174 4995 perpessa
1186 4942 1292 4995 pro
1305 4926 1538 4981 Christo
1572 4930 1921 4983 certamina.

271 5029 296 5056 ‹‹
327 5007 718 5065 Obsecrovos.
746 5032 773 5060 »
825 5013 942 5065 Hoc
991 5011 1116 5066 vult
1164 5013 1390 5068 dicere:
1443 5016 1556 5070 Vos
1587 5033 1689 5070 oro
1722 5033 1798 5070 ne
1827 5031 1924 5070 me

272 5103 487 5169 cogant
517 5099 982 5156 calumniatores
1014 5103 1099 5156 uti
1134 5119 1265 5158 mea
1293 5105 1574 5160 adversus
1607 5107 1766 5176 ipsos
1825 5123 1926 5176 po-

271 5191 504 5254 testate,
531 5206 629 5243 vos
654 5207 882 5259 precor.
909 5190 1070 5246 Sicut
1092 5192 1288 5248 dicere
1320 5195 1583 5248 solemus
1609 5212 1621 5249 :
1674 5195 1923 5250 Suadete

272 5277 416 5347 ipsis
443 5295 516 5332 ne
549 5279 619 5333 ad
653 5280 765 5335 hoc
798 5298 892 5336 me
926 5282 1148 5338 ducant
1178 5303 1190 5338 :
1253 5309 1278 5334 (ι
1341 5287 1452 5340 Per
1506 5285 1814 5341 lenitatem
1865 5292 1923 5341 et

275 5371 798 5426 mansuetudinem
827 5373 1064 5429 Christi.
1104 5399 1124 5423 ι
1162 5377 1368 5448 Magna
1399 5375 1640 5446 quidem
1690 5392 1784 5432 res
1835 5383 1925 5432 est

273 5459 430 5528 quod
459 5462 672 5517 Paulus
703 5462 1011 5520 obsecret:
1045 5483 1180 5520 cum
1208 5473 1406 5521 autem
1440 5473 1498 5520 et
1551 5484 1658 5537 per
1705 5467 1922 5523 Christi

272 5553 796 5609 mansuetudinem
828 5555 1006 5613 faciat
1035 5557 1557 5627 supplicationem,
1580 5559 1768 5630 magis
1803 5564 1925 5615 tre-

341 5687 384 5722 ⁵⁸
418 5689 601 5744 Galat.
642 5707 690 5759 v,
725 5694 777 5744 2.

2037 4755 2136 4810 Καὶ
2162 4755 2227 4808 τὰ
2257 4756 2355 4821 τῆς
2403 4749 2651 4822 δοθείσης
2709 4751 2857 4825 αὖτῷ
2915 4754 3145 4828 χάριτος
3207 4755 3341 4825 μετά
3407 4753 3696 4830 δαψιλείας

2033 4846 2216 4913 τίθησι
2268 4842 2686 4916 καθορθώματα,
2737 4842 2828 4896 καὶ
2871 4845 2969 4912 τήν
3006 4843 3170 4899 αὐτοῦ
3232 4847 3541 4919 ὑπομονὴν,
3601 4847 3689 4903 καὶ

2033 4932 2160 4994 τοὺς
2221 4931 2353 5004 ὑπὲρ
2413 4933 2653 5004 Χριστοῦ
2711 4930 2950 5004 ἀγῶνας.
3012 4957 3038 4984 ‹‹
3096 4933 3400 5008 Παρακαλῶ
3447 4936 3609 5008 ὑμᾶς.
3661 4959 3691 4988 »

2033 5025 2202 5076 Τοῦτο
2236 5018 2381 5083 θέλει
2415 5017 2610 5089 εἰπεέν,
2665 5019 2865 5092 Δέομαι
2925 5023 3077 5095 ὑμων
3111 5025 3186 5095 μή
3226 5045 3291 5096 με
3322 5025 3692 5102 ἀναγκάσωσιν

2036 5111 2088 5165 οἱ
2120 5107 2503 5183 λοιδοροῦντές
2547 5129 2634 5181 με,
2699 5111 3004 5183 χρήσασθαί
3063 5132 3168 5184 μου
3198 5117 3267 5187 τῇ
3302 5110 3522 5188 δυνάμει
3577 5116 3694 5169 κατ’

2035 5196 2217 5260 αὗτςδ.
2255 5222 2281 5248 α
2313 5198 2492 5270 Ὓμῶν
2546 5196 2764 5270 δέομαι.
2802 5223 2831 5250 ι)
2881 5204 2965 5262 Ὡς
3005 5199 3178 5276 λέγειν
3213 5201 3500 5276 εἰώθαμεν⁸
3539 5210 3693 5276 Συμ-

2035 5285 2369 5345 ϐουλεύσατε
2423 5289 2636 5358 αὐτοῖς,
2672 5291 2749 5362 μὴ
2787 5291 2863 5353 εἷς
2890 5291 3050 5346 τοῦτὸ
3115 5314 3180 5366 με
3233 5292 3474 5370 ἀγαγεῖν.
3534 5320 3560 5347 ‹‹
3596 5296 3697 5350 Διὰ

2030 5387 2132 5448 τῆς
2164 5378 2482 5453 πραότητος
2525 5380 2614 5433 καὶ
2675 5378 2935 5443 ἐπιεικίας
2993 5385 3090 5437 τοῦ
3157 5385 3416 5456 Χριστοῦ.
3456 5409 3476 5437 ι
3540 5385 3695 5459 Μέγα

2037 5469 2131 5542 μὲν
2162 5469 2252 5524 καὶ
2282 5470 2345 5523 τὸ
2380 5466 2594 5523 Παῦλον
2652 5469 3013 5546 παρακαλεῖν,
3070 5470 3197 5528 ὅταν
3241 5469 3299 5528 δὲ
3337 5474 3427 5528 καὶ
3477 5471 3566 5529 διὰ
3592 5475 3693 5543 τῆς

2035 5557 2326 5620 ἐπιεικείας
2403 5560 2642 5633 Χριστοῦ
2711 5560 2812 5629 τήν
2871 5559 3072 5616 ἱκεσίαν
3122 5569 3370 5632 ποιῆται,
3420 5559 3694 5638 φρικωδέ-
