4098 6382
372 341 530 402 1029

1341 334 1748 400 COMMENT.
1797 336 1877 397 IN
1923 331 2172 396 EPIST.
2220 331 2274 393 II
2319 333 2417 394 AD
2463 335 2827 400 CORINTH.

3627 353 3787 414 1030

368 489 578 546 στερον.
615 491 638 521 ι
671 474 769 531 1’ος
797 469 935 526 κατᾶ
962 470 1256 548 πρόσωπον
1307 473 1402 545 μὶν
1433 471 1680 532 ταπεινὸς
1719 469 1770 525 ἂν
1807 470 1958 552 ὑμῖν.
1993 489 2022 518 >›

2137 467 2420 523 mendum
2447 474 2554 524 est.
2580 470 2684 535 Qui
2705 471 2768 527 in
2790 478 3110 546 conspectu
3132 476 3377 536 humilis
3397 480 3641 552 quidem
3665 501 3798 541 sum

368 563 439 616 Ἢ
482 561 621 615 κατά
675 559 952 634 εἰρωνείαν
1013 561 1146 640 φησὶ
1210 565 1400 634 τοῦτο,
1455 566 1574 624 τοῖς
1625 563 1734 616 τῶν
1796 551 2025 612 διαϐαλ-

372 651 586 707 λόντων
648 651 1000 726 χρησάμενος
1059 650 1270 729 λόγοις.
1364 652 1592 726 Ἔλεγον
1672 650 1798 726 γὰρ,
1849 648 1931 703 ὅτι
1990 650 2026 718 ἠ

369 739 645 816 παρουσία
704 740 955 811 ἀσθενής,
1013 743 1069 796 αἱ
1126 740 1183 796 δὲ
1240 739 1528 797 ἐπιστολαὶ
1585 742 1819 816 βαρεῖαι.
1871 733 2025 811 Λέγει

373 831 488 884 οῦν·
523 832 729 902 Δὲομαι
761 830 914 902 ὑμῶν
945 831 972 886 ὁ
1003 832 1194 907 παρὼν
1255 831 1354 904 μὶν
1403 830 1680 899 ταπεινὸς,
1741 829 1815 890 ὡς
1874 824 2027 882 αὒτοί

369 939 551 997 φασιν,
583 917 735 972 ἀπὼν
770 916 826 973 δὲ
877 917 1090 993 θαρῤὢν
1136 920 1202 974 τὰ
1260 921 1431 992 μείζω
1488 940 1594 993 μου
1649 918 1894 996 γράφειν.
1955 917 2025 970 ’Ἢ

364 1009 528 1064 τοῦτό
586 1029 742 1087 φησι·
801 1010 1072 1073 Ταπεινὸς
1133 1015 1226 1084 μὲν
1275 1009 1414 1082 εἰμι,
1487 1011 1635 1078 πλὴν
1688 1005 1902 1082 6αρρὦ
1955 1009 2025 1079 τῇ

363 1099 551 1173 ἀγάπῃ
589 1100 766 1173 ὑμῶν,
800 1097 998 1171 τολμῶ
1020 1104 1245 1154 τοιαῦτα
1285 1099 1533 1176 γράφειν.
1568 1098 1635 1155 Τί
1689 1095 1746 1152 δὲ
1777 1093 1871 1171 δὲῃ
1910 1115 1923 1162 ;
1956 1095 2025 1149 Τὸ

368 1193 446 1264 μὴ
507 1187 799 1264 θαῤῥῆσαι,
859 1191 1014 1269 φησὶ,
1073 1191 1322 1246 τουτέστι
1396 1191 1460 1246 τὸ
1513 1192 1588 1263 μή
1680 1185 2027 1264 θαρρούντως

363 1280 679 1354 Χρήσασθπι
705 1278 1013 1354 ἐρχόμενος
1043 1281 1182 1354 πρὸς
1217 1279 1356 1354 ὑμᾶς
1389 1280 1477 1334 καὶ
1522 1277 1733 1353 παρὼν,
1792 1279 1860 1350 τῇ
1932 1272 2028 1329 δυ-

362 1367 520 1440 νάμει
557 1389 682 1441 μου.
737 1368 1067 1439 Πεποίθησιν
1125 1369 1228 1445 γὰρ
1287 1370 1384 1436 τὴν
1428 1368 1801 1440 πνευματικὴν
1858 1364 2026 1420 αὐτοῦ

366 1455 596 1530 δύναμιν
629 1455 810 1526 καλεῖ,
840 1454 928 1512 διὰ
960 1459 1020 1512 τὸ
1076 1455 1274 1531 ῥᾳδίως
1315 1454 1564 1512 δύνασθαι
1593 1456 1721 1518 τοὺς
1753 1454 2028 1518 ἐναντίους

364 1545 689 1619 ἀμύνασθαι.
750 1545 883 1615 Ποία
941 1543 1216 1618 δυνάμεις
1273 1569 1301 1598 ι(
1361 1548 1563 1616 1ᾙτινι,
1597 1546 1751 1622 φησὶ,
1805 1540 2025 1617 λογίζο-

369 1657 467 1709 μαι
495 1633 802 1708 τολμῆσαι,
841 1659 868 1686 ››
910 1636 986 1697 ὡς
1045 1634 1088 1690 εί
1147 1632 1355 1712 ἔλεγεν
1418 1633 1588 1693 Οὔπω
1620 1634 1843 1709 κέκρικα
1877 1635 2024 1712 χρή-

369 1737 564 1789 σασθαι
596 1723 756 1798 αὐτῇ,
805 1722 935 1779 ἀλλ’
987 1719 1063 1778 ἔτι
1124 1723 1422 1800 λογίζομαι
1470 1723 1751 1798 τολμῆσαι
1809 1725 2024 1798 χρήσα-

2138 557 2294 612 inter
2324 575 2442 615 vos.
2479 563 2593 615 Aut
2620 563 2948 621 secundum
2980 567 3231 624 ironiam
3261 568 3372 626 hoc
3418 571 3582 639 dicit,
3645 592 3790 630 usus

2137 647 2641 706 calumniatorum
2675 656 3070 712 sermonibus.
3106 659 3391 716 Dicebant
3421 664 3581 718 enim
3633 665 3796 735 quod

2136 738 2456 806 praesentia
2486 739 2798 798 imbecillis
2827 751 3000 812 esset,
3036 748 3304 818 epistolas
3367 768 3502 807 vero
3564 769 3792 824 graves.

2137 826 2234 880 Ait
2263 843 2429 898 ergo:
2463 829 2718 885 Obsecro
2753 849 2850 886 vos
2883 835 2982 904 qui
3008 853 3269 907 praesens
3287 841 3526 910 quidem
3547 842 3792 896 humilis

2139 931 2291 978 sum,
2324 923 2390 970 ut
2430 918 2540 988 ipsi
2567 919 2792 990 dicunt,
2819 923 2971 979 672
2997 925 3214 981 absens
3231 945 3364 983 vero
3386 934 3614 1000 majora
3646 931 3800 986 scri-

2137 1003 2275 1059 bere
2307 1006 2496 1062 audeo
2529 1026 2706 1079 quam
2737 1028 2868 1081 quas
2899 1013 2972 1068 ad
3007 1031 3100 1070 me
3133 1018 3491 1086 pertineant.
3537 1025 3650 1074 Aut
3683 1021 3796 1076 hoc

2139 1093 2330 1148 dicit:
2369 1097 2621 1152 Humilis
2672 1101 2913 1170 quidem
2961 1120 3116 1170 sum,
3166 1113 3430 1163 attamen
3480 1109 3551 1163 de
3601 1117 3794 1168 vestra

2139 1187 2399 1240 confisus
2440 1188 2728 1245 charitate
2787 1193 2976 1248 audeo
3037 1195 3453 1267 hujuscemodi
3514 1201 3793 1256 scribere.

2138 1273 2288 1337 Quid
2310 1282 2508 1330 autem
2533 1281 2829 1350 precaris?
2851 1281 2929 1337 Ne
2953 1284 3227 1353 audeam,
3258 1287 3472 1359 inquit,
3528 1290 3638 1344 hoc
3685 1297 3798 1357 est,

2138 1378 2212 1416 ne
2243 1363 2438 1419 vivens
2471 1367 2753 1423 audacter
2783 1371 2962 1426 etiam
2988 1391 3255 1444 praesens
3296 1384 3431 1433 utar
3483 1379 3796 1436 adversum

2137 1469 2235 1506 vos
2261 1469 2394 1507 mea
2424 1461 2736 1525 potestate.
2771 1460 3150 1531 Spiritualem
3183 1466 3343 1521 enim
3367 1468 3796 1524 confidentiam

2137 1547 2303 1630 vocat
2336 1559 2506 1599 suam
2539 1553 2920 1618 potestatem,
2953 1553 3111 1622 quod
3166 1554 3341 1610 facile
3401 1557 3560 1627 quod
3611 1561 3800 1630 possit

2136 1628 2346 1684 ulcisci
2378 1632 2770 1694 adversarios.
2832 1641 3098 1705 Quanam
3155 1650 3463 1714 potestate
3495 1648 3521 1702 ‘I
3574 1628 3629 1696 (ί
3655 1649 3804 1713 Quia

2139 1718 2465 1788 existimor,
2492 1723 2705 1796 inquit,
2733 1729 2972 1785 audere.
3006 1756 3033 1780 ››
3053 1736 3133 1788 Ac
3159 1733 3482 1790 sidiceret:
3525 1738 3794 1792 Nondum

371 1816 490 1869 σθαί
527 1835 632 1889 μου
659 1819 730 1888 τῇ
756 1812 1002 1888 δυνάμει.
1049 1816 1144 1884 Τὸ,
1198 1841 1225 1867 (ι
1279 1817 1373 1884 Μὴ
1430 1815 1617 1909 παρὼν
1671 1811 1960 1909 θαρρῆσαι.
1995 1834 2023 1867 )1

2147 1805 2376 1863 decrevi
2401 1827 2468 1867 ea
2489 1813 2594 1880 uti,
2622 1816 2726 1869 sed
2768 1819 2896 1888 jam
2948 1821 3258 1877 existimor
3294 1825 3514 1880 audere
3546 1826 3630 1880 uti
3666 1843 3797 1882 mea

369 1901 593 1973 Ἐπειδὴ
647 1903 749 1978 γάρ
815 1897 1023 1978 ἔλεγον,
1083 1905 1166 1958 ὅτι
1225 1905 1411 1978 παρὼν
1471 1901 1696 1973 εὐτελής
1746 1901 1878 1968 ἐστι,
1938 1908 2032 1962 καί

373 2015 531 2070 φησι,
565 1995 651 2061 Μὴ
683 1992 870 2068 παρὼν
894 1994 1312 2066 τιμωρήσωμαι
1376 1991 1599 2053 αὐτούς.
1637 2015 1664 2043 ‹‹
1692 1992 1762 2059 ᾞ
1813 1989 2035 2065 λογίζο-

377 2104 494 2156 μαι.
532 2105 555 2135 ν
589 2083 748 2158 Ὁρᾷς
778 2087 895 2143 πῶς
929 2081 1041 2137 ἐστι
1095 2082 1348 2142 ταπεινός
1385 2101 1398 2151 ;
1463 2082 1735 2156 Ἀνάγκης
1790 2079 1890 2155 γὰρ
1949 2076 2038 2133 οῦ·

367 2193 468 2242 σης
501 2174 808 2246 χρήσασθαι
841 2175 908 2246 τῇ
944 2169 1189 2245 δυνάμει,
1227 2171 1379 2226 ὀκνεῖ
1429 2171 1518 2225 καὶ
1580 2167 1885 2240 ἀναδύεται,
1943 2185 2034 2238 καὶ

357 2261 575 2335 τόλμαν
619 2263 682 2317 τὸ
711 2267 936 2335 πρᾶγμα
990 2261 1174 2318 καλεῖ.
1223 2264 1406 2319 Τοῦτο
1466 2261 1570 2335 γὰρ
1623 2259 1848 2334 ἀρίστου
1882 2256 2030 2314 διδα-

357 2352 694 2426 σκάλου,τῇ
726 2346 974 2425 ἀναϐολῇ
1037 2353 1227 2426 χώραν
1290 2351 1553 2429 παρέχειν
1617 2353 1684 2422 τῇ
1749 2349 2029 2423 μετανοίᾳ.

349 2467 380 2494 ‹‹
415 2439 554 2503 Τοὺς
587 2441 984 2516 λογιζομένους
1039 2443 1190 2515 ἡμᾶς
1250 2441 1324 2502 ὡς
1374 2440 1510 2496 κατὰ
1569 2440 1741 2514 σάρκα
1795 2452 2030 2512 περιπα·

356 2534 611 2592 τοῦντας.
663 2555 689 2582 ››
747 2532 898 2589 Κατά
949 2530 1136 2602 τίνων,
1202 2530 1392 2608 φησὶν,
1476 2523 1625 2608 ἔχεις
1710 2529 2028 2604 χρήσασθαι

356 2623 548 2695 παρὼν
581 2622 652 2692 τῇ
678 2618 900 2694 δυνάμει
931 2625 1000 2694 τῇ
1061 2624 1401 2694 πνευματικῇ
1435 2639 1449 2689 ;
1483 2619 1606 2675 Ἐπί
1645 2640 1820 2686 τινας,
1863 2618 2018 2701 φησὶ,

355 2709 487 2772 τοὺς
521 2709 923 2788 λογιζομένους
953 2714 1102 2784 ἡμᾶς
1135 2711 1209 2772 ὡς
1238 2710 1376 2765 κατὰ
1432 2711 1604 2784 σάρκα
1661 2711 2026 2783 περιπατοῦν-

355 2820 472 2861 τας.
535 2800 604 2856 Οἱ
660 2800 762 2874 γὰρ
821 2797 1262 2874 ψευδαπόστολοι
1342 2793 1635 2853 διέϐαλλον
1703 2797 1887 2866 αὐτὸν,
1949 2797 2023 2859 ὡς

356 2889 782 2964 ὑποκριτὴνκαῖ
831 2889 1141 2960 ἀπατεῶνα,
1197 2889 1289 2943 καὶ
1349 2889 1523 2942 πάντα
1581 2889 1719 2963 πρὸς
1771 2885 2024 2957 ἐπίδειξιν

355 2983 643 3047 ποιοῦντα,
690 2978 780 3033 καί
834 2999 1025 3056 φησιν·
1061 3004 1089 3030 ‹‹
1159 2980 1244 3036 'Ev
1303 2979 1462 3051 σαρκὶ
1521 2979 1622 3054 γὰρ
1666 2980 2023 3052 περιπατοῦν-

354 3089 470 3140 τες,
531 3067 592 3123 ού
651 3067 785 3124 κατά
839 3069 1010 3144 σάρκα
1069 3067 1500 3141 στρατευόμεθα,
1537 3091 1564 3119 ››
1597 3067 1890 3134 τουτέστιν,
1942 3065 2018 3121 Οὐ

363 3163 633 3232 σαρκικῶς
667 3163 866 3232 ζῶμεν.
900 3159 971 3214 Ἢ
1002 3158 1126 3232 περὶ
1158 3161 1256 3213 τοῦ
1287 3156 1640 3232 κηρύγματος
1696 3155 1847 3230 λέγει
1933 3155 2024 3250 τὸζ

367 3270 397 3298 ‹‹
433 3247 861 3320 Στρατευόμεθα.
888 3273 915 3298 ››
951 3245 1203 3320 Πόλεμον
1237 3245 1339 3319 γὰρ
1372 3246 1512 3320 πρὸς
1531 3247 1659 3308 τοὺς
1693 3244 1924 3314 νοητοὺς
1940 3244 2026 3298 καί

362 3335 651 3406 αἰσθητοὺς
752 3335 987 3416 ἐχθροὺς
1101 3333 1502 3410 ἀναδεξάμενοι,
1594 3335 1656 3390 οὐ
1734 3339 2020 3409 σαρκικοῖς

359 3424 556 3488 ὅπλοις
594 3428 937 3502 κεχρήμεθα,
969 3425 1130 3481 τοῦτό
1164 3425 1328 3496 ἐστιν,
1362 3425 1438 3479 Ού
1479 3425 1615 3481 κατᾶ
1639 3425 1811 3501 σάρκα
1859 3443 2019 3497 στραο

355 3517 648 3588 τευόμεθα.

424 3607 508 3662 Τὰ
566 3607 670 3681 γαρ
728 3604 874 3660 ’ὸπλα
923 3613 1025 3674 τῆς
1090 3603 1376 3679 στρατείας
1430 3607 1592 3677 ἡμῶν
1654 3604 1715 3658 ού
1768 3605 2018 3680 σαρκικὰ,

349 3692 500 3750 ἀλλὰ
564 3691 763 3750 δυνατά
811 3699 892 3768 τῷ
949 3699 1065 3768 Θεῷ
1126 3694 1263 3768 πρὸς
1323 3694 1632 3770 καθαίρεσιν
1708 3693 2020 3768 ὀχυρωμά-

577 3781 884 3862 λογισμοῦς
975 3789 1387 3857 καθαιροῦντες,
1473 3783 1566 3839 καὶ
1645 3788 1748 3838 πᾶν
1820 3782 2021 3857 ὕψωμα

355 3875 716 3951 ἐπαιρόμενον
789 3877 927 3931 κατᾶ
1000 3878 1100 3946 τῆς
1205 3875 1456 3952 γνώσεως
1532 3879 1628 3930 τοῦ
1694 3879 1854 3944 Θεοῦ,
1929 3875 2022 3930 καὶ

351 3964 864 4043 αἰχμαλωτίζοντες
915 3969 1016 4019 πᾶν
1050 3965 1235 4038 νόημα
1312 3965 1390 4027 εἷς
1465 3965 1564 4033 τὴν
1631 3964 1878 4034 ὑπακοὴν
1925 3968 2022 4020 τοῦ

356 4054 620 4128 Χριστοῦ.

433 4144 544 4199 Καὶ
573 4144 748 4205 οὕτως
807 4144 869 4199 οὐ
927 4144 1065 4199 κατά
1119 4144 1291 4219 σάρκα
1344 4144 1778 4218 στρατευόμεθα,
1821 4142 1901 4199 ὅτι
1958 4145 2024 4200 τὰ

356 4232 509 4288 ’ὀπλα
564 4235 647 4294 οἷς
724 4233 988 4308 χρώμεθα
1045 4232 1182 4288 κατά
1260 4235 1370 4287 τῶν
1437 4231 1864 4306 ἀνθισταμένων,
1924 4233 2026 4289 οὐκ

359 4317 473 4377 ἔστι
534 4323 786 4395 σαρκικά,
850 4322 1092 4398 Σαρκικὰ
1160 4318 1218 4376 δὲ
1275 4319 1422 4376 ὅπλα
1472 4319 1556 4392 ε’ἰη
1619 4322 1700 4389 ἄν,
1758 4321 2019 4396 πλοῦτος,

357 4409 544 4488 ἰσχῦς,
596 4406 898 4481 δυναστεία,
958 4407 1107 4481 δόξα,
1164 4407 1496 4484 εὐγλωττίά.
1555 4410 1746 4482 Ἡμεῖς
1797 4431 2022 4487 τοιγαρ-

353 4502 468 4568 οῦν,
503 4499 567 4554 οὐ
597 4499 818 4562 τούτοις
867 4503 1130 4572 νικῶμεν,
1182 4496 1328 4552 ἀλλὰ
1383 4502 1504 4559 τοῖς
1564 4497 1854 4560 ἐναντίοις.
1916 4504 2021 4554 Περ

353 4590 467 4659 νίᾳ,
502 4585 712 4659 ἀδοξίᾳ,
745 4588 1006 4660 ἀσθενείᾳ,
1052 4585 1317 4660 ἰδιωτείᾳ.
1384 4586 1476 4641 Διὸ
1534 4587 1623 4640 καὶ
1683 4583 1883 4642 δυνατὰ
1937 4594 2017 4662 τῷ

353 4683 474 4750 Θεῷ
506 4677 640 4733 αύτά
690 4678 866 4736 καλεῖ.
928 4678 1026 4733 Καὶ
1085 4677 1187 4754 γὰρ
1249 4675 1300 4732 ἐν
1358 4675 1538 4748 τούτῳ
1592 4676 1654 4730 τὸ
1708 4677 2014 4750 θαυμαστὸν

351 4769 443 4825 καὶ
502 4769 564 4824 τὸ
624 4767 848 4824 δυνατὸν
913 4769 1058 4841 παρά
1118 4772 1253 4822 Θεοῦ
1317 4765 1558 4842 ἔχουσιν,
1640 4764 1723 4820 ὅτι
1793 4772 2020 4824 τοιαῦτα

354 4854 508 4928 ὄντα,
550 4858 864 4934 περιγέγονε
919 4864 1020 4926 τῆς
1079 4855 1434 4930 οἰκουμένης.
1492 4856 1696 4910 Σκόπει
1749 4853 1806 4910 δὲ
1856 4855 2023 4912 αὐτοῦ

352 4949 419 5004 τὸ
452 4949 674 5028 ἄτυφον·
711 4948 822 5003 Οὐκ
852 4948 1018 5016 εἶπεν,
1051 4947 1244 5019 Ἡμεῖς
1273 4947 1433 5018 ἐσμεν
1467 4945 1518 4999 οἱ
1554 4942 1796 5013 δυνατοὶ,
1849 4943 2018 5016 ἀλλὰ,

349 5039 427 5093 Τὰ
459 5035 604 5093 ὅπλα
630 5039 791 5111 ἡμῶν
827 5035 915 5092 διά
944 5040 1040 5091 τοῦ
1095 5040 1251 5094 Θεοῦ.
1295 5035 1394 5090 Καὶ
1449 5036 1553 5109 γάρ
1607 5034 1880 5098 κάκείνοις
1923 5038 2024 5105 τήν

353 5127 584 5202 δύναμιν
617 5128 723 5184 οὐχ
754 5129 944 5202 ἡμεῖς,
973 5124 1101 5181 ἀλλ’
1137 5126 1165 5180 ὁ
1197 5126 1326 5187 Θεὸς
1366 5122 1556 5197 ἔδωκε,
1620 5126 1776 5205 φησί,
1814 5151 1841 5178 ‹‹
1878 5127 2020 5202 Πρὸς

345 5217 654 5292 καθαίρεσιν
689 5217 1098 5293 ὀχυρωμάτων.
1162 5241 1190 5268 ››
1252 5216 1409 5272 Ἔστι
1471 5211 1528 5269 δὲ
1597 5209 1797 5270 δυνατά
1855 5217 2017 5289 ἡμῶν

341 5307 413 5364 τά
445 5306 613 5377 ὅπλα,
677 5307 812 5382 πρὸς
871 5305 1183 5382 καθαίρεσιν
1254 5304 1659 5380 ὀχυρωμάτων.
1722 5304 1916 5360 Καλῶν
1963 5303 2020 5361 δὲ

345 5399 434 5469 τὸ,
467 5421 496 5450 ‹‹
556 5397 901 5473 Καθαίρεσιν,
950 5422 977 5449 ››
1040 5392 1260 5458 δεικνὺς
1319 5397 1401 5451 ὅτι
1455 5393 1517 5449 ού
1580 5389 2015 5470 προσϐάλλομεν

349 5487 630 5568 μηχανὰς,
712 5486 840 5544 ἀλλ’
908 5487 1065 5550 εὐθὺς
1122 5488 1488 5562 καθαιροῦμεν
1555 5484 1694 5539 ἅπαν
1751 5483 2018 5563 ἐναντίον.

347 5578 771 5658 Ὀχυρωμᾶτων
799 5573 856 5632 δέ
887 5599 1075 5655 φησιν,
1118 5579 1233 5632 οἷον
1298 5576 1427 5638 τοὺς
1487 5573 1862 5646 Ἑλληνικοὺς
1891 5574 2022 5633 συλ-

345 5668 677 5746 λογισμοὺς,
709 5665 1043 5739 τήνπλάνην
1074 5665 1280 5735 αὐτῶν,
1336 5665 1427 5720 τὸν
1486 5667 1670 5741 τῦφον.
1733 5663 1872 5724 Εἶτα
1929 5673 2022 5733 ἵνα

347 3805 483 3855 των,

2147 1902 2457 1965 potestate.
2484 1923 2510 1950 ‹‹
2538 1903 2616 1955 Ne
2640 1921 2902 1974 prmsens
2925 1909 3196 1966 audeam.
3224 1934 3251 1961 ››
3273 1913 3419 1977 Quia
3441 1914 3601 1968 enim
3635 1914 3794 1970 dice-

2144 1985 2287 2040 bant
2309 1990 2465 2059 quod
2489 2009 2751 2062 praesens
2774 1996 3038 2070 abjectus
3080 2007 3256 2070 esset,
3312 2004 3510 2072 etiam,
3563 2006 3682 2060 ait:
3717 2007 3796 2061 Ne

2141 2091 2405 2145 praesens
2438 2081 2681 2150 puniam
2714 2084 2892 2154 ipsos.
2931 2110 2957 2137 «
2993 2091 3114 2153 Qua
3145 2091 3472 2146 existimor.
3539 2117 3566 2143 ›ρ
3625 2093 3796 2149 Vides

2143 2167 2440 2234 quomodo
2474 2169 2551 2223 sit
2582 2171 2828 2228 humilis
2857 2174 2884 2229 ?
2910 2175 3052 2232 Cum
3086 2178 3244 2233 enim
3277 2196 3520 2235 necesse
3582 2181 3659 2235 sit
3708 2183 3794 2236 uti

2140 2260 2452 2324 potestate.
2487 2266 2802 2316 cunctatur
2833 2270 2890 2318 et
2920 2265 3230 2332 detrectat,
3292 2286 3359 2324 ac
3421 2287 3545 2324 rem
3598 2271 3790 2341 ipsam

2138 2348 2303 2398 vocat
2331 2346 2661 2405 audaciam.
2695 2350 2840 2406 Nam
2872 2353 2932 2408 id
2963 2357 3171 2427 Optimi
3231 2359 3613 2429 praeceptoris
3673 2365 3784 2430 est,

2136 2448 2243 2502 per
2264 2449 2492 2489 moram
2513 2436 2710 2493 locum
2733 2440 2873 2496 dare
2894 2443 3340 2514 resipiscentia).
3363 2469 3390 2497 ‹‹
3415 2449 3522 2512 Qui
3575 2454 3787 2519 putant

2135 2536 2244 2575 nos
2274 2524 2601 2580 secundum
2633 2545 2874 2608 carnem
2906 2533 3234 2589 ambulare.
3264 2557 3292 2584 »
3327 2536 3621 2591 Adversus
3639 2555 3788 2608 quos

2133 2625 2398 2679 praesens
2429 2615 2513 2668 uti
2543 2605 2720 2687 potes.
2743 2627 3033 2692 potestate
3087 2624 3383 2694 spirituali
3414 2626 3442 2680 ‘t
3494 2605 3788 2681 Adversus

2134 2700 2446 2770 quosdam,
2481 2704 2694 2779 inquit,
2749 2711 2851 2781 qui
2909 2712 3252 2769 existimant
3307 2731 3415 2770 nos
3462 2716 3790 2772 secundum

2132 2803 2370 2845 carnem
2387 2794 3172 2873 ambularc.Pseudapostoli
3195 2821 3452 2876 namque
3467 2805 3790 2861 calumnia-

2130 2876 2558 2953 banturipsum
2581 2895 2864 2959 tanquam
2890 2891 3262 2963 bypocritam
3286 2911 3353 2948 ac
3378 2894 3786 2966 impostorem,

2131 2967 2350 3038 quique
2384 2973 2585 3029 omnia
2615 2977 2688 3030 ad
2721 2982 3185 3037 ostentationem
3240 2983 3483 3052 faceret,
3544 2990 3602 3039 et
3657 2985 3739 3039 ait
3773 3000 3787 3039 :

2131 3076 2157 3102 ‹‹
2187 3057 2333 3113 Nam
2358 3061 2418 3114 in
2443 3079 2623 3120 carne
2646 3066 3173 3135 ambulantes,non
3195 3073 3522 3127 secundum
3546 3089 3789 3128 carnem

2132 3145 2478 3204 militamus.
2508 3175 2536 3201 ››
2563 3155 2679 3209 Hoc
2704 3162 2812 3224 est,
2837 3174 2956 3213 non
3006 3161 3329 3216 carnaliter
3379 3162 3651 3229 vivimus,
3688 3169 3791 3219 aut

2140 3233 2211 3288 de
2242 3238 2666 3307 praedicatione
2697 3245 2860 3310 dicit,
2897 3269 2923 3298 ‹‹
2959 3248 3290 3306 ΜίΙίιδΠιιιε.
3355 3273 3382 3301 ››
3433 3255 3578 3306 Cum
3625 3254 3787 3307 enim

2133 3322 2356 3382 bellum
2389 3329 2669 3388 adversus
2701 3334 3111 3404 intelligibiles
3143 3356 3213 3396 ac
3246 3340 3630 3396 insensibiles
3649 3341 3785 3397 hos-

2132 3421 2220 3470 tes
2253 3422 2712 3492 susceperimus,
2742 3441 2860 3480 non
2892 3428 3074 3484 armis
3106 3429 3444 3485 carnalibus
3476 3431 3788 3496 utimur,et

2133 3506 2243 3561 hoc
2275 3513 2384 3578 est,
2414 3513 2537 3566 Non
2570 3513 2896 3571 secundum
2927 3535 3166 3574 carnem
3201 3521 3552 3579 militamus.

2202 3607 2269 3675 Χ,
2301 3609 2353 3677 4,
2386 3612 2438 3662 5.
2473 3611 2754 3681 Siquidem
2785 3632 2941 3672 arma
2985 3619 3195 3673 militiae
3254 3627 3456 3677 nostra?
3513 3637 3622 3675 non
3662 3637 3784 3675 car-

2131 3699 2287 3752 nalia
2316 3707 2464 3769 sunt,
2496 3703 2589 3759 sed
2610 3710 2864 3774 potentia
2893 3709 3025 3778 Deo,
3059 3711 3132 3764 ad
3189 3711 3604 3766 demolitionem
3660 3729 3785 3766 mu-

2131 3787 2407 3842 nitionum
2433 3793 2631 3859 quibus
2660 3797 2889 3850 consilia
2919 3797 3267 3868 demotimur,
3299 3805 3348 3854 et
3380 3815 3595 3854 omnem
3626 3800 3784 3854 celsi-

2134 3876 2383 3932 tudinem
2414 3897 2534 3950 quae
2566 3885 2855 3940 extollitur
2884 3888 3144 3943 adversus
3175 3888 3544 3958 cognitionem
3581 3889 3695 3956 Dei,
3729 3897 3784 3944 et

2133 3970 2407 4037 captivam
2429 3971 2675 4028 ducimus
2697 3990 2909 4030 omnem
2929 3979 3300 4047 cognitionem
3323 3979 3396 4034 ad
3415 3979 3782 4034 obediendum

2137 4055 2372 4115 Christo.

2207 4157 2276 4210 Et
2305 4157 2451 4213 adeo
2485 4177 2605 4215 non
2641 4163 2970 4220 secundum
3003 4182 3243 4222 carnem
3275 4166 3672 4235 ambulamus,
3722 4169 3788 4221 ut

2136 4262 2302 4303 arma
2332 4249 2547 4320 quibus
2572 4251 2803 4308 utimur
2833 4262 3037 4312 contra
3067 4256 3437 4312 adversarios
3494 4273 3616 4312 non
3666 4257 3787 4312 sint

2137 4338 2418 4393 carnalia.
2453 4343 2632 4397 Arma
2663 4360 2798 4399 vero
2829 4346 3094 4402 carnalia
3126 4346 3238 4402 dici
3271 4353 3523 4419 possunt
3543 4345 3785 4416 divitiae,

2134 4427 2441 4494 fortitudo,
2475 4433 2863 4505 principatus,
2899 4436 3104 4509 gloria,
3141 4437 3503 4509 eloquentia.
3536 4438 3650 4492 Nos
3674 4437 3790 4492 ita-

2136 4534 2249 4587 que
2284 4535 2405 4574 non
2436 4520 2528 4574 bis
2561 4522 2856 4579 vincimus
2887 4526 3010 4594 sed,
3043 4529 3380 4597 contrariis,
3414 4532 3786 4598 paupertate,

2131 4605 2562 4675 imbecillitate,
2591 4611 2937 4681 ignominia,
2967 4613 3226 4670 inscitia.
3252 4615 3387 4670 Ideo
3413 4632 3648 4686 quoque
3680 4632 3790 4685 po-

2134 4696 2452 4750 tentiaDeo
2477 4698 2591 4753 ista
2614 4699 2775 4756 dicit.
2801 4702 2958 4756 673
3014 4704 3247 4757 Etenim
3296 4721 3406 4774 per
3451 4705 3564 4758 hoc
3594 4702 3784 4758 admi~

2131 4782 2426 4839 rationem
2457 4801 2524 4840 ac
2555 4788 2883 4857 potentiam
2919 4806 2952 4844 a
2983 4792 3100 4845 Deo
3129 4791 3387 4855 habent;
3442 4807 3581 4846 nam
3641 4790 3786 4846 talia

2132 4889 2266 4928 cum
2327 4873 2464 4938 sint,
2522 4875 2726 4930 orbem
2787 4877 3148 4934 devicerunt.
3207 4880 3530 4935 Considera
3581 4886 3782 4936 autem

2133 4969 2422 5034 quantum
2453 4964 2605 5020 fastu
2637 4972 2852 5022 careat.
2876 4969 3002 5023 Non
3053 4969 3239 5023 dixit:
3292 4970 3410 5025 Nos
3451 4986 3656 5026 sumus
3687 4985 3790 5042 po-

2133 5057 2348 5120 tentes,
2383 5053 2486 5109 sed
2519 5071 2685 5110 arma
2717 5064 2922 5113 nostra
2950 5075 3057 5128 per
3091 5060 3272 5114 Deum
3309 5077 3322 5125 ;
3355 5076 3495 5114 nam
3548 5066 3607 5114 et
3666 5059 3786 5114 illis

2133 5143 3138 5215 nonnospotentiamdedimus,sed
3158 5149 3328 5203 Deus.
3383 5171 3410 5199 α
3452 5150 3541 5204 Ad
3579 5148 3784 5204 demo-

2130 5232 2398 5288 litionem
2433 5235 2856 5291 munitionum.
2893 5257 2920 5285 »
2956 5236 3104 5291 Sunt
3133 5244 3333 5293 autem
3364 5256 3534 5294 arma
3582 5244 3789 5293 nostra

2130 5324 2400 5393 potentia
2431 5323 2503 5377 ad
2536 5323 2990 5379 demolitionem
3023 5327 3449 5383 munitionum.
3484 5329 3552 5382 Et
3612 5327 3784 5395 bene,

2132 5433 2158 5459 «
2193 5411 2650 5467 Demolitionem
2682 5435 2710 5462 ››
2745 5412 2908 5481 dicit,
2939 5413 3262 5471 ostendens
3295 5417 3454 5488 quod
3485 5431 3604 5471 non
3657 5430 3786 5469 ma-

2130 5499 2506 5557 chinationes
2558 5519 2950 5573 opponamus,
3011 5503 3113 5558 sed
3172 5507 3441 5575 protinus
3490 5501 3785 5574 quidquid

2129 5590 2496 5646 contrarium
2518 5596 2614 5647 est
2637 5591 3016 5649 demolimur.
3038 5594 3426 5652 Munitionem
3451 5610 3584 5648 vero
3616 5591 3783 5662 dicit,

2129 5677 2189 5734 id
2207 5679 2657 5750 est,Greecorum
2681 5680 3052 5756 syllogismos
3069 5687 3127 5736 et
3142 5698 3408 5742 errorem
3461 5698 3527 5736 ac
3557 5679 3782 5736 fastum
