  <div class='ocr_page' id='page_1' title='image "/cluster/home/n/w/nwhite01/storage/ocr_20150623/118:no.1/coo.31924054870229/531.png"; bbox 0 0 4098 6392; ppageno 0'>
   <div class='ocr_carea' id='block_1_1' title="bbox 313 368 465 431">
    <p class='ocr_par' dir='ltr' id='par_1_1' title="bbox 313 368 465 431">
     <span class='ocr_line' id='line_1_1' title="bbox 313 368 465 431; baseline 0.02 -2"><span class='ocrx_word' id='word_1_1' title='bbox 313 368 465 431; x_wconf 82' lang='grc'>1031</span> 
     </span>
    </p>
   </div>
   <div class='ocr_carea' id='block_1_2' title="bbox 1441 352 2598 429">
    <p class='ocr_par' dir='ltr' id='par_1_2' title="bbox 1441 352 2598 429">
     <span class='ocr_line' id='line_1_2' title="bbox 1441 352 2598 429; baseline -0.005 -1"><span class='ocrx_word' id='word_1_2' title='bbox 1441 364 1851 429; x_wconf 75' lang='lat' dir='ltr'>CECUMENII</span> <span class='ocrx_word' id='word_1_3' title='bbox 1897 357 2207 424; x_wconf 70' lang='lat' dir='ltr'>TRICCE</span> <span class='ocrx_word' id='word_1_4' title='bbox 2248 352 2598 422; x_wconf 85' lang='lat' dir='ltr'>EPISCOPI</span> 
     </span>
    </p>
   </div>
   <div class='ocr_carea' id='block_1_3' title="bbox 3587 364 3745 428">
    <p class='ocr_par' dir='ltr' id='par_1_3' title="bbox 3587 364 3745 428">
     <span class='ocr_line' id='line_1_3' title="bbox 3587 364 3745 428; baseline 0.019 -3"><span class='ocrx_word' id='word_1_5' title='bbox 3587 364 3745 428; x_wconf 73' lang='lat'>1032</span> 
     </span>
    </p>
   </div>
   <div class='ocr_carea' id='block_1_4' title="bbox 304 488 1952 573">
    <p class='ocr_par' dir='ltr' id='par_1_4' title="bbox 304 497 1952 573">
     <span class='ocr_line' id='line_1_4' title="bbox 304 497 1952 573; baseline -0.002 -18"><span class='ocrx_word' id='word_1_6' title='bbox 304 502 600 573; x_wconf 89' lang='lat' dir='ltr'>ipsorum.</span> <span class='ocrx_word' id='word_1_7' title='bbox 636 499 861 557; x_wconf 88' lang='lat' dir='ltr'>Deinde</span> <span class='ocrx_word' id='word_1_8' title='bbox 894 516 968 556; x_wconf 92' lang='lat' dir='ltr'>ne</span> <span class='ocrx_word' id='word_1_9' title='bbox 999 500 1363 557; x_wconf 86' lang='lat' dir='ltr'>munitiones</span> <span class='ocrx_word' id='word_1_10' title='bbox 1395 497 1730 561; x_wconf 86' lang='lat' dir='ltr'>audientes,</span> <span class='ocrx_word' id='word_1_11' title='bbox 1763 510 1952 567; x_wconf 90' lang='lat' dir='ltr'>corpo-</span> 
     </span>
    </p>
   </div>
   <div class='ocr_carea' id='block_1_5' title="bbox 2064 488 3737 573">
    <p class='ocr_par' dir='ltr' id='par_1_5' title="bbox 2090 488 3737 566">
     <span class='ocr_line' id='line_1_5' title="bbox 2090 488 3737 566; baseline 0.002 -20"><span class='ocrx_word' id='word_1_12' title='bbox 2090 492 2166 565; x_wconf 76' lang='grc' dir='ltr'>μὴ</span> <span class='ocrx_word' id='word_1_13' title='bbox 2201 488 2526 555; x_wconf 69' lang='grc' dir='ltr'>ἀκούσαντες</span> <span class='ocrx_word' id='word_1_14' title='bbox 2577 488 2941 566; x_wconf 72' lang='grc' dir='ltr'>ὀχυρώματα,</span> <span class='ocrx_word' id='word_1_15' title='bbox 2997 490 3308 566; x_wconf 73' lang='grc' dir='ltr'>σωματικόν</span> <span class='ocrx_word' id='word_1_16' title='bbox 3361 514 3413 548; x_wconf 91' lang='grc' dir='ltr'>τι</span> <span class='ocrx_word' id='word_1_17' title='bbox 3472 495 3737 565; x_wconf 80' lang='grc' dir='ltr'>νοήσωσι,</span> 
     </span>
    </p>
   </div>
   <div class='ocr_carea' id='block_1_6' title="bbox 306 588 1955 663">
    <p class='ocr_par' dir='ltr' id='par_1_6' title="bbox 306 588 1955 663">
     <span class='ocr_line' id='line_1_6' title="bbox 306 588 1955 663; baseline -0.004 -16"><span class='ocrx_word' id='word_1_18' title='bbox 306 593 430 647; x_wconf 90' lang='lat' dir='ltr'>rale</span> <span class='ocrx_word' id='word_1_19' title='bbox 449 592 675 663; x_wconf 89' lang='lat' dir='ltr'>aliquid</span> <span class='ocrx_word' id='word_1_20' title='bbox 696 591 1052 663; x_wconf 77' lang='lat' dir='ltr'>intelligant,</span> <span class='ocrx_word' id='word_1_21' title='bbox 1093 590 1213 646; x_wconf 79' lang='lat' dir='ltr'>ait:</span> <span class='ocrx_word' id='word_1_22' title='bbox 1261 613 1288 642; x_wconf 92' lang='grc'><em>‹‹</em></span> <span class='ocrx_word' id='word_1_23' title='bbox 1323 589 1544 655; x_wconf 86' lang='lat' dir='ltr'>Quibus</span> <span class='ocrx_word' id='word_1_24' title='bbox 1575 588 1826 645; x_wconf 89' lang='lat' dir='ltr'>consilia</span> <span class='ocrx_word' id='word_1_25' title='bbox 1856 590 1955 642; x_wconf 86' lang='lat' dir='ltr'>de-</span> 
     </span>
    </p>
   </div>
   <div class='ocr_carea' id='block_1_7' title="bbox 307 675 1954 750">
    <p class='ocr_par' dir='ltr' id='par_1_7' title="bbox 307 675 1954 750">
     <span class='ocr_line' id='line_1_7' title="bbox 307 675 1954 750; baseline -0.004 -14"><span class='ocrx_word' id='word_1_26' title='bbox 307 680 607 750; x_wconf 90' lang='lat' dir='ltr'>molimur,</span> <span class='ocrx_word' id='word_1_27' title='bbox 645 702 673 729; x_wconf 80' lang='grc'>››</span> <span class='ocrx_word' id='word_1_28' title='bbox 705 680 766 735; x_wconf 88' lang='lat' dir='ltr'>id</span> <span class='ocrx_word' id='word_1_29' title='bbox 797 686 906 749; x_wconf 91' lang='lat' dir='ltr'>est,</span> <span class='ocrx_word' id='word_1_30' title='bbox 941 680 1204 735; x_wconf 79' lang='lat' dir='ltr'>rationes</span> <span class='ocrx_word' id='word_1_31' title='bbox 1258 686 1316 734; x_wconf 92' lang='lat' dir='ltr'>et</span> <span class='ocrx_word' id='word_1_32' title='bbox 1370 681 1706 734; x_wconf 67' lang='lat' dir='ltr'>Graicorum</span> <span class='ocrx_word' id='word_1_33' title='bbox 1753 675 1954 748; x_wconf 86' lang='lat' dir='ltr'>scphi-</span> 
     </span>
    </p>
   </div>
   <div class='ocr_carea' id='block_1_8' title="bbox 309 767 1958 842">
    <p class='ocr_par' dir='ltr' id='par_1_8' title="bbox 309 767 1958 842">
     <span class='ocr_line' id='line_1_8' title="bbox 309 767 1958 842; baseline -0.004 -16"><span class='ocrx_word' id='word_1_34' title='bbox 309 769 629 826; x_wconf 88' lang='lat' dir='ltr'>smata.Vel</span> <span class='ocrx_word' id='word_1_35' title='bbox 655 770 815 841; x_wconf 92' lang='lat' dir='ltr'>quod</span> <span class='ocrx_word' id='word_1_36' title='bbox 834 770 992 842; x_wconf 91' lang='lat' dir='ltr'>ipsas</span> <span class='ocrx_word' id='word_1_37' title='bbox 1014 786 1218 826; x_wconf 89' lang='lat' dir='ltr'>eorum</span> <span class='ocrx_word' id='word_1_38' title='bbox 1239 769 1626 841; x_wconf 76' lang='lat' dir='ltr'>cogitationes</span> <span class='ocrx_word' id='word_1_39' title='bbox 1649 773 1708 823; x_wconf 90' lang='lat' dir='ltr'>et</span> <span class='ocrx_word' id='word_1_40' title='bbox 1726 767 1958 822; x_wconf 87' lang='lat' dir='ltr'>animas</span> 
     </span>
    </p>
   </div>
   <div class='ocr_carea' id='block_1_9' title="bbox 306 856 1955 932">
    <p class='ocr_par' dir='ltr' id='par_1_9' title="bbox 306 856 1955 932">
     <span class='ocr_line' id='line_1_9' title="bbox 306 856 1955 932; baseline -0.004 -16"><span class='ocrx_word' id='word_1_41' title='bbox 306 861 660 932; x_wconf 86' lang='lat' dir='ltr'>dejiciamus</span> <span class='ocrx_word' id='word_1_42' title='bbox 681 860 753 917; x_wconf 88' lang='lat' dir='ltr'>ab</span> <span class='ocrx_word' id='word_1_43' title='bbox 777 877 846 916; x_wconf 93' lang='lat' dir='ltr'>eo</span> <span class='ocrx_word' id='word_1_44' title='bbox 866 877 983 931; x_wconf 89' lang='lat' dir='ltr'>quo</span> <span class='ocrx_word' id='word_1_45' title='bbox 1006 860 1358 916; x_wconf 81' lang='lat' dir='ltr'>obsidentur</span> <span class='ocrx_word' id='word_1_46' title='bbox 1396 876 1618 924; x_wconf 90' lang='lat' dir='ltr'>errore,</span> <span class='ocrx_word' id='word_1_47' title='bbox 1671 863 1730 913; x_wconf 90' lang='lat' dir='ltr'>et</span> <span class='ocrx_word' id='word_1_48' title='bbox 1758 856 1830 913; x_wconf 92' lang='lat' dir='ltr'>ad</span> <span class='ocrx_word' id='word_1_49' title='bbox 1857 872 1955 910; x_wconf 83' lang='lat' dir='ltr'>ve-</span> 
     </span>
    </p>
   </div>
   <div class='ocr_carea' id='block_1_10' title="bbox 303 945 1955 1014">
    <p class='ocr_par' dir='ltr' id='par_1_10' title="bbox 303 945 1955 1014">
     <span class='ocr_line' id='line_1_10' title="bbox 303 945 1955 1014; baseline -0.002 -14"><span class='ocrx_word' id='word_1_50' title='bbox 303 947 541 1001; x_wconf 87' lang='lat' dir='ltr'>ritatem</span> <span class='ocrx_word' id='word_1_51' title='bbox 573 946 882 1002; x_wconf 79' lang='lat' dir='ltr'>ducamus.</span> <span class='ocrx_word' id='word_1_52' title='bbox 920 971 940 995; x_wconf 83' lang='grc' dir='ltr'>ι</span> <span class='ocrx_word' id='word_1_53' title='bbox 977 948 1048 1001; x_wconf 92' lang='lat' dir='ltr'>Et</span> <span class='ocrx_word' id='word_1_54' title='bbox 1077 962 1314 1001; x_wconf 89' lang='lat' dir='ltr'>omnem</span> <span class='ocrx_word' id='word_1_55' title='bbox 1346 945 1765 1001; x_wconf 80' lang='lat' dir='ltr'>celsitudinem</span> <span class='ocrx_word' id='word_1_56' title='bbox 1825 956 1955 1014; x_wconf 65' lang='lat' dir='ltr'>qua)</span> 
     </span>
    </p>
   </div>
   <div class='ocr_carea' id='block_1_11' title="bbox 307 1032 1959 1108">
    <p class='ocr_par' dir='ltr' id='par_1_11' title="bbox 307 1032 1959 1108">
     <span class='ocr_line' id='line_1_11' title="bbox 307 1032 1959 1108; baseline -0.002 -18"><span class='ocrx_word' id='word_1_57' title='bbox 307 1036 630 1092; x_wconf 78' lang='lat' dir='ltr'>extollitur.</span> <span class='ocrx_word' id='word_1_58' title='bbox 652 1057 681 1086; x_wconf 82' lang='grc'><strong>››</strong></span> <span class='ocrx_word' id='word_1_59' title='bbox 702 1036 1039 1092; x_wconf 82' lang='lat' dir='ltr'>Permansit</span> <span class='ocrx_word' id='word_1_60' title='bbox 1062 1036 1122 1090; x_wconf 92' lang='lat' dir='ltr'>in</span> <span class='ocrx_word' id='word_1_61' title='bbox 1144 1041 1312 1108; x_wconf 91' lang='lat' dir='ltr'>tropo</span> <span class='ocrx_word' id='word_1_62' title='bbox 1334 1041 1399 1090; x_wconf 89' lang='lat' dir='ltr'>ut</span> <span class='ocrx_word' id='word_1_63' title='bbox 1425 1033 1713 1106; x_wconf 84' lang='lat' dir='ltr'>majorem</span> <span class='ocrx_word' id='word_1_64' title='bbox 1738 1032 1959 1088; x_wconf 88' lang='lat' dir='ltr'>faceret</span> 
     </span>
    </p>
   </div>
   <div class='ocr_carea' id='block_1_12' title="bbox 305 1124 1955 1196">
    <p class='ocr_par' dir='ltr' id='par_1_12' title="bbox 305 1124 1955 1196">
     <span class='ocr_line' id='line_1_12' title="bbox 305 1124 1955 1196; baseline -0.002 -17"><span class='ocrx_word' id='word_1_65' title='bbox 305 1124 661 1196; x_wconf 86' lang='lat' dir='ltr'>emphasim.</span> <span class='ocrx_word' id='word_1_66' title='bbox 694 1128 894 1195; x_wconf 82' lang='lat' dir='ltr'>Arma,</span> <span class='ocrx_word' id='word_1_67' title='bbox 922 1126 1138 1196; x_wconf 89' lang='lat' dir='ltr'>inquit,</span> <span class='ocrx_word' id='word_1_68' title='bbox 1156 1131 1359 1180; x_wconf 89' lang='lat' dir='ltr'>nostra</span> <span class='ocrx_word' id='word_1_69' title='bbox 1383 1142 1394 1179; x_wconf 95' lang='lat'>:</span> <span class='ocrx_word' id='word_1_70' title='bbox 1417 1125 1535 1180; x_wconf 87' lang='lat' dir='ltr'>sive</span> <span class='ocrx_word' id='word_1_71' title='bbox 1556 1124 1955 1180; x_wconf 88' lang='lat' dir='ltr'>munitionem</span> 
     </span>
    </p>
   </div>
   <div class='ocr_carea' id='block_1_13' title="bbox 304 1212 1955 1284">
    <p class='ocr_par' dir='ltr' id='par_1_13' title="bbox 304 1212 1955 1284">
     <span class='ocr_line' id='line_1_13' title="bbox 304 1212 1955 1284; baseline -0.001 -16"><span class='ocrx_word' id='word_1_72' title='bbox 304 1213 544 1282; x_wconf 83' lang='lat' dir='ltr'>dixerit,</span> <span class='ocrx_word' id='word_1_73' title='bbox 570 1215 690 1270; x_wconf 87' lang='lat' dir='ltr'>sive</span> <span class='ocrx_word' id='word_1_74' title='bbox 713 1214 1153 1279; x_wconf 86' lang='lat' dir='ltr'>celsitudinem,</span> <span class='ocrx_word' id='word_1_75' title='bbox 1178 1215 1288 1270; x_wconf 90' lang='lat' dir='ltr'>hoc</span> <span class='ocrx_word' id='word_1_76' title='bbox 1312 1219 1421 1279; x_wconf 90' lang='lat' dir='ltr'>est,</span> <span class='ocrx_word' id='word_1_77' title='bbox 1450 1220 1644 1270; x_wconf 89' lang='lat' dir='ltr'>turres</span> <span class='ocrx_word' id='word_1_78' title='bbox 1667 1212 1955 1284; x_wconf 91' lang='lat' dir='ltr'>quasdam</span> 
     </span>
    </p>
   </div>
   <div class='ocr_carea' id='block_1_14' title="bbox 303 1300 1956 1377">
    <p class='ocr_par' dir='ltr' id='par_1_14' title="bbox 303 1300 1956 1377">
     <span class='ocr_line' id='line_1_14' title="bbox 303 1300 1956 1377; baseline -0.002 -18"><span class='ocrx_word' id='word_1_79' title='bbox 303 1320 371 1359; x_wconf 90' lang='lat' dir='ltr'>ac</span> <span class='ocrx_word' id='word_1_80' title='bbox 402 1305 866 1377; x_wconf 81' lang='lat' dir='ltr'>propugnacula,</span> <span class='ocrx_word' id='word_1_81' title='bbox 902 1310 961 1361; x_wconf 92' lang='lat' dir='ltr'>et</span> <span class='ocrx_word' id='word_1_82' title='bbox 990 1304 1281 1376; x_wconf 87' lang='lat' dir='ltr'>quidquid</span> <span class='ocrx_word' id='word_1_83' title='bbox 1313 1303 1463 1360; x_wconf 90' lang='lat' dir='ltr'>illud</span> <span class='ocrx_word' id='word_1_84' title='bbox 1489 1308 1580 1359; x_wconf 91' lang='lat' dir='ltr'>est</span> <span class='ocrx_word' id='word_1_85' title='bbox 1596 1302 1754 1375; x_wconf 92' lang='lat' dir='ltr'>quod</span> <span class='ocrx_word' id='word_1_86' title='bbox 1777 1300 1956 1358; x_wconf 79' lang='lat' dir='ltr'>extol-</span> 
     </span>
    </p>
   </div>
   <div class='ocr_carea' id='block_1_15' title="bbox 301 1392 1957 1467">
    <p class='ocr_par' dir='ltr' id='par_1_15' title="bbox 301 1392 1957 1467">
     <span class='ocr_line' id='line_1_15' title="bbox 301 1392 1957 1467; baseline 0 -20"><span class='ocrx_word' id='word_1_87' title='bbox 301 1393 446 1448; x_wconf 90' lang='lat' dir='ltr'>litur</span> <span class='ocrx_word' id='word_1_88' title='bbox 471 1400 573 1449; x_wconf 87' lang='lat' dir='ltr'>aut</span> <span class='ocrx_word' id='word_1_89' title='bbox 601 1401 891 1467; x_wconf 83' lang='lat' dir='ltr'>repugnat</span> <span class='ocrx_word' id='word_1_90' title='bbox 923 1396 1247 1467; x_wconf 78' lang='lat' dir='ltr'>cognitioni</span> <span class='ocrx_word' id='word_1_91' title='bbox 1280 1394 1383 1450; x_wconf 92' lang='lat' dir='ltr'>Dei</span> <span class='ocrx_word' id='word_1_92' title='bbox 1415 1412 1545 1466; x_wconf 72' lang='lat' dir='ltr'>quas</span> <span class='ocrx_word' id='word_1_93' title='bbox 1578 1411 1683 1466; x_wconf 88' lang='lat' dir='ltr'>per</span> <span class='ocrx_word' id='word_1_94' title='bbox 1741 1392 1957 1465; x_wconf 59' lang='lat' dir='ltr'>praedi-</span> 
     </span>
    </p>
   </div>
   <div class='ocr_carea' id='block_1_16' title="bbox 300 1482 1957 1557">
    <p class='ocr_par' dir='ltr' id='par_1_16' title="bbox 300 1482 1957 1557">
     <span class='ocr_line' id='line_1_16' title="bbox 300 1482 1957 1557; baseline -0.001 -18"><span class='ocrx_word' id='word_1_95' title='bbox 300 1484 595 1539; x_wconf 89' lang='lat' dir='ltr'>cationem</span> <span class='ocrx_word' id='word_1_96' title='bbox 627 1485 976 1557; x_wconf 84' lang='lat' dir='ltr'>acquiritur,</span> <span class='ocrx_word' id='word_1_97' title='bbox 1008 1486 1137 1540; x_wconf 80' lang='lat' dir='ltr'>haec</span> <span class='ocrx_word' id='word_1_98' title='bbox 1162 1491 1369 1541; x_wconf 89' lang='lat' dir='ltr'>nostra</span> <span class='ocrx_word' id='word_1_99' title='bbox 1399 1500 1566 1540; x_wconf 89' lang='lat' dir='ltr'>arma</span> <span class='ocrx_word' id='word_1_100' title='bbox 1625 1482 1957 1538; x_wconf 90' lang='lat' dir='ltr'>demoliun-</span> 
     </span>
    </p>
   </div>
   <div class='ocr_carea' id='block_1_17' title="bbox 297 1573 1958 1647">
    <p class='ocr_par' dir='ltr' id='par_1_17' title="bbox 297 1573 1958 1647">
     <span class='ocr_line' id='line_1_17' title="bbox 297 1573 1958 1647; baseline -0.001 -19"><span class='ocrx_word' id='word_1_101' title='bbox 297 1579 397 1629; x_wconf 89' lang='lat' dir='ltr'>tur</span> <span class='ocrx_word' id='word_1_102' title='bbox 427 1575 647 1631; x_wconf 89' lang='lat' dir='ltr'>omnia.</span> <span class='ocrx_word' id='word_1_103' title='bbox 682 1577 753 1629; x_wconf 88' lang='lat' dir='ltr'>Et</span> <span class='ocrx_word' id='word_1_104' title='bbox 782 1576 1073 1647; x_wconf 89' lang='lat' dir='ltr'>captivam</span> <span class='ocrx_word' id='word_1_105' title='bbox 1106 1574 1380 1630; x_wconf 85' lang='lat' dir='ltr'>ducimus</span> <span class='ocrx_word' id='word_1_106' title='bbox 1404 1590 1642 1629; x_wconf 89' lang='lat' dir='ltr'>omnem</span> <span class='ocrx_word' id='word_1_107' title='bbox 1659 1573 1958 1646; x_wconf 83' lang='lat' dir='ltr'>cogitatio-</span> 
     </span>
    </p>
   </div>
   <div class='ocr_carea' id='block_1_18' title="bbox 297 1661 1954 1736">
    <p class='ocr_par' dir='ltr' id='par_1_18' title="bbox 297 1661 1954 1736">
     <span class='ocr_line' id='line_1_18' title="bbox 297 1661 1954 1736; baseline -0.001 -18"><span class='ocrx_word' id='word_1_108' title='bbox 297 1679 459 1719; x_wconf 90' lang='lat' dir='ltr'>nem.</span> <span class='ocrx_word' id='word_1_109' title='bbox 490 1666 561 1718; x_wconf 90' lang='lat' dir='ltr'>Et</span> <span class='ocrx_word' id='word_1_110' title='bbox 591 1663 675 1720; x_wconf 89' lang='lat' dir='ltr'>ita</span> <span class='ocrx_word' id='word_1_111' title='bbox 705 1680 945 1719; x_wconf 89' lang='lat' dir='ltr'>omnem</span> <span class='ocrx_word' id='word_1_112' title='bbox 976 1665 1395 1736; x_wconf 84' lang='lat' dir='ltr'>cogitationem</span> <span class='ocrx_word' id='word_1_113' title='bbox 1431 1668 1489 1718; x_wconf 93' lang='lat' dir='ltr'>et</span> <span class='ocrx_word' id='word_1_114' title='bbox 1531 1679 1708 1719; x_wconf 90' lang='lat' dir='ltr'>omne</span> <span class='ocrx_word' id='word_1_115' title='bbox 1757 1661 1954 1717; x_wconf 88' lang='lat' dir='ltr'>consi-</span> 
     </span>
    </p>
   </div>
   <div class='ocr_carea' id='block_1_19' title="bbox 299 1751 1956 1824">
    <p class='ocr_par' dir='ltr' id='par_1_19' title="bbox 299 1751 1956 1824">
     <span class='ocr_line' id='line_1_19' title="bbox 299 1751 1956 1824; baseline -0.001 -17"><span class='ocrx_word' id='word_1_116' title='bbox 299 1752 448 1808; x_wconf 87' lang='lat' dir='ltr'>lium</span> <span class='ocrx_word' id='word_1_117' title='bbox 481 1753 812 1809; x_wconf 85' lang='lat' dir='ltr'>humanum</span> <span class='ocrx_word' id='word_1_118' title='bbox 847 1752 1204 1824; x_wconf 88' lang='lat' dir='ltr'>subjicimus</span> <span class='ocrx_word' id='word_1_119' title='bbox 1234 1753 1357 1824; x_wconf 84' lang='lat' dir='ltr'>regi</span> <span class='ocrx_word' id='word_1_120' title='bbox 1416 1768 1769 1823; x_wconf 89' lang='lat' dir='ltr'>summoque</span> <span class='ocrx_word' id='word_1_121' title='bbox 1819 1751 1956 1806; x_wconf 89' lang='lat' dir='ltr'>duci</span> 
     </span>
    </p>
   </div>
   <div class='ocr_carea' id='block_1_20' title="bbox 2070 579 3745 662">
    <p class='ocr_par' dir='ltr' id='par_1_20' title="bbox 2070 579 3745 662">
     <span class='ocr_line' id='line_1_20' title="bbox 2070 579 3745 662; baseline 0.003 -27"><span class='ocrx_word' id='word_1_122' title='bbox 2070 580 2227 659; x_wconf 81' lang='grc' dir='ltr'>φησί·</span> <span class='ocrx_word' id='word_1_123' title='bbox 2295 605 2321 633; x_wconf 91' lang='grc'>‹‹</span> <span class='ocrx_word' id='word_1_124' title='bbox 2386 579 2699 654; x_wconf 77' lang='grc' dir='ltr'>Λογισμοῦς</span> <span class='ocrx_word' id='word_1_125' title='bbox 2747 585 3156 658; x_wconf 72' lang='grc' dir='ltr'>καθαιροῦντες,</span> <span class='ocrx_word' id='word_1_126' title='bbox 3218 608 3240 638; x_wconf 77' lang='grc' dir='ltr'><strong>ι</strong></span> <span class='ocrx_word' id='word_1_127' title='bbox 3307 585 3424 638; x_wconf 79' lang='grc' dir='ltr'>οἷον</span> <span class='ocrx_word' id='word_1_128' title='bbox 3464 581 3745 662; x_wconf 85' lang='grc' dir='ltr'>συλλογι-</span> 
     </span>
    </p>
   </div>
   <div class='ocr_carea' id='block_1_21' title="bbox 2066 666 3739 747">
    <p class='ocr_par' dir='ltr' id='par_1_21' title="bbox 2066 666 3739 747">
     <span class='ocr_line' id='line_1_21' title="bbox 2066 666 3739 747; baseline 0.002 -23"><span class='ocrx_word' id='word_1_129' title='bbox 2066 670 2269 742; x_wconf 81' lang='grc' dir='ltr'>σμοὺς,</span> <span class='ocrx_word' id='word_1_130' title='bbox 2302 668 2397 724; x_wconf 82' lang='grc' dir='ltr'>καὶ</span> <span class='ocrx_word' id='word_1_131' title='bbox 2429 669 2496 723; x_wconf 82' lang='grc' dir='ltr'>τὰ</span> <span class='ocrx_word' id='word_1_132' title='bbox 2522 673 2631 723; x_wconf 82' lang='grc' dir='ltr'>τῶν</span> <span class='ocrx_word' id='word_1_133' title='bbox 2659 666 2948 739; x_wconf 82' lang='grc' dir='ltr'>Ἑλλήνων</span> <span class='ocrx_word' id='word_1_134' title='bbox 3000 670 3329 747; x_wconf 73' lang='grc' dir='ltr'>σοφίσματα.</span> <span class='ocrx_word' id='word_1_135' title='bbox 3387 673 3457 727; x_wconf 79' lang='grc' dir='ltr'><strong>’Ἦ</strong></span> <span class='ocrx_word' id='word_1_136' title='bbox 3490 673 3574 729; x_wconf 81' lang='grc' dir='ltr'>ὅτι</span> <span class='ocrx_word' id='word_1_137' title='bbox 3634 672 3739 728; x_wconf 78' lang='grc' dir='ltr'>αὖ-</span> 
     </span>
    </p>
   </div>
   <div class='ocr_carea' id='block_1_22' title="bbox 2064 755 3739 837">
    <p class='ocr_par' dir='ltr' id='par_1_22' title="bbox 2064 755 3739 837">
     <span class='ocr_line' id='line_1_22' title="bbox 2064 755 3739 837; baseline 0.004 -24"><span class='ocrx_word' id='word_1_138' title='bbox 2064 758 2190 820; x_wconf 80' lang='grc' dir='ltr'>τοὺς</span> <span class='ocrx_word' id='word_1_139' title='bbox 2223 757 2352 819; x_wconf 79' lang='grc' dir='ltr'>τοὺς</span> <span class='ocrx_word' id='word_1_140' title='bbox 2393 755 2703 835; x_wconf 80' lang='grc' dir='ltr'>λογισμοὺς</span> <span class='ocrx_word' id='word_1_141' title='bbox 2761 759 2961 831; x_wconf 80' lang='grc' dir='ltr'>αὐτῶν,</span> <span class='ocrx_word' id='word_1_142' title='bbox 3030 759 3121 815; x_wconf 86' lang='grc' dir='ltr'>καὶ</span> <span class='ocrx_word' id='word_1_143' title='bbox 3179 761 3277 824; x_wconf 87' lang='grc' dir='ltr'>τὰς</span> <span class='ocrx_word' id='word_1_144' title='bbox 3335 761 3519 837; x_wconf 81' lang='grc' dir='ltr'>ψυχὰς</span> <span class='ocrx_word' id='word_1_145' title='bbox 3566 783 3739 819; x_wconf 90' lang='grc' dir='ltr'>κατα-</span> 
     </span>
    </p>
   </div>
   <div class='ocr_carea' id='block_1_23' title="bbox 2067 843 3736 925">
    <p class='ocr_par' dir='ltr' id='par_1_23' title="bbox 2067 843 3736 925">
     <span class='ocr_line' id='line_1_23' title="bbox 2067 843 3736 925; baseline 0.004 -23"><span class='ocrx_word' id='word_1_146' title='bbox 2067 843 2348 921; x_wconf 70' lang='grc' dir='ltr'>ϐάλλομεν</span> <span class='ocrx_word' id='word_1_147' title='bbox 2401 847 2453 919; x_wconf 78' lang='grc' dir='ltr'>ἐξ</span> <span class='ocrx_word' id='word_1_148' title='bbox 2512 848 2581 916; x_wconf 84' lang='grc' dir='ltr'>ἧς</span> <span class='ocrx_word' id='word_1_149' title='bbox 2635 849 2997 925; x_wconf 79' lang='grc' dir='ltr'>κεκράτηνται</span> <span class='ocrx_word' id='word_1_150' title='bbox 3053 848 3289 922; x_wconf 83' lang='grc' dir='ltr'>πλάνης,</span> <span class='ocrx_word' id='word_1_151' title='bbox 3350 853 3440 906; x_wconf 82' lang='grc' dir='ltr'>καὶ</span> <span class='ocrx_word' id='word_1_152' title='bbox 3500 851 3577 915; x_wconf 83' lang='grc' dir='ltr'>εἰς</span> <span class='ocrx_word' id='word_1_153' title='bbox 3633 855 3736 924; x_wconf 74' lang='grc' dir='ltr'>τὴν</span> 
     </span>
    </p>
   </div>
   <div class='ocr_carea' id='block_1_24' title="bbox 2064 937 3735 1018">
    <p class='ocr_par' dir='ltr' id='par_1_24' title="bbox 2064 937 3735 1018">
     <span class='ocr_line' id='line_1_24' title="bbox 2064 937 3735 1018; baseline 0.003 -25"><span class='ocrx_word' id='word_1_154' title='bbox 2064 937 2325 1009; x_wconf 76' lang='grc' dir='ltr'>ἀλήθειαν</span> <span class='ocrx_word' id='word_1_155' title='bbox 2355 939 2580 1015; x_wconf 80' lang='grc' dir='ltr'>ἄγομεν.</span> <span class='ocrx_word' id='word_1_156' title='bbox 2616 962 2642 991; x_wconf 82' lang='grc' dir='ltr'>ι(</span> <span class='ocrx_word' id='word_1_157' title='bbox 2695 938 2800 995; x_wconf 84' lang='grc' dir='ltr'>Καὶ</span> <span class='ocrx_word' id='word_1_158' title='bbox 2855 942 2959 993; x_wconf 83' lang='grc' dir='ltr'>πᾶν</span> <span class='ocrx_word' id='word_1_159' title='bbox 3019 938 3223 1015; x_wconf 73' lang='grc' dir='ltr'>ὕψωμα</span> <span class='ocrx_word' id='word_1_160' title='bbox 3282 940 3667 1018; x_wconf 71' lang='grc' dir='ltr'>ἐπαιρόμενον.</span> <span class='ocrx_word' id='word_1_161' title='bbox 3704 968 3735 998; x_wconf 81' lang='lat'><strong>»</strong></span> 
     </span>
    </p>
   </div>
   <div class='ocr_carea' id='block_1_25' title="bbox 2069 1023 3728 1108">
    <p class='ocr_par' dir='ltr' id='par_1_25' title="bbox 2069 1023 3728 1108">
     <span class='ocr_line' id='line_1_25' title="bbox 2069 1023 3728 1108; baseline 0.003 -25"><span class='ocrx_word' id='word_1_162' title='bbox 2069 1023 2355 1101; x_wconf 81' lang='grc' dir='ltr'>Ἐπέμεινε</span> <span class='ocrx_word' id='word_1_163' title='bbox 2381 1031 2451 1101; x_wconf 77' lang='grc' dir='ltr'>τῇ</span> <span class='ocrx_word' id='word_1_164' title='bbox 2508 1030 2712 1102; x_wconf 83' lang='grc' dir='ltr'>τροπῇ,</span> <span class='ocrx_word' id='word_1_165' title='bbox 2769 1026 2855 1083; x_wconf 76' lang='grc' dir='ltr'>ἳνα</span> <span class='ocrx_word' id='word_1_166' title='bbox 2915 1025 3146 1084; x_wconf 85' lang='grc' dir='ltr'>πλείονα</span> <span class='ocrx_word' id='word_1_167' title='bbox 3203 1033 3413 1106; x_wconf 77' lang='grc' dir='ltr'>ποιήσῃ</span> <span class='ocrx_word' id='word_1_168' title='bbox 3470 1032 3571 1102; x_wconf 76' lang='grc' dir='ltr'>τήν</span> <span class='ocrx_word' id='word_1_169' title='bbox 3631 1029 3728 1108; x_wconf 81' lang='grc' dir='ltr'>ἔμο</span> 
     </span>
    </p>
   </div>
   <div class='ocr_carea' id='block_1_26' title="bbox 2066 1114 3732 1201">
    <p class='ocr_par' dir='ltr' id='par_1_26' title="bbox 2066 1114 3732 1201">
     <span class='ocr_line' id='line_1_26' title="bbox 2066 1114 3732 1201; baseline 0.004 -30"><span class='ocrx_word' id='word_1_170' title='bbox 2066 1136 2249 1196; x_wconf 74' lang='grc' dir='ltr'>φασιν.</span> <span class='ocrx_word' id='word_1_171' title='bbox 2288 1120 2366 1174; x_wconf 82' lang='grc' dir='ltr'>Τὰ</span> <span class='ocrx_word' id='word_1_172' title='bbox 2420 1114 2587 1186; x_wconf 79' lang='grc' dir='ltr'>ὅπλα,</span> <span class='ocrx_word' id='word_1_173' title='bbox 2648 1116 2807 1196; x_wconf 78' lang='grc' dir='ltr'>φησὶ,</span> <span class='ocrx_word' id='word_1_174' title='bbox 2860 1116 2928 1172; x_wconf 74' lang='grc' dir='ltr'>τὰ</span> <span class='ocrx_word' id='word_1_175' title='bbox 2980 1118 3242 1195; x_wconf 75' lang='grc' dir='ltr'>ἡμέτερα,</span> <span class='ocrx_word' id='word_1_176' title='bbox 3303 1119 3401 1176; x_wconf 72' lang='grc' dir='ltr'>κᾶν</span> <span class='ocrx_word' id='word_1_177' title='bbox 3456 1120 3732 1201; x_wconf 79' lang='grc' dir='ltr'>ὀχύρωμα</span> 
     </span>
    </p>
   </div>
   <div class='ocr_carea' id='block_1_27' title="bbox 2066 1204 3733 1285">
    <p class='ocr_par' dir='ltr' id='par_1_27' title="bbox 2066 1204 3733 1285">
     <span class='ocr_line' id='line_1_27' title="bbox 2066 1204 3733 1285; baseline 0.004 -24"><span class='ocrx_word' id='word_1_178' title='bbox 2066 1206 2247 1282; x_wconf 67' lang='grc' dir='ltr'>εἶ’πῃς,</span> <span class='ocrx_word' id='word_1_179' title='bbox 2309 1204 2408 1262; x_wconf 69' lang='grc' dir='ltr'>κέν</span> <span class='ocrx_word' id='word_1_180' title='bbox 2471 1205 2694 1281; x_wconf 76' lang='grc' dir='ltr'>ὕψωμα,</span> <span class='ocrx_word' id='word_1_181' title='bbox 2775 1208 3019 1262; x_wconf 89' lang='grc' dir='ltr'>τουτέστι</span> <span class='ocrx_word' id='word_1_182' title='bbox 3077 1210 3418 1285; x_wconf 75' lang='grc' dir='ltr'>πυργώματα</span> <span class='ocrx_word' id='word_1_183' title='bbox 3463 1232 3582 1267; x_wconf 88' lang='grc' dir='ltr'>τινα</span> <span class='ocrx_word' id='word_1_184' title='bbox 3636 1216 3733 1273; x_wconf 78' lang='grc' dir='ltr'>καὶ</span> 
     </span>
    </p>
   </div>
   <div class='ocr_carea' id='block_1_28' title="bbox 2065 1295 3730 1375">
    <p class='ocr_par' dir='ltr' id='par_1_28' title="bbox 2065 1295 3730 1375">
     <span class='ocr_line' id='line_1_28' title="bbox 2065 1295 3730 1375; baseline 0.005 -23"><span class='ocrx_word' id='word_1_185' title='bbox 2065 1298 2321 1374; x_wconf 77' lang='grc' dir='ltr'>φρούρια,</span> <span class='ocrx_word' id='word_1_186' title='bbox 2371 1295 2469 1352; x_wconf 77' lang='grc' dir='ltr'>κείν</span> <span class='ocrx_word' id='word_1_187' title='bbox 2530 1298 2712 1353; x_wconf 79' lang='grc' dir='ltr'>ὁτιοῦν</span> <span class='ocrx_word' id='word_1_188' title='bbox 2772 1296 3131 1373; x_wconf 75' lang='grc' dir='ltr'>ἐπαιρόμενον</span> <span class='ocrx_word' id='word_1_189' title='bbox 3197 1300 3287 1355; x_wconf 87' lang='grc' dir='ltr'>καὶ</span> <span class='ocrx_word' id='word_1_190' title='bbox 3348 1300 3730 1375; x_wconf 76' lang='grc' dir='ltr'>ἀνθιστάμενον</span> 
     </span>
    </p>
   </div>
   <div class='ocr_carea' id='block_1_29' title="bbox 2062 1382 3731 1463">
    <p class='ocr_par' dir='ltr' id='par_1_29' title="bbox 2062 1382 3731 1463">
     <span class='ocr_line' id='line_1_29' title="bbox 2062 1382 3731 1463; baseline 0.004 -21"><span class='ocrx_word' id='word_1_191' title='bbox 2062 1390 2131 1462; x_wconf 79' lang='grc' dir='ltr'>τῇ</span> <span class='ocrx_word' id='word_1_192' title='bbox 2164 1388 2366 1462; x_wconf 81' lang='grc' dir='ltr'>γνώσει</span> <span class='ocrx_word' id='word_1_193' title='bbox 2401 1389 2497 1441; x_wconf 92' lang='grc' dir='ltr'>τοῦ</span> <span class='ocrx_word' id='word_1_194' title='bbox 2528 1390 2664 1441; x_wconf 88' lang='grc' dir='ltr'>Θεοῦ</span> <span class='ocrx_word' id='word_1_195' title='bbox 2691 1389 2762 1460; x_wconf 81' lang='grc' dir='ltr'>τῇ</span> <span class='ocrx_word' id='word_1_196' title='bbox 2822 1382 2912 1442; x_wconf 78' lang='grc' dir='ltr'>διὰ</span> <span class='ocrx_word' id='word_1_197' title='bbox 2966 1390 3064 1442; x_wconf 91' lang='grc' dir='ltr'>τοῦ</span> <span class='ocrx_word' id='word_1_198' title='bbox 3117 1389 3498 1463; x_wconf 77' lang='grc' dir='ltr'>κηρύγματος,</span> <span class='ocrx_word' id='word_1_199' title='bbox 3553 1391 3731 1449; x_wconf 83' lang='grc' dir='ltr'>πάντα</span> 
     </span>
    </p>
   </div>
   <div class='ocr_carea' id='block_1_30' title="bbox 2063 1474 3728 1554">
    <p class='ocr_par' dir='ltr' id='par_1_30' title="bbox 2063 1474 3728 1554">
     <span class='ocr_line' id='line_1_30' title="bbox 2063 1474 3728 1554; baseline 0.002 -22"><span class='ocrx_word' id='word_1_200' title='bbox 2063 1481 2332 1551; x_wconf 76' lang='grc' dir='ltr'>καθαιρεῖ.</span> <span class='ocrx_word' id='word_1_201' title='bbox 2372 1500 2400 1527; x_wconf 82' lang='grc'>‹‹</span> <span class='ocrx_word' id='word_1_202' title='bbox 2433 1475 2530 1531; x_wconf 77' lang='grc' dir='ltr'>Καὶ</span> <span class='ocrx_word' id='word_1_203' title='bbox 2572 1474 3086 1551; x_wconf 79' lang='grc' dir='ltr'>αἰχμαλωτίζοντες</span> <span class='ocrx_word' id='word_1_204' title='bbox 3135 1481 3237 1534; x_wconf 86' lang='grc' dir='ltr'>πᾶν</span> <span class='ocrx_word' id='word_1_205' title='bbox 3295 1480 3500 1554; x_wconf 88' lang='grc' dir='ltr'>νόημα.</span> <span class='ocrx_word' id='word_1_206' title='bbox 3539 1505 3559 1531; x_wconf 77' lang='grc' dir='ltr'>ι</span> <span class='ocrx_word' id='word_1_207' title='bbox 3623 1481 3728 1539; x_wconf 76' lang='grc' dir='ltr'>Καὶ</span> 
     </span>
    </p>
   </div>
   <div class='ocr_carea' id='block_1_31' title="bbox 2066 1565 3731 1643">
    <p class='ocr_par' dir='ltr' id='par_1_31' title="bbox 2066 1565 3731 1643">
     <span class='ocr_line' id='line_1_31' title="bbox 2066 1565 3731 1643; baseline 0.002 -22"><span class='ocrx_word' id='word_1_208' title='bbox 2066 1566 2241 1630; x_wconf 73' lang='grc' dir='ltr'>οὕτως</span> <span class='ocrx_word' id='word_1_209' title='bbox 2272 1567 2408 1621; x_wconf 80' lang='grc' dir='ltr'>ἅπαν</span> <span class='ocrx_word' id='word_1_210' title='bbox 2459 1566 2646 1638; x_wconf 80' lang='grc' dir='ltr'>νόημα</span> <span class='ocrx_word' id='word_1_211' title='bbox 2698 1566 2789 1621; x_wconf 85' lang='grc' dir='ltr'>καὶ</span> <span class='ocrx_word' id='word_1_212' title='bbox 2843 1569 3018 1621; x_wconf 83' lang='grc' dir='ltr'>πᾶσαν</span> <span class='ocrx_word' id='word_1_213' title='bbox 3079 1565 3321 1624; x_wconf 76' lang='grc' dir='ltr'>διάνοιαν</span> <span class='ocrx_word' id='word_1_214' title='bbox 3384 1569 3731 1643; x_wconf 76' lang='grc' dir='ltr'>ἀνθρωπίνην</span> 
     </span>
    </p>
   </div>
   <div class='ocr_carea' id='block_1_32' title="bbox 2067 1654 3728 1734">
    <p class='ocr_par' dir='ltr' id='par_1_32' title="bbox 2067 1654 3728 1734">
     <span class='ocr_line' id='line_1_32' title="bbox 2067 1654 3728 1734; baseline 0.002 -23"><span class='ocrx_word' id='word_1_215' title='bbox 2067 1656 2442 1729; x_wconf 80' lang='grc' dir='ltr'>ὑποτάσσομεν</span> <span class='ocrx_word' id='word_1_216' title='bbox 2473 1659 2552 1727; x_wconf 80' lang='grc' dir='ltr'>τῷ</span> <span class='ocrx_word' id='word_1_217' title='bbox 2587 1654 2804 1731; x_wconf 83' lang='grc' dir='ltr'>βασιλεῖ</span> <span class='ocrx_word' id='word_1_218' title='bbox 2847 1656 2937 1712; x_wconf 79' lang='grc' dir='ltr'>καὶ</span> <span class='ocrx_word' id='word_1_219' title='bbox 2994 1658 3423 1734; x_wconf 81' lang='grc' dir='ltr'>ἀρχιστρατήγῳ</span> <span class='ocrx_word' id='word_1_220' title='bbox 3474 1664 3728 1733; x_wconf 78' lang='grc' dir='ltr'>Χριστῷ,</span> 
     </span>
    </p>
   </div>
   <div class='ocr_carea' id='block_1_33' title="bbox 2067 1742 3730 1824">
    <p class='ocr_par' dir='ltr' id='par_1_33' title="bbox 2067 1742 3730 1824">
     <span class='ocr_line' id='line_1_33' title="bbox 2067 1742 3730 1824; baseline 0.002 -23"><span class='ocrx_word' id='word_1_221' title='bbox 2067 1748 2142 1809; x_wconf 83' lang='grc' dir='ltr'>ὡς</span> <span class='ocrx_word' id='word_1_222' title='bbox 2179 1742 2320 1820; x_wconf 79' lang='grc' dir='ltr'>μηδέ</span> <span class='ocrx_word' id='word_1_223' title='bbox 2352 1745 2718 1801; x_wconf 80' lang='grc' dir='ltr'>ἂναπαλαῖσαι</span> <span class='ocrx_word' id='word_1_224' title='bbox 2744 1751 2845 1800; x_wconf 86' lang='grc' dir='ltr'>τοῦ</span> <span class='ocrx_word' id='word_1_225' title='bbox 2879 1751 3104 1814; x_wconf 87' lang='grc' dir='ltr'>Αοιποῦ,</span> <span class='ocrx_word' id='word_1_226' title='bbox 3168 1747 3309 1821; x_wconf 67' lang='grc' dir='ltr'>μηδὲ</span> <span class='ocrx_word' id='word_1_227' title='bbox 3363 1748 3730 1824; x_wconf 81' lang='grc' dir='ltr'>ἀναμαχήσα-</span> 
     </span>
    </p>
   </div>
   <div class='ocr_carea' id='block_1_34' title="bbox 302 1835 1952 1931">
    <p class='ocr_par' dir='ltr' id='par_1_34' title="bbox 302 1842 1952 1915">
     <span class='ocr_line' id='line_1_34' title="bbox 302 1842 1952 1915; baseline -0.001 -18"><span class='ocrx_word' id='word_1_228' title='bbox 302 1842 554 1911; x_wconf 88' lang='lat' dir='ltr'>Christo,</span> <span class='ocrx_word' id='word_1_229' title='bbox 588 1848 656 1899; x_wconf 89' lang='lat' dir='ltr'>ut</span> <span class='ocrx_word' id='word_1_230' title='bbox 686 1859 761 1898; x_wconf 92' lang='lat' dir='ltr'>ne</span> <span class='ocrx_word' id='word_1_231' title='bbox 788 1843 1138 1898; x_wconf 90' lang='lat' dir='ltr'>rereluctari</span> <span class='ocrx_word' id='word_1_232' title='bbox 1179 1843 1420 1914; x_wconf 89' lang='lat' dir='ltr'>quidem</span> <span class='ocrx_word' id='word_1_233' title='bbox 1479 1847 1582 1897; x_wconf 89' lang='lat' dir='ltr'>aut</span> <span class='ocrx_word' id='word_1_234' title='bbox 1624 1857 1952 1915; x_wconf 80' lang='lat' dir='ltr'>repugnare</span> 
     </span>
    </p>
   </div>
   <div class='ocr_carea' id='block_1_35' title="bbox 2064 1835 3729 1931">
    <p class='ocr_par' dir='ltr' id='par_1_35' title="bbox 2067 1835 3729 1915">
     <span class='ocr_line' id='line_1_35' title="bbox 2067 1835 3729 1915; baseline 0.003 -25"><span class='ocrx_word' id='word_1_235' title='bbox 2067 1838 2190 1891; x_wconf 87' lang='grc' dir='ltr'>σθαι</span> <span class='ocrx_word' id='word_1_236' title='bbox 2225 1835 2447 1910; x_wconf 82' lang='grc' dir='ltr'>ἰσχῦσαί</span> <span class='ocrx_word' id='word_1_237' title='bbox 2478 1856 2594 1889; x_wconf 87' lang='grc' dir='ltr'>τινα</span> <span class='ocrx_word' id='word_1_238' title='bbox 2631 1838 2742 1889; x_wconf 80' lang='grc' dir='ltr'>τῶν</span> <span class='ocrx_word' id='word_1_239' title='bbox 2800 1837 3170 1908; x_wconf 70' lang='grc' dir='ltr'>ἡττηθέντων.</span> <span class='ocrx_word' id='word_1_240' title='bbox 3232 1841 3429 1904; x_wconf 62' lang='grc' dir='ltr'>Τοῦτοί</span> <span class='ocrx_word' id='word_1_241' title='bbox 3461 1841 3563 1915; x_wconf 78' lang='grc' dir='ltr'>γὰρ</span> <span class='ocrx_word' id='word_1_242' title='bbox 3622 1837 3729 1912; x_wconf 84' lang='grc' dir='ltr'>δη-</span> 
     </span>
    </p>
   </div>
   <div class='ocr_carea' id='block_1_36' title="bbox 300 1931 1953 2004">
    <p class='ocr_par' dir='ltr' id='par_1_36' title="bbox 300 1931 1953 2004">
     <span class='ocr_line' id='line_1_36' title="bbox 300 1931 1953 2004; baseline 0 -19"><span class='ocrx_word' id='word_1_243' title='bbox 300 1931 584 2003; x_wconf 89' lang='lat' dir='ltr'>deinceps</span> <span class='ocrx_word' id='word_1_244' title='bbox 615 1933 846 2004; x_wconf 87' lang='lat' dir='ltr'>possint</span> <span class='ocrx_word' id='word_1_245' title='bbox 875 1932 1075 2003; x_wconf 89' lang='lat' dir='ltr'>aliqua</span> <span class='ocrx_word' id='word_1_246' title='bbox 1102 1932 1341 1987; x_wconf 90' lang='lat' dir='ltr'>illorum</span> <span class='ocrx_word' id='word_1_247' title='bbox 1373 1948 1504 2003; x_wconf 75' lang='lat' dir='ltr'>qum</span> <span class='ocrx_word' id='word_1_248' title='bbox 1536 1931 1953 1997; x_wconf 86' lang='lat' dir='ltr'>devincuntur,</span> 
     </span>
    </p>
   </div>
   <div class='ocr_carea' id='block_1_37' title="bbox 298 2020 1956 2094">
    <p class='ocr_par' dir='ltr' id='par_1_37' title="bbox 298 2020 1956 2094">
     <span class='ocr_line' id='line_1_37' title="bbox 298 2020 1956 2094; baseline 0.001 -20"><span class='ocrx_word' id='word_1_249' title='bbox 298 2020 415 2075; x_wconf 88' lang='lat' dir='ltr'>hoc</span> <span class='ocrx_word' id='word_1_250' title='bbox 448 2026 649 2077; x_wconf 89' lang='lat' dir='ltr'>autem</span> <span class='ocrx_word' id='word_1_251' title='bbox 681 2022 1000 2094; x_wconf 82' lang='lat' dir='ltr'>signiﬁcat,</span> <span class='ocrx_word' id='word_1_252' title='bbox 1035 2044 1062 2072; x_wconf 82' lang='lat'><strong><em>«</em></strong></span> <span class='ocrx_word' id='word_1_253' title='bbox 1095 2022 1395 2093; x_wconf 87' lang='lat' dir='ltr'>Captivam</span> <span class='ocrx_word' id='word_1_254' title='bbox 1427 2021 1720 2090; x_wconf 88' lang='lat' dir='ltr'>ducimus,</span> <span class='ocrx_word' id='word_1_255' title='bbox 1754 2042 1782 2071; x_wconf 88' lang='lat'>»</span> <span class='ocrx_word' id='word_1_256' title='bbox 1844 2021 1956 2076; x_wconf 91' lang='lat' dir='ltr'>hoc</span> 
     </span>
    </p>
   </div>
   <div class='ocr_carea' id='block_1_38' title="bbox 299 2111 1955 2184">
    <p class='ocr_par' dir='ltr' id='par_1_38' title="bbox 299 2111 1955 2184">
     <span class='ocr_line' id='line_1_38' title="bbox 299 2111 1955 2184; baseline 0.001 -21"><span class='ocrx_word' id='word_1_257' title='bbox 299 2114 411 2174; x_wconf 90' lang='lat' dir='ltr'>est,</span> <span class='ocrx_word' id='word_1_258' title='bbox 445 2113 705 2182; x_wconf 84' lang='lat' dir='ltr'>captivos</span> <span class='ocrx_word' id='word_1_259' title='bbox 737 2128 804 2166; x_wconf 82' lang='lat' dir='ltr'>ex</span> <span class='ocrx_word' id='word_1_260' title='bbox 837 2128 1016 2182; x_wconf 86' lang='lat' dir='ltr'>prava</span> <span class='ocrx_word' id='word_1_261' title='bbox 1042 2111 1362 2184; x_wconf 87' lang='lat' dir='ltr'>tyrannide</span> <span class='ocrx_word' id='word_1_262' title='bbox 1395 2111 1744 2182; x_wconf 87' lang='lat' dir='ltr'>accipimus,</span> <span class='ocrx_word' id='word_1_263' title='bbox 1778 2126 1955 2165; x_wconf 89' lang='lat' dir='ltr'>aser-</span> 
     </span>
    </p>
   </div>
   <div class='ocr_carea' id='block_1_39' title="bbox 299 2198 1363 2257">
    <p class='ocr_par' dir='ltr' id='par_1_39' title="bbox 299 2198 1363 2257">
     <span class='ocr_line' id='line_1_39' title="bbox 299 2198 1363 2257; baseline 0.002 -4"><span class='ocrx_word' id='word_1_264' title='bbox 299 2198 484 2254; x_wconf 83' lang='lat' dir='ltr'>vitute</span> <span class='ocrx_word' id='word_1_265' title='bbox 518 2200 578 2254; x_wconf 91' lang='lat' dir='ltr'>in</span> <span class='ocrx_word' id='word_1_266' title='bbox 614 2200 952 2256; x_wconf 87' lang='lat' dir='ltr'>libertatem</span> <span class='ocrx_word' id='word_1_267' title='bbox 984 2202 1363 2257; x_wconf 87' lang='lat' dir='ltr'>reducentes.</span> 
     </span>
    </p>
   </div>
   <div class='ocr_carea' id='block_1_40' title="bbox 280 2289 1956 2361">
    <p class='ocr_par' dir='ltr' id='par_1_40' title="bbox 280 2289 1956 2361">
     <span class='ocr_line' id='line_1_40' title="bbox 280 2289 1956 2361; baseline 0.003 -20"><span class='ocrx_word' id='word_1_268' title='bbox 280 2340 293 2353; x_wconf 36' lang='grc' dir='ltr'><strong>κ</strong></span> <span class='ocrx_word' id='word_1_269' title='bbox 372 2289 441 2357; x_wconf 83' lang='grc' dir='ltr'>Χ,</span> <span class='ocrx_word' id='word_1_270' title='bbox 474 2291 596 2344; x_wconf 86' lang='lat'>6-8.</span> <span class='ocrx_word' id='word_1_271' title='bbox 626 2291 693 2344; x_wconf 90' lang='lat' dir='ltr'>Et</span> <span class='ocrx_word' id='word_1_272' title='bbox 717 2297 983 2361; x_wconf 77' lang='lat' dir='ltr'>promptu</span> <span class='ocrx_word' id='word_1_273' title='bbox 1033 2290 1292 2346; x_wconf 85' lang='lat' dir='ltr'>habemus</span> <span class='ocrx_word' id='word_1_274' title='bbox 1347 2291 1649 2346; x_wconf 81' lang='lat' dir='ltr'>vindictam</span> <span class='ocrx_word' id='word_1_275' title='bbox 1699 2291 1956 2346; x_wconf 77' lang='lat' dir='ltr'>adversus</span> 
     </span>
    </p>
   </div>
   <div class='ocr_carea' id='block_1_41' title="bbox 301 2379 1957 2451">
    <p class='ocr_par' dir='ltr' id='par_1_41' title="bbox 301 2379 1957 2451">
     <span class='ocr_line' id='line_1_41' title="bbox 301 2379 1957 2451; baseline 0 -18"><span class='ocrx_word' id='word_1_276' title='bbox 301 2394 516 2433; x_wconf 89' lang='lat' dir='ltr'>omnem</span> <span class='ocrx_word' id='word_1_277' title='bbox 576 2381 1025 2448; x_wconf 81' lang='lat' dir='ltr'>inobedientiam,</span> <span class='ocrx_word' id='word_1_278' title='bbox 1084 2397 1207 2435; x_wconf 86' lang='lat' dir='ltr'>cum</span> <span class='ocrx_word' id='word_1_279' title='bbox 1264 2379 1495 2451; x_wconf 83' lang='lat' dir='ltr'>impleta</span> <span class='ocrx_word' id='word_1_280' title='bbox 1550 2382 1724 2450; x_wconf 80' lang='lat' dir='ltr'>fuerit</span> <span class='ocrx_word' id='word_1_281' title='bbox 1780 2385 1957 2435; x_wconf 74' lang='lat' dir='ltr'>vestra</span> 
     </span>
    </p>
   </div>
   <div class='ocr_carea' id='block_1_42' title="bbox 307 2466 1957 2538">
    <p class='ocr_par' dir='ltr' id='par_1_42' title="bbox 307 2466 1957 2538">
     <span class='ocr_line' id='line_1_42' title="bbox 307 2466 1957 2538; baseline 0.001 -16"><span class='ocrx_word' id='word_1_282' title='bbox 307 2466 639 2523; x_wconf 79' lang='lat' dir='ltr'>obedientia.</span> <span class='ocrx_word' id='word_1_283' title='bbox 670 2471 799 2535; x_wconf 75' lang='lat' dir='ltr'>Quae</span> <span class='ocrx_word' id='word_1_284' title='bbox 826 2470 1123 2525; x_wconf 79' lang='lat' dir='ltr'>secundum</span> <span class='ocrx_word' id='word_1_285' title='bbox 1155 2472 1357 2538; x_wconf 77' lang='lat' dir='ltr'>faciem</span> <span class='ocrx_word' id='word_1_286' title='bbox 1413 2477 1542 2525; x_wconf 85' lang='lat' dir='ltr'>sunt</span> <span class='ocrx_word' id='word_1_287' title='bbox 1598 2468 1797 2525; x_wconf 79' lang='lat' dir='ltr'>videtis</span> <span class='ocrx_word' id='word_1_288' title='bbox 1826 2471 1854 2524; x_wconf 86' lang='lat'><strong><em>?</em></strong></span> <span class='ocrx_word' id='word_1_289' title='bbox 1894 2470 1957 2526; x_wconf 89' lang='lat' dir='ltr'>Si</span> 
     </span>
    </p>
   </div>
   <div class='ocr_carea' id='block_1_43' title="bbox 308 2558 1956 2630">
    <p class='ocr_par' dir='ltr' id='par_1_43' title="bbox 308 2558 1956 2630">
     <span class='ocr_line' id='line_1_43' title="bbox 308 2558 1956 2630; baseline 0.001 -18"><span class='ocrx_word' id='word_1_290' title='bbox 308 2560 432 2628; x_wconf 82' lang='lat' dir='ltr'>quis</span> <span class='ocrx_word' id='word_1_291' title='bbox 452 2558 519 2612; x_wconf 87' lang='lat' dir='ltr'>de</span> <span class='ocrx_word' id='word_1_292' title='bbox 538 2561 713 2628; x_wconf 88' lang='lat' dir='ltr'>seipso</span> <span class='ocrx_word' id='word_1_293' title='bbox 735 2560 957 2628; x_wconf 82' lang='lat' dir='ltr'>conﬁdit</span> <span class='ocrx_word' id='word_1_294' title='bbox 999 2560 1147 2630; x_wconf 85' lang='lat' dir='ltr'>quod</span> <span class='ocrx_word' id='word_1_295' title='bbox 1194 2560 1397 2615; x_wconf 77' lang='lat' dir='ltr'>Christi</span> <span class='ocrx_word' id='word_1_296' title='bbox 1443 2562 1533 2626; x_wconf 86' lang='lat' dir='ltr'>sit,</span> <span class='ocrx_word' id='word_1_297' title='bbox 1567 2559 1710 2615; x_wconf 85' lang='lat' dir='ltr'>illud</span> <span class='ocrx_word' id='word_1_298' title='bbox 1736 2575 1956 2615; x_wconf 78' lang='lat' dir='ltr'>rursum</span> 
     </span>
    </p>
   </div>
   <div class='ocr_carea' id='block_1_44' title="bbox 300 2647 1956 2720">
    <p class='ocr_par' dir='ltr' id='par_1_44' title="bbox 300 2647 1956 2720">
     <span class='ocr_line' id='line_1_44' title="bbox 300 2647 1956 2720; baseline 0.001 -19"><span class='ocrx_word' id='word_1_299' title='bbox 300 2647 614 2717; x_wconf 76' lang='lat' dir='ltr'>perpendat</span> <span class='ocrx_word' id='word_1_300' title='bbox 635 2662 704 2702; x_wconf 68' lang='lat' dir='ltr'>ex</span> <span class='ocrx_word' id='word_1_301' title='bbox 720 2650 917 2719; x_wconf 83' lang='lat' dir='ltr'>seipso,</span> <span class='ocrx_word' id='word_1_302' title='bbox 948 2649 1097 2719; x_wconf 84' lang='lat' dir='ltr'>quod</span> <span class='ocrx_word' id='word_1_303' title='bbox 1120 2651 1259 2704; x_wconf 84' lang='lat' dir='ltr'>sicut</span> <span class='ocrx_word' id='word_1_304' title='bbox 1283 2647 1398 2720; x_wconf 78' lang='lat' dir='ltr'>ipse</span> <span class='ocrx_word' id='word_1_305' title='bbox 1418 2648 1623 2705; x_wconf 83' lang='lat' dir='ltr'>Christi</span> <span class='ocrx_word' id='word_1_306' title='bbox 1647 2654 1722 2703; x_wconf 85' lang='lat' dir='ltr'>est</span> <span class='ocrx_word' id='word_1_307' title='bbox 1769 2650 1851 2702; x_wconf 86' lang='lat' dir='ltr'>ita</span> <span class='ocrx_word' id='word_1_308' title='bbox 1903 2654 1956 2702; x_wconf 88' lang='lat' dir='ltr'>et</span> 
     </span>
    </p>
   </div>
   <div class='ocr_carea' id='block_1_45' title="bbox 306 2736 1956 2809">
    <p class='ocr_par' dir='ltr' id='par_1_45' title="bbox 306 2736 1956 2809">
     <span class='ocr_line' id='line_1_45' title="bbox 306 2736 1956 2809; baseline 0.002 -19"><span class='ocrx_word' id='word_1_309' title='bbox 306 2752 404 2792; x_wconf 85' lang='lat' dir='ltr'>nos</span> <span class='ocrx_word' id='word_1_310' title='bbox 430 2736 635 2792; x_wconf 79' lang='lat' dir='ltr'>Christi</span> <span class='ocrx_word' id='word_1_311' title='bbox 654 2754 856 2793; x_wconf 87' lang='lat' dir='ltr'>sumus.</span> <span class='ocrx_word' id='word_1_312' title='bbox 882 2739 1014 2793; x_wconf 83' lang='lat' dir='ltr'>Nam</span> <span class='ocrx_word' id='word_1_313' title='bbox 1039 2740 1087 2794; x_wconf 89' lang='lat' dir='ltr'>si</span> <span class='ocrx_word' id='word_1_314' title='bbox 1130 2740 1294 2793; x_wconf 79' lang='lat' dir='ltr'>etiam</span> <span class='ocrx_word' id='word_1_315' title='bbox 1342 2738 1583 2809; x_wconf 86' lang='lat' dir='ltr'>amplius</span> <span class='ocrx_word' id='word_1_316' title='bbox 1626 2738 1835 2808; x_wconf 80' lang='lat' dir='ltr'>glorier</span> <span class='ocrx_word' id='word_1_317' title='bbox 1889 2736 1956 2794; x_wconf 88' lang='lat' dir='ltr'>de</span> 
     </span>
    </p>
   </div>
   <div class='ocr_carea' id='block_1_46' title="bbox 295 2826 1955 2899">
    <p class='ocr_par' dir='ltr' id='par_1_46' title="bbox 295 2826 1955 2899">
     <span class='ocr_line' id='line_1_46' title="bbox 295 2826 1955 2899; baseline 0 -18"><span class='ocrx_word' id='word_1_318' title='bbox 295 2833 945 2897; x_wconf 77' lang='lat' dir='ltr'>potestatenostraquam</span> <span class='ocrx_word' id='word_1_319' title='bbox 959 2828 1280 2884; x_wconf 82' lang='lat' dir='ltr'>deditnobis</span> <span class='ocrx_word' id='word_1_320' title='bbox 1302 2829 1565 2884; x_wconf 84' lang='lat' dir='ltr'>Dominus</span> <span class='ocrx_word' id='word_1_321' title='bbox 1602 2829 1675 2883; x_wconf 90' lang='lat' dir='ltr'>ad</span> <span class='ocrx_word' id='word_1_322' title='bbox 1703 2826 1955 2899; x_wconf 51' lang='lat' dir='ltr'>adifica-</span> 
     </span>
    </p>
   </div>
   <div class='ocr_carea' id='block_1_47' title="bbox 305 2918 1951 2988">
    <p class='ocr_par' dir='ltr' id='par_1_47' title="bbox 305 2918 1951 2988">
     <span class='ocr_line' id='line_1_47' title="bbox 305 2918 1951 2988; baseline 0.002 -18"><span class='ocrx_word' id='word_1_323' title='bbox 305 2918 505 2971; x_wconf 80' lang='lat' dir='ltr'>tionem</span> <span class='ocrx_word' id='word_1_324' title='bbox 535 2923 587 2971; x_wconf 86' lang='lat' dir='ltr'>et</span> <span class='ocrx_word' id='word_1_325' title='bbox 614 2933 723 2971; x_wconf 86' lang='lat' dir='ltr'>non</span> <span class='ocrx_word' id='word_1_326' title='bbox 754 2918 828 2972; x_wconf 91' lang='lat' dir='ltr'>ad</span> <span class='ocrx_word' id='word_1_327' title='bbox 856 2918 1277 2972; x_wconf 83' lang='lat' dir='ltr'>destructionem</span> <span class='ocrx_word' id='word_1_328' title='bbox 1308 2920 1611 2988; x_wconf 80' lang='lat' dir='ltr'>vestri,non</span> <span class='ocrx_word' id='word_1_329' title='bbox 1647 2918 1951 2988; x_wconf 85' lang='lat' dir='ltr'>pude/iam.</span> 
     </span>
    </p>
   </div>
   <div class='ocr_carea' id='block_1_48' title="bbox 377 3007 1951 3080">
    <p class='ocr_par' dir='ltr' id='par_1_48' title="bbox 377 3007 1951 3080">
     <span class='ocr_line' id='line_1_48' title="bbox 377 3007 1951 3080; baseline 0.001 -18"><span class='ocrx_word' id='word_1_330' title='bbox 377 3007 481 3063; x_wconf 82' lang='lat' dir='ltr'>Hic</span> <span class='ocrx_word' id='word_1_331' title='bbox 514 3024 750 3080; x_wconf 91' lang='lat' dir='ltr'>quoque</span> <span class='ocrx_word' id='word_1_332' title='bbox 783 3009 918 3064; x_wconf 87' lang='lat' dir='ltr'>illos</span> <span class='ocrx_word' id='word_1_333' title='bbox 947 3009 1180 3064; x_wconf 88' lang='lat' dir='ltr'>terruit.</span> <span class='ocrx_word' id='word_1_334' title='bbox 1216 3009 1310 3064; x_wconf 86' lang='lat' dir='ltr'>Ait</span> <span class='ocrx_word' id='word_1_335' title='bbox 1341 3007 1503 3064; x_wconf 90' lang='lat' dir='ltr'>enim</span> <span class='ocrx_word' id='word_1_336' title='bbox 1536 3027 1549 3064; x_wconf 90' lang='lat'><strong>:</strong></span> <span class='ocrx_word' id='word_1_337' title='bbox 1585 3010 1697 3063; x_wconf 87' lang='lat' dir='ltr'>Vos</span> <span class='ocrx_word' id='word_1_338' title='bbox 1747 3024 1951 3080; x_wconf 83' lang='lat' dir='ltr'>exspe-</span> 
     </span>
    </p>
   </div>
   <div class='ocr_carea' id='block_1_49' title="bbox 305 3100 1956 3173">
    <p class='ocr_par' dir='ltr' id='par_1_49' title="bbox 305 3100 1956 3173">
     <span class='ocr_line' id='line_1_49' title="bbox 305 3100 1956 3173; baseline 0 -18"><span class='ocrx_word' id='word_1_339' title='bbox 305 3106 553 3168; x_wconf 88' lang='lat' dir='ltr'>ctamus,</span> <span class='ocrx_word' id='word_1_340' title='bbox 588 3106 655 3155; x_wconf 91' lang='lat' dir='ltr'>ut</span> <span class='ocrx_word' id='word_1_341' title='bbox 685 3101 825 3156; x_wconf 90' lang='lat' dir='ltr'>dum</span> <span class='ocrx_word' id='word_1_342' title='bbox 856 3119 956 3157; x_wconf 88' lang='lat' dir='ltr'>vos</span> <span class='ocrx_word' id='word_1_343' title='bbox 987 3118 1093 3173; x_wconf 91' lang='lat' dir='ltr'>per</span> <span class='ocrx_word' id='word_1_344' title='bbox 1150 3101 1624 3157; x_wconf 84' lang='lat' dir='ltr'>exhortationem</span> <span class='ocrx_word' id='word_1_345' title='bbox 1683 3100 1838 3155; x_wconf 76' lang='lat'>674</span> <span class='ocrx_word' id='word_1_346' title='bbox 1897 3105 1956 3155; x_wconf 90' lang='lat' dir='ltr'>et</span> 
     </span>
    </p>
   </div>
   <div class='ocr_carea' id='block_1_50' title="bbox 304 3189 2027 3303">
    <p class='ocr_par' dir='ltr' id='par_1_50' title="bbox 304 3189 2027 3303">
     <span class='ocr_line' id='line_1_50' title="bbox 304 3189 2027 3303; baseline 0.001 -60"><span class='ocrx_word' id='word_1_347' title='bbox 304 3189 637 3246; x_wconf 91' lang='lat' dir='ltr'>doctrinam</span> <span class='ocrx_word' id='word_1_348' title='bbox 670 3192 1103 3246; x_wconf 84' lang='lat' dir='ltr'>correxerimus</span> <span class='ocrx_word' id='word_1_349' title='bbox 1135 3197 1192 3246; x_wconf 90' lang='lat' dir='ltr'>et</span> <span class='ocrx_word' id='word_1_350' title='bbox 1221 3191 1293 3247; x_wconf 89' lang='lat' dir='ltr'>ab</span> <span class='ocrx_word' id='word_1_351' title='bbox 1324 3191 1444 3245; x_wconf 89' lang='lat' dir='ltr'>illis</span> <span class='ocrx_word' id='word_1_352' title='bbox 1467 3190 1950 3259; x_wconf 81' lang='lat' dir='ltr'>abstraxerimus,</span> <span class='ocrx_word' id='word_1_353' title='bbox 1985 3236 2027 3303; x_wconf 67' lang='grc' dir='ltr'>Ο</span> 
     </span>
     <span class='ocr_line' id='line_1_51' title="bbox 304 3279 1947 3303; baseline 0 0"><span class='ocrx_word' id='word_1_354' title='bbox 304 3284 424 3303; x_wconf 70' lang='grc' dir='ltr'>ι--...</span> <span class='ocrx_word' id='word_1_355' title='bbox 462 3279 574 3303; x_wconf 62' lang='lat' dir='ltr'>illi-</span> <span class='ocrx_word' id='word_1_356' title='bbox 612 3280 751 3303; x_wconf 66' lang='grc'>--12..</span> <span class='ocrx_word' id='word_1_357' title='bbox 784 3281 1106 3303; x_wconf 67' lang='grc' dir='ltr'>ε..-..-.ι--ιε,</span> <span class='ocrx_word' id='word_1_358' title='bbox 1144 3298 1372 3303; x_wconf 56' lang='grc' dir='ltr'>..μμΑ-Α</span> <span class='ocrx_word' id='word_1_359' title='bbox 1412 3281 1740 3303; x_wconf 63' lang='grc' dir='ltr'>ἔ..1³-..-...---</span> <span class='ocrx_word' id='word_1_360' title='bbox 1812 3288 1947 3303; x_wconf 69' lang='lat' dir='ltr'>lt--__</span> 
     </span>
    </p>
   </div>
   <div class='ocr_carea' id='block_1_51' title="bbox 300 3279 1953 3354">
    <p class='ocr_par' dir='ltr' id='par_1_51' title="bbox 300 3279 1953 3354">
     <span class='ocr_line' id='line_1_52' title="bbox 300 3279 1953 3354; baseline 0.001 -20"><span class='ocrx_word' id='word_1_361' title='bbox 300 3284 429 3335; x_wconf 90' lang='lat' dir='ltr'>tum</span> <span class='ocrx_word' id='word_1_362' title='bbox 462 3279 577 3335; x_wconf 90' lang='lat' dir='ltr'>illis</span> <span class='ocrx_word' id='word_1_363' title='bbox 610 3280 754 3336; x_wconf 89' lang='lat' dir='ltr'>solis</span> <span class='ocrx_word' id='word_1_364' title='bbox 784 3281 1111 3337; x_wconf 88' lang='lat' dir='ltr'>incredulis</span> <span class='ocrx_word' id='word_1_365' title='bbox 1144 3298 1376 3354; x_wconf 71' lang='lat' dir='ltr'>pmnam</span> <span class='ocrx_word' id='word_1_366' title='bbox 1412 3281 1763 3337; x_wconf 85' lang='lat' dir='ltr'>inferamus.</span> <span class='ocrx_word' id='word_1_367' title='bbox 1810 3288 1953 3336; x_wconf 72' lang='lat' dir='ltr'>(tum</span> 
     </span>
    </p>
   </div>
   <div class='ocr_carea' id='block_1_52' title="bbox 298 3370 1954 3444">
    <p class='ocr_par' dir='ltr' id='par_1_52' title="bbox 298 3370 1954 3444">
     <span class='ocr_line' id='line_1_53' title="bbox 298 3370 1954 3444; baseline 0.001 -20"><span class='ocrx_word' id='word_1_368' title='bbox 298 3370 481 3442; x_wconf 81' lang='lat' dir='ltr'>igitur</span> <span class='ocrx_word' id='word_1_369' title='bbox 513 3371 574 3425; x_wconf 92' lang='lat' dir='ltr'>in</span> <span class='ocrx_word' id='word_1_370' title='bbox 605 3371 718 3425; x_wconf 91' lang='lat' dir='ltr'>hoc</span> <span class='ocrx_word' id='word_1_371' title='bbox 749 3372 941 3443; x_wconf 89' lang='lat' dir='ltr'>parati</span> <span class='ocrx_word' id='word_1_372' title='bbox 976 3372 1185 3440; x_wconf 90' lang='lat' dir='ltr'>simus,</span> <span class='ocrx_word' id='word_1_373' title='bbox 1220 3389 1255 3427; x_wconf 87' lang='lat' dir='ltr'>a</span> <span class='ocrx_word' id='word_1_374' title='bbox 1322 3370 1484 3427; x_wconf 86' lang='lat' dir='ltr'>vobis</span> <span class='ocrx_word' id='word_1_375' title='bbox 1542 3371 1643 3443; x_wconf 91' lang='lat' dir='ltr'>qui</span> <span class='ocrx_word' id='word_1_376' title='bbox 1683 3371 1954 3444; x_wconf 88' lang='lat' dir='ltr'>permisti</span> 
     </span>
    </p>
   </div>
   <div class='ocr_carea' id='block_1_53' title="bbox 299 3459 1954 3531">
    <p class='ocr_par' dir='ltr' id='par_1_53' title="bbox 299 3459 1954 3531">
     <span class='ocr_line' id='line_1_54' title="bbox 299 3459 1954 3531; baseline 0 -17"><span class='ocrx_word' id='word_1_377' title='bbox 299 3461 440 3515; x_wconf 88' lang='lat' dir='ltr'>estis</span> <span class='ocrx_word' id='word_1_378' title='bbox 472 3459 878 3531; x_wconf 85' lang='lat' dir='ltr'>prohibemur.</span> <span class='ocrx_word' id='word_1_379' title='bbox 912 3461 1212 3517; x_wconf 89' lang='lat' dir='ltr'>Timemus</span> <span class='ocrx_word' id='word_1_380' title='bbox 1246 3463 1405 3516; x_wconf 90' lang='lat' dir='ltr'>enim</span> <span class='ocrx_word' id='word_1_381' title='bbox 1439 3478 1513 3516; x_wconf 91' lang='lat' dir='ltr'>ne</span> <span class='ocrx_word' id='word_1_382' title='bbox 1546 3477 1646 3516; x_wconf 88' lang='lat' dir='ltr'>vos</span> <span class='ocrx_word' id='word_1_383' title='bbox 1679 3461 1954 3531; x_wconf 81' lang='lat' dir='ltr'>atttingat</span> 
     </span>
    </p>
   </div>
   <div class='ocr_carea' id='block_1_54' title="bbox 299 3548 1954 3621">
    <p class='ocr_par' dir='ltr' id='par_1_54' title="bbox 299 3548 1954 3621">
     <span class='ocr_line' id='line_1_55' title="bbox 299 3548 1954 3621; baseline 0 -17"><span class='ocrx_word' id='word_1_384' title='bbox 299 3549 595 3604; x_wconf 86' lang='lat' dir='ltr'>cruciatus</span> <span class='ocrx_word' id='word_1_385' title='bbox 613 3565 679 3603; x_wconf 91' lang='lat' dir='ltr'>eo</span> <span class='ocrx_word' id='word_1_386' title='bbox 696 3549 854 3620; x_wconf 89' lang='lat' dir='ltr'>quod</span> <span class='ocrx_word' id='word_1_387' title='bbox 881 3550 1316 3621; x_wconf 87' lang='lat' dir='ltr'>permistisitis.</span> <span class='ocrx_word' id='word_1_388' title='bbox 1350 3550 1483 3605; x_wconf 63' lang='lat' dir='ltr'>Haec</span> <span class='ocrx_word' id='word_1_389' title='bbox 1522 3556 1720 3605; x_wconf 91' lang='lat' dir='ltr'>autem</span> <span class='ocrx_word' id='word_1_390' title='bbox 1748 3548 1954 3605; x_wconf 87' lang='lat' dir='ltr'>dicens</span> 
     </span>
    </p>
   </div>
   <div class='ocr_carea' id='block_1_55' title="bbox 299 3637 1952 3711">
    <p class='ocr_par' dir='ltr' id='par_1_55' title="bbox 299 3637 1952 3711">
     <span class='ocr_line' id='line_1_56' title="bbox 299 3637 1952 3711; baseline 0.001 -19"><span class='ocrx_word' id='word_1_391' title='bbox 299 3637 793 3709; x_wconf 86' lang='lat' dir='ltr'>pseudapostolos</span> <span class='ocrx_word' id='word_1_392' title='bbox 856 3638 1127 3711; x_wconf 74' lang='lat' dir='ltr'>designat</span> <span class='ocrx_word' id='word_1_393' title='bbox 1181 3644 1246 3693; x_wconf 90' lang='lat' dir='ltr'>ut</span> <span class='ocrx_word' id='word_1_394' title='bbox 1304 3639 1694 3711; x_wconf 85' lang='lat' dir='ltr'>corrigantur.</span> <span class='ocrx_word' id='word_1_395' title='bbox 1747 3661 1775 3688; x_wconf 88' lang='lat'><strong>«</strong></span> <span class='ocrx_word' id='word_1_396' title='bbox 1808 3639 1952 3694; x_wconf 90' lang='lat' dir='ltr'>Cum</span> 
     </span>
    </p>
   </div>
   <div class='ocr_carea' id='block_1_56' title="bbox 300 3726 1952 3801">
    <p class='ocr_par' dir='ltr' id='par_1_56' title="bbox 300 3726 1952 3801">
     <span class='ocr_line' id='line_1_57' title="bbox 300 3726 1952 3801; baseline 0.002 -20"><span class='ocrx_word' id='word_1_397' title='bbox 300 3727 549 3798; x_wconf 87' lang='lat' dir='ltr'>impleta</span> <span class='ocrx_word' id='word_1_398' title='bbox 570 3726 748 3783; x_wconf 83' lang='lat' dir='ltr'>fuerit</span> <span class='ocrx_word' id='word_1_399' title='bbox 769 3733 963 3783; x_wconf 83' lang='lat' dir='ltr'>vestra</span> <span class='ocrx_word' id='word_1_400' title='bbox 992 3727 1350 3784; x_wconf 76' lang='lat' dir='ltr'>obedientia.</span> <span class='ocrx_word' id='word_1_401' title='bbox 1413 3750 1441 3778; x_wconf 82' lang='lat'><strong>»</strong></span> <span class='ocrx_word' id='word_1_402' title='bbox 1495 3729 1661 3785; x_wconf 89' lang='lat' dir='ltr'>Nunc</span> <span class='ocrx_word' id='word_1_403' title='bbox 1710 3729 1952 3801; x_wconf 88' lang='lat' dir='ltr'>quidem</span> 
     </span>
    </p>
   </div>
   <div class='ocr_carea' id='block_1_57' title="bbox 300 3817 1948 3890">
    <p class='ocr_par' dir='ltr' id='par_1_57' title="bbox 300 3817 1948 3890">
     <span class='ocr_line' id='line_1_58' title="bbox 300 3817 1948 3890; baseline 0.002 -18"><span class='ocrx_word' id='word_1_404' title='bbox 300 3817 579 3888; x_wconf 87' lang='lat' dir='ltr'>obeditis,</span> <span class='ocrx_word' id='word_1_405' title='bbox 606 3817 821 3890; x_wconf 87' lang='lat' dir='ltr'>inquit,</span> <span class='ocrx_word' id='word_1_406' title='bbox 846 3823 905 3874; x_wconf 90' lang='lat' dir='ltr'>at</span> <span class='ocrx_word' id='word_1_407' title='bbox 927 3836 1047 3874; x_wconf 90' lang='lat' dir='ltr'>non</span> <span class='ocrx_word' id='word_1_408' title='bbox 1092 3819 1374 3890; x_wconf 87' lang='lat' dir='ltr'>perfecte,</span> <span class='ocrx_word' id='word_1_409' title='bbox 1422 3819 1556 3874; x_wconf 88' lang='lat' dir='ltr'>ideo</span> <span class='ocrx_word' id='word_1_410' title='bbox 1606 3820 1720 3874; x_wconf 88' lang='lat' dir='ltr'>ait:</span> <span class='ocrx_word' id='word_1_411' title='bbox 1748 3842 1774 3871; x_wconf 89' lang='grc'><strong>‹‹</strong></span> <span class='ocrx_word' id='word_1_412' title='bbox 1807 3820 1948 3875; x_wconf 89' lang='lat' dir='ltr'>Cum</span> 
     </span>
    </p>
   </div>
   <div class='ocr_carea' id='block_1_58' title="bbox 301 3908 1951 3980">
    <p class='ocr_par' dir='ltr' id='par_1_58' title="bbox 301 3908 1951 3980">
     <span class='ocr_line' id='line_1_59' title="bbox 301 3908 1951 3980; baseline 0.002 -18"><span class='ocrx_word' id='word_1_413' title='bbox 301 3908 545 3980; x_wconf 89' lang='lat' dir='ltr'>impleta</span> <span class='ocrx_word' id='word_1_414' title='bbox 566 3908 748 3964; x_wconf 89' lang='lat' dir='ltr'>fuerit</span> <span class='ocrx_word' id='word_1_415' title='bbox 764 3914 957 3965; x_wconf 82' lang='lat' dir='ltr'>vestra</span> <span class='ocrx_word' id='word_1_416' title='bbox 973 3909 1336 3965; x_wconf 91' lang='lat' dir='ltr'>obedientia.</span> <span class='ocrx_word' id='word_1_417' title='bbox 1364 3941 1435 3950; x_wconf 92' lang='lat'><strong><em>—</em></strong></span> <span class='ocrx_word' id='word_1_418' title='bbox 1454 3909 1593 3974; x_wconf 69' lang='lat' dir='ltr'>Quae</span> <span class='ocrx_word' id='word_1_419' title='bbox 1625 3908 1951 3965; x_wconf 89' lang='lat' dir='ltr'>secundum</span> 
     </span>
    </p>
   </div>
   <div class='ocr_carea' id='block_1_59' title="bbox 298 3997 1950 4071">
    <p class='ocr_par' dir='ltr' id='par_1_59' title="bbox 298 3997 1950 4071">
     <span class='ocr_line' id='line_1_60' title="bbox 298 3997 1950 4071; baseline 0.001 -19"><span class='ocrx_word' id='word_1_420' title='bbox 298 3997 514 4053; x_wconf 84' lang='lat' dir='ltr'>faciem</span> <span class='ocrx_word' id='word_1_421' title='bbox 546 4004 687 4054; x_wconf 90' lang='lat' dir='ltr'>sunt</span> <span class='ocrx_word' id='word_1_422' title='bbox 714 3998 947 4054; x_wconf 78' lang='lat' dir='ltr'>videtis.</span> <span class='ocrx_word' id='word_1_423' title='bbox 983 4021 1011 4048; x_wconf 75' lang='lat' dir='ltr'>n</span> <span class='ocrx_word' id='word_1_424' title='bbox 1038 3999 1145 4055; x_wconf 89' lang='lat' dir='ltr'>Ubi</span> <span class='ocrx_word' id='word_1_425' title='bbox 1170 3998 1662 4071; x_wconf 86' lang='lat' dir='ltr'>pseudaposlolos</span> <span class='ocrx_word' id='word_1_426' title='bbox 1715 3999 1950 4068; x_wconf 90' lang='lat' dir='ltr'>terruit,</span> 
     </span>
    </p>
   </div>
   <div class='ocr_carea' id='block_1_60' title="bbox 297 4086 1951 4162">
    <p class='ocr_par' dir='ltr' id='par_1_60' title="bbox 297 4086 1951 4162">
     <span class='ocr_line' id='line_1_61' title="bbox 297 4086 1951 4162; baseline 0.002 -21"><span class='ocrx_word' id='word_1_427' title='bbox 297 4088 458 4158; x_wconf 90' lang='lat' dir='ltr'>ipsos</span> <span class='ocrx_word' id='word_1_428' title='bbox 485 4088 665 4142; x_wconf 90' lang='lat' dir='ltr'>etiam</span> <span class='ocrx_word' id='word_1_429' title='bbox 697 4086 980 4160; x_wconf 89' lang='lat' dir='ltr'>deinceps</span> <span class='ocrx_word' id='word_1_430' title='bbox 1014 4088 1309 4162; x_wconf 77' lang='lat' dir='ltr'>objurgat,</span> <span class='ocrx_word' id='word_1_431' title='bbox 1343 4089 1613 4161; x_wconf 88' lang='lat' dir='ltr'>asperius</span> <span class='ocrx_word' id='word_1_432' title='bbox 1670 4105 1802 4143; x_wconf 90' lang='lat' dir='ltr'>cum</span> <span class='ocrx_word' id='word_1_433' title='bbox 1866 4087 1951 4144; x_wconf 90' lang='lat' dir='ltr'>eis</span> 
     </span>
    </p>
   </div>
   <div class='ocr_carea' id='block_1_61' title="bbox 299 4176 1949 4249">
    <p class='ocr_par' dir='ltr' id='par_1_61' title="bbox 299 4176 1949 4249">
     <span class='ocr_line' id='line_1_62' title="bbox 299 4176 1949 4249; baseline 0.001 -19"><span class='ocrx_word' id='word_1_434' title='bbox 299 4176 621 4232; x_wconf 87' lang='lat' dir='ltr'>disserens.</span> <span class='ocrx_word' id='word_1_435' title='bbox 660 4199 687 4227; x_wconf 75' lang='grc' dir='ltr'>(ι</span> <span class='ocrx_word' id='word_1_436' title='bbox 719 4178 857 4243; x_wconf 71' lang='lat' dir='ltr'>Quae</span> <span class='ocrx_word' id='word_1_437' title='bbox 889 4180 1218 4235; x_wconf 82' lang='lat' dir='ltr'>secundum</span> <span class='ocrx_word' id='word_1_438' title='bbox 1250 4180 1465 4236; x_wconf 90' lang='lat' dir='ltr'>faciem</span> <span class='ocrx_word' id='word_1_439' title='bbox 1525 4184 1688 4245; x_wconf 88' lang='lat' dir='ltr'>sunt,</span> <span class='ocrx_word' id='word_1_440' title='bbox 1734 4177 1949 4249; x_wconf 88' lang='lat' dir='ltr'>inquit,</span> 
     </span>
    </p>
   </div>
   <div class='ocr_carea' id='block_1_62' title="bbox 298 4263 1952 4338">
    <p class='ocr_par' dir='ltr' id='par_1_62' title="bbox 298 4263 1952 4338">
     <span class='ocr_line' id='line_1_63' title="bbox 298 4263 1952 4338; baseline 0.001 -21"><span class='ocrx_word' id='word_1_441' title='bbox 298 4263 511 4319; x_wconf 85' lang='lat' dir='ltr'>videtis</span> <span class='ocrx_word' id='word_1_442' title='bbox 532 4263 560 4319; x_wconf 76' lang='lat' dir='ltr'>‘I</span> <span class='ocrx_word' id='word_1_443' title='bbox 583 4285 603 4314; x_wconf 78' lang='grc' dir='ltr'>ι</span> <span class='ocrx_word' id='word_1_444' title='bbox 633 4269 749 4320; x_wconf 86' lang='lat' dir='ltr'>Hoc</span> <span class='ocrx_word' id='word_1_445' title='bbox 771 4270 880 4335; x_wconf 81' lang='lat' dir='ltr'>est,</span> <span class='ocrx_word' id='word_1_446' title='bbox 903 4265 975 4321; x_wconf 88' lang='lat' dir='ltr'>ab</span> <span class='ocrx_word' id='word_1_447' title='bbox 1003 4267 1097 4321; x_wconf 89' lang='lat' dir='ltr'>his</span> <span class='ocrx_word' id='word_1_448' title='bbox 1142 4281 1274 4337; x_wconf 58' lang='lat' dir='ltr'>quas</span> <span class='ocrx_word' id='word_1_449' title='bbox 1323 4272 1615 4338; x_wconf 87' lang='lat' dir='ltr'>apparent</span> <span class='ocrx_word' id='word_1_450' title='bbox 1668 4264 1952 4336; x_wconf 86' lang='lat' dir='ltr'>judicatis</span> 
     </span>
    </p>
   </div>
   <div class='ocr_carea' id='block_1_63' title="bbox 302 4353 1954 4426">
    <p class='ocr_par' dir='ltr' id='par_1_63' title="bbox 302 4353 1954 4426">
     <span class='ocr_line' id='line_1_64' title="bbox 302 4353 1954 4426; baseline 0 -19"><span class='ocrx_word' id='word_1_451' title='bbox 302 4357 507 4424; x_wconf 85' lang='lat' dir='ltr'>utpote</span> <span class='ocrx_word' id='word_1_452' title='bbox 538 4353 585 4408; x_wconf 89' lang='lat' dir='ltr'>si</span> <span class='ocrx_word' id='word_1_453' title='bbox 619 4355 751 4425; x_wconf 88' lang='lat' dir='ltr'>quis</span> <span class='ocrx_word' id='word_1_454' title='bbox 781 4355 1040 4422; x_wconf 87' lang='lat' dir='ltr'>ditescit,</span> <span class='ocrx_word' id='word_1_455' title='bbox 1072 4355 1121 4410; x_wconf 89' lang='lat' dir='ltr'>si</span> <span class='ocrx_word' id='word_1_456' title='bbox 1154 4356 1289 4426; x_wconf 89' lang='lat' dir='ltr'>quis</span> <span class='ocrx_word' id='word_1_457' title='bbox 1331 4354 1561 4411; x_wconf 83' lang='lat' dir='ltr'>extollit</span> <span class='ocrx_word' id='word_1_458' title='bbox 1616 4359 1719 4409; x_wconf 88' lang='lat' dir='ltr'>aut</span> <span class='ocrx_word' id='word_1_459' title='bbox 1763 4354 1954 4425; x_wconf 87' lang='lat' dir='ltr'>jactat</span> 
     </span>
    </p>
   </div>
   <div class='ocr_carea' id='block_1_64' title="bbox 303 4443 1948 4517">
    <p class='ocr_par' dir='ltr' id='par_1_64' title="bbox 303 4443 1948 4517">
     <span class='ocr_line' id='line_1_65' title="bbox 303 4443 1948 4517; baseline 0.001 -19"><span class='ocrx_word' id='word_1_460' title='bbox 303 4456 456 4513; x_wconf 85' lang='lat' dir='ltr'>sese,</span> <span class='ocrx_word' id='word_1_461' title='bbox 483 4443 531 4498; x_wconf 89' lang='lat' dir='ltr'>si</span> <span class='ocrx_word' id='word_1_462' title='bbox 563 4445 696 4515; x_wconf 91' lang='lat' dir='ltr'>quis</span> <span class='ocrx_word' id='word_1_463' title='bbox 727 4446 960 4500; x_wconf 83' lang='lat' dir='ltr'>virtutis</span> <span class='ocrx_word' id='word_1_464' title='bbox 989 4461 1311 4517; x_wconf 86' lang='lat' dir='ltr'>personam</span> <span class='ocrx_word' id='word_1_465' title='bbox 1361 4444 1472 4499; x_wconf 87' lang='lat' dir='ltr'>sibi</span> <span class='ocrx_word' id='word_1_466' title='bbox 1533 4444 1948 4515; x_wconf 87' lang='lat' dir='ltr'>circumponit.</span> 
     </span>
    </p>
   </div>
   <div class='ocr_carea' id='block_1_65' title="bbox 296 4533 1947 4608">
    <p class='ocr_par' dir='ltr' id='par_1_65' title="bbox 296 4533 1947 4608">
     <span class='ocr_line' id='line_1_66' title="bbox 296 4533 1947 4608; baseline 0.001 -21"><span class='ocrx_word' id='word_1_467' title='bbox 296 4533 412 4588; x_wconf 91' lang='lat' dir='ltr'>Per</span> <span class='ocrx_word' id='word_1_468' title='bbox 440 4533 966 4608; x_wconf 80' lang='lat' dir='ltr'>interrogationem</span> <span class='ocrx_word' id='word_1_469' title='bbox 1000 4534 1317 4607; x_wconf 80' lang='lat' dir='ltr'>legendum</span> <span class='ocrx_word' id='word_1_470' title='bbox 1348 4539 1454 4590; x_wconf 88' lang='lat' dir='ltr'>est.</span> <span class='ocrx_word' id='word_1_471' title='bbox 1518 4533 1796 4603; x_wconf 88' lang='lat' dir='ltr'>Probare,</span> <span class='ocrx_word' id='word_1_472' title='bbox 1858 4534 1947 4589; x_wconf 34' lang='lat' dir='ltr'>ins</span> 
     </span>
    </p>
   </div>
   <div class='ocr_carea' id='block_1_66' title="bbox 2068 1922 3726 2003">
    <p class='ocr_par' dir='ltr' id='par_1_66' title="bbox 2068 1922 3726 2003">
     <span class='ocr_line' id='line_1_67' title="bbox 2068 1922 3726 2003; baseline 0.002 -21"><span class='ocrx_word' id='word_1_473' title='bbox 2068 1926 2162 1982; x_wconf 86' lang='grc' dir='ltr'>λοῖ</span> <span class='ocrx_word' id='word_1_474' title='bbox 2186 1926 2271 1995; x_wconf 87' lang='grc' dir='ltr'>τὸ,</span> <span class='ocrx_word' id='word_1_475' title='bbox 2308 1947 2332 1979; x_wconf 81' lang='grc' dir='ltr'>α</span> <span class='ocrx_word' id='word_1_476' title='bbox 2359 1922 2911 1999; x_wconf 80' lang='grc' dir='ltr'>Αἷχμαλωτεύοντες,</span> <span class='ocrx_word' id='word_1_477' title='bbox 2941 1950 2969 1978; x_wconf 87' lang='grc'>››</span> <span class='ocrx_word' id='word_1_478' title='bbox 3027 1928 3141 1982; x_wconf 83' lang='grc' dir='ltr'>οἷον</span> <span class='ocrx_word' id='word_1_479' title='bbox 3210 1926 3609 2003; x_wconf 73' lang='grc' dir='ltr'>αἰχμαλώτους</span> <span class='ocrx_word' id='word_1_480' title='bbox 3663 1927 3726 1985; x_wconf 80' lang='grc' dir='ltr'>ἐκ</span> 
     </span>
    </p>
   </div>
   <div class='ocr_carea' id='block_1_67' title="bbox 2064 2011 3722 2090">
    <p class='ocr_par' dir='ltr' id='par_1_67' title="bbox 2064 2011 3722 2090">
     <span class='ocr_line' id='line_1_68' title="bbox 2064 2011 3722 2090; baseline 0.003 -20"><span class='ocrx_word' id='word_1_481' title='bbox 2064 2022 2164 2085; x_wconf 81' lang='grc' dir='ltr'>τῆς</span> <span class='ocrx_word' id='word_1_482' title='bbox 2193 2019 2292 2070; x_wconf 89' lang='grc' dir='ltr'>τοῦ</span> <span class='ocrx_word' id='word_1_483' title='bbox 2323 2020 2567 2088; x_wconf 88' lang='grc' dir='ltr'>πονηροῦ</span> <span class='ocrx_word' id='word_1_484' title='bbox 2599 2012 2920 2090; x_wconf 79' lang='grc' dir='ltr'>τυραννίδος</span> <span class='ocrx_word' id='word_1_485' title='bbox 2968 2011 3366 2090; x_wconf 73' lang='grc' dir='ltr'>λαμϐάνοντες,</span> <span class='ocrx_word' id='word_1_486' title='bbox 3429 2019 3535 2075; x_wconf 85' lang='grc' dir='ltr'>ἀπὸ</span> <span class='ocrx_word' id='word_1_487' title='bbox 3593 2016 3722 2075; x_wconf 82' lang='grc' dir='ltr'>δου-</span> 
     </span>
    </p>
   </div>
   <div class='ocr_carea' id='block_1_68' title="bbox 2064 2102 2681 2179">
    <p class='ocr_par' dir='ltr' id='par_1_68' title="bbox 2064 2102 2681 2179">
     <span class='ocr_line' id='line_1_69' title="bbox 2064 2102 2681 2179; baseline 0.003 -18"><span class='ocrx_word' id='word_1_488' title='bbox 2064 2104 2217 2167; x_wconf 88' lang='grc' dir='ltr'>λείας</span> <span class='ocrx_word' id='word_1_489' title='bbox 2247 2104 2321 2167; x_wconf 83' lang='grc' dir='ltr'>εἷς</span> <span class='ocrx_word' id='word_1_490' title='bbox 2350 2102 2681 2179; x_wconf 65' lang='grc' dir='ltr'>ἐλευθερίαν.</span> 
     </span>
    </p>
   </div>
   <div class='ocr_carea' id='block_1_69' title="bbox 2138 2187 3728 2270">
    <p class='ocr_par' dir='ltr' id='par_1_69' title="bbox 2138 2187 3728 2270">
     <span class='ocr_line' id='line_1_70' title="bbox 2138 2187 3728 2270; baseline 0.004 -21"><span class='ocrx_word' id='word_1_491' title='bbox 2138 2193 2237 2249; x_wconf 78' lang='grc' dir='ltr'>Καὶ</span> <span class='ocrx_word' id='word_1_492' title='bbox 2343 2191 2398 2248; x_wconf 73' lang='grc' dir='ltr'>ἐν</span> <span class='ocrx_word' id='word_1_493' title='bbox 2506 2192 2715 2269; x_wconf 73' lang='grc' dir='ltr'>ἑτοίμῳ</span> <span class='ocrx_word' id='word_1_494' title='bbox 2818 2187 3041 2270; x_wconf 82' lang='grc' dir='ltr'>ἔχοντες</span> <span class='ocrx_word' id='word_1_495' title='bbox 3141 2193 3425 2267; x_wconf 76' lang='grc' dir='ltr'>ἐκδικῆσαι</span> <span class='ocrx_word' id='word_1_496' title='bbox 3553 2203 3728 2256; x_wconf 83' lang='grc' dir='ltr'>πᾶσαν</span> 
     </span>
    </p>
   </div>
   <div class='ocr_carea' id='block_1_70' title="bbox 2062 2279 3729 2360">
    <p class='ocr_par' dir='ltr' id='par_1_70' title="bbox 2062 2279 3729 2360">
     <span class='ocr_line' id='line_1_71' title="bbox 2062 2279 3729 2360; baseline 0.004 -22"><span class='ocrx_word' id='word_1_497' title='bbox 2062 2283 2366 2359; x_wconf 69' lang='grc' dir='ltr'>παρακοήν,</span> <span class='ocrx_word' id='word_1_498' title='bbox 2471 2282 2598 2337; x_wconf 77' lang='grc' dir='ltr'>ὅταν</span> <span class='ocrx_word' id='word_1_499' title='bbox 2700 2279 2976 2358; x_wconf 72' lang='grc' dir='ltr'>πληρωθῇ</span> <span class='ocrx_word' id='word_1_500' title='bbox 3079 2284 3231 2360; x_wconf 79' lang='grc' dir='ltr'>ὑμῶν</span> <span class='ocrx_word' id='word_1_501' title='bbox 3344 2289 3379 2356; x_wconf 78' lang='grc' dir='ltr'>ἡ</span> <span class='ocrx_word' id='word_1_502' title='bbox 3486 2287 3729 2359; x_wconf 80' lang='grc' dir='ltr'>ὑπακοή;</span> 
     </span>
    </p>
   </div>
   <div class='ocr_carea' id='block_1_71' title="bbox 2064 2370 3727 2452">
    <p class='ocr_par' dir='ltr' id='par_1_71' title="bbox 2064 2370 3727 2452">
     <span class='ocr_line' id='line_1_72' title="bbox 2064 2370 3727 2452; baseline 0.003 -23"><span class='ocrx_word' id='word_1_503' title='bbox 2064 2372 2148 2430; x_wconf 81' lang='grc' dir='ltr'>Τὰ</span> <span class='ocrx_word' id='word_1_504' title='bbox 2176 2372 2312 2427; x_wconf 84' lang='grc' dir='ltr'>κατά</span> <span class='ocrx_word' id='word_1_505' title='bbox 2344 2373 2642 2445; x_wconf 80' lang='grc' dir='ltr'>πρόσωπον</span> <span class='ocrx_word' id='word_1_506' title='bbox 2682 2370 2912 2447; x_wconf 87' lang='grc' dir='ltr'>βλέπετε</span> <span class='ocrx_word' id='word_1_507' title='bbox 2946 2391 2959 2442; x_wconf 89' lang='lat'><strong>;</strong></span> <span class='ocrx_word' id='word_1_508' title='bbox 2994 2372 3061 2430; x_wconf 77' lang='grc' dir='ltr'><strong>Εἳ</strong></span> <span class='ocrx_word' id='word_1_509' title='bbox 3116 2396 3199 2437; x_wconf 86' lang='grc' dir='ltr'>τις</span> <span class='ocrx_word' id='word_1_510' title='bbox 3252 2375 3506 2431; x_wconf 88' lang='grc' dir='ltr'>πέποιθεν</span> <span class='ocrx_word' id='word_1_511' title='bbox 3549 2378 3727 2452; x_wconf 73' lang='grc' dir='ltr'>ἑαυτῷ</span> 
     </span>
    </p>
   </div>
   <div class='ocr_carea' id='block_1_72' title="bbox 2063 2459 3721 2545">
    <p class='ocr_par' dir='ltr' id='par_1_72' title="bbox 2063 2459 3721 2545">
     <span class='ocr_line' id='line_1_73' title="bbox 2063 2459 3721 2545; baseline 0.002 -27"><span class='ocrx_word' id='word_1_512' title='bbox 2063 2464 2301 2531; x_wconf 85' lang='grc' dir='ltr'>Χριστοῦ</span> <span class='ocrx_word' id='word_1_513' title='bbox 2350 2461 2512 2533; x_wconf 79' lang='grc' dir='ltr'>εἶναι,</span> <span class='ocrx_word' id='word_1_514' title='bbox 2544 2465 2708 2518; x_wconf 83' lang='grc' dir='ltr'>τοῦτο</span> <span class='ocrx_word' id='word_1_515' title='bbox 2769 2459 3071 2537; x_wconf 81' lang='grc' dir='ltr'>λογιζέσθω</span> <span class='ocrx_word' id='word_1_516' title='bbox 3128 2462 3296 2519; x_wconf 86' lang='grc' dir='ltr'>πάλιν</span> <span class='ocrx_word' id='word_1_517' title='bbox 3353 2465 3442 2545; x_wconf 75' lang='grc' dir='ltr'>ἀφ’</span> <span class='ocrx_word' id='word_1_518' title='bbox 3501 2467 3721 2537; x_wconf 71' lang='grc' dir='ltr'>ἑαυτοῦ,</span> 
     </span>
    </p>
   </div>
   <div class='ocr_carea' id='block_1_73' title="bbox 2062 2549 3723 2631">
    <p class='ocr_par' dir='ltr' id='par_1_73' title="bbox 2062 2549 3723 2631">
     <span class='ocr_line' id='line_1_74' title="bbox 2062 2549 3723 2631; baseline 0.004 -24"><span class='ocrx_word' id='word_1_519' title='bbox 2062 2551 2147 2607; x_wconf 78' lang='grc' dir='ltr'>ὅτι</span> <span class='ocrx_word' id='word_1_520' title='bbox 2180 2551 2361 2617; x_wconf 87' lang='grc' dir='ltr'>καθὼς</span> <span class='ocrx_word' id='word_1_521' title='bbox 2393 2552 2553 2614; x_wconf 83' lang='grc' dir='ltr'>αὐτὸς</span> <span class='ocrx_word' id='word_1_522' title='bbox 2581 2553 2839 2624; x_wconf 78' lang='grc' dir='ltr'>Χριστοῦ,</span> <span class='ocrx_word' id='word_1_523' title='bbox 2869 2549 3044 2616; x_wconf 70' lang='grc' dir='ltr'>οὕτως</span> <span class='ocrx_word' id='word_1_524' title='bbox 3100 2554 3191 2609; x_wconf 83' lang='grc' dir='ltr'>καὶ</span> <span class='ocrx_word' id='word_1_525' title='bbox 3245 2555 3411 2628; x_wconf 78' lang='grc' dir='ltr'>ἡμεῖς</span> <span class='ocrx_word' id='word_1_526' title='bbox 3460 2558 3723 2631; x_wconf 82' lang='grc' dir='ltr'>Χριστοῦ.</span> 
     </span>
    </p>
   </div>
   <div class='ocr_carea' id='block_1_74' title="bbox 2064 2640 3729 2722">
    <p class='ocr_par' dir='ltr' id='par_1_74' title="bbox 2064 2640 3729 2722">
     <span class='ocr_line' id='line_1_75' title="bbox 2064 2640 3729 2722; baseline 0.004 -25"><span class='ocrx_word' id='word_1_527' title='bbox 2064 2642 2167 2697; x_wconf 83' lang='grc' dir='ltr'>Εάν</span> <span class='ocrx_word' id='word_1_528' title='bbox 2245 2658 2304 2697; x_wconf 86' lang='grc' dir='ltr'>τε</span> <span class='ocrx_word' id='word_1_529' title='bbox 2378 2642 2485 2716; x_wconf 83' lang='grc' dir='ltr'>γάρ</span> <span class='ocrx_word' id='word_1_530' title='bbox 2561 2640 2954 2716; x_wconf 80' lang='grc' dir='ltr'>περισσότερόν</span> <span class='ocrx_word' id='word_1_531' title='bbox 3030 2663 3082 2698; x_wconf 91' lang='grc' dir='ltr'>τι</span> <span class='ocrx_word' id='word_1_532' title='bbox 3158 2646 3533 2721; x_wconf 75' lang='grc' dir='ltr'>καυχήσωμαι</span> <span class='ocrx_word' id='word_1_533' title='bbox 3600 2649 3729 2722; x_wconf 87' lang='grc' dir='ltr'>περί</span> 
     </span>
    </p>
   </div>
   <div class='ocr_carea' id='block_1_75' title="bbox 2061 2729 3724 2811">
    <p class='ocr_par' dir='ltr' id='par_1_75' title="bbox 2061 2729 3724 2811">
     <span class='ocr_line' id='line_1_76' title="bbox 2061 2729 3724 2811; baseline 0.004 -24"><span class='ocrx_word' id='word_1_534' title='bbox 2061 2737 2163 2800; x_wconf 77' lang='grc' dir='ltr'>τῆς</span> <span class='ocrx_word' id='word_1_535' title='bbox 2238 2731 2481 2803; x_wconf 74' lang='grc' dir='ltr'>ἐξουσίας</span> <span class='ocrx_word' id='word_1_536' title='bbox 2556 2733 2719 2803; x_wconf 76' lang='grc' dir='ltr'>ἡμῶν</span> <span class='ocrx_word' id='word_1_537' title='bbox 2749 2734 2816 2801; x_wconf 75' lang='grc' dir='ltr'>ἧς</span> <span class='ocrx_word' id='word_1_538' title='bbox 2845 2729 3042 2789; x_wconf 81' lang='grc' dir='ltr'>ἔδωκεν</span> <span class='ocrx_word' id='word_1_539' title='bbox 3104 2735 3132 2788; x_wconf 82' lang='grc' dir='ltr'><strong>ὁ</strong></span> <span class='ocrx_word' id='word_1_540' title='bbox 3190 2732 3392 2811; x_wconf 76' lang='grc' dir='ltr'>Κύριος</span> <span class='ocrx_word' id='word_1_541' title='bbox 3442 2738 3581 2810; x_wconf 77' lang='grc' dir='ltr'>ἡμῖν</span> <span class='ocrx_word' id='word_1_542' title='bbox 3645 2736 3724 2801; x_wconf 77' lang='grc' dir='ltr'>εἰς</span> 
     </span>
    </p>
   </div>
   <div class='ocr_carea' id='block_1_76' title="bbox 2063 2819 3724 2902">
    <p class='ocr_par' dir='ltr' id='par_1_76' title="bbox 2063 2819 3724 2902">
     <span class='ocr_line' id='line_1_77' title="bbox 2063 2819 3724 2902; baseline 0.004 -26"><span class='ocrx_word' id='word_1_543' title='bbox 2063 2819 2365 2894; x_wconf 72' lang='grc' dir='ltr'>οἰκοδομὴν</span> <span class='ocrx_word' id='word_1_544' title='bbox 2397 2822 2488 2877; x_wconf 82' lang='grc' dir='ltr'>καὶ</span> <span class='ocrx_word' id='word_1_545' title='bbox 2524 2821 2623 2877; x_wconf 79' lang='grc' dir='ltr'>οὐκ</span> <span class='ocrx_word' id='word_1_546' title='bbox 2662 2821 2738 2885; x_wconf 75' lang='grc' dir='ltr'>εἷς</span> <span class='ocrx_word' id='word_1_547' title='bbox 2771 2821 3079 2897; x_wconf 83' lang='grc' dir='ltr'>καθαίρεσιν</span> <span class='ocrx_word' id='word_1_548' title='bbox 3116 2822 3289 2898; x_wconf 80' lang='grc' dir='ltr'>ὑμῶν,</span> <span class='ocrx_word' id='word_1_549' title='bbox 3342 2828 3442 2880; x_wconf 82' lang='grc' dir='ltr'>οὐκ</span> <span class='ocrx_word' id='word_1_550' title='bbox 3493 2824 3724 2902; x_wconf 67' lang='grc' dir='ltr'>αἴσχυν-</span> 
     </span>
    </p>
   </div>
   <div class='ocr_carea' id='block_1_77' title="bbox 2062 2915 2328 2987">
    <p class='ocr_par' dir='ltr' id='par_1_77' title="bbox 2062 2915 2328 2987">
     <span class='ocr_line' id='line_1_78' title="bbox 2062 2915 2328 2987; baseline 0.011 -20"><span class='ocrx_word' id='word_1_551' title='bbox 2062 2915 2328 2987; x_wconf 80' lang='grc' dir='ltr'>θήσομαι.</span> 
     </span>
    </p>
   </div>
   <div class='ocr_carea' id='block_1_78' title="bbox 2135 2998 3718 3084">
    <p class='ocr_par' dir='ltr' id='par_1_78' title="bbox 2135 2998 3718 3084">
     <span class='ocr_line' id='line_1_79' title="bbox 2135 2998 3718 3084; baseline 0.005 -29"><span class='ocrx_word' id='word_1_552' title='bbox 2135 3003 2394 3060; x_wconf 80' lang='grc' dir='ltr'>Ἐνταῦθα</span> <span class='ocrx_word' id='word_1_553' title='bbox 2425 3001 2514 3057; x_wconf 84' lang='grc' dir='ltr'>καὶ</span> <span class='ocrx_word' id='word_1_554' title='bbox 2567 3002 2793 3066; x_wconf 82' lang='grc' dir='ltr'>τούτους</span> <span class='ocrx_word' id='word_1_555' title='bbox 2854 2998 3142 3080; x_wconf 74' lang='grc' dir='ltr'>ἐφόϐησεν.</span> <span class='ocrx_word' id='word_1_556' title='bbox 3180 3004 3349 3078; x_wconf 83' lang='grc' dir='ltr'>Ὑμᾶς</span> <span class='ocrx_word' id='word_1_557' title='bbox 3402 3005 3507 3084; x_wconf 85' lang='grc' dir='ltr'>γάρ</span> <span class='ocrx_word' id='word_1_558' title='bbox 3564 3028 3718 3081; x_wconf 85' lang='grc' dir='ltr'>περι-</span> 
     </span>
    </p>
   </div>
   <div class='ocr_carea' id='block_1_79' title="bbox 2066 3090 3717 3170">
    <p class='ocr_par' dir='ltr' id='par_1_79' title="bbox 2066 3090 3717 3170">
     <span class='ocr_line' id='line_1_80' title="bbox 2066 3090 3717 3170; baseline 0.004 -24"><span class='ocrx_word' id='word_1_559' title='bbox 2066 3094 2323 3167; x_wconf 84' lang='grc' dir='ltr'>μένομεν,</span> <span class='ocrx_word' id='word_1_560' title='bbox 2357 3092 2543 3170; x_wconf 81' lang='grc' dir='ltr'>φησὶν,</span> <span class='ocrx_word' id='word_1_561' title='bbox 2590 3090 2680 3147; x_wconf 75' lang='grc' dir='ltr'>’ἶνα</span> <span class='ocrx_word' id='word_1_562' title='bbox 2736 3094 2861 3149; x_wconf 79' lang='grc' dir='ltr'>ὅταν</span> <span class='ocrx_word' id='word_1_563' title='bbox 2900 3091 2991 3149; x_wconf 81' lang='grc' dir='ltr'>διὰ</span> <span class='ocrx_word' id='word_1_564' title='bbox 3045 3101 3147 3164; x_wconf 84' lang='grc' dir='ltr'>τῆς</span> <span class='ocrx_word' id='word_1_565' title='bbox 3205 3098 3572 3165; x_wconf 74' lang='grc' dir='ltr'>παραινέσεως</span> <span class='ocrx_word' id='word_1_566' title='bbox 3625 3096 3717 3153; x_wconf 82' lang='grc' dir='ltr'>καὶ</span> 
     </span>
    </p>
   </div>
   <div class='ocr_carea' id='block_1_80' title="bbox 2066 3179 3719 3259">
    <p class='ocr_par' dir='ltr' id='par_1_80' title="bbox 2066 3179 3719 3259">
     <span class='ocr_line' id='line_1_81' title="bbox 2066 3179 3719 3259; baseline 0.003 -22"><span class='ocrx_word' id='word_1_567' title='bbox 2066 3179 2302 3253; x_wconf 72' lang='grc' dir='ltr'>διδαχῆς</span> <span class='ocrx_word' id='word_1_568' title='bbox 2359 3180 2746 3257; x_wconf 81' lang='grc' dir='ltr'>διορθώσωμεν</span> <span class='ocrx_word' id='word_1_569' title='bbox 2803 3182 2944 3256; x_wconf 80' lang='grc' dir='ltr'>ὑμᾶς</span> <span class='ocrx_word' id='word_1_570' title='bbox 2988 3185 3077 3239; x_wconf 80' lang='grc' dir='ltr'>καί</span> <span class='ocrx_word' id='word_1_571' title='bbox 3131 3183 3529 3259; x_wconf 78' lang='grc' dir='ltr'>ἀποστήσωμεν</span> <span class='ocrx_word' id='word_1_572' title='bbox 3581 3186 3719 3243; x_wconf 79' lang='grc' dir='ltr'>ὲκεί-</span> 
     </span>
    </p>
   </div>
   <div class='ocr_carea' id='block_1_81' title="bbox 2067 3269 3716 3352">
    <p class='ocr_par' dir='ltr' id='par_1_81' title="bbox 2067 3269 3716 3352">
     <span class='ocr_line' id='line_1_82' title="bbox 2067 3269 3716 3352; baseline 0.004 -27"><span class='ocrx_word' id='word_1_573' title='bbox 2067 3292 2195 3342; x_wconf 89' lang='grc' dir='ltr'>νων,</span> <span class='ocrx_word' id='word_1_574' title='bbox 2225 3271 2349 3326; x_wconf 87' lang='grc' dir='ltr'>τότε</span> <span class='ocrx_word' id='word_1_575' title='bbox 2376 3269 2601 3332; x_wconf 76' lang='grc' dir='ltr'>ἐκείνοις</span> <span class='ocrx_word' id='word_1_576' title='bbox 2639 3271 2822 3345; x_wconf 82' lang='grc' dir='ltr'>μόνοις</span> <span class='ocrx_word' id='word_1_577' title='bbox 2850 3276 2969 3335; x_wconf 85' lang='grc' dir='ltr'>τοῖς</span> <span class='ocrx_word' id='word_1_578' title='bbox 3000 3272 3287 3329; x_wconf 85' lang='grc' dir='ltr'>ἀπιστοῦσι</span> <span class='ocrx_word' id='word_1_579' title='bbox 3344 3275 3443 3345; x_wconf 76' lang='grc' dir='ltr'>τήν</span> <span class='ocrx_word' id='word_1_580' title='bbox 3489 3274 3716 3352; x_wconf 71' lang='grc' dir='ltr'>πληγήν</span> 
     </span>
    </p>
   </div>
   <div class='ocr_carea' id='block_1_82' title="bbox 2059 3357 3720 3445">
    <p class='ocr_par' dir='ltr' id='par_1_82' title="bbox 2059 3357 3720 3445">
     <span class='ocr_line' id='line_1_83' title="bbox 2059 3357 3720 3445; baseline 0.004 -29"><span class='ocrx_word' id='word_1_581' title='bbox 2059 3359 2674 3439; x_wconf 75' lang='grc' dir='ltr'>ἑνέγκωμεν.Ἕτοιμοι</span> <span class='ocrx_word' id='word_1_582' title='bbox 2708 3360 2800 3417; x_wconf 78' lang='grc' dir='ltr'>οὗν</span> <span class='ocrx_word' id='word_1_583' title='bbox 2839 3357 2991 3426; x_wconf 72' lang='grc' dir='ltr'>ὄντες</span> <span class='ocrx_word' id='word_1_584' title='bbox 3049 3362 3101 3418; x_wconf 78' lang='grc' dir='ltr'>έν</span> <span class='ocrx_word' id='word_1_585' title='bbox 3160 3363 3363 3438; x_wconf 81' lang='grc' dir='ltr'>τούτῳ,</span> <span class='ocrx_word' id='word_1_586' title='bbox 3426 3365 3512 3445; x_wconf 73' lang='grc' dir='ltr'>ὑφ’</span> <span class='ocrx_word' id='word_1_587' title='bbox 3564 3365 3720 3440; x_wconf 79' lang='grc' dir='ltr'>ὑμῶν</span> 
     </span>
    </p>
   </div>
   <div class='ocr_carea' id='block_1_83' title="bbox 2060 3444 3719 3532">
    <p class='ocr_par' dir='ltr' id='par_1_83' title="bbox 2060 3444 3719 3532">
     <span class='ocr_line' id='line_1_84' title="bbox 2060 3444 3719 3532; baseline 0.003 -27"><span class='ocrx_word' id='word_1_588' title='bbox 2060 3449 2260 3523; x_wconf 74' lang='grc' dir='ltr'>ἀναμὶξ</span> <span class='ocrx_word' id='word_1_589' title='bbox 2292 3444 2462 3505; x_wconf 80' lang='grc' dir='ltr'>ὄντων</span> <span class='ocrx_word' id='word_1_590' title='bbox 2496 3448 2848 3523; x_wconf 73' lang='grc' dir='ltr'>κωλυόμεθα.</span> <span class='ocrx_word' id='word_1_591' title='bbox 2883 3451 2987 3507; x_wconf 76' lang='grc' dir='ltr'>Καὶ</span> <span class='ocrx_word' id='word_1_592' title='bbox 3047 3449 3149 3526; x_wconf 79' lang='grc' dir='ltr'>γάρ</span> <span class='ocrx_word' id='word_1_593' title='bbox 3210 3449 3329 3515; x_wconf 79' lang='grc' dir='ltr'>δέος</span> <span class='ocrx_word' id='word_1_594' title='bbox 3387 3453 3519 3527; x_wconf 70' lang='grc' dir='ltr'>ἐστὶ,</span> <span class='ocrx_word' id='word_1_595' title='bbox 3560 3456 3719 3532; x_wconf 73' lang='grc' dir='ltr'>φησί,</span> 
     </span>
    </p>
   </div>
   <div class='ocr_carea' id='block_1_84' title="bbox 2064 3537 3719 3619">
    <p class='ocr_par' dir='ltr' id='par_1_84' title="bbox 2064 3537 3719 3619">
     <span class='ocr_line' id='line_1_85' title="bbox 2064 3537 3719 3619; baseline 0.004 -25"><span class='ocrx_word' id='word_1_596' title='bbox 2064 3541 2139 3613; x_wconf 75' lang='grc' dir='ltr'>μὴ</span> <span class='ocrx_word' id='word_1_597' title='bbox 2164 3539 2254 3595; x_wconf 86' lang='grc' dir='ltr'>καὶ</span> <span class='ocrx_word' id='word_1_598' title='bbox 2300 3540 2453 3613; x_wconf 81' lang='grc' dir='ltr'>ὑμῶν</span> <span class='ocrx_word' id='word_1_599' title='bbox 2488 3541 2697 3613; x_wconf 66' lang='grc' dir='ltr'>ἅψηται</span> <span class='ocrx_word' id='word_1_600' title='bbox 2728 3540 2762 3610; x_wconf 84' lang='grc' dir='ltr'>ἠ</span> <span class='ocrx_word' id='word_1_601' title='bbox 2792 3537 3012 3615; x_wconf 79' lang='grc' dir='ltr'>πληγή,</span> <span class='ocrx_word' id='word_1_602' title='bbox 3047 3539 3136 3596; x_wconf 78' lang='grc' dir='ltr'>διὰ</span> <span class='ocrx_word' id='word_1_603' title='bbox 3190 3542 3255 3597; x_wconf 81' lang='grc' dir='ltr'>τὸ</span> <span class='ocrx_word' id='word_1_604' title='bbox 3313 3543 3719 3619; x_wconf 76' lang='grc' dir='ltr'>ἀναμεμίχθαι.</span> 
     </span>
    </p>
   </div>
   <div class='ocr_carea' id='block_1_85' title="bbox 2059 3624 3717 3704">
    <p class='ocr_par' dir='ltr' id='par_1_85' title="bbox 2059 3624 3717 3704">
     <span class='ocr_line' id='line_1_86' title="bbox 2059 3624 3717 3704; baseline 0.004 -20"><span class='ocrx_word' id='word_1_605' title='bbox 2059 3631 2243 3685; x_wconf 85' lang='grc' dir='ltr'>Ταῦτα</span> <span class='ocrx_word' id='word_1_606' title='bbox 2303 3624 2360 3683; x_wconf 73' lang='grc' dir='ltr'>δὲ</span> <span class='ocrx_word' id='word_1_607' title='bbox 2416 3625 2617 3704; x_wconf 84' lang='grc' dir='ltr'>λέγων,</span> <span class='ocrx_word' id='word_1_608' title='bbox 2678 3627 2804 3690; x_wconf 78' lang='grc' dir='ltr'>τοὺς</span> <span class='ocrx_word' id='word_1_609' title='bbox 2876 3624 3359 3704; x_wconf 80' lang='grc' dir='ltr'>ψευδαποστόλους</span> <span class='ocrx_word' id='word_1_610' title='bbox 3426 3632 3717 3690; x_wconf 71' lang='grc' dir='ltr'>αἶνίττεται</span> 
     </span>
    </p>
   </div>
   <div class='ocr_carea' id='block_1_86' title="bbox 2059 3714 3719 3796">
    <p class='ocr_par' dir='ltr' id='par_1_86' title="bbox 2059 3714 3719 3796">
     <span class='ocr_line' id='line_1_87' title="bbox 2059 3714 3719 3796; baseline -0.002 -24"><span class='ocrx_word' id='word_1_611' title='bbox 2059 3717 2211 3780; x_wconf 80' lang='grc' dir='ltr'>ὅπως</span> <span class='ocrx_word' id='word_1_612' title='bbox 2241 3714 2670 3795; x_wconf 83' lang='grc' dir='ltr'>διορθώσωνται.</span> <span class='ocrx_word' id='word_1_613' title='bbox 2713 3744 2739 3771; x_wconf 89' lang='grc'><em>‹‹</em></span> <span class='ocrx_word' id='word_1_614' title='bbox 2770 3720 2938 3776; x_wconf 75' lang='grc' dir='ltr'>’Όταν</span> <span class='ocrx_word' id='word_1_615' title='bbox 2968 3718 3244 3796; x_wconf 79' lang='grc' dir='ltr'>πληρωθῇ</span> <span class='ocrx_word' id='word_1_616' title='bbox 3307 3722 3461 3796; x_wconf 76' lang='grc' dir='ltr'>ὑμῶν</span> <span class='ocrx_word' id='word_1_617' title='bbox 3514 3723 3548 3793; x_wconf 73' lang='grc' dir='ltr'><strong><em>ἦ</em></strong></span> <span class='ocrx_word' id='word_1_618' title='bbox 3613 3724 3719 3780; x_wconf 74' lang='grc' dir='ltr'>ΰπ-</span> 
     </span>
    </p>
   </div>
   <div class='ocr_carea' id='block_1_87' title="bbox 2058 3808 3724 3888">
    <p class='ocr_par' dir='ltr' id='par_1_87' title="bbox 2058 3808 3724 3888">
     <span class='ocr_line' id='line_1_88' title="bbox 2058 3808 3724 3888; baseline 0.003 -24"><span class='ocrx_word' id='word_1_619' title='bbox 2058 3810 2220 3880; x_wconf 87' lang='grc' dir='ltr'>ακοή.</span> <span class='ocrx_word' id='word_1_620' title='bbox 2280 3834 2303 3864; x_wconf 72' lang='grc' dir='ltr'>ι</span> <span class='ocrx_word' id='word_1_621' title='bbox 2362 3808 2691 3865; x_wconf 80' lang='grc' dir='ltr'>Ἐπακούετε</span> <span class='ocrx_word' id='word_1_622' title='bbox 2744 3808 2838 3883; x_wconf 73' lang='grc' dir='ltr'>μὲν</span> <span class='ocrx_word' id='word_1_623' title='bbox 2887 3812 3007 3880; x_wconf 86' lang='grc' dir='ltr'>νῦν,</span> <span class='ocrx_word' id='word_1_624' title='bbox 3065 3809 3254 3888; x_wconf 74' lang='grc' dir='ltr'>φησὶν,</span> <span class='ocrx_word' id='word_1_625' title='bbox 3313 3809 3441 3867; x_wconf 81' lang='grc' dir='ltr'>ἀλλ’</span> <span class='ocrx_word' id='word_1_626' title='bbox 3508 3811 3571 3867; x_wconf 82' lang='grc' dir='ltr'>οὗ</span> <span class='ocrx_word' id='word_1_627' title='bbox 3628 3834 3724 3869; x_wconf 79' lang='grc' dir='ltr'>τε·-</span> 
     </span>
    </p>
   </div>
   <div class='ocr_carea' id='block_1_88' title="bbox 2058 3895 3714 3976">
    <p class='ocr_par' dir='ltr' id='par_1_88' title="bbox 2058 3895 3714 3976">
     <span class='ocr_line' id='line_1_89' title="bbox 2058 3895 3714 3976; baseline 0.003 -24"><span class='ocrx_word' id='word_1_628' title='bbox 2058 3895 2244 3960; x_wconf 80' lang='grc' dir='ltr'>λείως.</span> <span class='ocrx_word' id='word_1_629' title='bbox 2281 3897 2374 3952; x_wconf 78' lang='grc' dir='ltr'>Διό</span> <span class='ocrx_word' id='word_1_630' title='bbox 2407 3919 2592 3976; x_wconf 76' lang='grc' dir='ltr'>φησιν,</span> <span class='ocrx_word' id='word_1_631' title='bbox 2629 3897 2840 3954; x_wconf 76' lang='grc' dir='ltr'>«⁸⁸οταν</span> <span class='ocrx_word' id='word_1_632' title='bbox 2868 3895 3144 3974; x_wconf 82' lang='grc' dir='ltr'>πληρωθῇ</span> <span class='ocrx_word' id='word_1_633' title='bbox 3178 3898 3334 3973; x_wconf 75' lang='grc' dir='ltr'>ὐμῶν</span> <span class='ocrx_word' id='word_1_634' title='bbox 3366 3901 3400 3972; x_wconf 80' lang='grc' dir='ltr'><strong>ἠ</strong></span> <span class='ocrx_word' id='word_1_635' title='bbox 3435 3900 3714 3973; x_wconf 76' lang='grc' dir='ltr'>ὗπακοή.»</span> 
     </span>
    </p>
   </div>
   <div class='ocr_carea' id='block_1_89' title="bbox 2056 3984 3713 4066">
    <p class='ocr_par' dir='ltr' id='par_1_89' title="bbox 2056 3984 3713 4066">
     <span class='ocr_line' id='line_1_90' title="bbox 2056 3984 3713 4066; baseline 0.005 -26"><span class='ocrx_word' id='word_1_636' title='bbox 2056 4010 2170 4039; x_wconf 89' lang='grc'>-‹‹</span> <span class='ocrx_word' id='word_1_637' title='bbox 2193 3986 2267 4041; x_wconf 84' lang='grc' dir='ltr'>Τὰ</span> <span class='ocrx_word' id='word_1_638' title='bbox 2297 3988 2434 4042; x_wconf 78' lang='grc' dir='ltr'>κατά</span> <span class='ocrx_word' id='word_1_639' title='bbox 2461 3988 2756 4062; x_wconf 86' lang='grc' dir='ltr'>πρόσωπον</span> <span class='ocrx_word' id='word_1_640' title='bbox 2788 3984 3020 4063; x_wconf 88' lang='grc' dir='ltr'>βλέπετε</span> <span class='ocrx_word' id='word_1_641' title='bbox 3044 4008 3058 4058; x_wconf 88' lang='grc'>;</span> <span class='ocrx_word' id='word_1_642' title='bbox 3084 3984 3387 4061; x_wconf 80' lang='grc' dir='ltr'>»Φοόήσας</span> <span class='ocrx_word' id='word_1_643' title='bbox 3402 3989 3535 4054; x_wconf 77' lang='grc' dir='ltr'>τοὺς</span> <span class='ocrx_word' id='word_1_644' title='bbox 3550 3988 3713 4066; x_wconf 74' lang='grc' dir='ltr'>ψευδο</span> 
     </span>
    </p>
   </div>
   <div class='ocr_carea' id='block_1_90' title="bbox 2058 4073 3714 4153">
    <p class='ocr_par' dir='ltr' id='par_1_90' title="bbox 2058 4073 3714 4153">
     <span class='ocr_line' id='line_1_91' title="bbox 2058 4073 3714 4153; baseline 0.004 -23"><span class='ocrx_word' id='word_1_645' title='bbox 2058 4073 2542 4146; x_wconf 85' lang='grc' dir='ltr'>αποστόλους,καὶ</span> <span class='ocrx_word' id='word_1_646' title='bbox 2579 4076 2769 4138; x_wconf 84' lang='grc' dir='ltr'>αὐτοῖς</span> <span class='ocrx_word' id='word_1_647' title='bbox 2815 4075 3012 4132; x_wconf 86' lang='grc' dir='ltr'>λοιπὸν</span> <span class='ocrx_word' id='word_1_648' title='bbox 3071 4076 3319 4153; x_wconf 79' lang='grc' dir='ltr'>ἐπιτιμᾷ,</span> <span class='ocrx_word' id='word_1_649' title='bbox 3370 4078 3714 4153; x_wconf 79' lang='grc' dir='ltr'>ἐπιπληκτι-</span> 
     </span>
    </p>
   </div>
   <div class='ocr_carea' id='block_1_91' title="bbox 2057 4162 3713 4248">
    <p class='ocr_par' dir='ltr' id='par_1_91' title="bbox 2057 4162 3713 4248">
     <span class='ocr_line' id='line_1_92' title="bbox 2057 4162 3713 4248; baseline 0.002 -27"><span class='ocrx_word' id='word_1_650' title='bbox 2057 4164 2294 4241; x_wconf 86' lang='grc' dir='ltr'>κώτερον</span> <span class='ocrx_word' id='word_1_651' title='bbox 2327 4165 2514 4228; x_wconf 80' lang='grc' dir='ltr'>αὐτοῖς</span> <span class='ocrx_word' id='word_1_652' title='bbox 2548 4162 2956 4240; x_wconf 82' lang='grc' dir='ltr'>διαλεγόμενος.</span> <span class='ocrx_word' id='word_1_653' title='bbox 2992 4191 3020 4219; x_wconf 89' lang='grc'>‹‹</span> <span class='ocrx_word' id='word_1_654' title='bbox 3060 4168 3143 4225; x_wconf 84' lang='grc' dir='ltr'>Τά</span> <span class='ocrx_word' id='word_1_655' title='bbox 3202 4168 3336 4224; x_wconf 86' lang='grc' dir='ltr'>κατά</span> <span class='ocrx_word' id='word_1_656' title='bbox 3392 4170 3713 4248; x_wconf 86' lang='grc' dir='ltr'>πρόσωπον,</span> 
     </span>
    </p>
   </div>
   <div class='ocr_carea' id='block_1_92' title="bbox 2058 4252 3709 4337">
    <p class='ocr_par' dir='ltr' id='par_1_92' title="bbox 2058 4252 3709 4337">
     <span class='ocr_line' id='line_1_93' title="bbox 2058 4252 3709 4337; baseline 0.004 -28"><span class='ocrx_word' id='word_1_657' title='bbox 2058 4254 2211 4336; x_wconf 77' lang='grc' dir='ltr'>φησὶ,</span> <span class='ocrx_word' id='word_1_658' title='bbox 2248 4253 2529 4331; x_wconf 82' lang='grc' dir='ltr'>βλέπετε;</span> <span class='ocrx_word' id='word_1_659' title='bbox 2576 4280 2606 4308; x_wconf 84' lang='grc'><strong>››</strong></span> <span class='ocrx_word' id='word_1_660' title='bbox 2663 4252 2976 4327; x_wconf 83' lang='grc' dir='ltr'>Τουτέστιν,</span> <span class='ocrx_word' id='word_1_661' title='bbox 3037 4257 3141 4313; x_wconf 82' lang='grc' dir='ltr'>ἀπὸ</span> <span class='ocrx_word' id='word_1_662' title='bbox 3198 4263 3305 4315; x_wconf 84' lang='grc' dir='ltr'>τῶν</span> <span class='ocrx_word' id='word_1_663' title='bbox 3374 4261 3709 4337; x_wconf 74' lang='grc' dir='ltr'>φαινομένων</span> 
     </span>
    </p>
   </div>
   <div class='ocr_carea' id='block_1_93' title="bbox 2055 4342 3716 4424">
    <p class='ocr_par' dir='ltr' id='par_1_93' title="bbox 2055 4342 3716 4424">
     <span class='ocr_line' id='line_1_94' title="bbox 2055 4342 3716 4424; baseline 0.002 -23"><span class='ocrx_word' id='word_1_664' title='bbox 2055 4345 2287 4421; x_wconf 80' lang='grc' dir='ltr'>κρίνετε,</span> <span class='ocrx_word' id='word_1_665' title='bbox 2324 4346 2440 4400; x_wconf 77' lang='grc' dir='ltr'>οἷον</span> <span class='ocrx_word' id='word_1_666' title='bbox 2474 4345 2524 4400; x_wconf 73' lang='grc' dir='ltr'>εἷ’</span> <span class='ocrx_word' id='word_1_667' title='bbox 2550 4366 2633 4407; x_wconf 88' lang='grc' dir='ltr'>τις</span> <span class='ocrx_word' id='word_1_668' title='bbox 2666 4342 2915 4418; x_wconf 79' lang='grc' dir='ltr'>πλουτεῖ,</span> <span class='ocrx_word' id='word_1_669' title='bbox 2951 4345 3001 4402; x_wconf 81' lang='grc' dir='ltr'>εἲ</span> <span class='ocrx_word' id='word_1_670' title='bbox 3057 4368 3140 4412; x_wconf 90' lang='grc' dir='ltr'>τις</span> <span class='ocrx_word' id='word_1_671' title='bbox 3193 4346 3495 4424; x_wconf 72' lang='grc' dir='ltr'>ἐπαίρεται,</span> <span class='ocrx_word' id='word_1_672' title='bbox 3526 4348 3583 4406; x_wconf 78' lang='grc' dir='ltr'>εἴ</span> <span class='ocrx_word' id='word_1_673' title='bbox 3629 4370 3716 4414; x_wconf 90' lang='grc' dir='ltr'>τις</span> 
     </span>
    </p>
   </div>
   <div class='ocr_carea' id='block_1_94' title="bbox 2061 4433 3707 4514">
    <p class='ocr_par' dir='ltr' id='par_1_94' title="bbox 2061 4433 3707 4514">
     <span class='ocr_line' id='line_1_95' title="bbox 2061 4433 3707 4514; baseline 0.002 -24"><span class='ocrx_word' id='word_1_674' title='bbox 2061 4434 2425 4512; x_wconf 63' lang='grc' dir='ltr'>μεγαλαυχεῖ,</span> <span class='ocrx_word' id='word_1_675' title='bbox 2480 4433 2533 4489; x_wconf 74' lang='grc' dir='ltr'>εἷ’</span> <span class='ocrx_word' id='word_1_676' title='bbox 2574 4455 2658 4498; x_wconf 92' lang='grc' dir='ltr'>τις</span> <span class='ocrx_word' id='word_1_677' title='bbox 2721 4436 2919 4510; x_wconf 79' lang='grc' dir='ltr'>ἀρετῆς</span> <span class='ocrx_word' id='word_1_678' title='bbox 2982 4442 3329 4514; x_wconf 83' lang='grc' dir='ltr'>προσωπεῖον</span> <span class='ocrx_word' id='word_1_679' title='bbox 3387 4438 3707 4513; x_wconf 85' lang='grc' dir='ltr'>περίκειται.</span> 
     </span>
    </p>
   </div>
   <div class='ocr_carea' id='block_1_95' title="bbox 2057 4523 3707 4602">
    <p class='ocr_par' dir='ltr' id='par_1_95' title="bbox 2057 4523 3707 4602">
     <span class='ocr_line' id='line_1_96' title="bbox 2057 4523 3707 4602; baseline 0.001 -19"><span class='ocrx_word' id='word_1_680' title='bbox 2057 4526 2209 4583; x_wconf 80' lang='grc' dir='ltr'>Κατά</span> <span class='ocrx_word' id='word_1_681' title='bbox 2239 4524 2503 4601; x_wconf 77' lang='grc' dir='ltr'>ἐρώτησιν</span> <span class='ocrx_word' id='word_1_682' title='bbox 2536 4523 2932 4599; x_wconf 82' lang='grc' dir='ltr'>ἀναγνωστέον.</span> <span class='ocrx_word' id='word_1_683' title='bbox 2985 4559 3050 4569; x_wconf 88' lang='grc'><strong>-</strong></span> <span class='ocrx_word' id='word_1_684' title='bbox 3110 4528 3322 4600; x_wconf 61' lang='lat' dir='ltr'>[ei-£013.</span> <span class='ocrx_word' id='word_1_685' title='bbox 3384 4529 3707 4602; x_wconf 60' lang='lat' dir='ltr'>TENNAAJ</span> 
     </span>
    </p>
   </div>
   <div class='ocr_carea' id='block_1_96' title="bbox 299 4606 1952 4696">
    <p class='ocr_par' dir='ltr' id='par_1_96' title="bbox 299 4606 1945 4696">
     <span class='ocr_line' id='line_1_97' title="bbox 299 4606 1945 4696; baseline 0.001 -19"><span class='ocrx_word' id='word_1_686' title='bbox 299 4623 446 4694; x_wconf 90' lang='lat' dir='ltr'>quit,</span> <span class='ocrx_word' id='word_1_687' title='bbox 479 4606 973 4695; x_wconf 79' lang='lat' dir='ltr'>unumquemque</span> <span class='ocrx_word' id='word_1_688' title='bbox 1004 4606 1275 4678; x_wconf 85' lang='lat' dir='ltr'>nostrum</span> <span class='ocrx_word' id='word_1_689' title='bbox 1303 4623 1505 4688; x_wconf 89' lang='lat' dir='ltr'>vultis,</span> <span class='ocrx_word' id='word_1_690' title='bbox 1536 4629 1594 4678; x_wconf 89' lang='lat' dir='ltr'>et</span> <span class='ocrx_word' id='word_1_691' title='bbox 1623 4639 1757 4695; x_wconf 70' lang='lat' dir='ltr'>quas</span> <span class='ocrx_word' id='word_1_692' title='bbox 1786 4623 1945 4696; x_wconf 89' lang='lat' dir='ltr'>apud</span> 
     </span>
    </p>
   </div>
   <div class='ocr_carea' id='block_1_97' title="bbox 2064 4606 3710 4696">
    <p class='ocr_par' dir='ltr' id='par_1_97' title="bbox 2064 4613 3710 4696">
     <span class='ocr_line' id='line_1_98' title="bbox 2064 4613 3710 4696; baseline 0.001 -21"><span class='ocrx_word' id='word_1_693' title='bbox 2064 4618 2403 4691; x_wconf 69' lang='grc' dir='ltr'>Δοκιμάζειν,</span> <span class='ocrx_word' id='word_1_694' title='bbox 2436 4613 2879 4696; x_wconf 71' lang='grc' dir='ltr'>φησὶν,ἓκαστον</span> <span class='ocrx_word' id='word_1_695' title='bbox 2935 4618 3098 4691; x_wconf 79' lang='grc' dir='ltr'>ἡμῶν</span> <span class='ocrx_word' id='word_1_696' title='bbox 3159 4616 3439 4695; x_wconf 78' lang='grc' dir='ltr'>βούλεσθε,</span> <span class='ocrx_word' id='word_1_697' title='bbox 3501 4621 3589 4676; x_wconf 81' lang='grc' dir='ltr'>καὶ</span> <span class='ocrx_word' id='word_1_698' title='bbox 3642 4621 3710 4676; x_wconf 83' lang='grc' dir='ltr'>τά</span> 
     </span>
    </p>
   </div>
   <div class='ocr_carea' id='block_1_98' title="bbox 294 4712 1944 4788">
    <p class='ocr_par' dir='ltr' id='par_1_98' title="bbox 294 4712 1944 4788">
     <span class='ocr_line' id='line_1_99' title="bbox 294 4712 1944 4788; baseline 0.001 -20"><span class='ocrx_word' id='word_1_699' title='bbox 294 4730 406 4769; x_wconf 89' lang='lat' dir='ltr'>nos</span> <span class='ocrx_word' id='word_1_700' title='bbox 437 4721 577 4769; x_wconf 88' lang='lat' dir='ltr'>sunt</span> <span class='ocrx_word' id='word_1_701' title='bbox 606 4714 962 4786; x_wconf 86' lang='lat' dir='ltr'>investigare</span> <span class='ocrx_word' id='word_1_702' title='bbox 991 4712 1019 4769; x_wconf 85' lang='lat'><strong>?</strong></span> <span class='ocrx_word' id='word_1_703' title='bbox 1067 4713 1251 4788; x_wconf 78' lang='lat' dir='ltr'>Igitur</span> <span class='ocrx_word' id='word_1_704' title='bbox 1294 4731 1429 4769; x_wconf 89' lang='lat' dir='ltr'>cum</span> <span class='ocrx_word' id='word_1_705' title='bbox 1483 4713 1794 4787; x_wconf 78' lang='lat' dir='ltr'>diligentia</span> <span class='ocrx_word' id='word_1_706' title='bbox 1832 4714 1944 4769; x_wconf 92' lang='lat' dir='ltr'>hoc</span> 
     </span>
    </p>
   </div>
   <div class='ocr_carea' id='block_1_99' title="bbox 293 4804 1942 4876">
    <p class='ocr_par' dir='ltr' id='par_1_99' title="bbox 293 4804 1942 4876">
     <span class='ocr_line' id='line_1_100' title="bbox 293 4804 1942 4876; baseline 0.001 -18"><span class='ocrx_word' id='word_1_707' title='bbox 293 4804 490 4860; x_wconf 88' lang='lat' dir='ltr'>facite.</span> <span class='ocrx_word' id='word_1_708' title='bbox 512 4805 623 4859; x_wconf 87' lang='lat' dir='ltr'>Per</span> <span class='ocrx_word' id='word_1_709' title='bbox 647 4804 1107 4876; x_wconf 86' lang='lat' dir='ltr'>increpatoriam</span> <span class='ocrx_word' id='word_1_710' title='bbox 1132 4804 1577 4861; x_wconf 88' lang='lat' dir='ltr'>simulationem</span> <span class='ocrx_word' id='word_1_711' title='bbox 1599 4804 1712 4861; x_wconf 91' lang='lat' dir='ltr'>hoc</span> <span class='ocrx_word' id='word_1_712' title='bbox 1742 4804 1942 4876; x_wconf 82' lang='lat' dir='ltr'>legen-</span> 
     </span>
    </p>
   </div>
   <div class='ocr_carea' id='block_1_100' title="bbox 299 4888 1944 4968">
    <p class='ocr_par' dir='ltr' id='par_1_100' title="bbox 299 4888 1944 4968">
     <span class='ocr_line' id='line_1_101' title="bbox 299 4888 1944 4968; baseline 0 -20"><span class='ocrx_word' id='word_1_713' title='bbox 299 4893 439 4948; x_wconf 82' lang='lat' dir='ltr'>dum</span> <span class='ocrx_word' id='word_1_714' title='bbox 471 4900 595 4949; x_wconf 86' lang='lat' dir='ltr'>est:</span> <span class='ocrx_word' id='word_1_715' title='bbox 630 4895 742 4950; x_wconf 92' lang='lat' dir='ltr'>hoc</span> <span class='ocrx_word' id='word_1_716' title='bbox 773 4902 881 4960; x_wconf 90' lang='lat' dir='ltr'>est,</span> <span class='ocrx_word' id='word_1_717' title='bbox 921 4912 1040 4951; x_wconf 90' lang='lat' dir='ltr'>non</span> <span class='ocrx_word' id='word_1_718' title='bbox 1073 4912 1144 4949; x_wconf 86' lang='lat' dir='ltr'>ex</span> <span class='ocrx_word' id='word_1_719' title='bbox 1173 4896 1437 4952; x_wconf 85' lang='lat' dir='ltr'>veritatis</span> <span class='ocrx_word' id='word_1_720' title='bbox 1481 4896 1780 4968; x_wconf 87' lang='lat' dir='ltr'>operibus,</span> <span class='ocrx_word' id='word_1_721' title='bbox 1840 4888 1944 4949; x_wconf 88' lang='lat' dir='ltr'>sed</span> 
     </span>
    </p>
   </div>
   <div class='ocr_carea' id='block_1_101' title="bbox 298 4981 1947 5057">
    <p class='ocr_par' dir='ltr' id='par_1_101' title="bbox 298 4981 1947 5057">
     <span class='ocr_line' id='line_1_102' title="bbox 298 4981 1947 5057; baseline 0.001 -20"><span class='ocrx_word' id='word_1_722' title='bbox 298 4998 370 5037; x_wconf 85' lang='lat' dir='ltr'>ex</span> <span class='ocrx_word' id='word_1_723' title='bbox 401 4981 496 5036; x_wconf 89' lang='lat' dir='ltr'>his</span> <span class='ocrx_word' id='word_1_724' title='bbox 527 4999 658 5052; x_wconf 57' lang='lat' dir='ltr'>quas</span> <span class='ocrx_word' id='word_1_725' title='bbox 688 4989 991 5055; x_wconf 89' lang='lat' dir='ltr'>utcunque</span> <span class='ocrx_word' id='word_1_726' title='bbox 1020 4984 1085 5039; x_wconf 89' lang='lat' dir='ltr'>in</span> <span class='ocrx_word' id='word_1_727' title='bbox 1116 4985 1430 5056; x_wconf 84' lang='lat' dir='ltr'>superficie</span> <span class='ocrx_word' id='word_1_728' title='bbox 1460 4988 1750 5057; x_wconf 87' lang='lat' dir='ltr'>apparent</span> <span class='ocrx_word' id='word_1_729' title='bbox 1778 4983 1947 5038; x_wconf 89' lang='lat' dir='ltr'>inve-</span> 
     </span>
    </p>
   </div>
   <div class='ocr_carea' id='block_1_102' title="bbox 298 5071 1946 5151">
    <p class='ocr_par' dir='ltr' id='par_1_102' title="bbox 298 5071 1946 5151">
     <span class='ocr_line' id='line_1_103' title="bbox 298 5071 1946 5151; baseline 0.002 -27"><span class='ocrx_word' id='word_1_730' title='bbox 298 5071 676 5143; x_wconf 79' lang='lat' dir='ltr'>stigationem</span> <span class='ocrx_word' id='word_1_731' title='bbox 708 5074 976 5144; x_wconf 88' lang='lat' dir='ltr'>accipitis</span> <span class='ocrx_word' id='word_1_732' title='bbox 1004 5074 1031 5128; x_wconf 67' lang='lat'>‘2</span> <span class='ocrx_word' id='word_1_733' title='bbox 1059 5094 1088 5121; x_wconf 89' lang='grc'><em>‹‹</em></span> <span class='ocrx_word' id='word_1_734' title='bbox 1120 5072 1178 5127; x_wconf 92' lang='lat' dir='ltr'>Si</span> <span class='ocrx_word' id='word_1_735' title='bbox 1236 5075 1369 5146; x_wconf 89' lang='lat' dir='ltr'>quis</span> <span class='ocrx_word' id='word_1_736' title='bbox 1426 5073 1497 5129; x_wconf 90' lang='lat' dir='ltr'>de</span> <span class='ocrx_word' id='word_1_737' title='bbox 1552 5073 1747 5151; x_wconf 88' lang='lat' dir='ltr'>seipso</span> <span class='ocrx_word' id='word_1_738' title='bbox 1806 5088 1946 5128; x_wconf 88' lang='lat' dir='ltr'>con-</span> 
     </span>
    </p>
   </div>
   <div class='ocr_carea' id='block_1_103' title="bbox 298 5157 1947 5235">
    <p class='ocr_par' dir='ltr' id='par_1_103' title="bbox 298 5157 1947 5235">
     <span class='ocr_line' id='line_1_104' title="bbox 298 5157 1947 5235; baseline 0.002 -23"><span class='ocrx_word' id='word_1_739' title='bbox 298 5157 428 5213; x_wconf 81' lang='lat' dir='ltr'>fidit</span> <span class='ocrx_word' id='word_1_740' title='bbox 476 5159 635 5229; x_wconf 90' lang='lat' dir='ltr'>quod</span> <span class='ocrx_word' id='word_1_741' title='bbox 692 5162 909 5217; x_wconf 78' lang='lat' dir='ltr'>Christi</span> <span class='ocrx_word' id='word_1_742' title='bbox 967 5162 1062 5216; x_wconf 90' lang='lat' dir='ltr'>sit.</span> <span class='ocrx_word' id='word_1_743' title='bbox 1127 5184 1153 5211; x_wconf 67' lang='grc' dir='ltr'><strong><em>κ</em></strong></span> <span class='ocrx_word' id='word_1_744' title='bbox 1211 5163 1443 5219; x_wconf 87' lang='lat' dir='ltr'>Etenim</span> <span class='ocrx_word' id='word_1_745' title='bbox 1502 5160 1947 5235; x_wconf 83' lang='lat' dir='ltr'>pseudapostoli</span> 
     </span>
    </p>
   </div>
   <div class='ocr_carea' id='block_1_104' title="bbox 298 5250 1945 5323">
    <p class='ocr_par' dir='ltr' id='par_1_104' title="bbox 298 5250 1945 5323">
     <span class='ocr_line' id='line_1_105' title="bbox 298 5250 1945 5323; baseline 0.001 -20"><span class='ocrx_word' id='word_1_746' title='bbox 298 5264 536 5320; x_wconf 90' lang='lat' dir='ltr'>quoque</span> <span class='ocrx_word' id='word_1_747' title='bbox 572 5256 854 5321; x_wconf 87' lang='lat' dir='ltr'>tanquam</span> <span class='ocrx_word' id='word_1_748' title='bbox 893 5250 1107 5305; x_wconf 88' lang='lat' dir='ltr'>Christi</span> <span class='ocrx_word' id='word_1_749' title='bbox 1167 5259 1368 5308; x_wconf 89' lang='lat' dir='ltr'>essent</span> <span class='ocrx_word' id='word_1_750' title='bbox 1419 5267 1548 5307; x_wconf 89' lang='lat' dir='ltr'>sese</span> <span class='ocrx_word' id='word_1_751' title='bbox 1588 5250 1945 5323; x_wconf 87' lang='lat' dir='ltr'>jactabant:</span> 
     </span>
    </p>
   </div>
   <div class='ocr_carea' id='block_1_105' title="bbox 301 5338 1943 5414">
    <p class='ocr_par' dir='ltr' id='par_1_105' title="bbox 301 5338 1943 5414">
     <span class='ocr_line' id='line_1_106' title="bbox 301 5338 1943 5414; baseline 0.004 -24"><span class='ocrx_word' id='word_1_752' title='bbox 301 5360 331 5388; x_wconf 82' lang='grc' dir='ltr'>(ι</span> <span class='ocrx_word' id='word_1_753' title='bbox 360 5338 516 5393; x_wconf 87' lang='lat' dir='ltr'>Illud</span> <span class='ocrx_word' id='word_1_754' title='bbox 546 5356 782 5395; x_wconf 89' lang='lat' dir='ltr'>rursum</span> <span class='ocrx_word' id='word_1_755' title='bbox 815 5341 1147 5412; x_wconf 86' lang='lat' dir='ltr'>perpendat</span> <span class='ocrx_word' id='word_1_756' title='bbox 1178 5360 1211 5397; x_wconf 90' lang='lat' dir='ltr'>a</span> <span class='ocrx_word' id='word_1_757' title='bbox 1242 5343 1459 5414; x_wconf 88' lang='lat' dir='ltr'>seipso.</span> <span class='ocrx_word' id='word_1_758' title='bbox 1494 5364 1522 5392; x_wconf 84' lang='grc'><strong>››</strong></span> <span class='ocrx_word' id='word_1_759' title='bbox 1567 5340 1627 5397; x_wconf 92' lang='lat' dir='ltr'>Si</span> <span class='ocrx_word' id='word_1_760' title='bbox 1677 5341 1943 5409; x_wconf 89' lang='lat' dir='ltr'>omnino,</span> 
     </span>
    </p>
   </div>
   <div class='ocr_carea' id='block_1_106' title="bbox 300 5429 1949 5502">
    <p class='ocr_par' dir='ltr' id='par_1_106' title="bbox 300 5429 1949 5502">
     <span class='ocr_line' id='line_1_107' title="bbox 300 5429 1949 5502; baseline 0.002 -20"><span class='ocrx_word' id='word_1_761' title='bbox 300 5429 515 5500; x_wconf 87' lang='lat' dir='ltr'>inquit,</span> <span class='ocrx_word' id='word_1_762' title='bbox 541 5429 1035 5501; x_wconf 81' lang='lat' dir='ltr'>particepsl‘uerit</span> <span class='ocrx_word' id='word_1_763' title='bbox 1058 5432 1260 5502; x_wconf 80' lang='lat' dir='ltr'>gratiae</span> <span class='ocrx_word' id='word_1_764' title='bbox 1288 5446 1420 5502; x_wconf 70' lang='lat' dir='ltr'>quas</span> <span class='ocrx_word' id='word_1_765' title='bbox 1451 5447 1486 5485; x_wconf 87' lang='lat' dir='ltr'>a</span> <span class='ocrx_word' id='word_1_766' title='bbox 1513 5429 1745 5485; x_wconf 89' lang='lat' dir='ltr'>Christo</span> <span class='ocrx_word' id='word_1_767' title='bbox 1773 5434 1882 5497; x_wconf 89' lang='lat' dir='ltr'>est,</span> <span class='ocrx_word' id='word_1_768' title='bbox 1913 5445 1949 5485; x_wconf 84' lang='lat' dir='ltr'>a</span> 
     </span>
    </p>
   </div>
   <div class='ocr_carea' id='block_1_107' title="bbox 302 5518 1947 5593">
    <p class='ocr_par' dir='ltr' id='par_1_107' title="bbox 302 5518 1947 5593">
     <span class='ocr_line' id='line_1_108' title="bbox 302 5518 1947 5593; baseline 0.002 -20"><span class='ocrx_word' id='word_1_769' title='bbox 302 5518 498 5591; x_wconf 89' lang='lat' dir='ltr'>seipso</span> <span class='ocrx_word' id='word_1_770' title='bbox 521 5519 841 5590; x_wconf 86' lang='lat' dir='ltr'>existimet,</span> <span class='ocrx_word' id='word_1_771' title='bbox 866 5525 925 5575; x_wconf 92' lang='lat' dir='ltr'>et</span> <span class='ocrx_word' id='word_1_772' title='bbox 947 5537 1069 5576; x_wconf 91' lang='lat' dir='ltr'>non</span> <span class='ocrx_word' id='word_1_773' title='bbox 1089 5525 1391 5593; x_wconf 84' lang='lat' dir='ltr'>exspectet</span> <span class='ocrx_word' id='word_1_774' title='bbox 1431 5525 1497 5576; x_wconf 91' lang='lat' dir='ltr'>ut</span> <span class='ocrx_word' id='word_1_775' title='bbox 1539 5537 1646 5593; x_wconf 90' lang='lat' dir='ltr'>per</span> <span class='ocrx_word' id='word_1_776' title='bbox 1673 5520 1947 5593; x_wconf 87' lang='lat' dir='ltr'>increpa-</span> 
     </span>
    </p>
   </div>
   <div class='ocr_carea' id='block_1_108' title="bbox 302 5607 1940 5668">
    <p class='ocr_par' dir='ltr' id='par_1_108' title="bbox 302 5607 1940 5668">
     <span class='ocr_line' id='line_1_109' title="bbox 302 5607 1940 5668; baseline 0.001 -6"><span class='ocrx_word' id='word_1_777' title='bbox 302 5608 529 5664; x_wconf 90' lang='lat' dir='ltr'>tionem</span> <span class='ocrx_word' id='word_1_778' title='bbox 552 5625 586 5664; x_wconf 90' lang='lat' dir='ltr'>a</span> <span class='ocrx_word' id='word_1_779' title='bbox 607 5607 780 5666; x_wconf 89' lang='lat' dir='ltr'>nobis</span> <span class='ocrx_word' id='word_1_780' title='bbox 797 5608 954 5665; x_wconf 92' lang='lat' dir='ltr'>dicat</span> <span class='ocrx_word' id='word_1_781' title='bbox 977 5625 990 5668; x_wconf 87' lang='lat'><strong>:</strong></span> <span class='ocrx_word' id='word_1_782' title='bbox 1017 5632 1046 5660; x_wconf 77' lang='grc' dir='ltr'>α</span> <span class='ocrx_word' id='word_1_783' title='bbox 1074 5611 1161 5666; x_wconf 88' lang='lat' dir='ltr'>Ita</span> <span class='ocrx_word' id='word_1_784' title='bbox 1183 5615 1239 5665; x_wconf 89' lang='lat' dir='ltr'>et</span> <span class='ocrx_word' id='word_1_785' title='bbox 1258 5626 1367 5664; x_wconf 88' lang='lat' dir='ltr'>nos</span> <span class='ocrx_word' id='word_1_786' title='bbox 1390 5610 1605 5665; x_wconf 88' lang='lat' dir='ltr'>Christi</span> <span class='ocrx_word' id='word_1_787' title='bbox 1656 5624 1881 5666; x_wconf 88' lang='lat' dir='ltr'>sumus.</span> <span class='ocrx_word' id='word_1_788' title='bbox 1917 5633 1940 5664; x_wconf 75' lang='grc' dir='ltr'>ι</span> 
     </span>
    </p>
   </div>
   <div class='ocr_carea' id='block_1_109' title="bbox 301 5694 1946 5771">
    <p class='ocr_par' dir='ltr' id='par_1_109' title="bbox 301 5694 1946 5771">
     <span class='ocr_line' id='line_1_110' title="bbox 301 5694 1946 5771; baseline 0.004 -20"><span class='ocrx_word' id='word_1_789' title='bbox 301 5696 569 5768; x_wconf 88' lang='lat' dir='ltr'>Interim,</span> <span class='ocrx_word' id='word_1_790' title='bbox 602 5694 817 5771; x_wconf 85' lang='lat' dir='ltr'>inquit,</span> <span class='ocrx_word' id='word_1_791' title='bbox 840 5700 1153 5757; x_wconf 89' lang='lat' dir='ltr'>nobiscum</span> <span class='ocrx_word' id='word_1_792' title='bbox 1185 5701 1589 5755; x_wconf 87' lang='lat' dir='ltr'>communicat</span> <span class='ocrx_word' id='word_1_793' title='bbox 1643 5705 1702 5756; x_wconf 90' lang='lat' dir='ltr'>et</span> <span class='ocrx_word' id='word_1_794' title='bbox 1756 5699 1946 5757; x_wconf 89' lang='lat' dir='ltr'>nihilo</span> 
     </span>
    </p>
   </div>
   <div class='ocr_carea' id='block_1_110' title="bbox 2054 4704 3708 4786">
    <p class='ocr_par' dir='ltr' id='par_1_110' title="bbox 2054 4704 3708 4786">
     <span class='ocr_line' id='line_1_111' title="bbox 2054 4704 3708 4786; baseline 0.002 -26"><span class='ocrx_word' id='word_1_795' title='bbox 2054 4711 2173 4773; x_wconf 81' lang='grc' dir='ltr'>καθ’</span> <span class='ocrx_word' id='word_1_796' title='bbox 2227 4708 2376 4780; x_wconf 77' lang='grc' dir='ltr'>ἡμᾶς</span> <span class='ocrx_word' id='word_1_797' title='bbox 2434 4704 2747 4777; x_wconf 78' lang='grc' dir='ltr'>ἐξετάζεινς</span> <span class='ocrx_word' id='word_1_798' title='bbox 2798 4707 3011 4764; x_wconf 80' lang='grc' dir='ltr'>Οὐκοῦν</span> <span class='ocrx_word' id='word_1_799' title='bbox 3087 4707 3180 4763; x_wconf 79' lang='grc' dir='ltr'>σὺν</span> <span class='ocrx_word' id='word_1_800' title='bbox 3240 4704 3489 4786; x_wconf 77' lang='grc' dir='ltr'>ἀκριϐείᾳ</span> <span class='ocrx_word' id='word_1_801' title='bbox 3543 4713 3708 4767; x_wconf 90' lang='grc' dir='ltr'>τοῦτο</span> 
     </span>
    </p>
   </div>
   <div class='ocr_carea' id='block_1_111' title="bbox 2053 4787 3708 4873">
    <p class='ocr_par' dir='ltr' id='par_1_111' title="bbox 2053 4795 3708 4873">
     <span class='ocr_line' id='line_1_112' title="bbox 2053 4795 3708 4873; baseline -0.001 -20"><span class='ocrx_word' id='word_1_802' title='bbox 2053 4796 2520 4868; x_wconf 71' lang='grc' dir='ltr'>ποιήσατε.Κατά</span> <span class='ocrx_word' id='word_1_803' title='bbox 2563 4795 2952 4869; x_wconf 79' lang='grc' dir='ltr'>ἐπιτιμητικὴν</span> <span class='ocrx_word' id='word_1_804' title='bbox 3019 4796 3304 4873; x_wconf 77' lang='grc' dir='ltr'>ὑπόκρισιν</span> <span class='ocrx_word' id='word_1_805' title='bbox 3360 4803 3521 4855; x_wconf 88' lang='grc' dir='ltr'>τοῦτο</span> <span class='ocrx_word' id='word_1_806' title='bbox 3582 4798 3708 4853; x_wconf 81' lang='grc' dir='ltr'>ἀνα-</span> 
     </span>
    </p>
   </div>
   <div class='ocr_carea' id='block_1_112' title="bbox 2053 4880 3707 4965">
    <p class='ocr_par' dir='ltr' id='par_1_112' title="bbox 2053 4880 3707 4965">
     <span class='ocr_line' id='line_1_113' title="bbox 2053 4880 3707 4965; baseline 0.001 -23"><span class='ocrx_word' id='word_1_807' title='bbox 2053 4888 2346 4963; x_wconf 88' lang='grc' dir='ltr'>γνωστέον.</span> <span class='ocrx_word' id='word_1_808' title='bbox 2382 4885 2532 4941; x_wconf 87' lang='grc' dir='ltr'>Ἀντὶ</span> <span class='ocrx_word' id='word_1_809' title='bbox 2561 4889 2679 4953; x_wconf 90' lang='grc' dir='ltr'>τοῦ,</span> <span class='ocrx_word' id='word_1_810' title='bbox 2709 4884 2819 4941; x_wconf 75' lang='grc' dir='ltr'>Οὐκ</span> <span class='ocrx_word' id='word_1_811' title='bbox 2848 4884 2907 4940; x_wconf 67' lang='grc' dir='ltr'>ἐκ</span> <span class='ocrx_word' id='word_1_812' title='bbox 2936 4892 3044 4942; x_wconf 82' lang='grc' dir='ltr'>τῶν</span> <span class='ocrx_word' id='word_1_813' title='bbox 3074 4880 3250 4965; x_wconf 72' lang='grc' dir='ltr'>ἔργων</span> <span class='ocrx_word' id='word_1_814' title='bbox 3289 4896 3389 4959; x_wconf 82' lang='grc' dir='ltr'>τῆς</span> <span class='ocrx_word' id='word_1_815' title='bbox 3447 4888 3707 4960; x_wconf 83' lang='grc' dir='ltr'>ἀληθείας</span> 
     </span>
    </p>
   </div>
   <div class='ocr_carea' id='block_1_113' title="bbox 2055 4972 3709 5054">
    <p class='ocr_par' dir='ltr' id='par_1_113' title="bbox 2055 4972 3709 5054">
     <span class='ocr_line' id='line_1_114' title="bbox 2055 4972 3709 5054; baseline 0.002 -23"><span class='ocrx_word' id='word_1_816' title='bbox 2055 4979 2154 5047; x_wconf 76' lang='grc' dir='ltr'>τὴν</span> <span class='ocrx_word' id='word_1_817' title='bbox 2211 4975 2472 5050; x_wconf 81' lang='grc' dir='ltr'>ἐξέτασιν,</span> <span class='ocrx_word' id='word_1_818' title='bbox 2530 4973 2592 5030; x_wconf 80' lang='grc' dir='ltr'>ἐκ</span> <span class='ocrx_word' id='word_1_819' title='bbox 2642 4972 2699 5030; x_wconf 75' lang='grc' dir='ltr'>δὲ</span> <span class='ocrx_word' id='word_1_820' title='bbox 2754 4979 2865 5031; x_wconf 84' lang='grc' dir='ltr'>τῶν</span> <span class='ocrx_word' id='word_1_821' title='bbox 2915 4974 3212 5047; x_wconf 78' lang='grc' dir='ltr'>ἐπιστολῆς</span> <span class='ocrx_word' id='word_1_822' title='bbox 3267 4976 3460 5041; x_wconf 81' lang='grc' dir='ltr'>ἁπλῶς</span> <span class='ocrx_word' id='word_1_823' title='bbox 3517 4989 3709 5054; x_wconf 78' lang='grc' dir='ltr'>φαινό-</span> 
     </span>
    </p>
   </div>
   <div class='ocr_carea' id='block_1_114' title="bbox 2060 5060 3707 5143">
    <p class='ocr_par' dir='ltr' id='par_1_114' title="bbox 2060 5060 3707 5143">
     <span class='ocr_line' id='line_1_115' title="bbox 2060 5060 3707 5143; baseline 0.001 -21"><span class='ocrx_word' id='word_1_824' title='bbox 2060 5067 2235 5141; x_wconf 87' lang='grc' dir='ltr'>μένων</span> <span class='ocrx_word' id='word_1_825' title='bbox 2270 5061 2574 5138; x_wconf 73' lang='grc' dir='ltr'>λαμϐάνετε</span> <span class='ocrx_word' id='word_1_826' title='bbox 2613 5084 2627 5133; x_wconf 88' lang='grc'>;</span> <span class='ocrx_word' id='word_1_827' title='bbox 2660 5090 2687 5117; x_wconf 88' lang='grc'><em>‹‹</em></span> <span class='ocrx_word' id='word_1_828' title='bbox 2722 5060 2795 5122; x_wconf 70' lang='grc' dir='ltr'>Εἴ</span> <span class='ocrx_word' id='word_1_829' title='bbox 2818 5086 2898 5129; x_wconf 90' lang='grc' dir='ltr'>τις</span> <span class='ocrx_word' id='word_1_830' title='bbox 2949 5065 3203 5131; x_wconf 81' lang='grc' dir='ltr'>πέποιθεν</span> <span class='ocrx_word' id='word_1_831' title='bbox 3261 5068 3436 5141; x_wconf 67' lang='grc' dir='ltr'>ἑαυτῷ</span> <span class='ocrx_word' id='word_1_832' title='bbox 3465 5070 3707 5143; x_wconf 87' lang='grc' dir='ltr'>Χριστοῦ</span> 
     </span>
    </p>
   </div>
   <div class='ocr_carea' id='block_1_115' title="bbox 2057 5150 3709 5233">
    <p class='ocr_par' dir='ltr' id='par_1_115' title="bbox 2057 5150 3709 5233">
     <span class='ocr_line' id='line_1_116' title="bbox 2057 5150 3709 5233; baseline 0.001 -22"><span class='ocrx_word' id='word_1_833' title='bbox 2057 5157 2212 5212; x_wconf 75' lang='grc' dir='ltr'>εἶναι.</span> <span class='ocrx_word' id='word_1_834' title='bbox 2252 5180 2282 5207; x_wconf 86' lang='grc'>››</span> <span class='ocrx_word' id='word_1_835' title='bbox 2313 5153 2419 5211; x_wconf 81' lang='grc' dir='ltr'>Καὶ</span> <span class='ocrx_word' id='word_1_836' title='bbox 2449 5150 2549 5230; x_wconf 67' lang='grc' dir='ltr'>γάρ</span> <span class='ocrx_word' id='word_1_837' title='bbox 2603 5153 2693 5209; x_wconf 82' lang='grc' dir='ltr'>καὶ</span> <span class='ocrx_word' id='word_1_838' title='bbox 2738 5155 2791 5209; x_wconf 76' lang='grc' dir='ltr'>οἱ</span> <span class='ocrx_word' id='word_1_839' title='bbox 2846 5151 3305 5229; x_wconf 75' lang='grc' dir='ltr'>ψευδαπόστολοι,</span> <span class='ocrx_word' id='word_1_840' title='bbox 3356 5156 3433 5219; x_wconf 90' lang='grc' dir='ltr'>ὡς</span> <span class='ocrx_word' id='word_1_841' title='bbox 3469 5158 3709 5233; x_wconf 81' lang='grc' dir='ltr'>Χριστοῦ</span> 
     </span>
    </p>
   </div>
   <div class='ocr_carea' id='block_1_116' title="bbox 2058 5242 3710 5324">
    <p class='ocr_par' dir='ltr' id='par_1_116' title="bbox 2058 5242 3710 5324">
     <span class='ocr_line' id='line_1_117' title="bbox 2058 5242 3710 5324; baseline 0.001 -23"><span class='ocrx_word' id='word_1_842' title='bbox 2058 5242 2207 5307; x_wconf 74' lang='grc' dir='ltr'>ὄντες</span> <span class='ocrx_word' id='word_1_843' title='bbox 2236 5242 2670 5321; x_wconf 79' lang='grc' dir='ltr'>ἐμεγαλαύχουν.</span> <span class='ocrx_word' id='word_1_844' title='bbox 2707 5268 2735 5296; x_wconf 75' lang='grc' dir='ltr'>ι(</span> <span class='ocrx_word' id='word_1_845' title='bbox 2794 5248 2964 5300; x_wconf 87' lang='grc' dir='ltr'>Τοῦτο</span> <span class='ocrx_word' id='word_1_846' title='bbox 3023 5242 3329 5320; x_wconf 73' lang='grc' dir='ltr'>λογιζέσθω</span> <span class='ocrx_word' id='word_1_847' title='bbox 3386 5245 3550 5301; x_wconf 81' lang='grc' dir='ltr'>πάλιν</span> <span class='ocrx_word' id='word_1_848' title='bbox 3618 5247 3710 5324; x_wconf 75' lang='grc' dir='ltr'>ἀφ’</span> 
     </span>
    </p>
   </div>
   <div class='ocr_carea' id='block_1_117' title="bbox 2059 5331 3711 5414">
    <p class='ocr_par' dir='ltr' id='par_1_117' title="bbox 2059 5331 3711 5414">
     <span class='ocr_line' id='line_1_118' title="bbox 2059 5331 3711 5414; baseline 0.001 -24"><span class='ocrx_word' id='word_1_849' title='bbox 2059 5336 2271 5393; x_wconf 66' lang='grc' dir='ltr'>ἑαυτοῦ.</span> <span class='ocrx_word' id='word_1_850' title='bbox 2307 5334 2491 5390; x_wconf 81' lang='grc' dir='ltr'>»Ἐάν</span> <span class='ocrx_word' id='word_1_851' title='bbox 2522 5331 2694 5401; x_wconf 81' lang='grc' dir='ltr'>ὅλως,</span> <span class='ocrx_word' id='word_1_852' title='bbox 2738 5334 2895 5412; x_wconf 73' lang='grc' dir='ltr'>φησὶ,</span> <span class='ocrx_word' id='word_1_853' title='bbox 2952 5336 3157 5410; x_wconf 68' lang='grc' dir='ltr'>μετέχῃ</span> <span class='ocrx_word' id='word_1_854' title='bbox 3212 5342 3314 5405; x_wconf 82' lang='grc' dir='ltr'>τῆς</span> <span class='ocrx_word' id='word_1_855' title='bbox 3372 5335 3519 5414; x_wconf 84' lang='grc' dir='ltr'>παρά</span> <span class='ocrx_word' id='word_1_856' title='bbox 3574 5337 3711 5413; x_wconf 84' lang='grc' dir='ltr'>Χρι-</span> 
     </span>
    </p>
   </div>
   <div class='ocr_carea' id='block_1_118' title="bbox 2057 5421 3703 5503">
    <p class='ocr_par' dir='ltr' id='par_1_118' title="bbox 2057 5421 3703 5503">
     <span class='ocr_line' id='line_1_119' title="bbox 2057 5421 3703 5503; baseline 0.002 -23"><span class='ocrx_word' id='word_1_857' title='bbox 2057 5428 2187 5481; x_wconf 89' lang='grc' dir='ltr'>στοῦ</span> <span class='ocrx_word' id='word_1_858' title='bbox 2221 5423 2471 5501; x_wconf 79' lang='grc' dir='ltr'>χάριτος,</span> <span class='ocrx_word' id='word_1_859' title='bbox 2503 5421 2596 5503; x_wconf 73' lang='grc' dir='ltr'>ἀφ’</span> <span class='ocrx_word' id='word_1_860' title='bbox 2645 5424 2838 5480; x_wconf 68' lang='grc' dir='ltr'>ἑαυτοῦ</span> <span class='ocrx_word' id='word_1_861' title='bbox 2890 5425 3050 5482; x_wconf 85' lang='grc' dir='ltr'>τοῦτο</span> <span class='ocrx_word' id='word_1_862' title='bbox 3109 5427 3415 5502; x_wconf 83' lang='grc' dir='ltr'>λογιζέσθω</span> <span class='ocrx_word' id='word_1_863' title='bbox 3479 5426 3570 5483; x_wconf 85' lang='grc' dir='ltr'>καὶ</span> <span class='ocrx_word' id='word_1_864' title='bbox 3626 5428 3703 5501; x_wconf 76' lang='grc' dir='ltr'>μὴ</span> 
     </span>
    </p>
   </div>
   <div class='ocr_carea' id='block_1_119' title="bbox 2055 5511 3704 5592">
    <p class='ocr_par' dir='ltr' id='par_1_119' title="bbox 2055 5511 3704 5592">
     <span class='ocr_line' id='line_1_120' title="bbox 2055 5511 3704 5592; baseline 0.003 -22"><span class='ocrx_word' id='word_1_865' title='bbox 2055 5519 2389 5592; x_wconf 83' lang='grc' dir='ltr'>περιμενέτω</span> <span class='ocrx_word' id='word_1_866' title='bbox 2420 5514 2547 5588; x_wconf 82' lang='grc' dir='ltr'>παρ’</span> <span class='ocrx_word' id='word_1_867' title='bbox 2577 5514 2739 5587; x_wconf 75' lang='grc' dir='ltr'>ἡμῶν</span> <span class='ocrx_word' id='word_1_868' title='bbox 2792 5511 2882 5570; x_wconf 82' lang='grc' dir='ltr'>διά</span> <span class='ocrx_word' id='word_1_869' title='bbox 2938 5523 3036 5586; x_wconf 74' lang='grc' dir='ltr'>τῆς</span> <span class='ocrx_word' id='word_1_870' title='bbox 3086 5515 3458 5592; x_wconf 69' lang='grc' dir='ltr'>ἐπιτιμήσεως</span> <span class='ocrx_word' id='word_1_871' title='bbox 3494 5518 3704 5592; x_wconf 74' lang='grc' dir='ltr'>μαθεῖν.</span> 
     </span>
    </p>
   </div>
   <div class='ocr_carea' id='block_1_120' title="bbox 2058 5603 3707 5687">
    <p class='ocr_par' dir='ltr' id='par_1_120' title="bbox 2058 5603 3707 5687">
     <span class='ocr_line' id='line_1_121' title="bbox 2058 5603 3707 5687; baseline 0.001 -28"><span class='ocrx_word' id='word_1_872' title='bbox 2058 5631 2085 5659; x_wconf 89' lang='grc'><strong>‹‹</strong></span> <span class='ocrx_word' id='word_1_873' title='bbox 2119 5605 2281 5662; x_wconf 75' lang='grc' dir='ltr'>Οῦτω</span> <span class='ocrx_word' id='word_1_874' title='bbox 2312 5603 2402 5660; x_wconf 80' lang='grc' dir='ltr'>καὶ</span> <span class='ocrx_word' id='word_1_875' title='bbox 2433 5605 2597 5677; x_wconf 79' lang='grc' dir='ltr'>ἡμεῖς</span> <span class='ocrx_word' id='word_1_876' title='bbox 2628 5605 2886 5681; x_wconf 85' lang='grc' dir='ltr'>Χριστοῦ.</span> <span class='ocrx_word' id='word_1_877' title='bbox 2921 5629 2947 5659; x_wconf 67' lang='grc' dir='ltr'>κ</span> <span class='ocrx_word' id='word_1_878' title='bbox 2983 5606 3158 5675; x_wconf 81' lang='grc' dir='ltr'>Τέως,</span> <span class='ocrx_word' id='word_1_879' title='bbox 3190 5608 3380 5687; x_wconf 73' lang='grc' dir='ltr'>φησὶν,</span> <span class='ocrx_word' id='word_1_880' title='bbox 3412 5606 3463 5662; x_wconf 73' lang='grc' dir='ltr'>ἐν</span> <span class='ocrx_word' id='word_1_881' title='bbox 3522 5606 3707 5681; x_wconf 74' lang='grc' dir='ltr'>τούτῳ</span> 
     </span>
    </p>
   </div>
   <div class='ocr_carea' id='block_1_121' title="bbox 2054 5689 3708 5774">
    <p class='ocr_par' dir='ltr' id='par_1_121' title="bbox 2054 5689 3708 5774">
     <span class='ocr_line' id='line_1_122' title="bbox 2054 5689 3708 5774; baseline 0.001 -23"><span class='ocrx_word' id='word_1_882' title='bbox 2054 5697 2376 5752; x_wconf 87' lang='grc' dir='ltr'>κοινωνοῦσι</span> <span class='ocrx_word' id='word_1_883' title='bbox 2406 5694 2497 5750; x_wconf 84' lang='grc' dir='ltr'>καὶ</span> <span class='ocrx_word' id='word_1_884' title='bbox 2528 5689 2682 5749; x_wconf 79' lang='grc' dir='ltr'>οὐδὲν</span> <span class='ocrx_word' id='word_1_885' title='bbox 2726 5691 2892 5749; x_wconf 78' lang='grc' dir='ltr'>πλέον</span> <span class='ocrx_word' id='word_1_886' title='bbox 2954 5692 3175 5770; x_wconf 67' lang='grc' dir='ltr'>ἔχουσιν</span> <span class='ocrx_word' id='word_1_887' title='bbox 3222 5698 3405 5771; x_wconf 73' lang='grc' dir='ltr'>ἡμῶν.</span> <span class='ocrx_word' id='word_1_888' title='bbox 3468 5695 3544 5755; x_wconf 79' lang='grc' dir='ltr'>Οὔ</span> <span class='ocrx_word' id='word_1_889' title='bbox 3603 5696 3708 5774; x_wconf 82' lang='grc' dir='ltr'>γάρ</span> 
     </span>
    </p>
   </div>
  </div>
