4098 6384
321 395 479 457 1033

1287 381 1707 447 COMMENT.
1761 381 1831 442 lN
1879 379 2119 440 EPIST.
2171 378 2220 438 ll
2266 379 2368 438 AD
2417 377 2780 442 CORINTH.

3593 377 3753 441 1034

312 528 476 586 αὐτοὶ
512 527 607 600 μὲν
643 526 902 601 Χριστοῦ,
939 525 1100 596 ἡμεῖς
1135 518 1192 578 δὲ
1252 522 1436 598 ἑτέρου
1481 517 1655 582 τινός.
1697 521 1866 574 T0310
1899 512 1970 586 δὶ,

2097 513 2232 588 plus
2263 513 2444 571 habet
2466 513 2640 570 nobis
2697 516 2821 570 Non
2880 514 3037 571 enim
3070 513 3182 588 ipsi
3233 513 3476 586 quidem
3537 513 3753 572 Christi

309 619 452 675 κατά
479 634 602 673 τινα
643 609 910 688 σῦμϐασιν
943 613 1114 683 εἶπεν,
1176 611 1290 668 ἐπεὶ
1324 612 1533 687 προῖὼν
1568 610 1835 675 δείκνυσι,
1896 605 1982 661 ’ὁτι

314 708 428 782 οὐχ
459 706 642 778 ὥσπερ
675 703 871 759 ἐκεῖνοι
917 705 1176 778 Χριστοῦ,
1237 699 1410 764 οὕτως
1469 699 1558 755 καὶ
1615 697 1798 766 αὐτὸς,
1854 694 1982 750 ἀλλ’

317 795 549 871 ἄπειρον
581 795 644 849 τὸ
681 795 862 866 μέσον.
905 793 1062 850 ’Όθεν
1097 791 1282 861 φησίν·
1318 813 1346 842 ι(
1391 789 1512 847 Ἐὰν
1567 790 1669 866 γαρ
1727 783 1985 860 περισσό-

316 887 479 961 τερόν
511 908 565 940 τι
596 886 994 959 καυχήσωμαι.
1029 906 1057 934 ››
1090 882 1231 936 Ὠσεὶ
1263 875 1472 956 ἔλεγεν,
1506 881 1692 953 Ἀρκεῖ
1727 877 1862 937 τέως
1918 874 1982 929 τὸ

318 977 511 1031 εἰπεῖν·
552 1001 577 1026 ιι
641 974 826 1034 Οὕτως
884 971 972 1027 καὶ
1031 974 1215 1043 ἡμεις.
1278 994 1306 1022 ››
1368 970 1487 1025 Ἐὰν
1557 969 1660 1044 γάρ
1709 989 1762 1022 τι
1813 962 1983 1021 πλέον

318 1066 460 1120 εἴπω
493 1064 715 1130 τούτου,
749 1063 850 1117 οὐκ
879 1061 941 1117 ἄν
974 1061 1276 1139 αἰσχυνθῶ.
1340 1059 1552 1130 Ἀληθῆ
1610 1059 1732 1132 γὰρ,
1794 1054 1982 1132 φησὶν,

315 1154 448 1228 ἐρῶ,
482 1179 509 1206 ‹‹
545 1153 677 1229 Περὶ
705 1160 806 1221 τῆς
854 1150 1098 1224 ἐξουσίας
1159 1153 1338 1220 ἡμῶν.
1405 1174 1430 1201 ›.-
1492 1151 1608 1217 Τῆς
1667 1146 1981 1214 πληγτικῆς

318 1245 413 1300 καὶ
498 1248 887 1318 τιμωρητικῆς
946 1245 1053 1294 τῶν
1109 1236 1614 1309 ἀντιδιατιθεμένων
1680 1233 1981 1309 δυνάμεως.

315 1334 456 1392 Εἶτα
481 1331 732 1401 κολάζων
765 1331 827 1386 τὸ
887 1329 1145 1410 φορτικὸν
1204 1333 1300 1384 τοῦ
1357 1326 1546 1404 λόγου,
1609 1325 1792 1404 φησίν
1827 1350 1853 1377 ι(
1886 1323 1984 1382 Εἰς

315 1421 626 1494 οἰκοδομὴν
694 1421 785 1476 καὶ
841 1421 943 1474 οὐκ
1000 1419 1077 1480 εἷς
1134 1417 1443 1492 καθαίρεσιν
1498 1418 1669 1488 ὑμῶν.
1733 1419 1882 1478 »Ὣς
1937 1413 1986 1468 εἷ’

319 1510 501 1586 ἔλεγεο
534 1513 642 1580 Τὴν
677 1508 904 1582 δύναμιν
949 1503 1223 1582 ἐλάϐομεν
1272 1505 1360 1562 ἐπὶ
1388 1512 1467 1580 τῷ
1498 1503 1811 1579 οἰκοδομεῖν
1843 1505 1982 1576 ὑμᾶς

315 1603 456 1677 ⁴πρὸς
484 1603 584 1670 τὴν
618 1602 820 1670 πίστιν,
854 1599 916 1653 οὐ
953 1601 1058 1672 μὴν
1111 1598 1246 1673 πρὸς
1303 1597 1366 1652 τὸ
1427 1595 1788 1671 τιμωρεῖσθαί
1843 1615 1980 1650 τινα.

318 1698 445 1753 Ιιῶς
479 1691 602 1757 οὖν,
664 1689 808 1745 ε’ἶποι
867 1709 974 1758 τις,
1032 1694 1121 1742 καὶ
1180 1692 1270 1742 νῦν
1333 1687 1520 1747 αὐτοῖς
1577 1685 1828 1760 ἀνατείνῃ
1881 1687 1980 1754 τὴν

321 1782 467 1854 παρᾶ
497 1778 733 1853 Χριστοῦ
767 1799 851 1833 σοι
906 1775 1154 1840 δοθεῖσαν
1217 1775 1477 1847 ἐξουσίαν,
1538 1775 1631 1830 καὶ
1681 1776 1793 1830 ἂνω
1850 1768 1982 1852 ἔφα-

323 1891 472 1939 σκες,
533 1871 619 1926 Ἐν
680 1867 887 1939 ἑτοίμῳ
941 1861 1156 1940 ἔχοντες
1219 1863 1499 1934 ἐκδικῆσαι
1559 1869 1732 1919 πᾶσαν
1809 1879 1978 1937 παρα·
2014 1895 2060 1959 Β

319 1956 560 2028 κοὴν,εἶ
604 1958 701 2012 οὐκ
760 1955 848 2011 ἐπὶ
906 1954 1172 2031 τιμωρίᾳ,
1233 1952 1362 2009 ἀλλ’
1412 1953 1492 2009 ἐπ’
1554 1951 1826 2026 οἰκοδομῇ
1884 1953 1982 2020 τήν

324 2047 561 2122 ἐξουσίαν
603 2046 835 2125 εἴληφας
868 2048 1040 2116 ;"O1r.
1098 2043 1230 2099 αὐτὸ
1275 2048 1460 2114 τοῦτο,
1521 2042 1677 2122 φησὶ,
1741 2039 1981 2116 μάλιστά

315 2137 458 2193 ἐστιν
489 2132 758 2208 οἰκοδομὴ
797 2136 973 2208 ὑμῶν,
1032 2135 1094 2188 τὸ
1132 2134 1199 2189 τὰ
1253 2131 1562 2207 κωλύματα
1621 2131 1856 2206 ἀναιρεῖν
1889 2130 1975 2185 καὶ

311 2230 383 2284 τα
415 2223 715 2291 σκάνδαλα,
768 2225 892 2279 οῖον
942 2223 1069 2286 τοὺς
1137 2219 1612 2297 ψευδαποστόλους
1670 2225 1978 2295 καταργεῖν.

311 2317 412 2380 Εἰς
445 2321 611 2372 τοῦτο
648 2316 741 2388 μὶν
800 2311 1097 2388 ἐλάϐομεν,
1150 2312 1226 2367 τίν’
1285 2309 1692 2386 οἰκοδομῶμεν.
1737 2313 1859 2367 Ἐὰν
1921 2307 1979 2364 δέ

307 2428 392 2469 τις
427 2406 622 2460 ἀνίατα
653 2409 812 2480 νοσῇ,
872 2405 963 2459 καὶ
1021 2407 1088 2477 τῇ
1149 2402 1301 2478 ἑτέρᾳ
1359 2402 1681 2478 χρησόμεθα
1713 2399 1975 2476 ἐνεργείᾳ,

313 2495 697 2571 καθαιροῦντες
730 2492 887 2548 αὐτὸν
943 2495 1033 2548 καὶ
1087 2490 1548 2560 καταϐάλλοντες,
1604 2493 1678 2553 ὡς
1727 2491 1865 2546 εἶναι
1924 2488 1974 2545 ἐν

311 2585 662 2662 πρωτοτύπῳ
699 2584 792 2657 μὲν
853 2585 953 2653 τήν
1018 2580 1345 2656 οἰκοδομήν,
1403 2581 1455 2635 ἐν
1508 2580 1874 2655 παρεπομένῳ
1922 2578 1979 2636 δὲ

307 2675 410 2744 τὴν
441 2673 777 2748 καθαίρεσιν.
813 2673 932 2730 Οὐκ
963 2671 1431 2748 αἲσχυνθήσομαι.
1466 2669 1543 2729 Οὐ
1578 2667 1974 2746 δειχθήσομαι,

311 2761 469 2844 φησί,
502 2763 741 2837 ψεύστης
763 2762 798 2830 ἢ
830 2764 1176 2835 κομπαστής.

379 2854 494 2908 Ἵνα
531 2853 606 2925 μὴ
642 2850 781 2922 δόξω
814 2851 887 2913 ὡς
921 2849 980 2906 ἄν
1013 2846 1264 2927 ἐκφοϐεῖν
1302 2851 1442 2923 ὑμᾶς
1473 2847 1562 2905 διαὶ
1599 2854 1706 2904 τῶν
1758 2848 1976 2905 ἐπιστο-

313 2941 449 3012 λῶν,
493 2943 580 2996 ὅτι
612 2942 666 2996 αἱ
703 2941 796 3013 μὲν
831 2939 1136 3006 ἐπιστολαὶ,
1169 2939 1324 3018 φησὶ,
1363 2941 1572 3014 βαρεῖαι
1603 2939 1693 2994 καὶ
1729 2939 1974 3014 ἰσχυραὶ,

308 3034 344 3101 ἡ
381 3030 439 3086 δὲ
469 3030 739 3106 παρουσία
762 3035 857 3086 τοῦ
890 3031 1145 3104 σώματος
1177 3032 1423 3099 ἀσθενὴς,
1458 3035 1545 3084 καί
1577 3030 1605 3083 ὁ
1639 3028 1802 3104 λόγος
1825 3029 1975 3098 ἐξου-

309 3122 622 3194 θενημένος.
659 3119 834 3178 Τοῦτο
868 3117 1171 3196 λογιζέσθω
1204 3121 1232 3174 ὁ
1265 3124 1536 3188 τοιοῦτος,
1566 3117 1649 3174 ὅτι
1676 3118 1783 3174 οἷοί
1814 3116 1974 3192 ἐσμεν

2099 610 2258 676 sunt,
2293 622 2402 662 nos
2431 613 2629 662 autem
2655 605 2900 662 alterius
2932 604 3284 678 cujuspiam.
3319 605 3440 662 Hoc
3481 621 3618 664 vero
3651 623 3758 680 per

2096 696 2343 751 modum
2375 696 2659 768 colloquii
2684 696 2850 750 dixit.
2886 698 3027 751 Nam
3054 697 3114 752 in
3145 713 3459 768 progressu
3491 696 3755 752 ostendit

2098 785 2256 858 quod
2288 803 2407 842 non
2441 804 2508 841 eo
2542 785 2718 842 modo
2751 803 2866 856 quo
2929 786 3016 841 illi
3066 787 3280 843 Christi
3339 793 3527 853 erant,
3584 787 3666 844 ita
3695 792 3756 844 et

2096 876 2246 946 ipse.
2280 876 2382 931 sed
2415 876 2625 949 ingens
2649 882 2776 930 erat
2799 876 3376 934 interstitiumUnde
3408 877 3516 932 ait:
3553 900 3581 928 ‹‹
3606 878 3752 934 Nam

2096 965 2146 1020 si
2177 965 2318 1037 quid
2352 965 2510 1022 ultra
2537 966 2646 1022 hoc
2690 966 2970 1035 dicerem,
3005 983 3125 1022 non
3174 967 3560 1039 pudeﬁerem,
3609 983 3750 1022 nam

2097 1071 2234 1109 vera
2263 1055 2544 1111 dicerem.
2581 1078 2609 1107 «
2643 1055 2724 1110 De
2756 1061 3047 1126 potestate
3105 1063 3328 1112 nostra.
3364 1079 3392 1106 »
3454 1058 3750 1112 Potestate

2095 1145 2363 1216 punitiva
2393 1162 2458 1200 ac
2490 1145 2815 1201 ulciscente
2861 1145 3252 1202 adversarios.
3313 1145 3535 1200 Deinde
3588 1145 3748 1217 quod

2097 1234 2370 1290 odiosum
2430 1234 2488 1289 in
2550 1251 2823 1291 sermone
2885 1241 3012 1290 erat
3068 1236 3392 1309 corrigens.
3443 1235 3562 1292 ait:
3605 1257 3630 1286 ι.
3661 1232 3751 1289 Ad

2097 1324 2556 1381 aediﬁcationem
2591 1332 2649 1379 et
2676 1341 2797 1380 non
2831 1324 2904 1380 ad
2927 1324 3397 1380 destructionem
3429 1324 3753 1379 vestri.»Ac

2097 1413 2146 1468 si
2179 1413 2404 1469 diceret
2431 1431 2444 1468 :
2475 1416 2834 1470 Potestatem
2897 1415 3236 1487 accepimus
3265 1423 3334 1470 ut
3363 1432 3462 1470 vos
3494 1414 3753 1470 aediﬁca-

2095 1519 2294 1558 remus
2324 1503 2398 1558 ad
2424 1503 2751 1570 ﬁdem,non
2783 1511 2845 1559 ut
2872 1504 3136 1576 aliquem
3173 1504 3754 1576 puniremusr.Dicat

2095 1592 2276 1664 igitur
2305 1593 2522 1665 aliquis
2558 1610 2570 1647 :
2605 1595 2674 1647 Et
2704 1594 3003 1665 quomodo
3034 1611 3194 1650 nunc
3225 1594 3472 1650 minaris
3517 1593 3590 1649 ob
3647 1593 3751 1650 da-

2096 1687 2217 1736 tam
2251 1681 2355 1736 tibi
2383 1699 2418 1738 a
2449 1682 2679 1737 Christo
2713 1689 3157 1755 potestatem,et
3186 1684 3458 1755 superius
3489 1681 3752 1753 dicebas,

2096 1773 2253 1828 675
2281 1773 2344 1826 In
2378 1779 2658 1845 promptu
2715 1773 3003 1828 habemus
3059 1772 3268 1829 ulcisci
3301 1789 3541 1828 omnem
3571 1772 3754 1828 ultio-

2094 1878 2253 1929 nem,
2298 1862 2347 1916 si
2392 1878 2512 1918 non
2557 1862 2631 1917 ad
2689 1862 2978 1918 ultionem
3030 1862 3132 1918 sed
3184 1862 3260 1918 ad
3291 1862 3751 1920 aediﬁcationem

2091 1952 2370 2024 accepisti
2402 1957 2756 2024 potestatem
2783 1953 2810 2007 Ἰ
2839 1954 2986 2018 Quia
3015 1953 3127 2008 hoc
3157 1953 3597 2025 ipsum,inquit.
3619 1969 3750 2011 ma-

2087 2041 2246 2096 xime
2279 2047 2367 2096 est
2394 2041 2571 2096 vestri
2614 2041 2952 2110 aediﬁcatio,
2985 2048 3050 2098 ut
3081 2042 3153 2100 de
3213 2043 3407 2099 medio
3459 2042 3750 2100 tollantur

2090 2130 2520 2201 impedimenta
2551 2134 2609 2186 et
2647 2130 3026 2196 offendicula,
3088 2136 3230 2202 puta
3295 2132 3344 2186 si
3393 2131 3748 2190 aboleantur

2088 2219 2554 2290 pseudapostoli.
2595 2221 2658 2274 In
2693 2219 2803 2275 hoc
2837 2220 3077 2292 quidem
3109 2221 3448 2292 accepimus
3479 2227 3546 2277 ut
3563 2221 3746 2278 aediﬁ-

2089 2324 2312 2364 cemus.
2348 2309 2530 2362 Porro
2564 2308 2611 2362 si
2647 2308 2780 2379 quis
2839 2307 3250 2365 incurabiliter
3305 2315 3568 2382 aegrotet,
3627 2310 3748 2367 alia

2088 2413 2325 2468 quoque
2348 2404 2589 2454 utemur
2603 2399 2946 2470 operatione
2969 2415 3037 2454 ac
3059 2398 3747 2467 efﬁcacia,demoliente8

2085 2503 2154 2542 ac
2187 2486 2494 2544 diruentes
2524 2487 2718 2559 ipsum
2754 2506 2766 2544 :
2801 2493 2866 2543 ut
2897 2489 2974 2543 sit
3003 2488 3242 2560 quidem
3267 2491 3746 2562 primariususus

2087 2577 2424 2644 aadiﬁcatio,
2449 2593 2520 2632 ex
2552 2578 2941 2650 consequenti
2964 2585 3163 2635 autem
3189 2579 3263 2635 ad
3294 2578 3746 2638 demolitionem

2084 2689 2111 2716 ‹‹
2147 2668 2272 2722 Non
2304 2666 2627 2738 pudeﬁam.
2666 2690 2692 2716 η
2723 2667 2852 2723 Non
2885 2667 3192 2737 ostendar,
3238 2669 3454 2740 inquit,
3488 2669 3744 2728 mendax

2085 2760 2188 2810 aut
2217 2772 2520 2828 arrogans.

2156 2843 2225 2914 X,
2257 2848 2447 2902 9-lt.«
2474 2848 2554 2901 Ne
2587 2847 2884 2918 quomodo
2916 2847 3117 2903 videar
3147 2849 3610 2921 perterrefacere
3639 2867 3744 2908 vos

2092 2961 2110 2984 ι
2138 2951 2245 3006 per
2276 2935 2577 3006 epistolas.
2611 2939 2752 2991 Nam
2779 2937 3043 3008 epistolae
3068 2939 3309 3009 quidem
3340 2955 3544 3012 graves
3578 2945 3736 3011 sunt,

2088 3047 2114 3076 (ι
2147 3026 2314 3092 ait,et
2340 3025 2542 3092 fortes,
2576 3028 2974 3098 atprmsentia
3005 3029 3270 3100 corporis
3301 3028 3638 3098 imbecillis,
3671 3046 3741 3086 ac

2087 3137 2112 3165 ‹‹
2138 3132 2332 3170 sermo
2367 3117 2891 3187 contemptusﬂoc
2923 3123 3155 3189 reputet
3177 3120 3278 3190 qui
3311 3119 3602 3190 ejusmodi
3626 3124 3740 3191 est,

309 3215 394 3281 τῷ
427 3207 576 3286 Λόγῳ
606 3208 674 3264 δι’
705 3209 1014 3266 ἐπιστολῶν
1035 3209 1284 3278 ἀπόντες,
1312 3213 1556 3264 τοιοῦτοι
1585 3209 1676 3264 καὶ
1706 3208 1970 3284 παρόντες

2088 3228 2114 3252 ‹‹
2149 3204 2307 3275 quod
2340 3206 2547 3276 quales
2594 3223 2801 3262 sumus
2834 3224 3109 3264 sermone
3151 3226 3259 3281 per
3289 3209 3572 3280 epistolas
3604 3226 3740 3266 cum

308 3302 392 3370 τῷ
423 3292 583 3375 ἔργῳ.

381 3388 478 3443 Διά
505 3393 685 3460 τοῦτο,
721 3389 904 3468 φησὶν,
943 3389 1119 3450 οὓτως
1183 3389 1420 3464 μετρίως
1454 3389 1605 3444 εἶπον
1661 3388 1744 3457 τὸ,
1795 3414 1823 3442 ‹‹
1855 3388 1970 3447 Οὐκ

301 3477 771 3552 αἰσχυνθήσομαι,
807 3503 834 3530 ››
869 3478 958 3532 καὶ
993 3475 1148 3533 οὐδὲν
1187 3477 1328 3553 μέγα
1359 3479 1527 3547 εἶπον,
1579 3475 1672 3532 ’ἱνα
1716 3479 1790 3551 μή
1827 3475 1968 3549 δόξω

303 3568 382 3630 ὡς
412 3564 472 3621 ἄν
499 3561 747 3644 ἐκφοϐεῖν
783 3567 922 3640 ὑμᾶς
975 3565 1064 3622 διὰ
1119 3573 1228 3622 τῶν
1288 3566 1614 3625 ἐπιστολῶν.
1678 3568 1812 3624 Εἶτα
1849 3573 1973 3636 τοῖς,

301 3653 499 3733 λόγοις
529 3660 635 3712 τῶν
671 3651 1084 3712 διαϐαλλόντων
1148 3656 1310 3712 αὐτὸν
1361 3658 1656 3735 κέχρηται.
1720 3656 1817 3713 Καὶ
1875 3657 1966 3712 ἳνα

309 3746 386 3816 μή
421 3744 592 3799 πάλιν
626 3743 872 3811 εἴπωσιν,
905 3744 987 3799 ὅτι
1022 3745 1089 3802 Al.
1125 3746 1217 3818 μὲν
1253 3744 1538 3801 ἐπιστολαὶ
1606 3745 1840 3820 βαρεῖαι,
1871 3746 1963 3800 καὶ

303 3835 373 3889 1i
404 3834 550 3905 ἑξῆς·
584 3831 672 3888 διὰ
719 3839 904 3904 τοῦτο,
947 3835 1128 3912 φησὶν,
1187 3834 1363 3897 οὕτως
1423 3835 1655 3910 μετρίως
1713 3835 1962 3911 ἐφθεγξά-

307 3945 441 3996 μην.
497 3948 516 3973 ι
573 3924 633 3979 Ἡ
690 3921 746 3978 δὲ
802 3924 1072 3997 παρουσία
1133 3928 1229 3979 τοῦ
1315 3945 1570 3996 σωματος
1625 3925 1872 3994 ἀσθενής.
1935 3949 1964 3977 1)

301 4012 540 4088 ’Έλεγον
575 4013 677 4088 γὰρ
737 4014 789 4067 οἱ
857 4009 1249 4075 διαϐάλλοντες
1308 4013 1486 4085 αὐτὸν,
1549 4012 1633 4069 ὅτι
1691 4012 1962 4087 κομπάζει

303 4098 398 4156 διὰ
427 4107 534 4156 τῶν
589 4100 920 4173 ἐπιστολῶν,
973 4103 1063 4157 καὶ
1122 4098 1327 4180 φοϐερὰ
1384 4100 1716 4160 ἐπιστέλλει.
1778 4111 1962 4179 Παρα-

299 4190 592 4266 γενόμενος
636 4189 715 4262 δὲ,
775 4191 1248 4268 εὐκαταφρόνητός
1279 4213 1360 4254 τις
1419 4190 1552 4261 ἐστὶ,
1610 4193 1699 4249 καὶ
1729 4191 1960 4272 ἐλέγχε-
1991 4231 2004 4241 -

297 4301 386 4334 ται
424 4281 500 4354 μή
533 4278 606 4334 ὢν
642 4281 763 4344 οἶος
783 4282 1000 4358 γράφει.
1021 4305 1047 4332 ‹‹
1077 4283 1257 4338 Τοῦτο
1283 4280 1958 4356 λογιζέσθωὸτοιοῦτος.»

297 4371 366 4428 Οἱ
397 4373 566 4425 ταῦτα
598 4368 874 4444 λέγοντες,
907 4370 1063 4448 φησὶ,
1094 4375 1254 4426 τοῦτο
1282 4371 1544 4439 ’ἰστωσαν,
1585 4372 1669 4426 ὅτι
1699 4373 1790 4428 καὶ
1819 4393 1959 4447 παρ-

299 4462 454 4524 όντες
485 4462 570 4515 καὶ
605 4461 854 4530 ἀπόντες,
907 4461 1094 4534 ὅμοιοί
1152 4459 1334 4534 ἐσμεν.
1395 4463 1498 4518 Καὶ
1560 4463 1741 4539 ὥσπερ
1798 4464 1956 4537 ἐσμὲν

298 4552 524 4614 ἀπόντες
555 4556 636 4625 τῷ
668 4550 824 4626 λόγῳ
854 4552 946 4606 καὶ
995 4558 1113 4614 ταῖς
1173 4550 1510 4619 ἐπιστολαῖς,
1557 4558 1806 4608 τοιοῦτοι
1864 4556 1956 4610 καὶ

294 4645 558 4720 παρόντες
587 4651 666 4718 τῷ
699 4645 864 4722 ἔργῳ.
899 4645 1206 4714 Τουτέστιν,
1268 4645 1328 4700 οὐ
1391 4646 1553 4720 μόνον
1616 4646 1951 4720 ἀπειλοῦμεν

292 4734 546 4805 ἀπόντες,
577 4734 703 4790 ἀλλ’
740 4735 1005 4808 ἰσ7.ύομεν
1035 4737 1126 4790 καὶ
1191 4735 1640 4810 παραγινόμενοι,
1674 4736 1751 4801 εἷς
1798 4735 1952 4814 ἔργον

293 4827 512 4902 ἀγαγεῖν
540 4827 606 4882 τὰ
635 4825 1007 4900 ἀπειλούμενα

364 5155 442 5214 Οὐ
502 5158 606 5234 γὰρ
663 5157 964 5232 τολμῶμεν
1019 5157 1265 5235 ἐγκρῖναι
1321 5157 1356 5228 ἤ
1418 5165 1695 5235 συγκρῖναι
1727 5159 1951 5226 ἑαυτούς

287 5268 404 5303 τισι
485 5251 593 5302 τῶν
670 5247 892 5310 ἑαυτοὺς
956 5247 1404 5319 συνιστανόντων,
1462 5247 1608 5304 ἀλλά
1683 5248 1839 5305 αὐτοὶ
1897 5249 1950 5307 ἐν

290 5339 509 5398 ἑαυτοῖς
540 5336 762 5400 ἑαυτοὺς
824 5342 1165 5412 μετροῦντες,
1198 5337 1286 5392 καὶ
1322 5337 1698 5415 συγκρίνοντες
1730 5339 1956 5404 ἑαυτοὺς

292 5426 514 5488 ἑαυτοῖς
593 5427 654 5481 οὐ
731 5431 1028 5484 συνιοῦσιν.
1107 5429 1298 5500 Ἡμεῖς
1378 5427 1434 5484 δὲ
1511 5427 1640 5504 οὐχὶ
1738 5429 1814 5494 εἷς
1890 5431 1956 5486 τά

292 5513 508 5590 ἄμετρα
583 5519 1003 5593 καυχησόμεθα,
1079 5517 1224 5573 ἀλλά
1298 5517 1434 5574 κατα
1508 5520 1569 5574 τὸ
1630 5519 1822 5597 μέτρον
1858 5526 1956 5577 τοῦ

287 5605 544 5673 κανόνος,
576 5607 638 5660 οὗ
675 5605 918 5682 ἐμέρισεν
961 5609 1097 5681 ἡμῖν
1130 5609 1158 5661 ὁ
1219 5607 1348 5670 Θεὸς
1413 5607 1611 5684 μέτρου
1672 5612 1953 5692 ἀφικέσθαι

288 5697 429 5775 ἄχρι
460 5695 550 5750 καὶ
574 5695 752 5772 ὑμῶν.

537 5817 800 5880 ΡΑτῐιοι,
850 5819 958 5881 Gs.
1013 5820 1109 5880 CX
1125 5816 1287 5881 VIII.

2087 3317 2115 3344 «
2151 3295 2456 3359 absumus,
2497 3295 2644 3351 tales
2676 3314 2882 3352 sumus
2903 3303 2962 3352 et
2992 3315 3126 3353 cum
3158 3298 3444 3355 adsumus
3501 3301 3677 3356 facto.
3710 3322 3740 3352 ιι

2158 3386 2503 3456 Propterea,
2537 3385 2753 3456 inquit,
2816 3386 2972 3442 infra
3049 3388 3521 3444 mediocritatem
3601 3389 3743 3459 dixi,

2090 3498 2117 3525 «
2143 3475 2270 3530 Non
2295 3474 2618 3546 pudeﬁam,
2650 3498 2677 3525 ››
2708 3494 2816 3531 nec
2839 3477 3164 3548 quidquam
3195 3479 3478 3551 grandius
3509 3479 3745 3536 locutus

2089 3581 2329 3632 sum,ne
2359 3583 2474 3636 quo
2509 3565 2684 3621 modo
2715 3551 2916 3622 videar
2947 3573 3170 3624 terrere
3218 3586 3317 3624 vos
3361 3587 3468 3641 per
3520 3571 3744 3642 episto-

2083 3654 2189 3710 las.
2225 3655 2450 3710 Deinde
2484 3655 2724 3710 illorum
2749 3672 2892 3712 usus
2915 3664 3005 3713 est
3028 3659 3404 3716 sermonibus
3427 3661 3740 3732 quiipsum

2081 3741 2621 3799 calumniabantur.
2658 3745 2728 3798 Et
2775 3762 2847 3801 ne
2881 3763 3116 3802 rursum
3149 3748 3387 3804 dicant:
3415 3751 3556 3805 Nam
3609 3751 3736 3822 epi-

2081 3831 2244 3886 stolae
2290 3831 2532 3903 quidem
2564 3849 2766 3904 graves
2823 3842 2980 3899 sunt,
3029 3843 3088 3892 et
3133 3843 3367 3904 caetera,
3394 3845 3730 3911 propterea,

2079 3920 2293 3991 inquit,
2328 3922 2410 3977 ita
2441 3923 2706 3977 modeste
2765 3924 2998 3980 locutus
3032 3942 3182 3982 sum.
3219 3949 3247 3977 ‹‹
3305 3931 3380 3982 At
3410 3932 3734 4000 prmsentia

2079 4011 2343 4082 corporis
2374 4011 2710 4088 imbecillis.
2749 4037 2776 4063 »
2808 4015 3094 4070 Dicebant
3123 4017 3284 4072 enim
3316 4019 3416 4089 qui
3450 4019 3562 4090 ipsi
3621 4019 3728 4076 de-

2081 4101 2415 4166 trahebant,
2447 4101 2605 4174 quod
2627 4103 2885 4175 jactaret
2915 4123 2976 4162 se
3017 4123 3084 4162 ac
3115 4105 3539 4165 intumesceret
3569 4115 3625 4166 et
3665 4111 3729 4167 in

2079 4191 2347 4263 epistolis
2378 4192 2776 4249 formidabilia
2807 4195 3128 4264 scriberet;
3154 4203 3214 4252 at
3241 4197 3342 4254 ubi
3374 4198 3732 4273 advenisset,

2077 4281 2398 4337 admodum
2430 4282 2745 4354 despectus
2780 4291 2955 4351 esset,
2990 4302 3057 4341 ac
3101 4287 3552 4345 convinceretur
3606 4307 3730 4347 non

2079 4370 2212 4426 talis
2255 4387 2383 4428 esse
2443 4372 2682 4444 qualem
2745 4373 3059 4431 scribendo
3119 4378 3460 4435 ostenderet
3493 4395 3506 4434 :
3542 4402 3569 4430 ‹‹
3612 4379 3732 4437 Hoc

2078 4465 2314 4531 reputet
2344 4461 2442 4532 qui
2480 4463 2775 4530 ejusmodi
2809 4466 3066 4531 εει.υοΠὶ
3091 4466 3224 4535 ista,
3258 4468 3472 4540 inquit,
3503 4469 3734 4542 dicunt,

2076 4548 2186 4603 hoc
2217 4550 2596 4620 sciantquod
2628 4559 2686 4606 et
2711 4560 3038 4623 praesentes
3098 4563 3155 4612 et
3211 4557 3489 4614 absentes
3547 4559 3731 4616 iidem

2069 4653 2310 4692 sumus:
2345 4644 2399 4693 et
2437 4640 2646 4710 quales
2679 4657 2886 4697 sumus
2914 4642 3194 4701 absentes
3224 4663 3331 4718 per
3387 4663 3731 4706 sermonem

2057 4731 2114 4780 et
2159 4726 2464 4798 epistolas,
2503 4729 2650 4784 tales
2683 4731 2862 4786 etiam
2895 4749 3100 4789 sumus
3135 4743 3460 4806 praesentes
3521 4754 3726 4808 opere,

2064 4815 2183 4870 Hoc
2206 4821 2315 4880 est,
2340 4831 2460 4872 non
2489 4817 2680 4874 solum
2715 4819 3014 4877 minamur
3040 4823 3340 4888 absentes,
3392 4827 3496 4882 sed
3557 4844 3716 4900 prae-

2065 4911 2262 4962 sentes
2294 4923 2534 4979 quoque
2569 4925 2888 4981 possumus
2908 4912 2969 4968 in
3003 4929 3153 4986 opus
3175 4913 3547 4973 deducereid
3569 4917 3728 4990 quod

2064 5013 2385 5053 minamur.

2135 5169 2176 5224 X
2190 5171 2390 5236 ,l2,23.
2404 5170 2563 5225 «Non
2585 5169 2745 5226 enim
2761 5171 3051 5230 audemus
3064 5175 3327 5233 inserere
3341 5185 3443 5235 aut
3456 5181 3724 5240 conferre

2067 5282 2090 5309 ‹‹
2109 5273 2224 5311 nos
2244 5256 2404 5328 ipsos
2421 5256 2778 5326 quibusdam
2795 5260 2893 5329 qui
2912 5262 3141 5333 seipsos
3161 5267 3725 5325 commendant.Sed

2067 5370 2092 5396 ‹‹
2112 5346 2222 5418 ipsi
2240 5363 2346 5402 nos
2361 5347 2521 5418 ipsos
2533 5348 2818 5404 metimur
2845 5351 2907 5406 in
2926 5353 3255 5426 nobisipsis
3282 5363 3340 5413 et
3360 5361 3722 5417 conferimus

2069 5453 2213 5491 «nos
2230 5436 2389 5508 ipsos
2403 5437 2576 5493 nobis
2593 5439 2887 5512 ipsis,non
2901 5442 2992 5497 his
3010 5445 3112 5514 qui
3125 5461 3244 5503 una
3262 5447 3575 5506 nobiscum
3591 5466 3721 5505 ver-

2070 5547 2100 5579 (ι
2120 5533 2343 5583 santur.
2363 5529 2562 5599 Neque
2578 5547 2687 5585 nos
2703 5531 3136 5591 inimmensum
3175 5537 3590 5610 gloriabimur:
3617 5539 3721 5595 sed

2070 5638 2097 5666 ‹‹
2113 5616 2289 5688 juxta
2308 5633 2634 5674 mensuram
2647 5622 2866 5694 regulas
2880 5640 2997 5696 qua
3006 5626 3260 5699 partitus
3273 5633 3367 5684 est
3381 5629 3554 5686 nobis
3567 5629 3722 5686 Deus

2080 5729 2102 5759 ι
2127 5723 2409 5763 mensura
2429 5710 2800 5783 pertingendi
2827 5714 3006 5771 etiam
3036 5731 3228 5789 usque
3251 5717 3323 5773 ad
3355 5735 3478 5776 vos.
3513 5740 3544 5770 η

3373 5837 3450 5898 33
