  <div class='ocr_page' id='page_1' title='image "/cluster/home/n/w/nwhite01/storage/ocr_20150623/118:no.1/coo.31924054870229/533.png"; bbox 0 0 4098 6396; ppageno 0'>
   <div class='ocr_carea' id='block_1_1' title="bbox 436 305 588 366">
    <p class='ocr_par' dir='ltr' id='par_1_1' title="bbox 436 305 588 366">
     <span class='ocr_line' id='line_1_1' title="bbox 436 305 588 366; baseline -0.013 -1"><span class='ocrx_word' id='word_1_1' title='bbox 436 305 588 366; x_wconf 76' lang='lat'>1035</span> 
     </span>
    </p>
   </div>
   <div class='ocr_carea' id='block_1_2' title="bbox 1513 300 2679 366">
    <p class='ocr_par' dir='ltr' id='par_1_2' title="bbox 1513 300 2679 366">
     <span class='ocr_line' id='line_1_2' title="bbox 1513 300 2679 366; baseline -0.002 -1"><span class='ocrx_word' id='word_1_2' title='bbox 1513 302 1928 366; x_wconf 64' lang='lat' dir='ltr'>mCUMENll</span> <span class='ocrx_word' id='word_1_3' title='bbox 1974 300 2283 361; x_wconf 65' lang='lat' dir='ltr'>TRIIJC/E</span> <span class='ocrx_word' id='word_1_4' title='bbox 2328 300 2679 364; x_wconf 81' lang='lat' dir='ltr'>EPISCUPI</span> 
     </span>
    </p>
   </div>
   <div class='ocr_carea' id='block_1_3' title="bbox 3700 315 3865 374">
    <p class='ocr_par' dir='ltr' id='par_1_3' title="bbox 3700 315 3865 374">
     <span class='ocr_line' id='line_1_3' title="bbox 3700 315 3865 374; baseline 0.018 -3"><span class='ocrx_word' id='word_1_5' title='bbox 3700 315 3865 374; x_wconf 75' lang='grc'>1036</span> 
     </span>
    </p>
   </div>
   <div class='ocr_carea' id='block_1_4' title="bbox 504 432 2091 515">
    <p class='ocr_par' dir='ltr' id='par_1_4' title="bbox 504 434 2081 512">
     <span class='ocr_line' id='line_1_4' title="bbox 504 434 2081 512; baseline -0.002 -17"><span class='ocrx_word' id='word_1_6' title='bbox 504 438 660 495; x_wconf 73' lang='lat'>676</span> <span class='ocrx_word' id='word_1_7' title='bbox 692 439 811 493; x_wconf 87' lang='lat' dir='ltr'>Hoc</span> <span class='ocrx_word' id='word_1_8' title='bbox 842 437 971 494; x_wconf 90' lang='lat' dir='ltr'>loco</span> <span class='ocrx_word' id='word_1_9' title='bbox 996 443 1338 512; x_wconf 77' lang='lat' dir='ltr'>arrogantes</span> <span class='ocrx_word' id='word_1_10' title='bbox 1365 437 1500 493; x_wconf 90' lang='lat' dir='ltr'>illos</span> <span class='ocrx_word' id='word_1_11' title='bbox 1544 438 1606 493; x_wconf 91' lang='lat' dir='ltr'>in</span> <span class='ocrx_word' id='word_1_12' title='bbox 1657 435 1921 494; x_wconf 87' lang='lat' dir='ltr'>medium</span> <span class='ocrx_word' id='word_1_13' title='bbox 1981 434 2081 492; x_wconf 50' lang='lat' dir='ltr'>ad.</span> 
     </span>
    </p>
   </div>
   <div class='ocr_carea' id='block_1_5' title="bbox 2200 432 3867 515">
    <p class='ocr_par' dir='ltr' id='par_1_5' title="bbox 2274 432 3867 515">
     <span class='ocr_line' id='line_1_5' title="bbox 2274 432 3867 515; baseline 0.005 -23"><span class='ocrx_word' id='word_1_14' title='bbox 2274 434 2540 492; x_wconf 76' lang='grc' dir='ltr'>Ἐνταῦθα</span> <span class='ocrx_word' id='word_1_15' title='bbox 2601 432 2869 506; x_wconf 81' lang='grc' dir='ltr'>ἀλαζόνας</span> <span class='ocrx_word' id='word_1_16' title='bbox 2930 435 3161 501; x_wconf 87' lang='grc' dir='ltr'>ἐκείνους</span> <span class='ocrx_word' id='word_1_17' title='bbox 3220 438 3533 515; x_wconf 82' lang='grc' dir='ltr'>παρίστησι,</span> <span class='ocrx_word' id='word_1_18' title='bbox 3602 442 3695 497; x_wconf 78' lang='grc' dir='ltr'>καὶ</span> <span class='ocrx_word' id='word_1_19' title='bbox 3748 464 3867 501; x_wconf 83' lang='grc' dir='ltr'>κω-</span> 
     </span>
    </p>
   </div>
   <div class='ocr_carea' id='block_1_6' title="bbox 390 526 2086 600">
    <p class='ocr_par' dir='ltr' id='par_1_6' title="bbox 390 526 2086 600">
     <span class='ocr_line' id='line_1_6' title="bbox 390 526 2086 600; baseline -0.003 -14"><span class='ocrx_word' id='word_1_20' title='bbox 390 526 395 535; x_wconf 75' lang='grc'><strong>’</strong></span> <span class='ocrx_word' id='word_1_21' title='bbox 435 529 598 586; x_wconf 82' lang='lat' dir='ltr'>ducit</span> <span class='ocrx_word' id='word_1_22' title='bbox 625 534 685 585; x_wconf 89' lang='lat' dir='ltr'>et</span> <span class='ocrx_word' id='word_1_23' title='bbox 705 527 978 600; x_wconf 79' lang='lat' dir='ltr'>objurgat</span> <span class='ocrx_word' id='word_1_24' title='bbox 997 527 1153 595; x_wconf 90' lang='lat' dir='ltr'>illos,</span> <span class='ocrx_word' id='word_1_25' title='bbox 1179 544 1285 599; x_wconf 91' lang='lat' dir='ltr'>per</span> <span class='ocrx_word' id='word_1_26' title='bbox 1306 528 1560 584; x_wconf 80' lang='lat' dir='ltr'>ironiam</span> <span class='ocrx_word' id='word_1_27' title='bbox 1584 543 1918 583; x_wconf 83' lang='lat' dir='ltr'>sermonem</span> <span class='ocrx_word' id='word_1_28' title='bbox 1953 542 2086 597; x_wconf 85' lang='lat' dir='ltr'>pro-</span> 
     </span>
    </p>
   </div>
   <div class='ocr_carea' id='block_1_7' title="bbox 435 615 2089 679">
    <p class='ocr_par' dir='ltr' id='par_1_7' title="bbox 435 615 2089 679">
     <span class='ocr_line' id='line_1_7' title="bbox 435 615 2089 679; baseline -0.003 -5"><span class='ocrx_word' id='word_1_29' title='bbox 435 618 742 679; x_wconf 85' lang='lat' dir='ltr'>ducens,et</span> <span class='ocrx_word' id='word_1_30' title='bbox 768 618 890 672; x_wconf 90' lang='lat' dir='ltr'>ait:</span> <span class='ocrx_word' id='word_1_31' title='bbox 931 618 1059 673; x_wconf 92' lang='lat' dir='ltr'>Non</span> <span class='ocrx_word' id='word_1_32' title='bbox 1092 618 1249 673; x_wconf 89' lang='lat' dir='ltr'>enim</span> <span class='ocrx_word' id='word_1_33' title='bbox 1306 617 1596 673; x_wconf 83' lang='lat' dir='ltr'>audemus</span> <span class='ocrx_word' id='word_1_34' title='bbox 1647 618 1910 673; x_wconf 84' lang='lat' dir='ltr'>inserere</span> <span class='ocrx_word' id='word_1_35' title='bbox 1968 615 2089 671; x_wconf 87' lang='lat' dir='ltr'>sive</span> 
     </span>
    </p>
   </div>
   <div class='ocr_carea' id='block_1_8' title="bbox 433 707 2089 771">
    <p class='ocr_par' dir='ltr' id='par_1_8' title="bbox 433 707 2089 771">
     <span class='ocr_line' id='line_1_8' title="bbox 433 707 2089 771; baseline -0.002 -8"><span class='ocrx_word' id='word_1_36' title='bbox 433 708 960 771; x_wconf 79' lang='lat' dir='ltr'>annumerare,aut</span> <span class='ocrx_word' id='word_1_37' title='bbox 992 707 1327 763; x_wconf 87' lang='lat' dir='ltr'>assimilare</span> <span class='ocrx_word' id='word_1_38' title='bbox 1362 708 1481 763; x_wconf 85' lang='lat' dir='ltr'><strong>sive</strong></span> <span class='ocrx_word' id='word_1_39' title='bbox 1514 722 1948 763; x_wconf 90' lang='lat' dir='ltr'>connumerare</span> <span class='ocrx_word' id='word_1_40' title='bbox 1976 721 2089 760; x_wconf 87' lang='lat' dir='ltr'>nos</span> 
     </span>
    </p>
   </div>
   <div class='ocr_carea' id='block_1_9' title="bbox 432 795 2090 870">
    <p class='ocr_par' dir='ltr' id='par_1_9' title="bbox 432 795 2090 870">
     <span class='ocr_line' id='line_1_9' title="bbox 432 795 2090 870; baseline -0.001 -18"><span class='ocrx_word' id='word_1_41' title='bbox 432 799 592 870; x_wconf 87' lang='lat' dir='ltr'>ipsos</span> <span class='ocrx_word' id='word_1_42' title='bbox 626 798 986 869; x_wconf 81' lang='lat' dir='ltr'>quibusdam</span> <span class='ocrx_word' id='word_1_43' title='bbox 1018 799 1119 870; x_wconf 89' lang='lat' dir='ltr'>qui</span> <span class='ocrx_word' id='word_1_44' title='bbox 1152 816 1281 854; x_wconf 91' lang='lat' dir='ltr'>sese</span> <span class='ocrx_word' id='word_1_45' title='bbox 1315 799 1619 854; x_wconf 85' lang='lat' dir='ltr'>venditant</span> <span class='ocrx_word' id='word_1_46' title='bbox 1675 795 2090 870; x_wconf 77' lang='lat' dir='ltr'>arrogantibus</span> 
     </span>
    </p>
   </div>
   <div class='ocr_carea' id='block_1_10' title="bbox 432 886 2092 960">
    <p class='ocr_par' dir='ltr' id='par_1_10' title="bbox 432 886 2092 960">
     <span class='ocr_line' id='line_1_10' title="bbox 432 886 2092 960; baseline -0.002 -16"><span class='ocrx_word' id='word_1_47' title='bbox 432 888 829 945; x_wconf 85' lang='lat' dir='ltr'>sermonibus.</span> <span class='ocrx_word' id='word_1_48' title='bbox 868 888 1038 943; x_wconf 82' lang='lat' dir='ltr'>Vides</span> <span class='ocrx_word' id='word_1_49' title='bbox 1072 905 1187 960; x_wconf 91' lang='lat' dir='ltr'>quo</span> <span class='ocrx_word' id='word_1_50' title='bbox 1218 895 1388 960; x_wconf 89' lang='lat' dir='ltr'>pacto</span> <span class='ocrx_word' id='word_1_51' title='bbox 1421 890 1556 944; x_wconf 92' lang='lat' dir='ltr'>illos</span> <span class='ocrx_word' id='word_1_52' title='bbox 1614 887 1937 943; x_wconf 85' lang='lat' dir='ltr'>momordit</span> <span class='ocrx_word' id='word_1_53' title='bbox 1964 886 1993 941; x_wconf 85' lang='lat'><strong>?</strong></span> <span class='ocrx_word' id='word_1_54' title='bbox 2020 916 2092 927; x_wconf 94' lang='lat'><strong><em>—</em></strong></span> 
     </span>
    </p>
   </div>
   <div class='ocr_carea' id='block_1_11' title="bbox 430 977 2090 1049">
    <p class='ocr_par' dir='ltr' id='par_1_11' title="bbox 430 977 2090 1049">
     <span class='ocr_line' id='line_1_11' title="bbox 430 977 2090 1049; baseline -0.003 -12"><span class='ocrx_word' id='word_1_55' title='bbox 430 982 556 1037; x_wconf 84' lang='lat' dir='ltr'>Non</span> <span class='ocrx_word' id='word_1_56' title='bbox 580 978 891 1039; x_wconf 84' lang='lat' dir='ltr'>audemus.</span> <span class='ocrx_word' id='word_1_57' title='bbox 926 978 1141 1049; x_wconf 87' lang='lat' dir='ltr'>inquit.</span> <span class='ocrx_word' id='word_1_58' title='bbox 1162 994 1240 1033; x_wconf 88' lang='lat' dir='ltr'>ne</span> <span class='ocrx_word' id='word_1_59' title='bbox 1274 995 1674 1034; x_wconf 88' lang='lat' dir='ltr'>annumerare</span> <span class='ocrx_word' id='word_1_60' title='bbox 1708 977 1950 1049; x_wconf 91' lang='lat' dir='ltr'>quidem</span> <span class='ocrx_word' id='word_1_61' title='bbox 1981 992 2090 1032; x_wconf 90' lang='lat' dir='ltr'>nos</span> 
     </span>
    </p>
   </div>
   <div class='ocr_carea' id='block_1_12' title="bbox 429 1065 2093 1139">
    <p class='ocr_par' dir='ltr' id='par_1_12' title="bbox 429 1065 2093 1139">
     <span class='ocr_line' id='line_1_12' title="bbox 429 1065 2093 1139; baseline -0.002 -18"><span class='ocrx_word' id='word_1_62' title='bbox 429 1067 592 1139; x_wconf 87' lang='lat' dir='ltr'>ipsos</span> <span class='ocrx_word' id='word_1_63' title='bbox 622 1066 696 1121; x_wconf 91' lang='lat' dir='ltr'>iis</span> <span class='ocrx_word' id='word_1_64' title='bbox 728 1065 828 1136; x_wconf 92' lang='lat' dir='ltr'>qui</span> <span class='ocrx_word' id='word_1_65' title='bbox 863 1081 991 1121; x_wconf 86' lang='lat' dir='ltr'>sese</span> <span class='ocrx_word' id='word_1_66' title='bbox 1017 1066 1662 1137; x_wconf 85' lang='lat' dir='ltr'>commendant,neque</span> <span class='ocrx_word' id='word_1_67' title='bbox 1696 1066 1757 1119; x_wconf 90' lang='lat' dir='ltr'>in</span> <span class='ocrx_word' id='word_1_68' title='bbox 1790 1079 2093 1136; x_wconf 87' lang='lat' dir='ltr'>compara-</span> 
     </span>
    </p>
   </div>
   <div class='ocr_carea' id='block_1_13' title="bbox 430 1154 2090 1226">
    <p class='ocr_par' dir='ltr' id='par_1_13' title="bbox 430 1154 2090 1226">
     <span class='ocr_line' id='line_1_13' title="bbox 430 1154 2090 1226; baseline -0.002 -16"><span class='ocrx_word' id='word_1_69' title='bbox 430 1156 593 1211; x_wconf 82' lang='lat' dir='ltr'>tione</span> <span class='ocrx_word' id='word_1_70' title='bbox 625 1154 700 1210; x_wconf 87' lang='lat' dir='ltr'>ad</span> <span class='ocrx_word' id='word_1_71' title='bbox 733 1171 833 1209; x_wconf 79' lang='lat' dir='ltr'>eos</span> <span class='ocrx_word' id='word_1_72' title='bbox 863 1154 1235 1225; x_wconf 88' lang='lat' dir='ltr'>aliquantum</span> <span class='ocrx_word' id='word_1_73' title='bbox 1262 1171 1371 1210; x_wconf 91' lang='lat' dir='ltr'>nos</span> <span class='ocrx_word' id='word_1_74' title='bbox 1406 1155 1551 1226; x_wconf 89' lang='lat' dir='ltr'>ipsis</span> <span class='ocrx_word' id='word_1_75' title='bbox 1570 1169 1939 1226; x_wconf 63' lang='lat' dir='ltr'>praeponere.</span> <span class='ocrx_word' id='word_1_76' title='bbox 1974 1154 2090 1207; x_wconf 80' lang='lat' dir='ltr'>Au-</span> 
     </span>
    </p>
   </div>
   <div class='ocr_carea' id='block_1_14' title="bbox 432 1241 2091 1315">
    <p class='ocr_par' dir='ltr' id='par_1_14' title="bbox 432 1241 2091 1315">
     <span class='ocr_line' id='line_1_14' title="bbox 432 1241 2091 1315; baseline -0.003 -14"><span class='ocrx_word' id='word_1_77' title='bbox 432 1244 662 1301; x_wconf 88' lang='lat' dir='ltr'>daciam</span> <span class='ocrx_word' id='word_1_78' title='bbox 693 1250 893 1300; x_wconf 90' lang='lat' dir='ltr'>autem</span> <span class='ocrx_word' id='word_1_79' title='bbox 926 1250 1109 1309; x_wconf 86' lang='lat' dir='ltr'>vocat,</span> <span class='ocrx_word' id='word_1_80' title='bbox 1138 1249 1195 1299; x_wconf 91' lang='lat' dir='ltr'>et</span> <span class='ocrx_word' id='word_1_81' title='bbox 1226 1241 1357 1298; x_wconf 84' lang='lat' dir='ltr'>fieri</span> <span class='ocrx_word' id='word_1_82' title='bbox 1395 1248 1683 1315; x_wconf 86' lang='lat' dir='ltr'>tanquam</span> <span class='ocrx_word' id='word_1_83' title='bbox 1715 1258 1902 1299; x_wconf 90' lang='lat' dir='ltr'>unum</span> <span class='ocrx_word' id='word_1_84' title='bbox 1934 1242 2091 1313; x_wconf 89' lang='lat' dir='ltr'>ipso-</span> 
     </span>
    </p>
   </div>
   <div class='ocr_carea' id='block_1_15' title="bbox 431 1331 2092 1396">
    <p class='ocr_par' dir='ltr' id='par_1_15' title="bbox 431 1331 2092 1396">
     <span class='ocr_line' id='line_1_15' title="bbox 431 1331 2092 1396; baseline -0.003 -5"><span class='ocrx_word' id='word_1_85' title='bbox 431 1339 653 1396; x_wconf 80' lang='lat' dir='ltr'>rum,et</span> <span class='ocrx_word' id='word_1_86' title='bbox 681 1334 925 1389; x_wconf 89' lang='lat' dir='ltr'>omnino</span> <span class='ocrx_word' id='word_1_87' title='bbox 957 1333 1079 1388; x_wconf 84' lang='lat' dir='ltr'>illis</span> <span class='ocrx_word' id='word_1_88' title='bbox 1109 1334 1470 1390; x_wconf 88' lang='lat' dir='ltr'>assimilari:</span> <span class='ocrx_word' id='word_1_89' title='bbox 1509 1333 1834 1389; x_wconf 86' lang='lat' dir='ltr'>ostendens</span> <span class='ocrx_word' id='word_1_90' title='bbox 1850 1332 1937 1388; x_wconf 87' lang='lat' dir='ltr'>rei</span> <span class='ocrx_word' id='word_1_91' title='bbox 1987 1331 2092 1386; x_wconf 87' lang='lat' dir='ltr'>ab-</span> 
     </span>
    </p>
   </div>
   <div class='ocr_carea' id='block_1_16' title="bbox 430 1422 2088 1495">
    <p class='ocr_par' dir='ltr' id='par_1_16' title="bbox 430 1422 2088 1495">
     <span class='ocr_line' id='line_1_16' title="bbox 430 1422 2088 1495; baseline -0.002 -16"><span class='ocrx_word' id='word_1_92' title='bbox 430 1423 780 1479; x_wconf 86' lang='lat' dir='ltr'>surditatem</span> <span class='ocrx_word' id='word_1_93' title='bbox 822 1428 880 1478; x_wconf 91' lang='lat' dir='ltr'>et</span> <span class='ocrx_word' id='word_1_94' title='bbox 900 1422 1411 1478; x_wconf 91' lang='lat' dir='ltr'>abominationem</span> <span class='ocrx_word' id='word_1_95' title='bbox 1431 1423 1695 1495; x_wconf 90' lang='lat' dir='ltr'>ipsorum</span> <span class='ocrx_word' id='word_1_96' title='bbox 1718 1438 1917 1479; x_wconf 90' lang='lat' dir='ltr'>coram</span> <span class='ocrx_word' id='word_1_97' title='bbox 1948 1422 2088 1476; x_wconf 92' lang='lat' dir='ltr'>Deo.</span> 
     </span>
    </p>
   </div>
   <div class='ocr_carea' id='block_1_17' title="bbox 423 1510 2091 1584">
    <p class='ocr_par' dir='ltr' id='par_1_17' title="bbox 423 1510 2091 1584">
     <span class='ocr_line' id='line_1_17' title="bbox 423 1510 2091 1584; baseline -0.001 -19"><span class='ocrx_word' id='word_1_98' title='bbox 423 1511 564 1568; x_wconf 90' lang='lat' dir='ltr'>Ideo</span> <span class='ocrx_word' id='word_1_99' title='bbox 594 1529 716 1568; x_wconf 92' lang='lat' dir='ltr'>non</span> <span class='ocrx_word' id='word_1_100' title='bbox 740 1510 1049 1578; x_wconf 87' lang='lat' dir='ltr'>audemus,</span> <span class='ocrx_word' id='word_1_101' title='bbox 1090 1510 1209 1567; x_wconf 89' lang='lat' dir='ltr'>ait:</span> <span class='ocrx_word' id='word_1_102' title='bbox 1238 1512 1460 1584; x_wconf 79' lang='lat' dir='ltr'>grande</span> <span class='ocrx_word' id='word_1_103' title='bbox 1508 1513 1669 1567; x_wconf 91' lang='lat' dir='ltr'>enim</span> <span class='ocrx_word' id='word_1_104' title='bbox 1729 1510 2091 1583; x_wconf 86' lang='lat' dir='ltr'>supplicium</span> 
     </span>
    </p>
   </div>
   <div class='ocr_carea' id='block_1_18' title="bbox 429 1598 2093 1672">
    <p class='ocr_par' dir='ltr' id='par_1_18' title="bbox 429 1598 2093 1672">
     <span class='ocr_line' id='line_1_18' title="bbox 429 1598 2093 1672; baseline -0.002 -15"><span class='ocrx_word' id='word_1_105' title='bbox 429 1600 649 1657; x_wconf 83' lang='lat' dir='ltr'>talibus</span> <span class='ocrx_word' id='word_1_106' title='bbox 682 1601 1010 1672; x_wconf 90' lang='lat' dir='ltr'>repositum</span> <span class='ocrx_word' id='word_1_107' title='bbox 1043 1606 1156 1656; x_wconf 91' lang='lat' dir='ltr'>est.</span> <span class='ocrx_word' id='word_1_108' title='bbox 1190 1602 1309 1658; x_wconf 83' lang='lat' dir='ltr'>Hoc</span> <span class='ocrx_word' id='word_1_109' title='bbox 1368 1608 1567 1658; x_wconf 89' lang='lat' dir='ltr'>autem</span> <span class='ocrx_word' id='word_1_110' title='bbox 1627 1601 1790 1670; x_wconf 88' lang='lat' dir='ltr'>dicit,</span> <span class='ocrx_word' id='word_1_111' title='bbox 1825 1598 2003 1656; x_wconf 89' lang='lat' dir='ltr'>simul</span> <span class='ocrx_word' id='word_1_112' title='bbox 2034 1603 2093 1653; x_wconf 93' lang='lat' dir='ltr'>et</span> 
     </span>
    </p>
   </div>
   <div class='ocr_carea' id='block_1_19' title="bbox 429 1689 2095 1763">
    <p class='ocr_par' dir='ltr' id='par_1_19' title="bbox 429 1689 2095 1763">
     <span class='ocr_line' id='line_1_19' title="bbox 429 1689 2095 1763; baseline -0.002 -18"><span class='ocrx_word' id='word_1_113' title='bbox 429 1690 765 1746; x_wconf 88' lang='lat' dir='ltr'>Corinthios</span> <span class='ocrx_word' id='word_1_114' title='bbox 788 1689 1117 1746; x_wconf 90' lang='lat' dir='ltr'>admonens</span> <span class='ocrx_word' id='word_1_115' title='bbox 1143 1690 1486 1763; x_wconf 87' lang='lat' dir='ltr'>hujusmodi</span> <span class='ocrx_word' id='word_1_116' title='bbox 1519 1696 1750 1763; x_wconf 83' lang='lat' dir='ltr'>pestem</span> <span class='ocrx_word' id='word_1_117' title='bbox 1777 1689 1999 1762; x_wconf 81' lang='lat' dir='ltr'>fugere,</span> <span class='ocrx_word' id='word_1_118' title='bbox 2035 1692 2095 1741; x_wconf 93' lang='lat' dir='ltr'>et</span> 
     </span>
    </p>
   </div>
   <div class='ocr_carea' id='block_1_20' title="bbox 2199 521 3865 611">
    <p class='ocr_par' dir='ltr' id='par_1_20' title="bbox 2199 521 3865 611">
     <span class='ocr_line' id='line_1_20' title="bbox 2199 521 3865 611; baseline 0.007 -34"><span class='ocrx_word' id='word_1_119' title='bbox 2199 521 2376 595; x_wconf 84' lang='grc' dir='ltr'>μῳδεῖ</span> <span class='ocrx_word' id='word_1_120' title='bbox 2427 523 2624 588; x_wconf 79' lang='grc' dir='ltr'>αὐτοὺς</span> <span class='ocrx_word' id='word_1_121' title='bbox 2680 526 2797 581; x_wconf 84' lang='grc' dir='ltr'>κατ’</span> <span class='ocrx_word' id='word_1_122' title='bbox 2847 525 3124 601; x_wconf 73' lang='grc' dir='ltr'>εἰρωνείαν</span> <span class='ocrx_word' id='word_1_123' title='bbox 3195 531 3455 604; x_wconf 87' lang='grc' dir='ltr'>προάγων</span> <span class='ocrx_word' id='word_1_124' title='bbox 3512 532 3605 587; x_wconf 88' lang='grc' dir='ltr'>τὸν</span> <span class='ocrx_word' id='word_1_125' title='bbox 3665 531 3865 611; x_wconf 84' lang='grc' dir='ltr'>λόγον,</span> 
     </span>
    </p>
   </div>
   <div class='ocr_carea' id='block_1_21' title="bbox 2197 612 3867 695">
    <p class='ocr_par' dir='ltr' id='par_1_21' title="bbox 2197 612 3867 695">
     <span class='ocr_line' id='line_1_21' title="bbox 2197 612 3867 695; baseline 0.008 -29"><span class='ocrx_word' id='word_1_126' title='bbox 2197 612 2286 667; x_wconf 78' lang='grc' dir='ltr'>καί</span> <span class='ocrx_word' id='word_1_127' title='bbox 2337 632 2523 691; x_wconf 68' lang='grc' dir='ltr'>φησιν’</span> <span class='ocrx_word' id='word_1_128' title='bbox 2580 615 2661 673; x_wconf 79' lang='grc' dir='ltr'>Οὐ</span> <span class='ocrx_word' id='word_1_129' title='bbox 2709 617 2814 690; x_wconf 81' lang='grc' dir='ltr'>γάρ</span> <span class='ocrx_word' id='word_1_130' title='bbox 2864 615 3165 691; x_wconf 86' lang='grc' dir='ltr'>τολμῶμεν</span> <span class='ocrx_word' id='word_1_131' title='bbox 3226 618 3492 695; x_wconf 73' lang='grc' dir='ltr'>ἐγκρῖνιι,</span> <span class='ocrx_word' id='word_1_132' title='bbox 3557 624 3671 677; x_wconf 85' lang='grc' dir='ltr'>οἷον</span> <span class='ocrx_word' id='word_1_133' title='bbox 3733 645 3867 680; x_wconf 86' lang='grc' dir='ltr'>συν-</span> 
     </span>
    </p>
   </div>
   <div class='ocr_carea' id='block_1_22' title="bbox 2201 702 3860 784">
    <p class='ocr_par' dir='ltr' id='par_1_22' title="bbox 2201 702 3860 784">
     <span class='ocr_line' id='line_1_22' title="bbox 2201 702 3860 784; baseline 0.007 -28"><span class='ocrx_word' id='word_1_134' title='bbox 2201 709 2524 777; x_wconf 77' lang='grc' dir='ltr'>αριθμῆσαι·</span> <span class='ocrx_word' id='word_1_135' title='bbox 2568 702 2603 772; x_wconf 76' lang='grc' dir='ltr'>ἢ</span> <span class='ocrx_word' id='word_1_136' title='bbox 2664 705 2971 781; x_wconf 69' lang='grc' dir='ltr'>συγκρίνειε,</span> <span class='ocrx_word' id='word_1_137' title='bbox 3033 708 3153 761; x_wconf 81' lang='grc' dir='ltr'>οἷον</span> <span class='ocrx_word' id='word_1_138' title='bbox 3212 707 3658 784; x_wconf 77' lang='grc' dir='ltr'>ἀντιπαραθεῖνσί</span> <span class='ocrx_word' id='word_1_139' title='bbox 3712 734 3860 769; x_wconf 89' lang='grc' dir='ltr'>τισιν</span> 
     </span>
    </p>
   </div>
   <div class='ocr_carea' id='block_1_23' title="bbox 2200 790 3863 875">
    <p class='ocr_par' dir='ltr' id='par_1_23' title="bbox 2200 790 3863 875">
     <span class='ocr_line' id='line_1_23' title="bbox 2200 790 3863 875; baseline 0.008 -31"><span class='ocrx_word' id='word_1_140' title='bbox 2200 790 2444 860; x_wconf 72' lang='grc' dir='ltr'>ἑαυτοὺς,</span> <span class='ocrx_word' id='word_1_141' title='bbox 2485 797 2593 847; x_wconf 86' lang='grc' dir='ltr'>τῶν</span> <span class='ocrx_word' id='word_1_142' title='bbox 2636 792 2861 855; x_wconf 73' lang='grc' dir='ltr'>ἑαυτοὺς</span> <span class='ocrx_word' id='word_1_143' title='bbox 2922 796 3361 868; x_wconf 75' lang='grc' dir='ltr'>παρατιθεμένων</span> <span class='ocrx_word' id='word_1_144' title='bbox 3424 795 3513 854; x_wconf 75' lang='grc' dir='ltr'>διὰ</span> <span class='ocrx_word' id='word_1_145' title='bbox 3568 806 3671 869; x_wconf 79' lang='grc' dir='ltr'>τῆς</span> <span class='ocrx_word' id='word_1_146' title='bbox 3719 822 3863 875; x_wconf 81' lang='grc' dir='ltr'>κομ-</span> 
     </span>
    </p>
   </div>
   <div class='ocr_carea' id='block_1_24' title="bbox 2197 875 3862 962">
    <p class='ocr_par' dir='ltr' id='par_1_24' title="bbox 2197 875 3862 962">
     <span class='ocr_line' id='line_1_24' title="bbox 2197 875 3862 962; baseline 0.006 -28"><span class='ocrx_word' id='word_1_147' title='bbox 2197 875 2418 944; x_wconf 82' lang='grc' dir='ltr'>πώδους</span> <span class='ocrx_word' id='word_1_148' title='bbox 2447 877 2835 955; x_wconf 78' lang='grc' dir='ltr'>ψευδολογίας.</span> <span class='ocrx_word' id='word_1_149' title='bbox 2869 883 3032 955; x_wconf 76' lang='grc' dir='ltr'>Ὁρᾷς</span> <span class='ocrx_word' id='word_1_150' title='bbox 3062 889 3180 947; x_wconf 87' lang='grc' dir='ltr'>πῶς</span> <span class='ocrx_word' id='word_1_151' title='bbox 3212 884 3408 948; x_wconf 76' lang='grc' dir='ltr'>αὐτοὺς</span> <span class='ocrx_word' id='word_1_152' title='bbox 3440 885 3813 962; x_wconf 76' lang='grc' dir='ltr'>ἐκωμῲδησεν</span> <span class='ocrx_word' id='word_1_153' title='bbox 3845 911 3862 961; x_wconf 86' lang='lat'><strong>;</strong></span> 
     </span>
    </p>
   </div>
   <div class='ocr_carea' id='block_1_25' title="bbox 2198 968 3863 1051">
    <p class='ocr_par' dir='ltr' id='par_1_25' title="bbox 2198 968 3863 1051">
     <span class='ocr_line' id='line_1_25' title="bbox 2198 968 3863 1051; baseline 0.008 -30"><span class='ocrx_word' id='word_1_154' title='bbox 2198 970 2504 1044; x_wconf 80' lang='grc' dir='ltr'>-[ΦΩΤ.]</span> <span class='ocrx_word' id='word_1_155' title='bbox 2536 969 2611 1027; x_wconf 76' lang='grc' dir='ltr'>Ού</span> <span class='ocrx_word' id='word_1_156' title='bbox 2643 968 2963 1044; x_wconf 88' lang='grc' dir='ltr'>τολμῶμεν,</span> <span class='ocrx_word' id='word_1_157' title='bbox 3023 973 3208 1051; x_wconf 64' lang='grc' dir='ltr'>ςδησῖν,</span> <span class='ocrx_word' id='word_1_158' title='bbox 3278 972 3402 1029; x_wconf 76' lang='grc' dir='ltr'>οὐδὲ</span> <span class='ocrx_word' id='word_1_159' title='bbox 3459 986 3863 1050; x_wconf 74' lang='grc' dir='ltr'>συναριθμῆσαι</span> 
     </span>
    </p>
   </div>
   <div class='ocr_carea' id='block_1_26' title="bbox 2199 1057 3863 1142">
    <p class='ocr_par' dir='ltr' id='par_1_26' title="bbox 2199 1057 3863 1142">
     <span class='ocr_line' id='line_1_26' title="bbox 2199 1057 3863 1142; baseline 0.008 -31"><span class='ocrx_word' id='word_1_160' title='bbox 2199 1057 2423 1123; x_wconf 69' lang='grc' dir='ltr'>ἑαυτοὺς</span> <span class='ocrx_word' id='word_1_161' title='bbox 2449 1063 2566 1121; x_wconf 79' lang='grc' dir='ltr'>τοῖς</span> <span class='ocrx_word' id='word_1_162' title='bbox 2599 1058 2823 1122; x_wconf 78' lang='grc' dir='ltr'>ἐαυτοὺς</span> <span class='ocrx_word' id='word_1_163' title='bbox 2879 1075 3311 1130; x_wconf 77' lang='grc' dir='ltr'>συνιστανουσιν,</span> <span class='ocrx_word' id='word_1_164' title='bbox 3360 1065 3486 1120; x_wconf 72' lang='grc' dir='ltr'>οὔτε</span> <span class='ocrx_word' id='word_1_165' title='bbox 3530 1064 3583 1121; x_wconf 86' lang='grc' dir='ltr'>ἐν</span> <span class='ocrx_word' id='word_1_166' title='bbox 3627 1068 3863 1142; x_wconf 70' lang='grc' dir='ltr'>συγκρί-</span> 
     </span>
    </p>
   </div>
   <div class='ocr_carea' id='block_1_27' title="bbox 2200 1148 3862 1235">
    <p class='ocr_par' dir='ltr' id='par_1_27' title="bbox 2200 1148 3862 1235">
     <span class='ocr_line' id='line_1_27' title="bbox 2200 1148 3862 1235; baseline 0.008 -34"><span class='ocrx_word' id='word_1_167' title='bbox 2200 1166 2279 1201; x_wconf 91' lang='grc' dir='ltr'>σει</span> <span class='ocrx_word' id='word_1_168' title='bbox 2335 1151 2403 1221; x_wconf 84' lang='grc' dir='ltr'>τῇ</span> <span class='ocrx_word' id='word_1_169' title='bbox 2462 1149 2599 1222; x_wconf 88' lang='grc' dir='ltr'>πρὸς</span> <span class='ocrx_word' id='word_1_170' title='bbox 2660 1148 2878 1218; x_wconf 79' lang='grc' dir='ltr'>αὐτοὺς,</span> <span class='ocrx_word' id='word_1_171' title='bbox 2959 1152 3154 1225; x_wconf 76' lang='grc' dir='ltr'>μικρόν</span> <span class='ocrx_word' id='word_1_172' title='bbox 3212 1175 3265 1209; x_wconf 89' lang='grc' dir='ltr'>τι</span> <span class='ocrx_word' id='word_1_173' title='bbox 3325 1150 3597 1235; x_wconf 61' lang='grc' dir='ltr'>διαφέρειν</span> <span class='ocrx_word' id='word_1_174' title='bbox 3656 1158 3862 1217; x_wconf 73' lang='grc' dir='ltr'>αὐτῶν.</span> 
     </span>
    </p>
   </div>
   <div class='ocr_carea' id='block_1_28' title="bbox 2198 1234 3859 1321">
    <p class='ocr_par' dir='ltr' id='par_1_28' title="bbox 2198 1234 3859 1321">
     <span class='ocr_line' id='line_1_28' title="bbox 2198 1234 3859 1321; baseline 0.007 -28"><span class='ocrx_word' id='word_1_175' title='bbox 2198 1234 2425 1309; x_wconf 87' lang='grc' dir='ltr'>Τόλμαν</span> <span class='ocrx_word' id='word_1_176' title='bbox 2466 1235 2523 1293; x_wconf 72' lang='grc' dir='ltr'>δέ</span> <span class='ocrx_word' id='word_1_177' title='bbox 2550 1236 2711 1295; x_wconf 81' lang='grc' dir='ltr'>καλεῖ</span> <span class='ocrx_word' id='word_1_178' title='bbox 2738 1240 2826 1295; x_wconf 85' lang='grc' dir='ltr'>καὶ</span> <span class='ocrx_word' id='word_1_179' title='bbox 2857 1242 2920 1297; x_wconf 85' lang='grc' dir='ltr'>τὸ</span> <span class='ocrx_word' id='word_1_180' title='bbox 2969 1242 3215 1317; x_wconf 72' lang='grc' dir='ltr'>γενέσθαι</span> <span class='ocrx_word' id='word_1_181' title='bbox 3266 1244 3341 1306; x_wconf 85' lang='grc' dir='ltr'>ὡς</span> <span class='ocrx_word' id='word_1_182' title='bbox 3400 1234 3493 1301; x_wconf 71' lang='grc' dir='ltr'>ἕνα</span> <span class='ocrx_word' id='word_1_183' title='bbox 3550 1245 3601 1317; x_wconf 78' lang='grc' dir='ltr'>ἐξ</span> <span class='ocrx_word' id='word_1_184' title='bbox 3654 1248 3859 1321; x_wconf 80' lang='grc' dir='ltr'>αὐτῶν,</span> 
     </span>
    </p>
   </div>
   <div class='ocr_carea' id='block_1_29' title="bbox 2198 1324 3858 1411">
    <p class='ocr_par' dir='ltr' id='par_1_29' title="bbox 2198 1324 3858 1411">
     <span class='ocr_line' id='line_1_29' title="bbox 2198 1324 3858 1411; baseline 0.007 -30"><span class='ocrx_word' id='word_1_185' title='bbox 2198 1325 2287 1381; x_wconf 79' lang='grc' dir='ltr'>καὶ</span> <span class='ocrx_word' id='word_1_186' title='bbox 2317 1326 2380 1381; x_wconf 85' lang='grc' dir='ltr'>τὸ</span> <span class='ocrx_word' id='word_1_187' title='bbox 2406 1324 2554 1403; x_wconf 81' lang='grc' dir='ltr'>ἔχειν</span> <span class='ocrx_word' id='word_1_188' title='bbox 2586 1329 2732 1391; x_wconf 85' lang='grc' dir='ltr'>ὅλως</span> <span class='ocrx_word' id='word_1_189' title='bbox 2780 1329 3086 1402; x_wconf 78' lang='grc' dir='ltr'>ὁμοιότητα</span> <span class='ocrx_word' id='word_1_190' title='bbox 3133 1332 3271 1407; x_wconf 86' lang='grc' dir='ltr'>πρὸς</span> <span class='ocrx_word' id='word_1_191' title='bbox 3333 1332 3549 1405; x_wconf 74' lang='grc' dir='ltr'>αὐτοὺς,</span> <span class='ocrx_word' id='word_1_192' title='bbox 3582 1339 3675 1391; x_wconf 80' lang='grc' dir='ltr'>τοῦ</span> <span class='ocrx_word' id='word_1_193' title='bbox 3704 1339 3858 1411; x_wconf 84' lang='grc' dir='ltr'>πρά-</span> 
     </span>
    </p>
   </div>
   <div class='ocr_carea' id='block_1_30' title="bbox 2200 1415 3865 1497">
    <p class='ocr_par' dir='ltr' id='par_1_30' title="bbox 2200 1415 3865 1497">
     <span class='ocr_line' id='line_1_30' title="bbox 2200 1415 3865 1497; baseline 0.007 -27"><span class='ocrx_word' id='word_1_194' title='bbox 2200 1436 2412 1489; x_wconf 88' lang='grc' dir='ltr'>γματος</span> <span class='ocrx_word' id='word_1_195' title='bbox 2444 1418 2507 1473; x_wconf 88' lang='grc' dir='ltr'>τὸ</span> <span class='ocrx_word' id='word_1_196' title='bbox 2537 1415 2766 1490; x_wconf 73' lang='grc' dir='ltr'>ἄτοπον,</span> <span class='ocrx_word' id='word_1_197' title='bbox 2796 1419 2889 1473; x_wconf 83' lang='grc' dir='ltr'>καὶ</span> <span class='ocrx_word' id='word_1_198' title='bbox 2945 1420 3007 1475; x_wconf 89' lang='grc' dir='ltr'>τὸ</span> <span class='ocrx_word' id='word_1_199' title='bbox 3065 1415 3466 1497; x_wconf 78' lang='grc' dir='ltr'>ἐϐδελυγμένον</span> <span class='ocrx_word' id='word_1_200' title='bbox 3521 1423 3697 1480; x_wconf 81' lang='grc' dir='ltr'>αὐτῶν</span> <span class='ocrx_word' id='word_1_201' title='bbox 3756 1423 3865 1481; x_wconf 77' lang='grc' dir='ltr'>δει-</span> 
     </span>
    </p>
   </div>
   <div class='ocr_carea' id='block_1_31' title="bbox 2199 1505 3863 1590">
    <p class='ocr_par' dir='ltr' id='par_1_31' title="bbox 2199 1505 3863 1590">
     <span class='ocr_line' id='line_1_31' title="bbox 2199 1505 3863 1590; baseline 0.007 -31"><span class='ocrx_word' id='word_1_202' title='bbox 2199 1505 2327 1568; x_wconf 84' lang='grc' dir='ltr'>κνὺς</span> <span class='ocrx_word' id='word_1_203' title='bbox 2356 1510 2435 1579; x_wconf 81' lang='grc' dir='ltr'>τῷ</span> <span class='ocrx_word' id='word_1_204' title='bbox 2466 1510 2605 1579; x_wconf 78' lang='grc' dir='ltr'>Θεῷ.</span> <span class='ocrx_word' id='word_1_205' title='bbox 2641 1508 2735 1563; x_wconf 83' lang='grc' dir='ltr'>Διὸ</span> <span class='ocrx_word' id='word_1_206' title='bbox 2767 1508 2833 1563; x_wconf 83' lang='grc' dir='ltr'>οὐ</span> <span class='ocrx_word' id='word_1_207' title='bbox 2863 1506 3191 1583; x_wconf 86' lang='grc' dir='ltr'>τολμῶμεν,</span> <span class='ocrx_word' id='word_1_208' title='bbox 3243 1512 3428 1584; x_wconf 72' lang='grc' dir='ltr'>φησὶν,</span> <span class='ocrx_word' id='word_1_209' title='bbox 3492 1512 3577 1569; x_wconf 78' lang='grc' dir='ltr'>ὅτι</span> <span class='ocrx_word' id='word_1_210' title='bbox 3638 1515 3863 1590; x_wconf 77' lang='grc' dir='ltr'>μεγάλη</span> 
     </span>
    </p>
   </div>
   <div class='ocr_carea' id='block_1_32' title="bbox 2199 1593 3867 1681">
    <p class='ocr_par' dir='ltr' id='par_1_32' title="bbox 2199 1593 3867 1681">
     <span class='ocr_line' id='line_1_32' title="bbox 2199 1593 3867 1681; baseline 0.006 -31"><span class='ocrx_word' id='word_1_211' title='bbox 2199 1593 2445 1670; x_wconf 82' lang='grc' dir='ltr'>τιμωρία</span> <span class='ocrx_word' id='word_1_212' title='bbox 2474 1599 2592 1681; x_wconf 75' lang='grc' dir='ltr'>τοῖς</span> <span class='ocrx_word' id='word_1_213' title='bbox 2637 1596 2917 1659; x_wconf 77' lang='grc' dir='ltr'>τοιούτοις</span> <span class='ocrx_word' id='word_1_214' title='bbox 2975 1596 3281 1655; x_wconf 82' lang='grc' dir='ltr'>ἀπόκειται.</span> <span class='ocrx_word' id='word_1_215' title='bbox 3342 1601 3519 1657; x_wconf 81' lang='grc' dir='ltr'>Τοῦτο</span> <span class='ocrx_word' id='word_1_216' title='bbox 3574 1598 3631 1657; x_wconf 70' lang='grc' dir='ltr'>δὲ</span> <span class='ocrx_word' id='word_1_217' title='bbox 3688 1602 3867 1679; x_wconf 67' lang='grc' dir='ltr'>λέγει,</span> 
     </span>
    </p>
   </div>
   <div class='ocr_carea' id='block_1_33' title="bbox 2202 1682 3870 1764">
    <p class='ocr_par' dir='ltr' id='par_1_33' title="bbox 2202 1682 3870 1764">
     <span class='ocr_line' id='line_1_33' title="bbox 2202 1682 3870 1764; baseline 0.005 -26"><span class='ocrx_word' id='word_1_218' title='bbox 2202 1682 2316 1756; x_wconf 76' lang='grc' dir='ltr'>ἃμα</span> <span class='ocrx_word' id='word_1_219' title='bbox 2346 1683 2435 1739; x_wconf 78' lang='grc' dir='ltr'>καὶ</span> <span class='ocrx_word' id='word_1_220' title='bbox 2467 1682 2595 1748; x_wconf 72' lang='grc' dir='ltr'>τοὺς</span> <span class='ocrx_word' id='word_1_221' title='bbox 2624 1686 2958 1761; x_wconf 77' lang='grc' dir='ltr'>Κορινθίους</span> <span class='ocrx_word' id='word_1_222' title='bbox 3011 1688 3227 1763; x_wconf 76' lang='grc' dir='ltr'>φεύγειν</span> <span class='ocrx_word' id='word_1_223' title='bbox 3288 1694 3559 1764; x_wconf 82' lang='grc' dir='ltr'>παραινῶν</span> <span class='ocrx_word' id='word_1_224' title='bbox 3629 1691 3694 1746; x_wconf 81' lang='grc' dir='ltr'>τὸ</span> <span class='ocrx_word' id='word_1_225' title='bbox 3749 1712 3870 1747; x_wconf 90' lang='grc' dir='ltr'>τοι-</span> 
     </span>
    </p>
   </div>
   <div class='ocr_carea' id='block_1_34' title="bbox 429 1775 2091 1873">
    <p class='ocr_par' dir='ltr' id='par_1_34' title="bbox 429 1775 2091 1854">
     <span class='ocr_line' id='line_1_34' title="bbox 429 1775 2091 1854; baseline -0.002 -20"><span class='ocrx_word' id='word_1_226' title='bbox 429 1779 592 1852; x_wconf 91' lang='lat' dir='ltr'>ipsos</span> <span class='ocrx_word' id='word_1_227' title='bbox 618 1797 652 1835; x_wconf 90' lang='lat' dir='ltr'>a</span> <span class='ocrx_word' id='word_1_228' title='bbox 682 1779 903 1835; x_wconf 85' lang='lat' dir='ltr'>talibus</span> <span class='ocrx_word' id='word_1_229' title='bbox 932 1796 1218 1851; x_wconf 90' lang='lat' dir='ltr'>separans</span> <span class='ocrx_word' id='word_1_230' title='bbox 1250 1797 1319 1836; x_wconf 90' lang='lat' dir='ltr'>ac</span> <span class='ocrx_word' id='word_1_231' title='bbox 1370 1780 1764 1854; x_wconf 82' lang='lat' dir='ltr'>distinguens.</span> <span class='ocrx_word' id='word_1_232' title='bbox 1816 1776 1983 1844; x_wconf 89' lang='lat' dir='ltr'>Quod</span> <span class='ocrx_word' id='word_1_233' title='bbox 2042 1775 2091 1831; x_wconf 90' lang='lat' dir='ltr'>si</span> 
     </span>
    </p>
   </div>
   <div class='ocr_carea' id='block_1_35' title="bbox 2200 1775 3869 1873">
    <p class='ocr_par' dir='ltr' id='par_1_35' title="bbox 2203 1775 3869 1856">
     <span class='ocr_line' id='line_1_35' title="bbox 2203 1775 3869 1856; baseline 0.007 -29"><span class='ocrx_word' id='word_1_234' title='bbox 2203 1777 2360 1828; x_wconf 83' lang='grc' dir='ltr'>οὖτον</span> <span class='ocrx_word' id='word_1_235' title='bbox 2390 1775 2632 1848; x_wconf 82' lang='grc' dir='ltr'>νόσημα,</span> <span class='ocrx_word' id='word_1_236' title='bbox 2664 1776 2753 1831; x_wconf 80' lang='grc' dir='ltr'>καὶ</span> <span class='ocrx_word' id='word_1_237' title='bbox 2786 1776 2893 1832; x_wconf 83' lang='grc' dir='ltr'>ἀπὸ</span> <span class='ocrx_word' id='word_1_238' title='bbox 2923 1782 3031 1833; x_wconf 90' lang='grc' dir='ltr'>τῶν</span> <span class='ocrx_word' id='word_1_239' title='bbox 3078 1777 3342 1834; x_wconf 74' lang='grc' dir='ltr'>τοιούτων</span> <span class='ocrx_word' id='word_1_240' title='bbox 3411 1775 3707 1856; x_wconf 79' lang='grc' dir='ltr'>διασχίζων</span> <span class='ocrx_word' id='word_1_241' title='bbox 3775 1788 3869 1845; x_wconf 79' lang='grc' dir='ltr'>καὶ</span> 
     </span>
    </p>
   </div>
   <div class='ocr_carea' id='block_1_36' title="bbox 432 1866 2083 1940">
    <p class='ocr_par' dir='ltr' id='par_1_36' title="bbox 432 1866 2083 1940">
     <span class='ocr_line' id='line_1_36' title="bbox 432 1866 2083 1940; baseline -0.002 -16"><span class='ocrx_word' id='word_1_242' title='bbox 432 1884 543 1924; x_wconf 92' lang='lat' dir='ltr'>nos</span> <span class='ocrx_word' id='word_1_243' title='bbox 566 1867 727 1940; x_wconf 90' lang='lat' dir='ltr'>ipsos</span> <span class='ocrx_word' id='word_1_244' title='bbox 757 1868 1114 1923; x_wconf 85' lang='lat' dir='ltr'>auderemus</span> <span class='ocrx_word' id='word_1_245' title='bbox 1145 1868 1564 1924; x_wconf 89' lang='lat' dir='ltr'>commendare</span> <span class='ocrx_word' id='word_1_246' title='bbox 1595 1869 1750 1925; x_wconf 89' lang='lat' dir='ltr'>sicut</span> <span class='ocrx_word' id='word_1_247' title='bbox 1778 1872 1838 1923; x_wconf 91' lang='lat' dir='ltr'>et</span> <span class='ocrx_word' id='word_1_248' title='bbox 1865 1866 2083 1931; x_wconf 89' lang='lat' dir='ltr'>illi,ne-</span> 
     </span>
    </p>
   </div>
   <div class='ocr_carea' id='block_1_37' title="bbox 381 1955 2087 2029">
    <p class='ocr_par' dir='ltr' id='par_1_37' title="bbox 381 1955 2087 2029">
     <span class='ocr_line' id='line_1_37' title="bbox 381 1955 2087 2029; baseline -0.001 -18"><span class='ocrx_word' id='word_1_249' title='bbox 381 1967 395 1975; x_wconf 83' lang='lat'><strong>&#39;</strong></span> <span class='ocrx_word' id='word_1_250' title='bbox 430 1972 726 2029; x_wconf 84' lang='lat' dir='ltr'>quaquam</span> <span class='ocrx_word' id='word_1_251' title='bbox 761 1957 912 2011; x_wconf 84' lang='lat' dir='ltr'>tales</span> <span class='ocrx_word' id='word_1_252' title='bbox 935 1972 1199 2012; x_wconf 90' lang='lat' dir='ltr'>essemus</span> <span class='ocrx_word' id='word_1_253' title='bbox 1256 1964 1601 2028; x_wconf 67' lang='lat' dir='ltr'>praesentes,</span> <span class='ocrx_word' id='word_1_254' title='bbox 1637 1956 1843 2027; x_wconf 89' lang='lat' dir='ltr'>quales</span> <span class='ocrx_word' id='word_1_255' title='bbox 1894 1963 1953 2011; x_wconf 91' lang='lat' dir='ltr'>et</span> <span class='ocrx_word' id='word_1_256' title='bbox 1981 1955 2087 2011; x_wconf 87' lang='lat' dir='ltr'>ab-</span> 
     </span>
    </p>
   </div>
   <div class='ocr_carea' id='block_1_38' title="bbox 428 2044 2090 2117">
    <p class='ocr_par' dir='ltr' id='par_1_38' title="bbox 428 2044 2090 2117">
     <span class='ocr_line' id='line_1_38' title="bbox 428 2044 2090 2117; baseline -0.001 -15"><span class='ocrx_word' id='word_1_257' title='bbox 428 2055 629 2103; x_wconf 88' lang='lat' dir='ltr'>sentes</span> <span class='ocrx_word' id='word_1_258' title='bbox 659 2062 925 2102; x_wconf 88' lang='lat' dir='ltr'>essemus</span> <span class='ocrx_word' id='word_1_259' title='bbox 954 2062 1059 2116; x_wconf 92' lang='lat' dir='ltr'>per</span> <span class='ocrx_word' id='word_1_260' title='bbox 1087 2045 1392 2117; x_wconf 82' lang='lat' dir='ltr'>epistolas,</span> <span class='ocrx_word' id='word_1_261' title='bbox 1429 2046 1533 2100; x_wconf 87' lang='lat' dir='ltr'>sed</span> <span class='ocrx_word' id='word_1_262' title='bbox 1592 2052 1961 2102; x_wconf 90' lang='lat' dir='ltr'>mutaremur</span> <span class='ocrx_word' id='word_1_263' title='bbox 1991 2044 2090 2101; x_wconf 88' lang='lat' dir='ltr'>hic</span> 
     </span>
    </p>
   </div>
   <div class='ocr_carea' id='block_1_39' title="bbox 426 2134 2089 2208">
    <p class='ocr_par' dir='ltr' id='par_1_39' title="bbox 426 2134 2089 2208">
     <span class='ocr_line' id='line_1_39' title="bbox 426 2134 2089 2208; baseline -0.001 -17"><span class='ocrx_word' id='word_1_264' title='bbox 426 2142 487 2191; x_wconf 89' lang='lat' dir='ltr'>et</span> <span class='ocrx_word' id='word_1_265' title='bbox 514 2137 617 2200; x_wconf 89' lang='lat' dir='ltr'>ibi,</span> <span class='ocrx_word' id='word_1_266' title='bbox 651 2152 719 2191; x_wconf 90' lang='lat' dir='ltr'>ac</span> <span class='ocrx_word' id='word_1_267' title='bbox 751 2135 1020 2208; x_wconf 87' lang='lat' dir='ltr'>epistolis</span> <span class='ocrx_word' id='word_1_268' title='bbox 1044 2135 1143 2190; x_wconf 90' lang='lat' dir='ltr'>alii</span> <span class='ocrx_word' id='word_1_269' title='bbox 1195 2141 1255 2190; x_wconf 91' lang='lat' dir='ltr'>et</span> <span class='ocrx_word' id='word_1_270' title='bbox 1283 2135 1382 2190; x_wconf 88' lang='lat' dir='ltr'>alii</span> <span class='ocrx_word' id='word_1_271' title='bbox 1419 2135 1813 2205; x_wconf 83' lang='lat' dir='ltr'>efﬁceremur,</span> <span class='ocrx_word' id='word_1_272' title='bbox 1865 2141 1923 2191; x_wconf 91' lang='lat' dir='ltr'>et</span> <span class='ocrx_word' id='word_1_273' title='bbox 1974 2134 2089 2208; x_wconf 91' lang='lat' dir='ltr'>ipsi</span> 
     </span>
    </p>
   </div>
   <div class='ocr_carea' id='block_1_40' title="bbox 426 2224 2088 2299">
    <p class='ocr_par' dir='ltr' id='par_1_40' title="bbox 426 2224 2088 2299">
     <span class='ocr_line' id='line_1_40' title="bbox 426 2224 2088 2299; baseline 0 -19"><span class='ocrx_word' id='word_1_274' title='bbox 426 2231 751 2299; x_wconf 71' lang='lat' dir='ltr'>praesentes</span> <span class='ocrx_word' id='word_1_275' title='bbox 777 2224 949 2297; x_wconf 81' lang='lat' dir='ltr'>juxta</span> <span class='ocrx_word' id='word_1_276' title='bbox 978 2241 1123 2279; x_wconf 90' lang='lat' dir='ltr'>usus</span> <span class='ocrx_word' id='word_1_277' title='bbox 1155 2230 1214 2279; x_wconf 91' lang='lat' dir='ltr'>et</span> <span class='ocrx_word' id='word_1_278' title='bbox 1254 2229 1586 2297; x_wconf 89' lang='lat' dir='ltr'>temporum</span> <span class='ocrx_word' id='word_1_279' title='bbox 1617 2225 1961 2281; x_wconf 87' lang='lat' dir='ltr'>occasiones</span> <span class='ocrx_word' id='word_1_280' title='bbox 1993 2240 2088 2280; x_wconf 85' lang='lat' dir='ltr'>va-</span> 
     </span>
    </p>
   </div>
   <div class='ocr_carea' id='block_1_41' title="bbox 426 2314 2087 2385">
    <p class='ocr_par' dir='ltr' id='par_1_41' title="bbox 426 2314 2087 2385">
     <span class='ocr_line' id='line_1_41' title="bbox 426 2314 2087 2385; baseline 0 -16"><span class='ocrx_word' id='word_1_281' title='bbox 426 2315 811 2381; x_wconf 89' lang='lat' dir='ltr'>riaremur,et</span> <span class='ocrx_word' id='word_1_282' title='bbox 842 2330 1000 2369; x_wconf 91' lang='lat' dir='ltr'>nunc</span> <span class='ocrx_word' id='word_1_283' title='bbox 1032 2314 1276 2385; x_wconf 90' lang='lat' dir='ltr'>quidem</span> <span class='ocrx_word' id='word_1_284' title='bbox 1300 2322 1767 2383; x_wconf 88' lang='lat' dir='ltr'>assentaremur,</span> <span class='ocrx_word' id='word_1_285' title='bbox 1791 2330 1954 2371; x_wconf 90' lang='lat' dir='ltr'>nunc</span> <span class='ocrx_word' id='word_1_286' title='bbox 1984 2329 2087 2369; x_wconf 88' lang='lat' dir='ltr'>au-</span> 
     </span>
    </p>
   </div>
   <div class='ocr_carea' id='block_1_42' title="bbox 428 2402 2091 2476">
    <p class='ocr_par' dir='ltr' id='par_1_42' title="bbox 428 2402 2091 2476">
     <span class='ocr_line' id='line_1_42' title="bbox 428 2402 2091 2476; baseline -0.001 -18"><span class='ocrx_word' id='word_1_287' title='bbox 428 2409 550 2459; x_wconf 89' lang='lat' dir='ltr'>tem</span> <span class='ocrx_word' id='word_1_288' title='bbox 582 2403 880 2459; x_wconf 87' lang='lat' dir='ltr'>tremendi</span> <span class='ocrx_word' id='word_1_289' title='bbox 914 2402 1286 2459; x_wconf 83' lang='lat' dir='ltr'>videremur:</span> <span class='ocrx_word' id='word_1_290' title='bbox 1322 2403 1658 2476; x_wconf 88' lang='lat' dir='ltr'>principum</span> <span class='ocrx_word' id='word_1_291' title='bbox 1682 2404 1922 2475; x_wconf 90' lang='lat' dir='ltr'>quidem</span> <span class='ocrx_word' id='word_1_292' title='bbox 1940 2402 2091 2459; x_wconf 87' lang='lat' dir='ltr'>servi</span> 
     </span>
    </p>
   </div>
   <div class='ocr_carea' id='block_1_43' title="bbox 429 2493 2093 2562">
    <p class='ocr_par' dir='ltr' id='par_1_43' title="bbox 429 2493 2093 2562">
     <span class='ocr_line' id='line_1_43' title="bbox 429 2493 2093 2562; baseline -0.001 -12"><span class='ocrx_word' id='word_1_293' title='bbox 429 2511 499 2550; x_wconf 90' lang='lat' dir='ltr'>ac</span> <span class='ocrx_word' id='word_1_294' title='bbox 540 2495 797 2550; x_wconf 88' lang='lat' dir='ltr'>ministri</span> <span class='ocrx_word' id='word_1_295' title='bbox 828 2493 1176 2562; x_wconf 85' lang='lat' dir='ltr'>voluntatis,</span> <span class='ocrx_word' id='word_1_296' title='bbox 1208 2494 1528 2551; x_wconf 89' lang='lat' dir='ltr'>humilium</span> <span class='ocrx_word' id='word_1_297' title='bbox 1556 2510 1692 2550; x_wconf 88' lang='lat' dir='ltr'>vero</span> <span class='ocrx_word' id='word_1_298' title='bbox 1745 2494 1967 2550; x_wconf 90' lang='lat' dir='ltr'>domini</span> <span class='ocrx_word' id='word_1_299' title='bbox 2022 2509 2093 2549; x_wconf 90' lang='lat' dir='ltr'>ac</span> 
     </span>
    </p>
   </div>
   <div class='ocr_carea' id='block_1_44' title="bbox 425 2583 2093 2656">
    <p class='ocr_par' dir='ltr' id='par_1_44' title="bbox 425 2583 2093 2656">
     <span class='ocr_line' id='line_1_44' title="bbox 425 2583 2093 2656; baseline 0 -17"><span class='ocrx_word' id='word_1_300' title='bbox 425 2583 680 2656; x_wconf 90' lang='lat' dir='ltr'>judices.</span> <span class='ocrx_word' id='word_1_301' title='bbox 707 2585 854 2639; x_wconf 88' lang='lat' dir='ltr'>Nam</span> <span class='ocrx_word' id='word_1_302' title='bbox 885 2583 986 2654; x_wconf 89' lang='lat' dir='ltr'>qui</span> <span class='ocrx_word' id='word_1_303' title='bbox 1019 2599 1081 2638; x_wconf 90' lang='lat' dir='ltr'>se</span> <span class='ocrx_word' id='word_1_304' title='bbox 1113 2583 1308 2654; x_wconf 89' lang='lat' dir='ltr'>ipsum</span> <span class='ocrx_word' id='word_1_305' title='bbox 1341 2583 1743 2649; x_wconf 89' lang='lat' dir='ltr'>commendat,</span> <span class='ocrx_word' id='word_1_306' title='bbox 1777 2585 1980 2640; x_wconf 89' lang='lat' dir='ltr'>omnia</span> <span class='ocrx_word' id='word_1_307' title='bbox 2002 2583 2093 2639; x_wconf 83' lang='lat' dir='ltr'>fa-</span> 
     </span>
    </p>
   </div>
   <div class='ocr_carea' id='block_1_45' title="bbox 433 2672 2095 2745">
    <p class='ocr_par' dir='ltr' id='par_1_45' title="bbox 433 2672 2095 2745">
     <span class='ocr_line' id='line_1_45' title="bbox 433 2672 2095 2745; baseline -0.001 -16"><span class='ocrx_word' id='word_1_308' title='bbox 433 2673 516 2729; x_wconf 90' lang='lat' dir='ltr'>cit</span> <span class='ocrx_word' id='word_1_309' title='bbox 543 2673 616 2729; x_wconf 87' lang='lat' dir='ltr'>ad</span> <span class='ocrx_word' id='word_1_310' title='bbox 647 2673 955 2745; x_wconf 88' lang='lat' dir='ltr'>proprium</span> <span class='ocrx_word' id='word_1_311' title='bbox 976 2672 1304 2744; x_wconf 88' lang='lat' dir='ltr'>respiciens</span> <span class='ocrx_word' id='word_1_312' title='bbox 1327 2679 1642 2744; x_wconf 68' lang='lat' dir='ltr'>quaestum,</span> <span class='ocrx_word' id='word_1_313' title='bbox 1672 2690 1801 2729; x_wconf 89' lang='lat' dir='ltr'>sese</span> <span class='ocrx_word' id='word_1_314' title='bbox 1833 2689 2095 2729; x_wconf 88' lang='lat' dir='ltr'>commu-</span> 
     </span>
    </p>
   </div>
   <div class='ocr_carea' id='block_1_46' title="bbox 434 2762 2095 2837">
    <p class='ocr_par' dir='ltr' id='par_1_46' title="bbox 434 2762 2095 2837">
     <span class='ocr_line' id='line_1_46' title="bbox 434 2762 2095 2837; baseline -0.001 -17"><span class='ocrx_word' id='word_1_315' title='bbox 434 2771 571 2821; x_wconf 90' lang='lat' dir='ltr'>tans</span> <span class='ocrx_word' id='word_1_316' title='bbox 603 2780 840 2836; x_wconf 88' lang='lat' dir='ltr'>semper</span> <span class='ocrx_word' id='word_1_317' title='bbox 872 2780 939 2818; x_wconf 91' lang='lat' dir='ltr'>ac</span> <span class='ocrx_word' id='word_1_318' title='bbox 970 2762 1405 2819; x_wconf 89' lang='lat' dir='ltr'>transformans</span> <span class='ocrx_word' id='word_1_319' title='bbox 1436 2763 1511 2819; x_wconf 89' lang='lat' dir='ltr'>ad</span> <span class='ocrx_word' id='word_1_320' title='bbox 1542 2765 1844 2837; x_wconf 87' lang='lat' dir='ltr'>propriam</span> <span class='ocrx_word' id='word_1_321' title='bbox 1876 2763 2095 2819; x_wconf 84' lang='lat' dir='ltr'>utilita-</span> 
     </span>
    </p>
   </div>
   <div class='ocr_carea' id='block_1_47' title="bbox 438 2852 2092 2925">
    <p class='ocr_par' dir='ltr' id='par_1_47' title="bbox 438 2852 2092 2925">
     <span class='ocr_line' id='line_1_47' title="bbox 438 2852 2092 2925; baseline -0.001 -15"><span class='ocrx_word' id='word_1_322' title='bbox 438 2859 577 2910; x_wconf 91' lang='lat' dir='ltr'>tem.</span> <span class='ocrx_word' id='word_1_323' title='bbox 638 2852 749 2908; x_wconf 90' lang='lat' dir='ltr'>Sed</span> <span class='ocrx_word' id='word_1_324' title='bbox 797 2868 991 2924; x_wconf 88' lang='lat' dir='ltr'>neque</span> <span class='ocrx_word' id='word_1_325' title='bbox 1042 2859 1107 2908; x_wconf 92' lang='lat' dir='ltr'>ut</span> <span class='ocrx_word' id='word_1_326' title='bbox 1133 2869 1287 2907; x_wconf 89' lang='lat' dir='ltr'>unus</span> <span class='ocrx_word' id='word_1_327' title='bbox 1342 2852 1584 2908; x_wconf 89' lang='lat' dir='ltr'>illorum</span> <span class='ocrx_word' id='word_1_328' title='bbox 1635 2870 1863 2922; x_wconf 89' lang='lat' dir='ltr'>sumus,</span> <span class='ocrx_word' id='word_1_329' title='bbox 1897 2869 2092 2925; x_wconf 86' lang='lat' dir='ltr'>neque</span> 
     </span>
    </p>
   </div>
   <div class='ocr_carea' id='block_1_48' title="bbox 435 2941 2097 3014">
    <p class='ocr_par' dir='ltr' id='par_1_48' title="bbox 435 2941 2097 3014">
     <span class='ocr_line' id='line_1_48' title="bbox 435 2941 2097 3014; baseline -0.001 -15"><span class='ocrx_word' id='word_1_330' title='bbox 435 2942 622 3000; x_wconf 89' lang='lat' dir='ltr'>ullam</span> <span class='ocrx_word' id='word_1_331' title='bbox 651 2941 725 2998; x_wconf 88' lang='lat' dir='ltr'>ad</span> <span class='ocrx_word' id='word_1_332' title='bbox 757 2942 916 3013; x_wconf 89' lang='lat' dir='ltr'>ipsos</span> <span class='ocrx_word' id='word_1_333' title='bbox 948 2941 1462 3014; x_wconf 84' lang='lat' dir='ltr'>participationem</span> <span class='ocrx_word' id='word_1_334' title='bbox 1492 2942 1782 2999; x_wconf 88' lang='lat' dir='ltr'>habemus</span> <span class='ocrx_word' id='word_1_335' title='bbox 1804 2948 1908 2998; x_wconf 90' lang='lat' dir='ltr'>aut</span> <span class='ocrx_word' id='word_1_336' title='bbox 1937 2942 2097 2998; x_wconf 88' lang='lat' dir='ltr'>simi-</span> 
     </span>
    </p>
   </div>
   <div class='ocr_carea' id='block_1_49' title="bbox 436 3033 2092 3106">
    <p class='ocr_par' dir='ltr' id='par_1_49' title="bbox 436 3033 2092 3106">
     <span class='ocr_line' id='line_1_49' title="bbox 436 3033 2092 3106; baseline 0 -17"><span class='ocrx_word' id='word_1_337' title='bbox 436 3033 752 3089; x_wconf 90' lang='lat' dir='ltr'>litudinem</span> <span class='ocrx_word' id='word_1_338' title='bbox 776 3050 925 3100; x_wconf 91' lang='lat' dir='ltr'>;non</span> <span class='ocrx_word' id='word_1_339' title='bbox 950 3034 1108 3089; x_wconf 85' lang='lat' dir='ltr'>enim</span> <span class='ocrx_word' id='word_1_340' title='bbox 1124 3033 1275 3089; x_wconf 90' lang='lat' dir='ltr'>tales</span> <span class='ocrx_word' id='word_1_341' title='bbox 1308 3034 1437 3089; x_wconf 88' lang='lat' dir='ltr'>fleri</span> <span class='ocrx_word' id='word_1_342' title='bbox 1455 3033 1743 3090; x_wconf 88' lang='lat' dir='ltr'>audemus</span> <span class='ocrx_word' id='word_1_343' title='bbox 1770 3034 2092 3106; x_wconf 88' lang='lat' dir='ltr'>:quomodo</span> 
     </span>
    </p>
   </div>
   <div class='ocr_carea' id='block_1_50' title="bbox 436 3122 2093 3194">
    <p class='ocr_par' dir='ltr' id='par_1_50' title="bbox 436 3122 2093 3194">
     <span class='ocr_line' id='line_1_50' title="bbox 436 3122 2093 3194; baseline -0.001 -15"><span class='ocrx_word' id='word_1_344' title='bbox 436 3140 574 3193; x_wconf 72' lang='lat' dir='ltr'>ergo</span> <span class='ocrx_word' id='word_1_345' title='bbox 606 3123 706 3178; x_wconf 89' lang='lat' dir='ltr'>alii</span> <span class='ocrx_word' id='word_1_346' title='bbox 739 3138 947 3178; x_wconf 90' lang='lat' dir='ltr'>sumus</span> <span class='ocrx_word' id='word_1_347' title='bbox 1002 3138 1109 3194; x_wconf 87' lang='lat' dir='ltr'>per</span> <span class='ocrx_word' id='word_1_348' title='bbox 1169 3122 1447 3194; x_wconf 87' lang='lat' dir='ltr'>epistolas</span> <span class='ocrx_word' id='word_1_349' title='bbox 1493 3122 1790 3192; x_wconf 88' lang='lat' dir='ltr'>absentes,</span> <span class='ocrx_word' id='word_1_350' title='bbox 1824 3123 1925 3179; x_wconf 90' lang='lat' dir='ltr'>alii</span> <span class='ocrx_word' id='word_1_351' title='bbox 1955 3140 2093 3180; x_wconf 91' lang='lat' dir='ltr'>vero</span> 
     </span>
    </p>
   </div>
   <div class='ocr_carea' id='block_1_51' title="bbox 2205 1862 3867 1943">
    <p class='ocr_par' dir='ltr' id='par_1_51' title="bbox 2205 1862 3867 1943">
     <span class='ocr_line' id='line_1_51' title="bbox 2205 1862 3867 1943; baseline 0.005 -24"><span class='ocrx_word' id='word_1_352' title='bbox 2205 1862 2426 1920; x_wconf 80' lang='grc' dir='ltr'>διιστῶν</span> <span class='ocrx_word' id='word_1_353' title='bbox 2458 1864 2678 1928; x_wconf 79' lang='grc' dir='ltr'>αὐτούς.</span> <span class='ocrx_word' id='word_1_354' title='bbox 2711 1866 2775 1923; x_wconf 76' lang='grc' dir='ltr'>Εἰ</span> <span class='ocrx_word' id='word_1_355' title='bbox 2813 1866 2870 1923; x_wconf 74' lang='grc' dir='ltr'><strong>ὂὶ</strong></span> <span class='ocrx_word' id='word_1_356' title='bbox 2917 1866 3245 1943; x_wconf 83' lang='grc' dir='ltr'>ἐτολμῶμεν</span> <span class='ocrx_word' id='word_1_357' title='bbox 3275 1869 3497 1933; x_wconf 69' lang='grc' dir='ltr'>ἑαυτοὺς</span> <span class='ocrx_word' id='word_1_358' title='bbox 3527 1873 3867 1929; x_wconf 74' lang='grc' dir='ltr'>συνιστάνειν</span> 
     </span>
    </p>
   </div>
   <div class='ocr_carea' id='block_1_52' title="bbox 2202 1950 3867 2036">
    <p class='ocr_par' dir='ltr' id='par_1_52' title="bbox 2202 1950 3867 2036">
     <span class='ocr_line' id='line_1_52' title="bbox 2202 1950 3867 2036; baseline 0.006 -29"><span class='ocrx_word' id='word_1_359' title='bbox 2202 1950 2384 2025; x_wconf 80' lang='grc' dir='ltr'>ὥσπερ</span> <span class='ocrx_word' id='word_1_360' title='bbox 2411 1954 2676 2023; x_wconf 83' lang='grc' dir='ltr'>κάκεῖνοι,</span> <span class='ocrx_word' id='word_1_361' title='bbox 2712 1956 2811 2013; x_wconf 79' lang='grc' dir='ltr'>οὐκ</span> <span class='ocrx_word' id='word_1_362' title='bbox 2856 1956 2917 2013; x_wconf 78' lang='grc' dir='ltr'>ἄν</span> <span class='ocrx_word' id='word_1_363' title='bbox 2952 1959 3061 2014; x_wconf 84' lang='grc' dir='ltr'>οἷοι</span> <span class='ocrx_word' id='word_1_364' title='bbox 3091 1959 3233 2031; x_wconf 76' lang='grc' dir='ltr'>ἦμεν</span> <span class='ocrx_word' id='word_1_365' title='bbox 3290 1964 3371 2033; x_wconf 78' lang='grc' dir='ltr'>τῷ</span> <span class='ocrx_word' id='word_1_366' title='bbox 3429 1962 3585 2036; x_wconf 80' lang='grc' dir='ltr'>Λόγῳ</span> <span class='ocrx_word' id='word_1_367' title='bbox 3642 1958 3715 2016; x_wconf 85' lang='grc' dir='ltr'>δι’</span> <span class='ocrx_word' id='word_1_368' title='bbox 3741 1961 3867 2019; x_wconf 81' lang='grc' dir='ltr'>ἐπι-</span> 
     </span>
    </p>
   </div>
   <div class='ocr_carea' id='block_1_53' title="bbox 2200 2044 3863 2128">
    <p class='ocr_par' dir='ltr' id='par_1_53' title="bbox 2200 2044 3863 2128">
     <span class='ocr_line' id='line_1_53' title="bbox 2200 2044 3863 2128; baseline 0.005 -29"><span class='ocrx_word' id='word_1_369' title='bbox 2200 2044 2412 2100; x_wconf 82' lang='grc' dir='ltr'>στολῶν</span> <span class='ocrx_word' id='word_1_370' title='bbox 2446 2046 2697 2116; x_wconf 90' lang='grc' dir='ltr'>ἀπόντες,</span> <span class='ocrx_word' id='word_1_371' title='bbox 2727 2053 2972 2105; x_wconf 78' lang='grc' dir='ltr'>τοιοῦτοι</span> <span class='ocrx_word' id='word_1_372' title='bbox 3013 2047 3387 2127; x_wconf 80' lang='grc' dir='ltr'>ἐτυγχάνομεν</span> <span class='ocrx_word' id='word_1_373' title='bbox 3447 2051 3535 2106; x_wconf 83' lang='grc' dir='ltr'>καὶ</span> <span class='ocrx_word' id='word_1_374' title='bbox 3568 2051 3863 2128; x_wconf 80' lang='grc' dir='ltr'>παρόντες,</span> 
     </span>
    </p>
   </div>
   <div class='ocr_carea' id='block_1_54' title="bbox 2198 2130 3863 2209">
    <p class='ocr_par' dir='ltr' id='par_1_54' title="bbox 2198 2130 3863 2209">
     <span class='ocr_line' id='line_1_54' title="bbox 2198 2130 3863 2209; baseline 0.005 -20"><span class='ocrx_word' id='word_1_375' title='bbox 2198 2132 2345 2190; x_wconf 83' lang='grc' dir='ltr'>ἀλλά</span> <span class='ocrx_word' id='word_1_376' title='bbox 2380 2130 2833 2209; x_wconf 75' lang='grc' dir='ltr'>μετεϐαλλόμεθα</span> <span class='ocrx_word' id='word_1_377' title='bbox 2865 2137 2925 2192; x_wconf 83' lang='grc' dir='ltr'>ἄν</span> <span class='ocrx_word' id='word_1_378' title='bbox 2958 2136 3068 2193; x_wconf 82' lang='grc' dir='ltr'>ὦδε</span> <span class='ocrx_word' id='word_1_379' title='bbox 3114 2144 3352 2207; x_wconf 72' lang='grc' dir='ltr'>κάκεῖσε,</span> <span class='ocrx_word' id='word_1_380' title='bbox 3410 2139 3500 2195; x_wconf 61' lang='grc' dir='ltr'>καθ</span> <span class='ocrx_word' id='word_1_381' title='bbox 3555 2146 3675 2203; x_wconf 83' lang='grc' dir='ltr'>ταῖς</span> <span class='ocrx_word' id='word_1_382' title='bbox 3737 2141 3863 2198; x_wconf 83' lang='grc' dir='ltr'>ἐπι-</span> 
     </span>
    </p>
   </div>
   <div class='ocr_carea' id='block_1_55' title="bbox 2200 2223 3861 2307">
    <p class='ocr_par' dir='ltr' id='par_1_55' title="bbox 2200 2223 3861 2307">
     <span class='ocr_line' id='line_1_55' title="bbox 2200 2223 3861 2307; baseline 0.005 -29"><span class='ocrx_word' id='word_1_383' title='bbox 2200 2224 2422 2287; x_wconf 77' lang='grc' dir='ltr'>στολαῖς</span> <span class='ocrx_word' id='word_1_384' title='bbox 2455 2223 2742 2281; x_wconf 78' lang='grc' dir='ltr'>ἃλλοικαὶ</span> <span class='ocrx_word' id='word_1_385' title='bbox 2773 2224 2939 2283; x_wconf 76' lang='grc' dir='ltr'>ἄλλοι</span> <span class='ocrx_word' id='word_1_386' title='bbox 2998 2227 3305 2305; x_wconf 84' lang='grc' dir='ltr'>γινόμενοι,</span> <span class='ocrx_word' id='word_1_387' title='bbox 3363 2230 3452 2283; x_wconf 84' lang='grc' dir='ltr'>καὶ</span> <span class='ocrx_word' id='word_1_388' title='bbox 3506 2229 3662 2285; x_wconf 83' lang='grc' dir='ltr'>αὐτοὶ</span> <span class='ocrx_word' id='word_1_389' title='bbox 3716 2252 3861 2307; x_wconf 87' lang='grc' dir='ltr'>παρ-</span> 
     </span>
    </p>
   </div>
   <div class='ocr_carea' id='block_1_56' title="bbox 2199 2313 3864 2395">
    <p class='ocr_par' dir='ltr' id='par_1_56' title="bbox 2199 2313 3864 2395">
     <span class='ocr_line' id='line_1_56' title="bbox 2199 2313 3864 2395; baseline 0.004 -27"><span class='ocrx_word' id='word_1_390' title='bbox 2199 2313 2349 2376; x_wconf 89' lang='grc' dir='ltr'>όντες</span> <span class='ocrx_word' id='word_1_391' title='bbox 2379 2314 2468 2370; x_wconf 72' lang='grc' dir='ltr'>καὶ</span> <span class='ocrx_word' id='word_1_392' title='bbox 2498 2320 2616 2371; x_wconf 84' lang='grc' dir='ltr'>ταῖς</span> <span class='ocrx_word' id='word_1_393' title='bbox 2646 2316 2861 2392; x_wconf 82' lang='grc' dir='ltr'>χρείαις</span> <span class='ocrx_word' id='word_1_394' title='bbox 2899 2316 2989 2372; x_wconf 85' lang='grc' dir='ltr'>καὶ</span> <span class='ocrx_word' id='word_1_395' title='bbox 3042 2323 3161 2379; x_wconf 87' lang='grc' dir='ltr'>τοῖς</span> <span class='ocrx_word' id='word_1_396' title='bbox 3217 2323 3433 2395; x_wconf 75' lang='grc' dir='ltr'>καιροῖς</span> <span class='ocrx_word' id='word_1_397' title='bbox 3492 2318 3864 2377; x_wconf 84' lang='grc' dir='ltr'>συναλλοιού-</span> 
     </span>
    </p>
   </div>
   <div class='ocr_carea' id='block_1_57' title="bbox 2201 2401 3866 2483">
    <p class='ocr_par' dir='ltr' id='par_1_57' title="bbox 2201 2401 3866 2483">
     <span class='ocr_line' id='line_1_57' title="bbox 2201 2401 3866 2483; baseline 0.006 -27"><span class='ocrx_word' id='word_1_398' title='bbox 2201 2422 2379 2475; x_wconf 86' lang='grc' dir='ltr'>μενοι,</span> <span class='ocrx_word' id='word_1_399' title='bbox 2410 2403 2500 2459; x_wconf 78' lang='grc' dir='ltr'>καὶ</span> <span class='ocrx_word' id='word_1_400' title='bbox 2531 2409 2625 2459; x_wconf 85' lang='grc' dir='ltr'>νῦν</span> <span class='ocrx_word' id='word_1_401' title='bbox 2670 2405 2764 2479; x_wconf 72' lang='grc' dir='ltr'>μὲν</span> <span class='ocrx_word' id='word_1_402' title='bbox 2798 2403 3049 2474; x_wconf 85' lang='grc' dir='ltr'>κόλακες,</span> <span class='ocrx_word' id='word_1_403' title='bbox 3079 2409 3171 2461; x_wconf 80' lang='grc' dir='ltr'>νῦν</span> <span class='ocrx_word' id='word_1_404' title='bbox 3210 2403 3267 2461; x_wconf 77' lang='grc' dir='ltr'>δὲ</span> <span class='ocrx_word' id='word_1_405' title='bbox 3324 2401 3575 2483; x_wconf 74' lang='grc' dir='ltr'>φοϐεροὶ,</span> <span class='ocrx_word' id='word_1_406' title='bbox 3631 2408 3724 2464; x_wconf 83' lang='grc' dir='ltr'>καὶ</span> <span class='ocrx_word' id='word_1_407' title='bbox 3751 2414 3866 2467; x_wconf 85' lang='grc' dir='ltr'>τῶν</span> 
     </span>
    </p>
   </div>
   <div class='ocr_carea' id='block_1_58' title="bbox 2203 2489 3868 2575">
    <p class='ocr_par' dir='ltr' id='par_1_58' title="bbox 2203 2489 3868 2575">
     <span class='ocr_line' id='line_1_58' title="bbox 2203 2489 3868 2575; baseline 0.005 -29"><span class='ocrx_word' id='word_1_408' title='bbox 2203 2492 2298 2565; x_wconf 74' lang='grc' dir='ltr'>μὶν</span> <span class='ocrx_word' id='word_1_409' title='bbox 2322 2489 2749 2550; x_wconf 81' lang='grc' dir='ltr'>δυναστευόντων</span> <span class='ocrx_word' id='word_1_410' title='bbox 2780 2492 3000 2563; x_wconf 78' lang='grc' dir='ltr'>δοῦλοι,</span> <span class='ocrx_word' id='word_1_411' title='bbox 3029 2495 3119 2550; x_wconf 84' lang='grc' dir='ltr'>καὶ</span> <span class='ocrx_word' id='word_1_412' title='bbox 3158 2501 3255 2550; x_wconf 79' lang='grc' dir='ltr'>τοῦ</span> <span class='ocrx_word' id='word_1_413' title='bbox 3315 2496 3629 2571; x_wconf 74' lang='grc' dir='ltr'>θελήματος</span> <span class='ocrx_word' id='word_1_414' title='bbox 3664 2498 3868 2575; x_wconf 71' lang='grc' dir='ltr'>ὑπηρί-</span> 
     </span>
    </p>
   </div>
   <div class='ocr_carea' id='block_1_59' title="bbox 2198 2580 3861 2664">
    <p class='ocr_par' dir='ltr' id='par_1_59' title="bbox 2198 2580 3861 2664">
     <span class='ocr_line' id='line_1_59' title="bbox 2198 2580 3861 2664; baseline 0.004 -29"><span class='ocrx_word' id='word_1_415' title='bbox 2198 2601 2309 2651; x_wconf 92' lang='grc' dir='ltr'>ται,</span> <span class='ocrx_word' id='word_1_416' title='bbox 2342 2586 2450 2638; x_wconf 90' lang='grc' dir='ltr'>τῶν</span> <span class='ocrx_word' id='word_1_417' title='bbox 2485 2580 2543 2638; x_wconf 77' lang='grc' dir='ltr'>δὶ</span> <span class='ocrx_word' id='word_1_418' title='bbox 2567 2587 2833 2639; x_wconf 80' lang='grc' dir='ltr'>ταπεινῶν</span> <span class='ocrx_word' id='word_1_419' title='bbox 2875 2580 3131 2639; x_wconf 81' lang='grc' dir='ltr'>δεσπόται</span> <span class='ocrx_word' id='word_1_420' title='bbox 3170 2586 3260 2639; x_wconf 86' lang='grc' dir='ltr'>καὶ</span> <span class='ocrx_word' id='word_1_421' title='bbox 3292 2587 3609 2659; x_wconf 73' lang='grc' dir='ltr'>νομοθέται.</span> <span class='ocrx_word' id='word_1_422' title='bbox 3641 2587 3704 2644; x_wconf 75' lang='grc' dir='ltr'>Ὀ</span> <span class='ocrx_word' id='word_1_423' title='bbox 3758 2586 3861 2664; x_wconf 78' lang='grc' dir='ltr'>γὰρ</span> 
     </span>
    </p>
   </div>
   <div class='ocr_carea' id='block_1_60' title="bbox 2201 2672 3862 2751">
    <p class='ocr_par' dir='ltr' id='par_1_60' title="bbox 2201 2672 3862 2751">
     <span class='ocr_line' id='line_1_60' title="bbox 2201 2672 3862 2751; baseline 0.004 -25"><span class='ocrx_word' id='word_1_424' title='bbox 2201 2675 2465 2727; x_wconf 88' lang='grc' dir='ltr'>συνιστῶν</span> <span class='ocrx_word' id='word_1_425' title='bbox 2498 2673 2707 2742; x_wconf 71' lang='grc' dir='ltr'>ἑαυτὸν,</span> <span class='ocrx_word' id='word_1_426' title='bbox 2743 2672 2916 2728; x_wconf 76' lang='grc' dir='ltr'>πάντα</span> <span class='ocrx_word' id='word_1_427' title='bbox 2946 2673 3023 2735; x_wconf 67' lang='grc' dir='ltr'>εἲς</span> <span class='ocrx_word' id='word_1_428' title='bbox 3052 2675 3116 2729; x_wconf 86' lang='grc' dir='ltr'>τὸ</span> <span class='ocrx_word' id='word_1_429' title='bbox 3147 2673 3348 2729; x_wconf 77' lang='grc' dir='ltr'>οἰκεῖον</span> <span class='ocrx_word' id='word_1_430' title='bbox 3396 2672 3587 2747; x_wconf 75' lang='grc' dir='ltr'>κέρδος</span> <span class='ocrx_word' id='word_1_431' title='bbox 3638 2676 3862 2751; x_wconf 83' lang='grc' dir='ltr'>ἀφορῶν</span> 
     </span>
    </p>
   </div>
   <div class='ocr_carea' id='block_1_61' title="bbox 2201 2762 3864 2840">
    <p class='ocr_par' dir='ltr' id='par_1_61' title="bbox 2201 2762 3864 2840">
     <span class='ocr_line' id='line_1_61' title="bbox 2201 2762 3864 2840; baseline 0.003 -24"><span class='ocrx_word' id='word_1_432' title='bbox 2201 2766 2368 2831; x_wconf 90' lang='grc' dir='ltr'>ποιεῖ,</span> <span class='ocrx_word' id='word_1_433' title='bbox 2413 2762 2495 2817; x_wconf 85' lang='grc' dir='ltr'>ἀεὶ</span> <span class='ocrx_word' id='word_1_434' title='bbox 2531 2763 2668 2837; x_wconf 77' lang='grc' dir='ltr'>πρὸς</span> <span class='ocrx_word' id='word_1_435' title='bbox 2696 2763 2758 2818; x_wconf 85' lang='grc' dir='ltr'>τὸ</span> <span class='ocrx_word' id='word_1_436' title='bbox 2791 2763 2984 2818; x_wconf 78' lang='grc' dir='ltr'>ἐαυτοῦ</span> <span class='ocrx_word' id='word_1_437' title='bbox 3026 2764 3302 2840; x_wconf 73' lang='grc' dir='ltr'>συμφέρον</span> <span class='ocrx_word' id='word_1_438' title='bbox 3360 2763 3864 2839; x_wconf 81' lang='grc' dir='ltr'>συναλλοιούμενος</span> 
     </span>
    </p>
   </div>
   <div class='ocr_carea' id='block_1_62' title="bbox 2201 2850 3863 2929">
    <p class='ocr_par' dir='ltr' id='par_1_62' title="bbox 2201 2850 3863 2929">
     <span class='ocr_line' id='line_1_62' title="bbox 2201 2850 3863 2929; baseline 0.002 -23"><span class='ocrx_word' id='word_1_439' title='bbox 2201 2851 2291 2906; x_wconf 84' lang='grc' dir='ltr'>καὶ</span> <span class='ocrx_word' id='word_1_440' title='bbox 2324 2851 2984 2929; x_wconf 73' lang='grc' dir='ltr'>συμμεταμορφούμενος.</span> <span class='ocrx_word' id='word_1_441' title='bbox 3020 2850 3180 2909; x_wconf 89' lang='grc' dir='ltr'>Ἀλλ’</span> <span class='ocrx_word' id='word_1_442' title='bbox 3228 2852 3352 2908; x_wconf 66' lang='grc' dir='ltr'>οὔτε</span> <span class='ocrx_word' id='word_1_443' title='bbox 3408 2854 3482 2915; x_wconf 83' lang='grc' dir='ltr'>ὡς</span> <span class='ocrx_word' id='word_1_444' title='bbox 3541 2856 3618 2916; x_wconf 79' lang='grc' dir='ltr'>εἷς</span> <span class='ocrx_word' id='word_1_445' title='bbox 3650 2851 3702 2925; x_wconf 79' lang='grc' dir='ltr'>ἐξ</span> <span class='ocrx_word' id='word_1_446' title='bbox 3761 2853 3863 2909; x_wconf 82' lang='grc' dir='ltr'>αύ-</span> 
     </span>
    </p>
   </div>
   <div class='ocr_carea' id='block_1_63' title="bbox 2202 2937 3860 3015">
    <p class='ocr_par' dir='ltr' id='par_1_63' title="bbox 2202 2937 3860 3015">
     <span class='ocr_line' id='line_1_63' title="bbox 2202 2937 3860 3015; baseline 0.001 -18"><span class='ocrx_word' id='word_1_447' title='bbox 2202 2944 2309 2997; x_wconf 82' lang='grc' dir='ltr'>τῶν</span> <span class='ocrx_word' id='word_1_448' title='bbox 2345 2939 2527 3012; x_wconf 73' lang='grc' dir='ltr'>ἐσμὶν,</span> <span class='ocrx_word' id='word_1_449' title='bbox 2573 2937 2697 2996; x_wconf 71' lang='grc' dir='ltr'>οὔτε</span> <span class='ocrx_word' id='word_1_450' title='bbox 2751 2941 2890 3015; x_wconf 85' lang='grc' dir='ltr'>πρὸς</span> <span class='ocrx_word' id='word_1_451' title='bbox 2946 2941 3168 3003; x_wconf 74' lang='grc' dir='ltr'>ἑαυτοὺς</span> <span class='ocrx_word' id='word_1_452' title='bbox 3224 2940 3426 3015; x_wconf 60' lang='grc' dir='ltr'>ἕλομεν</span> <span class='ocrx_word' id='word_1_453' title='bbox 3477 2943 3762 2998; x_wconf 83' lang='grc' dir='ltr'>κοινωνίαν</span> <span class='ocrx_word' id='word_1_454' title='bbox 3820 2941 3860 3014; x_wconf 73' lang='grc' dir='ltr'>ἤ</span> 
     </span>
    </p>
   </div>
   <div class='ocr_carea' id='block_1_64' title="bbox 2203 3029 3856 3107">
    <p class='ocr_par' dir='ltr' id='par_1_64' title="bbox 2203 3029 3856 3107">
     <span class='ocr_line' id='line_1_64' title="bbox 2203 3029 3856 3107; baseline 0.002 -23"><span class='ocrx_word' id='word_1_455' title='bbox 2203 3029 2509 3102; x_wconf 83' lang='grc' dir='ltr'>ὁμοιότητά</span> <span class='ocrx_word' id='word_1_456' title='bbox 2537 3050 2682 3085; x_wconf 90' lang='grc' dir='ltr'>τινα.</span> <span class='ocrx_word' id='word_1_457' title='bbox 2718 3029 2795 3087; x_wconf 77' lang='grc' dir='ltr'>Οὗ</span> <span class='ocrx_word' id='word_1_458' title='bbox 2827 3031 2932 3107; x_wconf 69' lang='grc' dir='ltr'>γὰρ</span> <span class='ocrx_word' id='word_1_459' title='bbox 2962 3029 3262 3103; x_wconf 82' lang='grc' dir='ltr'>τολμῶμεν</span> <span class='ocrx_word' id='word_1_460' title='bbox 3292 3032 3540 3087; x_wconf 69' lang='grc' dir='ltr'>τοιοῦτοι</span> <span class='ocrx_word' id='word_1_461' title='bbox 3591 3032 3856 3107; x_wconf 68' lang='grc' dir='ltr'>γενέσοαν</span> 
     </span>
    </p>
   </div>
   <div class='ocr_carea' id='block_1_65' title="bbox 2201 3115 3856 3192">
    <p class='ocr_par' dir='ltr' id='par_1_65' title="bbox 2201 3115 3856 3192">
     <span class='ocr_line' id='line_1_65' title="bbox 2201 3115 3856 3192; baseline 0.001 -18"><span class='ocrx_word' id='word_1_462' title='bbox 2201 3123 2319 3182; x_wconf 88' lang='grc' dir='ltr'>πῶς</span> <span class='ocrx_word' id='word_1_463' title='bbox 2352 3118 2446 3173; x_wconf 79' lang='grc' dir='ltr'>οὗν</span> <span class='ocrx_word' id='word_1_464' title='bbox 2478 3115 2646 3173; x_wconf 77' lang='grc' dir='ltr'>ἄλλοι</span> <span class='ocrx_word' id='word_1_465' title='bbox 2677 3117 2833 3192; x_wconf 74' lang='grc' dir='ltr'>ἐσμὲν</span> <span class='ocrx_word' id='word_1_466' title='bbox 2862 3124 2980 3183; x_wconf 85' lang='grc' dir='ltr'>ταῖς</span> <span class='ocrx_word' id='word_1_467' title='bbox 3044 3119 3362 3183; x_wconf 76' lang='grc' dir='ltr'>ἐπιστολαῖς</span> <span class='ocrx_word' id='word_1_468' title='bbox 3412 3120 3656 3187; x_wconf 79' lang='grc' dir='ltr'>ἀπόντες,</span> <span class='ocrx_word' id='word_1_469' title='bbox 3687 3117 3856 3175; x_wconf 77' lang='grc' dir='ltr'>ἀλλοι</span> 
     </span>
    </p>
   </div>
   <div class='ocr_carea' id='block_1_66' title="bbox 434 3180 2091 3287">
    <p class='ocr_par' dir='ltr' id='par_1_66' title="bbox 434 3211 2091 3287">
     <span class='ocr_line' id='line_1_66' title="bbox 434 3211 2091 3287; baseline 0 -18"><span class='ocrx_word' id='word_1_470' title='bbox 434 3219 763 3287; x_wconf 72' lang='grc' dir='ltr'>Ρτωεεηῐεε</span> <span class='ocrx_word' id='word_1_471' title='bbox 786 3213 815 3266; x_wconf 73' lang='lat'>‘2</span> <span class='ocrx_word' id='word_1_472' title='bbox 835 3211 899 3267; x_wconf 89' lang='lat' dir='ltr'>Id</span> <span class='ocrx_word' id='word_1_473' title='bbox 929 3228 1188 3284; x_wconf 89' lang='lat' dir='ltr'>namque</span> <span class='ocrx_word' id='word_1_474' title='bbox 1220 3228 1341 3267; x_wconf 92' lang='lat' dir='ltr'>non</span> <span class='ocrx_word' id='word_1_475' title='bbox 1379 3218 1469 3268; x_wconf 89' lang='lat' dir='ltr'>est</span> <span class='ocrx_word' id='word_1_476' title='bbox 1527 3220 1824 3282; x_wconf 90' lang='lat' dir='ltr'>nostrum,</span> <span class='ocrx_word' id='word_1_477' title='bbox 1858 3214 1962 3269; x_wconf 90' lang='lat' dir='ltr'>sed</span> <span class='ocrx_word' id='word_1_478' title='bbox 1996 3230 2091 3269; x_wconf 92' lang='lat' dir='ltr'>eo-</span> 
     </span>
    </p>
   </div>
   <div class='ocr_carea' id='block_1_67' title="bbox 2200 3180 3866 3287">
    <p class='ocr_par' dir='ltr' id='par_1_67' title="bbox 2205 3180 3866 3286">
     <span class='ocr_line' id='line_1_67' title="bbox 2205 3180 3866 3286; baseline 0.001 -21"><span class='ocrx_word' id='word_1_479' title='bbox 2205 3206 2263 3265; x_wconf 78' lang='grc' dir='ltr'>8ὶ</span> <span class='ocrx_word' id='word_1_480' title='bbox 2292 3180 2602 3284; x_wconf 77' lang='grc' dir='ltr'>πιρόντες;</span> <span class='ocrx_word' id='word_1_481' title='bbox 2653 3180 2752 3267; x_wconf 38' lang='grc' dir='ltr'>Οὐ.</span> <span class='ocrx_word' id='word_1_482' title='bbox 2790 3211 2895 3285; x_wconf 88' lang='grc' dir='ltr'>γάρ</span> <span class='ocrx_word' id='word_1_483' title='bbox 2953 3180 3094 3264; x_wconf 76' lang='grc' dir='ltr'>ἐστιν</span> <span class='ocrx_word' id='word_1_484' title='bbox 3151 3180 3417 3286; x_wconf 73' lang='grc' dir='ltr'>ἡμέτερον</span> <span class='ocrx_word' id='word_1_485' title='bbox 3473 3180 3655 3281; x_wconf 71' lang='grc' dir='ltr'>τοῦτο,</span> <span class='ocrx_word' id='word_1_486' title='bbox 3711 3207 3866 3267; x_wconf 73' lang='grc' dir='ltr'>ἀλλὰ</span> 
     </span>
    </p>
   </div>
   <div class='ocr_carea' id='block_1_68' title="bbox 434 3301 2092 3374">
    <p class='ocr_par' dir='ltr' id='par_1_68' title="bbox 434 3301 2092 3374">
     <span class='ocr_line' id='line_1_68' title="bbox 434 3301 2092 3374; baseline 0.001 -17"><span class='ocrx_word' id='word_1_487' title='bbox 434 3319 568 3358; x_wconf 89' lang='lat' dir='ltr'>rum</span> <span class='ocrx_word' id='word_1_488' title='bbox 601 3302 702 3374; x_wconf 91' lang='lat' dir='ltr'>qui</span> <span class='ocrx_word' id='word_1_489' title='bbox 730 3302 959 3374; x_wconf 89' lang='lat' dir='ltr'>seipsos</span> <span class='ocrx_word' id='word_1_490' title='bbox 989 3301 1446 3357; x_wconf 89' lang='lat' dir='ltr'>commendant:</span> <span class='ocrx_word' id='word_1_491' title='bbox 1468 3319 1578 3358; x_wconf 91' lang='lat' dir='ltr'>nos</span> <span class='ocrx_word' id='word_1_492' title='bbox 1610 3309 1809 3359; x_wconf 90' lang='lat' dir='ltr'>autem</span> <span class='ocrx_word' id='word_1_493' title='bbox 1831 3304 1894 3358; x_wconf 92' lang='lat' dir='ltr'>in</span> <span class='ocrx_word' id='word_1_494' title='bbox 1924 3303 2092 3359; x_wconf 91' lang='lat' dir='ltr'>nullo</span> 
     </span>
    </p>
   </div>
   <div class='ocr_carea' id='block_1_69' title="bbox 436 3390 2094 3463">
    <p class='ocr_par' dir='ltr' id='par_1_69' title="bbox 436 3390 2094 3463">
     <span class='ocr_line' id='line_1_69' title="bbox 436 3390 2094 3463; baseline 0.001 -16"><span class='ocrx_word' id='word_1_495' title='bbox 436 3390 930 3447; x_wconf 89' lang='lat' dir='ltr'>commendamus</span> <span class='ocrx_word' id='word_1_496' title='bbox 962 3407 1073 3446; x_wconf 92' lang='lat' dir='ltr'>nos</span> <span class='ocrx_word' id='word_1_497' title='bbox 1104 3391 1283 3462; x_wconf 88' lang='lat' dir='ltr'>ipsos,</span> <span class='ocrx_word' id='word_1_498' title='bbox 1317 3391 1421 3447; x_wconf 89' lang='lat' dir='ltr'>sed</span> <span class='ocrx_word' id='word_1_499' title='bbox 1453 3392 1563 3462; x_wconf 90' lang='lat' dir='ltr'>ipsi</span> <span class='ocrx_word' id='word_1_500' title='bbox 1595 3409 1704 3448; x_wconf 91' lang='lat' dir='ltr'>nos</span> <span class='ocrx_word' id='word_1_501' title='bbox 1726 3392 1888 3463; x_wconf 90' lang='lat' dir='ltr'>ipsos</span> <span class='ocrx_word' id='word_1_502' title='bbox 1921 3393 2094 3448; x_wconf 90' lang='lat' dir='ltr'>meti-</span> 
     </span>
    </p>
   </div>
   <div class='ocr_carea' id='block_1_70' title="bbox 436 3480 2096 3552">
    <p class='ocr_par' dir='ltr' id='par_1_70' title="bbox 436 3480 2096 3552">
     <span class='ocr_line' id='line_1_70' title="bbox 436 3480 2096 3552; baseline 0.001 -15"><span class='ocrx_word' id='word_1_503' title='bbox 436 3497 574 3537; x_wconf 91' lang='lat' dir='ltr'>mur</span> <span class='ocrx_word' id='word_1_504' title='bbox 602 3480 721 3536; x_wconf 86' lang='lat' dir='ltr'>sive</span> <span class='ocrx_word' id='word_1_505' title='bbox 754 3486 1205 3552; x_wconf 89' lang='lat' dir='ltr'>perscrutamur</span> <span class='ocrx_word' id='word_1_506' title='bbox 1235 3497 1303 3536; x_wconf 89' lang='lat' dir='ltr'>ac</span> <span class='ocrx_word' id='word_1_507' title='bbox 1342 3480 1756 3552; x_wconf 87' lang='lat' dir='ltr'>disquirimus,</span> <span class='ocrx_word' id='word_1_508' title='bbox 1789 3483 2096 3538; x_wconf 91' lang='lat' dir='ltr'>conscien-</span> 
     </span>
    </p>
   </div>
   <div class='ocr_carea' id='block_1_71' title="bbox 437 3570 2095 3642">
    <p class='ocr_par' dir='ltr' id='par_1_71' title="bbox 437 3570 2095 3642">
     <span class='ocr_line' id='line_1_71' title="bbox 437 3570 2095 3642; baseline 0.001 -17"><span class='ocrx_word' id='word_1_509' title='bbox 437 3571 583 3625; x_wconf 89' lang='lat' dir='ltr'>tiam</span> <span class='ocrx_word' id='word_1_510' title='bbox 613 3570 899 3625; x_wconf 83' lang='lat' dir='ltr'>facientes</span> <span class='ocrx_word' id='word_1_511' title='bbox 956 3570 1507 3642; x_wconf 82' lang='lat' dir='ltr'>indagatricem,ne</span> <span class='ocrx_word' id='word_1_512' title='bbox 1564 3571 1708 3642; x_wconf 88' lang='lat' dir='ltr'>quid</span> <span class='ocrx_word' id='word_1_513' title='bbox 1736 3570 1957 3627; x_wconf 88' lang='lat' dir='ltr'>factum</span> <span class='ocrx_word' id='word_1_514' title='bbox 2017 3572 2095 3627; x_wconf 89' lang='lat' dir='ltr'>sit</span> 
     </span>
    </p>
   </div>
   <div class='ocr_carea' id='block_1_72' title="bbox 437 3658 2092 3733">
    <p class='ocr_par' dir='ltr' id='par_1_72' title="bbox 437 3658 2092 3733">
     <span class='ocr_line' id='line_1_72' title="bbox 437 3658 2092 3733; baseline 0.001 -17"><span class='ocrx_word' id='word_1_515' title='bbox 437 3659 597 3733; x_wconf 91' lang='lat' dir='ltr'>quod</span> <span class='ocrx_word' id='word_1_516' title='bbox 627 3675 747 3715; x_wconf 91' lang='lat' dir='ltr'>non</span> <span class='ocrx_word' id='word_1_517' title='bbox 777 3665 1147 3731; x_wconf 88' lang='lat' dir='ltr'>oporteat,ne</span> <span class='ocrx_word' id='word_1_518' title='bbox 1180 3658 1323 3731; x_wconf 93' lang='lat' dir='ltr'>quid</span> <span class='ocrx_word' id='word_1_519' title='bbox 1343 3659 1433 3714; x_wconf 89' lang='lat' dir='ltr'>vel</span> <span class='ocrx_word' id='word_1_520' title='bbox 1468 3659 1786 3732; x_wconf 82' lang='lat' dir='ltr'>cogitatum</span> <span class='ocrx_word' id='word_1_521' title='bbox 1810 3662 1887 3716; x_wconf 91' lang='lat' dir='ltr'>sit</span> <span class='ocrx_word' id='word_1_522' title='bbox 1916 3661 2092 3718; x_wconf 89' lang='lat' dir='ltr'>inde-</span> 
     </span>
    </p>
   </div>
   <div class='ocr_carea' id='block_1_73' title="bbox 437 3748 2093 3821">
    <p class='ocr_par' dir='ltr' id='par_1_73' title="bbox 437 3748 2093 3821">
     <span class='ocr_line' id='line_1_73' title="bbox 437 3748 2093 3821; baseline 0.001 -16"><span class='ocrx_word' id='word_1_523' title='bbox 437 3765 579 3806; x_wconf 87' lang='lat' dir='ltr'>cens</span> <span class='ocrx_word' id='word_1_524' title='bbox 612 3766 626 3804; x_wconf 93' lang='lat'>:</span> <span class='ocrx_word' id='word_1_525' title='bbox 660 3754 719 3803; x_wconf 89' lang='lat' dir='ltr'>et</span> <span class='ocrx_word' id='word_1_526' title='bbox 748 3765 856 3804; x_wconf 90' lang='lat' dir='ltr'>nos</span> <span class='ocrx_word' id='word_1_527' title='bbox 886 3749 1047 3820; x_wconf 86' lang='lat' dir='ltr'>ipsos</span> <span class='ocrx_word' id='word_1_528' title='bbox 1078 3748 1441 3805; x_wconf 87' lang='lat' dir='ltr'>conferimus</span> <span class='ocrx_word' id='word_1_529' title='bbox 1494 3765 1569 3804; x_wconf 91' lang='lat' dir='ltr'>ne</span> <span class='ocrx_word' id='word_1_530' title='bbox 1629 3750 1771 3821; x_wconf 87' lang='lat' dir='ltr'>quid</span> <span class='ocrx_word' id='word_1_531' title='bbox 1821 3750 2093 3807; x_wconf 89' lang='lat' dir='ltr'>fortassis</span> 
     </span>
    </p>
   </div>
   <div class='ocr_carea' id='block_1_74' title="bbox 436 3840 2092 3915">
    <p class='ocr_par' dir='ltr' id='par_1_74' title="bbox 436 3840 2092 3915">
     <span class='ocr_line' id='line_1_74' title="bbox 436 3840 2092 3915; baseline 0.001 -17"><span class='ocrx_word' id='word_1_532' title='bbox 436 3840 803 3898; x_wconf 86' lang='lat' dir='ltr'>contrarium</span> <span class='ocrx_word' id='word_1_533' title='bbox 851 3840 1142 3896; x_wconf 86' lang='lat' dir='ltr'>faciamus</span> <span class='ocrx_word' id='word_1_534' title='bbox 1201 3840 1294 3895; x_wconf 93' lang='lat' dir='ltr'>his</span> <span class='ocrx_word' id='word_1_535' title='bbox 1346 3856 1477 3911; x_wconf 75' lang='lat' dir='ltr'>quae</span> <span class='ocrx_word' id='word_1_536' title='bbox 1508 3842 1924 3912; x_wconf 72' lang='lat' dir='ltr'>prmdicamus,</span> <span class='ocrx_word' id='word_1_537' title='bbox 1959 3859 2092 3915; x_wconf 72' lang='lat' dir='ltr'>qum</span> 
     </span>
    </p>
   </div>
   <div class='ocr_carea' id='block_1_75' title="bbox 437 3929 2090 4002">
    <p class='ocr_par' dir='ltr' id='par_1_75' title="bbox 437 3929 2090 4002">
     <span class='ocr_line' id='line_1_75' title="bbox 437 3929 2090 4002; baseline -0.001 -13"><span class='ocrx_word' id='word_1_538' title='bbox 437 3931 943 3999; x_wconf 86' lang='lat' dir='ltr'>annuntiavimus,</span> <span class='ocrx_word' id='word_1_539' title='bbox 979 3946 1123 3985; x_wconf 88' lang='lat' dir='ltr'>num</span> <span class='ocrx_word' id='word_1_540' title='bbox 1183 3929 1325 4000; x_wconf 89' lang='lat' dir='ltr'>quid</span> <span class='ocrx_word' id='word_1_541' title='bbox 1358 3930 1543 4002; x_wconf 89' lang='lat' dir='ltr'>priori</span> <span class='ocrx_word' id='word_1_542' title='bbox 1592 3931 1724 3986; x_wconf 81' lang='lat' dir='ltr'>vitae</span> <span class='ocrx_word' id='word_1_543' title='bbox 1754 3930 2090 3988; x_wconf 88' lang='lat' dir='ltr'>dissonum.</span> 
     </span>
    </p>
   </div>
   <div class='ocr_carea' id='block_1_76' title="bbox 432 4018 2091 4093">
    <p class='ocr_par' dir='ltr' id='par_1_76' title="bbox 432 4018 2091 4093">
     <span class='ocr_line' id='line_1_76' title="bbox 432 4018 2091 4093; baseline 0 -17"><span class='ocrx_word' id='word_1_544' title='bbox 432 4022 615 4076; x_wconf 88' lang='lat' dir='ltr'>Porro</span> <span class='ocrx_word' id='word_1_545' title='bbox 648 4021 827 4075; x_wconf 89' lang='lat' dir='ltr'>etiam</span> <span class='ocrx_word' id='word_1_546' title='bbox 850 4036 960 4074; x_wconf 92' lang='lat' dir='ltr'>nos</span> <span class='ocrx_word' id='word_1_547' title='bbox 982 4019 1344 4075; x_wconf 89' lang='lat' dir='ltr'>conferimus</span> <span class='ocrx_word' id='word_1_548' title='bbox 1362 4018 1535 4075; x_wconf 88' lang='lat' dir='ltr'>nobis</span> <span class='ocrx_word' id='word_1_549' title='bbox 1556 4020 1849 4092; x_wconf 88' lang='lat' dir='ltr'>ipsis,non</span> <span class='ocrx_word' id='word_1_550' title='bbox 1882 4022 1973 4076; x_wconf 88' lang='lat' dir='ltr'>his</span> <span class='ocrx_word' id='word_1_551' title='bbox 1991 4022 2091 4093; x_wconf 92' lang='lat' dir='ltr'>qui</span> 
     </span>
    </p>
   </div>
   <div class='ocr_carea' id='block_1_77' title="bbox 434 4108 2090 4182">
    <p class='ocr_par' dir='ltr' id='par_1_77' title="bbox 434 4108 2090 4182">
     <span class='ocr_line' id='line_1_77' title="bbox 434 4108 2090 4182; baseline -0.001 -16"><span class='ocrx_word' id='word_1_552' title='bbox 434 4125 555 4166; x_wconf 90' lang='lat' dir='ltr'>una</span> <span class='ocrx_word' id='word_1_553' title='bbox 598 4108 912 4165; x_wconf 89' lang='lat' dir='ltr'>nobiscum</span> <span class='ocrx_word' id='word_1_554' title='bbox 968 4114 1297 4165; x_wconf 88' lang='lat' dir='ltr'>versantur.</span> <span class='ocrx_word' id='word_1_555' title='bbox 1354 4111 1481 4165; x_wconf 87' lang='lat' dir='ltr'>Non</span> <span class='ocrx_word' id='word_1_556' title='bbox 1538 4109 1811 4175; x_wconf 86' lang='lat' dir='ltr'>facimus,</span> <span class='ocrx_word' id='word_1_557' title='bbox 1873 4111 2090 4182; x_wconf 88' lang='lat' dir='ltr'>inquit,</span> 
     </span>
    </p>
   </div>
   <div class='ocr_carea' id='block_1_78' title="bbox 435 4198 2095 4271">
    <p class='ocr_par' dir='ltr' id='par_1_78' title="bbox 435 4198 2095 4271">
     <span class='ocr_line' id='line_1_78' title="bbox 435 4198 2095 4271; baseline 0.002 -19"><span class='ocrx_word' id='word_1_558' title='bbox 435 4198 809 4253; x_wconf 82' lang='lat' dir='ltr'>extrinsecus</span> <span class='ocrx_word' id='word_1_559' title='bbox 841 4213 945 4253; x_wconf 90' lang='lat' dir='ltr'>eos</span> <span class='ocrx_word' id='word_1_560' title='bbox 977 4198 1078 4268; x_wconf 86' lang='lat' dir='ltr'>qui</span> <span class='ocrx_word' id='word_1_561' title='bbox 1112 4198 1425 4254; x_wconf 90' lang='lat' dir='ltr'>nobiscum</span> <span class='ocrx_word' id='word_1_562' title='bbox 1457 4205 1768 4253; x_wconf 88' lang='lat' dir='ltr'>versantur</span> <span class='ocrx_word' id='word_1_563' title='bbox 1791 4205 2095 4271; x_wconf 87' lang='lat' dir='ltr'>spectacu-</span> 
     </span>
    </p>
   </div>
   <div class='ocr_carea' id='block_1_79' title="bbox 432 4286 2090 4361">
    <p class='ocr_par' dir='ltr' id='par_1_79' title="bbox 432 4286 2090 4361">
     <span class='ocr_line' id='line_1_79' title="bbox 432 4286 2090 4361; baseline 0.002 -20"><span class='ocrx_word' id='word_1_564' title='bbox 432 4286 559 4343; x_wconf 87' lang='lat' dir='ltr'>lum</span> <span class='ocrx_word' id='word_1_565' title='bbox 592 4302 660 4343; x_wconf 90' lang='lat' dir='ltr'>ac</span> <span class='ocrx_word' id='word_1_566' title='bbox 692 4287 993 4345; x_wconf 88' lang='lat' dir='ltr'>theatrum</span> <span class='ocrx_word' id='word_1_567' title='bbox 1017 4294 1236 4345; x_wconf 59' lang='lat' dir='ltr'>nostra</span> <span class='ocrx_word' id='word_1_568' title='bbox 1254 4288 1717 4359; x_wconf 86' lang='lat' dir='ltr'>comparationis</span> <span class='ocrx_word' id='word_1_569' title='bbox 1751 4292 1809 4343; x_wconf 90' lang='lat' dir='ltr'>et</span> <span class='ocrx_word' id='word_1_570' title='bbox 1837 4288 2090 4361; x_wconf 89' lang='lat' dir='ltr'>inquisi-</span> 
     </span>
    </p>
   </div>
   <div class='ocr_carea' id='block_1_80' title="bbox 430 4377 2092 4451">
    <p class='ocr_par' dir='ltr' id='par_1_80' title="bbox 430 4377 2092 4451">
     <span class='ocr_line' id='line_1_80' title="bbox 430 4377 2092 4451; baseline 0.004 -20"><span class='ocrx_word' id='word_1_571' title='bbox 430 4377 634 4445; x_wconf 84' lang='lat' dir='ltr'>tionis,</span> <span class='ocrx_word' id='word_1_572' title='bbox 669 4377 772 4433; x_wconf 91' lang='lat' dir='ltr'>sed</span> <span class='ocrx_word' id='word_1_573' title='bbox 825 4378 939 4450; x_wconf 92' lang='lat' dir='ltr'>ipsi</span> <span class='ocrx_word' id='word_1_574' title='bbox 1000 4394 1110 4433; x_wconf 90' lang='lat' dir='ltr'>nos</span> <span class='ocrx_word' id='word_1_575' title='bbox 1166 4378 1327 4449; x_wconf 89' lang='lat' dir='ltr'>ipsos</span> <span class='ocrx_word' id='word_1_576' title='bbox 1386 4377 1806 4435; x_wconf 88' lang='lat' dir='ltr'>constituimus</span> <span class='ocrx_word' id='word_1_577' title='bbox 1856 4380 2092 4451; x_wconf 87' lang='lat' dir='ltr'>judices</span> 
     </span>
    </p>
   </div>
   <div class='ocr_carea' id='block_1_81' title="bbox 430 4466 1731 4538">
    <p class='ocr_par' dir='ltr' id='par_1_81' title="bbox 430 4466 1731 4538">
     <span class='ocr_line' id='line_1_81' title="bbox 430 4466 1731 4538; baseline -0.001 -15"><span class='ocrx_word' id='word_1_578' title='bbox 430 4481 499 4523; x_wconf 87' lang='lat' dir='ltr'>ac</span> <span class='ocrx_word' id='word_1_579' title='bbox 529 4466 794 4523; x_wconf 90' lang='lat' dir='ltr'>arbitros</span> <span class='ocrx_word' id='word_1_580' title='bbox 831 4467 993 4538; x_wconf 92' lang='lat' dir='ltr'>quod</span> <span class='ocrx_word' id='word_1_581' title='bbox 1022 4471 1114 4523; x_wconf 88' lang='lat' dir='ltr'>est</span> <span class='ocrx_word' id='word_1_582' title='bbox 1141 4466 1472 4538; x_wconf 91' lang='lat' dir='ltr'>incorrupti</span> <span class='ocrx_word' id='word_1_583' title='bbox 1498 4466 1731 4537; x_wconf 87' lang='lat' dir='ltr'>judicii.</span> 
     </span>
    </p>
   </div>
   <div class='ocr_carea' id='block_1_82' title="bbox 2201 3298 3868 3373">
    <p class='ocr_par' dir='ltr' id='par_1_82' title="bbox 2201 3298 3868 3373">
     <span class='ocr_line' id='line_1_82' title="bbox 2201 3298 3868 3373; baseline -0.001 -18"><span class='ocrx_word' id='word_1_584' title='bbox 2201 3303 2310 3355; x_wconf 88' lang='grc' dir='ltr'>τῶν</span> <span class='ocrx_word' id='word_1_585' title='bbox 2352 3299 2574 3361; x_wconf 69' lang='grc' dir='ltr'>ἑαυτοὺς</span> <span class='ocrx_word' id='word_1_586' title='bbox 2630 3299 3077 3357; x_wconf 86' lang='grc' dir='ltr'>συνιστανόντων.</span> <span class='ocrx_word' id='word_1_587' title='bbox 3137 3300 3329 3373; x_wconf 81' lang='grc' dir='ltr'>Ἡμεῖς</span> <span class='ocrx_word' id='word_1_588' title='bbox 3392 3298 3450 3355; x_wconf 84' lang='grc' dir='ltr'>δέ</span> <span class='ocrx_word' id='word_1_589' title='bbox 3512 3322 3565 3357; x_wconf 91' lang='grc' dir='ltr'>τι</span> <span class='ocrx_word' id='word_1_590' title='bbox 3623 3299 3683 3355; x_wconf 79' lang='grc' dir='ltr'>οὐ</span> <span class='ocrx_word' id='word_1_591' title='bbox 3739 3321 3868 3355; x_wconf 87' lang='grc' dir='ltr'>συν-</span> 
     </span>
    </p>
   </div>
   <div class='ocr_carea' id='block_1_83' title="bbox 2206 3386 3865 3466">
    <p class='ocr_par' dir='ltr' id='par_1_83' title="bbox 2206 3386 3865 3466">
     <span class='ocr_line' id='line_1_83' title="bbox 2206 3386 3865 3466; baseline 0.001 -22"><span class='ocrx_word' id='word_1_592' title='bbox 2206 3393 2462 3462; x_wconf 87' lang='grc' dir='ltr'>ιστῶμεν,</span> <span class='ocrx_word' id='word_1_593' title='bbox 2496 3386 2642 3444; x_wconf 81' lang='grc' dir='ltr'>ἀλλᾶ</span> <span class='ocrx_word' id='word_1_594' title='bbox 2669 3389 2822 3444; x_wconf 79' lang='grc' dir='ltr'>αὐτοὶ</span> <span class='ocrx_word' id='word_1_595' title='bbox 2864 3388 3085 3447; x_wconf 70' lang='grc' dir='ltr'>ἑαυτοὺς</span> <span class='ocrx_word' id='word_1_596' title='bbox 3146 3394 3473 3465; x_wconf 76' lang='grc' dir='ltr'>μετροῦμεν,</span> <span class='ocrx_word' id='word_1_597' title='bbox 3531 3392 3646 3446; x_wconf 80' lang='grc' dir='ltr'>οἷον</span> <span class='ocrx_word' id='word_1_598' title='bbox 3704 3390 3865 3466; x_wconf 84' lang='grc' dir='ltr'>ἀκρι-</span> 
     </span>
    </p>
   </div>
   <div class='ocr_carea' id='block_1_84' title="bbox 2204 3472 3859 3552">
    <p class='ocr_par' dir='ltr' id='par_1_84' title="bbox 2204 3472 3859 3552">
     <span class='ocr_line' id='line_1_84' title="bbox 2204 3472 3859 3552; baseline 0.002 -20"><span class='ocrx_word' id='word_1_599' title='bbox 2204 3472 2573 3552; x_wconf 76' lang='grc' dir='ltr'>ϐολογοῦμεν,</span> <span class='ocrx_word' id='word_1_600' title='bbox 2612 3478 2951 3552; x_wconf 75' lang='grc' dir='ltr'>ἐξετάζομεν,</span> <span class='ocrx_word' id='word_1_601' title='bbox 2983 3477 3113 3534; x_wconf 76' lang='grc' dir='ltr'>αὐτὸ</span> <span class='ocrx_word' id='word_1_602' title='bbox 3177 3478 3240 3534; x_wconf 89' lang='grc' dir='ltr'>τὸ</span> <span class='ocrx_word' id='word_1_603' title='bbox 3299 3475 3541 3543; x_wconf 80' lang='grc' dir='ltr'>συνειδὸς</span> <span class='ocrx_word' id='word_1_604' title='bbox 3571 3480 3859 3551; x_wconf 74' lang='grc' dir='ltr'>ἐξεταστὴν</span> 
     </span>
    </p>
   </div>
   <div class='ocr_carea' id='block_1_85' title="bbox 2202 3565 3863 3642">
    <p class='ocr_par' dir='ltr' id='par_1_85' title="bbox 2202 3565 3863 3642">
     <span class='ocr_line' id='line_1_85' title="bbox 2202 3565 3863 3642; baseline 0.002 -20"><span class='ocrx_word' id='word_1_605' title='bbox 2202 3565 2503 3639; x_wconf 76' lang='grc' dir='ltr'>ποιοῦντες,</span> <span class='ocrx_word' id='word_1_606' title='bbox 2540 3569 2616 3640; x_wconf 75' lang='grc' dir='ltr'>μή</span> <span class='ocrx_word' id='word_1_607' title='bbox 2647 3588 2700 3622; x_wconf 87' lang='grc' dir='ltr'>τι</span> <span class='ocrx_word' id='word_1_608' title='bbox 2730 3567 3032 3641; x_wconf 71' lang='grc' dir='ltr'>πέπρακται</span> <span class='ocrx_word' id='word_1_609' title='bbox 3080 3566 3153 3623; x_wconf 83' lang='grc' dir='ltr'>ὧν</span> <span class='ocrx_word' id='word_1_610' title='bbox 3214 3567 3276 3623; x_wconf 77' lang='grc' dir='ltr'>οὐ</span> <span class='ocrx_word' id='word_1_611' title='bbox 3335 3565 3438 3636; x_wconf 83' lang='grc' dir='ltr'>δεῖ,</span> <span class='ocrx_word' id='word_1_612' title='bbox 3501 3571 3577 3642; x_wconf 78' lang='grc' dir='ltr'>μή</span> <span class='ocrx_word' id='word_1_613' title='bbox 3634 3591 3688 3625; x_wconf 92' lang='grc' dir='ltr'>τι</span> <span class='ocrx_word' id='word_1_614' title='bbox 3749 3566 3863 3625; x_wconf 84' lang='grc' dir='ltr'>δια-</span> 
     </span>
    </p>
   </div>
   <div class='ocr_carea' id='block_1_86' title="bbox 2202 3653 3867 3734">
    <p class='ocr_par' dir='ltr' id='par_1_86' title="bbox 2202 3653 3867 3734">
     <span class='ocr_line' id='line_1_86' title="bbox 2202 3653 3867 3734; baseline 0.002 -22"><span class='ocrx_word' id='word_1_615' title='bbox 2202 3655 2452 3727; x_wconf 73' lang='grc' dir='ltr'>νενόηται</span> <span class='ocrx_word' id='word_1_616' title='bbox 2490 3653 2750 3732; x_wconf 75' lang='grc' dir='ltr'>ἆπρεπές.</span> <span class='ocrx_word' id='word_1_617' title='bbox 2812 3656 2919 3713; x_wconf 79' lang='grc' dir='ltr'>Καὶ</span> <span class='ocrx_word' id='word_1_618' title='bbox 2980 3657 3177 3723; x_wconf 68' lang='grc' dir='ltr'>αὐτοὺς</span> <span class='ocrx_word' id='word_1_619' title='bbox 3232 3659 3613 3734; x_wconf 82' lang='grc' dir='ltr'>συγκρίνομεν,</span> <span class='ocrx_word' id='word_1_620' title='bbox 3673 3661 3750 3734; x_wconf 81' lang='grc' dir='ltr'>μή</span> <span class='ocrx_word' id='word_1_621' title='bbox 3811 3679 3867 3715; x_wconf 89' lang='grc' dir='ltr'>τι</span> 
     </span>
    </p>
   </div>
   <div class='ocr_carea' id='block_1_87' title="bbox 2202 3745 3863 3825">
    <p class='ocr_par' dir='ltr' id='par_1_87' title="bbox 2202 3745 3863 3825">
     <span class='ocr_line' id='line_1_87' title="bbox 2202 3745 3863 3825; baseline 0.001 -23"><span class='ocrx_word' id='word_1_622' title='bbox 2202 3745 2304 3822; x_wconf 75' lang='grc' dir='ltr'>ἄρα</span> <span class='ocrx_word' id='word_1_623' title='bbox 2384 3746 2614 3803; x_wconf 85' lang='grc' dir='ltr'>ἐναντίον</span> <span class='ocrx_word' id='word_1_624' title='bbox 2700 3746 2773 3803; x_wconf 85' lang='grc' dir='ltr'>ὦν</span> <span class='ocrx_word' id='word_1_625' title='bbox 2834 3748 3199 3822; x_wconf 77' lang='grc' dir='ltr'>κηρύσσομεν,</span> <span class='ocrx_word' id='word_1_626' title='bbox 3261 3750 3334 3803; x_wconf 82' lang='grc' dir='ltr'>ὧν</span> <span class='ocrx_word' id='word_1_627' title='bbox 3393 3748 3863 3825; x_wconf 73' lang='grc' dir='ltr'>ἐπηγγειλάμεθα,</span> 
     </span>
    </p>
   </div>
   <div class='ocr_carea' id='block_1_88' title="bbox 2201 3835 3866 3915">
    <p class='ocr_par' dir='ltr' id='par_1_88' title="bbox 2201 3835 3866 3915">
     <span class='ocr_line' id='line_1_88' title="bbox 2201 3835 3866 3915; baseline 0.003 -25"><span class='ocrx_word' id='word_1_628' title='bbox 2201 3835 2551 3909; x_wconf 76' lang='grc' dir='ltr'>πράττωμεν,</span> <span class='ocrx_word' id='word_1_629' title='bbox 2604 3838 2678 3910; x_wconf 82' lang='grc' dir='ltr'>μή</span> <span class='ocrx_word' id='word_1_630' title='bbox 2750 3857 2802 3891; x_wconf 88' lang='grc' dir='ltr'>τι</span> <span class='ocrx_word' id='word_1_631' title='bbox 2884 3835 3211 3915; x_wconf 61' lang='grc' dir='ltr'>ἀσύμφωνον</span> <span class='ocrx_word' id='word_1_632' title='bbox 3271 3841 3351 3910; x_wconf 79' lang='grc' dir='ltr'>τῷ</span> <span class='ocrx_word' id='word_1_633' title='bbox 3409 3841 3665 3913; x_wconf 66' lang='grc' dir='ltr'>προτέρῳ</span> <span class='ocrx_word' id='word_1_634' title='bbox 3731 3838 3866 3913; x_wconf 77' lang='grc' dir='ltr'>βίῳ.</span> 
     </span>
    </p>
   </div>
   <div class='ocr_carea' id='block_1_89' title="bbox 2203 3923 3863 4003">
    <p class='ocr_par' dir='ltr' id='par_1_89' title="bbox 2203 3923 3863 4003">
     <span class='ocr_line' id='line_1_89' title="bbox 2203 3923 3863 4003; baseline -0.001 -20"><span class='ocrx_word' id='word_1_635' title='bbox 2203 3925 2305 3983; x_wconf 78' lang='grc' dir='ltr'>Καὶ</span> <span class='ocrx_word' id='word_1_636' title='bbox 2360 3924 2723 4003; x_wconf 82' lang='grc' dir='ltr'>συγκρίνομεν</span> <span class='ocrx_word' id='word_1_637' title='bbox 2781 3923 2838 3981; x_wconf 71' lang='grc' dir='ltr'>δέ</span> <span class='ocrx_word' id='word_1_638' title='bbox 2893 3926 3136 3995; x_wconf 70' lang='grc' dir='ltr'>ἑαυτοῖς,</span> <span class='ocrx_word' id='word_1_639' title='bbox 3198 3927 3328 4003; x_wconf 78' lang='grc' dir='ltr'>οὐχὶ</span> <span class='ocrx_word' id='word_1_640' title='bbox 3382 3933 3501 3989; x_wconf 86' lang='grc' dir='ltr'>τοῖς</span> <span class='ocrx_word' id='word_1_641' title='bbox 3560 3932 3863 4001; x_wconf 75' lang='grc' dir='ltr'>συνιοῦσιν,</span> 
     </span>
    </p>
   </div>
   <div class='ocr_carea' id='block_1_90' title="bbox 2201 4010 3862 4093">
    <p class='ocr_par' dir='ltr' id='par_1_90' title="bbox 2201 4010 3862 4093">
     <span class='ocr_line' id='line_1_90' title="bbox 2201 4010 3862 4093; baseline 0.002 -23"><span class='ocrx_word' id='word_1_642' title='bbox 2201 4014 2330 4091; x_wconf 81' lang='grc' dir='ltr'>οὐχὶ</span> <span class='ocrx_word' id='word_1_643' title='bbox 2365 4014 2608 4091; x_wconf 69' lang='grc' dir='ltr'>θέατρον,</span> <span class='ocrx_word' id='word_1_644' title='bbox 2642 4016 2796 4093; x_wconf 79' lang='grc' dir='ltr'>φησὶ,</span> <span class='ocrx_word' id='word_1_645' title='bbox 2824 4017 2953 4081; x_wconf 84' lang='grc' dir='ltr'>τοὺς</span> <span class='ocrx_word' id='word_1_646' title='bbox 3009 4010 3198 4088; x_wconf 78' lang='grc' dir='ltr'>ἔξωθεν</span> <span class='ocrx_word' id='word_1_647' title='bbox 3260 4018 3540 4080; x_wconf 88' lang='grc' dir='ltr'>συνιόντας</span> <span class='ocrx_word' id='word_1_648' title='bbox 3590 4017 3862 4091; x_wconf 87' lang='grc' dir='ltr'>ποιούμε-</span> 
     </span>
    </p>
   </div>
   <div class='ocr_carea' id='block_1_91' title="bbox 2200 4101 3865 4181">
    <p class='ocr_par' dir='ltr' id='par_1_91' title="bbox 2200 4101 3865 4181">
     <span class='ocr_line' id='line_1_91' title="bbox 2200 4101 3865 4181; baseline 0.003 -23"><span class='ocrx_word' id='word_1_649' title='bbox 2200 4125 2283 4159; x_wconf 91' lang='grc' dir='ltr'>νοι</span> <span class='ocrx_word' id='word_1_650' title='bbox 2310 4112 2411 4174; x_wconf 83' lang='grc' dir='ltr'>τῆς</span> <span class='ocrx_word' id='word_1_651' title='bbox 2441 4101 2581 4169; x_wconf 81' lang='grc' dir='ltr'>ἰδίας</span> <span class='ocrx_word' id='word_1_652' title='bbox 2610 4106 2939 4181; x_wconf 82' lang='grc' dir='ltr'>συγκρίσεως</span> <span class='ocrx_word' id='word_1_653' title='bbox 2983 4107 3071 4161; x_wconf 84' lang='grc' dir='ltr'>καὶ</span> <span class='ocrx_word' id='word_1_654' title='bbox 3134 4106 3440 4177; x_wconf 76' lang='grc' dir='ltr'>ἐξετάσεως,</span> <span class='ocrx_word' id='word_1_655' title='bbox 3503 4105 3649 4163; x_wconf 83' lang='grc' dir='ltr'>ἀλλὰ</span> <span class='ocrx_word' id='word_1_656' title='bbox 3702 4105 3865 4163; x_wconf 84' lang='grc' dir='ltr'>αὐτοὶ</span> 
     </span>
    </p>
   </div>
   <div class='ocr_carea' id='block_1_92' title="bbox 2201 4191 3870 4273">
    <p class='ocr_par' dir='ltr' id='par_1_92' title="bbox 2201 4191 3870 4273">
     <span class='ocr_line' id='line_1_92' title="bbox 2201 4191 3870 4273; baseline 0.002 -24"><span class='ocrx_word' id='word_1_657' title='bbox 2201 4194 2427 4256; x_wconf 67' lang='grc' dir='ltr'>ἑαυτοὺς</span> <span class='ocrx_word' id='word_1_658' title='bbox 2455 4214 2643 4270; x_wconf 82' lang='grc' dir='ltr'>κριτας</span> <span class='ocrx_word' id='word_1_659' title='bbox 2670 4196 2764 4251; x_wconf 78' lang='grc' dir='ltr'>καὶ</span> <span class='ocrx_word' id='word_1_660' title='bbox 2796 4191 3053 4259; x_wconf 78' lang='grc' dir='ltr'>δικαστὰς</span> <span class='ocrx_word' id='word_1_661' title='bbox 3084 4196 3531 4273; x_wconf 79' lang='grc' dir='ltr'>προκαθίζοντες,</span> <span class='ocrx_word' id='word_1_662' title='bbox 3556 4197 3689 4273; x_wconf 78' lang='grc' dir='ltr'>ὅπερ</span> <span class='ocrx_word' id='word_1_663' title='bbox 3721 4196 3870 4253; x_wconf 84' lang='grc' dir='ltr'>ἐστὶν</span> 
     </span>
    </p>
   </div>
   <div class='ocr_carea' id='block_1_93' title="bbox 2200 4282 2779 4360">
    <p class='ocr_par' dir='ltr' id='par_1_93' title="bbox 2200 4282 2779 4360">
     <span class='ocr_line' id='line_1_93' title="bbox 2200 4282 2779 4360; baseline 0.005 -21"><span class='ocrx_word' id='word_1_664' title='bbox 2200 4282 2500 4340; x_wconf 77' lang='grc' dir='ltr'>ἀδεκάστου</span> <span class='ocrx_word' id='word_1_665' title='bbox 2528 4285 2779 4360; x_wconf 84' lang='grc' dir='ltr'>κρίσεως.</span> 
     </span>
    </p>
   </div>
   <div class='ocr_carea' id='block_1_94' title="bbox 499 4555 2091 4635">
    <p class='ocr_par' dir='ltr' id='par_1_94' title="bbox 499 4555 2091 4629">
     <span class='ocr_line' id='line_1_94' title="bbox 499 4555 2091 4629; baseline 0.002 -16"><span class='ocrx_word' id='word_1_666' title='bbox 499 4557 649 4613; x_wconf 73' lang='lat'>671</span> <span class='ocrx_word' id='word_1_667' title='bbox 689 4555 1151 4629; x_wconf 89' lang='lat' dir='ltr'>Pseudapostoli</span> <span class='ocrx_word' id='word_1_668' title='bbox 1201 4572 1337 4611; x_wconf 92' lang='lat' dir='ltr'>vero</span> <span class='ocrx_word' id='word_1_669' title='bbox 1368 4574 1430 4611; x_wconf 89' lang='lat' dir='ltr'>se</span> <span class='ocrx_word' id='word_1_670' title='bbox 1474 4558 1633 4629; x_wconf 90' lang='lat' dir='ltr'>ipsos</span> <span class='ocrx_word' id='word_1_671' title='bbox 1666 4560 2091 4617; x_wconf 51' lang='lat' dir='ltr'>commendan.</span> 
     </span>
    </p>
   </div>
   <div class='ocr_carea' id='block_1_95' title="bbox 2200 4555 3870 4635">
    <p class='ocr_par' dir='ltr' id='par_1_95' title="bbox 2277 4556 3870 4635">
     <span class='ocr_line' id='line_1_95' title="bbox 2277 4556 3870 4635; baseline 0.001 -17"><span class='ocrx_word' id='word_1_672' title='bbox 2277 4561 2343 4618; x_wconf 78' lang='grc' dir='ltr'><strong>Οἱ</strong></span> <span class='ocrx_word' id='word_1_673' title='bbox 2402 4556 2458 4615; x_wconf 67' lang='grc' dir='ltr'>δὲ</span> <span class='ocrx_word' id='word_1_674' title='bbox 2509 4559 2949 4635; x_wconf 80' lang='grc' dir='ltr'>ψευδαπόστολοι</span> <span class='ocrx_word' id='word_1_675' title='bbox 3005 4563 3096 4617; x_wconf 78' lang='grc' dir='ltr'>καὶ</span> <span class='ocrx_word' id='word_1_676' title='bbox 3155 4562 3377 4626; x_wconf 71' lang='grc' dir='ltr'>ἑαυτοὺς</span> <span class='ocrx_word' id='word_1_677' title='bbox 3437 4564 3870 4633; x_wconf 81' lang='grc' dir='ltr'>συνιστάνοντες,</span> 
     </span>
    </p>
   </div>
   <div class='ocr_carea' id='block_1_96' title="bbox 429 4647 2098 4723">
    <p class='ocr_par' dir='ltr' id='par_1_96' title="bbox 429 4647 2098 4723">
     <span class='ocr_line' id='line_1_96' title="bbox 429 4647 2098 4723; baseline 0.003 -19"><span class='ocrx_word' id='word_1_678' title='bbox 429 4648 822 4721; x_wconf 87' lang='lat' dir='ltr'>tes.opposito</span> <span class='ocrx_word' id='word_1_679' title='bbox 856 4665 916 4703; x_wconf 91' lang='lat' dir='ltr'>m</span> <span class='ocrx_word' id='word_1_680' title='bbox 959 4648 1036 4703; x_wconf 91' lang='lat' dir='ltr'>do</span> <span class='ocrx_word' id='word_1_681' title='bbox 1061 4647 1134 4703; x_wconf 91' lang='lat' dir='ltr'>ad</span> <span class='ocrx_word' id='word_1_682' title='bbox 1182 4648 1642 4705; x_wconf 85' lang='lat' dir='ltr'>ostentationem</span> <span class='ocrx_word' id='word_1_683' title='bbox 1702 4656 1760 4705; x_wconf 92' lang='lat' dir='ltr'>et</span> <span class='ocrx_word' id='word_1_684' title='bbox 1810 4650 2098 4723; x_wconf 88' lang='lat' dir='ltr'>placitum</span> 
     </span>
    </p>
   </div>
   <div class='ocr_carea' id='block_1_97' title="bbox 428 4737 2099 4815">
    <p class='ocr_par' dir='ltr' id='par_1_97' title="bbox 428 4737 2099 4815">
     <span class='ocr_line' id='line_1_97' title="bbox 428 4737 2099 4815; baseline 0.003 -21"><span class='ocrx_word' id='word_1_685' title='bbox 428 4738 847 4794; x_wconf 85' lang='lat' dir='ltr'>multitudinis</span> <span class='ocrx_word' id='word_1_686' title='bbox 879 4739 1083 4794; x_wconf 91' lang='lat' dir='ltr'>omnia</span> <span class='ocrx_word' id='word_1_687' title='bbox 1113 4737 1399 4795; x_wconf 85' lang='lat' dir='ltr'>efficiunt.</span> <span class='ocrx_word' id='word_1_688' title='bbox 1445 4738 1582 4794; x_wconf 84' lang='lat' dir='ltr'>Ideo</span> <span class='ocrx_word' id='word_1_689' title='bbox 1615 4756 1809 4811; x_wconf 89' lang='lat' dir='ltr'>neque</span> <span class='ocrx_word' id='word_1_690' title='bbox 1868 4742 2099 4815; x_wconf 89' lang='lat' dir='ltr'>seipsos</span> 
     </span>
    </p>
   </div>
   <div class='ocr_carea' id='block_1_98' title="bbox 402 4830 2097 4901">
    <p class='ocr_par' dir='ltr' id='par_1_98' title="bbox 402 4830 2097 4901">
     <span class='ocr_line' id='line_1_98' title="bbox 402 4830 2097 4901; baseline 0.002 -17"><span class='ocrx_word' id='word_1_691' title='bbox 402 4830 985 4900; x_wconf 63' lang='lat' dir='ltr'>‘metiunturneque</span> <span class='ocrx_word' id='word_1_692' title='bbox 1018 4830 1245 4901; x_wconf 88' lang='lat' dir='ltr'>seipsos</span> <span class='ocrx_word' id='word_1_693' title='bbox 1269 4836 1720 4901; x_wconf 80' lang='lat' dir='ltr'>perscrutamur</span> <span class='ocrx_word' id='word_1_694' title='bbox 1753 4849 1766 4887; x_wconf 89' lang='lat'><strong>:</strong></span> <span class='ocrx_word' id='word_1_695' title='bbox 1792 4831 1897 4887; x_wconf 92' lang='lat' dir='ltr'>sed</span> <span class='ocrx_word' id='word_1_696' title='bbox 1928 4832 2097 4888; x_wconf 81' lang='lat' dir='ltr'>sufﬁ-</span> 
     </span>
    </p>
   </div>
   <div class='ocr_carea' id='block_1_99' title="bbox 425 4919 2096 4992">
    <p class='ocr_par' dir='ltr' id='par_1_99' title="bbox 425 4919 2096 4992">
     <span class='ocr_line' id='line_1_99' title="bbox 425 4919 2096 4992; baseline 0.004 -20"><span class='ocrx_word' id='word_1_697' title='bbox 425 4920 507 4973; x_wconf 91' lang='lat' dir='ltr'>cit</span> <span class='ocrx_word' id='word_1_698' title='bbox 535 4919 683 4989; x_wconf 87' lang='lat' dir='ltr'>ipsis</span> <span class='ocrx_word' id='word_1_699' title='bbox 714 4919 786 4973; x_wconf 89' lang='lat' dir='ltr'>ad</span> <span class='ocrx_word' id='word_1_700' title='bbox 811 4935 1055 4975; x_wconf 90' lang='lat' dir='ltr'>omnem</span> <span class='ocrx_word' id='word_1_701' title='bbox 1079 4919 1521 4987; x_wconf 75' lang='lat' dir='ltr'>felicitatem,ut</span> <span class='ocrx_word' id='word_1_702' title='bbox 1544 4920 1783 4975; x_wconf 88' lang='lat' dir='ltr'>illorum</span> <span class='ocrx_word' id='word_1_703' title='bbox 1816 4919 2096 4992; x_wconf 66' lang='lat' dir='ltr'>placeant</span> 
     </span>
    </p>
   </div>
   <div class='ocr_carea' id='block_1_100' title="bbox 423 5006 2095 5081">
    <p class='ocr_par' dir='ltr' id='par_1_100' title="bbox 423 5006 2095 5081">
     <span class='ocr_line' id='line_1_100' title="bbox 423 5006 2095 5081; baseline 0.004 -20"><span class='ocrx_word' id='word_1_704' title='bbox 423 5006 797 5062; x_wconf 87' lang='lat' dir='ltr'>multitudini</span> <span class='ocrx_word' id='word_1_705' title='bbox 830 5009 932 5079; x_wconf 90' lang='lat' dir='ltr'>qui</span> <span class='ocrx_word' id='word_1_706' title='bbox 963 5025 1084 5064; x_wconf 89' lang='lat' dir='ltr'>una</span> <span class='ocrx_word' id='word_1_707' title='bbox 1141 5025 1344 5064; x_wconf 90' lang='lat' dir='ltr'>secum</span> <span class='ocrx_word' id='word_1_708' title='bbox 1405 5015 1737 5065; x_wconf 88' lang='lat' dir='ltr'>versantur.</span> <span class='ocrx_word' id='word_1_709' title='bbox 1772 5011 2095 5081; x_wconf 86' lang='lat' dir='ltr'>Propterea</span> 
     </span>
    </p>
   </div>
   <div class='ocr_carea' id='block_1_101' title="bbox 423 5097 2088 5169">
    <p class='ocr_par' dir='ltr' id='par_1_101' title="bbox 423 5097 2088 5169">
     <span class='ocr_line' id='line_1_101' title="bbox 423 5097 2088 5169; baseline 0.005 -20"><span class='ocrx_word' id='word_1_710' title='bbox 423 5112 533 5150; x_wconf 91' lang='lat' dir='ltr'>nos</span> <span class='ocrx_word' id='word_1_711' title='bbox 564 5112 685 5149; x_wconf 91' lang='lat' dir='ltr'>non</span> <span class='ocrx_word' id='word_1_712' title='bbox 710 5097 769 5150; x_wconf 90' lang='lat' dir='ltr'>in</span> <span class='ocrx_word' id='word_1_713' title='bbox 806 5097 1169 5153; x_wconf 85' lang='lat' dir='ltr'>immensum</span> <span class='ocrx_word' id='word_1_714' title='bbox 1200 5105 1266 5153; x_wconf 90' lang='lat' dir='ltr'>ut</span> <span class='ocrx_word' id='word_1_715' title='bbox 1289 5099 1394 5164; x_wconf 74' lang='lat' dir='ltr'>illi,</span> <span class='ocrx_word' id='word_1_716' title='bbox 1428 5105 1530 5153; x_wconf 88' lang='lat' dir='ltr'>aut</span> <span class='ocrx_word' id='word_1_717' title='bbox 1589 5098 1825 5167; x_wconf 69' lang='lat' dir='ltr'>gloriati</span> <span class='ocrx_word' id='word_1_718' title='bbox 1859 5116 2088 5169; x_wconf 89' lang='lat' dir='ltr'>sumus,</span> 
     </span>
    </p>
   </div>
   <div class='ocr_carea' id='block_1_102' title="bbox 420 5183 2088 5258">
    <p class='ocr_par' dir='ltr' id='par_1_102' title="bbox 420 5183 2088 5258">
     <span class='ocr_line' id='line_1_102' title="bbox 420 5183 2088 5258; baseline 0.003 -19"><span class='ocrx_word' id='word_1_719' title='bbox 420 5189 535 5239; x_wconf 88' lang='lat' dir='ltr'>aut</span> <span class='ocrx_word' id='word_1_720' title='bbox 582 5183 1004 5255; x_wconf 81' lang='lat' dir='ltr'>gloriabimur:</span> <span class='ocrx_word' id='word_1_721' title='bbox 1069 5186 1171 5241; x_wconf 91' lang='lat' dir='ltr'>sed</span> <span class='ocrx_word' id='word_1_722' title='bbox 1227 5187 1275 5241; x_wconf 89' lang='lat' dir='ltr'>si</span> <span class='ocrx_word' id='word_1_723' title='bbox 1320 5187 1463 5258; x_wconf 91' lang='lat' dir='ltr'>quid</span> <span class='ocrx_word' id='word_1_724' title='bbox 1494 5185 1771 5252; x_wconf 86' lang='lat' dir='ltr'>dicimus,</span> <span class='ocrx_word' id='word_1_725' title='bbox 1814 5194 1915 5242; x_wconf 91' lang='lat' dir='ltr'>aut</span> <span class='ocrx_word' id='word_1_726' title='bbox 1947 5190 2088 5244; x_wconf 88' lang='lat' dir='ltr'>faci-</span> 
     </span>
    </p>
   </div>
   <div class='ocr_carea' id='block_1_103' title="bbox 421 5273 2088 5348">
    <p class='ocr_par' dir='ltr' id='par_1_103' title="bbox 421 5273 2088 5348">
     <span class='ocr_line' id='line_1_103' title="bbox 421 5273 2088 5348; baseline 0.007 -19"><span class='ocrx_word' id='word_1_727' title='bbox 421 5279 693 5341; x_wconf 88' lang='lat' dir='ltr'>mus,aut</span> <span class='ocrx_word' id='word_1_728' title='bbox 713 5273 1221 5347; x_wconf 80' lang='lat' dir='ltr'>scribimus,juxta</span> <span class='ocrx_word' id='word_1_729' title='bbox 1245 5293 1586 5332; x_wconf 87' lang='lat' dir='ltr'>mensuram</span> <span class='ocrx_word' id='word_1_730' title='bbox 1618 5277 1837 5348; x_wconf 61' lang='lat' dir='ltr'>regulae</span> <span class='ocrx_word' id='word_1_731' title='bbox 1868 5288 2088 5341; x_wconf 61' lang='lat' dir='ltr'>nostra</span> 
     </span>
    </p>
   </div>
   <div class='ocr_carea' id='block_1_104' title="bbox 422 5363 2085 5437">
    <p class='ocr_par' dir='ltr' id='par_1_104' title="bbox 422 5363 2085 5437">
     <span class='ocr_line' id='line_1_104' title="bbox 422 5363 2085 5437; baseline 0.007 -17"><span class='ocrx_word' id='word_1_732' title='bbox 422 5363 684 5420; x_wconf 89' lang='lat' dir='ltr'>dicimus</span> <span class='ocrx_word' id='word_1_733' title='bbox 719 5368 778 5419; x_wconf 91' lang='lat' dir='ltr'>et</span> <span class='ocrx_word' id='word_1_734' title='bbox 804 5363 1057 5422; x_wconf 86' lang='lat' dir='ltr'>facimus</span> <span class='ocrx_word' id='word_1_735' title='bbox 1097 5372 1156 5422; x_wconf 92' lang='lat' dir='ltr'>et</span> <span class='ocrx_word' id='word_1_736' title='bbox 1211 5367 1547 5422; x_wconf 88' lang='lat' dir='ltr'>scribimus.</span> <span class='ocrx_word' id='word_1_737' title='bbox 1612 5367 1741 5437; x_wconf 85' lang='lat' dir='ltr'>Ipse</span> <span class='ocrx_word' id='word_1_738' title='bbox 1798 5384 1934 5426; x_wconf 84' lang='lat' dir='ltr'>vero</span> <span class='ocrx_word' id='word_1_739' title='bbox 1965 5389 2085 5431; x_wconf 90' lang='lat' dir='ltr'>non</span> 
     </span>
    </p>
   </div>
   <div class='ocr_carea' id='block_1_105' title="bbox 423 5453 2085 5524">
    <p class='ocr_par' dir='ltr' id='par_1_105' title="bbox 423 5453 2085 5524">
     <span class='ocr_line' id='line_1_105' title="bbox 423 5453 2085 5524; baseline -0.001 -15"><span class='ocrx_word' id='word_1_740' title='bbox 423 5453 596 5520; x_wconf 91' lang='lat' dir='ltr'>dicit,</span> <span class='ocrx_word' id='word_1_741' title='bbox 631 5453 966 5509; x_wconf 86' lang='lat' dir='ltr'>Mensuram</span> <span class='ocrx_word' id='word_1_742' title='bbox 1022 5461 1311 5524; x_wconf 90' lang='lat' dir='ltr'>nostram,</span> <span class='ocrx_word' id='word_1_743' title='bbox 1346 5456 1449 5511; x_wconf 90' lang='lat' dir='ltr'>sed</span> <span class='ocrx_word' id='word_1_744' title='bbox 1478 5456 1581 5512; x_wconf 86' lang='lat' dir='ltr'>ubi</span> <span class='ocrx_word' id='word_1_745' title='bbox 1612 5453 1811 5511; x_wconf 79' lang='lat' dir='ltr'>dixit«</span> <span class='ocrx_word' id='word_1_746' title='bbox 1846 5460 2085 5520; x_wconf 86' lang='lat' dir='ltr'>Mensu-</span> 
     </span>
    </p>
   </div>
   <div class='ocr_carea' id='block_1_106' title="bbox 422 5540 2076 5623">
    <p class='ocr_par' dir='ltr' id='par_1_106' title="bbox 422 5540 2076 5623">
     <span class='ocr_line' id='line_1_106' title="bbox 422 5540 2076 5623; baseline 0.007 -24"><span class='ocrx_word' id='word_1_747' title='bbox 422 5560 579 5609; x_wconf 90' lang='lat' dir='ltr'>ram,</span> <span class='ocrx_word' id='word_1_748' title='bbox 612 5564 639 5593; x_wconf 86' lang='grc'><strong>››</strong></span> <span class='ocrx_word' id='word_1_749' title='bbox 661 5540 1003 5617; x_wconf 76' lang='lat' dir='ltr'>subjungit:</span> <span class='ocrx_word' id='word_1_750' title='bbox 1029 5546 1248 5612; x_wconf 86' lang='lat' dir='ltr'>«Quam</span> <span class='ocrx_word' id='word_1_751' title='bbox 1274 5546 1526 5618; x_wconf 88' lang='lat' dir='ltr'>partitus</span> <span class='ocrx_word' id='word_1_752' title='bbox 1558 5551 1648 5601; x_wconf 88' lang='lat' dir='ltr'>est</span> <span class='ocrx_word' id='word_1_753' title='bbox 1676 5546 1849 5604; x_wconf 92' lang='lat' dir='ltr'>nobis</span> <span class='ocrx_word' id='word_1_754' title='bbox 1872 5550 2076 5623; x_wconf 72' lang='lat' dir='ltr'>Deus,-</span> 
     </span>
    </p>
   </div>
   <div class='ocr_carea' id='block_1_107' title="bbox 473 5631 2081 5706">
    <p class='ocr_par' dir='ltr' id='par_1_107' title="bbox 473 5631 2081 5706">
     <span class='ocr_line' id='line_1_107' title="bbox 473 5631 2081 5706; baseline 0.007 -17"><span class='ocrx_word' id='word_1_755' title='bbox 473 5631 760 5689; x_wconf 82' lang='lat' dir='ltr'>stendens</span> <span class='ocrx_word' id='word_1_756' title='bbox 791 5633 948 5704; x_wconf 89' lang='lat' dir='ltr'>quod</span> <span class='ocrx_word' id='word_1_757' title='bbox 975 5635 1103 5706; x_wconf 86' lang='lat' dir='ltr'>ipsa</span> <span class='ocrx_word' id='word_1_758' title='bbox 1120 5652 1358 5706; x_wconf 88' lang='lat' dir='ltr'>quoque</span> <span class='ocrx_word' id='word_1_759' title='bbox 1389 5636 1517 5706; x_wconf 84' lang='lat' dir='ltr'>ejus</span> <span class='ocrx_word' id='word_1_760' title='bbox 1548 5652 1831 5697; x_wconf 82' lang='lat' dir='ltr'>mensura</span> <span class='ocrx_word' id='word_1_761' title='bbox 1862 5655 1930 5700; x_wconf 80' lang='lat' dir='ltr'><strong>ex</strong></span> <span class='ocrx_word' id='word_1_762' title='bbox 1962 5643 2081 5701; x_wconf 89' lang='lat' dir='ltr'>Deo</span> 
     </span>
    </p>
   </div>
   <div class='ocr_carea' id='block_1_108' title="bbox 2209 4650 3870 4730">
    <p class='ocr_par' dir='ltr' id='par_1_108' title="bbox 2209 4650 3870 4730">
     <span class='ocr_line' id='line_1_108' title="bbox 2209 4650 3870 4730; baseline 0.001 -23"><span class='ocrx_word' id='word_1_763' title='bbox 2209 4653 2346 4707; x_wconf 75' lang='grc' dir='ltr'>ἅπαν</span> <span class='ocrx_word' id='word_1_764' title='bbox 2378 4650 2709 4721; x_wconf 76' lang='grc' dir='ltr'>τούναντίον,</span> <span class='ocrx_word' id='word_1_765' title='bbox 2742 4653 2878 4727; x_wconf 87' lang='grc' dir='ltr'>πρὸς</span> <span class='ocrx_word' id='word_1_766' title='bbox 2936 4650 3215 4723; x_wconf 76' lang='grc' dir='ltr'>ἐπίδεοξιν,</span> <span class='ocrx_word' id='word_1_767' title='bbox 3272 4654 3407 4729; x_wconf 87' lang='grc' dir='ltr'>πρὸς</span> <span class='ocrx_word' id='word_1_768' title='bbox 3461 4654 3739 4730; x_wconf 71' lang='grc' dir='ltr'>ἀρέσκειαν</span> <span class='ocrx_word' id='word_1_769' title='bbox 3767 4657 3870 4709; x_wconf 79' lang='grc' dir='ltr'>τοῦ</span> 
     </span>
    </p>
   </div>
   <div class='ocr_carea' id='block_1_109' title="bbox 2208 4739 3874 4818">
    <p class='ocr_par' dir='ltr' id='par_1_109' title="bbox 2208 4739 3874 4818">
     <span class='ocr_line' id='line_1_109' title="bbox 2208 4739 3874 4818; baseline 0.002 -24"><span class='ocrx_word' id='word_1_770' title='bbox 2208 4739 2478 4812; x_wconf 74' lang='grc' dir='ltr'>πλήθους,</span> <span class='ocrx_word' id='word_1_771' title='bbox 2529 4740 2701 4797; x_wconf 88' lang='grc' dir='ltr'>πάντα</span> <span class='ocrx_word' id='word_1_772' title='bbox 2759 4746 3003 4797; x_wconf 79' lang='grc' dir='ltr'>ποιοῦσι.</span> <span class='ocrx_word' id='word_1_773' title='bbox 3066 4744 3159 4798; x_wconf 86' lang='grc' dir='ltr'>Διὸ</span> <span class='ocrx_word' id='word_1_774' title='bbox 3214 4739 3340 4798; x_wconf 78' lang='grc' dir='ltr'>οὐδέ</span> <span class='ocrx_word' id='word_1_775' title='bbox 3399 4748 3686 4818; x_wconf 77' lang='grc' dir='ltr'>μετροῦσιν</span> <span class='ocrx_word' id='word_1_776' title='bbox 3748 4743 3874 4798; x_wconf 68' lang='grc' dir='ltr'>ἑαυ-</span> 
     </span>
    </p>
   </div>
   <div class='ocr_carea' id='block_1_110' title="bbox 2206 4828 3876 4907">
    <p class='ocr_par' dir='ltr' id='par_1_110' title="bbox 2206 4828 3876 4907">
     <span class='ocr_line' id='line_1_110' title="bbox 2206 4828 3876 4907; baseline 0.001 -22"><span class='ocrx_word' id='word_1_777' title='bbox 2206 4831 2354 4897; x_wconf 77' lang='grc' dir='ltr'>τοὺς,</span> <span class='ocrx_word' id='word_1_778' title='bbox 2389 4828 2517 4886; x_wconf 74' lang='grc' dir='ltr'>ούόὶ</span> <span class='ocrx_word' id='word_1_779' title='bbox 2558 4830 2891 4903; x_wconf 80' lang='grc' dir='ltr'>ἐξετάζουσιν</span> <span class='ocrx_word' id='word_1_780' title='bbox 2949 4834 3197 4900; x_wconf 76' lang='grc' dir='ltr'>ἑαυτοὺς,</span> <span class='ocrx_word' id='word_1_781' title='bbox 3264 4830 3412 4888; x_wconf 80' lang='grc' dir='ltr'>ἀλλὰ</span> <span class='ocrx_word' id='word_1_782' title='bbox 3471 4833 3625 4907; x_wconf 84' lang='grc' dir='ltr'>ἀρκεῖ</span> <span class='ocrx_word' id='word_1_783' title='bbox 3680 4831 3876 4896; x_wconf 83' lang='grc' dir='ltr'>αὐτοῖς</span> 
     </span>
    </p>
   </div>
   <div class='ocr_carea' id='block_1_111' title="bbox 2206 4917 3872 4993">
    <p class='ocr_par' dir='ltr' id='par_1_111' title="bbox 2206 4917 3872 4993">
     <span class='ocr_line' id='line_1_111' title="bbox 2206 4917 3872 4993; baseline 0.001 -20"><span class='ocrx_word' id='word_1_784' title='bbox 2206 4918 2281 4981; x_wconf 79' lang='grc' dir='ltr'>εἰς</span> <span class='ocrx_word' id='word_1_785' title='bbox 2312 4923 2483 4974; x_wconf 80' lang='grc' dir='ltr'>πᾶσαν</span> <span class='ocrx_word' id='word_1_786' title='bbox 2517 4917 2893 4993; x_wconf 79' lang='grc' dir='ltr'>εὐδαιμονίαν,</span> <span class='ocrx_word' id='word_1_787' title='bbox 2925 4921 2987 4975; x_wconf 89' lang='grc' dir='ltr'>τὸ</span> <span class='ocrx_word' id='word_1_788' title='bbox 3016 4926 3096 4993; x_wconf 81' lang='grc' dir='ltr'>τῷ</span> <span class='ocrx_word' id='word_1_789' title='bbox 3141 4920 3342 4992; x_wconf 68' lang='grc' dir='ltr'>πλήθει</span> <span class='ocrx_word' id='word_1_790' title='bbox 3410 4926 3520 4977; x_wconf 86' lang='grc' dir='ltr'>τῶν</span> <span class='ocrx_word' id='word_1_791' title='bbox 3572 4920 3872 4975; x_wconf 83' lang='grc' dir='ltr'>συνιόντων</span> 
     </span>
    </p>
   </div>
   <div class='ocr_carea' id='block_1_112' title="bbox 2202 5008 3875 5084">
    <p class='ocr_par' dir='ltr' id='par_1_112' title="bbox 2202 5008 3875 5084">
     <span class='ocr_line' id='line_1_112' title="bbox 2202 5008 3875 5084; baseline 0.002 -22"><span class='ocrx_word' id='word_1_792' title='bbox 2202 5008 2409 5076; x_wconf 70' lang='grc' dir='ltr'>αὐτοῖς,</span> <span class='ocrx_word' id='word_1_793' title='bbox 2439 5008 2701 5084; x_wconf 80' lang='grc' dir='ltr'>ἀρέσκειν.</span> <span class='ocrx_word' id='word_1_794' title='bbox 2737 5010 2835 5065; x_wconf 81' lang='grc' dir='ltr'>Διὰ</span> <span class='ocrx_word' id='word_1_795' title='bbox 2867 5015 3032 5066; x_wconf 79' lang='grc' dir='ltr'>τοῦτο</span> <span class='ocrx_word' id='word_1_796' title='bbox 3085 5014 3275 5084; x_wconf 74' lang='grc' dir='ltr'>ἡμεῖς,</span> <span class='ocrx_word' id='word_1_797' title='bbox 3336 5008 3461 5066; x_wconf 75' lang='grc' dir='ltr'>οὐδὲ</span> <span class='ocrx_word' id='word_1_798' title='bbox 3518 5011 3595 5075; x_wconf 77' lang='grc' dir='ltr'>εἷς</span> <span class='ocrx_word' id='word_1_799' title='bbox 3640 5011 3708 5065; x_wconf 72' lang='grc' dir='ltr'>τὰ</span> <span class='ocrx_word' id='word_1_800' title='bbox 3738 5008 3875 5084; x_wconf 81' lang='grc' dir='ltr'>ἄμε-</span> 
     </span>
    </p>
   </div>
   <div class='ocr_carea' id='block_1_113' title="bbox 2198 5094 3873 5176">
    <p class='ocr_par' dir='ltr' id='par_1_113' title="bbox 2198 5094 3873 5176">
     <span class='ocr_line' id='line_1_113' title="bbox 2198 5094 3873 5176; baseline 0 -23"><span class='ocrx_word' id='word_1_801' title='bbox 2198 5118 2301 5171; x_wconf 90' lang='grc' dir='ltr'>τρα</span> <span class='ocrx_word' id='word_1_802' title='bbox 2329 5094 2510 5172; x_wconf 81' lang='grc' dir='ltr'>ὥσπερ</span> <span class='ocrx_word' id='word_1_803' title='bbox 2540 5095 2761 5169; x_wconf 85' lang='grc' dir='ltr'>ἐκεῖνοι,</span> <span class='ocrx_word' id='word_1_804' title='bbox 2808 5098 2935 5155; x_wconf 69' lang='grc' dir='ltr'>οὔτε</span> <span class='ocrx_word' id='word_1_805' title='bbox 2992 5098 3439 5176; x_wconf 63' lang='grc' dir='ltr'>ἐκαυχτβᾶμεθα,</span> <span class='ocrx_word' id='word_1_806' title='bbox 3500 5096 3623 5155; x_wconf 70' lang='grc' dir='ltr'>οὔτε</span> <span class='ocrx_word' id='word_1_807' title='bbox 3651 5116 3873 5175; x_wconf 75' lang='grc' dir='ltr'>καυχη³</span> 
     </span>
    </p>
   </div>
   <div class='ocr_carea' id='block_1_114' title="bbox 2200 5193 3869 5273">
    <p class='ocr_par' dir='ltr' id='par_1_114' title="bbox 2200 5193 3869 5273">
     <span class='ocr_line' id='line_1_114' title="bbox 2200 5193 3869 5273; baseline 0.001 -24"><span class='ocrx_word' id='word_1_808' title='bbox 2200 5195 2426 5269; x_wconf 83' lang='grc' dir='ltr'>σόμεθα,</span> <span class='ocrx_word' id='word_1_809' title='bbox 2454 5195 2582 5251; x_wconf 83' lang='grc' dir='ltr'>ἀλλ’</span> <span class='ocrx_word' id='word_1_810' title='bbox 2611 5193 2665 5251; x_wconf 76' lang='grc' dir='ltr'>εἷ’</span> <span class='ocrx_word' id='word_1_811' title='bbox 2690 5219 2742 5252; x_wconf 84' lang='grc' dir='ltr'>τι</span> <span class='ocrx_word' id='word_1_812' title='bbox 2770 5194 3019 5273; x_wconf 76' lang='grc' dir='ltr'>ἐροῦμεν,</span> <span class='ocrx_word' id='word_1_813' title='bbox 3078 5199 3167 5253; x_wconf 75' lang='grc' dir='ltr'>καὶ</span> <span class='ocrx_word' id='word_1_814' title='bbox 3229 5200 3560 5273; x_wconf 76' lang='grc' dir='ltr'>πράττομεν,</span> <span class='ocrx_word' id='word_1_815' title='bbox 3592 5198 3685 5252; x_wconf 84' lang='grc' dir='ltr'>καὶ</span> <span class='ocrx_word' id='word_1_816' title='bbox 3745 5198 3869 5253; x_wconf 85' lang='grc' dir='ltr'>ἐπι-</span> 
     </span>
    </p>
   </div>
   <div class='ocr_carea' id='block_1_115' title="bbox 2198 5284 3869 5363">
    <p class='ocr_par' dir='ltr' id='par_1_115' title="bbox 2198 5284 3869 5363">
     <span class='ocr_line' id='line_1_115' title="bbox 2198 5284 3869 5363; baseline 0 -22"><span class='ocrx_word' id='word_1_817' title='bbox 2198 5284 2526 5360; x_wconf 83' lang='grc' dir='ltr'>στέλλομεν,</span> <span class='ocrx_word' id='word_1_818' title='bbox 2586 5286 2720 5341; x_wconf 82' lang='grc' dir='ltr'>κατὰ</span> <span class='ocrx_word' id='word_1_819' title='bbox 2751 5286 2812 5342; x_wconf 89' lang='grc' dir='ltr'>τὸ</span> <span class='ocrx_word' id='word_1_820' title='bbox 2877 5290 3072 5363; x_wconf 90' lang='grc' dir='ltr'>μέτρον</span> <span class='ocrx_word' id='word_1_821' title='bbox 3122 5292 3219 5343; x_wconf 78' lang='grc' dir='ltr'>τοῦ</span> <span class='ocrx_word' id='word_1_822' title='bbox 3275 5289 3501 5349; x_wconf 87' lang='grc' dir='ltr'>κανόνος</span> <span class='ocrx_word' id='word_1_823' title='bbox 3549 5291 3712 5362; x_wconf 81' lang='grc' dir='ltr'>ἡμῶν</span> <span class='ocrx_word' id='word_1_824' title='bbox 3772 5287 3869 5342; x_wconf 82' lang='grc' dir='ltr'>καὶ</span> 
     </span>
    </p>
   </div>
   <div class='ocr_carea' id='block_1_116' title="bbox 2197 5372 3868 5452">
    <p class='ocr_par' dir='ltr' id='par_1_116' title="bbox 2197 5372 3868 5452">
     <span class='ocr_line' id='line_1_116' title="bbox 2197 5372 3868 5452; baseline 0.001 -23"><span class='ocrx_word' id='word_1_825' title='bbox 2197 5372 2429 5449; x_wconf 80' lang='grc' dir='ltr'>λέγομεν</span> <span class='ocrx_word' id='word_1_826' title='bbox 2460 5376 2548 5431; x_wconf 64' lang='grc' dir='ltr'>καὶ</span> <span class='ocrx_word' id='word_1_827' title='bbox 2586 5377 2897 5452; x_wconf 83' lang='grc' dir='ltr'>πράττομεν</span> <span class='ocrx_word' id='word_1_828' title='bbox 2956 5379 3047 5433; x_wconf 78' lang='grc' dir='ltr'>καὶ</span> <span class='ocrx_word' id='word_1_829' title='bbox 3100 5378 3524 5450; x_wconf 84' lang='grc' dir='ltr'>ἐπιστέλλομεν.</span> <span class='ocrx_word' id='word_1_830' title='bbox 3587 5378 3767 5440; x_wconf 80' lang='grc' dir='ltr'>Λύτὸς</span> <span class='ocrx_word' id='word_1_831' title='bbox 3806 5372 3868 5431; x_wconf 76' lang='grc' dir='ltr'>δὲ</span> 
     </span>
    </p>
   </div>
   <div class='ocr_carea' id='block_1_117' title="bbox 2194 5463 3866 5546">
    <p class='ocr_par' dir='ltr' id='par_1_117' title="bbox 2194 5463 3866 5546">
     <span class='ocr_line' id='line_1_117' title="bbox 2194 5463 3866 5546; baseline 0 -26"><span class='ocrx_word' id='word_1_832' title='bbox 2194 5465 2256 5520; x_wconf 81' lang='grc' dir='ltr'>ού</span> <span class='ocrx_word' id='word_1_833' title='bbox 2299 5463 2444 5541; x_wconf 87' lang='grc' dir='ltr'>λέγει</span> <span class='ocrx_word' id='word_1_834' title='bbox 2477 5467 2687 5541; x_wconf 85' lang='grc' dir='ltr'>Μέτρον</span> <span class='ocrx_word' id='word_1_835' title='bbox 2721 5469 2907 5540; x_wconf 79' lang='grc' dir='ltr'>ἡμῶν,</span> <span class='ocrx_word' id='word_1_836' title='bbox 2967 5464 3113 5522; x_wconf 87' lang='grc' dir='ltr'>ἀλλά</span> <span class='ocrx_word' id='word_1_837' title='bbox 3172 5468 3371 5544; x_wconf 84' lang='grc' dir='ltr'>μέτρον</span> <span class='ocrx_word' id='word_1_838' title='bbox 3402 5466 3593 5536; x_wconf 76' lang='grc' dir='ltr'>εἰπὼν,</span> <span class='ocrx_word' id='word_1_839' title='bbox 3645 5465 3866 5546; x_wconf 67' lang='grc' dir='ltr'>ἐπάγει,</span> 
     </span>
    </p>
   </div>
   <div class='ocr_carea' id='block_1_118' title="bbox 2194 5553 3869 5630">
    <p class='ocr_par' dir='ltr' id='par_1_118' title="bbox 2194 5553 3869 5630">
     <span class='ocr_line' id='line_1_118' title="bbox 2194 5553 3869 5630; baseline 0.002 -23"><span class='ocrx_word' id='word_1_840' title='bbox 2194 5580 2220 5607; x_wconf 80' lang='grc' dir='ltr'>ι(</span> <span class='ocrx_word' id='word_1_841' title='bbox 2247 5554 2319 5610; x_wconf 74' lang='grc' dir='ltr'>Οὗ</span> <span class='ocrx_word' id='word_1_842' title='bbox 2356 5553 2559 5630; x_wconf 79' lang='grc' dir='ltr'>μέτρου</span> <span class='ocrx_word' id='word_1_843' title='bbox 2590 5554 2887 5630; x_wconf 83' lang='grc' dir='ltr'>ἐμέτρησεν</span> <span class='ocrx_word' id='word_1_844' title='bbox 2925 5558 3084 5630; x_wconf 79' lang='grc' dir='ltr'>ἡμῖν,</span> <span class='ocrx_word' id='word_1_845' title='bbox 3118 5581 3146 5610; x_wconf 68' lang='grc' dir='ltr'><strong>η</strong></span> <span class='ocrx_word' id='word_1_846' title='bbox 3191 5554 3402 5618; x_wconf 81' lang='grc' dir='ltr'>δεικνὺς</span> <span class='ocrx_word' id='word_1_847' title='bbox 3460 5557 3548 5614; x_wconf 79' lang='grc' dir='ltr'>ὅτι</span> <span class='ocrx_word' id='word_1_848' title='bbox 3604 5555 3694 5613; x_wconf 86' lang='grc' dir='ltr'>καὶ</span> <span class='ocrx_word' id='word_1_849' title='bbox 3732 5553 3869 5614; x_wconf 74' lang='grc' dir='ltr'>αὐτὸ</span> 
     </span>
    </p>
   </div>
   <div class='ocr_carea' id='block_1_119' title="bbox 2193 5639 3870 5720">
    <p class='ocr_par' dir='ltr' id='par_1_119' title="bbox 2193 5639 3870 5720">
     <span class='ocr_line' id='line_1_119' title="bbox 2193 5639 3870 5720; baseline 0.002 -20"><span class='ocrx_word' id='word_1_850' title='bbox 2193 5645 2255 5700; x_wconf 89' lang='grc' dir='ltr'>τὸ</span> <span class='ocrx_word' id='word_1_851' title='bbox 2289 5639 2489 5720; x_wconf 56' lang='grc' dir='ltr'>μέτρον</span> <span class='ocrx_word' id='word_1_852' title='bbox 2522 5643 2687 5700; x_wconf 76' lang='grc' dir='ltr'>αὐτοῦ</span> <span class='ocrx_word' id='word_1_853' title='bbox 2735 5644 2795 5699; x_wconf 80' lang='grc' dir='ltr'>ἐκ</span> <span class='ocrx_word' id='word_1_854' title='bbox 2823 5651 2920 5701; x_wconf 78' lang='grc' dir='ltr'>τοῦ</span> <span class='ocrx_word' id='word_1_855' title='bbox 2953 5651 3089 5703; x_wconf 80' lang='grc' dir='ltr'>Θεοῦ</span> <span class='ocrx_word' id='word_1_856' title='bbox 3146 5646 3310 5704; x_wconf 86' lang='grc' dir='ltr'>ἐστιν.</span> <span class='ocrx_word' id='word_1_857' title='bbox 3372 5648 3447 5707; x_wconf 82' lang='grc' dir='ltr'><strong><em>Ἠ</em></strong></span> <span class='ocrx_word' id='word_1_858' title='bbox 3503 5646 3594 5703; x_wconf 79' lang='grc' dir='ltr'>καὶ</span> <span class='ocrx_word' id='word_1_859' title='bbox 3665 5643 3870 5711; x_wconf 67' lang='grc' dir='ltr'>οὕτως.</span> 
     </span>
    </p>
   </div>
  </div>
