4098 6390
248 335 409 399 1037

1188 325 1602 391 COMMENT.
1650 324 1725 385 ΙΝ
1775 322 2020 385 EPIST.
2069 324 2128 385 ll
2170 328 2274 386 AD
2322 328 2685 390 COithTH.

3527 333 3682 393 10.38

245 470 345 539 Μὴ
374 466 611 542 νομίσης
668 466 778 537 ὃτι,
837 489 865 517 ι(
917 460 1130 538 Μὲτρον
1171 460 1338 517 εἰπὼν
1397 460 1642 527 κανόνος,
1672 479 1704 514 ιο
1754 455 1914 519 αὐτὸς

2034 465 2204 516 esset.
2239 491 2307 502 —
2366 464 2480 517 Aut
2520 462 2621 517 hoc
2648 462 2818 519 etiam
2848 464 3024 520 modo.
3061 464 3486 537 Ne.existimes
3524 465 3686 537 quod

245 559 475 635 ἐμαυτῷ
505 556 569 613 τὸ
618 556 815 631 μέτρον
867 552 1063 629 ὥρισα,
1116 550 1242 608 ἀλλ’
1290 550 1465 607 ἐκεῖνο
1516 547 1660 626 λέγω
1704 549 1770 605 τὸ
1821 548 1917 623 μὲ-

245 669 404 724 τρον,
439 645 502 702 οὗ
549 644 773 721 μέτρου,
829 641 1077 699 τουτέστι
1136 638 1208 697 δι’
1266 639 1329 696 οῦ
1386 638 1632 717 ἐμέρισεν
1693 641 1829 713 ἡμῖν
1888 638 1916 693 6

249 739 409 800 Θεός.
440 736 508 795 Τί
540 733 599 791 δὲ.
627 734 768 789 ἐστιν
802 733 980 789 ἐκεῖνο
1010 752 1025 801 ;
1059 730 1164 789 Καὶ
1197 728 1342 786 ἄλλα
1376 730 1472 803 μὲν
1512 725 1722 797 πολλὰ,
1780 728 1919 800 τὲως

252 827 313 884 δί
352 827 417 883 τὸ
448 823 537 881 διὰ
566 828 668 880 τοῦ
708 822 1061 899 κηρ-ὂγματος
1111 818 1288 876 ἐλθεῖν
1349 819 1546 895 μέχρις
1598 819 1771 893 ὑμῶν,
1825 815 1917 873 καὶ

250 911 581 975 καταλαϐεῖν
618 915 779 988 ὑμᾶς.
811 916 987 971 Τοῦτο
1012 912 1074 967 τὸ
1107 914 1305 986 μὲτρον
1342 909 1402 966 ἐκ
1456 914 1552 965 τοῦ
1602 913 1737 966 Θεοῦ
1786 904 1920 984 ἔχο-

254 1030 373 1082 μεν.
408 1003 570 1061 δι’οὗ
612 1003 830 1078 ἐμέρισε
884 1001 974 1057 καὶ
1031 996 1207 1071 ἔταξεν
1268 1002 1437 1073 ἡμᾶς,
1504 1000 1702 1074 μέχρις
1760 998 1917 1069 ὑμῶν

252 1095 451 1165 φθάσει
483 1090 827 1165 καὶκηρύξαι
857 1089 919 1144 τὸ
972 1085 1330 1165 Εὐαγγέλιον.
1392 1087 1461 1143 Ἥ
1512 1083 1734 1140 δύναται
1784 1083 1914 1140 ὅλον

250 1156 314 1241 τὸ
345 1180 558 1258 χωρίον
584 1180 690 1236 ἀπὸ
720 1184 838 1235 τοῦ’
871 1177 949 1237 03
981 1178 1085 1254 γὰρ
1117 1175 1418 1251 τολμῶμεν
1452 1174 1619 1250 μὲχρι
1670 1177 1786 1230 τοῦ’
1839 1171 1916 1232 Οὐ

252 1276 520 1333 συνιοῦσι.
550 1271 667 1326 κατ’
728 1267 946 1324 ἐκείνων
1011 1266 1260 1342 εῖρῆσθαι
1316 1269 1427 1319 τῶν
1486 1261 1786 1334 ἀλαζόνων,
1827 1262 1917 1319 καὶ

247 1364 340 1431 τὸ,
399 1359 577 1419 Ἀλλά
632 1357 787 1414 αὐτοὶ
848 1356 900 1413 ἐν
952 1357 1191 1425 ἑαυτοῖς,
1252 1356 1369 1410 κατ’
1425 1353 1598 1409 αῗτίαν
1668 1352 1917 1428 ελρῆσθαι

250 1456 362 1509 τῶν
415 1449 639 1510 ἑαυτοὺς
700 1444 1144 1503 συνιστανόντων.
1233 1442 1379 1498 Οίον·
1466 1441 1636 1500 Αὐτοὶ
1699 1442 1803 1519 γὰρ
1862 1440 1916 1497 ἰν

249 1542 471 1601 ἑαυτοῖς
530 1536 755 1600 ἑαυτοὺς
822 1540 1147 1612 μετροῦντες
1198 1532 1290 1588 καὶ
1373 1531 1774 1608 συγκρίνοντες,
1855 1530 1917 1587 οὗ

253 1628 701 1686 συναισθανονται
761 1623 1217 1697 ἀλαζονευόμενοι
1278 1621 1367 1677 καὶ
1429 1621 1741 1683 ἀπατῶντες
1792 1620 1919 1675 ἑαυ-

251 1719 414 1781 τούς.
446 1720 652 1792 Ὥσπερ
684 1717 845 1791 γαρὸ
904 1715 1028 1791 παρ’
1088 1713 1262 1784 ἑαυτῷ
1320 1711 1612 1791 φρόνιμος,
1674 1710 1921 1787 ἰσχυρῶς

2027 545 2236 605 dicens
2267 570 2296 600 «
2329 550 2669 606 Mensuram
2692 552 2932 624 regulas,
2952 574 2973 603 ι
2993 553 3119 624 ipse
3148 553 3296 609 mihi
3330 569 3679 612 mensuram

2028 636 2365 693 deﬂnierim
2395 656 2408 694 :
2444 638 2548 693 sed
2572 639 2721 695 illud
2751 640 2884 697 dico
2941 658 3305 711 mensuram,
3340 660 3458 715 qua
3506 660 3676 701 men-

2028 744 2185 795 sura,
2215 728 2275 783 id
2306 734 2414 795 est,
2447 745 2555 799 per
2583 746 2763 800 quam
2800 731 3050 802 partitus
3110 738 3201 787 est
3266 732 3440 789 nobis
3501 733 3680 789 Deus.

2026 818 2166 882 Quae
2198 824 2289 872 est
2317 824 2516 873 autem
2549 818 2697 874 illa?
2733 820 2918 875 Variae
2943 826 3085 875 sunt
3112 837 3181 877 ac
3206 822 3687 880 multmlnterim

2026 912 2225 961 autem
2248 923 2355 977 per
2376 906 2860 977 praedicationem
2894 908 3122 964 venisse
3143 926 3333 981 usque
3371 910 3446 965 ad
3478 928 3576 966 vos
3597 916 3685 967 at-

2027 1011 2141 1066 que
2159 996 2629 1067 apprehendisse
2662 1014 2782 1063 vos,
2820 998 2879 1053 id
2909 998 3199 1054 habemus
3229 1014 3265 1055 a
3297 1000 3414 1054 Deo
3447 1016 3687 1055 mensu-

2027 1103 2172 1144 ram.
2203 1103 2309 1159 per
2338 1104 2516 1158 quam
2548 1088 2802 1160 partilus
2838 1095 2930 1144 est
2957 1105 3025 1145 ac
3056 1088 3355 1145 ordinavit
3383 1096 3449 1145 ut
3476 1091 3549 1146 ad
3581 1106 3685 1147 vos

2026 1193 2217 1248 usque
2247 1180 2740 1251 pertingeremus,
2786 1185 2845 1235 et
2905 1180 3282 1253 Evangelium
3328 1180 3685 1252 praedicare-

2027 1282 2182 1322 mus.
2223 1270 2341 1323 Aut
2399 1274 2596 1339 potest
2649 1274 2773 1324 tota
2828 1270 3122 1342 particula
3168 1270 3240 1325 ab
3273 1287 3342 1326 eo
3373 1272 3524 1339 loco,
3557 1273 3687 1328 Non

2025 1357 2186 1411 enim
2246 1357 2557 1425 audemus,
2613 1374 2803 1429 usque
2861 1359 2933 1414 ad
2992 1359 3098 1415 illa
3162 1360 3363 1426 verba,
3422 1358 3501 1416 Οὐ
3563 1378 3688 1414 συν-

2028 1447 2171 1499 ιοῦσι
2201 1446 2485 1503 adversus
2516 1454 2863 1520 arrogantes
2895 1448 3057 1504 dicta
3086 1465 3240 1513 esse.
3274 1455 3334 1506 et
3371 1449 3531 1521 quod
3579 1450 3684 1516 ait,

2023 1533 2170 1589 ἀλλᾶ
2199 1534 2355 1591 αὐτοὶ
2385 1538 2439 1590 ἰν
2472 1537 2682 1598 ἑαυτοῖς
2715 1538 2941 1595 dictum
2973 1555 3103 1595 esse
3134 1557 3241 1611 pro
3272 1556 3453 1597 causa
3478 1555 3686 1597 eorum

2026 1625 2129 1696 qui
2157 1642 2220 1681 se
2250 1626 2413 1698 ipsos
2434 1626 2953 1695 commendant,ut
2980 1627 3058 1684 sit
3086 1644 3329 1684 sensus:
3367 1630 3512 1685 Nam
3568 1628 3683 1701 ipsi

2026 1714 2089 1769 in
2120 1731 2182 1770 se
2214 1715 2359 1787 ipsis
2393 1731 2455 1770 se
2486 1715 2649 1788 ipsos
2680 1716 2997 1772 metientes
3019 1732 3089 1773 ac
3117 1724 3685 1790 comparantes,non

257 1809 447 1885 ἃφρων
492 1805 656 1875 ἐστὶν,
720 1804 894 1865 οὕτως
946 1803 1035 1858 καὶ
1090 1803 1119 1858 6
1177 1802 1304 1877 παρ’
1364 1801 1538 1873 ἑαυτῷ
1606 1801 1775 1876 μὲγας
1824 1815 1921 1866 καὶ

266 1900 317 1905 ,Α
381 1895 435 1905 ..
699 1892 739 1905 ..
1038 1891 1053 1905 .
1115 1888 1140 1905 ..
1467 1894 1475 1904 .
1752 1890 1913 1905 ..κη

2034 1805 2410 1877 perpendunt
2430 1806 2550 1862 sive
2570 1823 2692 1862 non
2714 1807 3058 1880 intelligunt
3078 1824 3141 1864 se
3166 1814 3509 1882 arrogantes
3530 1825 3686 1882 esse,

259 1892 919 1974 ὑψηλὸς,καταγὲλαστος
965 1891 1055 1948 καὶ
1113 1888 1346 1967 ἔσχατος
1407 1894 1646 1947 παντων.
1689 1915 1719 1944 «
1752 1890 1913 1949 Ἀλλ’

253 1987 422 2045 αὐτοὶ
452 1985 503 2041 ἦν
532 1986 762 2045 ὶαυτοῖς.
802 2007 828 2035 ››
880 1982 1141 2044 Ἐκείνοις
1200 1981 1293 2055 μὲν
1342 1982 1434 2037 οὗν
1493 1980 1556 2036 οὐ
1613 1980 1910 2056 τολμῶμεν

261 2075 490 2138 ἑαυτοὺς
520 2079 822 2150 συγκρῖναι,
861 2072 1149 2149 μεγάλοις,
1194 2070 1382 2150 φησὶν,
1436 2071 1558 2126 οῦσι
1605 2071 1695 2126 καὶ
1746 2070 1912 2147 ὑπερ-

252 2163 538 2224 ϐαίνουσιν
569 2166 739 2237 ἡμᾶς,
774 2160 903 2217 ἀλλ’
957 2163 1119 2233 ἡμεῖς
1166 2161 1286 2216 καθ’
1335 2160 1560 2222 ἑαυτοὺς
1615 2160 1913 2235 γινόμενοι,

246 2254 483 2317 ἑαυτοὺς
519 2257 846 2329 μετροῦμεν.
888 2250 993 2308 Καὶ
1049 2251 1188 2326 πρὸς
1239 2251 1307 2304 τὰ
1364 2247 1536 2324 μέτρα
1590 2252 1771 2321 ἡμῶν,
1821 2250 1913 2305 καὶ

255 2346 543 2419 λαλοῦμεν
618 2344 710 2400 καὶ
784 2338 1207 2416 ἐπιστέλλομεν,
1282 2339 1373 2397 καὶ
1451 2337 1910 2414 διαπραττόμεθα.

258 2464 287 2492 ι(
322 2435 427 2495 Καὶ
458 2434 838 2511 συγκρίνοντες
880 2430 1133 2494 ἑαυτούς.
1164 2456 1192 2483 υ
1251 2431 1354 2489 Καὶ
1412 2432 1577 2503 ἡμεῖς
1639 2429 1754 2502 μὶν,
1809 2451 1914 2508 φη-

258 2529 367 2597 σὶν,
408 2525 633 2586 ἑαυτοὺς
668 2525 994 2599 μετροῦμεν,
1041 2519 1235 2577 ἰκτῖνοι
1300 2517 1376 2589 δὲ,
1436 2518 1657 2583 ἑαυτοὺς
1704 2520 1916 2579 ἑαυτοῖς

256 2615 659 2693 συγκρίνοντες.
694 2612 771 2671 Οὐ
802 2611 907 2687 γὰρ
962 2611 1197 2682 ἀξιοῦσι,
1245 2610 1402 2690 φησὶ,
1450 2610 1587 2685 πρός
1643 2630 1764 2665 τινα
1810 2612 1918 2664 τῶν

228 2706 564 2781 ,ἀνθρώπων
618 2703 996 2777 συγκριθῆναι,
1054 2696 1185 2755 ἀλλ’
1265 2699 1424 2755 αὐτοὶ
1480 2699 1618 2774 πρὸς
1673 2697 1916 2763 tau-506;.

258 2796 337 2856 Οὗ
372 2797 639 2851 συνιοῦσι·
671 2790 960 2849 Τουτέστιν
1004 2791 1068 2845 οὐ
1124 2794 1343 2845 νοοῦσιν
1403 2785 1528 2843 οὐδὲ
1576 2788 1917 2845 αἰσθάνονται

255 2887 410 2949 ὅπως
441 2884 545 2940 είσί
575 2880 971 2958 καταγέλαστοι
1009 2884 1129 2942 τοῖς
1189 2879 1409 2955 ὁρῶσιν.
1462 2877 1539 2936 Οὐ
1594 2879 1697 2956 γὰρ
1748 2876 1922 2949 λελή-

258 2974 592 3056 θασι,φησὶ,
644 2972 784 3031 τινά.
845 2971 916 3028 Ἦ
972 2970 1059 3025 ’ὁτι
1120 2969 1315 3043 μεταξὺ
1372 2967 1642 3039 ἀλλήλων
1699 2967 1922 3029 ἑαυτοὺς

254 3054 593 3139 ἐπαίροντες.
632 3062 877 3135 «Ἡμεῖς
928 3056 985 3115 δὲ
1038 3056 1169 3137 οὐχὶ
1220 3058 1295 3120 εἶς
1343 3058 1411 3112 τᾶ
1450 3054 1660 3131 ἃμετρα
1704 3076 1923 3132 καυχη-

257 3157 491 3227 σόμεθα.
533 3176 562 3206 ι)
593 3153 788 3224 Ἡμεῖς
819 3147 897 3219 δὲ,
930 3149 1113 3227 φησὶν,
1146 3148 1248 3203 οὐκ
1299 3145 1377 3211 εἷς
1417 3146 1485 3202 τὰ
1530 3144 1742 3222 ἄμετρα
1788 3166 1917 3200 καυο

2028 1911 2096 1952 ac
2150 1894 2414 1967 sibiipsis
2472 1896 2802 1968 imponere.
2865 1897 3375 1963 Quemadmodum
3425 1899 3586 1955 enim
3634 1900 3688 1955 is

2030 1985 2131 2058 qui
2164 1985 2323 2057 apud
2354 2002 2482 2042 sese
2534 1986 2797 2059 prudens
2847 1993 2957 2055 est,
3010 1987 3334 2044 admodum
3390 1990 3687 2062 insipiens

2031 2081 2139 2139 est,
2167 2076 2250 2130 ita
2279 2074 2457 2131 etiam
2489 2075 2591 2147 qui
2621 2075 2779 2147 apud
2811 2093 2942 2132 sese
3000 2093 3252 2150 magnus
3310 2084 3369 2135 et
3416 2079 3688 2135 excelsus

2031 2170 2140 2224 est.
2175 2164 2226 2219 is
2251 2163 2542 2221 ridiculus
2570 2170 2662 2220 est
2692 2166 3081 2237 omniumque
3114 2172 3472 2237 postremus.
3508 2191 3534 2217 ιι
3572 2166 3685 2223 Sed

2029 2253 2143 2325 ipsi
2173 2253 2236 2307 in
2267 2253 2442 2308 nobis
2468 2253 2633 2325 ipsis.
2660 2275 2690 2303 ››
2725 2254 2851 2309 lllis
2882 2255 3081 2325 itaque
3104 2272 3227 2310 non
3258 2255 3549 2311 audemus
3569 2272 3681 2313 nos

2030 2342 2189 2413 ipsos
2228 2342 2499 2397 conferre
2531 2342 2632 2413 qui
2663 2343 2861 2415 magni
2893 2344 3337 2415 sunt,inquit,et
3367 2361 3476 2400 nos
3507 2361 3682 2402 exce-

2030 2431 2202 2501 dunt,
2247 2432 2352 2488 sed
2383 2432 2539 2505 apud
2570 2448 2680 2488 nos
2711 2432 2872 2505 ipsos
2912 2440 3225 2491 manentes
3264 2435 3546 2491 metimur
3574 2451 3685 2492 nos

2030 2522 2213 2592 ipsos,
2247 2527 2306 2577 et
2334 2522 2409 2578 ad
2465 2538 2781 2579 mensuras
2806 2529 3040 2579 nostras
3073 2529 3132 2579 et
3150 2524 3523 2596 loquimuret
3543 2524 3688 2581 scri-

2031 2610 2229 2668 bimus
2261 2617 2321 2667 et
2351 2612 2703 2683 operamur.‘
2730 2635 2757 2663 (ι
2792 2613 2862 2667 Et
2893 2613 3122 2685 seipsos
3178 2620 3618 2687 comparantes.
3659 2636 3691 2666 ν»

2032 2702 2149 2756 Nos
2169 2699 2410 2771 quidem
2442 2717 2552 2756 nos
2589 2701 2752 2773 ipsos
2775 2702 3077 2771 metimur,
3111 2703 3423 2774 inquit,illi
3461 2719 3599 2759 vero
3632 2719 3698 2761 se

2032 2790 2195 2861 ipsos
2225 2789 2337 2845 sibi
2378 2790 2713 2857 conferunt,
2747 2807 2869 2846 non
2891 2792 3053 2846 enim
3086 2791 3161 2848 ad
3190 2791 3452 2864 aliquem
3510 2793 3701 2849 homi-

2033 2896 2179 2935 num
2209 2880 2466 2935 conferri
2499 2880 2725 2948 volunt,
2762 2880 2867 2936 sed
2912 2897 3040 2938 sese
3070 2881 3144 2938 ad
3174 2883 3402 2954 seipsos
3433 2880 3511 2939 Οὐ
3568 2901 3697 2937 συν-

2041 2972 2205 3035 tofm,
2239 2968 2351 3025 hoc
2382 2976 2492 3036 est,
2524 2986 2646 3026 non
2679 2970 3044 3044 intelligunt,
3078 2988 3199 3027 non
3231 2972 3500 3028 sentiunt
3527 2972 3687 3043 quod

2034 3061 2273 3117 ridiculi
2304 3063 2426 3117 sint
2456 3062 2549 3117 his
2580 3063 2680 3133 qui
2727 3063 3055 3131 intuentur,
3085 3064 3236 3119 nulli
3270 3065 3431 3121 enim
3471 3065 3689 3121 occulti

2034 3158 2194 3211 sunt.
2225 3153 2420 3224 inquit
2453 3170 2468 3219 ;
2521 3159 2626 3209 aut
2684 3154 2843 3225 quod
2910 3155 3067 3210 inter
3096 3172 3159 3211 se
3194 3162 3403 3213 mutuo
3437 3173 3498 3213 se
3528 3157 3689 3229 ipsos

264 3206 490 3227 ηι-ηνρτ
611 3206 679 3224 --.
775 3206 786 3213 ν
885 3206 897 3219 .
942 3206 952 3227 .
991 3206 1003 3220 .
1100 3206 1112 3218 .
1362 3206 1374 3211 -
1572 3206 1582 3219 .
1674 3206 1683 3222 .

261 3240 844 3320 χησόμεθα,καθάπερ
877 3238 1049 3294 οὗτοι.
1112 3237 1216 3294 Καὶ
1263 3236 1369 3313 γὰρ
1412 3238 1478 3306 ἦν
1531 3235 1675 3299 είκὸς
1721 3234 1918 3297 αὐτοὺς

2080 3206 2085 3207 ν
2252 3206 2468 3224 ,
2527 3206 2619 3209 --_,
2692 3206 2842 3225 Γπ
3097 3206 3155 3211 _-
3197 3206 3398 3213 -νη
3437 3206 3496 3213 --
3528 3206 3688 3229 τ---

2034 3241 2342 3298 extollunt.
2372 3266 2394 3295 ιι
2429 3245 2544 3299 Nos
2565 3249 2763 3299 autem
2789 3261 2908 3300 non
2933 3246 2996 3300 in
3028 3245 3391 3303 immensum
3405 3246 3689 3321 gloriabi-

266 3329 634 3408 ψευδομένους
684 3327 887 3404 λέγειν,
945 3330 1061 3399 Τὴν
1114 3325 1442 3400 οἰκουμένην
1493 3325 1919 3401 ἑπεστρὲψαμεν,

260 3423 405 3498 πρὸς
462 3420 528 3477 τὰ
583 3416 788 3496 πέρατα
851 3425 954 3488 τῆς
1010 3419 1110 3493 γῆς
1170 3417 1474 3495 ἀφικόμεθα
1560 3411 1923 3476 διδάσκοντες,

265 3516 456 3573 Ταῦτα
485 3512 577 3568 οὗν
619 3510 829 3586 ἃμετρα
879 3508 1061 3579 καλεῖ,
1111 3503 1503 3583 ὑπερϐαίνοντα
1547 3509 1648 3578 τήν
1699 3506 1927 3584 δύναμιν

263 3603 444 3660 αὐτῶν
477 3601 663 3658 καὶτό
698 3597 917 3674 μέτρον.
973 3625 994 3650 ι
1033 3596 1207 3655 Ἀλλᾶ
1262 3599 1400 3655 κατᾶ
1452 3600 1515 3654 τὸ
1576 3600 1770 3672 μέτρον
1830 3603 1927 3655 τοῦ

263 3690 512 3756 κανόνος.
555 3714 584 3743 ››
646 3690 849 3765 Ὥσπερ
903 3689 1005 3764 γὰρ
1059 3685 1363 3761 ἀμπελῶνα
1418 3684 1645 3761 διαιρῶν
1707 3689 1736 3743 ὁ
1794 3689 1926 3750 Θεὸς

267 3782 367 3850 τήν
402 3779 738 3851 οἷκουμὲνην
770 3781 930 3852 ἡμῖν,
963 3778 1119 3857 φησὶ,
1150 3782 1266 3839 τοῖς
1299 3777 1629 3839 ἀποστόλοις
1686 3774 1922 3851 ἐμέρισε.

262 3870 419 3928 Κατὰ
445 3868 540 3925 οὖν
566 3869 631 3924 τὸ
666 3867 865 3944 μέτρον
898 3873 995 3923 τοῦ
1035 3867 1257 3931 κανόνος
1313 3867 1376 3922 οὗ
1434 3866 1679 3942 ἐμὲρισεν
1728 3869 1866 3942 ἡμῖν
1897 3868 1927 3923 6

262 3961 420 4031 Θεὸς,
452 3960 855 4039 καυχησόμεθα
895 3960 987 4014 καὶ
1050 3955 1394 4032 λαλήσομεν,
1446 3958 1601 4036 φησί.
1657 3961 1820 4015 Ιιοῖον
1868 3955 1927 4014 δέ

264 4049 382 4106 ἔστι
408 4051 473 4106 τὸ
507 4046 706 4125 μέτρον
740 4068 876 4119 σου;
911 4073 940 4101 ‹‹
971 4049 1045 4105 T6
1077 4047 1243 4128 ἄχρις
1276 4048 1432 4121 ὑμῶν
1465 4071 1516 4119 ››,
1549 4051 1732 4127 φησίν.
1766 4048 1929 4128 Ἀφι-

262 4139 448 4196 κέσθαι
507 4139 642 4216 ἄχρι
687 4141 776 4195 καὶ
843 4140 1018 4212 ὑμῶν,
1076 4139 1192 4195 ἐπεὶ
1251 4137 1344 4193 οὖν
1404 4136 1537 4218 ἂχρι
1594 4140 1688 4195 καὶ
1773 4139 1927 4213 ὑμῶν

266 4228 600 4307 ἔφθασαμεν,
633 4229 719 4284 καὶ
762 4232 927 4284 τοῦτο
958 4230 1092 4300 ἡμῖν
1143 4226 1207 4283 τὸ
1257 4224 1547 4300 δεδομένον
1595 4227 1743 4304 παρὰ
1791 4230 1928 4283 Θεοῦ

265 4319 483 4395 μὲτρον.
518 4342 547 4370 ιι
579 4318 752 4397 Ἀγρι
778 4318 870 4373 καὶ
903 4319 1056 4392 ὑμῶν
1086 4317 1448 4393 καυχώμεθα*
1480 4339 1507 4372 ι
1546 4319 1688 4374 Ἀπὸ
1737 4322 1926 4374 κοινοῦ

266 4411 377 4485 γὰρ
406 4410 492 4477 τὸ,
531 4434 552 4461 ε
595 4409 1022 4484 Καυχησόμεθα.
1060 4433 1085 4459 υ

2029 3348 2183 3389 mur.
2221 3354 2250 3382 ι»
2280 3332 2434 3388 628
2467 3334 2606 3393 Nos.
2638 3333 2741 3394 ait.
2774 3350 2894 3389 non
2925 3334 3081 3390 sicut
3108 3336 3197 3390 illi
3232 3352 3245 3390 :
3278 3353 3398 3392 non
3424 3334 3578 3392 ultra
3593 3336 3692 3393 da-

2038 3428 2128 3477 tas
2148 3439 2461 3479 mensuras
2486 3423 3208 3496 gloriabimur.Siquidem
3233 3426 3555 3483 verisimile
3578 3432 3688 3495 est,

2037 3511 2196 3582 quod
2227 3512 2315 3567 illi
2361 3513 2724 3568 mentientes
2753 3512 3067 3570 dicerent:
3115 3515 3232 3571 Nos
3288 3515 3495 3572 orbem
3549 3532 3694 3572 con~

2036 3602 2426 3667 vertimus,ad
2454 3602 2740 3657 terminos
2771 3607 2944 3657 terrae
2975 3603 3259 3659 docentes
3290 3604 3694 3675 pervenimus.

2037 3692 2173 3746 Haec
2194 3692 2351 3747 ultra
2382 3708 2745 3757 mensuram,
2778 3700 2882 3747 aut
2924 3710 3104 3765 supra
3160 3710 3505 3751 mensuram
3564 3711 3698 3753 esse

2037 3780 2201 3849 dicit,
2234 3798 2366 3853 quae
2399 3798 2566 3837 suam
2598 3783 2925 3852 potentiam
2948 3798 3017 3837 ac
3040 3799 3379 3840 mensuram
3403 3789 3695 3857 transgre-

2037 3871 2337 3926 diuntur.«
2370 3871 2483 3926 Sed
2505 3871 2681 3943 juxta
2710 3888 3050 3928 mensuram
3078 3873 3318 3945 regulae.
3345 3897 3373 3923 υ
3400 3873 3695 3939 Quemad-

2036 3960 2283 4016 modum
2314 3959 2476 4016 enim
2509 3961 2810 4032 quispiam
2841 3962 3073 4017 vineam
3103 3961 3426 4031 distribuit,
3462 3963 3545 4020 ita
3586 3980 3690 4020 ore

2038 4050 2173 4106 bem
2206 4049 2379 4105 nobis
2402 4050 2688 4122 apostolis
2719 4051 2872 4105 Deus
2906 4051 3160 4123 partitus
3175 4053 3492 4123 est.Itaque
3514 4052 3691 4124 juxta

2038 4156 2385 4197 mensuram
2416 4139 2635 4211 regulae
2647 4156 2766 4210 qua
2786 4141 3042 4212 partitus
3070 4146 3159 4196 est
3187 4141 3363 4197 nobis
3393 4141 3696 4216 Deus,glo-

2037 4230 2328 4287 riabimur
2359 4235 2413 4285 et
2448 4230 2782 4301 loquemur.
2813 4230 2952 4296 Quae
2984 4236 3076 4287 est
3112 4238 3313 4288 autem
3361 4237 3464 4289 tua
3519 4248 3694 4290 men-

2040 4319 2225 4376 sura?
2259 4341 2284 4372 ι
2320 4320 2517 4391 Usque
2544 4319 2618 4375 ad
2643 4335 2764 4387 vos,
2798 4342 2826 4370 ››
2859 4319 3073 4392 inquit.
3107 4321 3297 4377 Etiam
3330 4321 3404 4378 ad
3461 4338 3564 4379 vos
3593 4339 3697 4381 us-

2039 4426 2157 4482 que
2205 4410 2538 4482 pertigisse.
2595 4410 2887 4475 Quoniam
2938 4410 3120 4484 igitur
3169 4411 3245 4468 ad
3299 4428 3402 4469 vos
3459 4428 3699 4487 quoque

266 4499 646 4574 pertigimus,
679 4499 858 4555 etiam
888 4498 1015 4555 hac
1044 4497 1181 4554 data
1212 4497 1385 4554 nobis
1417 4503 1507 4553 est
1528 4514 1563 4554 a
1582 4499 1701 4555 Deo
1724 4513 2009 4555 mensura
2029 4504 2095 4553 ut
2126 4498 2306 4554 etiam
2332 4513 2524 4569 usque
2553 4496 2629 4553 ad
2653 4513 2753 4553 vos
2780 4498 3145 4570 gloriemur:
3178 4516 3318 4556 nam
3340 4515 3376 4556 a
3395 4500 3702 4559 communi

269 4605 455 4645 sensu
486 4588 1058 4661 resumendumjest,
1096 4609 1124 4638 ι(
1157 4586 1576 4656 Gloriabimur,
1611 4608 1640 4637 »
1675 4587 1795 4643 sive
1828 4609 1854 4636 α
1887 4585 2241 4643 Gloriemur.
2275 4608 2304 4637 ››

341 4676 420 4733 Οὔ
483 4675 589 4751 γὰρ
655 4676 732 4740 ὡς
800 4677 875 4749 μὴ
960 4674 1342 4752 ἐφικνούμενοι
1411 4672 1488 4736 εἷς
1555 4673 1696 4747 ὑμᾶς
1768 4674 1922 4749 ὑπερ·

2105 4675 2369 4739 Χ,14-18.
2394 4698 2414 4722 ι
2435 4676 2561 4731 Non
2592 4675 2927 4745 enimquasi
2947 4692 3066 4731 non
3085 4676 3493 4749 pertingentes
3507 4693 3699 4749 usque

267 4765 584 4838 εκτείνομεν
648 4765 895 4827 ἑαυτούς.
965 4764 1139 4839 ’Ἄχρι
1207 4764 1315 4839 γὰρ
1382 4765 1474 4818 καὶ
1542 4764 1696 4837 ὑμῶν
1761 4761 1920 4844 ἐφθά-

271 4874 439 4927 σαμεν
508 4852 561 4908 ἐν
627 4859 705 4926 τῷ
769 4853 1094 4928 Εὗαγγελίῳ
1160 4858 1256 4910 τοῦ
1322 4856 1580 4927 Χριστοῦ.
1651 4856 1766 4913 Οὐκ
1857 4856 1934 4920 είς

268 4945 338 4999 τὰ
402 4941 616 5019 ἄμετρα
708 4942 1061 5019 καυχώμενοι
1156 4942 1209 4997 ἐν
1302 4943 1623 5020 ἀλλοτρίοις
1715 4944 1932 5009 κόποις’

269 5028 475 5087 ἐλπίδα
550 5030 608 5087 δὲ
702 5030 926 5110 ἔχοντες
1029 5032 1399 5106 αὐξανομένης
1499 5036 1598 5103 τῆς
1702 5035 1939 5100 πίστεως

271 5118 431 5191 ὑμῶν
508 5117 560 5172 ἐν
640 5118 769 5191 ὑμῖν
850 5117 1275 5192 μεγαλυνθῆναι,
1351 5120 1491 5175 κατᾶ
1562 5120 1655 5175 τὸν
1739 5123 1938 5177 κανόνα

268 5211 438 5281 ἡμῶν
516 5207 595 5270 εἰς
670 5209 1004 5284 περισσείαν,
1084 5209 1162 5273 εἰς
1231 5209 1300 5265 τὰ
1375 5205 1691 5280 ὑπερέκεινα
1787 5212 1938 5284 ὑμῶν

270 5295 760 5374 εὐαγγελίσασθαι,
823 5297 924 5354 οὐκ
1003 5298 1057 5354 ἐν
1106 5297 1394 5375 ἀλλοτρίῳ
1450 5300 1661 5367 κανόνι,
1729 5299 1807 5362 εἰς
1870 5302 1939 5357 τὰ

266 5383 473 5458 ἕτοιμα
528 5388 942 5462 καυχήσασθαι.
1002 5386 1064 5445 Ὁ
1109 5384 1167 5442 δὲ
1223 5387 1587 5466 καυχώμενος
1638 5387 1691 5443 ἐν
1751 5388 1937 5464 Κυρῖῳ

267 5474 595 5549 καυχάσθω.
675 5473 752 5532 Οὔ
826 5473 929 5549 γὰρ
1003 5475 1031 5529 ὁ
1109 5474 1295 5531 ἑαυτὸν
1371 5482 1659 5545 συνιστῶν,
1732 5476 1938 5541 ἐκεῖνός

268 5564 389 5623 ιστι
420 5559 674 5638 δόκιμος,
705 5560 834 5620 ἀλλ’
864 5559 926 5619 ὄν
956 5565 987 5618 6
1018 5563 1219 5639 Κύριος
1250 5564 1578 5637 συνίστησιν.

2042 4783 2071 4811 ‹‹
2086 4761 2158 4816 ad
2173 4760 2677 4823 vos,extendimus
2692 4778 2798 4816 nos
2814 4761 2974 4833 ipsos
2987 4764 3596 4834 supramodum.Nam
3612 4781 3704 4820 us-

2049 4873 2077 4901 (ι
2092 4866 2208 4920 que
2226 4847 2299 4903 ad
2316 4864 2413 4903 vos
2426 4865 2664 4920 quoque
2676 4849 3056 4919 pervenimus
3070 4850 3130 4905 in
3144 4851 3675 4923 Evangeliodhristi
3684 4895 3704 4925 ,

2047 4962 2073 4990 (ι
2093 4955 2214 4993 non
2229 4939 2289 4992 in
2304 4938 2541 5008 bisqure
2560 4954 2739 5010 supra
2751 4955 3095 4996 mensuram
3114 4940 3587 5012 suntgloriantes
3602 4957 3698 4998 su-

2053 5052 2073 5078 ι
2096 5045 2202 5100 per
2217 5026 2425 5083 alienis
2447 5026 2785 5083 laboribus:
2812 5036 3121 5099 sperantes
3133 5028 3612 5087 autemfuturum
3635 5035 3705 5088 ut

2048 5140 2078 5168 ι(
2092 5118 2235 5173 dum
2266 5117 2516 5173 creverit
2546 5116 2692 5173 fides
2714 5124 2924 5181 vestra,
2958 5118 3022 5173 in
3056 5118 3223 5175 vobis
3251 5121 3707 5194 magniﬁcemur

2052 5233 2073 5258 ι
2102 5209 2275 5280 juxta
2318 5207 2579 5281 regulam
2613 5213 2879 5263 nostram
2914 5209 2973 5264 in
3004 5209 3478 5279 exuberantiam,
3509 5218 3576 5267 ut
3632 5212 3707 5268 iis

2048 5321 2076 5348 α
2114 5314 2351 5369 quoque
2369 5297 2713 5370 regionibus
2738 5313 2864 5369 quae
2884 5298 3043 5353 ultra
3057 5316 3155 5354 vos
3169 5307 3311 5356 sunt
3324 5302 3707 5375 Evangelium

2052 5410 2079 5438 «
2105 5389 2681 5451 annuntiemus,non
2705 5388 2764 5443 in
2786 5388 2986 5444 aliena
3001 5389 3222 5463 regula,
3250 5397 3319 5445 ut
3346 5390 3418 5446 de
3452 5391 3545 5447 his
3578 5408 3710 5463 qua

2050 5498 2080 5527 ‹‹
2103 5482 2311 5548 parata
2327 5484 2467 5534 sunt
2482 5476 2936 5549 gloriemurzsed
2953 5478 3055 5551 qui
3069 5477 3445 5552 gloriatur,in
3463 5480 3714 5537 Domino

2011 5630 2019 5641 ο
2054 5567 2412 5641 «glorietur.
2443 5568 2573 5624 Non
2597 5568 2758 5625 enim
2781 5568 2882 5641 qui
2901 5569 3165 5643 seipsum
3192 5569 3590 5637 commendat,
3604 5569 3707 5629 ille

2050 5678 2079 5707 «
2102 5656 2389 5729 probatus
2421 5656 2641 5727 est,sed
2672 5657 2723 5714 is
2757 5675 2936 5731 quem
2956 5658 3247 5717 Dominus
3278 5658 3716 5722 commendat.»
