4098 6420
457 412 612 472 1039

1562 402 1988 469 (ΕΟΠΜΕΝΙΙ
2033 401 2342 463 ΤΒΙΟΟΑΞ
2392 402 2765 464 EPISCOPI.

3727 407 3894 503 1040

522 545 723 615 Neque
777 546 939 601 enim
994 546 1215 618 poterit
1273 543 1571 618 quispiam
1621 541 1850 632 dicere,
1885 536 2091 609 inquit,

2230 620 2256 632 ﬂ
2292 533 2368 590 Οὐ
2400 532 2955 632 γὰρ-ἃντῗποιιτις,
3012 536 3202 632 φησὶν,
3264 536 3347 592 ὅτι
3404 538 3481 611 μὴ
3542 538 3892 632 ἀφικόμενοι,

456 632 784 703 quod,cum
808 649 926 688 non
950 635 1371 708 pertigerimus
1399 633 1519 689 sive
1550 647 1673 687 non
1702 627 2115 702 pertingamus

450 737 639 791 usque
670 721 745 776 ad
776 738 897 785 vos,
922 723 1310 779 extendimus
1349 739 1459 777 nos
1488 720 1670 793 ipsos,
1703 719 1973 774 dicentes
2003 731 2114 771 nos

449 810 763 883 perligisse
782 811 856 866 ad
887 829 1009 878 vos,
1041 813 1261 869 frustra
1289 826 1627 868 sermonem
1651 806 1962 880 jactando.
2009 808 2115 861 Re-

448 915 587 955 vera
620 901 779 956 enim
813 919 1002 973 usque
1025 903 1098 958 ad
1129 920 1231 958 vos
1260 898 1997 975 pertigimus.Pertigimus
2015 912 2115 951 au-

450 994 569 1045 tem
603 990 665 1045 in
696 992 1009 1063 Evangelio
1041 992 1255 1047 Christi
1292 1008 1305 1046 :
1340 992 1451 1047 hoc
1499 995 1606 1051 est,
1653 1004 1773 1043 non
1806 993 2111 1057 utcunque

447 1079 825 1153 pertigimus.
861 1081 963 1137 sed
1001 1083 1427 1138 annuntiantes
1484 1079 1647 1135 vobis
1706 1077 2106 1150 Evangelium.

446 1188 475 1217 ί(
510 1170 686 1233 Quasi
719 1186 842 1225 non
870 1172 1291 1243 pertingentes.
1326 1193 1354 1221 ››
1385 1170 1449 1226 Id
1479 1176 1591 1237 est,
1651 1184 1773 1224 non
1832 1174 2109 1240 potentes

447 1256 523 1311 ad
554 1274 653 1313 vos
683 1275 872 1330 usque
904 1260 1265 1332 pertingere,
1317 1265 1420 1315 aut
1451 1258 1785 1331 pertigisse.
1821 1277 1851 1308 α
1880 1258 2109 1311 Exten-

446 1346 644 1404 dimus
673 1366 782 1405 nos
812 1352 994 1422 ipsos,
1027 1357 1307 1423 tanquam
1342 1352 1496 1409 fastu
1544 1350 1879 1406 verborum.
1907 1373 1935 1400 «
1996 1350 2111 1404 Per

443 1438 826 1512 Evangelium
859 1440 1095 1496 Christi.
1133 1464 1160 1490 »
1192 1442 1341 1497 Nam
1375 1440 1697 1497 verisimile
1731 1446 1859 1496 erat
1884 1437 2104 1512 pseud-

441 1528 747 1598 apostolos
780 1530 961 1585 etiam
992 1546 1115 1586 non
1174 1529 1576 1602 praedicando,
1611 1530 1686 1585 ad
1715 1529 1919 1601 aliqua
1972 1528 2106 1584 loca

440 1617 789 1687 accessisse,
822 1623 881 1673 et
908 1618 1068 1690 quod
1101 1619 1175 1674 ob
1233 1620 1294 1675 id
1350 1619 1775 1692 gloriarentur.
1822 1641 1850 1668 ‹‹
1886 1619 2013 1674 Non
2041 1617 2105 1673 in

441 1705 537 1760 his
569 1723 700 1777 quas
727 1725 909 1780 supra
929 1725 1274 1765 mensuram
1299 1716 1438 1765 sunt
1467 1709 1812 1783 gloriantes.
1846 1729 1875 1758 »
1896 1710 1965 1763 In
1987 1708 2102 1770 his.

440 1794 658 1865 inquit.
691 1798 846 1852 679
884 1814 1015 1868 quas
1047 1798 1647 1861 nostramexcedunt
1672 1813 2016 1854 mensuram
2047 1800 2107 1851 et

441 1887 862 1956 potentiam,et
891 1888 952 1941 in
983 1887 1196 1944 alienis
1233 1887 1904 1945 laboribus.Verisimile
1936 1886 2095 1944 enim
2132 1912 2179 1975 Β

442 1980 533 2030 est
563 1977 719 2046 quod
751 1977 1195 2049 pseudapostoli
1228 1995 1363 2034 cum
1394 1979 1495 2034 alii
1534 1979 1961 2051 prmdicassent
1989 1976 2096 2033 ali-

441 2067 597 2128 cubi,
618 2064 730 2136 ipsi
762 2066 970 2122 leviter
1001 2066 1366 2122 accedebant
1392 2073 1450 2122 et
1505 2066 1769 2139 sibiipsis
1808 2064 2099 2137 prtedica-

437 2156 663 2212 tionem
690 2156 1086 2213 ascribebant.
1108 2157 1226 2212 Nos
1263 2165 1464 2213 autem
1496 2174 1615 2212 non
1649 2173 1829 2229 super
1859 2157 2095 2225 alienis,

435 2246 654 2317 inquit,
691 2246 1021 2303 laboribus.
1056 2268 1085 2296 «
1147 2246 1467 2318 Sperantes
1496 2253 1719 2305 autem.
1754 2268 1783 2297 ››
1812 2246 1971 2302 Nihil
2000 2262 2098 2302 as-

434 2332 599 2403 serit,
633 2336 737 2391 sed
771 2352 1104 2409 speramus,
1138 2336 1362 2408 inquit,
1418 2337 1482 2392 in
1512 2338 1652 2393 Deo.
1709 2338 1777 2392 In
1830 2352 1899 2393 eo
1931 2337 2095 2392 enim

433 2425 593 2497 quod
623 2426 838 2481 crescit
865 2426 1012 2481 fides
1051 2426 1506 2498 discipulorum,
1540 2430 1939 2499 prmeeptores
1964 2425 2096 2482 lau-

432 2513 669 2569 dantur.
703 2516 824 2570 Hoc
853 2515 1051 2587 itaque
1085 2515 1147 2569 in
1177 2515 1291 2571 hoc
1322 2515 1596 2571 consistit
1614 2521 1681 2571 ut
1705 2514 2095 2571 crescattides

432 2609 647 2659 vestra.
681 2628 699 2651 ι
735 2606 798 2659 In
821 2604 987 2659 vobis
1019 2604 1491 2677 magniﬁcemur.
1546 2626 1573 2654 »
1629 2605 1969 2676 Speramus,
2002 2604 2094 2659 in-

434 2694 584 2764 quit,
620 2693 778 2765 quod
810 2694 974 2749 vobis
1023 2693 1097 2749 ad
1154 2694 1333 2749 fidem
1363 2694 1794 2763 crescentibus,
1837 2695 1899 2749 in
1930 2693 2095 2749 vobis

435 2783 632 2856 magni
667 2783 1073 2839 ostendemur.
1108 2806 1135 2833 «
1197 2785 1371 2839 Juxta
1419 2784 1684 2856 regulam
1735 2791 1999 2840 nostram
2033 2783 2094 2838 in

435 2872 908 2928 exuberantiam.
965 2895 993 2923 ››
1044 2873 1162 2927 Hoc
1193 2879 1302 2942 est,
1328 2872 1486 2944 quod
1519 2874 1582 2927 in
1619 2872 1784 2929 vobis
1810 2871 2097 2945 gloriabi-

431 2978 569 3018 mur
599 2964 733 3035 plus
765 2979 944 3034 quam
977 2979 1175 3029 nunc;
1209 2980 1350 3019 nam
1380 2964 1441 3019 id
1476 2969 1585 3032 est,
1620 2986 1648 3015 «
1685 2966 1748 3019 ln
1770 2963 2097 3019 exuberan-

428 3052 594 3108 tiam.
630 3075 658 3103 ››
690 3054 864 3109 Juxta
894 3053 1160 3126 regulam
1188 3059 1475 3123 nostram,
1510 3054 1570 3110 id
1602 3060 1711 3123 est,
1728 3054 1902 3126 juxta
1931 3069 2096 3110 men-

430 3158 632 3198 suram
664 3149 958 3211 nostram,
990 3159 1122 3213 quae
1153 3143 1329 3198 nobis
1353 3160 1389 3198 a
1417 3145 1537 3199 Deo
1569 3144 1795 3200 credita
1819 3145 2092 3200 est.Bene

428 3241 628 3291 autem
659 3237 926 3309 regulam
959 3243 1018 3291 et
1049 3253 1393 3292 mensuram
1442 3243 1636 3303 vocat,
1670 3244 1956 3310 tanquam
2014 3236 2090 3294 ad

422 3325 865 3395 possessionem
897 3331 954 3380 et
983 3325 1394 3381 haereditatem
1417 3326 1576 3381 orbis
1594 3327 1722 3399 ipse
1745 3327 2085 3383 accesserit.

423 3437 453 3465 «
489 3416 561 3470 Ut
599 3415 672 3469 iis
694 3431 930 3486 quoque
986 3416 1108 3487 regi
1138 3416 1328 3471 .nibus
1362 3433 1495 3487 quas
1556 3417 1715 3473 ultra
1738 3434 1840 3472 vos
1869 3420 2030 3473 sunt.
2057 3437 2087 3466 »

425 3504 496 3558 Et
523 3504 607 3559 ita
636 3504 698 3559 in
727 3504 913 3574 vobis,
947 3505 1163 3576 inquit,
1196 3508 1670 3578 magniﬁcemur,
1718 3513 1785 3562 ut
1814 3506 1995 3562 etiam
2026 3506 2089 3563 in

426 3594 771 3667 regionibus
802 3612 933 3666 quae
965 3596 1122 3651 ultra
1142 3612 1242 3651 vos
1274 3602 1414 3651 sunt
1434 3597 1814 3669 Evangelium
1845 3613 2088 3653 annun-

428 3686 647 3741 tiemus
676 3701 745 3741 ac
775 3685 1098 3742 doceamus
1132 3685 1328 3756 :quod
1361 3702 1503 3741 sane
1534 3687 1710 3742 etiam
1734 3687 1892 3744 fecit.
1928 3688 2087 3743 «Non

428 3776 492 3832 in
522 3776 720 3832 aliena
752 3777 975 3851 regula.
1011 3800 1040 3827 »
1071 3778 1141 3831 Et
1181 3793 1302 3831 non
1332 3777 1835 3848 quemadmodum
1863 3779 2084 3851 pseud-

430 3866 687 3939 apostoli
718 3866 964 3935 faciunt,
1024 3868 1241 3939 inquit,
1274 3866 1648 3941 gloriandum
1701 3869 1872 3925 nobis
1903 3875 1993 3925 est
2020 3870 2085 3925 in

429 3957 630 4012 aliena
659 3957 863 4030 regula
894 3962 954 4013 et
976 3963 1166 4029 parte,
1200 3963 1259 4012 et
1281 3957 1381 4012 ubi
1413 3957 1566 4014 alius
1606 3957 1913 4015 laboravit.
1936 3960 2087 4015 Nam

429 4047 544 4102 hoc
573 4045 848 4116 est,quod
877 4045 998 4101 ait:
1034 4067 1046 4094 ι
1076 4046 1154 4100 De
1187 4045 1280 4100 his
1310 4062 1442 4117 quas
1472 4051 1679 4117 parata
1707 4051 1866 4101 sunt.
1901 4067 1929 4096 ››
1953 4046 2084 4117 Ubi,

427 4135 646 4205 inquit,
698 4135 927 4206 jactum
983 4140 1111 4190 erat
1167 4134 1452 4190 doctrinae
1503 4150 1729 4190 semen.
1766 4156 1794 4185 «
1827 4135 1941 4190 Sed
1982 4137 2085 4208 qui

425 4224 713 4298 gloriatur
742 4225 803 4281 in
832 4225 1083 4282 Domino
1114 4224 1421 4297 glorietur.
1458 4246 1485 4273 ι»
1515 4228 1720 4297 Itaque
1751 4226 2084 4299 illi,inquit,

425 4315 489 4369 in
502 4330 713 4371 vanum
727 4315 1075 4386 gloriantur:
1101 4331 1210 4369 nos
1220 4330 1358 4369 vero
1379 4314 1521 4370 licet
1536 4315 1661 4369 huic
1674 4316 1899 4387 operati
1914 4316 2086 4374 simus

424 4405 603 4461 etiam
623 4421 813 4477 usque
845 4404 918 4461 ad
950 4422 1072 4473 vos,
1104 4410 1159 4460 et
1190 4404 1384 4459 adhuc
1433 4404 1494 4459 in
1544 4411 1849 4475 posterum
1880 4422 2086 4478 opera-

422 4494 538 4549 turi
565 4495 902 4561 simus,non
952 4494 1014 4548 in
1055 4493 1229 4548 nobis
1272 4493 1417 4564 ipsis
1468 4495 1816 4567 gloriamur,
1870 4497 1975 4552 sed
2017 4497 2081 4553 in

421 4584 559 4639 Deo.
597 4586 738 4640 Nam
773 4585 874 4655 qui
904 4583 1213 4656 gloriatur,
1248 4583 1463 4655 inquit,
1515 4584 1689 4640 debet
1716 4586 1777 4639 in
1828 4586 2081 4643 Domino

2218 620 2392 699 ἤγουν
2456 625 2533 698 μή
2595 624 2990 702 ἀφικνούμενοι
3051 625 3127 689 εἰς
3183 624 3347 699 ὑμᾶς,
3434 620 3887 704 ὑπερεκτείνομεν

2219 713 2465 780 ἑαυτοὺς,
2508 712 2759 791 λέγοντες
2791 714 3076 795 ἐφθακέναι
3109 715 3186 777 εἷς
3220 714 3385 789 ὑμᾶς,
3418 716 3538 787 εἰκῆ
3597 724 3678 793 τῷ
3730 718 3888 799 λόγῳ

2216 803 2617 875 κομπάζοντες.
2652 807 2746 876 Τῷ
2776 800 2891 860 ὄντι
2949 805 3077 881 γὰρ,
3137 803 3301 881 ἄχρις
3344 807 3495 878 ὑμῶν
3546 805 3880 885 ἐφθάσαμεν·

2219 890 2558 969 Ἐιρθάσαμεν
2592 890 2673 962 δὲ,
2706 892 2760 948 ἐν
2791 897 2871 965 τῷ
2903 890 3231 968 Εὐαγγελίῳ
3256 897 3355 949 τοῦ
3388 900 3658 969 Χριστοῦ.
3705 900 3884 955 Τουτ-

2216 982 2378 1052 ἑστιν,
2414 983 2525 1062 οὐχ
2554 982 2746 1045 ἁπλῶς
2774 986 3224 1061 παραγενόμενοι,
3269 982 3417 1041 ἀλλὰ
3472 986 3886 1065 καταγγέλλον-

2214 1092 2301 1134 τες
2338 1074 2466 1143 ὑμῖν
2500 1073 2564 1128 τὸ
2597 1073 2951 1150 Εὐαγγέλιον.
2992 1100 3011 1125 ο
3048 1075 3136 1138 Ὧς
3184 1076 3259 1148 μή
3290 1074 3695 1156 ἐφικνούμενοι,
3732 1105 3753 1130 ι
3793 1080 3878 1151 Μὴ

2218 1160 2529 1237 ῗσχύοντες,
2562 1165 2720 1237 φησὶ,
2753 1164 2841 1219 καὶ
2879 1166 3040 1240 ἄχρις
3073 1165 3225 1238 ὑμὼν
3258 1165 3559 1241 ἐφικέσθαι,
3590 1167 3626 1237 ἤ
3658 1171 3879 1247 φθᾶσαι.

2216 1275 2244 1303 ι(
2289 1252 2763 1327 Ὑπερεκτείνομεν
2822 1254 3070 1324 ὶαυτοὺς,
3106 1279 3134 1306 ››
3193 1254 3329 1326 οἷον,
3389 1259 3466 1327 τῷ
3515 1257 3714 1332 κόμπῳ
3768 1263 3879 1315 τῶν

2213 1337 2421 1416 λόγων.
2452 1367 2479 1395 ι(
2517 1343 2605 1401 Ἐν
2632 1347 2712 1415 τῷ
2744 1342 3066 1420 Εὐαγγελίῳ
3095 1348 3192 1399 τοῦ
3221 1345 3481 1421 Χριστοῦ.
3516 1370 3545 1399 ››
3580 1347 3738 1411 Εἰκὸς
3766 1347 3873 1424 γὰρ

2211 1430 2278 1500 ἦν
2328 1432 2460 1494 τοὺς
2532 1429 3039 1507 ψευδαποστόλους,
3097 1435 3190 1489 καὶ
3248 1432 3372 1490 ἄνευ
3430 1440 3529 1491 τοῦ
3584 1436 3875 1511 κηρύσσειν

2209 1524 2664 1596 παραγενομένου
2722 1544 2851 1595 που,
2910 1524 3003 1580 καὶ
3064 1525 3196 1601 ὑπὲρ
3281 1525 3481 1582 τούτου
3537 1530 3877 1607 καυχᾶσθαι.

2211 1637 2238 1665 ιι
2274 1611 2390 1668 Οὐκ
2419 1611 2495 1675 εἰς
2528 1611 2735 1689 ἄμετρα
2764 1612 3137 1689 καυχώμενοι.
3172 1638 3200 1668 ιο
3255 1614 3334 1671 Τὰ
3387 1617 3450 1671 τὸ
3503 1612 3719 1689 μέτρον,
3766 1639 3877 1694 φη-

2211 1700 2318 1772 σὶν,
2349 1703 2531 1774 ἡμῶν,
2563 1702 2655 1759 καὶ
2685 1703 2783 1772 τὴν
2845 1699 3076 1777 δύναμιν
3142 1699 3537 1779 ὑπερϐαίνοντα
3594 1705 3645 1761 ἐν
3698 1703 3876 1762 ἁλλο-

2207 1790 2385 1866 τρίοις
2418 1791 2632 1855 κόποις.
2666 1792 2836 1856 Εἰκὸς
2868 1795 2972 1870 γὰρ
3002 1794 3130 1857 τοὺς
3153 1793 3655 1869 ψευδαποστόωυς,
3679 1794 3873 1852 ἄλλων

2208 1902 2318 1937 που
2376 1881 2746 1958 κηρυξάντων,
2806 1882 3003 1948 αὐτοὺς
3089 1882 3431 1959 ἐπιδημῆσαι
3515 1883 3721 1960 ψιλῶς,
3783 1885 3876 1943 καὶ

2209 1971 2420 2035 ἑαυτοῖς
2482 1970 2797 2049 ἐπιγράφειν
2848 1976 2911 2029 τὸ
2978 1976 3257 2051 κήρυγμα.
3318 1976 3507 2049 Ἡμεῖς
3568 1970 3626 2031 δὲ
3682 1976 3871 2057 φησὶν,

2208 2061 2307 2115 οὐκ
2336 2058 2420 2117 ἐπ’
2451 2059 2772 2137 ἀλλοτρίοις
2802 2064 3019 2126 κόποις·
3085 2086 3112 2119 α
3153 2061 3385 2122 Ἐλπίδα
3443 2061 3500 2119 δὲ
3553 2063 3799 2140 ἓχοντες.
3837 2089 3867 2118 ››

2207 2147 2378 2206 Οὐδὲν
2404 2151 2781 2226 ἀποφαίνεται,
2834 2151 2960 2208 ἀλλ’
3022 2150 3340 2225 ἐλπίζομεν,
3396 2154 3580 2235 φησῖν,
3638 2151 3727 2210 ἐπὶ
3786 2158 3865 2229 τῷ

2206 2244 2342 2312 Θεῷ.
2380 2240 2520 2315 Πρὸς
2555 2242 2584 2296 ὅ
2612 2241 2718 2316 γὰρ
2748 2244 2783 2312 ἡ
2836 2242 3017 2305 πίστις
3073 2239 3356 2299 ἐπιδίδωσι
3413 2248 3521 2299 τῶν
3576 2247 3865 2317 μαθητῶν,

2208 2332 2261 2387 οἱ
2295 2328 2619 2389 διδάσκαλοι
2652 2329 3024 2405 εὐδοκιμοῦσι.
3059 2336 3237 2392 Τοῦτο
3295 2334 3394 2411 γάρ
3447 2333 3590 2391 ἐστιν
3637 2335 3866 2407 αὐξανο-

2214 2422 2382 2495 μένης
2408 2426 2508 2488 τῆς
2537 2424 2776 2487 πίστεως
2810 2424 2983 2497 ὑμῶν.
3012 2448 3042 2479 ››
3084 2426 3172 2482 Ἐν
3209 2425 3336 2499 ὑμῖν
3371 2425 3802 2501 μεγαλυνθῆναι.
3836 2448 3867 2478 ››

2208 2509 2562 2585 Ἐλπίζομεν,
2594 2512 2778 2590 φησὶν,
2827 2519 2981 2588 υμῶν
3040 2510 3395 2570 ἐπιδιδόντων
3444 2515 3583 2592 πρὸς
3630 2517 3732 2586 τήν
3780 2513 3870 2570 πί-

2208 2621 2342 2669 στιν,
2375 2599 2428 2656 ἐν
2463 2607 2592 2674 υμῖν
2623 2601 2863 2678 μεγάλοι
2896 2600 3205 2680 δειχθῆναι.
3263 2629 3290 2657 ιι
3339 2605 3483 2661 Κατὰ
3528 2603 3621 2659 τὸν
3672 2605 3867 2661 κανόνα

2205 2693 2367 2764 ἡμῶν
2399 2691 2476 2754 εἷς
2505 2694 2834 2768 περισσείαν,
2870 2719 2898 2746 ››
2940 2695 3239 2759 τουτέστιν,
3309 2694 3361 2751 ἐν
3424 2695 3552 2770 ὑμῖν
3605 2696 3873 2770 μεγαλυν-

2207 2787 2366 2850 θῆναι
2406 2780 2572 2837 πλέον
2606 2782 2641 2852 ἢ
2676 2788 2790 2841 νῦν.
2823 2786 2999 2841 Τοῦτο
3032 2784 3135 2860 γὰρ
3167 2785 3254 2855 τὸ,
3284 2809 3312 2837 ‹‹
3343 2785 3434 2845 Εἰς
3476 2786 3807 2860 περισσείαν,
3839 2810 3870 2839 ιι

2203 2870 2343 2924 κατὰ
2371 2871 2464 2926 τὸν
2523 2872 2721 2928 κανόνα
2778 2876 2960 2947 ἡμῶς,
3020 2876 3289 2945 τουτέστι,
3347 2875 3484 2930 κατὰ
3538 2876 3599 2930 τὸ
3670 2878 3867 2948 μέτρον

2206 2960 2391 3033 ἡμῶν,
2426 2961 2455 3014 ὅ
2484 2959 2881 3035 ἐπιστεύθημεν
2910 2962 3057 3039 παρὰ
3108 2967 3263 3019 Θεοῦ.
3316 2959 3515 3026 Καλῶς
3566 2961 3624 3018 δὲ
3668 2964 3868 3019 κανόνα

2203 3048 2294 3103 καὶ
2330 3048 2526 3124 μέτρον
2574 3048 2755 3124 καλεῖ,
2804 3051 2880 3115 ὡς
2938 3051 3028 3107 ἐπὶ
3084 3059 3278 3122 κτῆσιν
3336 3053 3424 3107 καὶ
3482 3049 3860 3127 κληρονομίαν

2200 3145 2304 3208 τῆς
2333 3138 2663 3213 οἶκουμένης
2696 3139 2979 3206 εἰσελθών.
3008 3165 3035 3195 ι(
3055 3141 3148 3206 Εἰς
3176 3141 3243 3197 τὰ
3273 3142 3585 3218 ὑπερέκεινα
3615 3141 3787 3214 ὑμῶν.
3821 3164 3853 3194 ››

2206 3230 2302 3285 Καὶ
2333 3230 2508 3294 οὕτως
2562 3229 2968 3307 μεγαλυνθῆναι
3010 3230 3066 3287 ἐν
3126 3236 3279 3306 υμῖν,
3329 3229 3467 3287 ὥστε
3522 3232 3608 3287 καὶ
3658 3230 3733 3293 εὶς
3790 3231 3860 3286 τὰ

2204 3322 2517 3399 ὑπερέκεινα
2602 3319 3051 3397 εὐαγγελίσασθαι
3110 3324 3199 3379 καὶ
3262 3320 3495 3396 διδάξαι,
3555 3323 3586 3377 ὅ
3642 3320 3708 3392 δὴ
3766 3321 3859 3377 καὶ

2198 3412 2535 3483 Enetum-ama
2595 3411 2711 3470 Οὐκ
2776 3412 2828 3468 ἐν
2887 3409 3178 3487 ἀλλοτρίῳ
3233 3413 3437 3468 κανόνι.
3496 3437 3525 3467 ››
3584 3413 3688 3469 Καὶ
3748 3413 3862 3492 οὐχ

2198 3502 2402 3577 ὥσπερ,
2436 3502 2623 3580 φησὶν,
2666 3503 2719 3557 οἳ
2750 3498 3191 3577 ψευδαπόστολοι
3220 3498 3450 3587 ιαέχομεν
3479 3503 3861 3577 καυχήσασθαι

2195 3591 2248 3648 ἐν
2282 3590 2563 3666 ἀλλοτρίῳ
2590 3595 2772 3647 κανόνι
2824 3590 2912 3646 καὶ
2968 3590 3144 3667 μέρει,
3191 3590 3282 3646 καὶ
3334 3590 3458 3656 ἔνθα
3507 3588 3680 3652 ἀλλος
3739 3589 3865 3647 ἐκο-

2195 3684 2371 3741 πίασε.
2407 3686 2588 3740 Τοῦτο
2618 3682 2722 3759 γὰρ
2748 3683 2835 3751 τὸ,
2869 3706 2894 3738 ιι
2926 3683 3026 3745 Εἷς
3058 3682 3124 3738 τὰ
3153 3679 3369 3756 ἕτοιμα,
3402 3706 3432 3734 ››
3472 3682 3661 3750 Ἔνθα,
3703 3680 3860 3762 φησὶ,

2195 3769 2719 3850 προκαταϐέϐληται
2752 3773 2969 3848 σπέρμα
3013 3771 3389 3836 διδασκαλίας.
3444 3798 3473 3827 ι(
3506 3774 3569 3833 Ὀ
3618 3772 3676 3830 δὲ
3722 3796 3860 3830 καυ-

2204 3866 2464 3942 χώμενος
2497 3863 2549 3920 ἐν
2624 3862 2807 3939 Κυρίῳ
2865 3865 3246 3939 καυχάσθω.»
3307 3865 3538 3920 Ἐκεῖνοι
3591 3864 3685 3938 μὲν
3743 3863 3860 3939 οὖν,

2200 3956 2386 4035 φησὶν,
2415 3954 2534 4024 εἰκῆ
2566 3957 2903 4028 καυχῶνται,
2935 3954 3130 4026 ῖὴμεῖς
3180 3950 3239 4008 δὲ
3286 3952 3376 4009 καὶ
3421 3957 3591 4010 ταῦτα
3644 3973 3858 4030 κατωρ-

2197 4046 2435 4112 θωκότες
2464 4045 2527 4100 τὸ
2557 4042 2694 4122 ἄχρι
2736 4042 2824 4098 καὶ
2893 4043 3072 4116 ὒμῶν,
3129 4042 3221 4098 καὶ
3280 4042 3503 4119 προσέτι
3555 4046 3854 4117 κατορθοῦν

2200 4133 2522 4210 μέλλοντες,
2561 4134 2623 4189 οὐ
2681 4133 3023 4212 καυχώμεθα
3067 4131 3119 4187 ἐν
3180 4132 3418 4204 ἑαυτοῖς,
3478 4131 3604 4188 ἀλλ’
3664 4133 3719 4189 ἐν
3775 4137 3857 4206 τῷ

2195 4232 2333 4298 Θεῷ.
2366 4227 2428 4284 Ὀ
2458 4224 2564 4301 γὰρ
2623 4224 3008 4301 καυχώμενος,
3059 4222 3247 4302 φησὶν,
3309 4223 3517 4303 ὀφείλει
3559 4224 3611 4281 ἐν
3669 4223 3853 4299 Κυρίῳ

2193 4320 2521 4391 καυχᾶσθαι.
2572 4315 2668 4370 Καὶ
2720 4314 2825 4390 γὰρ
2881 4313 2973 4370 καὶ
3032 4313 3168 4370 αὐτὸ
3199 4313 3228 4369 ὅ
3260 4312 3566 4392 ἐφθάσαμεν
3629 4315 3853 4388 μέτρον,

2193 4405 2245 4462 ἐν
2280 4409 2414 4461 Θεοῦ
2443 4403 2673 4479 ἔχομεν.
2711 4429 2738 4456 ‹‹
2769 4404 2846 4462 Οὐ
2877 4405 2982 4479 γὰρ
3014 4402 3042 4457 ὁ
3079 4404 3266 4459 ἑαυτὸν
3299 4408 3584 4459 συνιστῶν.
3619 4426 3649 4456 »
3695 4401 3857 4465 Τίνες

2193 4493 2250 4551 δὲ
2281 4495 2332 4549 οἱ
2364 4492 2589 4555 ἑαυτοὺς
2620 4497 2974 4555 συνιστῶντες
3000 4513 3015 4562 ;
3051 4493 3117 4549 Οἱ
3164 4489 3602 4567 ψευδαπόστολοι
3647 4488 3855 4561 δηλον-

2192 4586 2297 4643 ότι.
2331 4585 2494 4645 Τίνας
2549 4578 2608 4638 δὲ
2641 4582 2669 4636 ὁ
2701 4581 2902 4657 Κύριος
2950 4583 3271 4652 συνίστησις
3320 4582 3462 4644 Τοὺς
3512 4579 3654 4658 ἀμφὶ
3705 4583 3858 4635 Παῦ-

417 4673 660 4747 gloriari
689 4673 996 4744 Siquidem
1022 4688 1153 4727 eam
1179 4688 1415 4744 quoque
1446 4689 1794 4731 mensuram
1817 4691 1936 4747 qua
1950 4693 2080 4748 per-

2202 4679 2287 4730 kov
2317 4671 2601 4740 δηλονότι.
2635 4672 2783 4727 Κατά
2812 4671 2874 4726 τὸ
2910 4671 3108 4746 μέτρον
3140 4672 3265 4746 γὰρ,
3298 4671 3454 4750 φησὶ,
3477 4674 3575 4726 τοῦ
3605 4669 3857 4743 κανόνος,

419 4764 682 4837 tigimus,
715 4780 786 4818 ex
816 4764 934 4818 Deo
965 4778 1325 4835 accepimus.
1379 4785 1405 4815 ιι
1458 4765 1586 4819 Non
1636 4765 1796 4821 enim
1845 4766 1946 4837 qui
1980 4784 2072 4822 se-

419 4854 616 4925 ipsum
651 4854 1050 4909 commendat.
1090 4876 1118 4904 »
1164 4852 1273 4919 Qui
1319 4860 1519 4909 autem
1563 4862 1734 4910 erant
1790 4871 1852 4910 se
1911 4856 2072 4927 ipsos

2185 4765 2253 4820 οὗ
2285 4762 2534 4838 ἐμέρισεν
2566 4764 2704 4836 ἡμῖν
2739 4762 2768 4816 ὁ
2800 4761 2952 4819 Bede.
3010 4762 3071 4821 Ὁ
3125 4758 3215 4816 οὗν
3282 4761 3505 4836 μερίσας
3553 4761 3706 4834 Θεὸς,
3758 4760 3856 4815 αὖ·

2180 4856 2274 4917 τὸς
2301 4855 2392 4910 καὶ
2423 4854 2640 4923 συνίστη
2650 4874 2754 4913 σιν,

421 4943 958 4999 commendantes?
1010 4942 1460 5014 Pseudupostoli
1505 4943 1800 4999 videlicet.
1860 4945 2016 5009 Quos
2074 4952 2276 5003 autem
2334 4943 2718 5002 commendat
2777 4943 3110 4999 Dominus?
3165 4942 3418 5000 Paulum
3475 4960 3637 5000 sane.
3699 4944 3846 5000 Nam

422 5053 450 5082 «
484 5032 655 5087 Juxta
684 5048 1046 5100 mensuram,
1080 5032 1296 5102 inquit,
1329 5032 1546 5105 regula;
1578 5047 1696 5103 qua
1724 5032 1979 5103 partitus
2011 5041 2103 5091 est
2138 5035 2313 5092 nobis
2350 5036 2524 5092 Deus.
2561 5056 2591 5085 »
2636 5034 2842 5104 Itaque
2894 5033 3048 5088 Deus
3096 5032 3199 5103 qui
3245 5033 3499 5105 partitus
3553 5038 3665 5102 est,
3716 5034 3845 5105 ipse

413 5122 591 5177 etiam
623 5123 1023 5178 commendat.

479 5213 575 5282 Xl,
606 5214 721 5266 1-3.
745 5233 770 5263 α
792 5213 1025 5268 Utinam
1048 5213 1384 5268 toleraretis
1401 5228 1497 5267 me
1520 5211 1824 5285 paulisper
1840 5213 1900 5269 in
1922 5215 2069 5271 insi-

405 5326 433 5352 α
451 5303 823 5375 pienlia;imo
837 5304 1168 5359 etsul‘l‘ertis
1183 5319 1445 5359 me:nam
1460 5302 1771 5374 Zelotypus
1785 5320 1915 5360 sum
1931 5322 2069 5380 erga

399 5417 428 5443 ‹‹
460 5409 559 5448 vos
590 5392 712 5446 zelo
728 5392 1113 5464 Dei.Adjunxi
1137 5393 1297 5448 enim
1310 5409 1410 5447 vos
1427 5391 1529 5446 nni
1546 5392 2064 5468 viro,utvirginem

402 5504 429 5536 α
452 5488 677 5538 castam
704 5482 1044 5538 exhiberem
1065 5482 1430 5551 Christo,sed
1462 5488 1662 5537 metuo
1697 5499 1770 5539 ne
1795 5500 1912 5555 qua
1935 5487 2060 5557 ﬁat,

398 5580 508 5629 «ut
538 5571 1045 5643 quemadmodum
1078 5587 1326 5644 serpens
1337 5572 1513 5626 Evam
1527 5569 1762 5644 decepit
1778 5576 2057 5649 versutia,

400 5686 428 5716 α
463 5682 590 5736 sua,
622 5665 704 5722 ita
725 5668 1184 5737 corrumpantur
1196 5676 1404 5719 sensus
1427 5662 1601 5718 vestri
1621 5678 1654 5717 a
1675 5664 2056 5738 simplicitate

406 5776 428 5805 ι
464 5771 595 5830 quas
627 5759 715 5813 est
741 5769 882 5827 erga
910 5750 1234 5809 Christum.
1267 5772 1321 5806 u.

2247 5212 2483 5294 Ὠφελον
2544 5213 2830 5293 ἀνείχεσθὲ
2915 5234 3021 5287 μου
3108 5213 3301 5288 μικρὸν
3385 5215 3454 5285 τῇ
3540 5208 3842 5284 ἀφροσύνῃ.

2180 5302 2358 5362 Ἀλλὰ
2414 5304 2505 5359 καὶ
2563 5303 2820 5383 ἀνέχεσθέ
2881 5324 3008 5376 μου.
3066 5300 3234 5373 Ζηλῶ
3318 5300 3421 5377 γὰρ
3507 5300 3649 5374 ὑμᾶς
3707 5301 3842 5355 Θεοῦ

2177 5394 2351 5467 ζήλῳ.
2414 5393 2777 5468 Ἡρμοσάμην
2832 5392 2938 5469 γὰρ
3002 5392 3142 5465 ὑμὰς
3205 5392 3284 5447 ἐνὶ
3366 5387 3525 5462 ἀνδρὶ
3578 5387 3840 5462 παρθένον

2172 5484 2342 5561 ἁγνὴν
2398 5490 2743 5559 παραστῆσαι
2809 5487 2890 5556 τῷ
2944 5482 3185 5556 Χριστῷ.
3280 5476 3574 5554 Φοϐοῦμαι
3634 5476 3692 5534 δὲ
3763 5477 3838 5551 μή

2165 5596 2285 5638 πως
2312 5574 2388 5637 ὦς
2446 5575 2474 5629 ὁ
2571 5573 2695 5652 ὄφις
2751 5570 2890 5631 Εὕαν
2947 5573 3287 5645 ἐξηπάτησεν
3342 5570 3396 5627 ἐν
3452 5575 3523 5646 τῇ
3601 5586 3839 5643 πανουρ·

2166 5664 2261 5741 γίᾳ
2316 5665 2513 5735 αὐτοῦ,
2571 5663 2752 5727 οὕτως
2831 5665 3012 5743 φθαρῇ
3078 5664 3146 5719 τὰ
3200 5664 3453 5737 νοήματα
3514 5661 3669 5736 ὑμῶν
3729 5654 3836 5715 ἀπὸ

2164 5762 2265 5827 τῆς
2293 5755 2609 5826 ἁπλότητος
2639 5762 2740 5826 τῆς
2769 5755 2847 5819 τίς
2876 5756 2970 5813 τὸν
3000 5754 3255 5833 Χριστόν,

3428 6412 3466 6418 ἡ
3552 6411 3600 6418 ὴ-
3670 6410 3702 6416 q-
3773 6410 3800 6414 —
3870 6412 3924 6420 '——_
