4098 6386
233 450 389 510 1041
1120 444 1280 508 (ἶοΜ
1286 446 1459 506 ΜΕΝ
1467 447 1538 504 '1‘.
1589 443 1666 506 IN
1714 442 1846 503 EPI

2053 440 2071 499 l
2117 441 2219 499 AD
2266 438 2608 499 COHINTH
2623 485 2635 496 .
3515 439 3671 502 1042

305 580 544 640 Μὲλλων
609 576 887 655 ἐμϐαίνειν
954 579 1030 642 είς
1096 579 1224 643 τοὺς
1291 578 1526 644 οἰκείους
1614 577 1889 647 ἐπαίνους,

2077 575 2232 632 680
2263 575 2665 649 Aggressurus
2696 577 2969 648 proprias
2999 577 3230 645 laudes,
3295 577 3485 634 multa
3539 594 3675 636 cor-

230 673 430 747 πολλῇ
480 671 721 751 κέχηται
777 677 846 747 τῇ
907 668 1330 746 προδιορθώσει,
1370 671 1434 725 τὸ
1490 669 1748 747 φορτικὸν
1806 688 1848 722 τε

2055 667 2275 724 ectione
2309 672 2488 723 antea
2517 685 2662 722 usus
2695 674 2802 728 est,
2839 668 3110 724 devitans
3157 685 3233 724 ne
3283 669 3551 725 odiosum
3586 672 3673 726 vi-

233 762 420 819 δοκεῖν
479 762 716 816 ἐπαινεῖν
770 763 956 817 ἑαυτὸν
1040 759 1383 840 ἀποφεύγων.
1473 759 1568 819 Εἰς
1622 763 1785 813 τοῦτο
1846 757 1851 805 i

2055 765 2255 813 eretur
2285 758 2444 828 quod
2494 757 2767 813 laudaret
2827 759 3108 830 seipsum.
3172 759 3250 814 Ad
3309 759 3419 814 hoc
3468 768 3669 817 autem

233 853 396 908 αὐτὸν
457 853 656 928 ἤγαγεν
689 853 723 920 ἡ
755 858 856 920 τῆς
917 848 1225 914 ὑποθέσεως
1266 849 1492 924 ἀνάγκη,
1552 846 1642 902 καὶ
1697 847 1759 902 τὸ
1812 842 1851 900 3:

2053 848 2178 902 uxit
2210 865 2344 902 eum
2379 848 2710 920 argumenti
2737 848 3086 913 necessitas,
3112 865 3244 903 cum
3269 856 3571 905 vereretur
3592 868 3666 906 ne

234 940 408 997 διὲναι
443 943 519 1014 μὴ
555 941 631 1004 εἰς
674 937 891 1015 βλάϐην
924 944 1029 994 τῶν
1063 939 1320 1014 μαθητῶν
1348 936 1594 1013 γένηται,
1625 937 1686 991 τὸ
1737 936 1852 991 αὐτὶ

2049 955 2072 992 3
2105 938 2389 993 damnum
2425 939 2595 993 fleret
2617 938 3068 1010 discipulorum,
3095 939 3142 992 si
3169 938 3292 1010 ipse
3316 940 3667 1010 qnidemde-

241 1033 338 1105 μὶν
367 1028 812 1100 ἐξευτελίζεσθαι,
872 1030 998 1091 τοὺς
1059 1026 1116 1083 δὲ
1182 1025 1662 1101 ψευδαποστόλους
1720 1023 1859 1080 δοκεῖ

2044 1033 2216 1099 pectu
2271 1028 2611 1094 haberetur,
2671 1028 3115 1099 pseudapostoli
3170 1045 3306 1082 vero
3356 1029 3662 1100 quidpiam

237 1122 377 1178 εἶναί
455 1140 527 1175 τι.
607 1118 735 1183 Ε’ῗθε
775 1119 1052 1197 ἀνείχεσθὲ
1129 1138 1256 1192 μου,
1333 1118 1519 1196 φησὶν,
1588 1115 1855 1193 ἀφροσύνη

2045 1134 2137 1172 sse
2170 1117 2529 1172 viderentur.
2593 1118 2850 1182 Utinam,
2905 1117 3117 1188 inquit,
3173 1117 3506 1174 toleraretis
3545 1136 3662 1187 me,

236 1216 467 1289 πρᾶγμα
497 1210 588 1265 καὶ
640 1207 797 1287 ἔργον
837 1215 1146 1270 ποιοῦντος.
1204 1233 1232 1259 ‹‹
1267 1206 1441 1264 Ἀλλά
1495 1207 1585 1261 καὶ
1643 1204 1854 1281 ἀνέχεσε

2048 1223 2155 1278 pus
2189 1213 2247 1262 et
2278 1208 2495 1263 factum
2531 1207 2819 1277 insipiens
2852 1213 3315 1278 perpetrantem.
3374 1229 3398 1258 α
3433 1209 3558 1263 Imo
3609 1215 3666 1265 et

234 1322 363 1374 μου.
402 1328 429 1352 ι»
465 1297 607 1358 Οἶδα
641 1300 766 1376 γάρ,
801 1299 988 1378 φησὶν,
1023 1299 1107 1354 ὅτι
1146 1298 1390 1374 ἀγαπᾶτε
1443 1318 1528 1369 με.
1575 1297 1661 1350 καὶ
1719 1297 1852 1350 πάντ

2048 1299 2274 1354 )leratis
2306 1316 2416 1355 me.
2456 1320 2478 1348 υ
2515 1299 2650 1354 Νονί
2686 1299 2844 1353 enim
2879 1299 3036 1369 quod
3069 1315 3162 1352 me
3189 1299 3457 1371 diligitis,
3483 1301 3584 1367 ait,
3608 1306 3666 1357 et

235 1412 343 1462 μου
373 1389 645 1464 ἀνέχεσθε.
685 1414 711 1440 ι(
746 1393 910 1458 Ζηλῶ
939 1389 1041 1463 γάρ
1071 1389 1228 1459 ὑμᾶς.
1266 1410 1293 1438 ››
1345 1387 1463 1443 Οὐκ
1513 1387 1650 1450 εἶπε,
1707 1387 1853 1440 Φιλᾶ

2046 1391 2203 1445 mnia
2236 1407 2365 1445 mea
2398 1390 2684 1444 toleratis.
2732 1411 2761 1438 «
2796 1392 2938 1444 Nam
2990 1391 3292 1460 zelotypus
3342 1406 3473 1444 sum
3525 1407 3664 1463 erga

236 1477 420 1532 “)λ’ὅ
536 1483 588 1510 ’ν
703 1477 738 1530 ’ἶ
864 1476 1074 1530 ’Ζλ“
1151 1476 1251 1496 ’”
1547 1474 1560 1514 ἶ
1779 1476 1796 1503 ⁵

226 1500 295 1533 α.
465 1499 650 1550 μειςον
730 1499 790 1546 ,ν,
863 1501 887 1528 .‹
963 1499 994 1547 η
1042 1500 1087 1530 ω
1146 1495 1307 1548 υμας,
1346 1498 1372 1525 ι)
1431 1496 1583 1551 φησ.,
1646 1494 1844 1528 τουτισ

2039 1495 2120 1534 os.
2158 1503 2184 1529 »
2215 1481 2343 1534 Non
2375 1480 2561 1534 dixit:
2597 1487 2743 1534 Amo
2774 1496 2898 1545 vos,
2939 1479 3041 1534 sed
3092 1479 3249 1550 quod
3299 1480 3495 1550 majus
3548 1487 3657 1548 est,

225 1573 508 1641 περικαῶς
539 1565 706 1647 φιλῖι..
745 1568 881 1621 Εἶτα
905 1564 999 1620 ’ίνα
1033 1569 1108 1638 μή
1141 1568 1412 1636 νομίσωσι
1444 1562 1533 1619 διά
1570 1564 1639 1620 τά
1684 1564 1843 1637 ἀνθρο

2061 1569 2372 1640 Zelotypus
2433 1586 2563 1624 sum
2613 1585 2748 1640 erga
2807 1587 2992 1633 vos,»
3043 1569 3154 1623 hoc
3195 1574 3304 1634 est,
3366 1569 3657 1627 Ardenter

225 1680 377 1726 πινα,
430 1659 541 1712 οἷον
601 1657 932 1732 χρήματαῆ
967 1653 1148 1726 δόξαν,
1205 1654 1347 1710 οὕτω
1425 1653 1604 1729 φιλεῖν
1667 1654 1843 1710 αὐτοὺς

2039 1675 2152 1713 mo.
2190 1658 2410 1713 Deinde
2438 1675 2510 1712 ne
2545 1659 2886 1713 existiment
2915 1659 3073 1729 quod
3097 1665 3337 1729 propter
3370 1659 3657 1728 humana,

228 1746 441 1820 ἐπα-(εγ
481 1771 509 1796 ‹‹
542 1751 677 1802 θεοῦ
711 1744 888 1818 ζήλῳ,
923 1769 949 1796 »δ
993 1743 1084 1800 ἵνα
1154 1746 1293 1818 ὑμᾶς
1351 1743 1647 1824 ὠφελήσω.
1707 1766 1728 1794 ι
1757 1745 1846 1820 Ἤρ

2043 1763 2213 1818 empe
2246 1747 2532 1818 pecunias
2560 1752 2661 1802 aut
2691 1747 2962 1820 gloriam,
3007 1748 3088 1802 ita
3119 1747 3278 1817 ipsos
3307 1752 3490 1814 amet,
3516 1748 3657 1804 sub-

239 1830 500 1902 μοσάμην
533 1829 635 1902 γὰρ
671 1829 830 1901 ὑμᾶς.
868 1852 894 1880 ››
961 1829 1099 1902 ΙΙρὸς
1155 1831 1255 1898 τήν
1306 1826 1636 1898 Ἐκκλησίαν
1688 1829 1826 1891 ἅπας

2037 1837 2227 1907 ingit:
2267 1860 2288 1885 ι
2324 1836 2457 1891 Zelo
2491 1836 2616 1891 Dei.
2656 1859 2681 1884 »
2715 1837 2787 1891 Ut
2832 1835 2997 1891 vobis
3041 1837 3280 1907 prosim.
3339 1854 3365 1884 «
3399 1836 3655 1907 Adjunxi

229 1919 404 1992 λόγος
443 1918 610 1991 αύτῷς
641 1919 794 1987 Αὕτη
829 1920 934 1993 γάρ
995 1919 1129 1989 μετά
1178 1918 1379 1992 γάμον,
1429 1914 1692 1991 παρθένος
1747 1917 1847 1973 ἐστι

2035 1927 2156 1980 nim
2181 1943 2300 1981 vos.
2338 1949 2365 1975 ››
2400 1925 2485 1981 Ad
2544 1925 2868 1981 Ecclesiam
2917 1930 3076 1981 totus
3130 1926 3240 1997 ipsi
3295 1942 3488 1980 sermo
3541 1932 3653 1982 est.

231 2008 539 2075 Μνηστείας
588 2004 644 2063 δὲ
681 2009 710 2062 6
743 2008 929 2080 παρὼν
980 2006 1192 2079 καιρὸς,
1243 2005 1534 2063 παστάδων
1578 2005 1636 2062 Si
1689 2007 1716 2062 6
1751 2006 1849 2081 μὲλ

2031 2017 2128 2070 [nec
2162 2017 2316 2070 enim
2351 2020 2486 2087 post
2514 2015 2753 2086 nuptias
2785 2015 2942 2088 virgo
2989 2021 3078 2070 est
3106 2032 3118 2080 ;
3155 2031 3420 2086 praesens
3452 2021 3649 2072 autem

226 2097 370 2153 λων·
403 2098 531 2160 καθὸ
564 2095 802 2170 λέγεται,
855 2097 1079 2166 Ἀνέστη
1141 2097 1170 2150 6
1224 2096 1483 2167 νυμφίος.
1536 2100 1672 2150 Ποῖα
1723 2093 1780 2151 δὲ
1822 2117 1844 2150 τ

2028 2122 2228 2176 empus
2260 2111 2349 2160 est
2379 2105 2882 2176 desponsationis,
2916 2104 3181 2160 futurum
3213 2120 3348 2159 vero
3401 2105 3646 2160 thalami

220 2185 450 2256 ἔδνα;ἡ
517 2185 772 2262 βασιλεία
826 2190 934 2240 τῶν
995 2185 1258 2261 οὐρανῶν.
1317 2185 1530 2254 Ταύτης
1583 2193 1683 2252 τῆς
1744 2207 1838 2258 μντ

2036 2195 2278 2266 uptialis
2313 2212 2324 2248 :
2359 2200 2653 2265 quatenus
2685 2195 2903 2249 dicitur
2941 2195 3098 2264 quod
3149 2194 3407 2248 surrexit
3458 2194 3647 2265 Spon-

223 2278 402 2338 στείας
435 2280 525 2330 καί
559 2277 585 2330 6
629 2273 792 2330 Δαυῒδ
825 2277 1193 2351 προμνήστωρ
1225 2274 1290 2341 ἦν
1340 2273 1540 2348 λέγων.
1593 2276 1841 2329 Ἀκουσο·

2027 2301 2092 2338 us
2121 2285 2185 2338 ‘9.
2209 2286 2488 2350 Quasnam
2521 2290 2720 2339 autem
2753 2290 2842 2339 est
2863 2283 2970 2338 dos
2991 2283 3018 2337 ‘?
3051 2286 3314 2356 Regnum
3339 2283 3645 2339 ccelorum.

223 2367 482 2441 θύγατερ,
517 2364 607 2420 καί
643 2363 742 2430 ξ’δε,
775 2365 865 2420 καὶ
922 2363 1111 2420 κλῖνον
1172 2365 1263 2427 οὓς
1332 2385 1446 2422 σου.
1511 2363 1612 2421 Καὶ
1660 2364 1820 2426 αὐτὸς

2027 2376 2175 2445 [ujus
2209 2376 2386 2430 etiam
2427 2375 2907 2446 desponsationis
2961 2375 3138 2429 David
3200 2374 3645 2445 paranymphus

224 2454 442 2516 Παῦλος
476 2454 842 2531 νυμφαγωγὸς
882 2452 954 2507 ὥν
1005 2451 1206 2527 ἔλεγεν*
1258 2453 1416 2528 Ὑπὲρ
1466 2457 1704 2527 Χριστοῦ
1751 2472 1842 2528 πρε

2028 2471 2117 2520 rat
2147 2481 2276 2520 cum
2315 2465 2572 2519 diceret:
2607 2465 2826 2522 «Audi.
2857 2463 2997 2529 tilia,
3028 2469 3082 2518 et
3109 2464 3259 2527 vide,
3316 2468 3374 2518 et
3422 2464 3646 2518 inclina

228 2540 516 2616 σϐεύομεν,
546 2541 642 2596 ’ἱνα
672 2544 770 2610 τὴν
797 2543 1013 2621 νύμφην
1043 2536 1210 2616 λάϐῃ,
1246 2542 1400 2616 φησί.
1433 2542 1652 2598 Τούτων
1713 2541 1846 2596 τύπο

2027 2570 2192 2608 urem
2219 2559 2380 2608 tuam
2408 2553 2472 2606 6°.
2506 2575 2532 2602 ››
2572 2555 2700 2624 Ipse.
2732 2569 2968 2623 quoque
3000 2553 3217 2606 Paulus
3249 2568 3384 2606 cum
3416 2569 3643 2623 pronu-

224 2635 289 2704 ἦν
316 2634 384 2688 τὰ
419 2634 544 2705 περὶ
602 2633 694 2688 τὸν
757 2627 1031 2705 Ἀϐραὰμ,
1092 2631 1151 2693 ὅς
1211 2629 1407 2686 δοῦλον
1468 2628 1697 2705 ἔπεμψε,
1751 2654 1842 2704 μντ

2029 2659 2099 2697 us
2129 2648 2306 2706 esset,
2340 2641 2611 2696 dicebat:
2645 2663 2673 2690 «
2709 2643 2819 2696 Pro
2851 2641 3079 2696 Christo
3121 2640 3415 2711 legatione
3447 2640 3643 2712 fungi-

223 2723 473 2778 στεύσασι
530 2726 611 2793 τῷ
668 2722 772 2792 υἱῷ
837 2721 1098 2794 παρθένον
1182 2719 1424 2789 ἐθνικὴν,
1510 2720 1600 2775 καὶ
1661 2722 1689 2775 ὁ
1747 2721 1841 2775 Θεὸ

2024 2733 2202 2796 iur“,
2233 2757 2252 2781 ι
2284 2736 2347 2786 ut
2369 2747 2649 2803 sponsam
2673 2731 3218 2802 acciperet.Horum
3255 2729 3441 2799 figura
3474 2734 3642 2784 erant

219 2808 427 2886 ἔπεμψε
458 2814 586 2872 τοὺς
618 2811 902 2886 προφήτας
947 2807 1142 2876 πάλαι,
1198 2811 1289 2865 καὶ
1346 2809 1474 2873 τοὺς
1531 2805 1837 2866 ἀποστόλου

2031 2838 2116 2876 uae
2149 2821 2211 2875 in
2244 2822 2541 2876 Abraham
2572 2821 2970 2892 contigerunt,
2997 2820 3096 2890 qui
3131 2835 3365 2874 servum
3397 2819 3564 2874 misit
3585 2824 3649 2874 ut

218 2903 462 2976 ὕστερον,
499 2899 935 2974 μνηστεύσασθαι
983 2905 1062 2969 τῷ
1121 2902 1231 2972 Υἱῴ
1285 2902 1384 2969 τήν
1445 2899 1497 2971 ἐξ
1551 2900 1718 2964 ἐθνῶν
1785 2897 1836 2955 ἐκ

2019 2914 2384 2985 esponderet
2430 2913 2550 2967 filio
2610 2929 2715 2968 suo
2774 2912 3062 2984 virginem
3107 2911 3394 2983 gentilem
3427 2911 3493 2964 ⁸³.
3545 2911 3637 2965 Sic

219 2991 473 3062 κλησῖαν.
529 3014 558 3040 υ
618 2995 966 3064 Παραστῆσαι
1025 2993 1104 3060 τῷ
1155 2990 1392 3064 Χριστῷ.
1456 3014 1484 3041 ι)
1541 2992 1837 3063 Ἐμνηστευ

2014 3008 2138 3059 Deus
2169 3002 2312 3058 olim
2346 3003 2666 3073 prophetas
2699 3002 2962 3066 miserat,
2988 3006 3047 3054 et
3075 3000 3453 3071 postmodum
3488 3015 3632 3069 apo-

213 3083 420 3156 σάμην,
456 3080 642 3158 φησὶν,
678 3079 816 3150 ὑμᾶς
869 3085 950 3152 τῷ
994 3083 1239 3154 Χριστῷ.
1302 3079 1509 3136 Οὐκοῦν
1559 3076 1628 3133 δι’
1672 3077 1831 3134 ἐκεῖνε

2016 3092 2185 3157 tolos,
2216 3091 2313 3162 qui
2348 3091 2494 3145 Filio
2527 3091 2966 3162 desqonderent
2995 3089 3320 3144 Ecclesiam
3344 3089 3631 3162 gentium.

214 3169 402 3242 ζηλῶ,
433 3168 496 3222 οὐ
526 3166 593 3222 δι’
624 3168 878 3240 ἐμαυτόν.
913 3193 939 3219 ‹‹
975 3163 1267 3240 Φοϐοῦμαι
1316 3165 1374 3222 δὲ
1426 3170 1501 3241 μή
1552 3188 1687 3229 πως.
1724 3192 1751 3219 n
1805 3171 1832 3224 Ε

2005 3203 2008 3231 ς
2045 3182 2115 3235 Ut
2145 3181 2429 3253 virginem
2461 3185 2682 3236 castam
2725 3179 3067 3234 exhiberem
3117 3179 3367 3233 Christo.
3410 3200 3436 3226 ››
3485 3179 3623 3250 Ego,

217 3258 328 3331 γὰρ
359 3258 449 3310 καὶ
493 3259 526 3324 ἡ
572 3255 818 3312 ἀπώλεια
867 3256 1118 3328 ὑμετέρα,
1179 3255 1308 3312 ἀλλ’
1360 3259 1387 3312 6
1436 3253 1604 3333 φόϐος
1660 3257 1835 3319 κοινός

2007 3270 2195 3340 nquit,
2230 3285 2329 3323 vos
2361 3269 2592 3323 Christo
2614 3268 2904 3340 despondi
2933 3285 2944 3322 :
2969 3269 3167 3337 itaque
3191 3273 3432 3338 propter
3454 3267 3625 3323 illum

220 3346 340 3404 Οὐκ
370 3345 718 3424 ἀποφαίνεται
768 3343 826 3400 δὲ
892 3347 976 3401 ὅτι
1029 3344 1374 3422 διεφθάρητε,
1433 3346 1518 3402 ἵνα
1573 3347 1838 3426 ἀναισχυν

2013 3358 2282 3429 elotypus
2322 3374 2475 3422 sum,
2508 3374 2628 3412 non
2660 3362 2902 3428 propter
2930 3372 3024 3410 me
3066 3357 3282 3427 ipsum.
3312 3377 3338 3403 ‹‹
3372 3355 3481 3410 Sed
3507 3373 3631 3411 me-

214 3432 475 3508 τοτέρους
507 3437 739 3510 ποιήσῃ,
774 3433 900 3490 ἀλλ’
930 3430 1260 3513 ἀμφιϐόλως
1295 3437 1457 3510 λέγει,
1493 3461 1521 3487 ‹‹
1561 3438 1650 3506 Μή
1676 3458 1816 3499 πως.

2014 3464 2084 3502 uo
2118 3463 2190 3501 ne
2233 3463 2351 3516 qua
2399 3447 2518 3501 ﬁat.
2559 3469 2584 3494 η
2638 3449 2781 3501 Nam
2841 3447 2950 3500 etsi
2997 3446 3252 3517 perditio
3302 3452 3495 3500 vestra
3535 3446 3632 3516 sit,

219 3526 314 3582 καί
369 3545 455 3580 τοι
516 3521 900 3603 διεφθαρμένοι
957 3524 1115 3593 ἦσαν.
1177 3527 1281 3582 Καὶ
1337 3526 1438 3600 γὰρ
1505 3525 1749 3589 κάκεῖνος
1807 3548 1836 3581 τ

2021 3552 2183 3590 lmen
2210 3536 2388 3592 timor
2407 3537 2743 3591 communis
2765 3541 2875 3590 est.
2902 3537 3026 3591 Non
3053 3540 3252 3590 autem
3276 3535 3639 3592 enuntiative

226 3615 446 3689 μείζονα
492 3613 879 3689 ἐπηγγείλατο,
939 3614 1110 3689 ἤγουν
1172 3615 1298 3680 τοὺς
1345 3615 1813 3691 πρωτοπλάστους

2025 3626 2165 3680 icit:
2203 3627 2283 3680 Ne
2313 3626 2802 3696 corrumpamini,
2835 3631 2900 3679 ut
2930 3625 3129 3680 minus
3161 3624 3502 3696 pudeﬁant:
3534 3625 3640 3680 sed

205 3701 567 3779 ὄφις,ὥσπερ
629 3704 680 3757 οἱ
721 3701 1162 3777 ψευδαπόστολοι
1220 3705 1468 3766 τούτους.
1524 3706 1766 3761 Δεὶκνυσι
1816 3704 1823 3757 ἑ

2023 3713 2258 3785 mbigue
2289 3715 2684 3784 pronuntiat:
2733 3735 2761 3762 «
2795 3719 2877 3768 Ne
2928 3730 3044 3783 qua
3094 3715 3214 3781 ﬁat,
3249 3734 3278 3762 »
3333 3713 3472 3767 licet
3513 3713 3641 3783 jam

211 3790 550 3868 γυναικῶδες
583 3793 644 3847 τὸ
695 3793 1017 3857 ἀπατᾶσθαι.
1079 3818 1108 3845 ‹‹
1142 3795 1230 3850 Ἐν
1293 3798 1361 3869 τῇ
1421 3793 1732 3870 παδουργίᾳ
1775 3795 1829 3851 αξ

2023 3803 2246 3873 orrupti
2280 3808 2468 3858 erant.
2504 3803 2736 3857 Etenim
2763 3803 2866 3856 ille
2892 3819 3128 3873 quoque
3158 3802 3385 3873 majora
3408 3801 3641 3873 pollici-

209 3887 328 3938 τσῦ.
367 3909 384 3932 ι
424 3880 581 3937 Ἀλλ’
609 3880 792 3954 ὥσπερ
823 3885 886 3937 τὸ
915 3883 1050 3938 εἶναι
1085 3888 1387 3959 πανοῦργον
1440 3886 1530 3940 τὸν
1578 3882 1723 3962 ὅφιν,
1775 3884 1827 3940 οὗ

2021 3910 2078 3947 us
2111 3899 2218 3955 est,
2253 3909 2522 3964 serpens,
2547 3893 2818 3963 inquam,
2838 3893 3048 3963 primis
3070 3892 3414 3963 parentibus
3433 3907 3639 3962 quem-

211 3969 386 4028 ἔδωκε
427 3975 498 4044 τῇ
556 3973 772 4044 γυναικὶ
837 3970 1190 4048 συγγδώμην⁹
1261 3975 1434 4036 οὕτως
1494 3971 1620 4029 οὐδὲ
1678 3977 1713 4045 ἡ
1767 3979 1829 4029 τιῖ

2022 3981 2306 4036 dmodum
2340 3988 2399 4036 et
2447 3982 2540 4037 his
2587 3981 3052 4053 pseudapostoli.
3115 3981 3388 4035 Ustendit
3439 3987 3638 4036 autem

201 4061 376 4136 ψευδα
405 4059 696 4118 ποστόλων
728 4062 910 4136 ἀγάπη
961 4060 1122 4118 δώσει
1186 4064 1335 4136 ὑμῖν.
1391 4089 1417 4114 ι(
1451 4063 1644 4127 Οὕτως
1693 4067 1819 4139 φθαε

2017 4072 2397 4143 eceptionem
2453 4089 2582 4127 esse
2637 4071 3010 4127 muliebrem.
3067 4094 3093 4119 ‹‹
3129 4072 3398 4125 Versutia
3446 4087 3635 4126 sua.»

201 4153 269 4208 τὰ
299 4153 555 4224 νοήματα
586 4153 764 4224 ὑμῶν.
798 4175 821 4198 »
856 4153 1010 4223 Οἴον,
1047 4158 1348 4229 μετενεχθῇ
1379 4153 1486 4208 ἀπὸ
1541 4161 1642 4222 τῆς
1699 4151 1819 4210 ἀπλ‹

2025 4161 2097 4215 ed
2137 4161 2639 4232 quemadmodum
2691 4167 2992 4216 versutum
3045 4161 3228 4216 fuisse
3275 4165 3640 4231 serpentem,

198 4262 369 4311 τητος
401 4244 502 4294 τοῦ
538 4244 804 4315 Χριστοῦ,
855 4239 932 4303 είς
990 4243 1090 4309 τήν
1154 4239 1440 4312 δεινότητα
1495 4245 1596 4312 τήν
1655 4238 1816 4314 ἔξωθε

2027 4250 2223 4306 iulieri
2257 4253 2488 4306 veniam
2525 4267 2646 4305 non
2680 4251 2908 4314 tribuit,
2939 4251 3022 4305 ita
3071 4265 3265 4320 neque
3308 4248 3645 4320 pseudapo-

207 4333 458 4389 Δείκνυσι
492 4328 568 4400 δὲ,
602 4329 686 4386 ὅτι
717 4330 999 4386 ἀπλάστου
1038 4333 1125 4388 καὶ
1176 4331 1413 4408 ἀφελοῦς
1465 4330 1636 4388 δεῖται
1685 4337 1825 4410 ψυχΰ

2030 4339 2277 4395 :olorum
2309 4341 2566 4396 versutia
2595 4340 2762 4396 dabit
2786 4341 2971 4395 vobis.
3007 4361 3033 4388 «
3067 4339 3150 4394 Ita
3181 4344 3648 4410 corrumpantur

204 4425 240 4490 ἠ
265 4422 472 4490 πίστις,
508 4421 683 4475 πάντα
713 4423 895 4476 πίστει
925 4417 1258 4497 δεχομένης,
1293 4423 1381 4476 καὶ
1446 4420 1614 4494 μηδὲν
1665 4421 1822 4480 colli

2028 4446 2200 4486 ensus
2231 4432 2429 4488 vestri.
2465 4452 2494 4480 n
2526 4433 2674 4485 Puta
2713 4436 2778 4485 ut
2833 4430 3268 4485 transferantur
3296 4446 3330 4484 a
3360 4428 3646 4499 simplici-

207 4512 532 4588 γιζομὲνης.
1904 4512 1947 4546 υ
1988 4523 2105 4574 tate
2138 4520 2354 4574 Christi
2406 4520 2480 4574 ad
2535 4519 2922 4575 calliditatem
2985 4524 3317 4574 externam.
3376 4517 3649 4574 Ostendit

211 4609 414 4659 autem
449 4603 606 4675 quod
640 4603 779 4661 ﬁdei
811 4621 960 4676 opus
993 4605 1070 4660 sit
1102 4605 1304 4661 anima
1331 4604 1462 4660 fuco
1494 4610 1734 4661 carente
1767 4610 1826 4661 et
1856 4605 2113 4671 sincera,
2172 4624 2302 4678 qum
2358 4609 2560 4663 omnia
2617 4609 2734 4664 fide
2777 4609 3050 4678 excipiat,
3101 4613 3159 4662 et
3213 4608 3275 4661 in
3325 4605 3492 4661 nullo
3552 4621 3647 4660 se-

208 4691 491 4747 ducatur.

285 4779 352 4835 Ei
419 4780 513 4852 μέν
560 4782 662 4856 γάρ
721 4783 749 4836 6
801 4780 1105 4859 ἐρχόμενος
1163 4779 1333 4838 ἄλλον
1387 4786 1603 4854 Ἰησοῦν
1665 4783 1875 4858 κηρύσο

2061 4786 2208 4842 081
2246 4787 2342 4850 XI,
2373 4789 2426 4840 4.
2465 4789 2597 4840 Nam
2625 4785 2675 4840 si
2703 4787 2748 4840 is
2769 4788 2868 4856 qui
2889 4787 3037 4840 venit
3051 4784 3222 4840 alium
3241 4782 3644 4852 Jesumprardi-

211 4889 295 4923 σει
365 4868 421 4922 ὅν
485 4869 586 4924 ούκ
650 4869 1012 4944 ἔκηρύξαμεν,
1078 4871 1115 4941 ἤ
1176 4876 1391 4944 πνεῦμα
1487 4869 1671 4947 ἕτερον
1731 4870 1829 4946 λαις

2025 4883 2076 4931 at
2102 4894 2257 4948 quem
2275 4892 2386 4931 non
2402 4878 2844 4946 pradicavimus,
2879 4882 2976 4929 aut
2997 4878 3045 4931 si
3067 4875 3332 4945 Spiritum
3349 4872 3522 4927 alium
3552 4887 3643 4927 ac-

207 4952 610 5027 ϐάνετε,ὅούκ
666 4954 911 5026 ἐλάϐετε,
962 4961 996 5028 ἢ
1055 4959 1378 5035 Εύαγγέλιον
1437 4959 1619 5036 ἕτερον
1688 4961 1718 5016 6'
1781 4963 1825 5018 οι

2026 4969 2175 5036 ipitis
2205 4983 2365 5036 quem
2393 4982 2506 5021 non
2553 4965 2881 5036 accepistis;
2928 4971 3026 5020 aut
3071 4963 3232 5018 aliud
3281 4960 3644 5032 Evangelium

1909 3317 1952 3384 C

203 5045 484 5117 ἐδέξασθε,
515 5047 705 5110 καλῶς
733 5049 1042 5125 ἠνείχεσθε.

1990 5059 2138 5126 quod
2168 5073 2277 5112 non
2306 5057 2638 5126 suscepistis,
2671 5062 2817 5110 recte
2845 5056 3202 5110 sustineretis.

285 5140 438 5200 Τὲως
471 5135 709 5194 δείκνυσι
739 5140 866 5202 τοὺς
899 5137 1381 5214 ψευδαποστόλους
1403 5143 1752 5204 ἐπεισάκτους
1789 5143 1882 5198 καὶ

2067 5148 2084 5200 l
2091 5146 2310 5202 nterim
2344 5145 2605 5200 ostendit
2623 5144 3120 5217 pseudapostolos
3141 5142 3497 5199 adventitios
3519 5157 3614 5198 ess

209 5229 397 5299 ξένους
434 5228 721 5303 ὑπάρχειν.
754 5230 894 5304 Ὀρα
926 5227 1002 5285 δέ.
1038 5231 1153 5287 Οὐκ
1183 5230 1318 5298 εἶπε,
1345 5229 1519 5286 Πλὲον
1544 5253 1598 5287 τι
1624 5229 1827 5286 λαλοῦο

2033 5252 2061 5290 c
2098 5234 2343 5290 aliunde
2373 5239 2850 5306 prorumpentes.
2887 5233 3027 5288 Vide
3053 5238 3254 5288 autem
3307 5229 3465 5304 quod
3525 5247 3651 5287 non

209 5319 307 5374 καὶ
339 5318 441 5392 γὰρ
480 5319 546 5388 ἦν
617 5318 851 5380 ἐκείνους
910 5319 1054 5381 εἶ’κὸς
1114 5317 1400 5398 φλυαρεῖν,
1459 5319 1549 5375 καὶ
1617 5320 1827 5395 ῥημάτο

2035 5325 2242 5381 ixerit:
2272 5325 2327 5380 Si
2353 5325 2496 5396 quid
2522 5324 2780 5396 amplius
2801 5323 3129 5395 loquuntur
3151 5322 3409 5394 (Etenim
3440 5321 3650 5377 verisi-

212 5405 418 5464 κάλλει
450 5407 729 5482 γοητεύειν
761 5409 887 5471 τοὺς
919 5408 1239 5471 ἀκούονταςο
1271 5407 1419 5464 ἀλλά
1458 5431 1621 5484 φησιν
1672 5409 1830 5468 "Alli

2034 5413 2136 5468 lile
2169 5419 2295 5468 erat
2325 5413 2460 5469 illos
2491 5413 2699 5485 nugari
2733 5418 2791 5467 et
2819 5412 3132 5468 verborum
3173 5416 3479 5467 venustate
3529 5407 3652 5464 vel-

215 5498 480 5572 Χριστὸν,
513 5497 703 5572 ἤγουν,
763 5499 825 5553 Ὀ
885 5497 1194 5573 ἐρχόμενος
1244 5498 1690 5574 πλουσιωτέρους
1743 5499 1833 5574 ὑμξ

2029 5503 2079 5557 .ti
2111 5503 2426 5576 praestigiis
2458 5502 2764 5558 ludiﬁcare
2796 5502 3138 5573 auditores),
3173 5501 3277 5557 sed
3316 5501 3417 5566 ait,
3451 5499 3647 5554 Alium

211 5592 370 5643 ποιεῖ
400 5587 452 5640 ἐν
482 5591 600 5646 τοῖς
634 5593 1024 5660 πνευματικοῖς
1058 5588 1418 5664 χαρίσμασιν.
1479 5585 1777 5663 Οὐδὲτερον
1827 5619 1829 5632 ε

2032 5592 2310 5663 ιὴτίειυῐιι,
2347 5593 2456 5648 hoc
2489 5599 2614 5648 est:
2642 5592 2698 5647 Si
2732 5593 2783 5647 is
2815 5593 2914 5663 qui
2948 5592 3108 5647 venit
3128 5593 3374 5648 ditiores
3393 5605 3494 5644 vos
3517 5586 3650 5642 red-

297 5765 349 5802 59
379 5766 581 5824 Matth.
616 5782 747 5836 xxv,
780 5772 800 5823 1
841 5784 1008 5843 seqq.
1085 5768 1134 5804 ‘°
1161 5769 1318 5827 Psal.
1350 5786 1496 5842 xmv,
1536 5774 1622 5828 11.
1655 5802 1657 5805 -
1698 5771 1742 5809 ⁸⁸
1774 5773 1908 5830 Cor.

1241 5769 1318 5827 al.
1350 5786 1496 5842 xmv,
1536 5774 1622 5828 tl.
1655 5802 1657 5805 -
1698 5771 1742 5809 σί
1774 5773 1908 5830 Cor.
1938 5787 1992 5842 ν,
2024 5771 2112 5827 20.
2188 5773 2235 5809 ⁸³
2269 5773 2412 5830 Gen.
2446 5788 2599 5842 xxiv,
2628 5775 2653 5827 1
2690 5786 2855 5844 seqq.
