  <div class='ocr_page' id='page_1' title='image "/cluster/home/n/w/nwhite01/storage/ocr_20150623/118:no.1/coo.31924054870229/537.png"; bbox 0 0 4098 6402; ppageno 0'>
   <div class='ocr_carea' id='block_1_1' title="bbox 415 519 572 581">
    <p class='ocr_par' dir='ltr' id='par_1_1' title="bbox 415 519 572 581">
     <span class='ocr_line' id='line_1_1' title="bbox 415 519 572 581; baseline 0 -4"><span class='ocrx_word' id='word_1_1' title='bbox 415 519 572 581; x_wconf 71' lang='grc'><strong>1043</strong></span> 
     </span>
    </p>
   </div>
   <div class='ocr_carea' id='block_1_2' title="bbox 1537 503 2718 575">
    <p class='ocr_par' dir='ltr' id='par_1_2' title="bbox 1537 503 2718 575">
     <span class='ocr_line' id='line_1_2' title="bbox 1537 503 2718 575; baseline -0.009 -1"><span class='ocrx_word' id='word_1_2' title='bbox 1537 505 1948 575; x_wconf 70' lang='grc' dir='ltr'><strong>ωΟυΜΕΝΙῙ</strong></span> <span class='ocrx_word' id='word_1_3' title='bbox 1990 504 2301 567; x_wconf 67' lang='lat' dir='ltr'><strong>TRICCE</strong></span> <span class='ocrx_word' id='word_1_4' title='bbox 2347 503 2718 565; x_wconf 85' lang='lat' dir='ltr'><strong>EPISGOPI.</strong></span> 
     </span>
    </p>
   </div>
   <div class='ocr_carea' id='block_1_3' title="bbox 3686 499 3850 561">
    <p class='ocr_par' dir='ltr' id='par_1_3' title="bbox 3686 499 3850 561">
     <span class='ocr_line' id='line_1_3' title="bbox 3686 499 3850 561; baseline -0.018 -1"><span class='ocrx_word' id='word_1_5' title='bbox 3686 499 3850 561; x_wconf 72' lang='grc'><strong>1044</strong></span> 
     </span>
    </p>
   </div>
   <div class='ocr_carea' id='block_1_4' title="bbox 419 635 2108 730">
    <p class='ocr_par' dir='ltr' id='par_1_4' title="bbox 419 646 2080 730">
     <span class='ocr_line' id='line_1_4' title="bbox 419 646 2080 730; baseline -0.01 -14"><span class='ocrx_word' id='word_1_6' title='bbox 419 659 507 716; x_wconf 88' lang='lat' dir='ltr'><strong>dit</strong></span> <span class='ocrx_word' id='word_1_7' title='bbox 546 655 958 730; x_wconf 85' lang='lat' dir='ltr'><strong>spiritualibus</strong></span> <span class='ocrx_word' id='word_1_8' title='bbox 1005 653 1200 711; x_wconf 85' lang='lat' dir='ltr'><strong>donis.</strong></span> <span class='ocrx_word' id='word_1_9' title='bbox 1259 654 1547 709; x_wconf 81' lang='lat' dir='ltr'><strong>Neutrum</strong></span> <span class='ocrx_word' id='word_1_10' title='bbox 1608 653 1804 705; x_wconf 90' lang='lat' dir='ltr'><strong>autem</strong></span> <span class='ocrx_word' id='word_1_11' title='bbox 1863 646 2080 702; x_wconf 89' lang='lat' dir='ltr'><strong>horum</strong></span> 
     </span>
    </p>
   </div>
   <div class='ocr_carea' id='block_1_5' title="bbox 2214 635 3849 730">
    <p class='ocr_par' dir='ltr' id='par_1_5' title="bbox 2214 635 3849 730">
     <span class='ocr_line' id='line_1_5' title="bbox 2214 635 3849 730; baseline -0.002 -36"><span class='ocrx_word' id='word_1_12' title='bbox 2214 642 2400 695; x_wconf 75' lang='grc' dir='ltr'>τούτων</span> <span class='ocrx_word' id='word_1_13' title='bbox 2434 642 2631 715; x_wconf 76' lang='grc' dir='ltr'>χρῄζει</span> <span class='ocrx_word' id='word_1_14' title='bbox 2670 635 2941 712; x_wconf 77' lang='grc' dir='ltr'><strong>κομψείας</strong></span> <span class='ocrx_word' id='word_1_15' title='bbox 2975 636 3181 714; x_wconf 86' lang='grc' dir='ltr'>λόγων.</span> <span class='ocrx_word' id='word_1_16' title='bbox 3247 666 3303 680; x_wconf 88' lang='grc'><strong><em>--</em></strong></span> <span class='ocrx_word' id='word_1_17' title='bbox 3639 636 3711 694; x_wconf 86' lang='grc' dir='ltr'><strong><em>Ἤ</em></strong></span> <span class='ocrx_word' id='word_1_18' title='bbox 3754 636 3849 691; x_wconf 80' lang='grc' dir='ltr'>καὶ</span> 
     </span>
    </p>
   </div>
   <div class='ocr_carea' id='block_1_6' title="bbox 422 736 2083 823">
    <p class='ocr_par' dir='ltr' id='par_1_6' title="bbox 422 736 2083 823">
     <span class='ocr_line' id='line_1_6' title="bbox 422 736 2083 823; baseline -0.011 -17"><span class='ocrx_word' id='word_1_19' title='bbox 422 755 553 823; x_wconf 89' lang='lat' dir='ltr'><strong>eget</strong></span> <span class='ocrx_word' id='word_1_20' title='bbox 579 748 810 821; x_wconf 79' lang='lat' dir='ltr'><strong>argutia</strong></span> <span class='ocrx_word' id='word_1_21' title='bbox 841 746 1177 801; x_wconf 81' lang='lat' dir='ltr'><strong>verborum.</strong></span> <span class='ocrx_word' id='word_1_22' title='bbox 1210 774 1278 784; x_wconf 94' lang='lat'>—</span> <span class='ocrx_word' id='word_1_23' title='bbox 1305 746 1421 799; x_wconf 79' lang='lat' dir='ltr'><strong>Aut</strong></span> <span class='ocrx_word' id='word_1_24' title='bbox 1453 742 1551 795; x_wconf 86' lang='lat' dir='ltr'><strong>hoc</strong></span> <span class='ocrx_word' id='word_1_25' title='bbox 1572 739 1741 795; x_wconf 85' lang='lat' dir='ltr'><strong>etiam</strong></span> <span class='ocrx_word' id='word_1_26' title='bbox 1761 737 1939 793; x_wconf 86' lang='lat' dir='ltr'><strong>modo.</strong></span> <span class='ocrx_word' id='word_1_27' title='bbox 1968 736 2083 789; x_wconf 91' lang='lat' dir='ltr'><strong>Per</strong></span> 
     </span>
    </p>
   </div>
   <div class='ocr_carea' id='block_1_7' title="bbox 2189 723 3853 801">
    <p class='ocr_par' dir='ltr' id='par_1_7' title="bbox 2189 723 3853 801">
     <span class='ocr_line' id='line_1_7' title="bbox 2189 723 3853 801; baseline -0.002 -16"><span class='ocrx_word' id='word_1_28' title='bbox 2189 726 2386 791; x_wconf 70' lang='grc' dir='ltr'>οὕτως.</span> <span class='ocrx_word' id='word_1_29' title='bbox 2421 730 2519 785; x_wconf 78' lang='grc' dir='ltr'><strong>Διά</strong></span> <span class='ocrx_word' id='word_1_30' title='bbox 2543 735 2646 798; x_wconf 75' lang='grc' dir='ltr'>τῆς</span> <span class='ocrx_word' id='word_1_31' title='bbox 2676 728 2753 791; x_wconf 74' lang='grc' dir='ltr'>εἷς</span> <span class='ocrx_word' id='word_1_32' title='bbox 2787 727 2989 783; x_wconf 77' lang='grc' dir='ltr'>ἃτοπον</span> <span class='ocrx_word' id='word_1_33' title='bbox 3020 728 3321 801; x_wconf 74' lang='grc' dir='ltr'><strong>ἀπαγωγῆς</strong></span> <span class='ocrx_word' id='word_1_34' title='bbox 3351 723 3550 786; x_wconf 77' lang='grc' dir='ltr'>αὑτοὺς</span> <span class='ocrx_word' id='word_1_35' title='bbox 3581 726 3681 793; x_wconf 67' lang='grc' dir='ltr'><strong>τῆς</strong></span> <span class='ocrx_word' id='word_1_36' title='bbox 3711 726 3853 800; x_wconf 78' lang='grc' dir='ltr'>πρὸς</span> 
     </span>
    </p>
   </div>
   <div class='ocr_carea' id='block_1_8' title="bbox 421 815 2108 905">
    <p class='ocr_par' dir='ltr' id='par_1_8' title="bbox 421 815 2083 905">
     <span class='ocr_line' id='line_1_8' title="bbox 421 815 2083 905; baseline -0.009 -12"><span class='ocrx_word' id='word_1_37' title='bbox 421 815 841 895; x_wconf 67' lang='lat' dir='ltr'><strong>abductionem</strong></span> <span class='ocrx_word' id='word_1_38' title='bbox 873 835 949 890; x_wconf 90' lang='lat' dir='ltr'><strong>ad</strong></span> <span class='ocrx_word' id='word_1_39' title='bbox 979 835 1038 889; x_wconf 89' lang='lat' dir='ltr'><strong>id</strong></span> <span class='ocrx_word' id='word_1_40' title='bbox 1095 833 1254 905; x_wconf 93' lang='lat' dir='ltr'><strong>quod</strong></span> <span class='ocrx_word' id='word_1_41' title='bbox 1284 830 1607 887; x_wconf 90' lang='lat' dir='ltr'><strong>absurdum</strong></span> <span class='ocrx_word' id='word_1_42' title='bbox 1643 833 1750 885; x_wconf 81' lang='lat' dir='ltr'><strong>est.</strong></span> <span class='ocrx_word' id='word_1_43' title='bbox 1803 826 2083 882; x_wconf 81' lang='lat' dir='ltr'><strong>dehorta-</strong></span> 
     </span>
    </p>
   </div>
   <div class='ocr_carea' id='block_1_9' title="bbox 2214 815 3851 905">
    <p class='ocr_par' dir='ltr' id='par_1_9' title="bbox 2214 815 3851 893">
     <span class='ocr_line' id='line_1_9' title="bbox 2214 815 3851 893; baseline -0.002 -20"><span class='ocrx_word' id='word_1_44' title='bbox 2214 818 2313 881; x_wconf 43' lang='grc' dir='ltr'>»οὺς</span> <span class='ocrx_word' id='word_1_45' title='bbox 2343 816 2831 893; x_wconf 83' lang='grc' dir='ltr'>ψευδαποστόλους</span> <span class='ocrx_word' id='word_1_46' title='bbox 2879 815 3163 893; x_wconf 71' lang='grc' dir='ltr'>προσοχῆς</span> <span class='ocrx_word' id='word_1_47' title='bbox 3216 815 3534 884; x_wconf 78' lang='grc' dir='ltr'><strong>ἀποτρέπει,</strong></span> <span class='ocrx_word' id='word_1_48' title='bbox 3588 816 3731 869; x_wconf 83' lang='grc' dir='ltr'>οἷον·</span> <span class='ocrx_word' id='word_1_49' title='bbox 3783 815 3851 872; x_wconf 77' lang='lat' dir='ltr'><strong>El</strong></span> 
     </span>
    </p>
   </div>
   <div class='ocr_carea' id='block_1_10' title="bbox 422 913 2081 997">
    <p class='ocr_par' dir='ltr' id='par_1_10' title="bbox 422 913 2081 997">
     <span class='ocr_line' id='line_1_10' title="bbox 422 913 2081 997; baseline -0.008 -16"><span class='ocrx_word' id='word_1_50' title='bbox 422 933 523 983; x_wconf 86' lang='lat' dir='ltr'><strong>tur</strong></span> <span class='ocrx_word' id='word_1_51' title='bbox 551 926 715 997; x_wconf 90' lang='lat' dir='ltr'><strong>ipsos</strong></span> <span class='ocrx_word' id='word_1_52' title='bbox 745 941 821 979; x_wconf 92' lang='lat' dir='ltr'><strong>ne</strong></span> <span class='ocrx_word' id='word_1_53' title='bbox 852 923 924 979; x_wconf 90' lang='lat' dir='ltr'><strong>ad</strong></span> <span class='ocrx_word' id='word_1_54' title='bbox 958 920 1448 995; x_wconf 87' lang='lat' dir='ltr'><strong>pseudapostolos</strong></span> <span class='ocrx_word' id='word_1_55' title='bbox 1469 917 1792 974; x_wconf 84' lang='lat' dir='ltr'><strong>accedant:</strong></span> <span class='ocrx_word' id='word_1_56' title='bbox 1826 932 1893 970; x_wconf 90' lang='lat' dir='ltr'><strong>ac</strong></span> <span class='ocrx_word' id='word_1_57' title='bbox 1917 914 1965 969; x_wconf 90' lang='lat' dir='ltr'><strong>si</strong></span> <span class='ocrx_word' id='word_1_58' title='bbox 1989 913 2081 967; x_wconf 84' lang='lat' dir='ltr'><strong>di-</strong></span> 
     </span>
    </p>
   </div>
   <div class='ocr_carea' id='block_1_11' title="bbox 424 1004 2084 1082">
    <p class='ocr_par' dir='ltr' id='par_1_11' title="bbox 424 1004 2084 1082">
     <span class='ocr_line' id='line_1_11' title="bbox 424 1004 2084 1082; baseline -0.008 -12"><span class='ocrx_word' id='word_1_59' title='bbox 424 1021 558 1071; x_wconf 89' lang='lat' dir='ltr'><strong>cat:</strong></span> <span class='ocrx_word' id='word_1_60' title='bbox 592 1016 648 1069; x_wconf 88' lang='lat' dir='ltr'><strong>Si</strong></span> <span class='ocrx_word' id='word_1_61' title='bbox 681 1014 864 1068; x_wconf 89' lang='lat' dir='ltr'><strong>alium</strong></span> <span class='ocrx_word' id='word_1_62' title='bbox 922 1013 1119 1067; x_wconf 85' lang='lat' dir='ltr'><strong>Jesum</strong></span> <span class='ocrx_word' id='word_1_63' title='bbox 1172 1008 1667 1082; x_wconf 81' lang='lat' dir='ltr'><strong>pseudapostolus</strong></span> <span class='ocrx_word' id='word_1_64' title='bbox 1715 1007 1876 1075; x_wconf 89' lang='lat' dir='ltr'><strong>(nam</strong></span> <span class='ocrx_word' id='word_1_65' title='bbox 1925 1004 2084 1059; x_wconf 87' lang='lat' dir='ltr'><strong>hunc</strong></span> 
     </span>
    </p>
   </div>
   <div class='ocr_carea' id='block_1_12' title="bbox 426 1094 2086 1178">
    <p class='ocr_par' dir='ltr' id='par_1_12' title="bbox 426 1094 2086 1178">
     <span class='ocr_line' id='line_1_12' title="bbox 426 1094 2086 1178; baseline -0.008 -17"><span class='ocrx_word' id='word_1_66' title='bbox 426 1105 706 1178; x_wconf 65' lang='lat' dir='ltr'><strong>appellat,</strong></span> <span class='ocrx_word' id='word_1_67' title='bbox 732 1103 1101 1161; x_wconf 84' lang='lat' dir='ltr'><strong>Venientem.</strong></span> <span class='ocrx_word' id='word_1_68' title='bbox 1130 1106 1332 1172; x_wconf 78' lang='lat' dir='ltr'><strong>utpote</strong></span> <span class='ocrx_word' id='word_1_69' title='bbox 1357 1102 1840 1171; x_wconf 87' lang='lat' dir='ltr'><strong>prorumpentem</strong></span> <span class='ocrx_word' id='word_1_70' title='bbox 1868 1094 2086 1149; x_wconf 89' lang='lat' dir='ltr'><strong>etforis</strong></span> 
     </span>
    </p>
   </div>
   <div class='ocr_carea' id='block_1_13' title="bbox 427 1183 2088 1263">
    <p class='ocr_par' dir='ltr' id='par_1_13' title="bbox 427 1183 2088 1263">
     <span class='ocr_line' id='line_1_13' title="bbox 427 1183 2088 1263; baseline -0.008 -12"><span class='ocrx_word' id='word_1_71' title='bbox 427 1193 836 1259; x_wconf 77' lang='lat' dir='ltr'><strong>accedentem)</strong></span> <span class='ocrx_word' id='word_1_72' title='bbox 864 1208 877 1245; x_wconf 90' lang='lat'><strong>:</strong></span> <span class='ocrx_word' id='word_1_73' title='bbox 913 1190 960 1245; x_wconf 88' lang='lat' dir='ltr'>si</span> <span class='ocrx_word' id='word_1_74' title='bbox 994 1191 1173 1263; x_wconf 82' lang='lat' dir='ltr'><strong>igilur</strong></span> <span class='ocrx_word' id='word_1_75' title='bbox 1205 1190 1301 1244; x_wconf 88' lang='lat' dir='ltr'><strong>hic</strong></span> <span class='ocrx_word' id='word_1_76' title='bbox 1330 1189 1515 1243; x_wconf 88' lang='lat' dir='ltr'><strong>alium</strong></span> <span class='ocrx_word' id='word_1_77' title='bbox 1544 1189 1744 1243; x_wconf 85' lang='lat' dir='ltr'><strong>Jesum</strong></span> <span class='ocrx_word' id='word_1_78' title='bbox 1802 1183 2088 1257; x_wconf 71' lang='lat' dir='ltr'><strong>prazdicat</strong></span> 
     </span>
    </p>
   </div>
   <div class='ocr_carea' id='block_1_14' title="bbox 432 1274 2083 1355">
    <p class='ocr_par' dir='ltr' id='par_1_14' title="bbox 432 1274 2083 1355">
     <span class='ocr_line' id='line_1_14' title="bbox 432 1274 2083 1355; baseline -0.007 -17"><span class='ocrx_word' id='word_1_79' title='bbox 432 1298 612 1355; x_wconf 88' lang='lat' dir='ltr'><strong>quem</strong></span> <span class='ocrx_word' id='word_1_80' title='bbox 643 1281 905 1352; x_wconf 76' lang='lat' dir='ltr'><strong>oportuit</strong></span> <span class='ocrx_word' id='word_1_81' title='bbox 933 1295 968 1334; x_wconf 92' lang='lat' dir='ltr'><strong>a</strong></span> <span class='ocrx_word' id='word_1_82' title='bbox 998 1278 1170 1333; x_wconf 91' lang='lat' dir='ltr'><strong>nobis</strong></span> <span class='ocrx_word' id='word_1_83' title='bbox 1199 1276 1528 1349; x_wconf 75' lang='lat' dir='ltr'><strong>prazdicari,</strong></span> <span class='ocrx_word' id='word_1_84' title='bbox 1554 1284 1613 1333; x_wconf 92' lang='lat' dir='ltr'><strong>et</strong></span> <span class='ocrx_word' id='word_1_85' title='bbox 1641 1294 1763 1332; x_wconf 90' lang='lat' dir='ltr'><strong>non</strong></span> <span class='ocrx_word' id='word_1_86' title='bbox 1791 1274 2083 1348; x_wconf 54' lang='lat' dir='ltr'><strong>praedica-</strong></span> 
     </span>
    </p>
   </div>
   <div class='ocr_carea' id='block_1_15' title="bbox 432 1365 2086 1439">
    <p class='ocr_par' dir='ltr' id='par_1_15' title="bbox 432 1365 2086 1439">
     <span class='ocr_line' id='line_1_15' title="bbox 432 1365 2086 1439; baseline -0.005 -13"><span class='ocrx_word' id='word_1_87' title='bbox 432 1373 625 1427; x_wconf 86' lang='lat' dir='ltr'><strong>vimus</strong></span> <span class='ocrx_word' id='word_1_88' title='bbox 652 1387 665 1426; x_wconf 89' lang='lat'><strong>:</strong></span> <span class='ocrx_word' id='word_1_89' title='bbox 700 1376 801 1425; x_wconf 85' lang='lat' dir='ltr'><strong>aut</strong></span> <span class='ocrx_word' id='word_1_90' title='bbox 829 1369 1013 1424; x_wconf 89' lang='lat' dir='ltr'><strong>alium</strong></span> <span class='ocrx_word' id='word_1_91' title='bbox 1045 1367 1328 1439; x_wconf 77' lang='lat' dir='ltr'><strong>Spiritum</strong></span> <span class='ocrx_word' id='word_1_92' title='bbox 1357 1367 1619 1439; x_wconf 87' lang='lat' dir='ltr'><strong>Oportuit</strong></span> <span class='ocrx_word' id='word_1_93' title='bbox 1646 1383 1748 1420; x_wconf 90' lang='lat' dir='ltr'><strong>vos</strong></span> <span class='ocrx_word' id='word_1_94' title='bbox 1793 1365 2086 1436; x_wconf 86' lang='lat' dir='ltr'><strong>accipere,</strong></span> 
     </span>
    </p>
   </div>
   <div class='ocr_carea' id='block_1_16' title="bbox 432 1454 2088 1529">
    <p class='ocr_par' dir='ltr' id='par_1_16' title="bbox 432 1454 2088 1529">
     <span class='ocr_line' id='line_1_16' title="bbox 432 1454 2088 1529; baseline -0.005 -13"><span class='ocrx_word' id='word_1_95' title='bbox 432 1465 491 1517; x_wconf 87' lang='lat' dir='ltr'><strong>et</strong></span> <span class='ocrx_word' id='word_1_96' title='bbox 520 1476 555 1515; x_wconf 88' lang='lat' dir='ltr'><strong>a</strong></span> <span class='ocrx_word' id='word_1_97' title='bbox 584 1458 756 1514; x_wconf 85' lang='lat' dir='ltr'><strong>nobis</strong></span> <span class='ocrx_word' id='word_1_98' title='bbox 787 1474 908 1513; x_wconf 90' lang='lat' dir='ltr'><strong>non</strong></span> <span class='ocrx_word' id='word_1_99' title='bbox 939 1457 1254 1529; x_wconf 90' lang='lat' dir='ltr'><strong>accepistis</strong></span> <span class='ocrx_word' id='word_1_100' title='bbox 1281 1473 1295 1511; x_wconf 89' lang='lat'><strong>:</strong></span> <span class='ocrx_word' id='word_1_101' title='bbox 1337 1463 1441 1512; x_wconf 89' lang='lat' dir='ltr'><strong>aut</strong></span> <span class='ocrx_word' id='word_1_102' title='bbox 1495 1454 1661 1511; x_wconf 82' lang='lat' dir='ltr'><strong>aliud</strong></span> <span class='ocrx_word' id='word_1_103' title='bbox 1705 1454 2088 1527; x_wconf 86' lang='lat' dir='ltr'><strong>Evangelium</strong></span> 
     </span>
    </p>
   </div>
   <div class='ocr_carea' id='block_1_17' title="bbox 435 1546 2086 1624">
    <p class='ocr_par' dir='ltr' id='par_1_17' title="bbox 435 1546 2086 1624">
     <span class='ocr_line' id='line_1_17' title="bbox 435 1546 2086 1624; baseline -0.004 -17"><span class='ocrx_word' id='word_1_104' title='bbox 435 1550 700 1624; x_wconf 82' lang='lat' dir='ltr'><strong>oportuit</strong></span> <span class='ocrx_word' id='word_1_105' title='bbox 727 1566 827 1604; x_wconf 91' lang='lat' dir='ltr'><strong>vos</strong></span> <span class='ocrx_word' id='word_1_106' title='bbox 858 1549 1180 1621; x_wconf 86' lang='lat' dir='ltr'><strong>suscipere,</strong></span> <span class='ocrx_word' id='word_1_107' title='bbox 1219 1554 1278 1603; x_wconf 89' lang='lat' dir='ltr'><strong>et</strong></span> <span class='ocrx_word' id='word_1_108' title='bbox 1307 1565 1340 1603; x_wconf 92' lang='lat' dir='ltr'><strong>a</strong></span> <span class='ocrx_word' id='word_1_109' title='bbox 1371 1547 1544 1603; x_wconf 91' lang='lat' dir='ltr'><strong>nobis</strong></span> <span class='ocrx_word' id='word_1_110' title='bbox 1576 1564 1693 1602; x_wconf 91' lang='lat' dir='ltr'><strong>non</strong></span> <span class='ocrx_word' id='word_1_111' title='bbox 1718 1546 2086 1617; x_wconf 75' lang='lat' dir='ltr'><strong>suscepistis,</strong></span> 
     </span>
    </p>
   </div>
   <div class='ocr_carea' id='block_1_18' title="bbox 423 1636 2090 1714">
    <p class='ocr_par' dir='ltr' id='par_1_18' title="bbox 423 1636 2090 1714">
     <span class='ocr_line' id='line_1_18' title="bbox 423 1636 2090 1714; baseline -0.004 -17"><span class='ocrx_word' id='word_1_112' title='bbox 423 1642 592 1714; x_wconf 88' lang='lat' dir='ltr'><strong>juste</strong></span> <span class='ocrx_word' id='word_1_113' title='bbox 612 1640 733 1695; x_wconf 86' lang='lat' dir='ltr'>illis</span> <span class='ocrx_word' id='word_1_114' title='bbox 761 1638 1145 1694; x_wconf 60' lang='lat' dir='ltr'><strong>adhaereretis</strong></span> <span class='ocrx_word' id='word_1_115' title='bbox 1175 1644 1234 1693; x_wconf 91' lang='lat' dir='ltr'><strong>et</strong></span> <span class='ocrx_word' id='word_1_116' title='bbox 1263 1653 1465 1693; x_wconf 80' lang='lat' dir='ltr'><strong>aurem</strong></span> <span class='ocrx_word' id='word_1_117' title='bbox 1498 1636 2090 1707; x_wconf 67' lang='lat' dir='ltr'><strong>praeberetisNerum</strong></span> 
     </span>
    </p>
   </div>
   <div class='ocr_carea' id='block_1_19' title="bbox 438 1725 2090 1801">
    <p class='ocr_par' dir='ltr' id='par_1_19' title="bbox 438 1725 2090 1801">
     <span class='ocr_line' id='line_1_19' title="bbox 438 1725 2090 1801; baseline -0.004 -14"><span class='ocrx_word' id='word_1_118' title='bbox 438 1731 485 1787; x_wconf 92' lang='lat' dir='ltr'><strong>si</strong></span> <span class='ocrx_word' id='word_1_119' title='bbox 520 1730 579 1785; x_wconf 89' lang='lat' dir='ltr'><strong>id</strong></span> <span class='ocrx_word' id='word_1_120' title='bbox 613 1728 984 1801; x_wconf 84' lang='lat' dir='ltr'><strong>impossibile</strong></span> <span class='ocrx_word' id='word_1_121' title='bbox 1015 1734 1139 1784; x_wconf 89' lang='lat' dir='ltr'><strong>est:</strong></span> <span class='ocrx_word' id='word_1_122' title='bbox 1172 1744 1367 1799; x_wconf 88' lang='lat' dir='ltr'><strong>neque</strong></span> <span class='ocrx_word' id='word_1_123' title='bbox 1399 1728 1558 1783; x_wconf 89' lang='lat' dir='ltr'><strong>enim</strong></span> <span class='ocrx_word' id='word_1_124' title='bbox 1585 1728 1696 1799; x_wconf 90' lang='lat' dir='ltr'><strong>ipsi</strong></span> <span class='ocrx_word' id='word_1_125' title='bbox 1724 1725 2090 1798; x_wconf 86' lang='lat' dir='ltr'><strong>pseudapos-</strong></span> 
     </span>
    </p>
   </div>
   <div class='ocr_carea' id='block_1_20' title="bbox 435 1815 2094 1889">
    <p class='ocr_par' dir='ltr' id='par_1_20' title="bbox 435 1815 2094 1889">
     <span class='ocr_line' id='line_1_20' title="bbox 435 1815 2094 1889; baseline -0.004 -14"><span class='ocrx_word' id='word_1_126' title='bbox 435 1819 542 1875; x_wconf 88' lang='lat' dir='ltr'><strong>toli</strong></span> <span class='ocrx_word' id='word_1_127' title='bbox 573 1818 687 1874; x_wconf 91' lang='lat' dir='ltr'><strong>hoc</strong></span> <span class='ocrx_word' id='word_1_128' title='bbox 718 1818 915 1873; x_wconf 88' lang='lat' dir='ltr'><strong>dicere</strong></span> <span class='ocrx_word' id='word_1_129' title='bbox 946 1817 1272 1883; x_wconf 89' lang='lat' dir='ltr'><strong>audebunt,</strong></span> <span class='ocrx_word' id='word_1_130' title='bbox 1307 1816 1410 1873; x_wconf 89' lang='lat' dir='ltr'><strong>sed</strong></span> <span class='ocrx_word' id='word_1_131' title='bbox 1446 1832 1641 1889; x_wconf 91' lang='lat' dir='ltr'><strong>neque</strong></span> <span class='ocrx_word' id='word_1_132' title='bbox 1673 1832 1773 1872; x_wconf 95' lang='lat' dir='ltr'><strong>vos</strong></span> <span class='ocrx_word' id='word_1_133' title='bbox 1803 1815 1916 1888; x_wconf 88' lang='lat' dir='ltr'><strong>ipsi</strong></span> <span class='ocrx_word' id='word_1_134' title='bbox 1949 1830 2094 1870; x_wconf 86' lang='lat' dir='ltr'><strong>:an-</strong></span> 
     </span>
    </p>
   </div>
   <div class='ocr_carea' id='block_1_21' title="bbox 434 1904 2092 1979">
    <p class='ocr_par' dir='ltr' id='par_1_21' title="bbox 434 1904 2092 1979">
     <span class='ocr_line' id='line_1_21' title="bbox 434 1904 2092 1979; baseline -0.002 -15"><span class='ocrx_word' id='word_1_135' title='bbox 434 1924 560 1964; x_wconf 90' lang='lat' dir='ltr'><strong>non</strong></span> <span class='ocrx_word' id='word_1_136' title='bbox 589 1905 916 1963; x_wconf 90' lang='lat' dir='ltr'><strong>absurdum</strong></span> <span class='ocrx_word' id='word_1_137' title='bbox 963 1911 1055 1961; x_wconf 91' lang='lat' dir='ltr'><strong>est</strong></span> <span class='ocrx_word' id='word_1_138' title='bbox 1109 1904 1283 1962; x_wconf 90' lang='lat' dir='ltr'><strong>nobis</strong></span> <span class='ocrx_word' id='word_1_139' title='bbox 1341 1906 1480 1961; x_wconf 88' lang='lat' dir='ltr'><strong>illos</strong></span> <span class='ocrx_word' id='word_1_140' title='bbox 1531 1907 1819 1979; x_wconf 62' lang='lat' dir='ltr'><strong>praeponi,</strong></span> <span class='ocrx_word' id='word_1_141' title='bbox 1871 1907 1973 1977; x_wconf 90' lang='lat' dir='ltr'><strong>qui</strong></span> <span class='ocrx_word' id='word_1_142' title='bbox 2032 1905 2092 1961; x_wconf 92' lang='lat' dir='ltr'><strong>in</strong></span> 
     </span>
    </p>
   </div>
   <div class='ocr_carea' id='block_1_22' title="bbox 2189 902 3856 985">
    <p class='ocr_par' dir='ltr' id='par_1_22' title="bbox 2189 902 3856 985">
     <span class='ocr_line' id='line_1_22' title="bbox 2189 902 3856 985; baseline -0.001 -22"><span class='ocrx_word' id='word_1_143' title='bbox 2189 910 2293 985; x_wconf 78' lang='grc' dir='ltr'><strong>γάρ</strong></span> <span class='ocrx_word' id='word_1_144' title='bbox 2325 910 2498 964; x_wconf 64' lang='lat' dir='ltr'><strong>EI.on</strong></span> <span class='ocrx_word' id='word_1_145' title='bbox 2534 911 2743 979; x_wconf 85' lang='grc' dir='ltr'>Ἰησοῦν</span> <span class='ocrx_word' id='word_1_146' title='bbox 2780 910 2809 964; x_wconf 90' lang='lat'><strong>6</strong></span> <span class='ocrx_word' id='word_1_147' title='bbox 2855 902 3302 981; x_wconf 73' lang='grc' dir='ltr'>ψευδαπόστολος</span> <span class='ocrx_word' id='word_1_148' title='bbox 3354 909 3567 977; x_wconf 88' lang='grc' dir='ltr'>(τοῦτον</span> <span class='ocrx_word' id='word_1_149' title='bbox 3620 906 3723 980; x_wconf 79' lang='grc' dir='ltr'><strong>γὰρ</strong></span> <span class='ocrx_word' id='word_1_150' title='bbox 3771 904 3856 981; x_wconf 68' lang='grc' dir='ltr'><strong>ἆρ-</strong></span> 
     </span>
    </p>
   </div>
   <div class='ocr_carea' id='block_1_23' title="bbox 2189 990 3846 1075">
    <p class='ocr_par' dir='ltr' id='par_1_23' title="bbox 2189 990 3846 1075">
     <span class='ocr_line' id='line_1_23' title="bbox 2189 990 3846 1075; baseline -0.003 -21"><span class='ocrx_word' id='word_1_151' title='bbox 2189 999 2427 1075; x_wconf 83' lang='grc' dir='ltr'>χόμενον</span> <span class='ocrx_word' id='word_1_152' title='bbox 2483 998 2660 1074; x_wconf 86' lang='grc' dir='ltr'>λέγει,</span> <span class='ocrx_word' id='word_1_153' title='bbox 2738 1001 2879 1064; x_wconf 80' lang='grc' dir='ltr'>οἷον,</span> <span class='ocrx_word' id='word_1_154' title='bbox 2955 995 3411 1070; x_wconf 70' lang='grc' dir='ltr'>ἐπεισερχόμενον</span> <span class='ocrx_word' id='word_1_155' title='bbox 3487 995 3580 1049; x_wconf 84' lang='grc' dir='ltr'><strong>καὶ</strong></span> <span class='ocrx_word' id='word_1_156' title='bbox 3656 990 3846 1068; x_wconf 77' lang='grc' dir='ltr'>ἔξωθεν</span> 
     </span>
    </p>
   </div>
   <div class='ocr_carea' id='block_1_24' title="bbox 2190 1082 3847 1162">
    <p class='ocr_par' dir='ltr' id='par_1_24' title="bbox 2190 1082 3847 1162">
     <span class='ocr_line' id='line_1_24' title="bbox 2190 1082 3847 1162; baseline -0.002 -19"><span class='ocrx_word' id='word_1_157' title='bbox 2190 1088 2540 1162; x_wconf 81' lang='grc' dir='ltr'>ἐπεισιόντα)·</span> <span class='ocrx_word' id='word_1_158' title='bbox 2619 1090 2668 1143; x_wconf 69' lang='grc' dir='ltr'>εὶ</span> <span class='ocrx_word' id='word_1_159' title='bbox 2742 1087 2835 1142; x_wconf 84' lang='grc' dir='ltr'><strong>οὗν</strong></span> <span class='ocrx_word' id='word_1_160' title='bbox 2915 1086 3098 1154; x_wconf 85' lang='grc' dir='ltr'>οὗτος,</span> <span class='ocrx_word' id='word_1_161' title='bbox 3174 1084 3362 1154; x_wconf 77' lang='grc' dir='ltr'>φησὶν,</span> <span class='ocrx_word' id='word_1_162' title='bbox 3402 1082 3576 1140; x_wconf 82' lang='grc' dir='ltr'>ἄλλον</span> <span class='ocrx_word' id='word_1_163' title='bbox 3634 1086 3847 1155; x_wconf 84' lang='grc' dir='ltr'>Ἰησοῦν</span> 
     </span>
    </p>
   </div>
   <div class='ocr_carea' id='block_1_25' title="bbox 2190 1173 3853 1254">
    <p class='ocr_par' dir='ltr' id='par_1_25' title="bbox 2190 1173 3853 1254">
     <span class='ocr_line' id='line_1_25' title="bbox 2190 1173 3853 1254; baseline -0.004 -19"><span class='ocrx_word' id='word_1_164' title='bbox 2190 1179 2451 1254; x_wconf 85' lang='grc' dir='ltr'>κηρύσσει</span> <span class='ocrx_word' id='word_1_165' title='bbox 2492 1177 2551 1233; x_wconf 85' lang='lat' dir='ltr'>6&#39;v</span> <span class='ocrx_word' id='word_1_166' title='bbox 2609 1174 2718 1233; x_wconf 76' lang='grc' dir='ltr'>ἔδει</span> <span class='ocrx_word' id='word_1_167' title='bbox 2775 1179 3126 1252; x_wconf 74' lang='grc' dir='ltr'><strong>κηρυχθῆναι</strong></span> <span class='ocrx_word' id='word_1_168' title='bbox 3182 1176 3310 1248; x_wconf 89' lang='grc' dir='ltr'>παρ’</span> <span class='ocrx_word' id='word_1_169' title='bbox 3362 1177 3549 1247; x_wconf 73' lang='grc' dir='ltr'>ἡμῶν,</span> <span class='ocrx_word' id='word_1_170' title='bbox 3602 1173 3690 1227; x_wconf 77' lang='grc' dir='ltr'><strong>καὶ</strong></span> <span class='ocrx_word' id='word_1_171' title='bbox 3750 1173 3853 1229; x_wconf 85' lang='grc' dir='ltr'><strong>οὑκ</strong></span> 
     </span>
    </p>
   </div>
   <div class='ocr_carea' id='block_1_26' title="bbox 2193 1261 3846 1346">
    <p class='ocr_par' dir='ltr' id='par_1_26' title="bbox 2193 1261 3846 1346">
     <span class='ocr_line' id='line_1_26' title="bbox 2193 1261 3846 1346; baseline -0.007 -16"><span class='ocrx_word' id='word_1_172' title='bbox 2193 1267 2616 1346; x_wconf 75' lang='grc' dir='ltr'>ἐκηρύξαμεν,ἤ</span> <span class='ocrx_word' id='word_1_173' title='bbox 2650 1267 2794 1325; x_wconf 77' lang='grc' dir='ltr'>ἀλλο</span> <span class='ocrx_word' id='word_1_174' title='bbox 2851 1273 3070 1343; x_wconf 82' lang='grc' dir='ltr'>Πνεῦμα</span> <span class='ocrx_word' id='word_1_175' title='bbox 3128 1261 3237 1322; x_wconf 77' lang='grc' dir='ltr'>ἔδει</span> <span class='ocrx_word' id='word_1_176' title='bbox 3293 1261 3483 1322; x_wconf 74' lang='grc' dir='ltr'>λαϐεῖν</span> <span class='ocrx_word' id='word_1_177' title='bbox 3541 1266 3697 1338; x_wconf 81' lang='grc' dir='ltr'>ὑμᾶς,</span> <span class='ocrx_word' id='word_1_178' title='bbox 3753 1265 3846 1322; x_wconf 80' lang='grc' dir='ltr'><strong>καὶ</strong></span> 
     </span>
    </p>
   </div>
   <div class='ocr_carea' id='block_1_27' title="bbox 2192 1350 3850 1438">
    <p class='ocr_par' dir='ltr' id='par_1_27' title="bbox 2192 1350 3850 1438">
     <span class='ocr_line' id='line_1_27' title="bbox 2192 1350 3850 1438; baseline -0.005 -20"><span class='ocrx_word' id='word_1_179' title='bbox 2192 1365 2318 1438; x_wconf 81' lang='grc' dir='ltr'>παρ’</span> <span class='ocrx_word' id='word_1_180' title='bbox 2359 1366 2519 1435; x_wconf 78' lang='grc' dir='ltr'>ἡμῶν</span> <span class='ocrx_word' id='word_1_181' title='bbox 2581 1360 2683 1416; x_wconf 82' lang='grc' dir='ltr'><strong>οὑκ</strong></span> <span class='ocrx_word' id='word_1_182' title='bbox 2735 1354 2980 1426; x_wconf 72' lang='grc' dir='ltr'>ἐλάϐετε,</span> <span class='ocrx_word' id='word_1_183' title='bbox 3040 1357 3075 1427; x_wconf 74' lang='grc' dir='ltr'><strong>ἢ</strong></span> <span class='ocrx_word' id='word_1_184' title='bbox 3139 1355 3284 1412; x_wconf 77' lang='grc' dir='ltr'>ἄλλο</span> <span class='ocrx_word' id='word_1_185' title='bbox 3342 1355 3677 1431; x_wconf 82' lang='grc' dir='ltr'>Εὑαγγέλιον</span> <span class='ocrx_word' id='word_1_186' title='bbox 3738 1350 3850 1412; x_wconf 67' lang='grc' dir='ltr'>ἔδει</span> 
     </span>
    </p>
   </div>
   <div class='ocr_carea' id='block_1_28' title="bbox 2194 1442 3858 1523">
    <p class='ocr_par' dir='ltr' id='par_1_28' title="bbox 2194 1442 3858 1523">
     <span class='ocr_line' id='line_1_28' title="bbox 2194 1442 3858 1523; baseline -0.005 -16"><span class='ocrx_word' id='word_1_187' title='bbox 2194 1450 2438 1522; x_wconf 81' lang='grc' dir='ltr'>δέξασθαι</span> <span class='ocrx_word' id='word_1_188' title='bbox 2476 1451 2636 1523; x_wconf 79' lang='grc' dir='ltr'>ὑμᾶς,</span> <span class='ocrx_word' id='word_1_189' title='bbox 2686 1448 2777 1503; x_wconf 82' lang='grc' dir='ltr'><strong>καὶ</strong></span> <span class='ocrx_word' id='word_1_190' title='bbox 2808 1449 2935 1521; x_wconf 83' lang='grc' dir='ltr'>παρ’</span> <span class='ocrx_word' id='word_1_191' title='bbox 2991 1450 3153 1516; x_wconf 77' lang='grc' dir='ltr'>ἡμῶν</span> <span class='ocrx_word' id='word_1_192' title='bbox 3213 1446 3314 1500; x_wconf 82' lang='grc' dir='ltr'><strong>οὑκ</strong></span> <span class='ocrx_word' id='word_1_193' title='bbox 3363 1442 3628 1514; x_wconf 74' lang='grc' dir='ltr'>ἐδέξασθε,</span> <span class='ocrx_word' id='word_1_194' title='bbox 3688 1443 3858 1499; x_wconf 83' lang='grc' dir='ltr'>εὑλό-</span> 
     </span>
    </p>
   </div>
   <div class='ocr_carea' id='block_1_29' title="bbox 2193 1530 3864 1617">
    <p class='ocr_par' dir='ltr' id='par_1_29' title="bbox 2193 1530 3864 1617">
     <span class='ocr_line' id='line_1_29' title="bbox 2193 1530 3864 1617; baseline -0.004 -21"><span class='ocrx_word' id='word_1_195' title='bbox 2193 1562 2307 1617; x_wconf 86' lang='grc' dir='ltr'><strong>γως</strong></span> <span class='ocrx_word' id='word_1_196' title='bbox 2333 1540 2384 1595; x_wconf 75' lang='grc' dir='ltr'>ἐν</span> <span class='ocrx_word' id='word_1_197' title='bbox 2418 1540 2608 1600; x_wconf 81' lang='grc' dir='ltr'>αὐτοῖς</span> <span class='ocrx_word' id='word_1_198' title='bbox 2640 1536 2982 1613; x_wconf 83' lang='grc' dir='ltr'>προσείχετε.</span> <span class='ocrx_word' id='word_1_199' title='bbox 3017 1534 3086 1592; x_wconf 69' lang='grc' dir='ltr'><strong>Εἴ</strong></span> <span class='ocrx_word' id='word_1_200' title='bbox 3108 1533 3165 1590; x_wconf 73' lang='grc' dir='ltr'>δὶ</span> <span class='ocrx_word' id='word_1_201' title='bbox 3194 1532 3357 1589; x_wconf 87' lang='grc' dir='ltr'>τούτο</span> <span class='ocrx_word' id='word_1_202' title='bbox 3404 1531 3670 1589; x_wconf 83' lang='grc' dir='ltr'>ἀδύνατον</span> <span class='ocrx_word' id='word_1_203' title='bbox 3714 1530 3864 1605; x_wconf 69' lang='grc' dir='ltr'>(οὔτε</span> 
     </span>
    </p>
   </div>
   <div class='ocr_carea' id='block_1_30' title="bbox 2192 1623 3857 1709">
    <p class='ocr_par' dir='ltr' id='par_1_30' title="bbox 2192 1623 3857 1709">
     <span class='ocr_line' id='line_1_30' title="bbox 2192 1623 3857 1709; baseline -0.005 -24"><span class='ocrx_word' id='word_1_204' title='bbox 2192 1631 2296 1703; x_wconf 77' lang='grc' dir='ltr'><strong>γάρ</strong></span> <span class='ocrx_word' id='word_1_205' title='bbox 2330 1630 2486 1685; x_wconf 82' lang='grc' dir='ltr'>αὐτοὶ</span> <span class='ocrx_word' id='word_1_206' title='bbox 2519 1628 2569 1684; x_wconf 87' lang='grc' dir='ltr'><strong>οί</strong></span> <span class='ocrx_word' id='word_1_207' title='bbox 2604 1625 3047 1702; x_wconf 73' lang='grc' dir='ltr'><strong>ψευδαπόστολοι</strong></span> <span class='ocrx_word' id='word_1_208' title='bbox 3075 1623 3408 1700; x_wconf 70' lang='grc' dir='ltr'>θαρῥῆσουσι</span> <span class='ocrx_word' id='word_1_209' title='bbox 3453 1627 3616 1679; x_wconf 89' lang='grc' dir='ltr'>τοῦτο</span> <span class='ocrx_word' id='word_1_210' title='bbox 3665 1624 3857 1709; x_wconf 75' lang='grc' dir='ltr'><strong>εἰπεῖν⁹</strong></span> 
     </span>
    </p>
   </div>
   <div class='ocr_carea' id='block_1_31' title="bbox 2196 1717 3856 1800">
    <p class='ocr_par' dir='ltr' id='par_1_31' title="bbox 2196 1717 3856 1800">
     <span class='ocr_line' id='line_1_31' title="bbox 2196 1717 3856 1800; baseline 0.004 -26"><span class='ocrx_word' id='word_1_211' title='bbox 2196 1717 2323 1776; x_wconf 68' lang='grc' dir='ltr'>οὔτε</span> <span class='ocrx_word' id='word_1_212' title='bbox 2353 1718 2411 1775; x_wconf 74' lang='grc' dir='ltr'>δὲ</span> <span class='ocrx_word' id='word_1_213' title='bbox 2443 1722 2598 1793; x_wconf 81' lang='grc' dir='ltr'>ὑμεῖς</span> <span class='ocrx_word' id='word_1_214' title='bbox 2658 1724 2863 1799; x_wconf 79' lang='grc' dir='ltr'>αὐτοὶ),</span> <span class='ocrx_word' id='word_1_215' title='bbox 2925 1730 3042 1788; x_wconf 82' lang='grc' dir='ltr'>πῶς</span> <span class='ocrx_word' id='word_1_216' title='bbox 3103 1726 3165 1781; x_wconf 82' lang='grc' dir='ltr'><strong>οὑ</strong></span> <span class='ocrx_word' id='word_1_217' title='bbox 3224 1725 3346 1782; x_wconf 92' lang='grc' dir='ltr'>λίαν</span> <span class='ocrx_word' id='word_1_218' title='bbox 3403 1724 3634 1798; x_wconf 78' lang='grc' dir='ltr'>ἄτοπον,</span> <span class='ocrx_word' id='word_1_219' title='bbox 3691 1728 3856 1800; x_wconf 78' lang='grc' dir='ltr'>ἡμῶν</span> 
     </span>
    </p>
   </div>
   <div class='ocr_carea' id='block_1_32' title="bbox 2198 1806 3857 1891">
    <p class='ocr_par' dir='ltr' id='par_1_32' title="bbox 2198 1806 3857 1891">
     <span class='ocr_line' id='line_1_32' title="bbox 2198 1806 3857 1891; baseline 0.007 -29"><span class='ocrx_word' id='word_1_220' title='bbox 2198 1806 2436 1872; x_wconf 70' lang='grc' dir='ltr'>ἐκείνους</span> <span class='ocrx_word' id='word_1_221' title='bbox 2462 1812 2800 1886; x_wconf 73' lang='grc' dir='ltr'>προκρίνειν,</span> <span class='ocrx_word' id='word_1_222' title='bbox 2833 1817 2941 1869; x_wconf 83' lang='grc' dir='ltr'><strong>τῶν</strong></span> <span class='ocrx_word' id='word_1_223' title='bbox 2992 1811 3159 1887; x_wconf 70' lang='grc' dir='ltr'>μηδὲν</span> <span class='ocrx_word' id='word_1_224' title='bbox 3221 1815 3656 1891; x_wconf 79' lang='grc' dir='ltr'>ὑστερησάντων,</span> <span class='ocrx_word' id='word_1_225' title='bbox 3712 1814 3857 1890; x_wconf 73' lang='grc' dir='ltr'>μηδὶ</span> 
     </span>
    </p>
   </div>
   <div class='ocr_carea' id='block_1_33' title="bbox 2201 1897 3860 1980">
    <p class='ocr_par' dir='ltr' id='par_1_33' title="bbox 2201 1897 3860 1980">
     <span class='ocr_line' id='line_1_33' title="bbox 2201 1897 3860 1980; baseline 0.003 -27"><span class='ocrx_word' id='word_1_226' title='bbox 2201 1904 2309 1953; x_wconf 83' lang='grc' dir='ltr'>τῶν</span> <span class='ocrx_word' id='word_1_227' title='bbox 2340 1899 2472 1975; x_wconf 80' lang='grc' dir='ltr'>ὑπὶρ</span> <span class='ocrx_word' id='word_1_228' title='bbox 2505 1897 2628 1956; x_wconf 85' lang='grc' dir='ltr'>λίαν</span> <span class='ocrx_word' id='word_1_229' title='bbox 2661 1900 3020 1973; x_wconf 84' lang='grc' dir='ltr'>ἀποστόλων;</span> <span class='ocrx_word' id='word_1_230' title='bbox 3074 1928 3101 1955; x_wconf 79' lang='grc' dir='ltr'><strong>α</strong></span> <span class='ocrx_word' id='word_1_231' title='bbox 3134 1904 3233 1962; x_wconf 83' lang='lat' dir='ltr'><strong>&quot;Ov</strong></span> <span class='ocrx_word' id='word_1_232' title='bbox 3295 1906 3396 1960; x_wconf 84' lang='grc' dir='ltr'>οὐκ</span> <span class='ocrx_word' id='word_1_233' title='bbox 3436 1903 3797 1980; x_wconf 74' lang='grc' dir='ltr'>ἐκηρύξαμεν.</span> <span class='ocrx_word' id='word_1_234' title='bbox 3832 1930 3860 1958; x_wconf 66' lang='grc' dir='ltr'><strong>η</strong></span> 
     </span>
    </p>
   </div>
   <div class='ocr_carea' id='block_1_34' title="bbox 433 1984 2108 2069">
    <p class='ocr_par' dir='ltr' id='par_1_34' title="bbox 433 1995 2093 2068">
     <span class='ocr_line' id='line_1_34' title="bbox 433 1995 2093 2068; baseline -0.002 -14"><span class='ocrx_word' id='word_1_235' title='bbox 433 1996 606 2056; x_wconf 88' lang='lat' dir='ltr'><strong>nullo</strong></span> <span class='ocrx_word' id='word_1_236' title='bbox 638 1996 951 2052; x_wconf 79' lang='lat' dir='ltr'><strong>inferiores</strong></span> <span class='ocrx_word' id='word_1_237' title='bbox 981 1995 1207 2051; x_wconf 85' lang='lat' dir='ltr'><strong>fuimus</strong></span> <span class='ocrx_word' id='word_1_238' title='bbox 1228 2012 1304 2051; x_wconf 92' lang='lat' dir='ltr'><strong>ne</strong></span> <span class='ocrx_word' id='word_1_239' title='bbox 1328 1996 1564 2051; x_wconf 86' lang='lat' dir='ltr'><strong>eximiis</strong></span> <span class='ocrx_word' id='word_1_240' title='bbox 1588 1996 1830 2068; x_wconf 88' lang='lat' dir='ltr'><strong>quidem</strong></span> <span class='ocrx_word' id='word_1_241' title='bbox 1851 2001 2093 2068; x_wconf 88' lang='lat' dir='ltr'><strong>aposto-</strong></span> 
     </span>
    </p>
   </div>
   <div class='ocr_carea' id='block_1_35' title="bbox 2214 1984 3867 2069">
    <p class='ocr_par' dir='ltr' id='par_1_35' title="bbox 2214 1984 3867 2069">
     <span class='ocr_line' id='line_1_35' title="bbox 2214 1984 3867 2069; baseline 0.003 -23"><span class='ocrx_word' id='word_1_242' title='bbox 2214 1989 2296 2046; x_wconf 86' lang='grc' dir='ltr'>Ὀν</span> <span class='ocrx_word' id='word_1_243' title='bbox 2323 1984 2430 2045; x_wconf 80' lang='grc' dir='ltr'>ἔδει</span> <span class='ocrx_word' id='word_1_244' title='bbox 2462 1999 2832 2069; x_wconf 77' lang='grc' dir='ltr'>κηρυχθῆναι,</span> <span class='ocrx_word' id='word_1_245' title='bbox 2874 1995 2966 2049; x_wconf 90' lang='grc' dir='ltr'><strong>καὶ</strong></span> <span class='ocrx_word' id='word_1_246' title='bbox 3023 1994 3123 2050; x_wconf 86' lang='grc' dir='ltr'><strong>οὑκ</strong></span> <span class='ocrx_word' id='word_1_247' title='bbox 3174 1993 3526 2069; x_wconf 72' lang='grc' dir='ltr'>ἆκηρύξαμεν.</span> <span class='ocrx_word' id='word_1_248' title='bbox 3586 2020 3607 2046; x_wconf 75' lang='grc' dir='ltr'><strong>ο</strong></span> <span class='ocrx_word' id='word_1_249' title='bbox 3643 1996 3712 2053; x_wconf 86' lang='grc' dir='ltr'>Ὅ</span> <span class='ocrx_word' id='word_1_250' title='bbox 3765 1994 3867 2052; x_wconf 80' lang='grc' dir='ltr'><strong>οὑκ</strong></span> 
     </span>
    </p>
   </div>
   <div class='ocr_carea' id='block_1_36' title="bbox 441 2083 2110 2158">
    <p class='ocr_par' dir='ltr' id='par_1_36' title="bbox 441 2083 2110 2158">
     <span class='ocr_line' id='line_1_36' title="bbox 441 2083 2110 2158; baseline 0 -16"><span class='ocrx_word' id='word_1_251' title='bbox 441 2087 521 2142; x_wconf 90' lang='lat' dir='ltr'><strong>lis</strong></span> <span class='ocrx_word' id='word_1_252' title='bbox 542 2085 570 2141; x_wconf 85' lang='lat'><strong>?</strong></span> <span class='ocrx_word' id='word_1_253' title='bbox 596 2108 625 2137; x_wconf 82' lang='lat'>«</span> <span class='ocrx_word' id='word_1_254' title='bbox 656 2086 843 2151; x_wconf 87' lang='lat' dir='ltr'><strong>Quem</strong></span> <span class='ocrx_word' id='word_1_255' title='bbox 872 2100 995 2140; x_wconf 91' lang='lat' dir='ltr'><strong>non</strong></span> <span class='ocrx_word' id='word_1_256' title='bbox 1026 2083 1497 2156; x_wconf 68' lang='lat' dir='ltr'><strong>praedicavimus.</strong></span> <span class='ocrx_word' id='word_1_257' title='bbox 1536 2107 1563 2134; x_wconf 86' lang='lat'>»</span> <span class='ocrx_word' id='word_1_258' title='bbox 1609 2086 1794 2151; x_wconf 87' lang='lat' dir='ltr'><strong>Quem</strong></span> <span class='ocrx_word' id='word_1_259' title='bbox 1845 2088 2110 2158; x_wconf 77' lang='lat' dir='ltr'><strong>oportuit</strong></span> 
     </span>
    </p>
   </div>
   <div class='ocr_carea' id='block_1_37' title="bbox 445 2173 2107 2248">
    <p class='ocr_par' dir='ltr' id='par_1_37' title="bbox 445 2173 2107 2248">
     <span class='ocr_line' id='line_1_37' title="bbox 445 2173 2107 2248; baseline 0.002 -17"><span class='ocrx_word' id='word_1_260' title='bbox 445 2174 783 2248; x_wconf 73' lang='lat' dir='ltr'><strong>prmdicari.</strong></span> <span class='ocrx_word' id='word_1_261' title='bbox 808 2178 869 2229; x_wconf 94' lang='lat' dir='ltr'><strong>et</strong></span> <span class='ocrx_word' id='word_1_262' title='bbox 886 2189 1006 2229; x_wconf 92' lang='lat' dir='ltr'><strong>non</strong></span> <span class='ocrx_word' id='word_1_263' title='bbox 1030 2173 1502 2246; x_wconf 70' lang='lat' dir='ltr'><strong>praedicavimus.</strong></span> <span class='ocrx_word' id='word_1_264' title='bbox 1533 2197 1552 2221; x_wconf 70' lang='grc' dir='ltr'><strong><em>η</em></strong></span> <span class='ocrx_word' id='word_1_265' title='bbox 1580 2175 1764 2240; x_wconf 90' lang='lat' dir='ltr'><strong>Quem</strong></span> <span class='ocrx_word' id='word_1_266' title='bbox 1785 2193 1905 2231; x_wconf 91' lang='lat' dir='ltr'><strong>non</strong></span> <span class='ocrx_word' id='word_1_267' title='bbox 1936 2193 2107 2234; x_wconf 88' lang='lat' dir='ltr'><strong>acce-</strong></span> 
     </span>
    </p>
   </div>
   <div class='ocr_carea' id='block_1_38' title="bbox 448 2264 2108 2339">
    <p class='ocr_par' dir='ltr' id='par_1_38' title="bbox 448 2264 2108 2339">
     <span class='ocr_line' id='line_1_38' title="bbox 448 2264 2108 2339; baseline 0.003 -20"><span class='ocrx_word' id='word_1_268' title='bbox 448 2265 642 2339; x_wconf 88' lang='lat' dir='ltr'><strong>pistis.</strong></span> <span class='ocrx_word' id='word_1_269' title='bbox 677 2285 706 2315; x_wconf 80' lang='lat'>»</span> <span class='ocrx_word' id='word_1_270' title='bbox 730 2264 915 2330; x_wconf 90' lang='lat' dir='ltr'><strong>Quem</strong></span> <span class='ocrx_word' id='word_1_271' title='bbox 947 2264 1211 2335; x_wconf 85' lang='lat' dir='ltr'><strong>oportuit</strong></span> <span class='ocrx_word' id='word_1_272' title='bbox 1238 2279 1341 2319; x_wconf 90' lang='lat' dir='ltr'><strong>vos</strong></span> <span class='ocrx_word' id='word_1_273' title='bbox 1370 2264 1661 2335; x_wconf 88' lang='lat' dir='ltr'><strong>accipere,</strong></span> <span class='ocrx_word' id='word_1_274' title='bbox 1695 2271 1754 2320; x_wconf 88' lang='lat' dir='ltr'><strong>et</strong></span> <span class='ocrx_word' id='word_1_275' title='bbox 1784 2282 1905 2321; x_wconf 81' lang='lat' dir='ltr'><strong>non</strong></span> <span class='ocrx_word' id='word_1_276' title='bbox 1935 2283 2108 2324; x_wconf 88' lang='lat' dir='ltr'><strong>acce-</strong></span> 
     </span>
    </p>
   </div>
   <div class='ocr_carea' id='block_1_39' title="bbox 447 2352 2108 2426">
    <p class='ocr_par' dir='ltr' id='par_1_39' title="bbox 447 2352 2108 2426">
     <span class='ocr_line' id='line_1_39' title="bbox 447 2352 2108 2426; baseline 0.003 -19"><span class='ocrx_word' id='word_1_277' title='bbox 447 2353 644 2425; x_wconf 88' lang='lat' dir='ltr'><strong>pistis.</strong></span> <span class='ocrx_word' id='word_1_278' title='bbox 679 2372 710 2405; x_wconf 79' lang='grc' dir='ltr'><strong>ιι</strong></span> <span class='ocrx_word' id='word_1_279' title='bbox 741 2356 858 2407; x_wconf 85' lang='lat' dir='ltr'><strong>Aut</strong></span> <span class='ocrx_word' id='word_1_280' title='bbox 885 2352 1044 2407; x_wconf 86' lang='lat' dir='ltr'><strong>aliud</strong></span> <span class='ocrx_word' id='word_1_281' title='bbox 1080 2353 1480 2426; x_wconf 90' lang='lat' dir='ltr'><strong>Evangelium.</strong></span> <span class='ocrx_word' id='word_1_282' title='bbox 1516 2376 1545 2403; x_wconf 88' lang='grc'>››</span> <span class='ocrx_word' id='word_1_283' title='bbox 1575 2355 1777 2425; x_wconf 85' lang='lat' dir='ltr'><strong>Neque</strong></span> <span class='ocrx_word' id='word_1_284' title='bbox 1810 2355 1968 2410; x_wconf 91' lang='lat' dir='ltr'><strong>enim</strong></span> <span class='ocrx_word' id='word_1_285' title='bbox 1998 2356 2108 2413; x_wconf 89' lang='lat' dir='ltr'><strong>hoc</strong></span> 
     </span>
    </p>
   </div>
   <div class='ocr_carea' id='block_1_40' title="bbox 449 2445 2105 2519">
    <p class='ocr_par' dir='ltr' id='par_1_40' title="bbox 449 2445 2105 2519">
     <span class='ocr_line' id='line_1_40' title="bbox 449 2445 2105 2519; baseline 0.001 -17"><span class='ocrx_word' id='word_1_286' title='bbox 449 2450 696 2502; x_wconf 81' lang='lat' dir='ltr'><strong>externa</strong></span> <span class='ocrx_word' id='word_1_287' title='bbox 725 2450 858 2517; x_wconf 89' lang='lat' dir='ltr'><strong>eget</strong></span> <span class='ocrx_word' id='word_1_288' title='bbox 886 2445 1197 2515; x_wconf 86' lang='lat' dir='ltr'><strong>sapientia.</strong></span> <span class='ocrx_word' id='word_1_289' title='bbox 1251 2446 1574 2501; x_wconf 89' lang='lat' dir='ltr'><strong>Considera</strong></span> <span class='ocrx_word' id='word_1_290' title='bbox 1619 2463 1757 2502; x_wconf 87' lang='lat' dir='ltr'><strong>vero</strong></span> <span class='ocrx_word' id='word_1_291' title='bbox 1806 2448 2105 2519; x_wconf 92' lang='lat' dir='ltr'><strong>quomodo</strong></span> 
     </span>
    </p>
   </div>
   <div class='ocr_carea' id='block_1_41' title="bbox 450 2534 2109 2605">
    <p class='ocr_par' dir='ltr' id='par_1_41' title="bbox 450 2534 2109 2605">
     <span class='ocr_line' id='line_1_41' title="bbox 450 2534 2109 2605; baseline 0.001 -14"><span class='ocrx_word' id='word_1_292' title='bbox 450 2534 716 2591; x_wconf 81' lang='lat' dir='ltr'><strong>ostendit</strong></span> <span class='ocrx_word' id='word_1_293' title='bbox 746 2534 897 2590; x_wconf 86' lang='lat' dir='ltr'><strong>nihil</strong></span> <span class='ocrx_word' id='word_1_294' title='bbox 928 2534 1066 2590; x_wconf 88' lang='lat' dir='ltr'><strong>illos</strong></span> <span class='ocrx_word' id='word_1_295' title='bbox 1096 2534 1419 2605; x_wconf 84' lang='lat' dir='ltr'><strong>perfectius</strong></span> <span class='ocrx_word' id='word_1_296' title='bbox 1450 2535 1647 2592; x_wconf 87' lang='lat' dir='ltr'><strong>dicere</strong></span> <span class='ocrx_word' id='word_1_297' title='bbox 1675 2553 1687 2590; x_wconf 92' lang='lat'><strong>:</strong></span> <span class='ocrx_word' id='word_1_298' title='bbox 1724 2560 1750 2587; x_wconf 83' lang='lat'><strong>«</strong></span> <span class='ocrx_word' id='word_1_299' title='bbox 1773 2538 1959 2602; x_wconf 89' lang='lat' dir='ltr'><strong>Quem</strong></span> <span class='ocrx_word' id='word_1_300' title='bbox 1986 2554 2109 2593; x_wconf 90' lang='lat' dir='ltr'><strong>non</strong></span> 
     </span>
    </p>
   </div>
   <div class='ocr_carea' id='block_1_42' title="bbox 452 2623 2108 2699">
    <p class='ocr_par' dir='ltr' id='par_1_42' title="bbox 452 2623 2108 2699">
     <span class='ocr_line' id='line_1_42' title="bbox 452 2623 2108 2699; baseline -0.001 -21"><span class='ocrx_word' id='word_1_301' title='bbox 452 2623 928 2697; x_wconf 69' lang='lat' dir='ltr'><strong>praedicavimus,</strong></span> <span class='ocrx_word' id='word_1_302' title='bbox 971 2644 1000 2672; x_wconf 87' lang='lat'>»</span> <span class='ocrx_word' id='word_1_303' title='bbox 1032 2623 1245 2694; x_wconf 81' lang='lat' dir='ltr'><strong>inquit.</strong></span> <span class='ocrx_word' id='word_1_304' title='bbox 1281 2647 1308 2674; x_wconf 83' lang='lat'><strong>«</strong></span> <span class='ocrx_word' id='word_1_305' title='bbox 1334 2624 1519 2689; x_wconf 90' lang='lat' dir='ltr'><strong>Quem</strong></span> <span class='ocrx_word' id='word_1_306' title='bbox 1550 2641 1670 2681; x_wconf 88' lang='lat' dir='ltr'><strong>non</strong></span> <span class='ocrx_word' id='word_1_307' title='bbox 1711 2627 2046 2699; x_wconf 88' lang='lat' dir='ltr'><strong>accepistis.</strong></span> <span class='ocrx_word' id='word_1_308' title='bbox 2080 2649 2108 2677; x_wconf 82' lang='grc'><strong>››</strong></span> 
     </span>
    </p>
   </div>
   <div class='ocr_carea' id='block_1_43' title="bbox 457 2713 2110 2785">
    <p class='ocr_par' dir='ltr' id='par_1_43' title="bbox 457 2713 2110 2785">
     <span class='ocr_line' id='line_1_43' title="bbox 457 2713 2110 2785; baseline 0.002 -17"><span class='ocrx_word' id='word_1_309' title='bbox 457 2713 529 2768; x_wconf 90' lang='grc' dir='ltr'>Ει</span> <span class='ocrx_word' id='word_1_310' title='bbox 556 2728 837 2768; x_wconf 86' lang='lat' dir='ltr'><strong>rursum:</strong></span> <span class='ocrx_word' id='word_1_311' title='bbox 901 2733 929 2762; x_wconf 84' lang='lat'>«</span> <span class='ocrx_word' id='word_1_312' title='bbox 962 2713 1129 2777; x_wconf 91' lang='lat' dir='ltr'><strong>Quod</strong></span> <span class='ocrx_word' id='word_1_313' title='bbox 1188 2728 1308 2768; x_wconf 92' lang='lat' dir='ltr'><strong>non</strong></span> <span class='ocrx_word' id='word_1_314' title='bbox 1368 2714 1752 2785; x_wconf 88' lang='lat' dir='ltr'><strong>suscepistis;</strong></span> <span class='ocrx_word' id='word_1_315' title='bbox 1781 2737 1806 2759; x_wconf 74' lang='grc' dir='ltr'><strong>ν»</strong></span> <span class='ocrx_word' id='word_1_316' title='bbox 1857 2716 2110 2772; x_wconf 87' lang='lat' dir='ltr'><strong>circum-</strong></span> 
     </span>
    </p>
   </div>
   <div class='ocr_carea' id='block_1_44' title="bbox 422 2801 2108 2875">
    <p class='ocr_par' dir='ltr' id='par_1_44' title="bbox 422 2801 2108 2875">
     <span class='ocr_line' id='line_1_44' title="bbox 422 2801 2108 2875; baseline 0.001 -18"><span class='ocrx_word' id='word_1_317' title='bbox 422 2802 785 2875; x_wconf 73' lang='lat' dir='ltr'><strong>scriptione</strong></span> <span class='ocrx_word' id='word_1_318' title='bbox 814 2801 1138 2858; x_wconf 90' lang='lat' dir='ltr'><strong>ostendens</strong></span> <span class='ocrx_word' id='word_1_319' title='bbox 1187 2801 1338 2857; x_wconf 89' lang='lat' dir='ltr'><strong>nihil</strong></span> <span class='ocrx_word' id='word_1_320' title='bbox 1383 2802 1641 2874; x_wconf 87' lang='lat' dir='ltr'><strong>amplius</strong></span> <span class='ocrx_word' id='word_1_321' title='bbox 1689 2803 1825 2859; x_wconf 92' lang='lat' dir='ltr'><strong>illos</strong></span> <span class='ocrx_word' id='word_1_322' title='bbox 1874 2804 2108 2860; x_wconf 90' lang='lat' dir='ltr'><strong>doeere.</strong></span> 
     </span>
    </p>
   </div>
   <div class='ocr_carea' id='block_1_45' title="bbox 457 2891 2114 2965">
    <p class='ocr_par' dir='ltr' id='par_1_45' title="bbox 457 2891 2114 2965">
     <span class='ocr_line' id='line_1_45' title="bbox 457 2891 2114 2965; baseline 0.001 -18"><span class='ocrx_word' id='word_1_323' title='bbox 457 2893 659 2963; x_wconf 82' lang='lat' dir='ltr'><strong>Neque</strong></span> <span class='ocrx_word' id='word_1_324' title='bbox 691 2891 851 2947; x_wconf 90' lang='lat' dir='ltr'><strong>enim</strong></span> <span class='ocrx_word' id='word_1_325' title='bbox 884 2891 975 2945; x_wconf 89' lang='lat' dir='ltr'><strong>his</strong></span> <span class='ocrx_word' id='word_1_326' title='bbox 1007 2891 1107 2962; x_wconf 92' lang='lat' dir='ltr'><strong>qui</strong></span> <span class='ocrx_word' id='word_1_327' title='bbox 1140 2891 1311 2963; x_wconf 90' lang='lat' dir='ltr'><strong>plura</strong></span> <span class='ocrx_word' id='word_1_328' title='bbox 1338 2892 1685 2963; x_wconf 87' lang='lat' dir='ltr'><strong>loquuntur,</strong></span> <span class='ocrx_word' id='word_1_329' title='bbox 1720 2892 1822 2949; x_wconf 90' lang='lat' dir='ltr'><strong>sed</strong></span> <span class='ocrx_word' id='word_1_330' title='bbox 1846 2893 1947 2965; x_wconf 91' lang='lat' dir='ltr'><strong>qui</strong></span> <span class='ocrx_word' id='word_1_331' title='bbox 1976 2909 2114 2948; x_wconf 88' lang='lat' dir='ltr'><strong>vera</strong></span> 
     </span>
    </p>
   </div>
   <div class='ocr_carea' id='block_1_46' title="bbox 458 2979 2114 3052">
    <p class='ocr_par' dir='ltr' id='par_1_46' title="bbox 458 2979 2114 3052">
     <span class='ocr_line' id='line_1_46' title="bbox 458 2979 2114 3052; baseline 0.001 -16"><span class='ocrx_word' id='word_1_332' title='bbox 458 2979 669 3036; x_wconf 87' lang='lat' dir='ltr'><strong>dicunt</strong></span> <span class='ocrx_word' id='word_1_333' title='bbox 697 2985 931 3052; x_wconf 82' lang='lat' dir='ltr'><strong>Oportet</strong></span> <span class='ocrx_word' id='word_1_334' title='bbox 960 2985 1224 3035; x_wconf 87' lang='lat' dir='ltr'><strong>mentem</strong></span> <span class='ocrx_word' id='word_1_335' title='bbox 1255 2980 1582 3037; x_wconf 85' lang='lat' dir='ltr'><strong>advertere.</strong></span> <span class='ocrx_word' id='word_1_336' title='bbox 1606 3005 1632 3030; x_wconf 83' lang='lat'><strong><em>«</em></strong></span> <span class='ocrx_word' id='word_1_337' title='bbox 1660 2983 1825 3048; x_wconf 88' lang='lat' dir='ltr'><strong>Quod</strong></span> <span class='ocrx_word' id='word_1_338' title='bbox 1849 2998 1965 3038; x_wconf 90' lang='lat' dir='ltr'><strong>non</strong></span> <span class='ocrx_word' id='word_1_339' title='bbox 1990 2998 2114 3037; x_wconf 84' lang='lat' dir='ltr'><strong>sus-</strong></span> 
     </span>
    </p>
   </div>
   <div class='ocr_carea' id='block_1_47' title="bbox 456 3069 2112 3143">
    <p class='ocr_par' dir='ltr' id='par_1_47' title="bbox 456 3069 2112 3143">
     <span class='ocr_line' id='line_1_47' title="bbox 456 3069 2112 3143; baseline 0.001 -17"><span class='ocrx_word' id='word_1_340' title='bbox 456 3069 721 3141; x_wconf 87' lang='lat' dir='ltr'><strong>cepistis.</strong></span> <span class='ocrx_word' id='word_1_341' title='bbox 759 3090 782 3120; x_wconf 74' lang='grc' dir='ltr'><strong>ν</strong></span> <span class='ocrx_word' id='word_1_342' title='bbox 818 3069 982 3135; x_wconf 91' lang='lat' dir='ltr'><strong>Quod</strong></span> <span class='ocrx_word' id='word_1_343' title='bbox 1012 3087 1113 3125; x_wconf 89' lang='lat' dir='ltr'><strong>vos</strong></span> <span class='ocrx_word' id='word_1_344' title='bbox 1141 3070 1455 3142; x_wconf 63' lang='lat' dir='ltr'><strong>(&#39;portebat</strong></span> <span class='ocrx_word' id='word_1_345' title='bbox 1513 3071 1835 3143; x_wconf 90' lang='lat' dir='ltr'><strong>suscipere,</strong></span> <span class='ocrx_word' id='word_1_346' title='bbox 1886 3077 1946 3126; x_wconf 87' lang='lat' dir='ltr'><strong>et</strong></span> <span class='ocrx_word' id='word_1_347' title='bbox 1992 3088 2112 3127; x_wconf 91' lang='lat' dir='ltr'><strong>non</strong></span> 
     </span>
    </p>
   </div>
   <div class='ocr_carea' id='block_1_48' title="bbox 459 3159 2111 3231">
    <p class='ocr_par' dir='ltr' id='par_1_48' title="bbox 459 3159 2111 3231">
     <span class='ocr_line' id='line_1_48' title="bbox 459 3159 2111 3231; baseline 0.001 -16"><span class='ocrx_word' id='word_1_348' title='bbox 459 3159 828 3231; x_wconf 86' lang='lat' dir='ltr'><strong>suscepistis.</strong></span> <span class='ocrx_word' id='word_1_349' title='bbox 875 3181 902 3208; x_wconf 79' lang='grc' dir='ltr'><strong>ιι</strong></span> <span class='ocrx_word' id='word_1_350' title='bbox 966 3161 1143 3215; x_wconf 83' lang='lat' dir='ltr'><strong>Recte</strong></span> <span class='ocrx_word' id='word_1_351' title='bbox 1191 3160 1588 3218; x_wconf 86' lang='lat' dir='ltr'><strong>sustineretis.</strong></span> <span class='ocrx_word' id='word_1_352' title='bbox 1645 3183 1673 3210; x_wconf 82' lang='lat'>»</span> <span class='ocrx_word' id='word_1_353' title='bbox 1731 3160 1880 3227; x_wconf 91' lang='lat' dir='ltr'><strong>Quid</strong></span> <span class='ocrx_word' id='word_1_354' title='bbox 1938 3160 2111 3231; x_wconf 89' lang='lat' dir='ltr'><strong>dicis,</strong></span> 
     </span>
    </p>
   </div>
   <div class='ocr_carea' id='block_1_49' title="bbox 457 3249 2111 3324">
    <p class='ocr_par' dir='ltr' id='par_1_49' title="bbox 457 3249 2111 3324">
     <span class='ocr_line' id='line_1_49' title="bbox 457 3249 2111 3324; baseline -0.001 -19"><span class='ocrx_word' id='word_1_355' title='bbox 457 3250 643 3305; x_wconf 88' lang='lat' dir='ltr'><strong>Paule</strong></span> <span class='ocrx_word' id='word_1_356' title='bbox 670 3252 692 3303; x_wconf 75' lang='grc' dir='ltr'><strong>Ρ</strong></span> <span class='ocrx_word' id='word_1_357' title='bbox 720 3249 822 3322; x_wconf 91' lang='lat' dir='ltr'><strong>qui</strong></span> <span class='ocrx_word' id='word_1_358' title='bbox 846 3249 1066 3305; x_wconf 89' lang='lat' dir='ltr'><strong>Galatis</strong></span> <span class='ocrx_word' id='word_1_359' title='bbox 1089 3250 1357 3305; x_wconf 90' lang='lat' dir='ltr'><strong>scribens</strong></span> <span class='ocrx_word' id='word_1_360' title='bbox 1380 3250 1494 3306; x_wconf 88' lang='lat' dir='ltr'><strong>ais:</strong></span> <span class='ocrx_word' id='word_1_361' title='bbox 1521 3251 1578 3306; x_wconf 92' lang='lat' dir='ltr'><strong>Si</strong></span> <span class='ocrx_word' id='word_1_362' title='bbox 1598 3251 1733 3323; x_wconf 90' lang='lat' dir='ltr'><strong>quis</strong></span> <span class='ocrx_word' id='word_1_363' title='bbox 1755 3251 2111 3324; x_wconf 63' lang='lat' dir='ltr'><strong>praedicave-</strong></span> 
     </span>
    </p>
   </div>
   <div class='ocr_carea' id='block_1_50' title="bbox 2211 2073 3871 2158">
    <p class='ocr_par' dir='ltr' id='par_1_50' title="bbox 2211 2073 3871 2158">
     <span class='ocr_line' id='line_1_50' title="bbox 2211 2073 3871 2158; baseline 0.006 -26"><span class='ocrx_word' id='word_1_364' title='bbox 2211 2073 2455 2139; x_wconf 70' lang='grc' dir='ltr'>ἱλάϐετε.</span> <span class='ocrx_word' id='word_1_365' title='bbox 2501 2104 2530 2131; x_wconf 85' lang='lat'><strong>»</strong></span> <span class='ocrx_word' id='word_1_366' title='bbox 2563 2083 2630 2139; x_wconf 83' lang='lat'><strong>&#39;0</strong></span> <span class='ocrx_word' id='word_1_367' title='bbox 2686 2076 2796 2137; x_wconf 75' lang='grc' dir='ltr'>ἔδει</span> <span class='ocrx_word' id='word_1_368' title='bbox 2852 2078 3042 2138; x_wconf 73' lang='grc' dir='ltr'>λαϐεῖν</span> <span class='ocrx_word' id='word_1_369' title='bbox 3088 2084 3250 2158; x_wconf 82' lang='grc' dir='ltr'>ὑμᾶς,</span> <span class='ocrx_word' id='word_1_370' title='bbox 3309 2085 3401 2139; x_wconf 81' lang='grc' dir='ltr'><strong>καὶ</strong></span> <span class='ocrx_word' id='word_1_371' title='bbox 3458 2084 3563 2140; x_wconf 81' lang='grc' dir='ltr'><strong>οὐκ</strong></span> <span class='ocrx_word' id='word_1_372' title='bbox 3619 2081 3871 2148; x_wconf 75' lang='grc' dir='ltr'>ἐλάϐετε.</span> 
     </span>
    </p>
   </div>
   <div class='ocr_carea' id='block_1_51' title="bbox 2211 2168 3875 2249">
    <p class='ocr_par' dir='ltr' id='par_1_51' title="bbox 2211 2168 3875 2249">
     <span class='ocr_line' id='line_1_51' title="bbox 2211 2168 3875 2249; baseline 0.006 -28"><span class='ocrx_word' id='word_1_373' title='bbox 2211 2194 2239 2221; x_wconf 86' lang='grc'><strong>‹‹</strong></span> <span class='ocrx_word' id='word_1_374' title='bbox 2274 2170 2345 2226; x_wconf 74' lang='grc' dir='ltr'><strong>’Ἡ</strong></span> <span class='ocrx_word' id='word_1_375' title='bbox 2378 2168 2710 2245; x_wconf 78' lang='grc' dir='ltr'>Εὐαγγέλιον</span> <span class='ocrx_word' id='word_1_376' title='bbox 2734 2168 2941 2246; x_wconf 73' lang='grc' dir='ltr'>ἕτερον.</span> <span class='ocrx_word' id='word_1_377' title='bbox 2977 2196 3008 2226; x_wconf 80' lang='grc'><strong>››</strong></span> <span class='ocrx_word' id='word_1_378' title='bbox 3051 2171 3190 2230; x_wconf 71' lang='grc' dir='ltr'><strong>Οὐδὲ</strong></span> <span class='ocrx_word' id='word_1_379' title='bbox 3240 2174 3346 2249; x_wconf 83' lang='grc' dir='ltr'><strong>γὰρ</strong></span> <span class='ocrx_word' id='word_1_380' title='bbox 3395 2173 3523 2230; x_wconf 77' lang='grc' dir='ltr'>οὑδὲ</span> <span class='ocrx_word' id='word_1_381' title='bbox 3568 2179 3732 2233; x_wconf 78' lang='grc' dir='ltr'>τοῦτο</span> <span class='ocrx_word' id='word_1_382' title='bbox 3777 2196 3875 2231; x_wconf 88' lang='grc' dir='ltr'>σο-</span> 
     </span>
    </p>
   </div>
   <div class='ocr_carea' id='block_1_52' title="bbox 2211 2256 3866 2340">
    <p class='ocr_par' dir='ltr' id='par_1_52' title="bbox 2211 2256 3866 2340">
     <span class='ocr_line' id='line_1_52' title="bbox 2211 2256 3866 2340; baseline 0.005 -27"><span class='ocrx_word' id='word_1_383' title='bbox 2211 2258 2336 2326; x_wconf 80' lang='grc' dir='ltr'>φίας</span> <span class='ocrx_word' id='word_1_384' title='bbox 2360 2256 2530 2315; x_wconf 80' lang='grc' dir='ltr'>δεῖται</span> <span class='ocrx_word' id='word_1_385' title='bbox 2560 2265 2657 2331; x_wconf 73' lang='grc' dir='ltr'><strong>τῆς</strong></span> <span class='ocrx_word' id='word_1_386' title='bbox 2685 2257 2898 2332; x_wconf 67' lang='grc' dir='ltr'>ἔξωθεν.</span> <span class='ocrx_word' id='word_1_387' title='bbox 2944 2264 3146 2318; x_wconf 77' lang='grc' dir='ltr'>Σκόπει</span> <span class='ocrx_word' id='word_1_388' title='bbox 3179 2261 3236 2319; x_wconf 76' lang='grc' dir='ltr'>δὶ</span> <span class='ocrx_word' id='word_1_389' title='bbox 3267 2268 3384 2327; x_wconf 82' lang='grc' dir='ltr'>πῶς</span> <span class='ocrx_word' id='word_1_390' title='bbox 3412 2261 3650 2320; x_wconf 70' lang='grc' dir='ltr'>δείκνυσι</span> <span class='ocrx_word' id='word_1_391' title='bbox 3698 2261 3866 2340; x_wconf 72' lang='grc' dir='ltr'>μηδὶν</span> 
     </span>
    </p>
   </div>
   <div class='ocr_carea' id='block_1_53' title="bbox 2208 2346 3866 2428">
    <p class='ocr_par' dir='ltr' id='par_1_53' title="bbox 2208 2346 3866 2428">
     <span class='ocr_line' id='line_1_53' title="bbox 2208 2346 3866 2428; baseline 0.004 -26"><span class='ocrx_word' id='word_1_392' title='bbox 2208 2346 2545 2422; x_wconf 70' lang='grc' dir='ltr'>τελειότερον</span> <span class='ocrx_word' id='word_1_393' title='bbox 2578 2348 2753 2426; x_wconf 76' lang='grc' dir='ltr'>λέγειν</span> <span class='ocrx_word' id='word_1_394' title='bbox 2782 2350 3035 2413; x_wconf 80' lang='grc' dir='ltr'>ἐκείνους.</span> <span class='ocrx_word' id='word_1_395' title='bbox 3089 2376 3117 2405; x_wconf 94' lang='grc'><strong>‹‹</strong></span> <span class='ocrx_word' id='word_1_396' title='bbox 3149 2356 3244 2405; x_wconf 88' lang='grc' dir='ltr'>Ὃν</span> <span class='ocrx_word' id='word_1_397' title='bbox 3294 2353 3395 2408; x_wconf 87' lang='grc' dir='ltr'><strong>οὑκ</strong></span> <span class='ocrx_word' id='word_1_398' title='bbox 3443 2351 3802 2428; x_wconf 73' lang='grc' dir='ltr'>ἐκηρύξαμεν,</span> <span class='ocrx_word' id='word_1_399' title='bbox 3835 2377 3866 2408; x_wconf 68' lang='grc' dir='ltr'><strong>υ</strong></span> 
     </span>
    </p>
   </div>
   <div class='ocr_carea' id='block_1_54' title="bbox 2211 2435 3868 2517">
    <p class='ocr_par' dir='ltr' id='par_1_54' title="bbox 2211 2435 3868 2517">
     <span class='ocr_line' id='line_1_54' title="bbox 2211 2435 3868 2517; baseline 0.002 -22"><span class='ocrx_word' id='word_1_400' title='bbox 2211 2440 2397 2517; x_wconf 72' lang='grc' dir='ltr'>φησῖν,</span> <span class='ocrx_word' id='word_1_401' title='bbox 2456 2440 2577 2496; x_wconf 84' lang='grc' dir='ltr'>«Ὃ</span> <span class='ocrx_word' id='word_1_402' title='bbox 2618 2441 2721 2494; x_wconf 78' lang='grc' dir='ltr'><strong>οὐκ</strong></span> <span class='ocrx_word' id='word_1_403' title='bbox 2774 2435 3019 2497; x_wconf 79' lang='grc' dir='ltr'>ἐλάϐετε.</span> <span class='ocrx_word' id='word_1_404' title='bbox 3055 2464 3084 2493; x_wconf 87' lang='grc'><strong>››</strong></span> <span class='ocrx_word' id='word_1_405' title='bbox 3143 2440 3242 2496; x_wconf 78' lang='grc' dir='ltr'><strong>Καὲ</strong></span> <span class='ocrx_word' id='word_1_406' title='bbox 3301 2442 3485 2497; x_wconf 72' lang='grc' dir='ltr'>πάλινο</span> <span class='ocrx_word' id='word_1_407' title='bbox 3550 2466 3579 2495; x_wconf 81' lang='grc'><strong>‹‹</strong></span> <span class='ocrx_word' id='word_1_408' title='bbox 3636 2446 3707 2501; x_wconf 88' lang='grc' dir='ltr'><strong>’Ὀ</strong></span> <span class='ocrx_word' id='word_1_409' title='bbox 3768 2443 3868 2499; x_wconf 80' lang='grc' dir='ltr'><strong>οὑκ</strong></span> 
     </span>
    </p>
   </div>
   <div class='ocr_carea' id='block_1_55' title="bbox 2211 2525 3871 2606">
    <p class='ocr_par' dir='ltr' id='par_1_55' title="bbox 2211 2525 3871 2606">
     <span class='ocr_line' id='line_1_55' title="bbox 2211 2525 3871 2606; baseline 0.005 -25"><span class='ocrx_word' id='word_1_410' title='bbox 2211 2525 2471 2597; x_wconf 76' lang='grc' dir='ltr'>ἐδέξασθε.</span> <span class='ocrx_word' id='word_1_411' title='bbox 2509 2552 2536 2579; x_wconf 85' lang='grc'><strong>››</strong></span> <span class='ocrx_word' id='word_1_412' title='bbox 2589 2531 2691 2601; x_wconf 86' lang='grc' dir='ltr'>Τῷ</span> <span class='ocrx_word' id='word_1_413' title='bbox 2731 2526 3149 2606; x_wconf 83' lang='grc' dir='ltr'>προσδιορισμῷ</span> <span class='ocrx_word' id='word_1_414' title='bbox 3196 2530 3429 2597; x_wconf 80' lang='grc' dir='ltr'>δεικνὺς,</span> <span class='ocrx_word' id='word_1_415' title='bbox 3482 2528 3655 2605; x_wconf 69' lang='grc' dir='ltr'>μηδὲν</span> <span class='ocrx_word' id='word_1_416' title='bbox 3704 2530 3871 2589; x_wconf 82' lang='grc' dir='ltr'>πλέον</span> 
     </span>
    </p>
   </div>
   <div class='ocr_carea' id='block_1_56' title="bbox 2214 2615 3871 2695">
    <p class='ocr_par' dir='ltr' id='par_1_56' title="bbox 2214 2615 3871 2695">
     <span class='ocr_line' id='line_1_56' title="bbox 2214 2615 3871 2695; baseline 0.004 -24"><span class='ocrx_word' id='word_1_417' title='bbox 2214 2615 2450 2680; x_wconf 71' lang='grc' dir='ltr'>ἐκείνους</span> <span class='ocrx_word' id='word_1_418' title='bbox 2478 2615 2771 2675; x_wconf 75' lang='grc' dir='ltr'>διδάσκειν.</span> <span class='ocrx_word' id='word_1_419' title='bbox 2806 2617 2949 2678; x_wconf 74' lang='grc' dir='ltr'>Οὑδὶ</span> <span class='ocrx_word' id='word_1_420' title='bbox 2976 2619 3079 2695; x_wconf 75' lang='grc' dir='ltr'><strong>γάρ</strong></span> <span class='ocrx_word' id='word_1_421' title='bbox 3135 2625 3258 2685; x_wconf 87' lang='grc' dir='ltr'>τοῖς</span> <span class='ocrx_word' id='word_1_422' title='bbox 3305 2619 3531 2677; x_wconf 79' lang='grc' dir='ltr'>πλείονα</span> <span class='ocrx_word' id='word_1_423' title='bbox 3578 2620 3871 2694; x_wconf 79' lang='grc' dir='ltr'>λαλοῦσιν,</span> 
     </span>
    </p>
   </div>
   <div class='ocr_carea' id='block_1_57' title="bbox 2214 2707 3871 2789">
    <p class='ocr_par' dir='ltr' id='par_1_57' title="bbox 2214 2707 3871 2789">
     <span class='ocr_line' id='line_1_57' title="bbox 2214 2707 3871 2789; baseline 0.006 -26"><span class='ocrx_word' id='word_1_424' title='bbox 2214 2707 2362 2764; x_wconf 79' lang='grc' dir='ltr'>ἀλλὰ</span> <span class='ocrx_word' id='word_1_425' title='bbox 2389 2714 2507 2773; x_wconf 87' lang='grc' dir='ltr'>τοῖς</span> <span class='ocrx_word' id='word_1_426' title='bbox 2537 2708 2719 2781; x_wconf 80' lang='grc' dir='ltr'>ἀληθῆ</span> <span class='ocrx_word' id='word_1_427' title='bbox 2780 2709 3029 2789; x_wconf 79' lang='grc' dir='ltr'>λέγουσι,</span> <span class='ocrx_word' id='word_1_428' title='bbox 3085 2709 3167 2767; x_wconf 88' lang='grc' dir='ltr'><strong>δεῖ</strong></span> <span class='ocrx_word' id='word_1_429' title='bbox 3222 2715 3514 2788; x_wconf 71' lang='grc' dir='ltr'>προσέχειν</span> <span class='ocrx_word' id='word_1_430' title='bbox 3572 2715 3662 2770; x_wconf 86' lang='grc' dir='ltr'>τὸν</span> <span class='ocrx_word' id='word_1_431' title='bbox 3724 2718 3871 2773; x_wconf 83' lang='grc' dir='ltr'>νοῦν.</span> 
     </span>
    </p>
   </div>
   <div class='ocr_carea' id='block_1_58' title="bbox 2214 2796 3869 2876">
    <p class='ocr_par' dir='ltr' id='par_1_58' title="bbox 2214 2796 3869 2876">
     <span class='ocr_line' id='line_1_58' title="bbox 2214 2796 3869 2876; baseline 0.008 -28"><span class='ocrx_word' id='word_1_432' title='bbox 2214 2822 2242 2849; x_wconf 84' lang='grc'><strong>‹‹</strong></span> <span class='ocrx_word' id='word_1_433' title='bbox 2277 2799 2345 2856; x_wconf 81' lang='lat'><strong>&#39;0</strong></span> <span class='ocrx_word' id='word_1_434' title='bbox 2375 2798 2475 2854; x_wconf 88' lang='grc' dir='ltr'><strong>οὑκ</strong></span> <span class='ocrx_word' id='word_1_435' title='bbox 2502 2796 2764 2868; x_wconf 66' lang='grc' dir='ltr'>ἐδέξασθε.</span> <span class='ocrx_word' id='word_1_436' title='bbox 2802 2825 2830 2852; x_wconf 85' lang='grc'><strong>››</strong></span> <span class='ocrx_word' id='word_1_437' title='bbox 2853 2802 2920 2858; x_wconf 88' lang='grc' dir='ltr'><em>Ὃ</em></span> <span class='ocrx_word' id='word_1_438' title='bbox 2951 2797 3057 2856; x_wconf 79' lang='grc' dir='ltr'>ἔδει</span> <span class='ocrx_word' id='word_1_439' title='bbox 3119 2798 3361 2872; x_wconf 73' lang='grc' dir='ltr'>δέξασθαι</span> <span class='ocrx_word' id='word_1_440' title='bbox 3412 2803 3574 2876; x_wconf 79' lang='grc' dir='ltr'>ὑμᾶς,</span> <span class='ocrx_word' id='word_1_441' title='bbox 3625 2804 3715 2860; x_wconf 86' lang='grc' dir='ltr'>καὶ</span> <span class='ocrx_word' id='word_1_442' title='bbox 3768 2804 3869 2861; x_wconf 85' lang='grc' dir='ltr'><strong>οὑκ</strong></span> 
     </span>
    </p>
   </div>
   <div class='ocr_carea' id='block_1_59' title="bbox 2214 2884 3869 2966">
    <p class='ocr_par' dir='ltr' id='par_1_59' title="bbox 2214 2884 3869 2966">
     <span class='ocr_line' id='line_1_59' title="bbox 2214 2884 3869 2966; baseline 0.004 -23"><span class='ocrx_word' id='word_1_443' title='bbox 2214 2884 2478 2957; x_wconf 73' lang='grc' dir='ltr'>ἐδέξασθε.</span> <span class='ocrx_word' id='word_1_444' title='bbox 2514 2911 2537 2942; x_wconf 76' lang='grc' dir='ltr'><strong>α</strong></span> <span class='ocrx_word' id='word_1_445' title='bbox 2575 2888 2776 2952; x_wconf 83' lang='grc' dir='ltr'>Καλῶς</span> <span class='ocrx_word' id='word_1_446' title='bbox 2812 2890 3119 2966; x_wconf 79' lang='grc' dir='ltr'>ἠνείχεσθε.</span> <span class='ocrx_word' id='word_1_447' title='bbox 3156 2916 3184 2942; x_wconf 86' lang='grc'><strong>››</strong></span> <span class='ocrx_word' id='word_1_448' title='bbox 3215 2893 3283 2949; x_wconf 89' lang='grc' dir='ltr'>Τί</span> <span class='ocrx_word' id='word_1_449' title='bbox 3340 2889 3538 2966; x_wconf 79' lang='grc' dir='ltr'>λέγεις,</span> <span class='ocrx_word' id='word_1_450' title='bbox 3567 2892 3612 2949; x_wconf 83' lang='grc' dir='ltr'><strong><em>ὦ</em></strong></span> <span class='ocrx_word' id='word_1_451' title='bbox 3646 2894 3869 2964; x_wconf 78' lang='grc' dir='ltr'>Παῦλες</span> 
     </span>
    </p>
   </div>
   <div class='ocr_carea' id='block_1_60' title="bbox 2216 2975 3865 3058">
    <p class='ocr_par' dir='ltr' id='par_1_60' title="bbox 2216 2975 3865 3058">
     <span class='ocr_line' id='line_1_60' title="bbox 2216 2975 3865 3058; baseline 0.005 -28"><span class='ocrx_word' id='word_1_452' title='bbox 2216 2977 2245 3031; x_wconf 97' lang='lat'><strong>6</strong></span> <span class='ocrx_word' id='word_1_453' title='bbox 2280 2975 2541 3041; x_wconf 76' lang='grc' dir='ltr'>Γαλάταις</span> <span class='ocrx_word' id='word_1_454' title='bbox 2572 2980 2819 3053; x_wconf 49' lang='grc' dir='ltr'>γράψων,</span> <span class='ocrx_word' id='word_1_455' title='bbox 2875 3003 2904 3031; x_wconf 81' lang='grc'><strong>‹‹</strong></span> <span class='ocrx_word' id='word_1_456' title='bbox 2937 2980 3061 3037; x_wconf 74' lang='grc' dir='ltr'>Ἐάν</span> <span class='ocrx_word' id='word_1_457' title='bbox 3113 3002 3198 3044; x_wconf 89' lang='grc' dir='ltr'><strong>τις</strong></span> <span class='ocrx_word' id='word_1_458' title='bbox 3257 2980 3674 3058; x_wconf 85' lang='grc' dir='ltr'>εὖαγγελίζηται</span> <span class='ocrx_word' id='word_1_459' title='bbox 3733 2985 3865 3056; x_wconf 87' lang='grc' dir='ltr'>ὑμῖν</span> 
     </span>
    </p>
   </div>
   <div class='ocr_carea' id='block_1_61' title="bbox 2215 3063 3864 3148">
    <p class='ocr_par' dir='ltr' id='par_1_61' title="bbox 2215 3063 3864 3148">
     <span class='ocr_line' id='line_1_61' title="bbox 2215 3063 3864 3148; baseline 0.004 -26"><span class='ocrx_word' id='word_1_460' title='bbox 2215 3065 2406 3140; x_wconf 79' lang='grc' dir='ltr'>παρ’ὅ</span> <span class='ocrx_word' id='word_1_461' title='bbox 2444 3063 2801 3141; x_wconf 78' lang='grc' dir='ltr'>παρελάϐετε,</span> <span class='ocrx_word' id='word_1_462' title='bbox 2857 3067 3101 3144; x_wconf 82' lang='grc' dir='ltr'>ἀδάθεμα</span> <span class='ocrx_word' id='word_1_463' title='bbox 3157 3064 3316 3142; x_wconf 78' lang='grc' dir='ltr'>ἔστω,</span> <span class='ocrx_word' id='word_1_464' title='bbox 3370 3096 3398 3125; x_wconf 84' lang='grc'><strong>››</strong></span> <span class='ocrx_word' id='word_1_465' title='bbox 3459 3072 3667 3134; x_wconf 73' lang='grc' dir='ltr'>τούτοις</span> <span class='ocrx_word' id='word_1_466' title='bbox 3725 3074 3864 3148; x_wconf 80' lang='grc' dir='ltr'>γρά-</span> 
     </span>
    </p>
   </div>
   <div class='ocr_carea' id='block_1_62' title="bbox 2217 3155 3872 3235">
    <p class='ocr_par' dir='ltr' id='par_1_62' title="bbox 2217 3155 3872 3235">
     <span class='ocr_line' id='line_1_62' title="bbox 2217 3155 3872 3235; baseline 0.004 -24"><span class='ocrx_word' id='word_1_467' title='bbox 2217 3177 2355 3233; x_wconf 78' lang='grc' dir='ltr'>φεις,</span> <span class='ocrx_word' id='word_1_468' title='bbox 2392 3182 2417 3209; x_wconf 68' lang='lat' dir='ltr'><strong>cc</strong></span> <span class='ocrx_word' id='word_1_469' title='bbox 2457 3155 2649 3221; x_wconf 73' lang='grc' dir='ltr'>Καλῶς</span> <span class='ocrx_word' id='word_1_470' title='bbox 2676 3158 2998 3235; x_wconf 82' lang='grc' dir='ltr'>ἠνείχεσθε;</span> <span class='ocrx_word' id='word_1_471' title='bbox 3034 3183 3061 3212; x_wconf 83' lang='grc'><strong>››</strong></span> <span class='ocrx_word' id='word_1_472' title='bbox 3115 3160 3221 3217; x_wconf 82' lang='grc' dir='ltr'>Καὶ</span> <span class='ocrx_word' id='word_1_473' title='bbox 3275 3161 3383 3232; x_wconf 70' lang='grc' dir='ltr'><strong>μην</strong></span> <span class='ocrx_word' id='word_1_474' title='bbox 3436 3158 3525 3218; x_wconf 83' lang='grc' dir='ltr'><strong>διὰ</strong></span> <span class='ocrx_word' id='word_1_475' title='bbox 3568 3166 3725 3217; x_wconf 89' lang='grc' dir='ltr'>τοῦτο</span> <span class='ocrx_word' id='word_1_476' title='bbox 3770 3161 3872 3218; x_wconf 85' lang='grc' dir='ltr'><strong>οὑκ</strong></span> 
     </span>
    </p>
   </div>
   <div class='ocr_carea' id='block_1_63' title="bbox 2217 3244 3876 3330">
    <p class='ocr_par' dir='ltr' id='par_1_63' title="bbox 2217 3244 3876 3330">
     <span class='ocr_line' id='line_1_63' title="bbox 2217 3244 3876 3330; baseline 0.004 -28"><span class='ocrx_word' id='word_1_477' title='bbox 2217 3244 2323 3303; x_wconf 79' lang='grc' dir='ltr'>ἔδει</span> <span class='ocrx_word' id='word_1_478' title='bbox 2355 3246 2661 3322; x_wconf 80' lang='grc' dir='ltr'>ἀνέχεσθαι.</span> <span class='ocrx_word' id='word_1_479' title='bbox 2696 3248 2763 3305; x_wconf 72' lang='lat' dir='ltr'><strong>Ei</strong></span> <span class='ocrx_word' id='word_1_480' title='bbox 2795 3245 2851 3305; x_wconf 70' lang='grc' dir='ltr'>δὲ</span> <span class='ocrx_word' id='word_1_481' title='bbox 2878 3250 2946 3304; x_wconf 80' lang='grc' dir='ltr'><strong>τὰ</strong></span> <span class='ocrx_word' id='word_1_482' title='bbox 2977 3249 3110 3305; x_wconf 76' lang='grc' dir='ltr'>αὑτά</span> <span class='ocrx_word' id='word_1_483' title='bbox 3141 3271 3224 3305; x_wconf 92' lang='grc' dir='ltr'><strong>σοι</strong></span> <span class='ocrx_word' id='word_1_484' title='bbox 3255 3246 3468 3330; x_wconf 79' lang='grc' dir='ltr'>ἔλεγον.</span> <span class='ocrx_word' id='word_1_485' title='bbox 3501 3253 3626 3307; x_wconf 85' lang='grc' dir='ltr'>τότε</span> <span class='ocrx_word' id='word_1_486' title='bbox 3677 3251 3876 3328; x_wconf 86' lang='grc' dir='ltr'>ἀνέχε-</span> 
     </span>
    </p>
   </div>
   <div class='ocr_carea' id='block_1_64' title="bbox 459 3336 2108 3425">
    <p class='ocr_par' dir='ltr' id='par_1_64' title="bbox 459 3338 2108 3417">
     <span class='ocr_line' id='line_1_64' title="bbox 459 3338 2108 3417; baseline 0.002 -24"><span class='ocrx_word' id='word_1_487' title='bbox 459 3339 542 3417; x_wconf 77' lang='lat' dir='ltr'><strong>rit</strong></span> <span class='ocrx_word' id='word_1_488' title='bbox 578 3338 744 3393; x_wconf 84' lang='lat' dir='ltr'><strong>vobis</strong></span> <span class='ocrx_word' id='word_1_489' title='bbox 772 3338 1149 3409; x_wconf 79' lang='lat' dir='ltr'><strong>Evangelium</strong></span> <span class='ocrx_word' id='word_1_490' title='bbox 1202 3345 1419 3410; x_wconf 68' lang='lat' dir='ltr'><strong>praeter</strong></span> <span class='ocrx_word' id='word_1_491' title='bbox 1447 3356 1624 3411; x_wconf 82' lang='lat' dir='ltr'><strong>quam</strong></span> <span class='ocrx_word' id='word_1_492' title='bbox 1656 3340 1715 3395; x_wconf 88' lang='lat' dir='ltr'><strong>id</strong></span> <span class='ocrx_word' id='word_1_493' title='bbox 1756 3339 1915 3412; x_wconf 93' lang='lat' dir='ltr'><strong>quod</strong></span> <span class='ocrx_word' id='word_1_494' title='bbox 1945 3357 2108 3396; x_wconf 88' lang='lat' dir='ltr'><strong>acce-</strong></span> 
     </span>
    </p>
   </div>
   <div class='ocr_carea' id='block_1_65' title="bbox 2214 3336 3876 3425">
    <p class='ocr_par' dir='ltr' id='par_1_65' title="bbox 2225 3336 3876 3417">
     <span class='ocr_line' id='line_1_65' title="bbox 2225 3336 3876 3417; baseline 0.005 -26"><span class='ocrx_word' id='word_1_495' title='bbox 2225 3341 2342 3392; x_wconf 86' lang='grc' dir='ltr'>σθαι</span> <span class='ocrx_word' id='word_1_496' title='bbox 2375 3336 2568 3412; x_wconf 76' lang='grc' dir='ltr'>ἐχρῆν.</span> <span class='ocrx_word' id='word_1_497' title='bbox 2603 3336 2761 3395; x_wconf 83' lang='grc' dir='ltr'>Ἀλλ’</span> <span class='ocrx_word' id='word_1_498' title='bbox 2792 3337 2909 3413; x_wconf 78' lang='grc' dir='ltr'>ὅρα.</span> <span class='ocrx_word' id='word_1_499' title='bbox 2945 3340 3127 3417; x_wconf 80' lang='grc' dir='ltr'>Μέγας</span> <span class='ocrx_word' id='word_1_500' title='bbox 3184 3341 3287 3417; x_wconf 76' lang='grc' dir='ltr'><strong>γὰρ</strong></span> <span class='ocrx_word' id='word_1_501' title='bbox 3317 3341 3345 3396; x_wconf 90' lang='lat'><strong>6</strong></span> <span class='ocrx_word' id='word_1_502' title='bbox 3374 3338 3620 3404; x_wconf 82' lang='grc' dir='ltr'>κίνδυνος</span> <span class='ocrx_word' id='word_1_503' title='bbox 3667 3346 3746 3413; x_wconf 82' lang='grc' dir='ltr'><strong>τῷ</strong></span> <span class='ocrx_word' id='word_1_504' title='bbox 3798 3345 3876 3416; x_wconf 79' lang='grc' dir='ltr'>μὴ</span> 
     </span>
    </p>
   </div>
   <div class='ocr_carea' id='block_1_66' title="bbox 462 3426 2113 3501">
    <p class='ocr_par' dir='ltr' id='par_1_66' title="bbox 462 3426 2113 3501">
     <span class='ocr_line' id='line_1_66' title="bbox 462 3426 2113 3501; baseline 0.002 -19"><span class='ocrx_word' id='word_1_505' title='bbox 462 3427 655 3501; x_wconf 81' lang='lat' dir='ltr'><strong>pistis,</strong></span> <span class='ocrx_word' id='word_1_506' title='bbox 690 3427 1011 3482; x_wconf 80' lang='lat' dir='ltr'><strong>anathema</strong></span> <span class='ocrx_word' id='word_1_507' title='bbox 1043 3427 1120 3482; x_wconf 90' lang='lat' dir='ltr'><strong>sit</strong></span> <span class='ocrx_word' id='word_1_508' title='bbox 1173 3426 1263 3493; x_wconf 71' lang='lat'><strong>‘3;</strong></span> <span class='ocrx_word' id='word_1_509' title='bbox 1300 3450 1327 3477; x_wconf 81' lang='grc'><strong>››</strong></span> <span class='ocrx_word' id='word_1_510' title='bbox 1373 3445 1536 3485; x_wconf 88' lang='lat' dir='ltr'><strong>nunc</strong></span> <span class='ocrx_word' id='word_1_511' title='bbox 1584 3430 1659 3485; x_wconf 90' lang='lat' dir='ltr'><strong>ad</strong></span> <span class='ocrx_word' id='word_1_512' title='bbox 1702 3430 1809 3485; x_wconf 89' lang='lat' dir='ltr'><strong>hos</strong></span> <span class='ocrx_word' id='word_1_513' title='bbox 1852 3430 2065 3486; x_wconf 86' lang='lat' dir='ltr'><strong>scribis</strong></span> <span class='ocrx_word' id='word_1_514' title='bbox 2099 3446 2113 3486; x_wconf 90' lang='lat'><strong>:</strong></span> 
     </span>
    </p>
   </div>
   <div class='ocr_carea' id='block_1_67' title="bbox 467 3516 2114 3592">
    <p class='ocr_par' dir='ltr' id='par_1_67' title="bbox 467 3516 2114 3592">
     <span class='ocr_line' id='line_1_67' title="bbox 467 3516 2114 3592; baseline 0.005 -25"><span class='ocrx_word' id='word_1_515' title='bbox 467 3536 496 3567; x_wconf 77' lang='grc' dir='ltr'><strong>ιι</strong></span> <span class='ocrx_word' id='word_1_516' title='bbox 526 3517 705 3572; x_wconf 78' lang='lat' dir='ltr'><strong>Recte</strong></span> <span class='ocrx_word' id='word_1_517' title='bbox 736 3517 1111 3571; x_wconf 88' lang='lat' dir='ltr'><strong>sustineretis</strong></span> <span class='ocrx_word' id='word_1_518' title='bbox 1132 3516 1160 3572; x_wconf 85' lang='lat'><strong>?</strong></span> <span class='ocrx_word' id='word_1_519' title='bbox 1192 3538 1219 3567; x_wconf 84' lang='lat'><strong>»</strong></span> <span class='ocrx_word' id='word_1_520' title='bbox 1254 3519 1429 3589; x_wconf 85' lang='lat' dir='ltr'><strong>Atqui</strong></span> <span class='ocrx_word' id='word_1_521' title='bbox 1466 3525 1708 3590; x_wconf 86' lang='lat' dir='ltr'><strong>propter</strong></span> <span class='ocrx_word' id='word_1_522' title='bbox 1759 3520 1870 3575; x_wconf 89' lang='lat' dir='ltr'><strong>hoc</strong></span> <span class='ocrx_word' id='word_1_523' title='bbox 1917 3520 2114 3592; x_wconf 89' lang='lat' dir='ltr'><strong>ipsum</strong></span> 
     </span>
    </p>
   </div>
   <div class='ocr_carea' id='block_1_68' title="bbox 462 3607 2119 3678">
    <p class='ocr_par' dir='ltr' id='par_1_68' title="bbox 462 3607 2119 3678">
     <span class='ocr_line' id='line_1_68' title="bbox 462 3607 2119 3678; baseline -0.001 -14"><span class='ocrx_word' id='word_1_524' title='bbox 462 3623 585 3665; x_wconf 93' lang='lat' dir='ltr'><strong>non</strong></span> <span class='ocrx_word' id='word_1_525' title='bbox 618 3607 913 3662; x_wconf 91' lang='lat' dir='ltr'><strong>sustinere</strong></span> <span class='ocrx_word' id='word_1_526' title='bbox 944 3613 1265 3678; x_wconf 87' lang='lat' dir='ltr'><strong>oporteret,</strong></span> <span class='ocrx_word' id='word_1_527' title='bbox 1300 3607 1405 3663; x_wconf 90' lang='lat' dir='ltr'><strong>sed</strong></span> <span class='ocrx_word' id='word_1_528' title='bbox 1435 3608 1485 3663; x_wconf 93' lang='lat' dir='ltr'><strong>si</strong></span> <span class='ocrx_word' id='word_1_529' title='bbox 1539 3609 1746 3665; x_wconf 88' lang='lat' dir='ltr'><strong>eadem</strong></span> <span class='ocrx_word' id='word_1_530' title='bbox 1795 3614 1990 3665; x_wconf 90' lang='lat' dir='ltr'><strong>tecum</strong></span> <span class='ocrx_word' id='word_1_531' title='bbox 2035 3610 2119 3665; x_wconf 92' lang='lat' dir='ltr'><strong>di-</strong></span> 
     </span>
    </p>
   </div>
   <div class='ocr_carea' id='block_1_69' title="bbox 461 3698 2117 3769">
    <p class='ocr_par' dir='ltr' id='par_1_69' title="bbox 461 3698 2117 3769">
     <span class='ocr_line' id='line_1_69' title="bbox 461 3698 2117 3769; baseline 0.001 -14"><span class='ocrx_word' id='word_1_532' title='bbox 461 3698 715 3763; x_wconf 79' lang='lat' dir='ltr'><strong>xissent,</strong></span> <span class='ocrx_word' id='word_1_533' title='bbox 736 3703 877 3752; x_wconf 89' lang='lat' dir='ltr'><strong>tunc</strong></span> <span class='ocrx_word' id='word_1_534' title='bbox 900 3703 1135 3769; x_wconf 88' lang='lat' dir='ltr'><strong>oportet</strong></span> <span class='ocrx_word' id='word_1_535' title='bbox 1164 3698 1477 3755; x_wconf 89' lang='lat' dir='ltr'><strong>sustinere.</strong></span> <span class='ocrx_word' id='word_1_536' title='bbox 1512 3701 1581 3753; x_wconf 83' lang='lat' dir='ltr'><strong>Et</strong></span> <span class='ocrx_word' id='word_1_537' title='bbox 1603 3700 1764 3766; x_wconf 82' lang='lat' dir='ltr'><strong>vide;</strong></span> <span class='ocrx_word' id='word_1_538' title='bbox 1798 3701 1952 3757; x_wconf 75' lang='lat'><strong>082</strong></span> <span class='ocrx_word' id='word_1_539' title='bbox 1977 3717 2117 3757; x_wconf 88' lang='lat' dir='ltr'><strong>nam</strong></span> 
     </span>
    </p>
   </div>
   <div class='ocr_carea' id='block_1_70' title="bbox 464 3788 2119 3862">
    <p class='ocr_par' dir='ltr' id='par_1_70' title="bbox 464 3788 2119 3862">
     <span class='ocr_line' id='line_1_70' title="bbox 464 3788 2119 3862; baseline 0.001 -16"><span class='ocrx_word' id='word_1_540' title='bbox 464 3806 751 3859; x_wconf 77' lang='lat' dir='ltr'><strong>magnum</strong></span> <span class='ocrx_word' id='word_1_541' title='bbox 775 3788 1052 3844; x_wconf 89' lang='lat' dir='ltr'><strong>imminet</strong></span> <span class='ocrx_word' id='word_1_542' title='bbox 1071 3790 1405 3861; x_wconf 90' lang='lat' dir='ltr'><strong>periculum</strong></span> <span class='ocrx_word' id='word_1_543' title='bbox 1423 3791 1475 3846; x_wconf 94' lang='lat' dir='ltr'><strong>ei</strong></span> <span class='ocrx_word' id='word_1_544' title='bbox 1496 3790 1594 3862; x_wconf 93' lang='lat' dir='ltr'><strong>qui</strong></span> <span class='ocrx_word' id='word_1_545' title='bbox 1618 3807 1739 3847; x_wconf 90' lang='lat' dir='ltr'><strong>non</strong></span> <span class='ocrx_word' id='word_1_546' title='bbox 1759 3791 1911 3847; x_wconf 87' lang='lat' dir='ltr'><strong>bene</strong></span> <span class='ocrx_word' id='word_1_547' title='bbox 1924 3791 2119 3847; x_wconf 87' lang='lat' dir='ltr'><strong>anim-</strong></span> 
     </span>
    </p>
   </div>
   <div class='ocr_carea' id='block_1_71' title="bbox 468 3878 2121 3954">
    <p class='ocr_par' dir='ltr' id='par_1_71' title="bbox 468 3878 2121 3954">
     <span class='ocr_line' id='line_1_71' title="bbox 468 3878 2121 3954; baseline 0.001 -18"><span class='ocrx_word' id='word_1_548' title='bbox 468 3880 740 3936; x_wconf 85' lang='lat' dir='ltr'><strong>advertit.</strong></span> <span class='ocrx_word' id='word_1_549' title='bbox 793 3878 1083 3935; x_wconf 89' lang='lat' dir='ltr'><strong>Omnibus</strong></span> <span class='ocrx_word' id='word_1_550' title='bbox 1136 3880 1297 3936; x_wconf 90' lang='lat' dir='ltr'><strong>enim</strong></span> <span class='ocrx_word' id='word_1_551' title='bbox 1361 3879 1689 3938; x_wconf 77' lang='lat' dir='ltr'><strong>haeresibus</strong></span> <span class='ocrx_word' id='word_1_552' title='bbox 1741 3881 1891 3936; x_wconf 85' lang='lat' dir='ltr'><strong>viam</strong></span> <span class='ocrx_word' id='word_1_553' title='bbox 1937 3898 2121 3954; x_wconf 62' lang='lat' dir='ltr'><strong>praes-</strong></span> 
     </span>
    </p>
   </div>
   <div class='ocr_carea' id='block_1_72' title="bbox 470 3968 2121 4042">
    <p class='ocr_par' dir='ltr' id='par_1_72' title="bbox 470 3968 2121 4042">
     <span class='ocr_line' id='line_1_72' title="bbox 470 3968 2121 4042; baseline 0.001 -18"><span class='ocrx_word' id='word_1_554' title='bbox 470 3974 700 4027; x_wconf 82' lang='lat' dir='ltr'><strong>truunt.</strong></span> <span class='ocrx_word' id='word_1_555' title='bbox 732 3970 818 4025; x_wconf 85' lang='lat' dir='ltr'><strong>lta</strong></span> <span class='ocrx_word' id='word_1_556' title='bbox 845 3968 1254 4041; x_wconf 79' lang='lat' dir='ltr'><strong>gloriabantur</strong></span> <span class='ocrx_word' id='word_1_557' title='bbox 1282 3969 1751 4042; x_wconf 89' lang='lat' dir='ltr'><strong>pseudapostoli,</strong></span> <span class='ocrx_word' id='word_1_558' title='bbox 1773 3970 1942 4041; x_wconf 89' lang='lat' dir='ltr'><strong>quasi</strong></span> <span class='ocrx_word' id='word_1_559' title='bbox 1970 3972 2121 4025; x_wconf 88' lang='lat' dir='ltr'><strong>Pau-</strong></span> 
     </span>
    </p>
   </div>
   <div class='ocr_carea' id='block_1_73' title="bbox 471 4058 2120 4130">
    <p class='ocr_par' dir='ltr' id='par_1_73' title="bbox 471 4058 2120 4130">
     <span class='ocr_line' id='line_1_73' title="bbox 471 4058 2120 4130; baseline -0.001 -15"><span class='ocrx_word' id='word_1_560' title='bbox 471 4059 568 4115; x_wconf 89' lang='lat' dir='ltr'><strong>lus</strong></span> <span class='ocrx_word' id='word_1_561' title='bbox 600 4058 946 4130; x_wconf 84' lang='lat' dir='ltr'><strong>imperfecte</strong></span> <span class='ocrx_word' id='word_1_562' title='bbox 978 4058 1236 4126; x_wconf 87' lang='lat' dir='ltr'><strong>doceret,</strong></span> <span class='ocrx_word' id='word_1_563' title='bbox 1269 4059 1381 4130; x_wconf 93' lang='lat' dir='ltr'><strong>ipsi</strong></span> <span class='ocrx_word' id='word_1_564' title='bbox 1415 4065 1607 4115; x_wconf 84' lang='lat' dir='ltr'><strong>autem</strong></span> <span class='ocrx_word' id='word_1_565' title='bbox 1633 4058 1955 4130; x_wconf 88' lang='lat' dir='ltr'><strong>perfectius</strong></span> <span class='ocrx_word' id='word_1_566' title='bbox 2009 4058 2120 4113; x_wconf 87' lang='lat' dir='ltr'><strong>ali-</strong></span> 
     </span>
    </p>
   </div>
   <div class='ocr_carea' id='block_1_74' title="bbox 471 4147 2120 4221">
    <p class='ocr_par' dir='ltr' id='par_1_74' title="bbox 471 4147 2120 4221">
     <span class='ocr_line' id='line_1_74' title="bbox 471 4147 2120 4221; baseline -0.001 -18"><span class='ocrx_word' id='word_1_567' title='bbox 471 4148 615 4221; x_wconf 90' lang='lat' dir='ltr'><strong>quid</strong></span> <span class='ocrx_word' id='word_1_568' title='bbox 638 4148 906 4203; x_wconf 85' lang='lat' dir='ltr'><strong>dicerent</strong></span> <span class='ocrx_word' id='word_1_569' title='bbox 929 4163 943 4202; x_wconf 88' lang='lat'><strong>:</strong></span> <span class='ocrx_word' id='word_1_570' title='bbox 975 4147 1274 4219; x_wconf 85' lang='lat' dir='ltr'><strong>siquidem</strong></span> <span class='ocrx_word' id='word_1_571' title='bbox 1305 4155 1546 4203; x_wconf 86' lang='lat' dir='ltr'><strong>externa</strong></span> <span class='ocrx_word' id='word_1_572' title='bbox 1569 4147 1843 4204; x_wconf 84' lang='lat' dir='ltr'><strong>doctrina</strong></span> <span class='ocrx_word' id='word_1_573' title='bbox 1862 4153 2120 4215; x_wconf 88' lang='lat' dir='ltr'><strong>utentes,</strong></span> 
     </span>
    </p>
   </div>
   <div class='ocr_carea' id='block_1_75' title="bbox 465 4237 2122 4311">
    <p class='ocr_par' dir='ltr' id='par_1_75' title="bbox 465 4237 2122 4311">
     <span class='ocr_line' id='line_1_75' title="bbox 465 4237 2122 4311; baseline 0.001 -19"><span class='ocrx_word' id='word_1_574' title='bbox 465 4238 619 4293; x_wconf 87' lang='lat' dir='ltr'><strong>veris</strong></span> <span class='ocrx_word' id='word_1_575' title='bbox 653 4237 1025 4311; x_wconf 75' lang='lat' dir='ltr'><strong>dogmatibus</strong></span> <span class='ocrx_word' id='word_1_576' title='bbox 1056 4254 1244 4311; x_wconf 82' lang='lat' dir='ltr'><strong>nugas</strong></span> <span class='ocrx_word' id='word_1_577' title='bbox 1273 4238 1734 4309; x_wconf 86' lang='lat' dir='ltr'><strong>permiscebant,</strong></span> <span class='ocrx_word' id='word_1_578' title='bbox 1767 4237 1900 4292; x_wconf 92' lang='lat' dir='ltr'><strong>ideo</strong></span> <span class='ocrx_word' id='word_1_579' title='bbox 1942 4238 2122 4294; x_wconf 88' lang='lat' dir='ltr'><strong>etiam</strong></span> 
     </span>
    </p>
   </div>
   <div class='ocr_carea' id='block_1_76' title="bbox 465 4326 2122 4401">
    <p class='ocr_par' dir='ltr' id='par_1_76' title="bbox 465 4326 2122 4401">
     <span class='ocr_line' id='line_1_76' title="bbox 465 4326 2122 4401; baseline 0 -19"><span class='ocrx_word' id='word_1_580' title='bbox 465 4327 687 4383; x_wconf 88' lang='lat' dir='ltr'><strong>multos</strong></span> <span class='ocrx_word' id='word_1_581' title='bbox 719 4328 1199 4401; x_wconf 86' lang='lat' dir='ltr'><strong>corrumpebant.</strong></span> <span class='ocrx_word' id='word_1_582' title='bbox 1236 4329 1354 4382; x_wconf 85' lang='lat' dir='ltr'><strong>Hoc</strong></span> <span class='ocrx_word' id='word_1_583' title='bbox 1382 4326 1580 4398; x_wconf 87' lang='lat' dir='ltr'><strong>itaque</strong></span> <span class='ocrx_word' id='word_1_584' title='bbox 1614 4342 1773 4382; x_wconf 85' lang='lat' dir='ltr'><strong>nunc</strong></span> <span class='ocrx_word' id='word_1_585' title='bbox 1803 4327 1922 4381; x_wconf 90' lang='lat' dir='ltr'><strong>ait:</strong></span> <span class='ocrx_word' id='word_1_586' title='bbox 1955 4326 2012 4382; x_wconf 89' lang='lat' dir='ltr'><strong>Si</strong></span> <span class='ocrx_word' id='word_1_587' title='bbox 2063 4327 2122 4382; x_wconf 89' lang='lat' dir='ltr'><strong>bi</strong></span> 
     </span>
    </p>
   </div>
   <div class='ocr_carea' id='block_1_77' title="bbox 463 4415 2125 4489">
    <p class='ocr_par' dir='ltr' id='par_1_77' title="bbox 463 4415 2125 4489">
     <span class='ocr_line' id='line_1_77' title="bbox 463 4415 2125 4489; baseline 0.001 -17"><span class='ocrx_word' id='word_1_588' title='bbox 463 4422 625 4472; x_wconf 89' lang='lat' dir='ltr'><strong>certe</strong></span> <span class='ocrx_word' id='word_1_589' title='bbox 655 4417 884 4489; x_wconf 90' lang='lat' dir='ltr'><strong>aliquid</strong></span> <span class='ocrx_word' id='word_1_590' title='bbox 917 4416 1238 4489; x_wconf 86' lang='lat' dir='ltr'><strong>perfectius</strong></span> <span class='ocrx_word' id='word_1_591' title='bbox 1268 4416 1495 4481; x_wconf 90' lang='lat' dir='ltr'><strong>dicunt,</strong></span> <span class='ocrx_word' id='word_1_592' title='bbox 1529 4422 1588 4471; x_wconf 91' lang='lat' dir='ltr'><strong>et</strong></span> <span class='ocrx_word' id='word_1_593' title='bbox 1606 4415 1791 4471; x_wconf 91' lang='lat' dir='ltr'><strong>alium</strong></span> <span class='ocrx_word' id='word_1_594' title='bbox 1823 4422 2125 4489; x_wconf 92' lang='lat' dir='ltr'><strong>oporteret</strong></span> 
     </span>
    </p>
   </div>
   <div class='ocr_carea' id='block_1_78' title="bbox 463 4505 2118 4581">
    <p class='ocr_par' dir='ltr' id='par_1_78' title="bbox 463 4505 2118 4581">
     <span class='ocr_line' id='line_1_78' title="bbox 463 4505 2118 4581; baseline 0.001 -21"><span class='ocrx_word' id='word_1_595' title='bbox 463 4505 776 4581; x_wconf 78' lang='lat' dir='ltr'><strong>praedicari</strong></span> <span class='ocrx_word' id='word_1_596' title='bbox 831 4506 1154 4569; x_wconf 88' lang='lat' dir='ltr'><strong>Christum,</strong></span> <span class='ocrx_word' id='word_1_597' title='bbox 1215 4522 1284 4561; x_wconf 88' lang='lat' dir='ltr'><strong>ac</strong></span> <span class='ocrx_word' id='word_1_598' title='bbox 1341 4522 1451 4560; x_wconf 91' lang='lat' dir='ltr'><strong>nos</strong></span> <span class='ocrx_word' id='word_1_599' title='bbox 1504 4506 2118 4578; x_wconf 83' lang='lat' dir='ltr'><strong>praetermisissemus,</strong></span> 
     </span>
    </p>
   </div>
   <div class='ocr_carea' id='block_1_79' title="bbox 464 4595 2121 4667">
    <p class='ocr_par' dir='ltr' id='par_1_79' title="bbox 464 4595 2121 4667">
     <span class='ocr_line' id='line_1_79' title="bbox 464 4595 2121 4667; baseline -0.001 -14"><span class='ocrx_word' id='word_1_600' title='bbox 464 4603 626 4654; x_wconf 89' lang='lat' dir='ltr'><strong>recte</strong></span> <span class='ocrx_word' id='word_1_601' title='bbox 657 4595 1058 4653; x_wconf 88' lang='lat' dir='ltr'><strong>sustineretis.</strong></span> <span class='ocrx_word' id='word_1_602' title='bbox 1105 4599 1421 4667; x_wconf 88' lang='lat' dir='ltr'><strong>Pr0pterea</strong></span> <span class='ocrx_word' id='word_1_603' title='bbox 1450 4595 1607 4651; x_wconf 90' lang='lat' dir='ltr'><strong>enim</strong></span> <span class='ocrx_word' id='word_1_604' title='bbox 1666 4595 1840 4653; x_wconf 90' lang='lat' dir='ltr'><strong>dicit:</strong></span> <span class='ocrx_word' id='word_1_605' title='bbox 1877 4618 1906 4647; x_wconf 87' lang='grc'><strong>‹‹</strong></span> <span class='ocrx_word' id='word_1_606' title='bbox 1937 4596 2121 4662; x_wconf 90' lang='lat' dir='ltr'><strong>Quem</strong></span> 
     </span>
    </p>
   </div>
   <div class='ocr_carea' id='block_1_80' title="bbox 466 4686 2119 4761">
    <p class='ocr_par' dir='ltr' id='par_1_80' title="bbox 466 4686 2119 4761">
     <span class='ocr_line' id='line_1_80' title="bbox 466 4686 2119 4761; baseline 0.001 -17"><span class='ocrx_word' id='word_1_607' title='bbox 466 4705 588 4744; x_wconf 90' lang='lat' dir='ltr'><strong>non</strong></span> <span class='ocrx_word' id='word_1_608' title='bbox 620 4686 1093 4761; x_wconf 76' lang='lat' dir='ltr'><strong>prmdicavimus.</strong></span> <span class='ocrx_word' id='word_1_609' title='bbox 1129 4710 1158 4739; x_wconf 82' lang='lat'><strong>»</strong></span> <span class='ocrx_word' id='word_1_610' title='bbox 1215 4689 1269 4745; x_wconf 89' lang='lat' dir='ltr'><strong>Si</strong></span> <span class='ocrx_word' id='word_1_611' title='bbox 1326 4706 1461 4747; x_wconf 88' lang='lat' dir='ltr'><strong>vero</strong></span> <span class='ocrx_word' id='word_1_612' title='bbox 1520 4691 1728 4747; x_wconf 87' lang='lat' dir='ltr'><strong>eadem</strong></span> <span class='ocrx_word' id='word_1_613' title='bbox 1786 4697 1925 4748; x_wconf 90' lang='lat' dir='ltr'><strong>sunt</strong></span> <span class='ocrx_word' id='word_1_614' title='bbox 1981 4692 2119 4747; x_wconf 85' lang='lat' dir='ltr'><strong>ﬁdei</strong></span> 
     </span>
    </p>
   </div>
   <div class='ocr_carea' id='block_1_81' title="bbox 464 4771 2123 4855">
    <p class='ocr_par' dir='ltr' id='par_1_81' title="bbox 464 4771 2123 4855">
     <span class='ocr_line' id='line_1_81' title="bbox 464 4771 2123 4855; baseline 0.001 -20"><span class='ocrx_word' id='word_1_615' title='bbox 464 4779 681 4851; x_wconf 85' lang='lat' dir='ltr'><strong>capita.</strong></span> <span class='ocrx_word' id='word_1_616' title='bbox 715 4783 775 4833; x_wconf 88' lang='lat' dir='ltr'><strong>et</strong></span> <span class='ocrx_word' id='word_1_617' title='bbox 802 4777 955 4833; x_wconf 85' lang='lat' dir='ltr'><strong>nihil</strong></span> <span class='ocrx_word' id='word_1_618' title='bbox 986 4779 1243 4851; x_wconf 89' lang='lat' dir='ltr'><strong>amplius</strong></span> <span class='ocrx_word' id='word_1_619' title='bbox 1293 4771 1519 4845; x_wconf 75' lang='lat' dir='ltr'><strong>dicunt,</strong></span> <span class='ocrx_word' id='word_1_620' title='bbox 1570 4782 1731 4854; x_wconf 92' lang='lat' dir='ltr'><strong>quod</strong></span> <span class='ocrx_word' id='word_1_621' title='bbox 1778 4783 1852 4838; x_wconf 91' lang='lat' dir='ltr'><strong>ad</strong></span> <span class='ocrx_word' id='word_1_622' title='bbox 1907 4781 2123 4855; x_wconf 82' lang='lat' dir='ltr'><strong>dogma</strong></span> 
     </span>
    </p>
   </div>
   <div class='ocr_carea' id='block_1_82' title="bbox 458 4869 2113 4944">
    <p class='ocr_par' dir='ltr' id='par_1_82' title="bbox 458 4869 2113 4944">
     <span class='ocr_line' id='line_1_82' title="bbox 458 4869 2113 4944; baseline 0.001 -19"><span class='ocrx_word' id='word_1_623' title='bbox 458 4871 675 4925; x_wconf 86' lang='lat' dir='ltr'><strong>attinet</strong></span> <span class='ocrx_word' id='word_1_624' title='bbox 705 4885 719 4923; x_wconf 91' lang='lat'><strong>:</strong></span> <span class='ocrx_word' id='word_1_625' title='bbox 752 4869 826 4925; x_wconf 94' lang='lat' dir='ltr'><strong>ob</strong></span> <span class='ocrx_word' id='word_1_626' title='bbox 858 4885 1036 4940; x_wconf 89' lang='lat' dir='ltr'><strong>quam</strong></span> <span class='ocrx_word' id='word_1_627' title='bbox 1068 4886 1304 4927; x_wconf 87' lang='lat' dir='ltr'><strong>causam</strong></span> <span class='ocrx_word' id='word_1_628' title='bbox 1345 4872 1435 4927; x_wconf 89' lang='lat' dir='ltr'><strong>illi</strong></span> <span class='ocrx_word' id='word_1_629' title='bbox 1466 4889 1647 4944; x_wconf 88' lang='lat' dir='ltr'><strong>supra</strong></span> <span class='ocrx_word' id='word_1_630' title='bbox 1695 4888 1805 4928; x_wconf 87' lang='lat' dir='ltr'><strong>nos</strong></span> <span class='ocrx_word' id='word_1_631' title='bbox 1835 4872 1896 4927; x_wconf 89' lang='lat' dir='ltr'><strong>in</strong></span> <span class='ocrx_word' id='word_1_632' title='bbox 1920 4873 2113 4927; x_wconf 87' lang='lat' dir='ltr'><strong>hono-</strong></span> 
     </span>
    </p>
   </div>
   <div class='ocr_carea' id='block_1_83' title="bbox 461 4959 2109 5035">
    <p class='ocr_par' dir='ltr' id='par_1_83' title="bbox 461 4959 2109 5035">
     <span class='ocr_line' id='line_1_83' title="bbox 461 4959 2109 5035; baseline 0.002 -21"><span class='ocrx_word' id='word_1_633' title='bbox 461 4975 526 5014; x_wconf 91' lang='lat' dir='ltr'><strong>re</strong></span> <span class='ocrx_word' id='word_1_634' title='bbox 556 4959 901 5015; x_wconf 80' lang='lat' dir='ltr'><strong>habentur?</strong></span> <span class='ocrx_word' id='word_1_635' title='bbox 931 4961 1470 5034; x_wconf 87' lang='lat' dir='ltr'><strong>Quantumcunque</strong></span> <span class='ocrx_word' id='word_1_636' title='bbox 1511 4963 1673 5019; x_wconf 89' lang='lat' dir='ltr'><strong>enim</strong></span> <span class='ocrx_word' id='word_1_637' title='bbox 1722 4963 1923 5035; x_wconf 85' lang='lat' dir='ltr'><strong>nugati</strong></span> <span class='ocrx_word' id='word_1_638' title='bbox 1973 4961 2109 5018; x_wconf 87' lang='lat' dir='ltr'><strong>fue-</strong></span> 
     </span>
    </p>
   </div>
   <div class='ocr_carea' id='block_1_84' title="bbox 461 5048 2116 5124">
    <p class='ocr_par' dir='ltr' id='par_1_84' title="bbox 461 5048 2116 5124">
     <span class='ocr_line' id='line_1_84' title="bbox 461 5048 2116 5124; baseline 0.002 -21"><span class='ocrx_word' id='word_1_639' title='bbox 461 5048 605 5113; x_wconf 90' lang='lat' dir='ltr'><strong>rint,</strong></span> <span class='ocrx_word' id='word_1_640' title='bbox 639 5049 857 5120; x_wconf 89' lang='lat' dir='ltr'><strong>inquit,</strong></span> <span class='ocrx_word' id='word_1_641' title='bbox 890 5050 1043 5105; x_wconf 88' lang='lat' dir='ltr'><strong>nihil</strong></span> <span class='ocrx_word' id='word_1_642' title='bbox 1075 5068 1255 5124; x_wconf 88' lang='lat' dir='ltr'><strong>supra</strong></span> <span class='ocrx_word' id='word_1_643' title='bbox 1284 5069 1395 5108; x_wconf 88' lang='lat' dir='ltr'><strong>nos</strong></span> <span class='ocrx_word' id='word_1_644' title='bbox 1420 5052 1698 5107; x_wconf 82' lang='lat' dir='ltr'><strong>dixerunt</strong></span> <span class='ocrx_word' id='word_1_645' title='bbox 1753 5057 1971 5123; x_wconf 65' lang='lat' dir='ltr'><strong>praeter</strong></span> <span class='ocrx_word' id='word_1_646' title='bbox 1999 5052 2116 5107; x_wconf 85' lang='lat' dir='ltr'><strong>fas-</strong></span> 
     </span>
    </p>
   </div>
   <div class='ocr_carea' id='block_1_85' title="bbox 468 5139 2115 5207">
    <p class='ocr_par' dir='ltr' id='par_1_85' title="bbox 468 5139 2115 5207">
     <span class='ocr_line' id='line_1_85' title="bbox 468 5139 2115 5207; baseline 0.002 -15"><span class='ocrx_word' id='word_1_647' title='bbox 468 5141 595 5194; x_wconf 89' lang='lat' dir='ltr'><strong>tum</strong></span> <span class='ocrx_word' id='word_1_648' title='bbox 628 5139 963 5195; x_wconf 85' lang='lat' dir='ltr'><strong>verborum.</strong></span> <span class='ocrx_word' id='word_1_649' title='bbox 998 5170 1064 5182; x_wconf 89' lang='lat'><strong>—-</strong></span> <span class='ocrx_word' id='word_1_650' title='bbox 1095 5140 1261 5207; x_wconf 91' lang='lat' dir='ltr'><strong>Quod</strong></span> <span class='ocrx_word' id='word_1_651' title='bbox 1290 5148 1487 5198; x_wconf 89' lang='lat' dir='ltr'><strong>autem</strong></span> <span class='ocrx_word' id='word_1_652' title='bbox 1523 5142 1645 5197; x_wconf 90' lang='lat' dir='ltr'><strong>ait:</strong></span> <span class='ocrx_word' id='word_1_653' title='bbox 1685 5163 1705 5188; x_wconf 70' lang='grc' dir='ltr'><strong>ι</strong></span> <span class='ocrx_word' id='word_1_654' title='bbox 1758 5143 1935 5197; x_wconf 82' lang='lat' dir='ltr'><strong>Recte</strong></span> <span class='ocrx_word' id='word_1_655' title='bbox 1985 5157 2115 5196; x_wconf 91' lang='lat' dir='ltr'><strong>sus-</strong></span> 
     </span>
    </p>
   </div>
   <div class='ocr_carea' id='block_1_86' title="bbox 468 5227 2118 5298">
    <p class='ocr_par' dir='ltr' id='par_1_86' title="bbox 468 5227 2118 5298">
     <span class='ocr_line' id='line_1_86' title="bbox 468 5227 2118 5298; baseline 0.002 -15"><span class='ocrx_word' id='word_1_656' title='bbox 468 5227 763 5291; x_wconf 90' lang='lat' dir='ltr'><strong>tineretis,</strong></span> <span class='ocrx_word' id='word_1_657' title='bbox 796 5249 825 5278; x_wconf 83' lang='grc'><strong>››</strong></span> <span class='ocrx_word' id='word_1_658' title='bbox 854 5244 975 5285; x_wconf 91' lang='lat' dir='ltr'><strong>non</strong></span> <span class='ocrx_word' id='word_1_659' title='bbox 1006 5235 1098 5286; x_wconf 90' lang='lat' dir='ltr'><strong>est</strong></span> <span class='ocrx_word' id='word_1_660' title='bbox 1142 5230 1443 5288; x_wconf 87' lang='lat' dir='ltr'><strong>laudantis</strong></span> <span class='ocrx_word' id='word_1_661' title='bbox 1500 5231 1682 5287; x_wconf 91' lang='lat' dir='ltr'><strong>talem</strong></span> <span class='ocrx_word' id='word_1_662' title='bbox 1736 5231 2118 5298; x_wconf 88' lang='lat' dir='ltr'><strong>sententiam,</strong></span> 
     </span>
    </p>
   </div>
   <div class='ocr_carea' id='block_1_87' title="bbox 473 5317 2123 5395">
    <p class='ocr_par' dir='ltr' id='par_1_87' title="bbox 473 5317 2123 5395">
     <span class='ocr_line' id='line_1_87' title="bbox 473 5317 2123 5395; baseline 0.001 -21"><span class='ocrx_word' id='word_1_663' title='bbox 473 5317 577 5374; x_wconf 88' lang='lat' dir='ltr'><strong>sed</strong></span> <span class='ocrx_word' id='word_1_664' title='bbox 607 5317 851 5373; x_wconf 89' lang='lat' dir='ltr'><strong>uberius</strong></span> <span class='ocrx_word' id='word_1_665' title='bbox 882 5320 1202 5393; x_wconf 80' lang='lat' dir='ltr'><strong>arguentis.</strong></span> <span class='ocrx_word' id='word_1_666' title='bbox 1235 5322 1380 5377; x_wconf 84' lang='lat' dir='ltr'><strong>Nam</strong></span> <span class='ocrx_word' id='word_1_667' title='bbox 1411 5322 1588 5395; x_wconf 85' lang='lat' dir='ltr'><strong>paulo</strong></span> <span class='ocrx_word' id='word_1_668' title='bbox 1614 5325 1769 5387; x_wconf 89' lang='lat' dir='ltr'><strong>ante,</strong></span> <span class='ocrx_word' id='word_1_669' title='bbox 1804 5320 1912 5377; x_wconf 90' lang='lat' dir='ltr'><strong>hos</strong></span> <span class='ocrx_word' id='word_1_670' title='bbox 1944 5321 2123 5377; x_wconf 90' lang='lat' dir='ltr'><strong>susti-</strong></span> 
     </span>
    </p>
   </div>
   <div class='ocr_carea' id='block_1_88' title="bbox 467 5407 2118 5483">
    <p class='ocr_par' dir='ltr' id='par_1_88' title="bbox 467 5407 2118 5483">
     <span class='ocr_line' id='line_1_88' title="bbox 467 5407 2118 5483; baseline 0.001 -20"><span class='ocrx_word' id='word_1_671' title='bbox 467 5422 612 5463; x_wconf 88' lang='lat' dir='ltr'><strong>nere</strong></span> <span class='ocrx_word' id='word_1_672' title='bbox 645 5408 851 5479; x_wconf 88' lang='lat' dir='ltr'><strong>eisque</strong></span> <span class='ocrx_word' id='word_1_673' title='bbox 901 5407 1228 5474; x_wconf 64' lang='lat' dir='ltr'><strong>adhaerere,</strong></span> <span class='ocrx_word' id='word_1_674' title='bbox 1281 5411 1726 5482; x_wconf 88' lang='lat' dir='ltr'><strong>corruptionem</strong></span> <span class='ocrx_word' id='word_1_675' title='bbox 1779 5410 2118 5483; x_wconf 86' lang='lat' dir='ltr'><strong>appellavit.</strong></span> 
     </span>
    </p>
   </div>
   <div class='ocr_carea' id='block_1_89' title="bbox 467 5494 2118 5573">
    <p class='ocr_par' dir='ltr' id='par_1_89' title="bbox 467 5494 2118 5573">
     <span class='ocr_line' id='line_1_89' title="bbox 467 5494 2118 5573; baseline 0.002 -23"><span class='ocrx_word' id='word_1_676' title='bbox 467 5494 617 5561; x_wconf 64' lang='lat' dir='ltr'><strong>Quid</strong></span> <span class='ocrx_word' id='word_1_677' title='bbox 649 5503 740 5551; x_wconf 89' lang='lat' dir='ltr'><strong>est</strong></span> <span class='ocrx_word' id='word_1_678' title='bbox 770 5512 905 5570; x_wconf 87' lang='lat' dir='ltr'><strong>ergo</strong></span> <span class='ocrx_word' id='word_1_679' title='bbox 938 5499 1093 5569; x_wconf 89' lang='lat' dir='ltr'><strong>quod</strong></span> <span class='ocrx_word' id='word_1_680' title='bbox 1126 5501 1366 5573; x_wconf 81' lang='lat' dir='ltr'><strong>arguit?</strong></span> <span class='ocrx_word' id='word_1_681' title='bbox 1400 5499 1861 5569; x_wconf 78' lang='lat' dir='ltr'><strong>lnexcusabiles,</strong></span> <span class='ocrx_word' id='word_1_682' title='bbox 1904 5501 2118 5571; x_wconf 88' lang='lat' dir='ltr'><strong>inquit,</strong></span> 
     </span>
    </p>
   </div>
   <div class='ocr_carea' id='block_1_90' title="bbox 470 5586 2123 5662">
    <p class='ocr_par' dir='ltr' id='par_1_90' title="bbox 470 5586 2123 5662">
     <span class='ocr_line' id='line_1_90' title="bbox 470 5586 2123 5662; baseline 0.003 -21"><span class='ocrx_word' id='word_1_683' title='bbox 470 5586 615 5641; x_wconf 88' lang='lat' dir='ltr'><strong>estis</strong></span> <span class='ocrx_word' id='word_1_684' title='bbox 647 5586 695 5641; x_wconf 90' lang='lat' dir='ltr'><strong>si</strong></span> <span class='ocrx_word' id='word_1_685' title='bbox 726 5586 1023 5656; x_wconf 88' lang='lat' dir='ltr'><strong>fallimini,</strong></span> <span class='ocrx_word' id='word_1_686' title='bbox 1059 5590 1298 5659; x_wconf 90' lang='lat' dir='ltr'><strong>quando</strong></span> <span class='ocrx_word' id='word_1_687' title='bbox 1330 5591 1567 5662; x_wconf 89' lang='lat' dir='ltr'><strong>utrique</strong></span> <span class='ocrx_word' id='word_1_688' title='bbox 1597 5597 1888 5658; x_wconf 90' lang='lat' dir='ltr'><strong>nostrum,</strong></span> <span class='ocrx_word' id='word_1_689' title='bbox 1923 5597 1982 5646; x_wconf 91' lang='lat' dir='ltr'><strong>et</strong></span> <span class='ocrx_word' id='word_1_690' title='bbox 2012 5606 2123 5647; x_wconf 87' lang='lat' dir='ltr'><strong>nos</strong></span> 
     </span>
    </p>
   </div>
   <div class='ocr_carea' id='block_1_91' title="bbox 468 5678 2124 5751">
    <p class='ocr_par' dir='ltr' id='par_1_91' title="bbox 468 5678 2124 5751">
     <span class='ocr_line' id='line_1_91' title="bbox 468 5678 2124 5751; baseline 0.004 -20"><span class='ocrx_word' id='word_1_691' title='bbox 468 5682 531 5732; x_wconf 89' lang='lat' dir='ltr'><strong>et</strong></span> <span class='ocrx_word' id='word_1_692' title='bbox 557 5678 997 5751; x_wconf 88' lang='lat' dir='ltr'><strong>pseudapostoli</strong></span> <span class='ocrx_word' id='word_1_693' title='bbox 1032 5681 1235 5737; x_wconf 65' lang='lat' dir='ltr'><strong>eadem</strong></span> <span class='ocrx_word' id='word_1_694' title='bbox 1270 5681 1540 5737; x_wconf 87' lang='lat' dir='ltr'><strong>videmur</strong></span> <span class='ocrx_word' id='word_1_695' title='bbox 1568 5682 1785 5751; x_wconf 88' lang='lat' dir='ltr'><strong>dicere,</strong></span> <span class='ocrx_word' id='word_1_696' title='bbox 1827 5688 1885 5739; x_wconf 89' lang='lat' dir='ltr'><strong>et</strong></span> <span class='ocrx_word' id='word_1_697' title='bbox 1922 5688 2124 5738; x_wconf 87' lang='lat' dir='ltr'><strong>tamen</strong></span> 
     </span>
    </p>
   </div>
   <div class='ocr_carea' id='block_1_92' title="bbox 2224 3428 3874 3508">
    <p class='ocr_par' dir='ltr' id='par_1_92' title="bbox 2224 3428 3874 3508">
     <span class='ocr_line' id='line_1_92' title="bbox 2224 3428 3874 3508; baseline 0.004 -23"><span class='ocrx_word' id='word_1_698' title='bbox 2224 3429 2575 3505; x_wconf 80' lang='grc' dir='ltr'>προσέχοντι.</span> <span class='ocrx_word' id='word_1_699' title='bbox 2653 3432 2855 3492; x_wconf 84' lang='grc' dir='ltr'>ΙΙάσαις</span> <span class='ocrx_word' id='word_1_700' title='bbox 2928 3430 3030 3507; x_wconf 78' lang='grc' dir='ltr'><strong>γὰρ</strong></span> <span class='ocrx_word' id='word_1_701' title='bbox 3106 3431 3342 3506; x_wconf 71' lang='grc' dir='ltr'>αἱρέσεσι</span> <span class='ocrx_word' id='word_1_702' title='bbox 3381 3428 3572 3488; x_wconf 83' lang='grc' dir='ltr'>δίδωσι</span> <span class='ocrx_word' id='word_1_703' title='bbox 3613 3430 3874 3508; x_wconf 83' lang='grc' dir='ltr'>πρόοδον.</span> 
     </span>
    </p>
   </div>
   <div class='ocr_carea' id='block_1_93' title="bbox 2222 3518 3878 3595">
    <p class='ocr_par' dir='ltr' id='par_1_93' title="bbox 2222 3518 3878 3595">
     <span class='ocr_line' id='line_1_93' title="bbox 2222 3518 3878 3595; baseline 0.002 -22"><span class='ocrx_word' id='word_1_704' title='bbox 2222 3520 2410 3582; x_wconf 66' lang='grc' dir='ltr'>Οὕτως</span> <span class='ocrx_word' id='word_1_705' title='bbox 2443 3519 2755 3593; x_wconf 77' lang='grc' dir='ltr'>ἐκόμπαζον</span> <span class='ocrx_word' id='word_1_706' title='bbox 2786 3521 2837 3575; x_wconf 73' lang='grc' dir='ltr'>οἱ</span> <span class='ocrx_word' id='word_1_707' title='bbox 2878 3518 3338 3595; x_wconf 83' lang='grc' dir='ltr'>ψευδαπόστολοι,</span> <span class='ocrx_word' id='word_1_708' title='bbox 3399 3521 3474 3583; x_wconf 80' lang='grc' dir='ltr'>ὠς</span> <span class='ocrx_word' id='word_1_709' title='bbox 3519 3519 3734 3585; x_wconf 82' lang='grc' dir='ltr'>ἀτελῶς</span> <span class='ocrx_word' id='word_1_710' title='bbox 3780 3526 3878 3579; x_wconf 87' lang='grc' dir='ltr'><strong>τοῦ</strong></span> 
     </span>
    </p>
   </div>
   <div class='ocr_carea' id='block_1_94' title="bbox 2222 3607 3881 3691">
    <p class='ocr_par' dir='ltr' id='par_1_94' title="bbox 2222 3607 3881 3691">
     <span class='ocr_line' id='line_1_94' title="bbox 2222 3607 3881 3691; baseline 0.001 -25"><span class='ocrx_word' id='word_1_711' title='bbox 2222 3609 2443 3666; x_wconf 79' lang='grc' dir='ltr'>Παύλου</span> <span class='ocrx_word' id='word_1_712' title='bbox 2475 3607 2848 3680; x_wconf 71' lang='grc' dir='ltr'>διδάσκοντος,</span> <span class='ocrx_word' id='word_1_713' title='bbox 2881 3611 2971 3666; x_wconf 80' lang='grc' dir='ltr'><strong>καὶ</strong></span> <span class='ocrx_word' id='word_1_714' title='bbox 3030 3611 3117 3667; x_wconf 83' lang='grc' dir='ltr'>’ὁτι</span> <span class='ocrx_word' id='word_1_715' title='bbox 3173 3610 3347 3675; x_wconf 76' lang='grc' dir='ltr'>αὐτοὶ,</span> <span class='ocrx_word' id='word_1_716' title='bbox 3408 3613 3561 3691; x_wconf 65' lang='grc' dir='ltr'>φησί,</span> <span class='ocrx_word' id='word_1_717' title='bbox 3617 3611 3786 3668; x_wconf 80' lang='grc' dir='ltr'>πλέον</span> <span class='ocrx_word' id='word_1_718' title='bbox 3826 3633 3881 3669; x_wconf 92' lang='grc' dir='ltr'><strong>τι</strong></span> 
     </span>
    </p>
   </div>
   <div class='ocr_carea' id='block_1_95' title="bbox 2222 3695 3904 3778">
    <p class='ocr_par' dir='ltr' id='par_1_95' title="bbox 2222 3695 3904 3778">
     <span class='ocr_line' id='line_1_95' title="bbox 2222 3695 3904 3778; baseline 0.002 -23"><span class='ocrx_word' id='word_1_719' title='bbox 2222 3700 2311 3755; x_wconf 80' lang='grc' dir='ltr'><strong>καὶ</strong></span> <span class='ocrx_word' id='word_1_720' title='bbox 2342 3699 2682 3777; x_wconf 88' lang='grc' dir='ltr'>τελειότερον</span> <span class='ocrx_word' id='word_1_721' title='bbox 2740 3699 2983 3775; x_wconf 85' lang='grc' dir='ltr'>λέγουσι.</span> <span class='ocrx_word' id='word_1_722' title='bbox 3030 3704 3110 3775; x_wconf 77' lang='grc' dir='ltr'><strong>Τῇ</strong></span> <span class='ocrx_word' id='word_1_723' title='bbox 3158 3702 3261 3777; x_wconf 80' lang='grc' dir='ltr'><strong>γάρ</strong></span> <span class='ocrx_word' id='word_1_724' title='bbox 3304 3695 3405 3775; x_wconf 75' lang='grc' dir='ltr'><strong>ἔξω</strong></span> <span class='ocrx_word' id='word_1_725' title='bbox 3458 3698 3680 3773; x_wconf 77' lang='grc' dir='ltr'>παιδείᾳ</span> <span class='ocrx_word' id='word_1_726' title='bbox 3727 3702 3904 3778; x_wconf 81' lang='grc' dir='ltr'>χρώ-</span> 
     </span>
    </p>
   </div>
   <div class='ocr_carea' id='block_1_96' title="bbox 2228 3787 3881 3868">
    <p class='ocr_par' dir='ltr' id='par_1_96' title="bbox 2228 3787 3881 3868">
     <span class='ocr_line' id='line_1_96' title="bbox 2228 3787 3881 3868; baseline 0.001 -23"><span class='ocrx_word' id='word_1_727' title='bbox 2228 3810 2403 3864; x_wconf 78' lang='grc' dir='ltr'>μενοι,</span> <span class='ocrx_word' id='word_1_728' title='bbox 2468 3795 2585 3852; x_wconf 91' lang='grc' dir='ltr'>τοῖς</span> <span class='ocrx_word' id='word_1_729' title='bbox 2654 3788 2880 3859; x_wconf 83' lang='grc' dir='ltr'>ἀληθέσι</span> <span class='ocrx_word' id='word_1_730' title='bbox 2942 3787 3175 3865; x_wconf 84' lang='grc' dir='ltr'>δόγμασι</span> <span class='ocrx_word' id='word_1_731' title='bbox 3249 3790 3517 3868; x_wconf 63' lang='grc' dir='ltr'>φλυαρίας</span> <span class='ocrx_word' id='word_1_732' title='bbox 3573 3791 3881 3866; x_wconf 79' lang='grc' dir='ltr'>ἀνεμίγνυν.</span> 
     </span>
    </p>
   </div>
   <div class='ocr_carea' id='block_1_97' title="bbox 2226 3873 3885 3959">
    <p class='ocr_par' dir='ltr' id='par_1_97' title="bbox 2226 3873 3885 3959">
     <span class='ocr_line' id='line_1_97' title="bbox 2226 3873 3885 3959; baseline 0.001 -24"><span class='ocrx_word' id='word_1_733' title='bbox 2226 3882 2320 3935; x_wconf 81' lang='grc' dir='ltr'><strong>Διὸ</strong></span> <span class='ocrx_word' id='word_1_734' title='bbox 2349 3879 2438 3935; x_wconf 81' lang='grc' dir='ltr'><strong>καὶ</strong></span> <span class='ocrx_word' id='word_1_735' title='bbox 2469 3873 2715 3959; x_wconf 71' lang='grc' dir='ltr'>ἔφθειρον</span> <span class='ocrx_word' id='word_1_736' title='bbox 2770 3877 3036 3943; x_wconf 87' lang='grc' dir='ltr'>πολλούς.</span> <span class='ocrx_word' id='word_1_737' title='bbox 3093 3881 3271 3936; x_wconf 86' lang='grc' dir='ltr'>Τοῦτο</span> <span class='ocrx_word' id='word_1_738' title='bbox 3310 3878 3401 3935; x_wconf 81' lang='grc' dir='ltr'><strong>οῦν</strong></span> <span class='ocrx_word' id='word_1_739' title='bbox 3460 3902 3594 3957; x_wconf 74' lang='grc' dir='ltr'>φησι</span> <span class='ocrx_word' id='word_1_740' title='bbox 3642 3885 3758 3935; x_wconf 91' lang='grc' dir='ltr'>νῦν·</span> <span class='ocrx_word' id='word_1_741' title='bbox 3815 3879 3885 3938; x_wconf 77' lang='grc' dir='ltr'><strong>Εἴ</strong></span> 
     </span>
    </p>
   </div>
   <div class='ocr_carea' id='block_1_98' title="bbox 2230 3964 3885 4045">
    <p class='ocr_par' dir='ltr' id='par_1_98' title="bbox 2230 3964 3885 4045">
     <span class='ocr_line' id='line_1_98' title="bbox 2230 3964 3885 4045; baseline 0.001 -21"><span class='ocrx_word' id='word_1_742' title='bbox 2230 3970 2326 4043; x_wconf 84' lang='grc' dir='ltr'><strong>μέν</strong></span> <span class='ocrx_word' id='word_1_743' title='bbox 2355 3991 2408 4026; x_wconf 90' lang='grc' dir='ltr'><strong>τι</strong></span> <span class='ocrx_word' id='word_1_744' title='bbox 2449 3968 2784 4045; x_wconf 74' lang='grc' dir='ltr'>τελειότερςν</span> <span class='ocrx_word' id='word_1_745' title='bbox 2841 3967 3089 4045; x_wconf 86' lang='grc' dir='ltr'>λέγουσιν</span> <span class='ocrx_word' id='word_1_746' title='bbox 3153 3970 3327 4039; x_wconf 81' lang='grc' dir='ltr'>οὗτοι,</span> <span class='ocrx_word' id='word_1_747' title='bbox 3384 3970 3476 4024; x_wconf 82' lang='grc' dir='ltr'><strong>καὶ</strong></span> <span class='ocrx_word' id='word_1_748' title='bbox 3531 3966 3714 4039; x_wconf 65' lang='grc' dir='ltr'>ἕτερον</span> <span class='ocrx_word' id='word_1_749' title='bbox 3772 3964 3885 4025; x_wconf 70' lang='grc' dir='ltr'>ἔδει</span> 
     </span>
    </p>
   </div>
   <div class='ocr_carea' id='block_1_99' title="bbox 2226 4056 3885 4134">
    <p class='ocr_par' dir='ltr' id='par_1_99' title="bbox 2226 4056 3885 4134">
     <span class='ocr_line' id='line_1_99' title="bbox 2226 4056 3885 4134; baseline 0 -20"><span class='ocrx_word' id='word_1_750' title='bbox 2226 4061 2576 4134; x_wconf 75' lang='grc' dir='ltr'>κηρυχθῆναι</span> <span class='ocrx_word' id='word_1_751' title='bbox 2607 4058 2867 4133; x_wconf 85' lang='grc' dir='ltr'>Χριστὸν,</span> <span class='ocrx_word' id='word_1_752' title='bbox 2902 4057 2990 4112; x_wconf 70' lang='grc' dir='ltr'>καὶ</span> <span class='ocrx_word' id='word_1_753' title='bbox 3037 4061 3203 4128; x_wconf 82' lang='grc' dir='ltr'>ἡμεῖς</span> <span class='ocrx_word' id='word_1_754' title='bbox 3252 4056 3654 4133; x_wconf 84' lang='grc' dir='ltr'>παρελίπομεν,</span> <span class='ocrx_word' id='word_1_755' title='bbox 3699 4057 3885 4114; x_wconf 79' lang='grc' dir='ltr'>καλῶς</span> 
     </span>
    </p>
   </div>
   <div class='ocr_carea' id='block_1_100' title="bbox 2226 4144 3888 4226">
    <p class='ocr_par' dir='ltr' id='par_1_100' title="bbox 2226 4144 3888 4226">
     <span class='ocr_line' id='line_1_100' title="bbox 2226 4144 3888 4226; baseline 0.001 -27"><span class='ocrx_word' id='word_1_756' title='bbox 2226 4147 2529 4226; x_wconf 75' lang='grc' dir='ltr'>ἠνείχεσθε.</span> <span class='ocrx_word' id='word_1_757' title='bbox 2565 4148 2664 4202; x_wconf 78' lang='grc' dir='ltr'><strong>Διᾶ</strong></span> <span class='ocrx_word' id='word_1_758' title='bbox 2692 4150 2855 4203; x_wconf 90' lang='grc' dir='ltr'>τοῦτο</span> <span class='ocrx_word' id='word_1_759' title='bbox 2902 4146 3004 4222; x_wconf 79' lang='grc' dir='ltr'><strong>γάρ</strong></span> <span class='ocrx_word' id='word_1_760' title='bbox 3054 4144 3223 4223; x_wconf 83' lang='grc' dir='ltr'>λέγει,</span> <span class='ocrx_word' id='word_1_761' title='bbox 3274 4170 3303 4199; x_wconf 87' lang='grc'><strong>‹‹</strong></span> <span class='ocrx_word' id='word_1_762' title='bbox 3332 4148 3429 4204; x_wconf 74' lang='lat' dir='ltr'><strong>&quot;Ov</strong></span> <span class='ocrx_word' id='word_1_763' title='bbox 3486 4146 3585 4201; x_wconf 83' lang='grc' dir='ltr'><strong>όὺκ</strong></span> <span class='ocrx_word' id='word_1_764' title='bbox 3627 4146 3888 4223; x_wconf 77' lang='grc' dir='ltr'>έκηρνξα-</span> 
     </span>
    </p>
   </div>
   <div class='ocr_carea' id='block_1_101' title="bbox 2232 4233 3887 4316">
    <p class='ocr_par' dir='ltr' id='par_1_101' title="bbox 2232 4233 3887 4316">
     <span class='ocr_line' id='line_1_101' title="bbox 2232 4233 3887 4316; baseline -0.001 -25"><span class='ocrx_word' id='word_1_765' title='bbox 2232 4258 2348 4311; x_wconf 85' lang='grc' dir='ltr'>μεν.</span> <span class='ocrx_word' id='word_1_766' title='bbox 2384 4260 2414 4289; x_wconf 89' lang='grc'><strong>››</strong></span> <span class='ocrx_word' id='word_1_767' title='bbox 2448 4236 2510 4294; x_wconf 78' lang='grc' dir='ltr'><strong>Εἰ</strong></span> <span class='ocrx_word' id='word_1_768' title='bbox 2544 4233 2601 4291; x_wconf 69' lang='grc' dir='ltr'>δὲ</span> <span class='ocrx_word' id='word_1_769' title='bbox 2628 4237 2697 4291; x_wconf 79' lang='grc' dir='ltr'><strong>τὰ</strong></span> <span class='ocrx_word' id='word_1_770' title='bbox 2721 4233 2859 4291; x_wconf 77' lang='grc' dir='ltr'>αὑτά</span> <span class='ocrx_word' id='word_1_771' title='bbox 2904 4236 3038 4304; x_wconf 71' lang='grc' dir='ltr'>ἔστι,</span> <span class='ocrx_word' id='word_1_772' title='bbox 3088 4236 3245 4315; x_wconf 77' lang='grc' dir='ltr'>φησὶ,</span> <span class='ocrx_word' id='word_1_773' title='bbox 3293 4242 3392 4304; x_wconf 73' lang='grc' dir='ltr'><strong>τῆς</strong></span> <span class='ocrx_word' id='word_1_774' title='bbox 3441 4234 3677 4298; x_wconf 87' lang='grc' dir='ltr'>πίστεως</span> <span class='ocrx_word' id='word_1_775' title='bbox 3718 4235 3887 4316; x_wconf 63' lang='grc' dir='ltr'>κειρά-</span> 
     </span>
    </p>
   </div>
   <div class='ocr_carea' id='block_1_102' title="bbox 2228 4326 3882 4405">
    <p class='ocr_par' dir='ltr' id='par_1_102' title="bbox 2228 4326 3882 4405">
     <span class='ocr_line' id='line_1_102' title="bbox 2228 4326 3882 4405; baseline -0.001 -19"><span class='ocrx_word' id='word_1_776' title='bbox 2228 4330 2379 4399; x_wconf 85' lang='grc' dir='ltr'>λαια,</span> <span class='ocrx_word' id='word_1_777' title='bbox 2413 4331 2502 4386; x_wconf 85' lang='grc' dir='ltr'><strong>καὶ</strong></span> <span class='ocrx_word' id='word_1_778' title='bbox 2535 4328 2689 4385; x_wconf 75' lang='grc' dir='ltr'>οὐδὲν</span> <span class='ocrx_word' id='word_1_779' title='bbox 2719 4327 2885 4385; x_wconf 79' lang='grc' dir='ltr'>πλέον</span> <span class='ocrx_word' id='word_1_780' title='bbox 2918 4330 3129 4405; x_wconf 83' lang='grc' dir='ltr'>ἐροῦσιν</span> <span class='ocrx_word' id='word_1_781' title='bbox 3159 4330 3283 4386; x_wconf 74' lang='grc' dir='ltr'>ὅσον</span> <span class='ocrx_word' id='word_1_782' title='bbox 3317 4332 3447 4400; x_wconf 80' lang='grc' dir='ltr'>ἧκεν</span> <span class='ocrx_word' id='word_1_783' title='bbox 3478 4330 3555 4393; x_wconf 82' lang='grc' dir='ltr'><strong>είς</strong></span> <span class='ocrx_word' id='word_1_784' title='bbox 3585 4330 3649 4386; x_wconf 85' lang='grc' dir='ltr'>τὸ</span> <span class='ocrx_word' id='word_1_785' title='bbox 3681 4326 3882 4404; x_wconf 84' lang='grc' dir='ltr'>δόγμα,</span> 
     </span>
    </p>
   </div>
   <div class='ocr_carea' id='block_1_103' title="bbox 2230 4414 3886 4500">
    <p class='ocr_par' dir='ltr' id='par_1_103' title="bbox 2230 4414 3886 4500">
     <span class='ocr_line' id='line_1_103' title="bbox 2230 4414 3886 4500; baseline -0.003 -22"><span class='ocrx_word' id='word_1_786' title='bbox 2230 4418 2320 4478; x_wconf 68' lang='grc' dir='ltr'><strong>διὰ</strong></span> <span class='ocrx_word' id='word_1_787' title='bbox 2349 4421 2403 4477; x_wconf 82' lang='grc' dir='ltr'><strong>τί</strong></span> <span class='ocrx_word' id='word_1_788' title='bbox 2434 4420 2601 4477; x_wconf 74' lang='grc' dir='ltr'>πλέον</span> <span class='ocrx_word' id='word_1_789' title='bbox 2630 4414 2822 4500; x_wconf 75' lang='grc' dir='ltr'>ἔχουσι</span> <span class='ocrx_word' id='word_1_790' title='bbox 2850 4421 2976 4495; x_wconf 85' lang='grc' dir='ltr'>παρ’</span> <span class='ocrx_word' id='word_1_791' title='bbox 3011 4421 3139 4494; x_wconf 86' lang='grc' dir='ltr'>ὑμῖν</span> <span class='ocrx_word' id='word_1_792' title='bbox 3184 4418 3379 4476; x_wconf 81' lang='grc' dir='ltr'>ἐκεῖνοι</span> <span class='ocrx_word' id='word_1_793' title='bbox 3409 4440 3424 4490; x_wconf 73' lang='grc' dir='ltr'><strong>ς</strong></span> <span class='ocrx_word' id='word_1_794' title='bbox 3472 4422 3627 4493; x_wconf 78' lang='grc' dir='ltr'><strong>’Ὀσῳ</strong></span> <span class='ocrx_word' id='word_1_795' title='bbox 3666 4419 3770 4494; x_wconf 74' lang='grc' dir='ltr'>γὰρ</span> <span class='ocrx_word' id='word_1_796' title='bbox 3823 4417 3886 4474; x_wconf 77' lang='grc' dir='ltr'>ἄν</span> 
     </span>
    </p>
   </div>
   <div class='ocr_carea' id='block_1_104' title="bbox 2228 4507 3885 4591">
    <p class='ocr_par' dir='ltr' id='par_1_104' title="bbox 2228 4507 3885 4591">
     <span class='ocr_line' id='line_1_104' title="bbox 2228 4507 3885 4591; baseline -0.004 -24"><span class='ocrx_word' id='word_1_797' title='bbox 2228 4511 2609 4591; x_wconf 70' lang='grc' dir='ltr'>φλυαρῆσωσι,</span> <span class='ocrx_word' id='word_1_798' title='bbox 2645 4509 2832 4589; x_wconf 73' lang='grc' dir='ltr'>φησὶν,</span> <span class='ocrx_word' id='word_1_799' title='bbox 2866 4508 3023 4565; x_wconf 71' lang='grc' dir='ltr'>οὐδὲν</span> <span class='ocrx_word' id='word_1_800' title='bbox 3061 4507 3252 4579; x_wconf 74' lang='grc' dir='ltr'>πλέον,</span> <span class='ocrx_word' id='word_1_801' title='bbox 3296 4510 3369 4565; x_wconf 85' lang='grc' dir='ltr'>ὥν</span> <span class='ocrx_word' id='word_1_802' title='bbox 3417 4512 3602 4584; x_wconf 75' lang='grc' dir='ltr'>ἡμεῖς,</span> <span class='ocrx_word' id='word_1_803' title='bbox 3656 4508 3885 4574; x_wconf 72' lang='grc' dir='ltr'>εἶ’ποιεν,</span> 
     </span>
    </p>
   </div>
   <div class='ocr_carea' id='block_1_105' title="bbox 2227 4597 3889 4674">
    <p class='ocr_par' dir='ltr' id='par_1_105' title="bbox 2227 4597 3889 4674">
     <span class='ocr_line' id='line_1_105' title="bbox 2227 4597 3889 4674; baseline -0.002 -17"><span class='ocrx_word' id='word_1_804' title='bbox 2227 4600 2375 4670; x_wconf 68' lang='grc' dir='ltr'>πλὴν</span> <span class='ocrx_word' id='word_1_805' title='bbox 2442 4606 2540 4657; x_wconf 79' lang='grc' dir='ltr'><strong>τοῦ</strong></span> <span class='ocrx_word' id='word_1_806' title='bbox 2596 4601 2815 4674; x_wconf 88' lang='grc' dir='ltr'>κόμπου</span> <span class='ocrx_word' id='word_1_807' title='bbox 2871 4604 2978 4655; x_wconf 83' lang='grc' dir='ltr'><strong>τῶν</strong></span> <span class='ocrx_word' id='word_1_808' title='bbox 3057 4597 3272 4670; x_wconf 80' lang='grc' dir='ltr'>λέξεων.</span> <span class='ocrx_word' id='word_1_809' title='bbox 3326 4632 3397 4643; x_wconf 87' lang='lat'><strong>—-</strong></span> <span class='ocrx_word' id='word_1_810' title='bbox 3452 4602 3638 4673; x_wconf 83' lang='grc' dir='ltr'>ΦΩΤ.]</span> <span class='ocrx_word' id='word_1_811' title='bbox 3694 4599 3770 4654; x_wconf 83' lang='grc' dir='ltr'>Τὸ</span> <span class='ocrx_word' id='word_1_812' title='bbox 3829 4597 3889 4653; x_wconf 65' lang='grc' dir='ltr'><strong>δὲ</strong></span> 
     </span>
    </p>
   </div>
   <div class='ocr_carea' id='block_1_106' title="bbox 2230 4686 3884 4765">
    <p class='ocr_par' dir='ltr' id='par_1_106' title="bbox 2230 4686 3884 4765">
     <span class='ocr_line' id='line_1_106' title="bbox 2230 4686 3884 4765; baseline -0.002 -20"><span class='ocrx_word' id='word_1_813' title='bbox 2230 4719 2257 4745; x_wconf 88' lang='grc'><strong>‹‹</strong></span> <span class='ocrx_word' id='word_1_814' title='bbox 2319 4689 2515 4753; x_wconf 78' lang='grc' dir='ltr'>Καλῶς</span> <span class='ocrx_word' id='word_1_815' title='bbox 2573 4689 2876 4765; x_wconf 81' lang='grc' dir='ltr'>ἠνείχεσθε,</span> <span class='ocrx_word' id='word_1_816' title='bbox 2941 4710 2965 4741; x_wconf 74' lang='grc' dir='ltr'>ι</span> <span class='ocrx_word' id='word_1_817' title='bbox 3026 4689 3129 4744; x_wconf 84' lang='grc' dir='ltr'><strong>οὑκ</strong></span> <span class='ocrx_word' id='word_1_818' title='bbox 3209 4688 3555 4751; x_wconf 80' lang='grc' dir='ltr'>ἐπαινοῦντός</span> <span class='ocrx_word' id='word_1_819' title='bbox 3615 4686 3728 4743; x_wconf 77' lang='grc' dir='ltr'>ἑστι</span> <span class='ocrx_word' id='word_1_820' title='bbox 3782 4688 3884 4757; x_wconf 71' lang='grc' dir='ltr'>τὴν</span> 
     </span>
    </p>
   </div>
   <div class='ocr_carea' id='block_1_107' title="bbox 2228 4780 3886 4860">
    <p class='ocr_par' dir='ltr' id='par_1_107' title="bbox 2228 4780 3886 4860">
     <span class='ocr_line' id='line_1_107' title="bbox 2228 4780 3886 4860; baseline -0.002 -20"><span class='ocrx_word' id='word_1_821' title='bbox 2228 4785 2484 4855; x_wconf 80' lang='grc' dir='ltr'>τοιαύτην</span> <span class='ocrx_word' id='word_1_822' title='bbox 2536 4785 2788 4860; x_wconf 83' lang='grc' dir='ltr'>γνώμην,</span> <span class='ocrx_word' id='word_1_823' title='bbox 2877 4780 3005 4837; x_wconf 80' lang='grc' dir='ltr'>ἀλλ’</span> <span class='ocrx_word' id='word_1_824' title='bbox 3062 4781 3121 4838; x_wconf 80' lang='grc' dir='ltr'>ἐκ</span> <span class='ocrx_word' id='word_1_825' title='bbox 3178 4780 3467 4856; x_wconf 76' lang='grc' dir='ltr'>περουσίας</span> <span class='ocrx_word' id='word_1_826' title='bbox 3541 4780 3886 4860; x_wconf 78' lang='grc' dir='ltr'>ἐλέγχοντος.</span> 
     </span>
    </p>
   </div>
   <div class='ocr_carea' id='block_1_108' title="bbox 2226 4870 3888 4950">
    <p class='ocr_par' dir='ltr' id='par_1_108' title="bbox 2226 4870 3888 4950">
     <span class='ocr_line' id='line_1_108' title="bbox 2226 4870 3888 4950; baseline -0.004 -20"><span class='ocrx_word' id='word_1_827' title='bbox 2226 4874 2442 4950; x_wconf 73' lang='grc' dir='ltr'>Φθορὲιν</span> <span class='ocrx_word' id='word_1_828' title='bbox 2489 4873 2589 4949; x_wconf 76' lang='grc' dir='ltr'><strong>γάρ</strong></span> <span class='ocrx_word' id='word_1_829' title='bbox 2648 4873 2755 4942; x_wconf 68' lang='grc' dir='ltr'><strong>πρὸ</strong></span> <span class='ocrx_word' id='word_1_830' title='bbox 2817 4875 3038 4945; x_wconf 78' lang='grc' dir='ltr'>μικροῦ,</span> <span class='ocrx_word' id='word_1_831' title='bbox 3095 4872 3158 4927; x_wconf 86' lang='grc' dir='ltr'>τὸ</span> <span class='ocrx_word' id='word_1_832' title='bbox 3210 4871 3494 4946; x_wconf 77' lang='grc' dir='ltr'>ἀνέχεσθαι</span> <span class='ocrx_word' id='word_1_833' title='bbox 3550 4871 3757 4927; x_wconf 88' lang='grc' dir='ltr'>τούτων</span> <span class='ocrx_word' id='word_1_834' title='bbox 3796 4870 3888 4925; x_wconf 78' lang='grc' dir='ltr'><strong>καί</strong></span> 
     </span>
    </p>
   </div>
   <div class='ocr_carea' id='block_1_109' title="bbox 2225 4958 3887 5038">
    <p class='ocr_par' dir='ltr' id='par_1_109' title="bbox 2225 4958 3887 5038">
     <span class='ocr_line' id='line_1_109' title="bbox 2225 4958 3887 5038; baseline -0.002 -19"><span class='ocrx_word' id='word_1_835' title='bbox 2225 4964 2518 5038; x_wconf 77' lang='grc' dir='ltr'>προσέγειε</span> <span class='ocrx_word' id='word_1_836' title='bbox 2547 4962 2733 5025; x_wconf 82' lang='grc' dir='ltr'>αὐτοῖς</span> <span class='ocrx_word' id='word_1_837' title='bbox 2766 4960 3083 5019; x_wconf 83' lang='grc' dir='ltr'>ἀπεκάλεσε.</span> <span class='ocrx_word' id='word_1_838' title='bbox 3118 4962 3189 5019; x_wconf 88' lang='grc' dir='ltr'>Τί</span> <span class='ocrx_word' id='word_1_839' title='bbox 3237 4961 3330 5016; x_wconf 77' lang='grc' dir='ltr'><strong>οὖν</strong></span> <span class='ocrx_word' id='word_1_840' title='bbox 3380 4960 3522 5016; x_wconf 78' lang='grc' dir='ltr'>ἐστιν</span> <span class='ocrx_word' id='word_1_841' title='bbox 3549 4962 3579 5016; x_wconf 79' lang='grc' dir='ltr'><strong>’ὁ</strong></span> <span class='ocrx_word' id='word_1_842' title='bbox 3610 4958 3835 5038; x_wconf 80' lang='grc' dir='ltr'>ἐλέγχει</span> <span class='ocrx_word' id='word_1_843' title='bbox 3872 4978 3887 5028; x_wconf 88' lang='lat'><strong>;</strong></span> 
     </span>
    </p>
   </div>
   <div class='ocr_carea' id='block_1_110' title="bbox 2230 5048 3889 5131">
    <p class='ocr_par' dir='ltr' id='par_1_110' title="bbox 2230 5048 3889 5131">
     <span class='ocr_line' id='line_1_110' title="bbox 2230 5048 3889 5131; baseline -0.002 -23"><span class='ocrx_word' id='word_1_844' title='bbox 2230 5053 2660 5131; x_wconf 70' lang='grc' dir='ltr'>Ἀπροφάσιστος</span> <span class='ocrx_word' id='word_1_845' title='bbox 2720 5051 2872 5125; x_wconf 83' lang='grc' dir='ltr'>ὑμῶν</span> <span class='ocrx_word' id='word_1_846' title='bbox 2933 5048 3065 5119; x_wconf 78' lang='grc' dir='ltr'>ἐστι,</span> <span class='ocrx_word' id='word_1_847' title='bbox 3128 5048 3316 5131; x_wconf 68' lang='grc' dir='ltr'>φησὶν,</span> <span class='ocrx_word' id='word_1_848' title='bbox 3382 5052 3417 5120; x_wconf 74' lang='grc' dir='ltr'><strong>ἡ</strong></span> <span class='ocrx_word' id='word_1_849' title='bbox 3486 5049 3696 5124; x_wconf 81' lang='grc' dir='ltr'>ἀγάπη,</span> <span class='ocrx_word' id='word_1_850' title='bbox 3757 5050 3889 5104; x_wconf 89' lang='grc' dir='ltr'>’ὁταν</span> 
     </span>
    </p>
   </div>
   <div class='ocr_carea' id='block_1_111' title="bbox 2228 5135 3889 5221">
    <p class='ocr_par' dir='ltr' id='par_1_111' title="bbox 2228 5135 3889 5221">
     <span class='ocr_line' id='line_1_111' title="bbox 2228 5135 3889 5221; baseline -0.002 -24"><span class='ocrx_word' id='word_1_851' title='bbox 2228 5140 2395 5221; x_wconf 74' lang='grc' dir='ltr'>ἄμφω</span> <span class='ocrx_word' id='word_1_852' title='bbox 2427 5144 2590 5216; x_wconf 79' lang='grc' dir='ltr'>ἡμῶν</span> <span class='ocrx_word' id='word_1_853' title='bbox 2618 5161 2676 5196; x_wconf 87' lang='grc' dir='ltr'><strong>τε</strong></span> <span class='ocrx_word' id='word_1_854' title='bbox 2696 5141 2786 5195; x_wconf 85' lang='grc' dir='ltr'><strong>καὶ</strong></span> <span class='ocrx_word' id='word_1_855' title='bbox 2827 5144 2933 5196; x_wconf 82' lang='grc' dir='ltr'><strong>τῶν</strong></span> <span class='ocrx_word' id='word_1_856' title='bbox 2986 5135 3448 5214; x_wconf 74' lang='grc' dir='ltr'>ψευδαποστόλων</span> <span class='ocrx_word' id='word_1_857' title='bbox 3493 5140 3558 5193; x_wconf 78' lang='grc' dir='ltr'>τὰ</span> <span class='ocrx_word' id='word_1_858' title='bbox 3610 5139 3748 5194; x_wconf 81' lang='grc' dir='ltr'>αὑτά</span> <span class='ocrx_word' id='word_1_859' title='bbox 3796 5135 3889 5194; x_wconf 89' lang='grc' dir='ltr'>δο-</span> 
     </span>
    </p>
   </div>
   <div class='ocr_carea' id='block_1_112' title="bbox 2228 5226 3891 5308">
    <p class='ocr_par' dir='ltr' id='par_1_112' title="bbox 2228 5226 3891 5308">
     <span class='ocr_line' id='line_1_112' title="bbox 2228 5226 3891 5308; baseline -0.002 -20"><span class='ocrx_word' id='word_1_860' title='bbox 2228 5233 2464 5288; x_wconf 69' lang='grc' dir='ltr'>κούνεων</span> <span class='ocrx_word' id='word_1_861' title='bbox 2520 5231 2719 5308; x_wconf 79' lang='grc' dir='ltr'>λέγειν,</span> <span class='ocrx_word' id='word_1_862' title='bbox 2776 5234 2935 5306; x_wconf 72' lang='grc' dir='ltr'>ἡμῶν</span> <span class='ocrx_word' id='word_1_863' title='bbox 2999 5230 3096 5304; x_wconf 69' lang='grc' dir='ltr'>μὲν</span> <span class='ocrx_word' id='word_1_864' title='bbox 3182 5228 3495 5305; x_wconf 80' lang='grc' dir='ltr'>ἀφίστασθε,</span> <span class='ocrx_word' id='word_1_865' title='bbox 3555 5228 3780 5291; x_wconf 63' lang='grc' dir='ltr'>ἐκείνοις</span> <span class='ocrx_word' id='word_1_866' title='bbox 3831 5226 3891 5284; x_wconf 66' lang='grc' dir='ltr'>δὲ</span> 
     </span>
    </p>
   </div>
   <div class='ocr_carea' id='block_1_113' title="bbox 2228 5316 3891 5398">
    <p class='ocr_par' dir='ltr' id='par_1_113' title="bbox 2228 5316 3891 5398">
     <span class='ocr_line' id='line_1_113' title="bbox 2228 5316 3891 5398; baseline -0.002 -21"><span class='ocrx_word' id='word_1_867' title='bbox 2228 5322 2599 5395; x_wconf 79' lang='grc' dir='ltr'>προστίθεσθε.</span> <span class='ocrx_word' id='word_1_868' title='bbox 2635 5321 2713 5379; x_wconf 72' lang='grc' dir='ltr'><strong>Οὐ</strong></span> <span class='ocrx_word' id='word_1_869' title='bbox 2770 5322 2874 5398; x_wconf 81' lang='grc' dir='ltr'>γὰρ</span> <span class='ocrx_word' id='word_1_870' title='bbox 2928 5316 3072 5391; x_wconf 67' lang='grc' dir='ltr'>ἕξετε</span> <span class='ocrx_word' id='word_1_871' title='bbox 3126 5319 3393 5398; x_wconf 72' lang='grc' dir='ltr'>πρόφασιν</span> <span class='ocrx_word' id='word_1_872' title='bbox 3452 5320 3553 5389; x_wconf 73' lang='grc' dir='ltr'>τὴν</span> <span class='ocrx_word' id='word_1_873' title='bbox 3593 5318 3891 5388; x_wconf 82' lang='grc' dir='ltr'>καινότητα</span> 
     </span>
    </p>
   </div>
   <div class='ocr_carea' id='block_1_114' title="bbox 2228 5407 3894 5486">
    <p class='ocr_par' dir='ltr' id='par_1_114' title="bbox 2228 5407 3894 5486">
     <span class='ocr_line' id='line_1_114' title="bbox 2228 5407 3894 5486; baseline -0.002 -20"><span class='ocrx_word' id='word_1_874' title='bbox 2228 5418 2329 5480; x_wconf 79' lang='grc' dir='ltr'><strong>τῆς</strong></span> <span class='ocrx_word' id='word_1_875' title='bbox 2390 5410 2626 5486; x_wconf 84' lang='grc' dir='ltr'>ἀγάπης,</span> <span class='ocrx_word' id='word_1_876' title='bbox 2685 5410 2777 5466; x_wconf 81' lang='grc' dir='ltr'><strong>καὶ</strong></span> <span class='ocrx_word' id='word_1_877' title='bbox 2832 5411 2895 5465; x_wconf 84' lang='grc' dir='ltr'>τὸ</span> <span class='ocrx_word' id='word_1_878' title='bbox 2952 5407 3363 5483; x_wconf 72' lang='grc' dir='ltr'>ἐξηλλαγμένον</span> <span class='ocrx_word' id='word_1_879' title='bbox 3437 5408 3513 5470; x_wconf 75' lang='grc' dir='ltr'>εἷς</span> <span class='ocrx_word' id='word_1_880' title='bbox 3566 5408 3894 5476; x_wconf 77' lang='grc' dir='ltr'>τελειότητα</span> 
     </span>
    </p>
   </div>
   <div class='ocr_carea' id='block_1_115' title="bbox 2228 5496 3893 5578">
    <p class='ocr_par' dir='ltr' id='par_1_115' title="bbox 2228 5496 3893 5578">
     <span class='ocr_line' id='line_1_115' title="bbox 2228 5496 3893 5578; baseline -0.004 -21"><span class='ocrx_word' id='word_1_881' title='bbox 2228 5504 2336 5557; x_wconf 76' lang='grc' dir='ltr'><strong>τῶν</strong></span> <span class='ocrx_word' id='word_1_882' title='bbox 2369 5498 2683 5578; x_wconf 75' lang='grc' dir='ltr'>δογμάτων.</span> <span class='ocrx_word' id='word_1_883' title='bbox 2748 5498 2923 5557; x_wconf 79' lang='grc' dir='ltr'>Ε’ἶωθε</span> <span class='ocrx_word' id='word_1_884' title='bbox 2968 5500 3069 5575; x_wconf 76' lang='grc' dir='ltr'><strong>γὰρ</strong></span> <span class='ocrx_word' id='word_1_885' title='bbox 3110 5501 3144 5567; x_wconf 79' lang='grc' dir='ltr'><strong>ἡ</strong></span> <span class='ocrx_word' id='word_1_886' title='bbox 3210 5498 3465 5568; x_wconf 88' lang='grc' dir='ltr'>καινότης</span> <span class='ocrx_word' id='word_1_887' title='bbox 3510 5496 3893 5575; x_wconf 83' lang='grc' dir='ltr'>ὑπογαργαλί-</span> 
     </span>
    </p>
   </div>
   <div class='ocr_carea' id='block_1_116' title="bbox 2234 5584 3889 5667">
    <p class='ocr_par' dir='ltr' id='par_1_116' title="bbox 2234 5584 3889 5667">
     <span class='ocr_line' id='line_1_116' title="bbox 2234 5584 3889 5667; baseline -0.001 -24"><span class='ocrx_word' id='word_1_888' title='bbox 2234 5595 2341 5660; x_wconf 77' lang='grc' dir='ltr'>ζειν</span> <span class='ocrx_word' id='word_1_889' title='bbox 2371 5590 2462 5644; x_wconf 86' lang='grc' dir='ltr'><strong>καὶ</strong></span> <span class='ocrx_word' id='word_1_890' title='bbox 2522 5589 2836 5667; x_wconf 60' lang='grc' dir='ltr'>ἒφέλκεσθαι</span> <span class='ocrx_word' id='word_1_891' title='bbox 2891 5588 3021 5650; x_wconf 77' lang='grc' dir='ltr'>τοὺς</span> <span class='ocrx_word' id='word_1_892' title='bbox 3079 5586 3504 5663; x_wconf 80' lang='grc' dir='ltr'>ἁπλουστέρους.</span> <span class='ocrx_word' id='word_1_893' title='bbox 3568 5592 3746 5661; x_wconf 82' lang='grc' dir='ltr'>Ὑμῖν,</span> <span class='ocrx_word' id='word_1_894' title='bbox 3810 5584 3889 5656; x_wconf 66' lang='grc' dir='ltr'>δὶ,</span> 
     </span>
    </p>
   </div>
   <div class='ocr_carea' id='block_1_117' title="bbox 2233 5676 3247 5758">
    <p class='ocr_par' dir='ltr' id='par_1_117' title="bbox 2233 5676 3247 5758">
     <span class='ocr_line' id='line_1_117' title="bbox 2233 5676 3247 5758; baseline 0.001 -24"><span class='ocrx_word' id='word_1_895' title='bbox 2233 5676 2358 5734; x_wconf 73' lang='grc' dir='ltr'>οὑδὲ</span> <span class='ocrx_word' id='word_1_896' title='bbox 2390 5679 2523 5750; x_wconf 69' lang='grc' dir='ltr'>αὕτη</span> <span class='ocrx_word' id='word_1_897' title='bbox 2555 5681 2590 5749; x_wconf 79' lang='grc' dir='ltr'>ἡ</span> <span class='ocrx_word' id='word_1_898' title='bbox 2625 5680 2892 5757; x_wconf 72' lang='grc' dir='ltr'>πρόφασις</span> <span class='ocrx_word' id='word_1_899' title='bbox 2927 5676 3247 5758; x_wconf 76' lang='grc' dir='ltr'>ὑπελείφθη.</span> 
     </span>
    </p>
   </div>
   <div class='ocr_carea' id='block_1_118' title="bbox 473 5768 3883 5842">
    <p class='ocr_par' dir='ltr' id='par_1_118' title="bbox 473 5768 3883 5842">
     <span class='ocr_line' id='line_1_118' title="bbox 473 5768 3883 5842; baseline 0.001 -17"><span class='ocrx_word' id='word_1_900' title='bbox 473 5768 709 5825; x_wconf 89' lang='lat' dir='ltr'><strong>anobis</strong></span> <span class='ocrx_word' id='word_1_901' title='bbox 753 5769 1129 5825; x_wconf 87' lang='lat' dir='ltr'><strong>discedentes</strong></span> <span class='ocrx_word' id='word_1_902' title='bbox 1173 5770 1295 5825; x_wconf 90' lang='lat' dir='ltr'><strong>illis</strong></span> <span class='ocrx_word' id='word_1_903' title='bbox 1348 5771 1703 5829; x_wconf 70' lang='lat' dir='ltr'><strong>adhaaretis:</strong></span> <span class='ocrx_word' id='word_1_904' title='bbox 1767 5774 1888 5829; x_wconf 81' lang='lat' dir='ltr'><strong>n&#39;on</strong></span> <span class='ocrx_word' id='word_1_905' title='bbox 1949 5772 2109 5828; x_wconf 91' lang='lat' dir='ltr'><strong>enim</strong></span> <span class='ocrx_word' id='word_1_906' title='bbox 2165 5772 2540 5829; x_wconf 88' lang='lat' dir='ltr'><strong>‘occasionem</strong></span> <span class='ocrx_word' id='word_1_907' title='bbox 2600 5770 2895 5828; x_wconf 85' lang='lat' dir='ltr'><strong>habebitis</strong></span> <span class='ocrx_word' id='word_1_908' title='bbox 2952 5770 3179 5827; x_wconf 87' lang='lat' dir='ltr'><strong>fraudis</strong></span> <span class='ocrx_word' id='word_1_909' title='bbox 3239 5771 3583 5842; x_wconf 83' lang='lat' dir='ltr'><strong>novitatem,</strong></span> <span class='ocrx_word' id='word_1_910' title='bbox 3641 5776 3701 5828; x_wconf 88' lang='lat' dir='ltr'><strong>et</strong></span> <span class='ocrx_word' id='word_1_911' title='bbox 3755 5786 3883 5828; x_wconf 87' lang='lat' dir='ltr'><strong>rem</strong></span> 
     </span>
    </p>
   </div>
   <div class='ocr_carea' id='block_1_119' title="bbox 539 5879 961 5952">
    <p class='ocr_par' dir='ltr' id='par_1_119' title="bbox 539 5879 961 5952">
     <span class='ocr_line' id='line_1_119' title="bbox 539 5879 961 5952; baseline 0.009 -15"><span class='ocrx_word' id='word_1_912' title='bbox 539 5879 588 5917; x_wconf 77' lang='grc'>⁸³</span> <span class='ocrx_word' id='word_1_913' title='bbox 619 5883 804 5940; x_wconf 80' lang='lat' dir='ltr'><strong>Galat.</strong></span> <span class='ocrx_word' id='word_1_914' title='bbox 837 5902 877 5952; x_wconf 82' lang='grc' dir='ltr'><strong>ι,</strong></span> <span class='ocrx_word' id='word_1_915' title='bbox 906 5886 961 5941; x_wconf 84' lang='grc'>8.</span> 
     </span>
    </p>
   </div>
  </div>
