4098 6408
303 502 467 566 1045

1212 501 1609 565 ΟΟΜΜΕΝΤ.
1656 502 1745 562 ΙΝ
1791 499 2043 561 EPIST.
2092 502 2147 564 II
2189 504 2294 563 AD
2338 502 2709 565 CORINTH.

3576 507 3732 568 10w
3783 600 3788 606 γ

306 656 444 697 esse
470 638 779 694 insolitam
809 637 885 695 ad
908 637 1337 711 perfectionem
1367 637 1732 711 dogmatum.
1766 633 1928 693 Solet
1975 635 2135 693 enim
2164 638 2393 696 novitas
2420 639 2661 696 titillare
2691 656 2760 696 ac
2792 639 3185 713 simpliciores
3214 641 3533 711 attrahere,
3565 641 3732 700 vobis
3783 614 3790 629 ’

306 736 512 785 autem
544 744 618 783 ne
653 728 781 783 hmo
807 727 1047 799 quidem
1076 728 1306 784 occasio
1333 727 1543 783 relicta
1572 732 1679 782 est.

384 813 690 888 Λογίζομαι
774 815 873 888 γὰρ
954 836 1029 884 μη
1038 810 1124 868 δέν

312 902 439 961 λίαν
472 900 816 959 ἀποστόλων.
869 903 935 959 Εἶ’
966 900 1141 957 δὲκαὶ
1208 899 1434 973 ἰδιώτης
1491 906 1570 974 τῷ
1619 900 1792 976 λόγῳ,
1843 898 1972 956 ἀλλ’

308 992 375 1048 οὐ
436 996 505 1066 τῇ
563 994 811 1066 γνώσει.
871 991 1030 1048 Ἀλλ’
1082 990 1136 1046 ἐν
1207 993 1367 1047 παντὶ
1426 989 1845 1068 φανερωθέντες,
1920 987 1971 1044 ἐν

309 1088 480 1137 πᾶσιν
539 1082 617 1144 εἷς
675 1083 834 1155 ὑμᾶς.
865 1089 931 1138 ’Π
983 1083 1253 1157 ἁμαρτίαν
1315 1082 1549 1153 ἐποίησα
1604 1080 1834 1156 ἐμαυτὸν
1873 1101 1971 1136 τα-

311 1178 541 1239 πεινῶν,
604 1170 698 1226 ’ίνα
788 1174 945 1244 ὑμεῖς
1025 1173 1285 1247 ὑψωθῆτε
1353 1172 1437 1227 ὅτι
1503 1169 1705 1244 δωρεὰν
1759 1169 1821 1225 τὸ
1876 1173 1973 1224 τοῦ

312 1265 452 1317 Θεοῦ
531 1260 861 1337 Εὐαγγέλιω
942 1259 1428 1336 εὐηγγελιοσάμην
1490 1261 1668 1334 ὐμῖν;
1755 1258 1971 1320 ’Ἂλλας

312 1348 613 1420 ἑκκλησίας
668 1348 914 1419 ἒσῦλησα
948 1393 962 1416 ,
1050 1348 1244 1406 λαλὼν
1339 1349 1576 1423 ὀψώνιον
1658 1349 1794 1425 πρὸς
1869 1349 1972 1419 τὴν

313 1438 472 1512 ὗμων
503 1435 796 1507 διακονίαν,
827 1439 918 1494 καὶ
962 1439 1154 1510 παρὼν
1214 1440 1352 1514 πρὸς
1398 1439 1537 1511 ὑμᾶς
1588 1438 1679 1493 καὶ
1747 1437 1971 1512 ὑστερη-

309 1529 447 1595 θεὶς,
490 1529 555 1583 οὐ
586 1526 962 1602 κατενάρκησα
996 1526 1237 1590 οὐδενός

384 1619 585 1673 Λνιπὸν
633 1623 749 1679 τοῖς
791 1618 915 1691 περὶ
980 1616 1178 1693 Πέτρον
1237 1617 1509 1692 συγκρίνει
1568 1616 1972 1682 ὲαυτὸν,τοῦτο

308 1704 480 1777 δεῖξαι
515 1704 710 1774 θέλων,
740 1705 911 1763 ὅτιΕἰ
944 1705 1107 1779 ἐμοῦ,
1141 1706 1299 1783 φησὶ,
1330 1704 1499 1762 πλέον
1534 1705 1698 1773 ἴσασι,
1728 1704 1818 1759 καὶ
1841 1702 1974 1759 ἐκεί-

308 1817 438 1852 νων·
473 1796 548 1858 εἷς
579 1797 679 1863 τὴν
704 1797 780 1858 εἶς
814 1793 1015 1851 ἄτοπον
1047 1796 1355 1872 ἀπαγωγὴν
1419 1797 1596 1872 φέρων
1655 1795 1747 1850 τὸν
1779 1794 1969 1871 λόγον.

306 1888 455 1963 Ὀρα
511 1882 568 1940 δέ
619 1885 1148 1963 ταπεινοφροσύνην.
1204 1884 1538 1959 Λογίζομαι,
1600 1883 1789 1958 φησὶν,
1863 1883 1973 1937 οἶον

313 1978 581 2050 ἡγοῦμαι.
615 1973 861 2048 Νομίζω,
887 1970 1038 2029 οὐδὲν
1080 1974 1473 2054 ἀποφαντικὸν,
1503 1973 1593 2028 καὶ
1635 1972 1746 2048 οὐχ
1782 1971 1973 2033 ἁπλῶς

320 2060 666 2129 ἀποστόλων,
699 2058 851 2139 ἀλλᾶ¹
874 2066 983 2117 τῶν
1017 2063 1148 2137 ὑπὲρ
1190 2062 1331 2132 λίαν,
1363 2061 1585 2133 Ιιέτρον,
1642 2061 1733 2117 καὶ
1780 2061 1972 2117 Ἰάκω-

315 2149 439 2220 ϐον,
497 2154 583 2208 καὶ
659 2151 913 2223 Ἰωάννην
972 2151 1392 2227 αἰνιττόμενος,
1450 2155 1619 2205 Τοῦτο
1669 2146 1726 2204 δέ
1782 2170 1970 2230 φησιν,

308 2241 507 2313 ἐπειδὴ
541 2243 739 2298 τούτου
771 2247 866 2297 νῦν
897 2242 1081 2318 χρεία.
1129 2238 1413 2315 Ἀλλαχοῦ
1445 2237 1503 2295 δέ
1532 2258 1717 2318 φησιν·
1751 2241 1850 2302 ’Ὣς
1871 2239 1976 2293 οὐκ

308 2331 430 2406 εἰμὶ
488 2332 673 2394 ἱκανὸς
731 2329 1016 2387 καλεῖσθαι
1054 2329 1389 2391 ἀπόστολος.
1450 2355 1477 2382 ‹‹
1514 2330 1579 2384 El
1613 2327 1668 2384 δέ
1692 2328 1783 2383 καὶ
1816 2326 1974 2384 ἷδιώ-

308 2441 434 2492 της.
471 2446 492 2471 η
528 2416 754 2489 Ἐπειδή
810 2419 861 2475 ἐν
921 2420 1101 2493 τούτῳ
1129 2418 1633 2487 ἐνεκαλλωπίζοντο
1698 2419 1750 2472 οἱ
1782 2413 1975 2490 ψευδα-

314 2507 590 2565 πόστολοι
624 2509 699 2570 εἷς
729 2510 791 2563 τὸ
826 2510 902 2582 μή
935 2510 1076 2564 εἶναι
1148 2506 1387 2578 ἰδιῶται,
1451 2504 1716 2562 δείκνυσιν
1768 2507 1851 2561 ὅτι
1911 2505 1973 2560 οὐ

313 2600 500 2678 φεύγει
528 2599 628 2667 τήν
664 2594 962 2666 ἰδιωτείαν,
988 2596 1134 2654 ἀλλὰ
1195 2598 1286 2653 καὶ
1339 2596 1649 2670 σεμνύνεται
1700 2595 1783 2651 ἐπ’
1812 2594 1972 2669 αὐτῇ.

318 2692 415 2748 Διὸ
446 2690 539 2745 καὶ
571 2688 784 2760 τίθησιν
831 2689 986 2745 αὐτό.
1052 2688 1158 2744 Καὶ
1218 2686 1469 2762 ἀλκαχοῦ
1527 2683 1585 2741 δὲ
1612 2690 1774 2741 τοῦτο
1805 2690 1973 2754 ποιεῖ,

320 2777 449 2836 ἔνθα
481 2776 713 2834 δείκνυσι
744 2778 806 2834 τὸ
839 2779 976 2834 εἶναι
1012 2779 1198 2858 σοφὸν,
1262 2778 1399 2854 πρὸς
1461 2772 1695 2852 βλάϐην
1753 2776 1812 2831 ’ὀν
1877 2778 1975 2830 τοῦ

314 2869 700 2944 κηρύγματος.
736 2892 765 2920 ‹‹
797 2866 1002 2933 Ἦλθον
1024 2874 1144 2942 γᾶρ,
1178 2868 1365 2941 φησὶν,
1425 2867 1494 2922 οὐ
1543 2867 1660 2920 καθ’
1693 2865 1974 2942 ὑπεροχὴν

313 2956 493 3034 λόγου
548 2956 763 3033 σοφίας,
815 2956 905 3012 ἳνα
955 2958 1030 3030 μή
1072 2958 1286 3031 κεντυθῇ
1319 2957 1347 3012 ὁ
1378 2953 1626 3030 σταυρός.
1663 2980 1692 3007 ››
1730 2989 1798 2998 -—
1828 2979 1857 3006 ι(
1885 2958 1976 3027 Τῷ

315 3045 499 3122 λόγῳ.
532 3069 557 3097 n
597 3048 808 3120 [ΦΩΤ.]
859 3046 919 3103 Ὀ
979 3045 1147 3121 λόγος
1207 3046 1296 3100 καὶ
1366 3046 1400 3113 ἡ
1456 3048 1679 3120 γνῶσις,
1735 3043 1835 3099 οὐκ
1891 3043 1972 3098 ἀεὶ

309 3136 384 3191 τὰ
415 3134 548 3190 αὐτὰ
577 3135 724 3210 παρᾶ
772 3139 853 3206 τῷ
907 3133 1174 3205 θεσπεσίῳ
1244 3133 1447 3206 Παύλῳ
1514 3132 1788 3206 σημαίνει,
1845 3124 1976 3188 ἀλλ’

323 3222 500 3280 ἰνίοτε
532 3224 621 3297 μὶν
650 3219 817 3300 λόγον
850 3221 1020 3299 λέγει,
1059 3223 1122 3278 τὸ
1155 3216 1302 3298 ἔχειν
1353 3223 1604 3298 χάρισμα
1657 3219 1973 3278 διδασκαλι-

321 3313 438 3380 κὸν,
481 3316 673 3387 γνῶσιν
709 3310 787 3382 δὲ,
815 3313 876 3366 τὸ
910 3312 1144 3366 συνιέναι
1180 3312 1274 3384 μὲν
1321 3312 1415 3366 τὸν
1465 3316 1562 3365 τοῦ
1618 3311 1977 3386 κηρύγματος

316 3400 507 3477 λόγον,
542 3404 617 3476 μὴ
674 3401 861 3475 μέντοι
918 3397 1173 3456 δύνασθαι
1217 3401 1308 3456 καὶ
1359 3400 1576 3477 ἑτέρους
1610 3398 1841 3480 ὠφελεῖν
1882 3401 1973 3455 καὶ

309 3490 609 3549 διδάσκεινο
661 3490 832 3547 ἐνίοτε
905 3489 1073 3565 λόγον
1139 3491 1233 3564 μὶν
1295 3488 1465 3566 λέγει,
1518 3490 1581 3544 τὸ
1641 3489 1971 3565 ἐγγεγυμνά-

312 3594 437 3648 σθαι
484 3586 555 3657 τῇ
587 3579 894 3656 Ἑλληνικῇ
956 3578 1139 3656 σοφία,
1192 3577 1363 3653 μηδὲν
1396 3576 1454 3635 δὲ
1504 3586 1604 3649 τῆς
1662 3580 1808 3642 θείας
1852 3600 1975 3653 μετ-

309 3670 486 3747 έχειν,
558 3669 720 3744 μόνον
778 3667 836 3726 δὲ
884 3669 1417 3742 κατεστωμυλῶοθαι
1454 3714 1468 3739 ,
1518 3674 1715 3745 γνῶσιν
1778 3667 1855 3733 δὲ,
1917 3670 1980 3726 τὸ

319 3758 709 3815 τετελειῖυσθαι
740 3758 792 3813 ἐν
834 3763 902 3832 τῇ
962 3758 1146 3838 σοφίᾳ,
1199 3758 1339 3815 ὥστε
1388 3758 1477 3813 καὶ
1537 3757 1697 3813 αὐτὸν
1737 3752 1980 3834 ἀκριϐῶς

383 3848 433 3880 η
652 3850 666 3866 ς
738 3872 762 3880 _
1103 3849 1117 3865 ε
1215 3851 1243 3867 ν
1392 3846 1417 3865 κ
1450 3848 1504 3866 κ.
1786 3849 1798 3866 ς

324 3850 546 3919 εἰοεναι,
577 3871 669 3904 και
709 3849 923 3926 ἒιέρους
975 3851 1155 3904 ἱκανον
1188 3869 1332 3904 ειναι
1389 3862 1658 3905 οιοασκειν
1713 3869 1802 3903 και
1844 3850 1988 3924 Χρι-

322 3946 441 4012 στῷ
472 3940 791 4017 προσάγειν.
843 3938 1018 3997 Πάλιν
1049 3935 1107 3994 δὲ
1138 3938 1416 4014 ἀλλαχοῦ,
1450 3937 1617 4017 λόγον
1668 3941 1762 4014 μὶν
1794 3938 1988 4003 ἁπλῶς

323 4029 401 4092 ὠς
431 4029 704 4103 εἰώθαμεν
735 4028 827 4085 τὸν
863 4030 1221 4106 προφορικὸν,
1253 4033 1451 4105 γνῶσιν
1487 4026 1565 4099 δὲ,
1603 4030 1700 4098 τὴν
1764 4028 1816 4084 ἐν
1868 4033 1985 4092 τοῖς

320 4114 595 4196 δόγμασιν
629 4116 864 4189 εἴδησιν.
919 4114 1272 4193 Ηαράδειγμα
1327 4120 1424 4173 τοῦ
1452 4117 1545 4191 μὲν
1584 4120 1829 4192 πρώτου,
1869 4138 1891 4168 ι
1920 4119 1987 4198 ᾯ

323 4211 420 4285 μὲν
446 4210 553 4284 γὰρ
597 4204 809 4264 Sidona
843 4208 1014 4283 λόγος
1047 4208 1259 4283 σοφίας,
1292 4206 1455 4281 ἄλλῳ
1515 4204 1573 4264 δὲ
1632 4207 1801 4284 λόγος
1856 4207 1989 4285 γνώ-

322 4319 487 4360 σεως
522 4301 617 4352 τοῦ
658 4296 715 4353 δὲ
746 4295 998 4373 δευτέρου
1030 4298 1090 4353 τὸ
1120 4302 1213 4352 νῦν
1246 4300 1629 4373 προκείμενον,
1676 4321 1705 4353 ‹‹
1734 4296 1989 4368 Ἰδιώτης

318 4393 404 4460 τῷ
435 4385 613 4463 λόγῳ,
647 4387 709 4442 οὗ
747 4392 816 4462 τῇ
856 4389 1075 4463 γνώσει.
1133 4389 1249 4445 Τοῖ’)
1298 4383 1358 4442 δὲ
1432 4388 1645 4463 τρίτου,
1710 4412 1730 4439 α
1765 4386 1992 4443 Ἐπλου-

319 4478 547 4547 τίσοητε
578 4478 627 4531 ἐν
660 4477 828 4549 αὐτῷ,
863 4477 915 4532 ἐν
948 4477 1109 4531 παντὶ
1149 4474 1303 4550 λόγῳ
1332 4477 1428 4531 καὶ
1460 4475 1605 4550 πάσῃ
1635 4476 1852 4552 γνώσει.
1890 4500 1917 4527 ››

1219 812 1569 889 ὑστερηκέναι
1644 816 1753 867 τῶν
1841 811 1973 886 ὑπὲρ

2158 818 2252 872 ΧΙ.
2286 821 2340 873 5.
2373 821 2427 873 9.
2462 839 2487 871 α
2513 805 2785 874 Arbitror
2814 819 2978 873 enim
3009 835 3103 874 me
3155 819 3345 874 nihilo
3386 818 3731 876 inferiorem

2082 904 2309 963 «fuisse
2333 908 2568 965 eximiis
2598 909 2905 980 apostolis.
2938 909 3224 965 Caeterum
3259 909 3398 964 licet
3419 910 3732 981 imperitus

2084 1015 2113 1044 ‹‹
2136 1013 2565 1064 sermone,non
2583 1003 2783 1053 tamen
2805 997 3073 1054 scientia.
3102 997 3320 1053 Verum
3339 998 3557 1070 ubique
3590 1016 3729 1055 mu-

2084 1107 2111 1137 «
2131 1085 2331 1142 nifesti
2354 1103 2559 1143 sumus
2594 1088 2655 1143 in
2701 1087 2980 1144 omnibus
3030 1103 3167 1160 erga
3224 1104 3343 1143 vos.
3377 1092 3466 1142 An
3500 1090 3732 1160 peccavi

2087 1196 2112 1227 σ
2140 1176 2436 1248 meipsum
2487 1177 2814 1232 humilians
2844 1182 2910 1232 ut
2933 1194 3033 1233 vos
3081 1177 3518 1243 exaltaremini,
3570 1177 3733 1250 quod

2087 1288 2114 1317 ‹‹
2135 1267 2390 1339 gratuito
2414 1267 2795 1340 Evangelium
2819 1268 2918 1322 Dei
2936 1267 3380 1339 praedicaverim
3394 1267 3557 1323 vobis
3579 1267 3737 1323 (δρω-

2083 1379 2110 1407 ‹‹
2129 1363 2285 1413 teras
2304 1357 2585 1413 ecclesias
2609 1356 2983 1429 depra'datus
2994 1374 3124 1413 sum
3139 1362 3381 1429 accepto
3400 1357 3473 1413 ab
3493 1357 3613 1413 illis
3636 1356 3736 1413 sti-

2084 1466 2113 1493 ‹‹
2135 1443 2375 1516 pendio,
2396 1460 2510 1515 quo
2522 1443 3068 1500 vobisinservirem.
3086 1446 3155 1498 Et
3181 1460 3316 1500 cum
3331 1444 3485 1516 apud
3510 1459 3612 1500 vos
3639 1460 3734 1499 es-

2083 1554 2112 1583 ‹‹
2138 1550 2263 1589 sem
2287 1539 2346 1589 et
2371 1549 2627 1606 egerem,
2651 1549 2772 1589 non
2792 1549 3079 1589 onerosus
3100 1533 3185 1589 fui
3208 1534 3510 1605 cuiquam.

2154 1623 2441 1694 Deinceps
2466 1624 2638 1677 Petro
2670 1627 2727 1676 et
2748 1622 2820 1677 iis
2852 1623 3112 1694 quicum
3142 1622 3244 1678 illo
3270 1627 3438 1678 erant
3469 1622 3734 1694 seipsum

2082 1711 2885 1784 comparat,hocostendere
2915 1712 3156 1767 volens:
3218 1712 3274 1766 Si
3336 1727 3451 1775 me,
3517 1710 3733 1782 inquit,

2083 1801 2477 1873 sapientiores
2507 1806 2666 1869 sunt,
2700 1800 2817 1856 illis
2849 1818 3086 1873 quoque
3119 1806 3258 1857 sunt
3290 1801 3683 1872 sapientiores
3716 1813 3732 1855 :
3774 1858 3778 1865 ,

2083 1907 2419 1947 sermonem
2449 1891 2650 1947 ferens
2680 1891 2755 1959 ad
2776 1890 3097 1947 absurdam
3118 1891 3557 1948 deductionem.
3582 1890 3736 1946 Con-

2084 1981 2281 2037 sidera
2309 1985 2508 2037 autem
2531 1996 2710 2052 quam
2742 1980 3053 2036 humiliter
3077 1979 3151 2036 de
3191 1996 3253 2035 se
3294 1981 3529 2036 sentiet.
3560 1977 3738 2036 Arbi-

2084 2077 2227 2133 tror,
2259 2071 2472 2141 inquit,
2505 2070 2617 2125 hoc
2648 2075 2739 2125 est
2768 2070 3064 2138 existimo,
3098 2070 3348 2142 opinor:
3394 2068 3545 2125 nihil
3574 2083 3738 2125 asse-

2003 2190 2051 2255 B
2081 2177 2240 2216 rens.
2287 2160 2442 2216 688
2492 2161 2573 2215 Ne
2604 2158 2945 2232 vulgaribus
2975 2159 3284 2231 apostolis,
3318 2159 3419 2214 sed
3452 2158 3686 2214 eximiis
3721 2175 3734 2211 :

2086 2248 2644 2316 Petrum,Jacobum
2662 2250 3018 2304 etJoannem
3033 2248 3373 2321 designans.
3395 2249 3514 2304 Hoc
3535 2253 3736 2304 autem

2084 2339 2230 2395 dicit
2255 2338 2413 2409 quod
2445 2354 2572 2394 sese
2603 2354 2763 2394 nunc
2794 2339 3007 2394 olTerat
3037 2338 3385 2403 necessitas,
3416 2336 3567 2392 Alibi
3599 2353 3734 2391 vero

2084 2430 2194 2485 ait:
2221 2430 2346 2483 Non
2368 2426 3054 2497 sumidoneusquidicar
3077 2427 3395 2499 Apostolus
3414 2425 3478 2480 ³⁵.
3506 2429 3738 2483 «Caete-

2082 2536 2217 2575 rum
2251 2518 2392 2573 licet
2420 2518 2734 2589 imperitus
2748 2518 2885 2573 sim.
2916 2539 2938 2567 »
2973 2517 3263 2582 Quoniam
3297 2517 3357 2571 in
3380 2517 3492 2572 hoc
3520 2516 3735 2590 gloria-

2082 2608 2301 2664 bantur
2327 2606 2770 2680 pseudapostoli
2824 2606 2986 2677 quod
3039 2606 3300 2677 imperiti
3340 2622 3461 2661 non
3514 2611 3771 2671 essent,

2085 2696 2345 2753 ostendit
2371 2696 2531 2767 quod
2560 2712 2681 2751 non
2726 2695 2912 2769 fugiat
2952 2695 3337 2768 imperitiam.
3370 2694 3474 2751 sed
3505 2694 3577 2750 de
3609 2695 3741 2765 ipsa

2085 2787 2264 2843 etiam
2295 2786 2582 2859 glorietur
2613 2791 2670 2841 et
2700 2785 2833 2841 ideo
2866 2785 2927 2840 id
2949 2786 3135 2857 ponit.
3170 2785 3326 2841 Alibi
3357 2800 3496 2839 vero
3557 2785 3737 2840 etiam

2085 2878 2199 2934 hoc
2229 2877 2391 2946 facit,
2424 2876 2524 2932 ubi
2557 2876 2823 2932 ostendit
2870 2874 3030 2947 quod
3087 2892 3217 2931 esse
3277 2876 3609 2947 sapientem
3664 2874 3740 2929 ad
3773 2928 3777 2933 .

2085 2972 2512 3024 nocumentum
2543 2966 2722 3022 faciat
2751 2965 3211 3037 praedicationis.
3258 2988 3285 3014 ‹‹
3320 2964 3486 3029 Veni,
3521 2964 3738 3035 inquit,

2085 3072 2206 3113 non
2227 3072 2361 3111 cum
2386 3055 2714 3110 eminentia
2745 3054 3039 3111 sermonis
3066 3059 3125 3109 et
3158 3053 3488 3125 sapientiae,
3520 3058 3587 3108 ut
3615 3069 3738 3108 non
3775 3042 3781 3049 ’

2085 3145 2286 3202 inanis
2297 3143 2583 3200 reddatur
2596 3160 2738 3199 crux
2758 3142 2976 3198 Christi
2988 3141 3054 3197 ⁸⁵.
3071 3164 3099 3193 »
3118 3173 3185 3183 —
3200 3164 3229 3191 ‹‹
3247 3143 3552 3208 Sermone,
3570 3163 3596 3189 ‹‹
3620 3146 3733 3196 etc.

2082 3233 2145 3290 Ὀ
2175 3230 2361 3307 λόγος,
2403 3233 2464 3288 id
2494 3237 2604 3297 est,
2640 3248 2836 3288 sermo
2869 3238 2929 3287 et
2958 3231 2993 3299 ἡ
3044 3233 3267 3304 γνῶσις,
3301 3230 3362 3285 id
3392 3236 3501 3295 est,
3536 3230 3733 3286 scien-

2084 3324 2188 3388 tia,
2223 3340 2344 3378 non
2376 3338 2613 3394 semper
2638 3320 2798 3377 idem
2820 3320 3136 3394 designant
3164 3320 3320 3392 apud
3351 3320 3550 3375 divum
3578 3320 3737 3376 Pau-

2083 3412 2243 3487 lum.
2263 3410 2375 3466 Sed
2405 3409 2707 3466 interdum
2731 3408 2975 3480 quidem
3009 3425 3348 3464 sermonem
3380 3407 3623 3472 habere,
3646 3407 3738 3463 di-
3770 3402 3775 3407 ’

2085 3502 2167 3558 cit
2195 3501 2414 3558 habere
2447 3500 2669 3557 donum
2703 3499 2994 3557 docendi:
3052 3499 3366 3556 scientiam
3395 3515 3531 3554 vero
3562 3498 3742 3556 habe-
3774 3508 3777 3509 ⁷

2084 3608 2169 3657 re,
2205 3591 2476 3665 designat
2503 3590 2834 3663 intelligere
2865 3589 3108 3661 quidem
3149 3605 3480 3646 sermonem
3523 3588 3742 3662 prmdi-

2092 3681 2366 3744 cationis,
2399 3686 2461 3736 at
2488 3697 2611 3736 non
2644 3697 2818 3752 posse
2849 3680 2997 3736 alios
3029 3696 3265 3752 quoque
3283 3680 3494 3752 juvare
3524 3698 3593 3737 ac
3640 3680 3745 3737 do-

2092 3780 2246 3819 cere.
2281 3765 2536 3820 Rursum
2568 3762 2926 3834 quandoque
2949 3762 3189 3834 quidem
3213 3779 3548 3819 sermonem
3572 3763 3750 3819 habe-

2092 3870 2179 3919 re,
2212 3852 2358 3908 dicit
2405 3853 2795 3908 exercitatum
2850 3852 3091 3923 quidem
3127 3868 3255 3907 esse
3313 3852 3376 3907 in
3407 3852 3747 3909 Graecorum

2094 3941 2409 4014 sapientia,
2442 3940 2546 3996 sed
2570 3940 2720 3995 nihil
2751 3940 2969 3996 habere
2999 3940 3071 3996 de
3095 3939 3310 4008 divina,
3332 3940 3523 3995 solum
3548 3946 3749 3997 autem

2092 4029 2287 4085 verbis
2344 4028 2533 4085 multa
2588 4029 2813 4103 garrire
2862 4047 2875 4085 :
2937 4030 3249 4085 scientiam
3308 4044 3444 4084 vero
3502 4029 3748 4097 habere,

2093 4120 2423 4193 perfectum
2483 4136 2614 4176 esse
2672 4119 2733 4175 in
2781 4118 3115 4191 sapientia:
3150 4123 3216 4174 ut
3245 4123 3305 4174 et
3358 4119 3486 4191 ipse
3547 4125 3749 4175 exacte

2094 4227 2221 4267 rem
2255 4208 2505 4276 noverit,
2534 4215 2593 4265 et
2623 4207 2874 4265 idoneus
2907 4209 2981 4265 sit
3012 4208 3109 4280 qui
3138 4208 3286 4264 alios
3332 4207 3560 4276 doceat,
3589 4213 3649 4263 et
3675 4203 3771 4264 ad‘

2093 4299 2395 4357 Christum
2426 4298 2973 4356 adducat.Rursum
2995 4303 3195 4354 autem
3227 4297 3369 4355 alibi
3404 4314 3747 4354 sermonem

2098 4389 2341 4463 quidem
2379 4388 2610 4463 vulgari
2643 4388 2820 4444 modo
2847 4388 3013 4455 dicit,
3047 4387 3225 4445 veluti
3257 4388 3455 4443 dicere
3488 4388 3751 4444 solemus

2099 4477 2504 4550 eloquentiam
2535 4478 2655 4533 sive
2688 4479 3137 4550 expressionem
3168 4477 3521 4534 verborum:
3558 4478 3771 4533 scien-‘

317 4569 470 4625 tiam
500 4574 699 4624 autem
730 4567 1073 4642 dogmatum
1101 4566 1524 4639 cognitionem.
1558 4566 1908 4638 Exemplum
1938 4568 2115 4639 primi
2140 4575 2231 4623 est
2262 4584 2397 4623 cum
2420 4568 2502 4623 ait
2533 4572 2546 4624 ε
2583 4590 2609 4617 ‹‹
2644 4567 2790 4622 Huic
2821 4566 3062 4639 quidem
3088 4567 3265 4623 datur
3294 4584 3489 4623 sermo
3522 4554 3774 4639 sapien?

318 4660 445 4720 tim.
469 4658 570 4714 alii
597 4664 796 4715 autem
820 4673 1015 4713 sermo
1046 4655 1310 4713 scientiae
1335 4654 1402 4709 ⁸⁸.
1439 4678 1465 4704 ‹‹
1499 4655 1750 4711 Secundi
1783 4672 1942 4712 vero.
1976 4655 2135 4728 quod
2167 4672 2326 4711 nunc
2356 4656 2709 4727 proponitur
2741 4676 2755 4722 ;
2814 4655 3132 4727 lmperitus
3173 4655 3417 4727 quidem
3451 4671 3749 4724 sermone,

324 4748 434 4805 sed
464 4764 585 4803 non
616 4746 886 4802 scientia.
920 4745 1095 4801 Tertii
1131 4751 1330 4801 autem
1357 4760 1370 4798 :
1404 4766 1432 4795 ‹‹
1466 4745 1644 4800 Ditali
1678 4744 1822 4800 estis
1844 4761 1950 4816 per
1978 4744 2175 4817 ipsum
2206 4745 2269 4799 in
2300 4743 2463 4799 omni
2485 4760 2761 4799 sermone
2792 4749 2853 4799 et
2880 4745 2943 4798 in
2975 4744 3139 4799 omni
3173 4744 3424 4799 scientia
3450 4742 3521 4799 ⁸⁷.
3560 4765 3589 4793 ››

401 4859 430 4887 ι(
463 4832 618 4892 Ἀλλ’
648 4832 700 4888 ἐν
731 4833 886 4888 παντὶ
916 4832 1311 4911 φανερωθέντες
1346 4830 1528 4905 ἐσμέν.
1567 4856 1594 4884 ››
1628 4832 1817 4888 Λείπει
1874 4831 1980 4908 γὰρ
2011 4838 2057 4902 D

320 4927 408 4991 τὸ,
445 4949 473 4977 ‹‹
504 4924 687 4998 ἐσμέν,
720 4949 748 4976 »
800 4926 958 4991 υἵον,
1020 4921 1072 4977 ἐν
1104 4922 1265 4977 παντὶ
1305 4922 1752 4998 πεφανερωμένοι
1796 4920 1983 4995 ἐσμὲν.

322 5015 395 5072 Τί
429 5009 486 5068 δὲ
518 5012 942 5090 πεφανερώμεθα
977 5012 1106 5084 ὑμῖν
1132 5031 1146 5081 ;
1172 5013 1293 5066 ’Ὁτι
1326 5008 1478 5066 οὐδὲν
1525 5016 1635 5066 τῶν
1696 5011 1827 5087 ὑπὲρ
1860 5009 1984 5067 λίαν

324 5100 656 5159 ἀποστόλων
707 5101 1094 5176 ὑστερήσαμεν,
1155 5101 1236 5154 δτι
1302 5097 1401 5154 οὒκ
1455 5100 1612 5173 ἐσμὲν
1672 5097 1888 5155 ἰδιῶται
1917 5104 1986 5175 τῇ

325 5208 553 5268 γνώσει,
587 5191 712 5248 ἀλλ’
743 5190 923 5245 ἱκανοὶ
955 5186 1163 5261 διδάξαι
1189 5189 1278 5244 καὶ
1332 5194 1622 5246 τελειῶσαι
1678 5187 1730 5244 ἐν
1785 5194 1854 5265 τῇ
1899 5189 1989 5245 πί-

326 5282 577 5352 στει,καῖ
624 5279 814 5341 ἁπλῶς
870 5276 922 5334 ἐν
980 5279 1140 5335 παντὶ
1190 5278 1507 5354 ἐγνώσμεθα
1566 5280 1711 5352 ὑμῖν,
1770 5282 1860 5333 καὶ
1892 5278 1991 5334 οὐκ

324 5369 471 5428 ἔστιν
505 5367 736 5443 οὐδεμία
771 5369 899 5441 ὑμῖν
932 5366 1195 5443 ἕγκλησις
1227 5368 1347 5432 καθ’
1379 5370 1564 5441 ἡμῶν,
1597 5364 1724 5423 οὐδέ
1767 5366 1989 5445 ἀγνοίας

323 5460 622 5535 πρόφασις.
650 5459 697 5513 εἰ
733 5460 809 5530 μή
842 5457 945 5532 ἄρα
986 5461 1149 5513 τοῦτο
1215 5456 1478 5532 βούλεσθε
1534 5456 1805 5534 ἁμαρτίας
1861 5456 1993 5533 πρό-

326 5568 487 5630 φασιν
530 5542 742 5616 λαϐεῖν,
775 5545 838 5602 τὸ
871 5543 1042 5618 μηδὲν
1075 5541 1264 5601 λαϐεῖν
1297 5545 1397 5618 ἐμὲ
1437 5545 1489 5616 ἐξ
1515 5547 1693 5619 ὅμῶν.
1728 5549 1901 5603 Τοῦτο
1934 5543 1991 5601 δὲ

328 5639 599 5716 ἐντρέπων
632 5638 818 5719 φησὶν,
840 5637 1095 5697 ἀντὶτοῦ.
1126 5637 1189 5693 Ei
1223 5639 1300 5711 μὴ
1325 5634 1427 5712 ἄρα
1474 5638 1540 5693 τὰ
1593 5639 1992 5712 κατορθώματα

404 5842 455 5880 ⁸4
482 5843 509 5899 Ι
537 5842 668 5901 Cor.
700 5859 793 5915 xv,
822 5846 876 5901 ο.
952 5842 1001 5880 ⁵⁵
1030 5842 1052 5899 l
1085 5843 1216 5899 Cor.
1249 5858 1312 5912 ιι,
1348 5845 1398 5899 1.

2168 4857 2194 4886 ιι
2225 4835 2441 4888 Verum
2473 4833 2692 4905 ubique
2741 4832 3041 4888 manifesti
3068 4849 3293 4888 sumus.
3331 4855 3358 4880 ››
3408 4835 3552 4888 Nam
3584 4832 3751 4889 deest

2096 4923 2281 4996 ἒσμὶν.
2331 4923 2392 4979 id
2451 4929 2563 4990 est,
2622 4941 2847 4981 sumus.
2899 4942 2932 4981 a
2990 4923 3291 4980 communi
3353 4915 3773 5001 intelligentia-

2098 5013 2520 5088 supplendum.
2550 5012 2701 5079 Quid
2731 5020 2821 5070 est
2870 5020 3093 5078 autem,
3142 5015 3207 5068 In
3246 5013 3405 5084 quod
3449 5006 3769 5069 manifesti'

2099 5120 2306 5160 sumus
2336 5102 2499 5159 vobis
2528 5103 2556 5159 Ἰ
2584 5102 2749 5167 Quod
2791 5104 2855 5160 in
2900 5103 3066 5159 nullo
3096 5102 3413 5158 inferiores
3460 5102 3771 5175 fuerimus,

2099 5192 2332 5248 eximiis
2360 5192 2664 5264 apostolis,
2691 5193 2850 5265 quod
2873 5209 2993 5248 non
3024 5182 3773 5267 simusimperitiscientia:

2099 5282 2205 5339 sed
2236 5282 2437 5338 idonei
2462 5282 2563 5354 qui
2587 5282 2906 5339 doceamus
2924 5287 2983 5338 et
3002 5280 3384 5354 perﬁciamus
3415 5281 3477 5337 in
3511 5280 3661 5349 fide;
3697 5286 3757 5339 et

2101 5370 2456 5443 simpliciter
2485 5370 2547 5425 in
2595 5369 2874 5426 omnibus
2924 5369 3049 5425 noti
3082 5386 3286 5426 sumus
3316 5368 3482 5426 vobis
3514 5413 3527 5437 ,
3563 5375 3622 5426 et
3677 5385 3753 5425 ne

2101 5476 2220 5517 una
2249 5459 2492 5532 quidem
2523 5460 2827 5516 accusatio
2887 5466 2978 5516 est
3025 5459 3336 5516 adversum
3392 5476 3522 5528 nos,
3553 5473 3748 5530 neque

2099 5550 2452 5623 ignorantiae
2474 5554 2829 5621 praetextas:
2855 5549 2972 5604 nisi
3002 5549 3115 5604 hoc
3136 5548 3405 5605 fortassis
3421 5548 3494 5604 ad
3526 5545 3753 5619 peccati

2101 5639 2477 5697 occasionem
2537 5655 2772 5695 sumere
2826 5638 3041 5705 velitis,
3103 5639 3263 5710 quod
3318 5637 3537 5692 nihila
3582 5634 3774 5718 vobis.

3763 5780 3778 5807 )

1474 5840 1522 5876 ⁸⁸
1550 5842 1575 5896 Ι
1604 5842 1735 5899 Cor.
1765 5856 1867 5914 χιι,
1897 5839 1951 5898 8.
1990 5822 1999 5833 ι
2024 5837 2120 5896 ⁸⁷1
2149 5838 2281 5912 Cor,
2313 5855 2352 5909 ι,
2383 5841 2436 5898 ll.
