4098 6404
415 492 572 581 «σω

1537 507 1948 577 (ΕΟΠΜΕΝΙῘ
1990 506 2301 570 ΤΒῙΟΕΛΕ
2347 506 2718 567 EPISCOPI.

3686 502 3854 564 1044

420 660 508 716 dit
547 657 958 732 spiritualibus
1005 655 1200 712 donis.
1259 656 1547 710 Neutrum
1608 655 1804 706 autem
1864 648 2080 703 horum

2213 644 2400 697 τούτων
2434 644 2631 717 χρῄζει
2670 638 2941 715 κομψείας
2975 639 3181 717 λόγων.
3247 669 3303 682 -—
3640 638 3711 697 ’Ἢ
3754 638 3853 693 καὶ

422 756 554 824 eget
579 749 811 822 argutia
840 747 1178 803 verborum.
1210 775 1278 786 ——
1305 749 1422 800 Aut
1453 743 1551 797 hoc
1572 741 1741 797 etiam
1761 739 1940 795 modo.
1969 738 2083 791 Per

2190 729 2387 794 οὕτως.
2421 733 2519 787 Διά
2543 737 2646 800 τῆς
2676 730 2753 793 εἷς
2787 730 2990 785 ἂτοπον
3020 730 3321 803 ἀπαγωγῆς
3351 726 3550 789 αὐτοὺς
3581 729 3681 795 τῆς
3711 729 3855 803 πρὸς

421 817 840 896 abducti'onem
873 837 949 892 ad
980 836 1039 891 id
1095 834 1254 906 quod
1285 832 1607 889 absurdum
1643 835 1750 893 est,
1803 828 2082 884 dehorta-

2213 820 2313 882 τοὺς
2343 818 2831 895 ψευδαποστόλους
2878 817 3163 895 προσοχῆς
3216 818 3533 887 ἀποτρέπει,
3587 818 3731 872 οἷον*
3782 817 3854 875 Εἰ

424 933 523 983 tur
552 927 715 998 ipsos
746 942 821 980 ne
852 925 926 981 ad
959 921 1448 996 pseudapostolos
1469 919 1792 975 accedant:
1826 933 1893 972 ac
1917 916 1965 971 si
1989 914 2081 969 di-

425 1023 558 1073 cat:
593 1016 649 1071 Si
681 1015 864 1071 alium
922 1014 1119 1068 Iesum
1171 1009 1667 1084 pseudapostolus
1715 1008 1876 1077 (nam
1925 1006 2084 1061 hunc

426 1105 707 1179 appellat,
732 1104 1101 1162 Venientem.
1129 1107 1332 1173 utpote
1357 1104 1840 1173 prorumpentem
1868 1096 2086 1151 etforis

427 1194 836 1261 accedentem)
864 1209 877 1246 :
913 1192 961 1246 si
994 1192 1173 1264 igitur
1204 1191 1301 1245 hic
1330 1190 1515 1245 alium
1544 1190 1744 1245 Jesum
1801 1186 2088 1259 prmdicat

432 1299 611 1355 quem
643 1282 907 1353 oportuit
933 1296 968 1335 a
998 1280 1170 1335 nobis
1198 1278 1529 1351 prazdicari,
1555 1286 1613 1334 et
1642 1296 1763 1334 non
1792 1275 2083 1350 prmdica-

432 1374 625 1428 vimus
652 1388 665 1427 :
700 1376 802 1426 aut
829 1370 1013 1425 alium
1045 1369 1328 1440 Spiritum
1357 1368 1619 1440 oportuit
1646 1384 1748 1422 vos
1793 1367 2086 1438 accipere,

432 1466 491 1518 et
520 1478 555 1516 a
583 1459 756 1516 nobis
787 1475 908 1514 non
939 1458 1254 1530 accepistis
1282 1474 1295 1512 :
1337 1464 1441 1513 aut
1495 1456 1661 1513 aliud
1705 1456 2087 1529 Evangelium

435 1551 699 1625 oportuit
727 1567 827 1605 vos
859 1551 1180 1622 suscipere,
1219 1555 1279 1604 et
1306 1566 1340 1605 a
1370 1548 1544 1605 nobis
1576 1565 1694 1603 non
1718 1548 2086 1619 suscepistis,

424 1642 592 1715 juste
612 1641 734 1696 illis
760 1639 1144 1695 adhaereretis
1175 1645 1234 1695 et
1262 1655 1465 1694 aurem
1497 1637 2089 1709 praeberetisNerum

438 1732 486 1787 si
519 1730 579 1785 id
612 1729 984 1802 impossibile
1015 1736 1139 1785 est:
1172 1745 1367 1800 neque
1398 1730 1558 1784 enim
1584 1729 1696 1800 ipsi
1723 1727 2090 1801 pseudapos-

435 1820 541 1876 toli
573 1819 687 1875 hoc
717 1819 916 1875 dicere
946 1819 1272 1884 audebunt,
1306 1818 1409 1874 sed
1446 1834 1640 1890 neque
1672 1834 1773 1874 vos
1802 1816 1916 1890 ipsi
1948 1832 2093 1872 :an-

434 1925 560 1965 non
589 1907 916 1964 absurdum
963 1913 1055 1962 est
1109 1906 1283 1963 nobis
1340 1907 1479 1963 illos
1530 1908 1819 1980 praeponi,
1870 1908 1972 1979 qui
2031 1907 2092 1963 in

2189 912 2294 987 γὰρ
2325 912 2499 967 ἃΛΑον
2534 913 2743 981 Ἰησοῦν
2781 912 2808 966 ὁ
2855 905 3302 983 ψευδαπόστολος
3354 911 3567 981 (τοῦτον
3620 908 3723 983 γὰρ
3772 906 3859 985 έρ-

2189 1001 2427 1077 χόμενον
2484 1000 2660 1076 λέγει,
2739 1003 2878 1066 οἷον,
2955 998 3411 1073 ἐπεισερχόμενον
3487 997 3580 1052 καὶ
3655 993 3849 1071 ἔξωθεν

2190 1089 2540 1164 ἐπεισιόντα)ο
2619 1092 2667 1146 εἱ
2742 1090 2835 1144 οὗν
2914 1088 3098 1157 οὗτος,
3174 1087 3362 1157 φησὶν,
3402 1084 3575 1142 ἄλλον
3634 1088 3848 1158 Ἰησοῦν

2190 1181 2450 1256 κηρύσσει
2492 1180 2551 1235 δν
2609 1177 2718 1235 ἔδει
2775 1181 3125 1254 κηρυχθῆναι
3182 1178 3310 1251 παρ’
3361 1178 3547 1249 ἡμῶν,
3601 1175 3690 1230 καὶ
3751 1176 3855 1232 οὐκ

2193 1269 2616 1348 ἐκηρύξαμεν,ἤ
2650 1269 2794 1327 ἀλλο
2850 1276 3070 1345 Πνεῦμα
3128 1264 3235 1325 ἔδει
3293 1264 3482 1324 λαϐεῖν
3540 1269 3699 1341 ὑμᾶς,
3754 1268 3849 1324 καὶ

2192 1366 2317 1440 παρ’
2359 1367 2520 1436 ἡμῶν
2582 1362 2683 1418 οὑκ
2734 1355 2979 1429 ἐλάϐετε,
3039 1360 3074 1429 ἢ
3138 1358 3283 1414 ἄλλο
3344 1357 3678 1433 Εὑαγγέλιον
3738 1352 3853 1414 ἔδει

2194 1451 2438 1524 δέξασθαι
2474 1453 2635 1525 ὑμᾶς,
2686 1451 2777 1505 καὶ
2808 1451 2935 1523 παρ’
2990 1453 3152 1519 ἡμῶν
3213 1448 3314 1503 οὐκ
3362 1444 3628 1517 ἐδέξασθε,
3689 1445 3860 1502 εὐλό-

2193 1563 2307 1618 γως
2332 1542 2384 1597 έν
2417 1542 2607 1602 αὐτοῖς
2639 1538 2982 1614 προσείχετε.
3016 1537 3085 1594 Εἴ
3108 1535 3165 1592 δὶ
3194 1535 3356 1592 τούτο
3404 1533 3670 1591 ἀδύνατον
3713 1533 3866 1607 (οὔτε

2192 1633 2296 1705 γάρ
2329 1632 2486 1687 αὐτοὶ
2518 1631 2569 1686 0i
2603 1627 3046 1703 ψευδαπόστολοι
3074 1625 3407 1702 θαρῥῆσουσι
3453 1629 3616 1682 τοῦτο
3665 1628 3860 1712 εἰπεῖν,

2196 1719 2323 1778 οὔτε
2352 1720 2411 1777 δὲ
2442 1723 2598 1796 ὑμεῖς
2657 1726 2862 1801 αὐτοὶ),
2924 1732 3042 1790 πῶς
3102 1728 3165 1783 οὑ
3224 1728 3346 1784 λίαν
3403 1727 3633 1801 ἄτοπον,
3690 1731 3858 1803 ἡμῶν

2198 1809 2436 1874 ἐκείνους
2462 1815 2799 1888 προκρίνειν,
2832 1819 2940 1871 τῶν
2991 1813 3158 1889 μηδὲν
3220 1818 3656 1893 ὑστερησάντων,
3711 1816 3859 1892 μηδὲ

2200 1906 2308 1955 τῶν
2340 1901 2471 1976 ὑπὲρ
2504 1899 2627 1957 λίαν
2660 1903 3019 1976 ἀποστόλωνς
3073 1930 3100 1958 ‹‹
3134 1907 3232 1964 "Ov
3294 1908 3396 1963 οὐκ
3435 1905 3795 1982 ἐκηρύξαμεν.
3832 1932 3861 1961 ››

432 1997 605 2057 nullo
637 1997 951 2053 inferiores
982 1996 1206 2052 fuimus
1227 2014 1304 2053 ne
1327 1996 1564 2053 eximiis
1587 1997 1831 2070 quidem
1851 2003 2092 2071 aposto-

2213 1990 2295 2048 Ὀν
2322 1985 2429 2047 ἔδει
2461 2000 2832 2071 κηρυχθῆναι,
2874 1996 2965 2051 καὶ
3022 1996 3122 2052 οὑκ
3173 1995 3525 2072 ἐκηρύξαμεν.
3586 2022 3606 2048 ι
3642 1999 3711 2055 ’0
3765 1996 3868 2054 οὑκ

440 2087 520 2143 lis
542 2086 571 2142 ‘I
596 2108 624 2138 «
656 2086 842 2152 Quem
872 2102 995 2141 non
1026 2085 1498 2157 praedicavimus.
1535 2108 1563 2136 »
1609 2088 1794 2152 Quem
1845 2090 2109 2160 oportuit

445 2175 783 2249 praedicari,
808 2179 868 2230 et
886 2190 1006 2230 non
1030 2175 1502 2247 praedicavimus.
1532 2198 1552 2222 ι
1579 2176 1764 2241 Quem
1784 2194 1905 2233 non
1936 2195 2107 2236 acce-

448 2265 642 2340 pistis.
676 2286 706 2316 »
730 2265 914 2330 Quem
947 2265 1211 2336 oportuit
1237 2280 1340 2321 vos
1370 2264 1660 2337 accipere,
1695 2272 1754 2321 et
1783 2284 1903 2323 non
1934 2284 2108 2325 acce-

446 2354 643 2426 pistis.
678 2373 711 2406 «
740 2356 858 2408 Aut
885 2353 1043 2409 aliud
1078 2354 1479 2427 Evangelium.
1516 2377 1544 2404 ››
1574 2356 1777 2427 Neque
1809 2358 1967 2412 enim
1996 2358 2107 2415 hoc

448 2451 695 2503 externa
725 2451 858 2518 eget
886 2446 1197 2516 sapientia.
1250 2447 1574 2502 Considera
1619 2464 1756 2504 vero
1806 2450 2105 2521 quomodo

450 2534 715 2592 ostendit
745 2535 897 2591 nihil
928 2536 1066 2591 illos
1096 2536 1418 2607 perfectius
1449 2536 1646 2594 dicere
1674 2554 1687 2591 :
1723 2561 1748 2588 «ι
1772 2539 1958 2604 Quem
1986 2556 2109 2595 non

452 2624 927 2698 praedicavimus,
970 2645 999 2674 »
1031 2624 1245 2695 inquit.
1280 2648 1307 2675 «
1333 2625 1518 2690 Quem
1549 2642 1669 2682 non
1709 2628 2044 2700 accepistis.
2078 2650 2107 2679 »

456 2714 529 2769 Et
554 2729 837 2769 rursum:
901 2733 929 2763 «
962 2713 1129 2778 Quod
1186 2729 1308 2769 non
1367 2715 1751 2787 suscepistis;
1781 2738 1805 2761 ν»
1856 2717 2109 2773 circum-

460 2803 783 2876 scriptione
814 2802 1138 2859 ostendens
1185 2803 1337 2859 nihil
1382 2803 1640 2875 amplius
1688 2805 1824 2860 illos
1864 2805 2106 2861 'doeere.

456 2894 658 2964 Neque
690 2892 850 2948 enim
882 2891 975 2947 his
1006 2894 1106 2963 qui
1138 2893 1310 2964 plura
1338 2893 1684 2964 loquuntur,
1719 2894 1821 2950 sed
1845 2894 1946 2967 qui
1974 2910 2113 2950 vera

457 2980 669 3037 dicunt
696 2986 931 3053 oportet
959 2986 1223 3036 mentem
1254 2982 1581 3038 advertere.
1605 3006 1631 3032 «
1659 2984 1825 3049 Quod
1847 2999 1964 3039 non
1988 2999 2113 3039 sus—

456 3070 720 3142 cepistis.
757 3091 781 3120 ι)
818 3070 980 3136 Quod
1010 3087 1112 3126 vos
1140 3071 1454 3143 i'portebat
1511 3073 1834 3144 suscipere,
1885 3079 1945 3127 et
1992 3089 2111 3128 non

457 3159 827 3231 suscepistis.
874 3182 902 3208 α
965 3162 1141 3216 Recte
1190 3162 1587 3219 sustineretis.
1644 3184 1671 3212 »
1730 3162 1879 3228 Quid
1937 3161 2110 3232 dicis,

457 3250 641 3306 Paule
669 3253 690 3303 Ρ
719 3250 820 3322 qui
845 3250 1065 3305 Galatis
1089 3250 1356 3331 scribens
1378 3251 1494 3306 ais:
1520 3252 1577 3307 Si
1597 3252 1732 3324 quis
1754 3252 2109 3325 praedicave-

2210 2075 2455 2141 ἱλάϐετε.
2501 2105 2529 2133 »
2562 2085 2629 2141 Ὀ
2685 2078 2795 2139 ἔδει
2852 2080 3041 2141 λαϐεῖν
3087 2086 3249 2160 ὑμᾶς,
3309 2087 3400 2141 καὶ
3457 2086 3562 2142 οὐκ
3618 2083 3871 2150 ἐλάϐετε.

2211 2195 2238 2222 ‹‹
2274 2172 2345 2228 ’Ἡ
2377 2171 2709 2247 Εὐαγγὲλιον
2733 2171 2940 2247 ἕτερον.
2977 2198 3007 2228 ››
3050 2173 3190 2233 Οὐδέ
3239 2176 3345 2251 γὰρ
3394 2174 3521 2232 οὑδὲ
3568 2181 3731 2235 τοῦτο
3777 2199 3874 2233 σο-

2210 2259 2335 2328 φίας
2359 2258 2529 2317 δεῖται
2559 2267 2657 2332 τῆς
2684 2258 2897 2334 ἔξωθεν.
2942 2266 3144 2320 Σκόπει
3178 2263 3234 2321 δὶ
3266 2270 3382 2329 πῶς
3412 2264 3649 2322 δείκνυσι
3696 2264 3866 2342 μηδὲν

2207 2348 2545 2425 τελειότερον
2576 2350 2752 2427 λέγειν
2781 2352 3034 2416 ἐκείνους.
3088 2378 3117 2407 ‹‹
3148 2358 3243 2408 "0v
3293 2355 3394 2410 οὑκ
3442 2353 3801 2430 ἐκηρύξαμεν,
3835 2380 3865 2410 ›ι

2210 2442 2395 2519 φησῖν,
2455 2442 2577 2498 «⁸⁸0
2617 2442 2719 2496 οὑκ
2773 2438 3018 2499 ἐλάϐετε.
3054 2467 3083 2495 ››
3142 2442 3241 2499 Καῖ
3299 2444 3484 2499 πάλιν·
3549 2468 3577 2498 ιι
3634 2447 3705 2504 ’Ὁ
3768 2445 3867 2501 οὐκ

2211 2527 2469 2598 ἐδέξασθε.
2508 2553 2535 2581 ››
2588 2533 2690 2603 Τῷ
2731 2528 3149 2608 προσδιορισμῷ
3195 2531 3428 2599 δεικνὺς,
3482 2530 3654 2607 μηδὲν
3702 2532 3871 2591 πλέον

2212 2616 2449 2682 ἐκείνους
2477 2616 2771 2678 διδάσκειν.
2805 2619 2947 2680 Οὐδὲ
2974 2621 3077 2697 γάρ
3133 2628 3257 2687 τοῖς
3303 2621 3530 2679 πλείονα
3577 2622 3870 2696 λαλοῦσιν,

2213 2709 2361 2766 ἀλλά
2388 2716 2506 2775 τοῖς
2536 2709 2718 2783 ἀληθῆ
2779 2711 3027 2791 λέγουσι,
3083 2711 3165 2769 δεῖ
3221 2716 3513 2791 προσέχειν
3570 2717 3661 2772 τὸν
3722 2721 3870 2775 νοῦν.

2214 2824 2241 2851 ‹‹
2277 2801 2344 2857 Ὀ
2374 2800 2474 2855 οὐκ
2501 2797 2763 2870 ἒδέεασθε.
2801 2826 2828 2854 υ
2851 2804 2919 2860 Ὃ
2950 2799 3056 2858 ἔδει
3118 2800 3359 2875 δέξασθαι
3411 2805 3572 2878 ὑμᾶς,
3624 2808 3713 2862 καὶ
3767 2806 3868 2863 οὑκ

2214 2885 2477 2959 ἐδέξασθε.
2513 2913 2537 2943 α
2574 2890 2775 2954 Καλῶς
2810 2892 3118 2967 ἠνείχεσθε.
3155 2918 3182 2945 ››
3213 2896 3282 2951 Τί
3338 2892 3536 2969 λέγεις,
3566 2894 3611 2951 ὦ
3645 2896 3868 2967 liable;

2215 2978 2244 3033 ὁ
2278 2977 2540 3042 Γαλάταις
2571 2982 2818 3055 γρά-ρων,
2874 3006 2902 3033 ‹‹
2936 2982 3060 3039 Ἐάν
3112 3004 3197 3046 τις
3255 2983 3673 3060 εὑαγγελίζηται
3732 2987 3863 3058 ὑμῖν

2214 3066 2405 3141 παρ’ὅ
2442 3065 2799 3143 παρελάϐετε,
2856 3068 3100 3146 ἀδάθεμα
3155 3065 3314 3143 ἔστω,
3368 3099 3396 3127 ››
3457 3074 3667 3137 τοῦτοις
3723 3077 3865 3150 γρά-

2216 3178 2354 3235 φεις,
2391 3184 2416 3210 ιι
2456 3157 2649 3223 Καλῶς
2675 3161 2996 3237 ἠνείχεσθε;
3032 3185 3060 3214 »ι
3113 3162 3219 3219 Καὶ
3273 3164 3381 3234 μην
3434 3160 3523 3220 διὰ
3566 3169 3724 3219 τοῦτο
3769 3164 3872 3221 οὑκ

2215 3246 2321 3303 ἔδει
2354 3248 2661 3323 ἀνέχεσθαι.
2696 3249 2762 3307 Εἰ
2794 3247 2850 3306 δὲ
2876 3251 2944 3306 τὰ
2976 3251 3109 3306 αὑτά
3140 3273 3223 3307 σοι
3253 3248 3466 3331 ἔλεγον,
3500 3255 3624 3310 τότε
3676 3253 3875 3331 ἀνέχε-

458 3340 541 3417 rit
577 3338 743 3393 vobis
771 3339 1148 3410 Evangelium
1201 3346 1418 3411 praeter
1445 3357 1624 3412 quam
1655 3341 1713 3396 id
1755 3340 1915 3413 quod
1945 3358 2107 3397 acce-

2224 3341 2341 3394 σθαι
2374 3337 2567 3414 ἐχρῆν.
2601 3337 2760 3396 Ἀλλ’
2791 3338 2908 3415 ὅρα.
2944 3342 3126 3419 Μέγας
3183 3343 3286 3419 γάρ
3316 3344 3344 3398 6
3373 3340 3619 3406 κίνδυνος
3665 3348 3745 3416 τῷ
3797 3347 3875 3419 μή

461 3428 654 3501 pistis.
689 3428 1010 3482 anathema
1042 3428 1119 3482 sit
1171 3427 1262 3495 ‘3;
1298 3451 1326 3477 »
1372 3446 1535 3486 nunc
1584 3430 1657 3486 ad
1701 3431 1808 3486 hos
1851 3430 2063 3487 scribis
2098 3447 2112 3487 :

466 3536 495 3568 α
524 3518 703 3572 Recte
735 3517 1159 3573 sustineretis?
1190 3539 1218 3568 »
1252 3519 1428 3589 Atqui
1464 3525 1707 3591 propter
1758 3521 1869 3576 hoc
1916 3522 2114 3593 ipsum

461 3624 584 3665 non
617 3607 912 3663 sustinere
942 3613 1264 3679 oporteret,
1299 3608 1404 3664 sed
1434 3609 1483 3664 si
1538 3609 1744 3665 eadem
1794 3615 1990 3666 tecum
2034 3611 2117 3666 di-

460 3698 713 3764 xissent,
735 3704 876 3752 tunc
898 3704 1133 3770 oportet
1162 3699 1476 3756 sustinere.
1511 3702 1580 3754 Et
1602 3701 1763 3767 vide;
1797 3702 1950 3757 082
1977 3718 2114 3758 nam

463 3805 750 3859 magnum
772 3788 1051 3845 imminet
1068 3790 1404 3861 periculum
1421 3792 1473 3847 ei
1495 3791 1593 3862 qui
1616 3808 1738 3848 non
1758 3792 2117 3848 beneanim-

467 3880 738 3937 advertit.
791 3879 1082 3937 Omnibus
1135 3881 1296 3937 enim
1360 3880 1688 3939 haeresibus
1738 3883 1889 3938 viam
1936 3899 2119 3955 praes-

469 3975 697 4028 truunt.
730 3971 816 4025 Ita
843 3969 1253 4043 gloriabantur
1280 3970 1749 4043 pseudapostoli,
1772 3971 1941 4043 quasi
1968 3973 2119 4026 Pau-

469 4059 566 4116 lus
598 4059 944 4131 imperfecte
976 4058 1234 4126 doceret,
1267 4059 1380 4131 ipsi
1413 4066 1605 4115 autem
1632 4059 1954 4131 perfectius
2007 4059 2118 4115 ali-

468 4148 612 4220 quid
636 4148 904 4204 dicerent
928 4164 941 4203 :
973 4147 1273 4220 siquidem
1304 4155 1545 4204 externa
1568 4148 1841 4204 doctrina
1860 4153 2119 4217 utentes,

463 4238 617 4293 veris
651 4237 1024 4311 dogmatibus
1054 4254 1242 4311 nugas
1272 4238 1732 4309 permiscebant,
1765 4238 1898 4293 ideo
1940 4239 2120 4295 etiam

463 4327 686 4383 multos
717 4327 1198 4399 corrumpebant.
1235 4329 1352 4383 Hoc
1380 4327 1579 4399 itaque
1611 4343 1771 4383 nunc
1802 4328 1920 4383 ait:
1953 4327 2009 4383 Si
2062 4328 2120 4383 bi

462 4422 624 4472 certe
655 4416 884 4487 aliquid
916 4416 1236 4487 perfectius
1266 4417 1493 4482 dicunt,
1528 4416 1789 4472 etalium
1822 4423 2123 4490 oporteret

462 4503 775 4581 praedicari
831 4505 1153 4568 Christum,
1213 4522 1282 4562 ac
1339 4522 1450 4562 nos
1502 4507 2116 4578 praetermisissemus,

463 4601 626 4653 recte
656 4595 1056 4651 sustineretis.
1103 4599 1419 4668 Propterea
1448 4596 1605 4652 enim
1664 4596 1838 4652 dicit:
1876 4619 1903 4647 ‹‹
1935 4597 2119 4663 Quem

464 4704 588 4743 non
620 4686 1091 4760 praedicavimus.
1128 4710 1156 4739 ››
1212 4689 1268 4745 Si
1324 4707 1459 4747 vero
1519 4691 1726 4748 eadem
1784 4698 1923 4748 sunt
1980 4693 2117 4748 ﬁdei

462 4778 679 4850 capita,
713 4784 773 4833 et
800 4778 952 4834 nihil
984 4780 1242 4852 amplius
1291 4774 1522 4845 dicunt.
1569 4783 1729 4854 quod
1776 4783 1850 4839 ad
1904 4782 2121 4856 dogma

456 4870 673 4924 attinet
703 4885 717 4924 :
749 4869 824 4925 ob
856 4886 1035 4941 quam
1066 4886 1302 4927 causam
1344 4872 1433 4927 illi
1465 4889 1644 4944 supra
1693 4888 1803 4929 nos
1834 4872 1894 4927 in
1918 4873 2110 4928 hono-

458 4974 524 5014 re
554 4958 899 5015 habentur?
927 4961 1468 5034 Quantumcunque
1509 4964 1671 5019 enim
1720 4964 1921 5036 nugati
1972 4962 2106 5019 fue-

459 5048 603 5114 rint,
637 5049 854 5120 inquit,
888 5051 1041 5105 nihil
1073 5068 1252 5124 supra
1282 5069 1392 5108 nos
1418 5052 1696 5108 dixerunt
1750 5057 1969 5124 praeter
1996 5052 2113 5108 fas-

466 5141 593 5194 tum
625 5139 959 5195 verborum.
996 5171 1061 5182 -
1092 5140 1258 5207 Quod
1288 5148 1486 5199 autem
1520 5142 1643 5197 ait:
1683 5164 1702 5189 ιι
1756 5144 1933 5197 Recte
1983 5157 2113 5197 sus.

465 5226 760 5291 tineretis,
794 5250 822 5278 »
849 5244 973 5286 non
1004 5235 1096 5286 est
1140 5231 1441 5288 laudantis
1497 5231 1679 5287 talem
1734 5232 2115 5300 sententiam,

470 5317 575 5373 sed
605 5317 848 5374 uberius
879 5321 1199 5393 arguentis.
1232 5322 1378 5377 Nam
1409 5322 1586 5395 paulo
1611 5325 1767 5388 ante,
1802 5321 1910 5377 hos
1941 5322 2121 5377 susti-

465 5422 609 5462 nere
642 5407 848 5478 eisque
897 5409 1225 5475 adhazrere,
1279 5411 1725 5483 corruptionem
1777 5411 2115 5483 appellavit.

465 5494 614 5560 Quid
646 5502 737 5551 est
767 5512 902 5570 ergo
934 5499 1091 5570 quod
1124 5500 1363 5573 arguit?
1398 5500 1859 5568 lnexcusabiles,
1901 5501 2115 5572 inquit,

467 5586 612 5641 estis
644 5585 692 5640 si
724 5585 1021 5655 fallimini,
1057 5590 1295 5660 quando
1327 5591 1565 5662 utrique
1595 5598 1886 5659 nostrum,
1921 5597 1980 5647 et
2010 5607 2120 5647 nos

466 5681 528 5731 et
554 5677 994 5751 pseudapostoli
1030 5681 1233 5737 eadem
1268 5681 1538 5737 videmur
1566 5682 1782 5752 dicere,
1824 5689 1883 5739 et
1920 5688 2121 5739 tamen

2223 3430 2574 3506 προσέχοντι.
2653 3434 2853 3495 ΙΙάσαις
2927 3433 3028 3509 γὰρ
3105 3432 3340 3508 αἱρέσεσι
3380 3431 3570 3491 δίδωσι
3611 3432 3874 3510 πρόοδον.

2221 3521 2409 3583 Οὕτως
2442 3520 2753 3594 ἐκόμπαζον
2784 3522 2836 3576 οἱ
2876 3520 3337 3597 ψευδαπόστολοι,
3397 3523 3473 3586 ὦς
3518 3521 3732 3587 ἀτελῶς
3779 3529 3879 3581 τοῦ

2221 3610 2442 3667 Παύλου
2473 3608 2847 3682 διδάσκοντος,
2879 3612 2970 3668 καὶ
3029 3613 3115 3668 ὃτι
3172 3612 3345 3677 αὐτοὶ,
3405 3614 3559 3692 φησὶ,
3615 3612 3784 3670 πλέον
3824 3636 3882 3671 τι

2220 3702 2311 3757 καὶ
2340 3700 2680 3778 τελειότερον
2739 3700 2981 3777 λέγουσι.
3028 3706 3108 3777 Τῇ
3156 3704 3259 3778 γάρ
3303 3697 3404 3776 ἕξω
3456 3700 3678 3775 παιδείᾳ
3725 3705 3906 3781 χρώ-

2227 3811 2402 3866 μενοι,
2467 3797 2584 3853 τοῖς
2652 3789 2879 3860 ἀληθέσι
2940 3789 3174 3867 δόγμασι
3248 3791 3514 3870 φλυαρίας
3571 3792 3882 3868 ἀνεμίγνυν,

2224 3882 2318 3936 Διὸ
2348 3881 2436 3936 καὶ
2467 3874 2712 3959 ἔφθειρον
2769 3878 3034 3945 πολλοὺς.
3091 3884 3269 3938 Τοῦτο
3309 3880 3399 3936 οῦν
3458 3903 3593 3958 φησι
3641 3886 3757 3938 νῦν·
3814 3883 3885 3940 Εἴ

2229 3972 2324 4045 μέν
2354 3991 2407 4026 τι
2447 3969 2782 4046 τελειότεριν
2838 3968 3088 4047 λέγουσιν
3151 3972 3326 4040 οὗτοι,
3382 3971 3474 4026 καὶ
3529 3968 3712 4041 ἕτερον
3770 3965 3886 4028 ἔδει

2224 4062 2575 4135 κηρυχθῆναι
2605 4059 2864 4134 Χριστὸν,
2900 4059 2988 4114 καὶ
3036 4063 3202 4130 ἡμεῖς
3250 4057 3652 4135 παρελίπομεν,
3697 4059 3887 4117 καλῶς

2224 4147 2528 4228 ἡνείχεσθε.
2563 4149 2661 4203 Διά
2690 4151 2853 4204 τοῦτο
2899 4148 3002 4223 γάρ
3052 4146 3221 4225 λέγει,
3273 4172 3301 4200 ‹‹
3330 4149 3427 4206 "Ov
3484 4147 3583 4203 όὺκ
3625 4147 3890 4225 έκηρνξα-

2230 4258 2346 4312 μεν.
2382 4261 2411 4290 ››
2445 4237 2508 4295 Εἰ
2542 4235 2599 4293 δὲ
2626 4238 2695 4292 τὰ
2719 4234 2858 4293 αὐτά
2902 4236 3036 4305 ἔστι,
3086 4237 3243 4316 φησὶ,
3291 4244 3392 4306 τῆς
3439 4236 3675 4299 πίστεως
3715 4236 3889 4318 κεφά-

2226 4331 2377 4399 λαια,
2410 4333 2501 4387 καὶ
2533 4328 2687 4387 οὐδὲν
2717 4328 2883 4387 πλέον
2916 4331 3128 4407 ἐροῦσιν
3157 4331 3282 4387 ὅσον
3316 4333 3445 4402 ἧκεν
3476 4332 3553 4395 είς
3583 4332 3648 4388 τὸ
3679 4329 3884 4406 δόγμα,

2227 4420 2318 4479 διὰ
2347 4422 2401 4477 τί
2432 4421 2599 4478 πλέον
2628 4415 2821 4502 ἔχουσι
2848 4422 2974 4497 παρ’
3010 4422 3137 4495 ὑμῖν
3182 4419 3377 4477 ἐκεῖνοι
3408 4441 3422 4490 ;
3470 4423 3625 4495 Ὃσῳ
3664 4420 3769 4495 γάρ
3822 4419 3888 4477 ἄν

2226 4512 2607 4593 φλυαρησωσι,
2643 4511 2830 4590 φησὶν,
2864 4509 3021 4566 οὐδὲν
3059 4509 3250 4581 πλέον,
3294 4512 3367 4566 ὧν
3414 4514 3600 4585 ἡμεῖς,
3653 4510 3886 4578 εῗίποιεν,

2225 4602 2373 4671 πλην
2441 4607 2538 4658 τοῦ
2594 4602 2813 4675 κόμπου
2868 4606 2976 4657 τῶν
3055 4598 3269 4672 λέξεων.
3324 4634 3395 4645 -—
3450 4603 3635 4675 ΦΩΤ.]
3693 4601 3768 4656 Τὸ
3828 4599 3891 4656 δὲ

2228 4720 2256 4747 ‹‹
2317 4691 2513 4755 Καλῶς
2571 4691 2874 4767 ἠνείχεσθε,
2938 4712 2963 4743 ι
3025 4690 3127 4745 οὐκ
3207 4690 3553 4752 ἐπαινοῦντός
3612 4688 3725 4745 ἐστι
3781 4690 3885 4760 τήν

2226 4786 2483 4856 τοιαύτην
2534 4787 2786 4862 γνώμην,
2875 4781 3002 4839 ἀλλ’
3060 4782 3119 4839 ἐκ
3176 4782 3465 4858 περουσίας
3538 4782 3890 4863 ἐλέγχοντος.

2224 4875 2439 4951 Φοορᾶν
2486 4874 2588 4951 γάρ
2646 4875 2753 4944 πρὸ
2814 4876 3036 4947 μικροῦ,
3093 4873 3156 4928 τὸ
3208 4872 3491 4949 ἀνέχεσθαι
3547 4872 3755 4928 τούτων
3793 4873 3893 4928 καὶ

2223 4964 2517 5039 προσέγειε
2544 4963 2731 5027 αὑτοῖς
2764 4962 3082 5020 ἀπεκάλεσε.
3116 4963 3187 5020 Τί
3234 4963 3328 5018 οὗν
3378 4962 3520 5018 ἐστιν
3547 4963 3576 5018 ’ὀ
3608 4960 3833 5040 ἐλέγχει
3875 4981 3890 5031 ;

2228 5054 2657 5132 Ἀπροιράσιστος
2718 5052 2870 5127 ὑμῶν
2930 5051 3062 5121 ἐστι,
3125 5051 3314 5134 φησὶν,
3380 5053 3414 5121 ἠ
3484 5050 3695 5126 ἀγάπη,
3754 5052 3891 5107 ’ὁταν

2226 5141 2392 5221 ἄμφω
2424 5145 2587 5217 ἡμῶν
2615 5142 2784 5197 τεκαὶ
2825 5146 2931 5198 τῶν
2984 5137 3445 5215 ψευδαποστόλων
3491 5141 3556 5195 τὰ
3607 5141 3745 5196 αὑτά
3792 5136 3887 5195 δο-

2226 5234 2461 5288 κοὺνειυν
2518 5232 2717 5309 λέγειν,
2773 5235 2933 5307 ἡμῶν
2997 5231 3094 5306 μὶν
3181 5230 3492 5307 ἀφίστασθε,
3553 5230 3776 5293 ἐκείνοις
3825 5226 3891 5286 δὲ

2226 5323 2597 5396 προστίθεσθε.
2632 5321 2711 5379 Οὐ
2767 5322 2872 5398 γὰρ
2926 5317 3070 5392 ἓξετε
3124 5321 3391 5400 πρόφασιν
3449 5321 3551 5390 τήν
3590 5320 3893 5389 καινότητα

2225 5419 2326 5480 τῆς
2387 5411 2625 5487 ἀγάπης,
2683 5411 2774 5466 καὶ
2830 5412 2893 5465 τὸ
2950 5408 3360 5485 ἐξηλλαγμένον
3434 5408 3510 5471 εἰς
3563 5410 3894 5479 τελειότητα

2225 5505 2333 5557 τῶν
2367 5499 2681 5578 δογμάτων.
2746 5497 2920 5557 Ε’ἷωθε
2966 5501 3067 5575 γὰρ
3107 5502 3142 5568 ἡ
3207 5500 3462 5569 καινότης
3507 5498 3894 5577 ὑπογαργαλί-

2232 5595 2339 5660 ζειν
2369 5591 2460 5645 καὶ
2520 5589 2834 5667 έφέλκεσθαι
2889 5589 3019 5651 τοὺς
3076 5587 3500 5665 ἁπλουστέρους.
3565 5593 3744 5663 Ὑμῖν,
3808 5586 3890 5660 δὲ,

2230 5677 2355 5735 οὐδὲ
2387 5679 2521 5751 αὕτη
2552 5682 2587 5751 ἡ
2622 5680 2889 5759 πρόφασις
2924 5678 3244 5759 ὑπελείφθη.

471 5767 706 5824 anobis
751 5769 1127 5825 discedentes
1170 5771 1293 5827 illis
1346 5770 1701 5828 adhaaretis:
1765 5773 1886 5829 n'on
1946 5772 2107 5829 enim
2161 5772 2538 5830 occasionem
2597 5771 2893 5830 habebitis
2948 5771 3176 5828 fraudis
3236 5773 3579 5844 novitatem,
3638 5778 3698 5829 et
3752 5788 3883 5831 rem

536 5879 584 5916 ⁸³
616 5883 802 5939 Galat.
833 5901 873 5952 1,
903 5886 958 5940 8.
