4098 6410
303 501 467 565 1045

1211 500 1608 564 ΟΟΜΜΕΝΤ.
1655 501 1744 561 ΙΝ
1789 498 2042 560 EPIST.
2091 500 2146 563 II
2188 502 2293 562 AD
2337 500 2707 564 CORINTH.

3574 505 3732 566 1046

306 655 444 696 esse
469 637 776 694 insolitam
808 636 884 694 ad
907 636 1336 710 perfectionem
1366 636 1731 711 dogmatum.
1765 632 1927 692 Solet
1974 633 2133 692 enim
2163 637 2392 694 novitas
2419 637 2660 695 titillare
2690 654 2759 694 ac
2791 637 3184 711 simpliciores
3214 640 3532 708 attrahere,
3565 639 3731 698 vobis
3782 614 3789 627 ³

305 735 511 785 autem
542 743 618 782 ne
652 727 779 783 haec
805 726 1046 798 quidem
1074 727 1305 783 occasio
1332 726 1541 782 relicta
1570 730 1678 781 est.

385 812 690 887 Λογίζομαι
773 814 872 887 γὰρ
953 835 1028 883 μη
1037 809 1122 867 δὶν

312 901 438 961 λίαν
471 900 815 959 ἀποστόλων.
868 903 931 958 Εἴ
964 899 1021 957 δὲ
1048 901 1139 957 καὶ
1206 898 1432 972 ἰδιώτης
1489 905 1569 972 τῷ
1619 898 1791 975 λόγῳ,
1842 896 1970 954 ἀλλ’

308 991 375 1047 οὐ
436 995 504 1065 τῇ
562 993 810 1065 γνώσει.
870 990 1029 1047 Ἀλλ’
1081 989 1134 1046 ἐν
1206 991 1366 1046 παντὶ
1425 988 1844 1067 φανερωθέντες,
1919 986 1970 1043 ἐν

310 1087 479 1137 πᾶσιν
538 1082 616 1143 είς
674 1081 833 1154 ὑμᾶς.
864 1088 930 1138 Ἢ
982 1082 1252 1155 ἁμαρτίαν
1314 1081 1549 1152 ἐποίησα
1602 1079 1833 1154 ἐμαυτὸν
1872 1100 1970 1134 τα-

311 1177 541 1238 πεινῶν,
603 1168 697 1226 ἵνα
788 1172 943 1243 ὑμεῖς
1024 1173 1283 1246 ὑψωθῆτε
1352 1172 1435 1226 δτι
1502 1167 1704 1243 δωρεὰν
1758 1168 1820 1224 τὸ
1876 1172 1972 1222 τοῦ

312 1264 451 1316 Θεοῦ
528 1259 860 1336 Εὐαγγὲλιον
941 1258 1428 1335 εὐηγγελιοσσὶμην
1489 1259 1667 1333 ὖμῖν;
1753 1256 1970 1319 ’Άλλας

313 1347 613 1419 ἰκκλησίας
668 1347 912 1418 ἒσῦλησα
947 1392 961 1417 ,
1048 1347 1242 1405 λαλὼν
1339 1347 1575 1422 ὀψώνιον
1657 1347 1793 1423 πρὸς
1868 1348 1971 1417 τήν

314 1438 471 1511 ὗμων
502 1435 795 1506 διακονίαν,
825 1437 918 1492 καὶ
961 1438 1153 1510 παρὼν
1213 1439 1350 1513 πρὸς
1397 1438 1536 1510 ὑμᾶς
1587 1436 1678 1492 καὶ
1746 1436 1970 1511 ὑστερη-

309 1529 447 1594 θεὶς,
489 1528 554 1582 οὐ
585 1526 961 1600 κατενάρκησα
996 1524 1236 1589 0535.6;-

384 1618 585 1672 Λνιπὸν
632 1622 749 1678 τοῖς
789 1616 915 1690 περῖ
978 1616 1178 1692 Πέτρον
1236 1616 1508 1691 συγκρίνει
1567 1615 1779 1681 ἑαυτὸν,
1808 1617 1971 1669 τοῦτο

309 1703 480 1776 δεῖξαι
515 1704 709 1773 θὲλων,
739 1703 911 1762 ὅτιΕἰ
944 1704 1106 1777 ἐμοῦ,
1140 1705 1299 1782 φησὶ,
1329 1703 1498 1760 πλέον
1533 1703 1697 1771 ἴσασι,
1727 1702 1817 1758 καὶ
1840 1701 1974 1758 ἐκεί-

308 1815 437 1853 νων·
472 1795 548 1857 εἷς
578 1796 678 1862 τὴν
704 1795 780 1857 εῗς
812 1791 1015 1850 ἄτοπον
1045 1794 1354 1871 ἀπαγωγὴν
1418 1795 1595 1871 φέρων
1655 1793 1746 1848 τὸν
1779 1792 1969 1869 λόγον.

306 1887 453 1962 Ὀρα
510 1882 567 1939 δὲ
619 1883 1147 1962 ταπεινοφροσύνην.
1203 1883 1538 1958 Λογίζομαι,
1599 1881 1788 1957 φησὶν,
1862 1882 1972 1936 οἷον

312 1977 581 2050 ἡγοῦμαι.
614 1972 860 2046 Νομίζω,
887 1969 1037 2027 οὐδὲν
1080 1972 1473 2052 ἀποφαντικὸν,
1503 1972 1593 2026 καὶ
1634 1970 1745 2046 οὐχ
1781 1968 1973 2031 ἅπλῶς

319 2060 666 2128 ἀποστόλων,
698 2057 851 2143 ἀλλὰ)
874 2065 982 2116 τῶν
1016 2061 1148 2136 ὑπὲρ
1191 2060 1330 2131 λίαν,
1362 2060 1584 2132 Ιιὲτρον,
1641 2059 1732 2115 καὶ
1779 2059 1971 2115 Ἰάκω-

315 2148 438 2219 ϐον,
496 2153 584 2206 καὶ
659 2150 912 2222 Ἰωάννην
972 2150 1392 2227 αἰνιττόμενος,
1449 2153 1618 2203 Τοῦτο
1669 2145 1726 2203 δέ
1782 2169 2050 2253 φησιηΒ

315 2240 329 2253 .
443 2240 495 2253 ...
624 2242 636 2253 .
803 2246 829 2253 -
1012 2240 1022 2253 .
1128 2238 1249 2253 ...κ
1387 2243 1408 2253 ..
1448 2236 1503 2253 ει.
1751 2240 1815 2253 ..Α
1914 2237 1928 2253 ,

307 2240 506 2311 ἐπειδὴ
541 2242 739 2297 τούτου
770 2246 865 2296 νῦν
897 2240 1080 2316 χρεία.
1128 2238 1412 2314 Ἀλλαχοῦ
1444 2236 1503 2294 δέ
1531 2257 1717 2317 φησιν·
1751 2240 1850 2302 Ὃς
1871 2237 1975 2291 οὐκ

308 2330 430 2406 εἰμὶ
488 2332 673 2393 ἱκανὸς
731 2328 1016 2385 καλεῖσθαι
1054 2327 1389 2390 ἀπόστολος.
1449 2354 1476 2381 ιι
1514 2329 1579 2383 El.
1612 2325 1668 2382 δὲ
1692 2327 1783 2382 καὶ
1817 2325 1973 2382 ἷδιώ-

308 2440 433 2491 της.
471 2445 493 2469 ιι
528 2416 753 2488 Ἐπειδή
810 2418 860 2473 ἐν
921 2419 1101 2492 τούτῳ
1129 2416 1633 2486 ἐνεκαλλωπίζοντο
1697 2417 1749 2470 οἱ
1781 2412 1975 2488 ψευδα-

314 2506 589 2564 πόστολοι
624 2508 699 2568 εἷς
729 2509 790 2562 τὸ
825 2508 902 2581 μὴ
935 2509 1076 2563 εἶναι
1147 2505 1387 2576 ἰδιῶται,
1451 2502 1716 2561 δείκνυσιν
1767 2505 1851 2560 ὅτι
1910 2504 1972 2559 οὐ

312 2600 500 2677 φεύγει
529 2598 628 2666 τήν
665 2593 962 2665 tamam,
988 2595 1134 2653 ἀλλᾶ
1194 2597 1286 2651 καὶ
1339 2596 1649 2669 σεμνύνεται
1699 2593 1782 2649 ἐπ’
1813 2592 1972 2668 αὐτῇ.

318 2691 415 2747 Διὸ
446 2688 540 2743 καὶ
571 2687 784 2758 τίθησιν
831 2688 986 2744 αὐτό.
1051 2688 1157 2742 Καὶ
1218 2684 1468 2761 ἀλκαχοῢ
1527 2682 1584 2739 δὲ
1612 2688 1774 2740 τοῦτο
1805 2688 1973 2752 ποιεῖ,

319 2777 449 2835 ἔνθα
480 2775 713 2833 δείκνυσι
745 2777 806 2832 τὸ
839 2778 976 2833 εἶναι
1012 2777 1198 2857 σοφὸν,
1262 2777 1399 2852 πρὸς
1460 2770 1695 2851 βλάϐην
1753 2775 1812 2830 ’ὀν
1877 2777 1975 2828 τοῦ

314 2868 700 2943 κηρύγματος.
736 2890 765 2919 (ί
797 2865 1002 2931 Ἦλθον
1024 2872 1144 2941 γᾶρ,
1178 2867 1364 2940 φησὶν,
1424 2866 1493 2920 οὐ
1543 2865 1659 2919 καθ’
1693 2864 1974 2941 ὑπεροχὴν

312 2956 494 3032 λόγου
548 2955 763 3032 σοφίας,
815 2955 904 3010 ἳνα
955 2957 1031 3029 μή
1072 2956 1286 3030 κενωθῇ
1319 2956 1347 3010 ὁ
1378 2952 1626 3029 σταυρός.
1663 2978 1691 3005 ››
1729 2987 1797 2997 -—
1828 2977 1857 3005 «
1885 2957 1976 3025 Τῷ

315 3044 499 3121 λόγῳ.
533 3068 557 3096 ο
598 3046 808 3119 [ΦΩΤ.]
859 3045 920 3101 Ὀ
979 3044 1147 3121 λόγος
1207 3044 1296 3099 καὶ
1365 3044 1401 3111 ἡ
1456 3047 1678 3118 γνῶσις,
1734 3041 1834 3097 οὐκ
1891 3042 1972 3096 ἀεὶ

309 3136 384 3191 τὰ
414 3133 548 3189 αὐτὰ
577 3133 724 3209 παρᾶ
772 3138 853 3204 τῷ
907 3132 1174 3204 θεσπεσίῳ
1245 3131 1447 3204 Παύλῳ
1514 3130 1789 3204 σημαίνει,
1845 3123 1976 3186 ἀλλ’

323 3221 500 3279 ἰνίοτε
532 3223 620 3295 μὶν
650 3218 816 3299 λόγον
850 3219 1020 3297 λέγει,
1059 3221 1123 3277 τὸ
1155 3214 1303 3296 ἔχειν
1353 3221 1605 3297 χάρισμα
1657 3217 1973 3276 διδασκαλι-

321 3312 437 3379 κὸν,
481 3316 674 3387 γνῶσιν
709 3308 786 3380 δὲ,
815 3311 877 3365 τὸ
910 3311 1144 3365 συνιέναι
1180 3311 1274 3383 μὲν
1321 3310 1415 3364 τὸν
1465 3315 1562 3365 τοῦ
1619 3309 1977 3385 κηρύγματος

315 3400 507 3476 λόγον,
542 3403 617 3476 μὴ
675 3400 861 3474 μεντοι
918 3396 1173 3455 δύνασθαι
1216 3399 1309 3454 καὶ
1359 3399 1576 3475 ἑτέρους
1610 3397 1841 3478 ὠφελεῖν
1883 3398 1973 3453 καὶ

309 3489 609 3548 διδάσκειν·
662 3488 832 3546 ἐνίοτε
905 3488 1074 3564 λόγον
1139 3488 1233 3562 μὶν
1295 3486 1464 3564 λέγει,
1519 3488 1582 3543 τὸ
1641 3487 1972 3564 ἐγγεγυμνά-

312 3592 437 3647 σθκι
484 3585 554 3656 τῇ
586 3578 895 3655 Ἑλληνικῇ
957 3577 1140 3655 σοφία,
1193 3575 1363 3651 μηδὲν
1397 3575 1454 3634 δὲ
1504 3585 1604 3647 τῆς
1663 3577 1809 3640 θείας
1852 3598 1976 3651 μετ-

310 3669 485 3746 έχειν,
558 3668 720 3741 μόνον
778 3666 836 3725 δῖε
884 3668 1417 3741 κατεστωμυλῶοθαι
1454 3713 1469 3737 ,
1519 3672 1715 3743 γνῶσιν
1777 3665 1856 3731 δέ,
1917 3669 1981 3724 τὸ

320 3757 709 3814 τετελειῖυσθαι
741 3757 792 3812 ὲν
834 3761 903 3831 τῇ
962 3756 1146 3837 σοφίᾳ,
1199 3757 1339 3813 ὥστε
1388 3756 1478 3811 καὶ
1538 3756 1697 3812 αὐτὸν
1738 3751 1980 3832 ἀκριϐῶς

383 3846 432 3879 ‘1
652 3849 666 3865 ἱ
739 3870 761 3879 -
1104 3848 1117 3864 ἱ
1215 3849 1244 3866 ν
1495 3847 1505 3862 Ι
1549 3870 1559 3878 .
1787 3848 1799 3865 ἢ

324 3849 546 3918 εἰοενχι,
578 3870 670 3903 και
710 3848 924 3924 ὲ.έρους
976 3849 1156 3902 ἱκανον
1188 3868 1332 3904 ειναι
1389 3845 1659 3903 διδασοιειν
1713 3868 1803 3902 και
1845 3849 1989 3922 Χρι-

323 3944 441 4011 στῷ
472 3938 791 4016 προσάγειν.
843 3937 1018 3996 Πάλιν
1049 3933 1108 3993 δὲ
1139 3936 1416 4013 ἀλλαχοῦ,
1451 3936 1618 4015 λόγον
1669 3939 1762 4012 μὲν
1794 3936 1989 4002 ἁπλῶς

323 4028 402 4090 ὡς
432 4027 704 4102 εἷώθαμεν
735 4028 828 4083 τὸν
863 4028 1222 4105 προφορικὸν,
1254 4031 1451 4102 γνῶσιν
1487 4024 1566 4098 δὲ,
1603 4028 1701 4096 τήν
1764 4027 1816 4083 ἐν
1869 4032 1986 4090 τοῖς

321 4113 595 4194 δόγμασιν
629 4114 864 4187 εἴδησιν.
919 4112 1273 4191 Ηαράδειγμα
1328 4118 1425 4170 τοῦ
1452 4115 1546 4188 μὲν
1585 4118 1830 4191 πρώτου,
1869 4137 1892 4166 ι
1920 4117 1988 4196 ᾯ

323 4209 421 4284 μὲν
447 4208 553 4282 γὰρ
598 4203 810 4263 δίδοται
844 4207 1016 4282 λόγος
1047 4206 1260 4281 σοφίας,
1293 4204 1456 4279 ἄλλῳ
1515 4203 1573 4262 δὲ
1633 4205 1801 4282 λόγος
1856 4206 1990 4283 γνώ-

324 4318 488 4359 σεως*
522 4300 617 4351 τοῦ
659 4294 716 4353 δὲ
747 4293 999 4371 δευτέρου
1030 4296 1091 4352 τὸ
1120 4300 1214 4351 νῦν
1246 4298 1629 4371 προκείμενον,
1677 4320 1706 4350 ι(
1735 4293 1989 4366 Ἰδιώτης

320 4392 405 4459 τῷ
435 4384 613 4461 λόγῳ,
648 4386 710 4442 οὐ
748 4390 817 4462 τῇ
856 4386 1076 4461 γνώσει.
1134 4388 1250 4443 Τοῦ
1299 4381 1358 4440 δὲ
1433 4386 1645 4461 τρίτου,
1711 4410 1730 4436 α
1766 4383 1992 4441 Ἐπλου-

320 4476 547 4546 τίσοητε
577 4476 627 4530 ἐν
660 4475 828 4547 αὐτῷ,
863 4475 916 4531 ἐν
948 4476 1110 4530 παντὶ
1150 4473 1303 4549 λόγῳ
1333 4476 1429 4530 καὶ
1460 4473 1605 4548 πάσῃ
1636 4474 1853 4550 γνώσει.
1889 4498 1918 4525 ))

1217 811 1568 889 ὑστερηκέναι
1643 814 1752 866 τῶν
1839 809 1972 885 ὑπὲρ

2156 816 2251 871 XI.
2285 819 2339 871 5.
2372 820 2425 872 9.
2461 837 2486 869 α
2512 804 2784 872 Arbitror
2813 817 2976 872 enim
3008 833 3103 873 me
3155 816 3344 873 nihilo
3385 816 3731 874 inferiorem

2081 903 2308 961 «fuisse
2331 906 2567 963 eximiis
2597 907 2904 979 apostolis.
2937 908 3223 963 Caeterum
3258 907 3398 962 licet
3419 908 3731 979 imperitus

2083 1015 2111 1043 ‹‹
2135 1011 2563 1063 sermone,non
2582 1002 2780 1052 tamen
2804 996 3071 1052 scientia.
3103 995 3319 1051 Verum
3338 996 3556 1068 ubique
3589 1014 3729 1053 mu-

2082 1106 2111 1135 ι(
2130 1084 2331 1140 nifesti
2352 1102 2559 1141 sumus
2592 1086 2653 1141 in
2700 1086 2978 1142 omnibus
3029 1102 3166 1159 erga
3223 1103 3343 1142 vos.
3376 1089 3466 1140 An
3498 1088 3731 1158 peccavi

2086 1174 2436 1246 cmeipsum
2486 1175 2812 1231 humilians
2843 1180 2910 1231 ut
2932 1192 3032 1231 vos
3080 1176 3517 1240 exaltaremini,
3569 1175 3732 1247 quod

2086 1286 2114 1316 «
2134 1265 2389 1337 gratuito
2414 1266 2794 1339 Evangelium
2819 1266 2917 1321 Dei
2935 1266 3378 1337 prazdicaverim
3393 1265 3556 1321 vobis
3578 1266 3605 1321 ?
3619 1266 3736 1320 Ca:-

2083 1378 2109 1405 ‹‹
2128 1362 2284 1411 teras
2303 1356 2585 1411 ecclesias
2608 1355 2983 1427 depra-datus
2994 1372 3124 1411 sum
3139 1361 3380 1427 accepto
3400 1356 3472 1411 ab
3492 1355 3612 1411 illis
3634 1354 3735 1411 sti-

2083 1464 2112 1493 «
2134 1442 2374 1514 pendio,
2395 1459 2510 1514 quo
2522 1442 3067 1498 vobisinservirem.
3086 1444 3155 1497 Et
3180 1458 3315 1498 cum
3330 1442 3483 1514 apud
3509 1458 3611 1498 vos
3638 1458 3733 1497 es—

2083 1553 2111 1581 ‹‹
2136 1549 2262 1588 sem
2287 1537 2345 1587 et
2371 1548 2626 1605 egerem,
2651 1548 2771 1587 non
2791 1548 3078 1588 onerosus
3100 1532 3185 1587 fui
3207 1532 3509 1603 cuiquam.

2154 1620 2441 1692 Deinceps
2465 1622 2637 1676 Petro
2670 1625 2727 1675 et
2748 1620 2820 1675 iis
2852 1621 2950 1692 qui
2975 1637 3111 1676 cum
3142 1620 3243 1676 illo
3269 1625 3438 1676 erant
3469 1620 3732 1692 seipsum

2081 1716 2408 1782 comparat,
2439 1710 2550 1765 hoc
2571 1710 2885 1766 ostendere
2915 1710 3155 1765 volens:
3218 1711 3273 1765 Si
3337 1725 3450 1774 me,
3516 1708 3733 1780 inquit,

2083 1800 2476 1871 sapientiores
2506 1805 2666 1868 sunt,
2698 1798 2816 1854 illis
2849 1816 3085 1871 quoque
3119 1804 3257 1855 sunt
3290 1799 3683 1870 sapientiores
3715 1811 3731 1852 :
3772 1856 3777 1861 ,

2082 1906 2418 1945 sermonem
2448 1890 2650 1946 ferens
2679 1889 2754 1958 ad
2776 1889 3094 1945 absurdam
3118 1889 3556 1945 deductionem.
3580 1889 3735 1945 Con-

2083 1979 2281 2036 sidera
2309 1985 2508 2035 antem
2531 1994 2710 2050 quam
2741 1978 3052 2033 humiliter
3077 1978 3150 2034 de
3190 1994 3253 2033 se
3294 1980 3528 2034 sentiet.
3560 1975 3737 2033 Arbi-

2083 2076 2225 2131 tror,
2258 2069 2473 2139 inquit,
2504 2068 2616 2123 hoc
2648 2073 2739 2123 est
2767 2068 3064 2136 existimo,
3097 2068 3347 2141 opinor:
3394 2066 3544 2123 nihil
3573 2080 3737 2123 asse-

2082 2175 2239 2214 rens.
2287 2158 2441 2214 683
2492 2159 2572 2213 Ne
2603 2156 2945 2230 vulgaribus
2975 2157 3283 2229 apostolis,
3317 2157 3418 2213 sed
3452 2156 3686 2212 eximiis
3721 2173 3734 2209 :

2086 2247 2644 2315 Petrum,Jacobum
2662 2248 3019 2303 etJoannem
3033 2246 3372 2319 designans.
3395 2247 3513 2301 Hoc
3535 2250 3736 2301 autem

2083 2337 2230 2393 dicit
2255 2336 2413 2408 quod
2445 2352 2572 2392 sese
2604 2353 2763 2392 nunc
2794 2336 3007 2392 otl‘erat
3036 2336 3385 2401 necessitas,
3416 2334 3566 2390 Alibi
3599 2351 3734 2389 vero

2084 2428 2194 2483 ait:
2221 2428 2345 2482 Non
2368 2425 2762 2481 sumidoneus
2775 2425 2875 2496 qui
2890 2425 3054 2481 dicar
3076 2425 3394 2497 Apostolus
3413 2424 3479 2478 ⁸⁸.
3506 2428 3738 2480 «Caete-

2083 2534 2217 2574 rum
2251 2516 2393 2572 licet
2419 2516 2733 2588 imperitus
2748 2516 2885 2572 sim.
2915 2538 2938 2565 »
2973 2515 3263 2580 Quoniam
3296 2515 3357 2569 in
3379 2516 3492 2570 hoc
3519 2514 3735 2588 gloria-

2082 2606 2301 2662 bantur
2325 2604 2769 2678 pseudapostoli
2823 2604 2986 2675 quod
3038 2604 3300 2675 imperiti
3340 2620 3461 2659 non
3513 2609 3734 2669 essent,

2085 2694 2344 2751 ostendit
2371 2694 2530 2766 quod
2561 2710 2681 2749 non
2727 2694 2912 2767 fugiat
2952 2694 3335 2766 imperitiam.
3369 2692 3473 2748 sed
3505 2693 3577 2748 de
3608 2693 3740 2763 ipsa

2085 2785 2265 2842 etiam
2295 2784 2582 2857 glorietur
2612 2790 2670 2840 et
2700 2783 2832 2839 ideo
2866 2784 2926 2840 id
2948 2783 3134 2855 ponit.
3169 2783 3326 2838 Alibi
3356 2798 3495 2837 vero
3557 2784 3736 2838 etiam

2085 2877 2199 2933 hoc
2228 2876 2390 2944 facit,
2424 2874 2524 2930 ubi
2556 2874 2823 2930 ostendit
2870 2873 3029 2945 quod
3087 2890 3217 2929 esse
3277 2874 3608 2944 sapientem
3663 2872 3739 2927 ad
3772 2927 3777 2931 .

2084 2971 2512 3022 nocumentum
2543 2963 2721 3020 faciat
2750 2963 3211 3035 praedicationis.
3256 2986 3285 3013 ‹‹
3320 2962 3486 3027 Veni,
3520 2962 3738 3033 inquit,

2085 3071 2205 3111 non
2227 3070 2361 3110 cum
2385 3053 2714 3108 eminentia
2745 3053 3039 3109 sermonis
3066 3057 3124 3107 et
3158 3051 3489 3123 sapientiae,
3520 3055 3587 3106 ut
3614 3066 3736 3106 non
3775 3042 3779 3047 ’

2084 3142 2738 3200 iuanisreddaturcrux
2758 3140 3053 3196 Christi“.
3070 3162 3100 3191 »
3117 3171 3185 3181 —
3200 3162 3228 3189 ‹‹
3247 3141 3551 3206 Sermone,
3570 3161 3596 3188 «
3621 3144 3732 3194 etc.

2082 3232 2145 3289 Ὀ
2175 3228 2360 3305 λόγος,
2402 3231 2463 3286 id
2494 3236 2604 3296 est,
2640 3247 2836 3287 sermo
2869 3235 2929 3285 et
2958 3230 2993 3297 ἡ
3044 3232 3267 3302 γνῶσις,
3300 3228 3362 3282 id
3392 3233 3501 3293 est.
3536 3228 3733 3284 scien-

2083 3322 2188 3387 tia,
2223 3338 2344 3377 non
2376 3337 2613 3392 semper
2638 3319 2797 3375 idem
2820 3319 3135 3392 designant
3164 3318 3319 3390 apud
3351 3318 3549 3373 divum
3578 3318 3735 3373 Pau-

2083 3410 2230 3465 lum.
2263 3408 2375 3464 Sed
2406 3407 2707 3464 interdum
2731 3406 2975 3478 quidem
3009 3423 3347 3462 sermonem
3380 3405 3622 3469 habere,
3646 3405 3738 3461 di-

2085 3500 2167 3556 cit
2196 3500 2414 3555 habere
2448 3498 2668 3555 donum
2702 3497 2994 3555 docendi:
3052 3498 3365 3554 scientiam
3394 3513 3531 3552 vero
3562 3496 3741 3554 habe«
3770 3504 3775 3507 ‘

2084 3606 2169 3655 re,
2205 3589 2476 3663 designat
2504 3588 2834 3661 intelligere
2865 3588 3107 3659 quidem
3148 3602 3480 3644 sermonem
3521 3576 3773 3659 prmdi-i

2092 3679 2366 3743 cationis,
2399 3684 2461 3734 at
2488 3695 2612 3734 non
2644 3695 2818 3751 posse
2848 3678 2996 3734 alios
3028 3694 3265 3749 quoque
3283 3678 3493 3750 juvare
3524 3696 3593 3736 ac
3639 3679 3744 3735 do-

2092 3779 2247 3817 cere.
2281 3763 2536 3818 Rursum
2569 3761 2925 3833 quandoque
2949 3761 3188 3833 quidem
3213 3777 3547 3817 sermonem
3572 3761 3750 3817 habe-

2092 3868 2179 3919 re,
2212 3851 2359 3906 dicit
2405 3851 2795 3907 exercitatum
2850 3850 3092 3921 quidem
3126 3866 3254 3906 esse
3313 3850 3375 3905 in
3407 3851 3747 3907 Grmcorum

2094 3940 2408 4013 sapientia,
2443 3938 2547 3995 sed
2570 3938 2721 3995 nihil
2752 3939 2969 3995 habere
2999 3938 3071 3994 de
3095 3937 3310 4005 divina,
3332 3938 3523 3993 solum
3547 3944 3749 3995 autem

2093 4028 2287 4084 verbis
2345 4028 2534 4084 multa
2589 4027 2813 4101 garrire
2862 4045 2875 4082 :
2937 4028 3249 4083 scientiam
3308 4043 3444 4083 vero
3502 4026 3748 4094 habere,

2094 4119 2423 4192 perfectum
2484 4134 2614 4174 esse
2672 4117 2733 4173 in
2782 4116 3114 4190 sapientia:
3150 4123 3216 4172 ut
3245 4120 3305 4173 et
3359 4117 3486 4189 ipse
3547 4123 3748 4173 exacte

2095 4225 2221 4265 rem
2256 4207 2505 4275 noverit,
2535 4213 2594 4263 et
2622 4206 2874 4263 idoneus
2906 4206 2981 4262 sit
3011 4206 3109 4278 qui
3138 4206 3287 4262 alios
3332 4205 3560 4275 doceat,
3589 4211 3649 4261 et
3675 4202 3771 4262 ad-

2093 4298 2395 4355 Christum
2426 4297 2973 4354 adducatﬂursum
2996 4301 3195 4352 autem
3227 4295 3369 4352 alibi
3403 4312 3746 4352 sermonem

2098 4387 2342 4461 quidem
2379 4386 2610 4460 vulgari
2644 4386 2820 4442 modo
2847 4386 3013 4452 dicit,
3048 4385 3225 4443 veluti
3257 4386 3455 4442 dicere
3487 4386 3750 4442 solemus

2099 4475 2504 4548 eloquentiam
2536 4476 2655 4531 sive
2688 4476 3136 4548 expressionem
3168 4475 3521 4532 verborum:
3558 4476 3751 4532 scien-

318 4569 470 4624 tiam
501 4573 701 4623 autem
731 4566 1074 4640 dogmatum
1102 4566 1524 4639 cognitionem.
1558 4565 1908 4637 Exemplum
1938 4565 2115 4637 primi
2140 4573 2231 4621 est
2262 4582 2397 4621 cum
2420 4566 2504 4622 ait
2533 4570 2547 4622 ε
2583 4589 2609 4615 ‹‹
2644 4565 2790 4621 Huic
2821 4564 3062 4636 quidem
3088 4564 3265 4621 datur
3294 4582 3489 4621 sermo
3521 4552 3775 4638 sapien?

320 4658 445 4719 tim.
470 4656 571 4712 alii
598 4662 796 4713 autem
821 4672 1015 4712 sermo
1047 4655 1311 4712 scientiae
1336 4653 1403 4708 5°.
1440 4678 1466 4703 «
1499 4654 1751 4710 Secundi
1784 4670 1942 4711 vero.
1977 4654 2136 4726 quod
2168 4670 2327 4709 nunc
2356 4654 2708 4725 proponitur
2741 4674 2755 4720 ;
2814 4654 3133 4725 lmperitus
3172 4653 3416 4725 quidem
3450 4669 3749 4722 sermone,

326 4746 434 4804 sed
464 4762 585 4802 non
617 4745 887 4800 scientia.
920 4744 1096 4800 Tertii
1131 4749 1330 4799 autem
1358 4760 1370 4797 :
1406 4766 1432 4794 ‹‹
1467 4743 1645 4799 Ditali
1678 4743 1823 4798 estis
1844 4759 1951 4815 per
1979 4742 2175 4816 ipsum
2208 4743 2270 4797 in
2301 4742 2464 4797 omni
2486 4759 2762 4798 sermone
2793 4748 2852 4797 et
2880 4743 2943 4797 in
2975 4743 3139 4797 omni
3172 4742 3423 4798 scientia
3450 4740 3520 4798 ⁸⁷.
3560 4764 3589 4792 ››

401 4858 430 4886 ι(
462 4831 619 4890 ’Λλλ’
648 4831 701 4887 ἐν
732 4831 886 4887 παντὶ
917 4831 1312 4910 φανερωθέντες
1347 4829 1528 4903 ἐσμὲν.
1568 4854 1594 4882 ››
1628 4831 1817 4886 Λείπει
1875 4830 1981 4907 γὰρ
2012 4836 2057 4900 [)

322 4925 409 4989 τὸ,
445 4947 475 4977 ι(
504 4923 689 4997 ἐσμὲν,
722 4947 748 4975 η
801 4924 959 4989 υῖον,
1021 4920 1073 4976 ἐν
1104 4920 1265 4976 παντὶ
1306 4921 1752 4997 πεφανερωμὲνοι
1797 4920 1984 4994 ἐσμὲν.

323 5013 395 5071 Τί
428 5008 487 5066 δὲ
518 5010 943 5089 πεφανερώμεθα
978 5010 1107 5083 ὑμῖν
1132 5028 1146 5080 ;
1172 5011 1294 5064 ’Ότι
1326 5006 1479 5064 οὐδὲν
1526 5015 1636 5065 τῶν
1697 5010 1829 5085 ὑπὲρ
1861 5008 1984 5065 λίαν

324 5098 657 5158 ἀποστόλων
708 5100 1094 5174 ὑστερησαμεν,
1156 5100 1237 5153 ὅτι
1303 5096 1402 5153 οὒκ
1456 5098 1613 5172 ἐσμὲν
1674 5095 1889 5154 ἰδιῶται
1918 5102 1988 5173 τῇ

324 5206 553 5268 γνώσει,
587 5189 713 5246 ἀλλ’
744 5188 923 5244 ἱκανοὶ
955 5185 1164 5260 διδάξαι
1189 5187 1279 5243 καὶ
1332 5192 1623 5244 τελειῶσαι
1678 5185 1731 5242 ἐν
1786 5193 1855 5263 τῇ
1900 5187 1990 5243 πίε

326 5281 577 5350 στει,καὶ
625 5277 815 5340 ἁπλῶς
871 5275 923 5333 ἐν
980 5277 1141 5333 παντὶ
1191 5277 1507 5352 ἐγνώσμεθα
1567 5278 1712 5351 ὑμῖν,
1771 5281 1860 5331 καὶ
1893 5275 1992 5332 οὐκ

322 5370 472 5427 ἔστιν
506 5365 737 5441 οὐδεμία
772 5368 899 5440 ὑμῖν
933 5365 1196 5443 ἔγκλησις
1228 5367 1348 5432 καθ’
1380 5369 1564 5440 ἡμῶν,
1598 5362 1725 5422 οὐδὲ
1768 5364 1991 5443 ἀγνοίας

322 5459 622 5533 πρόφασις,
651 5457 697 5512 εἰ
732 5459 809 5529 μή
843 5455 945 5531 ἄρα
987 5460 1150 5511 τοῦτο
1216 5455 1479 5530 βούλεσθε
1536 5454 1805 5532 ἁμαρτίας
1861 5454 1993 5531 πρό-

324 5568 488 5629 φασιν
531 5540 743 5615 λαϐεῖν,
776 5544 838 5601 τὸ
872 5542 1043 5617 μηδὲν
1076 5538 1265 5600 λαϐεῖν
1298 5544 1398 5616 ἐμὲ
1438 5544 1490 5615 ἐξ
1516 5545 1694 5618 ὕμῶν.
1729 5547 1902 5600 Τοῦτο
1935 5542 1992 5599 δὲ

325 5638 599 5716 ἐντρέπων
633 5636 818 5717 φησὶν,
841 5636 959 5692 ἀντὶ
978 5640 1095 5695 τοῦ.
1128 5636 1190 5692 Εἰ
1224 5638 1301 5709 μὴ
1327 5633 1429 5712 ἄρα
1475 5637 1540 5692 τὰ
1594 5637 1993 5710 κατορθώματα

403 5840 454 5879 ⁸⁴
482 5842 510 5898 Ι
538 5840 668 5899 Cor.
700 5858 794 5915 xv,
824 5844 876 5900 ο.
953 5840 1001 5879 ⁸⁵
1032 5841 1053 5898 Ι
1086 5842 1216 5898 Cor.
1251 5856 1312 5910 ιι,
1349 5844 1399 5898 1.

2168 4856 2194 4885 α
2225 4834 2441 4887 Verum
2473 4831 2693 4904 ubique
2742 4831 3040 4887 manifesti
3069 4847 3293 4887 sumus.
3332 4853 3359 4879 »
3408 4833 3552 4886 Nam
3584 4831 3752 4887 deest

2097 4921 2282 4995 ἑσμὶν.
2331 4922 2392 4977 id
2452 4928 2563 4989 est,
2623 4940 2848 4981 sumus.
2899 4941 2932 4979 a
2990 4922 3292 4979 communi
3352 4914 3773 4999 intelligentia-

2099 5012 2520 5086 supplendum.
2550 5011 2702 5078 Quid
2732 5020 2822 5069 est
2870 5019 3093 5078 autem,
3142 5013 3207 5067 In
3246 5012 3405 5083 quod
3450 5004 3769 5067 manifesti.

2100 5119 2306 5159 sumus
2338 5101 2499 5157 vobis
2529 5101 2556 5157 ‘?
2585 5100 2749 5166 Quod
2794 5102 2855 5158 in
2899 5103 3066 5158 nullo
3097 5101 3414 5157 inferiores
3461 5101 3752 5158 fuerimus

2100 5191 2333 5247 eximiis
2360 5190 2664 5263 apostolis,
2691 5191 2850 5263 quod
2872 5207 2993 5246 non
3024 5190 3212 5246 simus
3230 5190 3491 5263 imperiti
3506 5180 3773 5248 scientia.

2100 5280 2206 5337 sed
2238 5281 2437 5337 idonei
2462 5280 2562 5353 qui
2588 5280 2907 5336 doceamus
2924 5285 2983 5335 et
3002 5278 3384 5352 perficiamus
3415 5280 3476 5335 in
3512 5278 3661 5348 fide;
3697 5286 3757 5337 et

2101 5369 2456 5441 simpliciter
2486 5369 2547 5423 in
2596 5366 2874 5423 omnibus
2925 5367 3050 5423 noti
3083 5383 3286 5424 sumus
3317 5368 3482 5424 vobis
3515 5411 3528 5435 ,
3563 5374 3622 5424 et
3676 5384 3753 5424 ne

2100 5475 2220 5515 una
2250 5458 2493 5530 quidem
2524 5458 2828 5514 accusatio
2888 5462 2979 5514 est
3025 5457 3336 5513 adversum
3392 5474 3522 5526 nos,
3553 5473 3748 5529 neque

2100 5548 2453 5621 ignorantia;
2475 5553 2829 5620 prmtextus:
2856 5547 2973 5602 nisi
3001 5547 3115 5602 hoc
3135 5546 3406 5603 fortassis
3422 5546 3494 5603 ad
3527 5544 3753 5618 peccati

2102 5638 2478 5695 occasionem
2537 5653 2772 5694 sumere
2826 5636 3042 5703 velitis,
3103 5636 3262 5708 quod
3317 5635 3537 5691 nihila
3582 5633 3773 5716 vobis;

3762 5778 3779 5806 )

1476 5839 1523 5875 ⁸⁸
1551 5840 1576 5895 Ι
1605 5840 1736 5898 Cor.
1766 5854 1867 5912 xu,
1897 5837 1952 5897 8.
1990 5820 1997 5832 ’
2024 5836 2072 5875 ⁸⁷
2095 5836 2122 5894 Ι
2149 5836 2282 5910 Cor,
2314 5853 2352 5906 ι,
2384 5839 2436 5895 l5.
