4098 6422
416 454 576 517 1049

1338 451 1730 514 ΟΟΜΜΕΝΤ.
1782 454 1862 513 ΙΝ
1909 451 2158 512 EPIST.
2209 452 2262 512 ll
2308 454 2409 512 Ai)
2455 454 2827 516 CURINTH.

3682 455 3837 516 1050

489 589 584 644 Ἐκ
614 590 712 643 τοῦ
771 583 962 644 εἶπεῖνο
1021 583 1350 660 Ὑστέρημα,
1410 582 1645 640 δείκνυσι
1706 581 1872 658 μηδὲν
1940 582 2071 654 ὅπερ

2256 587 2337 643 Ex
2371 605 2438 644 eo
2472 588 2630 660 quod
2661 588 2781 643 ait:
2815 587 2979 653 Quod
3015 587 3236 655 deerat,
3271 587 3532 643 ostendit
3563 605 3624 643 se
3683 588 3837 644 nihil

415 677 521 744 τὴν
555 675 851 754 ἀναγκαίαν
883 671 1070 730 λαϐὼν
1118 675 1329 750 χρείαν.
1387 675 1674 747 Ἔπεμψαν
1719 671 1776 729 δὲ
1824 673 1974 746 αὐτῷ
2022 674 2074 729 οἱ

419 766 813 836 Φιλιππήσιοι.
854 765 950 819 Διὰ
986 768 1148 819 τοῦτο
1181 761 1237 820 δὲ
1265 763 1356 818 καὶ
1402 760 1648 835 τοῦνομα
1694 764 1950 830 τέθεικεν,
1999 762 2074 824 εἷς

420 855 763 928 ζηλοτυπίαν
822 855 1018 914 αὐτοὺς
1081 853 1464 926 ἰλεημοσύνης
1543 852 1712 931 ἄγων,
1775 876 1804 903 ‹‹
1865 853 1969 910 Καὶ
2025 851 2076 907 ἐν

418 945 580 1002 παντὶ
647 939 829 1018 ἀϐαρῆ
887 943 1140 1017 ἐμαυτόν.
1204 967 1232 995 ››
1289 943 1556 999 Δείιινυσιν
1615 941 1700 997 ὅτι
1755 942 1845 997 καὶ
1907 942 2074 1018 βάρος

417 1037 678 1111 ἡγοῦντο,
728 1034 824 1096 τὰς
872 1033 1077 1112 τροφᾶς
1123 1032 1270 1105 αὐτῷ
1321 1036 1715 1106 χορηγοῦντες.
1769 1029 1966 1094 Καλῶς
2018 1030 2075 1087 δὶ

416 1125 500 1190 τὸ,
537 1147 558 1173 ε
592 1125 856 1197 Τηρτςσω.
895 1145 917 1174 n
963 1125 1049 1192 Μὴ
1103 1123 1208 1198 γαρ
1255 1121 1542 1194 νομίσητε,
1588 1119 1743 1200 φησὶ,
1793 1121 1957 1175 ταῦτά
2007 1142 2076 1195 με

417 1212 712 1288 εἰρηκέναι,
740 1209 828 1267 ἳνα
857 1215 954 1266 τοῦ
985 1209 1186 1266 λοιποῦ
1228 1206 1382 1265 λάϐω
1426 1213 1551 1284 παρ’
1608 1211 1782 1282 ὑμῶν.
1835 1210 1913 1266 Οὐ
1968 1211 2074 1283 μό-

416 1323 510 1357 νον
541 1322 646 1376 γαρ
679 1301 940 1378 ἐτήρησα,
973 1300 1121 1357 ἀλλὰ
1149 1303 1240 1356 καὶ
1270 1303 1519 1376 τηρήσω.
1555 1325 1584 1352 ‹‹
1616 1302 1801 1357 Ἔστιν
1843 1299 2076 1372 ἀλήθεια

414 1394 655 1467 Χριστοῦ
690 1392 742 1448 ἐν
780 1392 926 1464 ἐμοί,
967 1417 992 1442 η
1028 1393 1164 1448 Εἶτα
1197 1389 1292 1446 ’ίνα
1343 1393 1418 1465 μή
1469 1397 1738 1465 νομίσωσι
1783 1395 1952 1447 ταῦτα
1995 1391 2074 1446 εἶ-

419 1479 641 1558 ρηκέναι
673 1479 954 1537 αὑτὸνἿνα
1001 1482 1197 1544 αὐτοὺς
1234 1480 1596 1550 ἐπισπάσηται
1646 1483 1782 1555 πρὸς
1832 1481 1894 1535 τὸ
1944 1478 2065 1536 δοῦ-

413 1593 523 1636 ναι,
585 1571 772 1652 φησίνο
833 1596 860 1623 ιι
920 1574 1103 1628 Ἔστιν
1159 1570 1388 1640 ἀλήθεια
1442 1572 1679 1644 Χριστοῦ
1739 1569 1793 1624 ἐν
1851 1569 1998 1642 ἐμοί.
2041 1593 2072 1625 ››

414 1659 714 1729 τουτέστιν,
749 1661 1036 1732 ἀληθεύων
1086 1659 1252 1735 λέγω,
1301 1661 1385 1715 ’ὁτι
1435 1663 1468 1729 ἡ
1518 1660 1792 1736 καύχησις
1841 1661 2002 1733 αὕτη,
2035 1663 2068 1731 ἡ

416 1756 515 1807 τοῦ
551 1753 626 1824 μὴ
658 1745 845 1806 λαϐεῖν
895 1747 1134 1821 δηλαδή.
1198 1751 1480 1828 Καύχησιν
1548 1747 1605 1805 δὲ
1657 1750 1857 1821 ταύτην
1894 1749 2072 1819 καλεῖ,

412 1841 507 1896 ’ἱνα
539 1843 616 1915 μή
647 1842 947 1914 νομίσωσιν
973 1840 1284 1916 ὀργίζεσθαι
1326 1840 1486 1894 αὐτὸν
1537 1840 1623 1914 ἐφ’
1669 1841 1753 1901 οἷς
1803 1838 1903 1894 οὐκ
1944 1837 2072 1895 ἒλα-

421 1927 536 1988 ϐεν.
591 1955 618 1984 ‹‹
652 1931 724 1985 Οὐ
781 1933 1199 2010 φραγήσεται.»
1258 1931 1566 1993 Τουτὲστιν,
1629 1929 1727 1984 οὐκ
1774 1929 2150 2021 ἐκκοπήσε-Β

421 2041 534 2090 ται,
566 2017 687 2075 οὔδε
717 2017 1009 2093 διαλείψει.
1046 2022 1168 2080 Πῶς
1202 2015 1260 2073 δὲ
1291 2019 1355 2072 οὐ
1387 2015 1658 2092 διαλείψει
1685 2038 1698 2086 ;
1733 2017 1777 2072 εἰ
1837 2018 1926 2072 καὶ
1975 2023 2072 2074 τοῦ

425 2109 620 2166 λοιποῦ
655 2111 730 2182 μὴ
766 2104 935 2184 λάϐῃ.
971 2132 998 2161 ‹‹
1027 2110 1118 2164 Ἐν
1151 2106 1257 2182 ὅλῃ
1291 2111 1359 2180 τῇ
1389 2107 1612 2182 Ἀχαΐᾳ.
1651 2129 1678 2156 ››
1711 2107 1972 2164 Τουτὲστι
2002 2111 2071 2182 τῇ

418 2199 687 2275 ἐπαρχίᾳ.
728 2201 794 2254 Ἦ
829 2197 911 2252 ὅτι
939 2201 973 2267 ἡ
1005 2198 1278 2276 καύχησις
1326 2199 1360 2265 ἡ
1413 2195 1820 2272 προσγενομένη
1876 2217 1970 2269 μοι
2018 2195 2071 2252 ὲν

413 2295 536 2352 τοῖς
578 2289 808 2363 κλίμασι
857 2293 956 2354 τῆς
1006 2285 1259 2361 Ἀχαΐας,
1311 2285 1396 2342 ὅτι
1445 2284 1650 2359 δωρεὰν
1707 2286 1957 2360 ἐκήρυξα,
2009 2284 2072 2340 οὐ

415 2380 772 2456 φραγήσεται.
809 2373 1028 2452 Σφόδρα
1088 2373 1146 2430 δε
1201 2375 1378 2430 αὐτῶν
1434 2376 1509 2436 ὡς
1568 2374 1800 2430 ἀσθενῶν
1861 2373 2076 2448 κατεγί-

417 2487 618 2529 νωσκε,
651 2467 778 2542 παρ’
811 2464 986 2520 αὐτῶν
1047 2466 1122 2536 μή
1184 2460 1382 2519 λαϐών.
1447 2465 1512 2520 Εἰ
1569 2465 1673 2540 γὰρ
1733 2463 1820 2518 ἐπὶ
1886 2463 2072 2536 τούτῳ

413 2557 714 2635 ἐκαυχᾶτο,
748 2552 994 2627 οὐδαμοῦ
1022 2550 1211 2609 λαϐεῖν
1243 2551 1371 2609 ἔδει.
1425 2553 1490 2610 Εἰ
1531 2551 1587 2608 δὲ
1635 2551 1890 2632 ἀλλαχοῦ
1937 2553 2072 2627 γρά-

415 2668 525 2723 φει,
559 2647 633 2708 ὡς
691 2645 837 2720 παρὰ
895 2641 1363 2699 εὖσκανδαλίστων
1414 2643 1626 2699 τούτων
1677 2643 1777 2698 οὐκ
1823 2643 2070 2719 εῗληφεν.

416 2737 600 2795 «ι”Οτι
645 2735 748 2790 οὐκ
803 2736 996 2810 ἀγαπῶ
1065 2734 1225 2807 ὑμᾶς.
1287 2757 1314 2784 »
1370 2733 1434 2790 Τί
1493 2733 1624 2801 οὗνς
1688 2740 1863 2805 μισεῖς
1921 2737 2072 2808 ἡμᾶς

413 2826 506 2882 καὶ
540 2823 629 2880 διὰ
656 2828 818 2880 τοῦτο
851 2822 1003 2878 οὐδὲν
1039 2823 1166 2898 αἱρῇ
1200 2819 1387 2878 λαϐεῖν
1421 2825 1549 2896 παρ’
1596 2826 1798 2897 ἡμῶνς
1831 2825 1892 2881 Ὀ
1941 2825 2072 2888 Θεὸς

416 2913 549 2980 οἶδε,
583 2914 766 2994 φησὶν,
811 2914 896 2968 ὃτι
937 2912 998 2966 οὐ
1065 2910 1154 2968 διὰ
1211 2916 1372 2968 τοῦτο
1433 2908 1620 2968 λαϐεῖν
1677 2918 2072 2988 παραιτοῦμαι,

418 3003 567 3061 ἀλλὰ
598 3001 670 3060 δι’
701 3003 731 3059 ὅ
762 3003 932 3078 λέγει.
966 3027 995 3055 «ι
1027 3005 1096 3061 ’Ὀ
1127 3000 1183 3058 δὶ
1213 3008 1378 3059 ποιῶ.
1414 3028 1436 3056 ι
1476 3003 1626 3058 Ποιῶ
1653 3001 1729 3068 δὲ,
1763 3005 1825 3060 τὸ
1865 3001 2074 3060 ἀδαπα-

415 3115 524 3156 νως
549 3094 801 3168 κηρύξαι,
829 3093 920 3147 καὶ
975 3097 1142 3148 τοῦτο
1202 3093 1283 3147 ἀεὶ
1339 3095 1578 3162 ποιήσω.
1640 3117 1666 3143 υ
1700 3095 1818 3150 Ἵνα
1857 3093 2072 3166 ἐκκόψω

419 3185 518 3250 τὴν
548 3184 824 3262 ἀιρορμήν.
858 3204 883 3234 ιι
922 3181 1078 3257 Λέγει
1102 3184 1204 3251 τὴν
1261 3181 1458 3246 αἰτίαν,
1511 3178 1582 3236 δι’
1629 3181 1695 3250 ἣν
1744 3182 1806 3237 οὐ
1855 3178 2071 3255 λαμϐά-

2183 676 2342 732 ultra
2371 678 2775 732 necessarium
2812 694 2982 732 usum
3014 677 3333 748 accepisse.
3388 678 3672 732 Miserunt
3731 694 3834 734 au-

2183 771 2304 823 tem
2337 767 2387 822 ei
2421 767 2852 838 Philippenses.
2889 768 3208 837 Propterea
3237 783 3370 821 vero
3404 769 3580 821 etiam
3611 783 3834 823 nomen

2183 856 2646 928 posuit,utipsos
2661 856 2838 910 etiam
2852 855 2925 911 ad
2965 855 3356 926 eleemosynze
3389 855 3830 912 aamulationem

2185 944 2428 1000 duceret
2484 967 2511 994 «
2546 949 2611 999 Et
2641 945 2701 1000 in
2732 945 3010 1000 omnibus
3042 961 3114 999 ne
3147 962 3431 1000 onerosus
3464 962 3656 1000 essem
3705 963 3832 1002 ser-

2183 1036 2329 1092 vavi.
2357 1059 2383 1084 »
2407 1036 2677 1092 Ostendit
2701 1036 2856 1106 quod
2874 1036 3049 1091 etiam
3076 1053 3226 1091 onus
3263 1036 3549 1091 ducerent
3579 1036 3831 1093 alimen-

2183 1131 2244 1181 ta
2265 1125 2378 1197 ipsi
2399 1125 2797 1197 suppeditare.
2825 1126 3001 1180 Recte
3022 1131 3220 1180 autem
3252 1124 3518 1180 addidit:
3562 1147 3589 1175 ‹‹
3641 1129 3830 1198 Atque

2183 1215 2448 1271 servabo.
2485 1237 2511 1263 ››
2541 1217 2620 1270 Ne
2653 1214 3027 1279 existimetis,
3063 1215 3258 1285 inquit
3311 1230 3405 1269 me
3438 1215 3563 1271 hanc
3587 1215 3646 1270 in
3695 1233 3829 1270 eum

2186 1305 2363 1360 tinem
2396 1304 2638 1370 dixisse,
2681 1321 2796 1375 quo
2847 1304 3126 1375 deinceps
3176 1303 3463 1376 accipiam
3524 1321 3557 1359 a
3615 1305 3828 1361 vobis:

2183 1411 2305 1451 non
2328 1395 2485 1450 enim
2507 1393 2699 1449 solum
2720 1396 2801 1448 ita
2823 1394 3277 1457 servavi,verum
3331 1394 3511 1448 etiam
3562 1396 3826 1450 servabo.

2184 1506 2210 1533 ‹‹
2236 1487 2335 1540 Est
2355 1485 2568 1540 veritas
2589 1484 2803 1540 Christi
2829 1484 2888 1538 in
2911 1501 3024 1538 me.
3054 1507 3080 1532 ››
3139 1483 3360 1538 Deinde
3412 1501 3486 1538 ne
3532 1485 3658 1539 haec
3690 1502 3828 1540 eum

2185 1572 2404 1628 dixisse
2436 1572 2778 1627 existiment
2807 1589 2922 1642 quo
2955 1573 3114 1643 ipsos
3143 1573 3326 1644 magis
3381 1573 3707 1628 attraheret
3755 1573 3828 1628 ad

2183 1660 2466 1727 dandum,
2500 1661 2613 1716 ait:
2649 1682 2675 1710 ‹‹
2705 1662 2805 1715 Est
2832 1662 3045 1716 veritas
3077 1661 3290 1716 Christi
3315 1661 3374 1715 in
3403 1677 3515 1728 me,
3543 1683 3570 1709 »
3585 1662 3698 1717 hoc
3718 1667 3828 1730 est,

2184 1751 2246 1806 in
2275 1750 2521 1805 veritate
2553 1750 2706 1817 dico,
2741 1749 2896 1820 quod
2945 1751 3216 1822 gloriatio
3275 1751 3424 1814 haec,
3482 1766 3698 1821 nempe
3758 1751 3830 1806 de

2183 1856 2304 1895 non
2333 1839 2700 1911 accipiendo.
2735 1839 3158 1893 Gloriationem
3183 1846 3382 1895 autem
3414 1839 3559 1894 dicit
3613 1855 3686 1895 ne
3735 1857 3831 1896 ar-

2181 1928 2478 1985 bitrentur
2509 1929 2663 2000 quod
2698 1934 3043 1984 succenseat
3075 1929 3193 1984 illis
3227 1929 3384 2001 quod
3417 1946 3535 1985 non
3567 1930 3834 2003 accepis-

2183 2025 2289 2075 set.
2325 2043 2349 2066 υ
2380 2019 3010 2090 Noninterrumpetur,
3043 2042 3068 2068 υ
3091 2019 3203 2074 hoc
3236 2026 3343 2085 est,
3385 2037 3501 2074 non
3557 2025 3831 2092 amputa-

2181 2108 2497 2174 bitur,non
2525 2108 2780 2164 deficiet.
2806 2109 3110 2174 Quomodo
3145 2115 3342 2164 autem
3389 2126 3507 2164 non
3542 2108 3776 2165 deficiet
3807 2110 3834 2165 ?

2181 2198 2228 2253 si
2261 2215 2335 2254 ne
2367 2198 2428 2252 in
2460 2203 2759 2270 posterum
2796 2197 3036 2270 quidem
3065 2199 3334 2270 accipiat.
3391 2221 3416 2246 ››
3464 2201 3528 2252 In
3583 2199 3834 2271 regioni-

2180 2287 2290 2343 bus
2323 2288 2578 2343 Achaiaa.
2617 2309 2643 2336 »
2675 2287 2737 2342 Id
2769 2294 2875 2350 est,
2922 2287 2981 2341 in
3038 2293 3161 2342 tota
3215 2289 3447 2342 Achaize
3507 2289 3829 2359 provincia.

2182 2379 2296 2432 Aut
2319 2376 2475 2448 quod
2495 2377 2769 2447 gloriatio
2795 2393 2925 2448 quae
2951 2377 3094 2431 mihi
3118 2378 3368 2432 accessit
3397 2378 3456 2432 in
3490 2378 3831 2449 regionibus

2181 2466 2419 2521 Achaia:
2445 2465 2603 2537 quod
2631 2467 2814 2538 gratis
2845 2466 3288 2538 praedicaverim
3339 2483 3458 2521 non
3511 2467 3833 2523 interrum-

2181 2555 2776 2627 petur.Vehementer
2796 2560 2992 2610 autem
3021 2555 3290 2610 inﬁrmos
3313 2573 3412 2611 eos
3435 2562 3676 2611 noverat
3697 2573 3833 2611 cum

2183 2645 2254 2700 ah
2283 2645 2426 2716 ipsis
2458 2661 2578 2700 non
2610 2645 2924 2716 acciperet.
2961 2647 3101 2699 Nam
3136 2647 3182 2700 si
3214 2647 3273 2700 in
3325 2646 3434 2700 hoc
3491 2646 3833 2718 gloriaban-

2180 2741 2300 2800 tur,
2325 2741 2481 2790 certe
2504 2750 2620 2790 non
2645 2735 2953 2806 oportebat
2978 2735 3245 2807 accipere
3271 2751 3284 2790 :
3321 2752 3666 2807 quanquam
3724 2736 3836 2790 ali-

2182 2825 2239 2882 bi
2264 2827 2470 2882 scribit
2492 2825 2649 2897 quod
2672 2826 2742 2881 ab
2762 2826 2853 2880 his
2877 2827 2978 2898 qui
3004 2827 3174 2882 facile
3223 2827 3681 2883 olfendebantur
3713 2845 3832 2884 non

2182 2916 2477 2988 acceperit
2510 2935 2523 2972 ;
2565 2940 2584 2964 ιι
2621 2917 2709 2971 An
2741 2915 2899 2987 quod
2930 2933 3049 2970 non
3108 2915 3348 2988 diligam
3407 2917 3557 2972 vos?
3621 2941 3642 2964 ›·
3679 2918 3830 2982 Quid

2183 3006 2562 3080 ergo?odisti
2586 3022 2715 3063 nos.
2751 3012 2810 3061 et
2855 3012 3130 3076 proterea
3173 3022 3290 3061 non
3341 3007 3425 3061 vis
3475 3007 3699 3062 anobis
3730 3023 3832 3064 ac—

2182 3096 3175 3168 cipere?Deusnovit,inquit.quod
3218 3112 3336 3150 non
3379 3096 3451 3151 ob
3497 3097 3554 3150 id
3583 3097 3836 3153 devitem

2183 3184 2600 3257 acciperezsed
2630 3183 2950 3255 propterid
2977 3184 3136 3254 quod
3182 3184 3504 3256 subjungit.
3555 3207 3581 3232 «
3620 3186 3836 3241 Verum

421 3293 522 3328 νει.
577 3276 902 3346 Ἐπετήρουν
959 3273 1016 3326 οἱ
1075 3269 1537 3346 ψευδαπόστολοι,
1593 3270 1682 3326 ἳνα
1739 3272 1786 3327 εἰ
1842 3271 2067 3349 εὕρωσιν

465 3360 479 3378 ’
528 3361 540 3378 ἢ
639 3359 680 3378 ’κ
795 3362 807 3378 1
942 3361 956 3376 α
1134 3363 1146 3378 I
1227 3359 1248 3378 Χ
1333 3359 1356 3377 λ
1436 3361 1447 3378 Ι
1583 3361 1596 3378 ι
1712 3367 1736 3378 υ
2030 3363 2042 3378 1

2184 3275 2340 3346 quod
2363 3274 2533 3330 facio.
2559 3298 2578 3320 ιι
2607 3275 2776 3329 Facio
2795 3275 2923 3328 sine
2946 3279 3185 3344 sumptu
3208 3273 3608 3345 prtedicando,
3635 3281 3694 3329 et
3724 3275 3836 3332 hoc

420 3360 579 3418 αὐτὸν
610 3359 899 3440 εἰληφότα,
931 3361 1188 3440 ἀφορμὴν
1227 3359 1515 3430 λοιδορίας
1544 3361 1606 3415 τὸ
1632 3367 1860 3435 πρᾶγμα
1909 3363 2072 3432 ποιή-

417 3473 638 3510 σωνται.
674 3453 926 3508 Ἐκείνων
959 3451 1050 3507 οὖν
1081 3453 1180 3520 την
1222 3452 1478 3531 ἀφορμὴν
1529 3450 1870 3526 βουλόμενος
1917 3449 2076 3508 ἐκκό-

419 3544 537 3616 ψαι.
573 3541 752 3619 φησίν·
789 3567 816 3593 ‹‹
847 3543 958 3597 Ἳνα
990 3541 1042 3595 ἐν
1073 3541 1120 3614 ᾧ
1143 3545 1475 3616 καυχῶνται.
1513 3563 1540 3592 n
1572 3541 1733 3616 Τάχα
1763 3541 1853 3595 καὶ
1900 3542 1962 3596 τὸ
1997 3541 2075 3613 μή

417 3625 612 3686 λαϐεῖν
643 3631 1011 3704 ὑπεκρίνοντο,
1044 3627 1134 3685 διὰ
1162 3635 1325 3685 τοῦτο
1358 3631 1460 3685 οὐκ
1489 3631 1660 3694 εἶπεν,
1693 3633 1784 3687 Ἐν
1808 3631 1854 3703 ᾧ
1884 3635 2079 3686 ποιοῦ-

418 3742 526 3782 σιν,
559 3717 687 3776 ἀλλ’
718 3722 803 3777 Ἐν
851 3719 896 3792 ᾧ
948 3724 1284 3798 καυχῶνται,
1348 3745 1374 3771 ‹‹
1416 3718 1689 3793 Εὗρεθῶσι
1744 3719 1926 3783 καθὼς
1983 3719 2075 3774 καὶ

411 3812 604 3886 ἡμεῖς.
643 3837 664 3863 ι
702 3812 830 3868 Εἶτα
859 3810 948 3865 καὶ
999 3809 1257 3866 πλούσιοι
1308 3807 1458 3872 ὅντες
1509 3811 1562 3865 οἱ
1610 3807 2074 3883 ψευδαπόστολοι,

415 3898 572 3957 ούδὲν
626 3895 958 3974 ἐλάμϐανον,
1017 3899 1105 3955 καὶ
1164 3899 1252 3955 ἐπὶ
1309 3900 1488 3971 τούτῳ
1553 3901 1892 3979 ὲκαυχῶντο.
1952 3902 2076 3957 Ἵνα

418 3989 512 4046 οῦν
543 3989 670 4063 ἐνῷ
727 3995 1070 4066 καυχῶνται,
1128 3989 1180 4044 ἐν
1240 3993 1320 4062 τῷ
1373 3992 1446 4063 μὴ
1505 3984 1826 4063 λαμϐάνειν,
1885 3989 2073 4068 φησὶν,

416 4081 712 4156 εὑρεθῶσιν
739 4081 927 4155 ὅμοιοι
954 4082 1140 4154 ἡμῶν,
1167 4080 1258 4135 καὶ
1293 4081 1368 4152 μή
1420 4076 1588 4134 πλέον
1636 4081 1798 4151 ἡμῶν
1844 4073 2069 4154 ἔχωσιν.

416 4173 668 4226 Ἀτοπον
723 4170 826 4245 γὰρ
885 4169 962 4233 είς
1010 4169 1078 4224 τὰ
1133 4167 1280 4225 ἄλλα
1332 4167 1790 4244 ἐλαττουμένους,
1845 4168 1954 4242 ᾦδε
2012 4171 2073 4227 τὸ

415 4255 493 4313 πλ
502 4257 586 4311 ἑον
614 4249 785 4336 ἔχειν.

2184 3379 2420 3435 semper
2447 3362 2682 3417 faciam.
2721 3385 2746 3411 ‹‹
2781 3363 2852 3418 Ut
2883 3368 3184 3434 amputem
3212 3363 3607 3418 occasionem.
3640 3385 3668 3413 »
3695 3365 3836 3419 Cau-

2185 3469 2311 3509 sam
2357 3453 2501 3508 dicit
2531 3468 2713 3524 quare
2764 3469 2884 3507 non
2943 3452 3212 3523 accipiat.
3247 3452 3644 3508 Observahant
3674 3454 3835 3509 enim

2186 3543 2651 3616 pseudapostoli,
2686 3542 2975 3598 686utsi
2996 3543 3358 3598 invenissent
3401 3543 3557 3614 quod
3585 3544 3709 3614 ipse
3732 3561 3832 3600 ac-

2186 3633 2461 3705 cepisset.
2495 3649 2619 3687 rem
2654 3633 2843 3704 ipsam
2902 3632 3124 3688 faceret
3180 3648 3384 3688 ansam
3439 3634 3832 3690 conviciandi.

2185 3721 2725 3794 Volensigiturillis
2739 3728 3045 3794 amputare
3061 3723 3454 3788 occasionem,
3481 3722 3591 3776 ait:
3617 3744 3644 3770 «
3673 3723 3744 3778 Ut
3773 3723 3836 3777 in

2186 3811 2338 3865 eoin
2364 3827 2480 3882 quo
2509 3810 2858 3883 gloriantur.
2921 3831 2946 3860 ι»
3008 3811 3301 3866 Fortassis
3359 3811 3538 3866 etiam
3595 3827 3656 3865 se
3711 3828 3834 3866 non

2185 3900 2454 3971 accipere
2511 3899 2849 3972 ﬁngebant:
2907 3907 3182 3972 proterea
3235 3917 3356 3955 non
3413 3900 3605 3954 dixit:
3667 3901 3733 3955 In
3765 3917 3832 3955 eo

2186 3989 2343 4061 quod
2373 3990 2614 4046 faciunt.
2651 3989 2754 4045 sed
2789 4012 2816 4039 α
2850 3991 2915 4045 In
2973 4007 3040 4045 eo
3094 3991 3156 4045 in
3215 4007 3332 4062 quo
3389 3990 3738 4062 gloriantur.
3804 4013 3832 4040 »

2185 4110 2250 4121 —
2286 4099 2308 4127 ι
2344 4080 2739 4151 Reperiantur
2768 4081 2922 4134 sicut
2953 4086 3013 4136 et
3067 4097 3196 4135 nos.
3260 4101 3289 4130 »
3349 4085 3642 4136 Prmterea
3698 4097 3834 4136 cum

2185 4170 2394 4226 divites
2416 4176 2614 4226 essent
2655 4169 3121 4242 pseudapostoli,
3154 4169 3306 4226 nihil
3354 4170 3743 4241 accipiebant,
3778 4174 3836 4224 et

2187 4259 2893 4333 inhocgloriabantur.Ut
2917 4260 3133 4332 ergoin
3183 4277 3252 4316 eo
3304 4260 3365 4316 in
3414 4276 3530 4330 quo
3562 4259 3831 4333 glorian-

414 4355 515 4405 tur
543 4348 702 4421 quod
727 4364 847 4405 non
878 4347 1194 4419 accipiant,
1222 4347 1437 4419 inquit,
1469 4348 1849 4420 reperiantur
1877 4349 2107 4406 similes
2136 4350 2329 4414 nobis,
2364 4357 2422 4405 et
2450 4351 2601 4406 nihil
2632 4366 2812 4423 supra
2866 4367 2974 4406 nos
3023 4349 3298 4406 habeant.
3363 4349 3678 4422 Indignum
3736 4355 3835 4406 est

416 4439 598 4505 enim,
627 4454 763 4496 cum
794 4439 856 4494 in
882 4437 1114 4494 caeteris
1144 4437 1262 4494 sint
1293 4437 1628 4504 inferiores,
1660 4438 1707 4493 si
1741 4439 1803 4494 in
1829 4439 1940 4495 hoc
1969 4444 2170 4497 essent
2200 4441 2560 4512 superiores.

487 4527 554 4584 Οἱ
638 4527 737 4602 γαρ
823 4529 1094 4594 τοιοῦτοι,
1172 4523 1635 4600 ψευδαπόστολοι,
1697 4526 1918 4600 ἐργάται
1979 4524 2071 4582 δό-

2250 4531 2345 4597 Χῐ,
2386 4531 2562 4588 13-15.
2599 4552 2627 4580 «ι
2659 4531 2962 4603 Siquidem
2996 4529 3331 4586 istiusmodi
3389 4530 3833 4602 pseudapostoli

417 4615 556 4682 λιοι,
639 4617 1252 4693 μενασχηματιζόμενοι
1339 4616 1416 4678 εἷς
1515 4615 1865 4681 ἀποστόλους
1937 4619 2074 4691 Χρι-

417 4709 568 4762 στοῦ.
605 4707 708 4762 Καὶ
784 4706 846 4760 οὐ
922 4705 1249 4778 θαυμαστόν.
1326 4704 1501 4767 Αὐτὸς
1577 4704 1680 4782 γαρ
1758 4706 1786 4760 ὁ
1836 4710 2072 4767 Κατανᾶς

422 4796 966 4871 μετασχηματίζεται
1040 4793 1116 4856 είς
1189 4793 1418 4871 ἄγγεκον
1495 4794 1696 4872 φωτός.
1774 4793 1851 4852 O3
1940 4794 2074 4869 μέγα

415 4885 535 4950 οῦν,
614 4885 657 4940 εἰ
732 4885 824 4942 καί
909 4882 1150 4940 διάκονοι
1242 4884 1409 4939 αὐτοῦ
1505 4885 2072 4960 μετασχηματίζονται

415 4977 493 5038 ὡς
553 4973 792 5032 διάκονοι
842 4973 1216 5044 δικαιοσύνης,
1274 4974 1350 5030 ὧν
1394 4974 1456 5029 τὸ
1513 4972 1672 5037 τελος
1730 4968 1878 5031 ἔσται
1935 4976 2072 5032 κατὰ

407 5067 478 5122 τὰ
507 5059 637 5140 ἔργα
666 5063 862 5120 αὐτῶν.

487 5153 556 5212 Τί
618 5151 836 5231 λέγεις;
895 5153 947 5206 οἱ
1006 5152 1098 5207 τὸν
1157 5153 1388 5226 Χριστὸν
1443 5150 1806 5223 κηρύσσοντες
1859 5153 1950 5208 καὶ
2005 5155 2069 5210 τὸ

410 5241 749 5319 Εὐαγγέλιον
806 5238 975 5316 (οὕτω
1025 5242 1128 5318 γὰρ
1182 5237 1294 5295 ἄνω
1359 5240 1484 5317 περὶ
1563 5243 1738 5297 αὐτῶν
1799 5240 2066 5318 εἴρηκας),

412 5331 853 5408 ψευδαπόστολοί
883 5331 1026 5400 aiat;
1076 5329 1200 5400 Ναὶ,
1251 5330 1406 5408 φησί.
1457 5332 1640 5389 Ταῦτα
1684 5331 1787 5406 γὰρ
1837 5331 2067 5406 ὑποκρι-

411 5424 636 5495 νόμενοι
667 5420 718 5476 ἐν
768 5425 848 5493 τῷ
905 5424 1140 5498 φανερῷ,
1183 5418 1358 5496 λάθρα
1412 5419 1602 5476 ἀνόσια
1647 5423 2066 5502 παρεισφὲρουσι

404 5511 682 5591 δόγματα.
764 5536 784 5561 ι
821 5508 1076 5584 Ἐργάται
1151 5506 1334 5565 δόλιοι
1432 5533 1461 5561 ››
1539 5510 1892 5585 Ἐργαζονται
1938 5510 2064 5585 γὰρ,

402 5599 534 5658 ἀλλ’
607 5601 886 5656 ἀνασπῶσι
962 5599 1029 5653 τὰ
1101 5597 1287 5658 καλῶς
1363 5597 1759 5678 πεφυτευμένα,
1835 5599 1914 5654 Τὸ
1960 5600 2062 5675 γὰρ

402 5695 756 5768 προσωπεῖον
833 5688 1167 5750 ὑπεισιόντες
1244 5689 1343 5758 τῆς
1418 5687 1704 5760 ἀληθείας,
1746 5688 1922 5752 οὕτως
1963 5691 2064 5760 τήν

405 5775 626 5860 βλάϐην
659 5779 1006 5858 ἃργάζονται,
1037 5778 1128 5834 καὶ
1159 5783 1355 5855 σχῆμα
1408 5777 1778 5854 περικείμενοι
1826 5777 2064 5838 ἆποστό-

2185 4640 2212 4668 ‹‹
2246 4623 2404 4686 sunt,
2439 4636 2506 4674 ac
2539 4621 2796 4692 operarii
2828 4619 3038 4683 dolosi,
3101 4625 3160 4676 et
3214 4620 3712 4692 transﬁgurantur
3770 4619 3832 4675 in

2186 4729 2213 4757 «
2247 4708 2546 4779 apostolos
2580 4709 2814 4764 Christi.
2852 4713 3033 4778 Atque
3067 4709 3224 4763 haud
3271 4709 3511 4774 mirum,
3561 4708 3832 4778 quando-

2183 4819 2210 4846 «
2246 4797 2486 4868 quidem
2519 4798 2646 4869 ipse
2675 4799 2924 4855 Satanas
2945 4798 3404 4870 transfiguratur
3433 4797 3493 4851 in
3551 4796 3828 4867 angelum

2183 4908 2211 4936 ιι
2245 4886 2411 4942 lucis.
2448 4889 2573 4943 Non
2605 4904 2882 4960 magnum
2915 4892 3002 4943 est
3034 4887 3211 4960 igitur
3241 4887 3289 4941 si
3311 4892 3369 4940 et
3389 4886 3645 4941 ministri
3668 4885 3830 4943 illius

2181 5000 2210 5028 «
2239 4976 2738 5050 transfigurentur
2770 4977 2937 5050 quasi
2972 4976 3090 5033 sint
3119 4976 3375 5032 ministri
3401 4975 3831 5048 justitim,quo-

2181 5089 2210 5118 «
2238 5083 2368 5123 rum
2404 5067 2542 5122 finis
2573 5066 2689 5122 erit
2710 5067 2883 5138 juxta
2912 5083 3092 5138 opera
3123 5065 3385 5121 illorum.
3423 5085 3450 5113 »

2251 5156 2402 5223 Quid
2433 5156 2569 5212 ais?
2598 5173 2671 5212 an
2704 5157 2804 5228 qui
2837 5156 3132 5212 Christum
3166 5155 3494 5228 praedicant
3537 5159 3595 5210 et
3650 5156 3830 5210 Evan-

2179 5247 2400 5320 gelium
2432 5247 2594 5319 (nam
2625 5248 2707 5302 ita
2765 5246 3040 5318 superius
3096 5245 3169 5301 de
3228 5245 3374 5317 ipsis
3432 5245 3667 5301 locutus
3717 5244 3828 5312 est)

2177 5336 2621 5410 pseudapostoli
2654 5337 2832 5393 sunt?
2863 5336 3094 5406 Utique,
3132 5335 3358 5406 inquit:
3396 5336 3521 5390 haec
3544 5336 3702 5392 enim
3726 5352 3830 5406 pa-

2174 5425 2296 5484 lam
2322 5427 2696 5493 simulantes,
2729 5426 2957 5482 occulte
2990 5426 3173 5497 impia
3204 5424 3382 5480 simul
3409 5425 3668 5481 afferunt
3684 5425 3823 5497 dog-

2173 5521 2353 5574 mata.
2387 5539 2417 5567 «
2449 5517 2713 5588 Operarii
2747 5516 2957 5573 dolosi.
3017 5538 3043 5564 »
3092 5517 3429 5587 Operantur
3486 5516 3667 5579 enim,
3719 5515 3824 5569 sed

2174 5605 2612 5676 revelluntquaa
2627 5611 2785 5662 recte
2802 5605 3068 5676 plantata
3082 5610 3268 5667 erant,
3303 5603 3597 5674 siquidem
3616 5617 3788 5673 perso
3803 5633 3822 5643 -

2171 5709 2311 5752 nam
2329 5693 2828 5763 veritatisinduti,
2864 5695 2944 5750 ita
2967 5699 3391 5751 nocumentum
3433 5695 3730 5758 exercent,
3765 5694 3823 5746 et

2171 5784 2380 5845 habitu
2408 5787 2814 5859 apostolorum
2846 5786 3044 5846 amicti
3094 5785 3369 5859 pelleque
3411 5783 3601 5850 ovina,
3661 5783 3820 5838 intus
