4098 6394
267 505 418 567 1051

1385 497 1797 570 CECUMENll
1845 495 2152 557 ΤΒΙΟΟίΕ
2201 495 2547 557 EPISCOl'I

3526 503 3681 564 1052

265 641 390 713 lupi
423 645 578 697 sunt.
612 642 1127 713 Transﬁgurantur
1157 643 1335 698 veluti
1371 641 1651 713 magister
1709 650 1904 693 eorum

2028 628 2166 698 λων,
2208 628 2298 684 καὶ
2358 625 2519 704 δορὰν
2576 626 2851 704 προϐάτου
2911 634 3300 708 ἠμφιεσμένον
3363 636 3522 694 λύκοι
3581 638 3686 696 εἶσὶ

263 730 738 802 transﬂguratur,
772 730 904 785 ideo
938 732 1116 786 etiam
1150 731 1353 786 multis
1385 730 1639 800 imponit
1673 744 1685 780 :
1739 740 1904 780 cum-

261 837 374 890 que
403 819 650 891 angelus
681 820 757 873 sit
789 820 1174 875 tenebrarum
1209 828 1489 891 tanquam
1523 817 1766 890 angelus
1813 815 1908 869 lu-

259 909 344 964 cis
377 909 744 979 conspicitur
773 910 988 964 fallens
1022 917 1316 981 aspectus.
1368 934 1395 960 «
1440 912 1567 964 Non
1625 921 1908 979 magnum

260 1005 349 1054 est
379 1000 577 1068 igitur.
613 1019 641 1048 »
672 1001 816 1054 Nam
852 1000 898 1054 si
930 1001 1073 1069 quid
1105 1000 1385 1055 admirari
1444 1003 1696 1070 oportet,
1760 994 1910 1050 illud

259 1088 653 1143 admiratione
687 1088 926 1159 dignum
962 1096 1048 1143 est
1080 1090 1374 1159 quomodo
1405 1088 1678 1143 diabolus
1705 1087 1764 1140 in
1787 1091 1910 1140 tan-

256 1184 380 1234 tam
413 1178 752 1248 proruperit
782 1177 1111 1232 audaciam.
1143 1211 1210 1220 -
1244 1181 1368 1233 Non
1401 1183 1510 1243 est,
1544 1176 1759 1247 inquit,
1805 1175 1912 1230 ad-

257 1266 618 1323 mirandum.
653 1269 843 1332 Quare
874 1267 901 1321 ‘2
938 1269 1082 1332 Quia
1141 1268 1361 1324 debent
1418 1267 1659 1322 omnino
1691 1266 1910 1338 magis-

256 1360 415 1410 trum
449 1357 690 1415 imitari.
725 1358 826 1427 qui
859 1374 994 1411 cum
1027 1358 1275 1430 angelus
1307 1358 1383 1412 sit
1415 1356 1814 1418 tenebrarum,
1843 1353 1908 1408 ﬂ-

255 1451 502 1516 guratur
531 1445 697 1514 quasi
731 1451 887 1500 esset
930 1445 1180 1516 angelus
1238 1445 1407 1500 lucis.
1471 1467 1497 1493 ‹‹
1558 1443 1731 1509 Quasi
1792 1442 1912 1497 sint

249 1534 784 1604 ministrijustitiae
843 1557 870 1584 »
905 1536 1157 1591 Ministri
1215 1535 1469 1607 justitiaa
1529 1539 1666 1589 sunt
1721 1530 1910 1588 sancti

249 1624 536 1695 apostoli:
570 1625 687 1679 Deo
740 1625 900 1679 enim
955 1625 1299 1680 ministrant
1348 1623 1738 1696 justiﬁcando
1804 1638 1912 1693 per

252 1713 554 1784 Evangelii
586 1696 936 1784 potentiam.
976 1735 1000 1765 ιι
1029 1714 1292 1779 Quorum
1327 1713 1464 1768 finis
1497 1712 1627 1767 erit.
1660 1731 1685 1761 ι
1715 1711 1913 1775 Quan—

258 1821 437 1877 quam
469 1805 629 1859 enim
651 1822 773 1872 vos,
807 1806 1020 1875 inquit,
1057 1805 1295 1872 fallunt,
1322 1803 1667 1876 pervigilem
1695 1801 1912 1857 Christi

256 1895 496 1951 oculum
522 1895 728 1950 fallere
761 1912 883 1951 non
915 1900 1218 1967 poterunt.

327 1991 475 2048 687
504 1993 599 2058 XI,
627 1995 806 2048 16-21.
830 1995 1037 2048 Iterum
1059 1994 1183 2049 dico
1204 2011 1272 2049 ne
1296 1996 1420 2064 quis
1470 2011 1554 2049 me
1576 1999 1736 2064 putet
1772 1994 1907 2048 insi-
1942 2010 1988 2076 Β

246 2083 492 2152 pientem
522 2097 648 2138 esse.
683 2083 914 2152 Alioqui
946 2082 1071 2138 licet
1097 2089 1158 2137 ut
1215 2082 1568 2153 insipientem
1624 2083 1912 2153 accipiatis

255 2187 357 2237 me,
393 2177 452 2226 ut
474 2173 770 2241 paululum
800 2173 1068 2241 quiddam
1100 2179 1152 2226 et
1185 2189 1284 2241 ego
1315 2172 1541 2242 glorier.
1577 2172 1733 2236 Quod
1762 2173 1908 2236 dico,

255 2277 366 2315 non
389 2262 511 2315 dico
530 2262 825 2317 secundum
848 2261 1164 2327 Dominum,
1187 2261 1279 2317 sed
1300 2263 1450 2316 velut
1487 2278 1592 2332 per
1639 2260 1911 2332 insipien-

257 2351 391 2405 tiam
421 2350 483 2405 in
515 2351 615 2405 hoc
666 2357 992 2420 argumento
1055 2351 1423 2420 gloriationis.
1457 2351 1912 2421 Quandoquidem

253 2441 416 2495 multi
435 2440 753 2509 gloriantur
772 2440 1070 2495 secundum
1092 2457 1332 2506 carnem,
1358 2446 1409 2494 et
1451 2456 1551 2509 ego
1608 2440 1908 2510 gloriabor.

254 2530 513 2584 Libenter
543 2532 685 2584 enim
715 2532 960 2600 stt/fertis
991 2533 1334 2600 insipientes,
1368 2546 1490 2584 cum
1520 2531 1636 2584 sitis
1688 2530 1909 2599 sapien-

254 2623 352 2673 tes.
387 2619 642 2689 Suﬂ’erlis
669 2621 814 2674 enim
843 2621 890 2674 si
920 2621 1042 2690 quis
1068 2636 1159 2674 vos
1192 2620 1250 2673 in
1278 2620 1597 2674 servitutem
1626 2618 1831 2687 adigit,
1861 2616 1912 2673 si

254 2709 378 2777 quis
409 2708 641 2767 excedit.
672 2711 720 2763 si
749 2710 870 2778 quis
904 2711 1129 2778 accipit,
1160 2711 1208 2763 si
1238 2707 1363 2778 quis
1395 2709 1612 2762 eat-tollit
1674 2723 1804 2774 sese,
1863 2709 1911 2763 si

248 2799 372 2870 quis
399 2799 458 2851 in
504 2798 704 2865 faciem
764 2813 854 2851 vos
913 2797 1128 2851 caedit:
1186 2798 1363 2868 juxta
1416 2795 1805 2851 contumeliam
1836 2795 1910 2851 lo-

247 2903 405 2959 quor.
431 2885 668 2955 perinde
697 2889 865 2956 quasi
892 2902 990 2941 nos
1023 2886 1315 2941 imbecilles
1343 2888 1633 2954 fuerimus.

321 3005 348 3031 «
379 2984 602 3038 Iterum
634 2983 786 3038 dico.
821 3005 850 3034 »
883 2985 1011 3039 Jam
1045 2983 1342 3054 siquidem
1378 2983 1566 3038 multa
1607 2999 1907 3056 praaparau

245 3073 410 3129 tione
441 3090 508 3129 ac
541 3074 908 3130 correctione
940 3091 1084 3129 usus
1115 3074 1330 3139 fuerat,
1365 3074 1468 3128 sed
1501 3090 1622 3128 non
1654 3073 1759 3128 illa
1817 3091 1905 3128 so-

247 3162 306 3218 la
336 3168 653 3219 contentus
685 3169 830 3219 erat.
865 3185 893 3213 ‹‹
928 3166 1008 3218 Ne
1038 3164 1171 3234 quis
1200 3180 1291 3218 me
1325 3167 1492 3234 putet
1521 3162 1902 3234 insipientem

246 3269 395 3310 esse.
433 3274 461 3301 »
495 3253 671 3323 Atqui
704 3253 978 3323 superius
1025 3252 1175 3306 dixit
1208 3270 1221 3307 :
1279 3253 1511 3308 Utinam
1566 3252 1902 3308 toleraretis

244 3342 651 3412 insipientiam
684 3357 880 3396 meam
915 3357 926 3394 :
963 3341 1261 3412 quomodo
1294 3357 1432 3411 ergo
1465 3341 1575 3396 hoc
1605 3341 1735 3395 loco
1767 3341 1852 3396 ait
1883 3357 1896 3394 :
1931 3382 1973 3448 Ο

246 3453 275 3482 ‹‹
291 3433 370 3485 Νο
386 3430 518 3501 quis
531 3447 626 3484 me
642 3435 806 3500 putet
820 3430 1200 3501 insipientem
1218 3446 1346 3485 esse
1361 3430 1387 3484 ?
1402 3456 1423 3480 ι»
1448 3429 1754 3494 Quiaillud
1773 3429 1900 3500 qui-

245 3521 405 3588 dem,
440 3536 654 3591 nempe
715 3520 976 3590 seipsum
1034 3519 1298 3585 laudare,
1371 3519 1733 3591 insipientim
1789 3525 1898 3575 est.

244 3611 363 3681 Ego
393 3625 547 3674 vero,
583 3609 798 3680 inquit,
831 3625 950 3664 non
985 3615 1266 3679 tanquam
1303 3609 1593 3680 insipiens
1625 3609 1718 3664 his
1767 3615 1905 3664 utor

247 3698 756 3764 sermonibus,sed
777 3715 973 3768 cogor,
1008 3705 1074 3752 ut
1103 3714 1203 3752 vos
1235 3715 1269 3753 a
1299 3698 1772 3769 pseu-lapostolis
1797 3698 1904 3753 ab-

246 3788 478 3844 ducam.
515 3787 651 3842 Ideo
684 3788 805 3843 ait:
843 3810 868 3836 «
900 3787 980 3842 Ne
1013 3786 1148 3858 quis
1178 3803 1271 3841 me
1305 3793 1470 3857 putet
1515 3788 1898 3859 insipientem

243 3893 392 3932 esse.
423 3899 448 3924 »
470 3878 598 3932 Non
618 3877 777 3931 enim
797 3875 977 3944 ultro,
1005 3875 1107 3930 sed
1134 3891 1199 3929 ex
1244 3877 1595 3931 necessitate
1634 3876 1707 3932 ad
1736 3893 1899 3933 meas

239 3958 429 4030 ipsius
452 3958 656 4013 laudes
679 3956 994 4012 descendo.
1023 3987 1087 3996 —
1125 3957 1318 4012 Αίέςιιί.
1377 3958 1738 4030 [nsipientia
1771 3975 1898 4014 ver-

241 4045 385 4102 bum
408 4045 717 4100 estdicere
741 4044 1124 4114 insipientem
1150 4060 1286 4100 eum
1311 4045 1409 4115 qui
1434 4061 1554 4100 non
1590 4051 1900 4116 est,neque

246 4151 317 4192 ea
347 4135 466 4206 agit
496 4151 627 4204 qum
661 4140 799 4190 sunt
829 4132 1184 4204 insipientis.
1248 4133 1551 4203 Siquidem
1609 4133 1899 4204 insipiens

250 4228 340 4279 est
370 4222 472 4293 qui
503 4238 649 4276 vane
681 4237 743 4276 se
769 4221 956 4293 jactat
1013 4227 1072 4276 et
1130 4221 1389 4276 inaniter
1443 4221 1752 4294 gloriatur,
1797 4222 1897 4290 qui

249 4311 426 4367 simul
460 4317 519 4366 et
549 4311 836 4382 insipiens
860 4315 950 4366 est
970 4316 1029 4366 et
1075 4310 1433 4382 insipientia:
1483 4311 1660 4366 verba
1709 4311 1897 4383 loqui-

245 4407 363 4465 tur,
398 4408 457 4457 et
486 4418 618 4470 qua)
649 4401 990 4471 insipientis
1023 4407 1162 4454 sunt
1190 4399 1368 4456 facit:
1429 4402 1530 4471 qui
1589 4407 1787 4457 autem
1826 4403 1898 4459 de

244 4494 440 4562 seipso
456 4499 514 4547 et
537 4509 750 4565 magna
771 4492 911 4547 dicit
929 4498 988 4548 et
1020 4491 1362 4563 vera,idque
1410 4509 1591 4549 causa
1620 4494 1897 4550 utilitatis

242 4585 495 4640 animae:
539 4583 833 4639 videbitur
863 4583 1224 4655 insipientim
1257 4584 1434 4639 verba
1467 4584 1662 4641 dicere
1705 4603 1896 4658 quan-

239 4679 366 4730 tum
399 4674 471 4730 ad
505 4673 961 4730 similitudinem
997 4673 1373 4744 prolationis,
1405 4691 1525 4730 non
1564 4681 1760 4732 tamen
1802 4677 1894 4732 in-

2007 719 2076 773 τὰ
2134 713 2304 784 ἔνδον,
2369 719 3006 799 μετασχηματιζόμενοι,
3087 724 3202 779 οἷον
3260 727 3288 780 ὁ
3348 723 3680 795 διδάσκαλος

2009 805 2184 862 αὐτῶν
2251 810 2815 882 μετασχηματίζεται.
2880 812 2974 867 Διὸ
3025 814 3114 867 καὶ
3163 811 3412 878 πολλοὺς
3471 815 3670 890 πλανᾷ,

2009 896 2100 950 καὶ
2130 891 2203 950 ὥν
2237 893 2472 970 ἅγγελος
2506 899 2755 964 σκότους,
2815 899 2891 964 εἰς
2941 899 3176 978 ἄγγελον
3230 904 3420 978 ὀρᾶται
3468 909 3669 984 φωτὸς,

2010 985 2232 1040 πλανῶν
2293 987 2388 1048 τὰς
2439 987 2616 1061 ὀψεις.
2670 989 2772 1044 Καὶ
2825 989 2885 1044 ού
2936 992 3262 1063 θαυμαστόν.
3312 993 3382 1051 Εἴ
3433 999 3534 1071 γάρ
3587 994 3672 1052 δεῖ

2013 1081 2332 1148 θαυμάζειν,
2394 1074 2569 1131 ἐκεῖνό
2629 1075 2741 1132 ἐστι
2801 1080 3073 1151 θαύματος
3113 1079 3282 1152 ἄξιον,
3337 1090 3453 1148 πῶς
3485 1087 3512 1139 ὁ
3547 1085 3672 1150 διά,

2013 1159 2180 1225 ϐολος
2214 1165 2288 1226 εἰς
2319 1171 2482 1221 τοῦτο
2513 1166 2732 1239 τόλμης
2763 1165 3002 1242 ἔρχεται.
3038 1203 3106 1213 -
3156 1173 3366 1246 [ΦΩΤ.]
3413 1173 3490 1232 Ού
3541 1187 3674 1239 θαυ-

2017 1254 2240 1328 μαστὸν,
2277 1255 2437 1335 φησὶ,
2471 1253 2558 1311 διὰ
2588 1256 2678 1325 τίς
2730 1260 2850 1313 Ὅτι
2907 1265 3191 1330 μιμεῖσθαι
3235 1264 3448 1326 πάντως
3493 1283 3672 1340 χρεω-

2011 1347 2198 1399 στοῦσι
2227 1345 2318 1398 τὸν
2347 1341 2695 1416 διδάσκαλον,
2729 1345 2787 1409 ὅς
2822 1346 3054 1423 ἅγγελος
3086 1345 3158 1402 ὤν
3193 1351 3445 1416 σκότους,
3490 1355 3664 1430 φωτὸς

2015 1430 2152 1484 εἶναι
2231 1431 2652 1505 σχηματίζεται.
2733 1457 2762 1484 ‹‹
2803 1434 2891 1494 Ὠς
2971 1431 3214 1490 διάκονοι
3254 1434 3675 1507 δικαιοσύνης.»

2016 1519 2266 1572 Διάκονοι
2302 1515 2652 1589 δικαιοσύνης
2710 1520 2841 1575 εἶσῖν
2891 1523 2942 1576 οἱ
2992 1523 3132 1598 ἅγιοι
3184 1525 3504 1580 ἀπόστολοιο
3557 1524 3679 1582 δια-

2015 1612 2235 1662 κονοῦσι
2259 1609 2360 1682 γάρ
2386 1613 2504 1680 Θεῷ
2543 1608 2593 1663 ἐν
2626 1610 2705 1681 τῴ
2741 1606 2985 1666 δικαιοῦν
3013 1609 3297 1686 δυναμένῳ
3331 1615 3682 1690 Εὐαγγελίφ.

2019 1719 2044 1748 ι
2082 1699 2178 1752 Ὧν
2209 1699 2271 1752 τὸ
2301 1695 2460 1760 τέλος
2501 1693 2668 1754 ἔσται.
2706 1724 2733 1751 ››
2785 1700 2893 1757 Κᾶν
2936 1701 3039 1775 γάρ
3091 1703 3254 1776 ὑμᾶς,
3305 1707 3488 1781 φησὶν,
3536 1707 3680 1762 ἁπα-

2017 1792 2207 1856 τῶσιν,
2261 1787 2361 1842 οὐκ
2419 1786 2478 1843 ἄν
2541 1785 2844 1844 διαλάθωσι
2892 1791 2983 1846 τὸν
3041 1791 3344 1865 ἀκοίμητον
3396 1794 3683 1873 ὀφθαλμὸν

2014 1879 2112 1932 τοῦ
2148 1881 2402 1952 Χριστοῦ.

2093 1971 2266 2029 Πάλιν
2301 1973 2464 2049 Λέγω,
2521 1977 2597 2048 μή
2657 1997 2741 2039 τις
2802 1999 2870 2051 με
2929 1976 3057 2053 δόξῃ
3115 1981 3322 2054 ἄφρονα
3389 1986 3543 2041 εἶναι.
3615 1985 3678 2042 El

2019 2059 2077 2118 δὲ
2112 2064 2185 2136 μή
2247 2084 2332 2138 γε,
2392 2062 2488 2119 κᾶν
2549 2065 2623 2127 ὡς
2681 2064 2885 2142 ἄφρονα
2946 2065 3161 2140 δέξασθὲ
3220 2091 3286 2144 με
3340 2070 3426 2127 ἳνα
3483 2076 3683 2150 μικρόν

2015 2173 2068 2207 τι
2124 2153 2276 2228 κάγὼ
2333 2156 2728 2230 καυχήσωμαι.
2787 2158 2854 2214 Ὃ
2913 2156 3095 2226 λαλῶ,
3181 2161 3246 2215 οὐ
3317 2160 3474 2217 λαλῶ
3539 2165 3680 2220 κατά

2017 2242 2239 2317 Κύριον,
2291 2241 2418 2299 ἀλλ’
2476 2248 2551 2308 ὡς
2607 2246 2659 2300 ἐν
2717 2247 3020 2325 ἀφροσύνῃ,
3083 2247 3136 2303 ἐν
3193 2251 3360 2324 ταύτῃ
3415 2251 3483 2326 τῇ
3537 2252 3680 2309 ὑπο-

2017 2334 2200 2388 στάσει
2251 2340 2354 2403 τῆς
2413 2336 2761 2413 καυχήσεως,
2833 2337 2982 2391 Ἐπεὶ
3066 2336 3274 2394 πολλοὶ
3363 2346 3680 2417 καυχῶνται

2014 2422 2152 2476 κατά
2209 2423 2311 2492 τὴν
2373 2424 2566 2495 σάρκα,
2626 2425 2776 2500 κάγὼ
2872 2429 3252 2501 καυχήσομαι.
3311 2427 3512 2492 Ἡδέως
3571 2433 3676 2507 γάρ

2015 2512 2272 2588 ἀνέχεσθε
2330 2519 2437 2569 τῶν
2499 2515 2770 2594 ἀφρόνων,
2849 2518 3110 2593 φρότιμοι
3199 2517 3370 2583 ὅντες,
3453 2522 3683 2598 ’Λνέχε-

2017 2614 2110 2665 σθε
2175 2603 2280 2680 γὰρ
2350 2601 2400 2658 ε⁹ί
2467 2625 2551 2668 τις
2617 2605 2757 2678 ὑμᾶς
2825 2604 3183 2676 καταδουλοῖ,
3254 2608 3300 2664 εἴ
3360 2631 3443 2674 τις
3519 2632 3676 2667 κατε-

2015 2693 2174 2761 σθίει,
2232 2690 2278 2747 ε⁹ί
2335 2713 2418 2754 τις
2482 2690 2770 2766 λαμϐάνει,
2835 2697 2881 2750 εἳ
2941 2717 3023 2758 τις
3113 2696 3414 2774 ἐπαίρεται,
3483 2700 3530 2756 ε⁹ί
3591 2723 3675 2766 τις

2016 2785 2156 2857 ὑμᾶς
2192 2783 2268 2848 εἰς
2317 2785 2615 2858 πρόσωπον
2676 2783 2841 2860 δέρει.
2900 2787 3049 2844 Κατὰ
3104 2789 3326 2863 ἀτιμίαν
3384 2791 3548 2866 κέγω,
3599 2794 3675 2855 ὡς

2014 2875 2098 2928 ὅτι
2175 2880 2295 2943 μεῖς
2327 2876 2726 2950 ἡσθενήσαμεν.

2085 2997 2112 3024 ‹‹
2147 2973 2320 3028 ΠάΛιν
2355 2969 2520 3046 λέγω.
2560 2997 2586 3023 ››
2615 2971 2758 3044 Ἤδη
2797 2975 2891 3046 μὲν
2949 2976 3049 3051 γὰρ
3089 2976 3277 3053 πολλῇ
3327 2977 3672 3056 προδιορθώ-

2012 3081 2090 3114 σει
2125 3059 2427 3135 ἐχρήσατο,
2458 3058 2586 3114 ἀλλ’
2617 3059 2717 3116 οὐκ
2766 3063 3008 3136 ἀρκεῖται
3059 3063 3237 3141 ἐκείνῃ
3291 3068 3456 3142 μόνῃ,
3509 3093 3537 3121 ‹‹
3569 3069 3660 3139 Μή

2007 3171 2091 3212 τις
2123 3171 2191 3223 με
2231 3147 2366 3224 δόκῃ
2422 3149 2632 3225 ἃφρονα
2681 3152 2844 3208 εἶναι.
2881 3177 2910 3204 ››
2961 3153 3150 3210 Καίτοι
3183 3157 3291 3211 ἂνω
3338 3160 3504 3228 εἶπεν,
3546 3154 3668 3236 ὄφε-

2009 3237 2106 3295 λον
2166 3238 2449 3318 ἀνείχεσθέ
2512 3261 2616 3312 μου
2675 3248 2776 3309 τῆς
2833 3241 3165 3317 ἀφροσύνης.
3229 3250 3352 3308 Πῶς
3413 3247 3506 3302 οὗν
3567 3245 3676 3303 ὧδε

2013 3329 2171 3409 φησί,
2205 3352 2232 3380 (ι
2265 3330 2351 3397 Μή
2393 3349 2477 3391 τις
2514 3351 2581 3401 με
2616 3327 2743 3401 δόξῃ
2765 3328 2971 3405 ἄφρονα
2994 3335 3128 3388 εἶναι
3157 3354 3171 3402 ;
3205 3359 3231 3387 ››
3256 3337 3532 3392 Ὃτιαύτὸ
3553 3338 3674 3410 μὶν,

2013 3419 2168 3494 φησὲ,
2199 3418 2263 3472 τὸ
2324 3417 2563 3472 ἐπαινεῖν
2615 3419 2801 3474 ἑαυτὸν
2859 3421 3172 3496 ἀφροσύνης
3221 3423 3386 3494 ἐστὶν,
3437 3424 3544 3500 ἐγὼ
3595 3424 3676 3500 δὲ,

2011 3507 2198 3584 φησὶν.
2233 3505 2342 3581 οὐχ
2373 3508 2448 3568 ὡς
2480 3505 2664 3587 ἄφρων
2695 3508 2979 3585 κέχρημαι
3030 3510 3246 3575 τούτοις
3291 3519 3408 3575 τοῖς
3461 3513 3674 3589 λόγοις,

2010 3594 2137 3650 ἀλλ’
2168 3595 2542 3671 ἀναγκάζομαι
2575 3597 2710 3670 πρὸς
2757 3600 2819 3653 τὸ
2870 3604 2978 3653 τῶν
3018 3598 3481 3674 ψευδαποστόλων
3533 3604 3673 3659 ἀπα-

2007 3689 2195 3760 γαγεῖν
2224 3684 2389 3756 ὑμᾶς.
2422 3684 2513 3739 Διό
2565 3707 2721 3762 φησι,
2782 3710 2811 3741 (ι
2845 3690 2935 3756 Μή
2996 3711 3080 3750 τις
3145 3711 3211 3762 με
3269 3689 3396 3766 δόξῃ
3457 3691 3675 3769 ἄφρονα

2011 3771 2171 3824 εἶναι.
2208 3794 2237 3821 ››
2269 3770 2345 3828 υύ
2377 3772 2480 3845 γὰρ
2514 3771 2674 3838 ἑκὼν,
2718 3770 2845 3827 ἀλλ’
2875 3773 2925 3846 ἐξ
2973 3773 3218 3852 ἀνάγκης
3266 3777 3342 3838 εἰς
3385 3777 3516 3839 τοὺς
3565 3777 3697 3852 ὶμ-’ς

2009 3864 2173 3914 αυτοῦ
2231 3860 2483 3922 ἐπαίνους
2543 3862 2820 3935 ἐμπίπτω.
2865 3897 2932 3907 -
2990 3866 3188 3923 Ἄλλο.
3251 3869 3437 3925 Ἔστιν
3498 3870 3667 3946 ἀφρο-

2010 3949 2171 4020 σύνης
2202 3950 2352 4024 ῥῆμα
2383 3951 2576 4021 εἰπεῖν,
2631 3954 2707 4025 μὴ
2772 3951 2905 4009 ὄντα
2963 3951 3189 4029 ἄφρονα,
3251 3955 3394 4030 μηδέ
3447 3959 3514 4014 τὰ
3570 3963 3668 4014 τοῦ

2008 4036 2241 4115 ἄφρονος
2272 4043 2558 4098 ποιοῦντα.
2623 4042 2845 4119 ’Ἄφρων
2910 4044 3002 4116 μὶν
3063 4046 3167 4120 γάρ
3209 4046 3348 4101 ἐστιν
3403 4048 3431 4102 ὁ
3493 4049 3666 4120 μάτην

2013 4127 2512 4202 μεγαλορημονῶν,
2572 4130 2661 4185 καὶ
2721 4130 2796 4193 εἰς
2851 4135 3004 4188 κενὸν
3063 4132 3550 4209 ἀλαζονευόμενος,
3611 4137 3671 4203 ὅς

2012 4216 2146 4286 μετὰ
2178 4219 2274 4271 τοῦ
2309 4217 2442 4271 εἶναι
2489 4216 2674 4297 ἄφρων
2729 4225 2816 4275 καὶ
2868 4221 3178 4297 ἀφροσύνης
3229 4223 3374 4300 λέγει
3422 4227 3665 4301 ῥήματα,

2007 4303 2099 4359 καὶ
2128 4305 2194 4360 τὰ
2222 4310 2320 4360 τοῦ
2354 4305 2589 4385 ἄφρονος
2643 4315 2808 4365 ποιεῖ.
2857 4311 2916 4367 Ὁ
2967 4309 3025 4366 δε
3073 4309 3250 4386 λέγων
3302 4315 3424 4388 περὶ
3473 4317 3666 4372 ἑαυτοῦ

2007 4391 2098 4446 καὶ
2134 4393 2346 4467 μεγάλα
2378 4397 2466 4449 καὶ
2497 4394 2707 4466 ἀληθῆ,
2735 4399 2824 4453 καὶ
2853 4395 3028 4455 ἕνεκεν
3079 4401 3346 4478 ὠφελείας
3393 4406 3663 4484 ψυχικῆς,

2006 4481 2320 4556 ἀφροσύνης
2353 4484 2449 4557 μὶν
2492 4482 2657 4556 δόξει,
2717 4487 2939 4560 ῥήματα
2993 4486 3194 4564 λέγειν,
3262 4492 3387 4546 ⁴ὅσον
3448 4481 3536 4548 ἐπὶ
3593 4497 3662 4567 τῇ

2006 4571 2424 4644 ὁμοιότητιτῆς
2456 4579 2738 4651 προφορᾶς
2769 4581 2876 4630 τῶν
2913 4577 3123 4652 λόγων,
3174 4578 3236 4634 οὐ
3292 4582 3402 4652 μὴν
3451 4580 3660 4658 ἄφρων,

2003 4658 2150 4714 ἀλλά
2178 4660 2268 4714 καὶ
2319 4659 2439 4716 λίαν
2496 4661 2742 4740 ἔμφρων,
2802 4664 2891 4720 καί
2945 4668 3012 4721 τὰ
3066 4671 3163 4722 τοῦ
3222 4668 3662 4746 ἐμφρονεστάτου

241 4765 466 4835 sipiens
490 4764 710 4828 est,sed
734 4764 993 4834 prudens
1012 4763 1080 4818 ad
1094 4763 1421 4821 modum.et
1467 4767 1598 4834 qum
1631 4765 1888 4836 pruden-

2012 4749 2276 4824 πράττων,
2334 4751 2418 4806 ὃτι
2477 4751 2567 4806 καὶ
2655 4749 2922 4823 διαϐολῆς
2981 4754 3189 4832 ἀλόγου
3259 4762 3658 4839 κατεφρόνησεν

238 4854 456 4908 tissimi
488 4857 626 4908 su'nt
657 4860 955 4924 operatur,
989 4851 1148 4923 quod
1179 4853 1356 4906 etiam
1418 4853 1888 4908 irrationabilem

242 4940 603 4995 calumniam
638 4940 996 5010 despexerit,
1025 4939 1097 4993 ob
1147 4937 1399 4994 aliorum
1454 4941 1772 4996 utili£atem
1823 4957 1891 4996 ac

242 5028 516 5084 salutem.
553 5031 676 5082 Non
735 5034 823 5083 est
879 5028 1059 5100 igitur
1116 5028 1479 5082 contrarium
1526 5029 1702 5100 paulo
1753 5035 1889 5084 ante

240 5117 506 5171 dixisse:
570 5116 804 5172 Utinam
859 5116 1235 5172 sustineretis
1293 5133 1409 5185 me,
1471 5118 1570 5188 qui
1647 5117 1892 5174 verbum

241 5204 541 5277 quoddam
573 5205 933 5275 insipientia:
965 5205 1232 5260 dicturus
1264 5223 1395 5261 sum
1430 5224 1444 5273 ;
1478 5211 1536 5260 et
1591 5221 1752 5262 nunc
1812 5206 1893 5262 di-

235 5311 369 5351 cere
406 5311 418 5348 :
457 5317 482 5343 ‹‹
519 5297 602 5348 Ne
636 5294 767 5364 quis
802 5311 894 5348 me
927 5299 1094 5364 putet
1124 5294 1510 5366 insipientem
1562 5310 1714 5352 esse.
1752 5315 1776 5346 ι
1811 5298 1892 5353 Ne

240 5384 374 5455 quis
406 5384 608 5454 itaque
644 5399 736 5438 me
769 5383 1152 5453 insipientem
1182 5400 1312 5439 esse
1373 5384 1674 5439 existimet
1702 5400 1715 5450 ;
1769 5401 1892 5441 non

241 5473 400 5526 enim
434 5476 677 5542 propter
708 5471 1025 5542 meipsum,
1061 5470 1164 5525 sed
1196 5478 1438 5542 propter
1467 5488 1567 5526 vos
1628 5470 1894 5528 dicturus

240 5579 370 5617 sum
395 5561 764 5632 qumdixero.
792 5560 1248 5630 Alioquilicebit
1287 5567 1352 5614 ut
1373 5561 1751 5632 insipientem
1785 5579 1893 5634 pu-

237 5651 374 5706 tetis
398 5668 492 5706 me
520 5658 576 5706 et
597 5651 923 5722 accipiatis.
951 5653 1149 5721 Neque
1197 5652 1358 5704 enim
1412 5666 1651 5706 aversor
1689 5652 1777 5707 vel
1809 5653 1921 5707 in-:

243 5740 467 5809 sipiens
489 5739 816 5797 existimari
838 5745 1081 5812 propter
1128 5743 1383 5794 vestram
1431 5739 1706 5797 salutem.
1741 5741 1893 5798 088

248 5827 1004 5904 Siquidemﬁuquicturus
1028 5826 1266 5897 sum,ad
1282 5829 1458 5886 vestri
1489 5829 1895 5890 confirmatio-

2001 4847 2090 4902 ἐπὶ
2120 4852 2188 4922 τῇ
2229 4849 2426 4923 ἑτέρων
2486 4853 2736 4924 σωτηρίᾳ
2779 4854 2870 4908 καὶ
2913 4853 3172 4932 ὠφελείᾳ.
3224 4859 3318 4912 Διὸ
3370 4858 3472 4914 οὐκ
3518 4855 3661 4914 ἔστιν

2003 4937 2241 4993 ἐναντίον
2273 4939 2334 4993 τὸ
2367 4939 2536 4994 εἰπεῖν
2565 4943 2672 5016 πρὸ
2722 4942 2946 5019 ὀλίγων,
2982 4939 3182 5022 ὄφελον
3233 4946 3512 5022 ἀνείχεσθὲ
3553 4969 3660 5021 μου

2000 5049 2052 5083 τι
2087 5026 2395 5104 ἀφροσύνης
2428 5030 2583 5102 ῥῆμα
2612 5029 2780 5086 εἷπεῖν
2817 5030 3140 5105 μέλλοντος,
3174 5035 3263 5089 καὶ
3311 5036 3374 5090 τὸ
3421 5041 3511 5090 νῦν
3565 5035 3658 5092 λέ-

2000 5135 2136 5191 γειν·
2178 5141 2198 5165 ι
2236 5118 2328 5187 Μή
2362 5139 2444 5179 τις
2477 5139 2541 5191 με
2593 5117 2722 5194 δόξῃ
2772 5124 2979 5198 ἄφρονα
3024 5123 3186 5179 εἶναι.
3222 5148 3248 5176 ››
3293 5125 3385 5195 Μή
3434 5147 3518 5189 τις
3571 5129 3661 5182 οὖν

2003 5203 2132 5280 δόξῃ
2166 5205 2376 5283 ἄφρονα
2405 5211 2565 5263 εἶναι·
2599 5211 2661 5265 οὐ
2693 5211 2797 5287 γάρ
2828 5209 2898 5266 δι’
2928 5210 3188 5284 ἐμαυτὸν,
3219 5213 3366 5270 ἀλλὰ
3405 5212 3476 5270 δι’
3524 5217 3665 5290 ὓμᾶς

2003 5293 2144 5367 ἐρεῖν
2193 5293 2386 5368 μέλλω
2436 5297 2469 5352 ἅ
2528 5296 2720 5371 μέλλω
2779 5298 2978 5375 λέγειν.
3042 5302 3104 5358 Εἰ
3163 5301 3221 5357 δὲ
3282 5305 3382 5377 μή,
3438 5303 3534 5360 κᾶν
3589 5306 3667 5370 ὡς

2002 5381 2212 5460 ἄφρονα
2267 5385 2546 5459 ἡγήσασθε
2607 5408 2672 5461 με
2719 5389 2810 5444 καὶ
2891 5387 3276 5465 παραδέξασθε.
3348 5393 3462 5452 Οὐκ
3526 5395 3664 5451 ἀπο-

2002 5469 2306 5550 στρέφομαι
2337 5475 2438 5550 γὰρ
2491 5473 2617 5531 οὐδὲ
2673 5478 2734 5532 τὸ
2792 5475 2976 5555 ἂφρων
3037 5485 3363 5552 νομισθῆναι
3423 5480 3512 5538 διὰ
3567 5485 3666 5553 τήν

2006 5563 2268 5637 ὖμετὲράν
2331 5564 2621 5639 σωτηρίαν.
2685 5567 2782 5620 Καὶ
2839 5568 2940 5642 γάρ
2992 5563 3026 5624 ἀ
3094 5568 3286 5643 μέλλω
3365 5569 3524 5648 ἐρεῖν,
3585 5574 3664 5637 εἴς

2004 5654 2284 5727 στήριγμα
2315 5658 2470 5726 υμῶν
2522 5654 2612 5709 καὶ
2670 5655 2936 5737 ὠφέλειαν
3000 5661 3186 5734 ψυχῆς
3243 5666 3476 5717 συτεΛεῖ.
3529 5687 3559 5716 κ
3599 5663 3664 5721 Εἰ

2005 5737 2062 5796 δὲ
2096 5743 2172 5815 μή
2201 5763 2284 5819 γε.
2321 5764 2350 5793 »
2383 5741 2446 5799 Εἰ
2479 5738 2535 5799 δὲ
2577 5745 2653 5818 μὴ
2696 5746 3025 5819 πεισθείητε,
3085 5746 3233 5804 ἀλλὰ
3278 5751 3369 5806 καὶ
3419 5750 3662 5828 ἀνάγκην

2006 5831 2165 5888 οὖσαν
2199 5831 2454 5906 ὁρῶντες,
2517 5835 2593 5910 μή
2654 5834 2932 5914 ἐλεύθερόν
2997 5838 3430 5920 ιιι-ἀφροσύνης
3486 5843 3656 5917 νομί-
