4098 6428
479 547 634 608 1053

1439 539 1837 601 ΕΟΝῙΜΕΝΤ.
1885 538 1970 598 1N
2019 531 2268 594 EPIST.
2315 531 2366 591 II
2415 531 2518 590 AD
2565 528 2929 591 COBINTH.

3733 527 3890 586 {034

476 700 628 749 σητε,
691 677 767 740 ὡς
825 681 954 754 γοῦν
1012 675 1247 755 ἄφρονος
1307 675 1561 750 ἀνέχεσθε
1617 672 1870 747 λὲγοντος
1905 666 2131 742 ἄλὲγω,

2247 682 2383 721 nem
2415 669 2474 719 et
2501 665 2717 720 animaa
2747 663 3066 720 utilitatem
3097 661 3430 718 conferunt.
3477 683 3506 710 «
3568 658 3828 732 Alioqui.
3864 682 3892 709 υ

470 769 565 823 ἳνα
611 767 763 843 κάγὼ
819 766 1084 838 καθάπερ,
1145 764 1330 844 φησὶν,
1389 764 1443 818 οἱ
1501 757 1942 837 ψευδαπόστολοι
2005 777 2140 812 καυ-

477 861 767 934 χήσωμαι.
804 857 1035 912 Ἐκεῖνοι
1070 855 1174 929 γὰρ
1208 853 1284 915 εἷς
1320 851 1580 928 ὑμετέραν
1643 845 1861 927 βλάϐην
1909 847 2138 922 καυχώ-

482 967 658 1022 μενοι,
692 945 769 1008 είς
796 965 1021 1006 τουτους
1070 964 1134 1015 με
1185 943 1488 1017 προάγουσι
1543 942 1668 1003 τοὺς
1733 940 1953 1014 λόγους.
2023 937 2139 993 ι”Ο

477 1027 657 1094 λαλῶ,
691 1027 761 1080 οὐ
794 1024 952 1081 λαλῶ
996 1025 1132 1078 κατὰ
1189 1024 1408 1094 Κύριον.
1448 1046 1477 1074 »
1535 1023 1612 1079 Τὸ
1670 1023 1774 1096 γὰρ
1831 1022 2140 1092 καυχᾶσθαι

479 1116 542 1172 ού
574 1115 711 1170 κατὰ
773 1114 994 1188 Κύριον
1056 1115 1082 1168 ὀ
1121 1115 1222 1189 γὰρ
1266 1113 1461 1188 Κύριος
1513 1110 1726 1167 κελεύει
1791 1111 1866 1183 μὴ
1927 1110 2138 1186 καυχᾶ-

470 1217 614 1269 σθαι.
656 1205 739 1261 T5:
769 1204 991 1279 ῥήματα
1045 1207 1356 1280 τοιγαροῦν,
1409 1201 1471 1257 οὐ
1519 1201 1656 1256 κατὰ
1711 1199 1922 1270 Κύριον.
1973 1199 2033 1254 Ὀ
2084 1193 2140 1250 δὲ

473 1299 584 1349 τῶν
645 1293 907 1368 ῥημάτιον
967 1293 1193 1360 τκοπὸς,
1254 1291 1343 1345 καὶ
1426 1288 1631 1370 σφόδρα
1714 1291 1850 1344 κατὰ
1919 1286 2137 1360 Κύριον,

485 1406 510 1436 α
549 1383 702 1439 Ἀλλ’
734 1384 809 1442 ὡς
843 1382 894 1435 ἐν
924 1380 1213 1462 ἀφροσύνῃ.
1250 1404 1278 1432 ››
1313 1382 1446 1437 Εἶτα
1474 1380 1560 1434 ’ἱνα
1593 1381 1667 1450 μή
1700 1383 1780 1449 τῷ
1834 1377 1926 1431 τὸν
1976 1374 2138 1430 αὑτὸν

482 1471 786 1548 ὁμολογεῖν
809 1469 890 1525 ὅτι
916 1470 980 1524 οὐ
999 1470 1136 1524 κατὰ
1165 1469 1358 1541 Κύριον
1388 1465 1568 1537 λαλεῖ,
1608 1468 1698 1523 καὶ
1729 1467 1813 1522 ὅτι
1867 1465 1917 1520 ἐν
1967 1465 2138 1540 ἀφρο-

481 1560 616 1634 σύνῃ
653 1558 834 1625 λαλεῖ,
866 1559 1136 1633 πρόφασιν
1170 1557 1393 1621 ἐκείνοις
1418 1556 1678 1618 πλείονος
1711 1553 1788 1625 δῷ
1837 1551 2139 1628 λοιδορίας.

478 1654 706 1724 Πρῶτον
769 1648 865 1722 μὲν
914 1649 975 1703 οὐ
1034 1647 1207 1725 λέγει,
1266 1647 1317 1701 ἐν
1375 1645 1667 1724 ἀφροσύνῃ,
1709 1644 1836 1700 ἀλλ’
1895 1643 2028 1704 «ὡς
2089 1640 2141 1696 ἐν

487 1737 792 1818 ἀφροσύνῃ⁸
829 1763 850 1791 ι
895 1733 1100 1806 ἔπειτά,
1152 1756 1335 1814 φησιν·
1385 1762 1403 1785 ιι
1444 1738 1528 1792 Ἐν
1571 1735 1738 1808 ταύτῃ
1784 1736 1852 1806 τῇ
1906 1732 2142 1787 ὑποστά-

484 1849 563 1884 σει
603 1833 703 1896 τῆς
733 1829 1082 1902 καυχήσεως.
1121 1851 1142 1875 ι
1178 1829 1459 1893 Τουτὲστι,
1491 1827 1630 1880 κατὰ
1654 1824 1819 1879 τοῦτο
1857 1821 1921 1877 τὸ
1977 1820 2142 1897 μέρος

480 1924 580 1987 τῆς
605 1918 954 1992 καυχήσεως,
988 1915 1050 1972 οὑ
1082 1914 1242 1971 λαλω
1271 1917 1408 1970 κατὰ
1439 1915 1661 1986 Κύριον.
1713 1917 1876 1968 Ποῖον
1932 1913 2095 1985 μέρος
2125 1929 2139 1979 ;

478 2009 604 2065 Ὀτι
638 2004 831 2079 μέλλει
877 2007 1240 2104 κα·5χᾶσθαι,⁶
1269 2000 1524 2078 Ἐϐραῖος
1582 2003 1719 2076 εἰμὶ,
1781 2000 1869 2056 καί
1917 2003 2138 2076 Ἰσραη-
2168 2039 2214 2104 Β

483 2095 667 2165 λίτης,
718 2095 808 2151 καὶ
869 2095 1085 2169 σπέρμα
1143 2089 1414 2168 Ἀϐραάμ.
1475 2095 1552 2150 Τὰ
1612 2091 1670 2148 δὲ
1725 2096 1967 2160 τοιαῦτα,
2035 2089 2138 2145 οὐκ

483 2186 679 2248 ἀνῆκεν
711 2187 786 2248 εἰς
829 2184 1099 2264 καύχημα
1147 2187 1406 2256 Χριστοῦ·
1459 2182 1578 2246 ὅθεν
1629 2183 1720 2236 καὶ
1778 2183 1914 2236 κατὰ
1967 2181 2140 2252 σάρκα

478 2280 648 2330 ταῦτα
677 2275 858 2330 καλεῖ·
909 2276 972 2330 ἹΙ
1028 2274 1133 2348 γὰρ
1194 2273 1270 2334 εἷς
1337 2272 1567 2347 Χριστὸν
1608 2271 1904 2345 καύχησις,
1963 2268 2140 2344 πραό-

476 2385 580 2434 της
612 2364 777 2432 ἐστὶν,
811 2363 1115 2439 ἐγκρατεια,
1150 2363 1420 2438 ἁγιασμός
1473 2363 1594 2418 Ὃτι
1628 2362 1733 2436 γὰρ
1765 2362 1827 2415 τὸ
1884 2354 2139 2430 Ἐϐραῖος

482 2455 742 2509 εἶναικαὶ
775 2452 1124 2528 Ἰσραηλίτης
1185 2451 1246 2506 οὐ
1305 2452 1442 2506 κατὰ
1503 2451 1696 2525 Κύριόν
1751 2449 1919 2516 ἐστιν,
1979 2448 2141 2503 ἃκουε

483 2543 649 2599 aii-:05
682 2543 959 2619 λέγοντος·
999 2567 1024 2593 α
1057 2542 1172 2598 Οὐκ
1201 2535 1279 2595 ἕνι
1323 2537 1616 2606 Ἰουδαῖος,
1664 2537 1792 2594 οὐδὲ
1838 2537 2071 2609 Ἕλλην.
2106 2559 2136 2589 »

481 2634 606 2689 Καὶ·
658 2657 686 2684 ‹‹
747 2634 832 2688 Ἐν
889 2634 1107 2705 Χριστῷ
1173 2633 1353 2700 Ἰησοῦ
1429 2632 1624 2693 πάντες
1676 2629 1732 2684 ἓν
1791 2630 1928 2687 ἕστε.
1987 2652 2014 2680 »
2070 2660 2142 2673 .-

481 2747 509 2775 ‹‹
545 2721 758 2778 Πολλοὶ
803 2727 1122 2795 καυχῶντας
1174 2721 1310 2775 κατὰ
1359 2720 1548 2794 σάρκα.
1582 2743 1609 2770 »
1663 2720 1800 2774 Ἀπὸ
1847 2723 1954 2773 τῶν
2005 2712 2143 2792 ἔξω·

485 2811 786 2892 θένφησιν,
834 2812 952 2866 οἷον
1010 2811 1115 2865 ἀπὸ
1176 2811 1466 2883 εὐγενείας,
1522 2809 1629 2864 ἀπὸ
1683 2813 1783 2863 τοῦ
1835 2809 2138 2880 περιτομήν

480 2899 658 2975 ἔχειν,
700 2899 790 2954 καὶ
823 2895 1079 2974 Ἐϐραῖος
1111 2900 1266 2956 εἶναι.
1334 2923 1354 2949 α
1387 2895 1591 2960 Ἡδέως
1643 2899 1750 2973 γὰρ
1801 2895 2075 2972 ἀνέχεσθε.
2113 2920 2141 2948 ι)

487 2993 511 3012 η
715 2989 730 3009 ο
818 2995 839 3004 ~
960 2987 982 3006 ν
1540 2986 1552 3005 ν
1603 2991 1626 3002 ς
1760 2984 1805 3002 κο
2076 2990 2098 3001 ει

514 2998 650 3045 Ωστε
709 3009 866 3061 υμεις
919 3009 1084 3043 ατιοι
1129 2987 1451 3066 ἀνεχόμενοι
1495 3008 1670 3041 αυτων
1713 2989 1911 3055 ἡοεως.
1966 3009 1995 3037 (ι
2024 2992 2141 3040 Των

490 3079 743 3157 ἀφρόνων
775 3079 1036 3155 φρόνιμοι
1068 3072 1239 3138 ὄντες.
1279 3102 1297 3126 ι
1339 3075 1402 3132 Εἴ
1428 3076 1530 3151 γὰρ
1560 3077 1622 3130 τὸ
1665 3074 1754 3130 ἐπὶ
1806 3081 1922 3137 τοῖς
1972 3071 2142 3138 ὅντως

491 3167 688 3231 καλοῖς
733 3169 1039 3242 καυχᾶσθαι
1085 3165 1318 3244 ἄφρονός
1379 3165 1512 3233 ἐστι,
1571 3163 1769 3234 πολλῷ
1829 3162 2043 3237 μᾶλλον
2081 3164 2142 3220 τὸ

502 3256 588 3312 ἐπὶ
616 3263 730 3317 τοῖς
765 3259 840 3330 μή
893 3258 1035 3311 οὖσι.
1089 3258 1227 3316 Τοὺς
1268 3252 1752 3328 ψευδαποστόλους
1803 3252 1861 3308 δὲ
1908 3254 2142 3309 αἰνίττεο

486 3367 592 3403 ται.
629 3347 726 3402 Καὶ
783 3347 845 3401 τὸ
902 3345 1062 3421 βαρὺ,
1123 3345 1311 3422 φησὶν,
1361 3344 1444 3399 ὅτι
1503 3345 1591 3398 καὶ
1649 3343 1912 3422 φρόνιμοι
1969 3339 2136 3410 ὄντες,

489 3435 744 3511 ἀνέχεσθε
787 3436 987 3490 αὐτῶν.
1053 3460 1073 3485 ι
1113 3434 1175 3491 Εἰ
1237 3436 1331 3506 μὲν
1377 3434 1478 3509 γὰρ
1525 3433 1624 3502 ἦτε
1673 3432 1920 3502 ἀνόητοι,
1957 3456 1984 3483 ››
2040 3430 2137 3488 κᾶν

486 3526 822 3599 συγγνώμην
858 3523 1056 3598 εἶ’χετε·
1099 3527 1190 3578 νῦν
1235 3521 1312 3588 δὲ,
1360 3520 1414 3578 ἐν
1463 3519 1668 3592 εἷδῆσει
1717 3522 1954 3578 πταίετε.
2007 3546 2034 3573 ‹‹
2081 3519 2149 3577 Εἴ

481 3634 567 3676 τις
622 3614 762 3686 ὑμᾶς
816 3611 1168 3671 καταδουλοῖ.
1207 3638 1232 3663 »
1290 3618 1424 3687 Ὀρα
1477 3611 1650 3679 πόσην
1710 3609 2138 3687 δουλοπρέπεταν

479 3704 896 3777 καταγινώσκει,
936 3702 1027 3756 καὶ
1094 3702 1168 3763 ὡς
1239 3704 1354 3774 μεθ’
1415 3696 1728 3774 ὑπερϐολῆς
1784 3700 2138 3756 ὑπεκέκλιντο

481 3797 600 3853 τοῖς
625 3789 1117 3864 ψευδαποστόλοις.
1153 3816 1181 3842 «
1226 3789 1290 3846 b’i
1321 3811 1404 3851 τις
1435 3791 1728 3858 κατεσθίει,
1770 3788 1823 3843 εἷ’
1857 3809 1941 3851 τις
1995 3789 2138 3861 λαμ-

489 3877 660 3939 ϐάνει.
687 3905 714 3932 υ
745 3883 907 3954 Ὁρᾷς
937 3881 1048 3946 ,ὅτι
1100 3882 1191 3935 καὶ
1238 3881 1301 3936 τὸ
1345 3879 1648 3954 ἔμπροσθεν
1700 3879 2012 3954 εἰρημένον,
2055 3879 2138 3946 τὸ,

485 3975 605 4030 Ἵνα
635 3972 689 4027 ἐν
723 3972 768 4045 ᾦ
801 3977 1111 4047 καυχῶνται
1146 3972 1433 4043 εὑρεθῶσιν
1469 3971 1545 4025 ὡς
1602 3969 1776 4047 κάγὼ,
1826 3971 1963 4025 κατᾶ
2014 3991 2139 4044 συγ-

487 4064 741 4142 χώρησιν
777 4060 1012 4137 εἴρηται,
1043 4061 1131 4115 καί
1163 4059 1302 4117 ὥστε
1336 4062 1412 4134 μὴ
1455 4059 1513 4115 ἐκ
1560 4059 1868 4134 προοιμίων
1923 4057 2140 4138 ἐλεγξαι

495 4151 712 4211 αὐτούς.
749 4155 852 4206 Νῦν
913 4151 1017 4223 γὰρ
1085 4147 1353 4205 δείκνυσιν
1417 4149 1614 4208 αὐτοὺς
1686 4149 2141 4221 ὑποκρινομένους

495 4241 589 4314 μὲν
622 4240 685 4294 τὸ
720 4240 796 4312 μή
829 4234 1152 4311 λαμϐάνειν,
1185 4234 1570 4312 λαμϐάνοντας
1599 4236 1675 4295 δὲ.
1707 4263 1735 4290 ‹‹
1769 4237 1839 4296 Ε’ί
1876 4260 1960 4300 τις
2012 4239 2139 4316 γὰρ,

481 4330 638 4409 φησὶ,
664 4324 956 4401 λαμϐάνει·
989 4352 1018 4381 ››
1050 4330 1162 4398 καὶ,
1196 4330 1258 4385 τὸ
1291 4333 1498 4401 μεῖζον,
1533 4348 1558 4374 (ι
1591 4327 1660 4383 Εἴ
1680 4349 1764 4391 τις
1790 4329 2081 4393 κατεσθίει.
2111 4351 2140 4381 »

483 4423 659 4477 Τοῦτο
688 4420 791 4494 γὰρ
822 4417 1010 4490 δηλοῖ,
1043 4419 1133 4472 καὶ
1165 4416 1582 4491 ἑκπιεζομένους
1630 4418 1826 4480 αὐτοὺς
1878 4419 1984 4472 ὑπὸ
2033 4422 2143 4472 τῶν

485 4505 970 4582 ψευδαποστόλων.
1002 4529 1032 4556 ‹‹
1069 4506 1133 4562 Ei
1157 4526 1242 4566 τις
1270 4505 1568 4579 ἐπαίρεται.
1603 4527 1632 4556 ››
1671 4503 1748 4562 Οὔ
1804 4505 2139 4580 σύμμετρος,

482 4598 672 4674 φησὶν,
705 4597 858 4669 ὑμῶν
903 4598 939 4664 ἡ
1001 4593 1246 4658 δουλεία,
1309 4589 1433 4648 οὔτε
1488 4593 1689 4668 ἣμεροι
1747 4593 1800 4646 οἱ
1860 4590 2137 4663 δεσπόται,

479 4681 629 4741 ἀλλὰ
683 4683 934 4760 φορτικοί
987 4703 1130 4744 τινες
1211 4681 1302 4736 καὶ
1387 4682 1894 4752 κατεξανιστάμενοι
1961 4681 2137 4754 ὑμῶν.

2247 754 2306 811 Si
2337 771 2474 809 vero
2509 753 2850 826 persuaderi
2875 769 2994 806 non
3016 753 3281 823 potestis,
3311 750 3414 806 sed
3472 750 3740 805 videntes
3796 765 3891 805 me

2246 845 2424 899 etiam
2457 844 2802 916 impellente
2833 843 3186 897 necessitate
3215 842 3342 896 haec
3373 841 3589 901 dicere.
3624 839 3695 894 ab
3746 839 3889 894 insi-

2244 933 2472 1005 pientia
2503 939 2700 988 tamen
2733 931 2987 986 liberum
3021 947 3149 986 esse
3183 947 3303 985 non
3336 929 3643 992 duxeritis.
3678 928 3888 983 saltem

2245 1029 2527 1094 tanquam
2561 1023 2941 1094 insipientem
2977 1021 3264 1075 sustinete
3295 1037 3387 1074 me
3420 1019 3718 1074 dicentem
3758 1035 3891 1088 quae

2244 1113 2482 1177 dico,ut
2504 1128 2608 1184 ego
2650 1111 2828 1165 veluti
2879 1109 3323 1182 pseudapostoli
3375 1108 3614 1180 glorier.
3675 1107 3760 1161 llli
3816 1107 3891 1161 si-

2245 1201 2484 1273 quidem
2518 1202 2580 1256 in
2613 1208 2870 1256 vestrum
2904 1201 3189 1256 damnum
3224 1199 3546 1272 gloriantes
3569 1197 3642 1252 ad
3666 1199 3773 1253 hos
3799 1213 3892 1251 me

2245 1290 2550 1347 deducunt
2571 1307 2892 1346 sermones.
2925 1315 2948 1339 α
2977 1290 3141 1355 Quod
3166 1289 3315 1344 dico.
3344 1305 3464 1344 non
3503 1287 3634 1343 dico
3679 1303 3890 1342 secun-

2245 1380 2384 1436 dum
2410 1380 2750 1436 Dominum.
2782 1402 2802 1427 ιο
2829 1381 2970 1434 Nam
2997 1379 3237 1451 gloriari
3260 1394 3379 1433 non
3431 1384 3521 1432 est
3565 1377 3892 1432 secundum

2249 1471 2559 1524 Dominum
2587 1485 2600 1533 ;
2627 1469 2912 1523 Dominus
2928 1467 3275 1539 enimjubet
3321 1483 3440 1521 non
3489 1466 3751 1538 gloriari.
3785 1467 3894 1520 Ita-

2246 1576 2360 1630 que
2391 1559 2567 1614 verba
2597 1558 2837 1628 quidem
2871 1574 2989 1612 non
3021 1563 3159 1612 sunt
3189 1555 3517 1612 secundum
3578 1555 3893 1611 Dominum

2247 1654 2304 1705 et
2333 1665 2546 1720 scopus
2576 1647 2894 1702 verborum
2925 1647 3167 1702 omnino
3200 1645 3525 1702 secundum
3573 1646 3890 1700 Dominum

2247 1744 2352 1793 est.
2384 1759 2405 1788 α
2431 1737 2540 1792 Sed
2566 1737 2724 1792 velut
2747 1753 2851 1807 per
2871 1737 3298 1807 insipientiam.
3327 1759 3343 1782 ο
3373 1733 3595 1790 Deinde
3655 1750 3730 1788 ne
3787 1750 3896 1805 per

2247 1826 2360 1882 hoc
2390 1826 2548 1897 quod
2573 1826 2794 1881 fatetur
2823 1842 2884 1881 se
2914 1841 3036 1880 non
3068 1824 3399 1880 secundum
3451 1823 3769 1880 Dominum
3811 1823 3895 1878 lo-

2248 1916 2434 1987 quiet
2459 1915 2616 1986 quod
2639 1915 2815 1970 veluti
2840 1931 2946 1986 per
2989 1915 3395 1986 insipientiam
3441 1913 3740 1985 loquatur,
3793 1927 3892 1968 oc-

2248 2005 2547 2061 casionem
2579 2004 2699 2060 illis
2729 2004 2952 2059 tribuat
2999 2004 3244 2076 majoris
3293 2003 3540 2059 convicii
3574 2021 3586 2070 ;
3632 2003 3892 2074 primum

2245 2095 2487 2166 quidem
2511 2111 2630 2150 non
2648 2095 2811 2163 dicit,
2846 2096 2958 2149 Per
3001 2093 3428 2166 insipientiam,
3483 2092 3606 2156 sed,
3668 2114 3696 2142 «
3727 2091 3894 2148 Velut

2242 2201 2351 2257 per
2372 2184 2802 2256 insipientiam.
2833 2205 2859 2232 ι)
2885 2183 3108 2239 Deinde
3133 2183 3247 2237 ait:
3276 2205 3299 2232 c
3324 2184 3386 2236 In
3411 2183 3521 2236 hoc
3572 2198 3890 2253 argumen-

2246 2280 2304 2330 to
2324 2275 2717 2347 gloriationis,
2741 2297 2768 2323 ιι
2796 2275 2907 2330 hoc
2929 2280 3038 2334 est.
3069 2276 3131 2328 In
3160 2275 3269 2329 hac
3312 2279 3477 2345 parte
3525 2273 3898 2345 gloriationis

2242 2381 2362 2421 non
2389 2365 2600 2435 loquor
2621 2365 2947 2420 secundum
2975 2363 3312 2419 Dominum.
3343 2363 3623 2428 Qumnam
3652 2380 3788 2434 pars
3811 2368 3903 2417 est

2244 2455 2563 2526 illa?qnod
2591 2453 2951 2526 gloriaturus
2976 2459 3083 2508 est.
3112 2451 3363 2508 dicendo
3393 2469 3405 2506 :
3434 2453 3712 2507 Hebraeus
3764 2468 3895 2506 sum

2245 2544 2642 2611 etlsraelites,
2696 2550 2754 2598 et
2799 2561 3005 2598 semen
3046 2543 3291 2597 Abrahm
3360 2541 3519 2597 Talia
3548 2548 3744 2596 autem
3775 2557 3896 2595 non

2245 2632 2537 2688 retulitad
2561 2630 2977 2694 gloriationem
3001 2632 3238 2686 Christi.
3265 2630 3429 2685 Unde
3475 2630 3651 2685 etiam
3686 2645 3895 2684 secun-

2248 2722 2388 2778 dum
2417 2739 2656 2778 carnem
2690 2723 2817 2778 hinc
2848 2739 2910 2777 se
2968 2721 3126 2793 loqui
3181 2721 3342 2776 dicit.
3405 2720 3685 2776 Gloriatio
3737 2721 3894 2776 enim

2247 2812 2578 2868 secundum
2601 2813 2899 2867 Christum
2921 2817 3012 2867 est
3036 2809 3450 2872 mansuetudo,
3506 2809 3908 2872 continentia,

2248 2902 2646 2958 sanctimonia
2672 2901 2837 2966 Quod
2852 2902 3010 2955 enim
3026 2899 3332 2954 Hebrazum
3349 2915 3478 2954 esse
3494 2906 3550 2953 et
3567 2899 3894 2953 Israelitem

2249 3007 2368 3046 non
2383 2990 2798 3046 sitsecundum
2813 2991 3152 3057 Dominum,
3179 2989 3316 3044 audi
3348 3004 3484 3043 eum
3524 2987 3893 3058 loquentem.

2250 3101 2279 3131 ‹‹
2297 3081 2423 3135 Non
2445 3079 2780 3134 estJudmus
2797 3094 2990 3149 neque
3010 3079 3244 3133 Graecus
3257 3076 3321 3129 ⁸⁸.
3359 3100 3385 3125 ››
3405 3078 3494 3143 Ει,
3529 3099 3556 3125 ‹‹
3579 3079 3634 3131 ln
3665 3077 3897 3130 Christo

2247 3171 2384 3225 Jesu
2405 3185 2616 3224 omnes
2638 3184 2736 3222 vos
2752 3184 2936 3223 unum
2963 3167 3182 3221 estis”.
3207 3188 3234 3214 »
3263 3197 3327 3206 —
3351 3166 3514 3220 Multi
3567 3165 3898 3238 gloriantur

2251 3259 2580 3314 secundum
2614 3274 2874 3312 carnem.
2909 3279 2934 3305 n
2967 3256 3051 3311 Ab
3084 3256 3366 3320 externis,
3402 3255 3617 3326 inquit.
3651 3255 3762 3309 hoc
3784 3259 3895 3322 est,

2252 3365 2287 3404 a
2317 3347 2732 3421 generositate,
2767 3347 2923 3418 quod
2955 3346 3472 3401 circumcisionem
3530 3343 3793 3399 habeant
3840 3348 3901 3399 et

2252 3437 2484 3493 llebrmi
2517 3443 2672 3493 sunt.
2705 3458 2735 3487 «
2770 3436 3044 3492 Libenter
3069 3435 3228 3491 enim
3263 3435 3541 3490 suilertis.
3605 3455 3632 3480 υ
3692 3435 3896 3504 Itaque

2251 3545 2352 3583 vos
2367 3529 2424 3583 in
2440 3544 2620 3583 causa
2633 3527 2776 3582 estis
2798 3526 2899 3597 qui
2916 3526 3170 3581 libenter
3182 3525 3459 3580 suﬂ‘ertis.
3478 3547 3502 3572 α
3521 3523 3896 3594 Insipientes,

2252 3634 2387 3674 cum
2415 3618 2546 3673 sitis
2579 3617 2897 3688 sapientes.
2935 3639 2956 3666 ι
2996 3617 3138 3670 Nam
3171 3615 3218 3668 si
3253 3614 3325 3668 de
3356 3614 3449 3668 his
3471 3630 3602 3684 quas
3627 3629 3760 3667 vere
3792 3613 3896 3666 ho-

2250 3713 2422 3764 nesta
2445 3705 2836 3775 suntgloriari
2861 3705 3202 3776 insipientis
3244 3703 3549 3770 est,multo
3589 3703 3776 3774 magis
3834 3703 3895 3756 in

2250 3797 2343 3852 his
2367 3813 2498 3867 qua:
2520 3812 2640 3851 non
2661 3801 2831 3852 sunt:
2854 3792 3346 3868 pseudapostolos
3365 3798 3563 3847 autem
3609 3791 3895 3856 designat.

2247 3886 2318 3943 Et
2345 3901 2516 3958 grave
2547 3889 2639 3939 est
2675 3883 2834 3955 quod
2863 3883 2947 3938 ait
2980 3900 2992 3938 :
3025 3884 3170 3939 Cum
3202 3882 3332 3936 sitis
3389 3881 3710 3952 sapientes,
3769 3897 3901 3935 sus-

2250 3976 2454 4031 tinetis
2485 3975 2661 4046 ipsos.
2698 3996 2726 4023 »
2758 3974 2900 4028 Nam
2934 3973 2982 4028 si
3016 3972 3366 4044 insipientes
3396 3975 3498 4025 aut
3535 3969 3680 4027 fatui
3739 3985 3900 4025 esse-

2252 4067 2347 4128 tis,
2383 4065 2614 4121 veniam
2649 4079 2790 4119 sane
2823 4062 3158 4118 haberetis:
3191 4079 3351 4118 nunc
3395 4067 3594 4117 autem
3645 4062 3900 4116 scientes

2252 4162 2311 4213 et
2333 4155 2654 4228 prudentes
2679 4153 2969 4208 labimini.
2993 4177 3018 4202 ‹‹
3053 4152 3110 4207 Si
3143 4153 3274 4224 quis
3306 4169 3404 4207 vos
3435 4152 3497 4206 in
3555 4152 3898 4206 servitutem

2252 4244 2455 4317 adigit.
2492 4265 2515 4291 ι
2549 4242 2693 4298 Vide
2738 4247 3022 4312 quantam
3083 4239 3464 4296 servilitatem
3514 4239 3896 4310 improperet,

2249 4341 2316 4390 ut
2347 4335 2527 4389 etiam
2558 4331 3032 4404 pseudapostolis
3062 4331 3279 4386 mirum
3311 4331 3373 4384 in
3425 4329 3669 4386 modum
3719 4329 3901 4399 subji-

2251 4425 2505 4480 ciantur.
2547 4444 2571 4474 ι
2604 4422 2658 4476 Si
2692 4422 2826 4492 quis
2858 4421 3074 4485 exedit,
3109 4419 3156 4475 si
3188 4420 3322 4491 quis
3352 4419 3585 4490 accipit.
3639 4439 3668 4469 ι)
3717 4416 3896 4473 Vides

2250 4512 2409 4584 quod
2433 4512 2612 4567 etiam
2635 4511 2695 4566 id
2715 4511 2872 4582 quod
2897 4511 3058 4581 prius
3081 4509 3308 4565 dictum
3359 4515 3468 4574 est,
3513 4513 3581 4563 ut
3627 4509 3688 4562 in
3733 4522 3801 4562 eo
3833 4506 3896 4561 in

2249 4617 2367 4672 quo
2389 4601 2741 4672 gloriantur,
2777 4599 3153 4670 reperiantur
3191 4599 3344 4653 sicut
3364 4604 3419 4653 et
3455 4614 3585 4661 nos,
3618 4613 3725 4668 per
3754 4613 3898 4651 con—

2249 4690 2582 4744 cessionem
2607 4688 2832 4742 dictum
2854 4688 3016 4754 sit,et
3037 4704 3111 4742 ne
3135 4687 3208 4742 ab
3240 4687 3480 4741 exordio
3527 4687 3725 4740 statim
3762 4685 3896 4740 illos

483 4795 512 4824 «
551 4770 720 4833 Εἵνις
756 4772 897 4845 ὑμᾶς
928 4769 1004 4832 είς
1060 4770 1354 4846 πρόσωπον
1403 4769 1567 4845 δέρει.
1605 4794 1631 4821 ι»
1683 4770 1840 4832 Εἶδες
1897 4771 2138 4826 ἐπίτασιν

2252 4783 2529 4850 argueret
2553 4795 2566 4832 :
2595 4780 2750 4834 689
2773 4793 2937 4832 nunc
2986 4777 3146 4832 enim
3197 4777 3457 4831 ostendit
3485 4775 3642 4847 quod
3671 4776 3758 4829 illi
3790 4777 3900 4830 ﬁn-

483 4861 739 4923 ἆποννίας
791 4861 968 4916 αὐτῶν
1009 4861 1100 4914 καὶ
1149 4859 1485 4935 τυραννίδος,
1534 4860 1626 4915 καὶ
1674 4860 1756 4915 ὅτι
1809 4862 1882 4922 ὡς
1939 4859 2140 4936 ἀνδρα-

483 4947 678 5012 πόδοις
714 4949 896 5011 αὐτοῖς
954 4948 1303 5024 ἐκέχρηντος
1366 4975 1394 5001 ‹‹
1431 4951 1576 5004 Κατὰ
1633 4951 1854 5024 ἀτιμίαν
1909 4949 2073 5028 λέγω.
2107 4975 2135 5003 ››

486 5039 613 5115 Οὐχ
642 5039 724 5095 ὅτι
755 5040 1034 5106 τύπτεσθε,
1068 5040 1253 5112 φησὶν,
1287 5036 1416 5094 ἀλλ’
1448 5041 1534 5094 ὅτι
1560 5045 1671 5094 τῶν
1719 5040 1796 5101 εἰς
1845 5042 2138 5115 πρόσωπον

479 5127 836 5201 τυπτομένων
891 5127 991 5182 οὐκ
1061 5121 1286 5183 ἔλαττον
1371 5127 1638 5207 πάσχετε,
1694 5130 1768 5190 ὡς
1829 5128 1877 5185 εἲ
1933 5127 2136 5206 ἔλεγεν.

478 5218 624 5292 Πρὸς
655 5213 810 5293 ὕϐριν
847 5218 975 5288 ὑμῖν
1035 5215 1179 5292 λέγω
1234 5220 1419 5273 τοῦτο.
1475 5217 1542 5272 Τί
1599 5223 1888 5293 τοιγαροῦν
1941 5220 2138 5275 τούτου

480 5305 677 5384 γένοιτ’
711 5307 770 5361 ἄν
805 5306 1188 5380 αἰσχρότερον,
1220 5305 1349 5360 ’ὁταν
1386 5306 1478 5360 καὶ
1524 5306 1593 5360 τὰ
1643 5310 1910 5381 χρήματα
1958 5309 2133 5381 ὑμῶν,

479 5396 570 5452 καὶ
601 5398 702 5465 τὴν
734 5393 1065 5470 ἐλευθερίαν,
1098 5394 1185 5449 καὶ
1217 5395 1316 5462 τήν
1365 5397 1534 5468 τιμὴν
1581 5396 1937 5474 ἀφελόμενοι,
1995 5397 2137 5473 μηδὶ

480 5484 656 5547 οὕτως
689 5483 819 5539 ὦσιν
871 5483 1117 5557 ἢμεροι;
1184 5481 1389 5540 «Ἀλλ’
1449 5480 1906 5559 ὑϐριστικώτερον
1964 5487 2136 5564 ἀργυ-

477 5577 734 5652 ρωνήτων
795 5575 923 5646 ὑμῖν
973 5573 1407 5648 κεχρημένοις»
1461 5575 1555 5630 Διό
1609 5595 1764 5649 φησι,
1823 5577 1970 5632 Κατᾶ
2017 5577 2131 5631 ἀτι-

481 5663 606 5738 μίαν
640 5664 810 5738 λέγω.
851 5689 870 5714 ι
905 5663 992 5723 Ὠς
1023 5662 1106 5718 ὅτι
1138 5664 1304 5734 ἡμεῖς
1334 5663 1728 5738 ήσθενήσαμεν.
1752 5688 1781 5716 ι)
1808 5666 2040 5741 ’Δσαφὶς
2069 5668 2133 5721 τὸ

550 5838 594 5874 ⁸⁸
623 5836 811 5894 Galat.
849 5852 929 5906 ιιι,
962 5837 1055 5891 28.
1087 5832 1136 5870 ⁸ο
1165 5833 1315 5889 Ibid.

2249 4873 2456 4940 gerent
2482 4867 2724 4939 quidem
2757 4884 2817 4922 se
2849 4883 2968 4921 non
2999 4865 3397 4937 accipere,sed
3435 4871 3633 4920 tamen
3664 4865 3895 4936 accipe-

2249 4963 2402 5014 rent.
2427 4958 2698 5013 Aitenim
2725 4976 2736 5013 :
2769 4977 2789 5005 ι
2817 4957 2873 5010 Si
2897 4957 3030 5028 quis
3076 4956 3312 5027 accipit,
3349 4978 3369 5002 ι
3394 4954 3669 5026 quodque
3702 4955 3897 5026 majus

2253 5052 2360 5112 est,
2396 5067 2425 5096 ‹‹
2458 5048 2516 5102 Si
2550 5047 2684 5118 quis
2716 5047 2944 5103 exedit:
2976 5068 3004 5097 »
3057 5046 3116 5100 id
3174 5045 3332 5100 enim
3391 5044 3690 5116 signiﬁcat
3735 5045 3898 5116 ipsos

2251 5136 2565 5208 depressos
2596 5153 2630 5191 a
2660 5136 3159 5208 pseudapostolis.
3194 5157 3220 5183 α
3255 5135 3312 5189 Si
3345 5135 3480 5205 quis
3536 5134 3766 5190 extollit
3814 5150 3902 5189 se-

2248 5242 2332 5282 se.
2371 5245 2394 5276 ι
2431 5228 2555 5281 Νοιι
2588 5231 2696 5291 est,
2729 5226 2946 5296 inquit,
3015 5225 3322 5280 moderata
3375 5230 3572 5280 vestra
3625 5225 3897 5294 servitus,

2249 5331 2445 5386 neque
2465 5316 2764 5371 mansueti
2787 5313 3148 5375 domini,sed
3169 5330 3374 5386 graves
3402 5320 3460 5369 et
3479 5314 3539 5369 in
3560 5332 3662 5370 vos
3700 5316 3896 5370 insur-

2245 5410 2470 5478 gentes.
2507 5429 2534 5454 ‹‹
2571 5406 2625 5460 Si
2658 5405 2791 5476 quis
2822 5404 2884 5459 in
2913 5403 3127 5458 faciem
3157 5420 3257 5458 vos
3288 5404 3477 5459 caedit.
3518 5426 3546 5452 »
3581 5404 3752 5458 Vides
3804 5405 3896 5458 in-

2244 5491 2582 5549 tensionem
2609 5508 2811 5547 eorum
2837 5490 3188 5561 arrogantius
3213 5496 3271 5546 et
3287 5490 3717 5560 tyrannidis,et
3738 5489 3894 5559 quod

2243 5586 2556 5638 uterentur
2587 5581 2671 5636 eis
2702 5581 2879 5636 veluti
2911 5580 3230 5650 mancipiis
3252 5579 3279 5632 ?
3313 5601 3340 5628 α
3370 5581 3540 5634 Juxta
3595 5584 3896 5634 contume-

2241 5668 2386 5725 liam
2409 5670 2564 5726 dico.
2601 5691 2628 5720 η
2659 5671 2784 5725 Non
2826 5669 2984 5742 quod
3042 5668 3458 5728 verberemini.
3514 5667 3731 5738 inquit,
3792 5667 3894 5722 sed
