4098 6442
213 407 364 468 105ὄ

1333 410 1760 475 (ECUMENII
1807 411 2113 476 TIthC/E
2157 409 2532 473 EPISCOPI.

3477 415 3634 477 1056

211 540 374 611 quod
403 557 524 596 non
555 540 753 596 minus
784 541 1096 613 patiamini
1129 543 1202 600 iis
1235 544 1337 616 qui
1368 543 1430 600 in
1488 543 1701 601 faciem
1742 561 1856 600 caa-

1983 543 2280 617 εἶρημένον.
2317 539 2543 612 Ἐπειδὴ
2575 540 2674 620 γὰρ
2740 544 3000 622 φορτικὸν
3043 542 3135 614 ἦν,
3185 542 3272 602 διὰ
3320 547 3481 600 τοῦτο
3541 545 3635 601 οὔ·

212 629 541 685 duntur.Ac
564 631 612 684 si
655 630 919 686 diceret:
968 633 1052 688 Ad
1097 634 1527 690 contumeliam
1560 634 1724 690 vobis
1754 635 1866 690 hoc

211 718 361 774 dico.
392 719 539 784 Quid
571 720 749 791 igitur
781 720 1158 777 indecentius
1189 723 1299 778 hac
1331 740 1393 778 re
1454 723 1582 778 ﬁeri
1641 729 1862 795 posset,

210 809 446 879 quando
473 811 830 881 etpecunias
851 818 1075 868 vestras
1095 818 1151 868 et
1203 813 1540 869 libertatem
1593 819 1648 870 et
1677 814 1865 869 hono-

209 914 335 952 rem
369 898 724 967 auferentes,
787 917 862 956 ne
920 901 1002 956 ita
1054 901 1295 973 quidem
1350 904 1704 958 leniuntur?
1760 903 1866 959 sed

213 986 566 1057 injuriosius
633 989 802 1044 vobis
874 996 1146 1056 utuntur,
1233 1009 1410 1062 quam
1494 993 1540 1048 si
1619 998 1863 1066 argento

214 1077 517 1132 emissent.
553 1077 690 1132 Ideo
723 1079 806 1133 ait
839 1097 850 1132 :
892 1101 911 1129 α
945 1081 1117 1136 Juxta
1146 1081 1562 1136 contumeliam
1625 1083 1776 1138 dico.
1836 1105 1857 1133 ι

213 1195 277 1206 --
312 1188 340 1216 ‹‹
374 1167 625 1223 Perinde
687 1170 853 1240 quasi
913 1187 1022 1225 nos
1082 1171 1413 1227 imbecilles
1469 1172 1779 1228 fuerimus.
1835 1193 1864 1223 ››

215 1255 545 1312 Obscurum
581 1262 670 1312 est
701 1258 856 1329 quod
885 1259 1120 1316 dicitur.
1157 1261 1447 1326 Quoniam
1483 1262 1642 1316 enim
1691 1279 1863 1335 grave

215 1350 361 1414 erat,
397 1345 528 1402 ideo
562 1346 708 1402 illud
740 1349 823 1404 ita
853 1350 1072 1420 posuit,
1131 1356 1197 1405 ut
1250 1352 1613 1408 obscuritate
1663 1351 1864 1408 occul-

209 1439 363 1489 taret
393 1435 727 1492 molestiam
759 1444 816 1492 et
860 1439 919 1493 id
974 1439 1132 1511 quod
1191 1447 1319 1496 erat
1381 1442 1699 1508 odiosum;
1752 1443 1863 1497 hoc

205 1530 297 1578 est
318 1525 474 1579 enim
501 1526 658 1596 quod
685 1526 860 1582 dicit:
887 1530 976 1582 An
1003 1529 1165 1584 enim
1191 1536 1247 1584 et
1274 1547 1384 1585 nos
1415 1532 1623 1586 eadem
1666 1531 1860 1588 facere

205 1629 326 1667 non
352 1615 710 1685 possumus?
730 1633 835 1671 cur
857 1618 1036 1690 igitur
1058 1619 1195 1674 illos
1247 1621 1530 1689 suﬂ'ertis,
1575 1627 1862 1692 tanquam

206 1719 318 1758 nos
351 1703 556 1758 eadem
587 1704 780 1760 facere
812 1723 931 1761 non
964 1725 1372 1778 possemus.—
1403 1712 1524 1765 Alio
1556 1711 1864 1765 modo.Cu-

196 1792 301 1864 jus
327 1793 537 1864 gratia,
561 1794 777 1865 inquit,
811 1795 947 1850 illos
980 1796 1042 1851 in
1075 1797 1168 1852 his
1200 1799 1461 1853 suffertis
1483 1798 1510 1854 ‘I
1568 1814 1644 1854 an
1703 1799 1864 1870 quod

1971 653 2080 695 τως
2143 631 2275 688 αὐτὸ
2332 635 2583 702 τέθεικεν,
2641 635 2735 688 ἳνα
2791 632 2968 708 κλέψῃ
3029 634 3125 702 τήν
3199 633 3495 710 ἐπάχθειαν
3565 638 3636 710 τῇ

1973 722 2225 801 ἀσαφείᾳ.
2257 727 2322 780 “0
2351 724 2452 798 γὰρ
2485 722 2631 799 λέγει
2661 727 2825 778 τοῦτο
2885 719 3016 778 ἔστι·
3073 725 3158 792 Μὴ
3211 723 3312 795 γὰρ
3365 724 3426 779 οὐ
3479 722 3637 780 δυνά-

1977 823 2112 884 μεθα
2145 812 2230 866 κνῖ
2261 813 2424 884 ἡμεῖς
2465 812 2530 868 τὰ
2561 813 2696 867 αὐτὰ
2754 819 2972 882 ποιεῖν;
3030 813 3179 873 τίνος
3227 810 3398 869 ἕνεκεν
3447 813 3640 889 ἀνεχε-

1974 904 2066 955 σθε
2092 902 2292 963 αὐτῶν,
2325 902 2398 962 ὡς
2429 904 2588 974 ἡμῶν
2637 903 2713 976 μὴ
2749 899 3058 976 δυναμένων
3086 906 3256 957 ταῦτα
3313 909 3492 958 ποιεῖν
3518 923 3532 973 ;
3563 936 3636 946 --

1975 989 2222 1052 1Ἀλλως.
2287 991 2448 1052 Τίνος
2505 990 2702 1058 ἕνεκεν,
2772 992 2951 1065 φησὶν,
3007 991 3181 1045 αὐτῶν
3241 991 3499 1066 ἀνεχεσθε
3557 992 3636 1055 εἷς

1973 1085 2139 1135 ταῦτα
2167 1099 2180 1147 ;
2213 1079 2286 1140 ὡς
2319 1080 2479 1151 ἡμῶν
2508 1079 2870 1135 ἀσθενούντων
2904 1087 2938 1149 ἢ
2976 1082 3052 1154 μὴ
3087 1077 3396 1151 δυνάμένων
3458 1079 3634 1144 οὕτως

1978 1169 2105 1242 ὑμῖν
2134 1169 2589 1243 ἀποκεχρῆσθαις
2650 1166 2959 1239 Πληκτικὸν
3015 1166 3072 1223 δε
3123 1166 3328 1248 σφόδρα
3376 1169 3439 1223 τὸ
3491 1170 3637 1243 εἰρη-

1976 1258 2150 1330 μένον.
2183 1255 2277 1311 Διὸ
2309 1255 2398 1310 καί
2431 1257 2651 1333 ἀσαφῶς
2682 1257 2813 1312 αὐτὸ
2861 1257 3114 1331 τέθεικεν.
3167 1256 3239 1313 Εἴ
3297 1258 3424 1333 γὰρ,
3479 1258 3631 1333 φησί,

1974 1345 2062 1403 διὰ
2117 1350 2278 1402 τοῦτο
2337 1348 2532 1411 αυτοὺς
2581 1351 2798 1417 τιμᾶτε,
2849 1344 3034 1415 ἐπειδὴ
3123 1341 3435 1421 ὑϐρίζουσιν
3490 1346 3626 1417 ὑμᾶς

1971 1437 2350 1512 ἐπαιρόμενοι,
2383 1438 2472 1491 καὶ
2527 1435 2793 1508 μονονοὺκ
2841 1435 2917 1499 εἷς
2962 1437 3254 1508 πρόσωπον
3313 1436 3634 1504 τύπτοντες,

1972 1525 2243 1599 δυνάμεθα
2300 1525 2389 1580 καὶ
2445 1527 2610 1599 ἡμεῖς
2665 1529 2830 1580 ταῦτα
2888 1531 3082 1580 ποιεῖν.
3157 1525 3244 1585 Ὠς
3305 1527 3464 1596 ἡμῶν
3525 1525 3629 1601 γὰρ

1970 1618 2104 1689 πρὸς
2186 1619 2354 1670 ταῦτα
2439 1615 2844 1684 ἀτονησάντων,
2933 1613 3161 1676 ἐκείνοις
3254 1611 3634 1678 ὕποκλίνεσθε.

1971 1709 2130 1781 Ὁρᾷς
2162 1705 2336 1776 πόσης
2368 1704 2712 1775 ἐπιπλήξεως
2742 1705 2895 1781 γὲμει
2954 1704 3018 1760 τὸ
3072 1703 3359 1778 εἰρημένον
3387 1724 3401 1772 ;
3456 1708 3636 1758 Πᾶσαν

1970 1793 2028 1852 δὲ
2055 1801 2157 1865 τῆς
2191 1793 2406 1850 ἐκείνων
2439 1792 2697 1855 ἀπονοίας
2743 1795 2842 1863 τήν
2890 1793 3092 1862 αἰτίαν,
3141 1791 3357 1855 τούτοις
3405 1791 3606 1864 ἐπικλᾷ

2933 1613 3161 1676 ἐκείνοις

209 1899 320 1938 nos
343 1882 674 1939 imbecilles
700 1884 906 1955 simus,
931 1892 990 1941 et
1007 1903 1129 1942 non
1153 1888 1451 1959 possimus
1500 1889 1628 1960 pari
1685 1889 1860 1945 modo

1983 1885 2070 1942 Διά
2101 1884 2191 1940 οῦν
2216 1883 2406 1953 ταῦτα,
2439 1882 2624 1963 φησὶν,
2665 1883 3043 1960 ἀναγκάζομαι
3069 1880 3160 1936 ’ἱνα
3197 1883 3336 1955 ὑμᾶς
3367 1888 3469 1952 τῆς
3493 1883 3622 1937 τού-

203 1974 369 2030 vobis
401 1974 615 2030 abuti?
644 1977 746 2030 Est
802 1984 1002 2034 autem
1062 1979 1447 2036 vehementer
1485 1980 1859 2054 pungitivum

1983 1997 2078 2032 των
2103 1973 2420 2045 ἀλαζονείας
2448 1971 2772 2045 ἀπαλλάξω,
2798 1972 3013 2051 ούχ⁹ίνα
3035 1971 3266 2046 ἐμαυτὸν
3299 1973 3627 2047 λαμπρύνω.

210 2081 277 2119 ac
309 2065 739 2136 increpativum
775 2067 932 2137 quod
959 2068 1198 2136 dicitur,
1228 2075 1287 2124 et
1315 2070 1539 2126 idcirco
1571 2070 1821 2126 obscure
1853 2068 2004 2124 illud
2058 2067 2272 2140 posuit.
2332 2067 2476 2121 Nam
2537 2066 2584 2120 si
2643 2071 2977 2136 propterea,
3039 2065 3256 2136 inquit,
3319 2065 3453 2120 illos
3501 2065 3620 2120 ho-

201 2154 430 2209 noratis
468 2155 624 2226 quod
658 2155 936 2226 injuriosi
971 2158 1112 2225 sint,
1147 2175 1276 2214 sese
1309 2160 1370 2214 in
1402 2177 1503 2215 vos
1561 2160 1878 2233 erigentes,
1939 2163 1998 2212 et
2048 2155 2478 2229 propemodum
2533 2156 2595 2209 in
2653 2154 2866 2210 faciem
2925 2154 3243 2218 caedentes,
3305 2171 3624 2225 possumus

204 2259 439 2314 quoque
475 2248 532 2298 et
564 2260 671 2299 nos
705 2244 817 2300 ista
847 2245 1060 2302 facere.
1097 2249 1274 2312 Quasi
1315 2249 1477 2304 enim
1509 2265 1618 2305 nos
1649 2250 1710 2304 in
1740 2249 1831 2304 his
1862 2246 2176 2303 inferiores
2209 2260 2497 2309 essemus,
2530 2243 2650 2299 illis
2681 2243 3066 2315 subjicimini.
3136 2243 3350 2311 Viden,
3424 2249 3650 2315 quanta

206 2332 451 2404 plenum
485 2333 559 2388 sit
588 2333 996 2406 increpatione
1028 2337 1189 2408 quod
1220 2339 1442 2394 dictum
1477 2339 1621 2394 est?
1652 2339 1752 2394 His
1779 2344 1978 2395 autem
2031 2340 2300 2408 amputat
2355 2349 2594 2390 omnem
2647 2349 2888 2389 causam
2945 2334 3296 2405 arrogantiaa
3354 2333 3620 2389 illorum.

208 2422 456 2494 Propter
486 2423 597 2478 hoc
629 2423 807 2496 igitur
838 2427 1183 2496 compellor,
1245 2428 1462 2500 inquit,
1524 2434 1589 2484 ut
1647 2446 1748 2484 vos
1807 2428 1878 2484 ab
1939 2427 2182 2482 illorum
2240 2425 2395 2480 fastu
2446 2424 2715 2489 liberem,
2779 2439 2900 2477 non
2959 2428 3025 2477 ut
3071 2424 3366 2494 meipsum
3397 2423 3638 2478 clarum

209 2511 539 2568 ostendam.

279 2602 372 2668 XI,
406 2603 574 2655 21-23
631 2623 658 2652 «
688 2606 754 2657 In
787 2621 1142 2678 quocunque
1173 2607 1354 2663 audet
1373 2608 1612 2681 aliquis.
1640 2625 1747 2681 per
1769 2608 1863 2664 in-

209 2712 238 2740 ‹‹
268 2690 609 2762 sipientiam
643 2691 875 2764 loquor,
908 2695 1097 2751 audeo
1130 2702 1188 2751 et
1212 2714 1338 2770 ego.
1404 2698 1632 2754 Hebraei
1674 2698 1867 2754 sunt?

210 2801 238 2830 (ί
273 2786 331 2835 et
358 2796 484 2853 ego.
523 2781 806 2837 Israelita:
839 2790 979 2839 sunt
1007 2785 1034 2840 ?
1065 2791 1122 2841 et
1152 2801 1279 2859 ego.
1341 2789 1554 2844 Semen
1611 2788 1864 2844 Abrahm

212 2889 239 2918 ‹.
275 2874 413 2924 sunt
446 2868 473 2923 ?
503 2874 561 2924 et
590 2885 718 2943 ego.
751 2872 1003 2929 Ministri
1046 2875 1262 2932 Christi
1318 2877 1513 2932 sunt?
1563 2877 1865 2949 desipiens

216 2981 241 3009 «
279 2958 513 3030 loquor,
548 2959 683 3031 plus
714 2977 840 3034 ego.
874 2984 903 3012 »

286 3048 609 3105 Considera
630 3066 865 3106 rursum
899 3053 1080 3109 tantis
1109 3071 1229 3110 non
1263 3062 1607 3113 contentum
1639 3073 1866 3129 praepa-

211 3137 542 3193 rationibus
565 3142 1137 3211 accorrectionibus,
1185 3146 1290 3201 sed
1343 3162 1501 3202 nunc
1552 3147 1708 3203 θυι)
1739 3164 1866 3203 rem

209 3227 401 3298 ipsam
425 3229 664 3300 appelat
681 3231 989 3287 audaciam
1009 3240 1062 3289 et
1087 3235 1527 3307 insipientiam;
1551 3255 1619 3294 ac
1650 3256 1864 3311 prope-

210 3317 452 3373 modum
473 3319 588 3374 ait:
612 3320 674 3373 Vi
697 3320 943 3378 adactus
966 3324 1038 3378 ad
1061 3325 1183 3380 haec
1234 3327 1426 3382 venio.
1480 3329 1613 3384 Huic
1660 3335 1861 3384 autem

208 3406 351 3462 facit
380 3425 490 3462 nos
521 3409 847 3478 instruens,
907 3415 1264 3470 necessitate
1312 3433 1430 3471 non
1485 3424 1731 3490 cogente
1788 3418 1863 3474 ad

209 3497 554 3567 hujusmodi
589 3499 942 3556 veniendum
974 3519 1092 3558 non
1121 3520 1252 3560 esse
1284 3522 1609 3563 sermones.
1636 3509 1701 3564 In
1724 3525 1863 3579 qua-

214 3601 450 3656 cunque
481 3602 545 3640 re
572 3586 752 3642 audet
781 3589 998 3661 aliquis
1028 3592 1267 3662 gloriari
1290 3595 1451 3666 (nam
1483 3595 1610 3652 haec
1641 3597 1865 3668 pariter

212 3674 626 3732 subaudienda
657 3684 839 3745 sunt),
871 3679 1061 3736 audeo
1093 3688 1151 3738 et
1181 3698 1305 3754 ego.
1341 3707 1368 3734 «
1403 3686 1631 3741 Hebraei
1663 3687 1867 3742 sunt?

214 3769 273 3820 et
302 3781 427 3838 ego.
463 3788 489 3814 η
519 3768 718 3839 Neque
745 3769 903 3825 enim
939 3788 1147 3826 omnes
1207 3773 1434 3830 Hebraei
1495 3783 1666 3831 erant
1717 3794 1862 3848 quo-

209 3870 321 3925 que
366 3856 683 3926 Israelitm,
737 3858 840 3914 sed
902 3866 1072 3915 erant
1132 3862 1308 3916 ntiam
1371 3869 1430 3919 et
1481 3864 1753 3921 Moabitaa
1808 3873 1868 3922 et

209 3944 602 4000 Ammanitae:
639 3946 773 4002 ideo
801 3965 969 4004 suam
1001 3953 1462 4023 generositatem
1517 3956 1866 4012 manifesta-

211 4032 310 4087 vit.
346 4035 654 4090 Estautem
670 4038 1665 4116 perinterrogationemlegendum.
1698 4045 1866 4110 Quod

211 4126 411 4177 autem
435 4123 546 4177 ait:
575 4145 600 4172 «
627 4125 1115 4185 MinistriChrisli
1165 4137 1324 4197 sunt,
1375 4154 1403 4182 »
1443 4134 1616 4204 juxta
1647 4134 1868 4205 pseud-

214 4209 621 4281 apostolorum
650 4227 987 4270 sermonem
1009 4219 1121 4274 hoc
1147 4221 1379 4276 effatur.
1409 4244 1436 4270 ‹‹
1460 4222 1600 4276 Plus
1614 4238 1779 4294 ego.»
1802 4223 1868 4278 Id

215 4303 325 4365 est,
358 4300 564 4372 magis.
601 4301 1011 4361 excellentius.
1069 4307 1445 4380 Rursumque
1502 4327 1629 4366 rem
1676 4312 1866 4383 ipsam

213 4389 1222 4462 vocatinsipientiam.Aiuntautem
1241 4397 1484 4468 quidam
1535 4416 1657 4455 non
1688 4417 1866 4472 opor-

211 4482 337 4534 tere
360 4495 467 4550 per
487 4479 1016 4555 interrogationem
1040 4486 1478 4558 huncproferre
1504 4505 1866 4547 sermonem.

216 4567 318 4624 sed
347 4569 590 4624 omnino
624 4587 840 4643 negare
871 4573 1032 4644 ipsos
1088 4591 1217 4630 esse
1271 4577 1485 4633 Christi
1539 4579 1865 4637 ministros.

217 4657 329 4713 Sed
347 4657 601 4715 dicimus
627 4661 787 4731 quod
837 4661 948 4716 hoc
998 4664 1162 4734 prius
1195 4665 1338 4721 fecit
1367 4683 1500 4723 cum
1534 4668 1694 4741 ipsos
1727 4669 1876 4726 dixit

220 4746 734 4820 pseudapostolos.
767 4749 1082 4824 l-licitaque
1105 4753 1643 4826 adinquisitionem
1677 4776 1871 4816 sermo

220 4836 508 4905 pervenit,
541 4854 652 4892 nec
683 4844 917 4910 oportet
947 4856 1080 4896 eum
1110 4848 1284 4898 antea
1337 4845 1740 4914 manifestare,
1770 4847 1875 4902 sed

223 4924 501 4993 operibus
539 4927 818 4982 exhibere
876 4928 1471 5002 demonstrationem,
1533 4935 1691 5006 quod
1748 4936 1875 5006 ipse

225 5011 465 5082 quidem
491 5013 703 5068 Christi
725 5017 998 5072 minister
1014 5026 1191 5089 esset,
1213 5021 1301 5076 illi
1321 5039 1456 5078 vero
1479 5040 1599 5078 non
1651 5029 1872 5082 essent.

228 5121 255 5150 ‹‹
285 5100 593 5171 Desipiens
623 5103 853 5174 loquor.
884 5128 911 5155 »
945 5107 1065 5163 Hoc
1097 5115 1204 5177 est,
1239 5127 1580 5184 quanquam
1610 5112 1875 5168 nonnul-

223 5187 300 5244 lis
331 5189 605 5262 desipere
635 5193 859 5264 videar,
894 5194 1134 5252 dicens:
1169 5220 1198 5247 ‹‹
1253 5200 1394 5256 Plus
1451 5218 1579 5274 ego.
1639 5223 1670 5253 »
1729 5203 1874 5258 Nam

224 5293 355 5348 quae
389 5281 636 5337 omnino
676 5282 1035 5354 desipientia
1065 5292 1154 5343 est
1179 5290 1340 5360 quod
1398 5291 1662 5362 seipsum
1716 5291 1878 5348 dicat

225 5382 355 5423 esse
388 5369 732 5426 ministrum
765 5371 1091 5444 plusquam
1123 5379 1570 5451 pseudapostoli
1599 5381 1627 5435 ‘2

300 5458 403 5524 XI,
437 5460 628 5514 23-27.
663 5462 722 5516 In
752 5463 1029 5520 laboribus
1056 5470 1348 5538 copiosius,
1366 5471 1424 5524 in
1455 5471 1766 5527 verberibus
1787 5487 1878 5528 su-

220 5563 332 5616 pra
365 5549 604 5614 modum,
634 5551 690 5604 in
723 5554 1031 5610 carceribus
1059 5557 1454 5625 abundantius,
1502 5561 1561 5612 in
1607 5559 1875 5616 mortibus

225 5638 547 5707 frequenter
564 5641 869 5698 :aJudavis
899 5643 1193 5715 quinquies
1237 5650 1620 5718 quadragenas
1674 5651 1876 5721 plagas

228 5741 340 5780 una
371 5727 554 5783 minus
585 5732 813 5801 accepi;
846 5738 926 5786 ter
957 5735 1128 5802 virgis
1174 5751 1328 5790 casus
1355 5739 1463 5805 fui,
1522 5741 1685 5795 semel
1729 5741 1875 5813 lapi-

2045 2605 2129 2658 ’Ev
2187 2603 2232 2676 ᾦ
2290 2600 2336 2656 δ’
2390 2602 2450 2656 ἂν
2530 2621 2612 2663 τις
2695 2600 2900 2670 τολμᾷ,
2969 2599 3020 2654 ἐν
3100 2599 3376 2676 ἀφροσυνῃ
3462 2598 3638 2672 λέγων

1972 2693 2168 2767 τολμῶ
2235 2690 2405 2767 κάγώ.
2469 2686 2716 2764 Ἐϐραῖοί
2777 2689 2878 2744 εἰσι
2938 2709 2951 2758 ;
3031 2689 3206 2766 κάγώ.
3297 2688 3638 2762 Ἰσραηλῖται

1975 2782 2116 2852 sict;
2165 2781 2339 2857 κάγώ.
2402 2780 2631 2853 Σπέρμα
2689 2774 2946 2855 Ἀϐραάμ
3001 2778 3146 2848 etot;
3207 2778 3379 2851 κάγώ.
3442 2779 3636 2834 Διακο-

1975 2893 2062 2927 νοι
2139 2874 2374 2948 Χριστοῦ
2476 2870 2644 2938 eici;
2747 2873 3108 2946 παραφρονῶν
3209 2866 3390 2936 λαλῶ,

1975 2961 2107 3038 ἐγώ.
2777 2959 2780 2962 ’

2045 3054 2184 3124 "Op:
2240 3049 2406 3106 πάλιν
2448 3051 2606 3105 αὐτὸν
2672 3054 2788 3110 ταῖς
2843 3049 3128 3110 τοσαύταις
3193 3050 3268 3121 μὴ
3311 3048 3628 3123 ἀρκεσθέντα

1976 3138 2465 3218 προδιορθώσεσιν,
2523 3137 2669 3194 ἀλλά
2723 3143 2812 3192 νῦν
2872 3137 3083 3211 τόλμαν
3161 3139 3250 3193 καὶ
3317 3138 3627 3214 ἀφροσύνην

1978 3228 2250 3286 καλοῦντα
2280 3231 2342 3285 τὸ
2403 3235 2651 3305 πρᾶγμα,
2709 3229 2797 3282 καῖ
2863 3228 3160 3302 μονονουχὶ
3220 3226 3471 3302 λέγοντα·
3537 3227 3636 3298 Bia

1976 3319 2066 3377 ἐπὶ
2100 3320 2277 3392 τούτῳ
2304 3314 2563 3394 ἔρχομαι.
2597 3322 2776 3373 Ταῦτα
2815 3315 2872 3372 δὲ
2919 3322 3087 3385 ποιεῖ,
3138 3313 3409 3371 παιδεύων
3462 3319 3632 3390 ἡμᾶς,

1977 3409 2213 3484 ἀνάγκης
2247 3409 2444 3483 χωρὶς,
2503 3409 2580 3480 μὴ
2639 3401 2898 3485 ἔρχεσθαι
2946 3405 3020 3466 sic
3065 3406 3351 3466 τοιούτους
3409 3404 3628 3480 λόγους.

1979 3499 2070 3555 Ἐν
2102 3499 2148 3570 ᾧ
2181 3496 2227 3552 δ’
2267 3499 2327 3550 ἄν
2379 3517 2462 3556 τις
2502 3495 2689 3567 τολμᾷ
2742 3497 3026 3571 πράγματι
3083 3496 3388 3570 καυχᾶσθαι
3447 3497 3636 3568 (ταῦτα

1976 3588 2079 3663 γὰρ
2113 3586 2624 3657 συνυπακουστὲον),
2656 3583 2852 3656 τολμῶ
2905 3584 3074 3659 κάγώ.
3127 3609 3155 3635 ‹‹
3192 3578 3439 3658 Ἐϐραῖοί
3492 3583 3636 3654 εἰσι;

1980 3677 2167 3752 Κάγώ.
2232 3701 2260 3728 ››
2320 3677 2398 3734 Οὐ
2455 3676 2556 3750 γαρ
2615 3676 2806 3735 πάντες
2864 3676 2916 3730 οἱ
3002 3669 3252 3748 Ἑϐραῖοι
3317 3674 3476 3742 ἦσαν.
3534 3674 3639 3731 Καὶ

1980 3765 2342 3840 Ἰσραηλῖται.
2376 3766 2542 3821 Ἦσαν
2593 3764 2699 3838 γὰρ
2755 3764 2844 3819 κκὶ
2903 3759 3213 3831 Μωαϐῖται,
3270 3763 3360 3817 καὶ
3420 3765 3637 3836 Ἀμμα-

1977 3862 2143 3912 νῖται.
2206 3855 2299 3910 Διὸ
2359 3853 2670 3929 ἐκαθάρισεν
2751 3852 2915 3909 αὐτοῦ
2969 3855 3070 3923 τήν
3156 3851 3437 3926 εὑγὲνειαν·
3497 3853 3634 3908 κατὰ

1981 3946 2248 4021 ἐρώτησιν
2278 3943 2336 4000 δὲ
2368 3943 2755 4019 ἀναγνωστέον.
2789 3943 2859 3998 Τὸ
2907 3941 2983 4013 δὶ,
3036 3969 3062 3994 ‹‹
3100 3943 3348 4006 Διαίκονοι
3396 3946 3636 4018 Χριστοῦ

1983 4035 2108 4103 εἶσι,
2145 4061 2172 4086 ››
2203 4035 2340 4090 κατὰ
2367 4035 2460 4090 τὸν
2508 4032 2966 4108 ψευδαποστὸλων
3015 4033 3182 4107 λόγον
3224 4037 3385 4088 τοῦτο
3436 4033 3635 4107 λὲγων,

1984 4151 2011 4179 ‹‹
2043 4128 2210 4197 ’Ὑπερ
2261 4124 2388 4200 ἐγώ.
2442 4149 2461 4171 ιι
2524 4122 2800 4188 Τουτὲστι,
2844 4120 3068 4179 Μᾶλλον
3121 4123 3246 4196 ἐγώ.
3310 4121 3410 4179 Καὶ
3472 4122 3638 4178 πάλιν

1985 4212 2296 4290 ἀφροσύνην
2330 4211 2490 4267 καλεῖ
2513 4211 2575 4266 τὸ
2607 4216 2856 4287 πρᾶγμα.
2911 4210 3052 4266 Φασὶ
3102 4208 3162 4265 δὲ
3209 4231 3353 4272 τινες
3407 4211 3482 4282 μή
3527 4207 3644 4264 δεῖν

1986 4302 2146 4358 αὐτὸν
2175 4301 2310 4357 κατᾶ
2358 4302 2640 4374 σύγκρισιν
2697 4306 3039 4377 προενεγκεῖν
3098 4300 3189 4355 τὸν
3255 4299 3438 4373 λόγον,
3495 4295 3644 4355 ἀλλὰ

1985 4393 2318 4448 πανεάπασιν
2370 4389 2566 4452 αὐτοὺς
2619 4391 2949 4465 ἀρνήσασθαι
2998 4386 3282 4450 διακόνους
3333 4391 3472 4443 εἶναι
3511 4393 3642 4462 Χρι-

1987 4483 2134 4535 στοῦ.
2165 4478 2322 4537 Ἀλλ’
2379 4477 2606 4554 ἐροῦμεν
2664 4479 2749 4533 ὅτι
2801 4482 2968 4533 τοῦτο
3022 4473 3326 4551 ἔμπροσθεν
3386 4475 3642 4545 ἐποίησεν

1985 4569 2178 4633 εἶ’πὼθ,
2209 4566 2669 4643 ψευδαπόστολοι.
2727 4569 2988 4632 Ἐνταῦθα
3035 4566 3128 4639 μέν
3177 4586 3286 4634 τοι,
3337 4565 3413 4627 εἷς
3463 4563 3639 4638 ἐξέτα-

1985 4681 2066 4715 σιν
2097 4660 2124 4715 ὁ
2157 4657 2326 4734 λόγος
2357 4660 2589 4734 ἤρχετο,
2619 4659 2710 4712 καὶ
2737 4657 2836 4711 οὐκ
2872 4654 2979 4712 ἔδει
3025 4655 3186 4710 αὐτὸν
3243 4657 3646 4732 προαποφῆνα-

1985 4751 2127 4815 σθαι,
2160 4745 2308 4804 ἀλλὰ
2337 4750 2437 4816 τήν
2492 4745 2581 4802 διὰ
2622 4751 2730 4802 τῶν
2778 4747 2944 4822 ἐργῶν
2992 4750 3295 4825 παρασχεῖν
3346 4742 3638 4816 ἀπόδειξιν,

1986 4840 2068 4894 ὅτι
2101 4838 2262 4900 αὐτὸς
2334 4836 2426 4909 μὲν
2483 4835 2648 4903 ἐστιν,
2710 4835 2902 4891 ἐκεῖνοι
2957 4833 3015 4890 δὲ
3072 4831 3155 4890 οὔ.
3210 4860 3235 4886 (ι
3271 4837 3637 4912 Παραφρονῶν

1985 4925 2164 4982 λαλῶ.
2196 4950 2224 4978 ››
2259 4924 2404 4982 ’Λντὶ
2435 4929 2552 4992 τοῦ,
2587 4924 2648 4982 Εἰ
2677 4924 2769 4979 καὶ
2821 4922 2962 4994 δόξω
3017 4923 3128 4978 τισὶ
3177 4928 3537 4999 παραφρονεῖν
3588 4921 3639 4977 ἐν

1981 5015 2063 5088 τῷ
2094 5014 2270 5090 λέγειν
2306 5033 2392 5089 με’
2444 5040 2464 5066 ι
2501 5017 2669 5088 ’Ύπερ
2730 5014 2861 5086 ἐγώ.
2907 5037 2934 5065 ››
2997 5012 3134 5068 Ποία
3188 5014 3290 5087 γὰρ
3342 5011 3488 5074 ὅλως
3539 5033 3638 5065 παι

1987 5105 2324 5185 ραφροσύνη,
2380 5105 2444 5160 τὸ
2509 5103 2642 5178 ὑπὲρ
2693 5101 2822 5164 τὸὺς
2906 5100 3388 5174 ψευδαποστόλους
3468 5098 3641 5174 λέγειν

1984 5195 2172 5250 ἑαυτὸν
2208 5191 2454 5250 διάκονον
2483 5193 2617 5248 εἶναι
2651 5213 2664 5259 ;

3495 2867 3634 2923 ὕπε-

2053 5470 2144 5525 Ἐν
2199 5469 2394 5530 κόποις
2443 5466 2867 5542 περισσοτέρως,
2925 5464 2977 5519 ἐν
3057 5463 3302 5538 πληγαῖς
3365 5456 3646 5538 ὑπερϐαλ-

1986 5556 2218 5626 λόντως,
2275 5556 2328 5612 ἐν
2397 5554 2667 5633 φυλακαῖς
2760 5553 3180 5630 περισσοτερως,
3262 5549 3314 5608 ἐν
3397 5551 3646 5615 θανάτοις

1985 5646 2282 5708 πολλάκις.
2410 5645 2540 5700 Ὑπὸ
2643 5640 2920 5703 Ἰουδαίων
3040 5644 3294 5702 πεντακις
3389 5640 3646 5712 τεσσαρά·

1987 5758 2152 5793 κοντα
2211 5735 2358 5813 παρὰ
2417 5735 2540 5809 μίαν
2601 5729 2823 5789 ἔλαϐον·
2887 5733 3004 5808 τρὶς
3087 5727 3432 5806 ἐραϐδίσθην,
3512 5733 3650 5794 ἅπας
