4098 6396
412 416 566 477 1057

1375 416 1784 483 COMMENT.
1837 417 1909 478 lN
1959 412 2212 479 EPIST.
2265 415 2314 477 ll
2357 418 2461 477 AD
2507 416 2871 480 CORINTH.

3680 422 3836 486 1058

410 548 727 621 ἐλιθάσθην,
816 547 934 623 τρίς
1019 548 1341 627 ἐναυάγησα,
1434 551 1781 631 νυχθήμερον
1866 548 1918 607 ἔν
1985 553 2064 623 τῷ

2198 576 2203 601 ι
2237 548 2410 607 datus
2435 550 3021 626 fui,ternaufragium
3038 552 3413 621 feci,noctem
3438 572 3557 613 una
3580 574 3716 615 cum
3738 558 3833 617 die

413 644 564 718 βυθῷ
646 642 943 711 πεποίηκα.
1038 641 1412 713 Ὀδοιπορίαις
1504 641 1800 709 πολλάκις,
1880 639 2066 699 κινδύ-

411 752 526 793 νοις
610 734 894 803 ποταμῶν,
980 728 1254 794 κινδύνοις
1339 731 1582 802 λῃστῶν,
1661 729 1929 794 κινδύνοις
2012 732 2072 787 ἐκ

416 822 629 898 γένους,
706 817 975 883 κινδύνοις
1062 819 1111 891 ἐξ
1200 820 1387 889 ἐθνῶν,
1456 820 1727 886 κινδύνοις
1759 821 1811 877 ἐν
1883 819 2069 892 πόλει,

413 908 688 972 κινδύνοις
743 909 794 965 ἐν
882 908 1108 984 ἐρημίᾳ,
1188 908 1458 973 κινδύνοις
1520 911 1573 966 ἐν
1629 910 1892 984 θαλάσσᾳ,
1949 932 2070 967 κινο

416 998 597 1061 δύνοις
654 998 705 1054 ἐν
768 996 1184 1077 πίδευδοιδέλςίμοις⁸
1249 998 1300 1055 ἐν
1358 1001 1522 1073 πόπῳ
1605 1002 1692 1056 καί
1754 999 1977 1077 μόχθῳ,
2017 998 2071 1055 ἓν

419 1087 743 1163 ἀγρυπνίαις
774 1086 1067 1150 πολλάκις·

494 1178 623 1233 Εἶτα
663 1175 813 1251 λὲγει
845 1175 1040 1233 λοιπὸν
1076 1177 1171 1232 τὸν
1202 1185 1529 1253 χαρακτῆρα
1575 1185 1675 1248 τῆς
1734 1178 2070 1249 ἀποστολῆς.

419 1268 501 1325 Τὸ
532 1265 608 1335 δὲ,
655 1299 675 1320 ι
713 1270 1132 1341 Ιιερισσοτέρως,
1171 1292 1198 1317 η
1255 1268 1368 1338 καί,
1440 1292 1469 1321 ‹‹
1502 1263 2008 1341 ἰ’περϐαλλόντως,
2043 1292 2072 1320 ν)

418 1354 482 1411 ού
504 1356 641 1410 κατᾶ
670 1355 954 1435 σύγχει-ειν
995 1362 1102 1413 τῶν
1136 1353 1597 1431 ψευδαποστόλων
1660 1356 1893 1434 εἴρηται.
1928 1383 1955 1411 ‹‹
1980 1359 2071 1417 Ἐν

416 1447 670 1506 θανάτοις
703 1444 993 1507 πολλάκις.
1038 1470 1068 1498 »
1122 1479 1189 1489 -
1239 1471 1266 1499 «
1303 1449 1431 1504 Καθ’
1482 1445 1695 1521 ἡμέραν
1726 1448 1851 1523 γάρ,
1884 1448 2072 1523 φησὶν,

419 1534 775 1605 ἀποθνήσκω.
810 1559 838 1588 ››
898 1534 1181 1593 Ἐπεδίδου
1247 1537 1349 1612 γὰρ
1407 1537 1595 1592 ἑαυτὸν
1655 1537 1733 1599 εἰς
1796 1534 2078 1599 κινδύνους

424 1624 855 1702 θανατηρόρους.
900 1649 926 1677 ‹‹
957 1626 1369 1702 Τεασαράκοντα
1407 1626 1552 1701 παρὰ
1612 1625 1738 1699 μίαν
1795 1620 2011 1682 ἔλαϐεν.
2048 1649 2076 1678 ››

428 1714 526 1770 Διά
554 1714 607 1768 τί
646 1714 792 1790 παρὰ
827 1714 952 1789 μίαν
984 1733 998 1784 ;
1032 1714 1220 1788 Νόμος
1257 1715 1324 1784 ἦν
1377 1715 1467 1770 τὸν
1528 1713 1758 1771 πλείονα
1802 1720 1911 1771 τῶν
1965 1735 2078 1771 τεσ·

428 1803 733 1880 σαράκοντα
778 1805 1115 1878 τυπτόμενον
1150 1850 1164 1875 ,
1219 1803 1415 1879 ἄτιμον
1484 1806 1621 1861 εἶναι
1659 1848 1670 1862 .
1730 1806 1951 1881 Ὠρισαν
1988 1806 2080 1860 οὗν

427 1896 575 1970 παρὰ
629 1894 751 1967 μίαν
814 1892 1042 1964 διδόναι,
1090 1893 1181 1949 ἳνα
1231 1894 1325 1950 κᾶν
1382 1899 1452 1970 τῇ
1511 1895 1656 1969 ῥύμῃ
1713 1895 1813 1951 τοῦ
1861 1894 2079 1951 τύπτειν

429 1983 725 2058 ἐξενεχθεὶς
756 1984 784 2039 ὁ
817 1984 1034 2040 τύπτων
1094 2004 1323 2059 περισην
1385 1982 1485 2057 δῷ,
1543 1984 1944 2060 τεσσαράκοντα
1977 1980 2079 2057 δῷ,

429 2072 519 2127 καὶ
580 2074 653 2145 μή
714 2074 935 2147 γένηται
991 2071 1185 2146 ἄτιμος
1242 2074 1270 2128 ὁ
1314 2072 1675 2147 τυπτόμενος,
1728 2073 1919 2148 «Τρίς
1951 2072 2077 2148 ερα-

427 2155 676 2233 ϐδίσθην.
714 2187 742 2215 ››
774 2164 935 2238 Ὁρᾷς
967 2161 1051 2218 ὅτι
1112 2163 1175 2217 ού
1207 2162 1378 2218 πάντα
1420 2161 1452 2218 ἃ
1483 2165 1748 2227 πέπονθεν
1775 2162 1804 2217 ὁ
1838 2159 2079 2230 Παῦλας,

427 2253 760 2328 συνέγραψεν
795 2256 931 2326 ἡμῖν
961 2255 990 2308 ὁ
1025 2259 1235 2316 Λουκᾶς
1266 2253 1320 2308 ἐν
1375 2257 1494 2316 ταῖς
1527 2255 1783 2328 Πράξεσιν
1818 2273 1833 2323 ;
1866 2253 1947 2309 Ού
1976 2251 2077 2328 γὰρ

431 2342 571 2415 πρὸς
601 2340 925 2419 φιλοτιμίαν
971 2339 1117 2415 αὖτῷ
1153 2342 1219 2397 τὰ
1247 2349 1348 2411 τῆς
1407 2343 1725 2420 συγγραφῆς
1753 2339 2078 2412 πεπόνηται.

428 2432 524 2487 Διὸ
556 2430 744 2488 πολλὰ
775 2436 881 2489 τῶν
914 2429 1137 2497 ἐνταῦθα
1164 2429 1467 2506 εἰρημένων
1524 2428 1841 2505 παρέλιπεν.
1898 2454 1926 2484 ιι
1953 2428 2080 2505 Τρῖς

423 2516 755 2596 ἔναυάγησα.
813 2545 841 2572 ››
901 2521 1126 2594 Μακρὰς
1212 2521 1317 2599 γὰρ
1373 2519 1469 2576 καὶ
1518 2518 1864 2583 διαποντίους
1920 2516 2081 2582 ὁδοὺς

423 2609 798 2682 στελλόμενος
834 2607 924 2664 διὰ
954 2610 1018 2665 τὸ
1047 2612 1325 2686 κήρυγμα,
1375 2609 1548 2666 πάντα
1603 2606 1813 2685 ἔπασχε
1839 2610 1907 2665 τὰ
1939 2609 2085 2685 εἰρη-

432 2699 588 2774 μένα.
649 2702 1019 2775 Νυχθήμερον
1062 2697 1120 2754 δὲ
1173 2700 1489 2775 νηχόμενος
1522 2744 1536 2771 ,
1622 2697 1890 2778 διεγένετο
1952 2700 2084 2772 μετᾶ

427 2788 679 2862 ναυάγιον
716 2833 729 2848 .
813 2789 907 2857 Τὸ,
964 2790 1096 2863 Τρὶς
1152 2788 1477 2864 ἐναυάγησα,
1529 2787 1844 2864 ἑρμηνεύων
1897 2790 2081 2866 φησὶν,

434 2878 522 2934 ὅτι
552 2879 731 2955 τρίτον
787 2881 821 2947 ἡ
880 2877 1235 2953 ἀνθρωπότης
1290 2877 1642 2954 ἐναυάγησεν,
1701 2879 1839 2951 ἅπαξ
1896 2874 1950 2935 ἔν
2006 2882 2085 2950 τῷ

432 2967 771 3042 παραδείσῳ,
840 2967 928 3023 διὰ
983 2976 1081 3038 τῆς
1141 2964 1518 3044 παραϐάσεως,
1577 2965 1849 3043 δεύτερον,
1901 2966 1954 3023 ἐν
2005 2968 2086 3039 τῷ

429 3059 805 3131 κατακλυσμῷ
839 3102 853 3129 ,
905 3059 1089 3133 τρίτον
1151 3059 1285 3131 μετά
1338 3060 1400 3113 τὸ
1462 3055 1705 3130 δέξασθαι
1754 3057 1845 3113 τὸν
1891 3056 2085 3130 νόμον.

437 3173 465 3201 ‹‹
488 3149 854 3224 Νυχθήμερον
897 3146 950 3202 ὲν
980 3151 1060 3219 τῷ
1094 3149 1245 3222 βυθῷ
1302 3147 1599 3218 πεπίοηκα.
1637 3170 1664 3198 ››
1724 3147 1911 3203 Νύκτα
1940 3144 2088 3221 λέγει

447 3238 664 3304 ἐνταῦθα
696 3240 723 3294 ὁ
758 3236 1096 3296 Ἀποστολο(
1128 3239 1230 3307 τὴν
1259 3237 1365 3313 πρὸ
1393 3244 1493 3305 τῆς
1522 3238 1759 3311 Χριστοῦ
1788 3235 2087 3311 παρουσίας

2187 662 2215 695 ι
2235 641 2297 697 in
2327 640 2619 714 profundo
2640 642 2819 716 egi,in
2843 643 3155 700 itineribus
3175 646 3421 718 smpe,in
3435 648 3719 720 periculis
3735 649 3846 705 ilu-

2178 753 2206 781 «
2225 731 2767 804 minum,periculis
2789 732 3398 806 latronum,periculis
3410 752 3481 791 ex
3501 753 3717 810 genere
3746 755 3843 810 pe-

2179 820 2428 876 «riculis
2450 837 2522 877 ex
2543 821 3201 894 gentibuspericulisin
3223 824 3764 897 civitate,periculis
3780 828 3841 883 in

2182 908 2489 979 «deserto,
2528 910 2814 982 periculis
2840 911 2902 967 in
2948 913 3120 980 mari,
3145 912 3604 985 periculisinter
3660 916 3842 972 ἰδίους

2180 1020 2208 1050 ιι
2240 998 2486 1056 fratres:
2521 1000 2582 1056 in
2613 999 2816 1057 labore
2848 1005 2906 1057 et
2938 996 3276 1059 molestias:
3311 1003 3370 1059 in
3387 1004 3603 1074 vigiliis
3625 1022 3840 1077 saepe.»

2252 1178 2473 1236 Deinde
2497 1188 2934 1251 consequenter
2953 1182 3123 1254 ponit
3153 1182 3526 1247 signaculum
3555 1184 3852 1256 apostola.

2180 1274 2275 1325 tus
2307 1269 2426 1325 sive
2457 1269 2771 1343 legationis
2817 1288 2959 1325 sum.
2988 1270 3156 1336 Quod
3187 1277 3389 1328 autem
3419 1273 3524 1342 ait,
3564 1297 3583 1321 ιι
3640 1273 3854 1346 Copio-

2181 1358 2326 1427 sius,
2353 1381 2381 1408 υ
2412 1364 2491 1425 et,
2527 1380 2554 1409 ‹‹
2587 1358 2778 1430 Supra
2807 1359 3071 1429 modum,
3105 1381 3132 1412 ιι
3196 1377 3317 1416 non
3373 1377 3480 1433 per
3532 1378 3846 1435 compara-

2183 1448 2407 1503 tionem
2442 1447 2516 1504 ad
2556 1449 3051 1521 pseudapostolos
3083 1450 3309 1505 dictum
3343 1457 3452 1507 est.
3492 1476 3511 1499 -
3550 1452 3617 1507 In
3647 1453 3855 1508 morti-

2181 1537 2293 1593 bus
2323 1537 2687 1609 frequenter.
2742 1560 2770 1588 »
2802 1570 2869 1580 —
2900 1561 2929 1589 «
2993 1543 3137 1595 Nam
3171 1540 3437 1611 quotidie
3470 1540 3693 1596 morior
3718 1540 3784 1610 7°,
3816 1563 3845 1592 »

2182 1625 2678 1699 inquit.Seipsum
2720 1644 2882 1684 enim
2912 1628 3245 1701 exponebat
3274 1630 3558 1702 periculis
3589 1636 3844 1686 mortem

2184 1714 2640 1773 intentantibus.
2666 1738 2695 1765 «
2717 1716 3133 1790 Quadragenas
3155 1719 3356 1790 plagas
3379 1735 3500 1774 una
3526 1718 3725 1775 minus
3745 1736 3846 1776 ac-

2186 1805 2336 1877 cepi.
2372 1832 2394 1857 ι
2432 1805 2621 1870 Quare
2654 1822 2775 1862 una
2829 1807 3071 1862 minus?
3101 1808 3244 1862 691
3288 1808 3400 1863 Lex
3432 1815 3561 1864 erat
3592 1809 3752 1880 quod
3796 1810 3847 1866 is

2191 1894 2290 1965 qui
2324 1894 2825 1966 accepissetultra
2845 1895 3237 1969 quadraginta
3254 1896 3476 1969 plagas,
3493 1898 3853 1970 ignominio-

2190 1998 2290 2038 sus
2321 1982 2659 2039 haberetur.
2693 1984 3059 2041 Detinierant
3110 1986 3289 2057 igitur
3336 1992 3401 2040 ut
3432 2003 3614 2042 unam
3649 1986 3848 2044 minus

2183 2070 2614 2145 infligerent,ut
2644 2089 2988 2146 quanquam
3015 2073 3241 2146 impetu
3273 2074 3627 2131 verberandi
3659 2075 3846 2132 addu-

2183 2166 2314 2217 ctus
2346 2162 2395 2216 is
2435 2163 2536 2233 qui
2566 2161 3109 2233 verberaret,unam
3129 2163 3427 2236 inﬂigeret
3453 2163 3842 2236 superﬂuam,

2184 2251 2267 2306 ita
2296 2249 2688 2324 quadraginta
2736 2251 2983 2307 inferret
3012 2258 3068 2307 et
3100 2253 3149 2307 is
3178 2253 3279 2324 qui
3311 2253 3723 2310 verberaretur
3750 2255 3843 2310 in-

2184 2338 2361 2395 famis
2409 2356 2530 2396 non
2575 2340 2765 2398 fleret.
2814 2364 2843 2391 »
2894 2341 3004 2397 Ter
3033 2342 3208 2415 virgis
3240 2359 3429 2398 caesus
3458 2342 3565 2400 fui.
3602 2365 3631 2393 »
3663 2342 3845 2400 Vides

2187 2428 2347 2500 quod
2379 2445 2499 2485 non
2531 2431 2735 2486 omnia
2764 2446 2896 2502 qum
2925 2447 3137 2503 passus
3168 2436 3259 2487 est
3287 2431 3509 2487 Paulus
3542 2433 3852 2504 scripserit

2187 2518 2361 2575 nobis
2389 2520 2572 2575 Lucas
2604 2520 2665 2575 in
2698 2520 2856 2575 Actis
2885 2519 2913 2576 ?
2942 2536 3137 2593 neque
3170 2521 3330 2576 enim
3366 2521 3439 2577 ad
3470 2521 3720 2595 gloriam
3780 2538 3850 2578 ea

2187 2625 2321 2680 quas
2352 2609 2539 2681 ipsius
2565 2608 2704 2665 sunt
2730 2609 2995 2665 historiae
3054 2611 3436 2682 conscripsit,
3469 2611 3602 2667 ideo
3660 2610 3852 2667 multa

2189 2713 2395 2753 eorum
2429 2715 2561 2769 qum
2589 2699 2685 2755 hic
2729 2698 2888 2754 dicta
2909 2704 3049 2754 sunt
3078 2699 3483 2771 prmtermisit.
3509 2724 3536 2750 ι(
3571 2701 3680 2755 Ter
3703 2717 3852 2756 nau-

2189 2786 2441 2859 fragium
2472 2787 2606 2843 feci.
2646 2810 2672 2837 ››
2705 2788 2932 2861 Longas
2974 2789 3133 2843 enim
3166 2794 3225 2844 et
3269 2789 3698 2845 transmarinas
3732 2790 3855 2845 vias

2190 2876 2633 2949 praedicationis
2689 2879 2876 2950 gratia
2906 2894 3205 2947 emensus,
3259 2879 3463 2935 omnia
3519 2879 3857 2951 patiebatur

2192 2983 2324 3038 quae
2358 2967 2513 3022 dicta
2544 2970 2949 3023 sunt.Noctem
2968 2975 3167 3023 autem
3195 2985 3315 3025 una
3344 2986 3479 3024 cum
3508 2968 3603 3023 die
3639 2976 3854 3024 natans

2192 3056 2534 3128 perduravit
2586 3062 2720 3128 post
2775 3058 3170 3129 naufragium.
3232 3059 3413 3113 Porro
3441 3058 3665 3114 dictum
3701 3059 3853 3114 hoc:

2194 3145 2304 3199 Ter
2333 3145 2709 3219 naufragium
2742 3146 2876 3213 feci,
2902 3146 3351 3218 interpretando
3382 3147 3527 3203 dicit
3555 3147 3714 3218 quod
3743 3147 3859 3203 hu—

2198 3235 2454 3290 manitas
2485 3239 2579 3290 ter
2606 3235 2980 3308 naufragium
3012 3236 3155 3291 fecit
3185 3253 3198 3303 ;
3243 3237 3430 3292 semel
3471 3237 3532 3292 in
3581 3237 3857 3309 paradiso

443 3326 493 3382 ἐν
548 3328 615 3403 τῇ
658 3330 906 3399 σκοτεινῇ
962 3326 1159 3383 πλάσει
1187 3305 1193 3307 Π
1221 3305 1526 3402 διατριϐὴν,
1574 3305 1795 3401 ’ἡμέραν
1855 3305 1935 3393 δὲ,
1982 3326 2082 3393 τὴν

2198 3341 2305 3397 per
2334 3324 2892 3396 transgressionem,
2928 3341 3167 3381 rursum
3224 3325 3285 3380 in
3321 3325 3566 3391 diluvio,
3602 3332 3660 3381 et
3685 3326 3862 3381 tertio

443 3419 575 3493 μετᾶ
630 3420 730 3489 τήν
777 3421 1010 3492 Χριστοῦ
1072 3415 1372 3492 παρουσίαν
1437 3413 1489 3470 ἐν
1547 3419 1626 3487 τῷ
1678 3419 1928 3495 φωτεινῷ
1988 3415 2087 3491 βα-

435 3508 700 3580 πτίσματι
734 3503 1030 3582 διαγωγήν.
1069 3529 1095 3559 ιι
1127 3502 1414 3567 Κινδύνοις
1465 3509 1750 3577 ποταμῶν.
1796 3528 1825 3557 ››
1857 3502 1954 3561 Καὶ
1983 3504 2087 3580 γὰρ

436 3597 858 3673 διαπορθμεύειν
915 3597 1198 3670 ποταμοὺς
1281 3594 1638 3669 ἠναγκάζετο.
1722 3620 1752 3649 «
1804 3591 2087 3657 Κινδύνοις

437 3686 676 3763 λῃστῶν.
713 3710 740 3738 ι)
774 3688 1063 3760 Πανταχοῦ
1107 3684 1212 3759 γὰρ
1265 3684 1293 3738 ὁ
1344 3678 1603 3745 διάϐολος
1664 3680 1947 3755 ἐπολέμει,
1990 3679 2093 3756 λῃ-

438 3777 569 3837 στὰς
601 3774 843 3851 ἐγείρων,
873 3776 941 3829 τὰ
1006 3770 1131 3845 ἔθνη
1184 3777 1292 3827 τῶν
1350 3770 1655 3842 Ἐλλήνων,
1708 3769 1835 3833 τοὺς
1894 3790 2091 3845 συγγε-

435 3870 547 3927 νεῖς
587 3862 905 3932 Ἰουδαίους,
966 3862 1017 3917 οἳ
1070 3862 1158 3918 καὶ
1211 3859 1428 3937 μᾶλλον
1486 3858 1792 3934 ἰπολέμουν
1845 3857 1934 3915 διὰ
1989 3859 2086 3929 τήν

431 3956 617 4014 πίστιν
670 3953 1120 4029 διαπονούμενοι.
1186 3953 1288 4011 Καὶ
1339 3954 1508 4015 τόπος
1567 3952 1670 4008 οὐκ
1724 3951 1792 4021 ἦν
1845 3949 2094 4032 ἀσφαλὴς

440 4047 611 4120 αύτῷ,
645 4046 707 4101 ού
738 4043 926 4114 πόλις,
957 4044 1059 4100 οὐκ
1087 4040 1293 4119 ἔρημος
1347 4042 1448 4098 οὐκ
1502 4039 1646 4097 ἄλλο
1703 4037 1880 4098 οὐδὲν.
1917 4065 1944 4093 ι(
1981 4043 2096 4098 Κιν-

443 4136 627 4199 δύνοις
656 4135 709 4191 ἐν
751 4133 1168 4213 ψευδαδέλφοις.
1204 4158 1232 4186 ››
1288 4135 1423 4207 Ὅρα
1482 4128 1661 4208 ἕτερον
1721 4129 1986 4187 κινδύνων
2016 4135 2096 4188 εῖ-

446 4225 562 4298 δος,
608 4224 671 4282 τὸ
721 4226 780 4282 ἐκ
828 4230 934 4282 τῶν
990 4220 1385 4299 ψευδωνύμων,
1454 4223 1761 4298 ὑποκριτῶν
1821 4218 2094 4302 ἀδελφῶν.

441 4320 583 4394 ’Όρα
613 4314 687 4372 δέσ
721 4316 847 4377 τοὺς
894 4310 1179 4376 κινδύνους
1233 4313 1395 4368 κόποι
1452 4311 1544 4367 καὶ
1606 4312 1834 4390 μόχθοι,
1866 4310 2094 4372 τούτους

440 4404 606 4462 πάλιν
634 4406 688 4460 οἱ
717 4401 964 4459 κίνδυνοι
997 4399 1335 4478 διεδέχοντο,
1367 4400 1456 4455 καὶ
1490 4399 1589 4455 οὐκ
1618 4400 1685 4469 ἦν
1716 4400 1985 4457 ἀναπνεῖν.
2032 4424 2035 4427 ·

2198 3418 2511 3486 postquam
2535 3413 2724 3485 legem
2743 3414 3419 3487 suscepisset.«Noctem
3450 3431 3572 3471 una
3601 3432 3736 3471 cum
3762 3414 3860 3471 die

2200 3507 2261 3561 in
2286 3504 2581 3578 profundo
2605 3506 2714 3579 egi.
2741 3528 2767 3556 »
2788 3507 3031 3562 Noctem
3065 3514 3231 3563 vocat
3259 3507 3356 3563 hic
3387 3506 3709 3580 Apostolus
3730 3523 3863 3563 eam

2200 3596 2709 3652 conversationem
2743 3613 2874 3668 qum
2915 3602 3052 3653 ante
3086 3597 3302 3653 Christi
3329 3597 3649 3653 adventum
3680 3596 3741 3651 in
3774 3602 3863 3651 te-

2199 3686 2455 3742 nebrosa
2498 3686 2855 3741 formatione
2906 3693 3068 3742 erat:
3105 3687 3262 3743 diem
3295 3704 3431 3743 vero
3473 3687 3702 3743 vivendi
3742 3691 3863 3742 sta-

2202 3780 2326 3831 tum
2359 3780 2495 3847 post
2522 3774 2737 3830 Christi
2761 3774 3077 3831 adventum
3119 3777 3182 3830 in
3226 3775 3423 3832 lucido
3483 3775 3861 3847 baptismate:

2203 3886 2231 3914 ‹‹
2263 3862 2553 3919 Periculis
2582 3862 2918 3919 ﬂuminum.
2947 3887 2975 3914 ››
3008 3864 3240 3920 Etenim
3264 3863 3516 3920 ﬂumina
3545 3863 3869 3937 cogebatur

2203 3954 2499 4025 trajicere.
2534 3976 2561 4003 ‹‹
2585 3952 2875 4009 Periculis
2907 3953 3228 4009 latronum.
3264 3975 3293 4004 »
3328 3954 3555 4025 Ubique
3584 3952 3869 4009 certami-

2204 4060 2281 4099 na
2300 4043 2814 4114 certaminumque
2828 4043 3072 4115 praemia
3094 4043 3582 4116 proponebantur
3608 4060 3620 4098 :
3644 4042 3869 4114 ubique

2206 4133 2367 4189 enim
2396 4131 2671 4188 diabolus
2700 4131 2981 4203 bellabat,
3008 4131 3272 4189 latrones
3322 4132 3611 4202 excitans,
3663 4136 3871 4205 gentes

2207 4224 2570 4288 Graecorum,
2592 4228 2878 4295 cognatos
2906 4223 3274 4296 Judaaos,qui
3308 4223 3491 4279 etiam
3522 4221 3711 4296 magis
3742 4220 3870 4277 bel-

2206 4311 2431 4380 labant,
2460 4310 2730 4367 dolentes
2750 4312 3191 4368 aclacessentes
3205 4318 3448 4385 propter
3478 4311 3875 4368 ﬁdem.Locus

2207 4401 2322 4474 ipsi
2380 4407 2578 4457 certus
2607 4418 2729 4458 non
2785 4407 2933 4472 erat,
2966 4420 3087 4458 non
3136 4402 3361 4468 civitas,
3392 4418 3513 4458 non
3544 4400 3876 4468 desertum,

433 4515 557 4555 non
583 4496 745 4553 aliud
777 4494 1123 4568 quidquam.
1159 4514 1188 4543 ‹‹
1225 4491 1513 4547 Periculis
1564 4491 1722 4545 inter
1781 4490 1963 4546 falsos
2020 4490 2256 4547 fratres.
2323 4511 2350 4539 ››
2384 4490 2529 4545 Vide
2569 4490 2731 4546 aliud
2790 4492 3196 4563 periculorum
3254 4508 3446 4565 genus
3487 4489 3644 4562 quod
3664 4505 3871 4563 prove-

441 4587 647 4645 niebat
672 4603 742 4643 ex
776 4584 1071 4641 simulatis
1105 4588 1163 4638 et
1199 4581 1346 4637 falso
1378 4581 1703 4637 nominatis
1734 4579 2038 4635 fratribus.
2074 4577 2401 4635 Considera
2428 4595 2565 4636 vero
2602 4596 2615 4634 :
2648 4580 2936 4652 pericula,
2974 4580 3216 4637 labores
3278 4597 3346 4636 ac
3404 4579 3712 4643 molestim,
3754 4577 3882 4635 haec

446 4694 686 4735 rursum
717 4675 985 4748 pericula
1014 4671 1413 4745 excipiebant,
1448 4687 1558 4726 nec
1588 4670 1886 4743 respirare
1917 4668 2191 4725 dabatur.

519 4767 605 4820 Ἐν
658 4763 812 4838 λιμῷ
870 4763 959 4818 καὶ
1027 4759 1194 4836 δίψει,
1255 4759 1306 4815 ὲν
1366 4758 1638 4829 νηστείαις
1703 4756 2001 4824 πολλάκις,
2049 4754 2085 4812 ἐκ

2284 4759 2386 4827 XI,
2416 4758 2615 4815 27-29.
2652 4778 2674 4806 σ
2706 4760 2773 4814 In
2796 4758 2953 4815 fame
2984 4764 3043 4815 et
3085 4758 3205 4825 siti,
3237 4759 3300 4814 in
3322 4758 3577 4831 jejuniis
3607 4772 3787 4828 saepe,
3817 4757 3880 4815 in

451 4855 618 4931 ψύχει
657 4853 747 4909 καὶ
794 4851 1121 4929 γυμνότητι.
1174 4848 1357 4924 Χωρὶς
1414 4853 1523 4905 τῶν
1578 4848 1846 4923 παρεκτὸς
1899 4849 1936 4917 ἡ
1995 4846 2110 4902 ἐπι-

454 4942 707 5006 σύστασίς
788 4962 893 5016 μου
950 4944 985 5011 ἠ
1059 4941 1392 5015 καθημὲραν,
1469 4940 1504 5009 ἡ
1593 4937 1828 5014 μέριμνα
1919 4940 2109 4993 πασῶν

452 5038 563 5090 τῶν
598 5032 959 5102 Ἐκκλησιῶν.
1013 5029 1110 5091 Τίς
1155 5028 1388 5096 ἀσθενεῖ,
1445 5027 1536 5083 καὶ
1596 5027 1695 5082 οὐκ
1742 5026 1949 5082 ἀσθενω
1982 5044 1996 5097 ;
2026 5023 2109 5088 τίς

455 5121 888 5193 σκανδαλίζεται,
918 5120 1008 5175 καὶ
1036 5120 1135 5175 οὐκ
1163 5117 1273 5194 ἐγὼ
1298 5122 1575 5193 πυροῦμαι
1608 5135 1622 5186 ;

533 5215 821 5288 Πανταχοῦ
835 5213 933 5279 τῆς
949 5208 1336 5278 οῗκονουυὲνηρ
1358 5206 1450 5262 καὶ
1470 5214 1570 5276 τῆς
1597 5206 1886 5277 ἀοικήτου,
1904 5207 2111 5283 ἀγῶνες

457 5306 589 5374 ἦσαν
620 5303 710 5358 καὶ
743 5298 953 5368 στάδια,
987 5298 1039 5355 ἒν
1091 5303 1185 5374 γῇ,
1244 5295 1295 5353 ἒν
1324 5296 1589 5370 θαλάσσῃ,
1644 5294 1861 5369 ἔσωθεν,
1892 5289 2110 5369 ἔξωθεν,

454 5392 603 5466 παρᾶ
655 5394 764 5445 τῶν
816 5387 1056 5457 οἰκείων,
1085 5387 1233 5463 παρᾶ
1272 5391 1377 5441 τῶν
1433 5382 1768 5460 ἀλλοτρίων,
1825 5385 1971 5461 παρᾶ
1998 5388 2106 5440 τῶν

455 5483 727 5558 συγγενῶν
777 5476 923 5549 παρὰ
950 5480 1058 5532 τῶν
1116 5472 1465 5531 ἒπιπλάσνων
1517 5469 1784 5553 ἀδελφῶν.
1820 5473 1926 5529 Καί
1983 5469 2110 5528 οὐδὲ

425 5560 557 5640 ίτῆς
615 5568 905 5648 ἀναγκαίας
953 5565 1183 5639 ηὐπόρει
1234 5566 1467 5643 τροφῆς,
1498 5559 1630 5619 οὐδὲ
1685 5560 1855 5639 ψιλοῦ
1907 5563 2109 5619 σκεπά-

527 5753 574 5790 το
602 5753 732 5810 Cor.
769 5754 858 5821 ιιι,
888 5752 978 5810 ει.

2222 4870 2251 4899 ‹‹
2284 4847 2504 4921 frigore
2522 4854 2580 4904 et
2602 4848 2869 4905 nuditate
2883 4854 3098 4921 prmter
3114 4865 3185 4904 ea
3200 4866 3332 4920 quas
3350 4847 3719 4905 extrinsecus
3732 4848 3885 4903 acci-

2225 4961 2252 4990 ‹‹
2279 4938 2932 5012 dunt,con5pirationes
2965 4941 3026 4995 in
3052 4956 3148 4995 me
3180 4939 3561 5011 quotidianae,
3591 4954 3732 4994 cura
3762 4954 3885 4995 om-

2225 5050 2252 5080 ι(
2290 5027 2461 5084 nium
2486 5028 3052 5095 Ecclesiarum.Quis
3073 5029 3499 5098 inﬁrmatur,et
3523 5043 3629 5101 ego
3650 5043 3774 5083 non
3791 5026 3885 5081 in-

2227 5141 2256 5169 «
2291 5119 2504 5175 ﬁrmor
2526 5118 2555 5174 ?
2579 5118 2719 5184 Quis
2753 5119 3097 5188 offenditur,
3130 5125 3189 5175 et
3218 5136 3322 5192 ego
3350 5135 3469 5174 non
3499 5134 3645 5173 uror
3669 5117 3698 5173 ?
3728 5140 3758 5166 »

2292 5208 2358 5263 In
2389 5208 2551 5264 omni
2575 5208 2737 5264 orbis
2762 5208 2892 5265 loco
2916 5215 3026 5265 tam
3045 5209 3359 5265 habitabili
3391 5224 3569 5279 quam
3591 5206 3883 5263 inhabita-

2219 5298 2349 5367 bili,
2382 5300 2712 5355 certamina
2743 5306 2912 5356 erant
2940 5306 2999 5355 et
3023 5300 3307 5356 exercitio
3337 5317 3350 5356 :
3387 5300 3448 5355 in
3480 5299 3727 5356 terrain
3751 5312 3880 5352 ma-

2220 5388 2304 5453 ri;
2338 5388 2518 5453 intus,
2552 5388 2696 5445 foris
2721 5405 2734 5456 ;
2755 5405 2789 5445 a
2821 5390 3095 5463 propriis,
3129 5388 3201 5445 ab
3232 5389 3488 5456 alienis;
3527 5405 3562 5444 a
3591 5385 3879 5459 cognatis,

2220 5494 2255 5533 a
2284 5477 2438 5534 fictis
2467 5478 2772 5537 fratribus.
2810 5480 2963 5536 092
2990 5480 3061 5535 Et
3087 5496 3161 5535 ne
3194 5478 3600 5537 necessarium
3634 5473 3878 5547 quidem

2218 5566 2570 5625 alimentum
2600 5576 2703 5627 aut
2730 5569 2959 5627 nudum
2990 5575 3399 5644 tegumentum
3419 5563 3771 5642 suppetebat
3788 5577 3884 5619 or-
