4098 6400
273 291 430 353 1059

1394 279 1825 342 ωΟυΜΕΝΙΙ
1872 278 2175 342 ΤΗΙΟΟΔ
2222 285 2602 350 EPISCOPI.

3528 283 3688 345 1060

266 428 358 485 bis
389 425 739 502 praeceptori
774 440 787 481 :
820 423 927 479 sed
956 421 1153 479 nudus
1180 418 1465 486 certabat,
1489 425 1549 476 et
1578 418 1733 476 fame
1756 434 1919 493 pres-

2036 435 2265 491 σματος,
2300 420 2328 477 6
2357 426 2457 492 τῆς
2491 420 2816 496 οἰκουμένης
2873 417 3222 491 διδάσκαλος,
3278 418 3425 476 ἀλλὰ
3478 419 3689 495 γυμνὸς

270 537 371 578 sus
399 516 837 592 pugnabat.Nec
869 513 1064 570 solum
1108 528 1232 569 non
1291 510 1787 576 discruciabatur,
1823 525 1923 565 ve-

267 627 400 668 rum
437 610 612 663 etiam
644 605 862 679 gratias
884 604 1095 675 agebat
1110 602 1482 676 agonothetas
1509 602 1924 657 Christo.Con-—

268 700 465 758 sidera
498 715 629 753 vero
664 695 823 768 quod
856 695 1147 751 universis
1179 711 1310 766 qum
1356 710 1565 765 passus
1623 698 1713 747 est
1759 708 1927 747 enar-

265 791 429 853 ratis,
464 804 585 843 non
617 786 762 842 dicit
798 785 979 861 quod
1004 783 1362 840 converterit
1413 788 1472 838 et
1521 781 1594 837 ad
1626 782 1924 838 Christum

264 874 1060 945 adduxerit,simul'quidem
1087 872 1352 927 modeste
1383 888 1445 928 se
1476 888 1708 944 gerens,
1743 868 1923 926 simul

263 984 498 1039 quoque
535 966 757 1021 docens
826 962 985 1035 quod
1018 963 1156 1018 licet
1189 961 1336 1016 nihil
1401 961 1661 1032 amplius
1712 961 1925 1016 fuisset

265 1073 445 1129 quam
479 1055 639 1128 quod
672 1053 975 1110 laboribus
1008 1052 1183 1106 fuerit
1214 1050 1586 1123 defatigatus,
1616 1051 1699 1106 ita
1730 1056 1929 1105 tamen

264 1146 457 1202 adhuc
489 1145 610 1199 sint
640 1143 888 1217 przrmia
908 1141 1187 1214 reposita.
1218 1167 1237 1189 ιι
1266 1141 1562 1196 Przeterea
1592 1156 1662 1196 ea
1682 1156 1813 1212 qua:
1836 1154 1927 1194 ex~

263 1234 559 1290 trinsecus
601 1232 899 1287 accidunt.
938 1253 960 1281 ι
998 1229 1176 1284 Plura
1208 1244 1467 1300 namque
1525 1227 1933 1300 praetermissa

267 1329 438 1379 erant
468 1339 646 1394 quam
679 1337 748 1377 ea
777 1338 907 1393 qum
942 1324 1290 1375 enumerata
1316 1324 1493 1375 sunt:
1522 1319 1709 1393 magis
1731 1324 1930 1374 autem

268 1430 344 1469 ne
358 1429 427 1469 ea
441 1411 680 1484 quidem
708 1427 838 1482 quea
857 1409 1015 1465 dicta
1037 1407 1436 1481 sunt.singula
1457 1408 1519 1463 in
1539 1408 1734 1480 specie
1758 1407 1927 1474 dixit,

270 1503 375 1559 sed
405 1518 475 1558 ea
501 1506 730 1557 tantum
761 1515 1015 1572 quorum
1037 1514 1321 1554 numerus
1344 1498 1516 1553 facile
1535 1497 1931 1570 comprehen-

269 1593 328 1649 di
376 1596 627 1664 poterat,
660 1588 914 1645 dicendo
942 1607 954 1645 :
1008 1610 1035 1639 ‹‹
1070 1587 1415 1659 Quinquies,
1447 1607 1469 1637 ο
1502 1592 1559 1643 et
1591 1612 1617 1637 ι(
1650 1588 1779 1652 Ter,
1813 1608 1840 1636 ιδ
1873 1590 1932 1640 et

269 1708 295 1735 ι(
326 1685 456 1751 Ter,
489 1705 516 1734 ιι
553 1688 612 1737 et
647 1703 667 1732 ι
705 1678 918 1736 Semel.
941 1702 968 1729 ››
999 1680 1260 1744 Quorum
1279 1683 1478 1733 autem
1502 1693 1788 1734 numerus
1803 1682 1931 1732 erat

267 1774 494 1830 multus
525 1777 583 1828 et
623 1768 1156 1843 incognitus,silet.
1199 1773 1253 1823 et
1276 1767 1420 1823 dicit
1484 1788 1504 1816 ι
1539 1767 1865 1839 Copiosius,
1894 1788 1922 1816 »
1957 1791 2004 1857 B

268 1869 327 1919 et
356 1887 383 1912 ‹‹
419 1862 607 1934 Supra
639 1859 907 1923 modum,
944 1883 964 1912 ι
1005 1864 1062 1914 et
1102 1880 1121 1906 ι
1156 1858 1344 1929 Saepe.
1379 1881 1406 1906 »
1438 1857 1927 1928 Conspirationes

268 1958 467 2009 autem
500 1951 644 2007 dicit
673 1965 1022 2006 communes
1035 1965 1102 2004 ac
1117 1947 1434 2003 unanimes
1456 1947 1731 2003 incursus
1748 1964 1780 2002 a
1796 1963 1926 2018 per-

269 2038 1117 2110 secutoribus.Conspiraruut.
1156 2036 1369 2108 inquit,
1403 2036 1462 2091 in
1495 2052 1591 2092 me
1623 2035 1926 2092 communi

267 2129 538 2187 consilio.
575 2154 601 2179 α
637 2131 789 2185 Cura
820 2128 1087 2184 omnium
1117 2125 1536 2181 Ecclesiarum.
1574 2149 1599 2174 ››
1658 2125 1710 2181 Si
1766 2125 1925 2181 enim

267 2221 583 2294 prmt‘ectus
615 2218 914 2291 quispiam
946 2216 1125 2273 unius
1185 2214 1429 2271 familia)
1497 2232 1572 2271 ne
1630 2216 1927 2287 respirare

265 2310 505 2383 quidem
533 2312 748 2381 potest,
781 2306 923 2378 quid
948 2305 1270 2361 verisimile
1294 2311 1420 2361 erat
1446 2305 1566 2377 pati
1588 2305 1927 2377 apostolum

262 2399 364 2471 qui
394 2398 552 2455 inter
585 2404 747 2454 tanta
775 2395 1041 2469 pericula
1083 2394 1344 2450 universi
1375 2394 1536 2450 orbis
1584 2410 1788 2451 curam
1821 2394 1930 2452 ha-

264 2488 444 2544 bebat
470 2487 499 2542 ⁸2
530 2512 556 2537 α
593 2488 734 2553 Quis
764 2486 1106 2541 infirmatur
1136 2490 1196 2540 et
1243 2500 1348 2557 ego
1409 2500 1529 2540 non
1570 2484 1859 2540 inﬂrmor.
1895 2506 1924 2535 »

263 2582 348 2633 Ac
369 2594 443 2633 ne
476 2576 617 2649 quis
646 2576 804 2632 dicat
833 2574 993 2646 quod
1025 2590 1230 2630 curam
1263 2572 1506 2644 quidem
1536 2572 1814 2640 habebat,
1867 2578 1929 2631 at

267 2684 390 2724 non
422 2682 722 2739 magnam,
754 2667 922 2736 ponit
978 2669 1037 2720 et
1093 2680 1250 2719 curae
1307 2663 1729 2719 intonsionem.
1785 2663 1926 2729 Quis

265 2752 1076 2825 infirmatur,inquit,quavis
1116 2752 1468 2825 aegritudine
1494 2768 1599 2807 seu
1631 2752 1926 2824 spirituali

263 2862 370 2902 seu
402 2845 714 2914 carnali,et
745 2859 848 2916 ego
897 2858 1019 2897 non
1083 2841 1398 2897 inﬁrmor?
1428 2843 1552 2897 Non
1612 2842 1776 2907 dicit,
1833 2841 1930 2896 So-

261 2935 387 2991 cius
419 2941 475 2989 et
507 2935 802 3006 particeps
863 2949 993 2987 sum
1055 2931 1448 3003 aegritudinis,
1483 2930 1607 3000 sed,
1653 2930 1843 2986 Veluti
1876 2930 1927 2987 is

261 3027 388 3098 ipse
419 3025 519 3097 qui
555 3023 893 3079 inﬁrmatur
921 3022 1005 3076 ita
1034 3021 1387 3076 afﬁcior.Ait
1416 3026 1615 3076 autem
1652 3037 1664 3075 :
1691 3042 1719 3070 «
1750 3020 1922 3087 Quis»

265 3115 385 3170 sive
416 3130 668 3186 magnus
700 3112 822 3169 sive
849 3111 983 3166 vilis
1017 3116 1120 3166 aut
1148 3110 1437 3181 abjectus,
1477 3134 1494 3157 -
1541 3110 1681 3175 Quis
1739 3111 1929 3166 offen-

269 3205 430 3261 ditur
448 3204 476 3258 εἴ
499 3228 520 3255 υ
539 3202 864 3258 Considera
880 3200 1178 3273 quomodo
1212 3216 1448 3255 rursum
1481 3198 1928 3256 exuberantiam

268 3295 490 3352 doloris
524 3293 903 3366 expresserit.
940 3291 1249 3355 Incendor,
1284 3290 1497 3361 inquit,
1531 3295 1591 3345 et
1646 3307 1806 3347 uror.
1861 3292 1932 3346 Et

2026 506 2351 585 ἠγωνίζετο,
2383 510 2474 567 καὶ
2535 510 2829 587 λιμώττων
2890 509 3166 567 ἐπύκτευε.
3228 508 3331 568 Καὶ
3390 507 3451 565 ού
3513 508 3680 583 μόνον

2028 596 2129 653 οὐκ
2176 597 2548 677 ἐδυσχέραινεν
2585 646 2600 671 ,
2680 600 2827 658 ἀλλὰ
2890 599 2980 656 καὶ
3040 599 3203 679 χάριν
3263 595 3656 673 ὡμολόγειτῷ

2027 685 2337 762 ἀγωνοθέτῃ
2385 691 2628 766 Χριστῷ.
2687 692 2824 768 Ὅρα
2882 688 2961 753 δὲ,
3019 689 3187 746 εἰπὼν
3243 690 3341 744 ὅσα
3398 690 3686 759 πέπονθεν,

2031 775 2096 830 οὐ
2129 773 2280 854 λέγει
2311 778 2470 841 ὅσους
2526 778 2821 855 ἰπέστρεψε
2872 779 2964 833 καὶ
3020 781 3241 854 Χριστῷ
3296 779 3689 853 προσήνεγκεν,

2030 865 2173 936 ὁμοῦ
2206 867 2303 939 μὲν
2337 868 2665 942 μετριάζων,
2720 870 2861 942 ὁμοῦ
2895 866 2952 924 δὲ
3004 866 3299 937 διδάσκων,
3332 868 3416 921 δτι
3446 865 3541 921 κᾶν
3579 888 3690 940 μη-

2032 952 2118 1010 δὲν
2145 959 2364 1030 γένηται
2394 956 2564 1013 πλέον
2612 963 2692 1032 τῷ
2750 959 3093 1031 πονουμένῳ,
3151 956 3242 1012 καὶ
3301 955 3444 1011 οὕτω
3482 956 3550 1011 τὰ
3576 960 3688 1011 τῶν

2035 1047 2241 1117 μισθῶν
2276 1045 2385 1101 ἑστι
2438 1044 2868 1123 πεπληρωμένα.
2902 1073 2929 1099 (ι
2961 1046 3144 1122 Χωρτς
3197 1050 3304 1101 τῶν
3336 1044 3625 1119 παρεκτός.
3660 1067 3690 1097 ιο

2032 1134 2269 1191 Πλεῖονα
2298 1136 2402 1212 γὰρ
2433 1137 2501 1207 ἧν
2562 1139 2631 1193 τά
2685 1137 3140 1217 παραλελὶθεντα,
3198 1139 3308 1190 τῶν
3370 1134 3687 1210 ἀπαριθμη-

2033 1225 2252 1284 θέντων.
2290 1224 2519 1282 Μαλλον
2549 1223 2607 1283 Si
2636 1223 2761 1283 οὐδε
2818 1226 2957 1281 αὐτά
3011 1226 3078 1280 τὰ
3128 1222 3360 1301 ρηθέντα
3398 1225 3514 1279 κατ’
3542 1221 3686 1286 εἶδος

2032 1313 2176 1370 εἶπεν
2235 1316 2452 1372 amna
2571 1316 2586 1333 ‘
2716 1313 2742 1331 ¹’
3163 1315 3176 1332 '
3412 1314 3425 1331 ‘
3575 1313 3597 1333 '

2131 1357 2151 1369 .
2190 1360 2203 1383 ,
2452 1339 2468 1370 ι
2530 1337 2627 1390 μεν
2686 1334 2962 1387 ευΛηπτος
3029 1315 3095 1385 ἧν
3156 1333 3184 1371 ο
3228 1313 3490 1390 ἀριθμος,
3548 1332 3685 1384 um,

2037 1429 2060 1453 ἰ
2096 1410 2354 1467 Πενταιιις
2395 1429 2421 1458 ››
2458 1404 2651 1481 λέγων,
2685 1404 2778 1461 καὶ
2837 1429 2866 1459 ‹‹
2906 1405 3062 1480 Τρῖς,
3098 1427 3126 1456 ››
3183 1403 3297 1471 καὶ,
3360 1429 3386 1456 (ι
3422 1403 3621 1473 Ἀπαξ.
3659 1426 3689 1455 »

2032 1499 2125 1549 Ὧν
2186 1491 2244 1550 δὶ
2294 1495 2361 1565 ἦν
2418 1493 2639 1572 ἄπειρος
2697 1496 2726 1550 6
2795 1494 3025 1571 ἀριθμὸς
3059 1538 3074 1565 ,
3162 1497 3345 1564 σιωπᾷ
3391 1492 3483 1548 καὶ
3531 1512 3688 1571 φησι,

2034 1608 2062 1635 ‹‹
2125 1586 2554 1657 Περισσοτέρως,
2617 1608 2645 1637 ››
2714 1584 2827 1654 καὶ,
2896 1577 3517 1656 «Ὑπερϐαλλόντωςμι
3572 1580 3687 1652 καί,

2036 1695 2063 1724 ‹‹
2127 1669 2425 1734 Πολλάκις.
2481 1697 2508 1723 ››
2570 1673 2978 1735 Ἐπισυστάσεις
3034 1668 3093 1727 δέ
3157 1692 3315 1744 φησι,
3374 1670 3469 1732 τὰς
3527 1672 3689 1743 κοινῇ

2034 1761 2179 1836 παρὰ
2228 1766 2337 1816 τῶν
2398 1758 2648 1816 διωκτῶν
2697 1759 2944 1841 ἐφόδους.
3008 1760 3331 1816 Συνίσταντο
3361 1760 3488 1835 γάρ,
3531 1757 3689 1839 φησί,

2037 1858 2154 1924 μετ’
2231 1849 2369 1924 ἐμοῦ
2443 1852 2664 1928 γνώμῃ.
2745 1877 2772 1903 ‹‹
2831 1852 2893 1907 Ἦ
2988 1852 3227 1927 μέριμνα
3309 1854 3495 1906 πασῶν
3584 1853 3692 1905 τῶν

2034 1948 2398 2019 Ἐκκλησιῶν.
2436 1974 2461 2001 υ
2495 1952 2670 2006 Τοῦτο
2714 1949 2777 2005 τὸ
2808 1949 3105 2027 κεφάλαιον
3161 1946 3429 2006 ἁπάντων.
3490 1947 3552 2004 Εἴ
3583 1948 3688 2026 γὰρ

2036 2043 2164 2112 μιᾶς
2192 2059 2246 2094 τι
2303 2043 2620 2111 προστατῶν
2681 2037 2856 2100 οἷκῖας
2906 2036 3033 2093 οὐδὲ
3088 2037 3343 2094 ἀναπνεῖν
3400 2036 3603 2112 ὶσχύει,
3637 2035 3691 2092 τί

2033 2127 2266 2203 πάσχειν
2300 2127 2441 2190 εἰκὸς
2476 2127 2541 2196 ἦν
2570 2128 2662 2183 τὸν
2708 2124 3040 2194 ἀπόστολον,
3095 2128 3231 2200 μετᾶ
3266 2146 3544 2181 τοσουτων
3573 2146 3692 2182 κιν-

2036 2213 2232 2283 δύνων,
2275 2215 2453 2286 πάσης
2487 2218 2893 2291 προνοούμενον
2943 2222 3043 2287 τῆς
3103 2216 3482 2289 οἱκουμένηςς
3537 2243 3564 2268 «
3591 2217 3694 2280 Τίς

2032 2305 2244 2361 ἀσθενεῖ
2297 2305 2387 2362 καὶ
2421 2305 2520 2363 οὐκ
2551 2306 2758 2362 ἀσθενῶ
2791 2325 2807 2377 ς
2845 2331 2872 2359 ››
2906 2305 3004 2362 Καὶ
3032 2304 3124 2361 ἳνα
3181 2308 3256 2378 μή
3297 2324 3382 2367 τις
3415 2304 3567 2378 εῗπῇ,
3603 2306 3691 2361 ὅτι

2032 2394 2297 2470 ἐμερίμνα
2335 2395 2457 2471 μέν,
2519 2393 2668 2466 πλὴν
2725 2395 2787 2451 οὐ
2840 2395 2998 2466 πανν,
3060 2393 3207 2472 λέγει
3258 2398 3357 2460 τῆς
3415 2393 3690 2470 μερίμνης

2031 2486 2131 2553 τὴν
2159 2483 2425 2543 ἐπίτασιν.
2462 2486 2561 2549 Τίς
2627 2484 2856 2555 ἀσθενεῖ,
2891 2484 3077 2563 φησὶν,
3126 2482 3242 2540 οῖαν
3274 2481 3469 2559 βούλει
3530 2483 3691 2548 ἀσθέ-

2034 2595 2176 2630 νειαν
2238 2578 2613 2649 πνευματικήν
2680 2596 2739 2631 τε
2796 2576 2888 2632 καὶ
2928 2576 3215 2649 σαρκικήν,
3276 2573 3366 2630 καὶ
3426 2574 3528 2630 οὐκ
3579 2572 3692 2651 ἐγὼ

2034 2664 2237 2719 ἀσθενῶ
2264 2684 2277 2735 ;
2311 2664 2426 2722 Οὐκ
2456 2666 2573 2720 εἷπε
2603 2669 2872 2721 Κοινωνῶ
2899 2670 3000 2733 τῆς
3032 2663 3351 2727 Ἀσθενείας.
3400 2660 3556 2719 Ἀλλ’
3600 2663 3691 2726 Ὠς

2040 2753 2205 2815 αὐτὸς
2239 2752 2312 2809 ὢν
2343 2756 2371 2809 6
2402 2754 2657 2822 ἀσθενῶν,
2691 2754 2863 2819 οὕτως
2893 2751 3195 2829 διάκειμαι.
3227 2754 3300 2809 Τὸ
3334 2748 3412 2824 δὲ,
3446 2777 3474 2806 ‹‹
3508 2753 3625 2820 Τίς,
3658 2776 3691 2808 »

2032 2841 2128 2898 κᾶν
2192 2844 2357 2919 μέγας
2418 2846 2572 2922 φησί,
2628 2845 2727 2901 κᾶν
2787 2843 3036 2915 εὐτελής.
3093 2870 3120 2897 (ι
3180 2844 3277 2906 Τίς
3337 2838 3692 2912 σκανδαλίζε-

2032 2954 2120 2988 ται
2163 2952 2241 3003 ;››
2275 2939 2414 3007 Ὅρα
2461 2932 2625 2989 πάλιν
2685 2935 2803 2996 πῶς
2854 2934 3159 3009 παρέστησε
3214 2932 3314 3001 τήν
3372 2926 3687 3006 ὑπερϐολὴν

2032 3026 2129 3092 τῆς
2160 3020 2378 3094 ὀδύνης.
2414 3024 2867 3100 Ἐμπίμπραμαι,
2929 3022 3085 3100 φησὶ,
3143 3022 3234 3077 καὶ
3292 3022 3539 3096 καίομαι,
3584 3021 3684 3078 Καί

2039 3114 2106 3167 τα
2135 3114 2229 3186 μὶν
2265 3111 2409 3170 ἀλλα
2443 3114 2692 3190 πάσχων,
2725 3114 2813 3170 καὶ
2845 3110 3030 3183 ἥδετο,
3063 3109 3222 3174 εἰδὼς
3280 3111 3414 3183 ὑπὲρ
3448 3114 3681 3187 Χριστοῦ

2041 3204 2270 3278 πάσχειν
2332 3202 2440 3259 ὦδε
2492 3201 2549 3260 δὲ
2582 3247 2596 3275 ,
2652 3203 3063 3276 διετιτρώσκετο
3119 3203 3218 3272 τήν
3279 3202 3491 3278 ψυχὴν,
3552 3200 3692 3256 ὥστε

2038 3297 2199 3348 τοῦτο
2230 3292 2422 3350 πλεῖον
2456 3292 2601 3364 ἠνία.

271 3384 391 3440 alia
446 3383 691 3454 quidem
738 3381 972 3453 patiens
1028 3380 1208 3435 etiam
1266 3378 1604 3451 gaudebat:
1673 3380 1868 3436 sciens
1927 3383 2090 3453 quod
2147 3401 2253 3456 pro
2310 3385 2539 3441 Christo
2578 3389 2915 3457 pateretur;
2960 3383 3054 3439 hic
3106 3388 3305 3439 autem
3366 3382 3429 3437 in
3487 3381 3691 3439 anima

269 3472 694 3529 vulnerabatur
726 3488 739 3528 :
773 3471 973 3541 itaque
1005 3470 1118 3525 hoc
1140 3469 1326 3541 magis
1356 3468 1627 3542 angebat.

339 3563 433 3632 XI,
464 3563 533 3616 26
567 3561 653 3615 33.
690 3582 716 3610 (ι
748 3560 803 3615 Si
830 3558 1071 3632 gloriari
1095 3563 1348 3628 oportet,
1368 3557 1439 3614 de
1464 3558 1556 3612 his
1580 3574 1710 3629 quas
1759 3558 1926 3614 infir-

269 3677 290 3702 ι
321 3651 542 3708 mitatis
565 3666 712 3705 mem
728 3654 865 3705 sunt
877 3646 1197 3721 gloriabor.
1235 3647 1388 3703 Deus
1412 3654 1471 3702 et
1497 3649 1670 3704 Pater
1690 3647 1927 3704 Domini

268 3768 286 3793 ι
320 3741 656 3798 nostriJcsu
671 3738 1001 3809 Christiqui
1028 3742 1117 3793 est
1139 3736 1488 3792 benedictus
1512 3737 1570 3791 in
1596 3737 1929 3794 saeculano-

266 3857 293 3885 ι(
318 3833 399 3887 vit
424 3830 582 3903 quod
614 3847 733 3885 non
758 3828 1030 3885 mentiar.
1057 3829 1123 3882 In
1145 3826 1415 3882 Damasci
1443 3826 1699 3895 civitate,
1729 3828 1925 3900 gentis

263 3941 291 3972 α
317 3922 633 3995 praefectus
692 3917 934 3974 nomine
992 3919 1181 3973 Aretaa
1213 3916 1387 3988 regis,
1411 3916 1693 3973 excubias
1724 3933 1924 3973 serva-

266 4034 293 4061 ‹‹
316 4011 417 4067 bat
447 4011 508 4066 in
538 4011 1042 4065 Damascenorum
1076 4006 1332 4075 civitate,
1365 4007 1613 4078 cupiens
1630 4023 1723 4063 me
1756 4024 1922 4063 com-

270 4122 297 4153 α
327 4097 735 4172 prehendere;
761 4101 817 4151 et
839 4112 945 4168 per
969 4095 1295 4152 fenestram
1318 4095 1379 4150 in
1403 4100 1606 4167 sporta
1626 4095 1923 4154 demissus

265 4211 294 4239 «
326 4189 411 4245 fui
444 4204 552 4260 per
573 4185 812 4254 mania,
848 4184 1143 4258 effugique
1175 4200 1390 4240 manus
1422 4184 1573 4255 ejus.
1610 4205 1637 4233 υ

2108 3560 2177 3617 Εἴ·
2233 3565 2535 3636 καυχᾶσθαι
2596 3560 2724 3632 δεῖ,
2776 3562 2844 3617 τα
2900 3568 2999 3631 τῆς
3058 3559 3331 3622 ἀσθενείας
3393 3579 3497 3632 μου
3557 3578 3691 3613 καυ-

2036 3651 2307 3724 χήσομαι.
2360 3652 2419 3708 Ὀ
2478 3651 2608 3712 Θεὸς
2686 3650 2777 3706 καὶ
2836 3650 3023 3720 Ηατήρ
3083 3651 3181 3703 τοῦ
3239 3648 3445 3722 Κυρίου
3509 3643 3691 3717 Ἰησοῦ

2036 3742 2278 3809 Χριστοῦ
2335 3736 2474 3794 οἶδεν
2565 3740 2593 3794 6
2669 3737 2745 3793 ὢν
2804 3738 3102 3811 εὐλογητὸς
3148 3734 3225 3798 εἰς
3283 3734 3411 3798 τοὺς
3468 3733 3689 3804 αἰῶνας,

2035 3826 2120 3881 ὅτι
2221 3827 2283 3882 ού
2369 3826 2668 3903 ψεύδομαι.
2745 3829 2834 3886 Ἐν
2909 3829 3187 3900 Δαμασκῷ
3280 3825 3307 3879 ὁ
3411 3822 3690 3900 ἐθνάρχης

2036 3916 2231 3989 Ἀρέτα
2286 3923 2383 3972 τοῦ
2466 3915 2759 3993 βασιλέως,
2818 3914 3070 3994 ἐφρούρει
3156 3915 3255 3983 τὴν
3313 3917 3688 3987 Δαμασκηνῶν

2033 4005 2197 4060 πόλιν
2240 4009 2430 4062 πιάσαι
2492 4028 2560 4081 με
2617 4006 2812 4077 θέλων,
2869 4005 2960 4061 καὶ
3020 4001 3108 4060 διὰ
3174 4000 3399 4079 θυρίδος
3447 4001 3502 4058 ἐν
3557 4020 3694 4077 σαρ-

2031 4094 2170 4170 γάνῃ
2204 4093 2514 4171 ἐχαλάσθην
2566 4094 2654 4153 διὰ
2683 4099 2779 4153 τοῦ
2825 4094 3068 4170 τείχους,
3124 4094 3213 4150 καὶ
3276 4091 3535 4171 ἐξέφυγον
3594 4093 3692 4154 τὰς

2040 4185 2229 4261 χεῖρας
2249 4187 2439 4245 αὐτοῦ.

337 4359 491 4416 693
524 4361 603 4417 Ne
636 4358 878 4415 verbum
910 4356 1153 4430 quidem
1183 4356 1326 4411 facit
1383 4355 1455 4412 de
1516 4354 1724 4428 signis.
1785 4357 1925 4412 Nam

2109 4356 2370 4433 Οὐδαμοῦ
2421 4357 2547 4434 περὶ
2579 4357 2825 4433 σημείων
2891 4355 3058 4432 λέγει.
3120 4357 3332 4413 Ἐκεῖνα
3391 4354 3494 4430 γὰρ
3554 4357 3690 4412 Θεοῦ

265 4450 371 4506 illa
399 4448 500 4504 Dei
523 4448 743 4505 donum
775 4453 968 4515 erant,
999 4446 1129 4501 haec
1169 4452 1369 4502 autem
1401 4461 1521 4500 una
1565 4460 1700 4501 cum
1727 4444 1925 4501 divino

264 4539 485 4597 auxilio
520 4537 898 4594 tolerantiam
930 4551 1168 4606 quoque
1189 4535 1375 4606 ipsius
1406 4532 1802 4590 ostendebant
1827 4536 1926 4590 In-

265 4630 608 4686 firmitatem
640 4634 840 4684 autem
865 4631 1034 4681 vocat
1066 4625 1511 4697 persecutiones
1542 4630 1601 4679 et
1637 4623 1922 4680 afﬂictio-

262 4738 370 4777 nes
402 4722 523 4777 sive
578 4717 959 4775 tentationes.
1012 4718 1157 4772 Nam
1212 4718 1338 4771 hmo
1386 4715 1663 4771 humanae
1694 4721 1922 4771 naturaa

264 4818 402 4868 sunt
450 4812 766 4867 infirmitas
800 4827 812 4865 :
848 4825 1065 4880 nempe
1116 4808 1269 4863 fame
1302 4807 1515 4878 premi,
1546 4806 1920 4879 naufragium

264 4902 583 4974 pati,czndi.
617 4906 732 4956 Aut
763 4899 1177 4954 infirmitatem
1218 4896 1480 4968 appellat
1510 4895 1920 4964 atﬂictionem,

265 4989 579 5045 hominum
613 4989 959 5044 inﬁrmitate
991 4988 1099 5043 sibi
1125 4987 1523 5042 illatamNam
1545 4985 1644 5056 qui
1669 4983 1927 5040 offende-

264 5081 485 5137 bantur
514 5087 573 5134 et
602 5080 930 5135 imbecilles
961 5085 1153 5142 erant,
1186 5080 1379 5151 ipsum
1424 5075 1784 5148 affligebant.
1821 5076 1924 5132 Hic

264 5171 627 5242 apostolicus
658 5170 965 5225 character
996 5175 1104 5237 est,
1136 5168 1228 5223 his
1287 5166 1599 5223 texebatur
1650 5165 1923 5237 Evange-

262 5259 541 5315 1ium.«ln
568 5258 836 5313 Damasci
862 5258 1117 5325 civitate,
1149 5257 1341 5329 gentis
1374 5253 1746 5327 praefectus.»
1782 5253 1923 5309 Vide

267 5356 555 5423 quantum
592 5349 769 5404 fuerit
794 5349 1040 5404 bellum.
1074 5350 1207 5420 Ipse
1240 5364 1345 5419 per
1367 5362 1428 5401 se
1477 5342 1793 5415 praefectus
1826 5360 1925 5400 ex-

264 5441 470 5497 cubias
502 5438 772 5495 servabat
800 5438 862 5492 in
895 5437 1279 5493 civitate.Nisi
1310 5442 1510 5491 autem
1545 5432 1757 5487 Paulus
1787 5450 1926 5489 con-

238 5539 356 5588 -tra
384 5530 753 5589 adversarios
798 5530 1182 5586 vehementer
1216 5541 1500 5584 accensus
1523 5523 1753 5593 fuisset,
1813 5541 1923 5582 ne-

266 5638 564 5693 quaquam
596 5620 670 5677 ad
702 5626 927 5678 tantam
976 5620 1272 5676 insaniam
1331 5614 1523 5687 gentis
1576 5615 1921 5685 prasfectum

2038 4445 2213 4523 δῶρον
2245 4449 2333 4518 ἦν.
2366 4452 2545 4503 Ταῦτα
2576 4445 2653 4517 δὲ,
2708 4446 2844 4521 μετά
2897 4452 2997 4515 τῆς
3050 4450 3147 4500 τοῦ
3195 4447 3328 4501 Θεοῦ
3385 4444 3564 4519 ῥοπῆς
3594 4442 3685 4499 καὶ

2033 4539 2135 4607 τήν
2192 4537 2283 4593 ἀπ’
2330 4538 2500 4592 αὐτοῦ
2587 4538 2873 4611 ὑπομονὴν
2962 4533 3189 4591 ἐδείκνυ.
3275 4532 3575 4591 Ἀσθένειαν
3634 4529 3691 4588 δὶ

2032 4626 2193 4683 καλεῖ
2220 4628 2351 4688 τοὺς
2402 4625 2681 4703 διωγμοὺς
2738 4627 2829 4681 καὶ
2894 4624 3022 4688 τοὺς
3083 4622 3441 4699 πειρασμούς.
3510 4625 3692 4680 Ταῦτα

2030 4717 2134 4793 γὰρ
2188 4713 2433 4772 ἀσθένεια
2498 4723 2597 4786 τῆς
2681 4715 3032 4791 ἀνθρωπίνης
3092 4713 3300 4791 φύσεως
3357 4714 3419 4767 τὸ
3474 4710 3695 4784 λιμώτ-

2033 4828 2143 4863 τειν
2203 4808 2265 4861 τὸ
2346 4810 2594 4881 ναυαγεῖν
2632 4848 2646 4874 ,
2731 4806 2796 4860 τὸ
2872 4802 3229 4875 πλήττεσθαι.
3289 4803 3358 4857 Ἦ
3417 4801 3687 4866 ἀσθένειαν

2032 4896 2212 4965 καλεῖ,
2268 4898 2369 4966 τήν
2401 4896 2493 4952 διὰ
2529 4899 2632 4967 τήν
2662 4897 2938 4961 ἀσθένειαν
2999 4899 3106 4949 τῶν
3176 4893 3476 4968 ἀνθρώπων
3540 4913 3690 4969 γινο·

2037 4986 2203 5061 μένην
2235 4986 2382 5061 αὐτῷ
2431 4984 2638 5061 θλίψιν.
2699 4982 3197 5056 Σκανδοιλιζόμενοι
3256 4982 3356 5058 γὰρ
3407 4980 3690 5036 ἀσθενοῦν-

2031 5096 2143 5142 τες,
2175 5071 2392 5132 ἔθλιϐον
2438 5076 2621 5133 αὐτόν.
2684 5074 2859 5138 Οὗτος
2890 5075 2918 5129 6
2949 5070 3317 5134 ἀποστολικὸς
3377 5071 3688 5145 χαρακτήρ.

2035 5166 2133 5221 Διά
2161 5166 2369 5221 τούτων
2400 5166 2652 5246 ὐφαίνετο
2707 5166 2770 5220 τὸ
2823 5163 3187 5241 Εὖαγγέλιον.
3227 5186 3247 5213 α
3286 5162 3372 5216 Ἐν
3416 5162 3688 5233 Δαμασκῷ

2036 5255 2064 5309 6
2094 5253 2385 5333 ἐθνάρχης.
2423 5279 2450 5306 ››
2481 5254 2583 5310 Θέα
2639 5255 2731 5309 τὸν
2800 5251 3045 5323 πύλεμον
3106 5250 3256 5314 ὅσος.
3327 5250 3405 5305 Δι’
3435 5250 3630 5303 ἑαυτοῦ
3661 5247 3689 5303 6

2034 5342 2223 5418 ἄρχων
2251 5342 2504 5422 ἐφρούρει
2551 5346 2650 5414 τὴν
2683 5343 2871 5401 πόλιν.
2928 5340 2994 5399 Εἴ
3052 5338 3108 5396 δὲ
3170 5341 3246 5413 μή
3307 5336 3483 5401 πολὺς
3540 5335 3690 5393 ἔπνει

2031 5435 2168 5488 κατὰ
2225 5437 2332 5488 τῶν
2418 5430 2924 5506 ἀνυιδ.ατιθεμένων
2998 5432 3027 5485 6
3110 5433 3352 5499 Παῦλος,
3437 5426 3543 5483 ούκ
3626 5424 3688 5481 ἂν

2034 5523 2109 5587 εἰς
2164 5523 2432 5595 τοσαύτην
2511 5523 2684 5597 ἀνῆψε
2756 5528 2847 5577 τόν
2924 5518 3196 5595 ἐθνάρχην
3295 5514 3509 5592 μανίαν,
3614 5514 3691 5579 ὡς

2031 5613 2121 5669 καὶ
2173 5613 2273 5682 τὴν
2330 5609 2493 5668 πόλιν
2553 5631 2806 5690 φρουρελν
2866 5607 2934 5665 δι’
2997 5608 3179 5667 αὐτόν.
3253 5630 3282 5662 ι‹
3343 5606 3538 5682 Ἀρέτα
3593 5607 3692 5662 τοῦ
