4098 6390
391 288 542 351 1081

1352 289 1776 352 COMMENT.
1827 286 2203 398 IN'EPIST.
2248 290 2301 351 ll
2345 291 2453 352 AD
2499 292 2875 354 GORINTH.

3646 296 3805 358 1062

381 419 675 495 βασιλέως.
739 444 759 471 ι
820 420 881 476 ’0
941 420 1201 494 Πενθερὸς
1254 419 1501 496 Ἡρώδου
1558 424 1626 492 ἦν
1685 422 1713 477 ὁ
1795 421 2035 498 Ἀρέτας.

2174 424 2544 492 lccendisset,
2573 432 2639 482 ut
2683 427 2863 482 etiam
2922 442 3030 498 per
3081 427 3345 498 seipsum
3403 426 3683 484 excubias
3739 429 3804 485 in

349 533 417 570 ,ιι
453 508 548 565 Καὶ
593 506 683 564 διὰ
736 505 955 584 θυρίδος
1016 508 1066 564 ἐν
1127 510 1391 588 σαργάνῃ.
1427 535 1455 564 ››
1507 509 1663 581 ᾝδει
1726 511 1829 587 γὰρ
1890 509 2048 587 εἴρη-

394 601 580 673 μένον,
643 594 895 674 εὔχεσθαι
950 599 1027 673 μὴ
1088 598 1339 674 ἐμπεσεῖν
1404 600 1480 665 εἰς
1545 601 1870 677 πειρασμὸν,
1928 601 2047 658 ὅθεν

391 690 494 745 οὐκ
542 687 850 765 ἐπιρῥίπτει
911 687 1100 744 ἒαυτὸν
1149 695 1265 752 τοῖς
1322 696 1670 765 πειρασμοῖς,
1730 688 1857 746 ἀλλ’
1922 686 2050 755 ἔνθα

391 781 482 833 καὶ
515 776 586 832 δι’
625 777 992 849 ἀνθρωπίνης⁸
1044 785 1306 858 μηχανῆς
1357 776 1432 834 ἔνι
1484 785 1673 857 φυγεῖν
1735 778 1797 834 οὗ
1852 799 2048 855 παραι-

388 873 584 923 τεῖται.
651 865 950 941 Ἐφυλαττε
1005 867 1105 941 γὰρ
1165 868 1351 924 ἑαυτὸν
1416 873 1495 940 τῷ
1560 869 1896 943 κηρύγματι,
1956 867 2051 923 καὶ

348 972 355 979 ·
394 962 495 1024 τῆς
528 954 804 1029 σωτηρίας
846 953 1068 1026 έκήξετο
1111 960 1220 1011 τῶν
1273 956 1529 1030 μαθητῶν
1579 955 1814 1029 μᾶλλον,
1862 955 1897 1025 ἢ
1950 961 2053 1026 τῆς

392 1044 617 1109 οἶκεῖας.
651 1044 745 1099 Διὸ
783 1043 874 1099 καὶ
914 1042 1169 1120 ἀλλαχοῦ
1201 1066 1356 1123 enat.
1393 1072 1416 1097 ἰ
1450 1042 1622 1101 Καλόν
1670 1067 1763 1118 μοι
1810 1046 1873 1101 τὸ
1920 1044 2054 1100 ἀνα-

394 1133 558 1192 λῦσαι
604 1135 690 1189 καὶ
750 1134 843 1190 σὺν
901 1141 1125 1211 Χριστῷ
1182 1138 1340 1192 εἶναι·
1400 1136 1463 1191 τὸ
1517 1134 1594 1204 δὲ,
1653 1130 1923 1210 ἐπιμένειν
1980 1139 2050 1210 τῇ

394 1223 579 1299 σαρκὶ,
620 1224 1043 1299 ἀναγκαιότερον
1073 1222 1143 1280 δι’
1174 1225 1338 1300 ὒμᾶς.
1381 1248 1410 1277 ι)
1441 1225 1694 1302 Σαργάνη
1747 1224 1859 1282 ἐστὶ
1890 1245 2053 1301 σχοι-

391 1313 531 1378 νίον.
561 1310 673 1369 ἔστι
705 1309 763 1369 δὲ
793 1314 882 1369 καὶ
910 1311 1059 1377 εἶδος
1091 1312 1370 1393 σπυρίδος.

468 1670 784 1744 Καυχᾶσθαι
853 1667 920 1737 δὴ
990 1673 1051 1724 οὐ
1147 1669 1410 1748 συμφέρει
1509 1692 1625 1743 μοι.
1722 1669 2053 1744 Ἐλεύσομαι

2152 514 2392 571 civitate
2424 522 2685 571 servaret
2734 540 2760 567 ‹‹
2798 522 2989 572 Aretm
3038 516 3213 591 regis.
3253 539 3279 566 »
3330 518 3509 574 Socer
3563 518 3809 576 Herodis

2153 610 2282 660 erat
2310 608 2538 662 Aretes.
2568 628 2595 655 «
2632 607 2701 661 Et
2729 623 2835 679 per
2863 606 3186 664 fenestram
3218 607 3280 662 in
3313 615 3534 680 sporta.
3563 631 3590 659 ι»
3625 611 3811 667 Nove-

2154 700 2247 750 rat
2277 695 2502 750 dictum
2536 711 2665 751 esse
2699 703 2764 751 ut
2792 713 3105 767 precemur
3126 714 3201 752 ne
3232 697 3568 754 incidamus
3590 698 3650 753 in
3674 706 3809 755 ten—

2154 785 2441 840 tationem
2474 784 2557 839 7‘:
2593 785 2751 841 unde
2784 786 3045 858 seipsum
3077 802 3196 841 non
3254 787 3449 858 injicit
3500 787 3564 843 in
3614 793 3812 844 tenta-

2152 873 2368 945 tiones,
2402 874 2507 931 sed
2534 875 2636 931 ubi
2668 877 2929 931 humano
2963 893 3199 948 quoque
3230 878 3469 933 invento
3509 878 3684 934 datur
3722 878 3808 934 et-

2154 962 2378 1036 fugere,
2409 980 2531 1020 non
2569 964 2877 1021 detrectat.
2914 965 3058 1021 Nam
3094 966 3355 1038 seipsum
3400 967 3809 1039 praedicationi

2157 1052 2448 1121 servabat,
2508 1070 2578 1109 ac
2625 1055 2835 1110 salutis
2892 1053 3321 1127 discipulorum
3365 1058 3552 1131 magis
3604 1075 3811 1114 curam

2155 1141 2435 1210 habebat,
2469 1160 2647 1215 quam
2677 1144 2952 1216 propriae.
3010 1144 3148 1202 Ideo
3198 1146 3378 1201 etiam
3427 1146 3570 1202 alibi
3628 1147 3811 1203 dicit:

2160 1254 2186 1283 α
2213 1233 2439 1289 Bonum
2462 1241 2619 1288 esset
2640 1234 2785 1289 mihi
2812 1233 3053 1289 dissolvi
3072 1241 3132 1289 et
3149 1252 3277 1291 esse
3296 1252 3431 1292 cum
3450 1236 3681 1293 Christo
3698 1237 3742 1271 ⁷³
3762 1252 3807 1303 ;ι

2158 1328 2439 1378 caeterum
2471 1338 2712 1378 manere
2739 1322 2802 1378 in
2830 1339 3009 1379 carne
3040 1323 3230 1397 magis
3286 1326 3695 1382 necessarium
3728 1330 3820 1383 est

2157 1418 2400 1483 prapter
2420 1428 2543 1469 vos.
2578 1434 2608 1462 ››
2639 1412 2891 1486 Σαργάνη
2923 1412 3227 1469 funiculus
3267 1420 3377 1483 est,
3428 1421 3693 1472 attamen
3727 1422 3818 1473 est

2158 1515 2394 1571 quoque
2425 1505 2486 1555 et
2513 1516 2702 1573 genus
2733 1506 2969 1572 spartae.

2228 1588 2349 1655 ΧΗ,
2380 1591 2487 1644 1-4.
2519 1611 2543 1643 α
2571 1588 2820 1645 Gloriari
2840 1605 2982 1645 sane
3005 1606 3126 1646 non
3147 1591 3812 1663 expeditmihi,veniam

2161 1697 2189 1727 ‹‹
2223 1676 2381 1732 enim
2412 1676 2486 1733 ad
2516 1678 2773 1734 visiones
2803 1696 2871 1735 ac
2915 1679 3306 1736 revelationes
3360 1681 3615 1737 Domini.
3672 1682 3818 1738 Novi

390 1758 493 1834 γὰρ
552 1756 630 1820 εἷς
688 1757 949 1821 ὀπτασίας
1009 1760 1099 1814 καὶ
1159 1756 1534 1834 ἀποκαλυψεις
1610 1759 1831 1836 Κυρίου.
1911 1757 2054 1818 Οἶδα

2174 1788 2191 1817 ;‹
2220 1766 2526 1824 hominem
2553 1767 2613 1823 in
2645 1769 2877 1824 Christo
2908 1776 3046 1825 ante
3077 1787 3269 1826 annos
3318 1771 3772 1841 quatuordecim
3802 1787 3816 1826 :

394 1845 681 1922 ἄνθρωπον
782 1846 835 1903 ἐν
939 1849 1159 1924 Χριστῷ
1231 1850 1339 1925 πρὸ
1416 1848 1546 1904 ἐτῶν
1626 1847 2051 1923 δεκατεσσάρων.

394 1937 506 1993 ε’ἰτε
578 1936 630 1993 ἐν
706 1937 920 2010 σώματι
999 1937 1102 1993 οὐκ
1176 1935 1323 2005 οἶδα,
1401 1938 1509 1994 εἴτε
1582 1939 1737 2001 ἐκτὸς
1808 1943 1908 1994 τοῦ
1948 1939 2053 1994 σώ-

403 2047 570 2100 ματος
661 2024 761 2081 οὐκ
864 2024 1006 2082 οἴδα·
1114 2028 1142 2083 ὁ
1246 2028 1377 2091 Θεὸς
1480 2028 1643 2084 οἶδεν·
1744 2028 2057 2104 ἁρπαγέντα

391 2114 483 2169 τὸν
563 2118 812 2169 τοιοῦτον
916 2111 1205 2188 ἂνθρωποτ
1306 2112 1411 2179 ’έιυς
1509 2115 1696 2191 τρίτου
1800 2115 2055 2192 οὐρανοῦ,

391 2204 481 2260 καὶ
558 2201 681 2260 οῖδα
752 2206 845 2261 τὸν
917 2210 1166 2262 τοιοῦτον
1245 2205 1551 2282 ἃνθρωπον,
1630 2204 1742 2263 ε’ίτε
1815 2204 1868 2261 ἐν
1947 2207 2059 2262 σώ-

398 2314 552 2366 ματι,
632 2291 738 2350 ε’ίνε
812 2292 967 2356 ἐκτὸς
1005 2299 1105 2351 τοῦ
1162 2294 1417 2368 σώματος
1475 2294 1575 2350 οὐκ
1610 2292 1780 2361 οῖδα.
1839 2296 1867 2351 ὁ
1926 2295 2057 2358 Θεὸς

397 2379 566 2454 οἶδεν,
645 2381 727 2438 δτι
820 2385 1041 2461 ἡρπάγη
1145 2383 1222 2447 είς
1318 2384 1412 2440 τὸν
1516 2381 1864 2460 παράδεισον,
1964 2384 2055 2440 καὶ

398 2469 633 2541 ἤκουσεν
710 2469 920 2549 ἃῤῥητα
994 2473 1242 2548 ῥήματα,
1317 2470 1350 2529 ἅ
1424 2472 1527 2529 οὐκ
1599 2472 1716 2544 ἐξὸν
1792 2471 2061 2550 ἀνθρώπῳ

400 2556 669 2630 λαλῆσαμ

496 2680 522 2711 ιι
554 2655 873 2733 Καυχᾶσθαι
908 2649 976 2722 δὴ
1010 2652 1071 2707 οὐ
1104 2651 1365 2731 συμφέρει
1400 2676 1428 2705 »
1481 2674 1594 2727 μοι.
1642 2654 1825 2710 Καίτοι
1876 2650 2063 2709 πολλά

402 2744 573 2803 εἰπὼν
595 2745 728 2812 ἄνω,
759 2746 876 2803 πῶς
906 2738 1014 2796 ὧδε
1035 2743 1219 2819 φησὶν,
1259 2766 1282 2795 υ
1305 2742 1384 2799 Οὐ
1415 2743 1684 2816 συμφέροι
1713 2738 2061 2816 μοι,Ἐπειδή

409 2836 489 2899 εἷς
547 2830 727 2910 ἕτερον
788 2829 928 2894 εἶδος
1004 2834 1331 2907 καυχήσεως
1400 2833 1628 2908 ἤρχετο,
1706 2834 1838 2909 ὅπερ
1897 2833 2060 2889 αὐτὸν

406 2926 583 2983 ἐποίει
616 2922 893 2997 λαμπρὸν,
952 2922 1015 2977 τὸ
1073 2926 1180 2977 τῶν
1239 2920 1657 2997 ἀποκαλύψεων.
1717 2923 1892 2995 Φησίν
1947 2923 2064 2995 οὖν,

406 3040 435 3067 ‹‹
469 3013 547 3072 Οὐ
580 3015 843 3090 συμφέρει
876 3022 976 3085 μοι
999 3014 1185 3079 τοῦτο,
1220 3034 1249 3063 ››
1275 3008 1370 3065 ’ίνα
1426 3015 1503 3085 μή
1556 3033 1625 3086 με
1675 3013 1755 3077 εἱς
1802 3012 2061 3068 ἀπόνοιαν

404 3103 535 3180 ἄρῃ.
586 3100 809 3162 ’Ἄλλως
849 3101 953 3176 γὰρ
1020 3099 1087 3155 τὰ
1144 3101 1271 3175 παρ’
1328 3099 1475 3174 αὐτῷ
1533 3099 1781 3174 μένοντα,
1838 3101 1929 3156 καὶ
1986 3100 2064 3163 είς

2166 1880 2194 1907 «
2224 1873 2301 1912 an
2333 1857 2395 1912 in
2426 1874 2694 1931 corpore,
2728 1860 2952 1928 nescio,
2985 1876 3061 1916 an
3094 1866 3259 1916 extra
3306 1877 3522 1933 corpus
3570 1860 3772 1918 nescio
3804 1876 3819 1917 :

2164 1969 2192 1998 «
2227 1948 2382 2004 Deus
2413 1950 2609 2017 novit;
2642 1956 2878 2022 raptum
2910 1950 3254 2022 hujusmodi
3279 1950 3337 2006 in
3361 1952 3600 2007 tertium
3628 1968 3820 2024 usque

2163 2037 2456 2103 «caelum,
2490 2045 2550 2093 et
2602 2039 2725 2094 scio
2776 2039 3119 2111 hujusmodi
3178 2039 3507 2107 hominem,
3567 2041 3690 2097 sive
3756 2042 3820 2096 in

2171 2148 2198 2179 ιι
2228 2144 2497 2199 corpore,
2532 2129 2654 2184 sive
2686 2134 2851 2184 extra
2881 2147 3096 2200 corpus
3126 2130 3352 2194 nescio,
3414 2131 3569 2186 Deus
3618 2131 3817 2197 novit;

2166 2238 2194 2267 ι(
2226 2224 2461 2289 raptum
2494 2218 2677 2274 fuisse
2708 2217 2768 2273 in
2809 2218 3175 2290 paradisum,
3220 2226 3280 2275 et
3321 2220 3557 2277 audisse
3601 2236 3821 2277 arcana

2164 2329 2194 2358 ιι
2227 2305 2406 2364 verba
2434 2322 2567 2379 qum
2597 2307 2686 2364 fas
2716 2324 2837 2364 non
2868 2309 2945 2364 sit
2974 2308 3203 2365 homini
3233 2309 3416 2382 loqui.
3455 2331 3482 2359 »

2241 2681 2267 2708 «
2302 2657 2549 2714 Gloriari
2584 2674 2727 2714 sane
2761 2658 2999 2730 expedit
3020 2657 3190 2718 mihi.
3225 2681 3251 2708 ››
3288 2659 3465 2731 Atqui
3510 2659 3699 2715 multa
3724 2677 3827 2716 su—

2169 2748 2371 2820 perius
2402 2747 2570 2816 dixit,
2604 2746 2901 2819 quomodo
2934 2763 3070 2819 ergo
3104 2762 3265 2803 nunc
3296 2748 3399 2813 ait,
3436 2771 3457 2797 ε
3496 2749 3622 2804 Non
3649 2766 3828 2821 expe-

2170 2837 2258 2892 dit
2282 2837 2467 2905 mihi;
2506 2861 2527 2889 ι
2566 2837 2848 2908 quoniam
2883 2837 2957 2892 ad
3005 2836 3169 2892 aliud
3222 2835 3593 2903 gloriationis
3641 2855 3830 2908 genus

2171 2927 2463 2993 veniebat,
2497 2926 2654 2998 quod
2688 2927 2881 2998 ipsum
2913 2927 3140 2982 clarum
3162 2926 3460 2996 redderet,
3486 2944 3700 2999 nempe
3732 2944 3825 2982 re-

2169 3017 2555 3073 velationum.
2588 3015 2685 3069 Ait
2716 3031 2890 3088 ergo:
2929 3037 2953 3067 ιι
2990 3016 3129 3070 Mihi
3170 3016 3281 3071 hoc
3334 3032 3455 3071 non
3501 3017 3760 3089 expedit,
3794 3040 3823 3068 ››

2170 3124 2246 3163 ne
2281 3123 2373 3162 me
2404 3106 2465 3161 in
2496 3105 2895 3178 arrogantiam
2918 3104 3183 3160 extollat.
3208 3104 3338 3161 Alio
3363 3122 3622 3179 namque
3645 3105 3824 3161 modo

406 3193 618 3266 ἑτέρους
677 3189 1012 3268 ἐκφερόμενα
1064 3193 1230 3266 φυσᾷν
1292 3188 1503 3260 εἶ’ωθεν,
1584 3187 1684 3245 οὒκ
1769 3190 1852 3244 ὅτι
1900 3190 2063 3254 αυτὸς

2174 3214 2301 3268 qum
2334 3194 2490 3267 apud
2524 3168 2821 3265 quemque
2856 3201 3121 3252 manent.
3183 3199 3242 3249 et
3298 3211 3429 3266 qum
3480 3168 3634 3267 apud
3687 3197 3827 3251 illos

407 3285 568 3336 τοῦτο
622 3282 854 3360 πάσχειν
911 3275 1164 3351 ἔμελλεν,
1222 3277 1414 3354 ἄπαγε,
1474 3276 1621 3334 ἀλλᾶ
1689 3276 2058 3356 παιδαγωγῶν

411 3371 579 3444 ἡμᾶς,
618 3371 745 3443 παρ’
775 3369 988 3425 ἑαυτοῖς
1036 3367 1104 3423 τὰ
1157 3371 1383 3424 τοιαῦτα
1440 3361 1610 3443 ἔχειν,
1669 3368 1744 3431 ὡς
1792 3370 1888 3440 τῆς
1936 3366 2057 3440 διη-

396 3461 625 3535 γήσεως
682 3458 759 3521 εἷς
818 3457 1080 3514 ἀπόνοιαν
1139 3458 1263 3532 ἆραι
1333 3454 1656 3531 δυναμένης.
1710 3489 1783 3503 -
1839 3456 2063 3522 Ἀλλως

400 3553 617 3628 [dum]
648 3550 798 3609 Ἀντὶ
828 3553 946 3620 τοῦ,
1009 3550 1327 3626 Καυχᾶσθαι
1380 3548 1437 3606 δὲ
1467 3548 1613 3606 ἄλλα
1659 3551 1805 3628 παρᾶ
1849 3550 1917 3607 τὰ
1965 3558 2066 3621 τῆς

400 3641 679 3704 ἀσθενείας
738 3662 867 3715 μου,
927 3639 988 3695 οὐ
1058 3638 1332 3716 σμμφέρει
1422 3660 1541 3713 μοι.
1601 3642 1740 3698 Εἶπε
1800 3640 1901 3716 γὰρ
1957 3641 2064 3715 πρὸ

415 3730 804 3806 μικρου,«Εῖ
832 3732 1139 3804 καυχᾶσθαι
1195 3726 1295 3798 δεῖ,
1354 3729 1419 3783 τὰ
1471 3735 1572 3799 τῆς
1631 3728 1900 3791 ἀσθενείας
1961 3749 2067 3803 μου

408 3821 790 3901 καυχήσομαι.
847 3842 874 3871 ››
950 3819 1087 3874 Εἶτα
1163 3817 1272 3882 θεῖς
1351 3818 1546 3891 μεταξὺ
1620 3824 1718 3888 τῆς
1792 3816 2067 3881 ἀσθενείας

409 3905 789 3986 παράδειγμα,
849 3907 1037 3982 ἐπάγει
1089 3904 1383 3970 ἀποδιδοὺς
1441 3907 1579 3982 πρὸς
1636 3907 1700 3962 τὸ
1759 3905 2068 3983 εἰρημένον,

413 3998 562 4066 οἷον,
593 4000 668 4054 "A
700 3995 757 4054 δὲ
788 3997 888 4053 οὐκ
924 3990 1068 4053 ἔστιν
1097 3996 1395 4067 ἀσθενείας,
1428 3994 1574 4053 ἀλλά
1636 3996 1846 4071 μᾶλλον
1899 3996 2069 4072 ὕψους

410 4088 505 4146 καὶ
529 4086 833 4163 δυνάμεως,
863 4090 1052 4157 ταῦτα,
1104 4086 1288 4165 φησὶν,
1342 4086 1406 4141 οὐ
1463 4085 1724 4162 συμφέρει
1778 4107 1894 4160 μοι.
1950 4090 2073 4149 Πῶς

413 4177 509 4234 οὗν
612 4177 702 4233 καὶ
776 4180 944 4233 ταῦτα
1017 4175 1237 4252 λέγων;
1314 4174 1425 4231 Οὐκ
1498 4171 1838 4250 ἐϐουλόμην,
1913 4175 2070 4256 φησί.

416 4267 518 4325 Διά
591 4264 650 4324 δὶ
723 4267 823 4337 τὴν
900 4266 1056 4340 ὕμῶν
1133 4264 1430 4341 σωτηρίαν,
1469 4266 1560 4322 καὶ
1601 4266 1635 4321 ὀί
1676 4265 2075 4341 μήβούλομαι

415 4354 784 4438 ἀναδέχομαι.
819 4356 925 4414 Καὶ
983 4356 1174 4411 σκόπει
1230 4360 1350 4417 πῶς
1403 4356 1694 4433 πανσὸφως
1751 4352 1951 4427 διαιτᾷ.
2000 4356 2074 4412 Οὐ

413 4450 597 4519 σιωπᾷ
626 4443 929 4513 παντελῶς,
980 4443 1073 4500 ἳνα
1130 4442 1420 4521 ὠφελήσῃ,
1477 4443 1569 4498 καὶ
1627 4445 1689 4500 οὗ
1752 4442 1896 4518 λέγει
1949 4445 2080 4500 ἀνα-

2169 3287 2500 3341 eﬂ‘eruntur
2529 3284 2752 3339 instare
2784 3283 3017 3350 solent;
3043 3284 3200 3339 894
3230 3300 3353 3339 non
3376 3284 3533 3356 quod
3559 3285 3827 3342 futurum

2171 3380 2330 3431 esset
2353 3380 2420 3429 ut
2448 3372 2560 3428 hoc
2604 3373 2714 3446 ipsi
2776 3373 3166 3443 contingeret.
3228 3374 3510 3441 Minime;
3572 3374 3674 3431 sed
3718 3392 3829 3431 nos

2171 3466 2497 3531 instruens,
2530 3462 2959 3535 utbujusmodi
2990 3461 3148 3535 apud
3171 3480 3282 3518 nos
3312 3464 3472 3535 ipsos
3505 3480 3831 3534 servemus,

2174 3554 2334 3627 quod
2366 3553 2628 3610 narratio
2660 3552 2849 3625 possit
2878 3552 2952 3608 ad
2984 3552 3385 3626 arrogantiam
3429 3554 3735 3609 extollere.
3763 3583 3834 3596 --

2177 3646 2295 3700 Alio
2323 3642 2505 3699 modo.
2539 3643 2660 3698 Hoc
2686 3647 2796 3709 est,
2825 3641 3077 3697 Gloriari
3107 3659 3241 3697 vero
3290 3643 3352 3697 in
3391 3642 3525 3698 aliis
3558 3659 3737 3715 quam
3770 3642 3833 3697 in

2177 3732 2271 3787 his
2303 3749 2435 3803 quas
2462 3730 2833 3786 infirmitatis
2863 3748 3010 3786 mem
3042 3737 3201 3796 sunt,
3236 3747 3358 3785 non
3391 3730 3629 3803 expedit
3659 3729 3828 3785 mihi.

2178 3822 2334 3877 Dixit
2366 3821 2526 3875 enim
2557 3820 2733 3892 paulo
2765 3826 2940 3875 ante:
3002 3842 3031 3869 «
3064 3819 3120 3874 Si
3167 3819 3408 3891 gloriari
3458 3826 3711 3891 oportet,
3762 3818 3835 3874 de

2178 3910 2274 3966 his
2304 3926 2435 3981 quae
2468 3909 2835 3965 infirmitatis
2866 3925 3014 3964 mem
3045 3915 3183 3963 sunt
3213 3907 3530 3979 gloriabor.
3559 3932 3586 3959 ››
3610 3907 3836 3963 Deinde

2179 3999 2373 4073 posito
2408 3998 2775 4054 inﬁrmitatis
2807 3998 3092 4070 exemplo.
3128 3998 3434 4071 subjungit
3462 3998 3839 4054 consecutive

2182 4089 2256 4145 ad
2288 4088 2347 4145 id
2379 4088 2539 4160 quod
2570 4088 2792 4144 dictum
2825 4094 2932 4149 est,
2966 4104 3034 4145 ac
3067 4088 3116 4143 si
3147 4088 3342 4143 dicat:
3375 4088 3515 4153 Qum
3546 4104 3685 4144 vero
3717 4103 3839 4143 non

2186 4185 2327 4235 sunt
2355 4177 2744 4245 inﬁrmitatis,
2779 4177 2883 4233 sed
2913 4177 3101 4250 magis
3133 4176 3520 4233 sublimitatis
3553 4183 3612 4232 et
3631 4183 3840 4250 poten-

2188 4268 2307 4332 tim,
2340 4266 2413 4323 de
2442 4267 2559 4332 his,
2620 4267 2837 4339 inquit,
2896 4284 3018 4322 non
3075 4266 3313 4338 expedit
3367 4266 3516 4323 mihi
3575 4266 3838 4341 gloriari.

2188 4356 2495 4424 Quomodo
2527 4372 2665 4431 ergo
2698 4356 2878 4412 etiam
2907 4356 3033 4412 hmo
3064 4356 3214 4412 dicis
3246 4355 3272 4411 ?
3312 4355 3567 4425 Nollem,
3621 4356 3840 4427 inquit,

2189 4447 2292 4505 sed
2326 4451 2568 4520 propter
2596 4451 2851 4502 vestram
2885 4445 3159 4516 salutem,
3193 4445 3370 4501 etiam
3429 4462 3562 4517 qum
3619 4444 3843 4501 nollem

408 4534 867 4610 κεκαλυμμένως,
922 4532 1052 4589 ἀλλ’
1108 4525 1161 4588 ἕν
1221 4533 1311 4586 καὶ
1368 4536 1533 4587 τοῦτο
1593 4530 2063 4607 συνεσκιασμένωςλ

2188 4537 2470 4608 suscipio.
2505 4540 2570 4591 Et
2595 4535 2909 4592 considera
2931 4551 3046 4607 quo
3066 4540 3236 4606 pacto
3257 4550 3378 4590 rem
3404 4533 3845 4606 sapientissime

405 4621 501 4679 ’ίνα
550 4624 691 4703 φύγῃ
745 4624 810 4679 τὸ
867 4623 1200 4698 καυχᾶσθαι,
1258 4621 1346 4676 καὶ
1432 4620 1556 4677 τότε
1613 4619 1855 4696 ἀνάγκης
1929 4620 2077 4693 αὐτῷ

408 4719 512 4782 τῆς
544 4712 649 4769 ἀπὸ
697 4716 808 4767 τῶν
860 4709 1327 4786 ψευδοποστόλων
1374 4706 1748 4783 ἐπικειμένης,
1802 4709 2073 4765 παιδεύων

413 4798 508 4857 διὰ
544 4803 762 4875 τούτου,
824 4800 993 4876 μηδὲν
1050 4800 1188 4875 μέγα
1246 4800 1368 4875 περὶ
1429 4798 1633 4855 ἑαυτῶν
1690 4801 1840 4873 ἡμᾶς
1896 4796 2076 4875 λέγειν

411 4890 512 4948 κᾶν
546 4890 746 4964 ἀληθὲς
870 4889 913 4945 εί
960 4891 1036 4965 μή
1068 4889 1128 4945 ἐκ
1177 4887 1396 4959 πολλῆς
1426 4889 1689 4964 ἀνάγκης.
1734 4913 1758 4945 α
1802 4894 1881 4948 Ou
1935 4911 2077 4964 συμ-

412 4979 564 5060 φέρει
597 5003 712 5055 μοι,
751 5005 779 5033 ››
808 4982 880 5037 ’Ἢ
907 4977 1003 5034 ’ίνα
1039 4981 1115 5053 μή
1147 5000 1230 5041 τις
1264 4981 1484 5052 μείζονα
1530 4978 1625 5046 τῆς
1674 4978 1822 5051 ἀξίας
1868 4976 2075 5036 ἔννοιαν

414 5066 563 5147 λάϐῃ
595 5072 716 5142 περῖ
752 5070 914 5143 ἐμοῦ,
948 5070 1082 5146 ὅπερ
1131 5070 1501 5144 παρακατιὼν,
1560 5067 1718 5145 φησὶ,
1770 5071 1951 5141 Μῆτις
2000 5071 2076 5134 εἰς

414 5161 518 5235 ἒμέ
548 5158 844 5236 λογίσηται
893 5158 1027 5234 ὓπερ
1087 5159 1117 5215 ὅ
1176 5156 1364 5234 βλέπει
1431 5179 1518 5231 με,
1583 5156 1622 5228 ἤ
1676 5159 1857 5215 ἀκούει
1913 5181 1968 5215 τι
2024 5159 2073 5231 ἐξ

413 5253 572 5326 ἐμοῦ.
611 5277 637 5303 ››
671 5285 738 5295 --
771 5277 797 5303 ‹‹
837 5247 1167 5323 Ἐλεύσομαι
1196 5250 1299 5326 γὰρ
1331 5249 1407 5313 ἐς
1439 5248 1699 5314 ὀπτασίας
1739 5248 1830 5305 καὶ
1878 5251 2078 5307 ἀποκα-

419 5339 613 5414 λύψεις
644 5340 931 5416 Κυρίου.»
974 5338 1201 5415 Μεγάλη
1269 5338 1361 5411 μὲν
1420 5338 1509 5394 καὶ
1558 5339 1624 5410 ἢν
1676 5340 1821 5395 εἶπεν
1867 5339 2079 5395 ἀποκά-

415 5429 601 5503 λυψιν,
625 5428 770 5498 πλῆν
793 5427 1006 5489 πολλάς
1035 5427 1203 5484 εἰπεῖν
1236 5421 1402 5503 ἔχων,
1440 5426 1570 5502 μίαν
1600 5426 1801 5497 ταύτην
1831 5426 2074 5505 εἴρηκεν.

412 5520 541 5578 Ὅτι
570 5517 675 5595 γὰρ
707 5519 830 5594 εἶχε
859 5514 1075 5580 πολλὰς
1106 5516 1297 5592 εἰπεῖν,
1330 5517 1707 5595 παρακατιὼν,
1730 5518 1889 5596 φησί,
1922 5519 2076 5575 «Καί

485 5666 530 5702 τί
564 5665 763 5727 Matth.
806 5680 881 5736 v1,
915 5665 1001 5723 13.
1078 5662 1126 5702 ⁷³
1150 5663 1200 5703 ⁷³
1229 5662 1488 5742 Philipp.
1522 5681 1563 5734 ι,
1594 5663 1688 5721 23.

2185 4630 2525 4698 pertractet.
2561 4626 2687 4679 Non
2718 4630 2874 4679 tacet
2894 4623 3155 4695 penitus.
3181 4628 3247 4677 ut
3270 4623 3479 4694 prosit,
3510 4638 3621 4676 nec
3644 4627 3847 4694 aperte

2186 4714 2389 4770 omnia
2419 4713 2717 4785 exprimit,
2752 4712 2858 4767 sed
2885 4713 2997 4767 hoc
3027 4728 3247 4768 unum:
3275 4711 3456 4782 idque
3480 4710 3655 4766 etiam
3679 4710 3849 4766 obte-

2185 4801 2398 4878 gendo.
2416 4807 2485 4858 ut
2502 4800 2855 4874 jactantiam
2884 4800 3142 4872 effugiat.
3168 4799 3308 4854 licet
3326 4799 3679 4853 necessitate
3704 4805 3844 4854 tunc

2182 4898 2426 4965 propter
2451 4889 2946 4962 pseudapostolos
2976 4890 3289 4961 ingruente
3325 4904 3338 4941 :
3373 4904 3483 4943 nos
3540 4887 3845 4943 instruens

2184 4998 2291 5054 per
2319 4980 2453 5047 hoc,
2485 4996 2560 5034 ne
2592 4978 2922 5050 quidquam
2958 4978 3155 5052 magni
3187 4977 3259 5033 de
3292 4976 3468 5032 nobis
3500 4977 3665 5048 ipsos
3690 4975 3847 5032 dica-

2184 5089 2340 5139 mus,
2373 5070 2550 5126 etiam
2579 5070 2627 5124 si
2660 5085 2868 5124 verum
2913 5069 3008 5137 sit,
3072 5068 3187 5123 nisi
3242 5066 3431 5123 multa
3468 5067 3847 5122 necessitate.

2190 5183 2214 5216 ιι
2250 5162 2376 5216 Non
2410 5158 2649 5231 expedit
2685 5158 2849 5213 mihi.
2890 5180 2916 5206 υ
2952 5159 3067 5213 Aut
3096 5173 3171 5212 ne
3204 5157 3337 5228 quis
3370 5156 3660 5227 majorem
3693 5156 3852 5212 circa

2188 5268 2281 5307 me
2314 5248 2790 5306 benevolentiam
2821 5247 3125 5319 concipiat
3146 5262 3325 5317 quam
3359 5262 3463 5319 ego
3488 5250 3850 5317 promereat,

2186 5341 2343 5416 quod
2376 5342 2439 5396 in
2470 5355 2784 5413 progressu
2817 5340 2909 5394 his
2933 5338 3126 5393 verbis
3148 5336 3294 5392 dicit
3319 5354 3331 5391 :
3356 5359 3383 5387 ‹‹
3410 5336 3490 5392 Ne
3510 5337 3646 5407 quis
3664 5336 3734 5391 de
3755 5351 3849 5389 me

2185 5432 2403 5501 cogitet
2432 5445 2611 5501 supra
2649 5428 2711 5483 id
2762 5427 2920 5500 quod
2978 5427 3137 5482 videt
3194 5441 3324 5480 esse
3374 5441 3492 5493 me,
3537 5429 3639 5479 aut
3687 5421 3848 5493 quod

2186 5520 2354 5579 audit
2381 5535 2453 5576 ex
2481 5534 2598 5575 me.
2632 5539 2661 5569 ‹‹
2703 5517 2943 5573 Veniam
2976 5517 3136 5573 enim
3171 5516 3243 5571 ad
3275 5513 3534 5570 visiones
3586 5515 3645 5566 et
3688 5525 3849 5566 reve-
