4098 6402
334 385 487 445 1063

1448 379 1859 443 (BCUMENII
1904 372 2211 436 TBICCE
2254 375 2611 441 EPISCOPI

3596 379 3759 440 106‘

326 517 584 573 lationes
614 515 866 572 Domini.
902 536 930 566 ››
960 513 1169 589 Magna
1194 513 1437 587 quidem
1468 519 1560 572 est
1578 528 1758 589 quam
1778 513 1980 570 narrat

2091 508 2159 584 τῇ
2192 502 2473 585 υπερόολῇ
2504 508 2615 566 τῶν
2646 506 3067 585 ἀποκαλύψεων.
3101 510 3198 567 Διὰ
3249 512 3413 566 τοῦτο
3464 505 3522 566 δὶ
3568 507 3756 587 αἶνιγ-
3850 492 3853 495 ’

330 606 630 673 revelatio,
663 612 925 661 attamen
976 622 1111 661 cum
1162 606 1381 661 multas
1425 605 1622 661 dicere
1670 602 1985 676 potuisset,

327 698 561 751 unicam
596 695 751 750 hanc
782 695 949 749 dixit.
984 695 1150 761 Quod
1192 696 1352 750 enim
1386 696 1603 751 multas
1633 694 1831 749 dicere
1882 707 1983 763 po-

325 785 553 841 tuisset.
585 785 835 839 inferius
860 791 1053 856 patet:
1082 807 1109 835 ‹‹
1145 788 1216 840 Et
1246 802 1322 840 ne
1354 785 1729 847 excellentia,
1766 781 1984 853 inquit,

325 874 828 930 autexuberantia
848 875 1280 931 revelationum
1304 875 1988 944 extollerernPropterea

324 971 519 1019 autem
558 964 750 1035 ipsam
802 965 1053 1020 obscure
1086 965 1303 1036 posuit.
1337 970 1401 1019 ut
1433 963 1778 1019 ostenderet
1827 960 1986 1032 quod

322 1054 721 1109 illaminvitus
743 1060 1033 1111 narraret.
1056 1079 1081 1104 ‹‹
1110 1055 1245 1109 Νονί
1272 1054 1650 1109 hominemin
1676 1054 1930 1108 Christo.
1959 1073 1986 1101 υ

323 1143 570 1198 Addidit
628 1146 686 1198 in
744 1144 982 1209 Christo,
1042 1160 1118 1198 ne
1187 1143 1450 1198 dicerent
1538 1140 1984 1214 pseudapostoli

322 1218 500 1288 (nihil
533 1238 731 1288 autem
762 1249 882 1287 non
932 1232 1247 1301 audebant)
1297 1249 1402 1303 per
1447 1232 1756 1287 daemones
1802 1230 1987 1285 fuisse

326 1322 698 1377 sublevatum
760 1329 1041 1393 tanquam
1094 1322 1395 1377 Simonem
1456 1337 1713 1394 magum.
1769 1343 1796 1370 ιι
1835 1323 1985 1375 Ante

329 1428 520 1467 annos
553 1411 1024 1481 qualvuordecim.
1063 1433 1090 1459 ››
1121 1411 1249 1465 Non
1283 1410 1698 1482 intempestive
1752 1415 1988 1482 tempus

327 1500 689 1573 adjungitur,
727 1501 831 1556 sed
865 1500 1161 1573 duplicem
1196 1501 1269 1556 ob
1313 1516 1594 1558 causam:
1630 1504 1754 1555 tum
1787 1498 1861 1556 ad
1891 1514 1988 1553 os-

325 1589 693 1645 tendendum
727 1590 884 1661 quod
908 1590 1006 1661 qui
1029 1590 1479 1661 quatuordecim
1504 1606 1695 1645 annos
1719 1589 1986 1657 siluerat,

327 1695 404 1734 ne
436 1696 595 1735 nunc
627 1679 869 1751 quidem
902 1685 1206 1735 narrasset
1235 1680 1351 1734 nisi
1377 1678 1698 1734 admodum
1724 1683 1984 1733 coactus.

326 1768 616 1833 Quoniam
654 1768 812 1823 enim
848 1784 1128 1841 magnum
1161 1767 1448 1840 quiddam
1482 1784 1610 1823 esse
1634 1766 1990 1823 videbantur

325 1857 791 1929 pseudapostoli,
829 1874 1157 1929 omnesque
1189 1857 1262 1913 ad
1294 1875 1357 1913 se
1381 1856 1761 1913 attrahebant
1787 1872 1798 1911 :
1823 1872 1986 1912 coac—
2016 1878 2060 1942 Β

325 1955 420 2003 tus
451 1954 542 2003 est
571 1947 747 2020 igitur
781 1948 1094 2004 ostendere
1128 1946 1287 2020 quod
1317 1948 1437 2002 illis
1464 1948 1656 2016 major
1694 1952 1871 2011 esset,
1920 1952 1986 2001 ut

327 2038 451 2093 suis
483 2039 861 2095 sermonibus
891 2039 1051 2110 ipsos
1082 2039 1385 2093 adhaerere
1412 2037 1525 2093 sibi
1577 2036 1982 2110 persuaderet.

327 2128 620 2184 Praeterea
652 2136 717 2184 ut
747 2128 1025 2183 innueret
1054 2125 1215 2199 quod
1271 2127 1372 2198 qui
1422 2133 1558 2183 ante
1601 2141 1796 2182 annos
1843 2140 1985 2197 qua-

324 2216 652 2272 tuordecim
705 2217 847 2273 talia
899 2216 1169 2287 accipere
1220 2220 1542 2281 meruerat,
1583 2214 1734 2272 695
1788 2214 1984 2287 qualis

327 2323 485 2361 nunc
519 2312 646 2362 erat
672 2313 806 2378 post
836 2312 1031 2362 tantos
1062 2322 1374 2378 perpessos
1406 2322 1510 2377 pro
1556 2304 1788 2360 Christo
1817 2303 1986 2360 labo-

323 2396 466 2450 res?
497 2418 524 2446 ‹‹
559 2396 687 2451 Sive
718 2396 779 2451 in
812 2413 1079 2469 corpore.
1115 2418 1143 2446 ››
1178 2396 1410 2451 Dictum
1469 2393 1642 2459 illud,
1683 2418 1709 2444 ‹‹
1744 2394 1872 2449 Sive
1920 2393 1984 2449 in

327 2486 954 2557 corpore,nescio,sive
976 2491 1140 2541 extra
1158 2483 1633 2557 corpus,nescio,
1661 2505 1689 2534 »
1723 2482 1983 2540 secundo

325 2574 543 2644 repetit
567 2591 578 2627 :
599 2591 719 2628 non
742 2575 825 2629 ita
846 2580 910 2628 ut
932 2574 1064 2645 quis
1087 2580 1295 2646 putare
1309 2572 1871 2645 possitbattalogum
1892 2589 1982 2628 es-

325 2669 475 2729 δε,οι
492 2663 790 2735 superﬂue
806 2664 877 2719 de
893 2664 1101 2719 eodem
1119 2671 1293 2735 raptu
1310 2669 1632 2733 utrumque
1654 2661 1985 2731 dicere,sed

324 2752 473 2807 illud
499 2753 740 2823 quidem
767 2752 837 2809 de
863 2760 1034 2825 raptu
1057 2753 1130 2809 ad
1156 2753 1356 2818 caelos,
1390 2754 1500 2808 hoc
1526 2758 1722 2808 autem
1746 2768 1983 2808 rursum

328 2841 400 2897 de
424 2849 595 2913 raptu
619 2841 756 2897 inde
779 2843 852 2898 ad
875 2842 1413 2914 paradisum.Quod
1428 2842 1474 2897 si
1495 2842 1567 2898 de
1585 2842 1794 2898 eodem
1813 2849 1985 2915 raptu

327 2938 599 3004 poneret.
633 2949 1013 3004 nequaquam
1042 2939 1199 2987 esset
1229 2934 1340 2987 hoc
1398 2932 1786 3005 superﬂuum.
1840 2934 1984 2989 Rem

326 3021 485 3076 enim
505 3021 917 3077 admirandam
944 3029 1002 3077 et
1024 3023 1540 3094 supernaturalem
1563 3039 1834 3092 narrans,
1857 3038 1981 3077 mo-

323 3111 463 3166 dum
494 3129 555 3166 se
574 3112 847 3185 ignorare
866 3118 1317 3184 perseveranter
1337 3113 1665 3169 contendit.
1695 3136 1723 3165 ‹‹
1746 3114 1873 3169 Sive
1893 3129 1985 3169 ex-

324 3206 415 3255 tra
443 3219 657 3274 corpus
675 3203 903 3258 nescio.
937 3203 1241 3258 nModeste
1265 3204 1720 3274 loquitur,suam
1736 3221 1855 3260 non
1880 3220 1981 3260 oc-
2015 3244 2058 3311 C

330 3291 548 3311 -__..__-
585 3291 597 3311 ε
634 3292 971 3311 Summam
1179 3294 1219 3311 .,
1278 3298 1315 3311 ,.
1354 3309 1365 3311 ,
1546 3292 1567 3311 λ
1629 3293 1641 3311 .
1688 3300 1774 3311 η.
1896 3310 1943 3311 η

323 3291 556 3346 cultans
584 3291 1003 3363 ignorantiam.
1033 3292 1323 3347 Licuisset
1344 3293 1503 3348 enim
1535 3292 1605 3346 de
1627 3293 1739 3349 hoc
1761 3300 1977 3350 tacere.

322 3399 353 3431 (ι
385 3382 454 3433 Et
485 3381 607 3436 scio
641 3382 983 3453 hujusmodi
1016 3382 1341 3437 hominem.
1367 3405 1391 3434 ιι
1422 3382 1981 3454 Rapiebaturusque

318 3466 395 3523 ad
426 3468 667 3523 tertium
700 3468 935 3533 cwlum,
972 3474 1029 3523 et
1070 3486 1306 3525 rursum
1367 3470 1427 3524 in
1482 3469 1845 3541 paradisum.
1892 3470 1981 3526 Ad

316 3556 460 3626 quid
490 3564 690 3613 autem
724 3558 968 3613 omnino
999 3565 1204 3630 raptus
1238 3559 1377 3614 est?
1416 3560 1495 3614 Ne
1527 3560 1617 3614 vel
1649 3560 1710 3614 in
1744 3559 1855 3615 hoc
1887 3575 1983 3613 es-

316 3645 671 3701 setinferior
701 3649 930 3703 caeteris
962 3648 1267 3719 apostolis,
1297 3648 1398 3718 qui
1430 3648 1817 3720 corporaliter
1845 3664 1980 3704 cum

314 3734 566 3791 Domino
596 3737 812 3792 versati
846 3742 987 3792 sunt
1038 3760 1066 3787 ‹‹
1102 3738 1166 3791 In
1215 3737 1581 3808 paradisum.
1609 3760 1638 3788 »
1673 3737 1980 3809 Siquidem

312 3824 493 3895 hujus
530 3825 641 3881 loci
676 3842 899 3881 nomen
930 3826 1150 3897 ubique
1179 3826 1504 3882 admodum
1536 3826 1770 3883 celebre
1805 3834 1933 3883 erat
1962 3844 1976 3883 :

2096 596 2362 671 ματωδῶς
2394 600 2566 671 αὐτὴν
2599 601 2862 671 τέθεικεν,
2895 596 2990 656 ’ίνα
3037 596 3185 676 δείξῃ
3236 599 3321 655 ὅτι
3369 597 3514 655 ἃκων
3577 612 3750 677 Λεγει.

2092 711 2121 740 ‹‹
2155 686 2294 746 Οἶδα
2326 687 2604 764 ἃνθρωπον
2633 689 2685 744 ἐν
2729 691 2970 766 Χριστῷ.
3006 713 3034 743 n
3094 690 3171 749 Τὸ
3235 686 3289 746 ἐν
3334 691 3579 762 Χριστῷ,
3628 711 3763 767 πρι-

2092 776 2336 849 σὲθηκεν,
2369 780 2460 834 ἳνα
2494 780 2569 853 μὴ
2605 778 2810 835 εἲποιεν
2840 801 2892 834 οι
2924 776 3365 855 ψευδαπόστολοι
3414 776 3590 852 (οεὶδὶν
3645 781 3752 856 γὰρ

2090 866 2280 929 αὐτοῖς
2312 867 2683 943 ἀτόλμτ,τον,)
2749 866 2840 924 διὰ
2897 866 3179 943 δαιμόνων
3238 867 3470 945 ἑπῆρθαι
3528 870 3605 933 ὡς
3661 871 3756 925 τὸν

2094 962 2341 1029 Σιμωνα.
2392 983 2419 1010 ι(
2453 959 2563 1034 [Ιρὸ
2611 959 2746 1016 ἑτῶν
2799 956 3227 1033 δεκατεσσάρων.
3262 986 3290 1011 »ο
3334 959 3453 1017 Οὐκ
3516 958 3759 1035 ἀκαίρως

2092 1047 2120 1101 ὁ
2147 1047 2351 1125 χρόνος
2382 1047 2724 1123 πρόσκειται,
2756 1046 2906 1105 ἀλλά
2935 1045 3091 1104 δυοῖν
3121 1046 3316 1117 ἕνεκεν,
3346 1051 3448 1103 τοῦ
3478 1069 3537 1104 τε
3586 1045 3758 1120 δεῖξαι

2093 1137 2168 1198 ὡς
2197 1139 2430 1211 σιγήσας
2484 1135 2848 1215 δεκατέσσαρα
2896 1134 3014 1207 ἔτη,
3057 1136 3186 1195 οὐδὲ
3231 1142 3323 1193 νῦν
3380 1138 3441 1194 ἂι
3488 1140 3611 1195 εἷπε
3671 1142 3748 1213 μὴ

2092 1223 2298 1301 σοόδρα
2345 1228 2601 1302 βιασθείς.
2673 1224 2901 1298 Ἐπειδή
2958 1227 3064 1304 γὰρ
3126 1229 3264 1303 μέγα
3306 1250 3358 1283 τι
3417 1225 3640 1283 ἐδόκουν
3697 1229 3750 1284 οἱ

2091 1313 2532 1389 ψευδαπόστολοι
2589 1320 2727 1373 εἶναι
2814 1317 2905 1372 καὶ
2992 1316 3244 1373 εἳλκυσαν
3331 1318 3407 1373 πά
3440 1339 3535 1381 τας
3611 1320 3747 1394 πρὸς

2093 1405 2341 1475 ἑαυτοὺς,
2418 1404 2616 1463 λοιπὸν
2704 1406 3013 1480 ἠναγκάσθη
3119 1402 3287 1477 δεῖξαι
3390 1407 3475 1463 δτι
3554 1408 3749 1481 μείζων

2091 1494 2234 1551 ἐστὶν
2311 1497 2551 1570 ἐκείνων,
2627 1495 2718 1551 ἳνα
2791 1497 2952 1571 πείσῃ
3028 1502 3147 1559 τοῖς
3221 1496 3387 1553 αὐτοῦ
3462 1500 3755 1577 προσέχειν

2093 1584 2285 1665 λόγοις
2317 1587 2518 1651 αὐτούς
2574 1592 2671 1644 τοῦ
2729 1610 2787 1645 τε
2852 1589 3150 1661 αἰνίξασθαι
3211 1588 3285 1652 ὡς
3345 1590 3373 1643 ὁ
3431 1609 3539 1665 προ
3595 1586 3751 1645 δεκα-

2091 1680 2366 1753 τεσσάρων
2468 1677 2600 1733 ὲτῶν
2688 1677 3037 1751 τηλικούτων
3139 1677 3410 1750 ἀξιωθεῖς,
3512 1677 3754 1748 πηλίκος

2090 1771 2183 1822 νῦν
2236 1766 2346 1823 ἐστι
2411 1769 2547 1842 μετά
2602 1767 2896 1830 τοσούτους
2995 1768 3127 1843 ὒπὲρ
3214 1770 3447 1845 Χριστοῦ
3526 1770 3751 1832 πόνους.

2155 1854 2224 1911 1⁸1),
2310 1855 2333 1911 ἐ
2445 1858 2458 1880 Ι
2767 1859 2780 1877 κ
2938 1857 2964 1878 ν
3232 1858 3243 1876 Ι
3490 1856 3505 1877 ’
3638 1856 3691 1878 ’λ

2092 1881 2119 1908 ‹‹
2180 1878 2281 1912 ..τε
2337 1881 2361 1909 ν
2392 1878 2627 1933 σωματι.
2661 1864 2790 1914 n'l‘o
2841 1861 3016 1916 uExe
3072 1859 3125 1913 ἓν
3177 1878 3394 1932 σωματι
3449 1878 3550 1913 ουκ
3604 1877 3754 1927 οιοα,

2094 1945 2200 2002 ε’ἶτε
2233 1945 2388 2009 ἐκτὸς
2420 1951 2519 2003 τοῦ
2575 1949 2831 2018 σώματος
2890 1948 2993 2004 οὐκ
3049 1944 3198 2018 οἶδα,
3233 1972 3263 2000 ››
3320 1945 3568 2023 δεύτερον
3623 1941 3755 2027 ἔφη,

2094 2036 2197 2092 οὐκ
2227 2036 2301 2095 ὡς
2342 2039 2402 2092 ἄν
2460 2057 2544 2101 τις
2601 2037 2815 2110 οἰηθείη
2875 2034 3305 2113 περιπολογῶν,
3361 2036 3450 2093 καὶ
3508 2036 3595 2092 ἐπὶ
3648 2042 3753 2108 τῆς

2092 2125 2262 2197 αὐτῆς
2294 2127 2542 2201 ἁρπαγῆς
2577 2124 2743 2205 ἄμφω
2794 2127 2982 2190 τιθείς.
3032 2124 3209 2183 ’Λλλά
3263 2126 3328 2183 τὸ
3379 2126 3476 2199 μὶν
3532 2124 3747 2199 τίθησιν

2093 2214 2308 2284 ἐπὶτῆς
2365 2216 2503 2293 πρὸς
2561 2216 2821 2293 οὐρανοὺς
2877 2216 3152 2295 ἁρπαγῆς,
3208 2216 3270 2271 τὸ
3320 2211 3379 2272 δὶ
3433 2214 3600 2272 πάλιν
3661 2214 3751 2272 ἐπὶ

2092 2311 2192 2375 τῆς
2222 2304 2420 2363 ἐκεῖθεν
2450 2306 2703 2384 ἁρπαγῆς
2729 2312 2831 2377 τῆς
2889 2305 2967 2366 είς
3024 2306 3114 2363 τὸν
3173 2302 3519 2381 παράδεισον.
3576 2304 3638 2361 Ei
3693 2302 3752 2361 δὶ

2091 2394 2181 2451 καὶ
2256 2393 2344 2451 ἐπὶ
2421 2402 2522 2466 τῆς
2600 2396 2769 2467 αὐτῆς
2846 2397 3095 2474 ἁρπαγῆς
3172 2393 3359 2467 ἐτίθει,
3435 2395 3538 2451 οὐκ
3588 2394 3647 2451 ἄν
3679 2394 3748 2465 ἦν

2091 2488 2254 2539 τοῦτο
2312 2482 2732 2562 περιττολογία.
2794 2482 3104 2561 Παράδοξον
3171 2483 3276 2561 γαρ
3331 2482 3423 2539 καὶ
3481 2484 3752 2561 ὕπερφυὶς

2094 2572 2447 2650 ἀναγγέλλων
2479 2578 2731 2653 πρᾶγμα,
2763 2576 2854 2631 τὸν
2911 2574 3116 2649 τρόπον
3166 2574 3385 2651 ἀγνοεῖν
3430 2570 3749 2629 διατείνεται

2097 2664 2213 2735 μετ’
2244 2662 2535 2736 ἐπιμονῆς.
2571 2688 2598 2716 ‹‹
2635 2662 2760 2720 Eia
2790 2663 2944 2726 ἐκτὸς
2970 2667 3068 2719 τοῦ
3100 2663 3353 2737 σώματος
3386 2659 3485 2719 οὒκ
3539 2658 3684 2719 οἶδα.
3720 2686 3751 2717 »

2094 2754 2244 2828 Μετρ
2270 2754 2406 2826 ἀζει,
2487 2754 2562 2827 μή
2640 2751 2959 2829 ἀποκρύψας
3029 2754 3132 2823 τὴν
3208 2752 3402 2808 ἑαυτοῦ
3504 2752 3748 2829 ἄγνοιαν.

2097 2841 2252 2912 ’ὲεῆν
2297 2842 2399 2917 γὰρ
2461 2840 2586 2917 περὶ
2643 2842 2839 2898 τούτου
2894 2848 3191 2912 σιωπῆσαι.
3255 2866 3284 2896 ιι
3317 2841 3421 2899 Καὶ
3477 2840 3598 2898 οῖδα
3654 2844 3747 2899 τὸν

2090 2935 2341 2986 τοιοῦτον
2393 2928 2695 3005 ἄνθρωπον.
2733 2958 2753 2986 ι
2790 2933 3042 3007 Ἡρπάγη
3092 2926 3196 2993 ἕως
3258 2931 3446 3007 τρίτου
3496 2932 3745 3004 οὐρανοῦ,

2092 3019 2183 3075 καὶ
2215 3017 2382 3075 πάλιν
2419 3019 2620 3077 ἐκεῖθεν
2673 3020 2750 3082 είς
2803 3022 2893 3076 τὸν
2952 3019 3302 3095 παράδεισον.
3359 3022 3425 3079 Τί
3487 3019 3544 3076 δὲ
3598 3018 3743 3081 ὅλως

2093 3110 2321 3187 ἡρπάγη
2352 3130 2365 3179 ;
2393 3112 2508 3167 Ἵνα
2543 3107 2674 3184 μηδ’
2703 3108 2754 3165 ἐν
2781 3110 2961 3184 τούτῳ
2991 3104 3222 3167 ἔλαττον
3253 3108 3358 3190 ἔχῃ
3392 3114 3502 3165 τῶν
3535 3108 3739 3165 λοιπῶν

2095 3197 2444 3269 ἀποστόλων,
2518 3204 2627 3255 τῶν
2708 3196 3105 3277 διαγενομένων
3210 3204 3538 3273 σωματικῶς
3615 3199 3749 3272 μετὰ

2091 3293 2190 3345 τοῦ
2250 3291 2478 3365 Κυρίου.
2540 3313 2567 3341 ι.
2603 3290 2697 3354 Εἷς
2742 3293 2835 3346 τὸν
2895 3286 3241 3366 παράδεισον.
3276 3314 3305 3342 ››
3347 3287 3496 3345 Πολὺ
3539 3288 3641 3365 γὰρ
3688 3288 3753 3344 τὸ

2093 3376 2265 3453 ὅνόμα
2294 3382 2391 3434 τοῦ
2422 3379 2637 3454 χωρίου
2666 3379 2862 3435 τούτου
2892 3380 2981 3435 γαί
3011 3382 3294 3456 πανταχοῦ
3352 3374 3537 3454 ⁴ᾔδετο.
3592 3379 3755 3442 Ὅθεν

2091 3470 2290 3541 καὶτῷ
2335 3465 2515 3545 λῃστῇ
2573 3473 2736 3525 τοῦτο
2795 3466 3221 3546 Ἀπηγγείλατο,
3286 3465 3592 3543 ι”Αῤῥητα
3643 3466 3753 3543 ῥή-

2096 3578 2258 3631 ματα.
2295 3582 2323 3609 ››
2356 3563 2518 3619 ’Ίσως
2551 3558 2655 3635 γὰρ
2714 3554 2899 3634 ἕτερος
2957 3559 3240 3634 ἄνθρωπος
3300 3555 3446 3626 πλὴν
3505 3554 3752 3626 Παύλου,

2092 3647 2191 3703 οὐκ
2264 3646 2467 3725 ἐχώρει
2540 3652 2765 3704 τοιαῦτα
2838 3646 3086 3705 ἀκοῦσαι.
3130 3673 3156 3700 ιι
3198 3648 3267 3704 Ἀ
3340 3646 3438 3702 οὐκ
3512 3646 3628 3717 ἐξὸν
3661 3645 3751 3701 ἀν-

2090 3738 2295 3812 θρώπῳ
2322 3735 2586 3808 λαλῆσαι.
2622 3762 2651 3789 ››
2690 3740 2803 3794 ΙΙοῦ
2838 3737 2971 3793 εῒσιν
3005 3737 3057 3793 οἱ
3089 3734 3530 3814 ψευδεπίγραφον
3579 3737 3750 3793 Ἀπο-

2088 3826 2325 3902 κᾶλυψιν
2358 3828 2797 3903 συγγραψάμενοι
2823 3847 2838 3898 ;

311 3915 470 3970 unde
504 3920 562 3971 et
594 3914 810 3971 latroni
844 3916 1177 3987 promissus
1211 3922 1353 3971 erat.
1393 3939 1420 3966 «
1459 3921 1681 3973 Arcana
1710 3916 1908 3974 verba.
1940 3939 1968 3968 »
2001 3918 2291 3975 Fortassis
2325 3919 2485 3975 enim
2516 3917 2669 3975 nulli
2727 3917 2831 3975 alii
2873 3916 3186 3974 hominum
3229 3921 3446 3991 praster
3492 3917 3747 3975 Paulum

310 4020 664 4060 concessum
699 4012 789 4060 est
815 4005 1161 4076 hujusmodi
1195 4005 1420 4062 audire.
1462 4030 1488 4058 ι(
1520 4006 1659 4071 Quas
1691 4006 1778 4062 fas
1812 4023 1933 4063 non
1992 4008 2071 4063 sit
2116 4008 2347 4065 homini
2392 4008 2578 4081 loqui.
2615 4031 2643 4059 ››
2676 4008 2785 4064 Ubi
2839 4013 2980 4064 sunt
3026 4007 3128 4079 qui
3181 4006 3332 4064 falso
3390 4006 3745 4080 inscriptam

310 4094 756 4149 Revelationem
788 4095 1321 4167 conscripserunt?

372 4183 497 4250 Xll,
531 4185 649 4238 5-9.
690 4206 718 4233 ‹‹
751 4184 831 4239 De
860 4184 1212 4256 hujusmodi
1253 4185 1501 4240 homine
1533 4183 1872 4257 gloriabor;
1905 4184 1979 4241 de

315 4294 342 4320 «
376 4286 474 4326 me
504 4270 631 4343 ipso
663 4289 797 4328 vero
830 4289 954 4329 non
981 4272 1303 4347 gloriabor,
1339 4272 1457 4328 nisi
1489 4288 1672 4345 super
1725 4273 1977 4329 infirmi-

315 4380 343 4407 ‹‹
380 4359 597 4416 tatibus
629 4363 800 4416 meis.
835 4363 977 4417 Nam
1012 4363 1061 4417 si
1093 4361 1337 4433 gloriari
1395 4360 1656 4429 voluero,
1702 4376 1823 4416 non
1874 4376 1975 4418 ero

313 4474 339 4500 ι(
376 4450 702 4523 insipiens;
734 4453 1044 4509 veritatem
1077 4454 1239 4508 enim
1274 4452 1469 4508 dicam
1496 4470 1511 4520 ;
1544 4451 1648 4508 sed
1679 4453 1971 4521 abstineo,

312 4561 339 4588 ‹‹
375 4556 449 4594 ne
482 4541 616 4612 quis
647 4542 719 4597 de
747 4558 842 4597 me
874 4541 1091 4615 cogitet
1120 4558 1300 4613 supra
1330 4541 1388 4597 id
1421 4541 1580 4614 quod
1627 4542 1787 4597 videt
1844 4559 1975 4599 esse

314 4650 342 4679 ‹‹
377 4646 490 4691 me.
525 4637 627 4686 aut
659 4631 817 4703 quod
849 4632 1019 4687 audit
1049 4648 1118 4687 ex
1146 4648 1261 4688 me.
1296 4633 1366 4687 Et
1395 4648 1470 4688 ne
1504 4632 1859 4688 excellentia
1886 4648 1975 4689 re-

313 4741 342 4769 «
368 4720 734 4776 velationum
766 4721 1105 4791 extollerer,
1145 4722 1317 4778 datus
1346 4721 1459 4778 fuit
1488 4722 1636 4778 mihi
1697 4722 1975 4778 stimulus

318 4828 346 4859 α
376 4808 437 4863 in
468 4825 646 4865 carne
677 4810 927 4865 nuntius
959 4810 1209 4877 Satanas,
1241 4816 1305 4866 ut
1335 4826 1430 4865 me
1460 4810 1728 4882 colaphis
1783 4811 1976 4867 caade-

314 4918 341 4946 α
377 4903 468 4950 ret
496 4914 571 4954 ne
604 4900 943 4955 extollerer.
980 4900 1171 4972 Super
1200 4900 1312 4955 hoc
1343 4904 1435 4955 ter
1464 4899 1781 4955 Dominum
1804 4914 1975 4971 roga-

314 5006 341 5033 κ
374 4985 449 5049 vi,
484 4991 548 5040 ut
578 4988 917 5045 discederet
942 5006 976 5044 a
1004 5007 1122 5053 me,
1155 4995 1215 5044 et
1231 4989 1379 5044 dixit
1399 4989 1545 5043 mihi
1572 5006 1585 5044 :
1612 4988 1841 5043 Sufﬁcit
1868 4987 1973 5042 tibi

312 5095 341 5122 ‹‹
374 5074 563 5144 gratia
592 5092 739 5147 mea,
772 5093 914 5132 nam
944 5078 1214 5148 potentia
1242 5094 1376 5132 mea
1405 5094 1510 5149 per
1558 5075 1970 5131 inﬁrmitatem

314 5185 342 5212 ‹‹
384 5164 711 5233 perﬁcitur.
776 5167 1194 5223 Libentissime
1250 5167 1430 5240 igitur
1510 5165 1810 5239 gloriabor
1863 5182 1973 5238 po-

320 5274 341 5301 ι
378 5252 494 5307 tius
535 5270 717 5326 super
746 5255 1196 5313 infirmitatibus
1244 5255 1415 5328 meis,
1460 5261 1527 5312 ut
1567 5255 1862 5313 inhabitet
1907 5256 1971 5311 in

318 5366 343 5393 ι(
389 5359 484 5399 me
516 5345 787 5416 potentia
818 5345 1034 5401 Christi
1065 5371 1111 5403 ».

385 5552 533 5609 Vide
552 5559 843 5625 quantum
872 5553 1029 5609 fastu
1061 5560 1279 5623 careat,
1307 5560 1367 5609 et
1395 5556 1691 5626 quomodo
1721 5556 1846 5612 haec
1876 5575 1974 5613 ve—

314 5640 403 5697 lut
431 5642 502 5699 de
534 5644 722 5701 altero
741 5643 999 5716 quodam
1026 5650 1247 5700 narret.
1269 5645 1349 5699 De
1370 5644 1738 5715 hujusmodi,
1754 5645 1970 5719 inquit,

318 5730 560 5789 homine
589 5733 911 5807 gloriabor.
942 5732 1005 5790 Id
1034 5738 1233 5791 autem
1262 5731 1425 5803 facit,
1458 5750 1798 5795 sermonem
1830 5753 1968 5795 nar-

2157 4186 2315 4260 Ὕπὶρ
2372 4189 2471 4241 τοῦ
2526 4185 2779 4241 τοιούτου
2835 4186 3215 4261 καυχήσομαι,
3274 4184 3407 4259 ὑπὲρ
3457 4180 3516 4239 δὲ
3572 4183 3745 4257 ἐμαυ-

2088 4277 2185 4330 τοῦ
2243 4274 2307 4330 οὐ
2391 4276 2772 4350 καυχήσομαι,
2827 4276 2874 4330 εἱ
2936 4275 3013 4349 μή
3098 4270 3152 4330 ἔν
3239 4278 3359 4338 ταῖς
3443 4273 3743 4335 ἀσθενείαις

2093 4383 2217 4436 μου.
2322 4364 2448 4421 Ἐὰν
2554 4364 2658 4438 γὰρ
2781 4359 3001 4434 θελήσω
3129 4364 3533 4439 καυχήσασθαι,
3636 4360 3741 4417 οὐκ

2081 4449 2274 4529 ἔσομαι
2352 4454 2559 4533 ἃφρων.
2640 4455 2932 4527 ’Δλήθειαν
3033 4456 3135 4531 γάρ
3232 4454 3358 4530 ἐρῶ.
3465 4450 3742 4526 Φείδομαι

2082 4544 2162 4614 δὲ,
2198 4547 2274 4620 μή
2321 4567 2405 4611 τις
2461 4545 2539 4609 εἴς
2600 4544 2699 4619 ἔμὶ
2763 4543 3079 4621 λογίσηται,
3134 4544 3273 4619 δπὶρ
3330 4543 3361 4599 δ
3422 4541 3613 4620 βλέπει
3670 4563 3741 4616 με

2080 4634 2117 4706 ἤ
2149 4635 2335 4692 ἀκούει
2365 4657 2419 4691 τι
2470 4635 2520 4707 ἐξ
2578 4634 2736 4710 ἐμοῦ.
2800 4634 2905 4692 Καὶ
2960 4637 3030 4709 τῇ
3090 4629 3376 4709 ὓπερϐολῇ
3431 4637 3541 4689 τῶν
3599 4631 3742 4689 ἀπο-

2077 4724 2388 4801 καλύψεων,
2481 4727 2574 4782 ἳνα
2680 4726 2756 4801 μή
2853 4724 3256 4800 ὓπεραίρωμαι,
3362 4721 3525 4794 ἐδόθη
3640 4742 3741 4796 μοι

2079 4816 2291 4891 σκόλοψ
2344 4821 2411 4891 τῇ
2502 4816 2682 4891 σαρκὶ,
2742 4812 2977 4892 ἄγγελος
3036 4818 3207 4871 Σατᾶν
3264 4811 3377 4868 ε’ίνα
3444 4833 3512 4888 με
3565 4811 3744 4868 κολα-

2081 4905 2238 4985 φίζῃ,
2294 4903 2380 4960 ἳνα
2441 4905 2517 4980 μή
2603 4904 3006 4980 ὑπεραίρωμαι.
3094 4903 3253 4977 ’Υπὲρ
3337 4901 3536 4958 τούτου
3618 4904 3741 4975 τρίς

2078 4997 2168 5052 τὸν
2246 4996 2449 5073 Κύριον
2523 4993 2870 5071 παρεκάλεσα
2935 4992 3028 5050 ’ίνα
3101 4993 3313 5068 ἀποστῇ
3406 4992 3500 5048 ἀπ’
3572 4991 3732 5066 ἰμοῦο

2078 5087 2170 5142 καὶ
2236 5084 2424 5161 εἴρηκέ
2482 5106 2597 5160 μοι*
2657 5085 2840 5161 Ἀρκεῖ
2898 5104 2984 5140 σοι
3038 5087 3073 5154 ἠ
3135 5084 3299 5159 χάρις
3359 5085 3485 5156 μοῦ’
3544 5082 3579 5151 ἡ
3637 5080 3741 5157 γὰρ

2081 5176 2309 5253 δύναμίς
2387 5200 2492 5252 μου
2578 5178 2631 5235 ἐν
2738 5177 2980 5249 ἀσθενείᾳ
3077 5176 3401 5233 τεκειοῦται.
3503 5169 3742 5231 ’Ἥδιστα

2082 5272 2171 5328 οὗν
2277 5268 2491 5344 μᾶλλον
2593 5271 2952 5345 καυχήσομαι
3054 5268 3105 5323 ἐν
3208 5272 3327 5331 ταῖς
3444 5264 3740 5329 ἀσθενείαις

2084 5382 2212 5435 μου,
2284 5356 2376 5415 ’ίνα
2451 5358 2797 5434 ἐπισκηνώσῃ
2872 5356 2956 5415 ἐπ’
3056 5355 3153 5431 ἐμὲ
3227 5359 3263 5427 ὴ
3341 5354 3568 5432 δύναμις
3639 5357 3739 5410 τοῦ

2077 5453 2332 5527 Χριστοῦ.

2150 5548 2333 5606 Βλέπε
2362 5548 2531 5604 αὐτοῦ
2562 5547 2625 5603 τὸ
2657 5544 2880 5624 ἄτυφον,
2911 5550 3029 5607 πῶς
3061 5545 3137 5610 ὡς
3179 5545 3305 5621 περὶ
3352 5545 3540 5620 ἑτερου
3586 5542 3737 5606 τινὸς

2079 5637 2216 5695 αὖτὰ
2244 5636 2542 5714 διηγεῖται.
2614 5637 2778 5712 ⁴Τπὶρ
2850 5635 2961 5714 γὰρ
3033 5638 3133 5691 τοῦ
3205 5633 3486 5706 τοιούτου,
3575 5632 3736 5712 φησὶ,

2078 5731 2460 5813 καυχήσομαι.
2500 5727 2677 5791 Τοῦτο
2721 5724 2781 5781 δδ
2834 5724 2987 5782 ποιεῖ
3035 5723 3336 5796 συσκιάζων
3392 5725 3484 5782 τὸν
3540 5722 3736 5801 λόγον.
