4098 6406
335 426 490 487 1065

1297 425 1714 486 COMMENT.
1761 425 1847 485 ΙΝ
1893 422 2146 487 EPIST.
2199 425 2251 484 ll
2296 428 2395 485 AD
2440 419 2812 487 CORINTI‘L

3595 430 3754 489 1066

326 540 591 638 ¹Ὅτιγάρ
649 558 812 621 αὐτὸς
856 558 922 628 ἦν
974 558 1002 612 ὁ
1061 555 1344 634 ἀρπαγείς,
1404 555 1689 612 αΐνίττεται
1739 555 1985 636 φάσκων,

2102 549 2286 614 rando
2311 556 2692 615 obumbrans.
2717 549 2864 615 Nam
2884 559 3043 630 quod
3064 561 3191 631 ipse
3212 566 3372 616 esset
3415 561 3516 632 qui
3549 568 3754 633 raptt)!

327 673 357 702 ‹‹
392 649 514 707 ’Eiv
573 648 679 723 γάρ
746 645 1273 723 καυχήσωμαι,οὑκ
1339 641 1535 718 ἔσομαι
1594 644 1801 726 ἄφρωνσ
1849 642 1990 716 ἀλή-

326 752 474 807 θειαν
502 741 605 816 γάρ
635 739 765 816 ἐρῶ.
790 761 817 793 ιι
857 739 953 794 Καὶ
987 737 1121 808 ἄνω,
1186 762 1214 791 ‹‹
1248 741 1571 818 Καυχᾶσθαι
1605 735 1672 804 δὴ
1731 736 1792 792 οὒ
1847 758 1990 811 συμ-

329 828 479 907 φέρει
513 849 628 902 μοι.
666 851 694 881 ››
736 833 901 884 Ποῖον
943 825 1000 884 δὲ
1045 827 1367 907 ἀσύμφορον
1398 827 1462 881 τὸ
1487 826 1620 899 ὑπὲρ
1653 823 1831 882 ἄλλου
1856 846 1990 881 καυ-

326 919 529 975 χᾶσθαι
562 917 651 973 ναὶ
691 915 978 988 ἀληθεύειν
1014 935 1027 986 ;
1088 941 1117 969 ‹‹
1150 916 1312 993 Ὑπὲρ
1351 912 1410 971 δὲ
1465 914 1704 989 ἐμαυτοό
1762 914 1824 970 οὑ
1855 935 1990 969 καυ-

327 1010 610 1085 χήσομαι.
665 1033 689 1061 ι
770 1006 875 1063 Καὶ
931 1005 1080 1068 τίνος
1137 1001 1310 1061 ἕνεκεν
1393 1002 1572 1061 ἄλλου
1633 1003 1987 1080 ἀρπαγὲντος,

328 1104 393 1153 συ
424 1102 699 1173 καυχᾶσαι
736 1117 750 1167 ;
782 1094 954 1163 δῆλον
1017 1097 1108 1151 οὗν
1179 1095 1264 1150 ὅτι
1321 1095 1451 1171 περὶ
1511 1098 1736 1150 σεαυτοῦ
1788 1091 1992 1167 λὲγεις,

327 1186 497 1243 εἶκαὶ
549 1186 1040 1261 συνεσκιασμὲνως.
1104 1208 1130 1238 ι
1161 1185 1223 1242 Εἰ
1272 1187 1347 1257 μή
1410 1184 1461 1240 ἐν
1521 1189 1639 1245 ταῖς
1697 1183 1990 1247 ἀσθενείαις

331 1296 465 1351 μου.
510 1300 538 1328 ››
586 1276 709 1331 Οῗον
766 1273 817 1330 ἐν
872 1279 991 1337 ταῖς
1054 1274 1299 1348 θλιψεσιν
1346 1319 1360 1343 ,
1418 1272 1469 1329 ἐν
1519 1278 1637 1334 τοῖς
1697 1269 1990 1350 διωγμοῖς.

331 1389 353 1417 ι
384 1365 510 1420 Ἐὰν
542 1365 647 1442 γὰρ
680 1362 901 1436 θελήσω
921 1365 1337 1436 καυλήσασθαι,
1371 1362 1470 1419 οὐκ
1498 1357 1691 1433 ἔσομαι
1722 1359 1926 1440 ἄφρων.
1960 1386 1990 1414 »

326 1455 431 1512 Καὶ
470 1459 591 1516 πῶς
618 1453 732 1510 ἄνω
770 1448 985 1532 ἔλεγεν,
1035 1450 1238 1535 ὄφελον
1298 1453 1573 1529 ἀνείχεσθέ
1631 1474 1736 1525 μου
1794 1453 1988 1529 μικρὸν

324 1552 429 1626 τῆς
493 1545 860 1626 ἀφροσύνηςς
923 1543 1025 1600 Καῖ
1113 1543 1319 1600 πάλιν·
1375 1544 1448 1601 "0
1506 1540 1686 1610 λαλῶ,
1740 1540 1800 1596 οὗ
1854 1541 1992 1597 κατά

314 1616 769 1711 ’Κύριον-λαλῶ,
829 1630 956 1688 ἀλλ’
1009 1633 1083 1695 ὡς
1135 1630 1187 1689 ἐν
1243 1631 1572 1710 ἀφροσῦνιη
1637 1629 1734 1686 Καὶ
1795 1652 1989 1709 φαμεν,

330 1722 417 1780 ὅτι
476 1724 541 1779 οὑ
604 1723 742 1778 κατά
793 1722 855 1778 τὸ
910 1727 1217 1797 καυχᾶσθαι
1273 1723 1395 1777 εἷπε
1449 1720 1514 1777 τὸ
1549 1764 1563 1789 ,
1616 1721 1735 1778 Οὐκ
1792 1718 1987 1794 ἔσομαι

332 1810 539 1893 ἄφρων,
573 1810 722 1868 ἀλλά
749 1812 886 1867 κατά
931 1814 993 1867 τὸ
1057 1814 1132 1884 μή
1186 1811 1506 1886 ψεύσασθαι.
1556 1811 1709 1865 Ὅθεν
1771 1807 1982 1885 ἐπάγει·

2102 646 2258 704 696
2286 648 2483 705 fuerat
2502 649 2794 721 designat,
2818 648 3024 705 dicens
3048 666 3061 704 :
3089 670 3116 698 «
3138 649 3193 704 Si
3218 649 3459 723 gloriari
3485 649 3753 721 Voluero,

2098 753 2221 792 non
2253 754 2354 793 ero
2386 738 2700 811 insipiens,
2732 739 3039 793 veritatem
3074 739 3234 794 enim
3266 737 3480 795 dicam.
3512 759 3540 791 ιι
3565 742 3634 795 Et
3661 753 3756 798 su-

2097 843 2206 898 pra
2238 846 2251 883 :
2286 850 2316 878 «
2348 827 2599 884 Gloriari
2627 844 2769 884 sane
2800 845 2920 884 non
2954 829 3190 901 expedit
3245 829 3414 885 mihi.
3478 851 3507 880 »
3558 824 3760 896 Quod-

2099 934 2239 972 nam
2260 924 2353 973 est
2371 924 2594 982 autem,
2623 918 2697 973 de
2721 918 2837 974 alio
2851 918 3093 991 gloriari
3114 934 3244 973 vera
3286 918 3561 986 dicendo,
3594 920 3753 993 quod

2099 1023 2220 1061 non
2253 1006 2533 1078 expedit?
2566 1029 2592 1056 ‹‹
2622 1008 2698 1062 De
2727 1008 2956 1078 meipso
2987 1023 3124 1062 vero
3184 1023 3303 1063 non
3371 1007 3688 1078 gloriabor.
3724 1030 3754 1060 ››

2098 1095 2167 1150 Et
2197 1112 2380 1166 quare
2413 1096 2528 1151 alio
2562 1103 2727 1167 rapto
2760 1104 2820 1152 tu
2852 1096 3173 1169 gloriaris?
3230 1095 3603 1153 Manifestum
3663 1103 3752 1155 est

2098 1186 2298 1258 itaque
2330 1187 2489 1257 quod
2522 1187 2595 1243 de
2626 1188 2813 1259 teipso
2867 1187 3039 1254 dicis,
3101 1203 3446 1260 quanquam
3495 1187 3747 1245 obtecto.

2099 1297 2130 1326 «
2163 1276 2280 1332 Nisi
2311 1294 2490 1350 super
2511 1277 2970 1333 inﬁrmitatibus
2991 1277 3162 1333 meis.
3189 1300 3217 1327 ››
3242 1278 3362 1333 Hoc
3409 1284 3516 1347 est,
3573 1288 3753 1350 super

2099 1364 2526 1421 afflictionibus
2544 1372 2604 1421 et
2624 1366 3162 1438 persecutionibus.
3188 1390 3215 1417 ι‹
3242 1368 3400 1433 Nam
3430 1366 3479 1422 si
3509 1367 3751 1440 gloriari

2097 1454 2359 1515 voluero.
2392 1472 2513 1511 non
2536 1471 2636 1512 ero
2663 1456 2976 1528 insipiens.
2999 1456 3435 1528 )ithuomodo
3475 1458 3751 1529 superius

2098 1543 2265 1599 dixit.
2302 1545 2538 1600 Utinam
2564 1545 2898 1601 toleraretis
2930 1561 3121 1601 meam
3147 1545 3451 1617 paulisper
3471 1546 3754 1617 insipien-

2098 1634 2242 1688 tiam
2262 1632 2291 1688 ?
2312 1639 2370 1689 et
2391 1651 2627 1690 rursum
2650 1651 2664 1689 :
2691 1636 2837 1691 Cum
2857 1634 2988 1690 dico
3038 1651 3159 1691 non
3204 1633 3535 1691 secundum
3569 1635 3758 1690 Domi-

2098 1736 2245 1778 num
2277 1722 2430 1790 dico,
2461 1723 2565 1779 sed
2609 1724 2770 1779 velut
2792 1741 2899 1796 per
2929 1724 3339 1794 insipientiam
3360 1722 3473 1779 ?Et
3500 1723 3759 1780 dicimus

2099 1812 2260 1883 quod
2287 1828 2407 1869 non
2435 1813 2586 1868 dixit
2611 1830 2624 1869 :
2654 1815 2779 1869 Non
2803 1829 2902 1869 ero
2927 1813 3237 1885 insipiens,
3273 1813 3334 1867 in
3354 1813 3465 1868 hoc
3482 1812 3640 1885 quod
3671 1817 3762 1869 est

332 1927 361 1956 κ
396 1902 690 1973 Ἀλήθειαν
721 1901 824 1977 γάρ
868 1900 995 1978 ἐρῶ.
1034 1926 1062 1953 ››
1092 1900 1311 1972 Καλῶς,
1344 1900 1532 1978 φησὶν,
1595 1925 1622 1953 ‹‹
1658 1899 1769 1955 Οὐκ
1791 1896 1986 1973 ἕπομαι

2097 1899 2359 1975 gloriari,
2386 1901 2490 1959 sed
2512 1904 2575 1958 in
2597 1902 2712 1959 hoc
2730 1902 2889 1975 quod
2910 1909 2999 1959 est
3021 1908 3140 1959 noh
3192 1903 3558 1959 mentiendo.
3593 1902 3758 1960 Unde

330 1993 601 2074 ἄφρων.»
672 1993 751 2052 05
802 1993 907 2070 γὰρ
955 1991 1099 2049 ἐστιν
1161 1989 1394 2068 ἄφρονος
1450 1989 1514 2046 τό
1586 1989 1680 2045 ἐπὶ
1737 1989 1985 2064 σωτηρίᾳ

336 2084 429 2139 καὶ
476 2081 711 2163 ὠφελείᾳ
764 2085 959 2161 ψυχῶν
1005 2080 1097 2136 καὶ
1156 2081 1395 2155 ἀνάγκης
1453 2078 1819 2152 ἐπικειμένης,
1886 2079 1985 2147 τὴν

334 2172 483 2239 παρά
539 2178 672 2229 Θεοῦ
730 2176 1164 2248 παρασχεθεῖσαν
1220 2171 1370 2244 αὐτῷ
1461 2170 1626 2245 χάριν
1682 2167 1987 2243 ἀνακηρ·3τ-

331 2284 493 2322 τειν.
556 2261 787 2321 Μᾶλλον
847 2260 904 2318 δὶ
949 2270 1042 2317 καὶ
1098 2258 1221 2318 λίαν
1298 2257 1569 2335 ἔμφρονος
1639 2259 1729 2315 καὶ
1792 2257 1986 2337 φιλαν-

332 2354 564 2427 θρώπου
619 2353 683 2409 τὸ
739 2352 986 2425 παριδειν
1039 2353 1128 2407 καί
1188 2351 1423 2425 ὑποψίαν
1488 2350 1743 2421 οἰήσεως,
1811 2342 1981 2404 ἕνεκεν

329 2441 611 2515 σωτηρίας
661 2441 961 2518 ἀνθρώπων
997 2485 1010 2497 .
1084 2466 1113 2493 ‹‹
1176 2437 1448 2512 Φείδομαι
1508 2435 1567 2494 δὲ
1627 2440 1703 2513 μή
1763 2458 1847 2501 τις
1905 2438 1983 2501 εἰς

328 2533 430 2606 ἰμὲ
479 2531 796 2610 λογίσηται.
830 2559 858 2586 ιι
922 2531 1215 2606 Φείόομαι,
1277 2529 1436 2601 ἔλεῶ,
1494 2528 1811 2608 άποφεῦγω.
1871 2527 1984 2587 Οὔκ

326 2625 469 2692 εἷπε,
532 2623 824 2699 litantis-9,
882 2622 918 2692 ἢ
985 2619 1156 2698 Εἴπῃ,
1215 2619 1342 2677 ἀλλ’
1406 2643 1427 2670 ι
1481 2618 1596 2677 Ἰνα
1657 2616 1798 2694 μηδὲ
1829 2617 1987 2694 λογί-

324 2733 573 2785 σηται,››
632 2710 670 2783 ἢ
732 2706 987 2786 ὑπολάϐῃ
1047 2707 1231 2785 μεῖζόν
1299 2732 1404 2779 τι,
1463 2706 1619 2786 φησί,
1678 2708 1779 2778 τῆς
1841 2707 1983 2781 ἐμῆς

320 2802 493 2872 ἀξίας.
557 2800 655 2857 Διά
711 2805 874 2857 τοῦτο
942 2800 1048 2880 γὰρ
1105 2801 1172 2856 τὰ
1230 2800 1351 2875 περὶ
1443 2800 1636 2854 ἑαυτοῦ
1690 2797 1769 2854 ἀεὶ
1832 2796 1985 2875 ἇσίγα

314 2895 410 2949 καὶ
468 2886 721 2968 ἔκρυπτε,
808 2890 898 2947 καὶ
953 2890 998 2946 εἰ
1078 2893 1154 2964 μή
1235 2911 1341 2945 που
1400 2889 1601 2964 ἀνάγκη
1662 2881 1981 2957 κατέλαϐεν,

317 2977 448 3035 οὐδὲ
477 2978 601 3053 περὶ
623 2979 814 3034 ἑαυτου
872 2970 1050 3052 ἔλεγε.
1103 2976 1206 3033 Καὶ
1266 2974 1441 3050 λέγων
1504 2973 1582 3043 δὲ,
1643 2972 1982 3043 συνεσκίαζεν

320 3068 602 3139 αὖτὰ,ἳνα
638 3069 714 3141 μή
755 3068 977 3141 μείζονα
1035 3065 1291 3122 ὑπόνοιαν
1342 3064 1467 3138 περὶ
1525 3064 1693 3119 αὐτοῦ
1752 3067 1981 3138 σχῶσιν.

323 3155 393 3214 Εἰ
451 3154 554 3231 γὰρ
615 3155 767 3219 θεοὺς
807 3152 1001 3215 αὐτοὺς
1059 3152 1309 3225 ἐνόμισαν
1359 3152 1410 3206 οἱ
1443 3148 1720 3225 ἅνθρωποι
1781 3146 1869 3203 διὰ
1920 3148 1984 3203 τὸ

337 3244 564 3317 μεγεθος
591 3248 696 3300 τῶν
752 3242 1021 3317 σημείων,
1053 3243 1142 3297 καὶ
1178 3240 1408 3312 ταύρους
1475 3240 1724 3317 σφάττειν
1752 3236 1982 3307 ἤθελόι,

332 3331 388 3388 τὶ
447 3330 509 3386 ἂν
554 3332 808 3405 ᾠήθησαν
868 3331 913 3387 εἷ
965 3332 1063 3396 τὶς
1118 3328 1493 3405 ἀποκαλύψεις
1553 3327 1832 3407 ἐφανὲθου,
1891 3327 1982 3382 καὶ

326 3421 398 3477 τά
445 3423 563 3486 καθ’
619 3422 808 3478 ἑαυτὸν
869 3419 1140 3497 ἐκαυχᾶτο
1176 3440 1190 3490 ;
1224 3453 1290 3463 -
1322 3420 1536 3495 [ΦΩΤ.]
1606 3419 1699 3485 Τὸ,
1753 3416 1857 3474 Καὶ
1911 3418 1980 3489 τῇ

329 3507 613 3587 ὑπερϐολῇ
646 3518 753 3570 τῶν
811 3509 1243 3586 ἀποκαλύψεων,
1302 3510 1438 3584 πρὸς
1497 3510 1580 3580 τὸ,
1650 3507 1983 3581 Ἐλεύσομαι

324 3602 434 3680 γὰρ
484 3600 562 3666 είς
616 3602 878 3665 ὀπτασίας
949 3601 1041 3657 καὶ
1125 3597 1502 3675 ἀποκαλύψεις
1535 3645 1551 3670 ,
1613 3595 1982 3668 ἐξακουστὲον.

325 3716 357 3746 α
386 3694 507 3750 Ἵνα
542 3692 618 3765 μή
652 3693 1055 3770 ὑπεραίρωμαι.
1089 3716 1116 3743 n
1165 3692 1281 3747 Ἵνα
1344 3690 1444 3762 μὴ,
1506 3688 1661 3766 φησὶ,
1723 3688 1983 3765 φρονήσω

328 3781 562 3856 μὲγα,ἢ
606 3781 696 3836 ἳνα
767 3782 843 3855 μὴ
906 3779 1011 3836 ὑπὸ
1066 3783 1174 3835 τῶν
1234 3778 1538 3852 ἀνθρώπων
1605 3776 1984 3851 ὑπεραίρωμαι

322 3870 417 3926 καὶ
480 3866 842 3944 ὃοξάζωμαι,
904 3869 1037 3945 ὅπερ
1125 3869 1216 3925 καὶ
1299 3867 1539 3943 βέλτιον.
1624 3866 1705 3923 Οὐ
1766 3865 1867 3942 γὰρ
1924 3862 1985 3919 ἂν

326 3958 559 4036 ἔχρῃζεν
590 3963 624 4031 ἡ
659 3961 812 4037 ψυχή
848 3959 1067 4016 Παῦλου
1101 3955 1339 4035 χαλινοῦ
1369 3977 1539 4023 τινος,
1598 3957 1735 4031 πρὸς
1787 3956 1849 4010 τὸ
1908 3954 1984 4029 μὴ

329 4056 551 4129 φρονεῖν
615 4052 770 4127 μέγα.
854 4074 882 4103 ‹‹
916 4047 1112 4119 Ἐδόθη
1181 4070 1273 4122 μοι
1334 4044 1562 4121 σκόλωψ
1618 4049 1687 4120 τῇ
1744 4043 1923 4121 σαρκί.
1958 4068 1987 4097 ››

329 4140 413 4197 Τὰ
446 4137 617 4213 δεσμὰ
667 4138 836 4216 λέγει,
890 4138 986 4201 τὰς
1043 4137 1261 4214 πληγὰς
1316 4136 1441 4199 τοὺς
1501 4133 1827 4208 λιθασμοὺς,
1892 4134 1987 4198 τὰς

332 4227 599 4311 φυλακάς.
656 4253 684 4281 ‹‹
745 4226 1014 4306 Ἀγγελος
1104 4230 1303 4299 Σατᾶν,
1362 4252 1391 4279 n
1461 4222 1737 4302 ’Ἄγγελος
1794 4228 1988 4295 Σατᾶν,

332 4321 363 4376 ὁ
408 4317 852 4394 ὑπηρετοῦμενος
883 4321 964 4391 τῷ
1009 4313 1365 4389 ἀντικειμένῳ
1424 4311 1644 4386 δαίμονι
1682 4311 1988 4388 ἅνθρωπος.

329 4407 570 4486 Σκόλωφ
630 4403 708 4476 δὲ,
769 4407 861 4468 οὓς
904 4405 954 4462 οἳ
1013 4409 1255 4462 τοιοῐῑτοι
1312 4403 1648 4478 πειρασμοὺς
1699 4402 1847 4475 αὐτῷ
1901 4414 1991 4468 καὶ

332 4496 554 4573 θλίψεις
582 4496 867 4577 ἰπέφερον.

2099 1991 2425 2065 subjungit,
2459 2014 2485 2045 ι
2526 1993 2843 2048 Veritatem
2877 1993 3038 2048 enim
3071 1992 3286 2049 dicam.
3344 2016 3370 2042 »ι
3424 1995 3603 2049 Recte
3651 1992 3754 2060 ait,

2095 2101 2123 2128 ‹‹
2160 2080 2285 2135 Non
2321 2096 2422 2135 ero
2455 2080 2767 2152 insipiens.
2804 2104 2831 2129 »
2865 2082 2988 2135 Non
3017 2086 3106 2136 est
3164 2080 3323 2136 enim
3382 2080 3749 2151 insipientis,

2093 2171 2339 2243 gratiam
2359 2189 2394 2227 a
2414 2174 2532 2228 Deo
2556 2172 2666 2227 sibi
2692 2172 2966 2228 traditam
2988 2171 3751 2244 promulgare.imminente

2093 2261 2450 2317 necessitate
2480 2260 2554 2317 ob
2585 2262 2839 2317 salutem
2871 2267 2930 2317 et
2986 2261 3307 2317 utilitatem
3351 2260 3691 2316 animarum
3723 2272 3741 2328 ;

2093 2349 2237 2420 quin
2260 2351 2456 2422 potius
2478 2352 2861 2406 vehementer
2881 2351 3170 2424 sapientis
3192 2356 3301 2420 est,
3336 2356 3396 2405 et
3415 2350 3600 2405 animi
3629 2349 3744 2407 hu-

2093 2439 2339 2495 maniac
2368 2438 2633 2513 benigni,
2661 2439 2967 2512 despicere
2995 2440 3174 2496 etiam
3210 2440 3612 2513 suspicionem
3645 2455 3741 2496 ar-

2091 2529 2646 2601 rogantiaa,pr0pter
2666 2529 2979 2586 hominum
3002 2530 3313 2586 salutem.«
3335 2530 3448 2585 Sed
3468 2530 3738 2585 abstineo

2093 2633 2168 2672 ne
2199 2618 2332 2689 quis
2361 2619 2434 2674 de
2466 2635 2560 2675 me
2588 2612 2824 2692 cogitet.
2858 2642 2888 2670 »
2921 2618 3226 2689 Abstineo,
3286 2619 3346 2675 id
3386 2624 3498 2686 est,
3536 2635 3741 2692 parco,

2094 2705 2306 2763 devito.
2330 2708 2458 2763 Non
2481 2707 2841 2764 dixitautem
2868 2710 2980 2764 :Ne
3000 2708 3204 2765 credat
3224 2715 3327 2765 aut
3374 2708 3551 2777 dicat,
3599 2707 3704 2765 sed
3729 2725 3743 2762 :

2093 2797 2173 2852 Ne
2206 2798 2444 2870 cogitet,
2477 2798 2696 2870 inquit.
2728 2805 2831 2856 aut
2883 2799 3220 2871 suspicetur
3278 2799 3471 2872 majus
3520 2797 3749 2872 aliquid

2093 2904 2272 2959 quam
2305 2888 2380 2944 sit
2412 2905 2546 2944 mea
2575 2888 2855 2960 dignitas.
2890 2892 3211 2963 Propterea
3268 2890 3429 2946 enim
3485 2906 3617 2962 quas
3675 2889 3747 2946 de

2092 2979 2286 3049 seipso
2315 2984 2486 3034 erant
2538 2995 2776 3051 semper
2832 2979 3065 3035 tacebat
3122 2984 3181 3035 et
3233 2979 3616 3036 occultabat:
3667 2985 3748 3046 et,

2091 3065 2207 3121 nisi
2237 3072 2483 3135 cogente
2514 3068 2733 3123 alicubi
2791 3069 3170 3133 necessitate,
3230 3066 3380 3123 nihil
3431 3067 3504 3124 de
3545 3068 3745 3141 seipso

2092 3154 2477 3224 dicebat,imo
2503 3157 2743 3214 tandem
2766 3158 2971 3214 dicens
2993 3157 3306 3231 obtegebat
3328 3159 3477 3230 ipsa,
3510 3173 3586 3213 ne
3613 3174 3743 3214 ma-

2086 3245 2279 3317 jorem
2307 3246 2651 3317 opinionem
2671 3247 2742 3303 de
2759 3264 2827 3303 eo
2845 3247 3155 3304 haberent.
3178 3247 3346 3313 Quod
3377 3248 3425 3303 si
3468 3248 3743 3304 homines

2022 3313 2064 3379 (ἶ
2096 3336 2520 3392 existimabant
2540 3338 2700 3409 ipsos
2724 3355 2854 3395 esse
2873 3338 3015 3394 deos
3050 3339 3124 3394 ob
3175 3339 3481 3406 signorum
3512 3337 3745 3412 magni-

2091 3424 2671 3494 tudinem,ettauros
2696 3427 3007 3485 immolare
3028 3428 3308 3485 volebant
3349 3427 3417 3498 ⁷³,
3452 3428 3741 3501 quidnam

2090 3521 2400 3587 putassent
2428 3517 2477 3572 si
2509 3516 2900 3573 revelationes
2933 3517 3391 3585 manifestasset,
3427 3535 3496 3574 ac
3546 3518 3616 3574 de
3670 3518 3744 3574 iis

2091 3621 2222 3676 quas
2254 3608 2412 3661 circa
2441 3623 2503 3662 se
2531 3612 2702 3662 erant
2728 3607 3014 3680 gloriatus
3044 3607 3299 3663 fuisset?
3344 3630 3373 3657 «
3421 3608 3491 3663 Et
3536 3624 3610 3664 ne
3643 3625 3746 3663 ex—

2091 3694 2370 3752 cellentia
2400 3695 2850 3753 revelationum.
2881 3719 2909 3746 »
2931 3697 3268 3753 Secundum
3286 3696 3347 3751 id
3371 3696 3530 3768 quod
3578 3697 3745 3769 prius

2091 3783 2239 3838 dixit
2272 3800 2285 3837 :
2318 3784 2567 3840 Veniam
2597 3785 2757 3840 enim
2789 3785 2861 3841 ad
2892 3785 3149 3841 visiones
3208 3791 3267 3840 et
3321 3785 3743 3854 revelationes,

2090 3871 2546 3945 intelligendum
2568 3879 2675 3931 est.
2701 3896 2730 3925 «
2760 3874 2832 3930 Ut
2847 3890 2967 3929 non
2992 3874 3276 3939 extollat;
3323 3895 3351 3925 »
3402 3881 3469 3928 ut
3510 3889 3633 3929 non
3664 3875 3751 3930 in-

2093 3961 2404 4027 solescam,
2432 3962 2646 4034 inquit.
2674 3965 2809 4027 Aut,
2833 3980 2908 4019 ne
2931 3962 3002 4019 ab
3032 3963 3378 4018 hominibus
3408 3964 3661 4019 extollar
3689 3970 3752 4020 et

2091 4050 2581 4124 gloriﬁcerzquod
2603 4053 2781 4108 etiam
2806 4052 3006 4125 potius
3026 4055 3343 4125 est.Neque
3366 4053 3523 4109 enim
3547 4053 3748 4110 anima

2093 4139 2260 4195 Pauli
2282 4140 2450 4196 freno
2483 4140 2683 4213 aliquo
2715 4140 2923 4215 egebat
2952 4157 3027 4196 ne
3059 4142 3467 4199 insolesceret.
3502 4165 3529 4193 ›ι
3569 4143 3748 4199 Datus

2093 4227 2206 4285 fuit
2236 4230 2381 4285 mihi
2412 4230 2689 4286 stimulus
2721 4231 2781 4286 in
2811 4247 3007 4287 carne.
3043 4255 3071 4279 »ι
3098 4231 3380 4289 Catenam
3412 4231 3574 4302 dicit,
3625 4231 3749 4305 pla-

2095 4335 2219 4391 gas,
2253 4318 2670 4392 lapidationes,
2712 4336 3000 4377 carceres.
3037 4343 3066 4371 «
3118 4321 3371 4377 Nuntius
3431 4321 3683 4377 Satanan.
3716 4343 3747 4372 »

2096 4409 2349 4465 Nuntius
2375 4408 2606 4466 Satanas
2637 4409 2855 4467 dicitur
2883 4411 3065 4467 homo
3113 4410 3491 4468 subserviens
3539 4410 3752 4468 adver-

2096 4497 2253 4554 sario
2282 4496 2562 4555 dasmoni.
2599 4499 2889 4556 Stimulus
2918 4516 3079 4566 vero,
3119 4501 3420 4559 tentiones
3452 4506 3511 4557 et
3564 4499 3749 4559 afﬂic-

2100 4584 2318 4652 tiones,
2351 4602 2500 4657 quas
2530 4586 2868 4645 inferebant
2897 4589 2972 4643 ei.

407 4680 623 4754 [lQ.\N.
655 4680 676 4753 ]
707 4679 855 4742 Τινὲς
892 4678 985 4750 μὶν
1020 4676 1136 4748 οὗν,
1168 4671 1543 4752 κεφαλαλγίαν
1598 4672 1721 4728 τινὰ
1785 4670 1987 4753 ἔφησαν

2180 4675 2328 4730 691
2367 4675 2616 4740 Quidem
2648 4677 2848 4747 itaque
2883 4678 3094 4747 capitis
3125 4677 3394 4733 dolorem
3424 4678 3620 4750 ipsum
3668 4677 3753 4733 di-

328 4768 497 4825 αὐτὸν
550 4766 750 4845 λέγειν,
812 4768 918 4823 ἀπὸ
974 4769 1071 4822 τοῦ
1131 4758 1393 4822 διαϐόλου
1445 4761 1761 4841 γινομένην.
1828 4761 1989 4820 Ἀλλ’

336 4855 439 4914 οὐκ
494 4851 658 4914 ἔστιν.
735 4854 875 4915 Οὐδὲ
948 4856 1052 4934 γὰρ
1114 4857 1177 4910 τὸ
1233 4857 1392 4927 σῶμα
1453 4850 1671 4908 Παύλου
1718 4854 1839 4915 ταῖς
1894 4856 1993 4908 τοῦ

332 4943 604 5004 διαϐόλου
634 4947 822 5024 χερσὶν
852 4944 1093 5019 ἐξεδόθη.
1126 4945 1194 5001 Τί
1219 4942 1311 5000 οὖν
1373 4942 1489 4999 ἐστι
1519 4944 1581 4999 τὸ
1641 4940 1940 5019 λεγόμενον
1975 4965 1990 5014 ;

339 5040 517 5093 Σατίν
577 5037 606 5092 ὁ
663 5036 1036 5110 ἀντικείμενος
1092 5033 1308 5110 λέγεται
1366 5036 1434 5107 τῇ
1494 5027 1760 5107 Ἐϐραίων
1812 5036 1991 5107 φωνῇ,

334 5127 448 5185 Καί
481 5125 532 5182 ἐν
560 5131 629 5200 τῇ
684 5126 846 5203 τρίτῃ
902 5131 1011 5181 τῶν
1053 5123 1370 5192 Βασιλειῶν,
1401 5120 1528 5184 τοὺς
1588 5120 1995 5196 ἀντικειμένους

338 5216 526 5282 οὕτως
582 5214 833 5273 ἐκάλεσεν
862 5218 897 5286 ἡ
934 5216 1142 5294 Γραφή.
1187 5212 1286 5268 Καὶ
1325 5211 1450 5285 περὶ
1509 5209 1882 5285 Σολομῶντος
1914 5209 1996 5266 δι-

338 5306 651 5384 ηγουμένη,
679 5307 824 5362 οὕτω
852 5306 1040 5384 φησὶν,
1074 5302 1173 5358 οὑκ
1200 5302 1268 5372 ἦν
1304 5304 1476 5356 Σατᾶν
1509 5299 1561 5355 ἓν
1593 5304 1712 5362 ταῖς
1761 5300 1996 5375 ἡμέραις

333 5397 530 5467 αὐτοῦ,
579 5394 880 5467 τουτέστιν,
938 5393 1332 5467 ἀντικείμενος,
1405 5388 1690 5464 πολεμῶν,
1722 5388 1993 5467 ἐνοχλῶν.

331 5489 406 5546 Ὅ
433 5488 524 5542 οὑν
550 5484 722 5562 λέγει,
755 5486 902 5540 τοῦτ¹
960 5479 1126 5540 ἔστιν.
1182 5482 1299 5541 Οὐκ
1357 5477 1533 5536 εἷάσεν
1590 5481 1618 5535 ὁ
1675 5479 1806 5542 Θεὸς
1854 5480 1997 5535 ἀπο-

331 5576 464 5649 νητὶ
494 5581 752 5653 χωρῆσαι
805 5575 869 5631 τὸ
898 5577 1185 5650 κήρυγμα,
1263 5579 1325 5627 τό
1384 5571 1643 5649 φρόνημα
1699 5568 1997 5626 καταστέλ-

416 5752 461 5787 7’
490 5753 617 5806 Act.
650 5768 764 5819 xw,
796 5754 865 5805 40
896 5766 1062 5820 seqq.
1095 5748 1140 5783 7"
1172 5750 1309 5820 Reg.
1348 5765 1406 5816 ν,
1441 5749 1494 5801 4.

630 5870 891 5937 ΡΑΤιιοι..
938 5870 1051 5929 Gn.
1100 5865 1358 5926 CXVIII.

2102 4781 2236 4821 cere
2263 4773 2650 4821 asseruerunt
2669 4783 2703 4821 a
2725 4766 2963 4822 diabolo
2989 4768 3346 4824 immissum.
3374 4767 3485 4823 Sed
3504 4783 3623 4823 non
3652 4768 3737 4824 ita

2104 4862 2193 4911 est
2236 4856 2437 4927 Neque
2461 4855 2619 4910 enim
2642 4856 2812 4912 Pauli
2836 4862 3014 4928 caput
3035 4857 3255 4913 diaboli
3278 4857 3552 4913 manibus
3578 4854 3757 4913 tradi-

2102 4950 2231 5001 tum
2262 4945 2391 5000 l‘uit.
2426 4943 2577 5010 Quid
2609 4952 2702 5002 est
2725 4962 2863 5019 ergo
2896 4946 3050 5018 qaod
3099 4945 3365 5003 dicitur?
3423 4946 3603 5003 Satan
3651 4946 3759 5003 ad-

2102 5034 2430 5091 versarium
2447 5041 2620 5090 sonat
2642 5035 2843 5108 lingua
2860 5036 3146 5092 Hebraica
3170 5052 3183 5091 :
3208 5043 3267 5092 et
3310 5037 3486 5093 tertio
3535 5037 3761 5105 Regum

2105 5124 2258 5179 libro
2289 5139 2423 5180 vere
2453 5124 2827 5180 adversarios
2859 5126 2940 5181 ita
2982 5124 3301 5198 appellavit
3355 5126 3660 5198 Scriptura
3687 5124 3758 5194 ⁷4,

2105 5230 2174 5270 ac
2195 5214 2267 5269 de
2292 5215 2607 5270 Salomone
2630 5231 2898 5280 narrans,
2923 5216 3007 5271 ait
3043 5216 3202 5287 quod
3250 5233 3370 5272 non
3426 5225 3554 5272 erat
3582 5218 3762 5273 Satan

2108 5305 2170 5359 in
2197 5303 2408 5359 diebus
2430 5303 2706 5376 ipsius,id
2729 5311 2837 5371 est,
2870 5305 3263 5371 adversarius,
3298 5307 3400 5378 qui
3423 5307 3763 5363 molestiam

2107 5411 2175 5451 ac
2193 5394 2420 5450 bellum
2439 5394 2706 5451 inferret.
2731 5394 2900 5460 Quod
2926 5412 3063 5468 ergo
3083 5396 3227 5451 dicit
3249 5397 3593 5470 hujusmodi
3620 5403 3713 5452 est
3743 5411 3757 5451 :

2108 5486 2235 5539 Non
2266 5484 2564 5541 concessit
2619 5486 2773 5540 Deus
2835 5485 2963 5540 sine
3023 5484 3228 5541 labore
3278 5487 3765 5559 pradicationem

2109 5573 2729 5645 procedere,nostrum
2753 5576 3034 5632 aﬂ'ectum
3053 5577 3483 5649 comprimens",
3517 5581 3620 5633 aut
3648 5575 3771 5631 fas-

3413 5868 3490 5926 3’s
