4098 6414
383 376 538 436 1067

1483 373 1901 437 (ΕΟυὶεεὲΕΝΙι
1946 371 2252 432 ἿἪΙΕΟΕ
2297 374 2672 438 El‘ISCOPl.

3648 377 3803 443 1068

380 522 508 573 tum
540 530 789 580 cavens;
823 511 926 569 sed
960 513 1231 587 permisit
1258 512 1627 569 adversarios
1684 513 1910 568 irruere
1967 511 2028 565 in

2148 504 2256 563 λῶν
2338 512 2523 584 ἡμῶν,
2591 511 2737 570 ἀλλά
2813 513 3164 588 συνεχώρησε
3221 518 3338 577 τοῖς
3404 514 3799 589 ἀντικειμένοις

380 623 508 661 nos.
540 604 823 660 Nuntium
879 604 1081 674 itaque
1141 603 1371 659 Satanae
1430 603 1576 659 dicit
1629 601 2037 659 Alexandrum

377 695 611 749 fabrum
644 693 943 759 terarium,
975 694 1363 764 Hymenaeum
1389 692 1782 750 etl’hiletum.
1816 690 1915 762 qui
1946 689 2034 745 di-

376 784 594 840 cebant
612 785 1261 855 resurrectionemjam
1284 784 1499 838 factam
1529 800 1682 851 esse,
1707 796 2035 852 omnesque

379 875 641 929 sermoni
666 874 1110 945 prmdicationis
1142 880 1539 945 repugnantes
1596 871 1662 925 75.
1724 903 1789 912 —
1840 870 2033 926 Aliud.

377 961 631 1028 Quidem
655 963 823 1017 aiunt
843 962 1089 1017 Paulum
1118 961 1327 1031 capitis
1348 962 1615 1016 dolorem
1639 960 2032 1016 sustinuisse:

379 1051 483 1107 sed
502 1068 615 1106 non
643 1051 723 1106 ita
746 1058 984 1111 est,uon
1008 1051 1074 1106 ﬁt
1094 1051 1255 1106 enim
1281 1051 1598 1106 verisimile
1621 1068 1835 1121 corpus
1870 1046 2037 1104 Pauli

383 1140 669 1195 traditum
694 1140 874 1196 fuisse
903 1141 1150 1194 Satanm.
1189 1140 1286 1210 qui
1321 1141 1622 1195 interdum
1655 1140 1767 1211 ipsi
1819 1137 2035 1209 princi-

384 1229 590 1301 piebat
616 1246 683 1285 ac
704 1236 992 1285 terminos
1017 1228 1356 1302 prmfigebat
1377 1229 1617 1300 quando
1648 1234 2037 1284 scortatorem

384 1318 436 1374 ei
470 1317 732 1386 tradidit,
767 1318 1016 1373 dicens:
1050 1318 1134 1373 Ad
1178 1319 1483 1374 interitum
1544 1318 1741 1375 carnis
1802 1318 1867 1383 ⁷⁸,
1928 1332 2038 1371 nec

381 1409 702 1462 terminum
762 1416 1219 1479 prmtergressus
1271 1414 1363 1463 est
1419 1408 1713 1463 diabolus.
1769 1438 1839 1448 —
1886 1403 2039 1471 Quid

379 1512 516 1569 ergo
540 1503 629 1551 est
655 1497 682 1551 ‘2
705 1496 883 1551 Satan
904 1497 1276 1553 adversarius
1326 1497 1516 1552 dictus
1563 1504 1655 1553 est
1694 1497 1896 1569 lingua
1926 1496 2036 1550 He-

378 1585 601 1641 braica.
634 1586 888 1641 Nuntius
951 1586 1129 1659 igitur
1180 1586 1410 1642 Satanas
1468 1586 1613 1641 dicit
1669 1584 2038 1641 adversarios

380 1676 791 1748 prredicationi
818 1695 829 1730 :
857 1677 1064 1747 quales
1091 1683 1264 1732 erant
1283 1677 1636 1745 Alexander,
1683 1679 2039 1749 Hymenaeus

384 1765 891 1821 etPhiletus.Hac
912 1765 1114 1836 itaque
1166 1772 1255 1820 est
1301 1766 1462 1836 quod
1504 1765 1678 1821 dicit:
1727 1768 1853 1822 Non
1905 1785 2043 1824 con-

2149 596 2478 663 ἐπιτίθεσθαι
2557 604 2718 675 ἡμῖν,
2807 602 3071 677 Ἄγγελον
3156 601 3337 658 τοίνυν
3399 610 3573 660 Σατᾶν
3643 604 3809 681 λέγει,

2147 686 2503 759 Ἀλέξανδρον
2564 693 2655 747 τὸν
2712 690 2945 767 χάλκεα,
3008 691 3311 765 Ὺμέναιον,
3387 695 3476 748 καὶ
3538 697 3808 768 Φιλητὸν,

2144 779 2276 840 τοὺς
2329 782 2428 850 τήν
2483 780 2767 837 ἀνάστασιν
2834 781 3096 859 λέγοντας
3143 781 3253 852 ἤδη
3321 783 3652 859 γεγονεναι,
3718 786 3806 842 καὶ

2147 867 2347 931 πάντας
2375 869 2502 931 τοῦς
2535 872 2938 943 ἀντικειμένους
2994 876 3074 943 τῷ
3115 870 3265 945 λογῳ
3290 877 3386 926 τοῦ
3418 874 3798 951 κηρῦγματος.

2148 990 2216 1001 -
2259 959 2459 1018 Ἄλλο.
2512 963 2850 1036 [ΘΕΟΔΩΡ.]
2905 962 3053 1025 Τινὲς
3110 984 3239 1035 φασι
3301 961 3667 1039 κεφαλαλγείν
3713 967 3802 1021 τὸν

2147 1046 2382 1117 Παῦλον,
2415 1048 2544 1105 ἀλλ’
2576 1051 2675 1106 οὐκ
2722 1046 2856 1109 ἔστι.
2891 1055 2981 1121 Μὴ
3042 1051 3147 1127 γὰρ
3202 1051 3285 1121 εῗη
3342 1054 3406 1107 τὸ
3465 1058 3628 1128 σῶμα
3662 1056 3805 1112 [ἰαύ-

2149 1134 2253 1191 λου
2323 1135 2634 1195 ἐκδεδόσθαι
2690 1144 2770 1213 τῷ
2828 1146 3056 1213 Σατανᾷ,
3123 1141 3289 1197 ὁπότε
3345 1141 3507 1203 αὑτὸς
3563 1145 3654 1198 καὶ
3713 1143 3803 1202 ἐπ-

2149 1225 2363 1283 έτασσεν
2398 1227 2565 1301 αὐτῷ,
2607 1229 2699 1284 καὶ
2755 1229 2918 1304 ὅρους
2949 1228 3132 1286 ἐτίθει.
3167 1229 3256 1286 ὅτε
3286 1230 3376 1285 τὸν
3436 1233 3803 1306 πορνεῦσαντα

2147 1313 2408 1386 ἐξεδίδου,
2474 1315 2675 1395 λέγων,
2736 1319 2813 1380 εἰς
2880 1319 3108 1391 ὀλεθρον
3164 1327 3264 1387 τῆς
3319 1320 3537 1391 σαρκὸς2
3584 1322 3800 1398 καὶούχ

2153 1400 2388 1480 ὑπερέϐη
2422 1407 2512 1462 τὸν
2555 1404 2681 1482 ὅρον
2715 1408 2743 1463 ὀ
2779 1403 3060 1473 διάϐολος.
3086 1443 3158 1452 —
3185 1408 3384 1467 Ἄλλο.
3419 1411 3485 1468 Τί
3517 1412 3611 1467 οῦν
3644 1410 3752 1467 ἐστι
3785 1432 3801 1482 ;

2153 1500 2328 1549 Σατὶν
2378 1496 2407 1550 ὁ
2459 1495 2834 1569 ἀντικείμενος
2897 1495 3112 1574 εἶ’ρηται
3180 1503 3248 1571 τῇ
3307 1496 3573 1574 ’ίίζὸραίων
3633 1504 3807 1579 φωνῇ.

2148 1581 2447 1657 ’Δγγὲλους
2506 1583 2565 1640 δὲ
2645 1592 2838 1654 Σατᾶν,
2922 1587 3048 1649 τοὺς
3105 1588 3508 1661 ἀντικειμένους
3566 1594 3645 1662 τῷ
3708 1610 3813 1661 κη-

2149 1672 2425 1747 ρῦγματι,
2530 1674 2693 1751 φησὶν
2730 1719 2744 1731 .
2824 1676 2951 1733 Οἶον
3028 1675 3154 1737 τοὺς
3229 1676 3354 1751 περὶ
3435 1675 3814 1752 ’Δλεξανδρον,

2147 1761 2450 1835 Ὑμέναιον,
2535 1764 2625 1818 καὶ
2712 1764 2985 1836 Φιλητόν.
3077 1766 3138 1819 Ὂ
3203 1765 3384 1821 τοίνυν
3439 1765 3591 1842 λέγει
3648 1771 3813 1825 τοῦτο

385 1853 562 1911 cessit
595 1854 746 1909 Deus
780 1854 907 1909 sine
940 1854 1143 1918 labore
1176 1854 1661 1926 prmdicationem
1694 1856 2034 1927 procedere,

2151 1847 2311 1919 ἔστιν,
2372 1853 2475 1908 οὐκ
2555 1851 2727 1910 εἶάσεν
2787 1856 2939 1924 Θεὸς,
2999 1856 3184 1934 φησὶν,
3242 1847 3470 1926 ἀπονητὶ
3531 1852 3811 1933 προϐῆναι

384 1943 488 1999 sed
512 1944 779 2015 permisit
805 1961 915 1999 nos
940 1944 1101 2000 mala
1122 1944 1243 2015 pati
1260 1945 1454 2014 quoad
1469 1961 1714 2017 corpus:
1744 1961 1819 2001 ne
1850 1947 2043 2017 majus

389 2033 699 2105 quippiam
728 2032 799 2089 de
832 2033 1004 2088 nobis
1036 2039 1369 2089 statuerent
1394 2033 1690 2091 homines.
1723 2040 1825 2090 aut
1862 2035 2043 2091 nimis

383 2136 521 2193 erga
552 2138 660 2176 nos
690 2122 1092 2188 afﬁcerentur,
1125 2121 1324 2177 vident
1339 2138 1400 2177 es
1434 2128 1600 2177 tanta
1630 2123 1724 2178 edi
1767 2124 1953 2196 signa,
1988 2129 2046 2179 et

387 2212 618 2268 nullam
654 2213 1043 2269 tentationem
1077 2213 1348 2284 nihilque
1397 2213 1625 2269 adversi
1672 2214 1734 2270 in
1780 2231 1891 2269 nos
1938 2214 2042 2269 in-

390 2302 862 2375 surgere.Quare
895 2309 1093 2359 autem
1126 2319 1247 2359 non
1279 2301 1429 2358 dixit
1485 2303 1726 2358 nuntios
1787 2303 2040 2371 Satanae,

387 2408 522 2447 cum
554 2392 729 2447 multi
763 2399 964 2448 essent
993 2393 1095 2463 qui
1154 2392 1524 2459 resisterent,
1586 2392 1691 2448 sed
1749 2394 1917 2465 quasi
1968 2393 2041 2449 de

385 2481 617 2551 uno,ait
633 2480 889 2537 Nuntius
940 2481 1170 2537 Satanm
1191 2482 1218 2537 ?
1266 2482 1557 2546 Quoniam
1591 2482 1840 2553 singulis
1872 2481 2039 2551 locis,

386 2564 541 2623 unus
563 2569 864 2642 quispiam
884 2570 1293 2641 reperiebatur
1332 2587 1692 2643 repugnans,
1728 2571 1827 2642 qui
1861 2589 2043 2643 popu-

384 2656 511 2712 lum
543 2665 970 2726 commoneret,
1005 2675 1121 2729 quo
1147 2659 1474 2731 primordia
1503 2659 1796 2730 capiente,
1843 2660 2041 2715 caeteri

387 2762 507 2802 una
530 2746 957 2819 sequebantur.
984 2771 1009 2797 α
1035 2748 1216 2803 Utme
1238 2748 1505 2820 colaphis
1549 2748 1825 2806 crederet.
1854 2774 1875 2801 ι
1913 2750 2041 2805 Non

385 2837 535 2893 dixit
555 2838 712 2909 quod
739 2838 1006 2911 colaphis
1029 2839 1346 2905 carciderit,
1382 2840 1486 2895 sed
1507 2840 1851 2913 signiﬁcans
1882 2839 2041 2911 quod

390 2945 628 3000 semper
657 2929 905 2985 haberet
936 2929 1360 2990 adversarium.
1385 2930 1505 2987 ait:
1544 2954 1569 2979 «ι
1605 2930 1888 3001 Colapliis
1935 2948 2043 2985 cm-

387 3017 555 3075 deret
586 3041 614 3069 ››
646 3052 711 3061 -
747 3045 772 3070 α
810 3022 998 3092 Super
1019 3022 1131 3076 hoc
1160 3028 1249 3077 ter
1295 3022 1613 3077 Dominum
1660 3022 1878 3093 rogavi.
1913 3048 1939 3072 η
1975 3024 2044 3077 Ει

387 3107 501 3165 hoc
532 3109 784 3165 modesti
816 3112 999 3166 animi
1020 3111 1295 3166 estl’ateri
1319 3111 1477 3181 quod
1511 3128 1632 3165 non
1657 3111 1829 3166 facile
1860 3110 2043 3165 ferret

383 3199 655 3264 insidias,
686 3201 964 3273 quodque
988 3201 1207 3272 saepius
1226 3207 1500 3271 precatus
1522 3217 1641 3255 non
1690 3200 2037 3256 obtinuerit.

385 3289 539 3344 698
571 3291 742 3355 Quod
775 3292 933 3346 enim
991 3290 1138 3346 dicit
1189 3313 1216 3342 ‹‹
1274 3293 1404 3352 Ter.
1462 3314 1490 3341 »
1549 3291 1864 3359 significat,
1905 3291 2044 3346 Fre-

384 3386 659 3450 quenter.
695 3402 723 3429 «
749 3379 981 3435 Sufﬁcit
1010 3380 1115 3435 tibi
1140 3380 1327 3452 gratia
1359 3396 1510 3436 mea.
1550 3401 1578 3429 »
1625 3381 1791 3445 Quod
1848 3380 2037 3454 perfe-

384 3472 545 3522 ctum
577 3469 906 3539 est,inquit,
940 3469 1124 3525 habes
1154 3486 1166 3525 :
1202 3485 1276 3525 ne
1308 3469 1565 3540 amplius
1597 3486 1830 3540 quaeras
1863 3485 2040 3535 ;nam

386 3556 610 3611 sufficit
643 3558 745 3612 tibi
779 3558 937 3629 quod
970 3559 1149 3614 talem
1183 3559 1451 3614 dederim
1508 3558 1614 3613 tibi
1674 3559 1925 3632 gratiam
1976 3564 2040 3614 ut

383 3651 652 3702 mortuos
685 3648 992 3715 excitares,
1018 3649 1285 3719 potentia
1307 3648 1475 3721 signa
1502 3648 1730 3715 ederes,
1757 3664 1832 3703 ne
1859 3648 2037 3704 etiam

385 3751 617 3806 quaeras
649 3736 1136 3809 praedicationem
1169 3738 1298 3793 sine
1329 3737 1535 3794 labore
1564 3737 1668 3793 tibi
1692 3737 2035 3809 procedere.

385 3847 411 3874 α
437 3824 582 3880 Nam
606 3828 876 3897 potentia
904 3844 1038 3883 mea
1066 3844 1174 3899 per
1202 3828 1613 3883 inﬁrmitatem
1644 3827 1969 3899 perficitur.
2006 3849 2035 3877 »

384 3913 497 3969 Sed
524 3916 802 3972 fortassis
831 3916 1019 3985 doles,
1048 3917 1265 3989 inquit,
1301 3916 1461 3988 quod
1492 3924 1547 3973 te
1580 3916 1706 3972 haec
1761 3917 1904 3988 pati,
1961 3917 2036 3971 vi-

382 4003 594 4060 deatur
624 4022 819 4062 meam
849 4023 1097 4078 arguere
1128 4006 1627 4063 imbecillitatem.
1662 4007 1865 4077 Itaque
1887 4007 2034 4061 scito

380 4091 707 4164 hocipsum
732 4096 1265 4168 magis,ostendere
1289 4112 1484 4152 meam
1514 4097 1867 4167 potentiam,
1901 4112 2038 4150 con-

380 4186 633 4241 trarium
666 4204 804 4245 vero
847 4190 1025 4244 etiam
1056 4189 1246 4261 ipsam
1281 4189 1660 4261 intercipere.
1697 4188 1843 4243 Nam
1902 4204 2036 4243 mea

376 4275 866 4348 inquit,potentia
881 4295 987 4349 per
1009 4278 1419 4333 infirmitatem
1441 4277 1750 4350 perficitur
1774 4274 2032 4348 :quando

378 4363 418 4418 ii
452 4366 552 4435 qui
589 4367 1065 4437 persecutionem
1125 4367 1441 4433 sustinent,
1505 4364 1844 4436 superiores
1894 4369 2035 4420 sunt

373 4456 893 4523 persecutoribus:
930 4456 1168 4527 quando
1201 4456 1240 4510 ii
1274 4456 1375 4526 qui
1402 4462 1707 4524 vexantur,
1751 4460 2030 4512 vexantes

371 4540 711 4600 devincunt.
739 4546 900 4601 Tunc
915 4545 1073 4599 enim
1094 4545 1356 4616 potentia
1378 4560 1513 4600 mea
1556 4544 2024 4613 demonstratur,

2153 1942 2216 1996 τὸ
2272 1943 2551 2017 κήρυγμα,
2617 1942 2763 1999 ἀλλά
2817 1944 3195 2022 συνεχώρησεν
3262 1948 3411 2019 ἡμᾶς
3466 1946 3697 2023 πάσχειν
3733 1947 3810 2012 εἷς

2156 2035 2316 2104 σῶμα
2347 2038 2553 2101 κακῶς,
2615 2031 2707 2088 ’ίνα
2770 2034 2848 2107 μὴ
2911 2034 3095 2109 μεῖζόν
3155 2057 3205 2089 τι
3268 2032 3587 2100 Staseam
3640 2038 3693 2091 οἱ
3725 2035 3812 2092 ἄν·

2156 2133 2390 2193 θρωποι,
2443 2123 2672 2196 ὁρῶντες
2736 2125 2831 2196 μὲν
2880 2128 3082 2196 σημεῖα
3132 2129 3391 2193 τοσαῦτα,
3447 2123 3692 2199 οὐδαμοῦ
3754 2124 3812 2183 δὲ

2154 2213 2455 2285 πειρασμὸν
2497 2211 2531 2282 ἢ
2574 2233 2624 2267 τι
2680 2217 2787 2267 τῶν
2847 2211 3122 2270 ἐναντίων.
3158 2216 3254 2269 Διά
3284 2215 3337 2270 τί
3388 2211 3445 2270 δὲ
3502 2216 3602 2270 οὐκ
3660 2216 3811 2271 εἶπεν

2153 2299 2419 2377 ἀγγέλους
2478 2305 2674 2374 Σατᾶν,
2782 2301 3010 2376 (πολλοὶ
3089 2304 3194 2379 γὰρ
3275 2303 3327 2359 οἱ
3384 2304 3809 2379 ἀνθιστάμενοι.)

2154 2388 2281 2446 ἀλλ’
2340 2391 2415 2453 ὠς
2464 2391 2548 2464 ἐφ’
2598 2392 2715 2454 ὶνός
2791 2414 2975 2472 φησιν,
3036 2389 3269 2468 ἅγγελος
3335 2396 3559 2464 Σατᾶν;
3620 2392 3811 2464 ἐπειδὴ

2154 2481 2291 2534 κατά
2327 2481 2496 2536 τόπον
2520 2481 2594 2544 εἷς
2623 2502 2705 2543 τις
2756 2482 3036 2555 εὑρίσκετο
3088 2483 3116 2536 ὁ
3160 2482 3512 2553 ἀντιπίπτων,
3572 2484 3664 2539 καὶ
3720 2484 3814 2540 τὸν

2157 2566 2335 2641 δῆμάν
2365 2568 2647 2642 ἐπικινῶν,
2691 2571 2752 2625 οὗ
2782 2573 3333 2646 προκαταρχομένου,
3365 2571 3455 2627 καὶ
3515 2573 3568 2627 οἱ
3625 2570 3812 2628 λοιποὶ

2156 2659 2496 2715 συνείποντο.
2532 2683 2561 2712 ‹‹
2600 2662 2717 2717 Ἵνα
2759 2681 2825 2732 με
2874 2659 3163 2739 κολαφίζῃ.
3202 2686 3224 2715 ι
3283 2661 3399 2719 Οὐκ
3456 2661 3575 2716 εἶπε
3633 2661 3812 2719 Κολα-

2156 2744 2310 2824 φίσῃ,
2376 2745 2522 2803 ἀλλὰ
2598 2749 2661 2803 τὸ
2736 2747 2820 2803 ἀεὶ
2874 2742 3020 2823 ἔχειν
3079 2748 3173 2804 τὸν
3232 2748 3538 2805 ἀνθεστῶτα
3598 2747 3811 2822 δηλῶν,

2157 2858 2185 2887 ‹‹
2220 2833 2532 2912 Κολαφίζῃ,
2565 2860 2594 2888 ››
2627 2836 2788 2891 εἶπεν.
2857 2862 2883 2888 ‹‹
2914 2838 3070 2912 Ὑπὲρ
3127 2838 3322 2893 τούτου
3377 2838 3496 2914 τρὶς
3548 2840 3640 2894 τὸν
3700 2838 3812 2897 Κῦ-

2157 2945 2281 2998 ριπν
2341 2924 2707 3000 παρεκάλεσα.
2745 2950 2772 2977 ››
2825 2927 2927 2983 Καὶ
2982 2931 3149 2982 τοῦτο
3215 2928 3718 3004 ταπεινοφροσύνης
3744 2928 3807 2985 τδ

2156 3012 2529 3089 ὁμολογῆσαι,
2573 3014 2654 3069 ὅτι
2714 3015 2815 3070 οὐκ
2871 3009 3026 3093 ἔφερε
3078 3013 3278 3091 ῥᾳδίως
3330 3017 3424 3079 τὰς
3486 3013 3801 3088 ἐπιϐουλάς,

2154 3103 2244 3158 καὶ
2278 3103 2362 3157 ὅτι
2390 3102 2666 3166 πολλάκις
2725 3102 3107 3177 παρακαλέσας
3146 3102 3245 3159 οὑκ
3303 3105 3488 3176 ἤνυσε.
3548 3107 3619 3163 Τὸ
3672 3105 3797 3180 γὰρ,

2157 3219 2184 3245 a
2214 3194 2366 3270 Τρίς,
2401 3222 2421 3248 ι
2465 3193 2767 3262 Πολλάκις,
2793 3192 2980 3264 δηλοῖ.
3006 3219 3030 3249 α
3065 3196 3251 3271 Ἀρκεῖ
3278 3216 3363 3252 σοι
3394 3198 3428 3264 ἡ
3464 3197 3622 3271 χάρις
3647 3216 3807 3268 μου.»

2157 3284 2235 3340 Τὸ
2274 3282 2510 3353 τέλειον,
2565 3283 2751 3354 φησὶν,
2794 3281 2967 3363 ἔχεις,
3031 3286 3108 3355 μὴ
3170 3286 3320 3355 ζήτει
3378 3282 3566 3342 πλέον.
3625 3288 3816 3357 Ἀρκεῖ

2159 3394 2244 3428 σοι
2304 3372 2407 3448 γὰρ
2444 3417 2458 3443 ,
2522 3372 2687 3451 φησὶν
2722 3417 2736 3442 ,
2794 3373 2878 3429 ὅτι
2928 3373 3186 3441 τοιαύτην
3237 3370 3416 3429 ἔδωκά
3482 3395 3571 3429 σοι
3627 3374 3817 3449 χάριν,

2156 3461 2379 3537 νεκροὺς
2412 3462 2661 3538 ὲγείρειν,
2721 3460 2975 3536 δυνάμεις
3034 3460 3329 3526 ἐπιτελεῖν.
3385 3466 3460 3536 μή
3525 3465 3675 3535 ζήτει
3728 3462 3821 3519 καὶ

2156 3552 2218 3608 τὸ
2270 3554 2535 3627 κήρυγμα
2591 3549 2871 3607 ἀκίνδυνόν
2963 3573 3048 3607 σοι
3105 3547 3441 3628 προϐαίνειν.
3506 3576 3535 3604 ‹‹
3592 3555 3654 3609 Ἡ
3712 3552 3835 3629 γάρ,

2157 3639 2385 3714 δύναμίς
2416 3662 2523 3714 μου
2561 3640 2612 3695 ἒν
2673 3640 2922 3713 ἀσθενείᾳ
2974 3640 3300 3699 τελειοῦται.
3336 3667 3364 3694 ››
3428 3640 3587 3699 Ἀλλ’
3656 3640 3812 3711 ἴσως,

2155 3730 2342 3802 φησὶν,
2365 3731 2555 3808 ἀλγεῖς
2591 3733 2666 3804 μὴ
2706 3728 2834 3805 δόξῃ
2887 3732 2950 3787 τὸ
3008 3731 3066 3788 σὶ
3114 3736 3284 3788 ταῦτα
3337 3732 3591 3808 πάσχειν,
3648 3729 3811 3797 d605-

2152 3841 2297 3876 νειαν
2326 3821 2467 3893 ἐμοῦ
2521 3820 2868 3896 λατηγορεῖν.
2902 3824 3079 3879 Τοῦτο
3117 3821 3211 3895 μὶν
3244 3820 3337 3877 οῦν
3393 3821 3527 3877 αὐτὸ
3591 3819 3809 3894 μᾶλλον

2153 3907 2391 3966 δείκνυσί
2426 3932 2529 3984 μου
2561 3911 2660 3980 τήν
2726 3907 2976 3984 δύναμιν,
3031 3910 3094 3966 τὰ
3149 3910 3206 3966 δὲ
3257 3909 3496 3968 ἐναντίον
3544 3911 3634 3966 καὶ
3667 3910 3803 3966 ὑπο-

2148 3998 2401 4072 τέμνεται
2460 3999 2650 4070 αὐτῆς.
2740 4001 2798 4055 ἹΙ
2860 4000 2961 4076 γὰρ
3023 3996 3248 4075 δύναμίς
3308 4021 3435 4073 μου,
3504 4000 3691 4081 φησὶν,
3751 3995 3808 4057 ἔν

2149 4091 2394 4162 ἀσθενείᾳ
2417 4088 2745 4146 τελειοῦται.
2806 4092 2965 4145 Ὀταν
3015 4087 3380 4165 διωκώμενοι,
3415 4097 3521 4147 τῶν
3573 4088 3806 4147 διωκόν-

2145 4203 2254 4236 των
2312 4180 2657 4255 περιγίνησθε
2691 4224 2705 4251 ,
2782 4181 2908 4235 ὅταν
2953 4176 3328 4254 ἐλαυνόμενοι,
3384 4185 3490 4237 τῶν
3546 4178 3809 4237 ἔλαυνόν-

2144 4291 2251 4325 των
2281 4276 2535 4344 κρατῆτε.
2571 4270 2709 4327 Τότε
2764 4272 2867 4346 γὰρ
2900 4273 2935 4340 ἡ
2969 4267 3194 4343 δ·3ναμίς
3256 4291 3359 4344 μου
3415 4268 3804 4341 διαδείκνυται,

2146 4357 2273 4414 ὅταν
2319 4359 2473 4431 ὑμῶν
2531 4358 2897 4415 ἀσθενούντων
2934 4364 3015 4432 τῷ
3045 4359 3275 4436 πάσχειν
3336 4364 3538 4429 κακῶς,
3598 4380 3805 4416 παντα-

2145 4453 2251 4525 χοῦ
2333 4451 2579 4524 κρατήσῃ
2633 4450 2695 4505 τὸ
2747 4451 3024 4524 κήρυγμα.
3085 4449 3191 4506 Καὶ
3246 4451 3364 4523 ὅρα.
3425 4447 3640 4521 ’Ἄλλην
3698 4449 3799 4524 μὶν

2143 4537 2301 4601 αὐτὸς
2324 4538 2498 4594 αἰτίαν
2532 4540 2653 4594 εἷπε
2683 4543 2780 4594 τοῦ
2811 4534 3060 4595 δεδόσθαι
3090 4540 3180 4595 τὸν
3218 4538 3562 4615 κολαφισμὸν
3624 4538 3798 4613 αὐτῷ·

370 4633 607 4703 quando
629 4652 733 4706 per
759 4636 869 4691 hoc
891 4635 1051 4704 quod
1074 4651 1172 4689 vos
1195 4633 1527 4690 imbecilles
1584 4634 1762 4690 malis
1807 4634 2029 4690 afﬁcia-

2148 4630 2313 4685 Ἰνα»
2368 4629 2495 4703 γὰρ,
2577 4628 2734 4708 etei,
2798 4630 2931 4701 ιιμὴ
2995 4628 3398 4703 ὑπεραίρωμαι,
3460 4631 3488 4685 ὁ
3550 4627 3607 4685 δὲ
3663 4629 3799 4692 Θεὸς

367 4723 533 4783 mini.
564 4725 906 4796 pra‘dicatio
924 4723 1140 4795 ubique
1162 4724 1554 4795 praevaluerit.
1578 4725 1647 4780 Et
1662 4723 2020 4780 considera:

364 4812 492 4883 ipse
525 4813 765 4883 quidem
800 4814 977 4870 aliam
1009 4814 1331 4887 assignavit
1377 4829 1616 4870 causam
1677 4813 1838 4884 quod
1897 4810 2022 4867 dati

366 4901 486 4955 sint
509 4903 620 4956 sibi
642 4903 895 4975 colaphi,
928 4920 1164 4975 nempe,
1197 4926 1221 4953 ‹‹
1246 4904 1327 4958 Ne
1354 4902 1688 4966 extollerer,
1720 4923 1746 4951 »ι
1800 4902 2016 4972 inquit.

365 4988 519 5043 Deus
539 5006 669 5045 vero
693 4993 873 5047 aliam
916 4992 1063 5048 dixit
1087 5009 1326 5049 causam
1353 5008 1366 5047 :
1394 4994 1464 5048 Ut
1506 4990 1876 5051 ostendatur,
1912 4990 2017 5057 ait,

363 5092 498 5133 mea
529 5082 792 5149 potentia
818 5098 926 5153 per
957 5090 1232 5150 vestram,
1267 5088 1332 5137 ut
1362 5082 1615 5148 videtur,
1644 5078 2024 5135 imbecillita-

363 5169 955 5226 tem.Perfectionem
984 5172 1141 5226 enim
1165 5190 1232 5228 ac
1267 5173 1592 5227 terminum
1650 5169 1837 5225 sumit
1886 5185 2022 5224 mea

359 5256 627 5326 potentia
655 5273 723 5312 ex
745 5264 938 5314 vestra
958 5258 1385 5315 imbecillitate.
1418 5261 1561 5315 Nam
1585 5258 1632 5313 si
1654 5274 1761 5329 per
1784 5256 2019 5328 aliquos

360 5343 664 5415 sapientes
681 5362 749 5401 ac
776 5363 941 5420 reges
963 5348 1381 5404 administrata
1402 5348 1613 5404 fuisset
1646 5345 2016 5419 prmdicatio,

358 5441 517 5488 certe
543 5436 823 5505 potentius
857 5437 1269 5493 ministrorum
1302 5434 2016 5494 attribuissentnonnulli

357 5524 627 5581 omnium
644 5524 1078 5599 subjectionem
1111 5546 1124 5582 :
1147 5544 1307 5585 nunc
1328 5533 1528 5584 autem
1546 5524 2015 5583 ministrantium

424 5723 474 5758 π
502 5726 648 5784 Tim.
682 5743 739 5800 ιι,
773 5728 880 5796 20;
918 5726 965 5784 II
994 5728 1139 5784 Tim.
1170 5744 1230 5798 ιι,
1266 5730 1371 5793 17;
1404 5740 1474 5794 iv,
1512 5727 1596 5782 14.
1626 5727 1669 5763 ⁷⁵
1699 5726 1725 5780 Ι
1754 5725 1885 5782 Cor.
1918 5740 1973 5793 ν,
2005 5726 2058 5778 Ι.

2138 4713 2316 4785 ἀλλην
2341 4718 2489 4771 εἶπεν
2521 4716 2712 4770 αἰτίαν.
2763 4716 2921 4786 Ὑπὲρ
2979 4714 3074 4772 τοῦ
3134 4714 3442 4793 δειχθῆσαι,
3505 4718 3659 4788 φησῖ,
3692 4719 3797 4787 τήν

2136 4802 2363 4880 διὲναμίν
2426 4827 2553 4878 μου,
2632 4803 2722 4860 διὰ
2785 4812 2885 4874 τῆς
2945 4802 3215 4877 δοκούσης
3285 4806 3552 4863 ἀσθενείας
3617 4807 3797 4878 ὑμῶν.

2131 4895 2299 4959 Τέλος
2346 4898 2448 4972 γὰρ
2504 4897 2595 4952 καὶ
2653 4895 2817 4972 πέρας
2857 4898 2892 4966 ἡ
2955 4895 3181 4970 δύναμίς
3237 4918 3343 4970 μου
3391 4893 3681 4971 λαμϐάνει,
3734 4896 3801 4954 ἐκ

2131 4992 2233 5052 τῆς
2260 4986 2410 5058 ὑμῶν
2439 4985 2736 5050 ἀσθενείας.
2782 4984 2846 5041 E'.‘
2896 4986 3000 5059 γὰρ
3070 4983 3159 5040 διά
3225 5008 3387 5041 τινων
3447 4990 3716 5066 σοφιστῶν
3753 4986 3796 5058 ἢ

2135 5072 2407 5151 βασιλέων
2474 5072 2784 5146 διηλονεῖτο
2838 5075 2901 5130 τὸ
2966 5077 3248 5151 κήρυγμα,
3302 5075 3401 5131 κ’ἀν
3438 5075 3505 5151 τῇ
3565 5073 3799 5148 ξυνάμει

2132 5167 2236 5218 τῶν
2293 5161 2555 5219 διακόνων
2616 5161 2813 5219 ἔδωκεν
2871 5184 2952 5226 τις
3007 5170 3107 5233 τῆν
3172 5165 3416 5220 ὁπσὶντων
3480 5165 3791 5241 ὑποταγήν,

2136 5255 2248 5310 Νῦν
2278 5250 2334 5308 δὲ
2360 5255 2394 5323 ἡ
2427 5257 2535 5309 τῶν
2589 5249 2983 5308 διακονούντων
3045 5254 3309 5323 ἀσθένεια,
3343 5255 3441 5324 τήν
3501 5260 3598 5310 τοῦ
3652 5256 3794 5310 Θεοῦ

2133 5339 2459 5397 διαδείκνυσι
2528 5339 2781 5416 δύναμιν,
2847 5343 2938 5399 καὶ
2998 5342 3205 5399 τελειοῖ
3248 5344 3441 5416 αὐτήν.
3501 5342 3794 5415 Τουτέστι,

2128 5433 2190 5487 τὸ
2252 5429 2460 5487 τελειον
2523 5432 2689 5501 αὐτὴν
2779 5431 2925 5509 ἒχειν
2986 5430 3273 5491 δείκνυσιν.
3332 5431 3626 5491 «Ἥδιστα
3683 5433 3789 5489 οὗν

2131 5519 2344 5596 μᾶλλον
2374 5524 2752 5597 καυχήσομαι.
2786 5546 2815 5574 ››
2847 5525 2964 5577 Ἵνα
3023 5523 3100 5597 μή
3155 5522 3453 5597 νομίσωσιν
3514 5524 3795 5603 ὀλοφυροο
