  <div class='ocr_page' id='page_1' title='image "/cluster/home/n/w/nwhite01/storage/ocr_20150623/118:no.1/coo.31924054870229/553.png"; bbox 0 0 4098 6398; ppageno 0'>
   <div class='ocr_carea' id='block_1_1' title="bbox 381 383 539 444">
    <p class='ocr_par' dir='ltr' id='par_1_1' title="bbox 381 383 539 444">
     <span class='ocr_line' id='line_1_1' title="bbox 381 383 539 444; baseline -0.006 0"><span class='ocrx_word' id='word_1_1' title='bbox 381 383 539 444; x_wconf 67' lang='grc'>1071</span> 
     </span>
    </p>
   </div>
   <div class='ocr_carea' id='block_1_2' title="bbox 1501 380 2696 447">
    <p class='ocr_par' dir='ltr' id='par_1_2' title="bbox 1501 380 2696 447">
     <span class='ocr_line' id='line_1_2' title="bbox 1501 380 2696 447; baseline 0.001 -2"><span class='ocrx_word' id='word_1_2' title='bbox 1501 383 1926 446; x_wconf 74' lang='grc' dir='ltr'>(ΕϐυΜΕΝΙΙ</span> <span class='ocrx_word' id='word_1_3' title='bbox 1971 380 2278 445; x_wconf 72' lang='grc' dir='ltr'>ΤΠΙΟΟιΕ</span> <span class='ocrx_word' id='word_1_4' title='bbox 2326 382 2696 447; x_wconf 79' lang='lat' dir='ltr'>EPISCOPI.</span> 
     </span>
    </p>
   </div>
   <div class='ocr_carea' id='block_1_3' title="bbox 3640 391 3798 453">
    <p class='ocr_par' dir='ltr' id='par_1_3' title="bbox 3640 391 3798 453">
     <span class='ocr_line' id='line_1_3' title="bbox 3640 391 3798 453; baseline 0.006 -5"><span class='ocrx_word' id='word_1_5' title='bbox 3640 391 3798 453; x_wconf 69' lang='lat'>1072</span> 
     </span>
    </p>
   </div>
   <div class='ocr_carea' id='block_1_4' title="bbox 381 510 2023 599">
    <p class='ocr_par' dir='ltr' id='par_1_4' title="bbox 381 514 2023 577">
     <span class='ocr_line' id='line_1_4' title="bbox 381 514 2023 577; baseline -0.001 -3"><span class='ocrx_word' id='word_1_6' title='bbox 381 516 608 574; x_wconf 82' lang='lat' dir='ltr'>diceret</span> <span class='ocrx_word' id='word_1_7' title='bbox 642 533 654 570; x_wconf 86' lang='lat'><strong>:</strong></span> <span class='ocrx_word' id='word_1_8' title='bbox 687 517 836 572; x_wconf 85' lang='lat' dir='ltr'>Num</span> <span class='ocrx_word' id='word_1_9' title='bbox 866 514 992 571; x_wconf 72' lang='lat' dir='ltr'>haec</span> <span class='ocrx_word' id='word_1_10' title='bbox 1025 515 1325 572; x_wconf 89' lang='lat' dir='ltr'>narrando</span> <span class='ocrx_word' id='word_1_11' title='bbox 1357 515 1515 573; x_wconf 88' lang='lat' dir='ltr'>visus</span> <span class='ocrx_word' id='word_1_12' title='bbox 1546 532 1675 577; x_wconf 90' lang='lat' dir='ltr'>sum</span> <span class='ocrx_word' id='word_1_13' title='bbox 1736 515 1898 573; x_wconf 86' lang='lat' dir='ltr'>vobis</span> <span class='ocrx_word' id='word_1_14' title='bbox 1940 515 2023 572; x_wconf 90' lang='lat' dir='ltr'>in-</span> 
     </span>
    </p>
   </div>
   <div class='ocr_carea' id='block_1_5' title="bbox 2137 510 3800 599">
    <p class='ocr_par' dir='ltr' id='par_1_5' title="bbox 2148 510 3800 599">
     <span class='ocr_line' id='line_1_5' title="bbox 2148 510 3800 599; baseline 0.005 -31"><span class='ocrx_word' id='word_1_15' title='bbox 2148 510 2628 587; x_wconf 81' lang='grc' dir='ltr'>ψευδαποστόλους</span> <span class='ocrx_word' id='word_1_16' title='bbox 2687 515 3074 591; x_wconf 74' lang='grc' dir='ltr'>οἰκειούμενοι.</span> <span class='ocrx_word' id='word_1_17' title='bbox 3144 517 3348 593; x_wconf 80' lang='grc' dir='ltr'>«Ἐγὼ</span> <span class='ocrx_word' id='word_1_18' title='bbox 3395 517 3495 595; x_wconf 76' lang='grc' dir='ltr'>γάρ</span> <span class='ocrx_word' id='word_1_19' title='bbox 3554 516 3800 599; x_wconf 70' lang='grc' dir='ltr'>ὤφειλον</span> 
     </span>
    </p>
   </div>
   <div class='ocr_carea' id='block_1_6' title="bbox 385 604 2034 680">
    <p class='ocr_par' dir='ltr' id='par_1_6' title="bbox 385 604 2034 680">
     <span class='ocr_line' id='line_1_6' title="bbox 385 604 2034 680; baseline 0 -17"><span class='ocrx_word' id='word_1_20' title='bbox 385 604 720 680; x_wconf 82' lang='lat' dir='ltr'>sipiens?et</span> <span class='ocrx_word' id='word_1_21' title='bbox 735 605 914 676; x_wconf 82' lang='lat' dir='ltr'>hujus</span> <span class='ocrx_word' id='word_1_22' title='bbox 929 622 1128 672; x_wconf 87' lang='lat' dir='ltr'>causa,</span> <span class='ocrx_word' id='word_1_23' title='bbox 1149 605 1365 678; x_wconf 82' lang='lat' dir='ltr'>inquit,</span> <span class='ocrx_word' id='word_1_24' title='bbox 1379 606 1455 664; x_wconf 87' lang='lat' dir='ltr'>ad</span> <span class='ocrx_word' id='word_1_25' title='bbox 1469 624 1570 663; x_wconf 88' lang='lat' dir='ltr'>vos</span> <span class='ocrx_word' id='word_1_26' title='bbox 1609 607 1898 672; x_wconf 82' lang='lat' dir='ltr'>recurrit;</span> <span class='ocrx_word' id='word_1_27' title='bbox 1932 624 2034 663; x_wconf 88' lang='lat' dir='ltr'>vos</span> 
     </span>
    </p>
   </div>
   <div class='ocr_carea' id='block_1_7' title="bbox 380 694 2035 768">
    <p class='ocr_par' dir='ltr' id='par_1_7' title="bbox 380 694 2035 768">
     <span class='ocr_line' id='line_1_7' title="bbox 380 694 2035 768; baseline -0.001 -17"><span class='ocrx_word' id='word_1_28' title='bbox 380 697 542 751; x_wconf 90' lang='lat' dir='ltr'>enim</span> <span class='ocrx_word' id='word_1_29' title='bbox 574 711 667 750; x_wconf 90' lang='lat' dir='ltr'>me</span> <span class='ocrx_word' id='word_1_30' title='bbox 697 694 995 768; x_wconf 89' lang='lat' dir='ltr'>coegistis,</span> <span class='ocrx_word' id='word_1_31' title='bbox 1030 695 1507 768; x_wconf 86' lang='lat' dir='ltr'>pseudapostolis</span> <span class='ocrx_word' id='word_1_32' title='bbox 1531 714 1629 753; x_wconf 90' lang='lat' dir='ltr'>vos</span> <span class='ocrx_word' id='word_1_33' title='bbox 1656 696 2035 754; x_wconf 76' lang='lat' dir='ltr'>familiariter</span> 
     </span>
    </p>
   </div>
   <div class='ocr_carea' id='block_1_8' title="bbox 380 784 2029 859">
    <p class='ocr_par' dir='ltr' id='par_1_8' title="bbox 380 784 2029 859">
     <span class='ocr_line' id='line_1_8' title="bbox 380 784 2029 859; baseline 0.001 -19"><span class='ocrx_word' id='word_1_34' title='bbox 380 784 781 858; x_wconf 57' lang='lat' dir='ltr'>adiungendo.</span> <span class='ocrx_word' id='word_1_35' title='bbox 817 808 844 836; x_wconf 83' lang='lat'><strong>«</strong></span> <span class='ocrx_word' id='word_1_36' title='bbox 876 785 1024 841; x_wconf 87' lang='lat' dir='ltr'>Nam</span> <span class='ocrx_word' id='word_1_37' title='bbox 1059 800 1162 859; x_wconf 89' lang='lat' dir='ltr'>ego</span> <span class='ocrx_word' id='word_1_38' title='bbox 1195 785 1516 842; x_wconf 82' lang='lat' dir='ltr'>debueram</span> <span class='ocrx_word' id='word_1_39' title='bbox 1577 803 1611 843; x_wconf 93' lang='lat' dir='ltr'>a</span> <span class='ocrx_word' id='word_1_40' title='bbox 1668 787 1833 843; x_wconf 83' lang='lat' dir='ltr'>vobis</span> <span class='ocrx_word' id='word_1_41' title='bbox 1863 802 2029 843; x_wconf 90' lang='lat' dir='ltr'>com-</span> 
     </span>
    </p>
   </div>
   <div class='ocr_carea' id='block_1_9' title="bbox 377 874 2031 947">
    <p class='ocr_par' dir='ltr' id='par_1_9' title="bbox 377 874 2031 947">
     <span class='ocr_line' id='line_1_9' title="bbox 377 874 2031 947; baseline 0 -16"><span class='ocrx_word' id='word_1_42' title='bbox 377 874 668 932; x_wconf 87' lang='lat' dir='ltr'>mendari.</span> <span class='ocrx_word' id='word_1_43' title='bbox 702 898 730 924; x_wconf 82' lang='grc'>»</span> <span class='ocrx_word' id='word_1_44' title='bbox 765 876 879 930; x_wconf 87' lang='lat' dir='ltr'>Vos</span> <span class='ocrx_word' id='word_1_45' title='bbox 902 876 1062 933; x_wconf 90' lang='lat' dir='ltr'>enim</span> <span class='ocrx_word' id='word_1_46' title='bbox 1121 876 1383 947; x_wconf 78' lang='lat' dir='ltr'>oportuit</span> <span class='ocrx_word' id='word_1_47' title='bbox 1439 883 1673 933; x_wconf 88' lang='lat' dir='ltr'>nostros</span> <span class='ocrx_word' id='word_1_48' title='bbox 1732 876 2031 932; x_wconf 88' lang='lat' dir='ltr'>vindicare</span> 
     </span>
    </p>
   </div>
   <div class='ocr_carea' id='block_1_10' title="bbox 377 965 2030 1038">
    <p class='ocr_par' dir='ltr' id='par_1_10' title="bbox 377 965 2030 1038">
     <span class='ocr_line' id='line_1_10' title="bbox 377 965 2030 1038; baseline 0.002 -20"><span class='ocrx_word' id='word_1_49' title='bbox 377 980 704 1028; x_wconf 88' lang='lat' dir='ltr'>sermones.</span> <span class='ocrx_word' id='word_1_50' title='bbox 739 969 799 1021; x_wconf 81' lang='lat' dir='ltr'>et</span> <span class='ocrx_word' id='word_1_51' title='bbox 845 965 1194 1037; x_wconf 83' lang='lat' dir='ltr'>Opiniones:</span> <span class='ocrx_word' id='word_1_52' title='bbox 1234 966 1584 1038; x_wconf 88' lang='lat' dir='ltr'>cumitaque</span> <span class='ocrx_word' id='word_1_53' title='bbox 1616 966 1735 1023; x_wconf 88' lang='lat' dir='ltr'>illis</span> <span class='ocrx_word' id='word_1_54' title='bbox 1766 966 2030 1022; x_wconf 65' lang='lat' dir='ltr'>adhaere-</span> 
     </span>
    </p>
   </div>
   <div class='ocr_carea' id='block_1_11' title="bbox 374 1054 2028 1119">
    <p class='ocr_par' dir='ltr' id='par_1_11' title="bbox 374 1054 2028 1119">
     <span class='ocr_line' id='line_1_11' title="bbox 374 1054 2028 1119; baseline 0.002 -10"><span class='ocrx_word' id='word_1_55' title='bbox 374 1054 542 1119; x_wconf 87' lang='lat' dir='ltr'>retis,</span> <span class='ocrx_word' id='word_1_56' title='bbox 574 1060 815 1111; x_wconf 87' lang='lat' dir='ltr'>coactus</span> <span class='ocrx_word' id='word_1_57' title='bbox 847 1071 977 1110; x_wconf 88' lang='lat' dir='ltr'>sum</span> <span class='ocrx_word' id='word_1_58' title='bbox 1009 1056 1079 1110; x_wconf 85' lang='lat' dir='ltr'>ari</span> <span class='ocrx_word' id='word_1_59' title='bbox 1115 1056 1222 1111; x_wconf 90' lang='lat' dir='ltr'>hos</span> <span class='ocrx_word' id='word_1_60' title='bbox 1281 1054 1642 1112; x_wconf 82' lang='lat' dir='ltr'>descendere</span> <span class='ocrx_word' id='word_1_61' title='bbox 1701 1072 2028 1112; x_wconf 85' lang='lat' dir='ltr'>sermones.</span> 
     </span>
    </p>
   </div>
   <div class='ocr_carea' id='block_1_12' title="bbox 375 1142 2029 1219">
    <p class='ocr_par' dir='ltr' id='par_1_12' title="bbox 375 1142 2029 1219">
     <span class='ocr_line' id='line_1_12' title="bbox 375 1142 2029 1219; baseline -0.001 -18"><span class='ocrx_word' id='word_1_62' title='bbox 375 1167 404 1195; x_wconf 86' lang='grc'><strong>‹‹</strong></span> <span class='ocrx_word' id='word_1_63' title='bbox 439 1142 607 1202; x_wconf 71' lang='lat' dir='ltr'>Nulla</span> <span class='ocrx_word' id='word_1_64' title='bbox 637 1145 801 1201; x_wconf 89' lang='lat' dir='ltr'>enim</span> <span class='ocrx_word' id='word_1_65' title='bbox 831 1145 893 1199; x_wconf 91' lang='lat' dir='ltr'>in</span> <span class='ocrx_word' id='word_1_66' title='bbox 923 1161 987 1200; x_wconf 92' lang='lat' dir='ltr'>re</span> <span class='ocrx_word' id='word_1_67' title='bbox 1019 1145 1269 1202; x_wconf 90' lang='lat' dir='ltr'>inferior</span> <span class='ocrx_word' id='word_1_68' title='bbox 1320 1146 1427 1203; x_wconf 86' lang='lat' dir='ltr'>fui.</span> <span class='ocrx_word' id='word_1_69' title='bbox 1483 1168 1512 1197; x_wconf 84' lang='lat'>»</span> <span class='ocrx_word' id='word_1_70' title='bbox 1564 1145 1850 1219; x_wconf 86' lang='lat' dir='ltr'>Superius</span> <span class='ocrx_word' id='word_1_71' title='bbox 1899 1146 1981 1201; x_wconf 87' lang='lat' dir='ltr'>ait</span> <span class='ocrx_word' id='word_1_72' title='bbox 2015 1161 2029 1201; x_wconf 86' lang='lat'><strong>:</strong></span> 
     </span>
    </p>
   </div>
   <div class='ocr_carea' id='block_1_13' title="bbox 375 1233 2030 1302">
    <p class='ocr_par' dir='ltr' id='par_1_13' title="bbox 375 1233 2030 1302">
     <span class='ocr_line' id='line_1_13' title="bbox 375 1233 2030 1302; baseline 0.004 -19"><span class='ocrx_word' id='word_1_73' title='bbox 375 1255 405 1283; x_wconf 83' lang='lat'><strong><em>«</em></strong></span> <span class='ocrx_word' id='word_1_74' title='bbox 440 1233 712 1290; x_wconf 81' lang='lat' dir='ltr'>Arbitror</span> <span class='ocrx_word' id='word_1_75' title='bbox 744 1250 838 1289; x_wconf 91' lang='lat' dir='ltr'>me</span> <span class='ocrx_word' id='word_1_76' title='bbox 870 1234 1061 1292; x_wconf 89' lang='lat' dir='ltr'>nihilo</span> <span class='ocrx_word' id='word_1_77' title='bbox 1094 1234 1440 1291; x_wconf 85' lang='lat' dir='ltr'>inferiorem</span> <span class='ocrx_word' id='word_1_78' title='bbox 1497 1234 1719 1302; x_wconf 88' lang='lat' dir='ltr'>fuisse;</span> <span class='ocrx_word' id='word_1_79' title='bbox 1780 1255 1806 1285; x_wconf 73' lang='grc' dir='ltr'>ι</span> <span class='ocrx_word' id='word_1_80' title='bbox 1870 1249 2030 1290; x_wconf 91' lang='lat' dir='ltr'>nunc</span> 
     </span>
    </p>
   </div>
   <div class='ocr_carea' id='block_1_14' title="bbox 376 1319 2028 1393">
    <p class='ocr_par' dir='ltr' id='par_1_14' title="bbox 376 1319 2028 1393">
     <span class='ocr_line' id='line_1_14' title="bbox 376 1319 2028 1393; baseline 0 -17"><span class='ocrx_word' id='word_1_81' title='bbox 376 1326 576 1377; x_wconf 85' lang='lat' dir='ltr'>autem</span> <span class='ocrx_word' id='word_1_82' title='bbox 607 1319 981 1393; x_wconf 85' lang='lat' dir='ltr'>afﬁrmando,</span> <span class='ocrx_word' id='word_1_83' title='bbox 1015 1322 1160 1379; x_wconf 88' lang='lat' dir='ltr'>dicit</span> <span class='ocrx_word' id='word_1_84' title='bbox 1194 1339 1206 1377; x_wconf 93' lang='lat'>:</span> <span class='ocrx_word' id='word_1_85' title='bbox 1242 1347 1268 1374; x_wconf 80' lang='grc' dir='ltr'>α</span> <span class='ocrx_word' id='word_1_86' title='bbox 1302 1322 1475 1379; x_wconf 88' lang='lat' dir='ltr'>Nulla</span> <span class='ocrx_word' id='word_1_87' title='bbox 1503 1322 1565 1379; x_wconf 88' lang='lat' dir='ltr'>in</span> <span class='ocrx_word' id='word_1_88' title='bbox 1622 1339 1686 1379; x_wconf 90' lang='lat' dir='ltr'>re</span> <span class='ocrx_word' id='word_1_89' title='bbox 1743 1321 1827 1379; x_wconf 89' lang='lat' dir='ltr'>fui</span> <span class='ocrx_word' id='word_1_90' title='bbox 1876 1322 2028 1379; x_wconf 87' lang='lat' dir='ltr'>infe-</span> 
     </span>
    </p>
   </div>
   <div class='ocr_carea' id='block_1_15' title="bbox 372 1409 2026 1484">
    <p class='ocr_par' dir='ltr' id='par_1_15' title="bbox 372 1409 2026 1484">
     <span class='ocr_line' id='line_1_15' title="bbox 372 1409 2026 1484; baseline 0.001 -19"><span class='ocrx_word' id='word_1_91' title='bbox 372 1409 533 1478; x_wconf 83' lang='lat' dir='ltr'>rior;</span> <span class='ocrx_word' id='word_1_92' title='bbox 569 1432 596 1461; x_wconf 83' lang='lat'><strong>»</strong></span> <span class='ocrx_word' id='word_1_93' title='bbox 626 1415 732 1467; x_wconf 87' lang='lat' dir='ltr'>aut</span> <span class='ocrx_word' id='word_1_94' title='bbox 760 1410 1084 1480; x_wconf 87' lang='lat' dir='ltr'>defeci,seu</span> <span class='ocrx_word' id='word_1_95' title='bbox 1106 1412 1298 1469; x_wconf 88' lang='lat' dir='ltr'>factus</span> <span class='ocrx_word' id='word_1_96' title='bbox 1321 1429 1452 1468; x_wconf 89' lang='lat' dir='ltr'>sum</span> <span class='ocrx_word' id='word_1_97' title='bbox 1484 1413 1799 1484; x_wconf 87' lang='lat' dir='ltr'>posterior,</span> <span class='ocrx_word' id='word_1_98' title='bbox 1854 1413 2026 1467; x_wconf 91' lang='lat' dir='ltr'>Petro</span> 
     </span>
    </p>
   </div>
   <div class='ocr_carea' id='block_1_16' title="bbox 372 1501 2024 1575">
    <p class='ocr_par' dir='ltr' id='par_1_16' title="bbox 372 1501 2024 1575">
     <span class='ocr_line' id='line_1_16' title="bbox 372 1501 2024 1575; baseline 0.001 -18"><span class='ocrx_word' id='word_1_99' title='bbox 372 1516 441 1557; x_wconf 91' lang='lat' dir='ltr'>ac</span> <span class='ocrx_word' id='word_1_100' title='bbox 462 1501 714 1559; x_wconf 65' lang='lat' dir='ltr'>caeteris.</span> <span class='ocrx_word' id='word_1_101' title='bbox 750 1502 1092 1575; x_wconf 87' lang='lat' dir='ltr'>Opportune</span> <span class='ocrx_word' id='word_1_102' title='bbox 1123 1509 1321 1561; x_wconf 88' lang='lat' dir='ltr'>autem</span> <span class='ocrx_word' id='word_1_103' title='bbox 1372 1504 1531 1559; x_wconf 87' lang='lat' dir='ltr'>venit</span> <span class='ocrx_word' id='word_1_104' title='bbox 1579 1502 1653 1558; x_wconf 92' lang='lat' dir='ltr'>ad</span> <span class='ocrx_word' id='word_1_105' title='bbox 1704 1501 2024 1575; x_wconf 83' lang='lat' dir='ltr'>apostolos,</span> 
     </span>
    </p>
   </div>
   <div class='ocr_carea' id='block_1_17' title="bbox 374 1591 2029 1666">
    <p class='ocr_par' dir='ltr' id='par_1_17' title="bbox 374 1591 2029 1666">
     <span class='ocr_line' id='line_1_17' title="bbox 374 1591 2029 1666; baseline 0.001 -20"><span class='ocrx_word' id='word_1_106' title='bbox 374 1591 545 1663; x_wconf 89' lang='lat' dir='ltr'>quasi</span> <span class='ocrx_word' id='word_1_107' title='bbox 578 1591 739 1648; x_wconf 87' lang='lat' dir='ltr'>dicat</span> <span class='ocrx_word' id='word_1_108' title='bbox 771 1607 784 1647; x_wconf 90' lang='lat'>:</span> <span class='ocrx_word' id='word_1_109' title='bbox 813 1592 940 1648; x_wconf 85' lang='lat' dir='ltr'>Non</span> <span class='ocrx_word' id='word_1_110' title='bbox 972 1592 1168 1649; x_wconf 90' lang='lat' dir='ltr'>solum</span> <span class='ocrx_word' id='word_1_111' title='bbox 1199 1592 1682 1666; x_wconf 89' lang='lat' dir='ltr'>pseudapostolis</span> <span class='ocrx_word' id='word_1_112' title='bbox 1714 1609 1845 1648; x_wconf 89' lang='lat' dir='ltr'>sum</span> <span class='ocrx_word' id='word_1_113' title='bbox 1884 1609 2029 1664; x_wconf 80' lang='lat' dir='ltr'>prsc-</span> 
     </span>
    </p>
   </div>
   <div class='ocr_carea' id='block_1_18' title="bbox 375 1680 2026 1754">
    <p class='ocr_par' dir='ltr' id='par_1_18' title="bbox 375 1680 2026 1754">
     <span class='ocr_line' id='line_1_18' title="bbox 375 1680 2026 1754; baseline 0.001 -20"><span class='ocrx_word' id='word_1_114' title='bbox 375 1680 649 1752; x_wconf 84' lang='lat' dir='ltr'>stantior,</span> <span class='ocrx_word' id='word_1_115' title='bbox 683 1680 788 1738; x_wconf 91' lang='lat' dir='ltr'>sed</span> <span class='ocrx_word' id='word_1_116' title='bbox 816 1686 875 1738; x_wconf 92' lang='lat' dir='ltr'>et</span> <span class='ocrx_word' id='word_1_117' title='bbox 903 1682 1191 1753; x_wconf 88' lang='lat' dir='ltr'>apostolis</span> <span class='ocrx_word' id='word_1_118' title='bbox 1223 1699 1355 1741; x_wconf 88' lang='lat' dir='ltr'>sum</span> <span class='ocrx_word' id='word_1_119' title='bbox 1388 1682 1656 1754; x_wconf 78' lang='lat' dir='ltr'>aequalis.</span> <span class='ocrx_word' id='word_1_120' title='bbox 1692 1706 1710 1731; x_wconf 84' lang='grc' dir='ltr'>ι</span> <span class='ocrx_word' id='word_1_121' title='bbox 1770 1681 2026 1738; x_wconf 87' lang='lat' dir='ltr'>Tametsi</span> 
     </span>
    </p>
   </div>
   <div class='ocr_carea' id='block_1_19' title="bbox 372 1769 2029 1847">
    <p class='ocr_par' dir='ltr' id='par_1_19' title="bbox 372 1769 2029 1847">
     <span class='ocr_line' id='line_1_19' title="bbox 372 1769 2029 1847; baseline 0.001 -22"><span class='ocrx_word' id='word_1_122' title='bbox 372 1769 526 1825; x_wconf 89' lang='lat' dir='ltr'>nihil</span> <span class='ocrx_word' id='word_1_123' title='bbox 556 1787 709 1827; x_wconf 88' lang='lat' dir='ltr'>sum.</span> <span class='ocrx_word' id='word_1_124' title='bbox 744 1793 772 1821; x_wconf 78' lang='lat' dir='ltr'>n</span> <span class='ocrx_word' id='word_1_125' title='bbox 824 1772 1131 1843; x_wconf 87' lang='lat' dir='ltr'>Tanquam</span> <span class='ocrx_word' id='word_1_126' title='bbox 1188 1789 1469 1847; x_wconf 89' lang='lat' dir='ltr'>magnum</span> <span class='ocrx_word' id='word_1_127' title='bbox 1526 1773 1757 1845; x_wconf 91' lang='lat' dir='ltr'>aliquid</span> <span class='ocrx_word' id='word_1_128' title='bbox 1814 1771 2029 1827; x_wconf 79' lang='lat' dir='ltr'>dixerit</span> 
     </span>
    </p>
   </div>
   <div class='ocr_carea' id='block_1_20' title="bbox 2144 602 3796 682">
    <p class='ocr_par' dir='ltr' id='par_1_20' title="bbox 2144 602 3796 682">
     <span class='ocr_line' id='line_1_20' title="bbox 2144 602 3796 682; baseline 0.004 -24"><span class='ocrx_word' id='word_1_129' title='bbox 2144 602 2230 680; x_wconf 75' lang='grc' dir='ltr'>ὑφ’</span> <span class='ocrx_word' id='word_1_130' title='bbox 2315 604 2467 678; x_wconf 85' lang='grc' dir='ltr'>ὑμῶν</span> <span class='ocrx_word' id='word_1_131' title='bbox 2550 606 2913 671; x_wconf 67' lang='grc' dir='ltr'>συνίστασθαι.</span> <span class='ocrx_word' id='word_1_132' title='bbox 2964 629 2993 659; x_wconf 84' lang='grc'><strong>››</strong></span> <span class='ocrx_word' id='word_1_133' title='bbox 3082 606 3248 679; x_wconf 79' lang='grc' dir='ltr'>Ὑμᾶς</span> <span class='ocrx_word' id='word_1_134' title='bbox 3315 606 3417 682; x_wconf 70' lang='grc' dir='ltr'>γάρ</span> <span class='ocrx_word' id='word_1_135' title='bbox 3494 602 3605 663; x_wconf 77' lang='grc' dir='ltr'>ἔδει</span> <span class='ocrx_word' id='word_1_136' title='bbox 3687 614 3796 667; x_wconf 79' lang='grc' dir='ltr'>τῶν</span> 
     </span>
    </p>
   </div>
   <div class='ocr_carea' id='block_1_21' title="bbox 2141 691 3797 773">
    <p class='ocr_par' dir='ltr' id='par_1_21' title="bbox 2141 691 3797 773">
     <span class='ocr_line' id='line_1_21' title="bbox 2141 691 3797 773; baseline 0.004 -27"><span class='ocrx_word' id='word_1_137' title='bbox 2141 691 2290 765; x_wconf 78' lang='grc' dir='ltr'>ἐμῶν</span> <span class='ocrx_word' id='word_1_138' title='bbox 2375 694 2789 759; x_wconf 76' lang='grc' dir='ltr'>ἀντιποιεῖσθαι,</span> <span class='ocrx_word' id='word_1_139' title='bbox 2872 697 2963 751; x_wconf 88' lang='grc' dir='ltr'>καὶ</span> <span class='ocrx_word' id='word_1_140' title='bbox 3049 693 3232 773; x_wconf 85' lang='grc' dir='ltr'>λόγων</span> <span class='ocrx_word' id='word_1_141' title='bbox 3286 696 3377 751; x_wconf 89' lang='grc' dir='ltr'>καὶ</span> <span class='ocrx_word' id='word_1_142' title='bbox 3436 697 3797 772; x_wconf 65' lang='grc' dir='ltr'>ὑπολήψεων,</span> 
     </span>
    </p>
   </div>
   <div class='ocr_carea' id='block_1_22' title="bbox 2141 780 3794 863">
    <p class='ocr_par' dir='ltr' id='par_1_22' title="bbox 2141 780 3794 863">
     <span class='ocr_line' id='line_1_22' title="bbox 2141 780 3794 863; baseline 0.005 -27"><span class='ocrx_word' id='word_1_143' title='bbox 2141 782 2295 856; x_wconf 77' lang='grc' dir='ltr'>ὑμῶν</span> <span class='ocrx_word' id='word_1_144' title='bbox 2333 780 2391 840; x_wconf 77' lang='grc' dir='ltr'>δὲ</span> <span class='ocrx_word' id='word_1_145' title='bbox 2449 784 2682 848; x_wconf 82' lang='grc' dir='ltr'>ἐκείνοις</span> <span class='ocrx_word' id='word_1_146' title='bbox 2738 786 3146 863; x_wconf 77' lang='grc' dir='ltr'>προσεχόντων,</span> <span class='ocrx_word' id='word_1_147' title='bbox 3205 785 3279 848; x_wconf 81' lang='grc' dir='ltr'>εἷς</span> <span class='ocrx_word' id='word_1_148' title='bbox 3334 787 3561 850; x_wconf 75' lang='grc' dir='ltr'>τούτους</span> <span class='ocrx_word' id='word_1_149' title='bbox 3612 787 3794 854; x_wconf 79' lang='grc' dir='ltr'>ἐλθεῖν</span> 
     </span>
    </p>
   </div>
   <div class='ocr_carea' id='block_1_23' title="bbox 2138 873 3794 955">
    <p class='ocr_par' dir='ltr' id='par_1_23' title="bbox 2138 873 3794 955">
     <span class='ocr_line' id='line_1_23' title="bbox 2138 873 3794 955; baseline 0.004 -28"><span class='ocrx_word' id='word_1_150' title='bbox 2138 873 2488 952; x_wconf 71' lang='grc' dir='ltr'>ἠναγκάσθην</span> <span class='ocrx_word' id='word_1_151' title='bbox 2520 876 2647 939; x_wconf 77' lang='grc' dir='ltr'>τοὺς</span> <span class='ocrx_word' id='word_1_152' title='bbox 2706 876 2930 951; x_wconf 87' lang='grc' dir='ltr'>λόγους.</span> <span class='ocrx_word' id='word_1_153' title='bbox 2995 903 3014 928; x_wconf 73' lang='grc' dir='ltr'>ι</span> <span class='ocrx_word' id='word_1_154' title='bbox 3051 873 3220 934; x_wconf 77' lang='grc' dir='ltr'>Οὐδὲν</span> <span class='ocrx_word' id='word_1_155' title='bbox 3277 877 3380 951; x_wconf 70' lang='grc' dir='ltr'>γὰρ</span> <span class='ocrx_word' id='word_1_156' title='bbox 3436 877 3728 955; x_wconf 75' lang='grc' dir='ltr'>ὑστέρησα.</span> <span class='ocrx_word' id='word_1_157' title='bbox 3765 904 3794 933; x_wconf 73' lang='grc' dir='ltr'>ι)</span> 
     </span>
    </p>
   </div>
   <div class='ocr_carea' id='block_1_24' title="bbox 2138 962 3796 1042">
    <p class='ocr_par' dir='ltr' id='par_1_24' title="bbox 2138 962 3796 1042">
     <span class='ocr_line' id='line_1_24' title="bbox 2138 962 3796 1042; baseline 0.003 -23"><span class='ocrx_word' id='word_1_158' title='bbox 2138 962 2286 1019; x_wconf 75' lang='grc' dir='ltr'>Ἀνω</span> <span class='ocrx_word' id='word_1_159' title='bbox 2317 965 2473 1042; x_wconf 73' lang='grc' dir='ltr'>φησί,</span> <span class='ocrx_word' id='word_1_160' title='bbox 2529 965 2892 1040; x_wconf 71' lang='grc' dir='ltr'>«Λογίζομαι</span> <span class='ocrx_word' id='word_1_161' title='bbox 2953 962 3124 1038; x_wconf 75' lang='grc' dir='ltr'>μηδὲν</span> <span class='ocrx_word' id='word_1_162' title='bbox 3186 966 3555 1041; x_wconf 71' lang='grc' dir='ltr'>ὑστερηκέναι,</span> <span class='ocrx_word' id='word_1_163' title='bbox 3622 970 3796 1024; x_wconf 80' lang='grc' dir='ltr'>ινυνὶ</span> 
     </span>
    </p>
   </div>
   <div class='ocr_carea' id='block_1_25' title="bbox 2139 1047 3794 1130">
    <p class='ocr_par' dir='ltr' id='par_1_25' title="bbox 2139 1047 3794 1130">
     <span class='ocr_line' id='line_1_25' title="bbox 2139 1047 3794 1130; baseline 0.004 -25"><span class='ocrx_word' id='word_1_164' title='bbox 2139 1047 2196 1106; x_wconf 80' lang='grc' dir='ltr'>δὲ</span> <span class='ocrx_word' id='word_1_165' title='bbox 2225 1050 2628 1129; x_wconf 69' lang='grc' dir='ltr'>ἀποφαντικῶς,</span> <span class='ocrx_word' id='word_1_166' title='bbox 2685 1080 2712 1107; x_wconf 82' lang='lat'><strong>«</strong></span> <span class='ocrx_word' id='word_1_167' title='bbox 2743 1052 2897 1110; x_wconf 78' lang='grc' dir='ltr'>οὐδὲν</span> <span class='ocrx_word' id='word_1_168' title='bbox 2960 1052 3250 1130; x_wconf 77' lang='grc' dir='ltr'>ὑστέρησα,</span> <span class='ocrx_word' id='word_1_169' title='bbox 3286 1079 3313 1106; x_wconf 90' lang='grc'>››</span> <span class='ocrx_word' id='word_1_170' title='bbox 3344 1054 3484 1115; x_wconf 75' lang='grc' dir='ltr'>Οὐδὲ</span> <span class='ocrx_word' id='word_1_171' title='bbox 3514 1056 3794 1129; x_wconf 77' lang='grc' dir='ltr'>ἐνέλιπον,</span> 
     </span>
    </p>
   </div>
   <div class='ocr_carea' id='block_1_26' title="bbox 2137 1138 3795 1221">
    <p class='ocr_par' dir='ltr' id='par_1_26' title="bbox 2137 1138 3795 1221">
     <span class='ocr_line' id='line_1_26' title="bbox 2137 1138 3795 1221; baseline 0.005 -27"><span class='ocrx_word' id='word_1_172' title='bbox 2137 1138 2174 1209; x_wconf 79' lang='grc' dir='ltr'><strong>ἢ</strong></span> <span class='ocrx_word' id='word_1_173' title='bbox 2231 1141 2459 1197; x_wconf 86' lang='grc' dir='ltr'>κατόπιν</span> <span class='ocrx_word' id='word_1_174' title='bbox 2535 1140 2709 1212; x_wconf 78' lang='grc' dir='ltr'>ἦλθον</span> <span class='ocrx_word' id='word_1_175' title='bbox 2755 1148 2865 1199; x_wconf 81' lang='grc' dir='ltr'>τῶν</span> <span class='ocrx_word' id='word_1_176' title='bbox 2923 1144 3047 1218; x_wconf 74' lang='grc' dir='ltr'>περὶ</span> <span class='ocrx_word' id='word_1_177' title='bbox 3110 1145 3330 1220; x_wconf 72' lang='grc' dir='ltr'>Πέτρον.</span> <span class='ocrx_word' id='word_1_178' title='bbox 3390 1144 3675 1221; x_wconf 81' lang='grc' dir='ltr'>Εὑκαίρως</span> <span class='ocrx_word' id='word_1_179' title='bbox 3735 1146 3795 1204; x_wconf 70' lang='grc' dir='ltr'>εὶ</span> 
     </span>
    </p>
   </div>
   <div class='ocr_carea' id='block_1_27' title="bbox 2139 1227 3788 1308">
    <p class='ocr_par' dir='ltr' id='par_1_27' title="bbox 2139 1227 3788 1308">
     <span class='ocr_line' id='line_1_27' title="bbox 2139 1227 3788 1308; baseline 0.005 -24"><span class='ocrx_word' id='word_1_180' title='bbox 2139 1227 2226 1284; x_wconf 72' lang='grc' dir='ltr'>ἐπὶ</span> <span class='ocrx_word' id='word_1_181' title='bbox 2280 1232 2407 1293; x_wconf 77' lang='grc' dir='ltr'>τοὺς</span> <span class='ocrx_word' id='word_1_182' title='bbox 2460 1231 2806 1296; x_wconf 77' lang='grc' dir='ltr'>ἀποστόλους</span> <span class='ocrx_word' id='word_1_183' title='bbox 2875 1233 3033 1304; x_wconf 77' lang='grc' dir='ltr'>ἦλθε,</span> <span class='ocrx_word' id='word_1_184' title='bbox 3092 1229 3302 1296; x_wconf 68' lang='grc' dir='ltr'>δεικνὺς</span> <span class='ocrx_word' id='word_1_185' title='bbox 3360 1233 3446 1290; x_wconf 76' lang='grc' dir='ltr'>ὅτι</span> <span class='ocrx_word' id='word_1_186' title='bbox 3504 1233 3567 1290; x_wconf 81' lang='grc' dir='ltr'>οὐ</span> <span class='ocrx_word' id='word_1_187' title='bbox 3624 1237 3788 1308; x_wconf 80' lang='grc' dir='ltr'>μόνον</span> 
     </span>
    </p>
   </div>
   <div class='ocr_carea' id='block_1_28' title="bbox 2140 1316 3786 1399">
    <p class='ocr_par' dir='ltr' id='par_1_28' title="bbox 2140 1316 3786 1399">
     <span class='ocr_line' id='line_1_28' title="bbox 2140 1316 3786 1399; baseline 0.004 -26"><span class='ocrx_word' id='word_1_188' title='bbox 2140 1316 2259 1391; x_wconf 82' lang='grc' dir='ltr'>εἶμὶ</span> <span class='ocrx_word' id='word_1_189' title='bbox 2289 1325 2397 1374; x_wconf 82' lang='grc' dir='ltr'>τῶν</span> <span class='ocrx_word' id='word_1_190' title='bbox 2430 1317 2916 1393; x_wconf 81' lang='grc' dir='ltr'>ψευδαποστόλων,</span> <span class='ocrx_word' id='word_1_191' title='bbox 2973 1321 3130 1399; x_wconf 77' lang='grc' dir='ltr'>φησὶ,</span> <span class='ocrx_word' id='word_1_192' title='bbox 3177 1322 3463 1396; x_wconf 81' lang='grc' dir='ltr'>κρείττων,</span> <span class='ocrx_word' id='word_1_193' title='bbox 3525 1322 3666 1380; x_wconf 84' lang='grc' dir='ltr'>ἀλλά</span> <span class='ocrx_word' id='word_1_194' title='bbox 3692 1324 3786 1380; x_wconf 75' lang='grc' dir='ltr'>καὶ</span> 
     </span>
    </p>
   </div>
   <div class='ocr_carea' id='block_1_29' title="bbox 2134 1407 3786 1489">
    <p class='ocr_par' dir='ltr' id='par_1_29' title="bbox 2134 1407 3786 1489">
     <span class='ocr_line' id='line_1_29' title="bbox 2134 1407 3786 1489; baseline 0.005 -27"><span class='ocrx_word' id='word_1_195' title='bbox 2134 1411 2245 1463; x_wconf 81' lang='grc' dir='ltr'>τῶν</span> <span class='ocrx_word' id='word_1_196' title='bbox 2275 1407 2594 1465; x_wconf 86' lang='grc' dir='ltr'>ἀποστόκων</span> <span class='ocrx_word' id='word_1_197' title='bbox 2629 1408 2767 1473; x_wconf 78' lang='grc' dir='ltr'>ἴσος.</span> <span class='ocrx_word' id='word_1_198' title='bbox 2802 1435 2831 1463; x_wconf 86' lang='grc'>‹‹</span> <span class='ocrx_word' id='word_1_199' title='bbox 2863 1409 2931 1469; x_wconf 77' lang='lat' dir='ltr'>Ei</span> <span class='ocrx_word' id='word_1_200' title='bbox 2963 1409 3054 1465; x_wconf 82' lang='grc' dir='ltr'>καὶ</span> <span class='ocrx_word' id='word_1_201' title='bbox 3114 1408 3265 1467; x_wconf 72' lang='grc' dir='ltr'>οὐδὲν</span> <span class='ocrx_word' id='word_1_202' title='bbox 3326 1411 3461 1486; x_wconf 81' lang='grc' dir='ltr'>εἰμι.</span> <span class='ocrx_word' id='word_1_203' title='bbox 3500 1436 3521 1464; x_wconf 74' lang='grc' dir='ltr'>ι</span> <span class='ocrx_word' id='word_1_204' title='bbox 3584 1415 3786 1489; x_wconf 74' lang='grc' dir='ltr'>Ὥσπερ</span> 
     </span>
    </p>
   </div>
   <div class='ocr_carea' id='block_1_30' title="bbox 2135 1495 3792 1577">
    <p class='ocr_par' dir='ltr' id='par_1_30' title="bbox 2135 1495 3792 1577">
     <span class='ocr_line' id='line_1_30' title="bbox 2135 1495 3792 1577; baseline 0.004 -25"><span class='ocrx_word' id='word_1_205' title='bbox 2135 1517 2186 1552; x_wconf 90' lang='grc' dir='ltr'>τι</span> <span class='ocrx_word' id='word_1_206' title='bbox 2222 1497 2360 1573; x_wconf 76' lang='grc' dir='ltr'>μέγα</span> <span class='ocrx_word' id='word_1_207' title='bbox 2393 1498 2629 1577; x_wconf 80' lang='grc' dir='ltr'>εἰρηκὼς</span> <span class='ocrx_word' id='word_1_208' title='bbox 2654 1500 2745 1555; x_wconf 86' lang='grc' dir='ltr'>καὶ</span> <span class='ocrx_word' id='word_1_209' title='bbox 2774 1495 3099 1575; x_wconf 78' lang='grc' dir='ltr'>ὑπερϐαῖνον</span> <span class='ocrx_word' id='word_1_210' title='bbox 3154 1500 3320 1558; x_wconf 80' lang='grc' dir='ltr'>αὑτοῦ</span> <span class='ocrx_word' id='word_1_211' title='bbox 3372 1502 3470 1571; x_wconf 77' lang='grc' dir='ltr'>τὴν</span> <span class='ocrx_word' id='word_1_212' title='bbox 3540 1499 3792 1576; x_wconf 66' lang='grc' dir='ltr'>δύναμιν,</span> 
     </span>
    </p>
   </div>
   <div class='ocr_carea' id='block_1_31' title="bbox 2137 1584 3795 1667">
    <p class='ocr_par' dir='ltr' id='par_1_31' title="bbox 2137 1584 3795 1667">
     <span class='ocr_line' id='line_1_31' title="bbox 2137 1584 3795 1667; baseline 0.005 -25"><span class='ocrx_word' id='word_1_213' title='bbox 2137 1584 2447 1663; x_wconf 68' lang='grc' dir='ltr'>διορθοῦται</span> <span class='ocrx_word' id='word_1_214' title='bbox 2479 1590 2633 1647; x_wconf 84' lang='grc' dir='ltr'>αὑτό.</span> <span class='ocrx_word' id='word_1_215' title='bbox 2666 1589 2780 1650; x_wconf 76' lang='grc' dir='ltr'>Οὐκ</span> <span class='ocrx_word' id='word_1_216' title='bbox 2827 1591 2947 1647; x_wconf 83' lang='grc' dir='ltr'>εἶπε</span> <span class='ocrx_word' id='word_1_217' title='bbox 3007 1588 3087 1663; x_wconf 75' lang='grc' dir='ltr'>δὶ,</span> <span class='ocrx_word' id='word_1_218' title='bbox 3143 1591 3390 1663; x_wconf 76' lang='grc' dir='ltr'>Εὑτελής</span> <span class='ocrx_word' id='word_1_219' title='bbox 3449 1592 3587 1667; x_wconf 74' lang='grc' dir='ltr'>εἰμι,</span> <span class='ocrx_word' id='word_1_220' title='bbox 3646 1593 3795 1650; x_wconf 87' lang='grc' dir='ltr'>ἀλλά</span> 
     </span>
    </p>
   </div>
   <div class='ocr_carea' id='block_1_32' title="bbox 2132 1676 3794 1760">
    <p class='ocr_par' dir='ltr' id='par_1_32' title="bbox 2132 1676 3794 1760">
     <span class='ocr_line' id='line_1_32' title="bbox 2132 1676 3794 1760; baseline 0.004 -29"><span class='ocrx_word' id='word_1_221' title='bbox 2132 1676 2195 1732; x_wconf 87' lang='grc' dir='ltr'>τὸ</span> <span class='ocrx_word' id='word_1_222' title='bbox 2227 1677 2370 1734; x_wconf 80' lang='grc' dir='ltr'>πολὺ</span> <span class='ocrx_word' id='word_1_223' title='bbox 2419 1679 2607 1751; x_wconf 80' lang='grc' dir='ltr'>ἦττον,</span> <span class='ocrx_word' id='word_1_224' title='bbox 2660 1704 2687 1732; x_wconf 79' lang='grc' dir='ltr'>σι</span> <span class='ocrx_word' id='word_1_225' title='bbox 2743 1678 2911 1736; x_wconf 79' lang='grc' dir='ltr'>Οὐδὶν</span> <span class='ocrx_word' id='word_1_226' title='bbox 2967 1680 3104 1754; x_wconf 83' lang='grc' dir='ltr'>εἰμι.</span> <span class='ocrx_word' id='word_1_227' title='bbox 3140 1704 3167 1733; x_wconf 87' lang='grc'><strong>››</strong></span> <span class='ocrx_word' id='word_1_228' title='bbox 3226 1681 3303 1738; x_wconf 77' lang='grc' dir='ltr'><strong>Σὺ</strong></span> <span class='ocrx_word' id='word_1_229' title='bbox 3363 1678 3439 1753; x_wconf 74' lang='grc' dir='ltr'>δὲ,</span> <span class='ocrx_word' id='word_1_230' title='bbox 3493 1683 3651 1760; x_wconf 73' lang='grc' dir='ltr'>φησὶ,</span> <span class='ocrx_word' id='word_1_231' title='bbox 3713 1683 3794 1757; x_wconf 85' lang='grc' dir='ltr'>μή</span> 
     </span>
    </p>
   </div>
   <div class='ocr_carea' id='block_1_33' title="bbox 2133 1765 3792 1848">
    <p class='ocr_par' dir='ltr' id='par_1_33' title="bbox 2133 1765 3792 1848">
     <span class='ocr_line' id='line_1_33' title="bbox 2133 1765 3792 1848; baseline 0.002 -25"><span class='ocrx_word' id='word_1_232' title='bbox 2133 1771 2297 1825; x_wconf 77' lang='grc' dir='ltr'>τοῦτο</span> <span class='ocrx_word' id='word_1_233' title='bbox 2350 1765 2493 1843; x_wconf 67' lang='grc' dir='ltr'>⁹τῖ’δῃρς,</span> <span class='ocrx_word' id='word_1_234' title='bbox 2554 1769 2597 1826; x_wconf 77' lang='grc' dir='ltr'>εἰ</span> <span class='ocrx_word' id='word_1_235' title='bbox 2660 1767 2814 1827; x_wconf 73' lang='grc' dir='ltr'>οὐδὲν</span> <span class='ocrx_word' id='word_1_236' title='bbox 2874 1770 3004 1846; x_wconf 83' lang='grc' dir='ltr'>εἶμ’,</span> <span class='ocrx_word' id='word_1_237' title='bbox 3069 1769 3215 1827; x_wconf 88' lang='grc' dir='ltr'>ἀλλά</span> <span class='ocrx_word' id='word_1_238' title='bbox 3278 1771 3544 1848; x_wconf 88' lang='grc' dir='ltr'>πρόσχες,</span> <span class='ocrx_word' id='word_1_239' title='bbox 3603 1771 3652 1827; x_wconf 69' lang='grc' dir='ltr'>εἴ</span> <span class='ocrx_word' id='word_1_240' title='bbox 3708 1773 3792 1847; x_wconf 72' lang='grc' dir='ltr'>μὴ</span> 
     </span>
    </p>
   </div>
   <div class='ocr_carea' id='block_1_34' title="bbox 374 1858 2023 1959">
    <p class='ocr_par' dir='ltr' id='par_1_34' title="bbox 374 1859 2023 1937">
     <span class='ocr_line' id='line_1_34' title="bbox 374 1859 2023 1937; baseline 0.001 -22"><span class='ocrx_word' id='word_1_241' title='bbox 374 1859 536 1933; x_wconf 89' lang='lat' dir='ltr'>quod</span> <span class='ocrx_word' id='word_1_242' title='bbox 569 1877 706 1918; x_wconf 89' lang='lat' dir='ltr'>suas</span> <span class='ocrx_word' id='word_1_243' title='bbox 740 1861 985 1919; x_wconf 83' lang='lat' dir='ltr'>excedat</span> <span class='ocrx_word' id='word_1_244' title='bbox 1016 1863 1188 1928; x_wconf 89' lang='lat' dir='ltr'>vires,</span> <span class='ocrx_word' id='word_1_245' title='bbox 1214 1863 1456 1937; x_wconf 79' lang='lat' dir='ltr'>corrigit</span> <span class='ocrx_word' id='word_1_246' title='bbox 1502 1862 1670 1921; x_wconf 92' lang='lat' dir='ltr'>illud.</span> <span class='ocrx_word' id='word_1_247' title='bbox 1723 1865 1850 1919; x_wconf 85' lang='lat' dir='ltr'>Non</span> <span class='ocrx_word' id='word_1_248' title='bbox 1880 1862 2023 1917; x_wconf 82' lang='lat' dir='ltr'>dixit</span> 
     </span>
    </p>
   </div>
   <div class='ocr_carea' id='block_1_35' title="bbox 2137 1858 3790 1959">
    <p class='ocr_par' dir='ltr' id='par_1_35' title="bbox 2138 1858 3790 1938">
     <span class='ocr_line' id='line_1_35' title="bbox 2138 1858 3790 1938; baseline 0.002 -23"><span class='ocrx_word' id='word_1_249' title='bbox 2138 1858 2309 1915; x_wconf 71' lang='grc' dir='ltr'>πάντα</span> <span class='ocrx_word' id='word_1_250' title='bbox 2370 1861 2471 1917; x_wconf 74' lang='grc' dir='ltr'>ὅσα</span> <span class='ocrx_word' id='word_1_251' title='bbox 2536 1864 2934 1938; x_wconf 76' lang='grc' dir='ltr'>χαρακτηρίζει</span> <span class='ocrx_word' id='word_1_252' title='bbox 3025 1861 3336 1919; x_wconf 80' lang='grc' dir='ltr'>ἀπόστολον</span> <span class='ocrx_word' id='word_1_253' title='bbox 3416 1862 3728 1923; x_wconf 78' lang='grc' dir='ltr'>ἐπετέλεσα.</span> <span class='ocrx_word' id='word_1_254' title='bbox 3761 1884 3790 1919; x_wconf 73' lang='grc' dir='ltr'>ι</span> 
     </span>
    </p>
   </div>
   <div class='ocr_carea' id='block_1_36' title="bbox 375 1950 2027 2024">
    <p class='ocr_par' dir='ltr' id='par_1_36' title="bbox 375 1950 2027 2024">
     <span class='ocr_line' id='line_1_36' title="bbox 375 1950 2027 2024; baseline 0.001 -18"><span class='ocrx_word' id='word_1_255' title='bbox 375 1955 575 2006; x_wconf 85' lang='lat' dir='ltr'>autem</span> <span class='ocrx_word' id='word_1_256' title='bbox 610 1967 623 2005; x_wconf 89' lang='lat'><strong>:</strong></span> <span class='ocrx_word' id='word_1_257' title='bbox 657 1950 938 2023; x_wconf 81' lang='lat' dir='ltr'>Abjectus</span> <span class='ocrx_word' id='word_1_258' title='bbox 970 1969 1124 2019; x_wconf 89' lang='lat' dir='ltr'>sum,</span> <span class='ocrx_word' id='word_1_259' title='bbox 1174 1953 1278 2009; x_wconf 95' lang='lat' dir='ltr'>sed</span> <span class='ocrx_word' id='word_1_260' title='bbox 1330 1952 1488 2024; x_wconf 91' lang='lat' dir='ltr'>quod</span> <span class='ocrx_word' id='word_1_261' title='bbox 1542 1952 1726 2009; x_wconf 89' lang='lat' dir='ltr'>multo</span> <span class='ocrx_word' id='word_1_262' title='bbox 1777 1952 2027 2008; x_wconf 90' lang='lat' dir='ltr'>inferius</span> 
     </span>
    </p>
   </div>
   <div class='ocr_carea' id='block_1_37' title="bbox 373 2039 2023 2113">
    <p class='ocr_par' dir='ltr' id='par_1_37' title="bbox 373 2039 2023 2113">
     <span class='ocr_line' id='line_1_37' title="bbox 373 2039 2023 2113; baseline 0.001 -18"><span class='ocrx_word' id='word_1_263' title='bbox 373 2045 483 2104; x_wconf 83' lang='lat' dir='ltr'>est,</span> <span class='ocrx_word' id='word_1_264' title='bbox 514 2062 542 2091; x_wconf 84' lang='grc'>‹‹</span> <span class='ocrx_word' id='word_1_265' title='bbox 573 2039 733 2095; x_wconf 88' lang='lat' dir='ltr'>Nihil</span> <span class='ocrx_word' id='word_1_266' title='bbox 756 2057 908 2097; x_wconf 91' lang='lat' dir='ltr'>sum.</span> <span class='ocrx_word' id='word_1_267' title='bbox 952 2063 981 2091; x_wconf 85' lang='lat'>»</span> <span class='ocrx_word' id='word_1_268' title='bbox 1013 2042 1098 2098; x_wconf 92' lang='lat' dir='ltr'>Tu</span> <span class='ocrx_word' id='word_1_269' title='bbox 1128 2059 1285 2109; x_wconf 85' lang='lat' dir='ltr'>vero,</span> <span class='ocrx_word' id='word_1_270' title='bbox 1322 2041 1538 2113; x_wconf 89' lang='lat' dir='ltr'>inquit,</span> <span class='ocrx_word' id='word_1_271' title='bbox 1598 2058 1671 2098; x_wconf 90' lang='lat' dir='ltr'>ne</span> <span class='ocrx_word' id='word_1_272' title='bbox 1732 2042 2023 2098; x_wconf 89' lang='lat' dir='ltr'>intuearis</span> 
     </span>
    </p>
   </div>
   <div class='ocr_carea' id='block_1_38' title="bbox 372 2128 2029 2193">
    <p class='ocr_par' dir='ltr' id='par_1_38' title="bbox 372 2128 2029 2193">
     <span class='ocr_line' id='line_1_38' title="bbox 372 2128 2029 2193; baseline 0.002 -9"><span class='ocrx_word' id='word_1_273' title='bbox 372 2128 507 2193; x_wconf 90' lang='lat' dir='ltr'>hoc,</span> <span class='ocrx_word' id='word_1_274' title='bbox 542 2130 590 2184; x_wconf 93' lang='lat' dir='ltr'>si</span> <span class='ocrx_word' id='word_1_275' title='bbox 621 2129 773 2186; x_wconf 88' lang='lat' dir='ltr'>nihil</span> <span class='ocrx_word' id='word_1_276' title='bbox 806 2146 975 2187; x_wconf 88' lang='lat' dir='ltr'>sum:</span> <span class='ocrx_word' id='word_1_277' title='bbox 1028 2131 1132 2186; x_wconf 88' lang='lat' dir='ltr'>sed</span> <span class='ocrx_word' id='word_1_278' title='bbox 1182 2131 1292 2193; x_wconf 88' lang='lat' dir='ltr'>hoc</span> <span class='ocrx_word' id='word_1_279' title='bbox 1338 2130 1601 2191; x_wconf 83' lang='lat' dir='ltr'>adverte.</span> <span class='ocrx_word' id='word_1_280' title='bbox 1636 2147 1792 2188; x_wconf 84' lang='lat' dir='ltr'>anne</span> <span class='ocrx_word' id='word_1_281' title='bbox 1825 2132 2029 2188; x_wconf 91' lang='lat' dir='ltr'>omnia</span> 
     </span>
    </p>
   </div>
   <div class='ocr_carea' id='block_1_39' title="bbox 372 2221 2029 2295">
    <p class='ocr_par' dir='ltr' id='par_1_39' title="bbox 372 2221 2029 2295">
     <span class='ocr_line' id='line_1_39' title="bbox 372 2221 2029 2295; baseline 0.001 -18"><span class='ocrx_word' id='word_1_282' title='bbox 372 2221 727 2293; x_wconf 86' lang='lat' dir='ltr'>perfecerim</span> <span class='ocrx_word' id='word_1_283' title='bbox 750 2238 1123 2294; x_wconf 71' lang='lat' dir='ltr'>qumcunque</span> <span class='ocrx_word' id='word_1_284' title='bbox 1149 2224 1495 2295; x_wconf 85' lang='lat' dir='ltr'>Apostolum</span> <span class='ocrx_word' id='word_1_285' title='bbox 1523 2223 1840 2291; x_wconf 80' lang='lat' dir='ltr'>designant</span> <span class='ocrx_word' id='word_1_286' title='bbox 1857 2228 1915 2278; x_wconf 93' lang='lat' dir='ltr'>et</span> <span class='ocrx_word' id='word_1_287' title='bbox 1944 2223 2029 2278; x_wconf 84' lang='lat' dir='ltr'>in-</span> 
     </span>
    </p>
   </div>
   <div class='ocr_carea' id='block_1_40' title="bbox 375 2311 2026 2385">
    <p class='ocr_par' dir='ltr' id='par_1_40' title="bbox 375 2311 2026 2385">
     <span class='ocr_line' id='line_1_40' title="bbox 375 2311 2026 2385; baseline 0.002 -20"><span class='ocrx_word' id='word_1_288' title='bbox 375 2311 657 2384; x_wconf 87' lang='lat' dir='ltr'>signiunt.</span> <span class='ocrx_word' id='word_1_289' title='bbox 691 2335 719 2362; x_wconf 82' lang='lat'><strong>«</strong></span> <span class='ocrx_word' id='word_1_290' title='bbox 755 2313 868 2369; x_wconf 86' lang='lat' dir='ltr'>Per</span> <span class='ocrx_word' id='word_1_291' title='bbox 899 2329 1140 2369; x_wconf 90' lang='lat' dir='ltr'>omnem</span> <span class='ocrx_word' id='word_1_292' title='bbox 1172 2314 1544 2385; x_wconf 85' lang='lat' dir='ltr'>patientiam.</span> <span class='ocrx_word' id='word_1_293' title='bbox 1580 2334 1608 2363; x_wconf 85' lang='lat'>»</span> <span class='ocrx_word' id='word_1_294' title='bbox 1645 2316 1775 2381; x_wconf 76' lang='lat' dir='ltr'>Vos,</span> <span class='ocrx_word' id='word_1_295' title='bbox 1808 2313 2026 2385; x_wconf 87' lang='lat' dir='ltr'>inquit,</span> 
     </span>
    </p>
   </div>
   <div class='ocr_carea' id='block_1_41' title="bbox 378 2401 2025 2474">
    <p class='ocr_par' dir='ltr' id='par_1_41' title="bbox 378 2401 2025 2474">
     <span class='ocr_line' id='line_1_41' title="bbox 378 2401 2025 2474; baseline 0 -19"><span class='ocrx_word' id='word_1_296' title='bbox 378 2415 720 2459; x_wconf 86' lang='lat' dir='ltr'>sermonum</span> <span class='ocrx_word' id='word_1_297' title='bbox 751 2407 933 2458; x_wconf 82' lang='lat' dir='ltr'>testes</span> <span class='ocrx_word' id='word_1_298' title='bbox 965 2403 1127 2458; x_wconf 90' lang='lat' dir='ltr'>estis.</span> <span class='ocrx_word' id='word_1_299' title='bbox 1163 2402 1454 2459; x_wconf 90' lang='lat' dir='ltr'>Indicium</span> <span class='ocrx_word' id='word_1_300' title='bbox 1503 2408 1701 2459; x_wconf 89' lang='lat' dir='ltr'>autem</span> <span class='ocrx_word' id='word_1_301' title='bbox 1755 2401 2025 2474; x_wconf 87' lang='lat' dir='ltr'>Apostoli</span> 
     </span>
    </p>
   </div>
   <div class='ocr_carea' id='block_1_42' title="bbox 377 2491 2027 2549">
    <p class='ocr_par' dir='ltr' id='par_1_42' title="bbox 377 2491 2027 2549">
     <span class='ocr_line' id='line_1_42' title="bbox 377 2491 2027 2549; baseline 0.001 -4"><span class='ocrx_word' id='word_1_302' title='bbox 377 2491 633 2546; x_wconf 85' lang='lat' dir='ltr'>maxime</span> <span class='ocrx_word' id='word_1_303' title='bbox 666 2491 937 2547; x_wconf 89' lang='lat' dir='ltr'>consistit</span> <span class='ocrx_word' id='word_1_304' title='bbox 966 2491 1027 2547; x_wconf 91' lang='lat' dir='ltr'>in</span> <span class='ocrx_word' id='word_1_305' title='bbox 1058 2491 1302 2549; x_wconf 88' lang='lat' dir='ltr'>ferendo</span> <span class='ocrx_word' id='word_1_306' title='bbox 1335 2495 1533 2547; x_wconf 85' lang='lat' dir='ltr'>omnia</span> <span class='ocrx_word' id='word_1_307' title='bbox 1560 2491 1830 2549; x_wconf 89' lang='lat' dir='ltr'>viriliter.</span> <span class='ocrx_word' id='word_1_308' title='bbox 1869 2493 2027 2548; x_wconf 91' lang='lat' dir='ltr'>Con-</span> 
     </span>
    </p>
   </div>
   <div class='ocr_carea' id='block_1_43' title="bbox 377 2578 2032 2653">
    <p class='ocr_par' dir='ltr' id='par_1_43' title="bbox 377 2578 2032 2653">
     <span class='ocr_line' id='line_1_43' title="bbox 377 2578 2032 2653; baseline 0.002 -19"><span class='ocrx_word' id='word_1_309' title='bbox 377 2578 574 2643; x_wconf 78' lang='lat' dir='ltr'>sidera</span> <span class='ocrx_word' id='word_1_310' title='bbox 599 2596 734 2636; x_wconf 88' lang='lat' dir='ltr'>vero</span> <span class='ocrx_word' id='word_1_311' title='bbox 766 2580 924 2652; x_wconf 91' lang='lat' dir='ltr'>quod</span> <span class='ocrx_word' id='word_1_312' title='bbox 955 2581 1038 2636; x_wconf 86' lang='lat' dir='ltr'>ait</span> <span class='ocrx_word' id='word_1_313' title='bbox 1072 2598 1084 2635; x_wconf 90' lang='lat'><strong>:</strong></span> <span class='ocrx_word' id='word_1_314' title='bbox 1124 2606 1142 2630; x_wconf 77' lang='grc' dir='ltr'>ιι</span> <span class='ocrx_word' id='word_1_315' title='bbox 1179 2581 1553 2637; x_wconf 87' lang='lat' dir='ltr'>Patientiam.</span> <span class='ocrx_word' id='word_1_316' title='bbox 1594 2605 1613 2631; x_wconf 70' lang='grc' dir='ltr'><strong>υ</strong></span> <span class='ocrx_word' id='word_1_317' title='bbox 1667 2582 1812 2637; x_wconf 88' lang='lat' dir='ltr'>Nam</span> <span class='ocrx_word' id='word_1_318' title='bbox 1874 2580 2032 2653; x_wconf 92' lang='lat' dir='ltr'>quod</span> 
     </span>
    </p>
   </div>
   <div class='ocr_carea' id='block_1_44' title="bbox 378 2669 2031 2745">
    <p class='ocr_par' dir='ltr' id='par_1_44' title="bbox 378 2669 2031 2745">
     <span class='ocr_line' id='line_1_44' title="bbox 378 2669 2031 2745; baseline 0.003 -22"><span class='ocrx_word' id='word_1_319' title='bbox 378 2669 614 2725; x_wconf 86' lang='lat' dir='ltr'>virtutis</span> <span class='ocrx_word' id='word_1_320' title='bbox 644 2671 832 2741; x_wconf 88' lang='lat' dir='ltr'>ipsius</span> <span class='ocrx_word' id='word_1_321' title='bbox 864 2678 990 2726; x_wconf 88' lang='lat' dir='ltr'>erat</span> <span class='ocrx_word' id='word_1_322' title='bbox 1020 2671 1202 2727; x_wconf 89' lang='lat' dir='ltr'>unica</span> <span class='ocrx_word' id='word_1_323' title='bbox 1241 2670 1499 2729; x_wconf 87' lang='lat' dir='ltr'>dictione</span> <span class='ocrx_word' id='word_1_324' title='bbox 1553 2672 1751 2742; x_wconf 91' lang='lat' dir='ltr'>posuit</span> <span class='ocrx_word' id='word_1_325' title='bbox 1788 2687 1799 2725; x_wconf 90' lang='lat'><strong>:</strong></span> <span class='ocrx_word' id='word_1_326' title='bbox 1865 2671 2031 2745; x_wconf 82' lang='lat' dir='ltr'>signa</span> 
     </span>
    </p>
   </div>
   <div class='ocr_carea' id='block_1_45' title="bbox 377 2758 2031 2833">
    <p class='ocr_par' dir='ltr' id='par_1_45' title="bbox 377 2758 2031 2833">
     <span class='ocr_line' id='line_1_45' title="bbox 377 2758 2031 2833; baseline 0.002 -20"><span class='ocrx_word' id='word_1_327' title='bbox 377 2775 514 2815; x_wconf 89' lang='lat' dir='ltr'>vero</span> <span class='ocrx_word' id='word_1_328' title='bbox 534 2775 664 2831; x_wconf 71' lang='lat' dir='ltr'>qua:</span> <span class='ocrx_word' id='word_1_329' title='bbox 692 2776 798 2815; x_wconf 88' lang='lat' dir='ltr'>sua</span> <span class='ocrx_word' id='word_1_330' title='bbox 835 2775 955 2815; x_wconf 91' lang='lat' dir='ltr'>non</span> <span class='ocrx_word' id='word_1_331' title='bbox 999 2760 1299 2821; x_wconf 67' lang='lat' dir='ltr'>erantsed</span> <span class='ocrx_word' id='word_1_332' title='bbox 1348 2761 1551 2833; x_wconf 80' lang='lat' dir='ltr'>gratiae</span> <span class='ocrx_word' id='word_1_333' title='bbox 1600 2760 1724 2823; x_wconf 89' lang='lat' dir='ltr'>Dei,</span> <span class='ocrx_word' id='word_1_334' title='bbox 1758 2758 2031 2832; x_wconf 89' lang='lat' dir='ltr'>pluribus</span> 
     </span>
    </p>
   </div>
   <div class='ocr_carea' id='block_1_46' title="bbox 374 2848 2034 2920">
    <p class='ocr_par' dir='ltr' id='par_1_46' title="bbox 374 2848 2034 2920">
     <span class='ocr_line' id='line_1_46' title="bbox 374 2848 2034 2920; baseline 0.001 -16"><span class='ocrx_word' id='word_1_335' title='bbox 374 2848 719 2920; x_wconf 88' lang='lat' dir='ltr'>complexus</span> <span class='ocrx_word' id='word_1_336' title='bbox 740 2855 849 2905; x_wconf 88' lang='lat' dir='ltr'>est.</span> <span class='ocrx_word' id='word_1_337' title='bbox 877 2849 987 2905; x_wconf 88' lang='lat' dir='ltr'>Sed</span> <span class='ocrx_word' id='word_1_338' title='bbox 1015 2849 1172 2905; x_wconf 91' lang='lat' dir='ltr'>Pauli</span> <span class='ocrx_word' id='word_1_339' title='bbox 1193 2849 1546 2906; x_wconf 90' lang='lat' dir='ltr'>modestiam</span> <span class='ocrx_word' id='word_1_340' title='bbox 1596 2850 1848 2906; x_wconf 88' lang='lat' dir='ltr'>intuere.</span> <span class='ocrx_word' id='word_1_341' title='bbox 1882 2849 2034 2915; x_wconf 90' lang='lat' dir='ltr'>Quot</span> 
     </span>
    </p>
   </div>
   <div class='ocr_carea' id='block_1_47' title="bbox 375 2939 2028 3013">
    <p class='ocr_par' dir='ltr' id='par_1_47' title="bbox 375 2939 2028 3013">
     <span class='ocr_line' id='line_1_47' title="bbox 375 2939 2028 3013; baseline 0.001 -19"><span class='ocrx_word' id='word_1_342' title='bbox 375 2954 673 3004; x_wconf 81' lang='lat' dir='ltr'>carceres,</span> <span class='ocrx_word' id='word_1_343' title='bbox 707 2946 852 3010; x_wconf 87' lang='lat' dir='ltr'>quot</span> <span class='ocrx_word' id='word_1_344' title='bbox 878 2939 1104 3012; x_wconf 86' lang='lat' dir='ltr'>plagas,</span> <span class='ocrx_word' id='word_1_345' title='bbox 1138 2946 1282 3011; x_wconf 90' lang='lat' dir='ltr'>quot</span> <span class='ocrx_word' id='word_1_346' title='bbox 1331 2939 1598 3013; x_wconf 88' lang='lat' dir='ltr'>pericula</span> <span class='ocrx_word' id='word_1_347' title='bbox 1650 2945 1708 2995; x_wconf 90' lang='lat' dir='ltr'>et</span> <span class='ocrx_word' id='word_1_348' title='bbox 1758 2940 2028 3006; x_wconf 88' lang='lat' dir='ltr'>insidias,</span> 
     </span>
    </p>
   </div>
   <div class='ocr_carea' id='block_1_48' title="bbox 369 3027 2029 3100">
    <p class='ocr_par' dir='ltr' id='par_1_48' title="bbox 369 3027 2029 3100">
     <span class='ocr_line' id='line_1_48' title="bbox 369 3027 2029 3100; baseline 0.001 -18"><span class='ocrx_word' id='word_1_349' title='bbox 369 3033 514 3099; x_wconf 90' lang='lat' dir='ltr'>quot</span> <span class='ocrx_word' id='word_1_350' title='bbox 549 3027 941 3083; x_wconf 87' lang='lat' dir='ltr'>afﬁictionum</span> <span class='ocrx_word' id='word_1_351' title='bbox 974 3028 1415 3088; x_wconf 86' lang='lat' dir='ltr'>inundationes.</span> <span class='ocrx_word' id='word_1_352' title='bbox 1450 3035 1595 3100; x_wconf 87' lang='lat' dir='ltr'>quot</span> <span class='ocrx_word' id='word_1_353' title='bbox 1624 3027 2029 3085; x_wconf 89' lang='lat' dir='ltr'>bellaintesti-</span> 
     </span>
    </p>
   </div>
   <div class='ocr_carea' id='block_1_49' title="bbox 367 3118 2030 3190">
    <p class='ocr_par' dir='ltr' id='par_1_49' title="bbox 367 3118 2030 3190">
     <span class='ocr_line' id='line_1_49' title="bbox 367 3118 2030 3190; baseline 0.001 -18"><span class='ocrx_word' id='word_1_354' title='bbox 367 3132 450 3173; x_wconf 89' lang='lat' dir='ltr'>na</span> <span class='ocrx_word' id='word_1_355' title='bbox 479 3133 546 3172; x_wconf 89' lang='lat' dir='ltr'>ac</span> <span class='ocrx_word' id='word_1_356' title='bbox 578 3124 842 3189; x_wconf 80' lang='lat' dir='ltr'>externa,</span> <span class='ocrx_word' id='word_1_357' title='bbox 876 3118 1054 3174; x_wconf 89' lang='lat' dir='ltr'>unica</span> <span class='ocrx_word' id='word_1_358' title='bbox 1085 3118 1347 3174; x_wconf 87' lang='lat' dir='ltr'>dictione</span> <span class='ocrx_word' id='word_1_359' title='bbox 1380 3134 1595 3190; x_wconf 92' lang='lat' dir='ltr'>nempe</span> <span class='ocrx_word' id='word_1_360' title='bbox 1627 3142 1652 3169; x_wconf 86' lang='grc'><em>‹‹</em></span> <span class='ocrx_word' id='word_1_361' title='bbox 1681 3118 2030 3183; x_wconf 79' lang='lat' dir='ltr'>Patientia,»</span> 
     </span>
    </p>
   </div>
   <div class='ocr_carea' id='block_1_50' title="bbox 368 3207 2033 3280">
    <p class='ocr_par' dir='ltr' id='par_1_50' title="bbox 368 3207 2033 3280">
     <span class='ocr_line' id='line_1_50' title="bbox 368 3207 2033 3280; baseline 0.002 -18"><span class='ocrx_word' id='word_1_362' title='bbox 368 3207 678 3279; x_wconf 88' lang='lat' dir='ltr'>percurrit.</span> <span class='ocrx_word' id='word_1_363' title='bbox 714 3232 740 3257; x_wconf 90' lang='grc'>‹‹</span> <span class='ocrx_word' id='word_1_364' title='bbox 780 3210 892 3263; x_wconf 89' lang='lat' dir='ltr'>Per</span> <span class='ocrx_word' id='word_1_365' title='bbox 924 3224 1106 3279; x_wconf 78' lang='lat' dir='ltr'>segna</span> <span class='ocrx_word' id='word_1_366' title='bbox 1134 3214 1193 3264; x_wconf 91' lang='lat' dir='ltr'>et</span> <span class='ocrx_word' id='word_1_367' title='bbox 1215 3208 1504 3280; x_wconf 88' lang='lat' dir='ltr'>prodigia.</span> <span class='ocrx_word' id='word_1_368' title='bbox 1546 3233 1564 3255; x_wconf 73' lang='grc' dir='ltr'>ι</span> <span class='ocrx_word' id='word_1_369' title='bbox 1602 3209 2033 3273; x_wconf 81' lang='lat' dir='ltr'>Quotmortuos</span> 
     </span>
    </p>
   </div>
   <div class='ocr_carea' id='block_1_51' title="bbox 2142 1950 3796 2031">
    <p class='ocr_par' dir='ltr' id='par_1_51' title="bbox 2142 1950 3796 2031">
     <span class='ocr_line' id='line_1_51' title="bbox 2142 1950 3796 2031; baseline 0.006 -30"><span class='ocrx_word' id='word_1_370' title='bbox 2142 1975 2169 2001; x_wconf 87' lang='grc'>‹‹</span> <span class='ocrx_word' id='word_1_371' title='bbox 2222 1950 2310 2008; x_wconf 86' lang='grc' dir='ltr'>Ἐν</span> <span class='ocrx_word' id='word_1_372' title='bbox 2369 1951 2514 2025; x_wconf 80' lang='grc' dir='ltr'>πάσῃ</span> <span class='ocrx_word' id='word_1_373' title='bbox 2607 1952 2876 2027; x_wconf 78' lang='grc' dir='ltr'>ὑπομονῇ.</span> <span class='ocrx_word' id='word_1_374' title='bbox 2915 1977 2942 2004; x_wconf 69' lang='grc' dir='ltr'>δ)</span> <span class='ocrx_word' id='word_1_375' title='bbox 3021 1953 3226 2027; x_wconf 73' lang='grc' dir='ltr'>Ὑμεῖς,</span> <span class='ocrx_word' id='word_1_376' title='bbox 3314 1952 3469 2031; x_wconf 60' lang='grc' dir='ltr'>φησὶ,</span> <span class='ocrx_word' id='word_1_377' title='bbox 3527 1959 3638 2010; x_wconf 80' lang='grc' dir='ltr'>τῶν</span> <span class='ocrx_word' id='word_1_378' title='bbox 3694 1954 3796 2011; x_wconf 82' lang='grc' dir='ltr'>λό-</span> 
     </span>
    </p>
   </div>
   <div class='ocr_carea' id='block_1_52' title="bbox 2140 2039 3800 2119">
    <p class='ocr_par' dir='ltr' id='par_1_52' title="bbox 2140 2039 3800 2119">
     <span class='ocr_line' id='line_1_52' title="bbox 2140 2039 3800 2119; baseline 0.004 -26"><span class='ocrx_word' id='word_1_379' title='bbox 2140 2060 2252 2114; x_wconf 87' lang='grc' dir='ltr'>γων</span> <span class='ocrx_word' id='word_1_380' title='bbox 2333 2039 2599 2117; x_wconf 80' lang='grc' dir='ltr'>μάρτυρες</span> <span class='ocrx_word' id='word_1_381' title='bbox 2634 2085 2648 2099; x_wconf 91' lang='grc'><strong>.</strong></span> <span class='ocrx_word' id='word_1_382' title='bbox 2735 2047 2944 2119; x_wconf 82' lang='grc' dir='ltr'>Δεῖγμα</span> <span class='ocrx_word' id='word_1_383' title='bbox 3029 2039 3086 2098; x_wconf 79' lang='grc' dir='ltr'>δὲ</span> <span class='ocrx_word' id='word_1_384' title='bbox 3163 2043 3473 2099; x_wconf 73' lang='grc' dir='ltr'>ἀποστόλου</span> <span class='ocrx_word' id='word_1_385' title='bbox 3556 2041 3800 2117; x_wconf 74' lang='grc' dir='ltr'>μάλιστα</span> 
     </span>
    </p>
   </div>
   <div class='ocr_carea' id='block_1_53' title="bbox 2138 2128 3797 2208">
    <p class='ocr_par' dir='ltr' id='par_1_53' title="bbox 2138 2128 3797 2208">
     <span class='ocr_line' id='line_1_53' title="bbox 2138 2128 3797 2208; baseline 0.001 -24"><span class='ocrx_word' id='word_1_386' title='bbox 2138 2129 2201 2184; x_wconf 87' lang='grc' dir='ltr'>τὸ</span> <span class='ocrx_word' id='word_1_387' title='bbox 2260 2130 2438 2206; x_wconf 68' lang='grc' dir='ltr'>φερειν</span> <span class='ocrx_word' id='word_1_388' title='bbox 2525 2132 2697 2186; x_wconf 72' lang='grc' dir='ltr'>πάντα</span> <span class='ocrx_word' id='word_1_389' title='bbox 2783 2130 3061 2208; x_wconf 70' lang='grc' dir='ltr'>γενναίως.</span> <span class='ocrx_word' id='word_1_390' title='bbox 3129 2133 3266 2207; x_wconf 83' lang='grc' dir='ltr'>Ὅρα</span> <span class='ocrx_word' id='word_1_391' title='bbox 3328 2128 3406 2201; x_wconf 76' lang='grc' dir='ltr'>δὲ,</span> <span class='ocrx_word' id='word_1_392' title='bbox 3454 2132 3538 2201; x_wconf 84' lang='grc' dir='ltr'>τὸ,</span> <span class='ocrx_word' id='word_1_393' title='bbox 3595 2157 3623 2186; x_wconf 88' lang='grc'>‹‹</span> <span class='ocrx_word' id='word_1_394' title='bbox 3676 2137 3797 2203; x_wconf 75' lang='grc' dir='ltr'>Τῆς</span> 
     </span>
    </p>
   </div>
   <div class='ocr_carea' id='block_1_54' title="bbox 2141 2218 3801 2297">
    <p class='ocr_par' dir='ltr' id='par_1_54' title="bbox 2141 2218 3801 2297">
     <span class='ocr_line' id='line_1_54' title="bbox 2141 2218 3801 2297; baseline 0.003 -24"><span class='ocrx_word' id='word_1_395' title='bbox 2141 2219 2444 2293; x_wconf 73' lang='grc' dir='ltr'><strong>ὑπομονῆς,</strong></span> <span class='ocrx_word' id='word_1_396' title='bbox 2479 2243 2506 2273; x_wconf 83' lang='grc'><strong>››</strong></span> <span class='ocrx_word' id='word_1_397' title='bbox 2560 2220 2691 2295; x_wconf 78' lang='grc' dir='ltr'>ὅπερ</span> <span class='ocrx_word' id='word_1_398' title='bbox 2750 2223 2815 2292; x_wconf 77' lang='grc' dir='ltr'>ἦν</span> <span class='ocrx_word' id='word_1_399' title='bbox 2880 2221 3045 2277; x_wconf 75' lang='grc' dir='ltr'>αὑτοῦ</span> <span class='ocrx_word' id='word_1_400' title='bbox 3103 2223 3291 2297; x_wconf 78' lang='grc' dir='ltr'>ἁρετὴ,</span> <span class='ocrx_word' id='word_1_401' title='bbox 3355 2227 3454 2296; x_wconf 84' lang='grc' dir='ltr'>μιᾷ</span> <span class='ocrx_word' id='word_1_402' title='bbox 3511 2220 3652 2293; x_wconf 74' lang='grc' dir='ltr'>λέξει</span> <span class='ocrx_word' id='word_1_403' title='bbox 3706 2218 3801 2279; x_wconf 77' lang='grc' dir='ltr'>τέ-</span> 
     </span>
    </p>
   </div>
   <div class='ocr_carea' id='block_1_55' title="bbox 2142 2310 3801 2387">
    <p class='ocr_par' dir='ltr' id='par_1_55' title="bbox 2142 2310 3801 2387">
     <span class='ocr_line' id='line_1_55' title="bbox 2142 2310 3801 2387; baseline 0.004 -24"><span class='ocrx_word' id='word_1_404' title='bbox 2142 2310 2306 2380; x_wconf 79' lang='grc' dir='ltr'>θεικε,</span> <span class='ocrx_word' id='word_1_405' title='bbox 2337 2312 2404 2368; x_wconf 82' lang='grc' dir='ltr'>τά</span> <span class='ocrx_word' id='word_1_406' title='bbox 2435 2310 2492 2368; x_wconf 68' lang='grc' dir='ltr'>δὲ</span> <span class='ocrx_word' id='word_1_407' title='bbox 2516 2315 2626 2367; x_wconf 80' lang='grc' dir='ltr'>τῶν</span> <span class='ocrx_word' id='word_1_408' title='bbox 2678 2312 2925 2386; x_wconf 76' lang='grc' dir='ltr'>σημείων</span> <span class='ocrx_word' id='word_1_409' title='bbox 2982 2314 3115 2387; x_wconf 84' lang='grc' dir='ltr'>ἅπερ</span> <span class='ocrx_word' id='word_1_410' title='bbox 3147 2311 3247 2367; x_wconf 78' lang='grc' dir='ltr'>οὐκ</span> <span class='ocrx_word' id='word_1_411' title='bbox 3302 2311 3369 2382; x_wconf 72' lang='grc' dir='ltr'>ἦν</span> <span class='ocrx_word' id='word_1_412' title='bbox 3427 2314 3616 2381; x_wconf 77' lang='grc' dir='ltr'>αὑτοῦ,</span> <span class='ocrx_word' id='word_1_413' title='bbox 3648 2312 3801 2371; x_wconf 83' lang='grc' dir='ltr'>ἀλλά</span> 
     </span>
    </p>
   </div>
   <div class='ocr_carea' id='block_1_56' title="bbox 2143 2396 3799 2479">
    <p class='ocr_par' dir='ltr' id='par_1_56' title="bbox 2143 2396 3799 2479">
     <span class='ocr_line' id='line_1_56' title="bbox 2143 2396 3799 2479; baseline 0.004 -26"><span class='ocrx_word' id='word_1_414' title='bbox 2143 2400 2370 2479; x_wconf 74' lang='grc' dir='ltr'>χάριτος</span> <span class='ocrx_word' id='word_1_415' title='bbox 2456 2404 2612 2470; x_wconf 83' lang='grc' dir='ltr'>Θεοῦ,</span> <span class='ocrx_word' id='word_1_416' title='bbox 2693 2396 2783 2455; x_wconf 80' lang='grc' dir='ltr'>8ιά</span> <span class='ocrx_word' id='word_1_417' title='bbox 2867 2399 3138 2456; x_wconf 73' lang='grc' dir='ltr'>πλειόνων</span> <span class='ocrx_word' id='word_1_418' title='bbox 3221 2399 3550 2479; x_wconf 68' lang='grc' dir='ltr'>ἐξηγήσατο.</span> <span class='ocrx_word' id='word_1_419' title='bbox 3600 2403 3799 2476; x_wconf 83' lang='grc' dir='ltr'>Ὅμως</span> 
     </span>
    </p>
   </div>
   <div class='ocr_carea' id='block_1_57' title="bbox 2143 2488 3800 2567">
    <p class='ocr_par' dir='ltr' id='par_1_57' title="bbox 2143 2488 3800 2567">
     <span class='ocr_line' id='line_1_57' title="bbox 2143 2488 3800 2567; baseline 0.003 -25"><span class='ocrx_word' id='word_1_420' title='bbox 2143 2490 2423 2545; x_wconf 81' lang='grc' dir='ltr'>σκόπειτὸ</span> <span class='ocrx_word' id='word_1_421' title='bbox 2470 2490 2724 2545; x_wconf 86' lang='grc' dir='ltr'>ταπεινὸν</span> <span class='ocrx_word' id='word_1_422' title='bbox 2786 2489 3029 2561; x_wconf 78' lang='grc' dir='ltr'>Παύλου,</span> <span class='ocrx_word' id='word_1_423' title='bbox 3089 2490 3230 2546; x_wconf 83' lang='grc' dir='ltr'>πόσα</span> <span class='ocrx_word' id='word_1_424' title='bbox 3288 2488 3661 2567; x_wconf 71' lang='grc' dir='ltr'>δεσμωτήρια,</span> <span class='ocrx_word' id='word_1_425' title='bbox 3694 2494 3800 2548; x_wconf 88' lang='grc' dir='ltr'>πό-</span> 
     </span>
    </p>
   </div>
   <div class='ocr_carea' id='block_1_58' title="bbox 2142 2576 3799 2654">
    <p class='ocr_par' dir='ltr' id='par_1_58' title="bbox 2142 2576 3799 2654">
     <span class='ocr_line' id='line_1_58' title="bbox 2142 2576 3799 2654; baseline 0.003 -23"><span class='ocrx_word' id='word_1_426' title='bbox 2142 2598 2234 2640; x_wconf 86' lang='grc' dir='ltr'>σας</span> <span class='ocrx_word' id='word_1_427' title='bbox 2266 2577 2506 2654; x_wconf 74' lang='grc' dir='ltr'>πληγάς,</span> <span class='ocrx_word' id='word_1_428' title='bbox 2539 2578 2743 2642; x_wconf 88' lang='grc' dir='ltr'>πόσους</span> <span class='ocrx_word' id='word_1_429' title='bbox 2775 2576 3053 2642; x_wconf 75' lang='grc' dir='ltr'>κινδύνους</span> <span class='ocrx_word' id='word_1_430' title='bbox 3097 2580 3187 2636; x_wconf 76' lang='grc' dir='ltr'>καὶ</span> <span class='ocrx_word' id='word_1_431' title='bbox 3248 2576 3568 2646; x_wconf 71' lang='grc' dir='ltr'>ἐπιϐουλὰς,</span> <span class='ocrx_word' id='word_1_432' title='bbox 3626 2580 3799 2644; x_wconf 85' lang='grc' dir='ltr'>πόσας</span> 
     </span>
    </p>
   </div>
   <div class='ocr_carea' id='block_1_59' title="bbox 2143 2664 3798 2747">
    <p class='ocr_par' dir='ltr' id='par_1_59' title="bbox 2143 2664 3798 2747">
     <span class='ocr_line' id='line_1_59' title="bbox 2143 2664 3798 2747; baseline 0.003 -26"><span class='ocrx_word' id='word_1_433' title='bbox 2143 2664 2365 2747; x_wconf 75' lang='grc' dir='ltr'>νιφάδας</span> <span class='ocrx_word' id='word_1_434' title='bbox 2394 2672 2735 2743; x_wconf 78' lang='grc' dir='ltr'>πειρασμῶν,</span> <span class='ocrx_word' id='word_1_435' title='bbox 2782 2668 2984 2731; x_wconf 73' lang='grc' dir='ltr'>πόσους</span> <span class='ocrx_word' id='word_1_436' title='bbox 3043 2665 3325 2743; x_wconf 82' lang='grc' dir='ltr'>πολέμους</span> <span class='ocrx_word' id='word_1_437' title='bbox 3388 2668 3688 2747; x_wconf 69' lang='grc' dir='ltr'>ἐμφυλίους</span> <span class='ocrx_word' id='word_1_438' title='bbox 3741 2692 3798 2727; x_wconf 85' lang='grc' dir='ltr'>τε</span> 
     </span>
    </p>
   </div>
   <div class='ocr_carea' id='block_1_60' title="bbox 2140 2755 3799 2832">
    <p class='ocr_par' dir='ltr' id='par_1_60' title="bbox 2140 2755 3799 2832">
     <span class='ocr_line' id='line_1_60' title="bbox 2140 2755 3799 2832; baseline 0.001 -22"><span class='ocrx_word' id='word_1_439' title='bbox 2140 2756 2232 2811; x_wconf 79' lang='grc' dir='ltr'>καὶ</span> <span class='ocrx_word' id='word_1_440' title='bbox 2265 2755 2637 2831; x_wconf 78' lang='grc' dir='ltr'>ἐξωτερικοὺς,</span> <span class='ocrx_word' id='word_1_441' title='bbox 2679 2762 2777 2829; x_wconf 81' lang='grc' dir='ltr'>μιᾷ</span> <span class='ocrx_word' id='word_1_442' title='bbox 2837 2756 2974 2827; x_wconf 73' lang='grc' dir='ltr'>λέξει</span> <span class='ocrx_word' id='word_1_443' title='bbox 3027 2760 3121 2832; x_wconf 79' lang='grc' dir='ltr'>τῇ,</span> <span class='ocrx_word' id='word_1_444' title='bbox 3173 2781 3198 2812; x_wconf 77' lang='grc' dir='ltr'>α</span> <span class='ocrx_word' id='word_1_445' title='bbox 3260 2760 3377 2827; x_wconf 76' lang='grc' dir='ltr'>Τῆς</span> <span class='ocrx_word' id='word_1_446' title='bbox 3436 2758 3741 2832; x_wconf 78' lang='grc' dir='ltr'>ὑπομονῆς,</span> <span class='ocrx_word' id='word_1_447' title='bbox 3771 2783 3799 2812; x_wconf 72' lang='grc' dir='ltr'>ι)</span> 
     </span>
    </p>
   </div>
   <div class='ocr_carea' id='block_1_61' title="bbox 2141 2844 3797 2925">
    <p class='ocr_par' dir='ltr' id='par_1_61' title="bbox 2141 2844 3797 2925">
     <span class='ocr_line' id='line_1_61' title="bbox 2141 2844 3797 2925; baseline 0.001 -22"><span class='ocrx_word' id='word_1_448' title='bbox 2141 2844 2506 2922; x_wconf 69' lang='grc' dir='ltr'>παρέδραμεν.</span> <span class='ocrx_word' id='word_1_449' title='bbox 2568 2873 2596 2900; x_wconf 80' lang='grc' dir='ltr'>ι(</span> <span class='ocrx_word' id='word_1_450' title='bbox 2657 2851 2744 2904; x_wconf 68' lang='lat' dir='ltr'>’Lv</span> <span class='ocrx_word' id='word_1_451' title='bbox 2799 2848 3053 2922; x_wconf 75' lang='grc' dir='ltr'>σημείοις</span> <span class='ocrx_word' id='word_1_452' title='bbox 3124 2849 3211 2904; x_wconf 85' lang='grc' dir='ltr'>καὶ</span> <span class='ocrx_word' id='word_1_453' title='bbox 3268 2851 3532 2925; x_wconf 62' lang='lat' dir='ltr'>ripam,»</span> <span class='ocrx_word' id='word_1_454' title='bbox 3587 2851 3797 2914; x_wconf 76' lang='grc' dir='ltr'>Ιιόσους</span> 
     </span>
    </p>
   </div>
   <div class='ocr_carea' id='block_1_62' title="bbox 2140 2935 3794 3015">
    <p class='ocr_par' dir='ltr' id='par_1_62' title="bbox 2140 2935 3794 3015">
     <span class='ocr_line' id='line_1_62' title="bbox 2140 2935 3794 3015; baseline 0.002 -25"><span class='ocrx_word' id='word_1_455' title='bbox 2140 2938 2365 3013; x_wconf 79' lang='grc' dir='ltr'>νεκροὺς</span> <span class='ocrx_word' id='word_1_456' title='bbox 2452 2935 2782 3014; x_wconf 80' lang='grc' dir='ltr'>ἐγερθέντας,</span> <span class='ocrx_word' id='word_1_457' title='bbox 2864 2937 2957 2992; x_wconf 84' lang='grc' dir='ltr'>καὶ</span> <span class='ocrx_word' id='word_1_458' title='bbox 3021 2936 3261 3015; x_wconf 67' lang='grc' dir='ltr'>τυφλοὺς</span> <span class='ocrx_word' id='word_1_459' title='bbox 3344 2937 3794 3012; x_wconf 79' lang='grc' dir='ltr'>ὀμματωοέντας,</span> 
     </span>
    </p>
   </div>
   <div class='ocr_carea' id='block_1_63' title="bbox 2140 3024 3796 3101">
    <p class='ocr_par' dir='ltr' id='par_1_63' title="bbox 2140 3024 3796 3101">
     <span class='ocr_line' id='line_1_63' title="bbox 2140 3024 3796 3101; baseline 0.001 -20"><span class='ocrx_word' id='word_1_460' title='bbox 2140 3026 2230 3081; x_wconf 85' lang='grc' dir='ltr'>καὶ</span> <span class='ocrx_word' id='word_1_461' title='bbox 2280 3024 2516 3101; x_wconf 81' lang='grc' dir='ltr'>λεπροὺς</span> <span class='ocrx_word' id='word_1_462' title='bbox 2546 3025 2981 3100; x_wconf 75' lang='grc' dir='ltr'>καθαρισθὲντας,</span> <span class='ocrx_word' id='word_1_463' title='bbox 3042 3027 3133 3082; x_wconf 82' lang='grc' dir='ltr'>καὶ</span> <span class='ocrx_word' id='word_1_464' title='bbox 3195 3024 3457 3100; x_wconf 79' lang='grc' dir='ltr'>δαίμονας</span> <span class='ocrx_word' id='word_1_465' title='bbox 3514 3027 3796 3091; x_wconf 72' lang='grc' dir='ltr'>ἐλαϐεν-τος</span> 
     </span>
    </p>
   </div>
   <div class='ocr_carea' id='block_1_64' title="bbox 2145 3113 3789 3191">
    <p class='ocr_par' dir='ltr' id='par_1_64' title="bbox 2145 3113 3789 3191">
     <span class='ocr_line' id='line_1_64' title="bbox 2145 3113 3789 3191; baseline 0.001 -20"><span class='ocrx_word' id='word_1_466' title='bbox 2145 3113 2363 3191; x_wconf 69' lang='grc' dir='ltr'>ᾐνίξατο</span> <span class='ocrx_word' id='word_1_467' title='bbox 2423 3115 2612 3186; x_wconf 75' lang='grc' dir='ltr'>εἰπὼν,</span> <span class='ocrx_word' id='word_1_468' title='bbox 2656 3140 2685 3169; x_wconf 89' lang='grc'><strong>‹‹</strong></span> <span class='ocrx_word' id='word_1_469' title='bbox 2717 3119 2804 3174; x_wconf 86' lang='grc' dir='ltr'>Ἐν</span> <span class='ocrx_word' id='word_1_470' title='bbox 2840 3117 3115 3190; x_wconf 82' lang='grc' dir='ltr'>σημείοις,</span> <span class='ocrx_word' id='word_1_471' title='bbox 3146 3118 3235 3172; x_wconf 80' lang='grc' dir='ltr'>καὶ</span> <span class='ocrx_word' id='word_1_472' title='bbox 3266 3118 3474 3190; x_wconf 72' lang='grc' dir='ltr'>τέρασι,</span> <span class='ocrx_word' id='word_1_473' title='bbox 3505 3117 3590 3173; x_wconf 89' lang='grc' dir='ltr'>καὶ</span> <span class='ocrx_word' id='word_1_474' title='bbox 3619 3114 3789 3172; x_wconf 73' lang='grc' dir='ltr'>δυνά-</span> 
     </span>
    </p>
   </div>
   <div class='ocr_carea' id='block_1_65' title="bbox 2149 3203 3214 3279">
    <p class='ocr_par' dir='ltr' id='par_1_65' title="bbox 2149 3203 3214 3279">
     <span class='ocr_line' id='line_1_65' title="bbox 2149 3203 3214 3279; baseline 0.002 -18"><span class='ocrx_word' id='word_1_475' title='bbox 2149 3228 2294 3279; x_wconf 84' lang='grc' dir='ltr'>μεσι,</span> <span class='ocrx_word' id='word_1_476' title='bbox 2327 3230 2354 3258; x_wconf 73' lang='grc' dir='ltr'>›ι</span> <span class='ocrx_word' id='word_1_477' title='bbox 2384 3210 2492 3261; x_wconf 82' lang='grc' dir='ltr'>τῶν</span> <span class='ocrx_word' id='word_1_478' title='bbox 2519 3210 2687 3279; x_wconf 82' lang='grc' dir='ltr'>τριῶν</span> <span class='ocrx_word' id='word_1_479' title='bbox 2711 3204 2762 3261; x_wconf 84' lang='grc' dir='ltr'>ἔν</span> <span class='ocrx_word' id='word_1_480' title='bbox 2791 3228 2843 3261; x_wconf 94' lang='grc' dir='ltr'>τι</span> <span class='ocrx_word' id='word_1_481' title='bbox 2877 3203 3214 3272; x_wconf 69' lang='grc' dir='ltr'>δηλούντων.</span> 
     </span>
    </p>
   </div>
   <div class='ocr_carea' id='block_1_66' title="bbox 358 3297 3803 3371">
    <p class='ocr_par' dir='ltr' id='par_1_66' title="bbox 358 3297 3803 3371">
     <span class='ocr_line' id='line_1_66' title="bbox 358 3297 3803 3371; baseline 0.002 -21"><span class='ocrx_word' id='word_1_482' title='bbox 358 3297 667 3365; x_wconf 80' lang='lat' dir='ltr'>excitatos,</span> <span class='ocrx_word' id='word_1_483' title='bbox 701 3313 888 3353; x_wconf 70' lang='lat' dir='ltr'>caseos</span> <span class='ocrx_word' id='word_1_484' title='bbox 922 3298 1313 3360; x_wconf 86' lang='lat' dir='ltr'>illuminatos.</span> <span class='ocrx_word' id='word_1_485' title='bbox 1347 3299 1615 3369; x_wconf 87' lang='lat' dir='ltr'>leprosos</span> <span class='ocrx_word' id='word_1_486' title='bbox 1639 3298 1982 3363; x_wconf 73' lang='lat' dir='ltr'>mundatos,</span> <span class='ocrx_word' id='word_1_487' title='bbox 2016 3305 2075 3354; x_wconf 90' lang='lat' dir='ltr'>et</span> <span class='ocrx_word' id='word_1_488' title='bbox 2103 3299 2407 3354; x_wconf 74' lang='lat' dir='ltr'>dmmones</span> <span class='ocrx_word' id='word_1_489' title='bbox 2439 3297 2721 3369; x_wconf 84' lang='lat' dir='ltr'>expulsos</span> <span class='ocrx_word' id='word_1_490' title='bbox 2748 3297 3098 3371; x_wconf 77' lang='lat' dir='ltr'>designavit,</span> <span class='ocrx_word' id='word_1_491' title='bbox 3131 3298 3337 3357; x_wconf 81' lang='lat' dir='ltr'>dicens</span> <span class='ocrx_word' id='word_1_492' title='bbox 3372 3317 3384 3354; x_wconf 91' lang='lat'>:</span> <span class='ocrx_word' id='word_1_493' title='bbox 3423 3322 3450 3352; x_wconf 76' lang='grc' dir='ltr'>ι(</span> <span class='ocrx_word' id='word_1_494' title='bbox 3530 3302 3643 3357; x_wconf 88' lang='lat' dir='ltr'>Per</span> <span class='ocrx_word' id='word_1_495' title='bbox 3702 3301 3754 3358; x_wconf 92' lang='lat' dir='ltr'>si</span> <span class='ocrx_word' id='word_1_496' title='bbox 3782 3331 3803 3344; x_wconf 65' lang='grc' dir='ltr'><strong>α</strong></span> 
     </span>
    </p>
   </div>
   <div class='ocr_carea' id='block_1_67' title="bbox 355 3385 3082 3461">
    <p class='ocr_par' dir='ltr' id='par_1_67' title="bbox 355 3385 3082 3461">
     <span class='ocr_line' id='line_1_67' title="bbox 355 3385 3082 3461; baseline 0 -19"><span class='ocrx_word' id='word_1_497' title='bbox 355 3401 472 3459; x_wconf 77' lang='lat' dir='ltr'>gna</span> <span class='ocrx_word' id='word_1_498' title='bbox 504 3392 562 3441; x_wconf 88' lang='lat' dir='ltr'>et</span> <span class='ocrx_word' id='word_1_499' title='bbox 593 3385 862 3459; x_wconf 82' lang='lat' dir='ltr'>prodigia</span> <span class='ocrx_word' id='word_1_500' title='bbox 892 3403 958 3444; x_wconf 90' lang='lat' dir='ltr'>ac</span> <span class='ocrx_word' id='word_1_501' title='bbox 991 3389 1144 3443; x_wconf 85' lang='lat' dir='ltr'>facta</span> <span class='ocrx_word' id='word_1_502' title='bbox 1178 3390 1462 3459; x_wconf 87' lang='lat' dir='ltr'>potentia.</span> <span class='ocrx_word' id='word_1_503' title='bbox 1500 3410 1525 3436; x_wconf 75' lang='lat'>”</span> <span class='ocrx_word' id='word_1_504' title='bbox 1560 3404 1693 3459; x_wconf 66' lang='lat' dir='ltr'>Quae</span> <span class='ocrx_word' id='word_1_505' title='bbox 1731 3388 1843 3443; x_wconf 91' lang='lat' dir='ltr'>tria</span> <span class='ocrx_word' id='word_1_506' title='bbox 1875 3403 2062 3444; x_wconf 87' lang='lat' dir='ltr'>unum</span> <span class='ocrx_word' id='word_1_507' title='bbox 2094 3387 2379 3461; x_wconf 85' lang='lat' dir='ltr'>quiddam</span> <span class='ocrx_word' id='word_1_508' title='bbox 2412 3386 2691 3458; x_wconf 87' lang='lat' dir='ltr'>idemque</span> <span class='ocrx_word' id='word_1_509' title='bbox 2724 3387 3082 3461; x_wconf 83' lang='lat' dir='ltr'>signiﬁcant.</span> 
     </span>
    </p>
   </div>
   <div class='ocr_carea' id='block_1_68' title="bbox 437 3475 2027 3548">
    <p class='ocr_par' dir='ltr' id='par_1_68' title="bbox 437 3475 2027 3548">
     <span class='ocr_line' id='line_1_68' title="bbox 437 3475 2027 3548; baseline 0.001 -17"><span class='ocrx_word' id='word_1_510' title='bbox 437 3475 569 3540; x_wconf 80' lang='grc' dir='ltr'>ΧΠ,</span> <span class='ocrx_word' id='word_1_511' title='bbox 606 3475 694 3540; x_wconf 84' lang='grc'>13,</span> <span class='ocrx_word' id='word_1_512' title='bbox 731 3478 818 3531; x_wconf 76' lang='grc'><strong>14.</strong></span> <span class='ocrx_word' id='word_1_513' title='bbox 855 3497 883 3525; x_wconf 83' lang='grc'>‹‹</span> <span class='ocrx_word' id='word_1_514' title='bbox 917 3478 1062 3531; x_wconf 87' lang='lat' dir='ltr'>Nam</span> <span class='ocrx_word' id='word_1_515' title='bbox 1095 3475 1238 3548; x_wconf 91' lang='lat' dir='ltr'>quid</span> <span class='ocrx_word' id='word_1_516' title='bbox 1269 3484 1359 3533; x_wconf 91' lang='lat' dir='ltr'>est</span> <span class='ocrx_word' id='word_1_517' title='bbox 1384 3477 1445 3532; x_wconf 92' lang='lat' dir='ltr'>in</span> <span class='ocrx_word' id='word_1_518' title='bbox 1478 3492 1595 3547; x_wconf 91' lang='lat' dir='ltr'>quo</span> <span class='ocrx_word' id='word_1_519' title='bbox 1626 3476 1824 3533; x_wconf 86' lang='lat' dir='ltr'>fuistis</span> <span class='ocrx_word' id='word_1_520' title='bbox 1876 3477 2027 3533; x_wconf 89' lang='lat' dir='ltr'>infe-</span> 
     </span>
    </p>
   </div>
   <div class='ocr_carea' id='block_1_69' title="bbox 368 3566 2028 3642">
    <p class='ocr_par' dir='ltr' id='par_1_69' title="bbox 368 3566 2028 3642">
     <span class='ocr_line' id='line_1_69' title="bbox 368 3566 2028 3642; baseline 0.004 -24"><span class='ocrx_word' id='word_1_521' title='bbox 368 3589 398 3618; x_wconf 82' lang='lat'><strong><em>«</em></strong></span> <span class='ocrx_word' id='word_1_522' title='bbox 434 3566 623 3625; x_wconf 87' lang='lat' dir='ltr'>riores</span> <span class='ocrx_word' id='word_1_523' title='bbox 654 3568 886 3623; x_wconf 62' lang='lat' dir='ltr'>caeteris</span> <span class='ocrx_word' id='word_1_524' title='bbox 919 3567 1221 3630; x_wconf 85' lang='lat' dir='ltr'>Ecclesiis.</span> <span class='ocrx_word' id='word_1_525' title='bbox 1254 3568 1372 3623; x_wconf 88' lang='lat' dir='ltr'>nisi</span> <span class='ocrx_word' id='word_1_526' title='bbox 1405 3567 1565 3640; x_wconf 91' lang='lat' dir='ltr'>quod</span> <span class='ocrx_word' id='word_1_527' title='bbox 1596 3585 1702 3642; x_wconf 86' lang='lat' dir='ltr'>ego</span> <span class='ocrx_word' id='word_1_528' title='bbox 1734 3568 1860 3640; x_wconf 90' lang='lat' dir='ltr'>ipse</span> <span class='ocrx_word' id='word_1_529' title='bbox 1907 3585 2028 3625; x_wconf 91' lang='lat' dir='ltr'>non</span> 
     </span>
    </p>
   </div>
   <div class='ocr_carea' id='block_1_70' title="bbox 378 3655 2028 3731">
    <p class='ocr_par' dir='ltr' id='par_1_70' title="bbox 378 3655 2028 3731">
     <span class='ocr_line' id='line_1_70' title="bbox 378 3655 2028 3731; baseline 0.004 -22"><span class='ocrx_word' id='word_1_530' title='bbox 378 3678 403 3709; x_wconf 79' lang='grc' dir='ltr'>α</span> <span class='ocrx_word' id='word_1_531' title='bbox 438 3655 655 3713; x_wconf 78' lang='lat' dir='ltr'>fuerim</span> <span class='ocrx_word' id='word_1_532' title='bbox 687 3658 886 3731; x_wconf 90' lang='lat' dir='ltr'>segnis</span> <span class='ocrx_word' id='word_1_533' title='bbox 919 3674 1058 3731; x_wconf 87' lang='lat' dir='ltr'>erga</span> <span class='ocrx_word' id='word_1_534' title='bbox 1089 3674 1189 3715; x_wconf 90' lang='lat' dir='ltr'>vos</span> <span class='ocrx_word' id='word_1_535' title='bbox 1210 3657 1237 3713; x_wconf 87' lang='lat'><strong>?</strong></span> <span class='ocrx_word' id='word_1_536' title='bbox 1269 3657 1613 3713; x_wconf 88' lang='lat' dir='ltr'>Condonate</span> <span class='ocrx_word' id='word_1_537' title='bbox 1671 3657 1816 3713; x_wconf 89' lang='lat' dir='ltr'>mihi</span> <span class='ocrx_word' id='word_1_538' title='bbox 1876 3658 2028 3715; x_wconf 89' lang='lat' dir='ltr'>hanc</span> 
     </span>
    </p>
   </div>
   <div class='ocr_carea' id='block_1_71' title="bbox 376 3747 2030 3821">
    <p class='ocr_par' dir='ltr' id='par_1_71' title="bbox 376 3747 2030 3821">
     <span class='ocr_line' id='line_1_71' title="bbox 376 3747 2030 3821; baseline 0.002 -19"><span class='ocrx_word' id='word_1_539' title='bbox 376 3769 405 3797; x_wconf 87' lang='lat'><em>«</em></span> <span class='ocrx_word' id='word_1_540' title='bbox 436 3747 745 3819; x_wconf 80' lang='lat' dir='ltr'>injuriam.</span> <span class='ocrx_word' id='word_1_541' title='bbox 783 3752 924 3805; x_wconf 83' lang='lat' dir='ltr'>Ecce</span> <span class='ocrx_word' id='word_1_542' title='bbox 957 3749 1131 3803; x_wconf 90' lang='lat' dir='ltr'>tertio</span> <span class='ocrx_word' id='word_1_543' title='bbox 1163 3755 1405 3821; x_wconf 89' lang='lat' dir='ltr'>paratus</span> <span class='ocrx_word' id='word_1_544' title='bbox 1437 3764 1569 3804; x_wconf 88' lang='lat' dir='ltr'>sum</span> <span class='ocrx_word' id='word_1_545' title='bbox 1600 3754 1667 3803; x_wconf 90' lang='lat' dir='ltr'>ut</span> <span class='ocrx_word' id='word_1_546' title='bbox 1693 3748 1768 3805; x_wconf 89' lang='lat' dir='ltr'>ad</span> <span class='ocrx_word' id='word_1_547' title='bbox 1796 3766 1898 3806; x_wconf 91' lang='lat' dir='ltr'>vos</span> <span class='ocrx_word' id='word_1_548' title='bbox 1927 3765 2030 3806; x_wconf 90' lang='lat' dir='ltr'>ve-</span> 
     </span>
    </p>
   </div>
   <div class='ocr_carea' id='block_1_72' title="bbox 366 3839 2027 3913">
    <p class='ocr_par' dir='ltr' id='par_1_72' title="bbox 366 3839 2027 3913">
     <span class='ocr_line' id='line_1_72' title="bbox 366 3839 2027 3913; baseline 0.003 -23"><span class='ocrx_word' id='word_1_549' title='bbox 366 3861 395 3890; x_wconf 83' lang='grc' dir='ltr'>ι(</span> <span class='ocrx_word' id='word_1_550' title='bbox 427 3839 729 3904; x_wconf 90' lang='lat' dir='ltr'>niam,nec</span> <span class='ocrx_word' id='word_1_551' title='bbox 746 3856 847 3895; x_wconf 91' lang='lat' dir='ltr'>ero</span> <span class='ocrx_word' id='word_1_552' title='bbox 865 3839 1062 3913; x_wconf 82' lang='lat' dir='ltr'>segnis</span> <span class='ocrx_word' id='word_1_553' title='bbox 1086 3839 1488 3909; x_wconf 77' lang='lat' dir='ltr'>ergavos.Non</span> <span class='ocrx_word' id='word_1_554' title='bbox 1505 3840 1666 3895; x_wconf 89' lang='lat' dir='ltr'>enim</span> <span class='ocrx_word' id='word_1_555' title='bbox 1681 3855 1881 3910; x_wconf 63' lang='lat' dir='ltr'>quaero</span> <span class='ocrx_word' id='word_1_556' title='bbox 1895 3855 2027 3911; x_wconf 79' lang='lat' dir='ltr'>quas</span> 
     </span>
    </p>
   </div>
   <div class='ocr_carea' id='block_1_73' title="bbox 365 3927 2025 3999">
    <p class='ocr_par' dir='ltr' id='par_1_73' title="bbox 365 3927 2025 3999">
     <span class='ocr_line' id='line_1_73' title="bbox 365 3927 2025 3999; baseline 0.002 -20"><span class='ocrx_word' id='word_1_557' title='bbox 365 3935 623 3985; x_wconf 79' lang='lat' dir='ltr'>«vestra</span> <span class='ocrx_word' id='word_1_558' title='bbox 654 3928 926 3999; x_wconf 84' lang='lat' dir='ltr'>sunt,sed</span> <span class='ocrx_word' id='word_1_559' title='bbox 974 3944 1098 3984; x_wconf 89' lang='lat' dir='ltr'>vos.</span> <span class='ocrx_word' id='word_1_560' title='bbox 1151 3928 1453 3999; x_wconf 90' lang='lat' dir='ltr'>Siquidem</span> <span class='ocrx_word' id='word_1_561' title='bbox 1504 3945 1627 3984; x_wconf 92' lang='lat' dir='ltr'>non</span> <span class='ocrx_word' id='word_1_562' title='bbox 1669 3928 1888 3985; x_wconf 89' lang='lat' dir='ltr'>debent</span> <span class='ocrx_word' id='word_1_563' title='bbox 1918 3927 2025 3984; x_wconf 88' lang='lat' dir='ltr'>ﬁlii</span> 
     </span>
    </p>
   </div>
   <div class='ocr_carea' id='block_1_74' title="bbox 371 4017 1874 4092">
    <p class='ocr_par' dir='ltr' id='par_1_74' title="bbox 371 4017 1874 4092">
     <span class='ocr_line' id='line_1_74' title="bbox 371 4017 1874 4092; baseline -0.003 -18"><span class='ocrx_word' id='word_1_564' title='bbox 371 4042 399 4069; x_wconf 84' lang='lat'><strong>«</strong></span> <span class='ocrx_word' id='word_1_565' title='bbox 435 4018 785 4092; x_wconf 88' lang='lat' dir='ltr'>parentibus</span> <span class='ocrx_word' id='word_1_566' title='bbox 816 4018 1164 4085; x_wconf 86' lang='lat' dir='ltr'>recondere,</span> <span class='ocrx_word' id='word_1_567' title='bbox 1200 4018 1304 4075; x_wconf 90' lang='lat' dir='ltr'>sed</span> <span class='ocrx_word' id='word_1_568' title='bbox 1334 4024 1613 4091; x_wconf 90' lang='lat' dir='ltr'>parentes</span> <span class='ocrx_word' id='word_1_569' title='bbox 1647 4017 1808 4075; x_wconf 90' lang='lat' dir='ltr'>ﬁliis.</span> <span class='ocrx_word' id='word_1_570' title='bbox 1845 4039 1874 4069; x_wconf 84' lang='grc'>››</span> 
     </span>
    </p>
   </div>
   <div class='ocr_carea' id='block_1_75' title="bbox 441 4107 2024 4181">
    <p class='ocr_par' dir='ltr' id='par_1_75' title="bbox 441 4107 2024 4181">
     <span class='ocr_line' id='line_1_75' title="bbox 441 4107 2024 4181; baseline 0.001 -18"><span class='ocrx_word' id='word_1_571' title='bbox 441 4109 586 4164; x_wconf 72' lang='grc' dir='ltr'>τοι</span> <span class='ocrx_word' id='word_1_572' title='bbox 616 4107 698 4164; x_wconf 89' lang='lat' dir='ltr'>Ne</span> <span class='ocrx_word' id='word_1_573' title='bbox 720 4108 853 4179; x_wconf 91' lang='lat' dir='ltr'>quis</span> <span class='ocrx_word' id='word_1_574' title='bbox 875 4107 1035 4164; x_wconf 91' lang='lat' dir='ltr'>dicat</span> <span class='ocrx_word' id='word_1_575' title='bbox 1058 4125 1071 4164; x_wconf 87' lang='lat'><strong>:</strong></span> <span class='ocrx_word' id='word_1_576' title='bbox 1096 4110 1341 4181; x_wconf 80' lang='lat' dir='ltr'>Magnus</span> <span class='ocrx_word' id='word_1_577' title='bbox 1364 4107 1607 4179; x_wconf 88' lang='lat' dir='ltr'>quidem</span> <span class='ocrx_word' id='word_1_578' title='bbox 1642 4125 1726 4173; x_wconf 91' lang='lat' dir='ltr'>es,</span> <span class='ocrx_word' id='word_1_579' title='bbox 1763 4112 2024 4164; x_wconf 86' lang='lat' dir='ltr'>attamen</span> 
     </span>
    </p>
   </div>
   <div class='ocr_carea' id='block_1_76' title="bbox 368 4196 2026 4269">
    <p class='ocr_par' dir='ltr' id='par_1_76' title="bbox 368 4196 2026 4269">
     <span class='ocr_line' id='line_1_76' title="bbox 368 4196 2026 4269; baseline 0 -17"><span class='ocrx_word' id='word_1_580' title='bbox 368 4213 491 4253; x_wconf 90' lang='lat' dir='ltr'>non</span> <span class='ocrx_word' id='word_1_581' title='bbox 513 4202 680 4253; x_wconf 86' lang='lat' dir='ltr'>tanta</span> <span class='ocrx_word' id='word_1_582' title='bbox 700 4203 980 4268; x_wconf 90' lang='lat' dir='ltr'>operatus</span> <span class='ocrx_word' id='word_1_583' title='bbox 1004 4198 1392 4269; x_wconf 89' lang='lat' dir='ltr'>es,quantain</span> <span class='ocrx_word' id='word_1_584' title='bbox 1434 4197 1568 4253; x_wconf 88' lang='lat' dir='ltr'>aliis</span> <span class='ocrx_word' id='word_1_585' title='bbox 1607 4196 1890 4252; x_wconf 90' lang='lat' dir='ltr'>Ecclesiis</span> <span class='ocrx_word' id='word_1_586' title='bbox 1920 4213 2026 4252; x_wconf 78' lang='lat' dir='ltr'>cas—</span> 
     </span>
    </p>
   </div>
   <div class='ocr_carea' id='block_1_77' title="bbox 363 4284 2024 4359">
    <p class='ocr_par' dir='ltr' id='par_1_77' title="bbox 363 4284 2024 4359">
     <span class='ocr_line' id='line_1_77' title="bbox 363 4284 2024 4359; baseline 0 -18"><span class='ocrx_word' id='word_1_587' title='bbox 363 4287 479 4342; x_wconf 85' lang='lat' dir='ltr'>teri</span> <span class='ocrx_word' id='word_1_588' title='bbox 507 4287 785 4359; x_wconf 90' lang='lat' dir='ltr'>apostoli,</span> <span class='ocrx_word' id='word_1_589' title='bbox 819 4288 940 4343; x_wconf 88' lang='lat' dir='ltr'>ait:</span> <span class='ocrx_word' id='word_1_590' title='bbox 975 4310 1003 4338; x_wconf 87' lang='grc'><em>‹‹</em></span> <span class='ocrx_word' id='word_1_591' title='bbox 1036 4289 1181 4343; x_wconf 89' lang='lat' dir='ltr'>Nam</span> <span class='ocrx_word' id='word_1_592' title='bbox 1217 4285 1362 4358; x_wconf 90' lang='lat' dir='ltr'>quid</span> <span class='ocrx_word' id='word_1_593' title='bbox 1393 4292 1483 4342; x_wconf 88' lang='lat' dir='ltr'>est</span> <span class='ocrx_word' id='word_1_594' title='bbox 1541 4286 1602 4340; x_wconf 91' lang='lat' dir='ltr'>in</span> <span class='ocrx_word' id='word_1_595' title='bbox 1652 4303 1767 4357; x_wconf 88' lang='lat' dir='ltr'>quo</span> <span class='ocrx_word' id='word_1_596' title='bbox 1826 4284 2024 4341; x_wconf 86' lang='lat' dir='ltr'>fuistis</span> 
     </span>
    </p>
   </div>
   <div class='ocr_carea' id='block_1_78' title="bbox 358 4376 2024 4447">
    <p class='ocr_par' dir='ltr' id='par_1_78' title="bbox 358 4376 2024 4447">
     <span class='ocr_line' id='line_1_78' title="bbox 358 4376 2024 4447; baseline 0 -16"><span class='ocrx_word' id='word_1_597' title='bbox 358 4376 726 4434; x_wconf 88' lang='lat' dir='ltr'>inferiores?</span> <span class='ocrx_word' id='word_1_598' title='bbox 758 4400 785 4428; x_wconf 87' lang='grc'><strong>››</strong></span> <span class='ocrx_word' id='word_1_599' title='bbox 822 4379 941 4434; x_wconf 82' lang='grc' dir='ltr'>Ηοο</span> <span class='ocrx_word' id='word_1_600' title='bbox 972 4383 1081 4445; x_wconf 89' lang='lat' dir='ltr'>est,</span> <span class='ocrx_word' id='word_1_601' title='bbox 1118 4377 1317 4432; x_wconf 89' lang='lat' dir='ltr'>minus</span> <span class='ocrx_word' id='word_1_602' title='bbox 1344 4376 1636 4433; x_wconf 87' lang='lat' dir='ltr'>habuistis</span> <span class='ocrx_word' id='word_1_603' title='bbox 1686 4392 1863 4447; x_wconf 89' lang='lat' dir='ltr'>quam</span> <span class='ocrx_word' id='word_1_604' title='bbox 1910 4393 2024 4431; x_wconf 72' lang='lat' dir='ltr'>cas-</span> 
     </span>
    </p>
   </div>
   <div class='ocr_carea' id='block_1_79' title="bbox 357 4465 2023 4538">
    <p class='ocr_par' dir='ltr' id='par_1_79' title="bbox 357 4465 2023 4538">
     <span class='ocr_line' id='line_1_79' title="bbox 357 4465 2023 4538; baseline -0.001 -17"><span class='ocrx_word' id='word_1_605' title='bbox 357 4471 501 4521; x_wconf 76' lang='lat' dir='ltr'>term</span> <span class='ocrx_word' id='word_1_606' title='bbox 533 4465 809 4524; x_wconf 67' lang='lat' dir='ltr'>Ecclesiae</span> <span class='ocrx_word' id='word_1_607' title='bbox 838 4467 865 4523; x_wconf 86' lang='lat'><strong>?</strong></span> <span class='ocrx_word' id='word_1_608' title='bbox 916 4484 1061 4522; x_wconf 87' lang='lat' dir='ltr'>num</span> <span class='ocrx_word' id='word_1_609' title='bbox 1122 4467 1450 4533; x_wconf 90' lang='lat' dir='ltr'>minorem,</span> <span class='ocrx_word' id='word_1_610' title='bbox 1511 4465 1724 4537; x_wconf 88' lang='lat' dir='ltr'>inquit,</span> <span class='ocrx_word' id='word_1_611' title='bbox 1772 4465 2023 4538; x_wconf 87' lang='lat' dir='ltr'>gratiam</span> 
     </span>
    </p>
   </div>
   <div class='ocr_carea' id='block_1_80' title="bbox 359 4554 2019 4628">
    <p class='ocr_par' dir='ltr' id='par_1_80' title="bbox 359 4554 2019 4628">
     <span class='ocr_line' id='line_1_80' title="bbox 359 4554 2019 4628; baseline 0.001 -18"><span class='ocrx_word' id='word_1_612' title='bbox 359 4555 872 4626; x_wconf 79' lang='lat' dir='ltr'>participastis?u</span> <span class='ocrx_word' id='word_1_613' title='bbox 909 4556 1032 4611; x_wconf 81' lang='lat' dir='ltr'>Nisi</span> <span class='ocrx_word' id='word_1_614' title='bbox 1093 4555 1251 4626; x_wconf 88' lang='lat' dir='ltr'>quod</span> <span class='ocrx_word' id='word_1_615' title='bbox 1307 4571 1411 4628; x_wconf 83' lang='lat' dir='ltr'>ego</span> <span class='ocrx_word' id='word_1_616' title='bbox 1472 4555 1677 4626; x_wconf 87' lang='lat' dir='ltr'>ipse.»</span> <span class='ocrx_word' id='word_1_617' title='bbox 1746 4554 2019 4611; x_wconf 90' lang='lat' dir='ltr'>Punitivo</span> 
     </span>
    </p>
   </div>
   <div class='ocr_carea' id='block_1_81' title="bbox 2211 3474 3798 3552">
    <p class='ocr_par' dir='ltr' id='par_1_81' title="bbox 2211 3474 3798 3552">
     <span class='ocr_line' id='line_1_81' title="bbox 2211 3474 3798 3552; baseline 0.001 -20"><span class='ocrx_word' id='word_1_618' title='bbox 2211 3475 2277 3533; x_wconf 86' lang='grc' dir='ltr'>Τί</span> <span class='ocrx_word' id='word_1_619' title='bbox 2307 3474 2412 3549; x_wconf 80' lang='grc' dir='ltr'>γὰρ</span> <span class='ocrx_word' id='word_1_620' title='bbox 2446 3474 2585 3529; x_wconf 83' lang='grc' dir='ltr'>ἐστιν</span> <span class='ocrx_word' id='word_1_621' title='bbox 2643 3475 2671 3531; x_wconf 83' lang='grc' dir='ltr'>ὃ</span> <span class='ocrx_word' id='word_1_622' title='bbox 2726 3476 3004 3546; x_wconf 68' lang='grc' dir='ltr'>ἡττήοητε</span> <span class='ocrx_word' id='word_1_623' title='bbox 3071 3475 3204 3552; x_wconf 73' lang='grc' dir='ltr'>ὑπὲρ</span> <span class='ocrx_word' id='word_1_624' title='bbox 3261 3476 3357 3539; x_wconf 74' lang='grc' dir='ltr'>τὰς</span> <span class='ocrx_word' id='word_1_625' title='bbox 3415 3474 3616 3539; x_wconf 84' lang='grc' dir='ltr'>λοιπὰς</span> <span class='ocrx_word' id='word_1_626' title='bbox 3668 3479 3798 3534; x_wconf 84' lang='grc' dir='ltr'>Ἐκ-</span> 
     </span>
    </p>
   </div>
   <div class='ocr_carea' id='block_1_82' title="bbox 2138 3562 3799 3643">
    <p class='ocr_par' dir='ltr' id='par_1_82' title="bbox 2138 3562 3799 3643">
     <span class='ocr_line' id='line_1_82' title="bbox 2138 3562 3799 3643; baseline 0.002 -24"><span class='ocrx_word' id='word_1_627' title='bbox 2138 3562 2417 3635; x_wconf 68' lang='grc' dir='ltr'>κλησίαςς</span> <span class='ocrx_word' id='word_1_628' title='bbox 2504 3562 2551 3619; x_wconf 72' lang='grc' dir='ltr'>εἴ</span> <span class='ocrx_word' id='word_1_629' title='bbox 2643 3563 2721 3637; x_wconf 76' lang='grc' dir='ltr'>μή</span> <span class='ocrx_word' id='word_1_630' title='bbox 2780 3563 2864 3619; x_wconf 84' lang='grc' dir='ltr'>δτι</span> <span class='ocrx_word' id='word_1_631' title='bbox 2909 3564 3078 3627; x_wconf 77' lang='grc' dir='ltr'>αὐτὸς</span> <span class='ocrx_word' id='word_1_632' title='bbox 3128 3563 3240 3643; x_wconf 75' lang='grc' dir='ltr'>ἐγὼ</span> <span class='ocrx_word' id='word_1_633' title='bbox 3295 3564 3356 3621; x_wconf 83' lang='grc' dir='ltr'>οὑ</span> <span class='ocrx_word' id='word_1_634' title='bbox 3415 3567 3799 3643; x_wconf 75' lang='grc' dir='ltr'>κατενάρκησα</span> 
     </span>
    </p>
   </div>
   <div class='ocr_carea' id='block_1_83' title="bbox 2142 3651 3796 3727">
    <p class='ocr_par' dir='ltr' id='par_1_83' title="bbox 2142 3651 3796 3727">
     <span class='ocr_line' id='line_1_83' title="bbox 2142 3651 3796 3727; baseline 0.004 -20"><span class='ocrx_word' id='word_1_635' title='bbox 2142 3653 2317 3726; x_wconf 84' lang='grc' dir='ltr'>ὑμῶν.</span> <span class='ocrx_word' id='word_1_636' title='bbox 2378 3651 2683 3726; x_wconf 75' lang='grc' dir='ltr'>Χαρίσασθὲ</span> <span class='ocrx_word' id='word_1_637' title='bbox 2768 3674 2861 3727; x_wconf 85' lang='grc' dir='ltr'>μοι</span> <span class='ocrx_word' id='word_1_638' title='bbox 2918 3654 3018 3725; x_wconf 69' lang='grc' dir='ltr'>την</span> <span class='ocrx_word' id='word_1_639' title='bbox 3090 3652 3308 3710; x_wconf 85' lang='grc' dir='ltr'>ἀδιλίαν</span> <span class='ocrx_word' id='word_1_640' title='bbox 3366 3656 3587 3727; x_wconf 77' lang='grc' dir='ltr'>ταύτην.</span> <span class='ocrx_word' id='word_1_641' title='bbox 3652 3653 3796 3713; x_wconf 76' lang='grc' dir='ltr'>Ἰδοὺ</span> 
     </span>
    </p>
   </div>
   <div class='ocr_carea' id='block_1_84' title="bbox 2136 3737 3794 3819">
    <p class='ocr_par' dir='ltr' id='par_1_84' title="bbox 2136 3737 3794 3819">
     <span class='ocr_line' id='line_1_84' title="bbox 2136 3737 3794 3819; baseline 0.002 -21"><span class='ocrx_word' id='word_1_642' title='bbox 2136 3742 2315 3818; x_wconf 86' lang='grc' dir='ltr'>τρίτον</span> <span class='ocrx_word' id='word_1_643' title='bbox 2347 3742 2583 3816; x_wconf 74' lang='grc' dir='ltr'>ἑτοίμως</span> <span class='ocrx_word' id='word_1_644' title='bbox 2615 3737 2730 3818; x_wconf 79' lang='grc' dir='ltr'>ἔχω</span> <span class='ocrx_word' id='word_1_645' title='bbox 2770 3741 2947 3798; x_wconf 82' lang='grc' dir='ltr'>ἐλθεῖν</span> <span class='ocrx_word' id='word_1_646' title='bbox 3001 3744 3137 3819; x_wconf 82' lang='grc' dir='ltr'>πρὸς</span> <span class='ocrx_word' id='word_1_647' title='bbox 3195 3744 3357 3819; x_wconf 81' lang='grc' dir='ltr'>ὑμᾶς,</span> <span class='ocrx_word' id='word_1_648' title='bbox 3408 3745 3497 3801; x_wconf 79' lang='grc' dir='ltr'>καὶ</span> <span class='ocrx_word' id='word_1_649' title='bbox 3558 3747 3623 3803; x_wconf 84' lang='grc' dir='ltr'>οὐ</span> <span class='ocrx_word' id='word_1_650' title='bbox 3684 3767 3794 3802; x_wconf 86' lang='grc' dir='ltr'>κα-</span> 
     </span>
    </p>
   </div>
   <div class='ocr_carea' id='block_1_85' title="bbox 2136 3831 3799 3909">
    <p class='ocr_par' dir='ltr' id='par_1_85' title="bbox 2136 3831 3799 3909">
     <span class='ocr_line' id='line_1_85' title="bbox 2136 3831 3799 3909; baseline 0.002 -22"><span class='ocrx_word' id='word_1_651' title='bbox 2136 3833 2459 3908; x_wconf 72' lang='grc' dir='ltr'>τανακρήσω</span> <span class='ocrx_word' id='word_1_652' title='bbox 2512 3832 2666 3906; x_wconf 83' lang='grc' dir='ltr'>ὑμῶν</span> <span class='ocrx_word' id='word_1_653' title='bbox 2701 3875 2714 3889; x_wconf 91' lang='grc'><strong>.</strong></span> <span class='ocrx_word' id='word_1_654' title='bbox 2776 3831 2856 3889; x_wconf 77' lang='grc' dir='ltr'>Οὐ</span> <span class='ocrx_word' id='word_1_655' title='bbox 2909 3833 3013 3909; x_wconf 68' lang='grc' dir='ltr'>γὰρ</span> <span class='ocrx_word' id='word_1_656' title='bbox 3079 3837 3227 3904; x_wconf 85' lang='grc' dir='ltr'>ζητῶ</span> <span class='ocrx_word' id='word_1_657' title='bbox 3279 3834 3344 3890; x_wconf 84' lang='grc' dir='ltr'>τὰ</span> <span class='ocrx_word' id='word_1_658' title='bbox 3414 3834 3592 3908; x_wconf 81' lang='grc' dir='ltr'>ὑμῶν,</span> <span class='ocrx_word' id='word_1_659' title='bbox 3648 3831 3799 3891; x_wconf 86' lang='grc' dir='ltr'>ἀλλά</span> 
     </span>
    </p>
   </div>
   <div class='ocr_carea' id='block_1_86' title="bbox 2139 3922 3799 4002">
    <p class='ocr_par' dir='ltr' id='par_1_86' title="bbox 2139 3922 3799 4002">
     <span class='ocr_line' id='line_1_86' title="bbox 2139 3922 3799 4002; baseline 0.001 -24"><span class='ocrx_word' id='word_1_660' title='bbox 2139 3923 2298 3996; x_wconf 79' lang='grc' dir='ltr'>ὑμᾶς.</span> <span class='ocrx_word' id='word_1_661' title='bbox 2332 3924 2412 3982; x_wconf 79' lang='grc' dir='ltr'>Οὐ</span> <span class='ocrx_word' id='word_1_662' title='bbox 2443 3923 2547 4000; x_wconf 71' lang='grc' dir='ltr'>γὰρ</span> <span class='ocrx_word' id='word_1_663' title='bbox 2579 3922 2861 4001; x_wconf 74' lang='grc' dir='ltr'>ὀφείλειτά</span> <span class='ocrx_word' id='word_1_664' title='bbox 2902 3925 3064 3979; x_wconf 80' lang='grc' dir='ltr'>τέκνα</span> <span class='ocrx_word' id='word_1_665' title='bbox 3118 3929 3235 3988; x_wconf 84' lang='grc' dir='ltr'>τοῖς</span> <span class='ocrx_word' id='word_1_666' title='bbox 3292 3927 3505 4001; x_wconf 77' lang='grc' dir='ltr'>γονεῦσι</span> <span class='ocrx_word' id='word_1_667' title='bbox 3536 3925 3799 4002; x_wconf 82' lang='grc' dir='ltr'>θησαυρί-</span> 
     </span>
    </p>
   </div>
   <div class='ocr_carea' id='block_1_87' title="bbox 2138 4008 3120 4088">
    <p class='ocr_par' dir='ltr' id='par_1_87' title="bbox 2138 4008 3120 4088">
     <span class='ocr_line' id='line_1_87' title="bbox 2138 4008 3120 4088; baseline 0.003 -22"><span class='ocrx_word' id='word_1_668' title='bbox 2138 4016 2270 4082; x_wconf 85' lang='grc' dir='ltr'>ζειν,</span> <span class='ocrx_word' id='word_1_669' title='bbox 2299 4008 2425 4067; x_wconf 87' lang='grc' dir='ltr'>ἀλλ’</span> <span class='ocrx_word' id='word_1_670' title='bbox 2458 4012 2511 4067; x_wconf 76' lang='grc' dir='ltr'>οἱ</span> <span class='ocrx_word' id='word_1_671' title='bbox 2541 4016 2718 4088; x_wconf 84' lang='grc' dir='ltr'>γονεῖς</span> <span class='ocrx_word' id='word_1_672' title='bbox 2746 4017 2864 4074; x_wconf 89' lang='grc' dir='ltr'>τοῖς</span> <span class='ocrx_word' id='word_1_673' title='bbox 2894 4009 3120 4077; x_wconf 71' lang='grc' dir='ltr'>τέκνοις.</span> 
     </span>
    </p>
   </div>
   <div class='ocr_carea' id='block_1_88' title="bbox 2208 4099 3796 4181">
    <p class='ocr_par' dir='ltr' id='par_1_88' title="bbox 2208 4099 3796 4181">
     <span class='ocr_line' id='line_1_88' title="bbox 2208 4099 3796 4181; baseline 0.004 -27"><span class='ocrx_word' id='word_1_674' title='bbox 2208 4101 2318 4159; x_wconf 86' lang='grc' dir='ltr'>Ἰνα</span> <span class='ocrx_word' id='word_1_675' title='bbox 2351 4102 2550 4174; x_wconf 79' lang='grc' dir='ltr'>μήτις</span> <span class='ocrx_word' id='word_1_676' title='bbox 2609 4099 2756 4175; x_wconf 75' lang='grc' dir='ltr'>εἷ’πῃ,</span> <span class='ocrx_word' id='word_1_677' title='bbox 2806 4100 2975 4177; x_wconf 73' lang='grc' dir='ltr'>μέγας</span> <span class='ocrx_word' id='word_1_678' title='bbox 3039 4103 3135 4176; x_wconf 74' lang='grc' dir='ltr'>μὲν</span> <span class='ocrx_word' id='word_1_679' title='bbox 3189 4103 3255 4172; x_wconf 72' lang='grc' dir='ltr'>εἶ’,</span> <span class='ocrx_word' id='word_1_680' title='bbox 3316 4102 3504 4181; x_wconf 66' lang='grc' dir='ltr'>φησὶν,</span> <span class='ocrx_word' id='word_1_681' title='bbox 3545 4102 3702 4178; x_wconf 75' lang='grc' dir='ltr'>ὅμως</span> <span class='ocrx_word' id='word_1_682' title='bbox 3733 4103 3796 4160; x_wconf 83' lang='grc' dir='ltr'>οὗ</span> 
     </span>
    </p>
   </div>
   <div class='ocr_carea' id='block_1_89' title="bbox 2134 4190 3798 4267">
    <p class='ocr_par' dir='ltr' id='par_1_89' title="bbox 2134 4190 3798 4267">
     <span class='ocr_line' id='line_1_89' title="bbox 2134 4190 3798 4267; baseline 0.001 -19"><span class='ocrx_word' id='word_1_683' title='bbox 2134 4195 2373 4248; x_wconf 76' lang='grc' dir='ltr'>τοσαῦτα</span> <span class='ocrx_word' id='word_1_684' title='bbox 2447 4191 2680 4266; x_wconf 86' lang='grc' dir='ltr'>εἶργασω</span> <span class='ocrx_word' id='word_1_685' title='bbox 2738 4190 2837 4246; x_wconf 79' lang='grc' dir='ltr'>ὅσα</span> <span class='ocrx_word' id='word_1_686' title='bbox 2894 4190 2947 4246; x_wconf 79' lang='grc' dir='ltr'>ἐν</span> <span class='ocrx_word' id='word_1_687' title='bbox 3008 4197 3125 4255; x_wconf 88' lang='grc' dir='ltr'>ταῖς</span> <span class='ocrx_word' id='word_1_688' title='bbox 3192 4191 3391 4258; x_wconf 73' lang='grc' dir='ltr'>ἄλλαις</span> <span class='ocrx_word' id='word_1_689' title='bbox 3445 4193 3798 4267; x_wconf 80' lang='grc' dir='ltr'>Ἐκκλησίαις</span> 
     </span>
    </p>
   </div>
   <div class='ocr_carea' id='block_1_90' title="bbox 2137 4278 3799 4359">
    <p class='ocr_par' dir='ltr' id='par_1_90' title="bbox 2137 4278 3799 4359">
     <span class='ocr_line' id='line_1_90' title="bbox 2137 4278 3799 4359; baseline 0.003 -22"><span class='ocrx_word' id='word_1_690' title='bbox 2137 4281 2189 4337; x_wconf 76' lang='grc' dir='ltr'>οἱ</span> <span class='ocrx_word' id='word_1_691' title='bbox 2239 4280 2427 4337; x_wconf 84' lang='grc' dir='ltr'>λοιποὶ</span> <span class='ocrx_word' id='word_1_692' title='bbox 2478 4278 2804 4349; x_wconf 83' lang='grc' dir='ltr'>ἀπόστολοι,</span> <span class='ocrx_word' id='word_1_693' title='bbox 2864 4280 3019 4359; x_wconf 79' lang='grc' dir='ltr'>φησί.</span> <span class='ocrx_word' id='word_1_694' title='bbox 3081 4307 3105 4334; x_wconf 71' lang='lat' dir='ltr'><strong>cc</strong></span> <span class='ocrx_word' id='word_1_695' title='bbox 3136 4283 3201 4339; x_wconf 89' lang='grc' dir='ltr'>Τί</span> <span class='ocrx_word' id='word_1_696' title='bbox 3234 4284 3335 4359; x_wconf 70' lang='grc' dir='ltr'>γὰρ</span> <span class='ocrx_word' id='word_1_697' title='bbox 3367 4284 3508 4340; x_wconf 80' lang='grc' dir='ltr'>ἐστιν</span> <span class='ocrx_word' id='word_1_698' title='bbox 3550 4285 3579 4340; x_wconf 83' lang='grc' dir='ltr'>’ὀ</span> <span class='ocrx_word' id='word_1_699' title='bbox 3611 4285 3799 4356; x_wconf 71' lang='grc' dir='ltr'>ἡττή-</span> 
     </span>
    </p>
   </div>
   <div class='ocr_carea' id='block_1_91' title="bbox 2137 4366 3797 4452">
    <p class='ocr_par' dir='ltr' id='par_1_91' title="bbox 2137 4366 3797 4452">
     <span class='ocr_line' id='line_1_91' title="bbox 2137 4366 3797 4452; baseline 0.002 -27"><span class='ocrx_word' id='word_1_700' title='bbox 2137 4371 2268 4439; x_wconf 79' lang='grc' dir='ltr'>θητε</span> <span class='ocrx_word' id='word_1_701' title='bbox 2303 4389 2316 4440; x_wconf 87' lang='grc'>;</span> <span class='ocrx_word' id='word_1_702' title='bbox 2352 4394 2379 4422; x_wconf 86' lang='grc'>››</span> <span class='ocrx_word' id='word_1_703' title='bbox 2404 4372 2703 4440; x_wconf 67' lang='grc' dir='ltr'>τουτέστιν,</span> <span class='ocrx_word' id='word_1_704' title='bbox 2758 4368 2982 4428; x_wconf 76' lang='grc' dir='ltr'>ἔλαττον</span> <span class='ocrx_word' id='word_1_705' title='bbox 3037 4366 3215 4452; x_wconf 80' lang='grc' dir='ltr'>ἔχετε,</span> <span class='ocrx_word' id='word_1_706' title='bbox 3277 4373 3407 4445; x_wconf 73' lang='grc' dir='ltr'>ὑπὲρ</span> <span class='ocrx_word' id='word_1_707' title='bbox 3440 4373 3535 4437; x_wconf 73' lang='grc' dir='ltr'>τὰς</span> <span class='ocrx_word' id='word_1_708' title='bbox 3589 4373 3797 4440; x_wconf 85' lang='grc' dir='ltr'>λοιπάς</span> 
     </span>
    </p>
   </div>
   <div class='ocr_carea' id='block_1_92' title="bbox 2134 4458 3796 4541">
    <p class='ocr_par' dir='ltr' id='par_1_92' title="bbox 2134 4458 3796 4541">
     <span class='ocr_line' id='line_1_92' title="bbox 2134 4458 3796 4541; baseline 0.001 -24"><span class='ocrx_word' id='word_1_709' title='bbox 2134 4458 2466 4530; x_wconf 83' lang='grc' dir='ltr'>Ἐκκλησίας</span> <span class='ocrx_word' id='word_1_710' title='bbox 2500 4505 2512 4519; x_wconf 91' lang='grc'>,</span> <span class='ocrx_word' id='word_1_711' title='bbox 2546 4461 2636 4529; x_wconf 76' lang='grc' dir='ltr'>Μὴ</span> <span class='ocrx_word' id='word_1_712' title='bbox 2670 4458 2961 4521; x_wconf 77' lang='grc' dir='ltr'>ἐλάττονος</span> <span class='ocrx_word' id='word_1_713' title='bbox 2983 4505 2997 4529; x_wconf 89' lang='grc'>,</span> <span class='ocrx_word' id='word_1_714' title='bbox 3030 4462 3187 4541; x_wconf 68' lang='grc' dir='ltr'>φησὶ,</span> <span class='ocrx_word' id='word_1_715' title='bbox 3222 4464 3479 4538; x_wconf 73' lang='grc' dir='ltr'>μετέχετε</span> <span class='ocrx_word' id='word_1_716' title='bbox 3509 4462 3796 4539; x_wconf 80' lang='grc' dir='ltr'>χαρίσμα-</span> 
     </span>
    </p>
   </div>
   <div class='ocr_carea' id='block_1_93' title="bbox 2129 4549 3789 4627">
    <p class='ocr_par' dir='ltr' id='par_1_93' title="bbox 2129 4549 3789 4627">
     <span class='ocr_line' id='line_1_93' title="bbox 2129 4549 3789 4627; baseline 0.003 -23"><span class='ocrx_word' id='word_1_717' title='bbox 2129 4570 2223 4614; x_wconf 82' lang='grc' dir='ltr'>τος</span> <span class='ocrx_word' id='word_1_718' title='bbox 2255 4572 2270 4619; x_wconf 88' lang='lat'><strong>;</strong></span> <span class='ocrx_word' id='word_1_719' title='bbox 2304 4573 2333 4603; x_wconf 79' lang='grc' dir='ltr'>ι(</span> <span class='ocrx_word' id='word_1_720' title='bbox 2364 4550 2433 4607; x_wconf 81' lang='lat' dir='ltr'>Ei</span> <span class='ocrx_word' id='word_1_721' title='bbox 2468 4550 2544 4622; x_wconf 79' lang='grc' dir='ltr'>μὴ</span> <span class='ocrx_word' id='word_1_722' title='bbox 2572 4550 2656 4606; x_wconf 72' lang='grc' dir='ltr'>’ὁτι</span> <span class='ocrx_word' id='word_1_723' title='bbox 2699 4550 2861 4614; x_wconf 76' lang='grc' dir='ltr'>αὐτὸς</span> <span class='ocrx_word' id='word_1_724' title='bbox 2910 4549 3034 4624; x_wconf 82' lang='grc' dir='ltr'>ἐγὼ.</span> <span class='ocrx_word' id='word_1_725' title='bbox 3070 4576 3096 4603; x_wconf 91' lang='grc'><strong>››</strong></span> <span class='ocrx_word' id='word_1_726' title='bbox 3140 4557 3437 4625; x_wconf 71' lang='grc' dir='ltr'>Ηληκτικῷ</span> <span class='ocrx_word' id='word_1_727' title='bbox 3487 4551 3642 4627; x_wconf 84' lang='grc' dir='ltr'>λόγῳ</span> <span class='ocrx_word' id='word_1_728' title='bbox 3693 4550 3789 4609; x_wconf 80' lang='grc' dir='ltr'>κέ-</span> 
     </span>
    </p>
   </div>
   <div class='ocr_carea' id='block_1_94' title="bbox 362 4634 2023 4716">
    <p class='ocr_par' dir='ltr' id='par_1_94' title="bbox 362 4644 2021 4716">
     <span class='ocr_line' id='line_1_94' title="bbox 362 4644 2021 4716; baseline -0.001 -16"><span class='ocrx_word' id='word_1_729' title='bbox 362 4661 639 4701; x_wconf 83' lang='lat' dir='ltr'>sermone</span> <span class='ocrx_word' id='word_1_730' title='bbox 673 4662 816 4702; x_wconf 90' lang='lat' dir='ltr'>usus</span> <span class='ocrx_word' id='word_1_731' title='bbox 848 4650 939 4700; x_wconf 90' lang='lat' dir='ltr'>est</span> <span class='ocrx_word' id='word_1_732' title='bbox 974 4662 986 4699; x_wconf 88' lang='lat'>:</span> <span class='ocrx_word' id='word_1_733' title='bbox 1014 4645 1131 4700; x_wconf 90' lang='lat' dir='ltr'>nisi</span> <span class='ocrx_word' id='word_1_734' title='bbox 1186 4645 1455 4702; x_wconf 81' lang='lat' dir='ltr'>fortassis</span> <span class='ocrx_word' id='word_1_735' title='bbox 1514 4644 1624 4700; x_wconf 91' lang='lat' dir='ltr'>hoc</span> <span class='ocrx_word' id='word_1_736' title='bbox 1684 4644 1828 4700; x_wconf 90' lang='lat' dir='ltr'>mihi</span> <span class='ocrx_word' id='word_1_737' title='bbox 1862 4645 2021 4716; x_wconf 91' lang='lat' dir='ltr'>quis-</span> 
     </span>
    </p>
   </div>
   <div class='ocr_carea' id='block_1_95' title="bbox 2137 4634 3790 4716">
    <p class='ocr_par' dir='ltr' id='par_1_95' title="bbox 2137 4637 3790 4716">
     <span class='ocr_line' id='line_1_95' title="bbox 2137 4637 3790 4716; baseline 0.001 -21"><span class='ocrx_word' id='word_1_738' title='bbox 2137 4658 2356 4715; x_wconf 78' lang='grc' dir='ltr'>χρηται.</span> <span class='ocrx_word' id='word_1_739' title='bbox 2394 4639 2459 4696; x_wconf 88' lang='lat' dir='ltr'>Ei</span> <span class='ocrx_word' id='word_1_740' title='bbox 2495 4639 2572 4712; x_wconf 79' lang='grc' dir='ltr'>μή</span> <span class='ocrx_word' id='word_1_741' title='bbox 2604 4637 2707 4714; x_wconf 81' lang='grc' dir='ltr'>ἄρά</span> <span class='ocrx_word' id='word_1_742' title='bbox 2752 4660 2834 4702; x_wconf 88' lang='grc' dir='ltr'>τις</span> <span class='ocrx_word' id='word_1_743' title='bbox 2882 4639 3044 4695; x_wconf 80' lang='grc' dir='ltr'>τοῦτό</span> <span class='ocrx_word' id='word_1_744' title='bbox 3080 4661 3173 4712; x_wconf 87' lang='grc' dir='ltr'>μοι</span> <span class='ocrx_word' id='word_1_745' title='bbox 3205 4638 3509 4716; x_wconf 70' lang='grc' dir='ltr'>ἐγκαλέσει,</span> <span class='ocrx_word' id='word_1_746' title='bbox 3542 4641 3631 4696; x_wconf 81' lang='grc' dir='ltr'>ὅτε</span> <span class='ocrx_word' id='word_1_747' title='bbox 3664 4640 3790 4697; x_wconf 81' lang='grc' dir='ltr'>ἐπι-</span> 
     </span>
    </p>
   </div>
   <div class='ocr_carea' id='block_1_96' title="bbox 360 4733 2016 4808">
    <p class='ocr_par' dir='ltr' id='par_1_96' title="bbox 360 4733 2016 4808">
     <span class='ocr_line' id='line_1_96' title="bbox 360 4733 2016 4808; baseline 0.001 -20"><span class='ocrx_word' id='word_1_748' title='bbox 360 4733 521 4808; x_wconf 89' lang='lat' dir='ltr'>piam</span> <span class='ocrx_word' id='word_1_749' title='bbox 552 4733 691 4790; x_wconf 90' lang='lat' dir='ltr'>vitio</span> <span class='ocrx_word' id='word_1_750' title='bbox 724 4740 913 4791; x_wconf 87' lang='lat' dir='ltr'>vertat</span> <span class='ocrx_word' id='word_1_751' title='bbox 945 4733 1103 4806; x_wconf 92' lang='lat' dir='ltr'>quod</span> <span class='ocrx_word' id='word_1_752' title='bbox 1139 4733 1283 4791; x_wconf 91' lang='lat' dir='ltr'>dum</span> <span class='ocrx_word' id='word_1_753' title='bbox 1339 4751 1541 4790; x_wconf 89' lang='lat' dir='ltr'>versor</span> <span class='ocrx_word' id='word_1_754' title='bbox 1594 4734 1900 4791; x_wconf 86' lang='lat' dir='ltr'>vobiscum</span> <span class='ocrx_word' id='word_1_755' title='bbox 1959 4739 2016 4790; x_wconf 89' lang='lat' dir='ltr'>et</span> 
     </span>
    </p>
   </div>
   <div class='ocr_carea' id='block_1_97' title="bbox 359 4825 2016 4898">
    <p class='ocr_par' dir='ltr' id='par_1_97' title="bbox 359 4825 2016 4898">
     <span class='ocr_line' id='line_1_97' title="bbox 359 4825 2016 4898; baseline 0 -20"><span class='ocrx_word' id='word_1_756' title='bbox 359 4837 628 4895; x_wconf 75' lang='lat' dir='ltr'>prmsens</span> <span class='ocrx_word' id='word_1_757' title='bbox 646 4841 798 4891; x_wconf 90' lang='lat' dir='ltr'>sum,</span> <span class='ocrx_word' id='word_1_758' title='bbox 834 4825 974 4881; x_wconf 88' lang='lat' dir='ltr'>totis</span> <span class='ocrx_word' id='word_1_759' title='bbox 1012 4826 1233 4882; x_wconf 87' lang='lat' dir='ltr'>viribus</span> <span class='ocrx_word' id='word_1_760' title='bbox 1276 4841 1590 4898; x_wconf 87' lang='lat' dir='ltr'>procurem</span> <span class='ocrx_word' id='word_1_761' title='bbox 1641 4826 1893 4882; x_wconf 88' lang='lat' dir='ltr'>salutem</span> <span class='ocrx_word' id='word_1_762' title='bbox 1924 4839 2016 4878; x_wconf 89' lang='lat' dir='ltr'>ve-</span> 
     </span>
    </p>
   </div>
   <div class='ocr_carea' id='block_1_98' title="bbox 360 4912 2013 4986">
    <p class='ocr_par' dir='ltr' id='par_1_98' title="bbox 360 4912 2013 4986">
     <span class='ocr_line' id='line_1_98' title="bbox 360 4912 2013 4986; baseline 0 -21"><span class='ocrx_word' id='word_1_763' title='bbox 360 4916 564 4976; x_wconf 89' lang='lat' dir='ltr'>stram,</span> <span class='ocrx_word' id='word_1_764' title='bbox 600 4914 815 4969; x_wconf 90' lang='lat' dir='ltr'>absens</span> <span class='ocrx_word' id='word_1_765' title='bbox 845 4930 953 4984; x_wconf 91' lang='lat' dir='ltr'>per</span> <span class='ocrx_word' id='word_1_766' title='bbox 1002 4913 1286 4986; x_wconf 91' lang='lat' dir='ltr'>epistolas</span> <span class='ocrx_word' id='word_1_767' title='bbox 1342 4912 1496 4968; x_wconf 87' lang='lat' dir='ltr'>viam</span> <span class='ocrx_word' id='word_1_768' title='bbox 1545 4916 2013 4967; x_wconf 89' lang='lat' dir='ltr'>commonstrem</span> 
     </span>
    </p>
   </div>
   <div class='ocr_carea' id='block_1_99' title="bbox 358 4998 2012 5075">
    <p class='ocr_par' dir='ltr' id='par_1_99' title="bbox 358 4998 2012 5075">
     <span class='ocr_line' id='line_1_99' title="bbox 358 4998 2012 5075; baseline 0 -21"><span class='ocrx_word' id='word_1_769' title='bbox 358 4998 434 5055; x_wconf 86' lang='lat' dir='ltr'>ad</span> <span class='ocrx_word' id='word_1_770' title='bbox 466 5015 536 5056; x_wconf 88' lang='lat' dir='ltr'>ea</span> <span class='ocrx_word' id='word_1_771' title='bbox 567 5017 697 5071; x_wconf 74' lang='lat' dir='ltr'>quas</span> <span class='ocrx_word' id='word_1_772' title='bbox 730 5003 961 5075; x_wconf 84' lang='lat' dir='ltr'>agenda</span> <span class='ocrx_word' id='word_1_773' title='bbox 992 5009 1148 5064; x_wconf 85' lang='lat' dir='ltr'>sunt.</span> <span class='ocrx_word' id='word_1_774' title='bbox 1185 5009 1245 5058; x_wconf 91' lang='lat' dir='ltr'>et</span> <span class='ocrx_word' id='word_1_775' title='bbox 1276 5003 1337 5058; x_wconf 91' lang='lat' dir='ltr'>in</span> <span class='ocrx_word' id='word_1_776' title='bbox 1395 5002 1561 5057; x_wconf 89' lang='lat' dir='ltr'>nullo</span> <span class='ocrx_word' id='word_1_777' title='bbox 1627 5017 1833 5057; x_wconf 86' lang='lat' dir='ltr'>eorum</span> <span class='ocrx_word' id='word_1_778' title='bbox 1880 5016 2012 5071; x_wconf 69' lang='lat' dir='ltr'>quas</span> 
     </span>
    </p>
   </div>
   <div class='ocr_carea' id='block_1_100' title="bbox 356 5088 2013 5165">
    <p class='ocr_par' dir='ltr' id='par_1_100' title="bbox 356 5088 2013 5165">
     <span class='ocr_line' id='line_1_100' title="bbox 356 5088 2013 5165; baseline 0.001 -23"><span class='ocrx_word' id='word_1_779' title='bbox 356 5088 522 5143; x_wconf 86' lang='lat' dir='ltr'>vobis</span> <span class='ocrx_word' id='word_1_780' title='bbox 544 5090 716 5145; x_wconf 88' lang='lat' dir='ltr'>utilia</span> <span class='ocrx_word' id='word_1_781' title='bbox 741 5099 900 5155; x_wconf 91' lang='lat' dir='ltr'>sunt,</span> <span class='ocrx_word' id='word_1_782' title='bbox 927 5092 1163 5165; x_wconf 88' lang='lat' dir='ltr'>segnior</span> <span class='ocrx_word' id='word_1_783' title='bbox 1186 5092 1399 5147; x_wconf 81' lang='lat' dir='ltr'>fuerim</span> <span class='ocrx_word' id='word_1_784' title='bbox 1424 5099 1483 5147; x_wconf 90' lang='lat' dir='ltr'>et</span> <span class='ocrx_word' id='word_1_785' title='bbox 1520 5092 1736 5147; x_wconf 90' lang='lat' dir='ltr'>absens</span> <span class='ocrx_word' id='word_1_786' title='bbox 1784 5096 1841 5145; x_wconf 92' lang='lat' dir='ltr'>et</span> <span class='ocrx_word' id='word_1_787' title='bbox 1869 5106 2013 5161; x_wconf 73' lang='lat' dir='ltr'>prae-</span> 
     </span>
    </p>
   </div>
   <div class='ocr_carea' id='block_1_101' title="bbox 356 5182 2009 5256">
    <p class='ocr_par' dir='ltr' id='par_1_101' title="bbox 356 5182 2009 5256">
     <span class='ocr_line' id='line_1_101' title="bbox 356 5182 2009 5256; baseline -0.001 -18"><span class='ocrx_word' id='word_1_788' title='bbox 356 5183 577 5238; x_wconf 87' lang='lat' dir='ltr'>sens.Si</span> <span class='ocrx_word' id='word_1_789' title='bbox 604 5183 740 5254; x_wconf 87' lang='lat' dir='ltr'>quid</span> <span class='ocrx_word' id='word_1_790' title='bbox 772 5184 829 5238; x_wconf 88' lang='lat' dir='ltr'>in</span> <span class='ocrx_word' id='word_1_791' title='bbox 880 5183 993 5239; x_wconf 92' lang='lat' dir='ltr'>hoc</span> <span class='ocrx_word' id='word_1_792' title='bbox 1046 5202 1244 5256; x_wconf 76' lang='lat' dir='ltr'>pecco,</span> <span class='ocrx_word' id='word_1_793' title='bbox 1297 5186 1629 5241; x_wconf 84' lang='lat' dir='ltr'>condonate</span> <span class='ocrx_word' id='word_1_794' title='bbox 1678 5182 1826 5238; x_wconf 85' lang='lat' dir='ltr'>mihi</span> <span class='ocrx_word' id='word_1_795' title='bbox 1858 5182 2009 5237; x_wconf 89' lang='lat' dir='ltr'>hanc</span> 
     </span>
    </p>
   </div>
   <div class='ocr_carea' id='block_1_102' title="bbox 351 5272 2008 5346">
    <p class='ocr_par' dir='ltr' id='par_1_102' title="bbox 351 5272 2008 5346">
     <span class='ocr_line' id='line_1_102' title="bbox 351 5272 2008 5346; baseline -0.001 -20"><span class='ocrx_word' id='word_1_796' title='bbox 351 5272 661 5342; x_wconf 79' lang='lat' dir='ltr'>injuriam,</span> <span class='ocrx_word' id='word_1_797' title='bbox 697 5280 754 5328; x_wconf 83' lang='lat' dir='ltr'>et</span> <span class='ocrx_word' id='word_1_798' title='bbox 784 5274 1070 5345; x_wconf 76' lang='lat' dir='ltr'>ignoscite</span> <span class='ocrx_word' id='word_1_799' title='bbox 1102 5276 1384 5346; x_wconf 75' lang='lat' dir='ltr'>iniuriam</span> <span class='ocrx_word' id='word_1_800' title='bbox 1444 5273 1707 5329; x_wconf 86' lang='lat' dir='ltr'>facienti.</span> <span class='ocrx_word' id='word_1_801' title='bbox 1770 5302 1837 5311; x_wconf 90' lang='lat'>——</span> <span class='ocrx_word' id='word_1_802' title='bbox 1886 5272 2008 5327; x_wconf 82' lang='lat' dir='ltr'>Nisi</span> 
     </span>
    </p>
   </div>
   <div class='ocr_carea' id='block_1_103' title="bbox 352 5360 2006 5436">
    <p class='ocr_par' dir='ltr' id='par_1_103' title="bbox 352 5360 2006 5436">
     <span class='ocr_line' id='line_1_103' title="bbox 352 5360 2006 5436; baseline -0.001 -19"><span class='ocrx_word' id='word_1_803' title='bbox 352 5361 511 5434; x_wconf 88' lang='lat' dir='ltr'>quod</span> <span class='ocrx_word' id='word_1_804' title='bbox 534 5379 637 5436; x_wconf 91' lang='lat' dir='ltr'>ego</span> <span class='ocrx_word' id='word_1_805' title='bbox 665 5364 791 5435; x_wconf 89' lang='lat' dir='ltr'>ipse</span> <span class='ocrx_word' id='word_1_806' title='bbox 816 5364 961 5419; x_wconf 87' lang='lat' dir='ltr'>mihi</span> <span class='ocrx_word' id='word_1_807' title='bbox 988 5382 1105 5420; x_wconf 89' lang='lat' dir='ltr'>non</span> <span class='ocrx_word' id='word_1_808' title='bbox 1130 5363 1507 5431; x_wconf 55' lang='lat' dir='ltr'>inilulserim,</span> <span class='ocrx_word' id='word_1_809' title='bbox 1532 5362 1732 5417; x_wconf 90' lang='lat' dir='ltr'>omnia</span> <span class='ocrx_word' id='word_1_810' title='bbox 1779 5360 2006 5417; x_wconf 88' lang='lat' dir='ltr'>faciens</span> 
     </span>
    </p>
   </div>
   <div class='ocr_carea' id='block_1_104' title="bbox 346 5451 2008 5527">
    <p class='ocr_par' dir='ltr' id='par_1_104' title="bbox 346 5451 2008 5527">
     <span class='ocr_line' id='line_1_104' title="bbox 346 5451 2008 5527; baseline 0.001 -19"><span class='ocrx_word' id='word_1_811' title='bbox 346 5454 536 5524; x_wconf 76' lang='lat' dir='ltr'>gratia</span> <span class='ocrx_word' id='word_1_812' title='bbox 566 5456 770 5521; x_wconf 86' lang='lat' dir='ltr'>vestri,</span> <span class='ocrx_word' id='word_1_813' title='bbox 804 5472 997 5527; x_wconf 88' lang='lat' dir='ltr'>neque</span> <span class='ocrx_word' id='word_1_814' title='bbox 1030 5455 1396 5526; x_wconf 80' lang='lat' dir='ltr'>neglexerim</span> <span class='ocrx_word' id='word_1_815' title='bbox 1429 5470 1549 5517; x_wconf 90' lang='lat' dir='ltr'>vos,</span> <span class='ocrx_word' id='word_1_816' title='bbox 1582 5469 1727 5507; x_wconf 90' lang='lat' dir='ltr'>num</span> <span class='ocrx_word' id='word_1_817' title='bbox 1779 5451 1840 5506; x_wconf 90' lang='lat' dir='ltr'>in</span> <span class='ocrx_word' id='word_1_818' title='bbox 1894 5452 2008 5509; x_wconf 88' lang='lat' dir='ltr'>hoc</span> 
     </span>
    </p>
   </div>
   <div class='ocr_carea' id='block_1_105' title="bbox 345 5539 2005 5617">
    <p class='ocr_par' dir='ltr' id='par_1_105' title="bbox 345 5539 2005 5617">
     <span class='ocr_line' id='line_1_105' title="bbox 345 5539 2005 5617; baseline -0.001 -19"><span class='ocrx_word' id='word_1_819' title='bbox 345 5544 660 5601; x_wconf 88' lang='lat' dir='ltr'>inferiores</span> <span class='ocrx_word' id='word_1_820' title='bbox 689 5544 944 5601; x_wconf 82' lang='lat' dir='ltr'>fuistis?</span> <span class='ocrx_word' id='word_1_821' title='bbox 1002 5547 1147 5602; x_wconf 88' lang='lat' dir='ltr'>Num</span> <span class='ocrx_word' id='word_1_822' title='bbox 1209 5545 1322 5601; x_wconf 88' lang='lat' dir='ltr'>hoc</span> <span class='ocrx_word' id='word_1_823' title='bbox 1378 5543 1669 5617; x_wconf 80' lang='lat' dir='ltr'>injuriam</span> <span class='ocrx_word' id='word_1_824' title='bbox 1730 5539 2005 5598; x_wconf 82' lang='lat' dir='ltr'>ducitis?</span> 
     </span>
    </p>
   </div>
   <div class='ocr_carea' id='block_1_106' title="bbox 350 5632 2002 5707">
    <p class='ocr_par' dir='ltr' id='par_1_106' title="bbox 350 5632 2002 5707">
     <span class='ocr_line' id='line_1_106' title="bbox 350 5632 2002 5707; baseline -0.001 -17"><span class='ocrx_word' id='word_1_825' title='bbox 350 5632 691 5691; x_wconf 88' lang='lat' dir='ltr'>Condonate</span> <span class='ocrx_word' id='word_1_826' title='bbox 722 5636 867 5691; x_wconf 91' lang='lat' dir='ltr'>mihi</span> <span class='ocrx_word' id='word_1_827' title='bbox 898 5635 1051 5692; x_wconf 87' lang='lat' dir='ltr'>hanc</span> <span class='ocrx_word' id='word_1_828' title='bbox 1084 5634 1388 5707; x_wconf 90' lang='lat' dir='ltr'>injuriam.</span> <span class='ocrx_word' id='word_1_829' title='bbox 1427 5656 1456 5683; x_wconf 90' lang='grc'>‹‹</span> <span class='ocrx_word' id='word_1_830' title='bbox 1488 5635 1634 5688; x_wconf 92' lang='lat' dir='ltr'>Ecce</span> <span class='ocrx_word' id='word_1_831' title='bbox 1668 5634 1839 5688; x_wconf 89' lang='lat' dir='ltr'>tertio</span> <span class='ocrx_word' id='word_1_832' title='bbox 1901 5650 2002 5705; x_wconf 85' lang='lat' dir='ltr'>pa-</span> 
     </span>
    </p>
   </div>
   <div class='ocr_carea' id='block_1_107' title="bbox 352 5725 2004 5797">
    <p class='ocr_par' dir='ltr' id='par_1_107' title="bbox 352 5725 2004 5797">
     <span class='ocr_line' id='line_1_107' title="bbox 352 5725 2004 5797; baseline -0.001 -15"><span class='ocrx_word' id='word_1_833' title='bbox 352 5731 518 5782; x_wconf 82' lang='lat' dir='ltr'>ratus</span> <span class='ocrx_word' id='word_1_834' title='bbox 548 5743 680 5782; x_wconf 86' lang='lat' dir='ltr'>sum</span> <span class='ocrx_word' id='word_1_835' title='bbox 711 5734 779 5782; x_wconf 87' lang='lat' dir='ltr'>ut</span> <span class='ocrx_word' id='word_1_836' title='bbox 813 5727 1073 5783; x_wconf 88' lang='lat' dir='ltr'>veniam.</span> <span class='ocrx_word' id='word_1_837' title='bbox 1141 5749 1168 5777; x_wconf 83' lang='lat'>»</span> <span class='ocrx_word' id='word_1_838' title='bbox 1222 5725 1512 5796; x_wconf 89' lang='lat' dir='ltr'>Secundo,</span> <span class='ocrx_word' id='word_1_839' title='bbox 1572 5726 1788 5797; x_wconf 81' lang='lat' dir='ltr'>inquit,</span> <span class='ocrx_word' id='word_1_840' title='bbox 1845 5726 2004 5795; x_wconf 90' lang='lat' dir='ltr'>veni,</span> 
     </span>
    </p>
   </div>
   <div class='ocr_carea' id='block_1_108' title="bbox 2124 4726 3799 4805">
    <p class='ocr_par' dir='ltr' id='par_1_108' title="bbox 2124 4726 3799 4805">
     <span class='ocr_line' id='line_1_108' title="bbox 2124 4726 3799 4805; baseline 0.004 -23"><span class='ocrx_word' id='word_1_841' title='bbox 2124 4728 2387 4805; x_wconf 83' lang='grc' dir='ltr'>χωριάζω</span> <span class='ocrx_word' id='word_1_842' title='bbox 2450 4729 2605 4801; x_wconf 85' lang='grc' dir='ltr'>ὑμῖν,</span> <span class='ocrx_word' id='word_1_843' title='bbox 2662 4727 2753 4783; x_wconf 84' lang='grc' dir='ltr'>καὶ</span> <span class='ocrx_word' id='word_1_844' title='bbox 2817 4726 3140 4805; x_wconf 74' lang='grc' dir='ltr'>ἕρχόμενος,</span> <span class='ocrx_word' id='word_1_845' title='bbox 3191 4731 3351 4786; x_wconf 87' lang='grc' dir='ltr'>παντὶ</span> <span class='ocrx_word' id='word_1_846' title='bbox 3426 4729 3799 4801; x_wconf 65' lang='grc' dir='ltr'>σθὲνεικήδο-</span> 
     </span>
    </p>
   </div>
   <div class='ocr_carea' id='block_1_109' title="bbox 2127 4815 3795 4892">
    <p class='ocr_par' dir='ltr' id='par_1_109' title="bbox 2127 4815 3795 4892">
     <span class='ocr_line' id='line_1_109' title="bbox 2127 4815 3795 4892; baseline 0.001 -19"><span class='ocrx_word' id='word_1_847' title='bbox 2127 4840 2226 4892; x_wconf 91' lang='grc' dir='ltr'>μαι</span> <span class='ocrx_word' id='word_1_848' title='bbox 2257 4824 2359 4887; x_wconf 82' lang='grc' dir='ltr'>τῆς</span> <span class='ocrx_word' id='word_1_849' title='bbox 2389 4815 2672 4891; x_wconf 80' lang='grc' dir='ltr'>σωτηρίας</span> <span class='ocrx_word' id='word_1_850' title='bbox 2720 4817 2896 4889; x_wconf 84' lang='grc' dir='ltr'><strong>ὑμῶν.</strong></span> <span class='ocrx_word' id='word_1_851' title='bbox 2959 4819 3058 4875; x_wconf 82' lang='grc' dir='ltr'>Καὶ</span> <span class='ocrx_word' id='word_1_852' title='bbox 3117 4819 3292 4889; x_wconf 83' lang='grc' dir='ltr'>ἀπὼν,</span> <span class='ocrx_word' id='word_1_853' title='bbox 3355 4818 3426 4875; x_wconf 83' lang='grc' dir='ltr'>δι’</span> <span class='ocrx_word' id='word_1_854' title='bbox 3483 4818 3795 4879; x_wconf 76' lang='grc' dir='ltr'>ἐπιστολῶν</span> 
     </span>
    </p>
   </div>
   <div class='ocr_carea' id='block_1_110' title="bbox 2124 4903 3797 4986">
    <p class='ocr_par' dir='ltr' id='par_1_110' title="bbox 2124 4903 3797 4986">
     <span class='ocr_line' id='line_1_110' title="bbox 2124 4903 3797 4986; baseline 0.002 -22"><span class='ocrx_word' id='word_1_855' title='bbox 2124 4903 2311 4982; x_wconf 82' lang='grc' dir='ltr'>ὁδηγῶ</span> <span class='ocrx_word' id='word_1_856' title='bbox 2344 4908 2477 4982; x_wconf 83' lang='grc' dir='ltr'>πρὸς</span> <span class='ocrx_word' id='word_1_857' title='bbox 2508 4907 2575 4962; x_wconf 78' lang='grc' dir='ltr'>τά</span> <span class='ocrx_word' id='word_1_858' title='bbox 2624 4906 2889 4982; x_wconf 77' lang='grc' dir='ltr'>πρακτέα,</span> <span class='ocrx_word' id='word_1_859' title='bbox 2921 4908 3012 4963; x_wconf 83' lang='grc' dir='ltr'>καὶ</span> <span class='ocrx_word' id='word_1_860' title='bbox 3073 4906 3224 4964; x_wconf 75' lang='grc' dir='ltr'>οὐδὲν</span> <span class='ocrx_word' id='word_1_861' title='bbox 3280 4910 3416 4986; x_wconf 82' lang='grc' dir='ltr'>πρὸς</span> <span class='ocrx_word' id='word_1_862' title='bbox 3467 4907 3518 4966; x_wconf 79' lang='grc' dir='ltr'>ἔν</span> <span class='ocrx_word' id='word_1_863' title='bbox 3581 4933 3635 4966; x_wconf 90' lang='grc' dir='ltr'>τι</span> <span class='ocrx_word' id='word_1_864' title='bbox 3683 4914 3797 4968; x_wconf 79' lang='grc' dir='ltr'>τῶν</span> 
     </span>
    </p>
   </div>
   <div class='ocr_carea' id='block_1_111' title="bbox 2125 4997 3792 5078">
    <p class='ocr_par' dir='ltr' id='par_1_111' title="bbox 2125 4997 3792 5078">
     <span class='ocr_line' id='line_1_111' title="bbox 2125 4997 3792 5078; baseline 0.004 -22"><span class='ocrx_word' id='word_1_865' title='bbox 2125 5001 2251 5074; x_wconf 80' lang='grc' dir='ltr'>ὑμῖν</span> <span class='ocrx_word' id='word_1_866' title='bbox 2291 5000 2677 5077; x_wconf 73' lang='grc' dir='ltr'>συμφερόντων</span> <span class='ocrx_word' id='word_1_867' title='bbox 2728 4997 3108 5075; x_wconf 76' lang='grc' dir='ltr'>ὲρῥᾳθὺμησα,</span> <span class='ocrx_word' id='word_1_868' title='bbox 3170 5000 3321 5056; x_wconf 82' lang='grc' dir='ltr'>ἀπών</span> <span class='ocrx_word' id='word_1_869' title='bbox 3370 5023 3430 5058; x_wconf 89' lang='grc' dir='ltr'>τε</span> <span class='ocrx_word' id='word_1_870' title='bbox 3458 5001 3550 5057; x_wconf 84' lang='grc' dir='ltr'>καὶ</span> <span class='ocrx_word' id='word_1_871' title='bbox 3581 5003 3792 5078; x_wconf 84' lang='grc' dir='ltr'>παρὼν.</span> 
     </span>
    </p>
   </div>
   <div class='ocr_carea' id='block_1_112' title="bbox 2122 5085 3790 5164">
    <p class='ocr_par' dir='ltr' id='par_1_112' title="bbox 2122 5085 3790 5164">
     <span class='ocr_line' id='line_1_112' title="bbox 2122 5085 3790 5164; baseline 0.001 -18"><span class='ocrx_word' id='word_1_872' title='bbox 2122 5090 2185 5147; x_wconf 86' lang='grc' dir='ltr'>Εἰ</span> <span class='ocrx_word' id='word_1_873' title='bbox 2244 5086 2334 5144; x_wconf 77' lang='grc' dir='ltr'>διὰ</span> <span class='ocrx_word' id='word_1_874' title='bbox 2390 5091 2552 5144; x_wconf 68' lang='grc' dir='ltr'>τοῦτο</span> <span class='ocrx_word' id='word_1_875' title='bbox 2614 5085 2808 5158; x_wconf 80' lang='grc' dir='ltr'>ἀδικῶ,</span> <span class='ocrx_word' id='word_1_876' title='bbox 2871 5086 3169 5164; x_wconf 81' lang='grc' dir='ltr'>χαρίσασθέ</span> <span class='ocrx_word' id='word_1_877' title='bbox 3254 5112 3347 5162; x_wconf 90' lang='grc' dir='ltr'>μοι</span> <span class='ocrx_word' id='word_1_878' title='bbox 3405 5092 3509 5160; x_wconf 70' lang='grc' dir='ltr'>την</span> <span class='ocrx_word' id='word_1_879' title='bbox 3568 5089 3790 5149; x_wconf 82' lang='grc' dir='ltr'>ἀδικίαν</span> 
     </span>
    </p>
   </div>
   <div class='ocr_carea' id='block_1_113' title="bbox 2118 5175 3782 5255">
    <p class='ocr_par' dir='ltr' id='par_1_113' title="bbox 2118 5175 3782 5255">
     <span class='ocr_line' id='line_1_113' title="bbox 2118 5175 3782 5255; baseline 0.002 -20"><span class='ocrx_word' id='word_1_880' title='bbox 2118 5178 2340 5249; x_wconf 66' lang='grc' dir='ltr'>ταύτην,</span> <span class='ocrx_word' id='word_1_881' title='bbox 2373 5177 2462 5233; x_wconf 88' lang='grc' dir='ltr'>καὶ</span> <span class='ocrx_word' id='word_1_882' title='bbox 2495 5177 2772 5253; x_wconf 69' lang='grc' dir='ltr'>σῦγγνωτε</span> <span class='ocrx_word' id='word_1_883' title='bbox 2801 5175 3106 5234; x_wconf 69' lang='grc' dir='ltr'>ἀδικοῦντι.</span> <span class='ocrx_word' id='word_1_884' title='bbox 3142 5212 3207 5221; x_wconf 91' lang='grc'><strong><em>--</em></strong></span> <span class='ocrx_word' id='word_1_885' title='bbox 3241 5182 3451 5254; x_wconf 82' lang='grc' dir='ltr'>[ΦΩΤ.]</span> <span class='ocrx_word' id='word_1_886' title='bbox 3487 5181 3545 5237; x_wconf 83' lang='lat' dir='ltr'>Ei</span> <span class='ocrx_word' id='word_1_887' title='bbox 3581 5184 3658 5255; x_wconf 71' lang='grc' dir='ltr'>μὴ</span> <span class='ocrx_word' id='word_1_888' title='bbox 3693 5182 3782 5239; x_wconf 77' lang='grc' dir='ltr'>ὅτι</span> 
     </span>
    </p>
   </div>
   <div class='ocr_carea' id='block_1_114' title="bbox 2120 5264 3789 5344">
    <p class='ocr_par' dir='ltr' id='par_1_114' title="bbox 2120 5264 3789 5344">
     <span class='ocr_line' id='line_1_114' title="bbox 2120 5264 3789 5344; baseline 0.002 -18"><span class='ocrx_word' id='word_1_889' title='bbox 2120 5268 2283 5330; x_wconf 78' lang='grc' dir='ltr'>αὑτὸς</span> <span class='ocrx_word' id='word_1_890' title='bbox 2319 5267 2418 5323; x_wconf 71' lang='grc' dir='ltr'>οὐκ</span> <span class='ocrx_word' id='word_1_891' title='bbox 2448 5264 2683 5323; x_wconf 78' lang='grc' dir='ltr'>ἒνὲδωκα</span> <span class='ocrx_word' id='word_1_892' title='bbox 2713 5267 2882 5323; x_wconf 78' lang='grc' dir='ltr'>πάντα</span> <span class='ocrx_word' id='word_1_893' title='bbox 2917 5269 3196 5343; x_wconf 77' lang='grc' dir='ltr'>πράττων,</span> <span class='ocrx_word' id='word_1_894' title='bbox 3232 5271 3392 5344; x_wconf 63' lang='grc' dir='ltr'>χάριν</span> <span class='ocrx_word' id='word_1_895' title='bbox 3428 5270 3605 5343; x_wconf 81' lang='grc' dir='ltr'>ὑμῶν,</span> <span class='ocrx_word' id='word_1_896' title='bbox 3654 5271 3789 5329; x_wconf 71' lang='grc' dir='ltr'>οὐδὲ</span> 
     </span>
    </p>
   </div>
   <div class='ocr_carea' id='block_1_115' title="bbox 2116 5356 3785 5433">
    <p class='ocr_par' dir='ltr' id='par_1_115' title="bbox 2116 5356 3785 5433">
     <span class='ocr_line' id='line_1_115' title="bbox 2116 5356 3785 5433; baseline 0.001 -19"><span class='ocrx_word' id='word_1_897' title='bbox 2116 5358 2555 5433; x_wconf 84' lang='grc' dir='ltr'>κατωλιγώρησα</span> <span class='ocrx_word' id='word_1_898' title='bbox 2590 5356 2770 5431; x_wconf 80' lang='grc' dir='ltr'>ὑμῶν,</span> <span class='ocrx_word' id='word_1_899' title='bbox 2807 5358 2884 5431; x_wconf 82' lang='grc' dir='ltr'>μή</span> <span class='ocrx_word' id='word_1_900' title='bbox 2942 5361 3103 5413; x_wconf 81' lang='grc' dir='ltr'>τοῦτο</span> <span class='ocrx_word' id='word_1_901' title='bbox 3135 5360 3414 5429; x_wconf 69' lang='grc' dir='ltr'>ἠττήοητε</span> <span class='ocrx_word' id='word_1_902' title='bbox 3448 5377 3462 5429; x_wconf 88' lang='grc'>;</span> <span class='ocrx_word' id='word_1_903' title='bbox 3504 5361 3580 5432; x_wconf 75' lang='grc' dir='ltr'>μὴ</span> <span class='ocrx_word' id='word_1_904' title='bbox 3613 5365 3785 5417; x_wconf 78' lang='grc' dir='ltr'>τοῦτο</span> 
     </span>
    </p>
   </div>
   <div class='ocr_carea' id='block_1_116' title="bbox 2116 5446 3781 5523">
    <p class='ocr_par' dir='ltr' id='par_1_116' title="bbox 2116 5446 3781 5523">
     <span class='ocr_line' id='line_1_116' title="bbox 2116 5446 3781 5523; baseline 0.001 -16"><span class='ocrx_word' id='word_1_905' title='bbox 2116 5448 2328 5507; x_wconf 78' lang='grc' dir='ltr'>ἀδικίαν</span> <span class='ocrx_word' id='word_1_906' title='bbox 2359 5448 2611 5519; x_wconf 79' lang='grc' dir='ltr'>νομίζετε</span> <span class='ocrx_word' id='word_1_907' title='bbox 2642 5468 2656 5515; x_wconf 90' lang='grc'>;</span> <span class='ocrx_word' id='word_1_908' title='bbox 2700 5448 3007 5523; x_wconf 78' lang='grc' dir='ltr'>Χαρίσασθέ</span> <span class='ocrx_word' id='word_1_909' title='bbox 3055 5469 3147 5521; x_wconf 88' lang='grc' dir='ltr'>μοι</span> <span class='ocrx_word' id='word_1_910' title='bbox 3177 5450 3278 5518; x_wconf 76' lang='grc' dir='ltr'>την</span> <span class='ocrx_word' id='word_1_911' title='bbox 3310 5446 3518 5505; x_wconf 80' lang='grc' dir='ltr'>ἀδικίαν</span> <span class='ocrx_word' id='word_1_912' title='bbox 3556 5451 3781 5523; x_wconf 73' lang='grc' dir='ltr'>ταύτην.</span> 
     </span>
    </p>
   </div>
   <div class='ocr_carea' id='block_1_117' title="bbox 2118 5535 3787 5621">
    <p class='ocr_par' dir='ltr' id='par_1_117' title="bbox 2118 5535 3787 5621">
     <span class='ocr_line' id='line_1_117' title="bbox 2118 5535 3787 5621; baseline 0.002 -28"><span class='ocrx_word' id='word_1_913' title='bbox 2118 5565 2147 5593; x_wconf 78' lang='grc' dir='ltr'>(ι</span> <span class='ocrx_word' id='word_1_914' title='bbox 2179 5536 2320 5597; x_wconf 78' lang='grc' dir='ltr'>Ἰδοὺ</span> <span class='ocrx_word' id='word_1_915' title='bbox 2351 5536 2533 5612; x_wconf 86' lang='grc' dir='ltr'>τρίτον</span> <span class='ocrx_word' id='word_1_916' title='bbox 2568 5536 2805 5610; x_wconf 76' lang='grc' dir='ltr'>ἑτοίμως</span> <span class='ocrx_word' id='word_1_917' title='bbox 2844 5535 2960 5615; x_wconf 84' lang='grc' dir='ltr'>ἔχω</span> <span class='ocrx_word' id='word_1_918' title='bbox 2988 5536 3189 5602; x_wconf 72' lang='grc' dir='ltr'>ἐλθεῖν.</span> <span class='ocrx_word' id='word_1_919' title='bbox 3226 5562 3253 5589; x_wconf 89' lang='grc'><strong>››</strong></span> <span class='ocrx_word' id='word_1_920' title='bbox 3281 5538 3562 5615; x_wconf 73' lang='grc' dir='ltr'>Δεύτερον,</span> <span class='ocrx_word' id='word_1_921' title='bbox 3593 5543 3787 5621; x_wconf 76' lang='grc' dir='ltr'>φησὶν,</span> 
     </span>
    </p>
   </div>
   <div class='ocr_carea' id='block_1_118' title="bbox 2115 5623 3780 5705">
    <p class='ocr_par' dir='ltr' id='par_1_118' title="bbox 2115 5623 3780 5705">
     <span class='ocr_line' id='line_1_118' title="bbox 2115 5623 3780 5705; baseline 0.002 -21"><span class='ocrx_word' id='word_1_922' title='bbox 2115 5627 2314 5705; x_wconf 67' lang='grc' dir='ltr'>ᾔλθον,</span> <span class='ocrx_word' id='word_1_923' title='bbox 2338 5623 2457 5682; x_wconf 77' lang='grc' dir='ltr'>ἰδοὺ</span> <span class='ocrx_word' id='word_1_924' title='bbox 2489 5626 2669 5701; x_wconf 92' lang='grc' dir='ltr'>τρίτον</span> <span class='ocrx_word' id='word_1_925' title='bbox 2702 5625 3140 5701; x_wconf 82' lang='grc' dir='ltr'>παρεσκεύασμαι</span> <span class='ocrx_word' id='word_1_926' title='bbox 3168 5626 3367 5701; x_wconf 79' lang='grc' dir='ltr'>ἐλθεῖν,</span> <span class='ocrx_word' id='word_1_927' title='bbox 3388 5629 3480 5685; x_wconf 84' lang='grc' dir='ltr'>καί</span> <span class='ocrx_word' id='word_1_928' title='bbox 3503 5628 3555 5685; x_wconf 80' lang='grc' dir='ltr'><strong>ἐν</strong></span> <span class='ocrx_word' id='word_1_929' title='bbox 3587 5628 3780 5688; x_wconf 81' lang='grc' dir='ltr'>οὐδενὶ</span> 
     </span>
    </p>
   </div>
   <div class='ocr_carea' id='block_1_119' title="bbox 2114 5715 3779 5797">
    <p class='ocr_par' dir='ltr' id='par_1_119' title="bbox 2114 5715 3779 5797">
     <span class='ocr_line' id='line_1_119' title="bbox 2114 5715 3779 5797; baseline 0.004 -25"><span class='ocrx_word' id='word_1_930' title='bbox 2114 5727 2216 5789; x_wconf 73' lang='grc' dir='ltr'>τῆς</span> <span class='ocrx_word' id='word_1_931' title='bbox 2252 5719 2402 5791; x_wconf 74' lang='grc' dir='ltr'>ὑμῶν</span> <span class='ocrx_word' id='word_1_932' title='bbox 2439 5717 2708 5791; x_wconf 77' lang='grc' dir='ltr'>ἀμελήσω</span> <span class='ocrx_word' id='word_1_933' title='bbox 2738 5715 3033 5791; x_wconf 79' lang='grc' dir='ltr'>σῶτηρίας.</span> <span class='ocrx_word' id='word_1_934' title='bbox 3067 5717 3197 5773; x_wconf 77' lang='grc' dir='ltr'>Εἶτα</span> <span class='ocrx_word' id='word_1_935' title='bbox 3248 5717 3334 5774; x_wconf 81' lang='grc' dir='ltr'>ἳνα</span> <span class='ocrx_word' id='word_1_936' title='bbox 3369 5722 3443 5795; x_wconf 78' lang='grc' dir='ltr'>μὴ</span> <span class='ocrx_word' id='word_1_937' title='bbox 3469 5720 3779 5797; x_wconf 87' lang='grc' dir='ltr'>νομίσωσιν</span> 
     </span>
    </p>
   </div>
  </div>
