4098 6418
291 534 315 593 1
329 534 450 595 073

1211 527 1624 591 COMMENT.
1671 528 1748 588 ΙΝ
1796 527 2051 589 EPIST.
2101 526 2155 585 Il
2199 527 2304 586 AD
2346 526 2713 588 CORINTH.

3563 527 3721 586 1074

282 668 370 725 ὅτι
411 663 493 722 δεῖ
522 667 738 727 πάντως
770 665 932 720 αὑτὸν
972 663 1278 738 ἐρχόμενον
1337 666 1430 715 νῦν
1485 665 1615 737 γοῦν
1668 662 1911 742 τραφῆνα

2057 677 2192 717 ecce
2227 662 2399 717 tertio
2433 675 2737 734 praeparor
2761 660 2834 717 ad
2882 659 3262 729 veniendum,
3315 663 3376 716 et
3431 659 3494 716 in
3549 658 3718 717 nullo

282 763 409 832 παρ’
444 757 643 823 αὑτῶν,
681 752 919 827 μάλιστα
951 750 1138 822 ἐπειδὴ
1199 753 1290 806 καὶ
1331 753 1456 823 περὶ
1512 749 1710 806 τούτου
1741 747 1943 820 πολλῷ

282 845 666 919 διεξελήλυθεν
700 845 750 900 ἐν
798 849 914 904 τοῖς
973 841 1301 918 ἔμπροσθεν,
1344 840 1580 896 ἐντεῦθεν
1639 837 1747 909 ἤδη
1803 859 1942 914 προ-

282 943 495 1011 αναιρεί
525 937 726 1007 ταύτην
767 935 865 1002 τήν
898 935 1178 1002 ὑπόνοιαν,
1213 933 1297 988 ὅτι
1370 932 1508 1004 ὑμᾶς
1567 930 1732 996 θέλω,
1767 928 1829 984 οὗ
1873 929 1940 984 τὰ

285 1030 464 1102 ὑμῶν,
508 1027 596 1080 καὶ
632 1025 769 1097 ὑμᾶς
802 1024 1018 1098 ἀγαπῶ,
1061 1022 1127 1077 οὐ
1150 1024 1217 1076 τὰ
1277 1023 1451 1094 ὑμῶν,
1483 1018 1663 1095 ὥσπερ
1697 1019 1748 1073 οἱ
1777 1015 1938 1092 ψευδ-

284 1114 610 1174 απόστολοι.
649 1117 782 1172 Εἶτα
811 1114 900 1168 καὶ
933 1114 1041 1168 ἀπὸ
1071 1117 1168 1166 τοῦ
1205 1116 1390 1167 κοινοῦ
1423 1111 1691 1186 λογισμοῦ
1718 1109 1807 1162 καὶ
1837 1111 1937 1172 τῆς

282 1208 520 1278 φύσεως,
553 1210 838 1262 πιστοῦται
884 1205 976 1258 τὸν
1032 1204 1223 1278 λόγον,
1278 1201 1465 1256 ἑαυτὸν
1529 1201 1622 1273 μὲν
1683 1197 1733 1252 ἐι
1791 1197 1937 1267 τάξει

276 1298 510 1372 πατρὸς,
542 1295 780 1357 ἐκείνους
816 1292 872 1350 δὲ
901 1295 952 1348 ἐν
976 1294 1122 1363 τάξει
1142 1294 1362 1346 τέκνων.

2054 751 2449 823 negligentior
2506 766 2605 806 ero
2664 751 2821 806 circa
2869 757 3123 804 vestram
3158 750 3430 804 salutem.
3493 749 3716 806 Deinde

2053 840 2395 896 existiment
2422 840 2580 911 quod
2612 841 2992 912 nuncipsum
3052 840 3384 894 venientem
3445 843 3717 910 oporteat

2052 932 2297 986 omnino
2332 931 2403 987 ab
2439 933 2524 988 eis
2570 933 2669 992 ali.
2704 933 2960 987 maxime
3001 931 3286 1002 quoniam
3321 930 3391 985 de
3423 932 3532 986 hoc
3563 947 3711 1002 quo-

2051 1038 2164 1091 que
2192 1022 2373 1076 mulis
2396 1022 2681 1078 disseruit
2705 1023 2765 1076 in
2793 1021 3200 1093 superioribus
3229 1021 3540 1091 :hincjam
3557 1019 3712 1075 tollit

2048 1111 2308 1181 primum
2343 1113 2495 1168 hanc
2546 1113 2944 1185 suspicionem
2974 1129 2986 1164 :
3022 1110 3305 1182 quoniam
3339 1127 3459 1176 vos,
3494 1111 3709 1180 inquit,

2049 1201 2372 1271 cupionon
2395 1219 2524 1272 quae
2544 1209 2734 1257 vestra
2766 1208 2923 1268 sunt,
2945 1207 3003 1256 et
3023 1218 3122 1254 vos
3141 1201 3321 1264 diligo
3343 1215 3463 1254 non
3495 1206 3708 1268 vestra,

2049 1291 2551 1361 quemadmodum
2586 1291 3030 1364 pseudapostoli
3061 1289 3285 1346 Deinde
3309 1289 3484 1345 etiam
3511 1305 3544 1343 a
3573 1304 3714 1360 com_

273 1390 445 1446 muni
478 1404 659 1444 sensu
691 1393 750 1443 et
799 1391 1015 1442 natura
1067 1399 1404 1440 sermonem
1453 1380 1816 1437 confirmat:
1880 1377 2140 1451 seipsum
2198 1381 2438 1452 quidem
2499 1383 2620 1438 vice
2651 1382 2837 1453 patris
2885 1397 3135 1453 ponens,
3169 1380 3306 1434 illos
3328 1386 3527 1434 autem
3556 1378 3686 1434 loco

273 1480 564 1535 filiorum.

350 1567 492 1641 Ἐγὼ
574 1564 632 1621 δὲ
707 1563 904 1635 ἥδιστα
963 1561 1259 1631 δαπανήσω
1336 1559 1424 1616 καὶ
1497 1557 1938 1630 ἐκδαπανηθήσο-

281 1678 376 1729 μαι
441 1657 572 1730 aut?
631 1659 736 1709 τῶν
793 1658 987 1733 ψυχῶν
1047 1653 1220 1726 ὑμῶν,
1286 1651 1330 1706 εἰ
1387 1650 1477 1704 καὶ
1537 1648 1933 1722 περισσοτέρως

279 1744 422 1816 ὑμᾶς
463 1743 709 1817 ἀγαπῶς,
768 1732 936 1811 ἧττον
995 1740 1310 1812 ἀγαπῶμαι.
1372 1737 1553 1793 Ἔστω
1602 1732 1658 1790 δὲ
1705 1733 1816 1810 ἐγὼ
1870 1732 1932 1788 οὑ

275 1828 624 1906 κατεϐάρησα
684 1831 843 1903 ὑμᾶς,
904 1827 1032 1884 ἀλλ’
1091 1828 1354 1903 ὑπάρχων
1414 1829 1747 1899 πανοῦργος,
1781 1820 1930 1895 δόλῳ

272 1923 414 1994 ὑμᾶς
446 1916 664 1978 ἔλαϐον.
699 1922 787 1990 Μή
819 1941 941 1973 τινα
970 1920 1044 1972 ὧν
1073 1917 1385 1973 ἀπέσταλκα
1439 1915 1579 1988 πρὸς
1633 1915 1794 1986 ὑμᾶς,
1858 1911 1928 1968 δι’

2121 1558 2419 1626 ΧΙῌὸ-εθ.
2459 1581 2486 1608 α
2516 1561 2632 1632 Ego
2663 1575 2798 1614 vero
2848 1558 3242 1614 libentissime
3275 1558 3614 1630 impendam
3647 1563 3708 1614 et

2047 1671 2074 1698 ‹‹
2104 1650 2407 1721 expendar
2426 1667 2533 1723 pro
2556 1649 2867 1705 animabus
2890 1651 3096 1704 vestris
3131 1666 3142 1703 :
3176 1649 3316 1704 licet
3344 1649 3587 1704 uberius
3603 1665 3705 1704 vos

2046 1760 2073 1786 «
2106 1737 2362 1811 diligens
2391 1738 2591 1794 minus
2622 1739 2973 1811 diligar.Sed
3003 1739 3286 1808 esto,ipse
3319 1753 3439 1792 non
3469 1737 3703 1809 gravavi

2044 1849 2072 1876 ‹‹
2105 1844 2226 1889 vos,
2251 1843 2450 1883 verum
2476 1845 2609 1884 cum
2636 1844 2828 1884 essem
2852 1827 3245 1896 astutus,dolo
3269 1844 3368 1882 vos
3390 1827 3699 1898 cepi.Num

2040 1939 2065 1965 ‹‹
2100 1933 2206 1988 per
2219 1933 2580 1988 quemquam
2606 1933 2806 1973 eorum
2824 1933 2971 1988 quos
2987 1917 3119 1971 misi
3136 1916 3209 1971 ad
3222 1933 3324 1971 vos
3339 1915 3701 1971 circumveni

271 2013 442 2066 αὐτοῦ
485 2007 875 2080 ἐπλεονέκτησα
936 2009 1122 2081 ὑμᾶς;
1186 2003 1532 2080 ΙΙαρεκάλεσα
1587 2004 1770 2072 Τίτον,
1830 2003 1911 2058 καῖ

2033 2027 2060 2052 ‹‹
2079 2023 2180 2061 vos
2206 2007 2232 2060 ?
2264 2008 2476 2079 Rogavi
2516 2007 2730 2070 Titum,
2765 2013 2823 2062 et
2851 2023 2971 2062 una
2992 2023 3125 2061 cum
3144 2006 3248 2061 illo
3270 2007 3405 2061 misi
3428 2005 3695 2062 fratrem.

270 2097 652 2154 συναπέστειλα
683 2099 774 2154 τὸν
807 2095 1061 2175 ἀδελφόν.
1095 2098 1184 2166 Μή
1217 2117 1270 2150 τι
1324 2093 1747 2164 ἐπλεονέκτησεν
1779 2093 1918 2166 ὑμᾶς

263 2189 426 2252 Τίτος
461 2208 474 2257 ;
507 2189 582 2246 Οὐ
626 2193 704 2260 τῷ
753 2187 902 2259 αὑτῷ
959 2188 1225 2261 πνεύματι
1285 2186 1756 2259 περιεπατήσαμεν
1795 2184 1917 2252 ;Οὐ

253 2285 377 2342 τοῖς
411 2278 597 2342 αὐτοῖς
625 2279 805 2354 ἲχνεσι
841 2297 854 2344 ;
897 2276 1067 2334 Πάλιν
1127 2275 1335 2332 δοκεῖτε
1393 2277 1478 2330 ὅτι
1532 2275 1659 2346 ὑμῖν
1712 2272 1918 2327 ἀπολο-

249 2371 350 2445 γοῦ
359 2370 459 2441 μεθ
470 2390 519 2422 α.

319 2461 488 2531 Ὁρᾷς
522 2460 728 2520 πόσους
790 2457 1032 2532 βαθμοὺς
1101 2451 1218 2531 ἔχει
1281 2449 1603 2527 ὑπερϐολῶν
1658 2452 1724 2506 τὰ
1782 2452 1917 2506 κατὰ

251 2551 343 2604 τὸν
380 2547 604 2604 Παῦλον
640 2568 652 2617 ;
687 2544 835 2604 Ἔδει
869 2542 1082 2612 λαϐεῖν,
1115 2549 1211 2599 τοῦ
1255 2541 1490 2617 Χριστοῦ
1541 2546 1704 2596 τοῦτο
1733 2539 1918 2595 κελεύ-

255 2660 468 2706 σαντος,
502 2638 590 2692 καὶ
625 2637 724 2692 οὐκ
780 2633 992 2692 ἔλαϐεν.
1053 2633 1194 2692 Ἰδοὺ
1252 2635 1355 2695 εἷς.
1419 2631 1517 2689 Καὶ
1576 2631 1912 2705 ὑστερούμε-

253 2749 362 2790 νος.
396 2726 538 2782 Ἰδου
573 2727 688 2782 δύο.
733 2727 834 2784 Καὶ
863 2726 1048 2788 αὐτοῖς
1086 2725 1400 2799 κηρύσσων.
1444 2719 1584 2778 Ἰδοὺ
1613 2726 1778 2796 τρεῖς.
1819 2721 1914 2776 Καὶ

254 2815 313 2871 οῦ
349 2816 518 2890 μόνον
554 2815 615 2869 οὑ
643 2809 934 2886 λαμϐάνει,
991 2811 1137 2868 ἀλλᾶ
1175 2811 1266 2867 καὶ
1316 2813 1416 2880 τήν
1469 2811 1639 2883 σάρκα
1672 2809 1718 2864 εἰ
1776 2804 1913 2879 δέοι,

253 2902 616 2979 προσδίδωσι.
648 2905 936 2975 Τεσσαρες.
988 2903 1123 2959 Εἶτα
1182 2900 1274 2954 σὺν
1331 2903 1398 2972 τῇ
1433 2899 1612 2974 σαρκὶ,
1667 2898 1758 2952 καὶ
1815 2897 1914 2965 τὴν

259 2996 446 3070 ψυχὴν
515 2993 705 3063 αὐτήν.
767 2994 1046 3064 Πέμπτον.
1098 2992 1197 3047 Καὶ
1261 2990 1394 3064 ὑπὲρ
1424 2993 1533 3044 τῶν
1598 2987 1673 3058 μὴ
1705 2983 1914 3065 “ﬁsng

256 3084 564 3163 φιλούντων
601 3083 783 3140 αὐτόν.
814 3084 1038 3138 Ἐκτον.
1075 3081 1171 3135 Καὶ
1195 3077 1324 3136 οὐδὲ
1353 3083 1416 3134 τὸ
1476 3078 1775 3151 ἀγαπῶντα
1833 3078 1910 3148 μὴ

256 3175 588 3247 ἀγαπᾶσθαι,
631 3172 864 3246 ἐγκοπήν
924 3191 1046 3224 τινα
1098 3175 1265 3224 ποιεῖ.
1308 3163 1610 3239 Ἕϐδομον.
1657 3164 1795 3240 Ἐγὼ
1855 3163 1913 3219 δὲ

256 3263 462 3333 πατρὸς
492 3262 699 3337 ἐπέχων
728 3261 804 3324 εἷς
835 3262 975 3333 ὑμᾶς
1000 3259 1166 3330 τάξιν,
1198 3258 1260 3314 οὐ
1315 3258 1478 3330 μόνον
1510 3257 1571 3310 οὑ
1631 3254 1908 3329 λήψομαι,

2031 2116 2058 2143 ‹‹
2092 2097 2238 2149 Num
2263 2096 2324 2150 in
2337 2095 2538 2167 aliquo
2581 2097 2972 2151 circumvenit
2991 2113 3089 2151 vos
3119 2096 3280 2150 Titus
3303 2095 3330 2149 ἱ)
3354 2097 3570 2150 Annon
3593 2111 3697 2150 eo-

2030 2205 2059 2231 ‹‹
2085 2184 2216 2238 dem
2245 2186 2456 2256 spiritu
2469 2185 2944 2240 ambulavimus?
2965 2184 3392 2240 annoniisdem
3406 2183 3700 2256 vestigiis?

2029 2295 2054 2321 ‹‹
2087 2276 2342 2328 Rursum
2364 2274 2737 2330 arbitramini
2786 2275 2943 2345 quod
2963 2291 3073 2329 nos
3101 2290 3306 2329 coram
3336 2274 3500 2328 vobis
3524 2289 3694 2329 excu-

2025 2383 2053 2411 ‹‹
2088 2379 2296 2418 seruus
2319 2363 2347 2418 ?
2378 2385 2405 2413 ››

2101 2453 2458 2524 Viden,quot
2479 2453 2846 2509 excellentia:
2860 2453 3076 2526 gradus
3090 2451 3487 2508 habentPauli
3502 2452 3696 2525 gesta?

2024 2542 2513 2614 Potuitaccipere
2550 2559 2685 2597 cum
2716 2543 3084 2614 hocjuberet
3117 2543 3407 2605 Christus,
3461 2548 3522 2597 et
3571 2558 3694 2597 non

2023 2631 2253 2702 accepit
2293 2648 2304 2685 :
2358 2649 2494 2687 ecce
2544 2648 2720 2688 unus.
2773 2634 2842 2686 Et
2879 2647 3056 2704 egens
3110 2637 3284 2686 erat:
3333 2647 3470 2686 ecce
3515 2631 3688 2686 alter.

2025 2727 2094 2780 Et
2127 2727 2276 2782 102
2309 2726 2452 2798 ipsis
2508 2727 2872 2799 przedicabat
2905 2743 2917 2779 :
2979 2727 3127 2782 Ecce
3183 2726 3416 2780 tertius.
3446 2727 3560 2781 Nec
3594 2741 3687 2780 so-

2025 2816 2151 2870 lum
2183 2832 2303 2871 non
2337 2817 2570 2888 accipit,
2606 2834 2808 2873 verum
2843 2817 3021 2872 etiam
3056 2817 3102 2870 si
3134 2833 3284 2888 opus
3317 2817 3414 2881 sit,
3447 2831 3688 2871 carnem

2025 2905 2444 2976 impenderet:
2481 2922 2616 2961 ecce
2650 2913 2915 2976 quartus.
2974 2906 3198 2961 Deinde
3251 2922 3387 2961 cum
3441 2921 3684 2976 corpore

2023 2994 2203 3048 etiam
2236 2995 2498 3049 animam
2531 2995 2718 3065 ipsam
2747 3011 2759 3060 ;
2795 3011 2930 3049 ecce
2964 2995 3230 3065 quintus.
3257 2993 3441 3064 quue
3473 3009 3578 3065 pro
3611 2993 3684 3049 iis

2024 3083 2124 3152 qui
2158 3099 2278 3137 non
2346 3083 2667 3138 admodum
2705 3084 2900 3154 ipsum
2931 3089 3238 3137 amarent:
3271 3099 3405 3137 ecce
3465 3087 3686 3139 sextus.

2020 3174 2145 3226 Imo
2177 3189 2312 3227 cum
2373 3190 2566 3243 neque
2626 3178 2926 3228 amantem
2984 3171 3384 3237 reclamarent,
3429 3171 3582 3226 nihil
3613 3172 3686 3227 de

2022 3277 2223 3316 amore
2258 3262 2578 3316 diminuit:
2612 3277 2747 3317 ecce
2788 3262 3098 3333 septimus.
3133 3263 3248 3332 Ego
3307 3267 3529 3329 tamen,
3590 3261 3683 3317 in-

253 3349 403 3408 ἀλλὰ
461 3352 547 3407 καὶ
631 3353 867 3427 παρέξω,
928 3351 1016 3405 καὶ
1103 3349 1164 3406 οὐ
1253 3351 1537 3424 χρήματα,
1618 3347 1744 3401 ἀλλ’
1819 3345 1910 3400 αὖ·

2026 3350 2172 3420 quit,
2205 3367 2342 3405 cum
2375 3351 2557 3422 patris
2576 3351 2761 3406 vicem
2810 3367 3011 3422 geram
3044 3367 3181 3422 erga
3211 3367 3332 3418 vos,
3358 3367 3477 3405 non
3509 3350 3683 3406 modo

248 3442 340 3498 τὸν
392 3443 491 3516 ἐμὲ
549 3445 637 3497 καὶ
703 3445 802 3511 τὴν
857 3441 1094 3513 ἐμαυτοῦ
1181 3440 1371 3514 σάρκα.
1432 3440 1610 3495 Τοῦτο
1659 3437 1763 3511 γὰρ
1820 3434 1905 3502 τὸ,

249 3529 832 3602 Έκδαπαντβήσοςιαι,
917 3531 1187 3599 τουτέστι,
1247 3528 1343 3583 κᾶν
1413 3530 1511 3595 τὴν
1571 3526 1742 3602 σάρκα
1794 3523 1906 3580 δὲοι

247 3617 585 3685 δαπανᾶσθαι
615 3622 747 3695 ὑπὲρ
781 3622 959 3694 ὑμῶν,
994 3620 1059 3675 οὑ
1092 3618 1368 3695 φείσομαι,
1403 3642 1429 3668 (ι
1474 3615 1538 3672 Εἰ
1598 3617 1687 3670 καὶ
1719 3633 1904 3688 περισ-

243 3714 480 3787 σοτέριυς
542 3712 678 3782 ὑμᾶς
739 3711 954 3784 ἀγαπῶ.
1020 3733 1046 3758 ι)
1096 3709 1200 3766 Καὶ
1255 3711 1421 3761 ταῦτα
1489 3709 1658 3771 ποιῶ,
1717 3703 1904 3778 φησῖν,

247 3799 371 3876 ὑπὲρ
404 3805 520 3856 τῶν
560 3800 680 3855 λίαν
742 3800 836 3873 μὲν
894 3796 1266 3876 φιλουμένων,
1315 3797 1479 3864 ἧττον
1537 3791 1594 3849 δὲ
1649 3794 1904 3870 ἀγαπών-

470 3891 491 3909 ul
689 3886 730 3906 ἢκ
800 3888 819 3920 1
877 3888 890 3905 \
1017 3889 1030 3907 ς
1159 3908 1184 3918 _
1221 3881 1250 3905 β
1273 3886 1281 3900 ί
1501 3885 1515 3904 ρ
1578 3888 1636 3916 ν,
1892 3883 1903 3904 9

236 3910 364 3946 των.
405 3915 434 3942 ‹‹
495 3892 653 3946 Εστω
685 3909 742 3944 οε
799 3911 912 3962 εγω
974 3909 1038 3942 ου
1087 3906 1433 3958 καιεοαρησα
1496 3904 1654 3956 υμα...
1691 3907 1718 3934 ››
1783 3886 1886 3939 Κατ

238 3977 518 4053 ἐρώτησιν
541 3980 771 4054 προάγει
802 3979 895 4033 τὸν
929 3975 1122 4050 λόγον,
1158 3976 1247 4031 καί
1307 3995 1462 4046 φησι,
1524 3977 1686 4028 τοῦτο
1744 3973 1902 4043 ὡμο-

242 4066 510 4146 λόγηται,
544 4069 626 4124 ὅτι
660 4067 765 4142 ἐγὼ
789 4069 853 4123 οὐ
885 4062 1229 4141 κατεϐάρησα
1289 4066 1427 4135 ὑμᾶς
1486 4061 1537 4117 ἐν
1573 4067 1654 4134 τῷ
1712 4057 1901 4117 λαϐεῖν

237 4144 517 4215 τι.ἽἈλλ’
563 4158 828 4236 ὑπάρχων
886 4161 1211 4232 πανοῦργος,
1275 4151 1424 4226 δόλῳ
1481 4155 1623 4224 ὑμᾶς
1684 4144 1901 4220 ἔλαϐον,

236 4251 513 4316 τουτέστι,
577 4244 728 4319 δόλῳ
783 4247 926 4320 ὑμᾶς
987 4244 1453 4319 μετεχειρισάμτ,ν
1504 4243 1594 4297 καὶ
1623 4242 1899 4311 ἠκόντισα.

239 4341 339 4396 Καὶ
374 4339 494 4412 ἐγὼ
531 4338 622 4410 μὲν
663 4333 1108 4408 αὑτοπροσώπως
1156 4330 1310 4388 οὐδὲν
1365 4331 1586 4411 ε’ἶληφα.
1647 4333 1790 4407 ’Λρα
1823 4335 1900 4405 μή

239 4428 331 4487 διὰ
395 4427 580 4502 μέσων
637 4432 799 4482 τινῶν
853 4430 1016 4480 τοῦτο
1072 4423 1292 4498 ἔπραξα,
1339 4423 1559 4495 πέμψας
1611 4423 1759 4484 τινὰς
1812 4423 1902 4478 καὶ

237 4519 310 4578 δι’
341 4522 527 4576 αὐτῶν
563 4513 792 4587 lusum;
833 4516 1134 4589 Οὐμενοῦν.
1196 4513 1258 4568 Ol.
1311 4513 1412 4586 γὰρ
1458 4511 1707 4575 ἐλθόντες
1765 4515 1900 4587 πρὸς

235 4613 410 4684 υμᾶς,
447 4614 564 4672 τοῖς
593 4607 749 4680 ἐμοῖς
812 4606 1018 4682 ἴχνεσιν
1074 4603 1481 4674 ἠκολούθησαν.
1520 4605 1650 4658 «Δι’
1706 4604 1899 4659 ἑαυτοῦ

232 4700 644 4771 ἰπλεονὲκτησα
675 4702 817 4772 ὑμᾶς
854 4717 924 4767 ;››
967 4699 1098 4755 Οἷον
1155 4693 1244 4751 διὰ
1305 4694 1468 4767 μέσου
1527 4695 1726 4752 αὐτῶν.
1757 4697 1898 4770 "Ope:
1933 4725 1978 4789 D

236 4789 318 4861 δὶ,
351 4790 673 4858 πλεονεξίαν
700 4791 879 4856 καλεῖ,
900 4789 963 4842 τὸ
992 4787 1138 4860 παρά
1170 4785 1408 4840 ἀκόντων
1443 4778 1652 4838 λαϐεῖν.
1677 4785 1770 4841 Καὶ
1802 4785 1901 4839 αὖ·

233 4887 355 4944 τοῖς
392 4879 456 4936 δὲ
483 4881 666 4954 ἡρέμα
726 4875 1000 4948 ὀνειδίζει,
1053 4877 1126 4936 ὡς
1182 4876 1270 4930 καὶ
1326 4874 1501 4930 αὐτῶν
1556 4872 1900 4930 πλεονεκτεῖ-

233 4973 360 5027 σθαι
393 4970 746 5043 ἡγουμένων,
806 4967 851 5022 εἱ
910 4967 1170 5041 θρέψουσι
1222 4963 1456 5022 Παῦλον.
1491 4989 1517 5015 ‹‹
1555 4963 1902 5039 Παρεκάλεσα

231 5060 430 5120 Τίτον.
493 5082 522 5110 »
574 5059 676 5115 Καὶ
729 5061 890 5111 τοῦτο
922 5052 1313 5116 ὀνειδιστικῶς.
1368 5053 1440 5108 Οὐ
1500 5053 1604 5130 γὰρ
1662 5048 1902 5128 ἔπεμψα,

231 5149 392 5207 ἀλλὰ
444 5145 808 5223 παρεκάλεσα,
860 5143 1068 5207 δεικνὺς
1102 5143 1184 5199 ὅτι
1243 5143 1289 5199 εἰ
1347 5144 1437 5198 καὶ
1494 5140 1741 5221 εἴληφεν,
1799 5143 1902 5198 οὐκ

232 5235 588 5317 ὴφάληΛώ
645 5235 750 5313 γὰρ
815 5231 1156 5308 αὑτομάτως,
1189 5231 1337 5288 ἀλλᾶ
1420 5233 1556 5287 κατὰ
1611 5231 1898 5308 παράκλη-

233 5349 318 5384 σιν
355 5325 552 5397 ἦλθεν.
586 5322 742 5383 Ἀλλ’
773 5325 951 5398 ὅμως,
973 5320 1098 5380 οῦδὲ
1129 5321 1303 5384 οὕτως
1325 5321 1568 5400 εἴληφεν.
1599 5322 1696 5378 Ἠν
1731 5317 1788 5376 δὲ
1807 5321 1897 5376 καί

233 5439 361 5474 τινα
389 5413 564 5472 ἅΛλον
595 5419 675 5487 τῷ
723 5415 875 5485 Τίτῳ
931 5409 1376 5472 συναποστείλας.
1410 5435 1438 5462 ‹‹
1470 5407 1547 5469 Ob
1605 5415 1684 5482 τῷ
1752 5407 1899 5483 αἰ)τῷ

232 5507 515 5580 πνεὺματι
542 5507 1018 5579 περιεπατήσαμεν
1055 5523 1068 5572 ;
1105 5527 1132 5555 ››
1179 5503 1489 5570 Τουτὲστιν,
1539 5499 1601 5557 οὒ
1631 5499 1700 5576 τῇ
1761 5502 1896 5576 αὐτῇ

233 5597 435 5672 χάριτι
530 5595 617 5650 καὶ
652 5593 758 5669 ἐγώ
794 5611 807 5662 ;
839 5595 1012 5650 Τοῦτο
1063 5593 1215 5668 λέγει
1272 5595 1508 5664 πνεῦμα,
1563 5588 1732 5665 ἤγουν
1786 5591 1898 5666 χά-

231 5704 418 5761 ρισμα
449 5682 831 5756 πνευματικόν.
867 5681 1124 5755 Χάρισμα
1158 5677 1215 5734 δὲ
1255 5678 1416 5734 καλεῖ
1467 5680 1530 5733 τὸ
1559 5685 1785 5754 πρᾶγμα
1839 5679 1900 5734 τὸ

234 5771 600 5845 κινούμενον
630 5773 704 5844 μὴ
739 5764 947 5828 λαϐεῖν.
977 5770 1118 5844 ’Ὁρα
1149 5765 1206 5824 δὲ
1233 5772 1353 5830 πῶς
1383 5767 1448 5823 τὰ
1477 5768 1653 5824 οἰκεῖα
1705 5788 1900 5843 κατορ-

236 5861 479 5936 θώματα
506 5866 585 5934 τῷ
615 5865 732 5933 θεῷ
758 5860 1064 5929 ἀνατίθησι.
1103 5882 1132 5912 ‹‹
1161 5855 1240 5918 Οἱ)
1269 5862 1385 5921 τοῖς
1417 5857 1601 5918 αὐτοῖς
1633 5855 1808 5936 ἴχνεσι
1833 5880 1850 5933 ς
1874 5884 1902 5914 η

2023 3460 2141 3498 non
2171 3444 2690 3514 accipiam,verum
2717 3446 2895 3500 etiam
2922 3445 3200 3516 praebebo
3226 3463 3237 3498 :
3262 3461 3371 3500 nec
3402 3446 3686 3516 pecunias

2014 3538 2117 3588 aut
2163 3534 2596 3603 possessiones,
2658 3534 2760 3587 sed
2817 3536 3111 3606 meipsum
3146 3540 3203 3588 et
3249 3550 3446 3590 meam
3492 3534 3680 3606 ipsius

2013 3637 2274 3677 carnem.
2300 3623 2446 3677 Nam
2479 3624 2589 3678 hoc
2635 3623 2908 3693 designat
2936 3646 2964 3673 «
2999 3622 3343 3696 Expendar:
3371 3646 3398 3673 ››
3423 3625 3534 3679 hoc
3565 3630 3675 3691 est,

2013 3710 2190 3764 etiam
2224 3711 2272 3765 si
2305 3703 2548 3766 carnem
2579 3718 2973 3784 oporteatpro
2991 3713 3158 3767 vobis
3181 3712 3675 3784 impendere,non

2012 3815 2269 3870 parcam.
2307 3823 2332 3849 ‹‹
2370 3801 2530 3856 Licet
2558 3801 2801 3856 uberius
2831 3819 2933 3856 vos
2965 3801 3168 3875 diligo.
3204 3823 3232 3852 »
3285 3804 3355 3856 Et
3402 3802 3547 3868 haec,
3580 3802 3669 3857 in-

2012 3889 2160 3959 quit,
2192 3889 2342 3945 facio
2375 3907 2482 3961 pro
2529 3891 2621 3945 his
2645 3892 2744 3961 qui
2771 3892 3157 3946 vehementer
3186 3891 3428 3963 quidem
3460 3906 3668 3945 aman-

2012 3985 2127 4043 tur,
2165 3980 2270 4034 sed
2332 3981 2530 4036 minus
2579 3986 2802 4036 amant.
2859 4004 2888 4031 «
2922 3982 3034 4037 Sed
3068 3988 3212 4045 esto,
3241 3997 3344 4054 ego
3389 3982 3515 4052 ipse
3551 3996 3673 4037 non

2009 4069 2238 4137 gravavi
2267 4086 2388 4124 vos.
2444 4090 2471 4118 ››
2523 4073 2633 4124 Per
2662 4071 3189 4144 interrogationem
3230 4069 3505 4141 producit
3553 4085 3675 4125 ser-

2010 4175 2272 4226 monem,
2307 4166 2366 4216 et
2393 4161 2477 4216 ait
2506 4178 2518 4214 :
2554 4162 2671 4217 Hoc
2704 4162 2764 4217 in
2797 4162 3066 4217 confesso
3098 4167 3189 4217 est
3213 4162 3372 4233 quod
3412 4176 3517 4234 ego
3547 4161 3674 4232 ipse

2011 4265 2132 4304 non
2161 4250 2523 4322 gravaverim
2554 4267 2659 4305 vos
2689 4251 3035 4323 accipiendo
3065 4252 3391 4322 quidquam
3428 4267 3440 4304 :
3467 4266 3672 4306 verum

2010 4354 2145 4394 cum
2177 4345 2409 4395 astutus
2447 4355 2661 4406 essem,
2697 4340 2832 4396 dolo
2864 4357 2964 4396 vos
2996 4341 3125 4412 cepi
3160 4356 3173 4396 :
3218 4341 3331 4396 hoc
3389 4346 3499 4407 est,
3534 4339 3670 4396 dolo

2008 4445 2110 4484 vos
2143 4429 2385 4484 tractavi
2416 4435 2474 4484 et
2504 4446 2815 4503 aggressus
2841 4448 2972 4487 sum
2998 4449 3010 4487 :
3046 4438 3103 4486 et
3135 4448 3238 4504 ego
3263 4430 3506 4502 quidem
3538 4445 3671 4503 pro-

2009 4517 2138 4588 pria
2161 4533 2418 4588 persona
2448 4520 2598 4574 nihil
2632 4521 2832 4592 accepi
2873 4537 2885 4574 :
2917 4537 3060 4577 num
3095 4521 3274 4594 igitur
3305 4537 3410 4592 per
3437 4520 3668 4575 medios

2010 4607 2298 4675 quosdam
2330 4607 2442 4662 hoc
2471 4608 2604 4676 feci,
2639 4610 2882 4664 mittens
2909 4610 3143 4681 aliquos
3175 4616 3236 4665 et
3263 4627 3371 4681 per
3408 4609 3540 4666 illos
3571 4624 3666 4665 ac-

2009 4697 2237 4768 cipiens
2259 4698 2286 4752 ‘I
2316 4700 2721 4770 Nequaquam.
2754 4701 2899 4755 Nam
2933 4701 3033 4772 qui
3083 4701 3157 4756 ad
3213 4716 3318 4755 vos
3355 4705 3668 4766 venerunt,

2014 4803 2148 4842 mea
2170 4788 2412 4859 vestigia
2455 4789 2640 4844 secuti
2674 4796 2830 4845 sunt.
2872 4813 2892 4839 ι
2944 4792 3094 4846 Num
3145 4808 3250 4863 per
3305 4808 3669 4865 quemquam

2013 4876 2486 4932 circumvenivos
2517 4878 2543 4931 ?
2567 4899 2594 4926 »
2629 4879 2746 4934 Hoc
2777 4885 2885 4945 est,
2921 4896 3028 4952 per
3056 4879 3318 4935 medium
3352 4881 3618 4952 ipsorum
3644 4884 3674 4939 ‘I

2013 4966 2156 5021 Vide
2195 4973 2392 5021 autem
2427 4967 2584 5038 quod
2615 4968 2888 5025 fraudem
2945 4985 3013 5024 ac
3064 4970 3467 5027 extorsionem
3513 4972 3674 5029 dicat

2012 5055 2083 5111 ab
2117 5057 2315 5111 invitis
2355 5057 2623 5129 accipere
2649 5062 2675 5124 ξε
2729 5059 2992 5130 ipsisque
3049 5059 3223 5116 tacite
3280 5061 3668 5134 improperat,

2011 5145 2170 5218 quod
2202 5162 2263 5201 se
2297 5146 2727 5203 circumvenire
2758 5148 3046 5204 ducerent
3061 5150 3109 5204 si
3133 5150 3382 5206 Paulum
3414 5151 3667 5212 alerent.

2013 5257 2040 5286 ‹‹
2073 5237 2287 5309 Rogavi
2335 5237 2545 5293 Titum.
2588 5260 2614 5285 ››
2673 5239 2742 5292 Et
2772 5237 2882 5294 hoc
2913 5255 3021 5310 per
3049 5238 3477 5311 improperium
3516 5240 3668 5298 dici-

2011 5329 2108 5382 tur
2139 5342 2152 5381 :
2185 5343 2305 5381 non
2335 5326 2493 5382 enim
2523 5327 2681 5396 misi,
2717 5328 2818 5384 sed
2862 5329 3056 5402 rogavi
3093 5346 3106 5382 :
3157 5331 3481 5387 ostendens
3511 5331 3669 5402 quod

2009 5414 2058 5472 si
2085 5415 2263 5471 etiam
2292 5417 2620 5488 accepisset
2638 5432 2756 5472 non
2777 5423 3110 5489 peccasset:
3143 5435 3339 5490 neque
3363 5421 3521 5476 enim
3537 5436 3671 5492 pro-

2009 5505 2139 5576 pria
2171 5511 2382 5577 sponte
2414 5505 2712 5577 profectus
2752 5512 2861 5574 est,
2897 5507 3000 5562 sed
3047 5515 3325 5582 rogatus:
3357 5514 3416 5565 et
3469 5514 3670 5565 tamen

2010 5609 2084 5648 ne
2103 5593 2185 5648 ita
2213 5593 2458 5664 quidem
2489 5595 2737 5666 accepit.
2772 5595 3010 5650 Miserat
3031 5603 3229 5652 autem
3260 5597 3443 5652 alium
3467 5611 3668 5667 quem.

2012 5680 2147 5738 dam
2178 5699 2298 5738 una
2327 5699 2462 5739 cum
2501 5684 2646 5741 Tito.
2682 5707 2709 5734 «
2746 5687 2954 5741 Annon
3011 5685 3221 5742 eodem
3273 5685 3485 5758 spiritu
3541 5701 3667 5741 am-

2010 5771 2394 5830 bulavimus?
2427 5795 2449 5826 ι
2481 5775 2545 5831 Id
2581 5779 2688 5842 est,
2723 5791 2923 5832 nonne
2984 5774 3190 5832 eadem
3249 5779 3436 5848 gratia
3465 5791 3583 5847 qua
3613 5780 3674 5833 et

2010 5879 2120 5937 ego
2141 5863 2168 5918 Ἰ
2196 5865 2317 5921 Hoc
2337 5863 2615 5937 spiritum
2655 5864 2798 5922 dicit
2827 5866 2948 5922 sive
2978 5865 3206 5922 donum
3237 5863 3523 5937 spiritale.
3557 5867 3673 5926 Fa-
