  <div class='ocr_page' id='page_1' title='image "/cluster/home/n/w/nwhite01/storage/ocr_20150623/118:no.1/coo.31924054870229/555.png"; bbox 0 0 4098 6398; ppageno 0'>
   <div class='ocr_carea' id='block_1_1' title="bbox 417 488 572 551">
    <p class='ocr_par' dir='ltr' id='par_1_1' title="bbox 417 488 572 551">
     <span class='ocr_line' id='line_1_1' title="bbox 417 488 572 551; baseline -0.019 0"><span class='ocrx_word' id='word_1_1' title='bbox 417 488 572 551; x_wconf 78' lang='grc'>1075</span> 
     </span>
    </p>
   </div>
   <div class='ocr_carea' id='block_1_2' title="bbox 1527 475 2719 544">
    <p class='ocr_par' dir='ltr' id='par_1_2' title="bbox 1527 475 2719 544">
     <span class='ocr_line' id='line_1_2' title="bbox 1527 475 2719 544; baseline -0.008 0"><span class='ocrx_word' id='word_1_2' title='bbox 1527 479 1944 544; x_wconf 79' lang='lat' dir='ltr'>CECUMENII</span> <span class='ocrx_word' id='word_1_3' title='bbox 1987 476 2297 539; x_wconf 68' lang='grc' dir='ltr'>ΤΗΙοοΕ</span> <span class='ocrx_word' id='word_1_4' title='bbox 2340 475 2719 537; x_wconf 78' lang='lat' dir='ltr'>EPISCOPI.</span> 
     </span>
    </p>
   </div>
   <div class='ocr_carea' id='block_1_3' title="bbox 3686 473 3847 533">
    <p class='ocr_par' dir='ltr' id='par_1_3' title="bbox 3686 473 3847 533">
     <span class='ocr_line' id='line_1_3' title="bbox 3686 473 3847 533; baseline 0.006 -1"><span class='ocrx_word' id='word_1_5' title='bbox 3686 473 3847 533; x_wconf 68' lang='grc'>1076</span> 
     </span>
    </p>
   </div>
   <div class='ocr_carea' id='block_1_4' title="bbox 416 604 2084 688">
    <p class='ocr_par' dir='ltr' id='par_1_4' title="bbox 416 614 2066 688">
     <span class='ocr_line' id='line_1_4' title="bbox 416 614 2066 688; baseline -0.005 -11"><span class='ocrx_word' id='word_1_6' title='bbox 416 624 576 677; x_wconf 88' lang='lat' dir='ltr'>ctum</span> <span class='ocrx_word' id='word_1_7' title='bbox 606 621 807 675; x_wconf 81' lang='lat' dir='ltr'>autem</span> <span class='ocrx_word' id='word_1_8' title='bbox 834 622 1004 675; x_wconf 82' lang='lat' dir='ltr'>vocat</span> <span class='ocrx_word' id='word_1_9' title='bbox 1029 616 1279 684; x_wconf 85' lang='lat' dir='ltr'><strong>donum,</strong></span> <span class='ocrx_word' id='word_1_10' title='bbox 1302 633 1519 688; x_wconf 80' lang='lat' dir='ltr'><strong>nempe</strong></span> <span class='ocrx_word' id='word_1_11' title='bbox 1550 616 1729 671; x_wconf 90' lang='lat' dir='ltr'>etiam</span> <span class='ocrx_word' id='word_1_12' title='bbox 1760 614 1823 670; x_wconf 89' lang='lat' dir='ltr'>in</span> <span class='ocrx_word' id='word_1_13' title='bbox 1880 628 2066 686; x_wconf 81' lang='lat' dir='ltr'>angu-</span> 
     </span>
    </p>
   </div>
   <div class='ocr_carea' id='block_1_5' title="bbox 2196 604 3840 688">
    <p class='ocr_par' dir='ltr' id='par_1_5' title="bbox 2196 604 3840 683">
     <span class='ocr_line' id='line_1_5' title="bbox 2196 604 3840 683; baseline -0.004 -16"><span class='ocrx_word' id='word_1_14' title='bbox 2196 609 2497 677; x_wconf 75' lang='grc' dir='ltr'><strong>Γουτέστιν,</strong></span> <span class='ocrx_word' id='word_1_15' title='bbox 2521 605 2647 663; x_wconf 70' lang='grc' dir='ltr'><strong>οῦδὲ</strong></span> <span class='ocrx_word' id='word_1_16' title='bbox 2679 608 2873 683; x_wconf 83' lang='grc' dir='ltr'><strong>μικρὸν</strong></span> <span class='ocrx_word' id='word_1_17' title='bbox 2902 605 3256 681; x_wconf 74' lang='grc' dir='ltr'>παρήλλαξαν</span> <span class='ocrx_word' id='word_1_18' title='bbox 3304 605 3502 662; x_wconf 72' lang='grc' dir='ltr'><strong>ἐκεῖνοι</strong></span> <span class='ocrx_word' id='word_1_19' title='bbox 3539 604 3639 675; x_wconf 81' lang='grc' dir='ltr'><strong>τήν</strong></span> <span class='ocrx_word' id='word_1_20' title='bbox 3696 605 3840 677; x_wconf 71' lang='grc' dir='ltr'><strong>ἐμὴν</strong></span> 
     </span>
    </p>
   </div>
   <div class='ocr_carea' id='block_1_6' title="bbox 416 706 2072 779">
    <p class='ocr_par' dir='ltr' id='par_1_6' title="bbox 416 706 2072 779">
     <span class='ocr_line' id='line_1_6' title="bbox 416 706 2072 779; baseline -0.004 -16"><span class='ocrx_word' id='word_1_21' title='bbox 416 708 546 765; x_wconf 86' lang='lat' dir='ltr'>stiis</span> <span class='ocrx_word' id='word_1_22' title='bbox 578 709 837 779; x_wconf 90' lang='lat' dir='ltr'>positum</span> <span class='ocrx_word' id='word_1_23' title='bbox 867 725 986 763; x_wconf 90' lang='lat' dir='ltr'>non</span> <span class='ocrx_word' id='word_1_24' title='bbox 1019 708 1308 777; x_wconf 80' lang='lat' dir='ltr'>accipere.</span> <span class='ocrx_word' id='word_1_25' title='bbox 1342 706 1667 761; x_wconf 64' lang='lat' dir='ltr'>Considera</span> <span class='ocrx_word' id='word_1_26' title='bbox 1720 719 1856 759; x_wconf 88' lang='lat' dir='ltr'>vero</span> <span class='ocrx_word' id='word_1_27' title='bbox 1916 719 2072 775; x_wconf 91' lang='lat' dir='ltr'>quo—</span> 
     </span>
    </p>
   </div>
   <div class='ocr_carea' id='block_1_7' title="bbox 415 796 2072 869">
    <p class='ocr_par' dir='ltr' id='par_1_7' title="bbox 415 796 2072 869">
     <span class='ocr_line' id='line_1_7' title="bbox 415 796 2072 869; baseline -0.004 -16"><span class='ocrx_word' id='word_1_28' title='bbox 415 797 591 853; x_wconf 89' lang='lat' dir='ltr'>modo</span> <span class='ocrx_word' id='word_1_29' title='bbox 616 815 723 852; x_wconf 90' lang='lat' dir='ltr'>sua</span> <span class='ocrx_word' id='word_1_30' title='bbox 754 797 910 853; x_wconf 90' lang='lat' dir='ltr'>bona</span> <span class='ocrx_word' id='word_1_31' title='bbox 941 813 1122 869; x_wconf 88' lang='lat' dir='ltr'>opera</span> <span class='ocrx_word' id='word_1_32' title='bbox 1146 798 1262 852; x_wconf 78' lang='lat' dir='ltr'>Deo</span> <span class='ocrx_word' id='word_1_33' title='bbox 1321 796 1540 850; x_wconf 79' lang='lat' dir='ltr'>referat</span> <span class='ocrx_word' id='word_1_34' title='bbox 1596 800 1858 865; x_wconf 82' lang='lat' dir='ltr'>accepta.</span> <span class='ocrx_word' id='word_1_35' title='bbox 1894 815 1921 842; x_wconf 93' lang='grc'>‹‹</span> <span class='ocrx_word' id='word_1_36' title='bbox 1983 800 2072 847; x_wconf 84' lang='lat' dir='ltr'>An</span> 
     </span>
    </p>
   </div>
   <div class='ocr_carea' id='block_1_8' title="bbox 413 881 2073 958">
    <p class='ocr_par' dir='ltr' id='par_1_8' title="bbox 413 881 2073 958">
     <span class='ocr_line' id='line_1_8' title="bbox 413 881 2073 958; baseline -0.004 -16"><span class='ocrx_word' id='word_1_37' title='bbox 413 903 533 943; x_wconf 89' lang='lat' dir='ltr'>non</span> <span class='ocrx_word' id='word_1_38' title='bbox 567 887 779 942; x_wconf 80' lang='lat' dir='ltr'>iisdem</span> <span class='ocrx_word' id='word_1_39' title='bbox 810 887 1092 958; x_wconf 83' lang='lat' dir='ltr'>vestigiis.</span> <span class='ocrx_word' id='word_1_40' title='bbox 1129 908 1155 934; x_wconf 88' lang='grc'><strong>››</strong></span> <span class='ocrx_word' id='word_1_41' title='bbox 1188 886 1307 941; x_wconf 83' lang='lat' dir='ltr'>Hoc</span> <span class='ocrx_word' id='word_1_42' title='bbox 1330 892 1437 949; x_wconf 77' lang='lat' dir='ltr'>est,</span> <span class='ocrx_word' id='word_1_43' title='bbox 1471 901 1546 939; x_wconf 87' lang='lat' dir='ltr'>ne</span> <span class='ocrx_word' id='word_1_44' title='bbox 1577 884 1636 938; x_wconf 89' lang='lat' dir='ltr'>in</span> <span class='ocrx_word' id='word_1_45' title='bbox 1665 883 1913 938; x_wconf 90' lang='lat' dir='ltr'>minimo</span> <span class='ocrx_word' id='word_1_46' title='bbox 1943 881 2073 952; x_wconf 89' lang='lat' dir='ltr'>qui-</span> 
     </span>
    </p>
   </div>
   <div class='ocr_carea' id='block_1_9' title="bbox 416 972 2074 1048">
    <p class='ocr_par' dir='ltr' id='par_1_9' title="bbox 416 972 2074 1048">
     <span class='ocr_line' id='line_1_9' title="bbox 416 972 2074 1048; baseline -0.004 -16"><span class='ocrx_word' id='word_1_47' title='bbox 416 977 554 1033; x_wconf 88' lang='lat' dir='ltr'>dem</span> <span class='ocrx_word' id='word_1_48' title='bbox 583 977 797 1032; x_wconf 88' lang='lat' dir='ltr'>diversi</span> <span class='ocrx_word' id='word_1_49' title='bbox 830 978 1073 1032; x_wconf 86' lang='lat' dir='ltr'>fuerunt</span> <span class='ocrx_word' id='word_1_50' title='bbox 1100 977 1185 1031; x_wconf 92' lang='lat' dir='ltr'>illi</span> <span class='ocrx_word' id='word_1_51' title='bbox 1214 993 1248 1031; x_wconf 92' lang='lat' dir='ltr'>a</span> <span class='ocrx_word' id='word_1_52' title='bbox 1279 992 1410 1031; x_wconf 85' lang='lat' dir='ltr'>mea</span> <span class='ocrx_word' id='word_1_53' title='bbox 1441 972 1935 1048; x_wconf 37' lang='lat' dir='ltr'>diligentia.,Vide</span> <span class='ocrx_word' id='word_1_54' title='bbox 1967 988 2074 1027; x_wconf 87' lang='lat' dir='ltr'>au-</span> 
     </span>
    </p>
   </div>
   <div class='ocr_carea' id='block_1_10' title="bbox 419 1062 2076 1139">
    <p class='ocr_par' dir='ltr' id='par_1_10' title="bbox 419 1062 2076 1139">
     <span class='ocr_line' id='line_1_10' title="bbox 419 1062 2076 1139; baseline -0.005 -16"><span class='ocrx_word' id='word_1_55' title='bbox 419 1073 538 1123; x_wconf 86' lang='lat' dir='ltr'>tem</span> <span class='ocrx_word' id='word_1_56' title='bbox 571 1067 727 1139; x_wconf 93' lang='lat' dir='ltr'>quod</span> <span class='ocrx_word' id='word_1_57' title='bbox 759 1084 878 1122; x_wconf 90' lang='lat' dir='ltr'>non</span> <span class='ocrx_word' id='word_1_58' title='bbox 913 1066 1231 1138; x_wconf 89' lang='lat' dir='ltr'>modoipse</span> <span class='ocrx_word' id='word_1_59' title='bbox 1247 1083 1367 1121; x_wconf 87' lang='lat' dir='ltr'>non</span> <span class='ocrx_word' id='word_1_60' title='bbox 1399 1066 1647 1137; x_wconf 86' lang='lat' dir='ltr'>accepit.</span> <span class='ocrx_word' id='word_1_61' title='bbox 1672 1079 1871 1118; x_wconf 85' lang='lat' dir='ltr'>verum</span> <span class='ocrx_word' id='word_1_62' title='bbox 1896 1062 2076 1117; x_wconf 89' lang='lat' dir='ltr'>etiam</span> 
     </span>
    </p>
   </div>
   <div class='ocr_carea' id='block_1_11' title="bbox 418 1154 2076 1228">
    <p class='ocr_par' dir='ltr' id='par_1_11' title="bbox 418 1154 2076 1228">
     <span class='ocr_line' id='line_1_11' title="bbox 418 1154 2076 1228; baseline -0.004 -17"><span class='ocrx_word' id='word_1_63' title='bbox 418 1156 495 1212; x_wconf 90' lang='lat' dir='ltr'>iis</span> <span class='ocrx_word' id='word_1_64' title='bbox 527 1174 677 1228; x_wconf 90' lang='lat' dir='ltr'>quos</span> <span class='ocrx_word' id='word_1_65' title='bbox 707 1158 871 1211; x_wconf 90' lang='lat' dir='ltr'>misit</span> <span class='ocrx_word' id='word_1_66' title='bbox 911 1173 984 1211; x_wconf 89' lang='lat' dir='ltr'>ne</span> <span class='ocrx_word' id='word_1_67' title='bbox 1018 1157 1359 1228; x_wconf 87' lang='lat' dir='ltr'>acciperent</span> <span class='ocrx_word' id='word_1_68' title='bbox 1392 1154 1685 1226; x_wconf 78' lang='lat' dir='ltr'>persuasit</span> <span class='ocrx_word' id='word_1_69' title='bbox 1718 1170 1731 1207; x_wconf 94' lang='lat'>:</span> <span class='ocrx_word' id='word_1_70' title='bbox 1766 1178 1790 1201; x_wconf 75' lang='grc' dir='ltr'>α</span> <span class='ocrx_word' id='word_1_71' title='bbox 1820 1155 2076 1207; x_wconf 82' lang='lat' dir='ltr'>Rursum</span> 
     </span>
    </p>
   </div>
   <div class='ocr_carea' id='block_1_12' title="bbox 422 1243 2072 1316">
    <p class='ocr_par' dir='ltr' id='par_1_12' title="bbox 422 1243 2072 1316">
     <span class='ocr_line' id='line_1_12' title="bbox 422 1243 2072 1316; baseline -0.007 -14"><span class='ocrx_word' id='word_1_72' title='bbox 422 1245 798 1302; x_wconf 80' lang='lat' dir='ltr'>arbitramini</span> <span class='ocrx_word' id='word_1_73' title='bbox 833 1245 991 1316; x_wconf 87' lang='lat' dir='ltr'>quod</span> <span class='ocrx_word' id='word_1_74' title='bbox 1023 1261 1130 1300; x_wconf 89' lang='lat' dir='ltr'>nos</span> <span class='ocrx_word' id='word_1_75' title='bbox 1183 1260 1384 1299; x_wconf 86' lang='lat' dir='ltr'>coram</span> <span class='ocrx_word' id='word_1_76' title='bbox 1439 1243 1603 1298; x_wconf 80' lang='lat' dir='ltr'>vobis</span> <span class='ocrx_word' id='word_1_77' title='bbox 1649 1257 2021 1297; x_wconf 80' lang='lat' dir='ltr'>excusemus.</span> <span class='ocrx_word' id='word_1_78' title='bbox 2046 1259 2072 1290; x_wconf 75' lang='grc' dir='ltr'><strong>ι</strong></span> 
     </span>
    </p>
   </div>
   <div class='ocr_carea' id='block_1_13' title="bbox 422 1331 2079 1405">
    <p class='ocr_par' dir='ltr' id='par_1_13' title="bbox 422 1331 2079 1405">
     <span class='ocr_line' id='line_1_13' title="bbox 422 1331 2079 1405; baseline -0.004 -15"><span class='ocrx_word' id='word_1_79' title='bbox 422 1335 657 1390; x_wconf 86' lang='lat' dir='ltr'>Veritus</span> <span class='ocrx_word' id='word_1_80' title='bbox 683 1343 773 1390; x_wconf 81' lang='lat' dir='ltr'>est</span> <span class='ocrx_word' id='word_1_81' title='bbox 801 1351 875 1391; x_wconf 91' lang='lat' dir='ltr'>ne</span> <span class='ocrx_word' id='word_1_82' title='bbox 906 1335 1295 1391; x_wconf 89' lang='lat' dir='ltr'>assentatoris</span> <span class='ocrx_word' id='word_1_83' title='bbox 1317 1333 1660 1405; x_wconf 84' lang='lat' dir='ltr'>opinionem</span> <span class='ocrx_word' id='word_1_84' title='bbox 1683 1331 1754 1387; x_wconf 93' lang='lat' dir='ltr'>de</span> <span class='ocrx_word' id='word_1_85' title='bbox 1777 1347 1844 1386; x_wconf 91' lang='lat' dir='ltr'>eo</span> <span class='ocrx_word' id='word_1_86' title='bbox 1878 1345 2079 1385; x_wconf 89' lang='lat' dir='ltr'>sume-</span> 
     </span>
    </p>
   </div>
   <div class='ocr_carea' id='block_1_14' title="bbox 419 1422 2077 1495">
    <p class='ocr_par' dir='ltr' id='par_1_14' title="bbox 419 1422 2077 1495">
     <span class='ocr_line' id='line_1_14' title="bbox 419 1422 2077 1495; baseline -0.004 -15"><span class='ocrx_word' id='word_1_87' title='bbox 419 1429 554 1481; x_wconf 83' lang='lat' dir='ltr'>rent</span> <span class='ocrx_word' id='word_1_88' title='bbox 584 1442 597 1480; x_wconf 90' lang='lat'><strong><em>:</em></strong></span> <span class='ocrx_word' id='word_1_89' title='bbox 630 1424 762 1480; x_wconf 92' lang='lat' dir='ltr'>ideo</span> <span class='ocrx_word' id='word_1_90' title='bbox 795 1425 972 1479; x_wconf 90' lang='lat' dir='ltr'>etiam</span> <span class='ocrx_word' id='word_1_91' title='bbox 1001 1424 1277 1495; x_wconf 82' lang='lat' dir='ltr'>superius</span> <span class='ocrx_word' id='word_1_92' title='bbox 1308 1423 1456 1478; x_wconf 83' lang='lat' dir='ltr'>dixit</span> <span class='ocrx_word' id='word_1_93' title='bbox 1506 1422 1654 1476; x_wconf 76' lang='lat'>703</span> <span class='ocrx_word' id='word_1_94' title='bbox 1679 1422 1932 1478; x_wconf 78' lang='lat' dir='ltr'>Rursum</span> <span class='ocrx_word' id='word_1_95' title='bbox 1967 1436 2077 1475; x_wconf 91' lang='lat' dir='ltr'>nos</span> 
     </span>
    </p>
   </div>
   <div class='ocr_carea' id='block_1_15' title="bbox 422 1512 2080 1587">
    <p class='ocr_par' dir='ltr' id='par_1_15' title="bbox 422 1512 2080 1587">
     <span class='ocr_line' id='line_1_15' title="bbox 422 1512 2080 1587; baseline -0.003 -18"><span class='ocrx_word' id='word_1_96' title='bbox 422 1514 584 1587; x_wconf 90' lang='lat' dir='ltr'>ipsos</span> <span class='ocrx_word' id='word_1_97' title='bbox 605 1513 1098 1570; x_wconf 85' lang='lat' dir='ltr'>commendamus</span> <span class='ocrx_word' id='word_1_98' title='bbox 1127 1512 1155 1569; x_wconf 88' lang='lat'><strong>?</strong></span> <span class='ocrx_word' id='word_1_99' title='bbox 1184 1518 1243 1568; x_wconf 90' lang='lat' dir='ltr'>et</span> <span class='ocrx_word' id='word_1_100' title='bbox 1273 1530 1285 1566; x_wconf 93' lang='lat'><strong>:</strong></span> <span class='ocrx_word' id='word_1_101' title='bbox 1324 1514 1472 1567; x_wconf 83' lang='lat' dir='ltr'>Num</span> <span class='ocrx_word' id='word_1_102' title='bbox 1505 1526 1747 1584; x_wconf 83' lang='lat' dir='ltr'>egemus</span> <span class='ocrx_word' id='word_1_103' title='bbox 1778 1525 2080 1565; x_wconf 89' lang='lat' dir='ltr'>commen-</span> 
     </span>
    </p>
   </div>
   <div class='ocr_carea' id='block_1_16' title="bbox 419 1600 2082 1675">
    <p class='ocr_par' dir='ltr' id='par_1_16' title="bbox 419 1600 2082 1675">
     <span class='ocr_line' id='line_1_16' title="bbox 419 1600 2082 1675; baseline -0.004 -16"><span class='ocrx_word' id='word_1_104' title='bbox 419 1602 645 1659; x_wconf 88' lang='lat' dir='ltr'>datitiis</span> <span class='ocrx_word' id='word_1_105' title='bbox 677 1603 968 1675; x_wconf 89' lang='lat' dir='ltr'>epistoliis</span> <span class='ocrx_word' id='word_1_106' title='bbox 1001 1602 1029 1658; x_wconf 66' lang='grc' dir='ltr'>ἱ)</span> <span class='ocrx_word' id='word_1_107' title='bbox 1057 1604 1180 1658; x_wconf 87' lang='lat' dir='ltr'>Non</span> <span class='ocrx_word' id='word_1_108' title='bbox 1215 1617 1351 1674; x_wconf 88' lang='lat' dir='ltr'>ergo</span> <span class='ocrx_word' id='word_1_109' title='bbox 1384 1600 1547 1655; x_wconf 84' lang='lat' dir='ltr'>vobis</span> <span class='ocrx_word' id='word_1_110' title='bbox 1578 1604 2082 1664; x_wconf 89' lang='lat' dir='ltr'>assentantes,aut</span> 
     </span>
    </p>
   </div>
   <div class='ocr_carea' id='block_1_17' title="bbox 2183 692 3841 775">
    <p class='ocr_par' dir='ltr' id='par_1_17' title="bbox 2183 692 3841 775">
     <span class='ocr_line' id='line_1_17' title="bbox 2183 692 3841 775; baseline -0.003 -20"><span class='ocrx_word' id='word_1_111' title='bbox 2183 692 2654 773; x_wconf 66' lang='grc' dir='ltr'><strong>ἀκρίϐειαν.“ορα</strong></span> <span class='ocrx_word' id='word_1_112' title='bbox 2713 695 2791 760; x_wconf 76' lang='grc' dir='ltr'>εὶ,</span> <span class='ocrx_word' id='word_1_113' title='bbox 2841 694 2903 753; x_wconf 76' lang='grc' dir='ltr'><strong>οὒ</strong></span> <span class='ocrx_word' id='word_1_114' title='bbox 2967 697 3133 770; x_wconf 75' lang='grc' dir='ltr'><strong>μόνον</strong></span> <span class='ocrx_word' id='word_1_115' title='bbox 3207 692 3369 757; x_wconf 74' lang='grc' dir='ltr'><strong>αὺτὸς</strong></span> <span class='ocrx_word' id='word_1_116' title='bbox 3436 692 3537 749; x_wconf 80' lang='grc' dir='ltr'><strong>οὒκ</strong></span> <span class='ocrx_word' id='word_1_117' title='bbox 3588 692 3841 775; x_wconf 53' lang='grc' dir='ltr'><strong>ἕλῃσιν,</strong></span> 
     </span>
    </p>
   </div>
   <div class='ocr_carea' id='block_1_18' title="bbox 2183 778 3847 858">
    <p class='ocr_par' dir='ltr' id='par_1_18' title="bbox 2183 778 3847 858">
     <span class='ocr_line' id='line_1_18' title="bbox 2183 778 3847 858; baseline -0.002 -15"><span class='ocrx_word' id='word_1_118' title='bbox 2183 786 2330 844; x_wconf 82' lang='grc' dir='ltr'><strong>ἀλλᾶ</strong></span> <span class='ocrx_word' id='word_1_119' title='bbox 2359 788 2449 842; x_wconf 84' lang='grc' dir='ltr'><strong>καὶ</strong></span> <span class='ocrx_word' id='word_1_120' title='bbox 2473 786 2602 850; x_wconf 75' lang='grc' dir='ltr'><strong>τοῦς</strong></span> <span class='ocrx_word' id='word_1_121' title='bbox 2648 784 3051 848; x_wconf 64' lang='grc' dir='ltr'>ἀποσταλέντας</span> <span class='ocrx_word' id='word_1_122' title='bbox 3092 780 3270 841; x_wconf 77' lang='grc' dir='ltr'><strong>ἔπεισε</strong></span> <span class='ocrx_word' id='word_1_123' title='bbox 3320 786 3396 858; x_wconf 83' lang='grc' dir='ltr'><strong>μή</strong></span> <span class='ocrx_word' id='word_1_124' title='bbox 3429 778 3640 841; x_wconf 78' lang='grc' dir='ltr'><strong>λαϐεῖν.</strong></span> <span class='ocrx_word' id='word_1_125' title='bbox 3677 808 3703 834; x_wconf 77' lang='grc' dir='ltr'>(ι</span> <span class='ocrx_word' id='word_1_126' title='bbox 3736 785 3847 839; x_wconf 65' lang='lat' dir='ltr'>lli-</span> 
     </span>
    </p>
   </div>
   <div class='ocr_carea' id='block_1_19' title="bbox 2186 871 3841 951">
    <p class='ocr_par' dir='ltr' id='par_1_19' title="bbox 2186 871 3841 951">
     <span class='ocr_line' id='line_1_19' title="bbox 2186 871 3841 951; baseline -0.002 -18"><span class='ocrx_word' id='word_1_127' title='bbox 2186 877 2272 933; x_wconf 90' lang='grc' dir='ltr'>λιν</span> <span class='ocrx_word' id='word_1_128' title='bbox 2306 876 2515 933; x_wconf 80' lang='grc' dir='ltr'><strong>δοκεῖτε</strong></span> <span class='ocrx_word' id='word_1_129' title='bbox 2533 877 2617 933; x_wconf 78' lang='grc' dir='ltr'><strong>ὅτι</strong></span> <span class='ocrx_word' id='word_1_130' title='bbox 2648 879 2777 951; x_wconf 76' lang='grc' dir='ltr'><strong>ῦμῖν</strong></span> <span class='ocrx_word' id='word_1_131' title='bbox 2803 875 3229 949; x_wconf 68' lang='grc' dir='ltr'>ἀπολογούμεθα</span> <span class='ocrx_word' id='word_1_132' title='bbox 3263 895 3277 942; x_wconf 87' lang='lat'><strong>;</strong></span> <span class='ocrx_word' id='word_1_133' title='bbox 3315 899 3341 924; x_wconf 75' lang='grc' dir='ltr'><strong>»ι</strong></span> <span class='ocrx_word' id='word_1_134' title='bbox 3375 871 3595 930; x_wconf 73' lang='grc' dir='ltr'><strong>Δέδοικε</strong></span> <span class='ocrx_word' id='word_1_135' title='bbox 3631 874 3706 946; x_wconf 81' lang='grc' dir='ltr'><strong>μὴ</strong></span> <span class='ocrx_word' id='word_1_136' title='bbox 3738 873 3841 929; x_wconf 82' lang='grc' dir='ltr'>κό-</span> 
     </span>
    </p>
   </div>
   <div class='ocr_carea' id='block_1_20' title="bbox 2186 958 3844 1041">
    <p class='ocr_par' dir='ltr' id='par_1_20' title="bbox 2186 958 3844 1041">
     <span class='ocr_line' id='line_1_20' title="bbox 2186 958 3844 1041; baseline -0.005 -16"><span class='ocrx_word' id='word_1_137' title='bbox 2186 967 2353 1029; x_wconf 86' lang='grc' dir='ltr'><strong>λακός</strong></span> <span class='ocrx_word' id='word_1_138' title='bbox 2384 987 2531 1028; x_wconf 81' lang='grc' dir='ltr'><strong>τινος</strong></span> <span class='ocrx_word' id='word_1_139' title='bbox 2559 961 2703 1041; x_wconf 74' lang='grc' dir='ltr'>λάϐῃ</span> <span class='ocrx_word' id='word_1_140' title='bbox 2737 963 2915 1036; x_wconf 75' lang='grc' dir='ltr'>δόξαν.</span> <span class='ocrx_word' id='word_1_141' title='bbox 2968 965 3060 1019; x_wconf 79' lang='grc' dir='ltr'>Διὸ</span> <span class='ocrx_word' id='word_1_142' title='bbox 3117 963 3206 1019; x_wconf 84' lang='grc' dir='ltr'>καὶ</span> <span class='ocrx_word' id='word_1_143' title='bbox 3266 960 3376 1018; x_wconf 77' lang='grc' dir='ltr'><strong>ἅνω</strong></span> <span class='ocrx_word' id='word_1_144' title='bbox 3430 958 3606 1036; x_wconf 81' lang='grc' dir='ltr'><strong>ἔλεγε.</strong></span> <span class='ocrx_word' id='word_1_145' title='bbox 3671 960 3844 1017; x_wconf 76' lang='grc' dir='ltr'><strong>Πάλιν</strong></span> 
     </span>
    </p>
   </div>
   <div class='ocr_carea' id='block_1_21' title="bbox 2186 1053 3841 1128">
    <p class='ocr_par' dir='ltr' id='par_1_21' title="bbox 2186 1053 3841 1128">
     <span class='ocr_line' id='line_1_21' title="bbox 2186 1053 3841 1128; baseline -0.005 -16"><span class='ocrx_word' id='word_1_146' title='bbox 2186 1058 2406 1116; x_wconf 64' lang='grc' dir='ltr'><strong>ἑαυτοὺς</strong></span> <span class='ocrx_word' id='word_1_147' title='bbox 2440 1059 2850 1127; x_wconf 66' lang='grc' dir='ltr'>συνιστάνομεν,</span> <span class='ocrx_word' id='word_1_148' title='bbox 2878 1076 2910 1110; x_wconf 91' lang='grc' dir='ltr'>κ</span> <span class='ocrx_word' id='word_1_149' title='bbox 2932 1053 2967 1109; x_wconf 83' lang='grc' dir='ltr'><strong>ιὶ</strong></span> <span class='ocrx_word' id='word_1_150' title='bbox 2993 1054 3037 1109; x_wconf 73' lang='grc' dir='ltr'><strong>εἰ</strong></span> <span class='ocrx_word' id='word_1_151' title='bbox 3073 1055 3150 1127; x_wconf 80' lang='grc' dir='ltr'><strong>μὴ</strong></span> <span class='ocrx_word' id='word_1_152' title='bbox 3185 1055 3470 1128; x_wconf 73' lang='grc' dir='ltr'><strong>χρήζομεν</strong></span> <span class='ocrx_word' id='word_1_153' title='bbox 3504 1055 3841 1106; x_wconf 75' lang='grc' dir='ltr'><strong>συστατικῶν</strong></span> 
     </span>
    </p>
   </div>
   <div class='ocr_carea' id='block_1_22' title="bbox 2186 1139 3845 1219">
    <p class='ocr_par' dir='ltr' id='par_1_22' title="bbox 2186 1139 3845 1219">
     <span class='ocr_line' id='line_1_22' title="bbox 2186 1139 3845 1219; baseline -0.002 -18"><span class='ocrx_word' id='word_1_154' title='bbox 2186 1146 2507 1202; x_wconf 74' lang='grc' dir='ltr'><strong>ὶπιστολῶν.</strong></span> <span class='ocrx_word' id='word_1_155' title='bbox 2543 1143 2669 1219; x_wconf 73' lang='grc' dir='ltr'>Οὒχ</span> <span class='ocrx_word' id='word_1_156' title='bbox 2687 1145 2828 1217; x_wconf 77' lang='grc' dir='ltr'><strong>ὒμᾶς</strong></span> <span class='ocrx_word' id='word_1_157' title='bbox 2858 1144 2950 1199; x_wconf 84' lang='grc' dir='ltr'><strong>οὗν</strong></span> <span class='ocrx_word' id='word_1_158' title='bbox 2976 1141 3388 1204; x_wconf 70' lang='grc' dir='ltr'><strong>κολακεύοντες,</strong></span> <span class='ocrx_word' id='word_1_159' title='bbox 3413 1139 3450 1210; x_wconf 75' lang='grc' dir='ltr'>ἤ</span> <span class='ocrx_word' id='word_1_160' title='bbox 3477 1141 3605 1213; x_wconf 74' lang='grc' dir='ltr'><strong>ὓμῖν</strong></span> <span class='ocrx_word' id='word_1_161' title='bbox 3635 1140 3845 1197; x_wconf 68' lang='grc' dir='ltr'><strong>ἀπολοι</strong></span> 
     </span>
    </p>
   </div>
   <div class='ocr_carea' id='block_1_23' title="bbox 2184 1229 3843 1311">
    <p class='ocr_par' dir='ltr' id='par_1_23' title="bbox 2184 1229 3843 1311">
     <span class='ocr_line' id='line_1_23' title="bbox 2184 1229 3843 1311; baseline -0.005 -21"><span class='ocrx_word' id='word_1_162' title='bbox 2184 1236 2467 1311; x_wconf 68' lang='grc' dir='ltr'><strong>γοῦμενοι,</strong></span> <span class='ocrx_word' id='word_1_163' title='bbox 2497 1238 2665 1289; x_wconf 87' lang='grc' dir='ltr'><strong>ταῦτα</strong></span> <span class='ocrx_word' id='word_1_164' title='bbox 2697 1232 2953 1307; x_wconf 69' lang='grc' dir='ltr'><strong>λέγομεν,</strong></span> <span class='ocrx_word' id='word_1_165' title='bbox 2986 1229 3114 1287; x_wconf 82' lang='grc' dir='ltr'><strong>ἀλλ’</strong></span> <span class='ocrx_word' id='word_1_166' title='bbox 3146 1231 3220 1292; x_wconf 83' lang='grc' dir='ltr'><strong>ὡς</strong></span> <span class='ocrx_word' id='word_1_167' title='bbox 3277 1230 3508 1285; x_wconf 84' lang='grc' dir='ltr'><strong>ἐνώπιον</strong></span> <span class='ocrx_word' id='word_1_168' title='bbox 3562 1232 3657 1283; x_wconf 84' lang='grc' dir='ltr'>τοῦ</span> <span class='ocrx_word' id='word_1_169' title='bbox 3684 1233 3843 1297; x_wconf 84' lang='grc' dir='ltr'><strong>Θεοῦ,</strong></span> 
     </span>
    </p>
   </div>
   <div class='ocr_carea' id='block_1_24' title="bbox 2186 1316 3842 1400">
    <p class='ocr_par' dir='ltr' id='par_1_24' title="bbox 2186 1316 3842 1400">
     <span class='ocr_line' id='line_1_24' title="bbox 2186 1316 3842 1400; baseline -0.006 -19"><span class='ocrx_word' id='word_1_170' title='bbox 2186 1326 2301 1389; x_wconf 73' lang='grc' dir='ltr'><strong>καῖ,</strong></span> <span class='ocrx_word' id='word_1_171' title='bbox 2335 1326 2572 1400; x_wconf 70' lang='grc' dir='ltr'><strong>ὁρῶντος</strong></span> <span class='ocrx_word' id='word_1_172' title='bbox 2599 1322 2764 1378; x_wconf 78' lang='grc' dir='ltr'><strong>αὐτοῦ</strong></span> <span class='ocrx_word' id='word_1_173' title='bbox 2797 1321 3097 1395; x_wconf 72' lang='grc' dir='ltr'>λαλοῦμεν,</span> <span class='ocrx_word' id='word_1_174' title='bbox 3129 1321 3221 1376; x_wconf 89' lang='grc' dir='ltr'><strong>καὶ</strong></span> <span class='ocrx_word' id='word_1_175' title='bbox 3253 1318 3303 1374; x_wconf 81' lang='grc' dir='ltr'>ἐν</span> <span class='ocrx_word' id='word_1_176' title='bbox 3335 1322 3574 1389; x_wconf 72' lang='grc' dir='ltr'><strong>Χριστῷ,</strong></span> <span class='ocrx_word' id='word_1_177' title='bbox 3605 1318 3718 1372; x_wconf 80' lang='grc' dir='ltr'><strong>οἷον</strong></span> <span class='ocrx_word' id='word_1_178' title='bbox 3746 1316 3842 1372; x_wconf 71' lang='grc' dir='ltr'>διὰ</span> 
     </span>
    </p>
   </div>
   <div class='ocr_carea' id='block_1_25' title="bbox 2191 1405 3841 1487">
    <p class='ocr_par' dir='ltr' id='par_1_25' title="bbox 2191 1405 3841 1487">
     <span class='ocr_line' id='line_1_25' title="bbox 2191 1405 3841 1487; baseline -0.005 -19"><span class='ocrx_word' id='word_1_179' title='bbox 2191 1418 2425 1487; x_wconf 81' lang='grc' dir='ltr'><strong>Χριστοῦ</strong></span> <span class='ocrx_word' id='word_1_180' title='bbox 2457 1412 2755 1485; x_wconf 87' lang='grc' dir='ltr'><strong>λαλοῦμεν.</strong></span> <span class='ocrx_word' id='word_1_181' title='bbox 2781 1413 2883 1469; x_wconf 86' lang='grc' dir='ltr'>Τὸν</span> <span class='ocrx_word' id='word_1_182' title='bbox 2918 1408 2973 1466; x_wconf 72' lang='grc' dir='ltr'>δὲ</span> <span class='ocrx_word' id='word_1_183' title='bbox 2996 1410 3227 1465; x_wconf 79' lang='grc' dir='ltr'><strong>ἐνώπιον</strong></span> <span class='ocrx_word' id='word_1_184' title='bbox 3255 1413 3351 1463; x_wconf 91' lang='grc' dir='ltr'>τοῦ</span> <span class='ocrx_word' id='word_1_185' title='bbox 3383 1412 3518 1463; x_wconf 80' lang='grc' dir='ltr'><strong>Θεοῦ</strong></span> <span class='ocrx_word' id='word_1_186' title='bbox 3551 1405 3841 1476; x_wconf 76' lang='grc' dir='ltr'>λαλοῦντα,</span> 
     </span>
    </p>
   </div>
   <div class='ocr_carea' id='block_1_26' title="bbox 2190 1493 3842 1581">
    <p class='ocr_par' dir='ltr' id='par_1_26' title="bbox 2190 1493 3842 1581">
     <span class='ocr_line' id='line_1_26' title="bbox 2190 1493 3842 1581; baseline -0.005 -23"><span class='ocrx_word' id='word_1_187' title='bbox 2190 1504 2279 1558; x_wconf 86' lang='grc' dir='ltr'>καὶ</span> <span class='ocrx_word' id='word_1_188' title='bbox 2310 1502 2399 1558; x_wconf 79' lang='grc' dir='ltr'>διὰ</span> <span class='ocrx_word' id='word_1_189' title='bbox 2437 1504 2672 1577; x_wconf 80' lang='grc' dir='ltr'><strong>Χριστοῦ</strong></span> <span class='ocrx_word' id='word_1_190' title='bbox 2720 1498 3117 1581; x_wconf 70' lang='grc' dir='ltr'><strong>ιρθεγγόμενον,</strong></span> <span class='ocrx_word' id='word_1_191' title='bbox 3148 1504 3267 1560; x_wconf 79' lang='grc' dir='ltr'><strong>πῶς</strong></span> <span class='ocrx_word' id='word_1_192' title='bbox 3300 1494 3522 1553; x_wconf 80' lang='grc' dir='ltr'><strong>δυνατὸν</strong></span> <span class='ocrx_word' id='word_1_193' title='bbox 3552 1493 3842 1560; x_wconf 74' lang='grc' dir='ltr'>κολακείας</span> 
     </span>
    </p>
   </div>
   <div class='ocr_carea' id='block_1_27' title="bbox 2189 1590 2914 1665">
    <p class='ocr_par' dir='ltr' id='par_1_27' title="bbox 2189 1590 2914 1665">
     <span class='ocr_line' id='line_1_27' title="bbox 2189 1590 2914 1665; baseline -0.004 -17"><span class='ocrx_word' id='word_1_194' title='bbox 2189 1595 2222 1665; x_wconf 72' lang='grc' dir='ltr'><strong>ἢ</strong></span> <span class='ocrx_word' id='word_1_195' title='bbox 2257 1593 2491 1656; x_wconf 79' lang='grc' dir='ltr'><strong>θωπείας</strong></span> <span class='ocrx_word' id='word_1_196' title='bbox 2512 1590 2686 1648; x_wconf 70' lang='grc' dir='ltr'><strong>ἕνεκεν</strong></span> <span class='ocrx_word' id='word_1_197' title='bbox 2706 1590 2914 1647; x_wconf 86' lang='grc' dir='ltr'><strong>λαλεῖν.</strong></span> 
     </span>
    </p>
   </div>
   <div class='ocr_carea' id='block_1_28' title="bbox 421 1674 3844 1757">
    <p class='ocr_par' dir='ltr' id='par_1_28' title="bbox 421 1674 3844 1757">
     <span class='ocr_line' id='line_1_28' title="bbox 421 1674 3844 1757; baseline -0.005 -10"><span class='ocrx_word' id='word_1_198' title='bbox 421 1705 532 1748; x_wconf 88' lang='lat' dir='ltr'>nos</span> <span class='ocrx_word' id='word_1_199' title='bbox 562 1674 763 1748; x_wconf 87' lang='lat' dir='ltr'>coram</span> <span class='ocrx_word' id='word_1_200' title='bbox 796 1690 958 1747; x_wconf 85' lang='lat' dir='ltr'>vobis</span> <span class='ocrx_word' id='word_1_201' title='bbox 981 1696 1355 1757; x_wconf 82' lang='lat' dir='ltr'>excusantes,</span> <span class='ocrx_word' id='word_1_202' title='bbox 1389 1690 1517 1744; x_wconf 63' lang='lat' dir='ltr'>haec</span> <span class='ocrx_word' id='word_1_203' title='bbox 1554 1687 1812 1744; x_wconf 88' lang='lat' dir='ltr'>dicimus</span> <span class='ocrx_word' id='word_1_204' title='bbox 1847 1706 1859 1742; x_wconf 93' lang='lat'>:</span> <span class='ocrx_word' id='word_1_205' title='bbox 1892 1688 2005 1744; x_wconf 90' lang='lat' dir='ltr'>Sed</span> <span class='ocrx_word' id='word_1_206' title='bbox 2052 1687 2230 1742; x_wconf 88' lang='lat' dir='ltr'>veluti</span> <span class='ocrx_word' id='word_1_207' title='bbox 2291 1686 2353 1740; x_wconf 89' lang='lat' dir='ltr'>in</span> <span class='ocrx_word' id='word_1_208' title='bbox 2415 1689 2735 1756; x_wconf 89' lang='lat' dir='ltr'>conspectu</span> <span class='ocrx_word' id='word_1_209' title='bbox 2795 1681 2923 1745; x_wconf 91' lang='lat' dir='ltr'>Dei,</span> <span class='ocrx_word' id='word_1_210' title='bbox 2984 1685 3043 1735; x_wconf 90' lang='lat' dir='ltr'>et</span> <span class='ocrx_word' id='word_1_211' title='bbox 3100 1697 3169 1735; x_wconf 91' lang='lat' dir='ltr'>eo</span> <span class='ocrx_word' id='word_1_212' title='bbox 3220 1680 3594 1752; x_wconf 80' lang='lat' dir='ltr'>inspectante</span> <span class='ocrx_word' id='word_1_213' title='bbox 3641 1674 3844 1747; x_wconf 85' lang='lat' dir='ltr'>loqui-</span> 
     </span>
    </p>
   </div>
   <div class='ocr_carea' id='block_1_29' title="bbox 427 1765 3846 1851">
    <p class='ocr_par' dir='ltr' id='par_1_29' title="bbox 427 1765 3846 1851">
     <span class='ocr_line' id='line_1_29' title="bbox 427 1765 3846 1851; baseline -0.004 -16"><span class='ocrx_word' id='word_1_214' title='bbox 427 1795 599 1835; x_wconf 88' lang='lat' dir='ltr'>mur:</span> <span class='ocrx_word' id='word_1_215' title='bbox 633 1786 693 1836; x_wconf 92' lang='lat' dir='ltr'>et</span> <span class='ocrx_word' id='word_1_216' title='bbox 721 1780 783 1836; x_wconf 90' lang='lat' dir='ltr'>in</span> <span class='ocrx_word' id='word_1_217' title='bbox 815 1778 1045 1836; x_wconf 80' lang='lat' dir='ltr'>Christo</span> <span class='ocrx_word' id='word_1_218' title='bbox 1089 1780 1209 1835; x_wconf 83' lang='lat' dir='ltr'>sive</span> <span class='ocrx_word' id='word_1_219' title='bbox 1235 1795 1342 1851; x_wconf 89' lang='lat' dir='ltr'>per</span> <span class='ocrx_word' id='word_1_220' title='bbox 1371 1777 1669 1834; x_wconf 87' lang='lat' dir='ltr'>Christum</span> <span class='ocrx_word' id='word_1_221' title='bbox 1700 1777 2023 1849; x_wconf 84' lang='lat' dir='ltr'>loquimur.</span> <span class='ocrx_word' id='word_1_222' title='bbox 2053 1774 2355 1842; x_wconf 89' lang='lat' dir='ltr'>Quomodo</span> <span class='ocrx_word' id='word_1_223' title='bbox 2387 1781 2583 1830; x_wconf 89' lang='lat' dir='ltr'>autem</span> <span class='ocrx_word' id='word_1_224' title='bbox 2618 1770 2901 1846; x_wconf 89' lang='lat' dir='ltr'>possibile</span> <span class='ocrx_word' id='word_1_225' title='bbox 2929 1774 3104 1838; x_wconf 84' lang='lat' dir='ltr'>esset,</span> <span class='ocrx_word' id='word_1_226' title='bbox 3138 1783 3275 1824; x_wconf 89' lang='lat' dir='ltr'>eum</span> <span class='ocrx_word' id='word_1_227' title='bbox 3306 1766 3407 1838; x_wconf 89' lang='lat' dir='ltr'>qui</span> <span class='ocrx_word' id='word_1_228' title='bbox 3463 1779 3665 1822; x_wconf 83' lang='lat' dir='ltr'>coram</span> <span class='ocrx_word' id='word_1_229' title='bbox 3724 1765 3846 1820; x_wconf 87' lang='lat' dir='ltr'>Deo</span> 
     </span>
    </p>
   </div>
   <div class='ocr_carea' id='block_1_30' title="bbox 428 1861 2875 1942">
    <p class='ocr_par' dir='ltr' id='par_1_30' title="bbox 428 1861 2875 1942">
     <span class='ocr_line' id='line_1_30' title="bbox 428 1861 2875 1942; baseline -0.003 -19"><span class='ocrx_word' id='word_1_230' title='bbox 428 1868 695 1941; x_wconf 86' lang='lat' dir='ltr'>loquitur</span> <span class='ocrx_word' id='word_1_231' title='bbox 725 1873 784 1925; x_wconf 92' lang='lat' dir='ltr'>et</span> <span class='ocrx_word' id='word_1_232' title='bbox 811 1885 918 1942; x_wconf 88' lang='lat' dir='ltr'>per</span> <span class='ocrx_word' id='word_1_233' title='bbox 947 1869 1245 1925; x_wconf 87' lang='lat' dir='ltr'>Christum</span> <span class='ocrx_word' id='word_1_234' title='bbox 1274 1866 1563 1939; x_wconf 85' lang='lat' dir='ltr'>loquitur,</span> <span class='ocrx_word' id='word_1_235' title='bbox 1593 1865 1985 1923; x_wconf 87' lang='lat' dir='ltr'>assentationi</span> <span class='ocrx_word' id='word_1_236' title='bbox 2009 1871 2069 1921; x_wconf 90' lang='lat' dir='ltr'>et</span> <span class='ocrx_word' id='word_1_237' title='bbox 2089 1863 2451 1921; x_wconf 82' lang='lat' dir='ltr'>adulationis</span> <span class='ocrx_word' id='word_1_238' title='bbox 2472 1863 2661 1936; x_wconf 84' lang='lat' dir='ltr'>gratia</span> <span class='ocrx_word' id='word_1_239' title='bbox 2690 1861 2875 1932; x_wconf 86' lang='lat' dir='ltr'>loqui.</span> 
     </span>
    </p>
   </div>
   <div class='ocr_carea' id='block_1_31' title="bbox 500 2059 3852 2158">
    <p class='ocr_par' dir='ltr' id='par_1_31' title="bbox 500 2059 3852 2158">
     <span class='ocr_line' id='line_1_31' title="bbox 500 2059 3852 2158; baseline -0.003 -31"><span class='ocrx_word' id='word_1_240' title='bbox 500 2071 618 2137; x_wconf 81' lang='lat' dir='ltr'>XII,</span> <span class='ocrx_word' id='word_1_241' title='bbox 654 2073 841 2129; x_wconf 72' lang='lat'>19-21.</span> <span class='ocrx_word' id='word_1_242' title='bbox 876 2068 2087 2142; x_wconf 63' lang='lat' dir='ltr'>ccInconspectuDeiperChristumloqui-</span> <span class='ocrx_word' id='word_1_243' title='bbox 2122 2092 2170 2158; x_wconf 76' lang='grc' dir='ltr'><strong>Β</strong></span> <span class='ocrx_word' id='word_1_244' title='bbox 2273 2066 2403 2158; x_wconf 81' lang='grc' dir='ltr'><strong>Κατ’</strong></span> <span class='ocrx_word' id='word_1_245' title='bbox 2442 2065 2676 2158; x_wconf 76' lang='grc' dir='ltr'><strong>ἐνῴπιον</strong></span> <span class='ocrx_word' id='word_1_246' title='bbox 2714 2069 2826 2158; x_wconf 15' lang='grc' dir='ltr'><strong>,τοῦ</strong></span> <span class='ocrx_word' id='word_1_247' title='bbox 2904 2069 3037 2158; x_wconf 77' lang='grc' dir='ltr'><strong>Θεοῦ</strong></span> <span class='ocrx_word' id='word_1_248' title='bbox 3063 2154 3074 2158; x_wconf 26' lang='grc' dir='ltr'><strong>Δ</strong></span> <span class='ocrx_word' id='word_1_249' title='bbox 3122 2064 3176 2158; x_wconf 51' lang='lat' dir='ltr'>tv</span> <span class='ocrx_word' id='word_1_250' title='bbox 3242 2066 3459 2158; x_wconf 71' lang='grc' dir='ltr'><strong>Χριστῷ</strong></span> <span class='ocrx_word' id='word_1_251' title='bbox 3546 2059 3852 2158; x_wconf 61' lang='grc' dir='ltr'><strong>λαλοῦμεν.</strong></span> 
     </span>
    </p>
   </div>
   <div class='ocr_carea' id='block_1_32' title="bbox 425 2158 2080 2230">
    <p class='ocr_par' dir='ltr' id='par_1_32' title="bbox 425 2158 2080 2230">
     <span class='ocr_line' id='line_1_32' title="bbox 425 2158 2080 2230; baseline -0.002 -16"><span class='ocrx_word' id='word_1_252' title='bbox 425 2183 443 2207; x_wconf 78' lang='grc' dir='ltr'>ι</span> <span class='ocrx_word' id='word_1_253' title='bbox 465 2176 606 2215; x_wconf 79' lang='lat' dir='ltr'>rrur:</span> <span class='ocrx_word' id='word_1_254' title='bbox 627 2160 728 2215; x_wconf 90' lang='lat' dir='ltr'>sed</span> <span class='ocrx_word' id='word_1_255' title='bbox 743 2158 1330 2225; x_wconf 88' lang='lat' dir='ltr'>omnia,charissimi,</span> <span class='ocrx_word' id='word_1_256' title='bbox 1348 2176 1453 2230; x_wconf 91' lang='lat' dir='ltr'>pro</span> <span class='ocrx_word' id='word_1_257' title='bbox 1473 2159 1647 2214; x_wconf 90' lang='lat' dir='ltr'>vestri</span> <span class='ocrx_word' id='word_1_258' title='bbox 1663 2158 2080 2213; x_wconf 67' lang='lat' dir='ltr'>aedificatione.</span> 
     </span>
    </p>
   </div>
   <div class='ocr_carea' id='block_1_33' title="bbox 419 2238 2085 2320">
    <p class='ocr_par' dir='ltr' id='par_1_33' title="bbox 419 2238 2085 2320">
     <span class='ocr_line' id='line_1_33' title="bbox 419 2238 2085 2320; baseline 0.001 -19"><span class='ocrx_word' id='word_1_259' title='bbox 419 2271 448 2301; x_wconf 76' lang='grc' dir='ltr'>α</span> <span class='ocrx_word' id='word_1_260' title='bbox 464 2251 655 2305; x_wconf 84' lang='lat' dir='ltr'>Metuo</span> <span class='ocrx_word' id='word_1_261' title='bbox 672 2249 831 2305; x_wconf 90' lang='lat' dir='ltr'>enim</span> <span class='ocrx_word' id='word_1_262' title='bbox 850 2265 923 2304; x_wconf 90' lang='lat' dir='ltr'>ne</span> <span class='ocrx_word' id='word_1_263' title='bbox 937 2238 1053 2320; x_wconf 86' lang='lat' dir='ltr'>qua</span> <span class='ocrx_word' id='word_1_264' title='bbox 1067 2247 1168 2303; x_wconf 82' lang='lat' dir='ltr'>fiat</span> <span class='ocrx_word' id='word_1_265' title='bbox 1195 2248 1318 2303; x_wconf 91' lang='lat' dir='ltr'>utsi</span> <span class='ocrx_word' id='word_1_266' title='bbox 1334 2263 1549 2302; x_wconf 87' lang='lat' dir='ltr'>venero</span> <span class='ocrx_word' id='word_1_267' title='bbox 1562 2264 1679 2302; x_wconf 91' lang='lat' dir='ltr'>non</span> <span class='ocrx_word' id='word_1_268' title='bbox 1696 2247 1904 2318; x_wconf 78' lang='lat' dir='ltr'>quales</span> <span class='ocrx_word' id='word_1_269' title='bbox 1917 2247 2085 2302; x_wconf 88' lang='lat' dir='ltr'>velim</span> 
     </span>
    </p>
   </div>
   <div class='ocr_carea' id='block_1_34' title="bbox 422 2337 2079 2410">
    <p class='ocr_par' dir='ltr' id='par_1_34' title="bbox 422 2337 2079 2410">
     <span class='ocr_line' id='line_1_34' title="bbox 422 2337 2079 2410; baseline -0.001 -17"><span class='ocrx_word' id='word_1_270' title='bbox 422 2360 450 2389; x_wconf 85' lang='grc'>‹‹</span> <span class='ocrx_word' id='word_1_271' title='bbox 471 2338 761 2410; x_wconf 84' lang='lat' dir='ltr'>reperiam</span> <span class='ocrx_word' id='word_1_272' title='bbox 776 2355 894 2399; x_wconf 89' lang='lat' dir='ltr'>ros,</span> <span class='ocrx_word' id='word_1_273' title='bbox 922 2342 981 2393; x_wconf 93' lang='lat' dir='ltr'>et</span> <span class='ocrx_word' id='word_1_274' title='bbox 999 2354 1102 2408; x_wconf 82' lang='lat' dir='ltr'>ego</span> <span class='ocrx_word' id='word_1_275' title='bbox 1122 2338 1386 2409; x_wconf 87' lang='lat' dir='ltr'>reperiar</span> <span class='ocrx_word' id='word_1_276' title='bbox 1399 2337 1552 2392; x_wconf 90' lang='lat' dir='ltr'>vobis</span> <span class='ocrx_word' id='word_1_277' title='bbox 1571 2337 1808 2409; x_wconf 83' lang='lat' dir='ltr'>qualem</span> <span class='ocrx_word' id='word_1_278' title='bbox 1826 2337 2032 2392; x_wconf 88' lang='lat' dir='ltr'>nolitis</span> <span class='ocrx_word' id='word_1_279' title='bbox 2065 2353 2079 2391; x_wconf 87' lang='lat'><strong>:</strong></span> 
     </span>
    </p>
   </div>
   <div class='ocr_carea' id='block_1_35' title="bbox 422 2426 2082 2499">
    <p class='ocr_par' dir='ltr' id='par_1_35' title="bbox 422 2426 2082 2499">
     <span class='ocr_line' id='line_1_35' title="bbox 422 2426 2082 2499; baseline 0.002 -20"><span class='ocrx_word' id='word_1_280' title='bbox 422 2451 451 2479; x_wconf 88' lang='lat'>«</span> <span class='ocrx_word' id='word_1_281' title='bbox 469 2444 543 2483; x_wconf 87' lang='lat' dir='ltr'>ne</span> <span class='ocrx_word' id='word_1_282' title='bbox 566 2443 682 2499; x_wconf 87' lang='lat' dir='ltr'>quo</span> <span class='ocrx_word' id='word_1_283' title='bbox 704 2426 882 2482; x_wconf 89' lang='lat' dir='ltr'>modo</span> <span class='ocrx_word' id='word_1_284' title='bbox 907 2427 1028 2481; x_wconf 90' lang='lat' dir='ltr'>sint</span> <span class='ocrx_word' id='word_1_285' title='bbox 1047 2426 1921 2493; x_wconf 79' lang='lat' dir='ltr'>contentiones.a:mulationes,</span> <span class='ocrx_word' id='word_1_286' title='bbox 1957 2426 2082 2498; x_wconf 73' lang='lat' dir='ltr'>iraa,</span> 
     </span>
    </p>
   </div>
   <div class='ocr_carea' id='block_1_36' title="bbox 436 2515 2081 2585">
    <p class='ocr_par' dir='ltr' id='par_1_36' title="bbox 436 2515 2081 2585">
     <span class='ocr_line' id='line_1_36' title="bbox 436 2515 2081 2585; baseline 0.002 -18"><span class='ocrx_word' id='word_1_287' title='bbox 436 2540 456 2567; x_wconf 76' lang='grc' dir='ltr'>ι</span> <span class='ocrx_word' id='word_1_288' title='bbox 480 2515 1763 2579; x_wconf 85' lang='lat' dir='ltr'>concertationes.obtrectationes.susurria,</span> <span class='ocrx_word' id='word_1_289' title='bbox 1796 2521 2081 2585; x_wconf 88' lang='lat' dir='ltr'>tumores,</span> 
     </span>
    </p>
   </div>
   <div class='ocr_carea' id='block_1_37' title="bbox 432 2604 2084 2661">
    <p class='ocr_par' dir='ltr' id='par_1_37' title="bbox 432 2604 2084 2661">
     <span class='ocr_line' id='line_1_37' title="bbox 432 2604 2084 2661; baseline 0.002 -4"><span class='ocrx_word' id='word_1_290' title='bbox 432 2604 905 2661; x_wconf 63' lang='lat' dir='ltr'>«seditionesNe</span> <span class='ocrx_word' id='word_1_291' title='bbox 926 2605 1141 2659; x_wconf 90' lang='lat' dir='ltr'>iterum</span> <span class='ocrx_word' id='word_1_292' title='bbox 1157 2604 1255 2659; x_wconf 92' lang='lat' dir='ltr'>ubi</span> <span class='ocrx_word' id='word_1_293' title='bbox 1278 2620 1490 2659; x_wconf 85' lang='lat' dir='ltr'>venero</span> <span class='ocrx_word' id='word_1_294' title='bbox 1505 2605 1783 2659; x_wconf 89' lang='lat' dir='ltr'>humiliet</span> <span class='ocrx_word' id='word_1_295' title='bbox 1811 2620 1905 2659; x_wconf 90' lang='lat' dir='ltr'>me</span> <span class='ocrx_word' id='word_1_296' title='bbox 1930 2605 2084 2660; x_wconf 90' lang='lat' dir='ltr'>Deus</span> 
     </span>
    </p>
   </div>
   <div class='ocr_carea' id='block_1_38' title="bbox 427 2693 2087 2765">
    <p class='ocr_par' dir='ltr' id='par_1_38' title="bbox 427 2693 2087 2765">
     <span class='ocr_line' id='line_1_38' title="bbox 427 2693 2087 2765; baseline 0.002 -19"><span class='ocrx_word' id='word_1_297' title='bbox 427 2718 456 2746; x_wconf 75' lang='grc' dir='ltr'>α</span> <span class='ocrx_word' id='word_1_298' title='bbox 471 2711 642 2751; x_wconf 88' lang='lat' dir='ltr'>meus</span> <span class='ocrx_word' id='word_1_299' title='bbox 654 2694 810 2765; x_wconf 90' lang='lat' dir='ltr'>apud</span> <span class='ocrx_word' id='word_1_300' title='bbox 825 2710 929 2748; x_wconf 88' lang='lat' dir='ltr'>vos</span> <span class='ocrx_word' id='word_1_301' title='bbox 956 2709 968 2747; x_wconf 92' lang='lat'>:</span> <span class='ocrx_word' id='word_1_302' title='bbox 993 2699 1051 2747; x_wconf 89' lang='lat' dir='ltr'>et</span> <span class='ocrx_word' id='word_1_303' title='bbox 1070 2693 1299 2765; x_wconf 82' lang='lat' dir='ltr'>lugeam</span> <span class='ocrx_word' id='word_1_304' title='bbox 1316 2694 1534 2749; x_wconf 91' lang='lat' dir='ltr'>multos</span> <span class='ocrx_word' id='word_1_305' title='bbox 1556 2709 1761 2749; x_wconf 89' lang='lat' dir='ltr'>eorum</span> <span class='ocrx_word' id='word_1_306' title='bbox 1776 2694 1874 2765; x_wconf 90' lang='lat' dir='ltr'>qui</span> <span class='ocrx_word' id='word_1_307' title='bbox 1908 2700 2087 2750; x_wconf 89' lang='lat' dir='ltr'>antea</span> 
     </span>
    </p>
   </div>
   <div class='ocr_carea' id='block_1_39' title="bbox 427 2782 2086 2856">
    <p class='ocr_par' dir='ltr' id='par_1_39' title="bbox 427 2782 2086 2856">
     <span class='ocr_line' id='line_1_39' title="bbox 427 2782 2086 2856; baseline 0.003 -23"><span class='ocrx_word' id='word_1_308' title='bbox 427 2805 456 2834; x_wconf 76' lang='grc' dir='ltr'>ιι</span> <span class='ocrx_word' id='word_1_309' title='bbox 472 2789 866 2856; x_wconf 89' lang='lat' dir='ltr'>peccaverunt</span> <span class='ocrx_word' id='word_1_310' title='bbox 879 2798 988 2837; x_wconf 86' lang='lat' dir='ltr'>nec</span> <span class='ocrx_word' id='word_1_311' title='bbox 1000 2782 1465 2853; x_wconf 86' lang='lat' dir='ltr'>resipueruntab</span> <span class='ocrx_word' id='word_1_312' title='bbox 1481 2782 2086 2850; x_wconf 78' lang='lat' dir='ltr'>immunditia,libidi-</span> 
     </span>
    </p>
   </div>
   <div class='ocr_carea' id='block_1_40' title="bbox 431 2871 1797 2944">
    <p class='ocr_par' dir='ltr' id='par_1_40' title="bbox 431 2871 1797 2944">
     <span class='ocr_line' id='line_1_40' title="bbox 431 2871 1797 2944; baseline -0.002 -21"><span class='ocrx_word' id='word_1_313' title='bbox 431 2894 459 2923; x_wconf 70' lang='grc' dir='ltr'>α</span> <span class='ocrx_word' id='word_1_314' title='bbox 480 2889 676 2944; x_wconf 88' lang='lat' dir='ltr'>neque</span> <span class='ocrx_word' id='word_1_315' title='bbox 708 2877 765 2927; x_wconf 89' lang='lat' dir='ltr'>et</span> <span class='ocrx_word' id='word_1_316' title='bbox 795 2871 1169 2942; x_wconf 86' lang='lat' dir='ltr'>impudicitia</span> <span class='ocrx_word' id='word_1_317' title='bbox 1191 2888 1368 2943; x_wconf 86' lang='lat' dir='ltr'>quam</span> <span class='ocrx_word' id='word_1_318' title='bbox 1401 2876 1733 2944; x_wconf 86' lang='lat' dir='ltr'>patrarunt.</span> <span class='ocrx_word' id='word_1_319' title='bbox 1768 2893 1797 2921; x_wconf 88' lang='grc'><strong>››</strong></span> 
     </span>
    </p>
   </div>
   <div class='ocr_carea' id='block_1_41' title="bbox 501 2960 2086 3034">
    <p class='ocr_par' dir='ltr' id='par_1_41' title="bbox 501 2960 2086 3034">
     <span class='ocr_line' id='line_1_41' title="bbox 501 2960 2086 3034; baseline -0.001 -17"><span class='ocrx_word' id='word_1_320' title='bbox 501 2963 627 3017; x_wconf 86' lang='lat' dir='ltr'>Non</span> <span class='ocrx_word' id='word_1_321' title='bbox 684 2977 821 3034; x_wconf 88' lang='lat' dir='ltr'>ergo</span> <span class='ocrx_word' id='word_1_322' title='bbox 872 2960 1175 3033; x_wconf 89' lang='lat' dir='ltr'>loquimur</span> <span class='ocrx_word' id='word_1_323' title='bbox 1231 2960 1394 3015; x_wconf 85' lang='lat' dir='ltr'>vobis</span> <span class='ocrx_word' id='word_1_324' title='bbox 1450 2960 1525 3016; x_wconf 92' lang='lat' dir='ltr'>ad</span> <span class='ocrx_word' id='word_1_325' title='bbox 1572 2961 1823 3033; x_wconf 78' lang='lat' dir='ltr'>gratiam</span> <span class='ocrx_word' id='word_1_326' title='bbox 1854 2966 1955 3016; x_wconf 84' lang='lat' dir='ltr'>aut</span> <span class='ocrx_word' id='word_1_327' title='bbox 2012 2960 2086 3016; x_wconf 91' lang='lat' dir='ltr'>ad</span> 
     </span>
    </p>
   </div>
   <div class='ocr_carea' id='block_1_42' title="bbox 428 3050 2088 3127">
    <p class='ocr_par' dir='ltr' id='par_1_42' title="bbox 428 3050 2088 3127">
     <span class='ocr_line' id='line_1_42' title="bbox 428 3050 2088 3127; baseline -0.003 -18"><span class='ocrx_word' id='word_1_328' title='bbox 428 3050 931 3127; x_wconf 43' lang='lat' dir='ltr'>assentationem,</span> <span class='ocrx_word' id='word_1_329' title='bbox 970 3050 1073 3107; x_wconf 93' lang='lat' dir='ltr'>sed</span> <span class='ocrx_word' id='word_1_330' title='bbox 1131 3051 1204 3106; x_wconf 90' lang='lat' dir='ltr'>ad</span> <span class='ocrx_word' id='word_1_331' title='bbox 1262 3051 1437 3106; x_wconf 87' lang='lat' dir='ltr'>vestri</span> <span class='ocrx_word' id='word_1_332' title='bbox 1496 3050 1975 3117; x_wconf 61' lang='lat' dir='ltr'>aedificationem,</span> <span class='ocrx_word' id='word_1_333' title='bbox 2028 3054 2088 3105; x_wconf 92' lang='lat' dir='ltr'>et</span> 
     </span>
    </p>
   </div>
   <div class='ocr_carea' id='block_1_43' title="bbox 427 3140 2086 3212">
    <p class='ocr_par' dir='ltr' id='par_1_43' title="bbox 427 3140 2086 3212">
     <span class='ocr_line' id='line_1_43' title="bbox 427 3140 2086 3212; baseline -0.002 -13"><span class='ocrx_word' id='word_1_334' title='bbox 427 3142 771 3206; x_wconf 84' lang='lat' dir='ltr'>utilitatem,</span> <span class='ocrx_word' id='word_1_335' title='bbox 804 3147 870 3196; x_wconf 90' lang='lat' dir='ltr'>ut</span> <span class='ocrx_word' id='word_1_336' title='bbox 924 3140 1149 3196; x_wconf 80' lang='lat' dir='ltr'>relictis</span> <span class='ocrx_word' id='word_1_337' title='bbox 1207 3140 1704 3212; x_wconf 88' lang='lat' dir='ltr'>pseudapostolis,</span> <span class='ocrx_word' id='word_1_338' title='bbox 1740 3140 1912 3196; x_wconf 89' lang='lat' dir='ltr'>nobis</span> <span class='ocrx_word' id='word_1_339' title='bbox 1943 3140 2086 3196; x_wconf 88' lang='lat' dir='ltr'>solis</span> 
     </span>
    </p>
   </div>
   <div class='ocr_carea' id='block_1_44' title="bbox 428 3230 2090 3302">
    <p class='ocr_par' dir='ltr' id='par_1_44' title="bbox 428 3230 2090 3302">
     <span class='ocr_line' id='line_1_44' title="bbox 428 3230 2090 3302; baseline -0.002 -13"><span class='ocrx_word' id='word_1_340' title='bbox 428 3232 785 3289; x_wconf 70' lang='lat' dir='ltr'>adhaerentis</span> <span class='ocrx_word' id='word_1_341' title='bbox 815 3247 883 3286; x_wconf 88' lang='lat' dir='ltr'>ac</span> <span class='ocrx_word' id='word_1_342' title='bbox 910 3230 1133 3286; x_wconf 87' lang='lat' dir='ltr'>nostris</span> <span class='ocrx_word' id='word_1_343' title='bbox 1164 3230 1559 3286; x_wconf 87' lang='lat' dir='ltr'>sermonibus.</span> <span class='ocrx_word' id='word_1_344' title='bbox 1592 3233 1729 3298; x_wconf 79' lang='lat' dir='ltr'>Aut,</span> <span class='ocrx_word' id='word_1_345' title='bbox 1773 3235 2090 3302; x_wconf 88' lang='lat' dir='ltr'>propterea</span> 
     </span>
    </p>
   </div>
   <div class='ocr_carea' id='block_1_45' title="bbox 427 3318 2089 3392">
    <p class='ocr_par' dir='ltr' id='par_1_45' title="bbox 427 3318 2089 3392">
     <span class='ocr_line' id='line_1_45' title="bbox 427 3318 2089 3392; baseline -0.002 -14"><span class='ocrx_word' id='word_1_346' title='bbox 427 3337 548 3379; x_wconf 88' lang='lat' dir='ltr'>non</span> <span class='ocrx_word' id='word_1_347' title='bbox 574 3320 1015 3392; x_wconf 89' lang='lat' dir='ltr'>accepimus,ne</span> <span class='ocrx_word' id='word_1_348' title='bbox 1054 3335 1155 3374; x_wconf 89' lang='lat' dir='ltr'>vos</span> <span class='ocrx_word' id='word_1_349' title='bbox 1186 3319 1287 3389; x_wconf 90' lang='lat' dir='ltr'>qui</span> <span class='ocrx_word' id='word_1_350' title='bbox 1318 3318 1539 3374; x_wconf 81' lang='lat' dir='ltr'>inﬁrmi</span> <span class='ocrx_word' id='word_1_351' title='bbox 1565 3320 1729 3387; x_wconf 88' lang='lat' dir='ltr'>estis,</span> <span class='ocrx_word' id='word_1_352' title='bbox 1760 3319 2089 3375; x_wconf 77' lang='lat' dir='ltr'>offendicu-</span> 
     </span>
    </p>
   </div>
   <div class='ocr_carea' id='block_1_46' title="bbox 428 3408 2088 3481">
    <p class='ocr_par' dir='ltr' id='par_1_46' title="bbox 428 3408 2088 3481">
     <span class='ocr_line' id='line_1_46' title="bbox 428 3408 2088 3481; baseline -0.001 -15"><span class='ocrx_word' id='word_1_353' title='bbox 428 3410 554 3467; x_wconf 91' lang='lat' dir='ltr'>lum</span> <span class='ocrx_word' id='word_1_354' title='bbox 587 3409 906 3466; x_wconf 87' lang='lat' dir='ltr'>haberetis.</span> <span class='ocrx_word' id='word_1_355' title='bbox 941 3431 967 3458; x_wconf 81' lang='grc' dir='ltr'>ι(</span> <span class='ocrx_word' id='word_1_356' title='bbox 1013 3409 1204 3463; x_wconf 83' lang='lat' dir='ltr'>Metuo</span> <span class='ocrx_word' id='word_1_357' title='bbox 1236 3408 1417 3463; x_wconf 90' lang='lat' dir='ltr'>enim.</span> <span class='ocrx_word' id='word_1_358' title='bbox 1456 3429 1486 3458; x_wconf 83' lang='grc'>››</span> <span class='ocrx_word' id='word_1_359' title='bbox 1547 3408 1723 3465; x_wconf 86' lang='lat' dir='ltr'>Vides</span> <span class='ocrx_word' id='word_1_360' title='bbox 1778 3417 2088 3481; x_wconf 89' lang='lat' dir='ltr'>paternam</span> 
     </span>
    </p>
   </div>
   <div class='ocr_carea' id='block_1_47' title="bbox 2192 2148 3853 2230">
    <p class='ocr_par' dir='ltr' id='par_1_47' title="bbox 2192 2148 3853 2230">
     <span class='ocr_line' id='line_1_47' title="bbox 2192 2148 3853 2230; baseline -0.004 -16"><span class='ocrx_word' id='word_1_361' title='bbox 2192 2158 2272 2214; x_wconf 73' lang='grc' dir='ltr'>Τὰ</span> <span class='ocrx_word' id='word_1_362' title='bbox 2333 2154 2389 2211; x_wconf 68' lang='grc' dir='ltr'>δὲ</span> <span class='ocrx_word' id='word_1_363' title='bbox 2446 2156 2643 2225; x_wconf 79' lang='grc' dir='ltr'><strong>πάντα,</strong></span> <span class='ocrx_word' id='word_1_364' title='bbox 2703 2154 2995 2230; x_wconf 76' lang='grc' dir='ltr'><strong>ἀγαπητοὶ,</strong></span> <span class='ocrx_word' id='word_1_365' title='bbox 3060 2153 3195 2227; x_wconf 71' lang='grc' dir='ltr'><strong>ὓπερ</strong></span> <span class='ocrx_word' id='word_1_366' title='bbox 3251 2159 3351 2223; x_wconf 82' lang='grc' dir='ltr'><strong>τῆς</strong></span> <span class='ocrx_word' id='word_1_367' title='bbox 3410 2153 3563 2226; x_wconf 85' lang='grc' dir='ltr'><strong>ὑμῶν</strong></span> <span class='ocrx_word' id='word_1_368' title='bbox 3620 2148 3853 2208; x_wconf 72' lang='grc' dir='ltr'><strong>οἰκοδο-</strong></span> 
     </span>
    </p>
   </div>
   <div class='ocr_carea' id='block_1_48' title="bbox 2195 2237 3852 2322">
    <p class='ocr_par' dir='ltr' id='par_1_48' title="bbox 2195 2237 3852 2322">
     <span class='ocr_line' id='line_1_48' title="bbox 2195 2237 3852 2322; baseline -0.004 -19"><span class='ocrx_word' id='word_1_369' title='bbox 2195 2253 2327 2317; x_wconf 74' lang='grc' dir='ltr'><strong>μῆς.</strong></span> <span class='ocrx_word' id='word_1_370' title='bbox 2361 2241 2653 2319; x_wconf 78' lang='grc' dir='ltr'><strong>Φοϐοῦμαι</strong></span> <span class='ocrx_word' id='word_1_371' title='bbox 2685 2244 2789 2321; x_wconf 64' lang='grc' dir='ltr'><strong>γὰρ</strong></span> <span class='ocrx_word' id='word_1_372' title='bbox 2825 2246 2902 2317; x_wconf 80' lang='grc' dir='ltr'><strong>μή</strong></span> <span class='ocrx_word' id='word_1_373' title='bbox 2934 2264 3052 2305; x_wconf 85' lang='grc' dir='ltr'>πως</span> <span class='ocrx_word' id='word_1_374' title='bbox 3111 2241 3287 2299; x_wconf 78' lang='grc' dir='ltr'><strong>ἐλθὼν</strong></span> <span class='ocrx_word' id='word_1_375' title='bbox 3336 2239 3445 2322; x_wconf 76' lang='grc' dir='ltr'>οῦχ</span> <span class='ocrx_word' id='word_1_376' title='bbox 3502 2241 3653 2303; x_wconf 81' lang='grc' dir='ltr'><strong>οἳους</strong></span> <span class='ocrx_word' id='word_1_377' title='bbox 3707 2237 3852 2298; x_wconf 67' lang='grc' dir='ltr'><strong>θέλω</strong></span> 
     </span>
    </p>
   </div>
   <div class='ocr_carea' id='block_1_49' title="bbox 2191 2329 3848 2411">
    <p class='ocr_par' dir='ltr' id='par_1_49' title="bbox 2191 2329 3848 2411">
     <span class='ocr_line' id='line_1_49' title="bbox 2191 2329 3848 2411; baseline -0.001 -21"><span class='ocrx_word' id='word_1_378' title='bbox 2191 2337 2333 2411; x_wconf 76' lang='grc' dir='ltr'><strong>εὕρω</strong></span> <span class='ocrx_word' id='word_1_379' title='bbox 2401 2335 2567 2409; x_wconf 69' lang='grc' dir='ltr'><strong>ὶδμᾶς,</strong></span> <span class='ocrx_word' id='word_1_380' title='bbox 2647 2337 2802 2411; x_wconf 81' lang='grc' dir='ltr'><strong>κάγὼ</strong></span> <span class='ocrx_word' id='word_1_381' title='bbox 2878 2334 3081 2409; x_wconf 71' lang='grc' dir='ltr'><strong>εὕρεθῶ</strong></span> <span class='ocrx_word' id='word_1_382' title='bbox 3165 2333 3292 2406; x_wconf 77' lang='grc' dir='ltr'><strong>ῦμῖν</strong></span> <span class='ocrx_word' id='word_1_383' title='bbox 3353 2336 3468 2389; x_wconf 84' lang='grc' dir='ltr'><strong>οἷον</strong></span> <span class='ocrx_word' id='word_1_384' title='bbox 3526 2330 3587 2387; x_wconf 72' lang='grc' dir='ltr'><strong>οὗ</strong></span> <span class='ocrx_word' id='word_1_385' title='bbox 3643 2329 3848 2396; x_wconf 69' lang='grc' dir='ltr'><strong>θέλετε.</strong></span> 
     </span>
    </p>
   </div>
   <div class='ocr_carea' id='block_1_50' title="bbox 2193 2418 3847 2499">
    <p class='ocr_par' dir='ltr' id='par_1_50' title="bbox 2193 2418 3847 2499">
     <span class='ocr_line' id='line_1_50' title="bbox 2193 2418 3847 2499; baseline -0.005 -18"><span class='ocrx_word' id='word_1_386' title='bbox 2193 2427 2282 2495; x_wconf 74' lang='grc' dir='ltr'>Μή</span> <span class='ocrx_word' id='word_1_387' title='bbox 2318 2445 2435 2487; x_wconf 88' lang='grc' dir='ltr'>πως</span> <span class='ocrx_word' id='word_1_388' title='bbox 2466 2422 2632 2498; x_wconf 83' lang='grc' dir='ltr'><strong>ἕρεις,</strong></span> <span class='ocrx_word' id='word_1_389' title='bbox 2694 2422 2880 2494; x_wconf 74' lang='grc' dir='ltr'><strong>ζῆλοι,</strong></span> <span class='ocrx_word' id='word_1_390' title='bbox 2936 2423 3125 2496; x_wconf 74' lang='grc' dir='ltr'><strong>θυμοὶ,</strong></span> <span class='ocrx_word' id='word_1_391' title='bbox 3185 2421 3438 2499; x_wconf 83' lang='grc' dir='ltr'><strong>ἐριθεῖαι,</strong></span> <span class='ocrx_word' id='word_1_392' title='bbox 3488 2418 3847 2490; x_wconf 79' lang='grc' dir='ltr'><strong>καταλαλιαὶ,</strong></span> 
     </span>
    </p>
   </div>
   <div class='ocr_carea' id='block_1_51' title="bbox 2188 2506 3847 2592">
    <p class='ocr_par' dir='ltr' id='par_1_51' title="bbox 2188 2506 3847 2592">
     <span class='ocr_line' id='line_1_51' title="bbox 2188 2506 3847 2592; baseline -0.001 -25"><span class='ocrx_word' id='word_1_393' title='bbox 2188 2514 2511 2589; x_wconf 70' lang='grc' dir='ltr'><strong>ψιθυρισμοί</strong></span> <span class='ocrx_word' id='word_1_394' title='bbox 2548 2556 2563 2581; x_wconf 89' lang='grc'>,</span> <span class='ocrx_word' id='word_1_395' title='bbox 2651 2514 2986 2592; x_wconf 69' lang='grc' dir='ltr'><strong>φυσιώσεις,</strong></span> <span class='ocrx_word' id='word_1_396' title='bbox 3073 2512 3479 2581; x_wconf 77' lang='grc' dir='ltr'><strong>ἀκαταστασίαι,</strong></span> <span class='ocrx_word' id='word_1_397' title='bbox 3544 2511 3621 2584; x_wconf 75' lang='grc' dir='ltr'><strong>μὴ</strong></span> <span class='ocrx_word' id='word_1_398' title='bbox 3678 2506 3847 2565; x_wconf 73' lang='grc' dir='ltr'><strong>πάλιν</strong></span> 
     </span>
    </p>
   </div>
   <div class='ocr_carea' id='block_1_52' title="bbox 2191 2598 3842 2675">
    <p class='ocr_par' dir='ltr' id='par_1_52' title="bbox 2191 2598 3842 2675">
     <span class='ocr_line' id='line_1_52' title="bbox 2191 2598 3842 2675; baseline -0.003 -17"><span class='ocrx_word' id='word_1_399' title='bbox 2191 2603 2420 2668; x_wconf 67' lang='grc' dir='ltr'><strong>ἐλθόντα</strong></span> <span class='ocrx_word' id='word_1_400' title='bbox 2452 2624 2520 2675; x_wconf 89' lang='grc' dir='ltr'>με</span> <span class='ocrx_word' id='word_1_401' title='bbox 2549 2603 2871 2659; x_wconf 82' lang='grc' dir='ltr'><strong>ταπεινώσει</strong></span> <span class='ocrx_word' id='word_1_402' title='bbox 2906 2603 2933 2658; x_wconf 85' lang='grc' dir='ltr'>ὁ</span> <span class='ocrx_word' id='word_1_403' title='bbox 2986 2602 3114 2664; x_wconf 78' lang='grc' dir='ltr'><strong>Θεός</strong></span> <span class='ocrx_word' id='word_1_404' title='bbox 3175 2622 3279 2674; x_wconf 85' lang='grc' dir='ltr'><strong>μου</strong></span> <span class='ocrx_word' id='word_1_405' title='bbox 3336 2601 3474 2674; x_wconf 82' lang='grc' dir='ltr'><strong>πρὸς</strong></span> <span class='ocrx_word' id='word_1_406' title='bbox 3530 2600 3696 2672; x_wconf 73' lang='grc' dir='ltr'><strong>ῦμᾶς,</strong></span> <span class='ocrx_word' id='word_1_407' title='bbox 3754 2598 3842 2654; x_wconf 76' lang='grc' dir='ltr'><strong>καὶ</strong></span> 
     </span>
    </p>
   </div>
   <div class='ocr_carea' id='block_1_53' title="bbox 2190 2690 3845 2767">
    <p class='ocr_par' dir='ltr' id='par_1_53' title="bbox 2190 2690 3845 2767">
     <span class='ocr_line' id='line_1_53' title="bbox 2190 2690 3845 2767; baseline -0.003 -20"><span class='ocrx_word' id='word_1_408' title='bbox 2190 2695 2443 2763; x_wconf 67' lang='grc' dir='ltr'><strong>πενθήσω</strong></span> <span class='ocrx_word' id='word_1_409' title='bbox 2471 2690 2719 2755; x_wconf 76' lang='grc' dir='ltr'><strong>πολλοὺς</strong></span> <span class='ocrx_word' id='word_1_410' title='bbox 2749 2698 2858 2749; x_wconf 79' lang='grc' dir='ltr'>τῶν</span> <span class='ocrx_word' id='word_1_411' title='bbox 2890 2691 3428 2767; x_wconf 70' lang='grc' dir='ltr'><strong>προημαρτηκότων,</strong></span> <span class='ocrx_word' id='word_1_412' title='bbox 3459 2690 3548 2744; x_wconf 82' lang='grc' dir='ltr'><strong>καὶ</strong></span> <span class='ocrx_word' id='word_1_413' title='bbox 3612 2690 3690 2764; x_wconf 77' lang='grc' dir='ltr'><strong>μὴ</strong></span> <span class='ocrx_word' id='word_1_414' title='bbox 3753 2709 3845 2762; x_wconf 84' lang='grc' dir='ltr'><strong>με·</strong></span> 
     </span>
    </p>
   </div>
   <div class='ocr_carea' id='block_1_54' title="bbox 2189 2777 3844 2859">
    <p class='ocr_par' dir='ltr' id='par_1_54' title="bbox 2189 2777 3844 2859">
     <span class='ocr_line' id='line_1_54' title="bbox 2189 2777 3844 2859; baseline -0.002 -23"><span class='ocrx_word' id='word_1_415' title='bbox 2189 2783 2570 2853; x_wconf 83' lang='grc' dir='ltr'><strong>τανοησάντων</strong></span> <span class='ocrx_word' id='word_1_416' title='bbox 2606 2783 2693 2839; x_wconf 84' lang='grc' dir='ltr'>ἐπὶ</span> <span class='ocrx_word' id='word_1_417' title='bbox 2722 2785 2792 2854; x_wconf 80' lang='grc' dir='ltr'><strong>τῇ</strong></span> <span class='ocrx_word' id='word_1_418' title='bbox 2815 2782 3115 2859; x_wconf 79' lang='grc' dir='ltr'><strong>ἀκαθαρσίᾳ</strong></span> <span class='ocrx_word' id='word_1_419' title='bbox 3143 2784 3234 2838; x_wconf 79' lang='grc' dir='ltr'><strong>καὶ</strong></span> <span class='ocrx_word' id='word_1_420' title='bbox 3283 2781 3508 2856; x_wconf 82' lang='grc' dir='ltr'><strong>πορνείᾳ</strong></span> <span class='ocrx_word' id='word_1_421' title='bbox 3560 2779 3652 2835; x_wconf 86' lang='grc' dir='ltr'><strong>καὶ</strong></span> <span class='ocrx_word' id='word_1_422' title='bbox 3682 2777 3844 2834; x_wconf 81' lang='grc' dir='ltr'><strong>ἀσελ-</strong></span> 
     </span>
    </p>
   </div>
   <div class='ocr_carea' id='block_1_55' title="bbox 2189 2868 2647 2948">
    <p class='ocr_par' dir='ltr' id='par_1_55' title="bbox 2189 2868 2647 2948">
     <span class='ocr_line' id='line_1_55' title="bbox 2189 2868 2647 2948; baseline 0.011 -22"><span class='ocrx_word' id='word_1_423' title='bbox 2189 2872 2306 2946; x_wconf 79' lang='grc' dir='ltr'><strong>γείᾳ</strong></span> <span class='ocrx_word' id='word_1_424' title='bbox 2334 2872 2369 2948; x_wconf 76' lang='grc' dir='ltr'><strong>ᾖ</strong></span> <span class='ocrx_word' id='word_1_425' title='bbox 2397 2868 2624 2947; x_wconf 80' lang='grc' dir='ltr'><strong>ἔπραξαν</strong></span> <span class='ocrx_word' id='word_1_426' title='bbox 2635 2919 2647 2931; x_wconf 92' lang='grc'><em>.</em></span> 
     </span>
    </p>
   </div>
   <div class='ocr_carea' id='block_1_56' title="bbox 2264 2957 3845 3039">
    <p class='ocr_par' dir='ltr' id='par_1_56' title="bbox 2264 2957 3845 3039">
     <span class='ocr_line' id='line_1_56' title="bbox 2264 2957 3845 3039; baseline -0.004 -18"><span class='ocrx_word' id='word_1_427' title='bbox 2264 2962 2342 3021; x_wconf 70' lang='lat' dir='ltr'>Ou</span> <span class='ocrx_word' id='word_1_428' title='bbox 2372 2962 2650 3036; x_wconf 82' lang='grc' dir='ltr'><strong>λαλοῦμεν</strong></span> <span class='ocrx_word' id='word_1_429' title='bbox 2681 2963 2773 3018; x_wconf 51' lang='grc' dir='ltr'><strong>οὖν</strong></span> <span class='ocrx_word' id='word_1_430' title='bbox 2805 2965 2941 3036; x_wconf 84' lang='grc' dir='ltr'><strong>πρὸς</strong></span> <span class='ocrx_word' id='word_1_431' title='bbox 2975 2964 3135 3039; x_wconf 76' lang='grc' dir='ltr'><strong>χάριν</strong></span> <span class='ocrx_word' id='word_1_432' title='bbox 3200 2963 3379 3035; x_wconf 68' lang='grc' dir='ltr'><strong>ὑμῶν,</strong></span> <span class='ocrx_word' id='word_1_433' title='bbox 3410 2963 3445 3031; x_wconf 74' lang='grc' dir='ltr'>ἤ</span> <span class='ocrx_word' id='word_1_434' title='bbox 3499 2962 3634 3037; x_wconf 83' lang='grc' dir='ltr'><strong>πρὸς</strong></span> <span class='ocrx_word' id='word_1_435' title='bbox 3674 2957 3845 3015; x_wconf 86' lang='grc' dir='ltr'><strong>κολα-</strong></span> 
     </span>
    </p>
   </div>
   <div class='ocr_carea' id='block_1_57' title="bbox 2192 3048 3838 3127">
    <p class='ocr_par' dir='ltr' id='par_1_57' title="bbox 2192 3048 3838 3127">
     <span class='ocr_line' id='line_1_57' title="bbox 2192 3048 3838 3127; baseline -0.002 -19"><span class='ocrx_word' id='word_1_436' title='bbox 2192 3053 2363 3122; x_wconf 89' lang='grc' dir='ltr'><strong>κείαν,</strong></span> <span class='ocrx_word' id='word_1_437' title='bbox 2398 3053 2524 3110; x_wconf 80' lang='grc' dir='ltr'><strong>ἀλλ’</strong></span> <span class='ocrx_word' id='word_1_438' title='bbox 2555 3054 2687 3127; x_wconf 65' lang='grc' dir='ltr'><strong>ὑπὲρ</strong></span> <span class='ocrx_word' id='word_1_439' title='bbox 2719 3058 2816 3110; x_wconf 90' lang='grc' dir='ltr'>τοῦ</span> <span class='ocrx_word' id='word_1_440' title='bbox 2846 3054 2989 3127; x_wconf 78' lang='grc' dir='ltr'>ῦμᾶς</span> <span class='ocrx_word' id='word_1_441' title='bbox 3044 3049 3418 3124; x_wconf 77' lang='grc' dir='ltr'><strong>οἰκοδομῆσαι</strong></span> <span class='ocrx_word' id='word_1_442' title='bbox 3476 3052 3565 3107; x_wconf 85' lang='grc' dir='ltr'><strong>καὶ</strong></span> <span class='ocrx_word' id='word_1_443' title='bbox 3614 3048 3838 3118; x_wconf 76' lang='grc' dir='ltr'><strong>ὦσελῆ-</strong></span> 
     </span>
    </p>
   </div>
   <div class='ocr_carea' id='block_1_58' title="bbox 2195 3139 3846 3220">
    <p class='ocr_par' dir='ltr' id='par_1_58' title="bbox 2195 3139 3846 3220">
     <span class='ocr_line' id='line_1_58' title="bbox 2195 3139 3846 3220; baseline -0.004 -22"><span class='ocrx_word' id='word_1_444' title='bbox 2195 3165 2301 3211; x_wconf 88' lang='grc' dir='ltr'><strong>σαι,</strong></span> <span class='ocrx_word' id='word_1_445' title='bbox 2330 3142 2421 3199; x_wconf 76' lang='grc' dir='ltr'><strong>’ίνα</strong></span> <span class='ocrx_word' id='word_1_446' title='bbox 2449 3143 2578 3207; x_wconf 76' lang='grc' dir='ltr'><strong>τοὺς</strong></span> <span class='ocrx_word' id='word_1_447' title='bbox 2607 3142 3088 3218; x_wconf 82' lang='grc' dir='ltr'><strong>ψευδαποστόλους</strong></span> <span class='ocrx_word' id='word_1_448' title='bbox 3129 3143 3413 3220; x_wconf 72' lang='grc' dir='ltr'><strong>φυγόντες,</strong></span> <span class='ocrx_word' id='word_1_449' title='bbox 3472 3145 3603 3215; x_wconf 77' lang='grc' dir='ltr'><strong>ἡμῖν</strong></span> <span class='ocrx_word' id='word_1_450' title='bbox 3658 3139 3846 3212; x_wconf 78' lang='grc' dir='ltr'><strong>μόνοις</strong></span> 
     </span>
    </p>
   </div>
   <div class='ocr_carea' id='block_1_59' title="bbox 2194 3223 3850 3309">
    <p class='ocr_par' dir='ltr' id='par_1_59' title="bbox 2194 3223 3850 3309">
     <span class='ocr_line' id='line_1_59' title="bbox 2194 3223 3850 3309; baseline -0.004 -22"><span class='ocrx_word' id='word_1_451' title='bbox 2194 3233 2529 3309; x_wconf 67' lang='grc' dir='ltr'><strong>προσέχητε,</strong></span> <span class='ocrx_word' id='word_1_452' title='bbox 2582 3234 2673 3288; x_wconf 82' lang='grc' dir='ltr'><strong>καὶ</strong></span> <span class='ocrx_word' id='word_1_453' title='bbox 2730 3239 2848 3294; x_wconf 83' lang='grc' dir='ltr'><strong>τοῖς</strong></span> <span class='ocrx_word' id='word_1_454' title='bbox 2900 3234 3193 3306; x_wconf 64' lang='grc' dir='ltr'><strong>ἡμετέροις</strong></span> <span class='ocrx_word' id='word_1_455' title='bbox 3252 3230 3464 3307; x_wconf 75' lang='grc' dir='ltr'><strong>λόγοις.</strong></span> <span class='ocrx_word' id='word_1_456' title='bbox 3505 3232 3579 3287; x_wconf 82' lang='grc' dir='ltr'>’Ἠ</span> <span class='ocrx_word' id='word_1_457' title='bbox 3628 3225 3711 3285; x_wconf 72' lang='grc' dir='ltr'><strong>ὅτι</strong></span> <span class='ocrx_word' id='word_1_458' title='bbox 3761 3223 3850 3281; x_wconf 80' lang='grc' dir='ltr'>διᾶ</span> 
     </span>
    </p>
   </div>
   <div class='ocr_carea' id='block_1_60' title="bbox 2193 3312 3852 3396">
    <p class='ocr_par' dir='ltr' id='par_1_60' title="bbox 2193 3312 3852 3396">
     <span class='ocr_line' id='line_1_60' title="bbox 2193 3312 3852 3396; baseline -0.004 -19"><span class='ocrx_word' id='word_1_459' title='bbox 2193 3327 2357 3377; x_wconf 88' lang='grc' dir='ltr'><strong>τοῦτο</strong></span> <span class='ocrx_word' id='word_1_460' title='bbox 2411 3322 2512 3378; x_wconf 79' lang='grc' dir='ltr'><strong>οὐκ</strong></span> <span class='ocrx_word' id='word_1_461' title='bbox 2563 3320 2855 3395; x_wconf 73' lang='grc' dir='ltr'><strong>ἐλάϐομεν,</strong></span> <span class='ocrx_word' id='word_1_462' title='bbox 2911 3323 3001 3377; x_wconf 83' lang='grc' dir='ltr'>ἳνα</span> <span class='ocrx_word' id='word_1_463' title='bbox 3061 3323 3137 3396; x_wconf 79' lang='grc' dir='ltr'><strong>μή</strong></span> <span class='ocrx_word' id='word_1_464' title='bbox 3198 3323 3358 3396; x_wconf 74' lang='grc' dir='ltr'><strong>ὑμεῖς</strong></span> <span class='ocrx_word' id='word_1_465' title='bbox 3409 3321 3648 3384; x_wconf 79' lang='grc' dir='ltr'><strong>ἀσθενεῖς</strong></span> <span class='ocrx_word' id='word_1_466' title='bbox 3703 3312 3852 3378; x_wconf 78' lang='grc' dir='ltr'><strong>ὄντες</strong></span> 
     </span>
    </p>
   </div>
   <div class='ocr_carea' id='block_1_61' title="bbox 2202 3405 3857 3487">
    <p class='ocr_par' dir='ltr' id='par_1_61' title="bbox 2202 3405 3857 3487">
     <span class='ocr_line' id='line_1_61' title="bbox 2202 3405 3857 3487; baseline -0.004 -19"><span class='ocrx_word' id='word_1_467' title='bbox 2202 3410 2653 3483; x_wconf 84' lang='grc' dir='ltr'><strong>σκανδαλισθῆτε.</strong></span> <span class='ocrx_word' id='word_1_468' title='bbox 2682 3438 2709 3464; x_wconf 75' lang='grc' dir='ltr'>ι(</span> <span class='ocrx_word' id='word_1_469' title='bbox 2743 3407 3035 3486; x_wconf 78' lang='grc' dir='ltr'><strong>Φοϐοῦμαι</strong></span> <span class='ocrx_word' id='word_1_470' title='bbox 3061 3413 3187 3487; x_wconf 84' lang='grc' dir='ltr'><strong>γάρ.</strong></span> <span class='ocrx_word' id='word_1_471' title='bbox 3228 3433 3254 3465; x_wconf 72' lang='grc' dir='ltr'><strong>ι</strong></span> <span class='ocrx_word' id='word_1_472' title='bbox 3304 3412 3468 3484; x_wconf 82' lang='grc' dir='ltr'><strong>Ὁρᾷς</strong></span> <span class='ocrx_word' id='word_1_473' title='bbox 3526 3405 3857 3480; x_wconf 80' lang='grc' dir='ltr'><strong>κηδεμονίαν</strong></span> 
     </span>
    </p>
   </div>
   <div class='ocr_carea' id='block_1_62' title="bbox 432 3465 2084 3578">
    <p class='ocr_par' dir='ltr' id='par_1_62' title="bbox 432 3465 2084 3573">
     <span class='ocr_line' id='line_1_62' title="bbox 432 3465 2084 3573; baseline 0.001 -18"><span class='ocrx_word' id='word_1_474' title='bbox 432 3465 869 3573; x_wconf 85' lang='lat' dir='ltr'>providentiam</span> <span class='ocrx_word' id='word_1_475' title='bbox 897 3498 925 3554; x_wconf 68' lang='lat'>‘2</span> <span class='ocrx_word' id='word_1_476' title='bbox 971 3499 1088 3554; x_wconf 83' lang='lat' dir='ltr'>Alii</span> <span class='ocrx_word' id='word_1_477' title='bbox 1128 3505 1451 3571; x_wconf 88' lang='lat' dir='ltr'>peccarunt</span> <span class='ocrx_word' id='word_1_478' title='bbox 1479 3505 1539 3556; x_wconf 92' lang='lat' dir='ltr'>et</span> <span class='ocrx_word' id='word_1_479' title='bbox 1582 3465 1802 3557; x_wconf 67' lang='lat' dir='ltr'>Paulus</span> <span class='ocrx_word' id='word_1_480' title='bbox 1854 3501 2084 3559; x_wconf 88' lang='lat' dir='ltr'>metuit.</span> 
     </span>
    </p>
   </div>
   <div class='ocr_carea' id='block_1_63' title="bbox 2196 3465 3853 3578">
    <p class='ocr_par' dir='ltr' id='par_1_63' title="bbox 2204 3465 3853 3578">
     <span class='ocr_line' id='line_1_63' title="bbox 2204 3465 3853 3578; baseline -0.002 -20"><span class='ocrx_word' id='word_1_481' title='bbox 2204 3465 2490 3578; x_wconf 52' lang='grc' dir='ltr'>έέᾷέρζέιῆζ</span> <span class='ocrx_word' id='word_1_482' title='bbox 2509 3465 2524 3571; x_wconf 72' lang='lat'>.;</span> <span class='ocrx_word' id='word_1_483' title='bbox 2542 3465 2774 3560; x_wconf 52' lang='grc' dir='ltr'><strong>ίᾹλλοζ</strong></span> <span class='ocrx_word' id='word_1_484' title='bbox 2794 3465 3250 3576; x_wconf 50' lang='grc' dir='ltr'>ἐκμεέξάψοζίᾶαι</span> <span class='ocrx_word' id='word_1_485' title='bbox 3308 3465 3531 3564; x_wconf 47' lang='lat' dir='ltr'>est...</span> <span class='ocrx_word' id='word_1_486' title='bbox 3581 3465 3853 3578; x_wconf 45' lang='lat' dir='ltr'>aea...</span> 
     </span>
    </p>
   </div>
   <div class='ocr_carea' id='block_1_64' title="bbox 434 3587 2093 3660">
    <p class='ocr_par' dir='ltr' id='par_1_64' title="bbox 434 3587 2093 3660">
     <span class='ocr_line' id='line_1_64' title="bbox 434 3587 2093 3660; baseline 0.003 -21"><span class='ocrx_word' id='word_1_487' title='bbox 434 3610 462 3639; x_wconf 86' lang='grc'><strong>‹‹</strong></span> <span class='ocrx_word' id='word_1_488' title='bbox 489 3590 570 3644; x_wconf 86' lang='lat' dir='ltr'>Ne</span> <span class='ocrx_word' id='word_1_489' title='bbox 610 3604 729 3660; x_wconf 88' lang='lat' dir='ltr'>qua</span> <span class='ocrx_word' id='word_1_490' title='bbox 777 3587 899 3643; x_wconf 79' lang='lat' dir='ltr'>fiat.</span> <span class='ocrx_word' id='word_1_491' title='bbox 959 3610 979 3636; x_wconf 79' lang='grc' dir='ltr'>ι</span> <span class='ocrx_word' id='word_1_492' title='bbox 1044 3587 1288 3644; x_wconf 89' lang='lat' dir='ltr'>Dubitat</span> <span class='ocrx_word' id='word_1_493' title='bbox 1337 3587 1530 3644; x_wconf 88' lang='lat' dir='ltr'>adhuc</span> <span class='ocrx_word' id='word_1_494' title='bbox 1588 3594 1647 3645; x_wconf 92' lang='lat' dir='ltr'>et</span> <span class='ocrx_word' id='word_1_495' title='bbox 1687 3605 1809 3645; x_wconf 90' lang='lat' dir='ltr'>non</span> <span class='ocrx_word' id='word_1_496' title='bbox 1858 3590 2093 3645; x_wconf 88' lang='lat' dir='ltr'>asserit.</span> 
     </span>
    </p>
   </div>
   <div class='ocr_carea' id='block_1_65' title="bbox 435 3676 2092 3751">
    <p class='ocr_par' dir='ltr' id='par_1_65' title="bbox 435 3676 2092 3751">
     <span class='ocr_line' id='line_1_65' title="bbox 435 3676 2092 3751; baseline -0.001 -17"><span class='ocrx_word' id='word_1_497' title='bbox 435 3702 464 3730; x_wconf 86' lang='grc'>‹‹</span> <span class='ocrx_word' id='word_1_498' title='bbox 498 3680 625 3735; x_wconf 86' lang='lat' dir='ltr'>Non</span> <span class='ocrx_word' id='word_1_499' title='bbox 651 3677 859 3750; x_wconf 90' lang='lat' dir='ltr'>quales</span> <span class='ocrx_word' id='word_1_500' title='bbox 889 3676 1021 3732; x_wconf 91' lang='lat' dir='ltr'>volo</span> <span class='ocrx_word' id='word_1_501' title='bbox 1051 3677 1346 3751; x_wconf 88' lang='lat' dir='ltr'>reperiam</span> <span class='ocrx_word' id='word_1_502' title='bbox 1379 3694 1499 3734; x_wconf 79' lang='lat' dir='ltr'>vos.</span> <span class='ocrx_word' id='word_1_503' title='bbox 1536 3699 1565 3727; x_wconf 86' lang='lat'>»</span> <span class='ocrx_word' id='word_1_504' title='bbox 1598 3681 1817 3751; x_wconf 84' lang='lat' dir='ltr'>Nempe</span> <span class='ocrx_word' id='word_1_505' title='bbox 1849 3695 2092 3751; x_wconf 82' lang='lat' dir='ltr'>corrup-</span> 
     </span>
    </p>
   </div>
   <div class='ocr_carea' id='block_1_66' title="bbox 427 3769 2096 3842">
    <p class='ocr_par' dir='ltr' id='par_1_66' title="bbox 427 3769 2096 3842">
     <span class='ocr_line' id='line_1_66' title="bbox 427 3769 2096 3842; baseline 0 -17"><span class='ocrx_word' id='word_1_506' title='bbox 427 3774 519 3825; x_wconf 89' lang='lat' dir='ltr'>tos</span> <span class='ocrx_word' id='word_1_507' title='bbox 541 3787 556 3825; x_wconf 90' lang='lat'><strong>:</strong></span> <span class='ocrx_word' id='word_1_508' title='bbox 578 3775 638 3824; x_wconf 91' lang='lat' dir='ltr'>et</span> <span class='ocrx_word' id='word_1_509' title='bbox 657 3786 762 3840; x_wconf 78' lang='lat' dir='ltr'>ego</span> <span class='ocrx_word' id='word_1_510' title='bbox 776 3785 1015 3841; x_wconf 90' lang='lat' dir='ltr'>quoque</span> <span class='ocrx_word' id='word_1_511' title='bbox 1037 3769 1393 3825; x_wconf 84' lang='lat' dir='ltr'>necessitate</span> <span class='ocrx_word' id='word_1_512' title='bbox 1407 3769 1620 3826; x_wconf 91' lang='lat' dir='ltr'>ductus</span> <span class='ocrx_word' id='word_1_513' title='bbox 1638 3770 1936 3842; x_wconf 89' lang='lat' dir='ltr'>resperiar</span> <span class='ocrx_word' id='word_1_514' title='bbox 1955 3785 2096 3841; x_wconf 88' lang='lat' dir='ltr'>qua-</span> 
     </span>
    </p>
   </div>
   <div class='ocr_carea' id='block_1_67' title="bbox 428 3858 2096 3930">
    <p class='ocr_par' dir='ltr' id='par_1_67' title="bbox 428 3858 2096 3930">
     <span class='ocr_line' id='line_1_67' title="bbox 428 3858 2096 3930; baseline 0 -15"><span class='ocrx_word' id='word_1_515' title='bbox 428 3858 548 3915; x_wconf 89' lang='lat' dir='ltr'>lem</span> <span class='ocrx_word' id='word_1_516' title='bbox 580 3859 785 3915; x_wconf 89' lang='lat' dir='ltr'>nolitis</span> <span class='ocrx_word' id='word_1_517' title='bbox 811 3858 1245 3929; x_wconf 89' lang='lat' dir='ltr'>:hoc,puniens</span> <span class='ocrx_word' id='word_1_518' title='bbox 1276 3874 1378 3914; x_wconf 90' lang='lat' dir='ltr'>eos</span> <span class='ocrx_word' id='word_1_519' title='bbox 1409 3859 1511 3930; x_wconf 89' lang='lat' dir='ltr'>qui</span> <span class='ocrx_word' id='word_1_520' title='bbox 1570 3859 2096 3916; x_wconf 89' lang='lat' dir='ltr'>immedicabiliter</span> 
     </span>
    </p>
   </div>
   <div class='ocr_carea' id='block_1_68' title="bbox 425 3946 2092 4018">
    <p class='ocr_par' dir='ltr' id='par_1_68' title="bbox 425 3946 2092 4018">
     <span class='ocr_line' id='line_1_68' title="bbox 425 3946 2092 4018; baseline 0.001 -15"><span class='ocrx_word' id='word_1_521' title='bbox 425 3953 716 4014; x_wconf 69' lang='lat' dir='ltr'>aagrotant</span> <span class='ocrx_word' id='word_1_522' title='bbox 746 3965 758 4002; x_wconf 93' lang='lat'><strong>:</strong></span> <span class='ocrx_word' id='word_1_523' title='bbox 792 3972 811 3995; x_wconf 81' lang='grc' dir='ltr'>ι</span> <span class='ocrx_word' id='word_1_524' title='bbox 854 3950 934 4003; x_wconf 79' lang='lat' dir='ltr'>Ns</span> <span class='ocrx_word' id='word_1_525' title='bbox 965 3946 1269 4018; x_wconf 90' lang='lat' dir='ltr'>quomodo</span> <span class='ocrx_word' id='word_1_526' title='bbox 1301 3948 1422 4004; x_wconf 91' lang='lat' dir='ltr'>sint</span> <span class='ocrx_word' id='word_1_527' title='bbox 1451 3950 2092 4017; x_wconf 77' lang='lat' dir='ltr'>contentiones,semu-</span> 
     </span>
    </p>
   </div>
   <div class='ocr_carea' id='block_1_69' title="bbox 423 4037 2089 4111">
    <p class='ocr_par' dir='ltr' id='par_1_69' title="bbox 423 4037 2089 4111">
     <span class='ocr_line' id='line_1_69' title="bbox 423 4037 2089 4111; baseline 0 -18"><span class='ocrx_word' id='word_1_528' title='bbox 423 4037 753 4094; x_wconf 80' lang='lat' dir='ltr'>lationes.»</span> <span class='ocrx_word' id='word_1_529' title='bbox 792 4037 943 4092; x_wconf 86' lang='lat' dir='ltr'>Dicit</span> <span class='ocrx_word' id='word_1_530' title='bbox 984 4037 1164 4092; x_wconf 90' lang='lat' dir='ltr'>etiam</span> <span class='ocrx_word' id='word_1_531' title='bbox 1222 4037 1507 4111; x_wconf 90' lang='lat' dir='ltr'>deinceps</span> <span class='ocrx_word' id='word_1_532' title='bbox 1565 4038 1773 4111; x_wconf 90' lang='lat' dir='ltr'>quales</span> <span class='ocrx_word' id='word_1_533' title='bbox 1819 4038 2089 4094; x_wconf 89' lang='lat' dir='ltr'>invenire</span> 
     </span>
    </p>
   </div>
   <div class='ocr_carea' id='block_1_70' title="bbox 424 4126 2088 4200">
    <p class='ocr_par' dir='ltr' id='par_1_70' title="bbox 424 4126 2088 4200">
     <span class='ocr_line' id='line_1_70' title="bbox 424 4126 2088 4200; baseline 0.001 -17"><span class='ocrx_word' id='word_1_534' title='bbox 424 4127 577 4183; x_wconf 91' lang='lat' dir='ltr'>nolit</span> <span class='ocrx_word' id='word_1_535' title='bbox 610 4143 623 4181; x_wconf 91' lang='lat'><strong>:</strong></span> <span class='ocrx_word' id='word_1_536' title='bbox 656 4127 802 4183; x_wconf 89' lang='lat' dir='ltr'>Cum</span> <span class='ocrx_word' id='word_1_537' title='bbox 832 4126 949 4193; x_wconf 91' lang='lat' dir='ltr'>his,</span> <span class='ocrx_word' id='word_1_538' title='bbox 994 4127 1211 4200; x_wconf 91' lang='lat' dir='ltr'>inquit,</span> <span class='ocrx_word' id='word_1_539' title='bbox 1242 4128 1420 4183; x_wconf 85' lang='lat' dir='ltr'>vitiis.</span> <span class='ocrx_word' id='word_1_540' title='bbox 1481 4129 1631 4183; x_wconf 86' lang='lat' dir='ltr'>Dicit</span> <span class='ocrx_word' id='word_1_541' title='bbox 1690 4134 1890 4185; x_wconf 89' lang='lat' dir='ltr'>autem</span> <span class='ocrx_word' id='word_1_542' title='bbox 1950 4144 2088 4184; x_wconf 90' lang='lat' dir='ltr'>con-</span> 
     </span>
    </p>
   </div>
   <div class='ocr_carea' id='block_1_71' title="bbox 425 4215 2081 4287">
    <p class='ocr_par' dir='ltr' id='par_1_71' title="bbox 425 4215 2081 4287">
     <span class='ocr_line' id='line_1_71' title="bbox 425 4215 2081 4287; baseline -0.003 -15"><span class='ocrx_word' id='word_1_543' title='bbox 425 4216 823 4279; x_wconf 84' lang='lat' dir='ltr'>tentiones,eo</span> <span class='ocrx_word' id='word_1_544' title='bbox 855 4215 1011 4287; x_wconf 89' lang='lat' dir='ltr'>quod</span> <span class='ocrx_word' id='word_1_545' title='bbox 1041 4216 1405 4271; x_wconf 87' lang='lat' dir='ltr'>dissiderent</span> <span class='ocrx_word' id='word_1_546' title='bbox 1437 4232 1449 4271; x_wconf 92' lang='lat'>:</span> <span class='ocrx_word' id='word_1_547' title='bbox 1479 4240 1506 4265; x_wconf 83' lang='lat'><strong><em>«</em></strong></span> <span class='ocrx_word' id='word_1_548' title='bbox 1542 4216 2025 4273; x_wconf 88' lang='lat' dir='ltr'>Concertationes</span> <span class='ocrx_word' id='word_1_549' title='bbox 2060 4239 2081 4267; x_wconf 77' lang='grc' dir='ltr'>ι</span> 
     </span>
    </p>
   </div>
   <div class='ocr_carea' id='block_1_72' title="bbox 428 4303 2086 4377">
    <p class='ocr_par' dir='ltr' id='par_1_72' title="bbox 428 4303 2086 4377">
     <span class='ocr_line' id='line_1_72' title="bbox 428 4303 2086 4377; baseline 0 -16"><span class='ocrx_word' id='word_1_550' title='bbox 428 4310 714 4377; x_wconf 87' lang='lat' dir='ltr'>tanquam</span> <span class='ocrx_word' id='word_1_551' title='bbox 751 4303 893 4360; x_wconf 88' lang='lat' dir='ltr'>belli</span> <span class='ocrx_word' id='word_1_552' title='bbox 920 4304 1229 4376; x_wconf 68' lang='lat' dir='ltr'>praeludia.</span> <span class='ocrx_word' id='word_1_553' title='bbox 1260 4328 1287 4355; x_wconf 92' lang='grc'>‹‹</span> <span class='ocrx_word' id='word_1_554' title='bbox 1311 4305 1614 4373; x_wconf 85' lang='lat' dir='ltr'>Tumores,</span> <span class='ocrx_word' id='word_1_555' title='bbox 1650 4327 1677 4354; x_wconf 83' lang='lat'><strong>»</strong></span> <span class='ocrx_word' id='word_1_556' title='bbox 1697 4305 1857 4376; x_wconf 91' lang='lat' dir='ltr'>quod</span> <span class='ocrx_word' id='word_1_557' title='bbox 1886 4304 2086 4361; x_wconf 86' lang='lat' dir='ltr'>adver-</span> 
     </span>
    </p>
   </div>
   <div class='ocr_carea' id='block_1_73' title="bbox 426 4397 2086 4471">
    <p class='ocr_par' dir='ltr' id='par_1_73' title="bbox 426 4397 2086 4471">
     <span class='ocr_line' id='line_1_73' title="bbox 426 4397 2086 4471; baseline 0.001 -18"><span class='ocrx_word' id='word_1_558' title='bbox 426 4413 526 4453; x_wconf 84' lang='lat' dir='ltr'>sus</span> <span class='ocrx_word' id='word_1_559' title='bbox 547 4397 738 4469; x_wconf 88' lang='lat' dir='ltr'>ipsum</span> <span class='ocrx_word' id='word_1_560' title='bbox 772 4398 984 4453; x_wconf 88' lang='lat' dir='ltr'>cristas</span> <span class='ocrx_word' id='word_1_561' title='bbox 1044 4397 1362 4469; x_wconf 81' lang='lat' dir='ltr'>erigerent,</span> <span class='ocrx_word' id='word_1_562' title='bbox 1396 4398 1893 4471; x_wconf 87' lang='lat' dir='ltr'>Pseudapostolos</span> <span class='ocrx_word' id='word_1_563' title='bbox 1949 4416 2086 4455; x_wconf 83' lang='lat' dir='ltr'>vero</span> 
     </span>
    </p>
   </div>
   <div class='ocr_carea' id='block_1_74' title="bbox 423 4485 2083 4558">
    <p class='ocr_par' dir='ltr' id='par_1_74' title="bbox 423 4485 2083 4558">
     <span class='ocr_line' id='line_1_74' title="bbox 423 4485 2083 4558; baseline 0.001 -14"><span class='ocrx_word' id='word_1_564' title='bbox 423 4485 806 4544; x_wconf 88' lang='lat' dir='ltr'>honorarent.</span> <span class='ocrx_word' id='word_1_565' title='bbox 834 4509 863 4536; x_wconf 84' lang='grc'>‹‹</span> <span class='ocrx_word' id='word_1_566' title='bbox 917 4488 999 4543; x_wconf 85' lang='lat' dir='ltr'>Ne</span> <span class='ocrx_word' id='word_1_567' title='bbox 1040 4486 1255 4543; x_wconf 90' lang='lat' dir='ltr'>iterum</span> <span class='ocrx_word' id='word_1_568' title='bbox 1312 4486 1411 4543; x_wconf 89' lang='lat' dir='ltr'>ubi</span> <span class='ocrx_word' id='word_1_569' title='bbox 1444 4504 1678 4544; x_wconf 87' lang='lat' dir='ltr'>venero.</span> <span class='ocrx_word' id='word_1_570' title='bbox 1719 4511 1745 4538; x_wconf 74' lang='grc' dir='ltr'>υ</span> <span class='ocrx_word' id='word_1_571' title='bbox 1778 4488 2083 4558; x_wconf 79' lang='lat' dir='ltr'>Sufﬁcere,</span> 
     </span>
    </p>
   </div>
   <div class='ocr_carea' id='block_1_75' title="bbox 424 4576 2079 4649">
    <p class='ocr_par' dir='ltr' id='par_1_75' title="bbox 424 4576 2079 4649">
     <span class='ocr_line' id='line_1_75' title="bbox 424 4576 2079 4649; baseline 0.002 -17"><span class='ocrx_word' id='word_1_572' title='bbox 424 4576 936 4649; x_wconf 84' lang='lat' dir='ltr'>inquit,deberent</span> <span class='ocrx_word' id='word_1_573' title='bbox 966 4576 1184 4648; x_wconf 89' lang='lat' dir='ltr'>priora.</span> <span class='ocrx_word' id='word_1_574' title='bbox 1215 4598 1244 4626; x_wconf 79' lang='grc' dir='ltr'>α</span> <span class='ocrx_word' id='word_1_575' title='bbox 1268 4577 1553 4635; x_wconf 87' lang='lat' dir='ltr'>Humiliet</span> <span class='ocrx_word' id='word_1_576' title='bbox 1574 4595 1667 4635; x_wconf 90' lang='lat' dir='ltr'>me</span> <span class='ocrx_word' id='word_1_577' title='bbox 1694 4580 1843 4635; x_wconf 88' lang='lat' dir='ltr'>Deus</span> <span class='ocrx_word' id='word_1_578' title='bbox 1876 4596 2079 4635; x_wconf 73' lang='lat' dir='ltr'>meus»</span> 
     </span>
    </p>
   </div>
   <div class='ocr_carea' id='block_1_76' title="bbox 422 4664 2081 4726">
    <p class='ocr_par' dir='ltr' id='par_1_76' title="bbox 422 4664 2081 4726">
     <span class='ocr_line' id='line_1_76' title="bbox 422 4664 2081 4726; baseline -0.002 0"><span class='ocrx_word' id='word_1_579' title='bbox 422 4667 722 4726; x_wconf 88' lang='lat' dir='ltr'>Ultionem</span> <span class='ocrx_word' id='word_1_580' title='bbox 746 4680 983 4722; x_wconf 87' lang='lat' dir='ltr'>sumere</span> <span class='ocrx_word' id='word_1_581' title='bbox 1014 4664 1087 4721; x_wconf 92' lang='lat' dir='ltr'>de</span> <span class='ocrx_word' id='word_1_582' title='bbox 1119 4667 1389 4723; x_wconf 90' lang='lat' dir='ltr'>sontibus</span> <span class='ocrx_word' id='word_1_583' title='bbox 1409 4674 1576 4724; x_wconf 87' lang='lat' dir='ltr'>vocat</span> <span class='ocrx_word' id='word_1_584' title='bbox 1600 4669 1691 4724; x_wconf 90' lang='lat' dir='ltr'>sui</span> <span class='ocrx_word' id='word_1_585' title='bbox 1713 4667 2081 4726; x_wconf 87' lang='lat' dir='ltr'>humiliatio-</span> 
     </span>
    </p>
   </div>
   <div class='ocr_carea' id='block_1_77' title="bbox 424 4755 2085 4831">
    <p class='ocr_par' dir='ltr' id='par_1_77' title="bbox 424 4755 2085 4831">
     <span class='ocr_line' id='line_1_77' title="bbox 424 4755 2085 4831; baseline 0.001 -19"><span class='ocrx_word' id='word_1_586' title='bbox 424 4772 586 4824; x_wconf 87' lang='lat' dir='ltr'>nem,</span> <span class='ocrx_word' id='word_1_587' title='bbox 618 4755 945 4813; x_wconf 87' lang='lat' dir='ltr'>ostendens</span> <span class='ocrx_word' id='word_1_588' title='bbox 970 4755 1129 4827; x_wconf 92' lang='lat' dir='ltr'>quod</span> <span class='ocrx_word' id='word_1_589' title='bbox 1157 4773 1276 4811; x_wconf 89' lang='lat' dir='ltr'>non</span> <span class='ocrx_word' id='word_1_590' title='bbox 1309 4757 1437 4812; x_wconf 76' lang='lat' dir='ltr'>sine</span> <span class='ocrx_word' id='word_1_591' title='bbox 1477 4764 1698 4831; x_wconf 82' lang='lat' dir='ltr'>magna</span> <span class='ocrx_word' id='word_1_592' title='bbox 1730 4760 2085 4816; x_wconf 88' lang='lat' dir='ltr'>necessitate</span> 
     </span>
    </p>
   </div>
   <div class='ocr_carea' id='block_1_78' title="bbox 2204 3587 3855 3663">
    <p class='ocr_par' dir='ltr' id='par_1_78' title="bbox 2204 3587 3855 3663">
     <span class='ocr_line' id='line_1_78' title="bbox 2204 3587 3855 3663; baseline -0.001 -19"><span class='ocrx_word' id='word_1_593' title='bbox 2204 3617 2232 3644; x_wconf 82' lang='lat'><strong>«</strong></span> <span class='ocrx_word' id='word_1_594' title='bbox 2261 3595 2350 3663; x_wconf 71' lang='grc' dir='ltr'>Μή</span> <span class='ocrx_word' id='word_1_595' title='bbox 2382 3613 2499 3656; x_wconf 82' lang='grc' dir='ltr'>πως</span> <span class='ocrx_word' id='word_1_596' title='bbox 2528 3592 2726 3657; x_wconf 73' lang='grc' dir='ltr'><strong>ἐλθών.</strong></span> <span class='ocrx_word' id='word_1_597' title='bbox 2763 3617 2790 3643; x_wconf 76' lang='grc' dir='ltr'><strong>η</strong></span> <span class='ocrx_word' id='word_1_598' title='bbox 2823 3589 3118 3661; x_wconf 77' lang='grc' dir='ltr'><strong>Ἐνδοιάζει</strong></span> <span class='ocrx_word' id='word_1_599' title='bbox 3169 3589 3270 3660; x_wconf 77' lang='grc' dir='ltr'><strong>ἔτι,</strong></span> <span class='ocrx_word' id='word_1_600' title='bbox 3314 3591 3405 3645; x_wconf 79' lang='grc' dir='ltr'><strong>καὶ</strong></span> <span class='ocrx_word' id='word_1_601' title='bbox 3463 3587 3564 3645; x_wconf 74' lang='grc' dir='ltr'>οῦκ</span> <span class='ocrx_word' id='word_1_602' title='bbox 3609 3587 3855 3662; x_wconf 61' lang='grc' dir='ltr'><strong>ἀποᾳαίο</strong></span> 
     </span>
    </p>
   </div>
   <div class='ocr_carea' id='block_1_79' title="bbox 2201 3675 3850 3757">
    <p class='ocr_par' dir='ltr' id='par_1_79' title="bbox 2201 3675 3850 3757">
     <span class='ocr_line' id='line_1_79' title="bbox 2201 3675 3850 3757; baseline -0.001 -22"><span class='ocrx_word' id='word_1_603' title='bbox 2201 3702 2370 3739; x_wconf 86' lang='grc' dir='ltr'><strong>νεται.</strong></span> <span class='ocrx_word' id='word_1_604' title='bbox 2406 3705 2434 3734; x_wconf 90' lang='grc'><em>‹‹</em></span> <span class='ocrx_word' id='word_1_605' title='bbox 2468 3680 2590 3757; x_wconf 79' lang='grc' dir='ltr'>Οὒχ</span> <span class='ocrx_word' id='word_1_606' title='bbox 2617 3680 2771 3743; x_wconf 68' lang='grc' dir='ltr'><strong>οῖους</strong></span> <span class='ocrx_word' id='word_1_607' title='bbox 2803 3680 2947 3737; x_wconf 80' lang='grc' dir='ltr'>θέλω</span> <span class='ocrx_word' id='word_1_608' title='bbox 2977 3682 3118 3756; x_wconf 69' lang='grc' dir='ltr'><strong>εὕρω</strong></span> <span class='ocrx_word' id='word_1_609' title='bbox 3150 3683 3313 3754; x_wconf 82' lang='grc' dir='ltr'><strong>ὓμᾶς.</strong></span> <span class='ocrx_word' id='word_1_610' title='bbox 3346 3704 3373 3731; x_wconf 84' lang='lat'>»</span> <span class='ocrx_word' id='word_1_611' title='bbox 3431 3681 3557 3735; x_wconf 86' lang='grc' dir='ltr'><strong>Οἶον</strong></span> <span class='ocrx_word' id='word_1_612' title='bbox 3597 3675 3850 3756; x_wconf 75' lang='grc' dir='ltr'><strong>διεφθαρ-</strong></span> 
     </span>
    </p>
   </div>
   <div class='ocr_carea' id='block_1_80' title="bbox 2206 3769 3851 3847">
    <p class='ocr_par' dir='ltr' id='par_1_80' title="bbox 2206 3769 3851 3847">
     <span class='ocr_line' id='line_1_80' title="bbox 2206 3769 3851 3847; baseline -0.004 -20"><span class='ocrx_word' id='word_1_613' title='bbox 2206 3774 2423 3846; x_wconf 67' lang='grc' dir='ltr'><strong>μένους,</strong></span> <span class='ocrx_word' id='word_1_614' title='bbox 2455 3773 2547 3828; x_wconf 81' lang='grc' dir='ltr'><strong>καὶ</strong></span> <span class='ocrx_word' id='word_1_615' title='bbox 2604 3772 2804 3847; x_wconf 68' lang='grc' dir='ltr'><strong>εὕρεθῶ</strong></span> <span class='ocrx_word' id='word_1_616' title='bbox 2855 3771 2991 3826; x_wconf 80' lang='grc' dir='ltr'><strong>κατᾶ</strong></span> <span class='ocrx_word' id='word_1_617' title='bbox 3042 3771 3276 3847; x_wconf 78' lang='grc' dir='ltr'><strong>ἀνάγκην</strong></span> <span class='ocrx_word' id='word_1_618' title='bbox 3331 3769 3485 3844; x_wconf 85' lang='grc' dir='ltr'><strong>κάγὼ</strong></span> <span class='ocrx_word' id='word_1_619' title='bbox 3541 3769 3851 3843; x_wconf 84' lang='grc' dir='ltr'><strong>γινόμενος,</strong></span> 
     </span>
    </p>
   </div>
   <div class='ocr_carea' id='block_1_81' title="bbox 2203 3856 3854 3935">
    <p class='ocr_par' dir='ltr' id='par_1_81' title="bbox 2203 3856 3854 3935">
     <span class='ocr_line' id='line_1_81' title="bbox 2203 3856 3854 3935; baseline -0.004 -18"><span class='ocrx_word' id='word_1_620' title='bbox 2203 3863 2322 3917; x_wconf 81' lang='grc' dir='ltr'><strong>οἷον</strong></span> <span class='ocrx_word' id='word_1_621' title='bbox 2356 3859 2419 3917; x_wconf 74' lang='grc' dir='ltr'><strong>οἱ)</strong></span> <span class='ocrx_word' id='word_1_622' title='bbox 2449 3859 2652 3925; x_wconf 68' lang='grc' dir='ltr'><strong>θέλετε,</strong></span> <span class='ocrx_word' id='word_1_623' title='bbox 2681 3862 2952 3931; x_wconf 71' lang='grc' dir='ltr'><strong>τουτέστι,</strong></span> <span class='ocrx_word' id='word_1_624' title='bbox 3010 3860 3430 3935; x_wconf 72' lang='grc' dir='ltr'><strong>τιμωρούμενος</strong></span> <span class='ocrx_word' id='word_1_625' title='bbox 3485 3858 3614 3919; x_wconf 76' lang='grc' dir='ltr'><strong>τοὺς</strong></span> <span class='ocrx_word' id='word_1_626' title='bbox 3666 3856 3854 3912; x_wconf 82' lang='grc' dir='ltr'><strong>ἀνίατα</strong></span> 
     </span>
    </p>
   </div>
   <div class='ocr_carea' id='block_1_82' title="bbox 2199 3943 3856 4025">
    <p class='ocr_par' dir='ltr' id='par_1_82' title="bbox 2199 3943 3856 4025">
     <span class='ocr_line' id='line_1_82' title="bbox 2199 3943 3856 4025; baseline -0.002 -22"><span class='ocrx_word' id='word_1_627' title='bbox 2199 3955 2507 4015; x_wconf 85' lang='grc' dir='ltr'><strong>νοσοῦντας.</strong></span> <span class='ocrx_word' id='word_1_628' title='bbox 2548 3977 2568 4001; x_wconf 78' lang='grc' dir='ltr'>ι</span> <span class='ocrx_word' id='word_1_629' title='bbox 2596 3954 2683 4018; x_wconf 73' lang='grc' dir='ltr'>Μή</span> <span class='ocrx_word' id='word_1_630' title='bbox 2717 3973 2836 4014; x_wconf 89' lang='grc' dir='ltr'>πως</span> <span class='ocrx_word' id='word_1_631' title='bbox 2866 3950 3026 4025; x_wconf 77' lang='grc' dir='ltr'><strong>ἕρεις,</strong></span> <span class='ocrx_word' id='word_1_632' title='bbox 3063 3948 3247 4020; x_wconf 77' lang='grc' dir='ltr'><strong>ζῆλοι.</strong></span> <span class='ocrx_word' id='word_1_633' title='bbox 3284 3973 3312 4000; x_wconf 81' lang='grc'><strong>››</strong></span> <span class='ocrx_word' id='word_1_634' title='bbox 3369 3948 3475 4008; x_wconf 85' lang='grc' dir='ltr'><strong>Καὶ</strong></span> <span class='ocrx_word' id='word_1_635' title='bbox 3530 3945 3727 4003; x_wconf 81' lang='grc' dir='ltr'><strong>λοιπὸν</strong></span> <span class='ocrx_word' id='word_1_636' title='bbox 3758 3943 3856 4001; x_wconf 73' lang='grc' dir='ltr'>λέ-</span> 
     </span>
    </p>
   </div>
   <div class='ocr_carea' id='block_1_83' title="bbox 2198 4035 3853 4116">
    <p class='ocr_par' dir='ltr' id='par_1_83' title="bbox 2198 4035 3853 4116">
     <span class='ocr_line' id='line_1_83' title="bbox 2198 4035 3853 4116; baseline -0.005 -20"><span class='ocrx_word' id='word_1_637' title='bbox 2198 4061 2303 4116; x_wconf 87' lang='grc' dir='ltr'><strong>γει,</strong></span> <span class='ocrx_word' id='word_1_638' title='bbox 2336 4042 2531 4103; x_wconf 81' lang='grc' dir='ltr'><strong>ποίους</strong></span> <span class='ocrx_word' id='word_1_639' title='bbox 2563 4040 2735 4116; x_wconf 74' lang='grc' dir='ltr'><strong>εῦρεῖν</strong></span> <span class='ocrx_word' id='word_1_640' title='bbox 2780 4038 2880 4095; x_wconf 78' lang='grc' dir='ltr'><strong>οὒκ</strong></span> <span class='ocrx_word' id='word_1_641' title='bbox 2932 4038 3119 4110; x_wconf 66' lang='grc' dir='ltr'><strong>ἤθελε.</strong></span> <span class='ocrx_word' id='word_1_642' title='bbox 3180 4040 3333 4097; x_wconf 75' lang='grc' dir='ltr'><strong>Μετὰ</strong></span> <span class='ocrx_word' id='word_1_643' title='bbox 3386 4038 3619 4107; x_wconf 55' lang='grc' dir='ltr'><strong>τούτων,</strong></span> <span class='ocrx_word' id='word_1_644' title='bbox 3664 4035 3853 4114; x_wconf 74' lang='grc' dir='ltr'><strong>φησὶν,</strong></span> 
     </span>
    </p>
   </div>
   <div class='ocr_carea' id='block_1_84' title="bbox 2199 4124 3854 4206">
    <p class='ocr_par' dir='ltr' id='par_1_84' title="bbox 2199 4124 3854 4206">
     <span class='ocr_line' id='line_1_84' title="bbox 2199 4124 3854 4206; baseline -0.002 -21"><span class='ocrx_word' id='word_1_645' title='bbox 2199 4135 2307 4185; x_wconf 81' lang='grc' dir='ltr'>τῶν</span> <span class='ocrx_word' id='word_1_646' title='bbox 2337 4129 2758 4204; x_wconf 70' lang='grc' dir='ltr'><strong>ἐλαττωμάτων.</strong></span> <span class='ocrx_word' id='word_1_647' title='bbox 2791 4135 2970 4205; x_wconf 76' lang='grc' dir='ltr'><strong>’Ἑρεις</strong></span> <span class='ocrx_word' id='word_1_648' title='bbox 3003 4127 3060 4185; x_wconf 78' lang='grc' dir='ltr'>δὲ</span> <span class='ocrx_word' id='word_1_649' title='bbox 3116 4150 3246 4206; x_wconf 70' lang='grc' dir='ltr'><strong>φησι</strong></span> <span class='ocrx_word' id='word_1_650' title='bbox 3303 4127 3392 4184; x_wconf 83' lang='grc' dir='ltr'>διὰ</span> <span class='ocrx_word' id='word_1_651' title='bbox 3446 4128 3510 4183; x_wconf 86' lang='grc' dir='ltr'><strong>τὸ</strong></span> <span class='ocrx_word' id='word_1_652' title='bbox 3564 4124 3854 4181; x_wconf 67' lang='grc' dir='ltr'><strong>διεστάναι.</strong></span> 
     </span>
    </p>
   </div>
   <div class='ocr_carea' id='block_1_85' title="bbox 2203 4215 3860 4295">
    <p class='ocr_par' dir='ltr' id='par_1_85' title="bbox 2203 4215 3860 4295">
     <span class='ocr_line' id='line_1_85' title="bbox 2203 4215 3860 4295; baseline -0.005 -18"><span class='ocrx_word' id='word_1_653' title='bbox 2203 4244 2230 4271; x_wconf 87' lang='grc'>‹‹</span> <span class='ocrx_word' id='word_1_654' title='bbox 2264 4221 2544 4294; x_wconf 78' lang='grc' dir='ltr'><strong>Ἐριθεῖαι,</strong></span> <span class='ocrx_word' id='word_1_655' title='bbox 2583 4244 2610 4270; x_wconf 85' lang='grc'><strong>››</strong></span> <span class='ocrx_word' id='word_1_656' title='bbox 2651 4221 2810 4289; x_wconf 86' lang='grc' dir='ltr'><strong>Οἶον,</strong></span> <span class='ocrx_word' id='word_1_657' title='bbox 2876 4221 3203 4295; x_wconf 72' lang='grc' dir='ltr'><strong>ἁψιμαχίαι.</strong></span> <span class='ocrx_word' id='word_1_658' title='bbox 3239 4243 3266 4271; x_wconf 78' lang='grc' dir='ltr'>α</span> <span class='ocrx_word' id='word_1_659' title='bbox 3300 4217 3628 4278; x_wconf 79' lang='grc' dir='ltr'><strong>Φυσιώσεις.</strong></span> <span class='ocrx_word' id='word_1_660' title='bbox 3674 4238 3703 4267; x_wconf 83' lang='grc'><strong>››</strong></span> <span class='ocrx_word' id='word_1_661' title='bbox 3731 4215 3860 4272; x_wconf 76' lang='grc' dir='ltr'><strong>’Ὁτι</strong></span> 
     </span>
    </p>
   </div>
   <div class='ocr_carea' id='block_1_86' title="bbox 2201 4302 3861 4382">
    <p class='ocr_par' dir='ltr' id='par_1_86' title="bbox 2201 4302 3861 4382">
     <span class='ocr_line' id='line_1_86' title="bbox 2201 4302 3861 4382; baseline -0.004 -18"><span class='ocrx_word' id='word_1_662' title='bbox 2201 4310 2317 4364; x_wconf 82' lang='grc' dir='ltr'><strong>κατ’</strong></span> <span class='ocrx_word' id='word_1_663' title='bbox 2350 4306 2516 4365; x_wconf 73' lang='grc' dir='ltr'><strong>αὺτοῦ</strong></span> <span class='ocrx_word' id='word_1_664' title='bbox 2550 4309 2645 4381; x_wconf 73' lang='grc' dir='ltr'><strong>μὲν</strong></span> <span class='ocrx_word' id='word_1_665' title='bbox 2693 4308 3015 4382; x_wconf 75' lang='grc' dir='ltr'><strong>ὠφρυῶντο,</strong></span> <span class='ocrx_word' id='word_1_666' title='bbox 3070 4307 3199 4370; x_wconf 80' lang='grc' dir='ltr'><strong>τοὺς</strong></span> <span class='ocrx_word' id='word_1_667' title='bbox 3260 4304 3318 4362; x_wconf 66' lang='grc' dir='ltr'>δὲ</span> <span class='ocrx_word' id='word_1_668' title='bbox 3372 4302 3861 4380; x_wconf 81' lang='grc' dir='ltr'><strong>ψευδαποστόλους</strong></span> 
     </span>
    </p>
   </div>
   <div class='ocr_carea' id='block_1_87' title="bbox 2202 4392 3865 4475">
    <p class='ocr_par' dir='ltr' id='par_1_87' title="bbox 2202 4392 3865 4475">
     <span class='ocr_line' id='line_1_87' title="bbox 2202 4392 3865 4475; baseline -0.003 -22"><span class='ocrx_word' id='word_1_669' title='bbox 2202 4396 2428 4471; x_wconf 80' lang='grc' dir='ltr'><strong>ἐτίμων.</strong></span> <span class='ocrx_word' id='word_1_670' title='bbox 2463 4423 2489 4449; x_wconf 80' lang='grc' dir='ltr'>α</span> <span class='ocrx_word' id='word_1_671' title='bbox 2521 4400 2613 4469; x_wconf 78' lang='grc' dir='ltr'>Μὴ</span> <span class='ocrx_word' id='word_1_672' title='bbox 2647 4396 2815 4455; x_wconf 75' lang='grc' dir='ltr'><strong>πάλιν</strong></span> <span class='ocrx_word' id='word_1_673' title='bbox 2845 4397 3072 4462; x_wconf 72' lang='grc' dir='ltr'><strong>ἐλθόντα</strong></span> <span class='ocrx_word' id='word_1_674' title='bbox 3107 4418 3194 4471; x_wconf 87' lang='grc' dir='ltr'><strong>με.</strong></span> <span class='ocrx_word' id='word_1_675' title='bbox 3249 4421 3277 4448; x_wconf 82' lang='lat'><strong>»</strong></span> <span class='ocrx_word' id='word_1_676' title='bbox 3339 4397 3543 4471; x_wconf 82' lang='grc' dir='ltr'><strong>Ἀρκεῖ,</strong></span> <span class='ocrx_word' id='word_1_677' title='bbox 3576 4394 3734 4475; x_wconf 79' lang='grc' dir='ltr'><strong>φησὶ,</strong></span> <span class='ocrx_word' id='word_1_678' title='bbox 3794 4392 3865 4451; x_wconf 65' lang='grc' dir='ltr'><strong>τὰ</strong></span> 
     </span>
    </p>
   </div>
   <div class='ocr_carea' id='block_1_88' title="bbox 2201 4477 3863 4564">
    <p class='ocr_par' dir='ltr' id='par_1_88' title="bbox 2201 4477 3863 4564">
     <span class='ocr_line' id='line_1_88' title="bbox 2201 4477 3863 4564; baseline -0.004 -20"><span class='ocrx_word' id='word_1_679' title='bbox 2201 4488 2456 4564; x_wconf 83' lang='grc' dir='ltr'><strong>πρότερα.</strong></span> <span class='ocrx_word' id='word_1_680' title='bbox 2519 4513 2547 4541; x_wconf 92' lang='grc'>‹‹</span> <span class='ocrx_word' id='word_1_681' title='bbox 2602 4489 2936 4546; x_wconf 84' lang='grc' dir='ltr'><strong>Ἰἀπεινώσει</strong></span> <span class='ocrx_word' id='word_1_682' title='bbox 2997 4490 3025 4542; x_wconf 86' lang='grc' dir='ltr'>ὁ</span> <span class='ocrx_word' id='word_1_683' title='bbox 3077 4488 3209 4551; x_wconf 78' lang='grc' dir='ltr'>Θεὲς</span> <span class='ocrx_word' id='word_1_684' title='bbox 3266 4507 3395 4560; x_wconf 83' lang='grc' dir='ltr'><strong>μου.</strong></span> <span class='ocrx_word' id='word_1_685' title='bbox 3462 4509 3489 4537; x_wconf 76' lang='grc'><strong>››</strong></span> <span class='ocrx_word' id='word_1_686' title='bbox 3537 4485 3614 4541; x_wconf 87' lang='grc' dir='ltr'>Τὸ</span> <span class='ocrx_word' id='word_1_687' title='bbox 3672 4477 3863 4539; x_wconf 72' lang='grc' dir='ltr'><strong>λαϐεῖν</strong></span> 
     </span>
    </p>
   </div>
   <div class='ocr_carea' id='block_1_89' title="bbox 2204 4572 3861 4653">
    <p class='ocr_par' dir='ltr' id='par_1_89' title="bbox 2204 4572 3861 4653">
     <span class='ocr_line' id='line_1_89' title="bbox 2204 4572 3861 4653; baseline -0.004 -20"><span class='ocrx_word' id='word_1_688' title='bbox 2204 4574 2357 4648; x_wconf 82' lang='grc' dir='ltr'><strong>δίκην</strong></span> <span class='ocrx_word' id='word_1_689' title='bbox 2395 4578 2542 4653; x_wconf 74' lang='grc' dir='ltr'><strong>παρὰ</strong></span> <span class='ocrx_word' id='word_1_690' title='bbox 2596 4582 2703 4633; x_wconf 82' lang='grc' dir='ltr'>τῶν</span> <span class='ocrx_word' id='word_1_691' title='bbox 2760 4577 2973 4647; x_wconf 69' lang='grc' dir='ltr'><strong>αἲείων,</strong></span> <span class='ocrx_word' id='word_1_692' title='bbox 3031 4577 3356 4633; x_wconf 84' lang='grc' dir='ltr'><strong>ταπείνωσιν</strong></span> <span class='ocrx_word' id='word_1_693' title='bbox 3415 4572 3619 4629; x_wconf 83' lang='grc' dir='ltr'><strong>οἰκείαν</strong></span> <span class='ocrx_word' id='word_1_694' title='bbox 3677 4572 3861 4641; x_wconf 80' lang='grc' dir='ltr'><strong>καλεῖ,</strong></span> 
     </span>
    </p>
   </div>
   <div class='ocr_carea' id='block_1_90' title="bbox 2202 4660 3864 4742">
    <p class='ocr_par' dir='ltr' id='par_1_90' title="bbox 2202 4660 3864 4742">
     <span class='ocr_line' id='line_1_90' title="bbox 2202 4660 3864 4742; baseline -0.003 -19"><span class='ocrx_word' id='word_1_695' title='bbox 2202 4665 2436 4735; x_wconf 81' lang='grc' dir='ltr'><strong>δεικνὺς,</strong></span> <span class='ocrx_word' id='word_1_696' title='bbox 2460 4668 2536 4731; x_wconf 83' lang='grc' dir='ltr'><strong>ὡς</strong></span> <span class='ocrx_word' id='word_1_697' title='bbox 2594 4665 2693 4722; x_wconf 76' lang='grc' dir='ltr'>οῦκ</span> <span class='ocrx_word' id='word_1_698' title='bbox 2746 4665 2807 4722; x_wconf 78' lang='grc' dir='ltr'><strong>ἄν</strong></span> <span class='ocrx_word' id='word_1_699' title='bbox 2869 4664 2999 4742; x_wconf 83' lang='grc' dir='ltr'><strong>δίχα</strong></span> <span class='ocrx_word' id='word_1_700' title='bbox 3056 4665 3303 4740; x_wconf 71' lang='grc' dir='ltr'><strong>μεγάλης</strong></span> <span class='ocrx_word' id='word_1_701' title='bbox 3352 4665 3595 4739; x_wconf 66' lang='grc' dir='ltr'><strong>ἀνάγκη(</strong></span> <span class='ocrx_word' id='word_1_702' title='bbox 3645 4660 3864 4719; x_wconf 66' lang='grc' dir='ltr'><strong>κατεδέ-</strong></span> 
     </span>
    </p>
   </div>
   <div class='ocr_carea' id='block_1_91' title="bbox 2196 4755 3861 4829">
    <p class='ocr_par' dir='ltr' id='par_1_91' title="bbox 2196 4755 3861 4829">
     <span class='ocr_line' id='line_1_91' title="bbox 2196 4755 3861 4829; baseline -0.002 -16"><span class='ocrx_word' id='word_1_703' title='bbox 2196 4759 2342 4829; x_wconf 77' lang='grc' dir='ltr'><strong>ξατο.</strong></span> <span class='ocrx_word' id='word_1_704' title='bbox 2392 4758 2635 4815; x_wconf 74' lang='grc' dir='ltr'><strong>Δείκνυσι</strong></span> <span class='ocrx_word' id='word_1_705' title='bbox 2693 4755 2752 4813; x_wconf 67' lang='grc' dir='ltr'>δὲ</span> <span class='ocrx_word' id='word_1_706' title='bbox 2808 4757 2889 4812; x_wconf 79' lang='grc' dir='ltr'>ὅτι</span> <span class='ocrx_word' id='word_1_707' title='bbox 2950 4755 3021 4812; x_wconf 80' lang='grc' dir='ltr'>δι’</span> <span class='ocrx_word' id='word_1_708' title='bbox 3079 4755 3274 4819; x_wconf 69' lang='grc' dir='ltr'><strong>αὖτοὺς</strong></span> <span class='ocrx_word' id='word_1_709' title='bbox 3342 4759 3515 4813; x_wconf 63' lang='grc' dir='ltr'><strong>πάντα</strong></span> <span class='ocrx_word' id='word_1_710' title='bbox 3570 4756 3861 4828; x_wconf 76' lang='grc' dir='ltr'><strong>ὓπομὲνει,</strong></span> 
     </span>
    </p>
   </div>
   <div class='ocr_carea' id='block_1_92' title="bbox 430 4837 2084 4919">
    <p class='ocr_par' dir='ltr' id='par_1_92' title="bbox 430 4841 2084 4919">
     <span class='ocr_line' id='line_1_92' title="bbox 430 4841 2084 4919; baseline 0.002 -20"><span class='ocrx_word' id='word_1_711' title='bbox 430 4849 713 4900; x_wconf 88' lang='lat' dir='ltr'>sumeret.</span> <span class='ocrx_word' id='word_1_712' title='bbox 749 4841 1024 4900; x_wconf 80' lang='lat' dir='ltr'>Ostendit</span> <span class='ocrx_word' id='word_1_713' title='bbox 1054 4844 1423 4916; x_wconf 90' lang='lat' dir='ltr'>autemquod</span> <span class='ocrx_word' id='word_1_714' title='bbox 1440 4847 1859 4919; x_wconf 88' lang='lat' dir='ltr'>propteripsos</span> <span class='ocrx_word' id='word_1_715' title='bbox 1891 4848 2084 4903; x_wconf 83' lang='lat' dir='ltr'>omnia</span> 
     </span>
    </p>
   </div>
   <div class='ocr_carea' id='block_1_93' title="bbox 2196 4837 3861 4919">
    <p class='ocr_par' dir='ltr' id='par_1_93' title="bbox 2199 4843 3861 4917">
     <span class='ocr_line' id='line_1_93' title="bbox 2199 4843 3861 4917; baseline -0.004 -14"><span class='ocrx_word' id='word_1_716' title='bbox 2199 4848 2289 4903; x_wconf 85' lang='grc' dir='ltr'><strong>καὶ</strong></span> <span class='ocrx_word' id='word_1_717' title='bbox 2320 4848 2382 4903; x_wconf 85' lang='grc' dir='ltr'><strong>τὸ</strong></span> <span class='ocrx_word' id='word_1_718' title='bbox 2410 4850 2815 4909; x_wconf 78' lang='grc' dir='ltr'><strong>ταπεινοῦσθαι.</strong></span> <span class='ocrx_word' id='word_1_719' title='bbox 2844 4847 2933 4903; x_wconf 85' lang='grc' dir='ltr'><strong>καὶ</strong></span> <span class='ocrx_word' id='word_1_720' title='bbox 2964 4847 3027 4902; x_wconf 90' lang='grc' dir='ltr'><strong>τὸ</strong></span> <span class='ocrx_word' id='word_1_721' title='bbox 3085 4846 3315 4916; x_wconf 85' lang='grc' dir='ltr'><strong>πενθείν,</strong></span> <span class='ocrx_word' id='word_1_722' title='bbox 3374 4850 3454 4917; x_wconf 80' lang='grc' dir='ltr'><strong>τῷ</strong></span> <span class='ocrx_word' id='word_1_723' title='bbox 3510 4845 3703 4916; x_wconf 77' lang='grc' dir='ltr'><strong>εἰπεῖν,</strong></span> <span class='ocrx_word' id='word_1_724' title='bbox 3738 4868 3767 4898; x_wconf 77' lang='grc' dir='ltr'><strong>ι(</strong></span> <span class='ocrx_word' id='word_1_725' title='bbox 3798 4843 3861 4904; x_wconf 84' lang='grc' dir='ltr'>Ὀ</span> 
     </span>
    </p>
   </div>
   <div class='ocr_carea' id='block_1_94' title="bbox 431 4932 2084 5010">
    <p class='ocr_par' dir='ltr' id='par_1_94' title="bbox 431 4932 2084 5010">
     <span class='ocr_line' id='line_1_94' title="bbox 431 4932 2084 5010; baseline 0.002 -21"><span class='ocrx_word' id='word_1_726' title='bbox 431 4933 745 4999; x_wconf 85' lang='lat' dir='ltr'>sustineat,</span> <span class='ocrx_word' id='word_1_727' title='bbox 777 4938 837 4988; x_wconf 91' lang='lat' dir='ltr'>et</span> <span class='ocrx_word' id='word_1_728' title='bbox 862 4932 1165 4988; x_wconf 86' lang='lat' dir='ltr'>humiliari</span> <span class='ocrx_word' id='word_1_729' title='bbox 1233 4934 1354 4988; x_wconf 87' lang='lat' dir='ltr'>sive</span> <span class='ocrx_word' id='word_1_730' title='bbox 1407 4934 1684 5006; x_wconf 87' lang='lat' dir='ltr'>deprimi,</span> <span class='ocrx_word' id='word_1_731' title='bbox 1745 4941 1805 4991; x_wconf 89' lang='lat' dir='ltr'>et</span> <span class='ocrx_word' id='word_1_732' title='bbox 1860 4935 2084 5010; x_wconf 84' lang='lat' dir='ltr'>lugere.</span> 
     </span>
    </p>
   </div>
   <div class='ocr_carea' id='block_1_95' title="bbox 424 5021 2086 5094">
    <p class='ocr_par' dir='ltr' id='par_1_95' title="bbox 424 5021 2086 5094">
     <span class='ocr_line' id='line_1_95' title="bbox 424 5021 2086 5094; baseline 0.004 -19"><span class='ocrx_word' id='word_1_733' title='bbox 424 5042 452 5069; x_wconf 88' lang='lat'><strong>«</strong></span> <span class='ocrx_word' id='word_1_734' title='bbox 488 5021 641 5076; x_wconf 84' lang='lat' dir='ltr'>Deus</span> <span class='ocrx_word' id='word_1_735' title='bbox 672 5037 857 5076; x_wconf 84' lang='lat' dir='ltr'>meus.</span> <span class='ocrx_word' id='word_1_736' title='bbox 885 5042 911 5070; x_wconf 74' lang='grc' dir='ltr'><strong>ι»</strong></span> <span class='ocrx_word' id='word_1_737' title='bbox 949 5022 1060 5077; x_wconf 90' lang='lat' dir='ltr'>Per</span> <span class='ocrx_word' id='word_1_738' title='bbox 1090 5021 1202 5078; x_wconf 90' lang='lat' dir='ltr'>hoc</span> <span class='ocrx_word' id='word_1_739' title='bbox 1228 5023 1386 5094; x_wconf 91' lang='lat' dir='ltr'>quod</span> <span class='ocrx_word' id='word_1_740' title='bbox 1442 5023 1627 5093; x_wconf 89' lang='lat' dir='ltr'>addit,</span> <span class='ocrx_word' id='word_1_741' title='bbox 1661 5048 1686 5072; x_wconf 78' lang='grc' dir='ltr'><em>υ</em></span> <span class='ocrx_word' id='word_1_742' title='bbox 1709 5026 1890 5080; x_wconf 81' lang='lat' dir='ltr'>Meus.</span> <span class='ocrx_word' id='word_1_743' title='bbox 1929 5048 1955 5074; x_wconf 88' lang='lat'><strong>»</strong></span> <span class='ocrx_word' id='word_1_744' title='bbox 1988 5042 2086 5081; x_wconf 84' lang='lat' dir='ltr'>ar-</span> 
     </span>
    </p>
   </div>
   <div class='ocr_carea' id='block_1_96' title="bbox 422 5109 2090 5187">
    <p class='ocr_par' dir='ltr' id='par_1_96' title="bbox 422 5109 2090 5187">
     <span class='ocr_line' id='line_1_96' title="bbox 422 5109 2090 5187; baseline 0.004 -22"><span class='ocrx_word' id='word_1_745' title='bbox 422 5109 665 5166; x_wconf 87' lang='lat' dir='ltr'>dentem</span> <span class='ocrx_word' id='word_1_746' title='bbox 694 5110 911 5166; x_wconf 84' lang='lat' dir='ltr'>Christi</span> <span class='ocrx_word' id='word_1_747' title='bbox 967 5127 1233 5168; x_wconf 89' lang='lat' dir='ltr'>amorem</span> <span class='ocrx_word' id='word_1_748' title='bbox 1291 5113 1589 5187; x_wconf 78' lang='lat' dir='ltr'>signiﬁcat</span> <span class='ocrx_word' id='word_1_749' title='bbox 1631 5115 1783 5170; x_wconf 74' lang='lat'>704</span> <span class='ocrx_word' id='word_1_750' title='bbox 1812 5145 1875 5155; x_wconf 91' lang='lat'>-—</span> <span class='ocrx_word' id='word_1_751' title='bbox 1914 5117 2090 5171; x_wconf 79' lang='lat' dir='ltr'>Aliud</span> 
     </span>
    </p>
   </div>
   <div class='ocr_carea' id='block_1_97' title="bbox 422 5198 2088 5273">
    <p class='ocr_par' dir='ltr' id='par_1_97' title="bbox 422 5198 2088 5273">
     <span class='ocr_line' id='line_1_97' title="bbox 422 5198 2088 5273; baseline 0.004 -18"><span class='ocrx_word' id='word_1_752' title='bbox 422 5199 522 5255; x_wconf 90' lang='lat' dir='ltr'>Sui</span> <span class='ocrx_word' id='word_1_753' title='bbox 556 5198 957 5257; x_wconf 83' lang='lat' dir='ltr'>humilitatem</span> <span class='ocrx_word' id='word_1_754' title='bbox 981 5200 1100 5256; x_wconf 86' lang='lat' dir='ltr'>sive</span> <span class='ocrx_word' id='word_1_755' title='bbox 1124 5200 1568 5273; x_wconf 85' lang='lat' dir='ltr'>depressionem</span> <span class='ocrx_word' id='word_1_756' title='bbox 1601 5203 1826 5259; x_wconf 86' lang='lat' dir='ltr'>vocavit</span> <span class='ocrx_word' id='word_1_757' title='bbox 1848 5204 2088 5262; x_wconf 84' lang='lat' dir='ltr'>illorum</span> 
     </span>
    </p>
   </div>
   <div class='ocr_carea' id='block_1_98' title="bbox 427 5288 2071 5364">
    <p class='ocr_par' dir='ltr' id='par_1_98' title="bbox 427 5288 2071 5364">
     <span class='ocr_line' id='line_1_98' title="bbox 427 5288 2071 5364; baseline 0.004 -20"><span class='ocrx_word' id='word_1_758' title='bbox 427 5288 988 5361; x_wconf 71' lang='lat' dir='ltr'>transgressionem,</span> <span class='ocrx_word' id='word_1_759' title='bbox 1020 5289 1383 5347; x_wconf 79' lang='lat' dir='ltr'>confirmans</span> <span class='ocrx_word' id='word_1_760' title='bbox 1415 5308 1548 5363; x_wconf 60' lang='lat' dir='ltr'>qua:</span> <span class='ocrx_word' id='word_1_761' title='bbox 1562 5292 1687 5363; x_wconf 83' lang='lat' dir='ltr'>jam</span> <span class='ocrx_word' id='word_1_762' title='bbox 1713 5292 2071 5364; x_wconf 78' lang='lat' dir='ltr'>praedixerat</span> 
     </span>
    </p>
   </div>
   <div class='ocr_carea' id='block_1_99' title="bbox 424 5376 2087 5452">
    <p class='ocr_par' dir='ltr' id='par_1_99' title="bbox 424 5376 2087 5452">
     <span class='ocr_line' id='line_1_99' title="bbox 424 5376 2087 5452; baseline 0.008 -25"><span class='ocrx_word' id='word_1_763' title='bbox 424 5400 452 5428; x_wconf 78' lang='grc' dir='ltr'>(ι</span> <span class='ocrx_word' id='word_1_764' title='bbox 480 5376 622 5444; x_wconf 87' lang='lat' dir='ltr'>Quis</span> <span class='ocrx_word' id='word_1_765' title='bbox 654 5377 996 5432; x_wconf 79' lang='lat' dir='ltr'>infirmatur</span> <span class='ocrx_word' id='word_1_766' title='bbox 1026 5384 1086 5435; x_wconf 86' lang='lat' dir='ltr'>et</span> <span class='ocrx_word' id='word_1_767' title='bbox 1114 5395 1220 5451; x_wconf 78' lang='lat' dir='ltr'>ego</span> <span class='ocrx_word' id='word_1_768' title='bbox 1253 5397 1373 5436; x_wconf 90' lang='lat' dir='ltr'>non</span> <span class='ocrx_word' id='word_1_769' title='bbox 1406 5381 1718 5436; x_wconf 81' lang='lat' dir='ltr'>inﬂrmor?</span> <span class='ocrx_word' id='word_1_770' title='bbox 1737 5382 1871 5452; x_wconf 89' lang='lat' dir='ltr'>quis</span> <span class='ocrx_word' id='word_1_771' title='bbox 1902 5384 2087 5441; x_wconf 79' lang='lat' dir='ltr'>offen-</span> 
     </span>
    </p>
   </div>
   <div class='ocr_carea' id='block_1_100' title="bbox 417 5467 2088 5543">
    <p class='ocr_par' dir='ltr' id='par_1_100' title="bbox 417 5467 2088 5543">
     <span class='ocr_line' id='line_1_100' title="bbox 417 5467 2088 5543; baseline 0.001 -20"><span class='ocrx_word' id='word_1_772' title='bbox 417 5467 601 5534; x_wconf 90' lang='lat' dir='ltr'>ditur,</span> <span class='ocrx_word' id='word_1_773' title='bbox 636 5472 697 5521; x_wconf 92' lang='lat' dir='ltr'>et</span> <span class='ocrx_word' id='word_1_774' title='bbox 725 5482 831 5539; x_wconf 84' lang='lat' dir='ltr'>ego</span> <span class='ocrx_word' id='word_1_775' title='bbox 864 5481 984 5521; x_wconf 89' lang='lat' dir='ltr'>non</span> <span class='ocrx_word' id='word_1_776' title='bbox 1045 5484 1186 5523; x_wconf 90' lang='lat' dir='ltr'>uror</span> <span class='ocrx_word' id='word_1_777' title='bbox 1214 5468 1241 5523; x_wconf 73' lang='lat'>‘2</span> <span class='ocrx_word' id='word_1_778' title='bbox 1275 5492 1303 5519; x_wconf 85' lang='lat'>»</span> <span class='ocrx_word' id='word_1_779' title='bbox 1347 5492 1375 5518; x_wconf 73' lang='grc' dir='ltr'>ιι</span> <span class='ocrx_word' id='word_1_780' title='bbox 1420 5471 1489 5525; x_wconf 89' lang='lat' dir='ltr'>Et</span> <span class='ocrx_word' id='word_1_781' title='bbox 1518 5469 1751 5543; x_wconf 83' lang='lat' dir='ltr'>lugeam</span> <span class='ocrx_word' id='word_1_782' title='bbox 1784 5472 2022 5529; x_wconf 88' lang='lat' dir='ltr'>multos.</span> <span class='ocrx_word' id='word_1_783' title='bbox 2058 5495 2088 5524; x_wconf 68' lang='grc' dir='ltr'><strong>ιδ</strong></span> 
     </span>
    </p>
   </div>
   <div class='ocr_carea' id='block_1_101' title="bbox 427 5557 2090 5630">
    <p class='ocr_par' dir='ltr' id='par_1_101' title="bbox 427 5557 2090 5630">
     <span class='ocr_line' id='line_1_101' title="bbox 427 5557 2090 5630; baseline 0.004 -18"><span class='ocrx_word' id='word_1_784' title='bbox 427 5557 573 5613; x_wconf 89' lang='lat' dir='ltr'>Vide</span> <span class='ocrx_word' id='word_1_785' title='bbox 606 5557 993 5630; x_wconf 87' lang='lat' dir='ltr'>apostolicam</span> <span class='ocrx_word' id='word_1_786' title='bbox 1024 5559 1322 5615; x_wconf 83' lang='lat' dir='ltr'>virtutem.</span> <span class='ocrx_word' id='word_1_787' title='bbox 1360 5560 1506 5616; x_wconf 91' lang='lat' dir='ltr'>Cum</span> <span class='ocrx_word' id='word_1_788' title='bbox 1539 5561 1763 5617; x_wconf 86' lang='lat' dir='ltr'>nullius</span> <span class='ocrx_word' id='word_1_789' title='bbox 1806 5563 1947 5618; x_wconf 88' lang='lat' dir='ltr'>mali</span> <span class='ocrx_word' id='word_1_790' title='bbox 1977 5564 2090 5620; x_wconf 91' lang='lat' dir='ltr'>sibi</span> 
     </span>
    </p>
   </div>
   <div class='ocr_carea' id='block_1_102' title="bbox 413 5647 2091 5719">
    <p class='ocr_par' dir='ltr' id='par_1_102' title="bbox 413 5647 2091 5719">
     <span class='ocr_line' id='line_1_102' title="bbox 413 5647 2091 5719; baseline 0.005 -18"><span class='ocrx_word' id='word_1_791' title='bbox 413 5647 689 5703; x_wconf 87' lang='lat' dir='ltr'>conscius</span> <span class='ocrx_word' id='word_1_792' title='bbox 715 5647 812 5709; x_wconf 85' lang='lat' dir='ltr'>sit,</span> <span class='ocrx_word' id='word_1_793' title='bbox 849 5664 956 5719; x_wconf 91' lang='lat' dir='ltr'>pro</span> <span class='ocrx_word' id='word_1_794' title='bbox 989 5647 1244 5705; x_wconf 83' lang='lat' dir='ltr'>aliorum</span> <span class='ocrx_word' id='word_1_795' title='bbox 1282 5648 1520 5706; x_wconf 88' lang='lat' dir='ltr'>delictis</span> <span class='ocrx_word' id='word_1_796' title='bbox 1552 5649 1715 5717; x_wconf 78' lang='lat' dir='ltr'>luget</span> <span class='ocrx_word' id='word_1_797' title='bbox 1738 5651 1866 5708; x_wconf 89' lang='lat' dir='ltr'>Non</span> <span class='ocrx_word' id='word_1_798' title='bbox 1890 5658 2091 5710; x_wconf 88' lang='lat' dir='ltr'>autem</span> 
     </span>
    </p>
   </div>
   <div class='ocr_carea' id='block_1_103' title="bbox 413 5733 2093 5811">
    <p class='ocr_par' dir='ltr' id='par_1_103' title="bbox 413 5733 2093 5811">
     <span class='ocr_line' id='line_1_103' title="bbox 413 5733 2093 5811; baseline 0.005 -21"><span class='ocrx_word' id='word_1_799' title='bbox 413 5733 564 5790; x_wconf 85' lang='lat' dir='ltr'>dixit</span> <span class='ocrx_word' id='word_1_800' title='bbox 595 5751 607 5789; x_wconf 92' lang='lat'><strong>:</strong></span> <span class='ocrx_word' id='word_1_801' title='bbox 642 5735 881 5801; x_wconf 70' lang='lat' dir='ltr'>Omnes,</span> <span class='ocrx_word' id='word_1_802' title='bbox 908 5734 1014 5790; x_wconf 89' lang='lat' dir='ltr'>sed</span> <span class='ocrx_word' id='word_1_803' title='bbox 1053 5759 1080 5784; x_wconf 74' lang='grc' dir='ltr'><strong>«ι</strong></span> <span class='ocrx_word' id='word_1_804' title='bbox 1125 5735 1365 5802; x_wconf 82' lang='lat' dir='ltr'>Multos,</span> <span class='ocrx_word' id='word_1_805' title='bbox 1402 5758 1426 5784; x_wconf 81' lang='grc' dir='ltr'><strong><em>υ</em></strong></span> <span class='ocrx_word' id='word_1_806' title='bbox 1460 5744 1520 5793; x_wconf 90' lang='lat' dir='ltr'>et</span> <span class='ocrx_word' id='word_1_807' title='bbox 1561 5754 1756 5811; x_wconf 88' lang='lat' dir='ltr'>neque</span> <span class='ocrx_word' id='word_1_808' title='bbox 1805 5740 1914 5797; x_wconf 90' lang='lat' dir='ltr'>hos</span> <span class='ocrx_word' id='word_1_809' title='bbox 1972 5757 2093 5799; x_wconf 86' lang='lat' dir='ltr'>ma-</span> 
     </span>
    </p>
   </div>
   <div class='ocr_carea' id='block_1_104' title="bbox 418 5822 2091 5902">
    <p class='ocr_par' dir='ltr' id='par_1_104' title="bbox 418 5822 2091 5902">
     <span class='ocr_line' id='line_1_104' title="bbox 418 5822 2091 5902; baseline 0.004 -19"><span class='ocrx_word' id='word_1_810' title='bbox 418 5824 681 5887; x_wconf 84' lang='lat' dir='ltr'>nifestat,</span> <span class='ocrx_word' id='word_1_811' title='bbox 710 5825 859 5881; x_wconf 81' lang='lat' dir='ltr'>dans</span> <span class='ocrx_word' id='word_1_812' title='bbox 889 5822 1266 5895; x_wconf 63' lang='lat' dir='ltr'>pauitantia</span> <span class='ocrx_word' id='word_1_813' title='bbox 1300 5823 1522 5894; x_wconf 88' lang='lat' dir='ltr'>locum,</span> <span class='ocrx_word' id='word_1_814' title='bbox 1548 5834 1608 5884; x_wconf 92' lang='lat' dir='ltr'>et</span> <span class='ocrx_word' id='word_1_815' title='bbox 1636 5845 1712 5886; x_wconf 87' lang='lat' dir='ltr'>ne</span> <span class='ocrx_word' id='word_1_816' title='bbox 1768 5830 2091 5902; x_wconf 84' lang='lat' dir='ltr'>impuden-</span> 
     </span>
    </p>
   </div>
   <div class='ocr_carea' id='block_1_105' title="bbox 2199 4934 3860 5013">
    <p class='ocr_par' dir='ltr' id='par_1_105' title="bbox 2199 4934 3860 5013">
     <span class='ocr_line' id='line_1_105' title="bbox 2199 4934 3860 5013; baseline -0.002 -18"><span class='ocrx_word' id='word_1_817' title='bbox 2199 4939 2331 5001; x_wconf 82' lang='grc' dir='ltr'><strong>Θεός</strong></span> <span class='ocrx_word' id='word_1_818' title='bbox 2366 4959 2471 5012; x_wconf 75' lang='grc' dir='ltr'>μου</span> <span class='ocrx_word' id='word_1_819' title='bbox 2502 4959 2532 4992; x_wconf 74' lang='lat' dir='ltr'>u</span> <span class='ocrx_word' id='word_1_820' title='bbox 2560 4939 2656 5004; x_wconf 86' lang='grc' dir='ltr'>Τὸ,</span> <span class='ocrx_word' id='word_1_821' title='bbox 2691 4965 2718 4989; x_wconf 80' lang='grc' dir='ltr'><strong>«ι</strong></span> <span class='ocrx_word' id='word_1_822' title='bbox 2762 4939 2909 4997; x_wconf 85' lang='grc' dir='ltr'><strong>Μοῦ,</strong></span> <span class='ocrx_word' id='word_1_823' title='bbox 2943 4960 2973 4991; x_wconf 89' lang='grc'><strong>››</strong></span> <span class='ocrx_word' id='word_1_824' title='bbox 3003 4939 3105 5013; x_wconf 71' lang='grc' dir='ltr'><strong>γὰρ</strong></span> <span class='ocrx_word' id='word_1_825' title='bbox 3138 4939 3551 5012; x_wconf 79' lang='grc' dir='ltr'><strong>προσκείμενον,</strong></span> <span class='ocrx_word' id='word_1_826' title='bbox 3610 4938 3710 5005; x_wconf 69' lang='grc' dir='ltr'><strong>τὴν</strong></span> <span class='ocrx_word' id='word_1_827' title='bbox 3740 4934 3860 4992; x_wconf 81' lang='grc' dir='ltr'><strong>δια·</strong></span> 
     </span>
    </p>
   </div>
   <div class='ocr_carea' id='block_1_106' title="bbox 2196 5026 3865 5104">
    <p class='ocr_par' dir='ltr' id='par_1_106' title="bbox 2196 5026 3865 5104">
     <span class='ocr_line' id='line_1_106' title="bbox 2196 5026 3865 5104; baseline 0.001 -20"><span class='ocrx_word' id='word_1_828' title='bbox 2196 5037 2302 5100; x_wconf 80' lang='grc' dir='ltr'><strong>καῆ</strong></span> <span class='ocrx_word' id='word_1_829' title='bbox 2334 5029 2555 5104; x_wconf 81' lang='grc' dir='ltr'><strong>ἀγάπην</strong></span> <span class='ocrx_word' id='word_1_830' title='bbox 2590 5026 2758 5101; x_wconf 84' lang='grc' dir='ltr'><strong>δηλοῖ</strong></span> <span class='ocrx_word' id='word_1_831' title='bbox 2786 5033 2881 5084; x_wconf 87' lang='grc' dir='ltr'>τοῦ</span> <span class='ocrx_word' id='word_1_832' title='bbox 2913 5032 3168 5104; x_wconf 82' lang='grc' dir='ltr'><strong>Χριστοῦ.</strong></span> <span class='ocrx_word' id='word_1_833' title='bbox 3192 5061 3258 5073; x_wconf 88' lang='lat'><strong><em>—</em></strong></span> <span class='ocrx_word' id='word_1_834' title='bbox 3290 5027 3493 5086; x_wconf 79' lang='grc' dir='ltr'>Ἀλλο.</span> <span class='ocrx_word' id='word_1_835' title='bbox 3527 5029 3865 5103; x_wconf 83' lang='grc' dir='ltr'>[ΘΕΟΔΩΡ.]</span> 
     </span>
    </p>
   </div>
   <div class='ocr_carea' id='block_1_107' title="bbox 2197 5115 3865 5193">
    <p class='ocr_par' dir='ltr' id='par_1_107' title="bbox 2197 5115 3865 5193">
     <span class='ocr_line' id='line_1_107' title="bbox 2197 5115 3865 5193; baseline -0.002 -16"><span class='ocrx_word' id='word_1_836' title='bbox 2197 5119 2534 5177; x_wconf 81' lang='grc' dir='ltr'><strong>Ταπείνωσιν</strong></span> <span class='ocrx_word' id='word_1_837' title='bbox 2567 5119 2781 5187; x_wconf 73' lang='grc' dir='ltr'><strong>ἑαυτοῦ,</strong></span> <span class='ocrx_word' id='word_1_838' title='bbox 2835 5122 2937 5189; x_wconf 69' lang='grc' dir='ltr'>την</span> <span class='ocrx_word' id='word_1_839' title='bbox 2994 5118 3212 5174; x_wconf 81' lang='grc' dir='ltr'><strong>ἐκείνων</strong></span> <span class='ocrx_word' id='word_1_840' title='bbox 3272 5119 3614 5193; x_wconf 73' lang='grc' dir='ltr'><strong>παρανομίαν</strong></span> <span class='ocrx_word' id='word_1_841' title='bbox 3675 5115 3865 5173; x_wconf 75' lang='grc' dir='ltr'><strong>ἐκάλε-</strong></span> 
     </span>
    </p>
   </div>
   <div class='ocr_carea' id='block_1_108' title="bbox 2197 5203 3868 5285">
    <p class='ocr_par' dir='ltr' id='par_1_108' title="bbox 2197 5203 3868 5285">
     <span class='ocr_line' id='line_1_108' title="bbox 2197 5203 3868 5285; baseline -0.002 -21"><span class='ocrx_word' id='word_1_842' title='bbox 2197 5231 2304 5280; x_wconf 74' lang='grc' dir='ltr'><strong>σεν,</strong></span> <span class='ocrx_word' id='word_1_843' title='bbox 2344 5203 2580 5285; x_wconf 76' lang='grc' dir='ltr'><strong>βεϐαιῶν</strong></span> <span class='ocrx_word' id='word_1_844' title='bbox 2620 5207 2757 5283; x_wconf 82' lang='grc' dir='ltr'><strong>ἅπερ</strong></span> <span class='ocrx_word' id='word_1_845' title='bbox 2806 5206 2918 5278; x_wconf 78' lang='grc' dir='ltr'>ἤδη</span> <span class='ocrx_word' id='word_1_846' title='bbox 2977 5207 3296 5283; x_wconf 79' lang='grc' dir='ltr'><strong>προείρηκε,</strong></span> <span class='ocrx_word' id='word_1_847' title='bbox 3350 5206 3435 5271; x_wconf 90' lang='grc' dir='ltr'>τίς</span> <span class='ocrx_word' id='word_1_848' title='bbox 3491 5206 3716 5272; x_wconf 83' lang='grc' dir='ltr'><strong>ἀσθενεῖ,</strong></span> <span class='ocrx_word' id='word_1_849' title='bbox 3776 5205 3868 5261; x_wconf 77' lang='grc' dir='ltr'><strong>καὶ</strong></span> 
     </span>
    </p>
   </div>
   <div class='ocr_carea' id='block_1_109' title="bbox 2198 5293 3867 5369">
    <p class='ocr_par' dir='ltr' id='par_1_109' title="bbox 2198 5293 3867 5369">
     <span class='ocr_line' id='line_1_109' title="bbox 2198 5293 3867 5369; baseline -0.001 -16"><span class='ocrx_word' id='word_1_850' title='bbox 2198 5295 2297 5354; x_wconf 72' lang='grc' dir='ltr'>οῦκ</span> <span class='ocrx_word' id='word_1_851' title='bbox 2380 5299 2635 5366; x_wconf 76' lang='grc' dir='ltr'><strong>ἀσθενῶς</strong></span> <span class='ocrx_word' id='word_1_852' title='bbox 2718 5297 2815 5359; x_wconf 79' lang='grc' dir='ltr'><strong>Τίς</strong></span> <span class='ocrx_word' id='word_1_853' title='bbox 2903 5294 3351 5367; x_wconf 81' lang='grc' dir='ltr'><strong>σκανδαλίζεται,</strong></span> <span class='ocrx_word' id='word_1_854' title='bbox 3414 5295 3506 5350; x_wconf 86' lang='grc' dir='ltr'><strong>καὶ</strong></span> <span class='ocrx_word' id='word_1_855' title='bbox 3589 5293 3691 5350; x_wconf 71' lang='grc' dir='ltr'><strong>οὒκ</strong></span> <span class='ocrx_word' id='word_1_856' title='bbox 3756 5293 3867 5369; x_wconf 76' lang='grc' dir='ltr'>ἐγὼ</span> 
     </span>
    </p>
   </div>
   <div class='ocr_carea' id='block_1_110' title="bbox 2200 5383 3870 5462">
    <p class='ocr_par' dir='ltr' id='par_1_110' title="bbox 2200 5383 3870 5462">
     <span class='ocr_line' id='line_1_110' title="bbox 2200 5383 3870 5462; baseline -0.002 -20"><span class='ocrx_word' id='word_1_857' title='bbox 2200 5391 2478 5462; x_wconf 83' lang='grc' dir='ltr'><strong>πυροῦμαι</strong></span> <span class='ocrx_word' id='word_1_858' title='bbox 2513 5405 2525 5455; x_wconf 89' lang='grc'><strong>;</strong></span> <span class='ocrx_word' id='word_1_859' title='bbox 2564 5412 2593 5439; x_wconf 87' lang='grc'>‹‹</span> <span class='ocrx_word' id='word_1_860' title='bbox 2647 5389 2747 5444; x_wconf 82' lang='grc' dir='ltr'>Καὶ</span> <span class='ocrx_word' id='word_1_861' title='bbox 2802 5388 3055 5458; x_wconf 74' lang='grc' dir='ltr'><strong>πενθήσω</strong></span> <span class='ocrx_word' id='word_1_862' title='bbox 3110 5383 3383 5448; x_wconf 78' lang='grc' dir='ltr'><strong>πολλούς.</strong></span> <span class='ocrx_word' id='word_1_863' title='bbox 3442 5409 3469 5436; x_wconf 71' lang='grc' dir='ltr'><strong>η</strong></span> <span class='ocrx_word' id='word_1_864' title='bbox 3526 5386 3671 5456; x_wconf 68' lang='grc' dir='ltr'>Ὅρα</span> <span class='ocrx_word' id='word_1_865' title='bbox 3726 5383 3870 5441; x_wconf 82' lang='grc' dir='ltr'><strong>ἀπο-</strong></span> 
     </span>
    </p>
   </div>
   <div class='ocr_carea' id='block_1_111' title="bbox 2201 5473 3873 5551">
    <p class='ocr_par' dir='ltr' id='par_1_111' title="bbox 2201 5473 3873 5551">
     <span class='ocr_line' id='line_1_111' title="bbox 2201 5473 3873 5551; baseline -0.002 -20"><span class='ocrx_word' id='word_1_866' title='bbox 2201 5474 2464 5545; x_wconf 70' lang='grc' dir='ltr'><strong>πολικῆν</strong></span> <span class='ocrx_word' id='word_1_867' title='bbox 2495 5476 2716 5551; x_wconf 80' lang='grc' dir='ltr'><strong>ἀρετὴν,</strong></span> <span class='ocrx_word' id='word_1_868' title='bbox 2744 5473 2915 5549; x_wconf 69' lang='grc' dir='ltr'><strong>μηδὲν</strong></span> <span class='ocrx_word' id='word_1_869' title='bbox 2948 5473 3206 5537; x_wconf 82' lang='grc' dir='ltr'><strong>συνειδὼς</strong></span> <span class='ocrx_word' id='word_1_870' title='bbox 3264 5475 3452 5547; x_wconf 66' lang='grc' dir='ltr'><strong>ὶαοτῷ</strong></span> <span class='ocrx_word' id='word_1_871' title='bbox 3491 5473 3681 5543; x_wconf 82' lang='grc' dir='ltr'><strong>κακὸν,</strong></span> <span class='ocrx_word' id='word_1_872' title='bbox 3738 5473 3873 5549; x_wconf 76' lang='grc' dir='ltr'><strong>ὺπὶρ</strong></span> 
     </span>
    </p>
   </div>
   <div class='ocr_carea' id='block_1_112' title="bbox 2199 5560 3870 5639">
    <p class='ocr_par' dir='ltr' id='par_1_112' title="bbox 2199 5560 3870 5639">
     <span class='ocr_line' id='line_1_112' title="bbox 2199 5560 3870 5639; baseline -0.001 -20"><span class='ocrx_word' id='word_1_873' title='bbox 2199 5570 2307 5620; x_wconf 81' lang='grc' dir='ltr'>τῶν</span> <span class='ocrx_word' id='word_1_874' title='bbox 2337 5572 2459 5626; x_wconf 85' lang='grc' dir='ltr'><strong>τοῖς</strong></span> <span class='ocrx_word' id='word_1_875' title='bbox 2483 5562 2680 5629; x_wconf 70' lang='grc' dir='ltr'><strong>ἄλλοις</strong></span> <span class='ocrx_word' id='word_1_876' title='bbox 2709 5563 3094 5639; x_wconf 60' lang='grc' dir='ltr'><strong>πεπλημμελη</strong></span> <span class='ocrx_word' id='word_1_877' title='bbox 3108 5564 3283 5638; x_wconf 79' lang='grc' dir='ltr'><strong>μένων</strong></span> <span class='ocrx_word' id='word_1_878' title='bbox 3302 5569 3503 5629; x_wconf 85' lang='grc' dir='ltr'><strong>πενθεῖ,</strong></span> <span class='ocrx_word' id='word_1_879' title='bbox 3522 5560 3638 5621; x_wconf 76' lang='grc' dir='ltr'>Οῦκ</span> <span class='ocrx_word' id='word_1_880' title='bbox 3659 5563 3779 5618; x_wconf 80' lang='grc' dir='ltr'><strong>εἶπε</strong></span> <span class='ocrx_word' id='word_1_881' title='bbox 3792 5560 3870 5635; x_wconf 64' lang='grc' dir='ltr'><strong>δὲ,</strong></span> 
     </span>
    </p>
   </div>
   <div class='ocr_carea' id='block_1_113' title="bbox 2204 5648 3871 5722">
    <p class='ocr_par' dir='ltr' id='par_1_113' title="bbox 2204 5648 3871 5722">
     <span class='ocr_line' id='line_1_113' title="bbox 2204 5648 3871 5722; baseline -0.002 -12"><span class='ocrx_word' id='word_1_882' title='bbox 2204 5653 2457 5722; x_wconf 76' lang='grc' dir='ltr'><strong>Πάντας,</strong></span> <span class='ocrx_word' id='word_1_883' title='bbox 2526 5652 2692 5720; x_wconf 69' lang='grc' dir='ltr'><strong>ἀλλὰ,</strong></span> <span class='ocrx_word' id='word_1_884' title='bbox 2776 5677 2804 5705; x_wconf 84' lang='grc' dir='ltr'>ι(</span> <span class='ocrx_word' id='word_1_885' title='bbox 2864 5652 3141 5721; x_wconf 75' lang='grc' dir='ltr'><strong>Πολλοὺς,</strong></span> <span class='ocrx_word' id='word_1_886' title='bbox 3204 5673 3229 5705; x_wconf 67' lang='grc' dir='ltr'><strong>ι</strong></span> <span class='ocrx_word' id='word_1_887' title='bbox 3288 5655 3379 5707; x_wconf 84' lang='grc' dir='ltr'>καὶ</span> <span class='ocrx_word' id='word_1_888' title='bbox 3456 5648 3582 5709; x_wconf 72' lang='grc' dir='ltr'><strong>οῦδὲ</strong></span> <span class='ocrx_word' id='word_1_889' title='bbox 3637 5650 3871 5715; x_wconf 69' lang='grc' dir='ltr'><strong>τούτους</strong></span> 
     </span>
    </p>
   </div>
   <div class='ocr_carea' id='block_1_114' title="bbox 2204 5739 3864 5819">
    <p class='ocr_par' dir='ltr' id='par_1_114' title="bbox 2204 5739 3864 5819">
     <span class='ocr_line' id='line_1_114' title="bbox 2204 5739 3864 5819; baseline -0.002 -19"><span class='ocrx_word' id='word_1_890' title='bbox 2204 5741 2389 5815; x_wconf 77' lang='grc' dir='ltr'><strong>δηλοῖ,</strong></span> <span class='ocrx_word' id='word_1_891' title='bbox 2428 5742 2710 5816; x_wconf 75' lang='grc' dir='ltr'><strong>μετανοίας</strong></span> <span class='ocrx_word' id='word_1_892' title='bbox 2739 5743 2929 5819; x_wconf 84' lang='grc' dir='ltr'><strong>χώραν</strong></span> <span class='ocrx_word' id='word_1_893' title='bbox 2963 5739 3168 5807; x_wconf 53' lang='lat'>6.803;,</span> <span class='ocrx_word' id='word_1_894' title='bbox 3212 5742 3305 5799; x_wconf 83' lang='grc' dir='ltr'><strong>καὶ</strong></span> <span class='ocrx_word' id='word_1_895' title='bbox 3367 5743 3518 5803; x_wconf 81' lang='grc' dir='ltr'><strong>ὅπως</strong></span> <span class='ocrx_word' id='word_1_896' title='bbox 3553 5744 3629 5817; x_wconf 66' lang='grc' dir='ltr'><strong>μή</strong></span> <span class='ocrx_word' id='word_1_897' title='bbox 3663 5740 3864 5818; x_wconf 72' lang='grc' dir='ltr'><strong>γένων-</strong></span> 
     </span>
    </p>
   </div>
   <div class='ocr_carea' id='block_1_115' title="bbox 2203 5831 3864 5907">
    <p class='ocr_par' dir='ltr' id='par_1_115' title="bbox 2203 5831 3864 5907">
     <span class='ocr_line' id='line_1_115' title="bbox 2203 5831 3864 5907; baseline -0.001 -19"><span class='ocrx_word' id='word_1_898' title='bbox 2203 5856 2289 5888; x_wconf 73' lang='grc' dir='ltr'>ται</span> <span class='ocrx_word' id='word_1_899' title='bbox 2321 5831 2825 5907; x_wconf 78' lang='grc' dir='ltr'><strong>ἀναισχυντότεροι.</strong></span> <span class='ocrx_word' id='word_1_900' title='bbox 2858 5857 2884 5883; x_wconf 76' lang='grc' dir='ltr'>ι(</span> <span class='ocrx_word' id='word_1_901' title='bbox 2924 5834 3027 5893; x_wconf 79' lang='grc' dir='ltr'>Καὶ</span> <span class='ocrx_word' id='word_1_902' title='bbox 3069 5834 3146 5905; x_wconf 75' lang='grc' dir='ltr'><strong>μὴ</strong></span> <span class='ocrx_word' id='word_1_903' title='bbox 3181 5833 3659 5906; x_wconf 80' lang='grc' dir='ltr'><strong>μετανοησάντων.</strong></span> <span class='ocrx_word' id='word_1_904' title='bbox 3691 5856 3712 5885; x_wconf 74' lang='grc' dir='ltr'>ι</span> <span class='ocrx_word' id='word_1_905' title='bbox 3749 5834 3864 5891; x_wconf 82' lang='grc' dir='ltr'><strong>Ηοῦ</strong></span> 
     </span>
    </p>
   </div>
  </div>
