4098 6388
374 489 526 551 1077

1342 490 1744 551 COMMENT.
1800 488 1871 548 IN
1922 489 2169 550 EPIST.
2216 490 2263 551 ll
2310 492 2415 551 AD
2461 496 2828 556 COBINTH.

3640 494 3795 555 107s
3829 550 3844 573 ε

371 622 507 679 εἷσῖν
541 624 592 679 οἱ
624 622 990 692 Nauatuvol;
1053 648 1080 675 ‹‹
1115 622 1237 679 Ἐπὶ
1420 619 1742 698 ἀκαθαρσίᾳ.
1802 644 1831 673 ‹‹
1873 620 2026 677 Ἀκα-

2146 624 2327 681 tiores
2359 627 2714 684 efﬁciantur.
2757 648 2780 675 α
2812 631 2927 685 Nec
2968 629 3364 701 resipuerunt.
3402 650 3430 678 »
3464 628 3572 685 Ubi
3604 633 3743 685 sunt
3768 629 3797 684 ?

375 712 590 789 θαρσίπ,
624 710 844 768 δίνειται
877 712 962 768 in?
1023 710 1255 784 ἑκάστης
1302 714 1573 789 ἁμαρτίας
1621 710 1891 786 λέγεσθαι.
1936 709 2039 768 Οὖ-

375 800 462 857 δὶν
492 803 595 878 γὰρ
631 803 900 877 ἁμιρτίας
932 800 1355 882 εἰδεχθέστερον.

443 894 632 967 Τρίτον
695 898 858 949 τοῦτο
915 891 1156 973 ἔρχομαι
1214 895 1351 969 πρὸς
1439 895 1601 969 ὑμᾶς,
1663 890 1751 946 ἐπὶ
1837 890 2038 963 στόμα-

367 1005 462 1045 τος
527 982 624 1038 δύο
712 983 1001 1059 μαρτύρων
1085 983 1176 1037 καὶ
1260 987 1427 1058 τριῶν
1516 980 1839 1052 σταθήσεταί
1932 984 2035 1035 πᾶν

369 1074 543 1150 ῥῆμα.
589 1074 905 1148 ΙΙροείρτ,κοι
964 1074 1051 1128 καὶ
1113 1072 1369 1150 προλέγω
1421 1074 1497 1137 ὡς
1553 1072 1741 1145 παρὼν
1795 1070 1859 1126 τὸ
1914 1067 2035 1126 856-

365 1186 547 1239 τερον,
612 1164 704 1220 καὶ
767 1164 916 1219 ἀπὼν
969 1169 1060 1218 νῦν
1122 1164 1315 1242 γράεςω
1369 1170 1485 1225 τοῖς
1568 1161 2033 1239 προημαρτηκόσι

365 1256 459 1309 καὶ
492 1259 607 1314 τοῖς
664 1251 897 1315 λοιποῖς
952 1258 1133 1321 πᾶσιν,
1190 1254 1272 1308 δτι
1330 1251 1419 1308 ἐὰν
1482 1247 1628 1317 ἔλθω
1686 1251 1760 1313 εἴς
1818 1251 1879 1307 τὸ
1936 1250 2034 1305 πά-

368 1355 483 1413 Αιν,
544 1343 607 1399 οὐ
667 1342 948 1419 φείσομαι.
1008 1344 1160 1399 Ἐπεὶ
1225 1340 1461 1416 δοκιμὴν
1548 1346 1759 1412 ζητεῖτε
1823 1342 1920 1396 τοῦ
1977 1336 2028 1393 ἐν

366 1430 492 1507 ἐμοὶ
528 1431 833 1493 λαλοῦντος
866 1435 1127 1501 Χριστοῦ,
1179 1430 1237 1492 ὅς
1304 1430 1381 1493 εἰς
1443 1431 1582 1503 ὑμᾶς
1638 1430 1741 1485 οὐκ
1801 1429 2027 1497 ἀσθενεῖ,

364 1521 513 1577 ἀλλὰ
545 1519 762 1576 δυνατεῖ
791 1520 842 1576 ἐν
879 1522 1031 1593 ὑμῖν.

438 1634 538 1690 Ἢν
574 1629 822 1704 δεῦτερον
855 1630 1122 1701 ἐπελθὼν,
1168 1630 1214 1686 εἰ
1269 1629 1361 1685 οὖν
1412 1631 1500 1685 καὶ
1545 1635 1635 1684 νῦν
1683 1623 1849 1693 ἔλθω,
1905 1626 2028 1704 τρί-

365 1744 459 1778 τον
494 1715 755 1797 ἔρχομαι.
792 1720 896 1777 Καὶ
926 1721 978 1775 τί
1005 1724 1212 1787 τοῦτος
1256 1725 1484 1793 ”Ωσπερ,
1534 1718 1718 1797 ιρησὶν,
1768 1718 1855 1773 ἐπὶ
1905 1717 2028 1773 στό-

378 1832 549 1886 ματος
581 1809 675 1865 δύο
706 1810 798 1865 καὶ
818 1810 984 1885 τριῶν
1045 1809 1358 1885 μαρτύρων,
1409 1808 1549 1864 ἅπαν
1602 1809 1755 1884 ῥῆμα
1797 1802 2031 1882 ἀμφίϐο-

368 1901 470 1957 λον
496 1897 740 1966 ἵσταται,
770 1897 861 1953 καὶ
892 1899 1061 1972 πέρας
1101 1893 1392 1971 λαμϐάνει,
1438 1894 1611 1958 οὕτως
1656 1896 1743 1952 ἐπὶ
1794 1894 1890 1953 δύο
1938 1898 2028 1952 καὶ

2144 715 2447 772 Novatiani
2473 717 2502 772 ‘I
2528 741 2556 767 ‹‹
2592 718 2677 774 Ab
2709 718 3107 777 immunditia.
3134 741 3161 768 ››
3188 718 3574 775 lmmunditia
3603 724 3800 790 potest

2143 803 2216 859 de
2248 805 2497 879 singulis
2525 807 2638 863 dici
2658 808 3274 879 peccatis.l\'ihilenim
3299 814 3539 879 peccato
3559 807 3792 865 faedius.

2213 895 2360 957 XIII,
2398 899 2560 951 1-4.‹‹
2597 897 2700 952 Hic
2732 898 2942 953 tertius
2958 897 3371 952 eritadventus
3403 896 3656 953 meusad
3672 914 3790 953 vos.

2145 1005 2171 1033 α
2197 986 2262 1040 In
2279 1002 2380 1041 ore
2394 985 2647 1042 duorum
2677 987 2919 1042 testium
2934 993 2991 1041 et
3006 987 3183 1041 trium
3210 987 3605 1042 constituetur
3617 1003 3792 1043 omne

2141 1094 2169 1122 ‹‹
2206 1074 2739 1131 verbum.Prmdixi
2774 1082 2833 1131 et
2863 1076 3140 1148 praedico.
3175 1082 3666 1146 utprmsenscum
3698 1093 3786 1131 es-

2144 1184 2170 1210 ‹‹
2206 1179 2329 1218 sem
2362 1163 2669 1230 iterum,et
2697 1165 2914 1220 absens
2945 1182 3104 1220 nunc
3137 1165 3328 1219 scribo
3381 1164 3474 1218 his
3522 1165 3621 1234 qui
3654 1170 3791 1219 ante

2141 1277 2166 1302 ‹‹
2194 1261 2591 1326 peccaverunt
2620 1272 2687 1311 ac
2720 1256 2951 1311 caeteris
2983 1256 3280 1314 omnibus.
3311 1254 3469 1326 qtzod
3491 1254 3538 1308 si
3574 1270 3791 1317 venero

2142 1365 2169 1392 ‹‹
2202 1343 2419 1405 denuo.
2444 1361 2562 1399 non
2597 1361 2856 1417 parcam.
2892 1343 3383 1416 Quandoquidem
3416 1343 3793 1414 experimen-

2139 1456 2167 1483 ‹‹
2202 1438 2326 1487 tum
2350 1434 2583 1505 quaeriti
2607 1434 2985 1506 loquentisin
3017 1450 3111 1489 me
3143 1433 3379 1488 Christi.
3408 1432 3507 1504 qui
3542 1447 3792 1504 ergavos

2143 1545 2164 1570 ι
2196 1539 2314 1578 non
2348 1528 2438 1578 est
2465 1523 2803 1590 imbecillis,
2838 1524 2943 1580 sed
2973 1530 3187 1597 potens
3220 1530 3310 1577 est
3340 1522 3401 1578 in
3433 1520 3618 1578 vobis.
3656 1543 3684 1571 »

2207 1630 2335 1685 Jam
2367 1631 2630 1686 secundo
2652 1632 2806 1696 veni.
2842 1632 2889 1685 si
2919 1631 3099 1703 igitur
3128 1630 3305 1685 etiam
3361 1646 3519 1685 nunc
3554 1645 3794 1700 venero,

2140 1721 2312 1775 tertio
2337 1721 2659 1785 veniam.et
2688 1736 2871 1793 quare
2895 1719 3798 1790 hoc.Quemadmodum,inquit,

2137 1809 2200 1865 in
2232 1826 2332 1866 ore
2351 1809 2605 1866 duorum
2622 1816 2681 1866 et
2702 1812 2887 1866 trium
2902 1812 3147 1866 testium
3168 1815 3394 1865 certum
3410 1808 3800 1864 constituitur

2138 1907 2197 1957 et
2227 1900 2407 1958 finem
2440 1902 2657 1973 accipit
2683 1918 2863 1957 omne
2894 1901 3253 1966 verbum,ita
3284 1902 3344 1956 in
3376 1898 3799 1956 duobusactri-

380 1994 544 2064 τριῶν
582 2009 683 2061 μου
734 1992 1073 2063 παρουσιῶν,
1125 1987 1264 2042 ἅπαν
1316 1989 1468 2061 ῥῆμα
1510 1984 1867 2057 ἀπειλητικὸν
1918 2008 2026 2041 στα-

2142 1991 2251 2046 bus
2268 1992 2418 2046 meis
2440 1991 2789 2047 adventibus
2803 2007 2973 2047 omne
3002 1991 3241 2048 verbum
3271 1990 3796 2047 comminatorium

374 2079 595 2147 θήσεται
654 2078 773 2140 καθ’
835 2077 1009 2149 ὑμῶν,
1067 2076 1157 2131 καὶ
1215 2076 1383 2151 πὲρας
1442 2075 1700 2150 λήψεται.
1763 2078 1899 2151 Ὅρα
1953 2072 2029 2147 δὲ,

363 2166 448 2222 ὅτι
480 2172 596 2227 ταῖς
628 2166 982 2241 παρουσίαις,
1016 2165 1133 2220 ἀντὶ
1170 2165 1456 2241 μαρτύρων
1489 2163 1787 2244 ἐχρήσατο.
1823 2189 1851 2216 ‹‹
1890 2168 2029 2241 11ρο-

369 2258 564 2331 είρηκςι
594 2260 719 2336 γάρ.
754 2282 781 2310 »
820 2260 922 2314 Καὶ
981 2256 1089 2329 ⁴ἤδη
1141 2264 1407 2333 προεῖπον
1457 2258 1546 2312 καὶ
1607 2262 1697 2311 νῦν
1746 2256 2027 2333 προλέγω.

365 2350 571 2420 ’Ὠσπερ
616 2348 798 2423 παρὼν
860 2347 997 2422 πρὸς
1054 2347 1193 2421 ὓμᾶς
1249 2348 1312 2402 τὸ
1372 2345 1617 2422 δεύτερον
1673 2349 1848 2417 εἷπον,
1910 2343 2029 2401 ἰδοὺ

365 2438 458 2494 καὶ
493 2438 645 2492 ἀπὼν
687 2438 749 2492 τὸ
776 2436 953 2512 τρίτον
986 2436 1267 2511 προλέγω.
1299 2434 1442 2493 Ἰδοὺ
1473 2441 1619 2511 τρεῖς
1672 2433 1837 2491 ἄλλοι
1889 2435 2027 2510 μάρ-

366 2548 543 2601 τυρες.
579 2528 749 2583 Ἦσαν
788 2526 883 2599 μὲν
920 2527 974 2580 αἱ
1007 2524 1104 2581 δύο
1154 2526 1467 2599 παρουσίαι,
1518 2525 1608 2581 καὶ
1659 2528 1694 2595 ἡ
1747 2524 2030 2597 μέλλουσα

356 2611 594 2681 ἔσεσθαι,
631 2613 726 2669 δύο
768 2615 857 2669 καὶ
913 2620 1058 2691 τρεῖς
1116 2616 1408 2691 μάρτυρες.
1460 2612 1601 2671 Ἰδοὺ
1650 2613 1815 2670 πάλιν
1862 2612 2028 2671 ἄλλοι

359 2711 509 2782 τρεῖς
564 2705 854 2779 μάρτυρες.
918 2705 991 2762 Τὸ
1045 2701 1124 2766 δὶς
1186 2705 1375 2780 παρὼν
1430 2711 1731 2781 προειπεῖν,
1790 2704 1880 2759 καὶ
1936 2708 2026 2759 νῦν

361 2796 505 2864 ama
538 2794 590 2849 ἐν
648 2798 715 2868 τῇ
778 2793 1028 2865 ἀπουσίᾳ.
1089 2793 1316 2871 Εὖφυῶς
1377 2791 1434 2849 δὲ
1489 2796 1588 2863 τὴν
1649 2795 1868 2869 Γραφῆν
1930 2794 2031 2864 τὴν

366 2884 635 2959 περὶτῶν
684 2883 973 2959 μαρτύρων
1022 2877 1269 2953 ἐξέλαϐεν
1321 2880 1398 2948 ε’ἰς
1444 2905 1501 2938 τε
1545 2884 1641 2947 τὰς
1689 2889 1833 2959 τρεῖς
1891 2903 2027 2958 παρα

365 2975 572 3041 ουσέας,
609 2976 698 3030 καὶ
742 2973 817 3035 εἷς
875 2973 970 3035 τᾶς
1028 2979 1177 3047 τρεῖς
1235 2972 1632 3049 παραγγελίας.
1697 2973 1860 3030 «Καὶ
1910 2980 2027 3037 τοῖς

359 3065 585 3127 λοιποῖς
618 3068 770 3119 πᾶσι.
808 3089 830 3117 ι
888 3065 1018 3124 Τοῖς
1068 3065 1162 3135 μὲν
1213 3063 1616 3139 ἡμαρτηκόσιν,
1660 3060 1751 3118 ’ἶνα
1800 3059 2027 3136 διορθώ-

365 3175 592 3221 σωνται,
624 3158 741 3216 τοῖς
794 3151 852 3207 δὲ
910 3151 1130 3215 λοιποῖς
1185 3158 1367 3221 πᾶσιν,
1417 3151 1510 3208 ’ίνα
1566 3153 1832 3227 μάρτυρες
1893 3154 2024 3221 εἶεν,

366 3242 474 3309 ὅτι,
507 3245 657 3316 φησὶ,
720 3244 848 3315 παρ’
908 3241 1005 3306 ἐμὲ
1065 3239 1243 3313 οὐδέν,
1303 3241 1390 3297 ἐὰν
1449 3243 1526 3315 μή
1590 3244 2020 3317 μετανοήσαντας

2141 2079 2536 2135 constituetur
2556 2078 2872 2135 adversum
2904 2096 3028 2143 vos,
3063 2086 3121 2135 et
3166 2078 3489 2134 terminum
3520 2078 3792 2150 accipiet.

2137 2168 2462 2224 Considera
2482 2175 2679 2225 autem
2704 2169 2860 2239 quod
2884 2168 3348 2240 adventibuspro
3383 2167 3634 2222 testibus
3648 2184 3793 2223 usus

2138 2255 2232 2313 sit.
2268 2279 2296 2306 ‹‹
2329 2256 2601 2312 Praedixi.
2640 2281 2660 2307 δ
2690 2258 2908 2328 Etjam
2943 2256 3189 2329 prmdixi
3232 2263 3290 2311 et
3318 2272 3480 2311 nunc
3510 2255 3789 2328 praedico.

2135 2345 2648 2410 Quemadmodum
2680 2363 2815 2403 cum
2847 2345 3108 2403 secundo
3141 2362 3407 2417 praesens
3422 2361 3612 2401 essem
3634 2345 3791 2416 apud

2135 2452 2236 2490 vos
2267 2435 2406 2503 dixi,
2442 2452 2577 2492 ecce
2622 2436 2750 2507 jam
2807 2435 3022 2491 absens
3079 2436 3251 2491 tertio
3310 2435 3596 2508 praedico.
3645 2436 3793 2491 Ecce

2136 2530 2254 2581 tres
2282 2525 2385 2581 alii
2422 2531 2624 2581 testes.
2688 2526 2866 2581 Erant
2923 2525 3165 2597 quidem
3211 2524 3326 2580 duo
3379 2524 3670 2580 adventus
3732 2528 3792 2581 et

2134 2614 2342 2668 tertius
2373 2613 2475 2684 qui
2501 2610 2733 2669 futurus
2764 2619 2874 2675 est,
2934 2611 3049 2669 duo
3110 2628 3177 2669 ac
3229 2619 3348 2668 tres
3382 2618 3581 2668 testes.
3643 2613 3791 2670 Ecce

2134 2722 2365 2761 rursum
2380 2706 2481 2761 alii
2514 2711 2633 2762 tres
2655 2712 2835 2761 testes
2867 2706 2960 2761 bis
2988 2712 3341 2777 praesentem
3369 2705 3799 2777 praedixisseet

2130 2811 2292 2850 nunc
2323 2795 2509 2851 semel
2541 2795 2603 2850 in
2656 2795 2947 2851 absentia.
2999 2796 3154 2851 Scite
3194 2801 3392 2851 autem
3422 2794 3787 2866 Scripturam

2133 2902 2265 2956 quae
2300 2883 2372 2939 de
2403 2884 2593 2940 tribus
2625 2890 2713 2939 est
2748 2885 2998 2940 testibus
3027 2883 3346 2955 accepitad
3364 2889 3482 2939 tres
3500 2883 3789 2941 adventus

2138 2979 2197 3029 et
2218 2980 2336 3029 tres
2379 2973 2837 3029 admonitiones.
2891 2995 2919 3022 «
2976 2979 3057 3028 Ac
3111 2972 3363 3044 reliquis
3416 2972 3716 3028 omnibus.
3755 2994 3777 3021 ι

2135 3063 2234 3117 His
2283 3063 2523 3133 quidem
2594 3061 2691 3133 qui
2764 3062 3166 3133 deliquerunt,
3229 3068 3294 3116 ut
3367 3063 3777 3135 corrigantur;

2131 3151 2382 3223 reliquis
2411 3167 2548 3206 vero
2569 3151 2868 3211 omnibus.
2909 3156 2974 3207 ut
3012 3156 3194 3206 testes
3245 3150 3366 3206 sint
3395 3150 3553 3223 quod
3610 3150 3787 3207 nulla

2132 3240 2210 3295 sit
2237 3241 2296 3295 in
2328 3256 2424 3295 me
2456 3257 2651 3296 causa.
2671 3240 2719 3295 si
2743 3256 2842 3295 eos
2860 3239 2959 3311 qui
2979 3256 3099 3295 non
3132 3239 3784 3312 resipuerintpuniero.

366 3335 793 3405 τιμωρήσωμαι.
832 3356 859 3384 ‹‹
890 3334 1013 3388 Ὅτι
1047 3330 1136 3386 ἐὰν
1167 3330 1311 3395 ἔλθω
1343 3331 1419 3393 εἷς
1447 3332 1508 3387 τὸ
1540 3328 1730 3397 πάλιν,
1788 3331 1854 3386 οὐ
1903 3330 2017 3409 φεί-

2142 3352 2159 3379 ε‹
2194 3329 2359 3396 Quod
2419 3329 2465 3385 si
2526 3346 2741 3385 venero
2800 3329 3016 3395 denuo,
3078 3346 3198 3385 non
3239 3346 3499 3401 parcam.
3563 3350 3587 3381 ι
3636 3330 3782 3387 105

365 3442 553 3494 σομαι.
591 3445 620 3471 ››
652 3421 721 3479 Τί
759 3420 1107 3496 προείρηκας,
1137 3420 1229 3476 καὶ
1260 3424 1353 3474 νῦν
1394 3418 1452 3476 δὲ
1494 3419 1547 3475 τί
1594 3421 1859 3497 γράφειςς
1910 3419 2016 3489 ὅτι,

357 3512 549 3591 φησὶν,
583 3511 672 3566 ἐὰν
706 3509 850 3576 ἔλθω
884 3511 961 3573 εἰς
989 3511 1052 3566 τὸ
1083 3509 1276 3579 πάλιν,
1306 3513 1577 3580 τουτέστι,
1608 3514 1671 3567 τὸ
1694 3508 1835 3567 ἄλλο
1856 3512 2019 3582 ἅπαξ,

352 3602 419 3657 οὗ
487 3599 765 3678 φείσομαι,
827 3597 1035 3661 δεικνὺς
1095 3600 1178 3655 ὅτι
1236 3595 1314 3655 ἔτι
1366 3597 1628 3675 φείδεται,
1706 3600 1798 3655 καὶ
1853 3604 2021 3655 ταῦτα

353 3690 780 3769 σφαλκομὲνων.
822 3716 848 3742 ‹‹
875 3686 1098 3758 Ἐπειδὴ
1124 3688 1360 3763 δοκιμὴν
1387 3696 1617 3761 ζητεῖτε.
1642 3715 1672 3742 ››
1708 3693 2017 3766 [ΘΕΟΔΩΡ.

356 3780 637 3853 ΦΩΤΙΟΥ]
671 3780 942 3851 Δοκιμήν.
978 3781 1194 3854 Ηεῖραν.
1250 3777 1329 3835 Οὐ
1379 3776 1467 3834 διὰ
1519 3784 1679 3834 τοῦτο
1732 3776 1789 3834 δὲ
1836 3777 2027 3834 ἐκολα-

362 3874 468 3938 ζεν,
495 3868 571 3930 ὡς
603 3866 838 3940 δοκιμὴν
900 3864 1115 3935 δώσων,
1163 3863 1292 3923 ἀλλ’
1336 3868 1422 3923 ὅτι
1465 3869 1799 3942 ἡμάρτανον.
1849 3870 2024 3926 Τοῦτο

366 3956 425 4014 δὲ
455 3958 860 4029 ε”ρτ,ται,κο.τὰ
883 3963 989 4013 τῶν
1050 3955 1319 4033 λεγόντων
1372 3957 1457 4013 ὃτι
1519 3960 1553 4027 ἡ
1612 3957 1881 4034 παρουσία
1936 3957 2027 4013 αὐ-

361 4052 464 4105 τοῦ
495 4050 739 4120 ἀσθενής.
781 4045 1032 4119 Ἐπειδὴ,
1092 4048 1247 4126 φησὶ,
1301 4047 1484 4113 θέλετε
1535 4046 1828 4122 δοκιμάσαι
1878 4048 1922 4105 εἷ
1972 4049 2023 4105 ἒν

362 4135 491 4211 ἐμοὶ
548 4137 710 4194 λαλεῖ
759 4137 786 4192 6
822 4138 1083 4211 Χριστός.
1142 4139 1347 4212 ’Ὠσπερ
1404 4137 1507 4215 γὰρ
1541 4134 1750 4211 ἔρημόν
1814 4159 1881 4212 με
1929 4142 2027 4193 τοῦ

361 4228 618 4303 Χριστοῦ.
674 4226 820 4282 οὕτω
878 4226 1172 4283 σκώπτετε.
1224 4232 1420 4302 Πεῖριν
1474 4221 1690 4295 λαϐεῖν,
1738 4229 1812 4291 ὡς
1862 4225 2026 4296 ἔοικε,

354 4317 619 4395 βούλεσθε
647 4323 744 4373 τοῦ
794 4317 845 4372 ἐν
900 4317 1024 4389 ἰμοὶ
1083 4320 1463 4397 φθεγγομένου
1532 4323 1794 4394 Χριστοῦ,
1847 4318 2026 4375 καίτοι

352 4413 540 4485 σαφῶς
572 4408 740 4463 αὐτοῦ
796 4406 1057 4481 μαθόντες
1122 4408 1223 4476 τήν
1283 4405 1540 4480 δύναμιν.
1602 4409 1703 4463 Καὶ
1761 4409 1897 4464 αὐτὸ
1956 4409 2020 4465 τὸ

353 4497 590 4571 δοκιμὴν
626 4503 831 4570 ζητεῖν,
884 4497 1194 4572 ἁμάρτημα
1238 4498 1328 4567 ἦν.
1380 4500 1458 4555 Τὸ
1506 4500 1607 4575 γὰρ
1668 4498 2027 4573 ἐκπειράζειν,

352 4588 444 4646 καὶ
482 4587 719 4662 μάλιστα
755 4589 890 4662 μετᾶ
917 4591 1179 4653 τοσαῦτα,
1218 4587 1532 4662 ἀχαρίστων
1592 4587 1660 4656 ἦν
1708 4588 1799 4642 καὶ
1852 4588 2026 4664 ἀγνω-

359 4677 545 4753 μόνων
588 4678 675 4732 καὶ
729 4670 1020 4732 ἀϐεϐαίων.
1080 4701 1100 4727 ι
1136 4678 1205 4733 "0
1255 4674 1331 4737 εἷς
1385 4676 1528 4747 ὓμᾶς
1586 4676 1690 4731 οὐκ
1728 4677 1957 4741 ἀσθενεῖ.
1993 4702 2022 4730 ››

355 4765 426 4824 Τί
459 4762 721 4840 βούλετκι
750 4764 785 4832 ἢ
818 4765 1132 4839 προσθήκη,
1163 4763 1278 4832 τοῦ,
1319 4784 1341 4813 ι
1377 4763 1472 4825 Εἰς
1504 4764 1668 4837 ὑμᾶς,
1706 4788 1733 4815 ››
1763 4763 1851 4819 καῖ
1902 4769 2022 4833 τοῦ,

357 4878 387 4907 ‹‹
425 4855 512 4910 Ἐν
543 4854 674 4926 ῧμῖν
704 4871 718 4922 ;
748 4876 777 4904 ι)
810 4853 875 4909 οὗ
908 4852 1013 4928 γὰρ
1045 4852 1183 4927 πρὸς
1213 4851 1411 4917 αὐτοὺς
1443 4853 1635 4925 μόνον,
1685 4850 1831 4909 ἀλλὰ
1882 4874 2019 4909 παν-

356 4946 535 5017 τιχοῦ
568 4939 789 5003 δυνατὸς
829 4941 859 4995 6
889 4939 1145 5013 Χριστός.
1189 4938 1291 4995 Καί
1341 4960 1538 5013 φαμεν,
1593 4939 1677 4995 ὅτι
1730 4938 2025 5012 ἀπειλητι-

356 5032 454 5087 κὸν
480 5034 542 5085 τὸ
576 5031 752 5104 ῥῆμα,
786 5029 913 5086 ὡσεὶ
945 5027 1121 5104 ἔλεγε.
1161 5034 1353 5104 Πεῖραν
1397 5022 1554 5105 ἔχετε
1585 5030 1676 5105 ἀφ’
1706 5030 1782 5085 ὧν
1822 5032 2025 5087 πεπόν-

364 5132 510 5187 θατε,
544 5121 634 5175 ’ὁτι
686 5117 785 5175 οὐκ
840 5119 1064 5186 ἀσθενής
1119 5119 1147 5173 6
1203 5119 1437 5193 Χριστός
1520 5120 1590 5175 Ἦ
1647 5120 1731 5174 ’ὁτι
1790 5120 1926 5184 τέως
1976 5119 2028 5176 ἐν

368 5209 520 5282 ὖμῖν,
567 5210 724 5288 φησὶ,
784 5214 902 5267 τοῖς
957 5207 1048 5263 καὶ
1107 5205 1476 5283 διορθωθῆναι
1533 5205 1875 5281 δυναμένοις,
1926 5210 2026 5280 τὴν

365 5297 594 5372 δύναμιν
653 5295 1004 5355 ἐπιδείκνυσι.
1066 5296 1203 5361 Τοὺς
1270 5297 1374 5371 γὰρ
1461 5297 1649 5353 ἀνίατα
1713 5296 2025 5368 νοσοῦντάς,

360 5388 477 5445 ἰκεῖ
502 5389 901 5462 τιμωρήσεται.

2135 3418 2285 3484 Quid
2317 3418 2644 3491 praedixisti
2676 3418 2704 3473 ?
2726 3425 2785 3475 et
2814 3435 2976 3474 nunc
3028 3435 3266 3474 rursum
3326 3418 3468 3490 quid
3527 3418 3739 3473 scribis
3762 3418 3791 3473 Ἰ

2136 3509 2295 3582 quod
2323 3509 2370 3563 si
2393 3508 2610 3582 denuo,
2643 3508 2858 3580 inquit,
2893 3508 2952 3564 id
2983 3515 3093 3575 est,
3117 3507 3311 3564 adhuc
3341 3508 3528 3564 semel
3549 3524 3788 3577 venero,

2137 3614 2259 3653 non
2292 3613 2551 3670 parcam,
2586 3597 2912 3653 ostendens
2942 3596 3100 3668 quod
3122 3596 3318 3653 adhuc
3354 3600 3577 3669 parcat,
3609 3596 3789 3668 idque

2137 3697 2283 3769 ipsis
2312 3695 2716 3768 peccantibus.
2750 3718 2777 3744 «
2806 3696 3294 3767 Quandoquidem
3319 3698 3793 3769 experimentum

2138 3782 2421 3855 qumritis.
2447 3806 2465 3828 ι
2485 3783 2629 3837 Nam
2657 3776 2860 3851 δοκιμὴ
2894 3782 3307 3853 probationem
3338 3788 3398 3837 et
3426 3782 3802 3853 experimen-

2140 3877 2263 3927 tum
2297 3870 2611 3942 signiﬂcat.
2637 3873 2761 3926 Non
2794 3877 2993 3927 tamen
3050 3876 3366 3943 prapterea
3414 3869 3700 3942 puniebat
3728 3875 3798 3928 ut

2139 3961 2613 4032 experimentum
2674 3960 2862 4028 daret,
2915 3959 3018 4016 sed
3075 3961 3217 4030 quia
3269 3959 3613 4031 peccabaut.
3677 3959 3797 4016 Hoc

2139 4057 2338 4107 autem
2361 4049 2643 4104 adversus
2674 4066 2776 4105 eos
2797 4049 3022 4104 dictum
3055 4054 3147 4105 est
3176 4050 3277 4121 qui
3311 4048 3609 4115 dicebant,
3636 4048 3796 4121 quod

2139 4140 2458 4213 praesentia
2509 4141 2640 4211 ejus
2699 4139 3020 4195 imbecillis
3078 4146 3255 4196 esset.
3301 4140 3795 4211 Quandoquidem

2141 4230 2825 4302 vultis.inquit.experiri
2849 4246 2993 4286 num
3013 4230 3073 4285 iu
3098 4246 3190 4286 me
3215 4229 3493 4302 loquatur
3506 4230 3798 4288 Christus.

2140 4319 2445 4392 Siquidem
2477 4319 2648 4391 quasi
2680 4319 2954 4376 desertus
3011 4335 3204 4375 essem
3253 4335 3287 4374 a
3316 4319 3548 4375 Christo
3572 4320 3655 4375 ita
3699 4334 3795 4375 me

2140 4408 2422 4464 irridetis.
2459 4408 2941 4481 Experimentum
2973 4425 3211 4464 sumere
3242 4407 3440 4472 vultis.
3463 4415 3531 4463 ut
3551 4411 3798 4482 apparet

2141 4490 2526 4569 loquentisin
2558 4515 2653 4555 me
2683 4499 2923 4560 Christi.
2976 4499 3117 4555 licet
3173 4499 3490 4556 manifeste
3532 4500 3662 4571 ejus
3693 4515 3799 4572 po-

2142 4587 2388 4642 tentiam
2421 4586 2770 4642 didiceritis.
2807 4590 2875 4642 Et
2904 4587 3017 4643 hoc
3064 4588 3215 4643 velle
3272 4588 3552 4659 experiri,
3586 4603 3800 4661 pecca-

2143 4681 2266 4733 tum
2299 4681 2445 4743 erat,
2470 4693 2608 4732 nam
2641 4683 2772 4732 erat
2794 4683 3022 4733 tentare
3048 4694 3063 4733 :
3098 4682 3157 4732 et
3175 4677 3434 4734 maxime
3454 4682 3795 4749 posttanta,

2139 4766 2506 4839 ingratorum
2551 4772 2680 4822 erat
2732 4774 2791 4823 et
2837 4766 3201 4839 perﬁdorum
3271 4784 3338 4824 ac
3397 4767 3793 4828 instabilium.

2136 4880 2164 4907 ‹‹
2197 4856 2308 4922 Qui
2356 4871 2497 4928 erga
2553 4872 2653 4912 vos
2692 4873 2815 4911 non
2868 4863 2957 4912 est
3016 4856 3355 4913 imbecillis.
3388 4876 3414 4906 ιο
3472 4856 3624 4923 Quid
3682 4856 3798 4915 sibi

2136 4946 2261 5001 vult
2289 4945 2516 5001 additio
2550 4944 2669 5012 illa,
2703 4969 2729 4994 «
2760 4946 2911 5018 Erga
2930 4962 3089 5010 vos,»
3109 4950 3186 5013 et,
3210 4966 3232 4997 ι
3254 4947 3320 5000 In
3344 4945 3581 5002 vobis?»
3600 4962 3798 5020 neque

2135 5036 2298 5092 enim
2330 5052 2470 5109 erga
2503 5036 2663 5108 ipsos
2723 5040 2978 5103 tantum,
3040 5035 3144 5091 sed
3189 5035 3409 5107 ubique
3463 5041 3675 5109 potens
3704 5041 3799 5093 est

2136 5126 2426 5181 Christus.
2450 5126 2519 5179 Et
2549 5123 2804 5180 dicimus
2834 5124 3353 5181 comminatorium
3373 5142 3502 5182 esse
3525 5126 3796 5195 verbum,

2139 5231 2205 5270 ac
2236 5214 2286 5270 si
2319 5212 2580 5269 diceret:
2615 5214 3100 5284 Experimentum
3162 5213 3396 5270 habetis
3428 5214 3502 5270 ab
3533 5214 3628 5272 his
3659 5232 3793 5288 qua

2138 5302 2303 5359 vobis
2334 5303 2736 5374 contigerunt.
2771 5303 2929 5375 quod
2947 5319 3065 5359 non
3083 5303 3491 5361 sitimbecillis
3506 5305 3797 5363 Christus.

2138 5393 2253 5447 Aut
2277 5391 2435 5463 quod
2467 5390 2581 5446 hoc
2609 5395 2877 5462 tempore
2901 5391 2962 5446 in
2995 5390 3087 5446 his
3118 5392 3220 5463 qui
3251 5392 3407 5449 inter
3435 5410 3537 5448 vos
3584 5393 3799 5467 corrigi

359 5486 613 5554 possunt
640 5477 1308 5550 ostenditpotentiam:
1353 5493 1483 5535 nam
1544 5479 1615 5535 de
1672 5480 1764 5535 his
1818 5480 1920 5551 qui
1979 5478 2506 5537 immedicabiliter
2556 5485 2864 5549 aegrotant,
2922 5480 2984 5535 in
3038 5479 3240 5536 futuro
3300 5487 3496 5537 sumet
3557 5480 3788 5554 suppli-

363 5571 551 5628 cium-

443 5721 546 5779 Καὶ
602 5723 704 5798 γὰρ
786 5720 832 5776 εἰ
918 5720 1233 5794 ίπαυρώθη
1292 5719 1344 5785 ἐξ
1402 5720 1699 5789 ἀσθενείας,
1750 5718 1901 5777 ἀλλά
1953 5724 2019 5796 ζῇ

368 5812 429 5866 6x
507 5806 790 5882 δυνάμεως
864 5810 1018 5865 Θεοῦ.
1101 5807 1199 5865 Καὶ
1273 5807 1376 5881 γὰρ
1452 5809 1615 5880 ἡμεῖς
1690 5806 2019 5881 ἀσθενοῦμεν

2202 5723 2349 5786 XIII.
2380 5724 2546 5778 4-6.‹‹
2579 5725 2723 5780 Nam
2754 5724 3027 5794 quamvis
3056 5723 3376 5779 crucifixus
3398 5722 3511 5777 fuit
3530 5721 3781 5780 exintir-

2134 5833 2161 5863 ‹‹
2185 5812 2770 5878 mitate,vivittamen
2787 5829 2858 5869 ex
2878 5812 3145 5885 potentia
3158 5810 3594 5883 Dei.Siquidem
3606 5817 3664 5869 et
3674 5830 3786 5874 nos
