4098 6406
290 536 302 553 θ
344 449 502 519 1079

1459 442 1877 507 CECUMENII
1926 439 2232 503 TRICCM
2274 445 2660 507 EPISOOPI.

3603 449 3761 511 1080

342 605 373 633 α
405 579 626 647 inﬁrmi
656 594 863 635 sumus
884 578 948 641 in
977 578 1108 650 ipso
1133 594 1147 633 :
1172 577 1277 633 sed
1305 577 1567 633 vivemus
1599 592 1734 631 cum
1767 575 1894 647 ipso
1926 589 1991 630 ex

2111 571 2162 628 ἰν
2218 575 2389 649 αὐτῷ,
2444 576 2591 633 ἀλλά
2644 577 2925 652 ζησόμεθα
2979 577 3071 633 σὺν
3158 579 3306 652 αὗτῷ
3363 576 3423 635 ἐκ
3480 573 3762 654 δυνάμεως

342 691 372 722 ‹‹
401 668 669 742 potentia
698 667 799 723 Dei
825 682 964 739 erga
991 683 1111 721 vos.
1130 667 1242 720 Vos
1263 667 1427 737 ipsos
1458 669 1680 719 tentate
1701 679 1844 718 num
1870 662 1999 717 sitis

340 782 368 809 «
401 760 465 815 in
500 758 613 814 ﬁde
649 775 662 811 :
697 773 799 812 vos
834 756 994 828 ipsos
1043 754 1313 827 probate.
1371 759 1584 809 Annon
1642 752 1997 825 cognoscitis

338 871 365 899 ‹‹
399 848 819 919 vosmetipsos.
855 844 1015 917 quod
1044 846 1215 900 Jesus
1256 844 1526 899 Christus
1557 844 1620 898 in
1677 842 1842 897 vobis
1874 841 2000 897 sit?

336 960 363 989 «
395 938 511 993 nisi
545 938 603 991 in
640 936 843 1007 aliquo
868 934 1108 1006 reprobi
1142 934 1302 989 estis.
1337 937 1412 988 At
1441 948 1614 1005 spero
1653 948 1754 987 vos
1803 932 1999 1003 cogni-

337 1050 363 1077 ‹‹
391 1032 559 1083 turos
589 1026 750 1098 quod
782 1041 890 1079 nos
924 1041 1045 1079 non
1078 1022 1265 1078 simus
1301 1022 1559 1094 reprobi.
1597 1045 1623 1072 ›;

411 1140 431 1166 ι
471 1118 614 1172 Nam
639 1114 908 1187 quamvis
940 1112 1257 1168 cruciﬁxus
1287 1112 1400 1168 fuit
1447 1113 1508 1167 in
1561 1112 1930 1168 inﬁrmitate.
1968 1132 1990 1161 ι

336 1206 501 1267 Multi
536 1204 872 1273 turbantur,
898 1219 1018 1258 non
1052 1202 1424 1258 advertentes
1453 1208 1811 1274 potestatem
1861 1200 1994 1257 dic-

334 1292 915 1353 tionum.Considera
938 1308 1074 1364 ergo
1088 1298 1209 1347 tres
1240 1308 1370 1347 esse
1404 1290 1995 1347 modosinﬁrmitatis

336 1386 455 1441 sive
486 1382 917 1440 imbecillitatis
948 1398 1105 1437 unus
1136 1380 1378 1452 quidem
1411 1381 1472 1435 in
1512 1380 1737 1436 morbis
1782 1398 1993 1452 corpo-

332 1473 560 1529 ralibus
594 1488 607 1527 :
641 1472 792 1527 alter
821 1487 982 1536 vero,
1030 1470 1309 1526 debilitas
1362 1470 1520 1525 circa
1579 1470 1779 1537 ﬁdem,
1843 1471 1995 1526 sicut

330 1564 459 1638 ipse
482 1564 585 1618 ait.
621 1586 648 1612 ‹‹
700 1562 1013 1619 Inﬁrmum
1070 1567 1272 1617 autem
1330 1559 1443 1616 ﬁde
1498 1560 1783 1616 assumite
1832 1558 1898 1613 ⁸ο.
1964 1580 1989 1612 ε

329 1653 561 1711 Tertius
582 1652 684 1722 qui
700 1651 968 1706 nascitur
989 1666 1061 1706 ex
1090 1648 1609 1722 persecutionibus
1641 1649 1992 1704 ettentatio-

331 1741 532 1800 nibus.
566 1742 711 1796 Nam
752 1745 811 1796 et
859 1739 987 1795 haec
1025 1744 1193 1795 vocat
1251 1737 1470 1793 Paulus
1529 1738 1942 1793 inﬁrmitatem
1978 1756 1993 1805 ;

335 1835 493 1892 sicut
521 1831 625 1889 ibi.
661 1854 690 1881 «ι
742 1833 887 1886 Nam
919 1830 1189 1901 potentia
1245 1846 1380 1885 mea
1426 1846 1533 1902 per
1581 1830 1995 1886 inﬁrmitatem

332 1922 681 1998 perﬁcitur;
714 1945 741 1971 ››
797 1922 908 1977 hoc
938 1927 1047 1986 est,
1102 1919 1620 1992 persecutionibus
1678 1937 1747 1976 ac
1799 1926 1990 1977 tenta-

330 2012 618 2070 tionibus.
654 2010 805 2066 700
836 2013 915 2066 Ac
944 2026 1183 2065 rursum
1211 2027 1224 2064 :
1252 2032 1278 2059 ιι
1328 2009 1723 2075 Quamobrem
1782 2010 1989 2082 placeo

332 2103 480 2159 mihi
511 2102 575 2157 in
604 2100 1095 2165 inﬁrmitatibus;
1130 2122 1157 2148 n
1184 2099 1363 2170 idque
1396 2099 1842 2171 interpretando
1857 2100 1991 2154 sub-

323 2192 560 2266 jungit:
617 2215 645 2240 «
702 2192 769 2246 In
820 2190 1224 2255 contumeliis,
1284 2190 1345 2245 in
1400 2189 1878 2254 necessitatibus,
1928 2190 1990 2245 in

329 2280 870 2357 persecutionibus.
919 2302 947 2329 »
1001 2280 1072 2334 Et
1126 2294 1409 2335 rursum:
1462 2302 1489 2328 ‹‹
1542 2281 1685 2335 Cum
1719 2280 1992 2335 inﬁrmor

329 2378 474 2430 tunc
502 2371 785 2428 robustus
816 2387 947 2426 sum
985 2387 998 2424 :
1032 2392 1060 2420 ι»
1096 2386 1313 2442 nempe
1343 2375 1483 2424 tunc
1514 2370 1703 2442 gratia
1732 2371 1989 2425 maxime

332 2461 673 2518 assistente.
703 2459 876 2515 Juxta
894 2458 1055 2514 hunc
1084 2459 1263 2532 igitur
1292 2459 1722 2514 imbecillitatis
1743 2460 1990 2515 modum

332 2550 651 2607 cruciﬁxus
683 2555 772 2604 est
800 2549 1110 2614 Dominus,
1155 2547 1402 2604 insidias
1461 2564 1692 2620 passus,
1724 2549 1990 2620 pericula

332 2645 392 2699 et
421 2636 835 2695 contumelias.
870 2641 1145 2692 Attamen
1192 2637 1324 2702 hoc,
1376 2636 1591 2708 inquit,
1622 2652 1838 2692 nocere
1868 2652 1990 2692 non

332 2726 726 2801 potuitipsius
743 2725 1237 2798 potentioe.—Aut
1251 2725 1353 2779 hoc
1363 2726 1519 2780 modo
1541 2742 1560 2779 :
1576 2725 1988 2780 Inﬁrmitatem

337 2834 443 2873 seu
474 2814 949 2871 imbecillitatem
983 2814 1128 2870 dicit
1150 2830 1281 2870 eam
1305 2832 1437 2886 quas
1460 2814 1771 2870 videbatur
1795 2815 1988 2870 incre-

333 2906 588 2971 dulis,ac
612 2904 949 2960 sidiceret:
983 2904 1259 2969 Quamvis
1307 2904 1481 2975 juxta
1539 2904 1988 2960 incredulorum

333 3010 672 3051 sermonem
703 2993 1021 3049 cruciﬁxus
1044 2993 1121 3047 sit
1153 2998 1436 3064 tanquam
1496 2993 1814 3049 imbecillis
1853 2993 1989 3066 (hoc

332 3083 695 3140 videlicetex
724 3082 1113 3138 concessione
1140 3081 1434 3154 tribuens)
1459 3088 1659 3138 tamen
1706 3083 1861 3151 vivit,
1893 3083 1986 3138 in-

334 3174 482 3245 quit,
508 3190 577 3229 ex
608 3173 880 3245 potentia
908 3171 1027 3228 Dei.
1062 3171 1325 3227 Audiens
1348 3177 1547 3227 autem
1579 3173 1770 3227 Patris
1788 3179 1990 3244 poten-

332 3265 476 3329 tiam
517 3279 638 3318 non
665 3264 778 3318 hoc
835 3262 1085 3334 impium
1148 3262 1489 3334 suspiceris,
1549 3263 1708 3335 quod
1764 3263 1987 3319 viribus

333 3354 653 3413 destitutus
682 3353 862 3409 fuerit
881 3352 951 3408 ad
966 3352 1382 3408 viviﬁcandum
1410 3354 1710 3425 pr0priam
1725 3370 1986 3422 carnem,

337 3450 391 3501 et
418 3442 551 3500 ideo
573 3442 757 3515 patris
788 3442 1051 3513 potentia
1069 3441 1252 3498 fuerit
1271 3441 1363 3496 illi
1380 3443 1805 3500 necessaria.Si
1829 3445 1988 3500 enim

336 3532 605 3588 Christus
641 3530 739 3585 Dei
767 3531 1034 3603 potentia
1063 3537 1155 3586 est
1185 3535 1243 3585 et
1272 3531 1374 3586 Dei
1403 3532 1696 3603 sapientia
1723 3531 1794 3598 8',
1844 3549 1989 3605 quo-

335 3621 513 3678 modo
568 3619 792 3676 viribus
850 3619 1275 3676 destitueretur
1330 3621 1618 3692 potentia,
1680 3622 1859 3694 idque
1917 3622 1992 3678 ad

335 3710 640 3786 propriam
672 3726 913 3766 carnem
943 3708 972 3763 ?
995 3709 1092 3783 qui
1126 3709 1262 3766 aliis
1289 3726 1524 3783 quoque
1554 3711 1732 3767 vitam
1763 3711 1990 3780 tribuit,

338 3802 461 3859 imo
487 3800 690 3873 potitis
721 3798 1022 3856 omnibus.
1058 3800 1171 3856 Sed
1216 3799 1630 3856 indifferenter
1651 3818 1782 3872 quae
1811 3801 1992 3858 Patris

342 3896 484 3954 sunt
511 3889 801 3946 dicitesse
833 3889 989 3956 Filii,
1016 3905 1375 3960 rursumque
1400 3890 1524 3945 vice
1537 3907 1847 3961 versaque:
1861 3892 1993 3947 Filii

342 3985 483 4039 sunt
511 3979 655 4035 dicit
684 3995 813 4035 esse
846 3980 1057 4034 Patris.
1108 3979 1274 4044 Quod
1328 3980 1487 4035 enim
1543 3980 1669 4052 ipse
1727 3981 1994 4036 Christus

340 4084 509 4127 suam
540 4084 782 4124 carnem
815 4068 1208 4133 suscitaverit,
1244 4067 1382 4123 audi
1442 4084 1578 4123 eum
1637 4068 1935 4124 dicentem
1978 4087 1991 4124 :

335 4184 364 4208 «ι
397 4157 613 4213 Solvite
636 4157 925 4229 templum
959 4157 1092 4216 hoc.
1133 4163 1192 4211 et
1218 4156 1279 4210 in
1315 4156 1503 4213 tribus
1533 4156 1741 4214 diebus
1772 4159 1995 4231 erigam

337 4247 535 4320 ipsum
566 4247 635 4301 ”.
672 4264 704 4299 »
735 4246 790 4301 Si
816 4252 1012 4301 autem
1050 4245 1263 4301 Paulus
1285 4246 1445 4315 quod
1494 4246 1675 4302 Filius
1719 4253 1997 4320 operatus

337 4341 430 4392 est
460 4351 528 4392 ex
561 4337 733 4391 Patre
765 4335 893 4390 ﬁeri
927 4334 1172 4396 dicit,ne
1205 4333 1485 4389 turberis.
1519 4334 1639 4390 Scit
1668 4336 1827 4391 enim
1861 4353 1995 4392 eum

338 4424 595 4492 dixisse;
620 4447 647 4472 ‹‹
676 4423 889 4480 Omnia
917 4439 1049 4494 qua
1080 4421 1259 4477 habet
1289 4424 1480 4488 Pater,
1514 4440 1649 4481 mea
1677 4432 1839 4484 .sunt
1865 4425 1932 4493 ⁸³,
1968 4446 1993 4478 υ

340 4512 563 4568 dixisse
624 4510 801 4566 etiam
879 4510 954 4565 ad
1013 4510 1296 4567 Patrem:
1364 4531 1386 4560 ι
1445 4511 1656 4568 Omnia
1709 4528 1843 4570 mea
1898 4519 1999 4571 tua

341 4605 500 4657 sunt.
532 4598 581 4634 ⁸⁸
614 4621 643 4650 ››
691 4631 743 4642 --
768 4601 900 4664 Pro;
925 4604 1017 4656 ter
1066 4604 1301 4654 nostras
1331 4599 1492 4655 enim
1519 4600 1899 4658 inﬁrmitates
1929 4619 1997 4660 ac

2105 668 2240 720 Θεοῦ
2286 667 2364 730 εἲς
2423 667 2585 741 ὑμᾶς.
2621 668 2877 730 Ἑαυτοὺς
2932 669 3238 744 πειράζετε,
3305 668 3351 724 εἳ
3402 666 3521 724 ἐστε
3579 668 3631 724 ἐν
3686 673 3757 745 τῇ

2104 755 2282 810 πίστει
2368 757 2590 819 ἑαυτοὺς
2649 754 2995 832 δοκιμάζετε.
3055 759 3126 814 Ἥ
3187 756 3285 812 οὐκ
3368 757 3759 836 ἐπιγινώσκετε

2105 842 2327 906 ἑαυτοὺς
2378 844 2464 899 ὅτι
2520 846 2733 915 Ἰησοῦς
2814 847 3044 918 Χριστὸς
3133 844 3184 900 ἐν
3275 846 3400 915 ὑμῖν
3485 845 3651 915 ἐστιν,
3710 848 3755 902 εἰ

2108 933 2184 1005 μή
2217 953 2269 986 τι
2300 931 2560 1008 ἀδόκιμοί
2600 933 2757 1004 ἐστε;
2810 934 3055 1006 Ἐλπίζω
3109 932 3166 991 δὲ
3219 935 3303 990 ’ὁτι
3357 937 3625 1012 γνώσεσθε
3672 937 3758 994 ὅτι

2102 1024 2264 1094 ἡμεῖς
2297 1019 2397 1077 οῦκ
2427 1022 2585 1095 ἐσμεν
2618 1022 2904 1099 ἀδόκιμοι.

2177 1136 2202 1163 ‹‹
2239 1112 2341 1168 Καὶ
2396 1113 2499 1188 γὰρ
2552 1114 2600 1168 εἰ
2658 1112 2972 1187 ἐσταυρώθη
3030 1112 3080 1185 ἐξ
3128 1115 3419 1179 ἀσθενείας.
3457 1140 3484 1168 ››
3546 1114 3756 1173 Πολλοὶ

2102 1197 2454 1276 θορυϐοῦνται
2483 1209 2591 1259 τῶν
2639 1206 2716 1277 μὴ
2765 1208 2834 1279 τῇ
2885 1202 3106 1279 δῦνάμει
3165 1210 3272 1262 τῶν
3332 1205 3528 1279 λέξεων
3582 1228 3756 1283 προσ-

2103 1291 2363 1364 εχόντων.
2395 1294 2534 1368 Ὅρα
2560 1294 2675 1362 οῦν,
2708 1292 2986 1357 ἀσθενείας
3013 1295 3208 1367 τρόποι
3238 1300 3403 1372 τρεῖς.
3438 1297 3534 1358 Εἷς
3578 1297 3669 1371 μὲν
3721 1299 3749 1353 6

2101 1379 2190 1436 ἐπὶ
2220 1385 2325 1435 τῶν
2355 1387 2681 1455 σωματικῶν
2713 1383 3062 1456 νοσημάτων.
3092 1384 3347 1458 Δεύτερος
3379 1386 3469 1441 τὸν
3503 1387 3627 1462 περὶ
3654 1388 3751 1452 τὴν

2100 1469 2280 1526 πίστιν
2310 1472 2527 1546 σαθρὸν,
2559 1472 2631 1527 ὡν
2691 1472 2854 1534 αὐτός
2900 1491 3053 1547 φησν
3113 1499 3139 1525 ιι
3169 1474 3279 1531 Τὸν
3330 1472 3387 1530 δὲ
3434 1476 3758 1532 ἀσθενοῦντα

2101 1564 2169 1632 τῇ
2229 1560 2405 1617 πίστει
2453 1556 2954 1637 προσλαμϐάνεσθε.
2992 1586 3018 1613 ››
3070 1563 3268 1637 Τρίτος
3298 1564 3327 1618 ὁ
3359 1564 3418 1619 ἐκ
3472 1568 3578 1619 τῶν
3630 1562 3760 1620 διω-

2097 1655 2253 1725 γμῶν
2285 1650 2376 1706 καὶ
2420 1657 2756 1727 πειρασμῶν.
2813 1655 2911 1709 Καὶ
2962 1655 3067 1729 γὰρ
3117 1656 3208 1710 καὶ
3259 1656 3427 1711 ταῦτα
3482 1653 3757 1720 ἆσθὲνειαν

2101 1740 2129 1793 6
2164 1738 2378 1801 Παῦλος
2405 1740 2584 1811 καλεῖ,
2616 1743 2692 1805 ὡς
2734 1741 2863 1799 ἐκεῖ·
2916 1769 2944 1797 ‹‹
2975 1745 3039 1802 ἸΙ
3087 1745 3190 1821 γάρ
3245 1743 3473 1818 δύναμίς
3535 1766 3639 1819 μου
3699 1747 3753 1801 ἐν

2101 1828 2350 1900 ἀσθενείᾳ
2374 1828 2711 1887 τελτιοῦται·
2736 1856 2764 1885 ››
2794 1835 3093 1902 τουτέστιν,
3128 1833 3179 1889 ἐν
3213 1830 3487 1911 διωγμοῖς
3517 1834 3607 1889 καὶ
3637 1854 3757 1890 κιν-

2021 1951 2068 2016 B
2103 1915 2305 1981 δύνοις.
2347 1921 2448 1978 Καὶ
2480 1920 2668 1977 πάλιν·
2705 1948 2731 1974 ‹‹
2762 1925 2855 1979 Διὸ
2883 1923 3092 1980 εὐδοκῶ
3140 1924 3193 1980 ἐν
3244 1925 3562 1988 ἀσθενείαις·
3598 1948 3627 1978 ι)
3660 1925 3754 1980 καὶ

2100 2007 2420 2081 ἑρμηνεύων
2454 2010 2602 2081 οὔτὸ,
2636 2011 2845 2086 ἐπάγει·
2877 2037 2904 2064 ‹‹
2936 2014 3024 2071 Ἐν
3062 2008 3303 2089 ὕϐρεσιν,
3359 2013 3412 2070 ἐν
3462 2012 3756 2090 διωγμοῖς,

2101 2095 2153 2151 ἐν
2186 2098 2459 2173 ἀνάγκαις.
2496 2123 2524 2150 ››
2557 2101 2662 2155 Καὶ
2692 2101 2878 2156 πάλιν·
2915 2124 2940 2157 ε
2972 2103 3134 2161 Ὅταν
3164 2103 3388 2171 ἀσθενῶ,
3430 2105 3553 2158 τότε
3591 2101 3754 2159 δυνα-

2097 2186 2191 2248 τός
2224 2188 2360 2260 εἰμι,
2395 2212 2422 2240 ››
2452 2189 2526 2251 ὡς
2571 2189 2696 2246 τότε
2755 2189 2993 2264 μάλιστα
3039 2199 3140 2259 τῆς
3188 2192 3416 2269 χάριτος
3465 2192 3754 2272 ἐφιζανου-

2100 2296 2222 2343 σης.
2258 2277 2406 2334 Κατὰ
2425 2283 2617 2334 τοῦτον
2653 2276 2745 2333 οὖν
2776 2287 2879 2350 τῆς
2911 2282 3182 2344 ἀσθενείας
3209 2282 3301 2337 τὸν
3331 2281 3532 2358 τρόπον
3565 2283 3756 2338 ἐσταυ-

2101 2368 2251 2442 ρώθη
2285 2367 2313 2422 ὁ
2357 2369 2582 2443 Κύριος,
2623 2364 2926 2441 ἐπιϐουλήν
2975 2370 3293 2444 ὑπομείνας,
3344 2372 3436 2427 καὶ
3482 2369 3752 2443 κίνδυνον,

2098 2457 2188 2512 καὶ
2221 2457 2401 2532 ὕβριν.
2434 2456 2593 2515 Ἀλλ’
2652 2459 2829 2532 ὅμως,
2879 2461 3066 2538 φησὶν,
3117 2461 3179 2516 οὐ
3225 2456 3545 2537 παρὲϐλαψε
3589 2468 3753 2520 τοῦτο

2096 2547 2197 2615 τήν
2230 2542 2458 2617 δύναμιν
2485 2546 2669 2603 αὐτοῦ.
2704 2582 2772 2592 -
2803 2554 2871 2604 Ἤ
2905 2549 3101 2613 οὕτως.
3134 2551 3438 2608 Ἀσθένειαν
3472 2553 3626 2629 φησί,
3649 2554 3751 2623 τήν

2101 2632 2363 2690 δοκοῦσαν
2415 2641 2531 2699 τοῖς
2589 2638 2862 2707 ἀπίστοις,
2919 2639 3046 2695 ὼσεῖ
3093 2638 3300 2716 ἔλεγεν.
3353 2640 3418 2698 Εἴ
3475 2641 3565 2697 καὶ
3615 2644 3756 2700 κατά

2097 2725 2188 2779 τὸν
2241 2729 2351 2779 τῶν
2408 2725 2648 2781 ἀπίστων
2711 2724 2879 2804 Λόγον
2940 2727 2990 2802 ἐξ
3064 2730 3337 2792 ἀσθενείας
3413 2729 3752 2807 ἐσταυρώθη,

2101 2811 2315 2903 δηλαδή
2336 2819 2506 2903 ,τοῦτο
2535 2816 2673 2870 κατά
2703 2816 3057 2895 συγχώρησιν
3088 2816 3291 2886 διδοὺς,
3325 2818 3471 2875 ἀλλά
3503 2824 3592 2895 ζῇ,
3641 2833 3754 2903 φη-

2102 2904 2205 2967 σὶν,
2240 2901 2300 2958 ἐκ
2330 2901 2609 2979 δυνάμεως
2652 2911 2807 2963 Θεοῦ.
2855 2908 3102 2964 Ἀκούων
3156 2907 3213 2965 εἰ
3259 2907 3544 2983 δυνάμεως
3594 2901 3749 2983 Θεοῦ,

2103 2997 2178 3069 μὴ
2212 3001 2374 3050 τοῦτο
2431 2995 2493 3051 τό
2552 2998 2767 3053 ἀνόσιον
2826 2999 3160 3075 ὑπονοήσῃς,
3213 3002 3296 3058 δτι
3355 3003 3519 3064 αὐτὸς
3571 3004 3747 3074 ἠτόνει

2102 3089 2444 3159 ζωογονῆσαι
2473 3087 2573 3154 τὴν
2605 3084 2741 3142 ίδίαν
2790 3090 2980 3165 σάρκα,
3036 3092 3124 3145 καὶ
3176 3089 3267 3147 διά
3303 3097 3464 3149 τοῦτο
3511 3100 3604 3164 τῆς
3652 3091 3746 3149 δυ-

2098 3175 2315 3261 νάμεως
2343 3181 2442 3231 τοῦ
2492 3178 2703 3252 Πατρὸς
2742 3180 2899 3255 χρεία
2953 3182 3194 3256 γέγονεν.
3253 3182 3313 3240 Εἰ
3366 3184 3470 3261 γάρ
3524 3187 3749 3261 Χριστὸς

2102 3267 2238 3318 Θεοῦ
2270 3260 2500 3336 δύναμίς
2532 3263 2758 3321 ἐστικαὶ
2786 3272 2919 3322 Θεοῦ
2964 3270 3147 3348 σοφία,
3207 3275 3324 3331 πῶς
3373 3260 3623 3343 ἦτόνεινή
3658 3268 3755 3329 δυ-

2098 3372 2282 3425 ναμις,
2312 3352 2404 3407 καὶ
2454 3357 2622 3408 ταῦτα
2676 3354 2752 3419 εἰς
2788 3357 2890 3425 τήν
2941 3357 3142 3421 οίκείας
3202 3360 3411 3432 σάρκας
3445 3360 3473 3416 6
3503 3362 3593 3416 καὶ
3651 3360 3754 3419 ἆλ-

2098 3440 2217 3503 λοις
2251 3442 2396 3531 ζωῇν
2427 3439 2634 3507 διδούς,
2670 3443 2883 3517 μᾶλλον
2920 3442 2977 3501 δὲ
3004 3444 3223 3506 ἅπασιν.
3258 3448 3418 3507 Ἀλλ’
3439 3447 3754 3531 ἀδιαφόρως

2097 3531 2126 3584 6
2160 3528 2376 3592 Παῦλος
2404 3531 2495 3586 καὶ
2528 3533 2595 3587 τὰ
2621 3531 2718 3587 τοῦ
2750 3534 2957 3607 Πατρὸς
2986 3539 3082 3591 τοῦ
3113 3537 3241 3593 Υἱοῦ
3281 3537 3452 3616 λέγει,
3511 3528 3601 3596 καί
3651 3539 3756 3614 ἔμ-

2095 3618 2358 3675 παλιντά
2386 3625 2487 3675 τοῦ
2535 3621 2663 3677 Υὶοῦ
2718 3626 2816 3678 τοῦ
2874 3624 3105 3700 Πατρός.
3164 3626 3289 3685 Ὀτι
3340 3628 3442 3703 γὰρ
3503 3627 3663 3692 αὐτὸς
3719 3630 3750 3686 6

2098 3710 2334 3782 Χριστὸς
2374 3710 2542 3779 αὐτὴν
2598 3710 2900 3782 ἀνέστησεν,
2960 3711 3191 3770 ἄκουσον
3248 3716 3414 3771 αὐτοῦ
3475 3715 3758 3795 λέγοντος·

2104 3822 2132 3851 ι(
2167 3798 2375 3854 Λύσατε
2405 3800 2495 3855 τὸν
2524 3800 2650 3856 ναὸν
2704 3806 2918 3869 τοῦοον,
2978 3802 3067 3858 καὶ
3109 3802 3220 3881 ἐγὼ
3276 3804 3328 3860 ἐν
3387 3808 3560 3880 τρισίν
3618 3808 3760 3882 ἡμέ-

2103 3907 2224 3963 ραις
2246 3887 2418 3963 ἐγερῶ
2442 3888 2623 3948 αὐτόν.
2645 3914 2673 3943 ››
2701 3891 2773 3948 Et
2805 3888 2861 3947 δὲ
2890 3891 3023 3968 ὅπερ
3054 3893 3219 3958 αὐτὸς
3250 3896 3278 3950 ὁ
3327 3896 3452 3958 Υἱὸς
3506 3897 3764 3972 εἰργάσα-

2098 3997 2183 4044 το,
2234 3980 2395 4033 τοῦτο
2456 3977 2517 4033 ἐκ
2573 3982 2671 4034 τοῦ
2728 3982 2941 4056 Πατρὸς
2984 3982 3224 4055 γενέσθαι
3280 3982 3430 4062 λέγει
3462 3985 3490 4041 6
3526 3985 3763 4058 ΙΙαῦλος,

2104 4068 2181 4139 μὴ
2217 4061 2521 4142 θορυϐηθῇ.
2555 4065 2682 4123 Οἵδε
2743 4070 2846 4145 γὰρ
2908 4070 3070 4126 αὐτὸν
3130 4061 3374 4145 εἰπόντα,
3414 4099 3441 4126 ‹‹
3477 4076 3655 4131 Πάντα
3698 4076 3769 4133 τὰ

2099 4158 2197 4209 τοῦ
2231 4155 2442 4231 Πατρός
2478 4177 2584 4228 μου
2645 4157 2752 4231 ἐμά
2804 4157 2937 4215 ἐστι.
2975 4184 3003 4211 ››
3054 4162 3180 4232 Καὶ,
3239 4187 3259 4214 ιι
3300 4165 3482 4221 Πάντα
3536 4167 3604 4221 τὰ
3658 4166 3767 4240 ἐμὰ

2102 4244 2171 4298 σά
2201 4242 2333 4312 ἐστι,
2369 4267 2397 4295 ››
2430 4246 2565 4319 πρὸς
2598 4246 2691 4302 τὸν
2738 4250 2975 4324 Ηατέραξ
3001 4249 3279 4326 ε’ρηκότα.
3313 4286 3381 4297 --
3409 4256 3616 4331 [ΦΩΤ.]
3668 4257 3769 4315 Διά

2100 4333 2202 4409 γὰρ
2240 4334 2335 4395 τὰς
2392 4336 2555 4407 ἡμῶν
2613 4334 2890 4400 ἀσθενείας
2946 4339 3037 4394 καὶ
3094 4341 3385 4416 ἁμαρτίας,
3447 4344 3475 4398 ὁ
3532 4343 3762 4421 ἰσχυρὸς

2100 4422 2192 4478 καὶ
2242 4423 2625 4497 ἀναμάρτητος
2680 4424 3032 4502 ἐσταύρωται.
3094 4430 3167 4486 ’Ἤ
3226 4430 3277 4502 ἐξ
3337 4430 3633 4498 ἀσθενείας,
3686 4435 3763 4497 ὡς

2103 4512 2154 4567 οἱ
2187 4509 2440 4568 Ἰουδαῖοι
2472 4512 2685 4591 ἔλεγον,
2720 4539 2748 4565 ι(
2781 4514 3027 4579 ’Ἄλλους
3056 4513 3276 4587 ἔσωσεν,
3335 4521 3522 4577 ἑαυτὸν
3554 4523 3617 4578 οὐ
3662 4520 3760 4579 δῦ-

2103 4607 2476 4661 σαταισῶσαι.
2510 4628 2537 4655 ››
2571 4604 2665 4672 Ἥ,
2715 4629 2735 4655 ι
2776 4606 2864 4677 Ἐξ
2919 4608 3214 4677 ἀσθενείας,
3243 4633 3272 4663 ››
3322 4612 3400 4674 ὡς
3452 4612 3581 4684 ὑμῖν
3625 4612 3759 4668 ἀκό-

337 4696 601 4766 peccata,
634 4690 686 4746 is
717 4689 819 4762 qui
853 4688 1023 4745 fortis
1052 4694 1143 4745 est
1163 4705 1272 4745 nec
1304 4705 1550 4775 peccare
1578 4693 1991 4763 potest.cruxi-

2102 4687 2297 4746 λουθον
2328 4692 2573 4766 νομίσαι.
2605 4725 2674 4736 -
2704 4695 3037 4770 [ΘΕΟΔΩΡ.]
3070 4697 3132 4752 Εἰ
3163 4698 3269 4775 γὰρ
3304 4677 3539 4774 δοκιμην
3560 4696 3635 4757 ἔτι
3655 4707 3757 4774 ζη-

336 4785 490 4841 ﬁxus
512 4786 842 4847 est.Aut,ex
876 4782 1245 4845 inﬁrmitate,
1280 4782 1435 4837 sicut
1460 4772 1645 4839 Judaei
1665 4784 1944 4842 dicebant
1976 4802 1989 4840 :

341 4896 364 4927 ι
393 4876 554 4932 Alios
587 4874 777 4931 salvos
803 4874 964 4938 fecit,
997 4874 1261 4946 seipsum
1293 4889 1415 4930 non
1438 4876 1872 4945 potestsalvum
1896 4876 1991 4932 fa-

338 4979 492 5020 cere.
527 4962 575 4999 3‘
606 4985 635 5012 »
669 4968 785 5019 Aut
813 4985 840 5013 ‹‹
875 4962 953 5018 Ex
984 4962 1396 5029 inﬁrmitate,»
1432 4964 1587 5020 sicut
1616 4980 1993 5035 consequens

338 5059 431 5110 est
448 5069 552 5109 vos
584 5052 990 5124 Opinari.Nam
1030 5052 1077 5106 si
1111 5052 1587 5124 experimentum
1616 5053 1811 5109 adhuc
1829 5070 1990 5125 qum-

336 5140 491 5208 ritis,
524 5145 683 5199 certe
715 5141 893 5196 etiam
914 5156 1151 5196 crucem
1173 5157 1243 5196 ex
1264 5141 1615 5198 inﬁrmitate
1636 5143 1991 5200 sustinuisse

340 5229 583 5305 putatis.
608 5252 636 5279 «
670 5229 824 5285 Vivit
852 5236 1073 5285 tamen.
1108 5251 1135 5279 »ι
1181 5230 1530 5301 Quanquam
1589 5231 1750 5286 enim
1799 5232 1992 5289 crucis

335 5308 679 5395 passionem
737 5323 983 5391 propter
1033 5319 1347 5375 mortalem
1401 5320 1667 5391 corporis
1715 5326 1991 5379 naturam

335 5409 639 5474 sustinuit,
670 5408 811 5463 vivit
841 5414 1059 5472 tamen,
1093 5407 1213 5464 imo
1244 5414 1304 5464 et
1331 5409 1450 5465 vita
1484 5413 1595 5475 est,
1628 5415 1908 5482 tanquam
1934 5416 1993 5466 et

332 5498 434 5556 Dei
466 5497 671 5555 Filius.
710 5519 738 5547 «ι
774 5498 852 5552 Ex
884 5498 1153 5568 potentia
1185 5498 1307 5553 Dei.
1346 5519 1374 5546 »
1407 5498 1528 5553 Hoc
1558 5503 1666 5563 est,
1708 5504 1988 5570 tanquam

330 5587 506 5653 Deus,
531 5592 814 5658 tanquam
838 5592 1365 5659 potens.tanquam
1392 5586 1444 5641 is
1469 5586 1795 5659 quisponte
1809 5588 1989 5643 etiam

399 5704 447 5741 ⁶⁰
519 5705 683 5762 Rom.
716 5721 825 5770 xiv,
862 5707 911 5760 1.
988 5704 1031 5740 ⁸⁸
1072 5702 1255 5758 lCor.
1292 5718 1329 5771 ι,
1363 5704 1453 5761 24.

327 5810 507 5860 mu,
539 5793 667 5852 68$.

1529 5702 1577 5739 ⁸³
1621 5704 1790 5761 Joan.
1845 5720 1907 5773 ιι,
1970 5706 2054 5760 19.

2099 4784 2263 4850 τεῖτε,
2292 4780 2382 4834 καὶ
2438 4781 2529 4835 τὸν
2585 4782 2814 4853 σταυρὸν
2884 4780 2986 4858 ἄρα
3041 4782 3091 4855 ἐξ
3150 4785 3427 4851 ἀσθενείας
3479 4792 3757 4864 νομιεῖσθε

2103 4867 2416 4941 ὑπομεῖναι.
2464 4893 2483 4920 οι
2522 4866 2697 4926 Ἀλλὰ
2729 4873 2815 4945 ζῇ.
2850 4895 2877 4923 ››
2937 4873 3000 4929 El
3056 4874 3161 4951 γὰρ
3221 4876 3310 4931 καὶ
3367 4881 3464 4933 τοῦ
3520 4885 3753 4954 σταυροῦ

2101 4958 2162 5011 τὸ
2192 4959 2360 5020 πάθος
2395 4958 2648 5032 ὑπέμεινε
2679 4956 2768 5014 διά
2804 4961 2904 5030 τήν
2955 4964 3158 5033 θνητήν
3205 4968 3302 5021 τοῦ
3351 4965 3606 5039 σώματος
3653 4969 3751 5049 φύ-

2102 5067 2211 5114 σιν,
2241 5045 2388 5103 ἀλλά
2417 5051 2481 5121 ζῇ
2513 5049 2602 5104 καὶ
2637 5052 2748 5120 ζωή
2797 5049 2937 5106 ἐστιν
2984 5053 3060 5114 ὡς
3107 5055 3238 5116 Θεὸς
3284 5056 3375 5112 καὶ
3424 5063 3559 5115 Θεοῦ
3605 5045 3749 5124 Υἱός.

2102 5162 2130 5188 ‹‹
2165 5138 2258 5192 Ἐκ
2288 5136 2568 5212 δυνάμεως
2602 5142 2756 5197 Θεοῦ.
2792 5164 2818 5192 ››
2852 5140 2997 5198 Ἀντί
3031 5146 3152 5215 τοῦ,
3197 5143 3273 5205 ὡς
3325 5146 3455 5210 Θεὸς
3506 5144 3751 5221 δυνατὸς,

2101 5227 2176 5289 ὡς
2207 5227 2471 5290 ἑκουσίως
2498 5228 2590 5282 καὶ
2619 5226 2655 5283 ἅ
2672 5223 2835 5286 ἔπαθε
2862 5235 3069 5296 παθῶν.
3102 5265 3170 5276 --
3202 5234 3271 5290 'H
3312 5235 3401 5291 καὶ
3440 5237 3633 5301 οὕτως.
3688 5241 3751 5297 Εἰ

2098 5317 2188 5373 καὶ
2228 5315 2568 5404 ἐσταυρώθη,
2620 5318 2807 5396 φησὶν,
2866 5320 2941 5382 ὡς
2997 5322 3094 5389 τήν
3153 5325 3404 5395 παθητὴν
3458 5326 3616 5404 φύσιν
3659 5331 3748 5386 καὶ

2099 5406 2293 5475 ἀσθενῆ
2328 5401 2638 5477 ἀναλαϐὼν,
2670 5405 2819 5464 άλλά
2860 5412 2924 5482 ζῇ
2983 5410 3044 5463 ἐκ
3099 5415 3306 5485 νεκρῶν
3353 5401 3605 5484 ἀναστὰς,
3655 5421 3745 5475 καὶ

2096 5497 2195 5565 τὴν
2227 5492 2638 5569 παντοδύναμον
2679 5496 2767 5552 καὶ
2819 5497 2961 5560 θείαν
3021 5498 3177 5574 φύσιν
3224 5499 3400 5578 φέρων
3446 5502 3499 5559 ἐν
3548 5507 3744 5581 ἑαυτῷ,

2101 5611 2129 5641 ‹‹
2165 5587 2260 5643 Καὶ
2311 5585 2414 5662 γὰρ
2472 5589 2635 5659 ἡμεῖς
2690 5588 3037 5664 ἀσθενοῦμεν.
3075 5613 3103 5641 ››
3159 5590 3360 5667 Ὥσπερ
3420 5593 3523 5670 γὰρ
3582 5595 3746 5661 αὐτός

2132 5705 2179 5740 ⁸⁸
2222 5706 2389 5763 Joan.
2447 5720 2561 5771 xvi,
2600 5709 2683 5762 l5.
2760 5705 3000 5771 “Ioui.
3077 5724 3212 5774 mi,
3250 5713 3334 5766 l0.
3413 5710 3479 5749 ⁸⁸-
3536 5715 3736 5774 Matth.

3470 6383 3510 6388 ὴ.
3592 6381 3644 6388 Ἴ..
3723 6380 3758 6386 ——
3833 6380 3864 6386 η.
3928 6382 3952 6386 Ἴ
