4098 6414
372 471 526 536 1081

1345 472 1746 535 COMMENT.
1796 473 1874 532 IN
1923 473 2168 532 EPIST.
2217 472 2268 531 ll
2316 473 2417 532 AD
2463 473 2827 534 CORINTH.

3636 483 3794 547 1082

370 629 559 689 φησιν,
593 604 746 663 οὐδὲν
806 606 942 680 πρὸς
1001 607 1098 674 τὴν
1160 603 1384 678 δύναμιν
1445 601 1772 681 παρεϐλάόη
1828 601 2016 672 ἐπειδή

2134 622 2346 678 passus
2377 611 2464 662 est
2493 624 2626 678 quae
2655 625 2863 679 passus
2887 615 2992 665 est.
3030 643 3097 658 φ·-
3128 614 3240 668 Aut
3271 613 3370 669 hoc
3395 617 3564 671 etiam
3583 617 3745 674 modo
3773 635 3787 672 :

371 699 713 771 ἰσταυρώθη,
746 695 918 758 οὕτως
951 694 1076 751 ούδὶ
1104 697 1268 768 ἡμεῖς
1298 693 1485 764 ἐπειδή
1546 693 1880 769 διωκόμεθα,
1932 693 2024 748 καὶ

375 781 730 860 ὑϐριζόμεθα.
793 785 884 840 Διὸ
944 783 1153 860 ἐπάγει,
1219 805 1246 833 ‹‹
1315 784 1402 839 Ἐν
1459 781 1626 854 αὐτῷ.
1681 805 1705 834 ν
1767 783 1839 839 Τὸ
1897 781 2023 856 γὰρ,

374 902 402 929 ‹‹
441 877 542 934 Καὶ
574 878 737 947 ἡμεῖς
771 873 1096 945 ἀσθενοῦμεν
1131 871 1184 927 ἐν
1217 871 1386 945 αύτῷ,
1427 898 1446 921 ι
1489 872 1522 941 ἢ
1567 872 1649 928 ὅτι
1681 873 1715 927 ἃ
1737 871 2022 950 πάσχομεν

373 965 448 1023 δι’
477 967 640 1022 αὐτὸν
672 965 981 1039 πάσχομεν⁸
1025 963 1059 1032 ἢ
1110 962 1191 1017 ὅτι
1263 960 1530 1033 δοκοῦμεν
1585 963 1711 1035 ὑμῖν
1763 962 2023 1026 ἀσθενεῖν,

371 1057 434 1113 ἐκ
461 1060 562 1110 τοῦ
614 1056 691 1128 μὴ
750 1056 1003 1121 κολάζειν
1063 1052 1149 1107 καὶ
1203 1057 1468 1126 τιμωρεῖν
1531 1051 1692 1122 ὑμᾶς,
1751 1048 1896 1104 ἀλλὰ
1934 1048 2025 1104 καὶ

369 1151 536 1203 τοῦτο
565 1143 618 1199 ἐν
653 1142 875 1220 Χριστῷ
931 1147 1220 1214 ποιοῦμεν.
1266 1141 1438 1203 Αὐτὸς
1489 1141 1594 1215 γὰρ
1643 1142 1791 1213 ἡμᾶς
1840 1135 2024 1193 ἐδίδα-

367 1236 453 1308 ξεν
502 1235 788 1309 ἀνέχεσθαι
839 1232 929 1286 καὶ
981 1238 1369 1306 μακροθυμεῖν,
1421 1227 1551 1284 ἀλλ’
1600 1228 1781 1303 ὥσπερ
1830 1227 2022 1306 ἀνὲχε-

368 1337 491 1388 σθαι
550 1322 641 1380 καὶ
707 1323 1098 1394 μακροθυμεῖν,
1157 1319 1331 1381 οὕτως
1382 1319 1470 1374 ἐπὶ
1536 1323 1643 1374 τῶν
1703 1316 2024 1393 ἀναλγήτως

367 1416 612 1494 ἐχόντων
664 1413 755 1469 καὶ
812 1415 886 1485 μή
952 1409 1437 1485 μεταμελομένων,
1495 1412 1594 1477 τήν
1641 1409 2024 1481 τιμωρητικὴν

365 1505 458 1561 καὶ
515 1503 850 1572 κολαστικήν
903 1499 1132 1574 δύναμιν
1182 1498 1554 1556 ἐπιδεικνύειν·
1595 1498 1768 1562 οὕτως
1798 1497 1901 1573 γὰρ
1932 1499 2022 1553 καὶ

369 1595 536 1654 αὐτὸς
568 1599 738 1648 ποιεῖ.
767 1618 793 1645 (ι
838 1594 925 1648 Ἑν
955 1591 1123 1664 αὐτῷ.
1163 1617 1189 1641 ››
1215 1587 1500 1656 Τουτέστι,
1543 1586 1610 1644 δι’
1643 1588 1803 1644 αὐτὸν
1826 1586 1914 1642 καῖ
1935 1584 2025 1642 διὰ

367 1684 431 1740 τὸ
458 1685 718 1757 κήρυγμα
756 1683 943 1748 αὑτοῦ,
1004 1683 1328 1753 ἂσθενοῦμεν
1359 1679 1413 1736 ἐν
1439 1684 1556 1741 τοῖς
1615 1674 1881 1753 διωγμοῖς
1930 1677 2022 1732 καὶ

371 1774 426 1830 ἰν
453 1778 570 1833 τοῖς
598 1769 882 1832 κινδύνοις.
919 1768 1078 1826 Ἀλλ’
1110 1771 1290 1844 ὥσπερ
1335 1774 1442 1825 τῶν
1499 1769 1831 1842 σκυθρωπῶν
1876 1765 2024 1839 αύτῷ

369 1865 764 1934 κοινωνοῦμεν,
815 1860 959 1916 οὕτω
1018 1861 1107 1914 καὶ
1146 1863 1254 1915 τῶν
1304 1855 1542 1936 φαιδρῶν
1591 1858 2020 1928 κοινωνήσομεν.

368 1957 528 2016 Ὅθεν
560 1951 767 2042 indvat.
799 1978 823 2003 ιι
851 1951 1025 2007 Ἀλλὰ
1068 1951 1344 2042 ζησόμεθα
1375 1950 1466 2006 σὺν
1526 1948 1701 2042 αὐτῷ..
1729 1972 1756 1999 ››
2057 1977 2100 2042 Β

373 2044 644 2112 Τουτέστι,
677 2041 1086 2121 δειχθησόμεθα
1116 2040 1167 2094 ἐν
1205 2042 1332 2112 ὑμῖν
1382 2045 1595 2109 ζῶντες,
1647 2037 1755 2113 ούχ
1804 2035 2019 2102 ἁπλῶς,

367 2131 514 2189 ἀλλὰ
541 2131 634 2187 συν
668 2131 813 2203 αύτῷ
861 2135 941 2202 τῷ
989 2132 1228 2204 Χριστῷ.
1282 2129 1386 2184 Καὶ
1439 2127 1567 2183 οὐδὲ
1614 2131 1774 2183 τοῦτο
1828 2126 2021 2189 ἀτελῶς

367 2229 586 2292 ζῶντες,
646 2221 772 2278 ἀλλ’
832 2221 890 2276 ἐκ
944 2229 1045 2289 τῆς
1105 2217 1384 2292 δυνάμεως
1467 2218 1630 2274 αὐτοῦ
1716 2219 1814 2286 τήν
1873 2219 2016 2286 ζωὴν

361 2305 608 2386 ἔχοντες,
653 2310 721 2366 δι’
756 2313 824 2381 ἧς
854 2310 942 2364 καὶ
974 2309 1134 2370 αὐτὸς
1174 2309 1398 2364 θάνατον
1455 2310 1700 2377 πατήσας
1746 2306 1836 2360 καὶ
1885 2304 2020 2377 ᾅδην

363 2401 689 2466 σκυλεύσας,
722 2403 812 2456 καὶ
852 2401 1047 2471 ἀνέστη
1107 2401 1197 2456 καὶ
1253 2403 1340 2472 ζῇ.
1384 2398 1530 2468 Αὕτη
1582 2396 1640 2454 δὲ
1680 2400 1714 2467 ἡ
1765 2400 1877 2467 ζωὴ
1929 2397 2020 2452 καὶ

361 2495 398 2561 ἡ
436 2489 687 2564 δύναμις,
749 2488 1011 2562 δηλονότι
1059 2491 1410 2564 τιμωρητική
1453 2487 1563 2541 ἐστί
1612 2492 1721 2542 τῶν
1770 2487 1838 2542 τά
1887 2484 2022 2564 ἔργα

361 2585 460 2638 τοῦ
517 2585 765 2650 πονηροῦ
815 2585 1182 2655 πραττόντων,
1233 2576 1412 2652 ὥσπερ
1466 2578 1705 2645 σωστικὴ
1757 2581 1866 2631 τῶν
1921 2596 2021 2650 με-

360 2673 582 2731 τάνοιαν
612 2669 1026 2728 ἐπιτελούντων.
1063 2671 1160 2724 Δια
1187 2668 1417 2730 τούτους
1461 2665 1518 2722 δὲ
1569 2665 1742 2744 λέγει,
1802 2666 1886 2723 ὅτι
1944 2668 2020 2740 μή

361 2766 752 2839 καταφρονεῖτε
785 2763 967 2832 ἡμῶν,
1027 2759 1101 2819 ὡς
1158 2759 1389 2832 ὁρῶντες
1444 2759 1593 2831 ἡμᾶς
1650 2754 2021 2830 διωκομένους

335 2854 450 2910 καὶ
491 2850 658 2926 μυρία
687 2850 1024 2924 πάσλοιτας,
1087 2847 1231 2902 οὕτω
1282 2846 1372 2901 καὶ
1405 2847 1434 2901 ὁ
1467 2845 1702 2921 Χριστὸς
1755 2867 2024 2926 κατεφρο-

356 2945 498 3014 νήθη
543 2938 963 3012 σταυρούμενος,
1020 2935 1148 2993 ἀλλ’
1207 2935 1456 3004 ἀναστὰς,
1516 2937 1690 2990 πάντα
1749 2933 1846 2990 ὅσα
1894 2936 2023 3005 ἠθὲ-

357 3032 524 3101 λησεν
583 3029 862 3097 ἐποίησεν.
953 3025 1050 3080 Καί
1135 3028 1303 3097 ἡμεῖς
1391 3021 1448 3079 δὶ
1505 3023 1537 3078 ἃ
1595 3024 1902 3099 πάσχομεν,
1958 3022 2029 3080 δι’

358 3121 524 3176 αὐτὸν
580 3117 895 3196 πάσχομεν.
950 3117 1110 3170 Ὥστε
1176 3115 1222 3170 εἰ
1277 3113 1368 3168 καὶ
1427 3113 1736 3186 πάσχομεν,
1823 3111 2027 3176 ἐκεῖνος

364 3206 425 3265 δὲ
454 3211 524 3279 ζῇ
554 3207 642 3262 καὶ
695 3203 944 3274 δύναται,
995 3204 1084 3259 καὶ
1136 3207 1299 3274 ἡμεῖς
1353 3203 1444 3258 σὺν
1497 3203 1644 3275 αὐτῷ
1694 3202 1805 3258 οἷον
1863 3202 2029 3258 αὐτοῦ

375 3294 647 3362 θέλοντος,
704 3295 794 3350 καὶ
850 3299 1046 3367 ζῶμεν,
1106 3295 1196 3348 καὶ
1251 3290 1465 3348 δυνατοί
1514 3290 1672 3362 ἐσμεν
1724 3298 1951 3360 ποιῆσαι
1997 3290 2028 3346 ὅ

375 3384 691 3462 βουλόμεθα
720 3385 797 3445 εἷς
831 3383 995 3456 ὑμᾶς,
1027 3384 1116 3438 καὶ
1153 3381 1391 3455 μάλιστα
1429 3380 1507 3442 εἷς
1543 3382 1704 3454 ὑμᾶς,
1733 3379 2027 3437 δτιπολλὰ

363 3473 570 3552 ἔχομεν
625 3475 987 3529 ἀπειθουντων
1050 3474 1221 3545 ὑμῶν,
1279 3471 1623 3544 δικαιώματα
1677 3471 1796 3526 καθ’
1848 3471 2019 3542 ὑμῶν.

363 3591 390 3620 ιι
429 3568 525 3622 Ἐκ
555 3561 832 3635 δυνάμεως
863 3567 998 3618 Θεοῦ
1027 3561 1103 3625 εἷς
1135 3564 1296 3634 ὑμᾶς,
1325 3586 1351 3612 ››
1380 3595 1443 3602 -—
1477 3562 2022 3636 [ΗΙΚΟΥΜΕΝΙΟὨ]

369 3653 600 3727 Ομοίως
627 3653 822 3723 νόησον
854 3653 944 3706 καὶ
974 3656 1137 3706 τοῦτο
1167 3655 1246 3722 τῷ
1277 3650 1404 3706 ἂνω.
1436 3676 1463 3702 ιι
1489 3649 1671 3705 Ἀλλά
1695 3655 1757 3723 ζῇ
1773 3650 1840 3730 ,ἐκ
1860 3647 2022 3706 δυνά-

365 3764 512 3818 μεως
546 3747 702 3799 Θεοῦ.
736 3766 763 3793 ››
797 3743 882 3799 Τὸ
907 3738 986 3807 δὲ,
1010 3765 1038 3793 ‹‹
1062 3740 1152 3803 Εἷς
1180 3741 1344 3812 ὑμᾶς,
1367 3763 1396 3792 ››
1419 3739 1555 3806 οἷον,
1578 3745 1731 3812 Ὑμῖν
1759 3742 2018 3812 ζήσομεν,

360 3833 638 3890 τουτέστιν
672 3831 748 3892 εἰς
778 3831 879 3899 τὴν
913 3831 1065 3903 ὑμῶν
1099 3827 1384 3910 ὠφέλειαν.
1413 3831 1505 3897 ”Η,
1537 3831 1616 3892 Δι’
1643 3829 1802 3901 ὑμᾶς.
1828 3827 2016 3900 ἐπειδή

361 3945 550 4002 φησιν,
582 3920 985 3994 ὲπεστρὲψαμεν
1021 3921 1161 3993 ὑμᾶς
1193 3919 1228 3989 ἦ
1265 3921 1355 3973 σὺν
1411 3919 1540 3992 ὑμῖν
1598 3920 1834 3990 ζήσομεν
1872 3919 2014 3977 τότε.

362 4037 392 4066 ιι
423 4011 683 4073 Ἑαυτοὺς
714 4011 999 4085 πειράζετε
1033 4032 1060 4059 ››
1090 4009 1254 4081 Ὁρᾷς
1305 4011 1419 4064 οἷον
1470 4008 1873 4078 κατασκευάζει.
1918 4011 2016 4066 Καὶ

355 4104 407 4159 τί
441 4103 605 4176 λέγω,
641 4099 799 4174 φησί,
829 4099 953 4171 περὶ
1004 4100 1265 4173 ἐμαυτοῦ,
1315 4099 1398 4154 ὃτι
1432 4099 1459 4154 ὁ
1491 4099 1728 4173 Χριστὸς
1781 4098 1832 4154 ἐν
1884 4098 2015 4175 ἐμοὶ

328 4193 536 4252 ’λαλεῖο
571 4194 662 4248 καὶ
693 4194 850 4265 ὑμεῖς
880 4195 984 4266 γάρ
1017 4190 1192 4258 αὐτοὶ,
1228 4190 1271 4244 εἷ
1304 4192 1381 4261 μή
1429 4210 1482 4243 τι
1545 4186 1802 4262 ἀδόκιμοι
1851 4191 2014 4265 γεγό-

352 4305 501 4353 νατε,
532 4276 692 4363 ἔχετε
747 4279 799 4337 ἐν
865 4281 1077 4341 ἑαυτοῖς
1131 4281 1224 4334 τὸν
1279 4277 1534 4353 Χριστόν.
1595 4278 1657 4336 Εἰ
1718 4276 1775 4335 δὶ
1833 4280 2014 4354 ὑμεῖς,

331 4369 552 4442 πολλῷ
581 4368 826 4442 μᾶλλον,
861 4366 1048 4446 φησῖν,
1085 4366 1216 4444 ἐγώ.
1250 4369 1489 4424 Ἐαυτῶν
1535 4371 1822 4442 τοιγαροῦν
1874 4367 2012 4425 ἀπό-

352 4481 544 4537 πειραν
573 4465 836 4524 ποιεῖσθε,
903 4459 976 4530 μή
1039 4476 1122 4518 τις
1181 4452 1242 4510 ἔκ
1297 4461 1402 4514 τῶν
1455 4455 1632 4530 ὀρθῶν
1689 4458 2008 4531 παρετράπη

355 4547 672 4626 δογμάτων,
721 4552 790 4622 τῇ
831 4551 940 4605 τῶν
1001 4542 1466 4620 ψευδαπαστόλων
1525 4542 1751 4622 διδαχῇ.
1805 4548 2010 4623 [ditat]

338 4643 500 4712 ”Αρα
542 4638 618 4710 μή
677 4635 901 4700 ἑαυτοὺς
948 4637 1228 4712 πειράζετε
1285 4634 1338 4690 εἷ’
1389 4635 1508 4691 ἐστε
1561 4635 1612 4690 ἐν
1668 4639 1736 4710 τῇ
1791 4635 2006 4706 nictet;

2133 696 2482 768 Quanquam
2515 714 2725 768 passus
2755 705 2870 761 est,
2901 701 3186 771 inquit,ut
3216 704 3319 773 qui
3353 710 3627 760 naturam
3659 725 3790 778 pos-

2135 785 2369 841 sibilem
2394 791 2451 841 et
2479 786 2780 843 inﬁrmam
2813 791 3158 862 assumpsit,
3180 792 3318 846 vivit
3369 800 3570 850 tamen
3601 796 3703 851 ubi
3755 814 3791 854 a

2135 877 2386 930 mortuis
2416 878 2742 932 resurrexit
2778 878 3003 934 habens
3059 897 3124 935 ac
3181 881 3377 937 ferens
3437 883 3497 939 in
3558 885 3786 957 seipsos

2135 969 2408 1021 naturam
2443 967 2912 1040 omnipotentem
2945 985 3011 1024 ac
3042 969 3319 1026 divinam.
3354 995 3380 1021 ‹‹
3417 974 3787 1044 Siquidemet

2133 1071 2242 1110 nos
2273 1055 2497 1110 infirmi
2530 1074 2756 1112 sumus.
2791 1078 2818 1105 n
2874 1059 3017 1113 707
3083 1061 3226 1114 Nam
3280 1063 3784 1132 quemadmodum

2134 1144 2513 1216 ipse,inquit,
2538 1147 2689 1201 nihil
2719 1154 3148 1204 nocumentum
3181 1151 3242 1204 in
3275 1152 3541 1222 potentia
3562 1155 3789 1227 accepit

2135 1250 2202 1289 ex
2218 1251 2286 1289 eo
2299 1234 2453 1306 quod
2478 1238 2924 1307 persecutiones
2946 1245 3005 1294 et
3021 1240 3415 1297 contumelias
3433 1243 3789 1305 sustinemus

2133 1322 2270 1378 Ideo
2306 1323 2651 1396 subjunxit:
2689 1349 2712 1374 α
2750 1328 2814 1382 In
2842 1327 2992 1399 ipso.
3034 1353 3051 1377 -
3093 1329 3257 1394 Quod
3290 1330 3447 1386 enim
3491 1333 3608 1388 ait:
3659 1356 3685 1383 ‹‹
3722 1336 3792 1390 Et

2133 1430 2243 1468 nos
2275 1412 2496 1468 infirmi
2526 1431 2730 1471 sumus
2763 1417 2823 1472 in
2856 1416 3004 1488 ipso,
3051 1440 3076 1467 υ
3140 1425 3242 1474 aut
3298 1420 3410 1475 hoc
3467 1421 3786 1494 signiﬁcat,

2136 1501 2295 1574 quod
2326 1520 2455 1573 qua)
2489 1505 2749 1574 patimur
2796 1512 3037 1578 propter
3094 1508 3288 1578 ipsum
3338 1510 3618 1581 patimur.
3673 1515 3788 1567 Aut

2135 1591 2293 1662 quod
2322 1592 2656 1648 videbimur
2675 1595 2837 1650 vobis
2868 1595 3112 1661 infirmi,
3148 1614 3216 1652 eo
3248 1599 3406 1668 quod
3437 1616 3563 1672 non
3608 1603 3786 1672 puni-

2135 1695 2268 1736 mus
2289 1685 2391 1736 aut
2421 1682 2711 1754 supplicio
2747 1683 3034 1740 tradimus
3069 1702 3082 1743 :
3119 1686 3218 1740 scd
3254 1686 3367 1742 hoc
3427 1671 3664 1759 quoque
3723 1690 3785 1746 in

2135 1768 2364 1824 Christo
2388 1768 2658 1825 facimus.
2694 1770 2837 1826 Nam
2869 1771 2996 1844 ipse
3053 1789 3162 1828 nos
3223 1773 3421 1831 docuit
3451 1777 3699 1832 sufferre
3729 1783 3787 1834 et

2134 1860 2507 1933 longanimes
2539 1878 2688 1917 esse.
2725 1863 2836 1919 Sed
2868 1865 3371 1934 quemadmodum
3403 1869 3651 1924 sufferre
3681 1869 3786 1925 do-

2135 1950 2257 2006 cuit
2288 1955 2344 2004 et
2374 1951 2746 2023 longanimes
2770 1970 2919 2017 esse,
2968 1954 3052 2009 ita
3109 1972 3344 2026 quoque
3404 1957 3465 2011 in
3517 1959 3785 2029 stupidos

2133 2046 2191 2096 et
2221 2056 2338 2094 non
2373 2041 3148 2115 resipiscentes.punitivam
3179 2050 3238 2099 et
3267 2047 3648 2104 cruciativam
3679 2065 3784 2105 seu

2131 2129 2548 2185 vindicativam
2589 2131 2915 2202 potentiam
2957 2133 3310 2188 ostendere:
3372 2135 3454 2190 ita
3508 2137 3668 2192 enim
3726 2143 3786 2194 et

2132 2219 2259 2290 ipse
2292 2218 2450 2277 facit.
2483 2243 2508 2268 ‹‹
2545 2220 2609 2275 In
2641 2220 2787 2291 ipso.
2827 2243 2853 2268 ››
2901 2221 3018 2276 Ηοο
3051 2227 3160 2288 est,
3192 2229 3434 2294 propter
3471 2225 3667 2295 ipsum
3725 2232 3785 2282 et

2131 2308 2616 2382 praedicationem
2649 2309 2834 2381 ipsius
2857 2310 3082 2366 inﬁrmi
3114 2328 3320 2368 sumus
3341 2311 3400 2367 in
3421 2314 3783 2385 persecutio-

2131 2399 2304 2456 nibus
2339 2400 2488 2455 etin
2537 2401 2840 2472 periculis.
2902 2401 3013 2456 Sed
3073 2402 3578 2473 quemadmodum
3637 2406 3782 2460 socii

2131 2489 2352 2545 fuimus
2385 2490 2497 2561 ipsi
2535 2491 2596 2544 in
2631 2491 2919 2553 tristibus,
2949 2493 3032 2548 ita
3079 2507 3315 2564 quoque
3346 2495 3489 2548 socii
3521 2495 3582 2550 in
3633 2495 3786 2550 laetis

2134 2579 2551 2635 erimus.Unde
2583 2581 2888 2654 subiungit
2917 2599 2974 2635 :u
3001 2581 3110 2636 Sed
3141 2583 3408 2638 venimus
3432 2600 3564 2639 cum
3599 2585 3788 2656 ipso.»

2134 2669 2255 2724 Hoc
2282 2676 2390 2737 est,
2424 2669 2809 2726 ostendemur
2834 2671 3094 2726 viventes
3113 2672 3172 2728 in
3207 2672 3391 2734 vobis.
3420 2690 3543 2729 non
3564 2673 3791 2745 vulgari

2134 2757 2442 2826 modo,sed
2476 2775 2610 2814 cum
2634 2759 2762 2830 ipso
2795 2761 3172 2817 Christo.Nec
3189 2768 3493 2835 utcunque
3507 2764 3787 2825 viventes.

2139 2846 2243 2901 sed
2273 2864 2342 2902 ex
2403 2848 2670 2919 potentia
2726 2849 2913 2921 ipsius
2962 2851 3138 2906 vitam
3198 2851 3531 2908 habentes:
3565 2870 3683 2924 qua
3735 2858 3794 2910 et

2138 2938 2264 3009 ipse
2295 2938 2641 2994 conculcata
2671 2945 2882 3004 morte,
2916 2941 3288 3012 spoliatoque
3320 2942 3550 2997 inferno
3575 2949 3635 3005 et
3661 2960 3792 2999 sur-

2139 3028 2291 3083 rexit
2314 3034 2373 3082 et
2402 3028 2553 3081 vivit.
2592 3028 2724 3083 Hmc
2755 3035 2954 3084 autem
2985 3029 3075 3085 via
3103 3036 3154 3085 et
3210 3037 3474 3102 potestas
3527 3031 3793 3102 punitiva

2141 3132 2282 3171 sane
2314 3121 2406 3171 est
2435 3116 2717 3172 adversus
2747 3134 2848 3172 eos
2877 3119 2975 3189 qui
3011 3135 3192 3190 opera
3233 3119 3375 3174 mali
3437 3119 3600 3174 illius
3649 3137 3790 3192 ope-

2140 3213 2386 3261 rantur:
2413 3204 2916 3276 quemadmodum
2949 3208 3124 3262 etiam
3159 3208 3448 3266 servaliva
3479 3215 3568 3264 est
3598 3209 3659 3265 in
3691 3226 3792 3264 eo-

2140 3314 2271 3352 rum
2305 3297 2621 3352 utilitatem
2665 3297 2765 3368 qui
2813 3298 3070 3369 perfecte
3121 3299 3498 3370 resipiscunt.
3545 3301 3794 3370 Propter

2137 3387 2264 3444 haec
2294 3387 2492 3457 itaque
2518 3403 2592 3445 ne
2623 3403 2752 3453 nos,
2809 3386 3024 3458 inquit,
3077 3387 3438 3459 despiciatis,
3491 3387 3648 3459 quod
3681 3404 3788 3443 nos

2135 3476 2383 3540 videatis
2414 3478 2860 3550 persecutiones
2884 3477 3121 3550 aliaque
3176 3478 3423 3534 adversa
3473 3478 3791 3534 innumera

2134 3569 2447 3642 patientes.
2477 3569 2563 3628 Ita
2589 3573 2648 3621 et
2671 3567 2940 3622 Christus
2990 3567 3307 3640 despectus
3335 3573 3426 3626 est
3466 3585 3601 3623 cum
3660 3585 3788 3625 cru-

2134 3658 2474 3731 ciﬁgeretur
2509 3674 2520 3711 :
2555 3662 2615 3712 at
2643 3656 2741 3711 ubi
2774 3657 3116 3716 resurrexit.
3170 3656 3376 3713 omnia
3420 3673 3790 3730 quaecunque

2132 3747 2316 3808 voluit
2347 3746 2502 3803 fecit.
2529 3747 2718 3802 Etnos
2752 3762 2892 3802 sane
2925 3763 3056 3816 quae
3075 3746 3564 3817 patimus.1taque
3579 3763 3786 3818 quam-

2131 3835 2216 3891 vis
2249 3835 2532 3906 patimur,
2567 3835 2668 3890 ille
2727 3839 2925 3891 tamen
2957 3835 3096 3888 vivit
3149 3841 3208 3890 et
3236 3841 3446 3906 potens
3495 3842 3604 3898 est,
3637 3853 3785 3894 nos-

2131 3940 2246 3996 que
2268 3940 2402 3979 cum
2431 3923 2560 3994 ipso
2589 3940 2600 3978 :
2635 3924 2748 3978 hoc
2776 3929 2884 3991 est,
2913 3925 3038 3996 ipso
3066 3923 3297 3980 volente
3355 3930 3415 3980 et
3451 3925 3698 3981 vivimus
3731 3932 3789 3982 et

2130 4019 2404 4087 potentes
2428 4030 2634 4070 sumus
2666 4014 2860 4070 facere
2911 4031 3282 4086 quaecunque
3344 4015 3617 4071 volumus
3648 4033 3786 4090 erga

2129 4121 2250 4169 vos,
2285 4109 2343 4159 et
2369 4103 2823 4175 potentissimus
2853 4120 2992 4177 erga
3021 4121 3122 4160 vos
3147 4121 3160 4158 :
3187 4104 3404 4162 multas
3428 4105 3780 4163 enimhabe-

2130 4210 2262 4250 mus
2295 4193 2456 4249 vobis
2493 4209 2627 4250 cum
2696 4192 3078 4250 credentibus
3117 4193 3520 4265 justiﬁcantes
3570 4211 3779 4252 causas

2129 4282 2441 4340 adversum
2473 4299 2595 4339 vos.
2632 4307 2657 4331 ‹‹
2694 4284 2776 4338 Ex
2834 4282 3104 4354 potentia
3150 4283 3253 4338 Dei
3301 4300 3439 4356 erga
3495 4301 3615 4340 vos.
3648 4305 3678 4333 »ι
3711 4316 3779 4328 --

2128 4373 2260 4430 Pari
2292 4373 2468 4430 modo
2499 4373 2610 4429 hoc
2640 4372 2908 4442 intellige
2949 4388 3084 4432 cum
3116 4389 3185 4428 eo
3243 4373 3403 4446 quod
3461 4390 3642 4447 supra
3697 4374 3782 4431 di-

2128 4468 2287 4520 ctum
2324 4469 2444 4520 est:
2473 4464 2626 4519 Vivit
2653 4468 2855 4518 tamen
2907 4480 2978 4518 ex
3036 4464 3304 4536 potentia
3348 4463 3470 4520 Dei.
3531 4483 3553 4513 »
3617 4465 3783 4529 Quod

2127 4558 2328 4614 autem
2359 4553 2480 4608 ait:
2513 4574 2537 4601 ‹‹
2567 4552 2714 4624 Erga
2743 4568 2869 4614 vos,
2903 4573 2930 4601 ››
2963 4552 3076 4616 hoc
3135 4557 3244 4616 est,
3301 4552 3463 4610 vobis
3520 4553 3781 4610 vivemus

2126 4639 2186 4696 id
2217 4646 2307 4698 est
2335 4640 2408 4696 ad
2453 4640 2775 4698 utilitatem
2829 4645 3104 4696 vestram.
3168 4643 3303 4705 Aut,
3362 4643 3610 4714 Propter
3655 4659 3778 4708 vos,

357 4726 461 4799 ἄρα
494 4727 570 4798 μή
605 4724 831 4785 ἑαυτοὺς
865 4721 1225 4798 δοκιμαζετε;
1257 4723 1322 4778 τὸ
1360 4722 1462 4800 γάρ
1502 4717 1580 4779 ἔτι
1630 4720 1864 4798 δοκιμὴν
1910 4729 2008 4797 ζη-

2129 4729 2606 4802 quandoquidem
2641 4729 3041 4786 convertimus
3091 4745 3215 4784 vos.
3277 4732 3410 4795 Aut,
3462 4730 3778 4787 Vobiscum

353 4821 463 4873 τεῖν
491 4821 588 4872 τοῦ
619 4815 670 4871 ἐν
701 4815 826 4889 ἐμοὶ
858 4813 1162 4877 λαλοῦντος
1202 4816 1460 4891 Χριστοῦ,
1509 4815 1598 4872 καὶ
1648 4815 1803 4873 οὔπω
1851 4817 2007 4894 ἀκρι-

356 4900 470 4969 ϐῶς
499 4911 786 4970 πεπεῖσθαι
815 4905 888 4967 ὠς
954 4903 1007 4960 ἐν
1067 4902 1147 4977 τῷ
1204 4901 1522 4978 διδασκάλῳ
1579 4903 1743 4961 λαλεῖ
1797 4908 1826 4963 ὁ
1879 4908 2006 4984 Χρι-

354 4996 504 5063 στὸς,
533 4997 584 5050 τί
641 4991 822 5069 ἔτερόν
887 4992 1028 5050 ἑστιν
1084 4993 1118 5063 ἢ
1179 4993 1270 5047 καὶ
1329 4993 1550 5058 ὶαυτοὺς
1604 4995 1897 5070 πειράζειν,
1958 4997 2005 5054 εἴ

349 5085 470 5149 ἐστε
498 5085 682 5146 πιστοὶ
713 5084 801 5140 καὶ
833 5077 1209 5164 ἆμφιϐάλλειν
1240 5081 1332 5138 καὶ
1385 5083 1509 5158 περὶ
1556 5083 1758 5141 ἑαυτῶν
1785 5102 1800 5155 ;
1861 5085 2007 5160 μᾶλ-

348 5177 446 5237 λον
480 5173 538 5233 δὲ
563 5174 656 5232 καὶ
686 5175 899 5251 ἀγνοεῖν
930 5171 1101 5243 ὅλως,
1134 5173 1217 5229 δτι
1250 5173 1279 5230 ὁ
1303 5173 1533 5248 Χριστὸς
1564 5171 1617 5228 ἐν
1651 5173 1782 5248 ὑμῖν
1839 5175 2002 5235 ἐστιν.

345 5265 413 5327 Εἰ
442 5265 547 5341 γὰρ
575 5264 676 5321 οὐκ
704 5261 756 5320 ἰν
787 5268 868 5336 τῷ
898 5259 1212 5336 διδασκάλῳ
1245 5263 1272 5320 ὁ
1301 5263 1555 5338 Χριστὸς,
1609 5262 1811 5337 πολλῷ
1861 5265 2002 5338 μᾶλ-

344 5354 446 5419 λον
488 5351 605 5416 οὐδέ
635 5354 689 5409 ἐν
718 5358 836 5415 τοῖς
905 5358 1196 5426 μαθηταῖς.
1257 5350 1437 5408 Ἀλλᾶ
1473 5355 1614 5420 πῶς,
1664 5374 1851 5431 φησιν,
1902 5356 2006 5412 οὐκ

325 5445 731 5519 ,ιπιγινώσκετε
761 5440 846 5497 ὅτι
884 5439 936 5496 ἐν
989 5441 1115 5514 ὑμῖν
1173 5441 1202 5497 ὁ
1261 5439 1516 5516 Χριστὸς.
1573 5435 1633 5503 ὅς
1687 5443 1776 5496 καὶ
1836 5443 2002 5519 χαρίο

347 5555 512 5608 σματι
564 5531 848 5610 διαφόροις
897 5528 1213 5585 ἑπλούτισεν
1271 5530 1450 5602 ὗμᾶς;
1485 5529 1520 5600 ἢ
1571 5526 1661 5585 διὰ
1707 5534 1815 5586 τῶν
1865 5533 2003 5606 πρά-

343 5629 478 5702 ξεων
543 5625 697 5698 ὑμῶν
769 5617 1070 5692 ἀδοκίμους
1126 5618 1346 5681 laurei):
1403 5621 1862 5694 παραστήσαντες,
1913 5627 2004 5679 καὶ

345 5717 556 5776 τούτων
588 5710 879 5784 “micas,
928 5713 1088 5766 τοῦτο
1148 5706 1225 5778 δί,
1275 5706 1371 5784 ’ἰγα
1427 5708 1570 5785 εἶ’πῃ,
1621 5710 1704 5767 ὅτι
1750 5712 1800 5767 εἰ
1845 5711 2003 5788 ὀμεῖς

346 5803 666 5886 χαρίσματα
732 5801 820 5857 καὶ
897 5799 1054 5875 ἰσχὺν
1109 5798 1250 5854 κατὰ
1302 5799 1622 5872 πνευμάτων
1687 5801 2002 5882 ἀκαθάρτων

2116 4826 2258 4877 tunc
2285 4819 2563 4874 vivemus.
2602 4839 2630 4868 «
2663 4817 2781 4872 Vos
2840 4817 2999 4890 ipsos
3050 4823 3295 4873 tentate.
3328 4837 3354 4868 ι
3422 4818 3593 4874 Vides
3634 4819 3778 4891 quid

2114 4909 2332 4984 paret?
2361 4910 2430 4964 Et
2462 4907 2604 4980 quid
2628 4907 2699 4962 de
2731 4923 2826 4964 me
2849 4907 3004 4974 dico,
3039 4906 3254 4979 inquit,
3291 4908 3450 4980 quod
3507 4908 3775 4965 Christus

2112 5001 2301 5066 inme
2331 4997 2661 5072 loquatur?
2693 5000 2838 5062 Nam
2873 5002 2933 5053 et
2989 5012 3091 5054 vos
3140 4996 3274 5069 ipsi,
3339 4997 3490 5054 708
3542 4998 3661 5063 nisi
3717 4999 3780 5056 in

2115 5091 2318 5163 aliquo
2351 5087 2593 5162 reprobi
2623 5087 2763 5151 facti
2795 5087 2939 5144 estis
2970 5086 3272 5145 Christum
3326 5087 3389 5144 in
3418 5087 3584 5144 vobis
3631 5089 3779 5164 ipsis

2114 5180 2348 5247 habetis
2383 5177 2580 5251 :quod
2605 5179 2655 5234 si
2689 5177 3006 5246 vos,multo
3040 5177 3229 5247 magis
3269 5193 3396 5260 ego,
3428 5177 3647 5251 inquit.
3671 5169 3784 5246 Εκ-

2113 5269 2516 5345 perimentum
2551 5266 2730 5340 igitur
2760 5267 2942 5323 vestri
2971 5266 3238 5338 ipsorum
3267 5265 3444 5324 facite
3475 5283 3551 5332 ne
3584 5269 3718 5342 quis
3740 5286 3775 5328 a

2112 5359 2293 5418 rectis
2315 5361 2683 5430 pervertatur
2712 5355 3027 5430 dogmatis,
3060 5371 3167 5428 per
3206 5354 3542 5413 doctrinam
3591 5371 3772 5429 pseu-

2113 5447 2582 5522 dapostolorum.
2613 5447 2761 5500 Num
2807 5445 3073 5516 vosipsos
3121 5446 3365 5502 tentatis
3414 5462 3491 5502 an
3543 5445 3604 5502 in
3654 5444 3770 5502 ﬁde

2115 5538 2244 5595 sitis
2273 5537 2301 5593 ?
2329 5551 2474 5594 num
2498 5552 2597 5590 vos
2628 5534 2789 5606 ipsos
2820 5533 3083 5606 probatis
3111 5533 3140 5589 ‘I
3181 5532 3486 5605 Siquidem
3535 5535 3770 5606 experi-

2113 5632 2382 5686 mentum
2405 5640 2672 5697 quaerere
2700 5624 3002 5695 loquentis
3033 5622 3095 5678 in
3144 5639 3237 5680 me
3261 5623 3498 5690 Christi,
3531 5627 3590 5678 et
3619 5639 3773 5683 non-

2113 5717 2256 5776 dum
2287 5715 2463 5791 plene
2495 5731 2811 5789 persuasos
2843 5730 2971 5771 esse
2995 5712 3154 5786 quod
3176 5714 3238 5770 in
3261 5712 3541 5787 magistro
3564 5711 3776 5788 loqua'

2110 5813 2208 5874 tur
2235 5805 2673 5882 Christumquid
2704 5804 2868 5863 aliud
2896 5809 2986 5863 ut
3014 5819 3193 5878 quam
3214 5817 3314 5858 vos
3344 5803 3504 5885 ipsos
3526 5819 3763 5878 quoque
