4098 6456
461 519 612 585 ιοεδ

1418 522 1829 584 COMMENT.
1875 523 1951 583 IN
1998 521 2244 583 EPIST.
2289 522 2347 583 ΙΙ
2400 523 2499 581 Μ)
2543 519 2913 582 GORINTH.

3716 521 3873 584 1086

453 651 737 724 ἀπιμένετε
764 658 832 728 τῇ
875 653 1117 730 ἁμαρτίᾳ
1138 658 1603 736 καταφρονοῦντες
1657 661 1758 726 τῆς
1811 653 2105 728 τιμωρίας,

2230 655 2447 727 opto,in
2479 654 2594 710 hoc
2623 652 2870 727 gaudeo.
2904 653 2963 710 Si
2994 669 3133 710 vero
3166 654 3227 710 in
3256 658 3499 726 peccato
3529 670 3877 727 permanse-

460 742 765 815 ἀνιώμενος
801 745 895 817 μὲν
926 743 1014 798 καὶ
1079 745 1429 821 βαρυθυμῶν,
1489 743 1643 818 ὅμως
1697 746 2113 819 τιμωρήσομαι.

458 830 672 903 Ῥέδιον
705 833 809 911 γάρ
847 856 940 905 μοι
968 837 1032 890 τὸ
1080 833 1319 906 ἐλπίζειν
1351 839 1536 892 τοῦτο.
1573 859 1597 888 ε
1639 836 1761 910 Οὐχ
1814 834 1902 889 ἳνα
1955 836 2119 908 ἡμεῖς

460 920 683 995 δόκιμοι
708 927 987 999 ιρανῶμεν.
1026 948 1052 975 ››
1083 926 1174 982 Ἐγ
1208 925 1311 1001 γὰρ
1343 929 1441 981 τοῦ
1503 927 1578 998 μή
1629 925 1955 998 ἁμαρτάνειν
2017 923 2118 978 αὐ-

455 1011 605 1082 τοὺς,
638 1013 741 1067 οὐκ
769 1006 848 1067 ἔτι
879 1014 979 1083 τήν
1023 1014 1407 1089 τιμωρητικῆν
1468 1012 1807 1069 ἐπεδείκνυτο
1866 1010 2117 1085 δύναμιν,

461 1103 554 1158 καὶ
613 1100 779 1159 πάλιν
835 1102 909 1164 ὡς
973 1100 1240 1175 ἀδόκιμος
1293 1103 1383 1158 καὶ
1476 1102 1773 1184 ἀνίσχυρος
1856 1101 2116 1177 ἐκρίνετο.

461 1218 490 1246 ‹‹
519 1193 711 1267 Ἡμεῖς
741 1191 800 1249 δὲ
859 1194 933 1256 ὡς
990 1192 1274 1267 ἀδόκιμοι.
1309 1219 1336 1246 ››
1398 1197 1591 1257 Καλῶς
1647 1197 1729 1255 τὸ,
1787 1196 1875 1256 Ὠς
1933 1189 2117 1249 ἀδόκι-

462 1304 580 1357 μοι.
613 1284 694 1341 Οὐ
725 1283 830 1358 γὰρ
885 1287 954 1356 τῇ
1016 1282 1247 1355 ἀληθείᾳ
1301 1282 1566 1357 ἤμελλεν,
1636 1283 1750 1339 ἐπεὶ
1812 1284 1889 1357 μὴ
1946 1304 2122 1355 τιμω⁸

462 1377 641 1446 ρεῖται
693 1373 770 1445 μή
860 1374 1283 1448 ἁμαρτάνοντας,
1334 1371 1600 1447 ἀδόκιμος
1655 1374 1918 1452 γίνεσθαι,
1976 1370 2123 1428 ἀλλά

459 1462 553 1517 καὶ
586 1459 826 1535 μάλιστα
854 1459 1103 1535 δόκιμος,
1137 1461 1281 1518 ἀλλά
1308 1459 1396 1517 διὰ
1425 1465 1524 1533 τὴν
1554 1467 1659 1517 τῶν
1722 1460 1951 1518 πολλῶν
1985 1460 2121 1517 ὑπό·-

462 1551 660 1626 ληψιν,
693 1550 810 1607 εἷπε
836 1552 922 1615 τὸ,
954 1552 1029 1611 ὡς
1058 1548 1337 1626 ἀδόκιμοι·
1372 1576 1400 1604 ‹‹
1461 1552 1534 1607 Οὐ
1592 1552 1696 1631 γὰρ
1753 1549 2028 1627 δυνάμεθά
2065 1570 2120 1607 τι

463 1642 601 1699 κατά
630 1648 732 1712 τῆς
773 1640 1054 1714 ἀληθείας.
1090 1666 1119 1696 »
1157 1643 1282 1699 Ἐάν
1334 1662 1417 1701 τις
1474 1640 1699 1714 ἀληθῶς
1764 1643 1901 1719 βιοῖ,
1961 1642 2117 1720 φησὶ,

463 1731 555 1788 καὶ
589 1726 846 1793 εὐσεϐῶς.
892 1730 1181 1803 Ἀλήθειαν
1211 1732 1316 1809 γὰρ
1383 1736 1473 1786 νῦν
1531 1731 1631 1799 τήν
1688 1726 1959 1787 εὐσέϐειαν
2016 1752 2117 1787 κα-

463 1822 572 1891 λεῖ,
605 1824 680 1885 ὡς
710 1823 872 1879 νόθου
904 1819 1058 1886 ὄντος
1112 1822 1210 1880 τοῦ
1268 1820 1562 1885 δυσσεϐοῦς
1606 1822 1745 1899 βίου.
1781 1822 1860 1881 Οὐ
1911 1822 2014 1899 γὰρ
2071 1821 2117 1878 εί

463 1908 803 1987 βουλοίμεθα
888 1911 1174 1986 ἐπαγαγεῖν
1266 1912 1538 1986 τιμωρίαν
1573 1958 1589 1983 ,
1674 1908 1978 1983 δυνάμεθα.
2037 1910 2116 1969 Οὔ

464 2004 710 2097 σονεργεῖ
726 2002 828 2078 γὰρ
862 2001 890 2056 6
923 2001 1073 2062 Θεός.
1108 2002 1181 2056 Οὐ
1214 2002 1319 2076 γὰρ
1351 2002 1507 2097 κιιιτδιΔ
1532 2008 1635 2071 τῆς
1692 1999 1951 2069 ἀληθείας
1991 2002 2111 2056 οἶον
2145 2031 2191 2097 Β

465 2084 736 2151 εὐσεϐείας
803 2111 858 2145 τι
916 2089 1209 2165 ΐσχύομεν.
1259 2091 1317 2146 Ἦ
1378 2087 1436 2145 δὲ
1491 2088 1651 2167 ἰσχὺς
1719 2092 1905 2161 ἡμῶν.
1953 2091 2113 2167 Ὑπὲρ

464 2178 652 2248 αὐτῆς,
682 2177 769 2235 ἳνα
798 2178 925 2242 τοὺς
962 2181 1038 2253 μὴ
1071 2180 1189 2234 κατ’
1250 2178 1414 2248 αὐτὴν
1455 2184 1677 2249 ζῶντας,
1739 2177 1828 2234 διὰ
1862 2186 1964 2248 τῆς
2029 2201 2115 2234 τις

465 2267 680 2343 μωρίας
736 2269 1105 2346 ἀναγκάζομεν
1161 2269 1428 2344 αἱρεῖσθαι
1487 2269 1684 2339 αὐτήν.
1753 2293 1772 2317 α
1830 2268 2113 2343 Χαίρομεν

458 2356 565 2433 γὰρ
598 2357 724 2413 ὅταν
766 2359 932 2432 ἡμεῖς
964 2357 1288 2433 ἀσθενῶμεν.
1337 2380 1364 2409 ››
1419 2359 1487 2414 Τί
1552 2358 1642 2412 οὗν
1682 2375 1695 2426 ;
1727 2356 1878 2415 Ἐπεῖ
1914 2357 1990 2429 μὴ
2024 2354 2115 2412 δύο

455 2467 629 2518 ναμαι
660 2446 748 2500 καὶ
787 2445 1124 2520 βουλόμενος
1155 2447 1290 2502 κατά
1340 2454 1440 2515 τῆς
1473 2444 1752 2517 ἀληθείας.
1785 2447 1921 2522 Ἀρα
1959 2444 2116 2521 ἀλγῶ

465 2534 601 2605 ὑπὲρ
642 2535 888 2605 τούτου;
948 2536 1256 2609 Οὖμενοῦν.
1323 2536 1533 2610 Χαίρων
1601 2536 1704 2611 γάρ
1765 2536 1891 2592 ὅταν
1951 2537 2119 2609 ἡμεῖς

461 2624 702 2689 ἀσθενεῖς
733 2625 1106 2698 νομιζώμεθα,
1159 2624 1218 2680 ἐκ
1275 2630 1373 2681 τοῦ
1443 2627 1518 2700 μή
1554 2624 1770 2699 ἐπάγειν
1826 2627 2118 2700 τιμωρίαν.

457 2713 649 2787 Ὑμεῖς
672 2711 729 2769 δὶ
769 2714 1009 2790 ἰσχυροὶ,
1044 2713 1104 2769 ἐκ
1131 2719 1227 2769 τοῦ
1281 2713 1563 2771 ἀνάλωτοι
1623 2715 1761 2770 εἶναι
1805 2718 1875 2789 τῇ
1950 2736 2123 2788 τιμω-

470 2805 675 2879 ρτ,τικῇ
707 2825 814 2877 μου
856 2801 1102 2878 δυνάμει,
1164 2802 1254 2860 διὰ
1310 2806 1372 2862 τὸ
1427 2806 1580 2881 βιοῦν
1636 2805 1833 2881 ὀρθῶς.
1876 2828 1904 2857 ‹‹
1945 2806 2122 2862 Τοῦτο

456 2891 516 2948 δὲ
546 2892 637 2948 καὶ
671 2892 974 2966 εὐχόμεθα.
1008 2917 1037 2944 ι)
1074 2895 1213 2968 Ἀρα
1273 2893 1366 2949 οὖν
1431 2894 1593 2967 μόνον
1654 2894 1923 2973 χαίρομεν
1958 2914 1973 2963 ;
2031 2893 2122 2949 καὶ

456 2982 734 3064 εὐχόμεθα
768 2984 862 3057 μὲν
897 2984 992 3040 οὗν
1054 2985 1155 3053 τήν
1215 2986 1376 3059 ἡμῶν
1431 2984 1769 3060 κατάρτισιν,
1825 2984 2122 3056 τουτέστιν,

466 3067 850 3142 εὐδοκίμησιν,
877 3071 968 3125 καὶ
1002 3071 1065 3126 τὸ
1101 3069 1438 3143 ἀπηρτίσοαι
1493 3070 1545 3126 ἐν
1608 3071 1714 3146 βίῳ
1761 3072 1852 3127 καὶ
1886 3069 2125 3148 δόγμασι

467 3164 757 3235 χρηστοῖς.
788 3160 859 3215 ’Ἠ
898 3157 993 3214 ι’ίνα
1024 3157 1441 3238 σφαλλομένους
1473 3160 1908 3236 τιμωρούμενοι,
1964 3158 2129 3233 δόξω-

480 3267 572 3320 μεν
598 3248 730 3304 εἴναι
763 3246 1003 3304 δυνατοί.

530 3530 628 3587 Διά
690 3536 854 3588 τοῦτο
911 3536 1083 3588 ταῦτα
1150 3533 1304 3590 ἀπὼν
1369 3535 1590 3612 γράφω,
1643 3534 1733 3589 ἳνα
1793 3536 1869 3607 μή
1930 3534 2120 3607 παρὼν

459 3618 757 3693 ἀποτόμως
865 3624 1216 3697 χρήσωμαι,
1319 3623 1459 3680 κατὰ
1558 3624 1658 3692 τὴν
1735 3622 1975 3698 ἐξουσίαν
2050 3624 2119 3696 ἣν

456 3699 629 3762 ἔδωκέ
696 3729 791 3781 μοι
849 3709 879 3764 6
937 3708 1159 3786 Κύριος,
1218 3709 1296 3775 εἲς
1352 3707 1657 3787 οἰκοδομῆν
1713 3711 1802 3767 καὶ
1863 3712 1963 3768 οὐκ
2041 3713 2119 3778 εἷς

453 3794 782 3870 καθαίρεσιν.

532 3881 758 3955 Ἐπειδὴ
794 3883 1003 3964 σφόδρα
1037 3884 1337 3958 ἐπέπληξεν
1399 3887 1594 3951 αὐτοὺς
1653 3894 1938 3970 πανταχοῦ
2000 3890 2119 3964 μὶν,

462 3973 703 4046 μάλιστα
730 3972 788 4029 δὶ
818 3974 870 4031 ἰν
911 3979 990 4049 τῷ
1018 3973 1164 4031 τέλει
1193 3982 1295 4045 τῆς
1325 3976 1646 4047 ἐπιστολῆς,
1685 3983 1778 4033 νῦν
1809 3976 1898 4035 διὰ
1936 3979 2123 4037 τοιού-

458 4084 571 4118 των
601 4061 988 4142 ἀπολογεῖται,
1020 4064 1112 4120 καί
1138 4084 1290 4143 φησι“
1336 4068 1436 4121 Διά
1465 4072 1633 4123 τοῦτο
1668 4067 1843 4131 οὕτως
1889 4067 2121 4146 ἒγραψα,

457 4151 534 4214 ὡς
620 4153 966 4229 βουλόμενος
1024 4153 1159 4231 ἃχρι
1241 4159 1350 4212 τῶν
1410 4157 1754 4232 γραμμάτων
1823 4157 1962 4213 εῖναι
2022 4160 2123 4229 τήν

462 4241 798 4314 ἀποτομίαν,
902 4242 994 4298 καὶ
1101 4244 1177 4316 μή
1285 4243 1336 4299 ἐν
1437 4241 1621 4322 ἔργοις
1715 4242 2119 4322 ἐπιδειχθῆναι.

468 4331 671 4386 ιΚατά
741 4333 845 4403 τήν
920 4329 1163 4403 ἐξουσίαν
1241 4333 1308 4405 ἣν
1382 4330 1554 4390 ἔδωκέ
1633 4356 1727 4409 μοι
1775 4336 1803 4392 6
1864 4336 2120 4410 Κύριος.»

457 4426 617 4477 Ὥστε
702 4419 800 4477 κᾶν
882 4421 1128 4492 κολάζω,
1215 4424 1401 4504 φησὶν,
1486 4424 1587 4481 οὐκ
1679 4424 1790 4500 ἐγὼ
1875 4424 2121 4499 κολάζω,

456 4504 606 4565 ἀλλὰ
663 4507 753 4567 διὰ
830 4510 996 4586 μὲτου
1071 4510 1230 4585 ἐμοῦ,
1308 4513 1337 4568 6
1411 4513 1611 4582 ταύτην
1693 4534 1789 4587 μοι
1867 4512 2120 4580 δεδωκὼς

457 4600 558 4669 τὴν
587 4598 831 4671 ἐξουσίαν
864 4602 1118 4676 Χριστός.
1164 4603 1307 4675 ’Ὅρα
1365 4599 1444 4671 δὲ,
1497 4601 1549 4658 ἐν
1600 4606 1680 4675 τῷ
1704 4600 2120 4678 ἀπολογεῖσθαι,

462 4682 845 4766 φοϐερώτερον
872 4690 965 4745 τὸν
999 4685 1163 4766 λόγον
1191 4688 1506 4768 εἰργάσατο.
1566 4691 1628 4749 Τί
1684 4691 1777 4747 οὗν
1814 4711 1828 4760 ;
1862 4688 2006 4748 ε’ίποι
2037 4712 2120 4754 τις

2224 745 2377 804 ritis.
2410 750 2760 801 Contemnes
2787 744 3079 817 supplicia
3110 762 3122 800 :
3157 746 3369 800 anxius
3399 745 3639 817 quidem
3673 751 3732 801 et
3787 762 3882 802 re-

2225 842 2524 907 pugnante
2546 834 2768 893 animo.
2801 834 3059 890 uleiscar
3107 840 3354 890 tamen:
3413 851 3550 890 nam
3574 835 3633 890 id
3692 836 3880 909 magis

2224 932 2564 997 promptum
2598 931 2690 981 est
2721 941 2962 997 sperare
2988 925 3106 979 sive
3136 925 3342 981 vereri.
3374 947 3401 975 «
3432 926 3561 981 Non
3593 943 3711 997 quo
3768 943 3879 982 nos

2225 1013 2456 1088 probati
2478 1031 2931 1087 appareamus.»
2960 1016 3037 1069 Ex
3061 1031 3129 1069 eo
3153 1015 3311 1070 enim
3337 1015 3493 1086 quod
3523 1031 3642 1070 non
3667 1032 3877 1086 pecca-

2226 1110 2377 1165 rent,
2405 1106 2529 1175 jam
2574 1105 2904 1177 punitivam
2964 1121 3085 1159 non
3144 1104 3487 1160 ostenderet
3527 1106 3874 1176 potentiam,

2227 1194 2374 1265 quin
2405 1200 2509 1266 pot
2532 1211 2604 1250 us
2634 1200 2701 1249 ut
2752 1193 3040 1266 reprobus
3088 1200 3145 1250 et
3194 1194 3493 1266 impotens
3533 1194 3873 1250 haberetur.

2229 1305 2255 1333 ‹‹
2289 1284 2403 1338 Nos
2424 1300 2558 1339 vero
2590 1284 2748 1339 velut
2778 1283 3033 1356 reprobi.
3073 1304 3101 1332 »
3134 1283 3290 1339 Bene
3360 1283 3443 1338 ait
3471 1300 3484 1337 :
3546 1283 3719 1339 Velut
3775 1300 3876 1340 re-

2225 1371 2442 1445 probi:
2477 1388 2672 1444 neque
2704 1372 2864 1428 enim
2922 1389 3058 1427 vere
3107 1372 3397 1444 reprobus
3452 1372 3692 1429 futurus
3735 1378 3882 1445 erat,

2227 1461 2384 1533 quod
2430 1478 2550 1517 non
2608 1467 2925 1534 peccantes
2971 1462 3291 1534 puniturus
3357 1477 3477 1517 non
3530 1466 3708 1523 esset,
3765 1463 3884 1519 imo

2224 1552 2482 1607 maxime
2515 1551 2802 1623 probatus
2831 1569 2843 1606 :
2880 1551 2984 1606 sed
3018 1551 3092 1607 ob
3122 1551 3448 1607 multorum
3483 1552 3885 1625 suspicionem

2225 1641 2409 1697 dixit:
2445 1662 2472 1690 ‹‹
2509 1640 2679 1696 Velut
2705 1640 2964 1713 reprobi.
2986 1661 3015 1689 »
3046 1672 3114 1681 —
3151 1662 3172 1691 ι
3211 1641 3336 1695 Non
3366 1639 3526 1695 enim
3558 1656 3880 1713 possumus

2225 1729 2550 1804 quidquam
2583 1729 2864 1786 adversus
2893 1731 3222 1787 veritatem.
3257 1751 3283 1779 »ι
3317 1728 3373 1784 Si
3408 1730 3542 1801 quis
3586 1746 3741 1797 vere,
3794 1730 3879 1787 in-

2225 1821 2375 1893 quit,
2408 1836 2475 1876 ac
2504 1821 2600 1893 pie
2633 1820 2784 1876 vivat
2812 1824 2970 1887 (nam
3001 1820 3306 1874 veritatem
3337 1824 3504 1874 vocat
3526 1820 3706 1888 {nunc
3760 1820 3883 1892 pie-

2225 1915 2429 1977 tatem,
2492 1916 2774 1981 tanquam
2827 1926 2961 1965 vere
3036 1908 3346 1984 illegitima
3388 1910 3465 1964 sit
3507 1908 3690 1981 impia
3741 1909 3879 1977 vita,

2224 2000 2402 2057 etiam
2432 2000 2479 2055 si
2510 2000 2759 2056 velimus
2792 2000 3152 2072 supplicium
3196 1999 3478 2054 inducere
3509 2000 3829 2071 nequimus
3864 2017 3879 2055 :

2224 2107 2344 2145 non
2379 2089 2536 2145 enim
2570 2093 2925 2161 cooperatur
2971 2090 3145 2151 Deus,
3183 2090 3334 2144 710
3364 2088 3670 2161 Siquidem
3727 2088 3880 2145 nihil

2222 2179 2501 2236 adversus
2529 2179 2835 2233 veritatem
2877 2179 2994 2233 sive
3052 2178 3333 2250 pietatem
3387 2195 3726 2250 possumus,
3773 2178 3878 2234 sed

2222 2285 2328 2341 pro
2358 2269 2490 2340 ipsa
2521 2282 2534 2323 :
2563 2274 2629 2323 ut
2655 2284 2754 2322 eos
2787 2267 2887 2340 qui
2913 2268 3086 2338 juxta
3117 2266 3304 2339 ipsam
3336 2283 3456 2322 non
3478 2268 3704 2331 vivunt,
3735 2285 3875 2341 sup-

2222 2358 2401 2431 plicio
2433 2373 2712 2429 cogamus
2748 2362 2817 2412 ut
2864 2373 2995 2411 eam
3027 2356 3228 2411 velint.
3285 2377 3310 2408 α
3346 2356 3682 2413 Gaudemus
3712 2358 3877 2414 enim

2225 2464 2359 2503 cum
2383 2463 2491 2502 nos
2515 2446 2738 2501 inﬁrmi
2771 2446 3079 2502 fuerimus.
3109 2466 3137 2496 »
3160 2446 3310 2512 Quid
3343 2462 3479 2519 ergo
3509 2446 3537 2501 ?
3566 2447 3880 2514 Quoniam,

2226 2536 2443 2609 inquit,
2472 2536 2651 2591 etiam
2678 2535 2728 2591 si
2753 2535 2927 2591 velim
2958 2551 3079 2591 non
3108 2552 3355 2607 possum
3387 2536 3697 2593 adversum
3728 2539 3883 2593 veri-

2228 2632 2428 2689 tatem,
2463 2642 2604 2681 num
2638 2630 2950 2696 propterea
2998 2624 3171 2680 doleo
3200 2624 3229 2679 ?
3279 2627 3685 2697 Nequaquam.
3734 2625 3882 2682 Nam

2229 2715 2455 2790 gaudeo
2488 2732 2624 2770 cum
2657 2730 2766 2769 nos
2799 2714 3130 2769 imbecilles
3153 2713 3471 2769 existimati
3503 2714 3888 2771 fuerimus.eo

2231 2807 2389 2878 quod
2421 2806 2711 2861 ultionem
2730 2822 2851 2861 non
2874 2805 3266 2861 inducamus:
3300 2822 3401 2861 vos
3461 2811 3657 2861 autem
3692 2806 3892 2873 validi,

2233 2913 2300 2952 eo
2327 2895 2485 2968 quod
2516 2894 2944 2966 comprehendi
2975 2910 3008 2950 a
3038 2910 3171 2950 mea
3191 2894 3457 2965 punitiva
3485 2895 3752 2966 potentia
3774 2911 3895 2951 non

2232 2984 2567 3058 potueritis,
2592 2983 2664 3038 ob
2698 2989 3026 3039 correctam
3057 2984 3255 3038 vitam.
3283 3006 3310 3033 ‹‹
3341 2984 3458 3039 Hoc
3491 2990 3689 3039 autem
3721 2985 3889 3039 insu-

2231 3090 2338 3147 per
2366 3080 2664 3145 optamus.
2695 3094 2723 3122 ι)
2758 3075 2906 3128 Num
2940 3088 3075 3146 ergo
3096 3072 3286 3127 solum
3309 3072 3635 3145 gaudemus
3654 3073 3682 3129 ?
3710 3073 3892 3130 etiam

2232 3168 2506 3235 optamus
2538 3178 2680 3217 sane
2698 3162 2886 3233 magis
2911 3168 3167 3218 vestram
3188 3162 3614 3236 integritatem.
3640 3163 3753 3219 hoc
3776 3168 3887 3231 est,

2231 3257 2298 3307 ut
2324 3251 2494 3324 probi
2527 3251 2867 3308 habeamini
2890 3267 2958 3307 ac
2985 3251 3380 3323 perﬁciamini
3403 3252 3464 3306 in
3494 3252 3612 3306 vita
3640 3256 3702 3307 et
3730 3252 3893 3308 sanis

2233 3339 2629 3413 dogmatibus,
2663 3356 2844 3412 quam
2866 3345 2932 3395 ut
2959 3356 3069 3396 nos
3100 3341 3395 3413 supplicio
3425 3341 3758 3398 efﬁcientes
3790 3356 3892 3397 eos

2151 3404 2195 3471 (ἶ
2232 3431 2333 3503 qui
2373 3435 2596 3495 errant,
2630 3430 2939 3487 videamur
2969 3447 3100 3487 esse
3129 3437 3429 3504 potentes.

2299 3529 2454 3596 XIII,
2494 3530 2611 3585 lO.u
2639 3531 2961 3603 Propterea
2987 3529 3117 3586 haec
3145 3530 3363 3587 absens
3393 3530 3611 3600 scribo,
3645 3547 3722 3589 ne
3754 3548 3890 3589 cum

2235 3644 2253 3669 α
2287 3636 2551 3692 prazsens
2573 3619 2992 3692 fuero,rigidus
3010 3636 3121 3676 sim
3146 3620 3317 3691 juxta
3337 3626 3691 3695 potestatem
3709 3638 3887 3693 quam

2231 3730 2259 3760 (ι
2294 3708 2459 3764 dedit
2477 3708 2623 3789 mihi
2647 3709 2936 3766 Dominus
2959 3709 3022 3764 in
3063 3709 3521 3767 aediﬁcationem
3558 3715 3617 3765 et
3666 3726 3786 3765 non
3826 3711 3889 3767 in

2228 3819 2254 3848 «
2289 3797 2698 3855 abolitionem.
2738 3820 2757 3845 ι

2299 3887 2588 3953 Quoniam
2667 3887 3052 3944 vehementer
3100 3886 3324 3959 ubique
3383 3903 3484 3943 eos
3540 3888 3890 3960 increpavit,

2228 3976 2484 4033 maxime
2507 3982 2705 4032 tamen
2722 3977 2782 4033 in
2805 3977 2925 4033 ﬁne
2952 3975 3217 4049 epistolae
3243 3993 3257 4043 ;
3281 3982 3523 4051 propter
3545 3977 3891 4050 hujusmodi

2229 4084 2389 4125 nunc
2419 4083 2481 4124 se
2511 4072 2773 4136 excusat,
2818 4072 2878 4123 et
2907 4068 3022 4122 ait:
3049 4068 3372 4139 Propterea
3398 4066 3480 4123 ita
3523 4068 3755 4140 scripsi,
3787 4086 3888 4126 vo-

2230 4157 2360 4214 lens
2391 4157 2453 4213 in
2478 4155 2694 4212 litteris
2733 4155 3022 4213 duntaxat
3060 4171 3190 4212 esse
3245 4156 3642 4221 severitatem,
3678 4162 3738 4213 et
3766 4173 3887 4216 non

2230 4243 2511 4317 operibus
2565 4260 2694 4299 eam
2753 4243 3170 4300 demonstrari.
3235 4265 3265 4293 «
3303 4245 3476 4300 Juxta
3530 4249 3884 4317 potestatem

2230 4349 2409 4407 quam
2437 4331 2602 4389 dedit
2618 4332 2768 4389 mihi
2801 4332 3153 4388 Dominus.»
3186 4333 3392 4404 Itaque
3425 4334 3474 4388 si
3506 4334 3886 4407 supplicium,

2230 4425 2782 4498 inquit,sumpsero,
2806 4441 2927 4481 non
2957 4439 3061 4497 ego
3084 4440 3316 4481 sumam
3339 4425 3700 4499 supplicium
3734 4445 3747 4483 :
3781 4428 3888 4484 sed

2230 4530 2337 4587 per
2366 4515 2652 4582 medium,
2711 4515 2839 4587 ipse
2886 4514 2987 4586 qui
3048 4514 3204 4570 hanc
3264 4514 3408 4571 mihi
3441 4514 3607 4571 dedit
3636 4522 3892 4588 potesta-

2229 4609 2351 4659 tem
2382 4604 2667 4661 thristus.
2701 4605 3030 4661 Considera
3058 4620 3195 4659 vero
3227 4603 3385 4675 quod
3429 4621 3493 4660 se
3551 4607 3886 4665 excusando

2229 4689 2761 4748 formidabiliorem
2791 4692 3130 4750 exhibuerit
3149 4693 3656 4760 sermonemQuid
3688 4712 3826 4769 ergo
3855 4697 3885 4754 ‘2

459 4776 521 4832 ἂν
571 4777 718 4850 αὐτῷ
773 4779 872 4835 Διά
926 4783 1091 4836 τοῦτο
1144 4777 1379 4856 εἷ’ληφας
1441 4781 1708 4852 ἐξουσίαν,
1769 4781 1860 4837 ἳνα
1888 4788 2111 4859 τιμωρῇ

2230 4786 2425 4852 posset
2455 4781 2752 4855 quispiam
2784 4781 2899 4854 ipsi
2950 4783 3176 4852 dicere,
3217 4799 3294 4838 an
3327 4783 3400 4839 ob
3434 4784 3493 4839 id
3524 4765 3882 4857 potestatem

457 4864 588 4930 τοὺς
642 4867 965 4941 ἀνθρώπους
1033 4869 1162 4931 τοὺς
1235 4871 1353 4925 κατ’
1409 4869 1593 4927 εῗκόνα
1649 4873 1832 4941 Geo-3;
1891 4871 1982 4927 καὶ
2040 4871 2116 4934 εἰς

454 4954 619 5011 τοῦτό
650 4977 709 5012 σε
737 4956 885 5020 ὅλως
923 4956 1248 5027 κατέστησεν
1307 4960 1337 5014 ὁ
1393 4956 1779 5038 φιλάνθρωπος
1834 4961 2066 5036 Χριστός
2098 4980 2112 5030 ;

454 5044 571 5105 Οὔκ
610 5045 687 5111 εἰς
718 5049 1052 5120 καθαίρεσιν,
1086 5048 1243 5126 φησὶ,
1269 5050 1361 5105 καὶ
1418 5048 1643 5126 ὄλεθρον
1681 5053 1875 5126 ψυχῶν
1909 5049 2114 5129 εἶ’ληιρα

457 5136 556 5204 τὴν
596 5134 860 5207 ἐξουσίαν,
893 5134 1021 5194 ἀλλ’
1060 5137 1137 5200 εἰς
1167 5135 1498 5214 οἰκοδομήν.
1533 5140 1680 5199 Αὐτὸ
1709 5142 1810 5216 γὰρ
1856 5146 2019 5198 τοῦτο
2048 5143 2112 5198 τὸ

457 5223 587 5289 τοὺς
616 5224 827 5288 αἰτίους
854 5231 1238 5302 τιμωρεῖσθαι,
1271 5226 1544 5302 οἰκοδομὴ
1591 5227 1918 5301 Ἐκκλησῗας
1947 5230 2109 5303 ἐστὶν,

460 5313 878 5391 ἀσφαλεστέρων
909 5320 1017 5372 τῶν
1052 5314 1265 5374 λοιπῶν
1294 5318 1382 5374 καὶ
1417 5314 1827 5397 δοκιμωτέρων,
1869 5317 1959 5377 διὰ
2007 5327 2110 5393 τῆς

452 5404 725 5480 τιμωρίας
755 5401 1083 5481 γινομένων.

526 5584 756 5651 Λοιπὸν,
811 5581 1062 5663 ἀδελφοὶ,
1148 5585 1392 5662 χαίρετε,
1471 5589 1873 5662 καταρτίζεσθε,
1929 5610 2108 5664 παρα·-

449 5670 728 5736 καλεῖσοε.
816 5672 879 5731 τὸ
948 5673 1076 5730 αὐτὸ
1158 5681 1422 5752 φρονεῖτε,
1501 5675 1826 5750 εἴρηνεῦετε.

454 5759 586 5822 Θεὸς
640 5767 741 5832 τῆς
802 5759 1025 5841 ἀγάπης
1077 5762 1167 5819 καὶ
1224 5763 1446 5838 εἰρήνης
1502 5760 1652 5824 ἔσται
1739 5767 1859 5843 μεθ’
1927 5768 2104 5843 ὑμῶν.

448 5849 786 5907 Ἀσπάσασθε
853 5850 1139 5925 ἀλλήλους
1224 5850 1276 5909 ἄν
1334 5854 1476 5933 ἁγίῳ
1531 5854 1827 5937 φιλήματι.
1905 5858 2107 5920 Ἀσπά-

1914 5680 2018 5737 Καὶ
2078 5681 2151 5743 ὁ,

2227 4870 2505 4943 accepisti
2537 4876 2603 4927 ut
2659 4872 2905 4945 punires
2958 4873 3234 4930 homines
3291 4872 3365 4929 ad
3422 4873 3746 4946 imaginem
3779 4874 3882 4931 Dei

2226 4964 2455 5015 creatos
2484 4958 2512 5015 ?
2533 4965 2592 5015 et
2619 4961 2693 5017 ad
2725 4961 2837 5018 hoc
2868 4964 3111 5020 omnino
3143 4969 3197 5019 te
3247 4964 3557 5020 constituit
3588 4963 3883 5037 benignus

2225 5048 2539 5105 hominum
2565 5056 2796 5106 amator
2824 5052 3091 5108 Christus
3121 5052 3148 5106 ?
3178 5054 3307 5110 Non
3337 5053 3412 5109 ad
3468 5053 3881 5121 abolitionem,

2223 5137 2436 5210 inquit,
2461 5146 2520 5194 et
2540 5138 2935 5211 perditionem
2966 5142 3305 5198 animarum
3359 5144 3561 5217 accepi
3618 5149 3886 5217 potesta-

2222 5228 2474 5299 tem,sed
2500 5229 2573 5285 ad
2605 5228 3082 5287 aediﬁcationem.
3114 5232 3261 5288 Nam
3292 5232 3404 5289 hoc
3429 5234 3881 5308 ipsum,nempe

2221 5321 2435 5395 punire
2481 5326 2818 5393 peccantes,
2855 5319 3169 5379 aediﬁcatio
3226 5323 3508 5381 Ecclesia:
3567 5329 3677 5390 est,
3735 5323 3878 5380 dum

2220 5410 2418 5467 caeteri
2469 5409 2684 5467 horum
2716 5409 3008 5484 supplicio
3040 5409 3334 5469 ﬁrmiores
3388 5429 3456 5470 ac
3503 5412 3874 5486 probatiores

2217 5498 2569 5556 redduntur.

2287 5596 2432 5664 XIII,
2470 5598 2701 5653 11-13.‹‹
2730 5597 2895 5663 Quod
2927 5603 3220 5673 superest,
3251 5598 3869 5673 fratres,gaudete.in-

2217 5710 2242 5737 α
2264 5686 2409 5759 tegri
2427 5686 3110 5744 estoteconsolationem
3131 5688 3725 5762 accipite,unanimes
3740 5689 3869 5746 sitis

2216 5800 2243 5827 ‹‹
2269 5791 2476 5851 pacem
2495 5775 2795 5845 habete,et
2824 5778 2978 5835 Deus
3007 5777 3314 5837 charitatis
3345 5794 3412 5836 ac
3440 5778 3604 5854 pacis
3627 5778 3739 5835 erit
3768 5797 3869 5837 vo-

2215 5889 2242 5919 ι(
2262 5865 2781 5926 biscumSalutate
2804 5884 2906 5926 vos
2923 5874 3128 5927 mutuo
3143 5874 3349 5928 sancto
3370 5867 3873 5930 osculo.Salutant
