4098 6446
308 462 462 525 1087

1393 449 1811 514 GCUMENII
1857 449 2160 511 TRlCC/E
2209 451 2577 514 EPISCOPI.

3574 459 3734 519 1088

303 618 330 644 ‹‹
367 594 556 652 sancti
588 589 1019 649 omnes.Gratia
1037 587 1272 644 Domini
1299 588 1441 643 Jesu
1467 587 1607 642 111
1649 582 1943 652 Christi,e‘

2079 586 2256 652 ζονται
2312 584 2453 656 ὑμᾶς
2514 586 2566 640 οἳ
2623 586 2771 662 ἅγιοι
2832 588 3046 650 πάντες.
3108 589 3171 646 Ἥ
3240 590 3403 666 χάρις
3460 594 3558 648 τοῦ
3625 598 3734 649 Κυ-

307 712 332 739 ‹‹
357 682 623 740 Cliaritas
658 681 856 738 Dei.et
883 677 1342 734 communicatio
1375 676 1628 748 Spiritus
1661 674 1850 730 sancti
1885 673 1963 730 sit

301 797 329 825 ‹‹
364 791 499 832 cum
532 774 812 829 omnibus
837 772 1020 827 vobis.
1054 763 1263 825 Amen.
1300 791 1327 818 ››

367 953 691 1023 Postquam
726 967 852 1020 ego.
879 949 1094 1021 inquit.
1130 948 1289 1019 quod
1320 963 1518 1003 meum
1551 951 1640 1002 est
1662 945 1772 1001 feci
1808 944 1959 1010 :hoc

297 1049 406 1110 est,
425 1043 747 1098 consilium
771 1041 908 1097 dedi
940 1059 1008 1096 ac
1043 1041 1300 1095 minatus
1328 1057 1456 1095 sum
1489 1056 1501 1094 :
1539 1039 1837 1110 reliquum
1871 1041 1958 1093 est

296 1140 363 1189 ut
393 1140 451 1188 et
477 1151 579 1189 vos
617 1149 750 1204 quae
809 1138 1002 1187 vestra
1051 1137 1190 1187 sunt
1245 1131 1582 1192 conferatis,
1626 1145 1841 1201 nempe
1893 1133 1960 1184 ut

293 1223 622 1296 gaudeatis.
658 1221 999 1278 Gaudebitis
1056 1228 1255 1277 autem
1309 1219 1580 1286 correcti,
1617 1225 1673 1273 et
1708 1235 1868 1274 nunc
1897 1228 1956 1280 et

295 1312 359 1367 in
393 1313 676 1368 futurum.
711 1333 738 1361 ‹‹
786 1311 1064 1366 Gaudete.
1129 1332 1156 1359 ››
1209 1310 1471 1365 Scientes
1522 1308 1677 1380 quod
1713 1325 1784 1364 ea
1823 1324 1954 1380 quae

296 1402 694 1456 comminatus
728 1417 880 1464 sum,
914 1416 1109 1471 neque
1164 1399 1275 1455 hoc
1306 1399 1480 1471 cupio
1510 1417 1521 1454 :
1561 1398 1705 1470 quin
1767 1399 1953 1472 magis

293 1491 519 1564 refugio
550 1507 624 1546 ne
658 1491 823 1555 ﬁant,
859 1491 1118 1545 minatus
1150 1495 1370 1556 autem,
1401 1494 1467 1544 ut
1523 1489 1771 1544 correcti
1804 1488 1953 1545 nihil

294 1582 458 1636 triste
490 1579 826 1651 patiamini,
879 1579 1011 1634 ideo
1044 1578 1313 1651 gaudete.
1351 1600 1378 1626 ‹‹
1429 1578 1646 1650 lntegri
1680 1585 1883 1633 estote.
1919 1600 1949 1629 ››

291 1670 413 1726 Hoc
445 1669 809 1740 est,perl‘ecti
843 1668 994 1738 sitis,
1029 1667 1322 1740 complete
1355 1684 1424 1724 ea
1455 1684 1585 1738 quin
1618 1666 1855 1731 desunt,
1888 1667 1950 1722 in

294 1759 503 1814 virtute
560 1757 978 1828 perficiamini,
1014 1762 1072 1812 et
1101 1763 1314 1812 caetera
1353 1756 1548 1812 facite.
1583 1757 1727 1812 Nam
1769 1757 1817 1811 si
1850 1773 1950 1812 vos

292 1847 420 1902 haec
452 1847 802 1919 operemini,
840 1863 960 1901 non
1002 1845 1197 1902 solum
1227 1845 1380 1901 nihil
1409 1862 1581 1919 grave
1613 1846 1946 1919 patiemini,

2074 671 2193 744 ρίου
2226 673 2410 744 Ἰησοῦ
2469 676 2736 751 Χριστοῦ,
2794 677 2884 731 καὶ
2935 680 2968 746 ἡ
3028 677 3211 752 ἀγάπη
3269 683 3366 734 τοῦ
3423 684 3582 749 Θεοῦ,
3640 681 3734 738 καὶ

2071 763 2106 830 ἡ
2140 763 2399 816 κοινωνία
2427 768 2524 818 τοῦ
2555 765 2714 841 ἁγίου
2747 767 3085 840 ΙΙνεύματος,
3136 768 3270 842 μετὰ
3302 769 3515 824 πάντων
3551 771 3728 843 ὑμῶν.

2073 849 2133 906 Ἀ
2143 853 2269 922 μήν.

2143 941 2293 998 Μετὰ
2322 945 2384 999 τὸ
2417 942 2536 1016 ἐμὲ,
2571 947 2726 1023 φησὶ,
2759 946 2820 1000 τὸ
2874 945 3113 1020 ἐμαυτοῦ
3162 955 3410 1019 ποιῆσαι,
3455 950 3727 1023 τουτέστι,

2073 1027 2502 1104 συμϐουλεῦσαι,
2564 1035 2884 1104 ἀπειλῆσαι,
2953 1035 3258 1093 ὑπόλοιπόν
3316 1039 3425 1096 ἔστι
3483 1042 3576 1110 τὸ,
3635 1044 3730 1098 καὶ

2072 1122 2215 1194 ὑμᾶς
2255 1123 2320 1177 τὰ
2351 1123 2441 1201 ἀφ’
2485 1125 2635 1197 ὑμῶν
2689 1125 3098 1201 συνεισενέγκαι.
3158 1128 3231 1182 Τὸ
3301 1125 3359 1184 δὲ
3411 1128 3544 1196 ἐστι,
3604 1133 3731 1206 χαί-

2068 1232 2206 1289 ρετε·
2245 1217 2554 1288 χαρήσεςθε
2584 1213 2642 1270 δὲ
2673 1212 3077 1290 διορθούμενοι,
3107 1222 3200 1272 νῦν
3258 1239 3336 1290 τε,
3395 1219 3485 1274 καὶ
3537 1219 3589 1275 ἐν
3645 1226 3724 1294 τῷ

2071 1299 2356 1374 μέλλοντι.
2393 1328 2418 1355 ι(
2453 1306 2702 1378 Χαίρετε.
2739 1330 2767 1357 ››
2793 1306 3071 1370 Μαθόντες
3104 1307 3186 1362 δτι
3247 1307 3383 1382 ἆπερ
3424 1308 3719 1380 ἠπείλησα,

2068 1391 2292 1472 οὐχ⁰ίνα
2322 1397 2540 1465 ποιήσω
2581 1395 2885 1466 ἠπείλησα,
2947 1395 3073 1452 ούδὶ
3129 1396 3275 1453 θέλω
3332 1403 3516 1465 τοῦτο,
3577 1397 3723 1456 ἀλλὰ

2137 1482 2151 1502 \
2199 1485 2210 1497 ‘
2243 1506 2258 1516 ’
2291 1483 2316 1516 'I
2643 1487 2661 1517 ι
2877 1487 2890 1505 ο
3019 1487 3028 1505 ο
3240 1484 3282 1506 «ς
3344 1487 3366 1505 Π

2064 1503 2153 1538 και
2187 1505 2501 1564 ατιε)χομαι
2543 1488 2810 1559 γενεσθαι.
2893 1486 3180 1558 Ηπειλησα
3237 1504 3294 1542 οε
3353 1508 3436 1542 ινα
3492 1485 3724 1565 διορθω-

2065 1573 2264 1642 θὲντες,
2301 1572 2471 1647 μηδὲν
2525 1575 2744 1650 ἀνιαρὸν
2802 1575 3030 1646 πάθητε.
3087 1577 3179 1632 Διὸ
3242 1577 3486 1653 χαίρετε,
3521 1602 3547 1630 ‹‹
3582 1586 3724 1634 Κατ-

2063 1660 2363 1736 αρτίζεσθε,
2400 1688 2428 1714 ››
2490 1664 2656 1719 οἱονεὶ
2707 1661 2913 1721 τέλειοι
2952 1666 3185 1740 γίνεσθε,
3219 1665 3600 1740 ἀναπληροῦτε
3655 1669 3725 1725 τὰ

2064 1748 2350 1820 λείποντα,
2381 1752 2434 1808 ἐν
2485 1753 2649 1829 ἀρετῇ
2680 1752 3009 1827 τελειοῦσθε,
3043 1756 3132 1811 καὶ
3191 1753 3370 1813 τᾶλλα
3427 1757 3714 1832 πράττετε.

2061 1843 2246 1898 Ταῦτα
2272 1843 2371 1918 γάρ
2408 1843 2559 1917 ὑμῶν
2594 1845 3025 1920 κατορθούντων,
3069 1846 3131 1901 οῦ
3167 1847 3331 1920 μόνον
3363 1844 3517 1903 οὐδὲν
3544 1845 3720 1904 δεινὸν

289 1938 681 1995 verumetiam
739 1939 894 1993 Deus
952 1936 1257 1993 charitatis
1314 1953 1381 1992 ac
1439 1937 1601 2008 pacis
1662 1938 1774 1992 erit
1847 1954 1943 1992 vo-

2057 1929 2321 1997 πείσεσθε,
2345 1930 2492 1988 ἀλλὰ
2522 1934 2612 1988 καὶ
2645 1933 2672 1988 ὁ
2705 1935 2834 1996 Θεὸς
2867 1942 2966 2005 τῆς
3002 1936 3217 2013 ἀγάπης
3275 1936 3364 1991 καὶ
3426 1945 3526 2007 τῆς
3560 1937 3720 2011 εῗρή-

287 2029 541 2085 biscum.
580 2053 600 2079 ι
659 2029 1141 2086 Consolationem
1203 2027 1471 2099 accipite.
1536 2049 1566 2078 »
1658 2028 1950 2093 Quoniam

285 2119 490 2175 multa:
522 2124 692 2174 erant
724 2119 1199 2180 afflictiones,ait
1231 2136 1244 2172 ε
1279 2117 1763 2174 Consolationem
1794 2118 1949 2174 acci-

283 2211 404 2283 pite
436 2215 557 2264 eta
600 2209 764 2264 vobis
795 2209 939 2280 ipsis
989 2215 1048 2264 et
1099 2208 1171 2264 ab
1223 2209 1403 2264 aliis:
1460 2215 1750 2281 praeterea
1803 2213 1859 2263 et
1915 2224 1951 2263 a

283 2299 653 2356 conscientia
673 2300 747 2354 ad
778 2299 1091 2355 meliorem
1124 2299 1520 2354 mutationem
1551 2299 1819 2354 animum
1855 2313 1947 2354 su-

286 2389 448 2445 mite.
489 2411 516 2439 ‹‹
575 2392 786 2444 Pacem
842 2389 1074 2445 habete.
1113 2411 1139 2437 »
1200 2391 1320 2444 Hoc
1369 2389 1430 2443 in
1462 2388 1678 2460 prioris
1710 2404 1944 2459 quoque

284 2480 551 2554 epistolae
584 2479 824 2535 exordio
883 2478 1088 2550 petivit
1120 2495 1132 2532 :
1168 2478 1540 2534 dissidebant
1598 2478 1756 2532 enim
1790 2478 1946 2533 inter

279 2587 363 2628 δε.
396 2568 548 2635 Quid
582 2585 717 2641 ergo
767 2568 986 2639 cupit?
1018 2573 1081 2624 ut
1123 2567 1282 2623 idem
1318 2569 1612 2623 sentirent
1649 2573 1705 2624 et
1738 2584 1944 2640 pacem

278 2659 573 2716 haberent
605 2675 616 2712 :
640 2659 780 2729 quia
809 2656 1280 2724 contingitidem
1305 2657 1525 2712 sentire
1550 2656 1610 2712 in
1630 2656 1944 2729 dogmatis,

279 2765 401 2805 non
434 2753 634 2804 tamen
660 2763 865 2818 pacem
883 2753 1089 2801 mutuo
1113 2745 1390 2801 habere.«
1415 2748 1484 2801 Et
1515 2746 1666 2800 Deus
1688 2746 1942 2802 charita-

279 2840 376 2895 tis.
411 2859 439 2889 »
483 2840 637 2894 Deus
668 2837 1005 2909 appellatur
1029 2839 1182 2894 Deus
1198 2838 1505 2893 charitatis
1534 2837 1653 2893 sive
1675 2837 1937 2893 dilectio-

278 2929 395 2993 nis,
433 2945 501 2985 eo
534 2927 693 2999 quod
754 2945 861 2984 nos
910 2927 1185 2983 dilexerit
1217 2942 1228 2981 :
1264 2927 1428 2998 pacis
1486 2943 1622 2982 vero
1682 2944 1750 2982 eo
1785 2926 1944 2998 quod

275 3033 421 3090 pace
439 3017 714 3089 junxerit
743 3017 1006 3073 cmlestia
1065 3016 1340 3071 terrenis.
1370 3017 1451 3070 Ex
1482 3015 1804 3071 dilectione
1836 3032 1943 3070 au-

275 3111 396 3164 tem
448 3113 538 3163 est
583 3124 716 3179 pax.
747 3106 804 3160 Si
838 3107 985 3172 haec,
1011 3105 1228 3178 inquit,
1263 3105 1543 3170 feceritis,
1596 3105 1710 3160 erit
1753 3104 1941 3160 vobis-

271 3213 409 3252 cum
426 3198 597 3253 Deus.
633 3199 750 3252 Aut
774 3201 903 3251 orat
932 3203 999 3252 ut
1029 3196 1110 3250 ita
1151 3195 1272 3251 fiat.
1333 3219 1360 3245 «
1403 3196 1615 3251 Sancto
1647 3195 1872 3252 osculo.
1907 3216 1936 3246 ››

2059 2039 2180 2089 νης,
2240 2014 2388 2074 ἔσται
2451 2022 2569 2093 μεθ’
2626 2023 2801 2096 ὁμων.
2863 2049 2890 2076 ‹‹
2944 2023 3367 2100 Παρακαλεῖσθε.
3402 2049 3431 2078 ιι
3487 2025 3716 2096 Ἐπειδὴ

2058 2105 2266 2164 πολλοὶ
2303 2110 2438 2178 ἦσαν
2469 2111 2519 2166 οἱ
2549 2114 2866 2187 πειρασμοῖ,
2928 2114 3082 2192 φησὶ,
3143 2114 3569 2191 ῙΙαρακαλεῖσθε,
3625 2117 3717 2173 καὶ

2060 2198 2143 2276 ὑφ’
2174 2199 2399 2268 ἑαυτῶν,
2432 2201 2522 2254 καὶ
2583 2201 2687 2256 ὑπὸ
2719 2202 2925 2259 ἄλλων.
2961 2205 3084 2260 Ἐτι
3131 2226 3190 2261 τε
3249 2205 3352 2260 ὑπὸ
3408 2213 3508 2275 τῆς
3539 2227 3717 2263 συνει-

2058 2285 2290 2360 δήσεως,
2327 2290 2402 2354 είς
2454 2290 2656 2366 βελτίω
2717 2290 3032 2366 μεταϐολήν
3089 2299 3511 2372 παραμυθεῖσθε.
3545 2321 3575 2350 α
3616 2299 3718 2356 Εἱ-

2056 2379 2327 2450 ρηνεύετε.
2391 2405 2418 2433 ››
2481 2385 2653 2439 Τοῦτο
2709 2385 2798 2438 καὶ
2859 2383 2910 2439 ἐν
2972 2389 3040 2459 τῇ
3101 2388 3292 2462 πρώτῃ
3337 2384 3602 2462 ἐπιστολῇ
3663 2387 3716 2444 ἐν

2055 2473 2374 2544 προοιμίοις
2423 2467 2617 2547 ᾔτησε.
2680 2476 3060 2544 Διεστασίαζον
3120 2478 3223 2553 γὰρ
3275 2478 3412 2552 πρὸς
3474 2478 3716 2550 ἑαυτούς,

2054 2559 2120 2616 Τί
2153 2558 2210 2616 δὲ
2241 2559 2549 2636 βούλεται,
2608 2564 2670 2618 τό
2728 2585 2786 2619 τε
2839 2565 2904 2619 τὸ
2943 2564 3076 2622 αὐτὸ
3118 2571 3356 2646 φρονεῖν,
3410 2567 3500 2621 καὶ
3561 2567 3707 2644 εἰρη,

2055 2649 2243 2716 νεύειν,
2288 2652 2372 2705 ὅτι
2402 2646 2480 2706 ἔνι
2510 2653 2572 2707 τὸ
2601 2653 2732 2708 αὐτὸ
2766 2654 2860 2726 μὲν
2890 2660 3111 2734 φρονεῖν
3164 2655 3216 2711 ὲν
3273 2663 3391 2719 τοῖς
3453 2653 3711 2734 δόγμασι.

2059 2739 2135 2812 μὴ
2179 2739 2470 2814 εἰρηνεύειν
2525 2739 2581 2797 δὲ
2638 2743 2774 2817 πρὸς
2828 2743 3071 2808 ἑαυτούς.
3121 2769 3147 2797 ‹‹
3193 2747 3296 2803 Καὶ
3354 2748 3381 2802 6
3414 2748 3542 2810 Θεὸς
3607 2756 3712 2819 τῆς

2053 2829 2290 2904 ἀγάπης.
2322 2853 2347 2883 ιι
2385 2833 2513 2893 Θεὸς
2569 2834 2790 2910 ἀγάπης
2841 2835 2868 2889 6
2923 2835 3052 2897 Θεὸς
3082 2836 3443 2911 χρηματίζει,
3497 2835 3588 2895 διὰ
3643 2841 3705 2894 τὸ

2053 2919 2393 2994 ἠγαπηκέναι
2423 2923 2592 2992 ἡμᾶς·
2630 2921 2855 2997 εἰρήνης
2886 2920 2963 2993 δὲ,
3026 2921 3116 2980 διὰ
3165 2927 3228 2981 τὸ
3278 2926 3588 3001 εἰρηνεῦσαι
3643 2930 3709 2984 τὰ

2053 3005 2104 3061 ἐν
2139 3007 2353 3083 οὐρανῷ
2381 3014 2497 3071 τοῖς
2539 3009 2592 3064 ἐν
2623 3015 2716 3085 γῇ.
2762 3013 2855 3068 Ἐκ
2887 3010 2943 3068 δὲ
2979 3020 3078 3084 τῆς
3137 3013 3376 3090 ἀγάπης,
3402 3020 3438 3088 ἡ
3489 3017 3694 3094 εἲρήνη.

2051 3097 2200 3165 Ἐάν,
2233 3100 2391 3178 φησὶ,
2433 3104 2598 3155 ταῦτα
2627 3109 2844 3172 ποιῆτε,
2885 3097 3035 3158 ἔσται
3089 3108 3205 3178 μεθ’
3261 3106 3414 3179 ὑμῶν
3466 3108 3494 3162 6
3549 3109 3700 3172 Θεὸς-

2050 3187 2085 3257 ἢ
2118 3188 2426 3264 ἐπεύχεται.
2463 3215 2491 3243 ι(
2553 3193 2638 3247 Ἐν
2698 3193 2837 3267 ἁγίῳ
2895 3192 3195 3272 φιλήματι.
3232 3221 3258 3247 ››
3322 3199 3408 3266 Μὴ
3459 3197 3704 3272 ὑπούλῳ,

272 3287 398 3342 Non
433 3284 884 3356 doloso,inquit,
910 3291 967 3340 et
998 3283 1399 3352 fraudulento,
1433 3282 1935 3354 quemadmodum

2056 3280 2206 3357 φησί,
2238 3279 2327 3334 καὶ
2358 3277 2593 3357 δολερῷ,
2627 3282 2701 3346 ὡς
2724 3283 2752 3337 6
2795 3280 3025 3345 Ἰούδας.
3059 3285 3156 3340 Διὰ
3197 3290 3359 3342 τοῦτο
3391 3284 3448 3343 δὲ
3505 3286 3707 3365 φιλοῦ-

267 3375 463 3430 Judas.
504 3377 831 3446 Propterea
861 3380 1062 3429 autem
1111 3374 1552 3439 deosculamur,
1587 3379 1653 3428 ut
1683 3373 1934 3430 suscite-

271 3479 408 3521 mus
441 3480 579 3536 erga
609 3481 717 3518 nos
740 3464 900 3535 ipsos
931 3479 1213 3519 amorem.
1258 3486 1285 3512 «
1319 3463 1591 3518 Salutant
1621 3479 1722 3517 vos
1752 3462 1942 3518 sancti

272 3569 504 3608 omnes.
561 3574 587 3601 ››
645 3554 976 3608 Ρνωδθηιεε
1037 3551 1278 3623 quidem
1339 3551 1546 3608 osculo
1602 3551 1938 3624 conjungit,

265 3643 552 3698 absentes
574 3659 709 3697 vero
742 3641 1101 3698 salutatione
1150 3647 1208 3697 et
1236 3641 1522 3712 alloquio.
1558 3642 1702 3698 Nam
1734 3640 1806 3694 ab
1839 3656 1935 3694 eo-

281 3732 416 3788 dem
449 3733 687 3789 interim
712 3749 813 3787 ore
838 3731 1166 3803 procedunt
1188 3731 1464 3786 salutatio
1498 3737 1556 3786 et
1589 3730 1934 3802 alloquium.

277 3843 306 3872 «
338 3821 534 3878 Gratia
561 3822 795 3879 Domini
825 3823 964 3878 Jesu
1010 3821 1221 3876 Christi
1285 3845 1309 3868 ››
1343 3822 1664 3891 Postquam
1725 3837 1936 3876 omnes

273 3912 602 3984 conjunxit,
629 3928 808 3982 quem
841 3928 1013 3968 suum
1064 3927 1192 3965 mor
1219 3928 1288 3963 im
1325 3910 1503 3964 etiam
1557 3927 1716 3966 nunc
1743 3916 1938 3967 servat

270 4010 548 4077 precatur
567 4004 653 4060 eis
682 4003 871 4070 gratia
904 4002 1036 4060 filii.
1057 4018 1172 4073 qua
1189 4001 1378 4056 salvos
1409 4018 1519 4056 nos
1550 3999 1690 4057 fecit
1745 4000 1935 4073 gratia

273 4095 505 4151 occisus
537 4111 640 4166 pro
676 4094 871 4160 nobis,
907 4100 966 4150 et
999 4110 1119 4149 non
1151 4098 1394 4165 propter
1451 4109 1633 4165 opera
1687 4097 1926 4148 nostra:

274 4188 333 4238 et
361 4183 712 4239 charitatem
734 4183 859 4246 Dei,
895 4198 1012 4253 qua
1042 4198 1149 4237 nos
1182 4182 1412 4242 dilexit,
1455 4181 1592 4238 dato
1623 4197 1729 4253 pro
1760 4180 1934 4236 nobis

276 4273 314 4326 1
328 4275 366 4326 ι
380 4273 425 4327 2
453 4272 761 4345 Unigenito
788 4288 800 4326 :
824 4271 1429 4328 communicationem
1454 4270 1706 4342 Spiritus
1720 4271 1930 4335 sancti,

268 4361 383 4419 hoc
413 4367 524 4430 est,
557 4362 1074 4435 participationem
1108 4361 1237 4432 ejus
1269 4365 1326 4414 et
1358 4359 1789 4432 acceptionem,
1823 4375 1931 4432 per

270 4467 446 4524 quam
467 4468 674 4506 omnes
697 4451 1144 4508 sanctiﬁcamur
1175 4449 1234 4504 in
1268 4448 1789 4520 superventionem
1821 4450 1933 4506 Pa-

267 4541 475 4598 racleti
503 4541 605 4598 Dei
637 4541 908 4614 Spiritus.

269 4665 444 4733 Finis,
476 4667 668 4722 divino
716 4669 933 4734 favente
984 4666 1222 4730 auxilio,
1261 4666 1582 4735 posterioris
1637 4665 1711 4720 ad
1738 4665 1927 4724 Corin-
1955 4660 2001 4725 D

863 4738 1004 4794 thios
1042 4737 1324 4809 Epistolas.

371 4856 546 4912 Missa
578 4861 670 4911 est
699 4871 733 4910 a
780 4855 1073 4927 Philippis
1124 4871 1233 4926 per
1261 4854 1456 4910 Titum
1488 4857 1547 4908 et
1575 4853 1813 4911 Lucam.

2051 3389 2172 3441 μεν,
2202 3370 2294 3424 ἳνα
2330 3369 2773 3446 ἀναζωπυρῶμεν
2828 3373 2927 3440 τήν
2969 3373 3106 3448 πρὸς
3172 3375 3395 3440 ἑαυτοὺς
3459 3377 3699 3454 ἀγάπην.

2049 3459 2476 3527 «Ἀσπάζονται
2519 3462 2658 3534 ὑμᾶς
2717 3461 2768 3516 οἱ
2827 3461 2977 3536 ἅγιοι
3036 3463 3230 3526 πάντες
3313 3490 3341 3518 ››
3403 3466 3546 3529 Τοὺς
3601 3468 3700 3543 μὶν

2045 3548 2316 3622 παρόντας
2379 3547 2467 3603 ’διᾶ
2515 3550 2834 3629 φιλήματος
2894 3555 3166 3622 συνάπτει,
3199 3553 3327 3617 τοὺς
3378 3553 3434 3612 δὶ
3464 3558 3704 3622 ἀπόντας

2045 3633 2132 3692 διὰ
2165 3641 2542 3714 προσρήσεως.
2604 3641 2736 3698 Ἀπὸ
2793 3644 2896 3719 γάρ
2953 3648 3051 3699 τοῦ
3108 3645 3276 3701 αὐτοῦ
3307 3649 3523 3721 πρόεισι
3575 3649 3700 3704 στό-

2046 3747 2236 3798 ματος,
2271 3727 2300 3782 ὅ
2329 3749 2388 3782 τε
2416 3727 2702 3803 ἀσπασμὸς
2740 3731 2829 3784 καὶ
2889 3735 2923 3800 ἡ
2984 3733 3310 3808 πρόσρησις.
3347 3761 3375 3788 ι(
3414 3736 3479 3792 Ἦ
3535 3737 3700 3814 χάρις

2039 3819 2136 3870 τοῦ
2168 3819 2372 3891 Κυρίου
2434 3821 2593 3890 ἡμῶν
2655 3821 2836 3890 Ἰησοῦ
2893 3825 3159 3897 Χριστοῦ,
3204 3847 3233 3874 »
3293 3822 3518 3896 Ἐπειδὴ
3577 3848 3698 3882 συν·

2039 3908 2177 3981 ἧψεν
2257 3905 2520 3977 ἃπαντας,
2569 3907 2701 3984 ὅπερ
2787 3902 2907 3973 ἔθος
2965 3911 3136 3982 αὐτῷ,
3197 3913 3287 3967 καὶ
3345 3917 3437 3968 νῦν
3521 3921 3694 3986 ποιεῖ,

2038 3995 2330 4077 ἐπεύχεται
2359 3999 2548 4060 αὐτοῖς
2593 3999 2690 4067 τὴν
2724 3999 2883 4074 χάριν
2941 4005 3039 4056 τοῦ
3096 4002 3246 4067 Υἱοῦ,
3308 4000 3379 4060 δι’
3407 4007 3472 4075 ἧς
3497 4000 3694 4076 ἔσωσε,

2039 4087 2228 4162 χάριτι
2258 4089 2348 4142 καὶ
2380 4089 2442 4143 οῦ
2477 4088 2546 4144 δι’
2577 4084 2709 4164 ἔργα
2740 4093 2900 4162 ἡμῶν
2935 4093 3156 4172 σφαγεὶς
3198 4094 3329 4169 ὑπὲρ
3389 4099 3569 4171 ἡμῶν,
3601 4097 3692 4153 καὶ

2037 4178 2135 4246 τήν
2160 4178 2379 4251 ἀγάπην
2411 4182 2506 4232 τοῦ
2540 4179 2749 4253 ΙΙατρὸς
2781 4179 2846 4249 ἣν
2877 4181 3157 4255 ἠγάπησεν
3190 4185 3362 4256 ἡμᾶς,
3402 4187 3494 4241 τὸν
3529 4209 3692 4260 μονο-

2035 4273 2162 4342 γενῆ
2200 4265 2326 4328 δοὺς
2355 4268 2488 4342 ὑπὶρ
2530 4270 2714 4340 ἡμῶν.
2752 4270 2854 4325 Καὶ
2913 4272 3012 4341 τὴν
3075 4275 3358 4331 κοινωνίαν
3393 4281 3491 4333 τοῦ
3536 4277 3693 4353 ἁγίου

2038 4356 2372 4428 Πνεῦματος,
2407 4358 2524 4412 οἷον
2557 4361 2657 4426 τήν
2700 4362 2948 4434 μετοχὴν
3009 4361 3173 4417 αὐτοῦ
3213 4365 3302 4419 καὶ
3361 4365 3693 4442 μετάληψιν,

2037 4443 2106 4500 δι’
2138 4449 2204 4515 ἧς
2236 4447 2430 4508 πάντες
2462 4448 2814 4524 ἀγιαζὸμεθα,
2841 4447 2895 4504 ἐν
2926 4455 2995 4524 τῇ
3053 4449 3400 4530 ἆπιφοιττςσει
3459 4459 3555 4512 τοῦ
3585 4477 3694 4512 πα-

2038 4534 2320 4610 ρακλήτου
2359 4540 2493 4593 Θεοῦ
2522 4541 2617 4593 τοῦ
2648 4537 2966 4614 Ηνεύματος

2211 4661 2402 4730 Τέλος,
2461 4661 2553 4717 σὺν
2785 4670 2886 4732 τῆς
2906 4666 3052 4792 ἱρὸς
3096 4668 3422 4742 Κορινθίους
3463 4671 3512 4746 β’

2654 4782 2659 4786 .
2741 4755 2898 4791 πιστο
2942 4758 3030 4792 nc.

2654 4755 3030 4804 ,ἰπιστοΛης.

2144 4852 2389 4929 Ἐγράφη
2451 4851 2558 4906 ἀπὸ
2591 4849 2914 4926 Φιλίππων,
2945 4850 3034 4910 διὰ
3064 4854 3230 4913 Τίτου
3257 4858 3350 4914 καὶ
3380 4865 3584 4932 Λουκᾷ.
