4098 6432
407 415 560 476 1089

401 537 2432 587 m

1661 713 2550 844 ΥΠΟΘΕΣΙΣ

1469 403 1874 472 COMMENT.
1927 411 2010 471 IN
2057 409 2307 470 EPIST.
2357 410 2456 468 AD
2502 414 2784 472 GALAT.

3664 412 3822 476 1090

2435 540 3818 583 ’Μ

1018 973 1260 1067 ΤΗΣ
1353 972 1680 1067 ΠΡΟΣ
1776 971 2339 1067 ΓΑΛΑΤΑΣ
2427 973 3177 1070 ΕΠΙΣΤΟΛΗΣ.

1509 1359 2710 1484 ARGUMENTUM

1306 1583 1941 1680 EPISTOLE
2035 1581 2196 1674 AD
2291 1581 2874 1690 GALATAS.

441 1942 656 2013 Ταύτην
689 1939 1002 1999 ἱπιστέλλει
1051 1943 1156 1998 ἀπὸ
1214 1942 1458 2016 Ῥώμης,
1517 1941 1772 2016 ἑωρακὼς
1832 1939 2027 2002 αὐτοὺς

2169 1921 2173 1928 ’
2223 1938 2374 1994 718
2401 1939 2559 1994 Hanc
2578 1939 2650 1995 ab
2681 1939 2826 1995 urbe
2846 1941 3809 2016 Romascribit,cumjamvidisset

370 2029 484 2103 ἤδη
542 2033 629 2087 καὶ
697 2028 936 2105 διδάξας.
1023 2033 1087 2087 Ἰ]
1145 2029 1201 2086 δὲ
1246 2033 1517 2109 πρόφασις
1569 2038 1669 2100 τῆς
1713 2029 2031 2100 ἐπιστολῆς,

366 2121 529 2192 αὕτησ
566 2119 924 2196 Διδαχθέντες
964 2120 1148 2185 καλῶς
1184 2123 1235 2176 οἱ
1267 2119 1504 2176 Γαλάται
1535 2121 1682 2198 παρὰ
1735 2124 1834 2176 τοῦ
1866 2122 2030 2178 Ἀποο

369 2209 594 2280 στόλου,
656 2210 745 2265 καὶ
805 2209 1182 2273 πιστεύσαντες
1227 2209 1463 2286 γνησίως
1520 2206 1596 2273 εἲς
1653 2210 1742 2264 τὸν
1799 2210 2028 2284 Χριστὸν

369 2295 841 2374 ἀποδημήσαντος
923 2303 1020 2354 τοῦ
1125 2297 1518 2372 Ἀποστόλου,
1603 2300 2026 2374 ὑφηρπάσθησαν

371 2391 522 2466 παρὰ
586 2394 772 2463 τινῶν,
859 2387 1000 2445 ὥστε
1079 2389 1516 2464 περιτέμνεσθαι.

371 2477 558 2552 μαθὼν
588 2479 615 2533 ὁ
649 2477 1006 2551 Ἀπόστολος,
1037 2479 1234 2556 γράφει
1279 2479 1418 2552 πρὸς
1472 2476 1687 2542 αὐτοὺς.
1743 2477 1840 2535 Καὶ
1871 2481 2027 2553 πρῶ-

364 2587 459 2622 τον
508 2567 626 2641 μὶν,
687 2572 952 2644 μαρτυρεῖ
1005 2568 1190 2630 αὐτοῖς
1247 2569 1372 2642 περὶ
1430 2567 1498 2637 ἧς
1557 2567 1710 2643 εἶχον
1766 2567 2025 2640 πίστεως,

367 2657 460 2712 καὶ
504 2656 734 2731 γνησίας
765 2656 816 2712 ἐν
874 2659 1093 2732 Χριστῷ
1154 2654 1459 2720 διαθέσεως.
1524 2656 1802 2732 Μέμφεται
1836 2654 1892 2712 δὲ
1951 2658 2024 2720 ὡς

378 2745 630 2816 ἀνοήτως
689 2748 991 2822 πράξαναας
1048 2746 1136 2802 καὶ
1196 2742 1722 2821 μεταϐαλλομένους
1807 2745 2024 2809 αὐτούς.

1601 2393 1782 2444 Ταῦτα
1852 2387 2029 2443 τοίνυν

361 2837 591 2891 Ἔπειτα
622 2830 984 2909 διαλαμϐάνει
1033 2837 1156 2912 περὶ
1218 2841 1314 2891 τοῦ
1368 2836 1568 2910 νόμου,
1610 2837 1698 2891 καὶ
1748 2842 1849 2906 τῆς
1891 2837 2028 2891 κατὰ

358 2924 452 2979 τὸν
520 2919 768 3000 Ἀϐραὰμ
822 2926 1078 2988 πίστεως.
1143 2926 1246 2982 Καὶ
1306 2924 1686 2981 ἀποδείκνυσιν
1744 2925 1803 2982 ἔκ
1840 2930 2025 2982 τετοῦ

359 3015 558 3086 νόμου,
601 3015 691 3068 καὶ
748 3019 857 3070 τῶν
907 3021 1172 3091 γυναικῶν
1219 3019 1316 3070 τοῦ
1368 3011 1638 3089 Ἀϐραὰμ,
1698 3014 2024 3092 ἀλληγορή-

362 3122 460 3164 σας
492 3102 677 3172 αύτάς,
717 3107 883 3179 μέχρι
916 3109 1116 3178 καιροῦ
1149 3101 1394 3160 διδοσθαι
1423 3106 1522 3173 τήν
1570 3106 1719 3160 σκιάν
1781 3105 1870 3160 καὶ
1920 3107 2020 3175 τὴν

368 3193 690 3266 περιτομὴν,
735 3195 826 3248 καὶ
887 3194 1066 3269 ἀργεῖν
1102 3193 1237 3250 αὐτὰ
1270 3194 1462 3250 λοιπὸν
1516 3198 1584 3268 τῇ
1627 3198 1724 3249 τοῦ
1783 3195 2020 3269 Χριστοῦ

367 3283 654 3355 παρουσίᾳ.
717 3282 818 3339 Καὶ
870 3284 1044 3345 οὕτως
1106 3281 1410 3355 ἀποδείξας,
1469 3282 1839 3359 παραγγέλλει
1906 3284 2021 3340 λοι-

365 3371 467 3424 πὸν
501 3370 685 3436 αὐτοῖς
720 3377 917 3445 μηκέτι
959 3373 1252 3449 προσέχεῖν
1305 3379 1425 3436 τοῖς
1482 3374 1841 3445 ἀπατήσασιν,
1873 3373 2019 3430 ἀλλὰ

365 3457 587 3533 μᾶλλον
611 3459 830 3537 ἔχεσθαι
879 3470 980 3532 τὴς
1010 3462 1064 3518 ἐν
1125 3466 1344 3540 Χριστῷ
1395 3464 1651 3534 πίστεως,
1708 3464 1799 3518 καὶ
1855 3465 2022 3540 γινώ-

363 3572 519 3607 σκειν
554 3554 636 3609 δτι
695 3557 730 3624 ἡ
790 3554 843 3610 ἐν
903 3558 1118 3629 Χριστῷ
1168 3555 1352 3632 χάρις,
1417 3561 1676 3632 καταργεῖ
1729 3557 1829 3626 τὴν
1885 3556 2021 3611 κατᾶ

359 3650 540 3718 σάρκα
571 3647 908 3719 περιτομήν.
948 3643 1046 3701 Καὶ
1079 3646 1254 3708 οὕτως
1303 3645 1468 3704 πάλιν
1525 3646 1601 3708 εἷς
1649 3645 1718 3702 τὰ
1745 3644 1853 3717 ἤθη
1887 3665 2021 3723 παρ-

357 3733 575 3794 αινέσας
613 3733 705 3788 καὶ
739 3730 956 3808 δ.δάξας
987 3733 1196 3791 τελειοῖ
1222 3736 1321 3804 τήν
1346 3733 1660 3805 ἐπιστολήν.

955 3865 1421 3921 ΘΕΟΔΩΡΗΤΟΥ.

431 3985 502 4039 Τὸ
550 3985 646 4058 μὶν
699 3984 1015 4060 προοίμιον,
1067 3987 1157 4042 καὶ
1211 3993 1354 4042 πᾶσα
1411 3984 1607 4066 σχεδὸν
1658 3990 1692 4058 ἡ
1724 3986 2015 4059 ἐπιστολὴ,

357 4077 536 4146 θυμοῦ
567 4080 747 4152 γεμει.
788 4076 848 4132 ἹΙ
895 4074 951 4131 δὲ
1007 4075 1157 4132 αἰτία
1221 4076 1375 4147 αὕτη.
1438 4078 1592 4139 Τινὲς
1645 4077 1752 4133 τῶν
1783 4077 1832 4148 ἐξ
1864 4078 2012 4136 Ἱου-

351 4157 520 4217 δαίων
555 4164 961 4238 πιστεύσαντες,
993 4167 1084 4221 καὶ
1133 4160 1213 4222 ἔτι
1263 4172 1342 4240 τῷ
1371 4167 1612 4240 πατρῴῳ
1668 4167 1824 4242 νόμῳ
1880 4190 2009 4224 κατ-

347 4254 636 4328 εχόμενοι,
695 4254 911 4312 ἔπεισαν
968 4257 1216 4320 πολλοὺς
1273 4264 1380 4313 τῶν
1420 4257 1472 4314 ἐν
1525 4259 1766 4331 Γαλατίᾳ
1804 4265 2008 4316 πιστῶν

342 4344 782 4418 περιτέμνεσθαι,
833 4347 924 4401 καὶ
983 4342 1226 4403 σάϐϐατα
1280 4353 1489 4422 τηρεῖν,
1539 4350 1629 4403 καὶ
1686 4349 2006 4421 νουμηνίας.

341 4431 598 4489 Ἐπειθον
633 4431 711 4506 δὲ,
747 4433 1000 4510 λέγοντες
1036 4437 1113 4508 μή
1147 4432 1256 4490 δεῖν
1297 4441 1374 4506 τῷ
1434 4435 1640 4508 Παύλῳ
1699 4437 2005 4510 πείθεσθαι,

335 4527 418 4595 τῷ
449 4523 579 4602 χθὲς
612 4525 702 4578 καὶ
741 4527 982 4600 σήμερον
1013 4527 1248 4605 φανέντι,
1283 4524 1431 4580 ἀλλὰ
1464 4524 1680 4598 μᾶλλον
1708 4532 1826 4589 τοῖς
1858 4527 2004 4607 ἀμφὶ

341 4612 547 4686 Πέτρον
603 4613 694 4668 καὶ
783 4609 1044 4670 Ἰάκωϐον
1101 4615 1191 4669 καὶ
1278 4617 1514 4684 Ιωάννην
1550 4657 1562 4671 .
1623 4614 1789 4672 Οὔτοι
1841 4617 1944 4690 γάρ
1984 4659 1998 4684 ,

2146 2044 2246 2083 eos
2278 2045 2345 2083 ac
2377 2028 2696 2085 docuisset.
2732 2030 2974 2085 Occasio
3023 2047 3160 2086 vero
3190 2033 3454 2103 epistolae
3489 2035 3614 2090 haec
3645 2035 3756 2090 fuit
3788 2052 3801 2091 :

2144 2115 2364 2170 Galatae
2395 2121 2554 2172 recte
2587 2115 2658 2170 ab
2691 2117 2974 2187 Apostolo
3006 2117 3221 2180 edocti,
3255 2135 3388 2173 cum
3424 2121 3683 2192 legitime
3740 2122 3802 2178 in

2141 2203 2442 2259 Christum
2471 2203 2884 2272 credidissent,
2920 2205 3020 2260 ubi
3054 2205 3428 2263 discessisset
3455 2211 3798 2282 Apostolus,

2137 2294 2392 2364 surrepti
2426 2300 2568 2348 sunt
2598 2311 2631 2348 a
2657 2292 3011 2364 quibusdam
3046 2301 3103 2349 et
3134 2295 3454 2364 seducti,ut
3483 2299 3798 2355 circumci-

2136 2382 2503 2439 deretur.His
2525 2383 2705 2457 igitur
2721 2386 3292 2458 cognitis,scribitad
3326 2405 3425 2443 eos
3455 2390 3794 2461 Apostolus.

2137 2473 2206 2527 Et
2236 2473 2494 2544 primum
2545 2473 2788 2544 quidem
2845 2480 3158 2531 attestatur
3214 2475 3360 2548 ipsis
3410 2477 3588 2533 ﬁdem
3617 2495 3797 2552 quam

2136 2562 2456 2630 habebant,
2517 2569 2574 2617 et
2603 2563 2933 2635 legitimum
2966 2565 3028 2619 in
3061 2565 3246 2620 Deum
3276 2568 3558 2624 aﬂ‘ectum
3593 2587 3605 2622 :
3639 2569 3798 2624 indi-

2135 2658 2349 2724 gnatur
2377 2657 2577 2708 autem
2609 2651 2766 2726 quod
2798 2653 3152 2726 insipienter
3183 2658 3488 2728 egerintet
3506 2664 3802 2714 transmu-

2135 2742 2240 2796 tati
2272 2740 2410 2796 sint.
2449 2741 2672 2798 Deinde
2703 2742 2774 2797 de
2815 2737 2941 2815 lege
2975 2743 3216 2799 disserit
3244 2762 3312 2800 ac
3347 2746 3460 2802 fide
3510 2765 3643 2818 quas
3703 2765 3799 2803 se-

2135 2829 2395 2884 cundum
2429 2829 2728 2885 Abraham
2761 2837 2870 2886 est.
2907 2833 3201 2888 Praeterea
3234 2850 3304 2889 ex
3335 2834 3463 2908 lege
3513 2836 3797 2905 ostendit,

2135 2925 2195 2974 et
2223 2935 2290 2974 ex
2313 2920 2599 2975 uxoribus
2629 2919 2926 2976 Abraham
2958 2921 3275 2994 allegorice
3323 2924 3665 2987 intellectis.
3725 2926 3799 2982 ad

2133 3013 2368 3081 tempus
2399 3009 2596 3065 datam
2626 3009 2808 3066 fuisse
2836 3010 3105 3066 umbram
3139 3028 3207 3067 ac
3250 3013 3791 3083 circumcisionem,

2131 3114 2318 3169 eaque
2344 3098 2624 3170 deinceps
2666 3117 2772 3170 per
2821 3100 3140 3156 adventum
3199 3101 3415 3158 Christi
3472 3103 3628 3159 facta
3660 3121 3790 3160 esse

2130 3190 2337 3246 otiosa.
2365 3191 2433 3244 Et
2463 3191 2554 3244 his
2581 3189 2661 3243 ita
2689 3190 3132 3257 demonstratis,
3168 3202 3606 3265 consequenter
3637 3214 3789 3267 pra:-

2129 3278 2272 3349 cipit
2303 3278 2468 3349 ipsis.
2501 3295 2574 3334 ne
2633 3279 2892 3350 amplius
2948 3280 3296 3336 adhaereant
3341 3282 3789 3354 impostoribus,

2129 3368 2232 3424 sed
2262 3368 2456 3439 potius
2487 3368 2704 3423 Christi
2747 3367 2882 3424 fidei
2945 3369 3250 3438 haereant;
3315 3378 3373 3427 et
3430 3380 3790 3446 cognoscant

2129 3457 2286 3527 quod
2317 3473 2422 3528 per
2441 3457 2740 3512 Christum
2771 3459 2960 3531 gratia
3007 3459 3330 3516 aboleverit
3384 3462 3790 3520 circumcisio-

2127 3559 2264 3601 nem
2296 3546 2625 3603 secundum
2649 3564 2889 3602 carnem
2917 3565 2929 3602 τ
2964 3555 3023 3603 et
3046 3550 3129 3604 ita
3150 3567 3387 3606 rursum
3419 3552 3575 3610 circa
3595 3570 3789 3610 mores

2125 3633 2503 3692 admonendo
2534 3653 2603 3694 ac
2633 3636 2904 3694 docendo
2937 3638 3242 3695 concludit
3275 3641 3622 3714 Epistolam.

2730 3863 2818 3916 ΤΗ
2831 3862 3198 3919 EODORETI.

2196 3988 2348 4044 714
2397 3988 2754 4044 Prooemium
2805 4006 2874 4044 ac
2925 3994 3046 4045 tota
3074 3990 3260 4046 ferme
3290 3990 3554 4062 Epistola
3609 3993 3789 4065 plena

2120 4082 2210 4132 est
2242 4077 2751 4133 excandescentia.
2796 4079 2986 4134 Causa
3017 4085 3218 4135 autem
3251 4080 3377 4136 hazc
3433 4081 3545 4137 fuit
3576 4100 3590 4138 :
3635 4082 3782 4149 Qui-

2119 4165 2254 4222 dam
2287 4167 2387 4238 qui
2420 4185 2450 4222 e
2479 4166 2696 4222 Iudaeis
2738 4167 3124 4224 crediderant
3181 4176 3239 4224 et
3269 4170 3463 4226 adhuc
3517 4178 3781 4243 paternas

2118 4255 2228 4328 legi
2263 4256 2667 4322 adhaerebant,
2699 4257 2906 4312 multis
2931 4257 3208 4314 fidelibus
3241 4260 3338 4330 qui
3373 4260 3531 4316 inter
3549 4261 3780 4319 Galatas

2115 4351 2306 4413 erant,
2331 4352 2757 4417 persuaserunt
2778 4347 3422 4406 utcircumciderentur
3452 4357 3510 4404 et
3530 4351 3783 4408 Sabbata

2115 4452 2182 4491 ac
2212 4435 2570 4490 Neomonias
2603 4442 2932 4492 servarent.
2969 4437 3414 4494 Persuadebant
3442 4447 3663 4501 autem.
3689 4442 3783 4497 di-

2111 4529 2316 4580 centes
2341 4541 2463 4579 non
2498 4540 2629 4581 esse
2657 4525 2840 4579 Paulo
2865 4525 3531 4600 obtemperandum,qui
3563 4547 3781 4602 paucos

2108 4618 2244 4667 ante
2277 4613 2405 4667 dies
2455 4613 2856 4684 apparuisset,
2892 4615 2995 4670 sed
3021 4617 3210 4689 magis
3239 4617 3436 4682 Petro,
3467 4619 3682 4675 Jacobo
3712 4637 3781 4675 ac

339 4700 498 4777 φησὶ,
557 4703 688 4774 μετᾶ
735 4704 972 4774 Χριστοῦ
1035 4705 1316 4780 γενόμενοι
1377 4705 1441 4758 ού
1499 4703 1778 4759 κωλύουσι
1835 4703 2031 4778 περι-⁴

2123 4703 2336 4758 ioanni.
2375 4704 2519 4758 Nam
2554 4704 2638 4770 hi,
2677 4720 2808 4758 cum
2839 4704 3095 4761 fuissent
3138 4724 3272 4762 cum
3331 4707 3582 4776 Christo,
3617 4709 3779 4766 dice-

336 4791 548 4863 τομήν.
583 4793 688 4848 Καὶ
745 4792 969 4864 ἀληθῶς
1033 4796 1127 4868 μὲν
1196 4794 1349 4849 οὗτοι
1406 4787 1804 4870 συγκαταϐάσει
1859 4795 1995 4867 πρὸς

337 4877 636 4945 Ἰουδαίους
665 4882 966 4958 χρώμενοι,
1022 4882 1124 4938 οὐκ
1174 4881 1417 4939 ἐκώλυον
1474 4883 1803 4956 περιτομήν,
1839 4883 1993 4954 ὅμως

341 4967 496 5024 οὗτοι
528 4970 966 5047 ἀποκρύπτοντες
993 4976 1094 5042 τήν
1149 4972 1325 5028 αἰτίαν
1368 4971 1453 5028 ὅτι
1511 4969 1601 5028 διὰ
1657 4967 1993 5048 συγκαταϐα-

339 5079 424 5112 σιν
453 5059 514 5114 ού
546 5059 878 5129 κωλύουσιν,
911 5060 972 5117 ἐκ
999 5067 1096 5118 τοῦ
1133 5064 1428 5137 γινομένου
1480 5061 1673 5136 μάνου,
1713 5059 1994 5131 ἐδελὲαζον

334 5147 536 5212 αύτούς
566 5151 641 5214 εἰς
675 5154 999 5224 περιτομήν,
1041 5153 1132 5208 καὶ
1184 5155 1277 5208 τὸν
1352 5157 1567 5209 [ΙαῦΑον
1624 5151 1989 5222 ἐξηυτέλιζον,

334 5239 630 5317 φάσκοντες
661 5241 721 5296 οὐ
753 5245 850 5297 τοῦ
903 5247 1164 5317 Χριστοῦ,
1195 5241 1342 5297 ἀλλᾶ
1391 5247 1498 5297 τῶν
1534 5246 1794 5315 μαθητῶν
1854 5243 1990 5298 εἶναι

332 5331 606 5401 μαθητήν,
638 5331 764 5394 τοὺς
800 5329 858 5387 δὲ
897 5333 1019 5406 περὶ
1080 5333 1299 5407 Πέτρον,
1353 5331 1516 5387 αὐτοῦ
1571 5336 1670 5387 τοῦ
1727 5337 1985 5407 Χριστοῦ.

326 5418 555 5474 ’Έπειτα
594 5417 804 5496 ἔλεγον,
861 5421 945 5478 δτι
1003 5422 1166 5484 αύτὸς
1199 5424 1227 5477 ὁ
1260 5421 1472 5482 Ηαῦλος
1532 5421 1776 5498 φαίνεται
1811 5419 1986 5478 ἅλλα-

323 5511 436 5582 χοῦ
471 5511 799 5582 περιτεμὼν.
835 5511 899 5568 Τί
934 5508 1142 5582 δήποτε
1174 5509 1292 5578 οὖν,
1359 5511 1517 5590 φασὶν
1577 5512 1718 5583 ὑμᾶς
1769 5511 1831 5566 οὗ
1885 5531 1982 5566 πε-

325 5595 569 5673 ριτέμνει
599 5618 614 5669 ;
658 5600 725 5670 ἧν
754 5600 855 5677 γὰρ
903 5605 982 5674 τῷ
1038 5598 1238 5669 ἀληθεῖ
1267 5603 1296 5657 ὁ
1327 5599 1541 5663 Παῦλος
1592 5601 1683 5656 τὸν
1713 5599 1983 5675 Τιμόθεον

320 5684 692 5761 οἳκονομικῶς
736 5690 1046 5766 περιτεμὼν
1074 5729 1089 5749 .
1157 5691 1302 5766 Πρὸς
1369 5695 1538 5746 ταῦτα
1596 5689 1689 5745 οὗν
1740 5690 1934 5768 γράφει
1963 5731 1986 5761 ,

317 5776 414 5836 καὶ
447 5775 646 5842 coetui;
693 5777 751 5834 ἆκ
807 5779 1119 5854 προοιμίων
1175 5780 1312 5853 πρὸς
1379 5778 1553 5835 ἐκεῖνο
1610 5779 1977 5849 ἀποτείνιται,

2113 4789 2258 4844 bant
2286 4805 2405 4843 non
2442 4789 2760 4860 prohibere
2799 4791 3338 4848 circumcisionem.
3395 4795 3463 4849 Et
3508 4811 3641 4850 vere
3685 4783 3774 4852 illi

2113 4878 2557 4950 dispensatione
2589 4895 2656 4934 ac
2696 4880 3204 4936 condescensione
3228 4881 3487 4952 quadam
3517 4901 3655 4956 erga
3674 4886 3772 4941 Ju-

2110 4967 2270 5024 dzros
2296 4973 2538 5023 utentes
2554 4985 2677 5023 non
2703 4969 3102 5039 prohibebant
3120 4971 3773 5032 circunicisionem.Ve-

2107 5075 2240 5115 rum
2256 5058 2313 5113 hi
2329 5057 2620 5114 occultata
2631 5075 3050 5132 causa.nempe
3066 5062 3224 5132 quod
3239 5063 3772 5123 condescendendo

2106 5165 2227 5204 non
2259 5147 2666 5220 prohiberent.
2698 5166 2768 5205 ex
2791 5149 2944 5204 facto
2987 5166 3087 5205 eos
3127 5149 3202 5205 ad
3251 5153 3770 5213 circumcisionem

2105 5239 2539 5298 inescabant.et
2561 5239 2807 5294 Paulum
2822 5239 3120 5310 abjectum
3145 5241 3474 5299 reddebant
3503 5245 3768 5302 dicentes

2101 5329 2299 5401 ipsum
2331 5343 2449 5382 non
2481 5327 2721 5391 Christi,
2756 5328 2858 5384 sed
2907 5330 3315 5400 apostolorum
3347 5349 3476 5390 esse
3508 5335 3766 5407 discipu-

2100 5417 2491 5474 lum.Petrum
2525 5433 2658 5470 vero
2683 5432 2749 5470 ac
2772 5422 3018 5472 czeteros
3043 5417 3228 5489 ipsius
3269 5422 3506 5478 Christi.
3541 5423 3760 5479 Deinde

2101 5506 2377 5562 dicebant
2393 5505 2551 5574 quod
2569 5504 2696 5575 ipse
2719 5505 2934 5561 Paulus
2957 5506 3764 5567 alibicircumcidisseosten-

2101 5596 2342 5653 deretur
2373 5612 2386 5650 :
2422 5610 2604 5666 quare
2632 5609 2731 5648 vos
2763 5613 2922 5669 ergo,
2958 5596 3256 5668 inquiunt,
3291 5617 3410 5655 non
3449 5600 3759 5655 circumci-

2099 5686 2188 5742 dit
2214 5685 2408 5742 ‘2Vere
2442 5683 2605 5740 enim
2638 5685 2856 5742 Paulus
2889 5687 3266 5758 Timotheum
3310 5688 3759 5759 dispensatione

2099 5775 2357 5848 quadam
2385 5773 2862 5833 circumcideret.
2911 5774 2998 5831 Ad
3039 5771 3164 5831 haec
3205 5792 3342 5848 ergo
3373 5777 3599 5843 scribit,
3634 5782 3756 5835 sta-
