4098 6416
350 349 510 413 1093

1397 345 1803 409 COMMENT.
1854 343 1927 403 IN
1974 342 2221 406 EPIST.
2274 346 2375 404 AD
2421 346 2693 407 GALAT.

3613 349 3773 411 1094

356 478 658 557 χωρισθεὶς
689 478 790 547 τὴν
812 476 1155 548 ἀποστολήν,
1187 475 1316 533 οὐδὲ
1346 475 1418 532 δι’
1449 477 1763 550 ἀνθρώπου,
1783 473 1930 532 ἀλλὰ
1947 473 2017 531 δι’

2134 477 2204 534 ab
2236 478 2578 536 hominibus
2598 479 2958 553 apostolatu,
2991 480 3092 553 qui
3122 496 3243 536 non
3277 495 3398 552 per
3446 481 3777 550 hominem,

358 574 530 630 αὐτοῦ
553 575 651 628 τοῦ
678 575 920 646 Χριστοῦ
953 569 1030 634 εἰς
1068 575 1230 627 τοῦτο
1269 569 1441 627 ἐλθὼν
1473 571 1536 627 τὸ
1566 565 1743 647 ἔργον.
1778 594 1805 623 ‹‹
1839 566 2016 628 Ἀλλὰ

357 663 450 720 διὰ
490 659 670 733 Ἰησοῦ
701 664 943 737 Χριστοῦ
972 661 1063 719 καὶ
1096 666 1234 718 Θεοῦ
1274 662 1509 738 Πατρός.
1545 661 2015 736 ››Σημεῖωσαιτὸ,

349 752 463 822 διὰ,
504 752 591 808 ἐπὶ
633 751 838 827 πατρὸς
869 752 961 808 καὶ
993 753 1123 807 Υἱοῦ
1172 751 1444 825 κείμενον,
1502 751 1595 807 καὶ
1651 756 1868 826 πρῶτον
1924 751 2015 806 τὸν

351 845 482 899 Υῖὸν
514 840 906 915 ὀνομασθέντα.
941 865 969 893 ιι
1021 843 1136 899 Τοῦ
1192 840 1494 917 ἐγείραντος
1557 840 1741 895 αὐτόν.
1775 864 1802 892 ›ι
1861 839 2017 913 ’Υπὲρ

354 940 458 1003 τῆς
487 933 563 994 εἰς
592 933 687 988 τὸν
715 931 926 1004 Πατέρα
955 937 1127 1005 τιμῆς
1158 934 1323 986 τοῦτο
1374 928 1612 1005 ε”ρηται,
1677 929 1768 985 καὶ
1802 926 1891 984 Bai
1919 949 2017 984 τίν

353 1026 466 1077 τῶν
499 1020 809 1076 ἀκουόντων
838 1019 1129 1084 ἀσθένειαν.
1167 1045 1193 1072 ι(
1245 1020 1342 1075 Ἐκ
1373 1024 1602 1095 νεκρῶν.
1650 1040 1671 1072 ο
1732 1017 2019 1092 Εὐκαίρως

355 1119 459 1181 τῆς
488 1110 810 1184 οἶκονομίας
837 1110 926 1164 καὶ
958 1113 1058 1164 τοῦ
1089 1108 1323 1165 Θανάτου
1353 1106 1598 1181 ἐμνήσθη
1657 1112 1754 1163 τοῦ
1801 1108 2023 1183 Κυρίου,

350 1198 447 1257 ’ἶνα
474 1205 582 1256 τῶν
613 1204 711 1254 τοῦ
771 1202 1010 1271 Χριστοῦ
1073 1197 1395 1273 εὐεργεσιῶν
1458 1198 1802 1268 ὑπομνήσας,
1841 1197 2022 1271 τούτῳ

352 1293 486 1364 γοῦν
537 1293 617 1362 τῷ
669 1288 860 1362 τρόπῳ
920 1286 1079 1362 πείσῃ
1135 1293 1334 1362 μηκέτι
1384 1291 1462 1359 τῷ
1511 1286 1667 1362 νόμῳ
1707 1284 2022 1362 προσέχειν,

350 1377 501 1437 ἀλλὰ
530 1383 610 1451 τῷ
642 1379 885 1454 Χριστῷ.
918 1402 945 1430 u
981 1378 1079 1435 Καὶ
1116 1378 1170 1433 οἱ
1203 1378 1296 1432 σὺν
1327 1376 1453 1450 ἐμοὶ
1486 1378 1675 1442 πάντες
1705 1374 1955 1457 ἀδελφοί.
1995 1401 2023 1428 ››

357 1470 427 1528 Τί
457 1466 523 1539 δή
558 1488 691 1522 ποτε
720 1471 808 1522 νῦν
843 1466 1057 1522 πάντων
1095 1469 1370 1541 μέμνηται
1399 1471 1509 1521 τῶν
1565 1464 1815 1547 ἀδελφῶν
1852 1487 1865 1536 ;
1898 1468 2025 1523 ’Ότι

359 1559 413 1613 oi.
446 1552 841 1621 διαϐάλλοντες
869 1555 1029 1612 αὐτὸν
1064 1550 1253 1631 ἔλεγον
1293 1555 1456 1629 μόνον
1499 1556 1589 1611 τὸν
1651 1555 1864 1612 Παῦλον
1923 1576 2024 1611 καο

352 1648 422 1703 τὰ
479 1647 834 1720 καινοτομίαν
891 1648 991 1715 τὴν
1052 1646 1358 1721 περιτομὴν
1429 1643 1689 1703 κωλύειν.
1755 1644 2025 1702 Βοόλεται

356 1736 449 1793 οὖν
486 1733 680 1808 δεῖξαι,
711 1733 958 1797 πολλοὺς
1016 1740 1123 1791 τῶν
1180 1742 1453 1790 τοιούτων
1515 1731 1803 1810 δογμάτων
1868 1732 2023 1797 ὄντας

353 1826 670 1887 κοινωνούς.
706 1850 733 1879 ι(
767 1828 900 1886 Ταῖς
970 1823 1329 1896 Ἐκκλησίαις
1359 1832 1459 1895 τῆς
1490 1823 1784 1888 Γαλατίας.
1823 1849 1851 1876 ››
1884 1825 2021 1900 Ὀρα
2057 1848 2100 1913 Β

354 1921 454 1973 τοῦ
486 1919 661 1988 θυμοῦ
714 1917 814 1985 τὴν
874 1909 1118 1987 ἔνδειξιν.
1178 1914 1256 1972 Οὐ
1307 1914 1411 1990 γὰρ
1466 1914 1633 1984 εἶπεν,
1685 1914 1759 1976 ὡς
1813 1913 2016 1982 εἶώθει,

362 2010 484 2067 τοῖς
517 2002 943 2079 ’ᾼγαπητοῖς,ἠ“
1002 2008 1119 2066 τοῖς
1186 2004 1591 2077 Ἡγιασμενοις,
1624 2003 1659 2074 ἢ
1717 2007 1847 2080 γοῦν
1905 2010 2021 2067 ταῖς

363 2090 713 2163 Ἐκκλησῖαις
769 2096 868 2148 τοῦ
927 2096 1061 2147 Θεοῦ
1097 2137 1110 2160 ,
1202 2089 1350 2148 ἀλλᾶ
1402 2117 1431 2146 ‹‹
1490 2094 1604 2161 Τῆς
1662 2093 2014 2155 Γαλατίας.»

358 2214 429 2226 -
463 2206 491 2234 ιι
517 2184 685 2256 Χάρις
721 2182 868 2255 ὑμῖν.
905 2206 933 2233 ››
966 2178 1192 2250 Ἐπειδή
1223 2182 1325 2257 γὰρ
1388 2178 1724 2237 ἔκινδόνευον
1766 2185 1834 2255 τῇ
1865 2202 2023 2257 περι-

354 2275 529 2348 τομῇ,
558 2278 658 2341 τῆς
690 2273 919 2348 χάριτος
965 2270 1228 2338 ἐκπεσεῖν,
1293 2271 1495 2342 ταύτην
1538 2270 1730 2336 αὐτοῖς
1788 2270 2020 2348 ἐπεύχε.

350 2382 463 2417 ται.
499 2358 703 2423 Καλῶς
734 2358 791 2416 δέ
823 2382 980 2438 φησι,
1015 2385 1044 2413 ‹‹
1082 2361 1182 2416 Καὶ
1213 2360 1429 2437 εἰρήνη.
1470 2381 1497 2414 ι
1540 2363 1711 2418 Ἦσαν
1765 2361 1869 2436 γὰρ
1930 2360 2021 2417 ἐκ·

351 2449 775 2523 πολεμωθὲντες
808 2451 945 2527 πρὸς
977 2451 1133 2518 Θεὸν,
1156 2453 1225 2524 τῇ
1257 2455 1365 2506 τῶν
1393 2454 1635 2524 νομικῶν
1667 2448 2018 2522 ἐνταλμάτων

356 2542 760 2615 παρατηρήσει.
802 2564 830 2592 ι(
873 2541 1012 2596 Ἀπὸ
1042 2538 1178 2596 Θεοῦ
1233 2540 1467 2615 Πατρός.
1529 2565 1558 2592 ››
1619 2538 1788 2604 Πόθεν
1844 2534 2023 2615 ἔχετε,

356 2628 516 2708 φησὶ,
546 2626 737 2684 καλεῖν
774 2627 985 2704 Πατέρα
1023 2630 1117 2686 τὸν
1151 2629 1302 2697 Θεὸν,
1361 2630 1461 2685 οὐκ
1519 2629 1627 2684 ἀπὸ
1686 2632 1784 2685 τοῦ
1826 2628 2025 2704 βαπτί-

357 2740 571 2793 σματος
607 2740 622 2790 ;
654 2719 705 2776 τί
740 2720 833 2775 οὖν
865 2716 1057 2796 ἔχεσθε
1087 2724 1184 2776 τοῦ
1216 2720 1392 2793 νόμου
1430 2740 1443 2791 ;
1474 2745 1500 2773 ‹‹
1541 2723 1654 2778 Τοῦ
1685 2718 1872 2783 δόντος
1899 2721 2025 2776 ἑαυ-

351 2808 470 2863 τόν.
505 2832 526 2860 ι
564 2807 706 2864 ἰδοῦ
738 2807 927 2864 ἑαυτὸν
974 2806 1198 2865 ἔδωκεν·
1258 2811 1423 2867 ’Όται
1478 2809 1569 2865 οὗν
1628 2810 1869 2885 ἆγουσῃς
1922 2810 2026 2866 ὑπὸ

353 2901 455 2953 τοῦ
501 2898 709 2971 Πατρὸς
767 2897 929 2953 αὐτὸν
988 2896 1260 2969 δεδόσθαι,
1322 2896 1573 2954 εὐδοκίαν
1602 2899 1711 2954 νόει
1769 2904 1868 2955 τοῦ
1925 2904 2027 2955 Πα-

359 2986 513 3061 τρός.
549 3010 576 3038 ‹‹
609 2988 801 3049 ὐπιυς
831 2985 1083 3059 ἐξὲληται
1113 2990 1281 3059 ἡμᾶς.
1318 3012 1347 3040 ››
1380 2984 1618 3044 ¹’ῂδιιυκεν
1676 2989 1865 3044 ἑαυτὸν
1893 2989 2027 3065 ὑπὲρ

359 3080 471 3131 τῶν
498 3076 778 3150 ἁμαρτιῶν
840 3079 1001 3149 ἡμῶν
1064 3077 1359 3153 ἐξαλεῖςοων
1398 3099 1458 3133 τε
1492 3079 1560 3133 τὰ
1611 3078 1875 3154 πρότερα,
1934 3081 2025 3134 καὶ

363 3165 501 3234 πρὸς
533 3165 594 3220 τὸ
646 3162 850 3237 μέλλον
886 3172 1189 3242 συντηρῶν,
1221 3191 1249 3219 ι(
1280 3168 1468 3230 Ὅπως
1532 3168 1658 3243 γὰρ,
1689 3169 1878 3247 φησὶν,
1939 3169 2027 3239 ἑξ-

365 3255 560 3325 έλητιι
609 3259 759 3332 ἡμᾶς
815 3257 874 3312 ἐκ
927 3262 1024 3314 τοῦ
1084 3260 1377 3321 ἐνεστῶτος
1449 3259 1645 3321 αἰῶνος
1701 3263 1964 3333 πονηροῦ,
1996 3285 2024 3312 »

363 3346 662 3413 τουτέστιν,
696 3346 757 3402 ἐκ
780 3348 891 3403 τῶν
921 3349 1102 3403 κακῶν
1132 3347 1376 3424 πρὲίξεων
1436 3350 1527 3403 καί
1592 3355 1693 3418 τῆς
1758 3345 2023 3425 διεῳθαρ-

366 3433 535 3509 μένης
565 3439 731 3507 ζωῆς.
767 3439 981 3509 Ταύτην
1011 3438 1115 3515 γὰρ
1150 3438 1324 3494 αἶ’ῶνα
1351 3437 1513 3495 καλεῖ
1548 3440 1810 3517 πονηρὸν,
1842 3440 1909 3496 οὐ
1932 3443 2023 3496 τὸν

360 3526 563 3602 χρόνον
594 3524 630 3598 ἤ
662 3529 759 3591 τὰς
792 3531 1024 3605 ἡμέρας,
1060 3530 1293 3604 Ἀπαγι.
1327 3530 1522 3593 Οὕτως
1554 3531 1658 3607 γὰρ
1717 3535 1882 3606 ἡμεῖς
1934 3527 2027 3589 λέ-

360 3637 480 3693 γειν
513 3616 798 3691 εἰώθαμεν,
831 3620 957 3675 ὅταν
988 3640 1042 3674 τι
1098 3624 1209 3676 τῶν
1266 3616 1556 3692 ἀδοκήτων
1615 3624 1754 3694 ἡμῖν
1812 3615 2023 3696 συμϐῇ.

362 3708 577 3778 Κακήν,
608 3709 799 3787 φησὶν,
830 3707 1043 3784 ἡμέραν
1077 3709 1329 3780 ἐποὲησα.
1365 3733 1394 3763 ‹‹
1431 3710 1640 3774 Αἶῶνος
1691 3715 1959 3787 πονηροῦ.
1997 3735 2026 3764 ››

361 3795 463 3853 Διᾶ
489 3800 587 3852 105
616 3797 786 3853 εῗπεῖν
818 3801 915 3854 τοῦ
950 3798 1247 3863 ἐνεστῶτος
1303 3798 1505 3862 αἰῶνος
1563 3806 1834 3876 πονηροῦ,
1883 3797 2024 3857 ἔδει-

360 3888 445 3957 ξεν
478 3886 564 3942 ’ὁτι
612 3887 674 3942 τὸ
731 3889 895 3943 κακὸν
948 3887 1398 3963 οὐκηάγένητον,
1455 3886 1583 3944 οὐδὲ
1621 3888 1821 3959 ἀΐδιον,
1880 3890 2027 3948 ἀλλὰ

367 3976 720 4050 πρόσκαιρον.
754 3999 775 4027 ι
808 3976 958 4035 Κατὰ
993 3978 1057 4033 τὸ
1087 3976 1304 4053 θέλημα
1346 3982 1443 4034 τοῦ
1502 3984 1635 4035 Θεοῦ
1690 3979 1780 4035 καὶ
1812 3981 2025 4056 Ηατρὸς

367 4069 551 4141 ἡμῶν.
588 4090 616 4118 ››
648 4066 875 4137 Ἐπειδὴ
907 4069 1011 4144 γὰρ
1040 4062 1237 4145 ἔλεγον
1282 4071 1359 4144 μή
1401 4067 1511 4125 δεῖν
1565 4069 1653 4142 ἐᾷν
1711 4072 1803 4127 τὸν
1858 4071 2027 4147 νόμον

367 4157 444 4219 ὡς
477 4156 582 4212 ὑπὸ
609 4162 741 4213 Θεοῦ
773 4155 1017 4228 δοθέντα,
1049 4156 1308 4214 δείκνυσιν
1343 4159 1426 4215 ὅτι
1476 4160 1569 4216 καὶ
1623 4162 1709 4234 τὸ,
1747 4166 1828 4235 τῷ
1892 4163 2027 4238 Χρι-

362 4250 474 4318 στῷ
504 4244 808 4317 πιστεῦσαι,
841 4244 1063 4321 θέλημα
1117 4253 1215 4304 τοῦ
1273 4249 1488 4323 Πατρός
1548 4248 1682 4309 ἐστι.
1746 4252 1896 4309 Κατᾶ
1961 4251 2025 4309 τὸ

358 4334 577 4410 θέλημα
606 4338 708 4412 γὰρ
734 4336 833 4394 τοῦ
891 4339 1121 4414 Πατρὸς,
1184 4337 1386 4394 ἔδωκεν
1426 4340 1618 4396 ἑαυτὸν
1677 4342 1706 4397 ὁ
1765 4342 2023 4415 Χριστός.

357 4427 524 4500 Ὁρᾷς
590 4426 671 4482 ὅτι
731 4424 982 4501 οὐδαμοῦ
1041 4427 1274 4506 ἐπιταγή
1332 4432 1431 4483 τοῦ
1480 4431 1690 4505 [ἰατρὸς
1739 4431 1876 4505 πρὸς
1929 4433 2021 4488 τὸν

358 4516 511 4586 Υἱὸν,
544 4515 693 4572 ἀλλὰ
738 4518 876 4589 μόνη
933 4518 1222 4581 σόννευσις.
1285 4516 1459 4573 Πάλιν
1523 4516 1600 4586 δὲ,
1660 4523 1757 4574 τοῦ
1817 4523 2023 4596 ΙΙατρὸς

365 4610 552 4681 ἡμῶν,
612 4606 802 4672 εἰπὼν,
855 4611 952 4662 τοῦ
1028 4608 1404 4684 βαπτίσματος
1473 4606 1904 4681 ὑπομιμνήσκει.
1965 4610 2024 4665 Τί

360 4696 457 4752 οὖν
489 4691 684 4775 ἔχεσθε
711 4700 808 4752 τοῦ
835 4696 1008 4771 νόμου
1034 4717 1049 4767 ;
1083 4723 1108 4749 (ι
1138 4702 1206 4776 ’ῼ
1309 4693 1438 4768 δόξα
1466 4696 1544 4760 εἷς
1576 4695 1704 4759 τοὺς
1737 4697 1960 4760 αἰῶνας.
1996 4723 2023 4752 ››

359 4787 718 4858 Ἐνθυμηϐεἰς
742 4785 831 4843 διὰ
859 4791 966 4842 τῶν
994 4786 1301 4862 εἰρημένων
1322 4787 1419 4848 τὰς
1450 4786 1688 4864 ἀφέτους
1719 4787 2025 4862 εὐεργεσίας

359 4880 459 4931 τοῦ
491 4881 646 4944 Θεοῦ,
678 4876 755 4940 εἰς
778 4874 1097 4953 δοξολογίαν
1128 4877 1432 4934 κατέπαυσε
1460 4878 1550 4934 τὸν
1596 4876 1782 4956 λόγον.
1817 4878 1891 4934 Οὐ
1920 4879 2024 4955 γὰρ

362 4966 432 5035 ἦν
466 4966 631 5029 αὐτὰς
659 4965 907 5037 ἐξειπεῖν.

439 5059 710 5129 Θαυμάζω
741 5056 825 5111 ’ὁτι
870 5056 1045 5120 οὕτως
1102 5057 1315 5132 ταχέως
1378 5058 1726 5129 μετατίθεσθε
1790 5059 1897 5115 ἀπὸ
1926 5063 2024 5116 τοῦ

355 5143 689 5208 καλέσαντος
722 5146 863 5218 ὑμᾶς
886 5144 938 5201 ἐν
965 5146 1151 5223 χάριτι
1170 5150 1329 5207 Θεοῦ.
1350 5147 1424 5209 εἰς
1448 5143 1628 5223 ἕτερον
1663 5146 2019 5225 Εὐαγγέλιον,

353 5235 425 5291 *Ο
455 5234 557 5289 οὐκ
587 5232 732 5291 ἔστιν
764 5233 931 5307 ἄλλο,
972 5236 1018 5290 εἰ
1057 5239 1134 5309 μή
1169 5235 1314 5298 τινές
1372 5236 1504 5291 εἰσιν
1565 5237 1618 5292 οἱ
1662 5237 2019 5312 ταράσσοντες

356 5325 521 5397 ὑμᾶς,
553 5325 646 5380 καὶ
677 5323 924 5391 θέλοντες
982 5330 1346 5403 μεταστρέψαι
1404 5327 1466 5382 τὸ
1525 5326 1866 5406 Εὐαγγέλιον
1923 5334 2020 5385 τοῦ

356 5416 622 5489 Χριστοῦ.
658 5417 834 5472 Ἀλλὰ
862 5416 956 5472 καὶ
983 5416 1072 5472 ἐὰν
1103 5419 1268 5492 ἡμεῖς
1321 5418 1357 5488 ἢ
1417 5415 1656 5495 ἃγγελος
1684 5419 1733 5488 ἐξ
1786 5418 2020 5495 οὐρανοῦ

356 5502 788 5582 εὐαγγελίζηται
822 5507 952 5581 ὑμῖν
976 5506 1104 5583 παρ’
1133 5506 1164 5561 6'
1193 5506 1674 5584 εὐηγγελισάμεθα
1704 5508 1857 5584 ὑμῖν,
1888 5508 2017 5565 ἀνά-

355 5595 499 5668 θεμα
527 5594 687 5653 ἔστω.

429 5683 536 5740 Δόο
568 5683 909 5761 ἰγκλήματα,
958 5689 1022 5744 τό
1077 5708 1138 5744 τι
1197 5688 1594 5761 μετατίθεσθαι,
1634 5688 1724 5744 καὶ
1780 5690 1866 5758 τὸ,
1921 5710 2018 5749 ται

2126 567 2231 624 sed
2248 584 2355 640 per
2379 570 2575 643 ipsum
2600 570 2897 626 Christum
2920 570 2994 626 ad
3012 571 3123 626 hoc
3145 570 3410 627 venerim
3433 588 3637 645 opus.«
3670 573 3781 629 Sed

2126 678 2232 733 per
2258 663 2460 718 Iesum
2493 661 2790 718 Christum
2822 679 2889 718 ac
2919 664 3104 719 Deum
3138 669 3387 734 patrem.
3426 686 3454 712 »
3485 664 3779 720 Animad-

2126 756 2322 806 retere
2342 751 2439 806 hic
2457 751 2939 823 praepostionem
2963 746 3070 813 διὰ,
3097 752 3158 806 id
3177 758 3265 808 est
3305 752 3511 822 per,ad
3543 754 3778 809 Patrem

2128 855 2196 895 ac
2226 839 2442 894 Filium
2473 841 2714 912 apponi,
2771 840 3151 911 primumque
3212 840 3398 896 filium
3458 842 3776 897 nominari.

2127 949 2155 978 «
2190 929 2296 993 Qui
2323 928 2625 984 suscitavit
2651 929 2866 1001 ipsum.
2895 952 2921 977 ››
2947 929 3029 984 Ob
3055 931 3343 985 honorem
3366 946 3504 1002 erga
3549 937 3777 1001 patrem

2126 1017 2239 1073 hoc
2270 1017 2496 1073 dictum
2528 1024 2638 1083 est,
2674 1023 2731 1071 et
2759 1023 3004 1090 propter
3024 1018 3362 1074 auditorum
3395 1018 3780 1075 imbecillita-

2125 1112 2266 1163 tem.
2300 1132 2326 1154 η
2364 1108 2446 1162 Ex
2500 1107 2770 1162 mortuis.
2804 1107 3146 1178 Opportune
3201 1108 3679 1179 dispensationis
3715 1125 3785 1166 ac

2125 1198 2336 1254 mortis
2396 1199 2628 1253 Domini
2688 1198 2986 1263 meminit,
3047 1205 3117 1254 ut
3168 1200 3323 1256 facta
3353 1200 3784 1257 beneﬁciorum

2128 1287 2343 1342 Christi
2376 1288 2701 1344 mentione.
2737 1288 2849 1342 hoc
2881 1305 3024 1344 sane
3056 1288 3233 1343 modo
3279 1288 3658 1361 persuadeat.
3709 1304 3784 1346 ne

2133 1376 2283 1432 720
2305 1376 2721 1448 deincepslegi
2749 1376 3114 1445 adhaereant,
3134 1377 3237 1434 sed
3277 1378 3528 1433 Christo.
3567 1400 3595 1427 ‹‹
3641 1378 3784 1444 Qui-

2129 1482 2364 1537 cunque
2401 1481 2636 1522 mecnm
2668 1472 2810 1521 sunt
2833 1465 3068 1523 fratres.
3105 1489 3132 1516 ››
3164 1467 3349 1532 Quam
3409 1466 3483 1521 ob
3542 1482 3782 1523 causam

2128 1555 2397 1609 omnium
2423 1554 2602 1610 simul
2626 1554 2877 1610 fratrum
2904 1572 3066 1611 nunc
3088 1556 3410 1611 meminit?
3435 1557 3582 1622 Quia
3605 1556 3661 1611 hi
3679 1555 3782 1628 qui

2129 1643 2326 1716 ipsum
2345 1645 3356 1703 calumniabantnrdicebantsolum
3371 1646 3616 1703 Paulum
3634 1661 3784 1702 novo

2130 1733 2308 1789 modo
2332 1733 2648 1806 prohibere
2679 1734 3195 1793 circumcisionem
3223 1752 3236 1791 :
3271 1735 3395 1791 vult
3423 1752 3560 1810 ergo
3591 1742 3786 1792 osten-

2131 1819 2271 1877 dere
2298 1822 2516 1877 multos
2539 1838 2668 1877 esse
2690 1821 2803 1877 sibi
2826 1823 3019 1877 socios
3057 1823 3117 1877 in
3170 1823 3515 1895 hujusmodi
3542 1823 3787 1896 dogma-

2133 1912 2228 1966 tis.
2265 1934 2291 1959 ‹‹
2330 1910 2609 1966 Ecclesiis
2631 1909 2892 1967 Galatia}.
2916 1934 2942 1960 »
2977 1912 3301 1969 Considera
3358 1911 3789 1984 indignationis

2134 2000 2567 2067 ostensionem;
2595 2016 2789 2072 neque
2804 2002 2962 2055 enim
2982 2000 3208 2057 dixitut
3229 2001 3400 2065 solet,
3426 2001 3665 2057 Dilectis
3685 2004 3789 2058 aut

2136 2089 2549 2156 Sanctificatis,
2582 2089 2706 2145 sixe
2729 2089 3007 2145 Ecclesiis
3026 2090 3151 2156 Dei,
3185 2089 3287 2145 sed
3311 2112 3339 2139 «
3364 2089 3619 2145 Galatiae.
3658 2114 3683 2141 κ
3715 2120 3787 2133 -

2138 2199 2164 2230 α
2194 2178 2393 2233 Gratia
2412 2178 2597 2233 vobis.
2625 2201 2652 2229 ››
2678 2177 2982 2250 Siquidem
3007 2179 3147 2249 quia
3169 2178 3242 2233 ob
3264 2179 3785 2235 circumcisionem

2134 2266 2647 2339 periclitabantur,
2679 2298 2747 2308 -—
2781 2282 2855 2321 ne
2887 2283 2921 2322 a
2968 2268 3156 2340 gratia
3214 2266 3577 2331 exciderent,
3627 2266 3785 2324 hanc

2135 2355 2278 2426 ipsis
2300 2361 2596 2427 precatur.
2623 2355 2778 2411 Bene
2802 2362 2999 2411 autem
3025 2355 3171 2411 dixit
3196 2372 3206 2411 :
3234 2377 3262 2405 ‹‹
3288 2355 3356 2409 Et
3377 2372 3510 2428 pax,
3539 2379 3560 2404 ι
3603 2356 3789 2411 Erant

2133 2453 2295 2507 enim
2326 2452 2554 2508 inimici
2588 2452 2782 2507 effecti
2813 2467 2951 2525 erga
2980 2453 3168 2507 Deum
3209 2470 3315 2524 per
3344 2445 3783 2509 observantiam

2132 2541 2415 2615 legalium
2439 2548 2891 2614 praeceptorum.
2923 2562 2944 2588 ι
2961 2545 3009 2597 Α
3031 2542 3149 2598 Deo
3173 2543 3366 2597 Patre.
3393 2564 3419 2591 »
3468 2542 3656 2606 Unde,
3687 2542 3786 2598 in-

2134 2632 2281 2703 quit,
2302 2631 2536 2686 habetis
2556 2636 2621 2685 ut
2643 2623 2829 2687 Deum
2852 2633 3087 2686 Patrem
3108 2630 3328 2687 vocetis
3349 2630 3375 2686 ?
3396 2647 3596 2688 nonne
3618 2647 3653 2686 a
3677 2629 3786 2687 ba-

2134 2720 2413 2793 ptismate
2435 2719 2461 2773 ?
2491 2736 2596 2775 cur
2626 2736 2762 2792 ergo
2791 2720 2905 2793 legi
2938 2720 3217 2776 haeretis?
3252 2742 3279 2772 ιι
3309 2720 3418 2785 Qui
3451 2720 3616 2776 dedit
3674 2721 3788 2776 sei-

2136 2826 2332 2881 psum.
2369 2832 2398 2860 »
2429 2810 2576 2865 Ecce
2608 2810 2870 2881 seipsum
2906 2809 3071 2866 dedit
3103 2827 3115 2863 :
3150 2827 3286 2866 cum
3337 2826 3473 2883 ergo
3525 2809 3792 2866 audieris

2135 2899 2331 2971 ipsum
2357 2915 2391 2954 a
2413 2899 2583 2954 Patre
2607 2898 2810 2954 datum
2836 2899 3040 2968 fuisse,
3059 2899 3497 2970 beneplacitum
3523 2898 3789 2972 intellige

2135 2989 2339 3044 Patris.
2373 3010 2401 3039 ‹‹
2425 2990 2497 3045 Ut
2514 2988 2773 3060 eriperet
2795 3005 2913 3044 vos.
2940 3009 2969 3038 ››
3002 3019 3070 3029 -
3119 3010 3148 3039 ‹‹
3195 2988 3368 3044 Dedit
3398 2989 3788 3060 semetipsum

2136 3094 2242 3149 pro
2266 3078 2523 3149 peccatis
2547 3078 2790 3139 nostris.
2817 3083 2875 3132 et
2892 3078 3191 3149 praeterita
3213 3078 3460 3133 abolens
3504 3083 3562 3133 et
3608 3079 3670 3133 in
3700 3079 3790 3134 fu-

2134 3172 2333 3222 turum
2355 3183 2741 3237 praeservans.
2769 3166 2864 3222 Ait
2887 3167 3046 3222 enim
3070 3184 3082 3220 :
3108 3190 3136 3216 ‹‹
3166 3167 3234 3224 Ut
3265 3168 3525 3239 eriperet
3572 3184 3682 3223 nos
3713 3185 3786 3225 ex

2133 3257 2411 3327 praesenti
2436 3256 2653 3312 sreculo
2678 3255 2851 3318 malo,
2880 3279 2905 3304 ››
2930 3255 3041 3311 hoc
3064 3262 3173 3316 est.
3217 3273 3287 3312 ex
3338 3257 3511 3313 malis
3542 3258 3788 3314 actioni-

2132 3345 2242 3402 bus
2276 3345 2507 3418 vitaque
2540 3351 2821 3418 corrupta
2852 3363 2865 3400 :
2901 3347 3057 3401 hanc
3083 3346 3244 3401 enim
3275 3352 3443 3403 vocat
3500 3347 3785 3405 saeculum

2132 3435 2380 3502 malum,
2405 3453 2524 3491 non
2550 3440 2786 3506 tempus
2810 3435 3007 3508 ipsum
3026 3441 3129 3491 aut
3153 3434 3281 3492 dies
3303 3453 3317 3490 :
3343 3437 3607 3493 Minime.
3641 3439 3788 3494 Nam

2133 3526 2216 3582 ita
2245 3543 2354 3581 nos
2382 3542 2619 3599 quoque
2654 3524 2851 3580 dicere
2884 3526 3146 3581 solemus
3175 3526 3275 3583 ubi
3308 3526 3452 3598 quid
3492 3526 3786 3599 inopinati

2133 3615 2304 3671 nobis
2331 3615 2649 3689 contigerit
2682 3631 2694 3668 :
2728 3614 2942 3671 Malum
2974 3614 3135 3671 diem
3168 3616 3424 3688 transegi
3481 3639 3508 3666 «
3562 3616 3787 3674 Saecula

2134 3713 2309 3771 malo.
2341 3737 2359 3761 ι
2392 3715 2504 3769 Per
2522 3713 2633 3768 hoc
2657 3711 2814 3784 quod
2838 3712 2939 3768 ait.
2967 3735 2993 3762 «
3020 3713 3303 3768 Praesenti
3322 3714 3537 3770 smculo
3563 3715 3782 3785 malo,»

2132 3802 2393 3858 ostendit
2414 3801 2635 3857 malum
2658 3817 2779 3856 non
2795 3817 2925 3857 esse
2949 3801 3078 3857 sine
3100 3802 3418 3874 principio,
3444 3808 3546 3859 aut
3565 3803 3785 3875 sempi-

2131 3897 2393 3954 ternum.
2428 3890 2532 3948 sed
2564 3890 2892 3962 temporale
2946 3913 2976 3941 ‹‹
3006 3892 3177 3946 Juxta
3206 3891 3569 3947 voluntatem
3593 3892 3695 3947 Dei
3727 3897 3787 3949 et

2131 3981 2321 4038 Patris
2338 3980 2584 4038 nostri.»
2606 3980 2898 4045 Quoniam
2912 3981 3071 4036 enim
3085 3980 3495 4039 dicebantnon
3512 3987 3786 4054 oportere

2130 4072 2323 4147 legem
2352 4071 2718 4142 relinquere,
2753 4087 2884 4141 quae
2916 4086 2952 4126 a
2985 4070 3100 4126 Deo
3133 4070 3268 4127 data
3300 4078 3480 4140 esset,
3520 4071 3785 4128 ostendit

2132 4163 2310 4217 etiam
2341 4159 2533 4216 Patris
2560 4159 2930 4215 voluntatem
2961 4159 3147 4215 fuisse
3178 4161 3337 4232 quod
3363 4161 3425 4217 in
3481 4161 3782 4220 Christum

2131 4249 2855 4322 credidissent.Siquidem
2870 4248 3043 4321 juxta
3058 4253 3245 4324 patris
3283 4252 3646 4309 voluntatem
3676 4251 3783 4308 de-

2131 4342 2219 4399 dit
2241 4342 2504 4414 seipsum
2526 4340 2816 4397 Christus.
2841 4339 3017 4396 Vides
3035 4340 3194 4412 quod
3213 4357 3508 4414 nusquam
3549 4341 3782 4400 dicatur

2124 4431 2363 4503 jussum
2388 4430 2582 4488 Patris
2605 4445 2744 4500 erga
2759 4428 2995 4498 Filium,
3022 4429 3125 4487 sed
3147 4430 3273 4487 sola
3303 4430 3589 4487 assensio.
3640 4432 3787 4488 Rur-

2133 4537 2265 4577 sum
2290 4526 2489 4578 autem
2514 4520 2766 4577 dicendo
2790 4522 2980 4577 Patris
3029 4524 3236 4589 nostri,
3288 4525 3546 4599 suggerit
3574 4524 3647 4580 de
3678 4524 3785 4583 ba-

2136 4612 2388 4684 ptismo:
2423 4629 2530 4669 cur
2560 4613 2739 4685 igitur
2767 4613 2881 4686 legi
2912 4614 3228 4670 adhmretis
3249 4615 3276 4671 Ἰ
3301 4639 3324 4667 α
3369 4618 3470 4673 Cui
3505 4616 3695 4689 gloria
3724 4617 3788 4674 in

2137 4699 2374 4756 sarculo'
2402 4722 2424 4747 »
2452 4701 2853 4757 Consideratis
2876 4718 2982 4774 per
3003 4718 3072 4758 ea
3092 4721 3224 4774 quae
3247 4704 3405 4760 dicta
3458 4710 3596 4760 sunt
3645 4704 3793 4759 inef-

2134 4789 2415 4844 fabilibus
2439 4789 2541 4844 Dei
2564 4789 2959 4851 beneficiisjn
2977 4791 3468 4863 glorificationem
3494 4791 3792 4849 conclusit

2136 4894 2475 4934 sermonem
2511 4895 2525 4934 :
2558 4894 2751 4950 neque
2783 4881 2942 4934 enim
2974 4885 3206 4953 poterat
3253 4881 3383 4952 ipsa
3430 4881 3783 4952 exprimere.

2209 5061 2253 5125 Ι,
2285 5058 2408 5113 6-8.
2444 5081 2473 5108 «
2507 5059 2686 5115 Miror
2714 5062 2874 5132 quod
2904 5079 2938 5118 a
2971 5064 3088 5118 Deo
3122 5063 3221 5135 qui
3255 5065 3481 5119 vocavit
3530 5081 3631 5121 vos
3681 5080 3792 5136 per

2134 5173 2161 5201 ‹‹
2197 5149 2469 5222 gratiam,
2501 5155 2622 5204 tam
2656 5150 2773 5205 cito
2796 5151 3239 5208 transferamini
3272 5154 3334 5208 in
3395 5153 3558 5211 aliud
3604 5156 3791 5211 Evan-

2133 5264 2160 5291 «
2196 5240 2440 5313 gelium,
2473 5240 2631 5310 quod
2663 5258 2783 5297 non
2817 5249 2906 5297 est
2936 5243 3122 5305 aliud,
3153 5245 3271 5300 nisi
3304 5262 3419 5317 quo
3470 5254 3609 5303 sunt
3658 5249 3788 5318 qni-

2133 5354 2161 5382 «
2203 5329 2340 5385 dam
2373 5329 2473 5400 qui
2504 5346 2604 5384 vos
2634 5330 2897 5394 turbant,
2932 5338 2991 5387 et
3033 5333 3238 5389 volunt
3291 5342 3554 5391 evertere
3603 5338 3787 5392 Evan-

2134 5443 2162 5471 «
2193 5418 2413 5491 gelium
2444 5418 2683 5474 Christi.
2715 5421 3005 5477 Caeterum
3038 5422 3219 5479 etiam
3253 5425 3302 5479 si
3333 5442 3440 5480 nos
3473 5430 3575 5481 aut
3604 5440 3780 5496 ange-

2132 5531 2161 5560 ‹‹
2194 5509 2287 5565 lus
2317 5524 2348 5563 e
2377 5507 2523 5563 caelo
2555 5508 2966 5580 prmdicaverit
2987 5511 3153 5568 vobis
3175 5514 3551 5587 Evangelium
3566 5518 3785 5586 prater

2130 5623 2159 5651 κ
2194 5599 2256 5657 id
2285 5597 2445 5671 quod
2475 5597 2933 5671 praedicavimus
2962 5601 3126 5660 vobis
3157 5605 3476 5661 anathema
3508 5603 3605 5658 sit.
3642 5624 3671 5652 »

2204 5689 2329 5745 Duo
2352 5692 2597 5760 peccata
2619 5695 2876 5758 erant,et
2895 5691 3054 5762 quod
3074 5691 3531 5761 transferentur,
3545 5690 3784 5763 etquod
