4098 6402
374 325 531 411 1095

1493 340 1741 407 CECUM
1755 343 1906 404 ENll
1945 334 2257 404 TRICCE
2301 334 2653 404 EPISCOPI

3628 346 3789 410 1096

373 484 511 549 cito,
541 488 609 539 ut
637 498 830 555 neque
860 479 1285 554 impostoribus
1315 496 1462 554 opus
1513 486 1672 538 esset
1727 485 2014 553 tempore.

2136 477 2306 555 χέως,
2365 478 2439 541 ὡς
2500 474 2643 553 μηδὶ
2702 478 2908 555 χρόνου
2983 475 3190 544 δεῖσθαι
3259 481 3389 544 τοὺς
3455 481 3802 548 ἀπατῶντας,

372 574 693 631 Considera
712 580 908 631 autem
932 571 1323 647 diligentiam.
1348 574 1639 640 Quoniam
1679 573 1794 646 legi
1824 571 2018 627 adhaa-

372 664 555 720 rendo
580 664 868 737 putabant
887 681 1133 721 exorare
1155 664 1831 729 Patrem,ostenditeum
1856 661 1958 734 qui
1985 674 2020 716 a

370 752 598 808 Christo
620 752 874 809 discedit
896 759 953 808 et
972 753 1307 826 Evangelio,
1337 754 1516 808 etiam
1550 768 1585 809 a
1631 753 1803 807 Patre
1834 750 2021 806 disce-

369 841 528 898 dere.
546 842 718 898 Nami
726 860 830 915 pse
851 847 1037 907 Pater,
1071 841 1287 914 inquit,
1320 842 1663 898 vocavitnos
1677 841 1748 898 ad
1766 840 2016 914 gratiam

368 931 497 987 Filii
532 933 645 989 sui.
675 933 911 988 Etenim
940 933 1125 988 Filius
1183 932 1596 987 remissionem
1652 930 1857 986 tribuit
1910 945 2017 984 suo

370 1023 879 1096 sanguinegratia
891 1030 1080 1078 etnon
1098 1021 1389 1087 mercede,
1423 1039 1559 1077 nam
1578 1024 1749 1077 Pater
1768 1019 1842 1076 ad
1864 1020 2020 1076 hanc

369 1119 573 1167 vocat:
603 1112 1002 1185 Spiritusvero
1029 1112 1344 1169 consentit.
1371 1115 1696 1168 Commune
1722 1109 2020 1181 siquidem

372 1217 511 1275 erga
527 1215 638 1257 nos
659 1201 1017 1259 beneficium
1043 1208 1132 1257 est
1152 1209 1371 1257 sanctas
1394 1217 1461 1257 ac
1486 1201 1674 1256 beatae
1695 1199 2019 1255 Trinitatis.

372 1313 401 1343 ‹‹
437 1297 499 1345 In
533 1291 698 1348 aliud
729 1291 1132 1365 Evangelium.
1168 1313 1196 1342 »
1258 1290 1365 1357 Qui
1422 1289 1644 1347 Galatis
1690 1289 2023 1346 suadebant

372 1379 625 1436 Sabbata
645 1397 713 1437 ac
728 1379 1244 1437 circumcisionem
1269 1396 1521 1438 servare.
1548 1380 1847 1451 propriam
1871 1379 2025 1451 ipso-

365 1486 498 1525 rum
530 1470 948 1543 deceptionem
984 1470 1277 1527 vocabant
1319 1469 1719 1543 Evangelium,
1778 1468 2022 1525 nomine

366 1560 555 1625 magis
584 1560 948 1617 inescantes.
984 1584 1011 1611 «
1045 1560 1210 1626 Quod
1240 1575 1359 1616 non
1391 1566 1481 1615 est
1526 1558 1712 1615 aliud.
1769 1580 1798 1608 »
1859 1556 2025 1624 Quod

366 1649 585 1721 inquit,
620 1649 815 1705 solum
846 1665 1034 1705 unum
1066 1655 1178 1718 est,
1228 1656 1287 1706 et
1327 1666 1447 1705 non
1495 1654 1587 1705 est
1616 1647 1778 1703 aliud
1810 1652 2027 1719 praeter

366 1738 583 1811 ipsum.
610 1738 733 1795 Nisi
759 1756 877 1812 quo
897 1738 1142 1811 quidam
1166 1745 1305 1795 sunt
1325 1738 1426 1810 qui
1462 1737 1705 1795 turbant
1753 1752 1854 1793 vos
1884 1753 1897 1791 :
1924 1752 2023 1792 vo-

2131 569 2270 635 Ὅρα
2302 565 2368 639 δὴ
2403 562 2712 643 ἀκρίϐειαν.
2744 564 2964 639 Ἐπειδή
3014 571 3112 625 τοῦ
3158 568 3331 643 νόμου
3362 568 3625 647 ἐχόμενοι
3655 570 3799 646 ᾤον-

2126 679 2189 715 το
2231 655 2507 714 δυσωπεῖν
2537 658 2631 714 τὸν
2676 660 2908 734 Πατέρα,
2952 654 3220 714 δείκνυσιν
3287 660 3372 717 ’ὁτι
3432 663 3460 715 ὁ
3509 666 3609 719 τοῦ
3659 666 3801 738 Χρι·

2130 752 2263 803 στοῦ
2292 748 2383 803 καὶ
2413 752 2512 803 τοῦ
2545 745 2894 825 Εὗαγγελίου
2925 747 3317 822 ἀφιστάμενος,
3377 749 3472 805 καὶ
3534 754 3634 805 τοῦ
3692 756 3806 806 Πα-

2128 839 2257 912 τρὸς
2283 837 2590 916 ἀφίσταται.
2626 838 2802 900 Αὐτὸς
2843 839 2948 914 γ“ρ
3002 839 3030 893 ὁ
3092 840 3307 913 Πατὴρ,
3366 840 3553 911 φησὶν,
3608 837 3804 896 ἆκάλε-

2131 948 2217 982 σεν
2252 928 2403 1000 ἡμᾶς
2465 927 2542 991 εἷς
2601 928 2705 996 τὴν
2766 928 2928 1004 χάριν
2988 932 3088 983 τοῦ
3150 930 3280 985 Υἳοῦ
3334 931 3520 988 αὑτοῦ.
3578 930 3641 988 Ὀ
3703 930 3798 1004 μὶν

2131 1019 2235 1096 γὰρ
2267 1018 2392 1080 Υἱὸς
2425 1017 2657 1098 παρέχει
2688 1019 2788 1087 τὴν
2823 1015 3009 1097 ἄφεσιν
3037 1022 3120 1089 τῷ
3177 1018 3305 1092 ἷδῖῳ
3357 1018 3572 1095 αἵματι,
3606 1022 3802 1097 χάριτι

2128 1108 2220 1163 καὶ
2251 1108 2313 1163 οὐ
2344 1110 2547 1181 μισθῷ.
2576 1108 2638 1166 ὐ
2669 1105 2725 1163 ἒὶ
2774 1111 2985 1184 Πατήρ,
3045 1110 3185 1184 πρὸς
3240 1110 3444 1181 ταύτην
3484 1109 3664 1168 καλεῖ.
3723 1113 3797 1170 Τὸ

2131 1194 2189 1253 δε
2222 1201 2441 1271 Πνεῦμα
2473 1194 3011 1271 συνευδοκεῖκΚοινή
3045 1200 3145 1274 γὰρ
3206 1201 3240 1270 ἡ
3295 1200 3372 1263 εἷς
3437 1203 3588 1275 ἡμᾶς
3643 1202 3791 1278 εὐερ-

2133 1289 2291 1364 γεσία
2317 1295 2416 1357 τῆς
2451 1288 2607 1367 ἁγίας
2648 1289 2739 1344 καὶ
2789 1289 3061 1363 μακαρίας
3093 1286 3351 1364 Τρίάδος.
3388 1316 3411 1343 ιι
3473 1290 3567 1353 Εἷς
3614 1287 3793 1366 ἓτερον

2135 1377 2493 1454 Εὖαγγέλιον.
2532 1403 2558 1429 ι)
2589 1380 2699 1448 Τὴν
2733 1380 2836 1456 γὰρ
2868 1380 3074 1435 ἑαυτῶν
3107 1379 3341 1451 ἀπάτην,
3373 1380 3488 1436 οῖον
3531 1381 3598 1436 τὰ
3646 1374 3791 1435 Σάϐ-

2133 1463 2271 1524 ϐατα
2306 1468 2397 1524 καὶ
2428 1470 2531 1539 τήν
2563 1470 2867 1545 περιτομήν
2923 1474 3110 1546 τηρεῖν
3165 1471 3447 1535 πείθοντες
3505 1471 3633 1533 τοὺς
3690 1476 3797 1526 Γα-

2137 1557 2330 1624 λάτας,
2365 1557 2705 1634 Εὐαγγέλιον
2749 1556 2997 1626 ἐκάλουν,
3031 1556 3120 1614 διὰ
3165 1563 3263 1616 τοῦ
3297 1560 3593 1635 ὀνόματος,
3646 1558 3797 1636 μᾶλ-

2136 1644 2237 1702 λον
2273 1645 2634 1719 δελεάζονές.
2669 1672 2698 1701 ‹‹
2729 1650 2798 1707 Ὃ
2830 1648 2930 1705 οὒκ
2960 1647 3103 1706 ἔστιν
3164 1646 3328 1709 ἄλλο,
3365 1674 3394 1702 ››
3450 1650 3640 1726 Ὅπερ,
3690 1671 3799 1729 φη-

2137 1736 2241 1807 σὶν,
2271 1736 2326 1792 ’ὲν
2361 1736 2543 1810 μόνον,
2574 1737 2665 1794 καὶ
2726 1738 2829 1795 οὐκ
2879 1735 3019 1795 ἔστιν
3050 1736 3192 1795 ἄλλο
3225 1740 3371 1813 παρὰ
3404 1742 3592 1795 τοῦτο.
3625 1738 3685 1796 Εἰ
3721 1740 3802 1812 μὴ

365 1827 558 1884 lentes
583 1845 682 1884 vos
699 1834 1057 1900 pervertere,
1080 1828 1418 1901 Christique
1458 1826 1839 1900 Evangelium
1871 1842 2016 1882 ever-

2137 1824 2238 1902 ἄρα
2291 1828 2428 1892 τινὲς
2488 1828 2628 1902 ὑμᾶς
2684 1823 3125 1903 διαταράσσουσι,
3172 1825 3492 1904 διαπρέψαι
3550 1849 3609 1885 τε
3664 1829 3799 1904 βουο

366 1923 514 1974 tere.
538 1941 563 1968 ‹‹
590 1923 877 1974 Caeterum
904 1919 1079 1975 etiam
1106 1919 1154 1973 si
1177 1935 1307 1973 nos.
1334 1941 1360 1967 »
1386 1920 1465 1974 Ne
1494 1917 1629 1989 quis
1651 1915 1809 1972 dicat
1867 1913 2026 1987 quod

363 2005 531 2063 inani
557 2007 766 2080 gloria,
819 2007 1072 2080 pr0prias
1104 2007 1262 2063 favet
1290 2006 1724 2079 praedicationi,
1758 2005 2021 2078 seipsum

364 2100 624 2170 primum
651 2106 1010 2158 exsecratur.
1047 2098 1094 2154 si
1118 2098 1259 2170 quid
1286 2099 1346 2154 in
1369 2098 1679 2167 Evangelio
1702 2097 2021 2153 immutare

361 2184 519 2244 velit.
546 2211 571 2236 ‹‹
594 2190 708 2244 Aut
728 2186 972 2261 angelus
995 2204 1024 2242 ο
1050 2189 1217 2243 οωΙο.
1240 2210 1269 2239 ››
1290 2190 1370 2243 Ne
1402 2188 1550 2244 mihi
1608 2187 1821 2258 inquit,
1855 2185 2018 2241 dicas

367 2276 923 2344 Pelrum,Jacobum
952 2277 1315 2333 etJoannem
1339 2294 1351 2332 :
1374 2278 1477 2332 sed
1502 2277 1550 2331 si
1576 2290 1848 2350 supernas
1872 2291 2016 2346 quo-

366 2379 480 2436 que
510 2372 835 2437 potestates
873 2372 1217 2438 pervertant
1246 2365 1650 2438 Evangelium,
1700 2365 2019 2421 anathema

365 2454 506 2510 sint.
529 2454 665 2512 Haec
685 2461 905 2518 autem.
932 2456 1034 2523 ait,
1054 2472 1176 2511 non
1225 2454 1384 2526 quod
1424 2455 1586 2512 aliud
1622 2454 2019 2527 prasdicarent

363 2543 575 2599 Petrus
599 2550 658 2599 et
679 2546 773 2600 cui
799 2561 933 2600 cum
961 2561 1028 2600 eo
1049 2549 1218 2600 erant
1241 2561 1253 2599 :
1278 2549 1380 2599 aut
1400 2559 1674 2616 superna;
1723 2545 1969 2599 virtutes
2000 2560 2014 2598 :

366 2630 470 2687 sed
500 2631 703 2687 volens
728 2634 1121 2705 impostorum
1155 2649 1259 2688 ora
1287 2632 1615 2701 obstruere,
1662 2633 1763 2704 qui
1793 2648 1828 2688 a
1860 2633 2015 2687 Petri

366 2720 650 2793 dignitate
673 2721 1062 2794 imponebant
1084 2722 1223 2777 illis.
1256 2742 1276 2769 ι
1302 2723 1524 2778 Praater
1544 2721 1603 2776 id
1627 2721 1785 2794 quod
1807 2720 2018 2794 praedi-

366 2810 647 2865 cavimus.
673 2833 700 2861 »
728 2810 864 2886 llap’
894 2811 942 2878 δ,
969 2811 1028 2866 id
1055 2817 1389 2882 est,prazter
1410 2812 1470 2866 id
1503 2810 1671 2883 quod,
1723 2809 2018 2884 signiﬁcat

364 2904 740 2973 quantumvis
776 2920 986 2976 parum
1008 2919 1041 2959 a
1073 2903 1493 2975 praedicatione
1526 2902 1827 2959 diversim.

2139 1916 2368 1990 λὸμενοι
2427 1917 2589 1991 ὑμᾶς,
2657 1918 2747 1973 καὶ
2819 1916 3184 1994 μεταστρέψαι
3269 1919 3332 1974 τὸ
3413 1922 3514 1974 τοῦ
3564 1918 3805 1995 Χριστοῦ

2134 2006 2484 2082 Εὗαγγέλιον.
2521 2030 2546 2062 ιι
2579 2006 2754 2065 Ἀλλᾶ
2795 2009 2885 2063 καὶ
2917 2008 3003 2065 ἐὰν
3066 2011 3253 2084 ἡμεῖς.
3314 2033 3343 2061 ››
3399 2010 3517 2065 Ἵνα
3587 2026 3662 2083 μη
3716 2028 3802 2071 τις

2136 2098 2262 2173 ε”πῃ
2296 2096 2381 2154 ὅτι
2422 2100 2558 2153 κατᾶ
2609 2096 2913 2172 κενοδοξίαν
2967 2099 3030 2154 τὸ
3090 2098 3229 2153 ἴδιον
3283 2102 3572 2177 συγκροτεῖ
3622 2100 3802 2173 κηρυ-

2131 2207 2272 2265 γμα.
2327 2191 2546 2262 πρῶτον
2609 2187 2800 2243 ἑαυτὸν
2841 2186 3240 2261 ἀνεθεματίζει,
3299 2187 3451 2261 εἶ’περ
3483 2194 3800 2265 παραποιῆ-

2133 2279 2221 2332 σαί
2252 2297 2305 2334 τι
2347 2278 2400 2333 ἐν
2431 2280 2511 2351 τῷ
2550 2275 2868 2357 1·.ὐαγγελίῳ
2929 2277 3254 2354 βουληθείη.
3292 2304 3318 2331 «ι
3349 2279 3421 2337 Ἢ
3481 2276 3713 2355 ἅγγελος
3743 2279 3797 2350 ἐξ

2133 2366 2449 2440 οὐρανοῦ·
2488 2368 2576 2438 Μὴ
2631 2371 2734 2445 γαρ
2797 2389 2913 2439 μοι,
2974 2368 3162 2447 φησὶν,
3217 2365 3377 2444 εἷ’πῃς
3434 2365 3638 2442 Πέτρον
3704 2368 3800 2424 καὶ

2131 2455 2387 2527 Ἰωάννην
2423 2455 2511 2512 καὲ
2548 2453 2831 2527 Ἰάκωϐον,
2863 2455 2989 2513 ἀλλ’
3036 2456 3085 2513 εἴ
3113 2458 3205 2513 καὶ
3262 2459 3318 2513 αἱ
3374 2455 3487 2513 ἅνω
3537 2454 3801 2533 δυνάμεις

2125 2547 2522 2622 παρατρέψαιεν
2576 2546 2639 2602 τὸ
2732 2546 3087 2623 Εὐαγγέλιον,
3174 2547 3414 2621 ἀνάθεμα
3516 2544 3776 2605 ἔστωσαν.

2127 2636 2309 2691 Ταῦτα
2342 2632 2419 2701 δὲ,
2452 2635 2640 2714 φησὶν,
2673 2634 2782 2714 οὐχ
2822 2636 2894 2698 ὡς
2924 2630 3106 2710 ἕτερόν
3142 2657 3195 2691 τι
3244 2640 3351 2691 τῶν
3384 2634 3507 2710 περὶ
3566 2635 3777 2708 Πέτρου

2125 2723 2533 2799 κηρυσσόντων,
2564 2719 2712 2796 (οὔτε
2742 2724 2849 2801 γάρ
2879 2725 2933 2780 αἱ
2962 2721 3074 2779 ἂνω
3130 2721 3436 2799 δυνάμεις.)
3466 2722 3617 2780 ἀλλᾶ
3644 2724 3773 2800 βου-

2128 2812 2362 2888 λόμενος
2391 2812 2703 2889 ἆποῤῥάψαι
2735 2814 2801 2870 τὰ
2832 2815 3075 2888 στόματα
3114 2820 3224 2871 τῶν
3285 2815 3637 2886 ἀπατεώνων,
3668 2820 3777 2872 τῶν

2127 2899 2216 2957 διὰ
2245 2906 2340 2958 τοῦ
2369 2901 2679 2976 ἀξιώματος
2710 2910 2818 2959 τῶν
2868 2904 3010 2983 ἀμφὶ
3062 2905 3153 2960 τὸν
3187 2905 3414 2981 Πέτρον,
3444 2905 3770 2962 ἀπατώντων

356 2990 572 3054 αὖτοῦς.
609 3018 633 3043 ‹‹
660 2994 792 3066 Ηαρ’
823 2991 854 3046 ὅ
884 2992 1377 3068 εὐηγγελισέμεθα.
1412 3016 1439 3043 ››
1471 2992 1567 3057 Τὸ,
1590 2995 1718 3066 παρ’
1750 2987 2010 3062 ὃ,δηλοῖ,
2042 2992 2104 3048 τὸ
2136 2990 2261 3047 ὅσον
2292 2992 2498 3064 δήποτε
2529 2994 2723 3070 μικρὸν
2758 2999 2855 3049 τοῦ
2894 2994 3270 3070 κηρῦγματος.

434 3085 555 3147 Ι,9,
579 3086 663 3138 10.
688 3106 713 3132 ‹‹
741 3083 1252 3149 Quemadmodum
1294 3089 1431 3139 ante
1477 3083 1733 3138 diximus
1766 3088 1826 3139 et
1853 3098 2010 3139 nunc
2051 3086 2093 3151 C

358 3190 386 3218 ‹‹
418 3169 636 3226 iterum
651 3169 782 3226 dico
811 3172 858 3226 si
883 3171 1194 3242 quisvobis
1217 3170 1627 3243 praadicaverit
1649 3170 2015 3243 Evangelium

359 3279 383 3310 ι
400 3267 618 3330 praeter
635 3259 692 3314 id
707 3261 865 3332 quod
878 3259 1537 3332 accepistisanathema
1563 3259 1657 3315 sit.
1671 3261 1834 3316 Nunc
1850 3260 2009 3316 enim

356 3368 385 3397 ιι
414 3348 556 3405 721
588 3356 789 3404 utrum
812 3349 1156 3405 hominibus
1179 3350 1398 3405 suadeo
1422 3365 1498 3406 an
1524 3348 2012 3421 Deo?autquaero

360 3456 388 3486 ‹‹
413 3436 759 3494 horninibus
783 3437 1015 3510 placere
1038 3438 1228 3494 ?Nam
1276 3438 1323 3494 si
1347 3440 1640 3494 hactenus
1668 3438 2012 3496 hominibus

360 3547 387 3575 ι(
421 3525 803 3598 placuissem.
838 3527 1055 3582 Christi
1090 3543 1296 3583 servus
1328 3543 1709 3599 nequaquam
1741 3543 1934 3586 essem
1958 3550 2008 3584 ».

428 3615 509 3670 Ne
532 3616 693 3672 enim
718 3616 1061 3672 existiment
1077 3633 1214 3672 eum
1238 3617 1388 3673 irato
1410 3617 1609 3674 animo
1623 3618 1750 3673 haec
1769 3618 2010 3686 dixisse,

357 3722 475 3764 non
508 3709 592 3765 ita
622 3708 684 3765 in
716 3710 963 3767 veritate
994 3710 1194 3767 animo
1252 3712 1531 3767 affectum
1584 3728 1735 3779 esse,
1795 3712 2012 3783 repetit

353 3798 597 3855 verbum
626 3816 640 3854 :
668 3816 943 3857 asserens
965 3800 1523 3872 hocitajudicatnm
1553 3817 1682 3857 esse
1706 3818 1774 3858 ac
1805 3802 2009 3858 firma-

352 3895 476 3946 tum
509 3891 667 3963 apud
695 3891 916 3963 ipsum.
947 3914 974 3942 «
1010 3893 1175 3947 Nunc
1202 3890 1363 3947 enim
1418 3897 1617 3947 utrum
1665 3891 2011 3947 hominibus

353 3982 576 4037 suadeo
594 3998 670 4037 an
693 3982 813 4037 Deo
833 3981 862 4038 ‘P
887 4004 915 4033 ››
936 3982 1156 4038 Deinde
1176 3999 1251 4039 ne
1273 3988 1485 4054 putent
1505 3981 1663 4053 quod
1688 3982 1835 4054 ipsis
1869 3981 2013 4037 velit

354 4071 695 4137 suadere,et
714 4071 848 4127 aliis
870 4071 987 4129 alia
1009 4073 1293 4143 praedicet
1315 4072 1633 4145 (siquidem
1675 4071 2007 4127 calumnia-

352 4160 574 4216 bantur
603 4177 738 4216 eum
769 4161 1147 4233 impostores,
1183 4162 1340 4234 quod
1369 4160 1526 4233 apud
1556 4160 1707 4216 alios
1766 4159 2009 4232 quidem

353 4250 873 4310 circumcisionem
905 4254 1279 4326 praedicaret.
1313 4253 1469 4325 apud
1502 4251 1653 4307 alios
1683 4267 1819 4307 vero
1846 4250 2011 4307 aliud

351 4343 679 4417 quippiam)
704 4351 762 4399 et
781 4344 1169 4402 deﬂecterent
1188 4351 1475 4415 tanquam
1503 4341 2007 4398 assentationibus

2193 3082 2282 3146 Ὧς
2332 3086 2735 3159 προειρήκαμεν
2812 3085 2902 3140 καὶ
3006 3083 3124 3161 ἄρτι
3222 3084 3387 3141 πάλιν
3467 3084 3624 3160 λέγω.
3700 3084 3765 3142 Εἰ

2123 3193 2205 3233 τις
2282 3173 2421 3246 ὑμᾶς
2499 3172 2901 3250 εὐαγγελίζεται
2977 3177 3103 3250 παρ’
3181 3173 3212 3230 ὅ
3250 3170 3604 3252 παρελάϐετε,
3652 3174 3772 3229 ἀνά-

2120 3264 2260 3335 θεμα
2344 3259 2505 3321 ἔστω.
2565 3269 2720 3337 *Δρτι
2780 3267 2884 3342 γάρ
2951 3265 3271 3341 ἀνθρώπους
3347 3266 3518 3331 πείθω
3588 3265 3624 3336 ἢ
3680 3265 3774 3320 τὸν

2121 3353 2251 3409 Θεόν
2304 3372 2318 3420 ;
2376 3354 2413 3424 ἢ
2475 3358 2623 3424 ζητῶ
2699 3354 3005 3430 ἀνθρώποις
3060 3355 3351 3428 ἀρέσκειν;
3411 3356 3475 3413 Εἰ
3533 3354 3638 3431 γὰρ
3695 3352 3774 3411 ἔτι

2121 3444 2437 3518 ἀνθρώπους
2538 3444 2767 3519 ἤρεσκον
2804 3495 2817 3513 ,
2893 3447 3132 3519 Χριστοῦ
3236 3442 3435 3509 δοῦλος
3535 3444 3639 3501 οὐκ
3712 3441 3774 3502 ἄν

2118 3533 2155 3602 ἤ
2166 3554 2291 3606 μην·

2188 3626 2298 3678 ἰνα
2328 3622 2430 3697 γάρ
2467 3624 2543 3697 μὴ
2577 3623 2844 3696 νομίσωσι
2905 3620 2974 3679 δι’
3028 3623 3201 3701 ὀργὴν
3258 3629 3429 3680 ταῦτα
3478 3622 3773 3699 εἰρηκέναι,

2123 3712 2201 3787 μὴ
2250 3712 2423 3775 οὕτως
2476 3712 2612 3767 κατὰ
2674 3711 2931 3783 ἀληθειαν
2986 3710 3350 3786 διακείμενον,
3410 3710 3656 3788 δευτεροῖ
3710 3712 3774 3767 τὸ

2120 3797 2293 3874 ῥῆμα,
2343 3797 2572 3863 πείθων,
2630 3797 2705 3853 ὡς
2762 3801 2925 3854 τοῦτο
2987 3796 3227 3874 κέκριται
3282 3798 3375 3853 καὶ
3433 3798 3772 3872 πεπαγίωται

2115 3887 2246 3961 παρ’
2279 3888 2448 3960 αὐτῷ.
2490 3913 2508 3936 ι
2548 3887 2708 3963 Ἀρτι
2740 3887 2846 3965 γὰρ
2875 3886 3193 3964 ἀνθρώπους
3227 3886 3400 3951 πείθω
3430 3887 3467 3958 ἢ
3528 3890 3658 3944 θεὸν
3691 3908 3704 3957 ;
3741 3911 3770 3940 ››

2118 3975 2253 4033 Ε’ῗτα
2311 3973 2407 4031 ἵνα
2468 3976 2544 4050 μὴ
2577 3975 2874 4049 νομίσωσιν
2931 3977 3017 4033 ’ὁτι
3077 3976 3272 4037 αὐτοὺς
3332 3973 3589 4052 βούλεται
3651 3981 3772 4031 πεῖ-

2117 4087 2226 4135 σαι,
2258 4066 2349 4121 καὶ
2377 4064 2573 4129 ἄλλοις
2604 4064 2752 4122 ἄλλα
2780 4066 3093 4141 κηροόττεινο
3125 4062 3445 4142 (διέϐαλλον
3505 4066 3609 4144 γάρ
3668 4066 3769 4122 αὐ·

2113 4156 2207 4211 τὸν
2268 4157 2321 4209 οἱ
2378 4155 2712 4223 ἀπατῶντες,
2773 4157 2996 4233 ’ὁπποίρᾶ
3056 4158 3153 4231 μὶν
3210 4154 3411 4219 ἄλλοις
3465 4159 3773 4234 περιτομήν

2116 4243 2403 4319 κηρύσσει,
2435 4245 2560 4320 παρ’
2621 4246 2828 4321 ἑτέροις
2889 4243 2947 4302 δὲ
2989 4244 3134 4304 ἄλλο
3171 4249 3249 4321 τι)
3298 4247 3391 4304 καὶ
3439 4246 3783 4303 ἀναπέσωσιν

2119 4331 2304 4410 ὥσπερ
2388 4334 2842 4409 κολακευόμενοι,
2896 4339 3050 4416 φησί.
3129 4339 3221 4406 Μὴ
3279 4340 3381 4413 γάρ
3465 4341 3557 4393 νῦν
3640 4337 3782 4408 ὑμᾶς

350 4434 643 4505 occupati,
672 4432 850 4501 dicit;
876 4451 1039 4492 nunc
1057 4435 1218 4489 enim
1247 4431 1424 4490 modo
1456 4431 1583 4488 hazc
1630 4429 1875 4487 diSservi
1908 4446 2007 4487 cu-

2129 4421 2548 4502 πληροερορῆσαι
2580 4424 2924 4501 βουλόμενος
2952 4431 3123 4483 ταῦτα
3154 4424 3380 4495 διῆλθον
3413 4447 3426 4497 ;
3486 4426 3588 4485 Τὸν
3647 4426 3779 4483 Θεὸν

347 4521 520 4594 piens
545 4540 648 4579 VUS
672 4524 975 4580 adhortari
999 4541 1066 4579 ac
1084 4522 1278 4579 facere
1299 4520 1628 4579 certiores?
1675 4522 1793 4577 Deo
1835 4520 2010 4593 cupio

346 4612 597 4685 plenum
627 4614 825 4671 facere
860 4614 1037 4670 ﬁdem
1074 4631 1087 4669 :
1122 4613 1403 4685 quoniam
1436 4629 1629 4684 neque
1663 4611 2004 4667 hominibus

344 4702 580 4774 placere
600 4704 1012 4776 cupioitaque
1032 4704 1336 4760 necvobis.
1361 4725 1383 4754 α
1424 4705 1537 4759 Aut
1577 4718 1778 4774 qutero
1812 4701 2002 4758 homi-

345 4792 523 4849 nibus
554 4794 797 4865 placere
818 4794 847 4849 ‘I
882 4816 906 4845 υ
942 4796 1067 4850 Non
1099 4799 1164 4849 ut
1193 4798 1464 4849 assenter
1496 4781 1554 4848 et
1580 4792 1851 4863 placeam
1904 4807 2005 4845 vo-

343 4878 436 4936 bis
463 4880 591 4937 ξιωο
623 4881 770 4948 dixi,
804 4883 1018 4954 inquit.
1054 4882 1109 4938 Si
1135 4882 1294 4938 enim
1326 4881 1645 4938 voluissem
1660 4878 2007 4936 hominibus

344 4968 608 5041 placere,
642 4972 846 5042 utique
878 4972 1179 5027 Judaismo
1212 4971 1597 5027 adhaesissem
1631 4974 1690 5024 et
1710 4967 1918 5023 amicis
1940 4982 2008 5021 ac

349 5058 638 5130 cognatis,
695 5066 754 5114 et
811 5076 1190 5132 nequaquam
1249 5059 1595 5116 hominibus
1652 5056 1876 5112 relictis
1934 5053 2011 5110 ad

348 5146 653 5203 Christum
686 5149 1098 5205 accurrissem.

1022 5258 1256 5314 CAPUT
1294 5260 1340 5313 Ι.

356 5345 621 5401 Narratio
650 5346 715 5401 de
743 5350 919 5417 seipso
949 5349 1217 5419 quomodo
1244 5365 1347 5419 per
1378 5347 1770 5403 rerelationem
1825 5361 1860 5400 a
1909 5345 2007 5400 Ju-

813 5420 1022 5475 daismo
1054 5422 1559 5491 transmigraverit.

419 5526 466 5593 Ι,
503 5527 682 5581 11-14.
718 5528 923 5582 Notum
946 5536 1137 5584 autem
1155 5528 1304 5583 vobis
1320 5529 1719 5597 faciofratres,
1751 5528 2009 5594 Evange-

348 5613 486 5671 lium
527 5615 678 5688 quod
700 5615 1067 5687 przrdicatum
1098 5624 1175 5671 est
1203 5633 1237 5669 a
1267 5632 1351 5669 me
1398 5632 1507 5670 non
1561 5629 1668 5669 esse
1716 5617 2011 5668 secundum

347 5704 618 5761 hominem
641 5723 658 5761 :
676 5723 856 5776 neque
877 5710 1018 5761 enim
1043 5707 1110 5761 ab
1139 5705 1354 5759 homine
1376 5708 1560 5775 accepi
1611 5703 1773 5773 illud,
1836 5718 2010 5772 neque

2122 4511 2269 4569 θέλω
2325 4511 2790 4593 πληροφορῆσαι,
2847 4514 2964 4571 ἐπεὶ
3049 4517 3190 4590 μήτε
3243 4515 3387 4580 θέλω
3471 4515 3784 4592 ἀνθρώποις

2118 4602 2327 4677 ἀρέσαι.
2365 4605 2687 4680 Τοιγαροῦν,
2721 4604 2843 4660 οὔτε
2874 4605 3021 4677 ὑμῖν.
3058 4630 3085 4657 «
3129 4606 3199 4662 ”H
3259 4609 3408 4675 ζητῶ
3465 4605 3783 4680 ἀνθρώποις

2123 4690 2417 4767 ἀρέσκειν,
2454 4718 2480 4745 ››
2511 4694 2588 4748 Οὐ
2640 4692 2732 4749 διὰ
2775 4693 2838 4750 τὸ
2893 4692 3221 4750 κολακεῦσαι
3275 4695 3362 4750 καὶ
3424 4694 3610 4771 ἀρέσαι
3653 4694 3786 4768 ὑμῖν

2116 4785 2288 4838 ταῦτα
2319 4782 2493 4851 εἷπον,
2551 4781 2734 4863 φησίν.
2797 4783 2859 4840 El
2918 4783 3022 4859 γάρ
3093 4778 3422 4857 ἠϐουλόμην
3476 4784 3786 4860 ἀνθρώποις

2117 4872 2388 4945 ἀρέσκειν,
2420 4870 2523 4946 ἄρα
2563 4872 2656 4927 καὶ
2711 4876 2809 4928 τοῦ
2867 4870 3217 4945 Ἰουδαῖσμοῦ
3275 4874 3635 4949 ἁντῑιχόμην,
3694 4872 3787 4929 καὶ

2121 4960 2321 5040 φίλων,
2362 4961 2453 5018 καὶ
2487 4966 2786 5037 συγγενῶν,
2817 4963 2909 5017 καὶ
2939 4960 3041 5017 οὐκ
3098 4961 3162 5017 ἄν
3215 4964 3390 5019 πάντα
3445 4960 3787 5034 καταλιπὼν,

2115 5053 2348 5124 Χριστῷ
2377 5050 2780 5127 προσέδραμον.

2752 5237 3018 5293 ΚΕΦΑΛ.
3053 5236 3131 5293 A'.

2121 5333 2388 5407 Διήγησις
2441 5331 2542 5399 τῆς
2596 5328 2791 5407 ἑαυτοῦ
2850 5326 3228 5407 μεταστάσεως
3277 5326 3384 5382 ἀπὸ
3433 5324 3781 5400 Ἰουδαϊσμοῦ

2668 5401 2805 5456 κατὰ
2849 5400 3195 5473 ἀποκάλυψιν
3206 5443 3218 5457 .

2190 5511 2449 5585 Γνωρίζω
2489 5506 2548 5564 δὶ
2590 5508 2738 5581 ὑμῖν,
2772 5505 3026 5589 ἀδελφοὶ,
3058 5509 3120 5563 τὸ
3151 5506 3489 5585 Εὖαγγέλιον
3516 5508 3581 5564 τὸ
3611 5506 3771 5585 εὐαγ-

2117 5602 2367 5681 γελισθὲν
2424 5601 2511 5657 ὑπ’
2567 5600 2726 5675 ἐμοῦ,
2784 5599 2865 5656 ὅτι
2922 5599 3020 5656 οὐκ
3071 5597 3183 5655 ἔστι
3260 5601 3396 5655 κατὰ
3463 5597 3769 5673 ἂνθρωπον.

2119 5691 2257 5753 Οὐδὲ
2315 5691 2417 5768 γὰρ
2469 5690 2575 5767 ἐγὼ
2633 5690 2779 5767 παρᾶ
2870 5690 3160 5766 ἀνθρώπου
3237 5684 3547 5764 παρέλαϐον
3615 5689 3773 5761 αὐτὸ,
