4098 6432
313 378 472 441 1097

308 509 436 566 οὔτε
489 505 789 585 ἐδιδάχθην
826 553 839 579 ,
894 506 1042 564 ἀλλᾶ
1094 505 1165 562 δι’

309 598 608 655 Ἠκούσατε
694 598 797 676 γὰρ
882 599 983 667 τὴν
1068 596 1206 669 ἐμὴν
1295 596 1632 673 ἀναστροφήν
1717 612 1851 648 ποτε
1915 587 1966 645 έν

309 693 391 760 τῷ
452 685 822 762 Ἰουδαϊσμῷ,
891 687 977 742 ὅτι
1036 688 1152 741 καθ’
1215 679 1527 761 ὑπερϐολὴν
1584 680 1809 737 ἐδίωκον
1864 679 1963 748 τήν

1134 776 1240 832 Καὶ
1304 774 1565 850 ἐπόρθουν
1625 771 1816 842 αὐτὴν,
1874 769 1964 824 καὶ

310 870 652 948 προέκοπτον
749 870 800 926 ἐν
877 877 956 945 τῷ
1039 867 1372 944 Ἰουδαϊσμῷ
1479 869 1610 942 ὑπὲρ
1711 863 1964 926 πολλοὺς

312 959 724 1031 συνηλικιώτας
814 958 865 1013 έν
969 964 1048 1032 τῷ
1145 957 1280 1035 γένει
1361 979 1492 1031 μου,
1566 952 1962 1032 περισσοτέρως

312 1048 573 1121 ζηλωτὴς
652 1049 916 1125 ὑπάρχων
1020 1053 1129 1104 τῶν
1202 1053 1481 1122 πατρικῶν
1560 1068 1665 1120 μου
1722 1040 1966 1120 παραδό-

310 1159 445 1194 σεων
457 1184 470 1198 .

382 1226 650 1283 Βούλεται
710 1225 880 1298 δεῖξαι
938 1226 1147 1296 αὐτοῖς,
1206 1228 1288 1281 δτι
1323 1225 1384 1281 οὐ
1440 1226 1584 1301 παρὰ
1633 1224 1959 1295 ἀνθρώπων,

306 1325 435 1392 παρ’
491 1316 660 1373 αὐτοῦ
715 1314 771 1371 δέ
822 1321 920 1372 τοῦ
968 1318 1201 1393 Χριστοῦ
1240 1311 1517 1391 παρέλαϐε
1573 1314 1634 1369 τὸ
1675 1315 1959 1390 κήρυγμα.

311 1430 339 1461 α
368 1408 494 1465 ’Ότι
528 1405 633 1461 οὐκ
684 1400 796 1461 ἔστι
861 1408 998 1462 κατὰ
1063 1404 1367 1480 ἄνθρωπον.
1406 1430 1433 1456 ››
1495 1404 1637 1459 Κατὰ
1694 1403 1824 1458 Θεὸν
1856 1402 1960 1480 γὰρ

305 1496 445 1570 ἐστι,
488 1496 756 1565 τουτέστι,
812 1496 947 1551 κατὰ
1003 1499 1136 1550 Θεοῦ
1193 1493 1557 1568 ἀποκάλυψιν.
1621 1518 1648 1545 ‹‹
1682 1488 1823 1550 Οὐδὲ
1857 1491 1961 1567 γὰρ

305 1585 455 1659 παρᾶ
485 1585 795 1660 ἀνθρώπου,
828 1584 981 1663 φησὶ,
1031 1580 1341 1660 παρέλαϐον
1397 1583 1551 1640 αὐτό.
1592 1607 1615 1633 η
1648 1584 1825 1639 Τοῦτο
1858 1580 1959 1658 γὰρ

306 1670 497 1751 ἔλεγον
556 1674 609 1728 οἳ
659 1668 1054 1736 διαϐάλλοντες
1112 1675 1299 1743 αὐτὸν,
1369 1672 1454 1728 ὅτι
1486 1674 1513 1727 ὁ
1547 1671 1762 1734 Παῦλος
1816 1671 1963 1746 παρὰ

306 1763 609 1831 ἀνθρώπων
647 1758 923 1840 παρέλαϐε
953 1764 1014 1819 τὸ
1045 1766 1322 1839 κήρυγμα,
1359 1762 1466 1838 οὐχ
1497 1762 1677 1835 ὥσπερ
1737 1762 1788 1815 οἱ
1820 1760 1958 1839 ἀμφὶ

312 776 644 848 Ἐκκλησίαν
730 780 827 832 τοῦ
895 781 1049 835 Θεοῦ.

1362 373 1772 437 COMMENT.
1818 369 1894 429 ΙΝ
1943 366 2193 429 EPIST.
2242 366 2345 425 AD
2391 367 2669 428 GALAT.

1232 505 1634 580 ἀποκαλύψεως
1699 502 1959 579 Χριστοῦ.

2077 499 2252 555 didici
2281 517 2293 554 :
2324 501 2418 556 sed
2445 502 2568 572 fper
2596 488 2983 556 reuelationem
3022 502 3150 557 Iesu
3202 500 3427 559 Christi.
3486 502 3736 559 Audistis

3576 371 3733 432 1098

2076 593 2221 645 enim
2259 608 2438 645 meam
2505 591 2972 646 conversationem
3021 592 3300 663 quondam
3332 594 3390 646 in
3419 593 3732 659 Judaismo,

2075 680 2223 750 quod
2249 696 2421 751 supra
2489 681 2709 735 modum
2761 682 3129 751 persequebar
3185 681 3487 737 Ecclesiam
3518 683 3632 749 Dei,
3667 699 3732 737 ac

2076 771 2462 839 expugnabam
2493 770 2670 836 illam,
2704 777 2753 825 et
2781 771 3134 841 proﬁciebam
3162 772 3221 825 in
3250 773 3533 827 Judaismo
3555 787 3729 841 supra

2074 858 2273 914 multos
2290 859 2532 930 aequales
2558 862 2614 915 in
2637 877 2833 930 genere
2854 877 2988 926 meo,
3013 878 3135 915 cum
3160 861 3499 916 vehementer
3519 861 3730 917 zelator

2075 964 2242 1006 essem
2272 951 2600 1004 traditarum
2631 967 2666 1005 a
2694 950 2998 1021 majoribus
3028 951 3161 1006 meis
3182 951 3578 1007 institutorum.

2149 1232 2291 1288 12]
2325 1231 2647 1288 Ostendere
2680 1232 2800 1287 vult
2822 1232 2979 1303 quod
3011 1249 3132 1287 non
3150 1232 3222 1288 ab
3253 1230 3599 1288 hominibus
3623 1230 3729 1287 sed

2071 1324 2144 1380 ab
2175 1324 2303 1394 ipso
2335 1322 2566 1377 Christo
2590 1321 3073 1395 praedicationem
3096 1324 3341 1394 accepit.
3367 1346 3394 1373 ‹‹
3425 1323 3553 1377 Non
3597 1337 3728 1377 esse

2075 1412 2403 1469 secundum
2444 1411 2792 1467 hominen.»
2853 1413 2953 1466 Est
2996 1413 3161 1466 enim
3196 1410 3528 1467 secundum
3548 1413 3728 1468 Deum

2072 1503 2183 1557 hoc
2198 1507 2304 1567 est,
2332 1500 2660 1556 secundum
2681 1500 2783 1555 Dei
2816 1501 3258 1555 revelationem.
3290 1525 3315 1551 ‹‹
3342 1501 3543 1572 Neque
3563 1497 3726 1559 enim

2072 1590 2144 1647 ab
2162 1592 2404 1646 homine
2427 1590 2628 1662 accepi
2653 1589 2824 1658 illud,
2852 1613 2878 1640 »
2905 1591 3116 1660 inquit.
3152 1591 3295 1644 Nam
3317 1589 3428 1643 hoc
3450 1588 3729 1644 dicebant

2073 1682 2173 1751 qui
2192 1682 2390 1751 ipsum
2405 1679 2948 1749 calumniabantur,
2974 1679 3133 1750 quod
3151 1678 3369 1735 Paulus
3385 1678 3457 1734 ab
3476 1678 3730 1733 homini-

2070 1770 2181 1826 bus
2192 1770 2680 1843 praedicationem
2693 1770 3019 1841 accepisset
3033 1774 3224 1825 etnon
3239 1768 3740 1841 quemadmodum

305 1853 508 1929 Πέτρον
538 1853 681 1928 παρᾶ
705 1858 801 1908 τοῦ
832 1856 1091 1930 Χριστοῦ.
1147 1854 1240 1908 Διὸ
1298 1847 1510 1928 ἔλεγον.
1545 1851 1621 1909 Ού
1675 1847 1758 1905 δεῖ
1815 1848 1959 1921 αύτῷ

2071 1863 2281 1916 Petrus
2312 1878 2347 1916 a
2371 1860 2623 1917 Christo.
2659 1860 2796 1915 Ideo
2831 1859 3108 1915 dicebant
3153 1876 3273 1914 non
3306 1863 3579 1930 oportere
3611 1856 3727 1929 ipsi

210 1949 219 1953 ’
306 1944 604 2002 πείθεσθαι.
662 1968 690 1996 ‹‹
723 1943 1020 2001 Ἠκούσατε
1058 1944 1183 2018 γάρ.
1218 1967 1247 1995 ι)
1310 1944 1442 1999 Εἶτα
1498 1938 1687 2009 ἐπειδὴ
1743 1942 1843 2008 τήν
1874 1960 1965 2015 γε·

305 2035 543 2107 νομένην
583 2033 732 2106 αὐτῷ
785 2033 891 2088 ἀπὸ
951 2037 1190 2109 Χριστοῦ
1243 2033 1588 2107 ἀποκάλυψιν
1644 2030 1878 2106 ἠγνόουν
1912 2029 1962 2084 οἱ

314 2123 571 2192 Γαλάται,
636 2120 895 2198 βούλεται
954 2122 1013 2177 ἐκ
1066 2128 1164 2177 τοῦ
1224 2119 1390 2192 δείξαι
1450 2121 1640 2177 ἑαυτὸν
1698 2120 1960 2195 πρότερον

310 2211 572 2285 δίώκτην,
606 2214 695 2268 καὶ
759 2219 849 2269 νῦν
912 2213 1164 2294 ἐξαίφνης
1237 2207 1739 2287 μεταϐεϐλημένον,
1797 2231 1961 2265 κατα-

310 2303 586 2373 σκευάσαι,
621 2302 705 2358 ὅτι
766 2302 814 2358 εἷ’
856 2304 932 2375 μὴ
985 2303 1101 2357 θεία
1132 2324 1215 2363 τις
1266 2303 1415 2373 αὐτῷ
1472 2300 1814 2374 ἀποκάλυψις
1847 2299 1959 2374 ἐγε-

303 2394 478 2468 γόνει,
515 2393 617 2448 οὐκ
673 2392 732 2447 ἂν
775 2392 951 2454 οὕτως
997 2387 1309 2465 μετεϐλήθη
1343 2390 1579 2467 ταχέως,
1618 2389 1709 2445 ἳνα
1740 2387 1800 2445 ἐκ
1834 2389 1961 2444 τού-

303 2504 404 2537 του
463 2482 768 2546 πεισθέντες
836 2484 1076 2557 Χριστοῦ
1141 2482 1272 2536 εἶναι
1324 2480 1483 2536 αὐτὸν
1548 2480 1819 2553 μαθητὴν,
1882 2479 1957 2549 μὴ

300 2572 726 2649 καταφρονῶσιν
758 2570 947 2629 αὐτοῦ.
1000 2596 1019 2621 ι
1055 2573 1168 2640 Τὴν
1205 2569 1341 2644 ἐμήν
1398 2570 1756 2646 ἀναστροφήν.
1794 2593 1819 2619 ι)
1848 2567 1964 2626 Οὐκ

302 2660 369 2716 ’ἀν
404 2657 462 2716 δὲ
493 2661 600 2716 ἀπὸ
654 2660 1023 2731 Παλαιστίνης
1081 2659 1157 2723 εἷς
1216 2659 1483 2715 Γαλατίαν
1532 2659 1881 2729 ἠκηκόεισαν,
1914 2655 1961 2711 εἷ

304 2752 382 2825 μή
418 2748 627 2827 σφόδρα
647 2751 714 2819 ἦν
745 2748 1004 2821 διώκτης.
1039 2772 1060 2797 α
1087 2752 1174 2805 Ἐν
1196 2754 1274 2821 τῷ
1298 2745 1650 2822 Ἰουδαϊσμῷ.
1694 2782 1753 2791 ης
1776 2749 1963 2821 [ΣΕΥ-

306 2842 449 2914 ΗΡ.]
484 2839 580 2902 Τίς
606 2839 766 2916 χρεία
812 2842 910 2910 τῆς
969 2840 1019 2894 έν
1051 2844 1128 2912 τῷ
1183 2835 1511 2912 Ἰουδαϊσμῷ
1569 2840 1909 2915 ἀναστροφῆς
1948 2855 1961 2905 ;

300 2928 432 2984 ἀλλ’
469 2928 558 2983 ’ἱνα
588 2926 731 3003 δείξῃ
761 2927 842 2982 ὅτι
878 2928 939 2983 οὐ
991 2927 1270 3003 προλήψει
1330 2925 1600 2997 δουλεύει,
1662 2923 1788 2981 ἀλλ’
1820 2924 1956 2996 ἀλη-

301 3018 443 3089 θείᾳ.
485 3017 562 3075 Οὐ
594 3017 697 3092 γὰρ
734 3019 969 3091 μισήσας
1002 3017 1094 3071 τὸν
1153 3019 1321 3089 νόμον
1378 3014 1654 3091 ὑπέδραμε
1711 3016 1808 3083 τὴν
1852 3014 1962 3092 χά-

305 3128 391 3182 ριν
470 3103 713 3181 χέξεὸίκει
773 3106 877 3182 γὰρ
939 3105 1143 3176 αὐτὸν),
1190 3103 1315 3161 ἀλλ’
1372 3105 1545 3180 εὑρὼν
1604 3105 1667 3159 τὸ
1723 3101 1957 3171 τέλειον,

306 3195 514 3266 ἀπέστη
548 3199 645 3251 τοῦ
703 3194 898 3269 νόμου.
964 3218 991 3247 ιι
1051 3194 1151 3251 Καὶ
1212 3192 1474 3268 ἐπόρθουν
1531 3193 1721 3263 αὑτήν.
1755 3214 1782 3246 ι
1845 3191 1961 3249 Οὐκ

309 3282 538 3339 ἒδίωκον
592 3285 797 3358 μόνον,
850 3283 1034 3361 φησὶν,
1092 3281 1238 3339 ἀλλὰ
1295 3283 1387 3338 καὶ
1444 3283 1807 3358 καταστρέψαι
1866 3281 1955 3335 καὶ

310 3373 562 3451 ἀφανίσαι
604 3374 772 3443 αὐτὴν
830 3371 1220 3449 προῃρούμην.
1280 3374 1461 3430 Τοῦτο
1517 3371 1731 3447 γὰρτὸ,
1792 3397 1819 3424 ‹‹
1853 3370 1955 3427 Καὶ

303 3464 572 3539 ἐπόρθουν
605 3466 794 3535 αὐτήν.
832 3487 859 3515 η
882 3497 950 3507 -
979 3488 1007 3516 ‹‹
1027 3463 1130 3521 Καὶ
1152 3461 1517 3539 προέκοπτον.
1553 3486 1579 3515 ››
1612 3460 1954 3537 Προέκοπτον

302 3553 359 3608 ἐν
390 3552 461 3628 τῇ
492 3555 758 3627 πορθήσει
794 3559 902 3609 τῶν
950 3551 1280 3624 έκκλησίῶν,
1339 3549 1631 3622 τουτέστιν,
1672 3547 1953 3605 ἐπεδίδουν

303 3644 388 3698 ἀεὶ
415 3643 553 3719 πρὸς
601 3644 663 3699 τὸ
720 3641 1111 3719 χαλεπώτερος
1170 3642 1331 3700 εἶναι.
1393 3642 1463 3697 Ἥ
1494 3639 1832 3716 προέκοπτον
1863 3638 1954 3694 καὶ

298 3727 523 3806 ἔντιμος
554 3733 705 3806 ἤμην
737 3733 824 3786 διὰ
852 3737 1014 3787 τοῦτο
1046 3731 1192 3807 παρὰ
1214 3736 1330 3793 τοῖς
1377 3727 1684 3791 Ἰουδαίοις.
1744 3731 1804 3784 Τί
1856 3727 1950 3783 οῦν

297 3825 367 3882 τὸ
397 3821 576 3879 αἴτιον
604 3827 700 3879 τοῦ
731 3823 1058 3899 αἱρήσασθαί
1093 3843 1157 3897 με
1213 3821 1465 3902 ἐξαίφνης
1516 3820 1762 3895 πόλεμον
1817 3821 1954 3896 πρὸς

300 3912 526 3983 αὐτοὺς,
557 3913 685 3975 τοὺς
714 3918 989 3985 τιμῶντας
1019 3911 1107 3967 καὶ
1162 3913 1476 3988 ἀγαπῶντας
1513 3930 1526 3981 ;
1587 3909 1757 3969 Οὐδὲν
1790 3906 1953 3982 ἄλλο,

301 4003 493 4082 φησὶν,
538 4004 573 4073 ἦ
619 4004 654 4073 ἡ
688 4000 1032 4075 ἀποκάλυψις
1089 4005 1184 4056 τοῦ
1244 4004 1506 4075 Χριστοῦ.
1571 4027 1594 4054 υ
1632 3998 1952 4075 Περισσοτέ-

306 4113 419 4170 ρως
482 4091 739 4164 ζηλωτὴς
784 4093 1067 4168 ὑπάρχων.
1103 4117 1131 4145 ››
1193 4092 1557 4167 Προέκοπτον,
1614 4089 1801 4163 ἐπειδὴ
1835 4090 1956 4147 λίαν

303 4180 344 4253 ἥ
355 4204 463 4256 μην
496 4181 755 4253 ζηλωτὴς
786 4187 892 4237 τῶν
923 4187 1199 4257 πατρικῶν
1232 4204 1336 4256 μου
1367 4181 1740 4258 παραδόσεων.
1772 4184 1955 4253 Ὥστε,

305 4271 498 4350 φησὶν,
544 4268 802 4327 οὐδέποτε
855 4272 992 4327 κατᾶ
1030 4270 1337 4344 κενοδοξίαν
1397 4271 1615 4329 ἐποίουν
1648 4272 1681 4327 ’ὰ
1712 4271 1956 4342 ἐποίουν,

303 4359 457 4418 ἀλλᾶ
519 4362 655 4417 κατὰ
705 4360 875 4431 ζῆλον
937 4359 1092 4432 Θεοῦ,
1144 4362 1189 4417 εἶ
1256 4363 1347 4417 καὶ
1412 4362 1852 4435 πεπλανημένον.
1896 4365 1957 4421 Ὁ

305 4451 400 4506 οὗν
434 4447 575 4523 μηδὲ
601 4451 725 4505 τότε
754 4450 890 4506 κατᾶ
919 4448 1224 4521 κενοδοξίαν
1250 4473 1303 4506 τι
1335 4456 1534 4521 ποιῶν,
1567 4456 1683 4513 πῶς
1752 4453 1814 4506 ἂν
1867 4456 1957 4507 νῦν

2070 1966 2298 2021 parere.
2330 1972 2352 2001 (ι
2380 1949 2642 2005 Audistis
2667 1950 2847 2004 enim.
2872 1974 2892 2001 ι
2927 1949 3168 2016 Deinde,
3203 1948 3485 2019 quoniam
3507 1947 3725 2003 factam

2068 2040 2181 2111 ipsi
2206 2056 2240 2094 a
2260 2040 2490 2095 Christo
2514 2039 2939 2095 revelationem
2962 2037 3568 2111 ignorabantGalataz,
3592 2054 3726 2093 con-

2067 2128 2305 2184 ﬁrmare
2341 2128 2462 2183 vult
2500 2146 2573 2183 ex
2606 2146 2675 2184 eo
2709 2130 2861 2200 quod
2896 2127 3173 2183 ostendat
3211 2144 3274 2182 se
3321 2127 3487 2198 prius
3538 2127 3723 2182 fuisse

2066 2224 2525 2290 persecutorem,
2561 2234 2720 2272 nunc
2742 2223 2941 2272 autem
2971 2221 3215 2288 repente
3250 2220 3714 2270 transmutatum

2067 2323 2217 2373 esse,
2246 2305 2405 2376 quod
2430 2305 2546 2360 nisi
2572 2304 2771 2359 divina
2795 2304 2907 2359 sibi
2929 2304 3131 2375 aliqua
3152 2303 3296 2358 visio
3322 2303 3474 2359 facta
3489 2303 3721 2370 fuisset,
3758 2308 3761 2311 ’

2064 2411 2443 2467 nequaquam
2463 2400 2707 2466 repente
2731 2394 2879 2449 adeo
2895 2400 3327 2449 transmutatus
3354 2398 3530 2459 esset,
3565 2398 3630 2447 ut
3650 2409 3724 2448 ex

2061 2485 2173 2540 hoc
2189 2485 2457 2556 persuasi
2474 2485 2668 2556 ipsum
2686 2500 2815 2540 esse
2830 2484 3044 2539 Christi
3063 2483 3571 2554 discipulum,nou
3587 2499 3723 2538 eum

2062 2570 2458 2646 despicerent.
2487 2597 2513 2623 «
2539 2576 2726 2629 Meam
2749 2574 3311 2630 conversationem.»
3336 2575 3723 2645 Nequaquam

2062 2670 2347 2720 autemex
2379 2663 2695 2718 Palaestina
2726 2664 2787 2717 in
2819 2663 3107 2719 Galatiam
3130 2679 3322 2733 usque
3357 2680 3561 2718 rumor
3580 2679 3719 2734 per-

2058 2755 2327 2824 vasisset,
2352 2753 2468 2808 nisi
2501 2753 2825 2808 vehemens
2847 2758 3198 2824 persecutor
3216 2752 3447 2808 fuisset.
3474 2775 3501 2803 ‹‹
3534 2753 3596 2808 In
3618 2754 3720 2809 Ju-

2061 2843 2309 2899 daismo.
2341 2866 2366 2892 ››
2390 2843 2528 2908 Quae
2559 2843 2671 2896 fuit
2701 2842 3026 2898 necessitas
3061 2841 3319 2897 faciendi
3349 2842 3719 2898 mentionem

2059 2933 2524 2988 conversationis
2556 2932 2618 2986 in
2650 2931 2951 2987 Judaismo
2982 2932 3009 2986 ?
3059 2932 3207 2987 Sane
3266 2937 3332 2986 ut
3378 2931 3721 2987 ostenderet

2062 3023 2221 3094 quod
2236 3040 2355 3077 non
2380 3021 3040 3093 opinioniserviret,sed
3060 3022 3309 3076 veritati.
3332 3023 3529 3091 Neque
3554 3020 3714 3075 enim

2060 3112 2193 3167 odio
2221 3112 2368 3184 legis
2398 3110 2473 3167 ad
2503 3111 2754 3178 gratiam
2795 3110 3175 3181 profugerat:
3230 3110 3423 3181 ipsam
3456 3124 3715 3180 namque

2063 3200 2464 3256 ulciscebatur
2492 3199 2815 3271 legem,sed
2838 3199 3076 3254 invento
3099 3215 3167 3255 eo
3191 3198 3349 3269 quod
3374 3205 3500 3255 erat
3520 3199 3715 3270 perfe-

2064 3291 2234 3357 ctius,
2281 3290 2557 3345 discessit
2584 3306 2620 3345 a
2649 3288 2794 3360 lege.
2858 3312 2883 3339 ‹‹
2919 3291 3001 3343 Ac
3032 3288 3439 3361 expugnabam
3471 3289 3656 3345 illam.
3688 3310 3718 3339 ››

2061 3382 2188 3435 Non
2216 3379 2408 3434 solum
2441 3379 2633 3450 ipsam
2652 3378 3308 3451 persequebar,inquit,
3342 3378 3443 3434 sed
3475 3384 3535 3434 et
3554 3393 3718 3433 ever-

2061 3477 2184 3527 tere
2216 3489 2283 3527 ac
2314 3469 2633 3527 obscurare
2678 3470 2843 3525 illam
2901 3470 3193 3525 conabar:
3254 3469 3367 3524 hoc
3398 3474 3600 3525 autem
3625 3473 3716 3524 est

2062 3584 2091 3614 «
2114 3561 2557 3634 Expugnabam-
2579 3581 2599 3611 ι
2619 3592 2685 3600 -
2705 3581 2734 3610 ‹‹
2756 3562 2826 3614 Ει
2845 3559 3252 3631 proficiebam.
3271 3584 3291 3612 ι
3318 3559 3712 3615 Proﬁciebam

2059 3653 2122 3706 in
2171 3651 2555 3723 populatione
2609 3648 3043 3704 Ecclesiarum:
3092 3648 3200 3702 hoc
3250 3652 3360 3710 est,
3420 3646 3711 3702 addebam

2061 3758 2296 3813 semper
2318 3739 2603 3795 utszevior
2625 3754 2836 3793 essem.
2862 3740 2979 3792 Aut
2999 3736 3411 3808 proficiebam,
3435 3736 3494 3791 id
3524 3741 3634 3804 est,
3651 3739 3711 3789 et

2061 3830 2134 3886 ob
2166 3830 2225 3885 id
2245 3828 2616 3884 honorabilis
2648 3843 2808 3882 eram
2840 3826 2994 3898 apud
3013 3826 3265 3881 Iudaeos.
3311 3825 3461 3889 Quid
3480 3840 3614 3897 ergo
3647 3824 3710 3879 in

2061 3937 2240 3976 causa
2269 3919 2380 3974 fuit
2408 3923 2474 3973 ut
2494 3922 2737 3989 repente
2759 3916 2983 3971 bellum
3024 3915 3387 3986 susciperem
3429 3914 3709 3969 adversus

2061 4027 2162 4065 eos
2186 4009 2287 4080 qui
2310 4024 2402 4062 me
2423 4008 2483 4062 in
2497 4007 2724 4063 honore
2759 4006 3058 4061 habebant
3077 4022 3144 4061 ac
3167 4004 3531 4078 diligebant?
3552 4002 3711 4059 Nihil

2062 4098 2589 4170 aliud,inquit,nisi
2613 4096 2892 4153 revelatio
2908 4096 3144 4151 Christi.
3175 4119 3199 4147 υ
3223 4096 3368 4150 Cum
3395 4095 3711 4149 vehemen-

2062 4197 2153 4247 ter
2164 4190 2383 4245 zelator
2401 4204 2613 4243 essem.
2635 4210 2660 4235 »
2675 4185 3378 4257 Proﬁciebam,quoniam
3392 4183 3717 4240 admodum

2062 4279 2282 4334 zelator
2302 4293 2464 4333 eram
2489 4275 2840 4330 traditorum
2874 4291 2909 4329 a
2941 4273 3268 4347 majoribus
3298 4273 3450 4328 meis
3481 4273 3720 4328 institu-

2064 4368 2601 4437 torum.Nunquam
2618 4364 2818 4436 itaque
2833 4362 3111 4419 faciebam
3129 4363 3293 4419 inani
3313 4362 3523 4418 ductus
3537 4361 3727 4435 gloria

2065 4474 2195 4527 quas
2210 4455 2499 4511 faciebam
2516 4455 2616 4510 sed
2635 4453 2709 4508 ob
2726 4455 2826 4509 Dei
2846 4453 3033 4508 zelum
3051 4469 3393 4525 quanquam
3408 4467 3725 4508 erroneum

308 4542 447 4614 μετᾶ
476 4542 574 4610 τήν
634 4539 928 4617 ἐπίγνωσιν
987 4548 1086 4611 τῆς
1143 4540 1406 4612 ἀληθείας
1458 4540 1750 4617 ἐκήρυττον
1785 4539 1956 4614 ψευδῆ

2071 4548 2177 4614 Qui
2200 4562 2336 4618 ergo
2360 4562 2434 4600 ne
2458 4551 2599 4599 tunc
2626 4542 2871 4614 quidem
2923 4543 3089 4599 inani
3111 4550 3309 4599 motus
3338 4542 3527 4614 gloria
3547 4540 3727 4612 quid-

298 4628 402 4686 ’ίνα
484 4631 795 4707 ἀνθρώποις
854 4631 1048 4707 ἀρέσω,
1110 4633 1201 4687 καὶ
1263 4632 1339 4705 μὴ
1400 4632 1593 4703 ἐκεῖνα,
1652 4632 1804 4687 ἅτινα
1851 4632 1958 4687 ἀπὸ

2071 4650 2249 4704 quam
2307 4633 2621 4698 faciebam,
2708 4632 3007 4702 quomodo
3060 4649 3219 4687 nunc
3283 4637 3416 4702 post
3464 4629 3729 4685 veritatis

305 4725 560 4795 Χριστοῦ
600 4715 911 4798 παρέλαϐον
949 4742 962 4791 ;

382 4901 516 4959 ’Ὅτε
572 4900 629 4957 δὲ
688 4901 979 4975 εὐδόκησεν
1035 4906 1063 4959 ὁ
1123 4901 1384 4981 ἀφορίσας
1456 4925 1522 4977 με
1603 4903 1661 4958 ἐκ
1744 4899 1963 4966 κοιλίας

310 4991 525 5065 μητρός
586 5013 694 5065 μου
752 4992 842 5048 καὶ
911 4993 1145 5058 καλέσας
1206 4991 1294 5048 διὰ
1350 5000 1451 5063 τῆς
1510 4994 1739 5071 χάριτος
1798 4991 1963 5047 αὐτοῦ

300 5080 666 5156 ἀποκαλῦψαι
724 5082 815 5137 τὸν
903 5084 1025 5138 Υἱὸν
1114 5083 1278 5139 αὐτοῦ
1338 5082 1388 5138 έν
1448 5077 1599 5156 ἕμοὶ,
1651 5079 1747 5137 ’ίνα
1803 5083 1965 5158 εὐαγ-

300 5165 625 5251 γελίζωμαι
677 5171 838 5228 αὐτὸν
908 5173 960 5228 ἐν
1014 5180 1131 5237 τοῖς
1164 5173 1386 5245 ἔθνεσιν,
1420 5174 1616 5236 εὐθέως
1674 5173 1738 5229 ού
1789 5194 1961 5249 προσο

305 5259 587 5332 ανεθέμην
621 5260 779 5334 σαρκὶ
811 5261 901 5317 καὶ
933 5257 1149 5334 α’ίματι.

390 5347 457 5403 Εἰ
488 5347 548 5403 ἐκ
585 5347 803 5413 κοιλίας
833 5351 1041 5426 μητρὸς
1076 5352 1243 5407 αὐτοῦ
1274 5353 1551 5431 ἀφώριστο
1582 5353 1716 5426 πρὸς
1746 5353 1809 5406 τὸ
1862 5353 1964 5422 κη-

308 5458 499 5515 ρυγμα
527 5439 617 5493 καί
651 5436 997 5511 έπελέλεκτο,
1034 5438 1121 5496 διά
1162 5462 1279 5497 τινα
1336 5441 1554 5507 πάντως
1611 5442 1754 5508 θείαν
1815 5442 1966 5496 οἱκο-

302 5527 505 5600 νομίαν
539 5530 630 5584 τὸν
664 5528 826 5603 μέσον
859 5530 1010 5601 είάθη
1054 5530 1275 5606 χρόνον,
1332 5531 1423 5587 ἳνα
1475 5534 1510 5602 ἡ
1568 5531 1740 5592 οὕτως
1799 5530 1968 5587 αὐτοῦ

302 5619 490 5699 ἆφρόα
527 5614 832 5693 μεταϐολὴ,
874 5620 1119 5683 πολλοὺς
1178 5622 1541 5694 πιστώσηται,
1579 5646 1607 5676 ι‹
1637 5623 1738 5680 Καὶ
1799 5622 1966 5678 καλέ-

304 5730 407 5769 σας
441 5705 529 5763 διὰ
558 5713 658 5775 τῆς
699 5710 929 5789 χάριτος
987 5709 1171 5766 αὐτοῦ’
1216 5736 1235 5762 ι
1274 5710 1445 5774 Αὐτὸς
1481 5712 1574 5786 μὲν
1637 5712 1711 5774 ὡς
1773 5716 1962 5773 σκεῦος

634 5834 903 5893 ΡΑτιιοι.
950 5829 1061 5891 Gn.
1113 5830 1368 5889 (LXVIII.

2071 4722 2435 4795 agnitionem
2468 4721 2618 4776 falsa
2646 4720 2967 4792 praedicare
2999 4738 3236 4793 possem
3276 4726 3340 4775 ut
3380 4720 3729 4776 hominibus

2071 4810 2392 4882 placerem,
2428 4814 2485 4863 et
2507 4824 2627 4862 non
2660 4824 2730 4863 ea
2760 4824 2893 4878 quas
2917 4824 2951 4861 a
2975 4809 3204 4863 (lhristo
3238 4807 3603 4879 accepissem
3632 4807 3661 4863 ‘l

2149 4900 2297 4956 722
2323 4901 2364 4965 Ι,
2409 4901 2485 4959 I5.
2527 4900 2609 4954 16.
2644 4898 2829 4952 Atubi
2858 4900 2989 4966 Deo,
3021 4898 3122 4969 qui
3140 4907 3520 4970 segregaverat
3550 4918 3634 4955 me
3665 4900 3734 4957 ab

2073 4996 2227 5045 utero
2258 4989 2451 5045 matris
2479 5004 2629 5051 meae,
2663 4994 2714 5042 et
2755 4990 2970 5043 vocavit
3014 5006 3117 5059 per
3144 4990 3392 5059 gratiam
3421 5007 3598 5055 suam,
3644 5008 3733 5046 re-

2073 5079 2305 5136 velando
2342 5079 2541 5133 Filium
2583 5094 2744 5132 suum
2780 5080 2840 5131 in
2870 5094 2973 5139 me.
3008 5078 3183 5133 visum
3214 5085 3290 5135 est
3344 5087 3406 5134 ut
3448 5080 3733 5151 praedica-

2073 5187 2187 5225 rem
2220 5168 2399 5239 ipsum
2432 5169 2577 5221 inter
2605 5173 2828 5236 gentes:
2860 5168 3123 5223 continuo
3148 5185 3261 5224 non
3290 5172 3547 5239 acquievi
3575 5174 3738 5227 carni

2075 5267 2125 5316 et
2154 5260 2439 5329 sanguini.

2149 5349 2205 5404 Si
2238 5348 2311 5404 ab
2343 5353 2511 5402 utero
2544 5346 2753 5402 matris
2784 5364 2905 5402 sua;
2936 5354 3276 5421 segregatus
3306 5349 3501 5405 fuerat
3523 5356 3584 5404 et
3611 5350 3737 5405 ele-

2076 5444 2226 5503 ctus,
2266 5438 2473 5508 utique
2529 5435 2727 5491 divina
2758 5435 3015 5507 quadam
3055 5437 3502 5510 dispensatione
3535 5438 3734 5493 medio

2079 5535 2345 5601 tempore
2377 5526 2621 5582 relictus
2645 5525 2777 5594 fuit,
2804 5532 2868 5581 ut
2890 5527 3038 5582 adeo
3056 5528 3371 5599 repentina
3399 5529 3584 5600 ipsius
3605 5543 3740 5582 mu—

2075 5619 2219 5674 tatio
2256 5616 2472 5673 multos
2505 5615 2909 5671 confirmaret.
2947 5638 2969 5668 α
3001 5618 3071 5671 Ει
3098 5619 3324 5674 vocavit
3352 5636 3459 5691 per
3487 5616 3741 5690 gratiam

2079 5724 2270 5765 suam.
2301 5729 2326 5754 η
2354 5709 2481 5778 [pse
2502 5705 2743 5776 quidem
2765 5711 3048 5779 tanquam
3073 5724 3170 5762 vas
3185 5707 3746 5763 electionisvocatus

3389 5825 3467 5883 35
