4098 6388
375 317 533 403 1095

1495 334 1742 401 (ΕΩοΜ
1757 337 1907 398 ENII
1947 328 2258 399 ἸἭῙΟΟιΕ
2302 329 2655 399 EPISCOPI

3630 343 3791 407 1096

374 476 512 541 cito,
543 481 611 531 ut
638 491 831 548 neque
862 472 1286 547 impostoribus
1317 490 1464 548 opus
1515 480 1674 532 esset
1729 479 2014 547 tempore.

2137 472 2308 549 χεως,
2366 472 2441 536 ὡς
2501 470 2644 548 μηδδ
2703 473 2909 550 χρόνου
2984 471 3191 540 δεῖσθαι
3260 477 3390 540 τοὺς
3457 477 3806 545 ἀπατῶντας,

373 566 695 623 Considera
713 575 909 624 autem
935 565 1325 641 diligentiam.
1350 568 1640 634 Quoniam
1680 567 1795 640 legi
1825 566 2020 622 adha-

372 657 557 712 rendo
582 657 870 730 putabant
890 674 1134 715 exorare
1156 658 1832 723 Patrem,ostenditeum
1858 655 1960 728 qui
1986 668 2022 711 θ.

371 745 600 801 Christo
623 745 876 802 discedit
898 752 955 801 et
973 746 1308 819 Evangelio,
1338 747 1517 802 etiam
1550 762 1585 802 a
1632 747 1804 801 Patre
1835 744 2022 800 disce—

370 834 529 890 dere.
548 837 690 891 Nam
706 835 832 908 ipse
853 840 1038 901 Pater,
1074 836 1288 907 inquit,
1322 836 1664 892 vocavitnos
1678 835 1750 891 ad
1767 834 2018 908 gratiam

370 924 499 980 Filii
534 926 646 982 sui.
678 926 913 981 Etenim
941 926 1126 981 Filius
1184 925 1597 981 remissionem
1654 924 1858 980 tribuit
1911 939 2018 978 suo

372 1016 880 1089 sanguinegratia
892 1023 1081 1071 etnon
1099 1014 1390 1081 mercede,
1423 1032 1560 1071 nam
1578 1017 1749 1071 Pater
1769 1013 1843 1070 ad
1866 1014 2021 1069 hanc

370 1111 575 1160 vocat:
604 1105 1003 1178 Spiritusvero
1031 1105 1346 1161 consentit.
1373 1108 1697 1162 Commune
1724 1103 2019 1175 siquidem

373 1209 512 1267 erga
528 1208 639 1250 nos
661 1194 1018 1251 beneﬁcium
1044 1202 1133 1250 est
1153 1202 1372 1251 sanctae
1394 1211 1463 1251 ac
1488 1194 1675 1249 beatae
1696 1193 2020 1249 Trinitatis.

374 1305 403 1335 ι(
439 1289 502 1338 In
535 1283 700 1340 aliud
730 1284 1133 1357 Evangelium.
1168 1306 1197 1336 »
1259 1283 1366 1350 Qui
1423 1283 1645 1341 Calatis
1691 1283 2024 1340 suadebant

373 1372 626 1429 Sabbata
647 1389 714 1430 ac
728 1372 1245 1430 circumcisionem
1270 1390 1521 1431 servare.
1548 1374 1848 1445 propriam
1872 1373 2026 1444 ipso-

365 1478 499 1517 rum
531 1462 949 1536 deceptionem
985 1463 1277 1520 vocabant
1320 1463 1719 1537 Evangelium,
1779 1462 2022 1519 nomine

366 1552 556 1618 magis
586 1553 948 1609 inescantes.
984 1577 1011 1604 ‹‹
1045 1553 1211 1619 Quod
1241 1569 1359 1609 non
1391 1559 1481 1609 est
1526 1552 1712 1608 aliud.
1769 1573 1797 1603 »
1858 1548 2025 1617 Quod

367 1642 586 1714 inquit,
621 1642 815 1697 solum
846 1659 1034 1698 unum
1066 1648 1178 1711 est,
1228 1649 1287 1699 et
1327 1659 1448 1699 non
1495 1648 1587 1698 est
1616 1641 1779 1697 aliud
1809 1647 2026 1713 praeter

366 1730 583 1803 ipsum.
610 1731 734 1788 Nisi
760 1748 877 1804 quo
896 1731 1142 1804 quidam
1166 1732 1426 1804 suntqui
1462 1731 1705 1788 turbant
1753 1746 1854 1787 vos
1884 1746 1896 1785 :
1924 1746 2023 1786 vo-

2132 565 2271 631 Ὅρα
2303 560 2370 634 δὴ
2404 558 2712 639 ἀκρίϐειαν.
2744 560 2965 635 Ἐπειδὴ
3015 567 3113 621 τοῦ
3159 564 3332 640 νόμου
3363 564 3627 643 ἐχόμενοι
3657 566 3802 643 ᾤον-

2127 673 2191 709 το
2233 649 2507 709 δυσωπεῖν
2538 653 2631 708 τὸν
2676 654 2909 729 Πατέρα,
2953 650 3221 710 δείκνυσιν
3288 656 3373 712 ’ὁτι
3433 658 3461 712 ὁ
3510 662 3609 714 τοῦ
3660 662 3803 734 Χρι-

2131 746 2264 798 στοῦ
2294 742 2385 798 καὶ
2413 746 2512 798 τοῦ
2546 740 2895 820 Εὐαγγελίου
2925 742 3318 818 ἀφιστάμενος,
3378 745 3473 801 καὶ
3534 751 3634 802 τοῦ
3694 752 3806 802 Πα-

2129 833 2258 907 τρὸς
2284 832 2591 911 ἀφίσταται.
2627 833 2803 895 Αὐτὸς
2843 834 2948 909 γ“ρ
3002 835 3031 889 ὁ
3092 836 3307 909 Πατὴρ,
3367 837 3553 907 φησὶν,
3608 833 3805 893 ἐκάλε-

2131 943 2218 976 σεν
2253 923 2404 994 ἡμᾶς
2466 922 2542 986 εἷς
2602 924 2704 992 τήν
2767 923 2929 1000 χάριν
2989 927 3088 979 τοῦ
3151 925 3280 980 Υἱοῦ
3334 928 3521 983 αὑτοῦ.
3579 927 3642 985 Ὀ
3703 926 3799 1000 μὶν

2132 1014 2236 1089 γὰρ
2268 1013 2393 1075 Υἱὸς
2426 1012 2657 1093 παρέχει
2690 1014 2788 1082 τήν
2823 1011 3010 1093 ἄφεσιν
3038 1018 3120 1086 τῷ
3177 1013 3305 1088 ῗδῖῳ
3357 1014 3572 1091 αἵματι,
3606 1018 3801 1094 χάριτι

2129 1102 2221 1157 καὶ
2252 1101 2313 1158 οὗ
2345 1104 2548 1176 μισθῷ.
2577 1103 2639 1161 ὐ
2669 1100 2726 1158 εὶ
2775 1106 2984 1179 Πατήρ,
3045 1106 3184 1179 πρὸς
3240 1106 3444 1177 ταύτην
3485 1104 3664 1165 καλεῖ.
3724 1110 3797 1167 Τὸ

2131 1189 2190 1247 δὲ
2223 1196 2441 1266 Πνεῦμα
2474 1189 3011 1266 συνευδοκεῖκΚοινή
3045 1195 3145 1270 γὰρ
3205 1196 3240 1265 ἡ
3295 1196 3372 1259 εἷς
3437 1199 3588 1272 ἡμᾶς
3644 1198 3791 1274 εὐερ-

2133 1283 2291 1360 γεσία
2317 1289 2417 1352 τῆς
2452 1283 2607 1360 ἁγὶας
2649 1283 2739 1339 καὶ
2789 1284 3061 1359 μακαρίας
3093 1282 3351 1360 Τρίάδος.
3388 1312 3410 1339 τι
3474 1286 3566 1349 Εἷς
3614 1283 3792 1362 ἓτερον

2135 1371 2493 1448 Εὐαγγὲλιον.
2532 1398 2558 1424 ››
2588 1375 2699 1443 Τὴν
2732 1374 2835 1452 γὰρ
2869 1375 3073 1430 ἑαυτῶν
3107 1374 3340 1447 ἀπάτην,
3372 1375 3488 1432 οἷον
3531 1377 3598 1432 τὰ
3646 1371 3789 1431 Σαϐ-

2133 1457 2271 1517 ϐατα
2306 1463 2397 1518 καὶ
2428 1464 2531 1533 τὴν
2562 1465 2867 1540 περιτομήν
2922 1470 3109 1541 τηρεῖν
3165 1466 3446 1530 πείθοντες
3504 1467 3632 1529 τοὺς
3690 1472 3795 1522 Γα-

2136 1552 2330 1618 λάτας,
2367 1551 2705 1628 Εὐαγγέλιον
2748 1551 2997 1621 ἐκάλουν,
3031 1551 3119 1610 διὰ
3164 1559 3262 1611 τοῦ
3296 1555 3592 1630 ὀνόματος,
3646 1554 3795 1632 μᾶλα

2136 1638 2237 1696 λον
2273 1639 2634 1713 δελεάζονοες.
2668 1667 2698 1696 ‹‹
2728 1645 2798 1702 Ὅ
2829 1643 2929 1700 οὒκ
2959 1642 3103 1701 ἔστιν
3163 1641 3327 1704 ἄλλο.
3364 1669 3393 1697 υ
3450 1646 3641 1722 Ὅπερ,
3689 1667 3797 1726 φη-

2136 1730 2240 1801 σὶν,
2270 1729 2326 1786 ’ἐν
2360 1731 2542 1804 μόνον,
2574 1732 2665 1788 καὶ
2726 1733 2829 1790 οὐκ
2878 1730 3018 1789 ἔστιν
3049 1731 3191 1791 ἄλλο
3224 1735 3370 1808 παρᾶ
3403 1738 3591 1791 τοῦτο.
3624 1734 3685 1792 Εἰ
3720 1736 3800 1809 μὴ

365 1819 559 1877 lentes
583 1837 682 1876 vos
699 1826 1057 1893 pervertere,
1081 1821 1418 1894 Christique
1458 1819 1838 1894 Evangelium
1871 1835 2014 1875 ever-

2136 1818 2237 1897 ἄρα
2290 1822 2429 1886 τινες
2488 1822 2627 1896 ὑμᾶς
2683 1818 3124 1898 διαταράσσουσι,
3172 1821 3491 1900 διαστρέψαι
3550 1845 3608 1881 τε
3664 1825 3798 1900 βου-

366 1915 514 1966 tere.
538 1934 564 1960 ι(
590 1915 877 1967 Carterum
904 1912 1079 1967 etiam
1106 1912 1153 1965 si
1177 1928 1307 1966 nos.
1334 1934 1360 1960 ››
1386 1913 1465 1967 Ne
1494 1911 1629 1982 quis
1651 1909 1809 1966 dicat
1867 1908 2026 1981 quod

362 1997 530 2054 inani
557 1999 766 2073 gloria,
819 2000 1072 2073 propriae
1104 2000 1261 2056 favet
1290 1999 1723 2072 proedicalioni,
1758 1998 2020 2071 seipsum

364 2092 623 2162 primum
651 2098 1009 2150 exsecratur.
1047 2091 1093 2146 si
1117 2091 1258 2163 quid
1286 2091 1345 2147 in
1368 2092 1678 2161 Evangelia
1701 2091 2020 2147 immutare

360 2176 518 2235 velit.
545 2203 571 2228 ‹‹
594 2182 708 2236 Aut
727 2179 971 2254 angelus
994 2197 1024 2235 e
1050 2182 1217 2236 cmlo.
1239 2203 1269 2232 ››
1289 2183 1368 2236 Ne
1401 2181 1549 2238 mihi
1607 2181 1821 2251 inquit,
1854 2179 2017 2235 dicas

367 2268 922 2336 Petrum,Jacobum
951 2276 1010 2325 et
1027 2270 1314 2326 Joannem
1339 2287 1351 2325 :
1374 2271 1476 2325 sed
1500 2270 1549 2324 si
1575 2284 1847 2343 superum
1871 2284 2016 2340 quo-

365 2371 480 2428 que
509 2364 834 2429 potestates
873 2365 1217 2430 pervertant
1245 2358 1649 2432 Evangelium,
1699 2359 2018 2414 anathema

365 2445 505 2502 sint.
529 2446 663 2504 Haec
684 2454 904 2511 autem,
931 2448 1033 2515 ait,
1052 2465 1175 2504 non
1224 2447 1383 2520 quod
1423 2448 1585 2505 aliud
1620 2448 2018 2520 praedicarent

362 2535 574 2591 Petrus
598 2542 657 2592 et
678 2538 771 2592 cui
797 2554 933 2593 cum
960 2554 1027 2592 eo
1048 2542 1217 2593 erant
1240 2554 1252 2592 :
1277 2542 1379 2593 aut
1399 2552 1673 2609 supernae
1721 2538 1968 2593 virtutes
1999 2554 2013 2592 :

365 2623 469 2679 sed
499 2623 702 2680 volens
727 2626 1120 2698 impostorum
1154 2642 1258 2681 ora
1286 2626 1614 2695 obstruere,
1661 2626 1761 2698 qui
1792 2641 1827 2682 a
1858 2626 2013 2681 Petri

364 2711 649 2785 dignitate
671 2714 1061 2786 imponebant
1082 2715 1222 2771 illis.
1255 2735 1275 2762 ι
1301 2717 1522 2771 Ριιειειιῑει⁵
1542 2715 1602 2770 id
1626 2714 1783 2788 quod
1805 2714 2017 2788 prtedi-

364 2802 646 2858 cavimus.
671 2824 698 2853 »
726 2803 862 2878 Ilap‘
892 2803 940 2871 δ,
969 2803 1026 2859 id
1054 2810 1162 2872 est,
1179 2811 1388 2875 praeter
1408 2805 1468 2860 id
1501 2803 1669 2876 quod,
1721 2803 2017 2877 signiﬁcat

362 2897 739 2965 quantumvis
774 2912 985 2969 parum
1007 2913 1041 2951 a
1071 2896 1491 2969 praedicatione
1525 2897 1825 2952 diversim.

2139 1910 2367 1985 λὸμενοι
2426 1912 2588 1985 ὑμᾶς,
2656 1913 2747 1967 καὶ
2819 1911 3183 1989 μεταστρέψαι
3269 1915 3331 1969 τὸ
3413 1918 3513 1970 τοῦ
3563 1914 3803 1991 Χριστοῦ

2133 2000 2483 2076 Εὔαγγὲλιον.
2520 2025 2546 2056 α
2578 2000 2753 2060 Ἀλλᾶ
2794 2004 2884 2059 καὶ
2916 2003 3002 2059 ἐὰν
3065 2006 3252 2079 ἡμεῖς.
3314 2028 3342 2057 ››
3398 2006 3516 2061 Ἵνα
3586 2022 3661 2079 μη
3716 2024 3800 2068 τις

2134 2092 2261 2167 ε’πῃ
2296 2090 2380 2148 ὅτι
2421 2093 2557 2148 κατά
2608 2090 2912 2166 κενοδοξίαν
2966 2094 3029 2149 τὸ
3089 2092 3227 2149 ἴδιον
3281 2098 3571 2172 συγκροτεῖ
3622 2096 3799 2169 κήρυ-

2129 2201 2271 2258 γμα,
2326 2186 2545 2256 πρῶτον
2608 2182 2799 2238 ἑαυτὸν
2840 2181 3238 2256 ἀνοθεματίζει,
3298 2182 3450 2256 εὛπερ
3482 2191 3800 2261 ποραποιῆ-

2131 2273 2220 2326 σαί
2251 2290 2304 2328 τι
2346 2272 2399 2327 ἐν
2430 2272 2510 2346 τῷ
2549 2269 2866 2351 Ι·.ὖαγγελῖῳ
2927 2272 3252 2349 βουληθείη.
3290 2300 3317 2326 (ι
3348 2275 3421 2333 ’Ἢ
3480 2272 3712 2351 ἅγγελος

2132 2360 2448 2434 οὐρανοῦ.»
2487 2363 2574 2433 Μὴ
2630 2365 2733 2440 γάρ
2796 2384 2912 2434 μοι,
2973 2364 3161 2443 φησὶν,
3215 2360 3376 2439 εἶ’πῃς
3433 2361 3637 2438 Πέτρον
3704 2364 3798 2421 καὶ

2129 2449 2386 2521 Ἰωάννην
2421 2450 2510 2507 καὲ
2546 2447 2829 2522 Ἰάκωϐον,
2861 2450 2988 2509 ἀλλ’
3034 2451 3084 2508 εἷ’
3111 2453 3205 2509 καὶ
3260 2454 3317 2509 αἱ
3373 2451 3485 2509 ἅνω
3536 2451 3800 2529 δυνάμεις

2124 2541 2520 2616 παρατρέψαιεν
2574 2541 2637 2596 τὸ
2731 2541 3085 2618 Εὐαγγὲλιον,
3172 2542 3412 2617 ἀνάθεμα
3515 2540 3775 2602 ἔστωσαν.

2126 2629 2308 2686 Ταῦτα
2339 2627 2418 2696 δὲ,
2450 2629 2639 2708 φησὶν,
2671 2629 2780 2709 οὐχ
2820 2631 2893 2693 ὡς
2922 2625 3104 2705 ἕτερόν
3140 2652 3193 2686 τι
3243 2635 3350 2686 τῶν
3382 2630 3506 2706 περῖ
3564 2630 3776 2704 Πέτρου

2123 2717 2531 2793 κηρυσσόντων,
2562 2714 2710 2790 (οὔτε
2740 2719 2847 2796 γὰρ
2877 2720 2931 2774 αἱ
2960 2717 3072 2775 ἂνω
3128 2716 3434 2795 δυνάμεις.)
3465 2718 3615 2776 ἀλλὰ
3642 2720 3773 2797 βου-

2126 2806 2361 2881 λόμενος
2389 2806 2701 2884 ἀποῤῥάψαι
2733 2809 2799 2865 τὰ
2830 2809 3074 2883 στόματα
3112 2815 3222 2866 τῶν
3283 2811 3635 2882 ἀπατεώνων,
3666 2816 3776 2868 τῶν

2125 2892 2214 2951 διὰ
2242 2900 2338 2952 τοῦ
2368 2896 2677 2971 ἀξιώματος
2708 2904 2816 2955 τῶν
2866 2899 3009 2978 ἀμφὶ
3059 2901 3151 2955 τὸν
3184 2900 3412 2976 ΙΙὲτρον,
3442 2901 3769 2958 ἀπατώντων

354 2982 570 3046 αὖτοῦς.
608 3011 632 3035 ι(
660 2987 791 3059 Bap’
822 2984 852 3040 ὅ
882 2985 1376 3061 εὐηγγελισὶμεθα.
1410 3009 1437 3036 ››
1469 2984 1565 3049 Τὸ,
1588 2989 1717 3059 παρ’
1748 2980 2008 3055 ὂ,δηλοῖ,
2041 2985 2101 3042 τὸ
2134 2984 2258 3042 ὅσον
2289 2985 2496 3058 δήποτε
2526 2988 2721 3065 μικρὸν
2757 2994 2853 3045 τοῦ
2892 2989 3267 3066 κηρῦγματος.

432 3076 476 3140 Ι,
500 3076 660 3139 9,1Ο.
686 3098 711 3125 ‹‹
739 3075 1250 3141 Quemadmodum
1292 3082 1429 3132 ante
1474 3076 1731 3131 diximus
1764 3082 1824 3132 et
1852 3092 2009 3133 nunc
2049 3079 2091 3144 Ε

356 3181 385 3210 ‹‹
417 3161 635 3218 iterum
649 3161 780 3218 dico
809 3163 857 3218 si
881 3163 1015 3234 quis
1028 3164 1192 3220 vobis
1216 3164 1625 3235 prmdicaverit
1647 3164 2013 3237 Evangelium

357 3271 380 3302 α
398 3259 616 3322 praeter
633 3251 690 3307 id
705 3252 862 3324 quod
875 3254 1204 3325 accepistis.
1217 3253 1535 3310 anathema
1560 3253 1655 3309 sit.
1669 3254 1832 3309 Nunc
1848 3254 2008 3310 enim

354 3360 383 3390 «
412 3341 553 3396 72]
586 3348 787 3396 utrum
809 3341 1154 3398 hominibus
1177 3343 1396 3398 suadeo
1419 3358 1497 3399 an
1521 3341 1792 3399 Deo?aut
1809 3359 2009 3413 quaero

357 3448 386 3478 (ι
411 3428 757 3486 hominibus
780 3431 1013 3502 placere
1035 3430 1227 3487 7Nam
1273 3431 1321 3486 si
1345 3433 1638 3488 hactenus
1666 3432 2010 3489 hominibus

357 3539 385 3567 κ
418 3517 801 3589 placuissem.
835 3519 1053 3575 Christi
1087 3536 1293 3575 servus
1326 3536 1706 3592 nequaquam
1739 3536 1931 3579 essem
1955 3544 2006 3578 ».

425 3608 506 3662 Ne
530 3608 691 3664 enim
716 3609 1058 3666 existiment
1074 3626 1211 3665 eum
1235 3610 1385 3666 irato
1407 3610 1608 3667 animo
1622 3610 1747 3666 haec
1766 3610 2007 3679 dixisse,

354 3714 474 3756 non
507 3701 589 3757 ita
619 3701 682 3757 in
714 3703 960 3759 veritate
991 3703 1191 3760 animo
1248 3705 1527 3760 affectum
1581 3720 1733 3772 esse,
1794 3705 2009 3777 repetit

350 3790 595 3848 verbum
623 3809 637 3847 :
665 3808 940 3850 asserens
962 3793 1520 3865 hocitajudicatuni
1551 3810 1679 3851 esse
1704 3811 1771 3851 ac
1802 3795 2006 3851 ﬁrma-

350 3887 473 3937 tum
506 3883 664 3955 apud
692 3884 914 3955 ipsum.
944 3907 971 3934 «
1006 3885 1172 3940 Nunc
1198 3884 1361 3940 enim
1415 3891 1615 3941 utrum
1663 3884 2008 3941 hominibus

350 3973 573 4029 suadeo
591 3990 666 4030 an
690 3975 810 4030 Deo
830 3974 859 4030 ?
884 3997 912 4025 η
933 3974 1153 4031 Deinde
1172 3991 1248 4031 ne
1270 3981 1482 4047 putent
1502 3973 1661 4047 quod
1684 3974 1832 4047 ipsis
1866 3975 2010 4031 velit

350 4063 691 4130 suadere,et
711 4064 844 4119 aliis
866 4064 985 4121 alia
1006 4066 1291 4136 prtedicet
1312 4064 1631 4138 (siquidem
1672 4064 2004 4120 calumnia-

348 4151 569 4208 bantur
600 4169 735 4209 eum
766 4153 1145 4226 impostores,
1180 4154 1338 4226 quod
1366 4154 1523 4226 apud
1553 4153 1703 4209 alios
1763 4152 2005 4225 quidem

349 4243 871 4302 circumcisionem
902 4246 1276 4318 praedicaret.
1310 4245 1466 4317 apud
1499 4244 1650 4300 alios
1680 4260 1816 4300 vero
1842 4244 2007 4301 aliud

347 4335 676 4408 quippiam)
701 4342 759 4391 et
778 4336 1167 4393 deﬂecterent
1187 4343 1472 4407 tanquam
1499 4334 2004 4393 assentationibus

2190 3077 2280 3140 Ὧς
2330 3080 2732 3152 προειρήκαμεν
2810 3080 2900 3135 καὶ
3003 3078 3121 3155 ἄρτι
3219 3080 3385 3137 πάλιν
3465 3080 3621 3155 λέγω.
3698 3081 3764 3138 Et

2121 3186 2202 3227 τις
2279 3167 2418 3241 ὑμᾶς
2497 3167 2899 3245 εὐαγγελίζεται
2974 3172 3101 3245 παρ’
3179 3168 3209 3225 8
3248 3166 3602 3247 παρελάϐετε,
3650 3170 3771 3226 ἀνά-

2118 3257 2257 3327 θεμα
2342 3253 2502 3316 ἔστω.
2562 3263 2718 3331 ’Δρτι
2777 3262 2881 3337 γᾶρ
2948 3259 3268 3335 ἀνθρώπους
3344 3261 3516 3326 πείθω
3587 3261 3621 3332 ἢ
3678 3262 3772 3316 τὸν

2119 3347 2248 3402 Θεόν
2302 3366 2315 3415 ;
2373 3348 2411 3417 ἢ
2472 3352 2620 3418 ζητῶ
2697 3349 3002 3425 ἀνθρώποις
3058 3350 3348 3423 ἀρέσκειν;
3409 3351 3472 3408 Εἰ
3531 3349 3635 3426 γὰρ
3692 3348 3773 3408 ἔτι

2118 3438 2435 3512 ἀνθρώπους
2536 3439 2764 3514 ἤρεσκον
2802 3490 2814 3507 ,
2889 3442 3128 3515 Χριστοῦ
3233 3437 3431 3504 δοῦλος
3532 3440 3636 3497 οὐκ
3710 3438 3772 3499 ἄν

2116 3526 2289 3599 ἤμην·

2185 3620 2295 3672 ’Ῑνα
2325 3616 2427 3691 γάρ
2464 3618 2540 3691 μή
2574 3618 2841 3690 νομίσωσι
2901 3616 2971 3674 δι’
3024 3618 3198 3696 ὀργὴν
3254 3625 3425 3675 ταῦτα
3475 3618 3771 3695 εῐρηκὲναι,

2120 3706 2197 3781 μὴ
2247 3706 2420 3769 οὕτως
2472 3707 2609 3761 κατὰ
2670 3705 2929 3777 ἀλήθειαν
2983 3704 3347 3781 διακείμενον,
3407 3705 3653 3785 δευτεροῖ
3706 3709 3772 3764 τὸ

2117 3791 2289 3868 ῥῆμα,
2340 3791 2569 3857 πείθων,
2626 3791 2702 3847 ὡς
2758 3796 2922 3849 τοῦτο
2983 3791 3223 3869 κέκριται
3279 3793 3372 3849 καὶ
3430 3794 3770 3868 πεπαγίωται

2113 3881 2244 3955 παρ’
2276 3882 2445 3954 αὐτῷ.
2487 3907 2505 3931 α
2544 3881 2704 3957 Ἀρτι
2737 3882 2842 3960 γὰρ
2872 3881 3190 3958 ἀνθρώπους
3223 3881 3396 3947 πείθω
3427 3883 3465 3953 ἢ
3525 3886 3653 3939 Θεὸν
3687 3904 3701 3953 ;
3739 3908 3769 3937 »

2114 3969 2250 4026 ETw
2308 3967 2404 4025 ’ἱνα
2465 3970 2541 4043 μή
2574 3970 2870 4045 νομίσωσιν
2929 3972 3014 4028 ’ὁτι
3074 3972 3268 4033 αὐτοὺς
3329 3968 3585 4047 βούλεται
3647 3977 3769 4027 πεῖ-

2113 4081 2223 4129 σαι,
2255 4060 2346 4115 καὶ
2374 4058 2569 4123 ἄλλοις
2601 4059 2749 4117 ἄλλα
2776 4061 3089 4136 κηρύττειν·
3122 4057 3442 4137 (διέϐαλλον
3501 4062 3605 4140 γάρ
3664 4062 3766 4118 αὗ-

2110 4150 2203 4205 τὸν
2265 4150 2317 4203 οἱ
2374 4149 2709 4218 ἀπατῶντες,
2770 4151 2992 4227 ’ὀππαρά
3052 4153 3150 4226 μὲν
3206 4149 3407 4215 ἄλλοις
3462 4154 3770 4229 περιτομὴν

2112 4237 2399 4313 κηρύσσει,
2431 4240 2556 4314 παρ’
2618 4240 2825 4315 ἑτέροις
2885 4238 2943 4297 δὲ
2986 4239 3130 4299 ἄλλο
3166 4245 3244 4317 τι)
3295 4243 3387 4299 καὶ
3435 4242 3781 4299 ἀναπὲσωσιν

2115 4325 2301 4403 ὥσπερ
2384 4328 2839 4403 κολακευόμενοι,
2891 4334 3046 4411 φησι.
3125 4334 3217 4401 Μὴ
3275 4335 3376 4408 γάρ
3461 4337 3553 4389 νῦν
3636 4332 3779 4405 ὑμᾶς

346 4425 640 4496 occupati,
669 4422 848 4492 dicit;
874 4442 1037 4483 nunc
1054 4426 1215 4481 enim
1244 4423 1421 4482 modo
1452 4425 1579 4481 haec
1627 4422 1871 4480 disservi
1905 4440 2003 4481 cu-

2127 4415 2545 4496 πληροιρορῆσαι
2577 4417 2920 4496 βουλόμενος
2948 4427 3118 4478 ταῦτα
3150 4418 3376 4491 διῆλθον
3409 4443 3422 4493 ;
3482 4423 3584 4481 Τὸν
3642 4422 3776 4479 Θεὸν

343 4512 517 4585 piens
542 4528 646 4569 Vos
669 4514 972 4571 adhortari
996 4533 1063 4571 ac
1081 4514 1274 4572 facere
1295 4514 1579 4571 certiores
1595 4513 1624 4569 ?
1672 4515 1789 4571 Deo
1832 4514 2006 4588 cupio

342 4603 593 4676 plenum
624 4604 821 4662 facere
856 4606 1033 4662 ﬁdem
1070 4623 1082 4661 :
1118 4606 1400 4678 quoniam
1432 4620 1625 4677 neque
1659 4604 2000 4660 hominibus

340 4692 577 4765 placere
596 4696 1008 4768 cupioitaque
1028 4696 1331 4752 necvobis.
1356 4719 1379 4748 α
1420 4698 1533 4751 Aut
1573 4711 1775 4767 qumro
1806 4694 1998 4751 homi-

341 4783 519 4840 nibus
550 4784 792 4857 placere
814 4787 842 4841 ?
877 4808 901 4838 ν
937 4789 1062 4843 Non
1093 4792 1159 4843 ut
1188 4791 1460 4842 assenter
1491 4774 1550 4841 et
1576 4785 1846 4856 placeam
1901 4800 2000 4839 vo-

338 4868 432 4928 bis
457 4871 585 4929 haec
619 4873 764 4941 dixi,
798 4875 1014 4946 inquit.
1050 4875 1105 4931 Si
1130 4875 1289 4931 enirn
1320 4871 2003 4931 voluissemhominibus

340 4960 602 5032 placere,
637 4964 841 5035 utique
873 4965 1175 5020 Judaismo
1207 4964 1592 5020 adhaesissem
1626 4968 1685 5017 et
1705 4960 1912 5017 amicis
1935 4976 2003 5015 ac

344 5048 633 5121 cognatis,
690 5058 749 5107 et
805 5068 1185 5125 nequaquam
1244 5052 1590 5108 hominibus
1647 5050 1871 5105 relictis
1928 5047 2006 5103 ad

343 5137 648 5195 Christum
680 5142 1092 5198 accurrissem.

1017 5250 1250 5307 CAPUT
1289 5252 1334 5305 Ι.

350 5335 617 5392 Narratio
645 5337 710 5393 de
738 5343 914 5409 seipso
944 5341 1212 5410 quomodo
1239 5357 1343 5411 per
1373 5339 1765 5395 revelationem
1820 5354 1855 5393 a
1903 5337 2002 5393 Ju-

807 5411 1018 5465 daismo
1050 5415 1554 5482 transmigraverit.

414 5516 461 5582 Ι,
498 5517 677 5573 11-14.
713 5519 919 5573 Notum
942 5526 1133 5574 autem
1151 5520 1299 5576 vobis
1314 5521 1713 5589 faciofratres,
1746 5521 2003 5587 Evange-

342 5604 482 5661 lium
522 5605 673 5678 quod
694 5605 1061 5679 przrdicatum
1094 5615 1170 5663 est
1198 5625 1231 5661 a
1262 5625 1347 5662 me
1392 5624 1503 5662 non
1556 5622 1662 5661 esse
1710 5611 2005 5661 secundum

342 5694 613 5751 hominem
635 5714 851 5769 :ncque
873 5698 1014 5751 enim
1038 5698 1105 5752 ab
1133 5698 1348 5752 homine
1370 5699 1556 5768 accepi
1605 5697 1767 5766 illud,
1830 5711 2004 5765 neque

2118 4504 2265 4563 θέλω
2322 4504 2786 4588 πληροφορῆσαι,
2844 4508 2960 4567 ἐπεὶ
3045 4512 3186 4585 μήτε
3239 4510 3383 4576 θέλω
3467 4511 3780 4587 ἀνθρώποις

2114 4595 2323 4671 ἀρέσαι.
2361 4598 2683 4673 Τοιγαροῦν,
2717 4598 2839 4654 οὕτε
2870 4600 3017 4672 ὑμῖν.
3053 4625 3080 4652 ‹‹
3124 4601 3196 4658 "H
3255 4605 3404 4671 ζητῶ
3461 4601 3778 4675 ἀνθρώποις

2119 4685 2413 4760 ἀρέσκειν;
2450 4712 2476 4739 ››
2507 4688 2583 4743 06
2636 4685 2728 4743 διὰ
2770 4688 2834 4744 τὸ
2888 4687 3216 4744 κολακεῦσαι
3270 4691 3357 4746 καὶ
3420 4690 3606 4767 ἀρέσαι
3648 4691 3782 4764 ὑμῖν

2112 4780 2283 4831 ταῦτα
2314 4777 2489 4845 εἶπον,
2546 4776 2729 4856 φησιν.
2792 4778 2855 4835 Εἰ
2913 4778 3018 4854 γάρ
3089 4773 3417 4852 ἠϐουλόμην
3471 4780 3782 4856 ἀνθρώποις

2112 4865 2383 4939 ἀρέσκειν,
2416 4864 2518 4940 ἄρα
2558 4866 2651 4921 καὶ
2707 4871 2805 4922 τοῦ
2863 4865 3212 4940 Ἰουδαῖσμοῦ
3271 4870 3630 4945 ἀντειχόμην,
3689 4868 3781 4925 καὶ

2116 4954 2316 5033 φίλων,
2358 4955 2449 5011 καὶ
2482 4960 2781 5031 συγγενῶν,
2813 4957 2904 5011 καὶ
2934 4955 3035 5012 οὐκ
3093 4956 3157 5012 ἄν
3211 4959 3384 5015 πᾶντα
3441 4956 3781 5030 καταλιπὼν,

2112 5047 2343 5117 Χριστῷ
2371 5044 2775 5121 προσέδραμον.

2748 5232 3013 5288 ΚΕΦΑΛ.
3048 5232 3127 5288 Α’.

2115 5326 2383 5400 Διήγησις
2435 5325 2536 5393 τῆς
2590 5322 2785 5400 ἑαυτου
2845 5323 3222 5400 μεταστάσεως
3272 5322 3379 5378 ἀπὸ
3429 5320 3775 5397 Ἰουδαϊσμοῦ

2663 5395 2800 5451 κατὰ
2844 5395 3189 5469 ἀποκάλυψιν
3201 5439 3213 5452 .

2185 5504 2443 5579 Γνωρίζω
2484 5500 2543 5558 δὶ
2584 5503 2733 5576 ὑμῖν,
2767 5500 3020 5583 ἀδελφοὶ,
3053 5504 3115 5558 τὸ
3146 5501 3484 5581 Εὖαγγίλιον
3511 5504 3575 5559 τὸ
3606 5502 3766 5581 εὐαγδ

2112 5594 2361 5675 γελισθὶν
2419 5596 2505 5651 ὑπ’
2562 5593 2721 5669 ἐμοῦ,
2778 5594 2859 5651 ὅτι
2917 5594 3015 5651 οὐκ
3065 5592 3177 5651 ἔστι
3255 5597 3391 5651 κατά
3457 5593 3763 5670 ἂνθρωπον.

2113 5684 2251 5746 Οὐδὲ
2310 5686 2411 5762 γὰρ
2463 5684 2569 5761 ἐγὼ
2627 5684 2773 5761 παρᾶ
2864 5685 3154 5761 ἀνθρώπου
3231 5679 3542 5760 παρέλαϐον
3609 5685 3768 5758 αὐτὸ,
