4098 6434
306 388 463 450 1097

1353 381 1762 445 COMMENT.
1809 377 1884 438 IN
1934 374 2184 436 EPIST.
2234 374 2336 433 AD
2382 375 2659 436 GALAT.

3567 378 3724 440 1098

301 519 427 576 οὔτε
481 514 779 594 ἐδιδάχθην
817 563 830 589 ,
886 516 1033 574 ἀλλὰ
1085 514 1156 571 δι’
1223 514 1624 589 ἀποκαλύψεως
1690 511 1950 615 Χριστοῦ.

2069 508 2242 563 didici
2272 524 2284 561 :
2316 509 2410 564 sed
2435 508 2559 579 fper
2586 495 2974 563 revelationem
3013 510 3141 564 Jesu
3192 507 3418 566 Christi.
3477 510 3727 566 Audistis

301 607 600 664 Ἠκούσατε
685 607 788 685 γὰρ
873 608 974 675 τὴν
1059 605 1197 679 ἐμὴν
1286 605 1623 682 ἀναστροφήν
1708 621 1841 657 ποτε
1906 605 1957 652 ἐν

302 702 383 769 τῷ
444 693 813 771 Ἰουδαϊσμῷ,
882 696 967 751 ὅτι
1027 697 1143 750 καθ’
1206 688 1518 769 ὑπερϐολὴν
1575 688 1800 746 ἐδίωκον
1855 688 1954 756 τὴν

305 786 636 856 Ἐκκλησίαν
721 789 818 841 τοῦ
885 790 1040 843 Θεοῦ.
1125 784 1231 841 Καὶ
1295 782 1557 858 ἐπόρθουν
1616 780 1807 850 αὐτὴν,
1865 777 1956 832 καὶ

1031 875 1363 952 Ἰουδαῖσμῷ
1471 878 1601 950 ὑπὲρ
1702 872 1956 934 πολλοὺς

961 973 1039 1041 τῷ
1137 966 1272 1044 γένει
1352 987 1483 1039 μου,
1557 960 1954 1040 περισσοτέρως

1012 1061 1120 1112 τῶν
1194 1061 1472 1130 πατρικῶν
1551 1076 1656 1128 μου
1713 1049 1957 1128 παραδό-

303 880 643 958 προέκοπτον
741 879 793 935 ἐν
869 885 947 954 τῷ

304 968 715 1040 συνηλικιώτας
806 967 857 1022 ἐν

304 1058 564 1130 ζηλωτὴς
644 1058 908 1134 ὑπάρχων

301 1169 462 1207 σεων.

373 1235 643 1293 Βούλεται
702 1234 872 1306 δεῖξαι
931 1235 1139 1306 αὐτοῖς,
1197 1236 1280 1289 ὅτι
1314 1234 1375 1289 οὐ
1432 1233 1575 1309 παρὰ
1625 1232 1952 1302 ἀνθρώπων,

297 1333 427 1402 παρ’
482 1325 653 1382 αὐτοῦ
706 1323 763 1381 δὲ
814 1330 912 1380 τοῦ
961 1326 1192 1402 Χριστοῦ
1232 1320 1509 1400 παρέλαϐε
1564 1322 1626 1377 τὸ
1667 1324 1951 1397 κήρυγμα.

303 1440 331 1470 ι
361 1418 485 1474 ’Ότι
520 1415 624 1470 οῦκ
676 1409 788 1470 ἔστι
852 1416 989 1470 κατὰ
1056 1412 1359 1489 ἄνθρωπον.
1397 1439 1425 1465 ι)
1487 1412 1629 1467 Κατὰ
1687 1410 1815 1466 Θεὸν
1849 1410 1953 1487 γὰρ

297 1505 437 1579 ἐστι,
480 1505 748 1574 τουτέστι,
803 1505 938 1559 κατὰ
995 1508 1128 1559 Θεοῦ
1185 1501 1548 1577 ἀποκάλυψιν,
1613 1526 1639 1554 ‹‹
1675 1496 1815 1558 Οὗδέ
1850 1499 1954 1574 γὰρ

297 1594 447 1668 παρὰ
476 1594 787 1669 ἀνθρώπου,
820 1593 974 1672 φησὶ,
1024 1589 1333 1669 παρέλαϐον
1389 1591 1544 1648 αὐτό.
1584 1615 1608 1642 ››
1640 1592 1817 1647 Τοῦτο
1850 1588 1952 1665 γὰρ

298 1678 490 1761 ἔλεγον
548 1685 600 1738 οἳ
651 1678 1045 1745 διαϐάλλοντες
1105 1683 1291 1751 αὐτὸν,
1361 1681 1446 1737 ὅτι
1478 1682 1505 1735 ὁ
1539 1679 1754 1741 Παῦλος
1808 1678 1955 1754 παρᾶ

298 1773 601 1848 ἀνθρώπων
639 1767 916 1849 παρέλαϐε
945 1773 1007 1827 τὸ
1038 1774 1314 1848 κήρυγμα,
1350 1771 1458 1846 οὐχ
1489 1771 1669 1844 ὥσπερ
1729 1770 1779 1823 οἱ
1812 1768 1950 1847 ἀμφὶ

2067 600 2212 653 enim
2250 615 2429 653 meam
2496 598 2963 653 conversationem
3012 599 3291 670 quondam
3323 601 3380 654 in
3410 600 3723 667 Judaismo,

2065 688 2214 757 quod
2240 704 2412 759 supra
2480 688 2702 742 modum
2752 689 3120 759 persequebar
3176 689 3478 744 Ecclesium
3509 690 3623 757 Dei,
3658 706 3724 745 ac

2066 779 2453 847 ewpugnabam
2484 777 2662 843 illam,
2695 783 2745 832 et
2772 779 3124 848 proﬁciebam
3153 780 3212 833 in
3241 781 3524 834 Judaismo
3546 795 3720 849 supra

2066 867 2264 922 multos
2281 867 2523 937 mquales
2549 870 2607 922 in
2629 884 2825 937 genere
2846 884 2980 933 meo,
3005 885 3127 922 cum
3151 868 3490 924 vehementer
3510 868 3721 925 zelator

2066 972 2233 1015 essem
2262 959 2592 1012 traditorum
2623 974 2658 1012 a
2685 957 2989 1028 majoribus
3020 959 3152 1014 meis
3173 959 3569 1014 institutorum.

2140 1240 2283 1295 721
2317 1239 2639 1296 Ostendere
2671 1240 2792 1295 vult
2813 1240 2971 1311 quod
3003 1256 3123 1295 non
3142 1240 3214 1295 ab
3245 1237 3590 1295 hominibus
3615 1238 3720 1295 sed

2064 1331 2136 1387 ab
2168 1331 2294 1402 ipso
2327 1330 2559 1384 Christo
2582 1329 3065 1402 praedicationem
3088 1331 3333 1402 accepit.
3359 1353 3385 1380 ‹‹
3418 1330 3545 1385 Non
3589 1344 3719 1384 esse

2067 1420 2396 1476 secundum
2437 1419 2784 1474 hominen.»
2845 1421 2945 1474 Est
2989 1420 3152 1474 enim
3187 1418 3520 1474 secundum
3540 1420 3719 1476 Deum

2066 1511 2175 1565 hoc
2191 1514 2296 1575 est,
2324 1508 2652 1564 secundum
2674 1508 2775 1563 Dei
2808 1508 3250 1563 revelationem.
3282 1532 3307 1558 ι(
3334 1508 3535 1580 Neque
3554 1504 3717 1567 enim

2065 1598 2137 1655 ab
2157 1599 2396 1654 homine
2419 1598 2620 1669 accepi
2646 1597 2815 1666 illud,
2844 1620 2869 1647 ι)
2896 1598 3107 1668 inquit.
3143 1599 3286 1652 Nam
3310 1596 3420 1651 hoc
3443 1596 3720 1652 dicebant

2065 1689 2167 1759 qui
2186 1689 2382 1760 ipsum
2397 1687 2940 1757 calumniabantur,
2965 1687 3124 1758 quod
3141 1686 3361 1742 Paulus
3377 1686 3449 1741 ab
3467 1686 3722 1741 homini-

2062 1778 2173 1834 bus
2184 1778 2671 1850 przndicationem
2684 1779 3010 1849 accepisset
3024 1783 3082 1832 et
3094 1794 3216 1832 non
3230 1775 3731 1848 quemadmodum

298 1862 501 1938 Πέτρον
529 1863 673 1938 παρᾶ
697 1867 793 1917 τοῦ
823 1865 1083 1939 Χριστοῦ.
1139 1862 1232 1917 Διὸ
1291 1855 1502 1936 ἔλεγον.
1538 1859 1613 1917 0-3
1667 1855 1750 1914 δεῖ
1807 1856 1951 1930 αῦτῷ

2064 1871 2273 1924 Petrus
2304 1886 2339 1923 a
2363 1868 2616 1925 Christo.
2652 1868 2788 1923 Ideo
2822 1867 3099 1923 dicebant
3145 1883 3264 1922 non
3297 1870 3571 1937 oportere
3602 1865 3717 1937 ipsi

212 1956 219 1962 ’
298 1953 596 2011 πείθεσθαι.
654 1953 1013 2010 «Ἠκούσατε
1050 1952 1175 2027 γάρ.
1210 1975 1238 2004 ››
1302 1952 1434 2008 Εἶτα
1490 1947 1679 2017 ἐπειδὴ
1735 1951 1834 2017 τήν
1865 1968 1957 2023 γει

298 2044 535 2117 νομένην
574 2043 724 2116 αὐτῷ
777 2042 883 2098 ἀπὸ
943 2046 1183 2117 Χριστοῦ
1236 2042 1579 2115 ἀποκάλυψιν
1635 2039 1870 2114 ἠγνόουν
1904 2037 1955 2092 οἱ

305 2132 564 2200 Γαλάται,
628 2129 886 2206 βούλεται
946 2131 1006 2186 ἐκ
1060 2136 1156 2186 τοῦ
1216 2127 1383 2200 δείξαι
1443 2129 1632 2186 ἑαυτὸν
1690 2129 1953 2203 πρότερον

303 2220 565 2294 δίώκτην,
598 2223 687 2277 καὶ
751 2228 841 2278 νῦν
904 2222 1156 2302 ἐξαίφνης
1229 2216 1731 2296 μεταϐεϐλημένον,
1789 2239 1953 2274 κατα-

303 2313 577 2383 σκευάσαι,
613 2311 697 2367 ὅτι
759 2310 806 2366 εἲ
848 2314 924 2384 μὴ
977 2312 1094 2366 θεία
1124 2333 1207 2372 τις
1259 2311 1407 2382 αῦτῴ
1464 2308 1807 2382 ἀποκάλυψις
1840 2308 1952 2383 ἐγε-

296 2402 471 2477 γόνει,
507 2403 610 2457 οῦκ
665 2402 724 2456 ἂν
768 2401 943 2463 οὕτως
989 2395 1302 2475 μετεϐλήθη
1336 2399 1572 2475 ταχέως,
1610 2398 1702 2453 ’ἱνα
1733 2396 1792 2453 ἐκ
1828 2398 1953 2453 τοῦθ

296 2513 397 2547 του
456 2491 760 2555 πεισθέντες
828 2493 1068 2566 Χριστοῦ
1134 2491 1265 2545 εἶναι
1317 2488 1476 2545 αὐτὸν
1540 2488 1813 2562 μαθητὴν,
1875 2487 1950 2557 μή

292 2581 718 2657 καταφρονῶσιν
751 2580 940 2638 αὐτοῦ.
993 2605 1012 2631 ι
1047 2581 1161 2649 Τὴν
1197 2578 1334 2652 ἐμὴν
1390 2578 1747 2655 ἀναστροφήν.
1786 2602 1811 2627 »ι
1841 2575 1956 2634 Οῦκ

294 2670 361 2725 ἃν
396 2666 455 2725 δὲ
486 2670 593 2724 ἀπὸ
647 2669 1016 2740 Παλαιστίνης
1074 2668 1149 2731 εἷς
1209 2668 1476 2724 Γαλατίαν
1525 2669 1873 2737 ἠκηκόεισαν,
1907 2664 1953 2720 εἷ

296 2762 375 2834 μὴ
411 2757 620 2836 σφόδρα
641 2760 707 2828 ἦν
737 2756 996 2829 διώκτης.
1032 2780 1053 2807 κ
1080 2760 1167 2814 Ἐν
1189 2763 1268 2830 τῷ
1291 2754 1643 2830 Ἰουδαϊσμῷ.
1687 2789 1745 2799 κα
1769 2757 1955 2829 [ΣΕΥ-

298 2852 442 2923 ΗΡ’]
476 2848 574 2911 Τίς
599 2848 759 2924 χρεία
805 2851 903 2918 τῆς
962 2849 1012 2903 ἐν
1044 2854 1121 2920 τῷ
1174 2844 1504 2919 Ἰουδαϊσμῷ
1562 2848 1902 2923 ἀναστροφῆς
1940 2863 1953 2913 ;

293 2937 425 2994 ἀλλ’
462 2937 551 2992 ἳνα
581 2935 723 3011 δείξῃ
754 2935 835 2991 ὅτι
871 2937 932 2991 οῦ
984 2935 1263 3011 προλήψει
1322 2933 1593 3005 δουλεύει,
1654 2932 1781 2989 ἀλλ’
1812 2932 1948 3004 ἀλη-

294 3027 436 3098 θείᾳ.
477 3025 554 3083 Οῦ
586 3026 690 3101 γὰρ
727 3027 963 3099 μισήσας
994 3026 1087 3080 τὸν
1146 3026 1314 3098 νόμον
1371 3022 1647 3100 ὑπέδραμε
1703 3024 1800 3091 τὴν
1844 3022 1954 3100 χά-

297 3137 382 3191 ριν
462 3112 706 3189 χὲξεδίκει
767 3115 870 3191 γὰρ
932 3113 1135 3185 αὐτὸν),
1183 3112 1308 3170 ἀλλ’
1365 3114 1538 3189 εὑρὼν
1597 3114 1660 3168 τὸ
1716 3110 1949 3179 τέλειον,

298 3203 507 3276 ἀπέστη
542 3208 637 3260 τοῦ
695 3203 891 3278 νόμου.
956 3226 984 3256 (ι
1044 3203 1143 3259 Καὶ
1205 3201 1468 3276 ἐπόρθουν
1525 3202 1714 3272 αὑτήν.
1748 3223 1775 3254 ι
1838 3199 1953 3258 Οὐκ

302 3290 531 3348 ἐδίωκον
585 3294 791 3368 μόνον,
842 3292 1027 3370 φησὶν,
1086 3290 1231 3347 ἀλλὰ
1289 3292 1380 3347 καὶ
1437 3292 1800 3367 καταστρέψαι
1859 3290 1947 3344 καὶ

301 3382 555 3461 ἀφανίσαι
597 3383 765 3451 αὐτὴν
823 3380 1213 3457 προῃρούμην.
1273 3383 1454 3439 Τοῦτο
1510 3380 1725 3456 γὰρτὸ,
1785 3379 1948 3436 «Καὶ

294 3472 564 3548 ἐπόρθουν
597 3474 787 3544 αὐτήν,
824 3496 852 3523 ››
875 3506 943 3515 -
972 3496 1000 3524 ‹‹
1020 3472 1123 3530 Καὶ
1146 3470 1509 3548 προέκοπτον,
1545 3495 1573 3523 ››
1604 3469 1946 3545 Προέκοπτον

292 3562 348 3618 ἐν
380 3561 454 3637 τῇ
484 3564 751 3635 πορθήσει
786 3567 895 3618 τῶν
943 3560 1273 3632 ἐκκλησίῶν,
1332 3558 1625 3630 τουτέστιν,
1666 3556 1946 3615 ἐπεδίδουν

290 3653 378 3708 ἀεὶ
406 3652 544 3727 πρὸς
594 3652 656 3707 τὸ
713 3650 1104 3728 χαλεπώτερος
1162 3651 1324 3709 εἶναι.
1386 3652 1456 3706 Ἢ
1486 3647 1825 3725 προέκοπτον
1856 3648 1947 3703 καὶ

285 3736 515 3814 ἔντιμος
547 3740 698 3814 ἤμην
729 3740 817 3795 διὰ
846 3745 1008 3796 τοῦτο
1039 3741 1185 3815 παρὰ
1207 3745 1323 3802 τοῖς
1369 3736 1678 3800 Ἰουδαίοις.
1738 3740 1797 3793 Τί
1850 3736 1944 3793 οῦν

282 3834 353 3892 τὸ
386 3829 569 3888 αἶ’τιον
597 3836 693 3889 τοῦ
722 3832 1051 3907 αἱρήσασθαί
1086 3852 1150 3905 με
1206 3830 1457 3911 ἐξαίφνης
1509 3829 1755 3903 πόλεμον
1810 3830 1947 3905 πρὸς

284 3921 519 3992 αὐτοὺς,
549 3922 678 3984 τοὺς
707 3926 981 3995 τιμῶντας
1012 3920 1101 3976 καὶ
1154 3922 1470 3997 ἀγαπῶντας
1506 3939 1519 3988 ;
1580 3918 1750 3978 Οὐδὲν
1783 3916 1947 3991 ἄλλο,

285 4013 486 4092 φησὶν,
531 4014 566 4082 ἢ
612 4013 647 4081 ἡ
680 4009 1024 4084 ἀποκάλυψις
1082 4013 1177 4065 τοῦ
1237 4014 1499 4084 Χριστοῦ.
1564 4035 1587 4063 (ε
1625 4007 1946 4084 Περισσοτέ-

288 4123 409 4180 ρως
475 4100 732 4173 ζηλωτής
776 4101 1060 4177 ὑπάρχων.
1097 4125 1124 4153 ››
1187 4100 1550 4176 Προέκοπτον,
1607 4098 1794 4171 ἐπειδή
1828 4099 1949 4156 λίαν

284 4191 456 4267 ἤμην
489 4191 748 4262 ζηλωτὴς
780 4195 885 4246 τῶν
916 4196 1191 4265 πατρικῶν
1224 4213 1329 4265 μου
1359 4189 1732 4266 παραδόσεων.
1764 4192 1948 4261 Ὥστε,

285 4281 491 4360 φησὶν,
537 4277 796 4336 οὐδέποτε
848 4281 984 4336 κατᾶ
1023 4278 1329 4353 κενοδοξίαν
1390 4279 1607 4337 ἐποίουν
1641 4280 1674 4335 ἃ
1706 4280 1948 4350 ἐποίουν,

284 4370 451 4428 ἀλλᾶ
512 4371 649 4425 κατὰ
698 4369 868 4440 ζῆλον
930 4368 1085 4441 Θεοῦ,
1136 4371 1182 4426 εί
1249 4372 1339 4427 καὶ
1405 4370 1844 4443 πεπλανημένον.
1888 4373 1950 4429 Ὁ

284 4462 388 4516 οὖν
424 4456 567 4532 μηδὲ
594 4460 719 4514 τότε
747 4459 883 4515 κατὰ
913 4458 1216 4531 κενοδοξίαν
1243 4483 1296 4516 τι
1328 4465 1527 4531 ποιῶν,
1560 4464 1676 4523 πῶς
1745 4461 1806 4515 ἂν
1860 4465 1950 4515 νῦν

287 4551 440 4624 μετᾶ
469 4551 567 4619 τήν
627 4548 920 4626 ἐπίγνωσιν
979 4557 1079 4620 τῆς
1136 4549 1400 4623 ἀληθείας
1451 4550 1743 4627 ἐκήρυττον
1777 4547 1948 4623 ψευδῆ

275 4639 389 4697 ’ίνα
477 4640 787 4715 ἀνθρώποις
847 4640 1042 4716 ἀρέσω,
1103 4642 1194 4697 καὶ
1256 4643 1333 4715 μή
1392 4642 1586 4713 ἐκεῖνα,
1645 4641 1797 4696 ἅτινα
1844 4641 1950 4696 ἀπὸ
1987 4629 2033 4690 ί)

282 4735 553 4805 Χριστοῦ
593 4725 904 4807 παρέλαϐον
941 4751 954 4800 ;

363 4910 508 4968 ’Ὀτε
565 4908 622 4966 δὲ
681 4908 972 4983 εὐδόκησεν
1028 4914 1055 4967 ὁ
1115 4911 1377 4990 ἀφορίσας
1449 4935 1514 4987 με
1596 4912 1655 4967 ἐκ
1737 4910 1956 4976 κοιλίας

286 5000 518 5077 μητρός
579 5022 687 5073 μου
745 5001 834 5057 καὶ
904 5001 1137 5066 καλέσας
1198 5000 1287 5056 διὰ
1343 5008 1444 5072 τῆς
1502 5003 1732 5080 χάριτος
1791 5002 1956 5056 αὐτοῦ

276 5089 659 5165 ἀποκαλῦψαι
717 5091 808 5146 τὸν
896 5093 1018 5146 Υἱὸν
1107 5092 1270 5148 αὐτοῦ
1330 5091 1381 5146 έν
1441 5085 1591 5164 ἔμοὶ,
1643 5089 1739 5146 ’ἱνα
1795 5093 1957 5167 εὕαγ-

278 5175 617 5260 γελίζωμαι
669 5180 830 5236 αὐτὸν
901 5182 952 5236 ἐν
1006 5188 1123 5245 τοῖς
1157 5181 1378 5254 ἔθνεσιν,
1413 5182 1608 5244 εὐθέως
1667 5182 1730 5237 οῦ
1782 5203 1953 5259 προσ-

282 5267 580 5340 ανεθέμην
613 5268 771 5343 σαρκὶ
803 5270 892 5325 καὶ
925 5266 1142 5343 α’ίματι.

374 5355 449 5412 Εἰ
480 5355 541 5412 ἐκ
577 5356 796 5421 κοιλίας
826 5359 1033 5435 μητρὸς
1069 5360 1236 5415 αὐτοῦ
1267 5361 1543 5440 ἀφώριστο
1574 5361 1709 5434 πρὸς
1738 5362 1801 5415 τὸ
1854 5362 1956 5430 κή-

282 5467 492 5524 ρυγμα
519 5447 610 5502 καὶ
643 5445 990 5519 έπελέλεκτο,
1026 5447 1113 5505 διά
1154 5472 1273 5506 τινα
1329 5450 1547 5515 πάντως
1603 5451 1746 5516 θείαν
1808 5450 1958 5505 οἰκο-

276 5535 498 5609 νομίαν
531 5538 623 5592 τὸν
656 5536 818 5611 μέσον
851 5539 1002 5609 είάθη
1046 5539 1268 5615 χρόνον,
1325 5540 1416 5596 ἳνα
1468 5543 1502 5611 ἡ
1561 5539 1732 5601 οὕτως
1792 5539 1960 5595 αὐτοῦ

274 5626 483 5708 ἀφρόα
520 5623 825 5702 μεταϐολὴ,
866 5629 1112 5691 πολλοὺς
1170 5631 1534 5703 πιστώσηται.
1572 5654 1599 5685 ‹‹
1629 5632 1730 5689 Καὶ
1791 5630 1959 5686 καλέ-

276 5739 393 5778 σας
435 5711 522 5771 διὰ
551 5721 651 5783 τῆς
692 5718 921 5798 χάριτος
979 5717 1164 5775 αὐτοῦ·
1208 5744 1228 5771 ιο
1266 5719 1438 5783 Αὐτὸς
1474 5721 1566 5794 μὲν
1630 5720 1703 5782 ὡς
1765 5723 1954 5782 σκεῦος

627 5843 895 5901 ΡΑτιιοι.
943 5838 1054 5900 GR.
1106 5840 1361 5898 (LXVIII.

2063 1974 2291 2030 parere.
2321 1980 2344 2009 (ι
2371 1957 2634 2013 Audistis
2659 1958 2839 2011 enim.
2864 1981 2883 2009 ι
2918 1956 3159 2024 Deinde,
3194 1955 3476 2027 quoniam
3500 1955 3717 2010 factam

2061 2049 2173 2119 ipsi
2198 2064 2232 2101 a
2252 2047 2483 2102 Christo
2507 2047 2931 2103 revelationem
2955 2045 3560 2119 ignorabantGalataa,
3583 2061 3717 2101 con-

2060 2136 2298 2192 ﬁrmare
2334 2137 2455 2191 vult
2494 2154 2566 2191 ex
2599 2154 2668 2192 eo
2702 2138 2855 2208 quod
2888 2135 3165 2191 ostendat
3204 2152 3266 2190 se
3313 2136 3478 2206 prius
3530 2134 3714 2191 fuisse

2059 2232 2518 2298 persecutorem,
2554 2242 2714 2280 nunc
2736 2232 2935 2281 autem
2964 2230 3208 2296 repente
3242 2229 3705 2278 transmutatum

2060 2331 2210 2381 esse,
2239 2313 2399 2385 quod
2423 2314 2541 2368 nisi
2565 2314 2765 2368 divina
2789 2312 2901 2368 sibi
2923 2312 3125 2383 aliqua
3146 2312 3289 2367 visio
3313 2312 3467 2367 facta
3482 2311 3713 2379 fuisset,
3750 2316 3753 2319 ’

2056 2419 2437 2475 nequaquam
2456 2408 2701 2474 repente
2725 2402 2872 2457 adeo
2888 2407 3321 2458 transmutatus
3348 2406 3523 2468 esset,
3557 2406 3623 2455 ut
3643 2417 3717 2457 ex

2054 2494 2167 2549 hoc
2184 2494 2450 2564 persuasi
2467 2493 2662 2564 ipsum
2680 2508 2809 2548 esse
2824 2492 3037 2547 Christi
3057 2492 3565 2563 discipulum,non
3579 2508 3715 2547 eum

2055 2578 2451 2654 despicerent.
2480 2605 2506 2632 «
2532 2583 2719 2637 Meam
2741 2583 3304 2638 conversationem.»
3330 2584 3715 2654 Nequaquam

2054 2677 2253 2728 autem
2269 2689 2340 2727 ex
2370 2671 2687 2726 Palaestina
2710 2666 2780 2725 in
2812 2671 3099 2727 Galatiam
3124 2688 3315 2742 usque
3348 2689 3554 2727 rumor
3573 2688 3711 2743 per-

2052 2763 2318 2832 vasisset,
2343 2761 2460 2816 nisi
2492 2761 2817 2817 vehemens
2840 2766 3190 2832 persecutor
3209 2760 3438 2817 fuisset.
3466 2784 3493 2811 ‹‹
3527 2763 3588 2817 ln
3610 2763 3713 2818 Ju-

2053 2852 2301 2907 daismo.
2334 2874 2358 2899 ››
2383 2852 2520 2916 Quae
2552 2850 2663 2905 fuit
2694 2850 3018 2905 necessitas
3053 2850 3311 2905 faciendi
3342 2851 3712 2907 mentionem

2051 2940 2517 2996 conversationis
2549 2941 2610 2995 in
2642 2940 2943 2995 Judaismo
2974 2940 3001 2994 ‘l
3051 2940 3200 2995 Sane
3257 2946 3324 2995 ut
3370 2940 3714 2995 ostenderet

2054 3032 2213 3103 quod
2228 3048 2349 3086 non
2372 3030 2640 3102 opinioni
2656 3029 3033 3097 serviret,sed
3052 3030 3301 3085 veritati.
3324 3031 3522 3100 Neque
3547 3029 3705 3084 enim

2052 3120 2186 3175 odio
2212 3120 2361 3192 legis
2391 3119 2465 3176 ad
2496 3119 2747 3187 gratiam
2788 3118 3130 3190 profugerat
3155 3136 3167 3172 :
3224 3120 3415 3190 ipsam
3447 3133 3708 3189 namque

2056 3209 2457 3265 ulciscebatur
2486 3208 2808 3280 1egem,sed
2831 3208 3069 3263 invento
3092 3224 3160 3263 eo
3184 3207 3342 3279 quod
3366 3213 3492 3263 erat
3512 3207 3675 3279 peife
3691 3239 3707 3250 -

2057 3300 2228 3366 ctius,
2275 3299 2550 3353 discessit
2578 3315 2612 3353 a
2641 3298 2787 3370 lege.
2850 3321 2877 3347 «
2912 3300 2993 3353 Ac
3025 3297 3431 3370 expugnabam
3463 3298 3649 3354 illam.
3682 3318 3711 3347 »

2054 3390 2181 3444 Non
2209 3389 2401 3444 solum
2435 3388 2626 3459 ipsam
2646 3387 3301 3459 persequebar,inquit,
3335 3387 3437 3443 sed
3468 3392 3527 3443 et
3547 3403 3710 3443 ever-

2054 3486 2176 3536 tere
2210 3497 2275 3536 ac
2307 3478 2626 3535 obscurare
2670 3478 2835 3533 illam
2894 3478 3186 3534 conabar:
3248 3478 3360 3534 hoc
3390 3483 3592 3534 autem
3617 3482 3709 3533 est

2055 3592 2084 3623 ‹‹
2107 3570 2550 3643 Εχριιςῐιίώᾶωο
2572 3590 2592 3619 ι
2611 3601 2677 3609 -
2698 3589 2727 3619 κ
2748 3570 2818 3622 Ει
2838 3567 3244 3640 proﬁciebam.
3263 3592 3283 3620 ι
3311 3568 3704 3624 Proﬁciebam

2052 3661 2115 3715 in
2164 3660 2547 3732 populatione
2601 3657 3035 3713 Ecclesiarum:
3083 3656 3193 3711 hoc
3242 3660 3352 3719 est,
3412 3656 3703 3711 addebam

2054 3767 2288 3822 semper
2310 3748 2597 3804 utsmvior
2618 3763 2829 3802 essem.
2855 3749 2971 3801 Aut
2992 3745 3403 3818 proﬁciebam,
3428 3745 3487 3800 id
3517 3750 3626 3813 est,
3643 3748 3703 3799 et

2055 3840 2126 3895 ob
2160 3839 2218 3893 id
2240 3837 2609 3893 honorabilis
2641 3853 2803 3892 eram
2834 3835 2989 3907 apud
3006 3835 3258 3891 Iudaeos.
3304 3834 3453 3899 Quid
3472 3850 3607 3907 ergo
3640 3834 3703 3889 in

2054 3946 2234 3985 causa
2262 3928 2373 3983 fuit
2402 3933 2467 3982 ut
2486 3931 2730 3999 repente
2752 3926 2976 3981 bellum
3017 3926 3380 3996 susciperem
3422 3923 3703 3979 adversus

2055 4036 2156 4074 eos
2179 4018 2280 4089 qui
2303 4034 2395 4072 me
2416 4017 2717 4072 inhonore
2752 4015 3051 4071 habebant
3069 4032 3137 4071 ac
3160 4014 3524 4087 diligebant?
3546 4012 3704 4068 Nihil

2055 4108 2581 4179 aliud,inquit,nisi
2605 4106 2885 4162 revelatio
2901 4106 3137 4161 Christi.
3168 4129 3193 4156 υ
3216 4107 3361 4160 Cum
3388 4105 3703 4159 vehemen-

2054 4206 2146 4256 ter
2157 4199 2376 4254 zelator
2394 4214 2606 4253 essem.
2627 4219 2653 4245 ››
2667 4195 3371 4267 Proﬁciebam,quoniam
3386 4193 3710 4250 admodum

2055 4288 2274 4343 zelator
2295 4302 2457 4342 eram
2482 4285 2834 4340 traditorum
2866 4301 2901 4339 a
2933 4284 3261 4356 majoribus
3292 4283 3443 4339 meis
3473 4283 3712 4337 instituo

2056 4377 2594 4446 torum.Nunquam
2610 4374 2811 4445 itaque
2825 4372 3103 4429 faciebam
3122 4373 3286 4429 inani
3305 4372 3516 4427 ductus
3529 4371 3719 4445 gloria

2058 4482 2187 4536 quae
2202 4464 2491 4519 faciebam
2508 4463 2609 4518 sed
2627 4463 2702 4517 ob
2719 4464 2819 4517 Dei
2838 4463 3026 4518 zelum
3043 4478 3386 4534 quanquam
3400 4476 3718 4517 erroneum

2061 4557 2169 4623 Qui
2192 4571 2328 4626 ergo
2352 4570 2426 4609 ne
2449 4560 2591 4608 tunc
2618 4552 2863 4623 quidem
2915 4552 3082 4608 inani
3103 4560 3301 4608 motus
3330 4552 3520 4623 gloria
3540 4550 3719 4623 quid-

2063 4659 2240 4715 quam
2299 4641 2614 4707 faciebam,
2701 4640 2999 4711 quomodo
3052 4658 3210 4696 nunc
3274 4647 3408 4712 post
3456 4638 3721 4695 veritatis

2064 4732 2427 4804 agnitionem
2460 4730 2611 4786 falsa
2639 4729 2960 4801 praedicare
2991 4748 3228 4802 possem
3268 4736 3332 4784 ut
3373 4730 3721 4786 hominibus

2064 4820 2385 4891 placerem,
2420 4824 2619 4872 etnon
2653 4834 2723 4872 ea
2753 4834 2885 4888 qua;
2910 4833 2944 4871 δ.
2968 4817 3196 4872 (Ihristo
3230 4817 3594 4888 accepissem
3624 4817 3653 4873 ‘l

2142 4910 2289 4966 722
2315 4910 2357 4975 Ι,
2401 4911 2477 4969 15,
2518 4909 2601 4963 16.
2634 4907 2821 4962 Atubi
2851 4910 2982 4976 Deo,
3014 4907 3114 4978 qui
3133 4917 3513 4980 segregaverat
3542 4927 3626 4965 me
3657 4910 3726 4966 ab

2066 5006 2220 5055 utero
2252 4999 2443 5054 mrtris
2471 5013 2622 5061 mea,
2656 5004 2707 5052 et
2747 5000 2963 5053 vocavit
3006 5016 3109 5069 per
3136 4999 3385 5069 gratiam
3414 5017 3590 5065 suam,
3636 5017 3726 5056 re-

2065 5089 2298 5145 velando
2334 5089 2533 5142 Filium
2576 5103 2737 5142 suum
2772 5089 2832 5140 in
2862 5104 2965 5149 me.
3000 5088 3175 5144 visum
3207 5095 3283 5145 est
3337 5097 3399 5144 ut
3441 5090 3726 5161 praedica-

2065 5197 2180 5235 rem
2212 5178 2391 5249 ipsum
2424 5179 2569 5231 inter
2598 5182 2780 5247 gentes
2803 5192 2821 5229 :
2852 5177 3115 5233 continuo
3141 5195 3253 5234 non
3283 5182 3539 5249 acquievi
3568 5184 3731 5237 carni

2067 5276 2118 5325 et
2147 5269 2431 5338 sanguini.

2142 5359 2198 5413 Si
2231 5357 2304 5413 ab
2335 5362 2504 5411 utero
2535 5355 2745 5411 matris
2776 5372 2897 5412 sua;
2928 5363 3268 5429 segregatus
3298 5358 3494 5414 fuerat
3516 5365 3576 5415 et
3603 5360 3730 5415 ele-

2069 5454 2219 5513 ctus,
2259 5447 2466 5517 utique
2522 5444 2720 5500 divina
2751 5445 3007 5516 quadam
3046 5446 3494 5519 dispensatione
3528 5448 3727 5504 medio

2072 5544 2338 5609 tempore
2369 5535 2614 5592 relictus
2636 5534 2768 5603 fuit,
2795 5540 2860 5589 ut
2882 5535 3029 5591 adeo
3048 5538 3362 5609 repentina
3390 5538 3577 5610 ipsius
3598 5553 3733 5592 mu-

2069 5628 2212 5684 tatio
2248 5624 2465 5682 multos
2498 5625 2901 5681 confirmaret.
2939 5648 2961 5678 ιι
2994 5628 3062 5681 Et
3091 5628 3316 5684 vocavit
3345 5645 3451 5700 per
3480 5626 3734 5701 gratiam

2071 5733 2262 5774 suam.
2293 5737 2318 5763 η
2346 5718 2474 5787 Ipse
2494 5714 2736 5785 quidem
2757 5720 3040 5788 tanquam
3066 5733 3163 5772 vas
3177 5717 3484 5773 electionis
3496 5720 3738 5772 vocatus

3380 5835 3459 5894 35
