4098 6412
400 366 556 456 1099

1482 397 1909 459 (ECUMENII
1957 393 2265 453 THICCAE
2312 389 2691 454 EPISCOPI.

3663 358 3814 460 1100

400 533 511 595 est,
544 528 689 585 dicit
715 535 913 585 autem
944 547 1005 585 se
1032 532 1221 603 gratia
1249 537 1520 588 vocatum
1550 550 1681 588 esse
1713 549 1781 588 ac
1812 532 1861 587 si
1894 529 2044 585 dice-

2167 523 2407 603 ἐκλογῆς
2438 524 2670 597 έκλήθη’
2716 524 2955 604 λέγειδὶ
3008 526 3194 581 ἑαυτὸν
3253 529 3441 606 χάριτι
3495 528 3812 601 κεκλῆσθαι,

402 623 494 672 ret
526 634 538 671 :
568 622 709 673 Cum
743 618 1023 692 indignus
1051 637 1241 676 essem
1274 627 1333 676 et
1378 639 1500 676 non
1559 622 1833 686 idoneus,
1866 620 2056 693 gratia

400 707 623 763 vocavit
650 725 745 763 me
780 710 1084 765 Dominus.
1121 733 1148 760 «
1178 712 1513 768 Revelando
1544 712 1757 767 Filium
1791 727 1986 766 suum.
2024 729 2049 761 υ

396 798 897 870 Pater,inquit,me
912 801 1462 858 vocavitrevelando
1480 802 1837 857 mihiFilium
1856 817 2051 857 suum.

398 887 556 942 Dixit
584 894 783 943 autem
831 912 857 937 «
888 894 949 943 In
985 906 1102 954 me,
1136 913 1163 940 ››
1196 892 1509 947 ostendere
1540 892 1741 947 volens
1774 908 1895 946 non
1926 890 2054 945 solo

402 995 680 1034 sermone
696 997 757 1035 se
783 980 1086 1049 didicisse,
1104 983 1207 1037 sed
1225 989 1282 1038 et
1307 990 1506 1038 mente
1530 990 1589 1039 et
1618 983 1795 1039 corde
1821 1001 1834 1050 ;
1870 982 2053 1037 veluti

396 1068 696 1124 insidente
710 1070 1242 1126 scientiainteriori
1262 1072 1508 1128 homini.
1536 1096 1563 1123 «
1581 1073 2053 1145 Utpraadicarem

400 1156 616 1227 ipsum.
650 1180 677 1207 »
707 1158 877 1213 Vides
909 1160 1067 1230 quod
1090 1162 1264 1216 Pater
1286 1162 1388 1232 qui
1422 1163 1648 1217 vocavit
1677 1170 1737 1216 et
1776 1160 2056 1216 revelavit

397 1244 513 1315 ipsi
546 1246 755 1300 Filium
789 1263 982 1311 suum,
1016 1250 1142 1319 ipse
1174 1266 1309 1305 eum
1344 1250 1793 1321 praedicatorem
1820 1256 1879 1305 et
1908 1266 2052 1321 apo-

400 1333 617 1389 stolum
668 1335 1006 1392 ordinavit?
1035 1338 1341 1403 Quomodo
1375 1340 1554 1411 igitur
1583 1339 1656 1394 ab
1706 1338 2052 1393 hominibus

398 1424 599 1494 accepi
640 1432 699 1478 et
728 1424 972 1481 edoctus
1003 1444 1133 1481 sum
1164 1428 1646 1498 praedicationem
1671 1428 1699 1483 ‘l
1728 1427 2053 1482 Confestim

398 1528 519 1567 non
538 1513 825 1569 declinavi
853 1516 927 1571 ad
950 1517 1365 1573 remissionem
1390 1525 1449 1573 et
1471 1518 1784 1573 mollitiem
1810 1535 1823 1572 :
1856 1533 2051 1589 neque

397 1603 567 1672 quasi
595 1619 877 1675 magnum
900 1605 1128 1677 aliquid
1151 1614 1430 1679 operatus
1450 1623 1667 1673 essem,
1701 1608 1764 1661 in
1793 1607 1981 1662 otium
1996 1612 2054 1661 et

395 1691 819 1763 negligenliam
850 1695 1032 1749 recidi
1060 1713 1073 1762 ;
1109 1696 1213 1751 sed
1233 1700 1446 1751 tortem
1480 1714 1547 1751 ac
1579 1696 1835 1769 rigidum
1866 1697 2052 1750 Evan-

396 1780 789 1851 geliicursum
819 1790 1169 1853 prosecutus
1198 1801 1328 1839 sum
1367 1817 1434 1823 —
1456 1787 1559 1840 Aut
1586 1785 1684 1839 hoc
1712 1784 1890 1839 modo.
1927 1786 2052 1838 Non

397 1870 702 1940 antiquius
725 1870 903 1925 habui
929 1872 1125 1928 videre
1144 1879 1424 1946 cognatos
1442 1879 1543 1929 aut
1566 1874 1805 1928 domum
1836 1877 1938 1928 aut
1958 1890 2054 1927 so-
2087 1895 2130 1959 Β

397 1958 565 2013 dales
594 1965 695 2014 aut
734 1961 1008 2031 patriam.
1071 1962 1176 2016 sed
1221 1963 1498 2018 omnibus
1559 1963 1780 2018 relictis
1838 1964 2053 2033 (neque

401 2048 562 2102 enim
593 2049 652 2102 in
686 2048 796 2104 hoc
818 2051 990 2104 Petro
1022 2067 1089 2105 ac
1117 2052 1343 2107 Joanne
1375 2069 1506 2107 sum
1530 2052 1820 2123 inferior),
1854 2052 2052 2106 statim

400 2139 461 2193 in
481 2141 831 2196 Damascum
853 2149 909 2197 et
924 2143 983 2197 in
998 2144 1275 2199 Arabiam
1288 2145 1465 2200 etiam
1480 2145 1550 2200 ad
1566 2143 2051 2216 praedicationem

400 2229 653 2285 cucurri.
687 2251 714 2279 ‹‹
746 2232 872 2285 Non
896 2232 1121 2287 contuli
1152 2250 1287 2288 cum
1320 2250 1497 2289 carne
1528 2240 1587 2288 et
1617 2234 1927 2307 sanguine.
1970 2231 2049 2289 Ού

400 2312 807 2388 προσανεθέμην
856 2318 1013 2391 σαρκί
1051 2317 1141 2373 καὶ
1172 2319 1384 2392 αἶ’ματι,
1423 2344 1451 2371 ››
1511 2321 1696 2392 (Quod
1754 2338 1863 2377 nos
1912 2321 2049 2375 reli-

399 2422 549 2477 quos
572 2408 759 2463 secuti
790 2407 1147 2481 interpretes
1177 2412 1499 2467 vertimus:
1537 2434 1561 2463 α
1606 2413 1731 2467 Non
1784 2410 2049 2482 acquievi

397 2497 561 2552 carni
591 2503 650 2552 et
682 2500 989 2572 sanguini;
1024 2524 1049 2549 η
1074 2517 1213 2557 nam
1246 2508 1304 2557 et
1332 2502 1492 2558 hunc
1551 2519 1794 2558 sensum
1853 2502 2053 2574 priora

398 2586 627 2642 scholia
659 2588 1043 2660 indicarunt.)
1076 2593 1201 2646 Non
1251 2591 1556 2656 descendi,
1587 2592 1801 2662 inquit,
1834 2592 1895 2646 in
1929 2607 2049 2646 ser-

395 2692 571 2731 mone
594 2693 728 2732 cum
752 2679 1038 2749 apostolis
1059 2680 1131 2735 de
1154 2681 1595 2751 prardicatione,
1627 2686 1943 2736 contentus
1964 2680 2052 2735 dio

392 2764 528 2820 vina
548 2767 926 2823 revelatione.
963 2773 1081 2825 Hoc
1103 2775 1303 2825 autem
1326 2770 1474 2825 dicit
1495 2769 1817 2825 ostendens
1841 2769 2000 2840 quod
2020 2785 2055 2823 a

2159 615 2204 669 ὡ
2273 616 2285 631 ι
2344 616 2373 636 σγ
2523 621 2535 641 ,
2927 616 2935 633 ι
3135 616 3151 635 ι
3217 616 3231 629 ι
3418 615 3468 639 οκ
3692 621 3703 640 1

2209 635 2289 669 σει
2322 636 2486 671 ειπεν.
2542 615 2771 689 Δνάξιόν
2808 636 2875 689 με
2905 616 3033 670 ὂντα
3062 636 3152 670 και
3207 635 3604 688 ανεπιτηοειον,
3632 640 3813 697 χαριτι

2157 703 2423 775 κέκληκεν
2459 706 2487 759 ὁ
2518 704 2736 781 Κύριος.
2787 729 2817 756 cc
2852 703 3233 779 ’Δποκαλῦψαι
3290 707 3382 761 τὸν
3415 708 3538 762 Υἱὸν
3567 707 3753 769 αὐτοῦ.
3786 734 3812 763 ιο

2159 795 2221 850 Ὁ
2250 796 2437 869 Πατήρ
2498 815 2585 867 με,
2640 794 2825 871 φησὶν,
2866 793 3141 864 ἐκάλεσεν,
3197 793 3285 850 ἐπὶ
3333 800 3411 867 τῷ
3477 797 3814 874 ἀνακαλῖπιιαί

2167 904 2260 957 μοι
2319 884 2411 938 τὸν
2473 884 2597 939 Υἱὸν
2661 885 2847 939 αὐτοῦ.
2912 910 2937 936 ιι
2974 886 3061 941 Ἐν
3119 883 3246 958 ἐμοὶ
3276 909 3304 937 ››
3367 882 3423 941 δὲ
3482 887 3618 957 εἶπε,
3655 886 3815 960 Sciit".

2162 971 2335 1036 θέλων
2371 971 2434 1027 ού
2465 970 2626 1048 λόγῳ
2687 968 2854 1046 μόνον
2913 974 3152 1047 μαθόντα
3212 974 3390 1041 αὐτὸν,
3450 974 3597 1031 ἀλλά
3624 978 3717 1032 καὶ
3746 981 3814 1050 νῷ

2159 1062 2252 1117 καὶ
2284 1059 2484 1137 βαρδίᾳ
2517 1064 2637 1117 οἷον
2687 1061 2765 1125 εἰς
2819 1062 2911 1116 τὸν
2942 1056 3048 1116 ἔσω
3104 1061 3389 1139 ἄνθρωπον
3440 1071 3540 1133 τῆς
3570 1067 3815 1140 γνώσεως

2162 1150 2505 1222 ένιζησάσης.
2546 1174 2569 1204 α
2604 1154 2717 1208 Ἵνα
2766 1151 3209 1227 εὐαγγελίζωμαι
3266 1152 3451 1209 αὐτόν.
3486 1177 3513 1204 ›)
3543 1154 3705 1229 Ὁρᾷς
3736 1156 3814 1211 δτι

2161 1241 2189 1295 ὁ
2230 1238 2467 1303 καλέσας
2527 1243 2715 1315 Πατὴρ
2774 1241 2863 1296 καὶ
2918 1240 3282 1316 ἀποκαλύψας
3344 1242 3494 1315 αὐτῷ
3552 1242 3644 1299 τόν
3697 1245 3813 1301 Υἱὸν

2162 1332 2350 1399 αὐτοῦ,
2381 1328 2543 1392 αὕτὸς
2576 1327 2739 1385 αύτόν
2766 1333 2981 1405 κήρυκα
3015 1331 3109 1386 καὶ
3166 1330 3477 1387 ἀπόστολον
3538 1332 3812 1408 ἐχειροτό-

2159 1425 2491 1490 νησε;Πῶς
2552 1420 2670 1489 οὖν,
2732 1420 2888 1500 φησὶ,
2944 1420 3091 1495 παρά
3148 1420 3449 1497 ἀνθρώπων
3507 1418 3813 1497 παρέλαϐον

2159 1510 2250 1564 καὶ
2281 1507 2580 1586 ἐδιδάχθην
2609 1510 2671 1565 τὸ
2696 1512 2958 1587 κήρυγμα
2992 1530 3005 1579 ;
3043 1511 3262 1575 Εὐθέως
3291 1511 3392 1566 οὐκ
3422 1510 3686 1567 ἀπέκλινα
3738 1513 3812 1577 εἰς

2159 1597 2336 1653 ἄνεσιν
2368 1598 2459 1653 καὶ
2491 1597 2843 1669 ἡδυπάθειαν,
2878 1598 2941 1653 ού
2972 1596 3022 1654 δ’
3073 1600 3150 1661 ὡς
3211 1599 3352 1677 μέγα
3406 1622 3460 1656 τι
3519 1614 3815 1676 κατωρθω-

2160 1686 2293 1757 κὼς,
2328 1686 2403 1749 εἰς
2433 1687 2715 1763 ῥᾳστώνην
2747 1687 2839 1741 καὶ
2898 1686 3193 1763 ὀλιγωρίαν
3226 1688 3476 1757 ἀνέπεσα,
3507 1687 3659 1744 ἀλλά
3690 1689 3814 1744 σύν-

2158 1796 2311 1830 τονον
2343 1776 2435 1831 τὸν
2474 1779 2571 1830 τοῦ
2615 1774 2958 1852 Εὑαγγελίου
3008 1773 3215 1851 δρόμον
3274 1777 3607 1852 ἐποιούμην.
3650 1812 3717 1822 -
3745 1779 3809 1835 Ἤ

2162 1860 2357 1922 οὕτως.
2390 1863 2468 1919 Ού
2515 1867 2976 1938 προετιμησαμην
3043 1863 3172 1918 ἰδεῖν
3212 1866 3577 1941 συγγενεῖς,ἢ
3614 1864 3811 1935 οῗκίαν,

2162 1950 2199 2019 ἢ
2232 1953 2503 2021 συνήθεις,
2557 1950 2593 2020 ἢ
2648 1950 2934 2028 πρατρίδα,
2982 1951 3129 2007 ἀλλά
3203 1953 3376 2009 πάντα
3430 1951 3608 2010 λιπὼν
3664 1951 3813 2029 (οὐδὲ

2164 2044 2267 2117 γὰρ
2300 2042 2351 2095 ἐν
2377 2040 2594 2105 τούτοις
2628 2045 2733 2095 τῶν
2766 2043 2888 2117 περὶ
2936 2041 3139 2116 Πέτρον
3194 2042 3284 2098 καὶ
3347 2043 3593 2114 Ἰωάννην
3652 2043 3807 2099 έλατ-

2162 2133 2407 2204 τοῦμαι),
2461 2128 2659 2195 εὐθέως
2696 2130 2772 2192 εἰς
2831 2127 3089 2205 Ἀραϐίαν
3138 2134 3230 2187 καί
3291 2130 3368 2194 εἷς
3407 2133 3690 2206 Δαμασκὸν
3721 2134 3809 2189 καὶ

2162 2218 2238 2282 εἱς
2270 2220 2333 2275 τὸ
2363 2221 2628 2296 κήρυγμα
2684 2215 2935 2296 ἴτρεχον.
2988 2245 3015 2272 ‹‹
3052 2220 3130 2278 0-7»
3182 2224 3594 2295 προσανεθέμην
3654 2220 3811 2298 σαρκὶ

2160 2310 2250 2366 καὶ
2280 2307 2491 2384 αι’ίματι.
2527 2309 2639 2365 Οὐκ
2687 2309 2860 2379 ἦλθον
2895 2309 2971 2373 εἷς
3031 2308 3257 2385 λόγους,
3319 2311 3472 2388 φησὶ,
3504 2317 3622 2374 τοῖς
3679 2312 3813 2367 ἀπο-

2163 2398 2384 2464 στόλοις
2447 2402 2571 2478 περὶ
2629 2402 2727 2455 τοῦ
2780 2398 3151 2475 κηρύγματος,
3210 2400 3487 2475 ἀρκεσθεὶς
3544 2403 3614 2473 τῇ
3696 2402 3813 2473 θείᾳ

2162 2490 2525 2566 ἀποκαλύψει.
2582 2494 2762 2548 Τοῦτο
2821 2487 2879 2545 δέ
2935 2511 3089 2568 φησι,
3152 2488 3360 2553 δεικνὺς
3414 2491 3497 2547 ὅτι
3554 2492 3617 2547 οὑ
3670 2493 3816 2566 παρὰ

2160 2587 2268 2638 τῶν
2301 2585 2558 2655 μαθητῶν
2587 2575 2753 2654 ἔμαθε
2795 2580 2859 2635 τὸ
2915 2583 3199 2657 κήρυγμα,
3259 2578 3405 2637 ἀλλὰ
3465 2582 3594 2656 παρ’
3651 2581 3816 2637 αὐτοῦ

2160 2676 2259 2727 τοῦ
2317 2674 2575 2746 Χριστοῦ.
2627 2670 2694 2727 Οἱ
2742 2670 2845 2746 γάρ
2905 2665 3299 2732 διαϐάλλοντες
3340 2668 3523 2743 αὐτόν,
3584 2665 3816 2750 ἔφασκον

2162 2764 2461 2837 ἀνθρώπων
2496 2761 2629 2816 εἶναι
2657 2762 2745 2815 καὶ
2780 2763 3013 2835 Χριστοῦ
3042 2764 3312 2833 μαθητήν.

394 2853 702 2926 discipulis
733 2858 1220 2928 prmdicationem
1251 2876 1369 2913 non
1401 2860 1696 2927 didicerit,
1733 2858 1837 2914 sed
1867 2858 1942 2914 ad
1973 2858 2101 2929 ipso
2133 2855 2390 2919 Christo,
2436 2855 2580 2909 Nam
2615 2851 2716 2923 qui
2765 2868 2902 2907 eum
2956 2846 3494 2922 calumniabantur,
3540 2854 3817 2910 dicebant

392 2944 589 3014 ipsum
618 2945 947 3014 hominum,
980 2965 1102 3003 non
1132 2949 1349 3004 Christi
1373 2965 1501 3004 esse
1534 2948 1916 3020 discipulum.

463 3092 507 3147 Ι.
544 3094 728 3147 17-19.
754 3116 782 3144 «
818 3096 1016 3165 Neque
1034 3094 1183 3151 redii
1206 3095 1676 3167 Hierosolymam
1706 3094 1781 3150 ad
1813 3111 1914 3150 eos
1943 3094 2044 3164 qui

2230 3084 2367 3142 Ούδὶ
2424 3083 2665 3156 ἀνῆλθον
2751 3086 2828 3149 εἰς
2912 3085 3272 3161 Ἱεροσόλυμα
3329 3088 3466 3164 πρὸς
3518 3087 3644 3151 τοὺς
3699 3090 3809 3165 πρὸ

396 3202 425 3231 ‹‹
459 3186 597 3237 ante
649 3199 741 3238 me
784 3183 1021 3239 fuerant
1060 3186 1337 3256 apostoli,
1371 3185 1473 3241 sed
1506 3186 1623 3241 abii
1656 3185 1716 3241 in
1748 3183 2048 3251 Arabiam,

394 3292 423 3320 «
458 3287 525 3327 ac
556 3270 753 3327 denuo
784 3289 1056 3329 reversus
1101 3291 1229 3329 sum
1264 3275 1636 3341 Damascum,
1661 3273 1887 3331 deinde
1918 3278 2054 3345 post

400 3380 427 3408 «
459 3374 649 3415 annos
682 3366 802 3415 tres
833 3361 982 3416 redii
1016 3362 1516 3434 Hierosolymam,
1547 3368 1614 3417 ut
1642 3361 1903 3418 viderem
1938 3362 2048 3416 Pe-

399 3468 427 3496 «
461 3453 640 3513 trum,
676 3454 733 3504 et
764 3450 953 3504 mansi
986 3450 1144 3522 apud
1175 3468 1313 3506 eum
1335 3452 1463 3506 dies
1494 3451 1860 3522 quindecim.
1895 3450 2046 3507 ττι

400 3556 430 3586 ‹‹
461 3536 660 3592 Alium
678 3546 878 3594 autem
906 3555 974 3594 ex
991 3540 1277 3611 apostolis
1299 3556 1419 3596 non
1452 3540 1589 3608 vidi,
1621 3540 1738 3596 nisi
1766 3539 2048 3596 Jacobum

395 3649 423 3678 ‹‹
456 3627 704 3685 fratrem
734 3631 993 3687 Domini.
1026 3652 1054 3682 »

463 3837 626 3893 Idem
656 3839 805 3895 dixit
834 3840 1229 3896 manifestius.
1255 3841 1575 3897 ostendens
1598 3841 1756 3912 quod
1780 3859 1898 3897 non
1921 3842 2046 3897 fue-

392 3927 471 3981 rit
500 3927 573 3982 ab
605 3929 891 4001 apostolis
921 3931 1184 3999 edoctus,
1212 3930 1315 3986 sed
1347 3931 1418 3986 ab
1451 3931 1579 4003 ipso
1615 3931 1869 3986 Christo.
1918 3934 2043 3986 Non

393 4017 567 4085 redii,
601 4017 814 4089 inquit,
850 4020 1320 4092 Hierosolymam
1378 4027 1445 4075 ut
1499 4020 1760 4075 viderem
1810 4037 1910 4075 eos
1941 4026 2042 4092 qui

395 4112 532 4161 ante
560 4123 654 4161 me
678 4107 1200 4180 fuerantapostoli,
1226 4115 1281 4164 et
1304 4109 1529 4181 aliquid
1551 4109 1623 4165 ab
1648 4109 1734 4163 eis
1757 4109 2037 4165 dicerem.

394 4195 696 4265 Siquidem
738 4197 1020 4254 Damasco
1052 4199 1231 4254 rediit
1262 4199 1753 4268 Hierosolymam,
1794 4204 1860 4253 ut
1885 4198 2040 4253 indi-

393 4289 528 4338 cant
552 4288 694 4341 Acta
723 4288 1129 4358 apostolorum
1152 4288 1192 4353 ¹,
1217 4295 1277 4343 at
1294 4305 1411 4342 non
1448 4288 1519 4342 ad
1541 4286 1912 4352 discendum,
1939 4288 2042 4343 sed

392 4374 834 4445 praedicandum
864 4380 1057 4451 ipsum
1081 4379 1379 4433 Christum
1408 4383 1465 4433 et
1485 4377 1818 4433 docendum
1839 4378 2038 4436 ﬁdem.

2158 3177 2295 3252 έμοῦ
2354 3174 2721 3247 ἀποστόλους,
2808 3174 2956 3232 ἀλλά
3035 3176 3283 3246 ἀπῆλθον
3367 3177 3443 3240 εἷς
3530 3173 3807 3253 Ἀραϐίαν,

2156 3267 2248 3323 καὶ
2313 3267 2481 3323 πάλιν
2543 3266 2850 3341 ὑπέστρεψα
2906 3265 2983 3328 εἷς
3042 3266 3326 3341 Δαμασκόν
3354 3313 3367 3326 .
3430 3269 3654 3325 Ἔπειτα
3710 3290 3807 3324 κα-

2155 3358 2222 3414 τὰ
2269 3355 2367 3430 ἔτη
2426 3356 2571 3433 τρία,
2631 3355 2871 3427 ἀνῆλθον
2929 3357 3006 3419 εἰς
3079 3359 3438 3432 Ἰεροσόλυμα
3524 3359 3809 3435 ἱστορῆσαι

2157 3447 2356 3523 Πέτρον
2392 3490 2408 3516 ,
2468 3447 2557 3502 καὶ
2615 3445 2873 3520 ἐπέμεινα
2954 3447 3092 3522 πρὸς
3147 3447 3307 3503 αὑτὸν
3382 3446 3593 3524 ἡμέρας
3651 3447 3812 3505 δέκα·

2156 3536 2334 3593 πέντε.
2367 3536 2591 3611 Ἕτερον
2634 3532 2690 3589 δὶ
2745 3539 2853 3590 τῶν
2909 3534 3232 3591 ἀπόστολων
3292 3534 3391 3592 ούκ
3451 3534 3615 3606 εἶδον,
3648 3536 3692 3592 εἰ
3731 3539 3809 3612 μὴ

2154 3621 2413 3683 Ἰάκωϐον
2443 3626 2534 3681 τὸν
2575 3621 2810 3699 ἀδελφὸν
2842 3628 2939 3680 τοῦ
2971 3625 3197 3701 Κυρίου.

2228 3824 2563 3905 Σαφὲστερον
2595 3825 2727 3881 αὐτὸ
2775 3828 2915 3893 εἷπε,
2975 3824 3181 3890 δεικνὺς
3239 3828 3316 3891 ὠς
3375 3829 3437 3883 ού
3495 3830 3644 3905 παρά
3697 3833 3810 3885 τῶν

2153 3914 2477 3973 ἀποστόλων
2506 3914 2798 3990 ἐδιδάχθη,
2831 3913 2977 3972 ἀλλὰ
3007 3919 3132 3991 παρ’
3162 3917 3327 3973 αὐτοῦ
3384 3923 3481 3974 τοῦ
3541 3922 3802 3994 Υριστοῦ,

2152 4007 2266 4066 Ούκ
2316 4004 2578 4076 ἀνῆλθον,
2619 4006 2804 4083 φησὶν,
2847 4006 2922 4068 εἰς
2954 4007 3334 4082 Ἰεροσόλυμα,
3394 4009 3531 4084 πρὸς
3587 4011 3651 4064 τὸ
3681 4010 3810 4064 θεά-

2152 4100 2339 4153 σασθαι
2370 4097 2498 4158 τοὺς
2556 4096 2661 4173 πρὸ
2718 4095 2852 4169 ἐμοῦ
2900 4096 3243 4159 ἀποστόλους
3272 4098 3363 4153 καὶ
3430 4100 3620 4171 μαθεῖν
3666 4120 3719 4154 τι
3752 4098 3807 4173 ἐξ

2149 4188 2349 4243 αὐτῶν.
2385 4184 2615 4255 Ἀνῆλθε
2648 4186 2741 4258 μὲν
2776 4186 2879 4263 γὰρ
2922 4186 3000 4249 εἷς
3053 4186 3413 4261 Ἱεροσόλυμα
3440 4187 3546 4242 ἀπὸ
3614 4196 3807 4261 Δαμα-

2151 4277 2303 4344 σκοῦ,
2337 4276 2411 4337 ὠς
2445 4272 2708 4346 δηλοῦσιν
2740 4276 2794 4329 αἱ
2827 4275 3069 4348 Ιῐράξεις,
3104 4274 3233 4331 ἀλλ’
3264 4275 3363 4331 οὐκ
3402 4275 3490 4331 ἐπὶ
3556 4282 3638 4350 τῷ
3700 4299 3809 4350 μα⁸

2150 4371 2425 4439 θητεῦσαι,
2459 4362 2588 4419 ἀλλ’
2617 4363 2704 4420 ἐπὶ
2734 4368 2814 4437 τῷ
2843 4364 2933 4419 καὶ
2965 4364 3124 4420 αὐτὸν
3164 4366 3454 4439 κηρύσσειν
3514 4367 3606 4422 τὸν
3666 4369 3806 4442 Χρι-

390 4468 533 4522 Nam
565 4474 624 4523 et
653 4487 721 4525 eo
748 4471 923 4525 modo
947 4488 1065 4541 quo
1093 4472 1153 4525 in
1196 4471 1470 4527 Arabiam
1504 4471 1787 4536 abieram,
1819 4473 2035 4544 inquit,

2154 4461 2298 4531 στὸν,
2328 4458 2418 4512 καὶ
2449 4458 2550 4526 τῆν
2589 4456 2767 4511 πίστιν
2830 4454 3126 4515 διδάσκειν.
3194 4458 3291 4512 Καὶ
3348 4458 3451 4533 γάρ
3512 4459 3569 4513 ὃν
3599 4459 3808 4533 τρόπον

390 4557 1208 4631 ρτωάἰοαῐιιῐτυε,ῐίιῐέιιωᾳιιθ
1229 4561 1608 4616 Damascum:
1630 4561 1836 4616 eodem
1861 4561 2034 4617 modo

388 4651 446 4699 et
478 4647 971 4720 Hierosolymam.
1015 4650 1154 4705 Post
1183 4655 1303 4706 tres
1335 4657 1532 4706 autem
1596 4668 1785 4707 annos
1834 4651 1905 4707 ab
1941 4652 2034 4706 in-

386 4742 555 4808 cepta
586 4737 1008 4809 praedicatione
1036 4745 1092 4796 et
1122 4740 1391 4796 doctrina
1430 4758 1563 4796 mea
1592 4741 1741 4796 redii
1782 4747 1847 4796 ut
1877 4740 2037 4795 vide-

384 4842 511 4880 rem
541 4827 803 4889 Petrum,
836 4846 955 4884 non
982 4836 1046 4885 ut
1109 4829 1334 4901 aliquid
1386 4830 1459 4885 ab
1517 4831 1643 4902 ipso
1695 4831 2033 4886 discerem:

377 4915 506 4985 jam
526 4917 683 4972 enim
703 4919 1084 4987 Evangelium
1105 4920 1535 4975 aununtiabam
1559 4926 1618 4974 et
1637 4920 2033 4992 prmdicabam

387 5023 415 5050 ‹‹
448 5003 560 5057 Sed
595 5005 714 5059 adii
746 5007 807 5060 in
840 5008 1138 5063 Arabiam.
1176 5029 1199 5059 ι
1226 5009 1486 5064 Narratis
1512 5008 1585 5064 ad
1606 5026 1751 5080 quas
1784 5007 2031 5075 adierat,

385 5094 739 5161 civitatibus,
775 5101 1007 5171 egregia
1037 5117 1218 5171 opera
1247 5100 1386 5155 silet
1440 5118 1571 5172 quae
1620 5099 1701 5154 ibi
1757 5099 1911 5156 facta
1960 5098 2031 5154 ab

384 5182 511 5253 ipso
545 5191 731 5247 erant,
758 5189 917 5258 quod
942 5206 1169 5262 magna)
1193 5196 1321 5245 erat
1350 5191 1532 5247 animi
1563 5189 1889 5245 modestia).
1929 5189 2033 5244 uUt

379 5271 637 5327 viderem
656 5274 1484 5336 Petrum.nConsideraanimi
1507 5279 1877 5334 modestiam.
1902 5279 2031 5333 Post

375 5366 464 5416 tot
481 5368 762 5434 tantaque
787 5369 1109 5423 certamina
1130 5370 1274 5424 abiit
1298 5377 1361 5425 ut
1384 5370 1608 5425 videret
1624 5371 1865 5425 Petrum
1901 5373 2027 5423 tan-

372 5468 551 5524 quam
583 5453 894 5526 majorem.
930 5458 1000 5513 Ut
1058 5465 1255 5514 autem
1288 5461 1469 5515 etiam
1530 5465 1818 5527 maneret,
1852 5474 2029 5514 causa

367 5541 614 5599 honoris
646 5561 823 5615 quem
855 5547 1029 5602 Petro
1070 5547 1392 5618 deferebat,
1452 5555 1649 5604 actum
1714 5553 1822 5604 est.
1883 5546 2026 5602 Vide

366 5639 567 5688 autem
594 5635 893 5705 quomodo
920 5643 1090 5693 caute
1120 5639 1279 5694 dicat
1305 5657 1317 5693 :
1354 5664 1378 5689 α
1408 5639 1591 5694 Mansi
1617 5637 1772 5711 apud
1813 5654 1969 5709 eum,
1997 5658 2024 5687 »ι

363 5738 483 5780 non
526 5723 771 5781 edoctus
832 5744 984 5784 sum.
1056 5752 1074 5777 ι
1113 5727 1306 5785 Alium
1350 5735 1548 5785 autem
1607 5746 1679 5786 ex
1729 5727 2023 5803 apostolis

2146 4542 2508 4622 εἲςἈραϐίαν
2549 4546 2769 4621 ἀπῄειν,
2828 4548 2987 4623 φησὶ,
3044 4547 3320 4622 κηρύξων,
3377 4549 3466 4603 καὶ
3525 4547 3692 4604 πάλιν
3726 4548 3811 4611 εἷς

2145 4637 2451 4712 Δαμασκὸν,
2504 4636 2595 4691 τὸν
2654 4634 2814 4690 αὐτὸν
2870 4635 3073 4711 τρόπον
3133 4637 3224 4691 καὶ
3284 4636 3359 4699 sic
3422 4635 3808 4712 Ἰεροσόλυμα.

2145 4733 2294 4790 Μετά
2326 4729 2382 4786 δέ
2420 4725 2513 4801 ἔτη
2572 4729 2695 4805 τρία
2748 4734 2846 4784 τοῦ
2902 4730 3190 4805 κηρύσσειν
3230 4753 3296 4804 με
3348 4733 3438 4786 καί
3501 4728 3808 4803 διδάσκειν,

2145 4818 2381 4892 ἀνῆλθον
2417 4817 2547 4873 ἰδεῖν
2582 4817 2806 4889 Πέτρον,
2839 4839 2903 4874 ου
2937 4826 3127 4893 μαθεῖν
3157 4841 3211 4875 τι
3243 4822 3369 4896 παρ’
3412 4819 3598 4878 αὐτοῦ.
3651 4820 3805 4893 ’Ἤδη

2141 4910 2240 4985 γάρ
2301 4908 2410 4984 ἐγὼ
2500 4905 2941 4983 εύηγγελιζομην
3022 4908 3114 4963 καὶ
3173 4908 3493 4981 ἐκήρυσσον.
3556 4937 3584 4963 ‹‹
3625 4909 3808 4968 Ἀλλά

2143 4997 2392 5067 ἀπῆλθον
2427 4996 2505 5057 εἷς
2563 4991 2839 5071 Ἀραϐίαν.
2877 5022 2904 5049 ››
2964 4997 3075 5059 Τάς
3122 4998 3314 5061 πόλεις
3370 4998 3536 5054 εἰπὼν
3593 4999 3647 5054 έν
3708 5000 3809 5062 αἶς

2143 5089 2377 5158 ἀπῆλθε,
2425 5088 2494 5143 τά
2545 5086 2658 5141 ἐκεῖ
2712 5089 2974 5163 γενόμενα
3025 5088 3173 5160 αὐτῷ
3227 5090 3629 5163 κατορθώματα
3672 5110 3810 5145 σιω-

2141 5182 2216 5250 πᾷ
2255 5179 2388 5253 ὅπερ
2446 5174 2666 5246 ποΛλῆς
2724 5176 2792 5246 ἦν
2849 5178 3379 5253 ταπεινοφροσύνης.
3450 5199 3472 5228 ι
3509 5182 3807 5253 Ιστορῆσαι

2142 5267 2369 5343 Πέτρον.
2406 5290 2434 5317 ››
2514 5273 2650 5339 Ἦρα
2731 5265 3076 5321 ταπείνωσιν·
3156 5269 3290 5341 μετά
3360 5267 3653 5329 τοσούτους
3709 5268 3805 5323 καὶ

2137 5357 2422 5418 τοιούτους
2456 5356 2671 5432 ἀγῶνας
2729 5355 2897 5431 ἀπῂει
2947 5359 3258 5432 ’ἱστορήσων
3289 5358 3521 5429 Πέτρον,
3563 5358 3638 5420 ὡς
3674 5355 3807 5429 μεί-

2141 5455 2287 5519 ζονα.
2326 5444 2423 5500 Καὶ
2449 5446 2514 5499 τὸ
2553 5450 2876 5519 προσμεῖναι
2909 5442 2988 5513 δὲ,
3019 5453 3121 5515 τῆς
3178 5447 3304 5521 περὶ
3366 5448 3570 5522 Πέτρον
3630 5453 3810 5521 τιμῆς

2133 5540 2306 5597 ἕνεκεν
2341 5535 2567 5612 ἐγένετο.
2625 5538 2740 5612 Ορα
2800 5535 2857 5592 δὲ
2910 5541 3026 5599 πῶς
3082 5538 3342 5618 ἀσφαλῶς
3388 5536 3571 5594 λαλεῖ
3620 5565 3640 5591 ι
3679 5541 3816 5596 Ἐπ-

2137 5631 2344 5704 έμεινα,
2404 5625 2561 5696 φησὶ,
2640 5625 2777 5700 πρὸς
2856 5624 3035 5695 αὐτὸν,
3070 5653 3094 5677 u
3182 5627 3246 5681 οὐ
3305 5629 3414 5700 μὴν
3467 5624 3805 5703 ἐδιδάχθην.

2132 5745 2162 5773 ι(
2193 5721 2417 5792 ’Ἕτερον
2452 5712 2508 5769 δὲ
2537 5717 2644 5768 τῶν
2679 5715 3003 5771 ἀποστόλων
3055 5716 3153 5770 οὐκ
3185 5713 3353 5775 εἶδον.
3390 5740 3417 5768 »ι
3448 5718 3511 5774 Ὁ
3545 5722 3623 5791 μή
3656 5713 3797 5773 ἰδών
