4098 6422
322 414 473 476 1101

309 565 453 617 τινα,
480 566 600 608 πως
637 547 699 601 ἄν
730 543 898 620 ἔμαθε
926 550 1058 624 παρ’
1088 546 1267 604 αὐτῶν
1305 569 1320 618 ;

309 636 536 711 Κυρίου.
574 660 603 690 ι)
651 637 768 695 Οὐκ
803 638 893 708 ἦν,
926 638 1054 695 ἀλλ’
1112 638 1423 712 ἐνομίζετο,
1472 637 1622 708 πλὴν
1677 637 1766 693 ἳνα
1806 633 1969 691 αὐτὸν

305 724 507 801 ἐπάρῃ,
538 723 793 802 ἀδελφὼν
826 726 990 783 καλεῖ
1017 733 1117 784 τοῦ
1148 729 1374 806 Κυρίου.

384 908 455 964 Ἀ
486 904 545 963 δὲ
572 907 763 986 γράφω
818 910 973 983 ὑμῖν,
1032 907 1152 967 ἰδοὺ
1220 909 1458 967 ἐνώπιον
1515 915 1613 966 τοῦ
1670 914 1825 980 Θεοῦ,
1885 907 1971 965 ὅτι

312 997 379 1053 οὐ
464 996 757 1073 ψεύδομαι.
821 1001 1048 1058 Ἔπειτα
1098 1000 1271 1070 ἦλθον
1332 1001 1406 1064 εἷς
1460 1002 1528 1056 τὰ
1582 1000 1824 1074 κλίματα
1867 1006 1970 1070 τῆς

315 1087 514 1162 Συρίας
580 1089 673 1145 καὶ
749 1097 852 1160 τῆς
900 1089 1181 1156 Κιλικίας.
1243 1093 1431 1166 Ἥμην
1489 1089 1548 1147 δὲ
1603 1090 1967 1166 ἂγνοοὺμενος

312 1181 394 1250 τῷ
451 1180 734 1253 προσώπῳ
791 1184 913 1243 ταῖς
973 1180 1325 1253 Ἑκκλησίαις
1381 1189 1483 1251 τῆς
1538 1180 1804 1244 Ἰουδαίας
1847 1185 1968 1241 ταῖς

314 1264 370 1321 ἐν
399 1267 637 1340 Χριστῷ.
673 1268 856 1324 Μόνον
916 1265 975 1324 δὶ
1029 1270 1318 1333 ἁκοόοντες
1376 1270 1538 1341 ἦσαν,
1597 1271 1682 1325 ὅτι
1740 1270 1803 1327 Ὀ
1835 1265 1970 1323 διώ-

310 1376 426 1410 κων
483 1357 632 1430 ἡμᾶς
690 1377 845 1430 ποτε,
913 1362 1003 1413 νῦν
1057 1358 1452 1435 εὐαγγελίζεται
1512 1361 1616 1429 τὴν
1682 1357 1865 1414 πίστιν
1897 1357 1966 1427 ἥν

311 1465 448 1500 ποσε
478 1444 720 1521 ἐπόρθει,
750 1448 840 1501 καὶ
871 1445 1123 1517 ἐδόξαζον
1159 1449 1250 1504 τὸν
1283 1449 1413 1504 Θεὸν
1444 1446 1500 1503 ἐν
1532 1447 1678 1522 έμοί.

384 1530 541 1609 Λέγω
581 1535 710 1609 ὑμῖν
762 1534 997 1592 ἐνώπιον
1053 1540 1150 1592 τοῦ
1180 1537 1383 1613 Κυρίου
1437 1536 1521 1593 ὅτι
1552 1536 1614 1593 οὐ
1673 1534 1966 1612 ψεύδομαι.

309 1623 484 1696 ’Ὁρᾷς
515 1628 632 1686 πῶς
663 1623 1052 1699 ἐπαγωνίζεται
1092 1626 1273 1699 τούτῳ
1321 1648 1400 1700 τῳ
1456 1626 1607 1700 λόγῳ
1642 1645 1656 1695 ;
1709 1624 1813 1682 Καὶ
1862 1625 1968 1701 γὰρ

310 1707 620 1767 ἐκινδύνευε
671 1714 746 1785 μή
809 1713 947 1768 εἶναι
1002 1714 1316 1784 ἀξιόπιστος
1374 1715 1510 1791 πρὸς
1568 1715 1631 1769 τὸ
1687 1716 1970 1791 κήρυγμα,

314 1799 391 1862 ὡς
423 1796 722 1876 ἅνθρώπων
753 1802 845 1858 καὶ
865 1801 926 1858 οὗ
956 1807 1055 1859 τοῦ
1093 1807 1332 1879 Χριστοῦ
1366 1805 1616 1877 μαθητὴς
1663 1802 1761 1859 ὥν.
1813 1826 1841 1857 ι(
1877 1803 1969 1865 Εἷς

310 1889 379 1944 τὰ
436 1888 681 1963 κλίματα
739 1899 839 1962 τῆς
897 1891 1119 1968 Συρίας.
1161 1918 1182 1944 ι
1238 1894 1389 1951 Μετὰ
1428 1894 1491 1948 τὸ
1548 1890 1683 1948 ἰδεῖν
1743 1893 1967 1967 Πέτρον,
2002 1924 2048 1990 Β

312 1976 483 2034 πάλιν
515 1980 698 2055 εἴχετο
726 1988 829 2051 τῆς
861 1982 1084 2058 πρὸςτὰ
1113 1979 1238 2054 ἔθνη
1271 1980 1423 2039 ὁδοῦ.
1486 1983 1629 2058 Πρὸς
1679 1983 1747 2037 τὰ
1805 1980 1968 2056 μέρη,

317 2068 477 2147 φησὶ,
533 2071 730 2145 Συρίας
782 2071 873 2127 καὶ
924 2062 1199 2136 Κῖλικίας·
1289 2072 1427 2149 πρὸς
1504 2072 1640 2128 αὐτᾶ
1698 2073 1802 2150 γὰρ
1861 2069 1963 2127 ἄπ-

316 2156 562 2216 έσταλτο,
597 2183 625 2211 ‹‹
657 2163 846 2232 ’Ήμην
879 2158 936 2216 δὲ
967 2159 1352 2238 ἅγνοούμενος.
1390 2187 1418 2214 ››
1450 2164 1746 2230 Τοσοῦτον,
1779 2162 1968 2240 φησὶν,

308 2248 412 2306 οὐκ
466 2249 698 2325 έκήρυξα
779 2258 897 2315 τοῖς
953 2250 1014 2307 ἐκ
1068 2260 1380 2328 περιτομῆς
1447 2254 1851 2321 πεπιστευκόσι,
1901 2253 1966 2308 τὸ

309 2335 423 2394 δεῖν
475 2340 818 2415 περίτέμνειν
875 2347 1057 2415 (τοῦτο
1117 2344 1225 2419 γὰρ
1282 2344 1334 2398 οἱ
1405 2338 1800 2407 διαϐάλλοντες
1856 2340 1971 2397 ἔλε-

310 2449 434 2503 γον,
495 2428 578 2483 ὅτι
635 2434 751 2492 τοῖς
811 2430 862 2501 ἐξ
920 2428 1206 2488 Ἰουδαίων
1264 2431 1601 2499 πιστεύουσι,
1658 2433 1967 2506 περιτομὴν

312 2517 620 2593 κηρύσσειν
678 2517 936 2575 τοσοῦτον
1000 2519 1117 2591 οὖν,
1176 2521 1367 2597 φησὶν,
1416 2521 1515 2576 οὐκ
1569 2521 1821 2596 έκήρυξα,
1883 2521 1968 2576 δτι

310 2606 404 2662 καὶ
428 2606 664 2682 ἠγνόουν
694 2629 800 2682 μου
831 2609 894 2664 τὸ
935 2610 1254 2685 πρόσωπον.
1290 2643 1358 2653 -
1388 2611 1455 2667 ’Ἡ
1505 2609 1699 2673 οὕτως.
1763 2611 1968 2685 [ΦΩΤ.]

313 2696 469 2770 Παρὰ
522 2696 732 2766 Ηέτρου
785 2697 888 2752 οὐκ
918 2694 1141 2771 ἔμαθον·
1193 2698 1359 2772 μόνον
1400 2695 1543 2753 εἶδον
1601 2697 1782 2754 αὐτόν.
1818 2696 1968 2771 Παρὰ

309 2778 580 2840 Ἰακώϐου
605 2784 705 2840 οὐκ
724 2781 945 2859 ἔμαθον·
965 2788 1216 2842 κάκεῖνον
1236 2788 1340 2863 γὰρ
1366 2788 1531 2861 μόνον
1558 2785 1723 2844 εἶδον.
1756 2785 1967 2844 ’ΛλΛον

307 2879 423 2930 τῶν
450 2876 777 2930 ἀποστοΑων
807 2876 906 2931 οὐκ
936 2875 1104 2934 εἶδον.
1135 2876 1315 2933 Ἀλλὰ
1346 2880 1422 2952 μὴ
1455 2877 1562 2934 ἀπό
1591 2898 1742 2939 τινος
1784 2876 1968 2952 ἐτέρου

309 2964 701 3040 ταπεινοτέρου
761 2969 850 3021 καὶ
908 2967 1016 3042 οὐχ
1072 2966 1246 3029 οὕτως
1303 2967 1574 3041 ἐπιςήμου
1619 2967 1966 3043 προσώπου;

312 3055 415 3109 Καὶ
476 3060 594 3119 πῶς
649 3059 812 3111 τοῦτο
871 3057 1059 3131 χώραν
1112 3050 1252 3131 ἔχει,
1323 3064 1479 3131 μθεῖν
1538 3058 1591 3128 ἐξ
1636 3058 1882 3125 ἐκείνων,
1913 3056 1969 3112 οἳ

309 3141 441 3199 οὖδὶ
470 3145 533 3200 τὸ
565 3144 859 3221 πρόσωπόν
896 3167 1002 3218 μου
1031 3147 1333 3221 ἑωράκασιν
1366 3165 1380 3217 ;
1435 3148 1838 3222 Ἀγνοούμενος
1864 3147 1966 3223 γὰρ

308 3232 466 3306 ἤμην
495 3237 573 3306 τῷ
628 3235 931 3310 προσώπῳ,
981 3241 1102 3298 ταῖς
1133 3235 1187 3290 έν
1229 3239 1446 3309 Χριστῷ
1477 3235 1828 3304 Ἐκκλησίαις
1858 3244 1959 3307 τῆς

306 3318 593 3385 Ἰουδαίας.
633 3324 703 3381 Οἱ
731 3324 837 3400 γὰρ
870 3323 1060 3380 λοιποὶ
1120 3322 1334 3381 ἐδέοντο
1393 3322 1772 3397 διδασκαλίας,
1831 3324 1961 3382 ἀλλ’

306 3412 413 3468 οὐκ
456 3410 759 3471 ἐδίδασκον.
811 3415 1047 3486 Οὐκοῦν,
1107 3417 1209 3472 οὑκ
1250 3418 1340 3472 ἀπ’
1392 3416 1677 3492 ἀνθρὼπου
1734 3414 1961 3491 ἔμαθον.

304 3526 334 3553 ‹‹
367 3503 500 3565 Ταῖς
534 3502 888 3572 Ἐκκλησίαις
919 3508 1020 3570 τῆς
1066 3503 1353 3568 Ἰουδαίας.
1386 3529 1414 3558 υ
1474 3511 1605 3568 Ταῖς
1663 3502 1803 3585 ἅμφὶ
1859 3507 1960 3577 τὴν

300 3591 502 3666 Συρίαν
535 3593 620 3647 καὶ
686 3590 940 3649 Κιλικίαν
1002 3591 1372 3667 διακειμέναις
1425 3594 1783 3666 Ἐκκλησίας,
1840 3602 1959 3658 ταῖς

300 3679 356 3751 ἐξ
389 3678 668 3736 Ἰουδαίων
703 3681 1120 3758 ἐπιστρεψάσαις
1152 3685 1287 3759 πρὸς
1344 3684 1440 3741 τὸν
1507 3683 1723 3760 Κύριον.
1781 3687 1962 3742 Τοῦτο

300 3768 411 3844 γὰρ
444 3767 614 3840 δηλοῖ
664 3772 747 3839 τὸ,
793 3795 821 3824 ‹‹
859 3772 945 3827 Ἐν
975 3774 1211 3844 Χριστῷ.
1246 3797 1274 3826 ››
1305 3806 1377 3815 -
1437 3799 1463 3825 (ι
1501 3773 1596 3829 Καὶ
1629 3771 1878 3844 ἐδόξαζον
1907 3772 1961 3828 ἐν

303 3857 434 3932 ἐμοὶ
466 3859 558 3915 τὸν
590 3859 743 3919 Θεόν.
777 3884 804 3913 ››
861 3861 973 3916 Οὐκ
1001 3861 1169 3930 εἶπεν,
1235 3862 1526 3936 Ἑπῄνουν,
1558 3862 1617 3932 ἢ,
1675 3861 1962 3934 Ἐδόξαζόν

310 3969 383 4022 με
411 3945 580 4017 ἅλλὰ,
640 3974 667 4002 ‹‹
700 3951 807 4006 Τὸν
849 3951 1002 4020 Θεὸν,
1059 3952 1247 4026 φησὶν,
1296 3949 1568 4022 ἐδόξαζον.
1602 3977 1631 4004 ››
1660 3952 1832 4010 ’Όλον
1862 3954 1964 4029 γάρ

303 4036 373 4093 τὸ
420 4038 539 4094 κατ’
584 4036 704 4112 ἐμὲ,
758 4038 916 4116 φησὶ,
948 4047 1046 4109 τῆς
1080 4040 1309 4119 χάριτος
1365 4047 1434 4110 ἦν
1464 4045 1562 4096 τοῦ
1620 4045 1777 4097 Θεοῦ.
1817 4064 1839 4094 ι
1872 4042 1962 4099 Ἐν

302 4123 456 4199 ἐμοὶ,
492 4149 521 4178 ιι
570 4126 838 4195 τουτέστι,
893 4129 972 4183 Δι’
1019 4128 1138 4201 ἐμέ.
1198 4154 1226 4181 ‹‹
1264 4127 1547 4203 Έδόξαζον
1596 4129 1652 4185 ἐν
1702 4129 1827 4204 ἐμοὶ
1869 4130 1962 4186 τὸν

324 4218 480 4292 Θεὸν,
514 4244 542 4271 ››
574 4218 705 4294 οὐχὶ
745 4221 838 4276 τὸν
871 4218 1042 4277 δεῖναι
1072 4221 1108 4291 ἢ
1139 4222 1231 4277 τὸν
1277 4218 1427 4277 δεῖνα
1457 4219 1806 4293 διδάσκαλον,
1835 4220 1964 4279 ἁλλ’

306 4305 472 4362 αὐτὸν
502 4308 596 4363 τὸν
628 4310 780 4365 Θεόν.
841 4309 1016 4372 Αὐτὸς
1072 4312 1141 4380 ἦν
1201 4312 1229 4366 ὁ
1275 4310 1633 4387 ἂτιοκαλύψας
1692 4311 1842 4385 ἐμοὶ,
1872 4315 1963 4369 καὶ

302 4395 526 4470 διδάξας
553 4399 616 4455 τὸ
638 4402 705 4471 κή
718 4420 925 4478 ρυγμα.

938 4494 1198 4549 ΚΕΦΑΛ.
1243 4493 1321 4549 Β“.

304 4576 440 4651 Περὶ
497 4585 596 4649 τῆς
649 4583 754 4635 τῶν
813 4578 1135 4656 ἃποστόλων
1182 4580 1674 4656 έπιμαρτυρήσεως
1728 4580 1805 4644 εἰς
1860 4581 1958 4650 τὴν

881 4652 935 4707 ὲν
977 4673 1155 4709 πιστει
1222 4652 1391 4723 ζωὴν.

378 4758 608 4815 Ἔπειτα
665 4756 755 4815 διὰ
824 4759 1227 4837 δεκατεσσάρων
1307 4759 1465 4832 ἐτῶν,
1534 4762 1701 4818 πάλιν
1760 4757 1957 4834 ἀνέϐην

303 4846 383 4911 εἰς
464 4848 822 4924 Ἰεροσόλυμα
909 4852 1044 4924 μετὰ
1166 4845 1433 4926 Βαρνάϐα,
1510 4847 1959 4928 συμπαραλαϐὼν

298 4935 395 4991 καὶ
457 4935 620 4993 Τίτον
664 4983 678 4998 .
752 4934 985 5011 Ἀνέϐην
1077 4939 1135 4995 δὲ
1220 4941 1358 4996 κατὰ
1421 4939 1768 5015 ἂποκάλυψιν
1802 4990 1819 5011 ,
1868 4943 1960 4998 καὶ

301 5027 574 5101 ἀνεθέμην
643 5028 830 5092 αὐτοῖς
885 5030 950 5086 τὸ
1009 5030 1346 5107 Εὑαγγέλιον
1398 5031 1715 5105 ’ὀκηρύσσω
1759 5033 1812 5087 ὲν
1843 5037 1959 5096 τοῖς

298 5112 526 5181 ἔθνεσι.
586 5121 720 5174 Κατ’
782 5116 918 5175 ἰδίαν
980 5117 1037 5175 δὲ
1081 5126 1197 5182 τοῖς
1256 5117 1516 5189 δοκοῦσι,
1582 5123 1657 5194 μή
1710 5143 1828 5186 πως
1882 5122 1959 5186 εἷς

299 5207 462 5263 κενὸν
515 5207 748 5284 τρέχων,
807 5208 842 5279 ἢ
900 5204 1158 5285 ἔδραμον.
1220 5210 1378 5267 Ἀλλ’
1437 5209 1562 5266 οὐδὲ
1604 5211 1764 5274 Τίτος
1803 5212 1832 5266 ὁ
1864 5213 1960 5269 σύν

303 5295 436 5370 ἐμοὶ
465 5294 681 5369 Ἕλλην
714 5295 814 5370 ὤν,
843 5299 1159 5376 ἠναγκάσθη
1188 5302 1617 5376 περιτμηθῆναι.

378 5478 494 5533 T03
556 5480 651 5553 μὲν
722 5479 786 5536 τὸ
843 5499 1061 5555 πρωτον
1112 5479 1378 5551 ἂνελθεῖν,
1439 5482 1641 5557 Πέτρον
1692 5482 1811 5537 εἶπε
1858 5485 1962 5553 τὴν

302 5565 509 5623 αἰτίαν·
540 5572 638 5623 τοῦ
670 5565 727 5624 δὲ
775 5570 839 5624 τὸ
898 5566 1171 5645 δεύτερον,
1203 5572 1304 5641 τήν
1346 5571 1714 5645 ἂποκάλυψιν.
1752 5595 1780 5625 «
1811 5571 1963 5629 Μετὰ

301 5651 561 5731 Βαρνάϐα
619 5653 1066 5734 συμπαραλαϐὼν
1122 5661 1211 5715 καὶ
1269 5660 1518 5718 Τίτον.»
1575 5660 1816 5723 Τούτους
1867 5658 1963 5717 ἐπ-

301 5741 471 5820 ήγετδ
505 5747 780 5821 μάρτυρας
810 5747 907 5801 τυῦ
940 5744 1082 5805 ἰδίου
1140 5747 1516 5825 κηρύγματος.
1579 5771 1600 5803 α
1636 5743 1867 5821 Ἀνέϐην
1906 5745 1963 5804 δὲ

1373 415 1793 479 COMMENT.
1842 412 1919 472 ιΝ
1963 408 2211 472 ΕΡΙΞΤ.
2246 412 2348 472 AD
2381 410 2656 475 GALA'I‘.

1388 571 1417 604 ι
1445 549 1551 604 Τὸν
1609 543 1841 603 ἀδελφὸν
1871 545 1964 598 τοῦ

2084 559 2206 600 non
2239 544 2432 602 vidi.»
2463 546 2571 611 Qui
2620 563 2739 603 non
2798 548 2944 603 vidit
2996 565 3383 623 quemquam,
3438 554 3738 625 quomodo

3583 423 3738 482 M02

2074 634 2148 690 ab
2186 635 2332 707 ipsis
2356 634 2718 693 didicisset?
2741 662 2767 689 ι(
2800 639 3066 695 Fratrem
3099 641 3353 698 Domini.
3388 662 3412 693 ιι
3450 645 3579 699 Non
3612 649 3741 700 erat

2076 723 2261 779 frater
2292 725 2551 791 Domini,
2587 726 2692 781 sed
2749 728 3089 799 putabatur,
3150 736 3412 787 attamen
3445 738 3509 787 ut
3540 733 3736 803 ipsum

2076 811 2397 881 attolleret,
2430 813 2679 869 fratrem
2710 816 2944 871 Domini
2976 823 3164 872 vocat.

2147 904 2193 971 Ι,
2223 906 2412 959 2α-24.
2484 924 2506 952 ι
2540 906 2726 962 Porro
2781 924 2913 977 quas
2960 907 3154 962 scribo
3186 908 3346 964 vobis
3379 925 3507 965 esse
3534 926 3736 967 coram

2081 1011 2107 1045 α
2142 993 2260 1047 Deo
2279 993 2436 1064 quod
2456 1010 2578 1050 non
2601 996 2877 1051 mentiar.
2935 996 3160 1052 Deinde
3212 998 3345 1053 veni
3368 999 3432 1053 in
3462 1000 3736 1072 regiones

2077 1104 2105 1132 «
2140 1082 2321 1154 Syriae
2341 1088 2402 1138 et
2415 1083 2660 1139 Cilicia).
2679 1085 2851 1140 Eram
2866 1091 3065 1141 autem
3079 1087 3319 1158 ignotus
3331 1088 3503 1159 juxta
3521 1088 3737 1146 faciem

2078 1192 2106 1223 «
2134 1172 2415 1228 Ecclesiis
2432 1172 2651 1229 ludat-a3
2673 1192 2805 1246 qum
2824 1182 2994 1231 erant
3019 1175 3081 1231 in
3098 1176 3352 1232 Christo.
3374 1177 3486 1233 Sed
3505 1184 3734 1234 tantum

2077 1284 2106 1313 «
2141 1262 2237 1317 hic
2259 1279 2467 1318 rumor
2482 1264 2637 1335 apud
2662 1264 2798 1321 illos
2813 1271 2968 1321 erat:
2995 1267 3103 1331 Qui
3124 1268 3600 1339 persequebatur
3629 1285 3738 1325 nos

2077 1373 2108 1405 κ
2148 1353 2492 1424 aliquando,
2519 1372 2679 1410 nunc
2703 1356 2989 1427 praedicat
3012 1356 3212 1427 ﬁdem,
3234 1375 3418 1428 quam
3433 1360 3737 1429 quondam

2079 1463 2108 1493 ‹‹
2141 1443 2518 1515 expugnabat
2544 1460 2557 1498 :
2589 1449 2649 1498 et
2677 1444 2740 1499 in
2764 1461 2858 1501 me
2887 1445 3522 1518 gloriﬁcabantDeum.
3560 1470 3589 1498 υ

2148 1532 2290 1587 Dico
2322 1532 2486 1588 vobis
2517 1550 2719 1589 coram
2751 1535 2869 1590 Deo
2893 1535 3053 1607 quod
3075 1553 3198 1591 non
3240 1536 3517 1592 mentiar.
3562 1537 3735 1593 Vides

2079 1626 2373 1692 quantum
2396 1639 2502 1692 pro
2533 1622 2646 1679 hoc
2704 1622 2970 1680 decertet
3023 1641 3299 1681 sermone
3324 1626 3352 1680 ?
3391 1625 3733 1682 Periculum

2080 1710 2240 1765 enim
2272 1716 2400 1766 erat
2428 1729 2503 1767 ne
2532 1713 2649 1767 fide
2680 1713 2894 1786 dignus
2920 1732 3041 1770 non
3072 1721 3230 1771 esset
3256 1715 3330 1771 ad
3362 1715 3737 1786 praedicatio-

2077 1817 2240 1865 nem,
2276 1801 2447 1873 quasi
2493 1803 2805 1859 hominum
2835 1809 2894 1859 et
2950 1821 3073 1860 non
3131 1805 3350 1860 Christi
3406 1804 3737 1877 discipulus

2078 1889 2310 1947 fuisset.
2345 1913 2372 1940 ‹‹
2418 1892 2481 1946 In
2512 1898 2712 1963 partes
2744 1893 2944 1963 Syria.
2983 1915 3011 1943 »
3058 1893 3165 1948 Ubi
3198 1895 3439 1950 Petrum
3467 1893 3732 1964 vidisset,

2080 1996 2322 2034 rursum
2350 1980 2426 2035 ad
2455 1987 2660 2053 gentes
2710 1982 3222 2053 proficiscebatur.
3264 1984 3353 2039 Ad
3383 1990 3604 2055 partes,
3638 1984 3734 2039 in—

2078 2068 2424 2139 quit,Syri£e
2447 2075 2505 2123 et
2521 2070 2772 2126 Ciliciaa:
2808 2087 2947 2126 nam
2967 2070 3042 2126 ad
3058 2072 3217 2143 ipsas
3263 2072 3480 2127 missus
3513 2072 3729 2128 fuerat.

2081 2157 2236 2213 724
2266 2180 2293 2208 ‹‹
2328 2159 2505 2214 Eram
2535 2165 2735 2214 autem
2767 2160 3023 2231 ignotus.
3060 2182 3088 2210 »
3120 2159 3304 2228 Adeo,
3338 2161 3555 2232 inquit,
3608 2178 3731 2217 non

2077 2249 2391 2319 prmdicavi
2422 2251 2515 2306 his
2563 2251 2663 2320 qui
2712 2251 2785 2310 de
2842 2252 3295 2308 circumcisione
3355 2253 3734 2308 crediderant

2078 2339 2236 2409 quod
2266 2346 2568 2411 oporteret
2599 2340 2946 2396 circumcidi
2976 2342 3139 2412 (nam
3181 2343 3291 2397 hoc
3321 2342 3602 2398 dicebant
3630 2358 3731 2398 ca-

2076 2426 2471 2484 lumniatores
2498 2428 2656 2500 quod
2687 2430 3070 2486 credentibus
3100 2448 3171 2486 ex
3199 2431 3415 2487 Iudaeis
3473 2432 3733 2488 circum-

2076 2517 2367 2574 cisionem
2394 2520 2793 2592 praedicaret,)
2825 2520 2975 2576 adeo
3013 2520 3197 2593 igitur
3229 2538 3351 2577 non
3393 2522 3732 2593 praadicavi,

2075 2606 2293 2677 inquit,
2318 2625 2453 2663 cum
2486 2618 2680 2680 neque
2711 2626 2806 2664 me
2856 2611 2926 2665 de
2984 2609 3133 2665 facie
3192 2616 3498 2667 noverant.
3525 2642 3597 2652 -—
3618 2612 3736 2668 Aut

2077 2695 2176 2751 hoc
2206 2697 2388 2753 modo.
2432 2700 2477 2752 A
2509 2700 2682 2754 Petro
2711 2715 2831 2754 non
2885 2698 3087 2769 didici,
3124 2699 3228 2754 sed
3258 2700 3452 2771 ipsum
3499 2705 3732 2756 tantum

2076 2786 2232 2852 vidi;
2266 2803 2302 2841 a
2326 2786 2541 2843 Jacobo
2579 2804 2701 2842 non
2730 2787 2932 2852 didici,
2992 2805 3134 2845 nam
3174 2794 3233 2844 et
3279 2790 3477 2861 ipsum
3536 2790 3732 2847 solum

2076 2875 2214 2939 vidi.
2250 2876 2448 2931 Alium
2480 2894 2550 2931 ex
2582 2877 2887 2948 apostolis,
2922 2894 2997 2933 ne
3028 2877 3145 2933 vidi
3176 2878 3439 2949 quidem.
3481 2881 3558 2933 At
3584 2895 3730 2934 num

2076 2965 2149 3020 ab
2182 2965 2298 3021 alio
2330 2966 2531 3037 aliquo
2565 2966 2883 3022 humiliore
2911 2972 2971 3022 et
3023 2984 3145 3022 non
3203 2966 3350 3022 adeo
3411 2968 3627 3038 insigni
3659 2984 3732 3024 ex

2076 3070 2347 3125 persona)
2377 3054 2665 3127 aspectu?
2687 3056 2756 3108 Et
2784 3055 3083 3125 quomodo
3114 3056 3225 3110 hoc
3256 3054 3452 3111 locum
3487 3056 3734 3112 haberet

2075 3148 2142 3197 ut
2168 3142 2240 3197 ab
2273 3142 2408 3198 aliis
2438 3143 2802 3211 didicissem,
2838 3144 2937 3214 qui
2971 3161 3165 3215 neque
3200 3162 3392 3200 meam
3416 3145 3629 3201 faciem
3654 3147 3733 3201 vi-

2076 3231 2333 3287 derant?
2379 3233 2524 3286 Nam
2570 3232 2807 3303 ignotus
2831 3249 2992 3288 eram
3008 3234 3181 3305 juxta
3209 3233 3423 3290 faciem
3450 3234 3730 3292 Ecclesiis

2070 3323 2287 3379 Judmaa
2320 3340 2453 3394 quas
2485 3330 2657 3379 erant
2685 3324 2745 3379 in
2776 3326 3008 3380 Christo
3034 3327 3266 3381 :caeteri
3292 3343 3425 3382 vero
3457 3325 3731 3384 doctrina

2070 3414 2343 3485 egebant,
2369 3430 2490 3468 non
2522 3413 2838 3469 docebant.
2878 3416 3268 3487 Nequaquam
3318 3416 3496 3487 igitur
3526 3416 3598 3472 ab
3629 3416 3729 3472 ho-

2069 3502 2232 3558 mine
2255 3502 2457 3558 didici.
2482 3524 2510 3552 ››
2542 3502 2821 3559 Ecclesiis
2838 3504 3074 3559 Judreaa.
3102 3527 3129 3554 ››
3155 3506 3294 3570 Qua)
3317 3506 3475 3562 circa
3498 3507 3728 3577 Syriam

2070 3597 2130 3647 et
2155 3592 2423 3649 Ciliciam
2453 3592 2581 3646 sitae
2606 3598 2775 3648 erant
2799 3595 3309 3667 congregatioues,
3355 3612 3488 3666 quae
3520 3612 3592 3650 ex
3627 3597 3731 3652 .lu-

2069 3680 2212 3736 dmis
2243 3698 2541 3737 conversas
2565 3688 2739 3737 erant
2787 3682 2859 3738 ad
2892 3683 3225 3749 Dominum,
3288 3685 3399 3740 hoc
3428 3689 3519 3740 est
3564 3685 3726 3741 enim

2068 3771 2228 3842 quod
2259 3771 2420 3826 addit
2453 3789 2464 3826 :
2512 3792 2539 3821 «
2570 3772 2709 3836 Quae
2767 3773 3025 3828 erantin
3058 3773 3310 3829 Christo.
3344 3796 3372 3823 ››
3405 3805 3470 3815 --
3493 3797 3521 3824 ‹‹
3563 3775 3633 3829 Et
3662 3774 3726 3830 in

2068 3877 2163 3915 me
2193 3859 2607 3932 gloriﬁcabant
2636 3860 2841 3917 Deum.
2876 3893 2899 3916 ιι
2958 3863 3083 3917 Non
3135 3861 3300 3933 dixit,
3358 3862 3721 3934 Laudabant,

2068 3955 2188 4018 aut,
2215 3949 2640 4005 Gloriﬁcabant
2668 3968 2798 4020 me;
2856 3951 2981 4014 sed,
3024 3976 3050 4002 ‹‹
3083 3952 3292 4022 Deum,
3348 3952 3564 4023 inquit,
3596 3953 3722 4023 glo-

2069 4040 2365 4108 ﬁcabant;
2402 4062 2429 4091 »
2464 4041 2754 4113 quidquid
2787 4042 2946 4097 enim
2977 4042 3038 4096 in
3061 4058 3156 4097 me
3182 4042 3486 4111 agebatur,
3518 4043 3723 4115 gratia:

2070 4130 2173 4186 Dei
2205 4135 2348 4186 erat.
2390 4151 2411 4178 ε
2448 4132 2511 4185 ln
2538 4148 2654 4200 me,
2693 4154 2720 4180 »
2753 4131 2866 4187 hoc
2899 4137 3006 4187 est.
3040 4137 3285 4203 propter
3320 4149 3436 4188 me.
3472 4156 3497 4182 α
3533 4131 3728 4187 Glori-

2070 4220 2411 4276 ﬁcabantin
2442 4236 2537 4275 me
2573 4222 2780 4287 Deum,
2811 4238 2935 4277 non
2994 4221 3151 4277 hunc
3209 4228 3314 4278 aut
3371 4222 3543 4277 illum
3575 4239 3730 4294 prai-

2071 4314 2394 4381 ceptorem,
2429 4309 2535 4365 sed
2577 4309 2776 4381 ipsum
2800 4311 3009 4366 Deum.
3056 4310 3361 4383 Siquidem
3409 4312 3536 4384 ipse
3584 4311 3733 4367 mihi

2070 4398 2457 4466 revelaverat,
2484 4415 2701 4470 meque
2731 4398 3020 4456 docuerat
3045 4400 3554 4471 praedicationem.

2724 4500 2956 4555 CAPUT
3008 4500 3081 4553 ΙΙ.

2075 4586 2146 4640 De
2160 4586 2531 4655 productione
2590 4587 2964 4657 apostolorum
2994 4590 3050 4643 in
3078 4594 3232 4645 testes
3280 4605 3390 4659 pro
3448 4590 3563 4645 vita
3614 4605 3738 4658 qua

2697 4665 2775 4712 est
2796 4675 2903 4727 per
2926 4659 3110 4729 ﬁdem.

2144 4763 2218 4830 II,
2246 4763 2355 4819 l-3.
2379 4762 2649 4818 «Deinde
2668 4769 3006 4834 postannos
3026 4766 3477 4836 quatuordecim
3492 4782 3732 4822 rursum

2071 4878 2099 4905 ‹‹
2123 4853 2366 4910 ascendi
2384 4853 2857 4925 Hierosolymam
2871 4872 3006 4910 cum
3024 4855 3311 4921 Barnaba,
3334 4860 3640 4927 assumpto
3660 4856 3734 4910 si-

2073 4968 2099 4997 ιι
2126 4943 2250 5000 mul
2274 4947 2332 4998 et
2354 4942 2501 4997 Tito.
2522 4943 2778 4998 Ascendi
2801 4949 3001 5000 autem
3010 4944 3185 5016 juxta
3204 4944 3654 5009 revelationem,
3673 4951 3733 5001 et

2072 5058 2099 5086 ‹‹
2120 5032 2343 5090 contuli
2364 5049 2499 5089 cum
2524 5032 2645 5087 illis
2670 5033 3059 5107 Evangelium
3097 5035 3256 5106 quod
3296 5034 3553 5106 praedico
3574 5035 3735 5091 inter

2072 5127 2351 5196 «gentes,
2385 5121 2491 5177 sed
2538 5122 2814 5193 privatim
2850 5140 2986 5179 cum
3012 5125 3087 5179 iis
3112 5125 3213 5195 qui
3228 5124 3474 5180 erantin
3496 5125 3689 5196 pretio
3719 5141 3735 5179 :

2073 5237 2100 5265 ι(
2133 5229 2279 5268 num
2304 5211 2600 5282 quomodo
2632 5213 2696 5266 in
2727 5229 2942 5269 vanum
2976 5230 3280 5270 currerem
3311 5219 3415 5269 aut
3462 5215 3735 5270 cucurri-

2073 5325 2101 5353 ‹‹
2134 5318 2280 5358 sem.
2309 5299 2423 5355 Sed
2444 5316 2639 5371 neque
2666 5302 2831 5357 Titus
2852 5304 2956 5374 qui
2985 5319 3221 5359 mecum
3252 5308 3398 5373 erat,
3420 5320 3557 5360 cum
3579 5309 3738 5360 esset

2072 5416 2099 5444 ιι
2127 5393 2388 5458 Graecus,
2420 5391 2767 5461 compulsus
2797 5392 2910 5447 fuit
2938 5392 3307 5448 circumcidi.

2149 5480 2298 5538 725
2345 5478 2512 5543 Quod
2539 5480 2803 5551 primum
2833 5480 3077 5551 quidem
3110 5481 3469 5547 ascenderit,
3497 5483 3737 5537 Petrum

2072 5571 2136 5625 in
2158 5585 2402 5626 causam
2415 5567 2601 5624 fuisse
2617 5569 2793 5625 dixit:
2822 5570 2983 5642 quod
3003 5577 3206 5627 autem
3220 5570 3504 5636 secundo,
3519 5569 3738 5625 revela-

2076 5661 2323 5716 tionem.
2351 5682 2378 5709 ‹‹
2411 5659 2555 5714 Cum
2597 5659 2866 5717 Barnaba
2890 5666 3198 5733 assumpto
3231 5660 3408 5715 simul
3441 5664 3499 5714 et
3526 5658 3673 5714 Tito.
3706 5680 3736 5709 »

2075 5751 2188 5806 Hos
2214 5764 2414 5804 secum
2437 5747 2687 5805 ducebat
2705 5755 2890 5805 testes
2915 5767 3036 5806 suae
3068 5749 3531 5822 praedicationis.
3567 5770 3595 5797 «
3627 5750 3734 5815 Asc
