4098 6390
395 387 551 450 1103

1518 381 1948 445 mCUMl'INII
1992 380 2301 442 TRlCCzE
2346 384 2702 446 EPISCOPI

3660 386 3812 449 1104

397 521 569 579 cendi
604 526 800 577 autem
822 520 993 592 juxta
1039 517 1484 574 revelationem.
1540 538 1568 565 ››
1613 516 1683 571 Et
1731 531 1913 588 quare
1964 514 2039 571 ab

2156 517 2291 569 κατὰ
2323 513 2752 591 ἀποκάλυψιν.»
2788 517 2892 574 Καὶ
2945 515 3088 580 τίνος
3140 514 3320 573 ῐνεκεν
3384 519 3460 591 μὴ
3516 518 3664 593 παρά
3716 518 3820 587 τὴν

395 610 568 666 initio
599 624 733 664 cum
766 609 912 679 ipsis
941 623 1063 663 non
1094 606 1368 672 contulit,
1393 604 1498 661 sed
1529 610 1663 677 post
1693 610 1773 660 tot
1804 603 2045 660 annos?

397 697 690 765 Quoniam
722 697 895 753 multi
923 697 1190 752 videntes
1250 698 1489 750 Petrum
1521 710 1587 750 ac
1637 700 1884 749 caeteros
1943 693 2044 766 qui

396 804 529 844 cum
562 804 631 843 eo
691 792 861 843 erant
903 786 1205 859 apostolos
1260 785 1676 857 permittentes
1731 784 2044 839 circumci-

396 879 649 943 sionem,
678 878 930 932 Paulum
962 892 1098 930 vero
1127 892 1247 930 non
1279 874 1747 945 permittentem,
1781 872 2048 928 offende-

392 968 614 1024 bantur
643 969 813 1039 quasi
847 967 1145 1022 dissidens
1177 971 1335 1021 esset
1364 964 1726 1036 prcedicatio.
1754 962 2048 1018 Revelavit

392 1058 574 1129 igitur
603 1056 858 1128 Spiritus
894 1061 1155 1121 sanctus,
1190 1060 1254 1109 ut
1299 1053 1654 1109 ascenderet
1709 1052 2045 1122 Hierosoly~

394 1162 578 1215 mam,
612 1162 729 1218 quo
788 1145 1294 1218 persuaderentur
1332 1143 1372 1197 ii
1407 1143 1508 1215 qui
1566 1142 2045 1209 ol'fendebantur,

397 1235 627 1291 nullam
648 1235 891 1291 omnino
914 1250 1041 1290 esse
1057 1235 1120 1289 in
1142 1232 1565 1305 praedicatione
1587 1231 2043 1299 dissonantiam,

398 1325 502 1381 sed
534 1326 720 1397 magis
751 1324 1195 1395 dispensatione
1217 1323 1471 1394 quadam
1500 1322 1762 1393 permitti
1794 1322 2047 1377 circum-

396 1415 705 1469 cisionem.
744 1434 765 1461 ι
798 1415 867 1467 Et
888 1414 1111 1469 contuli
1138 1430 1269 1470 cum
1293 1413 1579 1485 apostolis
1602 1411 2038 1484 Evangelium.»

394 1504 514 1559 Hoc
537 1510 647 1571 est,
681 1504 1138 1571 communicavi,
1172 1504 1397 1575 sumpsi
1424 1520 1559 1558 cum
1583 1503 1668 1559 eis
1700 1502 2041 1558 consilium.

394 1615 424 1645 ‹‹
456 1594 623 1659 Quod
652 1594 933 1666 praedico,
970 1617 997 1643 ››
1031 1594 1163 1649 sine
1194 1594 1669 1650 circumcisione.
1707 1614 1731 1644 ιι
1776 1592 1889 1648 Sed
1919 1592 2042 1663 pri-

393 1684 595 1738 vatim.
631 1705 658 1733 »
692 1684 985 1749 Quoniam
1016 1684 1077 1737 hi
1135 1684 1237 1753 qui
1271 1700 1341 1738 ex
1396 1682 1615 1737 Judmis
1666 1682 2044 1737 crediderant

395 1770 1304 1842 Hierosolymis,oﬁ‘endebantur
1318 1771 1366 1825 si
1379 1771 1513 1841 quis
1525 1770 2043 1825 circumcisionem

2151 603 2331 681 ἀρχὴν
2386 603 2603 660 ἀνέθετο
2663 603 2873 675 αὐτοῖς,
2931 603 3080 661 ἀλλὰ
3142 608 3278 680 μετά
3346 611 3583 662 τοσαῦτα
3666 604 3812 677 ἔτης

2151 690 2374 762 Ἐπειδὴ
2403 691 2613 750 πολλοὶ
2645 694 2873 770 ὁρῶντες
2932 696 3060 756 τοὺς
3114 696 3253 775 ἀμφὶ
3312 695 3514 771 Πέτρον
3582 717 3814 774 συγχω-

2152 787 2379 857 ροῦντας
2411 786 2742 859 περιτομὴν,
2772 784 2864 840 τὸν
2898 783 2955 840 δὲ
3004 785 3220 840 Παῦλον
3286 786 3363 859 μή
3415 788 3809 861 συγχωροῦντα

2152 871 2604 943 ἐσκανδαλίζοπο
2671 873 2747 936 ὠς
2802 864 3114 954 διαφωνίας
3170 875 3340 944 οὕσης
3408 872 3461 929 ἐν
3506 879 3587 946 τῷ
3643 873 3814 949 κηρύσ-

2152 982 2343 1037 γματι,
2373 967 2436 1018 τὸ
2468 966 2689 1037 Πνεῦμα
2716 964 2778 1019 τὸ
2810 964 2960 1039 ἅγιον
3019 963 3365 1036 ἀπεκάλυψεν
3421 963 3571 1036 αὐτῷ
3622 964 3724 1032 την
3757 965 3809 1019 έν

2154 1050 2526 1127 Ἰερουσαλὴμ
2571 1049 2790 1123 ἄνοδον,
2847 1050 2938 1108 ἵνα
2988 1058 3279 1117 πεισθῶσιν
3339 1055 3392 1108 οἱ
3452 1050 3810 1123 σκανδαλιζό-

2156 1159 2332 1213 μενοι,
2367 1142 2453 1196 ὅτι
2485 1138 2753 1220 διαφωνία
2788 1142 2882 1214 μὶν
2912 1140 3143 1216 οὐδεμία
3166 1141 3218 1197 έν
3250 1147 3329 1214 τῷ
3360 1142 3703 1217 κηρύγματι,
3736 1143 3815 1197 οἱ·

2148 1228 2388 1301 κονομία
2414 1227 2473 1285 δέ
2507 1229 2722 1301 μᾶλλον
2744 1235 2841 1286 τοῦ
2872 1232 3275 1307 συγχωρεῖσθαι
3299 1234 3630 1307 περιτομήν.
3656 1255 3683 1282 ι(
3709 1230 3815 1286 Καὶ

2151 1318 2425 1393 ἀνεθέμην
2454 1325 2571 1381 τοῖς
2605 1318 2940 1384 ἀποστόλοις
2958 1321 3022 1375 τὸ
3052 1318 3390 1396 Εὐαγγέλον.
3416 1346 3444 1373 ››
3468 1320 3602 1378 Οἶον
3634 1321 3813 1377 Ἐκοι-

2149 1412 2438 1484 νωσάμην,
2472 1407 2888 1470 συνεϐούλευσα.
2925 1436 2953 1466 ι(
2976 1415 3044 1470 Ὅ
3073 1413 3354 1487 κηρύσσω.
3392 1438 3419 1465 ι)
3482 1413 3622 1487 Δίχα
3656 1434 3817 1487 περι-

2145 1510 2347 1575 τομῆς.
2381 1528 2408 1555 ι(
2432 1505 2560 1560 Κατ’
2595 1500 2734 1558 ἰδίαν
2765 1501 2843 1562 δέ.
2880 1527 2907 1555 ››
2951 1501 3176 1571 Ἐπειδὴ
3218 1505 3272 1559 οἱ
3386 1501 3665 1562 Ἰουδαίων
3718 1523 3814 1558 πι-

2153 1590 2469 1654 στεύσαντες
2516 1590 2568 1647 έν
2631 1591 2995 1667 Ἰερουσαλὴμ
3053 1590 3506 1662 ἐσκανδαλίζοντο
3542 1637 3556 1663 ,
3616 1591 3669 1648 εἷ’
3721 1612 3814 1655 τις

2150 1684 2455 1755 περιτομήν
2493 1680 2720 1750 κωλύει,
2750 1683 2813 1737 τὸ
2846 1680 2906 1737 δὲ
2934 1687 3031 1737 τοῦ
3063 1681 3286 1739 Παύλου
3316 1685 3581 1759 κήρυγμα
3608 1682 3802 1755 ἀνῄρει

2148 1776 2339 1846 αὐτὴν,
2363 1778 2513 1841 ὅπως
2537 1778 2734 1843 αὐτοὺς
2757 1778 3221 1843 ἄσκανδαλίστους
3241 1783 3483 1855 τηρήσῃ,
3518 1786 3638 1835 κατ’
3663 1778 3812 1835 ἰδίαν

396 1859 763 1931 prohiberet,
789 1860 953 1915 Pauli
974 1866 1171 1915 autem
1190 1859 1735 1930 prmdicatioipsam
1766 1858 2041 1913 tollebat:

2154 1867 2348 1954 0:751:01:
2378 1868 2592 1923 ἀνέθετο
2623 1870 2685 1925 τὸ
2730 1873 3012 1948 κήρυγμα.
3047 1904 3116 1913 —
3149 1873 3317 1945 [ΦΩΤ
3347 1873 3363 1943 ]
3424 1871 3523 1925 Διά
3575 1871 3629 1924 τί
3686 1871 3812 1925 κατ’

397 1955 465 2004 ιιι
493 1950 654 2021 ipsos
681 1949 903 2021 absque
937 1948 1294 2005 oﬂ'endiculo
1319 1948 1878 2019 servaret,privatim
1909 1964 2045 2003 cum

399 2039 485 2094 eis
514 2039 769 2094 contulit
818 2038 1323 2111 praedicationem.
1365 2040 1433 2093 Et
1481 2036 1873 2108 quamobrem
1922 2037 2046 2108 pri-

396 2128 578 2184 vatim
600 2129 626 2184 ?
646 2129 727 2183 Ne
749 2145 855 2200 per
879 2127 990 2184 hoc
1015 2128 1174 2199 quod
1197 2127 1363 2198 prius
1386 2129 1587 2182 omnia
1617 2127 2046 2182 concessissem

397 2217 763 2274 offenderem
795 2234 895 2273 eos
927 2218 1027 2289 qui
1060 2234 1252 2289 nuper
1282 2234 1352 2272 ex
1385 2218 1839 2272 circumcisione
1871 2216 1945 2271 ad
1977 2216 2047 2270 ﬂ-

396 2308 532 2365 dem
559 2315 927 2378 venerant,et
954 2309 1254 2364 efﬁcerem
1276 2315 1397 2363 uta
1415 2308 1628 2365 Christi
1660 2307 1776 2363 ﬁde
1802 2307 2045 2362 omnino

397 2397 1238 2469 discederent,perderemque
1252 2413 1489 2452 cursum
1503 2413 1704 2452 meum
1721 2413 1735 2462 ;
1751 2414 1817 2452 ac
1830 2412 2044 2451 vanum

398 2498 738 2552 efficeretur
765 2502 1066 2551 certamen
1099 2501 1158 2550 et
1187 2495 1448 2550 studium
1475 2511 1695 2550 meum.
1730 2497 1874 2550 Nam
1906 2510 2048 2565 quo-

401 2585 579 2641 modo
610 2601 730 2640 non
762 2590 919 2639 esset
950 2585 1060 2639 hoc
1092 2585 1151 2637 in
1183 2600 1395 2639 vanum
1428 2600 1666 2639 currere
1697 2588 1800 2639 aut
1838 2599 2047 2637 cucur-

401 2676 631 2743 risse,si
662 2673 956 2730 currendo
990 2680 1051 2729 ut
1081 2672 1272 2728 salvos
1297 2673 1835 2743 facerem,rursum
1867 2688 2049 2743 quos-

402 2765 537 2821 dam
566 2765 886 2820 temeraria
916 2763 1273 2819 certitudine
1331 2764 1643 2834 perderem
1664 2763 1691 2818 ἱ)
1742 2762 2048 2829 Quomodo

402 2856 583 2929 igitur
611 2871 770 2910 nunc
801 2854 979 2909 etiam
1013 2853 1249 2924 publice
1276 2853 1514 2926 arguit?
1542 2853 1833 2917 Quoniam
1867 2852 2050 2923 magis

401 2951 741 3018 promotum
776 2950 918 3011 erat,
977 2950 1035 3000 et
1063 2944 1163 3014 qui
1222 2942 1498 2997 nonnulli
1540 2942 2049 3015 dispensationem

401 3035 703 3090 audebant
723 3034 917 3089 facere
942 3033 1297 3105 dogmaAut
1329 3030 1487 3102 quod
1521 3031 1602 3086 ait
1635 3031 1711 3102 μή
1742 3051 1862 3091 πως
1883 3032 2048 3104 (num

400 3123 942 3195 quomodo),potest
969 3137 1075 3193 per
1100 3121 1622 3192 interrogationem
1650 3120 1873 3175 dictum
1899 3137 2047 3189 esse,

400 3218 687 3284 tanquam
709 3212 895 3281 magis
920 3210 1395 3266 confirmativum
1419 3210 1575 3282 quod
1600 3227 1718 3265 non
1741 3210 1802 3265 in
1826 3226 2047 3267 vanum

2157 1953 2481 2025 ἷδίαν;”Ινα
2517 1960 2592 2031 μή
2655 1956 2957 2034 ἔμπροσθεν
3010 1960 3227 2015 πάντων
3284 1960 3521 2030 ἀναθεὶς,
3582 1956 3814 2014 σκανδαο

2156 2042 2298 2100 λίσω
2327 2052 2616 2125 νεοπαγεῖς
2658 2046 2816 2111 ὄντας
2868 2049 2994 2105 τότε
3048 2049 3176 2110 τοὺς
3243 2048 3302 2104 ἐκ
3365 2051 3688 2123 περιτομῆς,
3721 2048 3815 2104 καὶ

2157 2137 2458 2205 ἀποστῆναι
2498 2136 2691 2199 αὐτοὺς
2756 2140 3150 2213 παρασκευάσω
3204 2136 3396 2195 διόλου
3450 2146 3551 2209 τῆς
3579 2139 3817 2199 πίστεως

2152 2228 2251 2279 τοῦ
2283 2227 2547 2300 Χριστοῦ,
2578 2227 2666 2282 καὶ
2699 2226 2957 2283 ἀπολέσω
2987 2228 3082 2283 τὸν
3130 2226 3334 2301 δρόμον
3372 2249 3496 2301 μου,
3540 2227 3632 2283 καὶ
3662 2226 3817 2290 κενὸς

2157 2309 2350 2389 δειχθῇ
2382 2315 2411 2369 ὁ
2443 2316 2586 2391 ἀγών
2622 2337 2728 2389 μου
2777 2317 2868 2372 καὶ
2896 2320 2930 2387 ἡ
2965 2315 3177 2388 σπουδή
3214 2339 3340 2392 μου.
3404 2320 3527 2379 Ιίῶς
3561 2317 3665 2394 γὰρ
3713 2317 3818 2372 οὐκ

2155 2400 2268 2458 ἔστι
2325 2405 2476 2459 κενὸν
2528 2404 2743 2481 τρέχειν
2801 2407 2891 2461 καὶ
2948 2403 3374 2481 δεδραμηκέναι,
3433 2407 3562 2462 ὅταν
3594 2405 3811 2481 τρέχων

2148 2490 2241 2547 ’ίνα
2301 2494 2484 2563 σώσω,
2567 2494 2783 2569 ἑτέρους
2867 2495 3034 2551 πάλιν
3114 2495 3203 2551 διά
3260 2503 3358 2565 τῆς
3418 2496 3815 2572 ἑπερισκέπτου

2156 2578 2435 2657 ἀκριϐείας
2481 2582 2802 2652 ἀπολλύω;
2880 2590 3003 2648 Πῶς
3065 2587 3159 2641 οῦν
3217 2589 3308 2640 νῦν
3349 2629 3363 2653 ,
3422 2586 3513 2641 καὶ
3572 2584 3817 2660 δημοσίᾳ

2157 2670 2380 2748 ἐλέγχει
2415 2691 2429 2741 ;
2464 2674 2549 2728 ὅτι
2579 2677 2833 2747 προκοπὴ
2867 2678 2957 2744 ἦν,
3016 2675 3108 2730 καὶ
3166 2677 3255 2731 ὅτι
3313 2675 3401 2731 καὶ
3433 2672 3618 2753 δόγμα
3668 2677 3814 2738 τινὲς

2154 2762 2254 2830 τὴν
2285 2761 2603 2834 οἰκονομίαν
2634 2764 2886 2837 ἐτόλμων
2918 2771 3115 2820 ποιεῖν.
3160 2772 3227 2821 Ἥ
3258 2766 3343 2832 τὸ,
3408 2768 3483 2839 μὴ
3544 2786 3680 2836 πως,
3718 2763 3815 2820 δύ-

2156 2868 2307 2901 ναται
2344 2848 2435 2903 καὶ
2461 2849 2580 2903 κατ’
2611 2850 2879 2920 έρώτησιν
2945 2851 3216 2924 εἰρῆσθαι,
3250 2853 3326 2914 ὡς
3359 2846 3811 2907 διαϐεϐαιωτικόν

2158 2936 2216 2991 ’ὸν
2249 2940 2365 3007 τοῦ,
2391 2936 2475 2991 ὅτι
2498 2936 2597 2993 οὐκ
2619 2938 2695 2999 εἷς
2727 2940 2879 2994 κενὸν
2911 2939 3096 3018 τρέχω
3126 2942 3161 3011 ἤ
3197 2938 3617 3015 ἔδραμον,ἀλλά
3634 2941 3805 2995 πάντα

2159 3023 2250 3080 σὺν
2278 3025 2546 3105 ἀσφαλείᾳ
2577 3024 2842 3102 ἔπραττον
2873 3029 2964 3084 καὶ
2996 3030 3247 3104 προνοίᾳ.
3286 3056 3312 3083 ‹‹
3345 3034 3472 3092 Τοῖς
3506 3027 3741 3086 δοκοῦσι.
3778 3053 3807 3081 ιι

2159 3116 2259 3187 Τὸ,
2295 3140 2315 3169 ι
2351 3119 2484 3179 Τοῖς
2518 3114 2792 3192 δοκοῦσιν,
2829 3142 2857 3171 ››
2889 3119 2989 3174 οὐκ
3038 3120 3387 3195 ἀναιροῦντός
3419 3118 3532 3175 ἐστι
3584 3121 3645 3175 τὸ
3677 3119 3814 3174 εἶναι

2158 3209 2285 3271 τοὺς
2330 3209 2452 3282 περὶ
2519 3209 2721 3284 ΙΙέτρον
2796 3208 3093 3286 μεγάλους,
3146 3209 3270 3265 ἀλλ’
3305 3210 3380 3273 ὡς
3438 3209 3498 3266 ἄν
3530 3233 3613 3272 τις
3645 3208 3810 3280 ε’ἷποι,

400 3319 658 3370 curram,
691 3302 907 3373 inquit,
960 3308 1061 3357 aut
1119 3301 1453 3366 currebam,
1487 3302 1591 3356 sed
1650 3303 1855 3358 omnia
1910 3319 2044 3358 cum

2271 3267 2281 3271 ν
2404 3267 2413 3282 .
2628 3267 2637 3284 .
2796 3267 2807 3282 .
2880 3267 2890 3286 .
3059 3267 3093 3280 -ι
3367 3267 3378 3273 -
3601 3267 3612 3272 -
3794 3267 3809 3280 ,

2158 3303 2275 3360 τοῖς
2310 3296 2431 3352 οῦσι
2489 3298 2566 3366 τί,
2624 3303 2741 3361 τοῖς
2810 3299 3145 3378 κερυφαίοις.
3184 3323 3211 3351 ι(
3248 3301 3339 3370 Μή
3373 3320 3491 3362 πως
3523 3299 3599 3362 εἰς
3659 3300 3813 3355 κενὸν

400 3392 684 3447 ﬁrmitate
714 3407 783 3446 ac
813 3391 1183 3461 providentia
1213 3390 1519 3462 Operabar.
1555 3412 1582 3441 ‹‹
1645 3391 1792 3446 Cum
1826 3391 1898 3447 iis
1945 3392 2045 3463 qui

402 3486 573 3536 erant
601 3481 662 3535 in
694 3481 904 3552 pretio.
940 3502 968 3531 ››
1022 3480 1186 3544 Quod
1231 3480 1335 3549 ait,
1371 3502 1399 3530 «
1450 3480 1557 3545 Qui
1591 3486 1762 3536 erant
1810 3481 1871 3535 in
1918 3498 2046 3552 pre-

400 3570 508 3638 tio,
548 3591 575 3621 ››
610 3586 730 3625 non
763 3575 852 3625 est
877 3569 1136 3625 tollentis
1167 3576 1268 3624 aut
1298 3570 1569 3640 negantis
1600 3571 1838 3625 Petrum
1870 3575 2045 3625 caete-

398 3666 618 3729 rosque
648 3676 784 3715 cum
817 3676 885 3714 eo
917 3659 1214 3730 apostolos
1241 3675 1486 3731 magnos
1526 3660 1708 3714 fuisse
1735 3675 1747 3725 ;
1796 3659 1901 3714 sed
1959 3665 2049 3715 est

398 3749 580 3805 veluti
608 3749 655 3804 si
679 3749 812 3820 quis
830 3748 1022 3804 dicat:
1046 3749 1153 3815 Qui
1177 3749 1405 3819 aliquid
1427 3754 1617 3819 erant,
1641 3765 1857 3821 nempe
1879 3766 2044 3821 cory-

397 3840 610 3913 phaaim
634 3842 782 3896 Num
803 3840 1100 3912 quomodo
1124 3840 1185 3894 in
1206 3856 1422 3894 vanum
1449 3856 1808 3896 currerem.»
1830 3842 1957 3895 Non
1982 3845 2049 3895 ut

394 3929 685 3986 discerem
709 3947 853 3986 num
873 3930 1171 4001 quomodo
1191 3930 1250 3984 in
1267 3946 1479 3985 vanum
1504 3946 1805 3985 currerem
1829 3936 1930 3986 aut
1952 3945 2048 3984 cu-

392 4020 1008 4075 currissemznoveram
1022 4019 1116 4074 eui
1127 4036 1178 4073 m
1193 4035 1261 4074 ex
1273 4019 1636 4074 revelatione
1647 4020 1862 4074 Christi
1878 4019 2049 4074 certi-

390 4109 662 4163 tudinem
695 4108 1139 4181 praedicationis
1167 4125 1179 4162 :
1213 4109 1365 4164 726
1397 4108 1500 4163 sed
1530 4115 1596 4163 ut
1616 4108 1915 4164 discerent
1945 4108 2047 4178 qui

391 4198 549 4254 inter
570 4215 664 4254 me
690 4205 746 4253 et
769 4200 1013 4254 Petrum
1035 4216 1167 4254 cum
1188 4199 1421 4254 caeteris
1443 4199 1902 4270 suspicabantur
1919 4215 2047 4254 esse

390 4288 703 4343 dissidium
716 4332 729 4356 ,
746 4288 905 4360 quod
921 4305 1042 4343 non
1060 4288 1119 4342 in
1136 4302 1350 4341 vanum
1384 4304 1684 4343 currerem
1701 4294 1803 4343 aut
1834 4305 2049 4343 cucur-

389 4377 631 4431 rissem.
671 4398 695 4426 ‹‹
740 4376 852 4431 Sed
879 4390 1077 4446 neque
1108 4376 1269 4432 Titus
1304 4392 1536 4431 mecum
1569 4382 1713 4444 erat,
1730 4394 1864 4433 cum
1895 4384 2052 4434 esset

391 4465 684 4520 Graecus.»
702 4465 809 4530 Qui
831 4481 1002 4520 mecu
1014 4482 1066 4519 ιιι
1084 4464 1939 4538 ascenderatHierosolymam,
1955 4468 2050 4522 in-

390 4554 806 4626 quit,Graacus,
835 4554 1423 4610 idestcircumcisus.
1455 4557 1629 4628 Igitur
1650 4573 1783 4612 cum
1814 4574 2044 4629 praepu-

2154 3386 2358 3462 τρέχω.
2386 3411 2414 3439 ››
2474 3386 2553 3444 Οὐ
2585 3388 2686 3463 γὰρ
2746 3387 2835 3442 ἳνα
2866 3388 2971 3463 ἐγὼ
3007 3388 3185 3462 μάθω,
3223 3391 3297 3461 μή
3361 3410 3480 3451 πως
3526 3389 3603 3453 εἰς
3657 3390 3810 3444 κενὸν

2153 3483 2359 3559 τρέχω,
2392 3481 2692 3559 ἢέδραμον
2744 3482 2914 3559 (ᾔδειν
2974 3485 3077 3561 γὰρ
3137 3484 3196 3541 ἐκ
3252 3493 3352 3556 τῆς
3404 3484 3807 3560 ἀποκαλύψεως

2151 3577 2249 3627 τοῦ
2280 3577 2547 3645 Χριστοῦ,
2605 3575 2704 3644 τὴν
2762 3570 3043 3649 ἀκρίϐειαν
3097 3579 3198 3629 τοῦ
3241 3576 3644 3652 κηρύγματος)’
3678 3573 3810 3630 ἀλλ’

2152 3662 2242 3716 ἳνα
2275 3664 2517 3734 μάθωσιν
2575 3664 2627 3717 οἱ
2685 3660 3081 3734 διαστασιάζειν
3143 3685 3211 3739 με
3238 3671 3356 3730 τοῖς
3412 3666 3539 3742 περὶ
3599 3667 3805 3740 Πέτρον

2157 3752 2533 3821 ὑπονοοῦντες,
2564 3753 2648 3806 ὃτι
2709 3750 2806 3808 οὐκ
2869 3753 2945 3815 εἰς
3000 3755 3149 3809 κενὸν
3205 3755 3390 3833 τρέχω
3446 3755 3481 3824 ἢ
3540 3752 3804 3830 ἔδραμον.

2154 3861 2185 3895 ι(
2216 3837 2372 3896 Ἀλλ’
2405 3837 2529 3895 οὐδέ
2580 3842 2738 3903 Τίτος
2770 3842 2797 3896 ὁ
2830 3841 2921 3896 σὺν
2982 3840 3109 3915 ἐμοὶ
3158 3841 3376 3913 Ἕλλην
3421 3842 3520 3903 ὤν,
3555 3868 3582 3894 ››
3613 3846 3674 3901 Ὁ
3708 3844 3803 3899 σὺν

2154 3928 2303 4001 ἐμοί,
2335 3929 2518 4004 φησὶν,
2552 3927 2789 3985 ἀνελθὼν
2837 3931 2913 3993 εἷς
2970 3931 3329 4006 Ἱεροσόλυμα
3383 3932 3621 4003 Ἕλλην,
3680 3954 3813 3989 του-

2155 4016 2320 4087 έστιν,
2365 4014 2721 4093 ἃκρόϐυστος.
2784 4024 3090 4098 Τοιγαροῦν
3160 4018 3498 4097 ἀκροϐυστος
3555 4021 3649 4093 ὢν,
3710 4025 3814 4079 οὐκ

2156 4107 2474 4184 ἠναγκάσθη
2508 4112 2654 4185 παρά
2691 4114 2799 4165 τῶν
2856 4110 3187 4167 ἀποστολων
3221 4116 3647 4189 περιτμηθῆναι,
3682 4114 3814 4189 ὅπερ

2155 4194 2392 4273 ἔλεγχος
2421 4200 2510 4270 ἦν,
2556 4195 2697 4271 μηδὲ
2728 4200 2857 4264 τοὺς
2887 4200 3010 4275 περὶ
3078 4201 3280 4277 Πέτρον
3337 4202 3630 4277 κηρύσσειν
3663 4224 3816 4278 περι-

2154 4289 2355 4360 τομὴν,
2386 4284 2475 4342 διὰ
2524 4285 2581 4342 δὲ
2637 4285 3039 4365 συγκιιτάὃασιν
3068 4296 3175 4346 τῶν
3206 4286 3255 4361 ἓξ
3290 4290 3512 4367 Ἰσραὴλ
3573 4297 3805 4351 πιστῶν.

2155 4391 2466 4462 συγχωρεῖν
2495 4389 2594 4456 τήν
2641 4390 2967 4463 περιτομήν.
2999 4423 3068 4432 -
3098 4390 3346 4451 Ἄλλως.
3409 4392 3643 4464 [ΦΩΤ.]
3670 4388 3816 4449 Οὐδὲ

2154 4474 2339 4541 Τίτον,
2402 4475 2557 4555 φησὶ,
2617 4477 2798 4533 καίτοι
2848 4477 3110 4548 ἐπίδηλον
3170 4474 3299 4534 ὄντα
3359 4479 3409 4552 ἐξ
3470 4479 3815 4550 Ἑλληνικῆς

2157 4571 2360 4641 σπορᾶς
2390 4570 2775 4640 γεγενημένον,
2805 4564 2931 4622 οὐδὲ
2953 4568 3146 4623 τοῦτον
3206 4572 3519 4646 ἠναγκασαν
3566 4570 3617 4623 οἱ
3668 4568 3815 4624 ἀπό-

391 4644 573 4699 tiatus
588 4650 893 4713 esset,non
912 4649 1001 4698 est
1014 4642 1086 4698 ab
1100 4644 1386 4716 apostolis
1401 4651 1639 4700 coactus
1651 4646 1997 4702 circumcidi
2029 4664 2040 4701 :

2153 4654 2342 4710 στολυι
2372 4658 2802 4730 περιτμηθῆναι,
2863 4659 3044 4713 καίτοι
3100 4658 3369 4733 παρόντας
3431 4658 3663 4735 ὁρῶντες
3719 4659 3815 4714 καὶ

388 4731 548 4804 quod
577 4738 996 4805 argumentum
1025 4738 1152 4787 erat
1178 4749 1371 4803 neque
1392 4735 1632 4788 Petrum
1656 4752 1789 4790 cum
1812 4737 2040 4791 caeteris

382 4821 707 4892 pradicare
732 4821 1389 4886 circumcisionem,sed
1416 4828 1656 4893 propter
1680 4823 2036 4878 condescen-

387 4911 620 4965 sionem
654 4911 1062 4966 Israelitarum
1096 4911 1358 4966 ﬁdelium
1390 4912 1715 4968 concedere
1737 4916 2044 4969 circumci-

386 4997 640 5052 sionem.
677 5029 741 5039 -—
775 5000 897 5053 Alio
949 4999 1127 5054 modo.
1164 5002 1362 5071 Neque
1391 5002 1605 5067 Titum,
1652 5002 1868 5072 inquit,
1903 5003 2040 5058 licet

384 5085 773 5143 manifestum
810 5095 966 5143 esset
995 5088 1193 5143 Graeco
1224 5095 1429 5144 natum
1461 5107 1590 5145 esse
1633 5091 1882 5161 semine,
1916 5093 2038 5149 ullo

387 5173 567 5229 modo
595 5176 1019 5247 compulerunt
1046 5177 1295 5249 apostoli
1318 5179 2039 5253 circumcidi,quanquam

399 5269 724 5335 prazsentes
774 5264 1043 5320 viderent
1094 5266 1276 5322 falsos
1306 5267 1539 5322 fratres.
1596 5269 1738 5324 Nam
1788 5286 1823 5326 a
1879 5288 2040 5327 com-

397 5355 565 5409 muni
594 5370 774 5409 sensu
805 5371 1044 5411 rursum
1076 5356 1640 5428 subintelligendum
1681 5366 1803 5414 est:
1839 5382 1868 5411 ‹‹
1926 5362 2039 5417 Sed

389 5460 622 5517 neque,
665 5465 694 5494 ››
726 5451 792 5499 ut
819 5446 896 5499 sit
924 5461 1135 5501 sensus
1170 5464 1183 5500 :
1225 5448 1335 5503 Sed
1358 5464 1552 5519 neque
1578 5449 1740 5505 Titus
1770 5454 2041 5524 compul-

401 5551 503 5591 sus
549 5533 663 5588 fuit
721 5533 1087 5601 circumcidi,
1146 5552 1339 5608 neque
1398 5542 1643 5608 propter
1697 5538 1890 5596 obiter
1954 5542 2041 5597 in-

392 5640 629 5697 gressos
686 5622 867 5680 falsos
923 5624 1155 5679 fratres.
1217 5625 1365 5690 Quid
1423 5641 1559 5699 ergo
1603 5627 1632 5681 ‘2
1699 5630 1889 5694 Quare
1947 5633 2039 5686 Ti-

381 5713 692 5770 motheum
756 5713 1151 5780 circumcidit,
1213 5714 1263 5767 si
1319 5715 1611 5770 rationem
1672 5736 1793 5776 non
1861 5721 2039 5778 habet

2147 4743 2276 4806 τοὺς
2307 4741 2738 4823 ψευδαδέλφους.
2778 4747 2851 4803 Τὸ
2882 4747 3008 4823 γὰρ,
3044 4773 3070 4799 ‹‹
3105 4745 3265 4806 Ἀλλ’
3298 4746 3443 4809 οὐδὲ,
3480 4773 3507 4799 ››
3538 4748 3645 4802 ἀπὸ
3685 4769 3813 4803 κοι-

2147 4837 2240 4888 νοῦ
2274 4831 2605 4905 έκληπτέον,
2639 4836 2776 4891 οἷον.
2840 4834 3002 4892 Ἀλλ’
3058 4835 3185 4892 οὐδὲ
3253 4836 3415 4899 Τίτος
3473 4836 3814 4914 ἠναγκάσθη,

2150 4921 2305 4999 φησὶ,
2366 4926 2824 4998 περιτμηθῆναι.
2888 4922 3014 4980 οὐδὲ
3088 4924 3180 4981 διὰ
3234 4928 3362 4992 τοὺς
3415 4928 3815 5003 παρεισάκτους

2149 5008 2583 5089 ψεῦδαδὲλφους.
2625 5014 2691 5071 Τί
2723 5014 2816 5069 οὖν
2850 5035 2863 5085 ;
2916 5018 3012 5071 Διά
3042 5016 3095 5071 τί
3133 5017 3225 5071 τὸν
3259 5018 3526 5088 Τιμόθεον
3558 5017 3815 5093 περιέτε-

2156 5121 2273 5173 μεν,
2326 5101 2374 5156 ei
2425 5100 2589 5176 λόγον
2626 5100 2688 5158 οὔ
2745 5110 2988 5160 ποιεῖται
3045 5110 3153 5161 τῶν
3214 5103 3646 5182 ψευδαδέλφιυν;
3681 5104 3818 5165 Οὑδ’

2146 5183 2353 5245 ἔκεῖνον
2395 5190 2483 5245 διὰ
2514 5192 2740 5255 τούτους
2788 5196 3095 5269 περιέτεμε,
3133 5197 3209 5269 μὴ
3241 5196 3457 5270 γένοιτο
3494 5199 3506 5255 ί
3541 5194 3695 5254 Ἀλλ’
3725 5197 3813 5252 ἳνα

2146 5276 2387 5354 κερδήσῃ
2448 5281 2574 5343 τοῦς
2634 5280 2702 5337 δι’
2763 5283 3043 5339 ἀσθένειαν
3105 5286 3383 5358 λογισμῶν
3440 5284 3813 5357 σκανδαλιζο-

2153 5370 2365 5441 μένους.
2395 5371 2527 5435 Τοῖς
2576 5371 2669 5444 μὶν
2716 5373 2819 5448 γὰρ
2853 5373 3162 5446 ἀσθενοῦσι,
3225 5373 3307 5430 δεῖ
3364 5371 3813 5452 συγκαταϐαίνειν

2149 5457 2234 5513 ἐπὶ
2271 5460 2530 5533 θεραπείᾳ
2575 5461 2773 5534 πραείᾳ
2829 5467 2925 5517 τοῦ
2984 5462 3451 5540 ἄρῥωστήματος,
3511 5473 3627 5527 τοῖς
3676 5464 3722 5522 δ’
3756 5467 3817 5522 ἐκ

2144 5547 2476 5625 κακουργίας
2532 5549 2623 5605 καὶ
2676 5558 2920 5626 πονηρᾶς
2968 5555 3201 5630 γνώμης
3267 5555 3627 5630 ὁρμωμένοις
3687 5554 3819 5612 οὐδὲ

2146 5639 2209 5692 τὸ
2249 5636 2543 5712 ἐλάχιστον
2579 5639 2838 5699 ὑπείκειν.
2873 5643 3039 5699 Οὗτοι
3070 5644 3194 5719 γὰρ,
3240 5644 3303 5699 οὐ
3339 5646 3501 5717 μόνον
3554 5645 3616 5700 οὗ
3653 5643 3815 5702 δέον-

2147 5744 2233 5777 ται
2294 5726 2603 5797 θεραπείας,
2691 5725 3002 5799 κρείττονος
3078 5728 3293 5801 ἁπάσης
3367 5731 3653 5806 θεραπείας
3713 5735 3813 5786 τοῦ
