4098 6382
354 505 513 569 1105
1443 505 1851 569 COMMENT.
1900 503 1960 564 Ii‘

2074 502 2271 565 PIST.
2310 505 2415 566 AD
2463 506 2747 568 GALAT.
3615 514 3768 577 1106

347 638 557 702 πάθους
593 637 777 701 αὐτοῖς
810 638 1282 715 ἑνστηριχθέντος,
1317 638 1464 696 ἀλλὰ
1492 638 1581 694 καὶ
1610 636 1739 701 τοὺς
1770 633 1960 706 πλησίι

2074 682 2088 717 γ
2123 636 2411 694 falsorum
2437 637 2687 695 fratrum
2711 641 2740 695 Ἰ
2769 643 2967 713 Neque
2999 642 3170 700 illum
3199 651 3443 717 propter
3470 647 3629 720 ipsos
3658 649 3777 706 cir-

349 734 578 801 ζητοῦσι
608 736 712 799 τῆς
742 728 947 791 οἰκείας
975 728 1135 784 νόσου
1161 729 1494 797 ἀναπλῆσαι.
1512 729 1628 800 Διὸ,
1662 752 1689 781 ‹‹
1714 725 1855 785 Οὐδὲ
1877 728 1960 802 πρέ

2125 727 2428 783 cumcidit.
2462 730 2722 785 Minime.
2766 731 2878 787 Sed
2936 738 3000 788 ut
3056 733 3193 789 illos
3244 736 3624 794 lucrifaceret
3673 740 3775 813 qui

352 818 497 893 ὥραν
527 818 715 881 αὐτοῖς
748 818 991 892 ε’ῗξαμεν,
1021 821 1112 875 καὶ
1144 820 1171 873 ὁ
1216 821 1359 883 θεῖος
1394 820 1749 897 ἀποφαίνεται
1772 814 1958 873 Παῦλο

2124 818 2473 873 infirmitate
2501 819 2977 877 oﬂendebantur.
3014 824 3269 880 Inﬁrmis
3303 826 3596 897 siquidem
3629 845 3778 885 con-

351 909 719 966 descendere
751 912 1066 983 oportetin
1100 911 1229 966 miti
1263 912 1497 967 medela
1514 908 1882 984 aegritudinis
1909 924 1922 962 :
1955 907 2048 962 his
2077 923 2213 962 vero
2246 908 2345 978 qui
2378 925 2450 964 ex
2473 910 2627 965 malo
2659 917 2873 966 conatu
2896 928 3191 984 pravaque
3224 922 3421 971 mente
3448 934 3575 973 rem
3608 918 3776 974 insti-

346 1006 541 1067 tuunt,
561 1018 637 1056 ne
670 1000 732 1055 in
766 1001 1017 1056 minimo
1043 1001 1285 1072 quidem
1321 1001 1552 1057 cedere.
1585 1003 1730 1057 Nam
1763 998 1823 1053 hi
1853 1014 1972 1053 non
1994 996 2185 1052 solum
2213 998 2509 1055 medelam
2541 1016 2661 1055 non
2685 1006 2972 1073 expetunt
3000 1019 3136 1057 cum
3160 1005 3345 1077 magis
3387 1005 3448 1060 in
3472 1008 3628 1063 malo
3668 1008 3769 1063 fir-

345 1095 532 1145 matus
574 1089 650 1144 sit
680 1090 825 1162 ipsis
856 1091 1107 1146 affectus
1142 1107 1321 1162 quam
1345 1096 1414 1146 ut
1442 1090 1628 1146 ullam
1658 1089 1936 1145 admittat
1964 1101 2189 1153 curam,
2209 1103 2411 1142 verum
2444 1088 2624 1145 etiam
2656 1091 2956 1160 proximos
2986 1092 3236 1162 cupiunt
3268 1096 3507 1165 proprio
3539 1097 3771 1169 replere

342 1179 573 1234 morbo.
608 1178 767 1247 Ideo,
811 1201 838 1230 «
873 1181 954 1235 Ne
977 1179 1053 1235 ad
1084 1180 1293 1235 horam
1326 1180 1569 1252 quidem
1599 1179 1886 1235 cessimus
1912 1175 2056 1247 ipsis
2089 1193 2104 1242 ;
2140 1199 2160 1227 ι
2200 1180 2259 1231 et
2283 1178 2642 1234 sententiam
2672 1179 2829 1235 hanc
2862 1179 3127 1252 loquitur
3153 1182 3320 1237 divus
3377 1185 3618 1241 Paulus.

413 1267 513 1321 Διά
611 1263 667 1321 δὲ
752 1265 879 1328 τοὺς
936 1267 1330 1342 παρεισάκτους
1416 1264 1825 1343 ψευδαδέλφους
1911 1263 2001 1319 ο’ί-

333 1376 475 1419 τινες
537 1354 911 1429 παρεισῆλθον
999 1364 1414 1426 κατασκοπῆσαι
1501 1358 1601 1427 τήν
1692 1355 1999 1430 ξλευθερίαν

331 1446 517 1516 ἡμῶν,
554 1442 621 1514 ἤν
659 1444 862 1525 ἔχομεν
895 1444 948 1501 ἐν
976 1448 1193 1521 Χριστῷ
1242 1448 1445 1518 Ἰησοῦ,
1499 1447 1592 1501 ἳνα
1648 1448 1797 1518 ἡμᾶς
1835 1464 1995 1501 κατα-

333 1531 750 1602 δουλώσωνται,
810 1536 891 1597 οἷς
948 1532 1074 1591 ουδὲ
1130 1537 1266 1609 πρὸς
1319 1536 1466 1610 ὥραν
1506 1533 1718 1609 εἴξαμεν
1758 1537 1827 1607 τῇ
1862 1533 1992 1590 ὑπο·

327 1627 495 1698 ταγῇ,
532 1622 627 1679 ἵνα
655 1627 690 1694 ἡ
726 1623 963 1694 ἀλήθεια
996 1629 1094 1680 τοῦ
1153 1622 1490 1702 Ευαγγελίου
1550 1622 1806 1698 διαμείνῃ
1856 1623 1992 1698 πρὸς

330 1712 495 1786 ὑμᾶς.

402 1799 541 1859 Οὐδὲ
571 1800 760 1873 ἐπειδὴ
797 1804 849 1858 οἳ
890 1800 1260 1878 ψευδάδελφοι
1308 1810 1580 1879 παρῆσαν,
1639 1802 1826 1881 φησὶν,
1855 1802 1993 1873 ἠνά-

329 1913 536 1967 γκασαν
581 1893 632 1947 οἱ
691 1891 995 1949 ἀπόστολοι
1051 1893 1205 1948 Τίτον
1261 1895 1685 1968 περιτμηθῆναι,
1734 1893 1868 1967 ὅπερ
1921 1893 1989 1961 ἦν

2184 1266 2255 1330 ΙΙ,
2287 1268 2340 1336 4,
2363 1269 2414 1321 5.
2449 1290 2476 1316 ‹‹
2502 1268 2613 1323 Sed
2645 1275 2887 1341 propter
2915 1269 3107 1325 obiter
3135 1272 3431 1345 ingressos
3450 1274 3631 1331 falsos
3651 1275 3766 1332 fra-

2115 1377 2142 1404 «
2170 1360 2313 1423 tres,
2347 1356 2446 1427 qui
2478 1357 2950 1413 subintroierant
2979 1358 3053 1414 ad
3076 1360 3501 1432 explorandam
3522 1363 3768 1422 liberta-

2113 1465 2140 1492 ‹‹
2174 1450 2292 1500 tem
2324 1450 2795 1517 nostram,quam
2826 1446 3115 1503 habemus
3147 1450 3206 1504 in
3229 1450 3457 1506 Christo
3486 1452 3767 1524 Jesu,quo

2109 1559 2136 1585 «
2170 1536 2351 1592 nosin
2384 1538 2726 1593 servitutem
2748 1538 3343 1612 adigerent.Quorum
3364 1558 3438 1597 ne
3466 1543 3540 1598 ad
3557 1543 3767 1603 horam

2107 1647 2135 1675 ‹‹
2168 1625 2411 1697 quidem
2440 1627 2724 1682 cessimus
2755 1628 2883 1699 subj
2897 1628 3207 1698 ectioni,ut
3224 1630 3441 1687 veritas
3464 1633 3764 1705 Evangelii

2105 1737 2132 1764 ‹‹
2165 1721 2545 1787 permaneret
2575 1716 2732 1787 apud
2762 1733 2882 1771 vos.
2906 1738 2934 1766 »

2174 1804 2375 1876 Neque
2407 1820 2476 1859 eo
2518 1804 2677 1875 quod
2734 1805 3009 1861 adessent
3062 1807 3193 1862 falsi
3247 1807 3481 1875 fratres,
3541 1809 3601 1864 id
3651 1816 3757 1881 est,

2104 1892 2223 1947 ficti
2256 1893 2595 1961 Christiani,
2628 1894 3047 1965 compulerunt
3075 1896 3328 1968 apostoli
3387 1898 3582 1954 Titum
3640 1901 3757 1956 cir—

332 1980 552 2057 δεῖγμα,
582 1986 678 2037 τοῦ
723 1984 796 2056 μὴ
859 1988 1174 2055 νομοθετεῖν
1233 1985 1361 2045 τοὺς
1419 1982 1559 2061 ἀμφὶ
1620 1985 1818 2057 Πέτρον
1888 1982 1955 2049 τῆ

2101 1982 2543 2055 cumcidi,quod
2575 1984 2811 2056 signum
2842 1991 2972 2041 erat
2999 1990 3235 2043 Petrum
3283 2003 3413 2042 cum
3476 1990 3600 2046 suis
3633 2008 3753 2047 non

330 2076 657 2147 περιτομήν.
692 2070 1073 2152 Ψευδάδελφοι
1124 2070 1181 2129 δὲ
1238 2073 1375 2143 ἦσάν
1435 2094 1576 2133 τινες
1620 2072 1672 2127 ἐν
1733 2074 1985 2148 σχήματι

322 2161 578 2242 ἀδελφῶν
647 2165 1008 2238 Χριστιανῶν,
1071 2165 1377 2237 περιτομὴν
1432 2161 1818 2238 κηρύσσοντες,
1876 2159 1984 2238 οὒχ

320 2254 397 2316 ὡς
422 2254 476 2306 οἱ
531 2253 653 2326 περὶ
728 2252 951 2327 Πέτρον,
1015 2251 1105 2307 δια
1154 2248 1554 2326 συγκατάϐασιν
1612 2252 1701 2306 καὶ
1759 2251 1980 2305 οἰκονο-

320 2346 477 2418 μίαν,
509 2343 638 2401 ἀλλ’
680 2345 754 2406 ὡς
784 2344 953 2417 νόμον
987 2341 1326 2406 ἐκδικοῦντες
1356 2344 1420 2399 τὸ
1475 2348 1723 2417 πρᾶγμα.
1764 2340 1866 2399 Καὶ
1926 2340 1978 2396 οἱ

318 2435 416 2509 μὲν
447 2433 770 2497 ἀπόστολοι,
806 2435 931 2509 παρ’
968 2431 1252 2495 Ἰουδαίοις
1283 2437 1446 2487 τοῦτο
1511 2431 1671 2504 μόνον
1734 2431 1977 2506 συνεχώ-

313 2545 465 2599 ρουν,
499 2522 699 2578 ἐκεῖνοι
734 2520 790 2578 δὲ
819 2524 909 2577 καὶ
941 2522 992 2578 ἐν
1031 2528 1148 2586 τοῖς
1204 2520 1377 2586 ’ἔθνεσι
1430 2524 1734 2596 περιτομὴν
1783 2519 1976 2595 ἐνομο-

309 2613 526 2671 θέτουν.
558 2614 722 2668 Οὗτοι
749 2615 853 2689 γὰρ
884 2613 1020 2682 ἦσαν
1073 2614 1126 2668 οἱ
1195 2613 1441 2673 Γαλάτας
1504 2606 1970 2685 διαθορυϐοὒντες.

309 2701 456 2762 Οὐδὲ
485 2700 660 2758 αὐτῶν
718 2703 835 2771 οὖν,
889 2704 1046 2780 φησὶ,
1105 2703 1405 2778 παρόντων,
1467 2704 1550 2763 οἷς
1606 2699 1759 2776 ἔργον
1818 2721 1971 2777 περι-

304 2793 489 2866 τομὴν
548 2792 863 2869 κηρύσσειν,
940 2792 1257 2867 ἠναγκάσθη
1318 2790 1485 2854 Τίτος
1543 2798 1967 2867 περιτμηθῆναι.

306 2907 336 2935 ‹‹
371 2880 590 2943 Οἳτινες
620 2879 1014 2956 παρεισῆλθον.
1054 2905 1081 2932 ››
1112 2882 1181 2937 Οἱ
1212 2878 1602 2955 ψευδάδελφοι,
1649 2881 1805 2957 φησὶ,
1865 2878 1967 2935 λα-

304 2975 509 3047 θραίως
559 2970 979 3048 παρεισέδυσαν,
1038 2975 1449 3043 κατασκοπῆσαι
1503 2974 1666 3045 ἡμῶν
1742 2976 1965 3042 ζητούν-

302 3084 391 3125 τες
421 3065 520 3134 τήν
553 3061 604 3118 ἐν
658 3066 879 3136 Χριστῷ
930 3061 1258 3133 ἐλευθερίαν,
1308 3059 1400 3116 ’ίνα
1458 3063 1606 3133 ἡμᾶς
1659 3060 1825 3116 πάλιν
1886 3063 1966 3134 τῷ

303 3157 457 3226 ζυγῷ
516 3156 612 3208 τοῦ
670 3150 848 3224 νόμου
912 3146 1256 3218 ὑποϐάλωσι,
1315 3151 1402 3205 καὶ
1463 3155 1582 3211 ταῖς
1638 3147 1964 3213 Ἰουδαῖκαῖς

311 3244 740 3316 παρατηρήσεσι.
776 3242 851 3299 Τὸ
882 3243 986 3316 γὰρ
1022 3244 1097 3314 μὴ
1157 3242 1373 3303 τούτοις
1432 3240 1771 3311 ὑποκεῖσθαι,
1805 3238 1964 3296 ἐλευ-

304 3328 485 3403 θερίαν
514 3329 683 3406 λέγει.
715 3334 856 3403 “Ope:
881 3329 938 3387 δὲ
969 3336 1086 3392 πῶς
1119 3326 1313 3401 ἔδειξεν
1369 3328 1566 3393 αὖτοὺς
1627 3329 1957 3403 πολεμίους,

293 3418 384 3476 καὶ
420 3419 507 3475 ἐπὶ
566 3419 719 3495 λύμῃ
779 3427 877 3490 τῆς
938 3420 1172 3483 πίστεως
1240 3418 1688 3490 εἰσεληλυθότας,
1735 3425 1955 3494 πρῶτον

285 3514 373 3581 τῷ
392 3509 587 3579 εἰπεῖν,
621 3533 648 3563 ‹‹
684 3507 1078 3584 παρεισῆλθον,
1114 3533 1142 3561 ››
1174 3511 1274 3579 τήν
1309 3508 1571 3583 λαθραίαν
1632 3509 1809 3564 αὐτῶν
1866 3509 1956 3564 καὶ

290 3593 594 3665 ἐπίϐουλον
649 3596 857 3655 εἷ’σοδον
910 3595 1117 3671 δηλῶν,
1179 3599 1265 3653 καὶ
1329 3603 1409 3671 τῷ
1464 3598 1657 3670 εἰπεῖν,
1690 3621 1718 3649 ‹‹
1783 3603 1954 3653 Κατα-

290 3691 587 3756 σκοπῆσαι.
625 3714 652 3741 ‹‹
686 3689 749 3746 Ὀ
774 3688 877 3765 γὰρ
905 3692 1286 3755 κατασκοπῶν,
1321 3686 1410 3743 ἐπὶ
1471 3681 1657 3763 βλάϐῃ
1691 3687 1782 3742 καὶ
1831 3687 1953 3742 ἐπι-

290 3771 474 3851 ϐουλῇ
507 3782 858 3833 κατασκοπεῖ.
893 3777 1020 3845 Καὶ,
1058 3801 1085 3828 ι(
1107 3778 1226 3833 Ὶνα
1281 3778 1431 3847 ἡμᾶς
1482 3772 1953 3830 καταδουλώσων-

288 3886 406 3935 ται,
455 3891 480 3917 ι)
522 3866 703 3945 φησίν.
738 3867 805 3924 Οἱ
836 3866 931 3941 μὲν
962 3867 1064 3942 γὰρ
1097 3866 1236 3942 αμφὶ
1264 3863 1462 3937 υέτρον
1497 3865 1837 3940 συνεχώρουν
1852 3866 1951 3933 τήν

291 3955 625 4031 περιτομὴν,
656 3954 750 4009 ’ἕνα
780 3956 917 4011 κατὰ
952 3956 1143 4030 μικρὸν
1179 3952 1528 4028 ὑποκλέψωσι
1558 3955 1655 4022 τῆς
1693 3950 1949 4021 δουλείας

287 4049 389 4101 τοῦ
418 4046 611 4117 νόμου·
644 4046 795 4102 οὗτοι
828 4042 906 4112 δὲ,
954 4043 1047 4100 ’ἱνα
1076 4041 1599 4100 καταδουλώσωσιν.
1635 4065 1665 4093 κ
1695 4044 1794 4107 Οἷς
1824 4040 1951 4098 οὐδὲ

286 4134 430 4206 πρὸς
463 4133 604 4209 ὥραν
637 4132 870 4206 εἴξαμεν.
906 4158 934 4184 ››
968 4133 1066 4189 Διὰ
1093 4136 1278 4200 τοῦτο,
1334 4131 1521 4211 φησὶν,
1580 4129 1680 4186 οὒκ
1735 4128 1950 4204 εἴξαμεν

284 4221 466 4279 αὺτῶν
491 4228 561 4296 τῇ
595 4221 985 4298 ὺποταγῇ,’ίνα
1044 4225 1078 4293 ἡ
1136 4220 1369 4294 ἀλήθεια
1422 4226 1519 4278 τοῦ
1572 4218 1946 4297 κηρυχθέντος

281 4313 414 4386 παρ’
442 4312 580 4385 ἐμοῦ
613 4313 750 4388 πρὸς
785 4313 925 4386 ὑμᾶς
954 4309 1314 4388 Εὺαγγελίου,
1347 4311 1504 4386 μείνῃ
1534 4309 1833 4372 ἀσάλευτος
1854 4320 1947 4375 καὶ

283 4395 500 4477 βεϐαία.
537 4401 635 4464 Τίς
667 4399 724 4457 δὲ
754 4404 789 4471 ἡ
823 4400 1053 4471 ἀλήθεια
1086 4400 1252 4455 αὐτοῦ
1285 4420 1299 4469 ;
1333 4424 1359 4451 ‹‹
1384 4398 1466 4456 Τὰ
1497 4401 1702 4475 ἀρχαῖα
1732 4398 1947 4473 παρῆλ-

278 4502 361 4559 θε,
394 4490 484 4545 καὶ
518 4490 563 4545 εἲ
593 4511 676 4552 τις
718 4490 767 4545 ἐν
801 4492 1022 4562 Χριστῴ
1052 4491 1211 4558 καινή
1246 4488 1444 4551 κτίσις.
1490 4511 1519 4540 »
1553 4489 1657 4545 Καὶ
1688 4488 1771 4543 ’ὁτι
1816 4487 1946 4551 τοὺς

278 4582 802 4654 περιτεμνομένους,
836 4579 1068 4655 Χριστὸς
1100 4575 1256 4635 οὐδὲν
1286 4578 1582 4655 ὠφελήσει.
1625 4599 1645 4626 ι
1691 4579 1774 4651 Τῇ
1808 4577 1944 4633 ὑπο-

274 4672 444 4748 ταγῇ.
484 4696 511 4722 »
543 4669 659 4729 Οὔκ
690 4671 830 4737 εἷπε,
861 4673 945 4744 Τῇ
979 4666 1208 4745 διδαχῇ,
1240 4666 1409 4735 ἀλλὰ,
1445 4693 1472 4720 ‹‹
1504 4670 1589 4741 Τῇ
1623 4668 1939 4742 ὕποταγῇ,››

2096 2073 2328 2128 sancire
2361 2074 2898 2130 circumcisionem.
2941 2075 3097 2131 Falsi
3128 2081 3326 2132 autem
3342 2076 3553 2134 fratres
3584 2086 3756 2137 erant

2093 2162 2338 2232 quidam
2371 2162 2433 2216 in
2464 2161 2671 2218 habitu
2702 2161 2951 2218 fratrum
2986 2164 3105 2219 sive
3135 2165 3606 2223 Christianorum
3636 2169 3755 2223 cir-

2088 2251 2514 2306 cumcisionem
2558 2250 2987 2323 praedicantes:
3020 2270 3140 2308 non
3172 2254 3326 2309 sicut
3372 2257 3582 2311 Petrus
3613 2274 3749 2313 cum

2086 2342 2316 2397 caeteris
2374 2348 2617 2416 propter
2672 2344 3244 2401 condescensionem
3302 2353 3361 2403 et
3424 2350 3747 2420 quamdam

2085 2429 2612 2501 dispensationem,
2647 2433 2751 2489 sed
2784 2451 2909 2489 rem
2967 2439 3251 2506 tanquam
3310 2436 3503 2508 legem
3536 2438 3740 2495 defen-

2084 2518 2310 2575 dentes.
2344 2522 2485 2577 ηπ
2522 2524 2591 2576 Et
2620 2523 2872 2594 apostoli
2904 2524 3146 2594 quidem
3182 2525 3340 2596 apud
3360 2526 3593 2582 Judaaos
3626 2528 3742 2584 hoc

2082 2607 2274 2664 solum
2298 2610 2742 2680 permittebant,
2768 2612 2854 2667 illi
2888 2629 3022 2668 vero
3063 2614 3220 2668 inter
3248 2620 3454 2684 gentes
3503 2633 3742 2689 quoque

2080 2698 2601 2756 circumcisionem
2627 2700 2755 2773 lege
2778 2702 3119 2758 statuebant
3150 2703 3240 2770 ;hi
3267 2704 3427 2760 enim
3452 2707 3738 2778 erantqui

2080 2787 2312 2844 Galatas
2343 2789 2681 2847 turbabant.
2712 2792 2915 2862 Neque
2964 2792 3058 2847 his
3114 2792 3295 2866 igitur
3323 2795 3739 2866 praesentibus,

2078 2877 2295 2948 inquit,
2326 2895 2580 2948 quorum
2607 2878 2870 2935 officium
2902 2886 3028 2935 erat
3048 2881 3567 2940 circumcisionem
3591 2901 3737 2956 prm-

2075 2965 2655 3039 dicare,icompulsus
2684 2967 2797 3024 fuit
2824 2970 2985 3024 Titus
3018 2970 3387 3027 circumcidi.
3417 2994 3444 3022 ‹‹
3469 2973 3579 3039 Qui
3601 2973 3735 3031 sub-

2074 3056 2450 3112 introierant.
2482 3079 2508 3107 »
2546 3057 2720 3124 Falsi,
2755 3059 2971 3130 inquit,
3023 3059 3257 3127 fratres,
3292 3061 3445 3116 clam
3482 3062 3733 3134 irrepse-

2073 3152 2207 3201 rant
2234 3147 2541 3218 explorare
2566 3153 2901 3218 quaerentes
2932 3154 3195 3204 nostram
3222 3150 3280 3205 in
3297 3151 3525 3207 Christo
3558 3152 3733 3209 liber-

2071 3240 2273 3301 tatem,
2330 3242 2395 3291 ut
2443 3252 2550 3291 nos
2609 3253 2846 3292 rursum
2897 3239 3044 3310 jugo
3102 3238 3248 3312 legis
3297 3239 3622 3297 subderent
3658 3259 3727 3299 ac

2068 3327 2328 3383 Judaicis
2360 3327 2893 3384 observationibus.
2929 3330 3028 3385 His
3060 3330 3219 3386 enim
3252 3348 3372 3387 non
3423 3333 3616 3397 subdi,
3651 3334 3723 3389 li-

1990 3391 2032 3458 C
2070 3417 2360 3473 bertatem
2402 3418 2564 3474 dicit.
2605 3418 2745 3474 Vide
2778 3425 2978 3475 autem
3009 3420 3308 3492 quomodo
3334 3422 3496 3493 ipsos
3525 3391 3725 3482 osten-

2065 3506 2220 3562 derit
2250 3524 2379 3563 esse
2406 3508 2607 3563 hostes
2637 3513 2695 3561 et
2745 3508 2818 3564 ad
2848 3509 3292 3580 corruptionem
3328 3511 3465 3566 fidei
3525 3513 3726 3571 subin-

2061 3597 2585 3669 gressos.Primum
2611 3613 2716 3668 per
2734 3598 2845 3653 hoc
2865 3597 3023 3669 quod
3036 3598 3138 3665 ait,
3151 3623 3169 3648 ι
3184 3598 3721 3671 Subintroierant,»

2061 3685 2345 3742 latentem
2376 3702 2445 3741 ac
2476 3686 2828 3742 insidiosum
2860 3689 3199 3761 ingressum
3230 3689 3576 3761 signiﬁcans
3609 3708 3622 3745 :
3659 3696 3718 3747 et

2060 3792 2162 3847 per
2191 3775 2303 3829 hoc
2327 3776 2485 3847 quod
2517 3775 2682 3843 dixit,
2716 3797 2742 3828 α
2772 3776 2860 3830 Ad
2892 3776 3341 3848 explorandum.
3376 3802 3404 3827 τι
3436 3779 3714 3850 Explora-

2057 3870 2150 3920 tor
2173 3864 2334 3920 enim
2393 3864 2468 3922 ad
2540 3865 2965 3921 docum.ntum
3024 3871 3081 3922 et
3136 3867 3381 3924 insidias
3420 3868 3707 3941 explorat.

2055 3955 2444 4020 Praeterea,ut
2472 3970 2599 4020 nos,
2632 3954 2848 4025 inquit,
2867 3955 2929 4009 in
2954 3955 3294 4011 servitutem
3325 3956 3653 4028 adigerent.
3682 3981 3705 4008 ι

2056 4042 2361 4113 Siquidem
2383 4044 2672 4099 Petrusac
2698 4044 2893 4099 casteri
2918 4045 3168 4115 apostoli
3192 4045 3711 4104 circumcisionem

2054 4131 2465 4188 concedebant
2494 4138 2559 4188 ut
2610 4132 2897 4205 paulatim
2948 4133 3095 4208 legis
3151 4135 3493 4191 servitutem
3549 4135 3715 4193 falle-

2054 4223 2277 4287 rent,hi
2307 4238 2443 4280 vero
2474 4228 2541 4278 ut
2569 4222 2629 4278 in
2658 4223 2999 4280 servitutem
3019 4224 3613 4296 adigerent.«Quibus
3633 4242 3710 4283 ne

2052 4311 2127 4367 ad
2147 4312 2357 4367 horam
2389 4310 2631 4383 quidem
2664 4311 2960 4367 cessimus.
2981 4314 3712 4385 »Propterea.inquit.non

2052 4401 2338 4457 cessimus
2368 4401 2634 4473 ipsorum
2665 4400 3132 4472 subjectioni,ut
3159 4403 3375 4459 veritas
3404 4404 3709 4476 praedicati

2050 4505 2157 4562 per
2190 4506 2283 4545 me
2305 4489 2462 4561 apud
2494 4507 2594 4545 vos
2630 4490 2931 4562 Evangelii
2966 4497 3234 4547 maneret
3257 4492 3612 4549 inconcussa
3639 4510 3709 4550 ac

2050 4578 2388 4643 ﬁrma.Quaa
2404 4584 2494 4633 est
2522 4583 2721 4634 autem
2751 4580 2966 4635 veritas
2997 4580 3184 4652 ipsius
3204 4580 3231 4635 ?
3250 4582 3707 4639 «Veteratrans-

2050 4668 2251 4723 ierunt
2284 4685 2298 4731 ;
2331 4667 2381 4722 si
2433 4668 2566 4738 quis
2624 4667 2763 4721 vivit
2820 4668 2881 4721 in
2939 4667 3193 4733 Christo,
3245 4685 3398 4724 nova
3435 4676 3709 4727 creatura

280 4757 472 4830 δηλῶν
506 4761 706 4823 αὐτοὺς
738 4756 1062 4829 σπουδάζειν
1099 4758 1357 4827 ὑποτάξαι
1390 4757 1477 4812 καὶ
1519 4754 1936 4814 καταδουλῶσαι

2074 4760 2136 4811 ει
2163 4755 2205 4823 ⁸,
2240 4777 2267 4804 ››
2302 4759 2359 4809 et
2389 4755 2548 4825 quod
2581 4756 2666 4810 eis
2697 4756 2797 4826 qui
2857 4755 3388 4822 circumciduntur,
3433 4758 3704 4814 Christus

274 4849 446 4905 πάλιν
472 4849 551 4922 τῷ
581 4850 759 4923 νόμῳ.

2050 4845 2201 4901 nihil
2233 4843 2495 4918 prodest.
2530 4866 2556 4894 «
2583 4843 2970 4914 Subjectioni.
3001 4868 3025 4893 υ
3042 4846 3168 4901 Non
3208 4845 3701 4917 dixit,Doctrinm,

276 4940 408 5009 sed,
446 4963 469 4992 ι
507 4942 872 5015 Subjectioni
907 4959 921 5007 ;
954 4964 980 4991 ››
1016 4940 1363 5013 signiﬁcans
1394 4941 1556 5013 ipsos
1596 4938 1668 4996 ad
1700 4939 1812 4995 hoc
1841 4938 1951 4993 niti
1974 4941 2044 4993 ut
2069 4951 2306 4991 rursum
2347 4933 2711 5006 subjicerent
2765 4950 2833 4989 ac
2891 4934 2953 4989 in
2986 4934 3330 4991 servitutem
3386 4936 3702 5009 adigerent

275 5032 389 5089 sub
422 5032 568 5104 lege.

346 5119 484 5176 Ἀπὸ
571 5115 629 5173 δὲ
683 5122 791 5173 τῶν
868 5115 1174 5174 δοκούντων
1234 5117 1372 5172 εἷναί
1425 5137 1500 5186 τι,
1560 5116 1745 5172 ὁποῖοί
1800 5136 1934 5172 ποτε

266 5209 443 5279 ¹ἦσαν,
517 5204 670 5262 οὒδέν
758 5228 855 5279 μοι
931 5205 1195 5286 διαφέρει.
1283 5206 1588 5281 Ιῐρόσωπον
1656 5206 1787 5269 θεὸς
1845 5206 1932 5260 ἀν-

270 5297 500 5375 θρώπου
587 5297 647 5352 οὐ
727 5293 1020 5371 λαμϐάνει.
1105 5297 1263 5370 Ἐμοὶ
1340 5296 1444 5372 γὰρ
1502 5296 1554 5350 οἱ
1624 5293 1928 5366 δοκοῦντες,

268 5385 428 5443 οὐδὲν
486 5385 903 5462 προσανέθεντο,
962 5384 1112 5443 ἀλλά
1166 5386 1499 5455 τοὺναντίον,
1558 5383 1760 5451 εἰδότες
1845 5386 1928 5442 ὃτι

266 5478 632 5550 πεπίστευμαι
682 5475 745 5531 τό
788 5476 1121 5551 Εὐαγγέλιον
1155 5483 1254 5546 τῆς
1313 5471 1696 5551 ἀκροϐυστίας,
1746 5476 1928 5539 καθὼς

264 5567 472 5641 Πέτρος
502 5573 602 5636 τῆς
636 5574 968 5641 περιτομῆς.
999 5568 1054 5619 Ὀ
1113 5568 1216 5642 γὰρ
1277 5565 1564 5642 ἐνεργήσας
1619 5566 1805 5641 Πέτρῳ
1852 5566 1930 5629 εἷς

261 5656 585 5729 ἀποστολὴν
613 5666 713 5729 τῆς
744 5666 1074 5735 περιτομῆς,
1108 5657 1377 5733 ἐνήργησε
1405 5659 1496 5714 καὶ
1549 5658 1675 5732 ἐμοὶ
1726 5658 1802 5721 είς
1862 5660 1928 5715 τὰ

261 5748 392 5821 ἔθνη
402 5792 416 5805 .

338 5896 364 5933 ι
392 5897 443 5952 ΙΙ
476 5895 606 5955 Cor.
640 5911 692 5969 ν,
728 5899 813 5954 t7.

2111 5115 2184 5179 II,
2205 5115 2316 5169 6-8.
2335 5136 2362 5162 ‹‹
2380 5112 2465 5168 Ab
2498 5112 2571 5167 iis
2592 5116 2792 5168 autem
2820 5113 2921 5184 qui
2948 5112 3301 5169 videbantur
3329 5114 3557 5187 aliquid
3572 5133 3701 5175 esse

2042 5228 2069 5256 ‹‹
2104 5204 2311 5277 quales
2343 5202 2665 5274 aliquando
2682 5202 2907 5257 fuerint
2926 5203 3078 5258 nihil
3113 5221 3245 5260 mea
3260 5206 3459 5262 refert.
3492 5208 3702 5265 Perso-

2041 5317 2068 5344 ‹‹
2103 5310 2240 5350 nam
2264 5293 2528 5348 hominis
2556 5293 2706 5347 Deus
2736 5309 2857 5347 non
2889 5293 3281 5365 accipit.Nam
3304 5295 3449 5352 mihi
3482 5297 3584 5368 qui
3615 5298 3700 5353 vi-

2041 5405 2070 5432 ‹‹
2104 5382 2399 5439 debantur
2430 5399 2557 5437 esse
2584 5382 2642 5437 in
2666 5382 2878 5453 pretio,
2914 5381 3064 5437 nihil
3116 5384 3518 5442 contulerunt.
3576 5388 3699 5442 Imo

2040 5494 2067 5523 «ι
2103 5476 2336 5533 contra,
2365 5489 2499 5527 cum
2532 5471 2814 5526 vidissent
2871 5471 3015 5527 mihi
3079 5474 3486 5530 concreditum
3517 5475 3698 5531 fuisse

2043 5583 2067 5613 α
2104 5562 2486 5635 Evangelium
2514 5561 2814 5633 praeputii,
2837 5561 3343 5633 quemadmodum
3377 5566 3549 5621 Petro
3582 5566 3698 5621 cir-

2042 5673 2065 5703 ι
2103 5651 2508 5707 cumcisionis.
2544 5651 2692 5706 Nam
2726 5652 2828 5723 qui
2858 5652 3071 5707 efﬁcax
3102 5652 3215 5707 fuit
3244 5654 3415 5707 Petro
3445 5653 3521 5709 ad
3552 5671 3691 5726 apo-

2036 5762 2066 5792 ‹‹
2099 5739 2388 5797 stolatum
2418 5741 2917 5810 circumcisionis,
2950 5740 3160 5798 efﬁcax
3214 5742 3326 5798 fuit
3381 5747 3440 5798 et
3487 5743 3549 5799 in
3597 5758 3693 5800 me

2038 5853 2066 5883 ‹‹
2100 5846 2237 5903 erga
2264 5835 2492 5904 gentes.
2520 5853 2542 5881 ι
