4098 6394
343 537 495 598 11οῖ

1462 522 1891 586 (ΕΟΠΜΕΝΙΙ
1935 516 2244 578 TlllCtZ/E
2289 516 2636 578 EPISCOPI

3606 507 3767 571 1108

416 668 471 722 Si
503 665 701 738 palam
758 662 1005 719 dixisset
1061 659 1280 715 Paulus
1340 657 1501 729 quod
1559 650 2035 727 dispensatorie,

2177 647 2239 703 Εἰ
2272 652 2513 726 φανερῶς
2548 647 2695 702 εἶπεν
2743 648 2771 702 6
2831 645 3050 709 Παῦλος
3107 645 3191 699 ὅτι
3252 641 3614 714 οἰκονομικῶς
3662 642 3763 711 τήν

342 755 858 813 circumcisionem
891 745 1736 812 concederent,discessissent
1748 743 1818 798 ab
1851 741 1998 813 ipsis

344 845 552 902 ﬁdeles
585 861 652 899 ex
674 842 891 899 Iudaeis
924 841 1023 911 qui
1049 837 1505 894 circumcisione
1536 832 1894 907 gaudebant,
1929 846 1997 885 eo

342 935 501 1007 quod
529 951 650 988 non
676 934 737 987 in
767 930 1013 986 veritate
1035 927 1183 984 128
1211 920 2002 997 susciperentcircumcisio-

341 1041 499 1087 nem.
521 1022 624 1079 sed
654 1020 1097 1093 dispensatione
1112 1017 1367 1088 quadam
1401 1011 2000 1069 etcondescensione.

342 1114 571 1171 Idcirco
596 1128 716 1166 non
749 1108 970 1181 detegit
1000 1124 1157 1161 nunc
1203 1104 1420 1159 Paulus
1474 1100 2001 1175 dispensationem,

346 1203 450 1260 sed
462 1202 579 1257 alio
596 1199 769 1256 modo
788 1203 996 1253 tractat
1008 1201 1201 1251 astute
1215 1186 2009 1261 sermonem,tanquambel-—

347 1294 473 1357 lum
493 1307 625 1346 cum
650 1291 818 1343 Petro
850 1303 918 1342 ac
943 1285 1173 1340 caeteris
1195 1283 1561 1353 susciperet;
1587 1281 1726 1352 quia
1744 1281 1884 1345 Deo,
1918 1278 2006 1331 in-

350 1376 950 1454 quit.praadicationis
964 1392 1085 1429 sum
1100 1374 1393 1429 rationem
1408 1371 1653 1426 dabunt.
1670 1370 1788 1424 Hoc
1806 1373 2007 1423 autem

348 1476 595 1545 propter
624 1469 866 1523 illorum
899 1463 1397 1520 imbecillitatem.
1433 1484 1461 1510 ‹‹
1494 1462 1634 1515 Esse
1694 1456 1944 1530 aliquid.
1980 1477 2007 1504 »

349 1561 435 1617 Ab
467 1560 559 1615 his
590 1558 692 1629 qui
724 1555 921 1629 magni
952 1571 1084 1609 esse
1114 1552 1487 1617 videbantur,
1510 1565 1725 1619 nempe
1757 1549 1928 1602 Petro
1942 1561 2011 1600 ac

348 1649 580 1706 caeteris
604 1646 809 1718 quales
869 1641 1193 1715 aliquando
1243 1640 1486 1706 fuerint,
1537 1638 1656 1692 sive
1711 1637 1830 1691 Deo
1894 1635 2014 1706 pla-

351 1743 526 1796 ceant
556 1738 675 1792 sive
707 1751 849 1801 non,
884 1750 951 1787 eo
984 1731 1142 1802 quod
1187 1727 1707 1785 circumcisionem
1763 1724 2010 1797 permit-

354 1833 503 1893 tant,
538 1823 1081 1895 nihil,inquit,mea
1111 1818 1443 1886 refert,scio
1476 1816 1636 1871 enim
1668 1814 1826 1885 quod
1850 1813 2011 1885 quis-

356 1934 472 1989 que
485 1918 604 1971 Deo
625 1913 920 1969 rationem
936 1908 1398 1974 reddet,etDeus
1414 1920 1793 1976 nequaquam
1808 1920 1910 1958 eos
1927 1918 2016 1957 ve-

2102 737 2411 811 περιτομήν
2466 740 2876 815 συγχωροῦσιν,
2951 732 3320 812 ἀπεφοίτησαν
3379 728 3439 785 ἃν
3491 727 3669 785 αἰιτῶν
3711 730 3765 784 οἰ

2102 829 2172 899 τῇ
2204 830 2480 901 περιτομῇ
2513 826 2801 901 χαίροντες
2835 825 2883 894 ἐξ
2947 820 3227 880 Ἰουδαίων
3281 819 3487 886 πιστοὶ,
3541 820 3623 873 ὅτι
3686 818 3763 892 μὴ

2107 920 2177 989 τῇ
2209 916 2444 985 ἀληθεία
2474 914 2728 992 ἐδέχοντο
2759 917 2857 985 τήν
2913 913 3245 986 περιτομὴν,
3297 908 3426 967 ἀλλ’
3476 907 3768 982 οἰκονομίᾳ

2107 1006 2198 1060 καὶ
2239 1001 2655 1078 συγκαταϐἀσει.
2717 1011 2875 1067 Ὅθεν
2938 1001 3038 1058 οὒκ
3092 999 3459 1057 ἀνακαλύπτει
3517 1002 3605 1052 νῦν
3665 998 3766 1066 τὴν

2110 1095 2431 1169 οἰκονομίαν
2468 1097 2495 1151 ὁ
2528 1096 2761 1156 Παῦλος.
2794 1092 3018 1154 Ἄλλως
3053 1089 3110 1146 δὲ
3145 1087 3424 1163 μεθοδεύει
3453 1088 3545 1143 τὸν
3575 1086 3768 1161 λόγον,

2112 1185 2189 1246 ὡς
2220 1183 2281 1239 ἄν
2310 1185 2746 1259 ἀπομαχόμενος
2775 1189 2894 1245 τοῖς
2955 1181 3079 1257 περὶ
3133 1179 3361 1250 Πέτρον,
3418 1180 3567 1248 "On,
3614 1176 3771 1254 φησὶ,

2111 1272 2280 1351 λόγον
2316 1272 2584 1330 δώσουσιν
2639 1274 2713 1329 ὧν
2762 1274 3096 1350 κηρύσσουσι
3158 1275 3293 1344 Θείξν
3356 1273 3520 1325 τοῦτο
3579 1264 3637 1323 δὲ
3684 1265 3772 1322 διὸ

2110 1367 2212 1435 τήν
2243 1364 2461 1420 ἐκείνων
2492 1364 2790 1421 ἀσθένειαν.
2826 1390 2852 1415 ‹‹
2887 1363 3044 1420 Εἶναι
3088 1362 3161 1419 τί.
3232 1384 3259 1414 ››
3325 1359 3459 1416 Ἀπὸ
3513 1362 3622 1414 τῶν
3683 1354 3775 1412 δο-

2111 1462 2354 1513 κούντων
2412 1458 2547 1512 εἶναι
2612 1455 2890 1534 μεγάλων,
2951 1462 3062 1512 τῶν
3122 1453 3260 1531 ἀμφὶ
3320 1454 3547 1527 Πέτρον,
3592 1448 3779 1505 ὁποῖοί

2112 1568 2247 1603 ποτε
2277 1548 2433 1616 ἦσαν,
2468 1545 2575 1602 εἴτε
2603 1544 3009 1621 εὒαρεστοῦντες
3058 1548 3199 1615 Θεῷ,
3257 1539 3366 1597 εἴτε
3422 1537 3509 1608 οῦ,
3564 1536 3651 1594 διὰ
3710 1538 3778 1594 τὸ

2117 1643 2430 1712 συγχωρεῖν
2471 1636 2800 1711 περιτομὴν,
2862 1632 2995 1707 ἐγὼ,
3058 1632 3247 1706 φησὶν,
3296 1628 3358 1685 οὗ
3420 1627 3774 1702 διαφέρομαι.

2117 1723 2257 1782 Οἶδα
2296 1726 2399 1801 γὰρ
2433 1725 2515 1780 ὅτι
2572 1722 2737 1799 λόγον
2764 1720 2991 1784 ἕκαστος
3049 1719 3213 1776 δώσει
3270 1724 3407 1792 Θεῷ,
3437 1717 3528 1773 καὶ
3559 1715 3623 1772 οὒ
3679 1714 3779 1771 κᾶν

2118 1812 2315 1873 αὑτοὺς
2348 1814 2375 1867 6
2437 1813 2568 1875 Θεὸς
2599 1811 2915 1888 ἐρυθριάσοι
2962 1808 3052 1865 διὰ
3104 1810 3169 1864 τὸ
3227 1809 3368 1864 εἶναι
3423 1804 3776 1883 κορυφαίους⁶

2120 1929 2147 1956 ‹‹
2183 1902 2485 1979 Πρόσωπον
2520 1904 2622 1979 γὰρ
2656 1902 2786 1963 Θεὸς
2822 1902 3113 1977 ἀνθρώπου
3141 1897 3201 1954 οὐ
3231 1893 3523 1971 λαμϐάνει.
3552 1897 3781 1954 »Τοῦτο

358 2005 590 2062 rebitur
612 2016 952 2073 quanquam
974 1997 1272 2070 coryphaai
1297 1996 1448 2060 sint;
1468 2010 1607 2049 nam
1632 2015 1659 2041 ‹‹
1688 1995 2012 2048 Personam

2143 1994 2179 2049 ἱὶ
2255 1995 2404 2054 ὅπως
2461 1990 2697 2067 εἴρηται,
2755 1987 2863 2045 ἅνω
2939 1986 3393 2066 περιγέγραπται.
3472 2008 3499 2037 ‹‹
3561 1984 3782 2042 Ὀποῖοί

360 2092 623 2149 hominis
638 2092 790 2147 Deus
803 2105 923 2143 non
937 2085 1206 2157 accipit.»
1241 2086 1358 2139 Hoc
1372 2088 1570 2139 autem
1584 2086 1649 2136 ut
1663 2081 1886 2136 dictum
1901 2084 2012 2147 est,

357 2183 631 2255 superius
649 2178 1098 2235 manifestatum
1124 2179 1232 2229 est.
1268 2172 1531 2239 «Quales
1553 2169 1875 2242 aliquando
1888 2169 2014 2224 fue-

358 2269 815 2329 rint.»Ostendit
833 2268 995 2339 ipsos
1017 2282 1257 2336 quoque
1272 2265 1397 2335 jam
1418 2277 1682 2317 cessasse
1696 2278 1769 2317 ne
1784 2259 2020 2332 dispen-

358 2362 541 2417 sative
563 2356 1080 2414 circumcisionem
1096 2353 1353 2424 amplius
1366 2349 1782 2406 concederent.
1816 2350 2017 2419 Neque

358 2452 521 2505 enim
536 2448 705 2512 dixit,
738 2444 955 2511 Quales
968 2443 1107 2511 sint,
1126 2442 1286 2505 sed,«
1313 2441 1529 2505 Quales
1542 2438 1864 2509 aliquando
1891 2436 2020 2491 fue-

359 2541 504 2595 rint.
525 2560 553 2588 »
575 2568 642 2577 —
678 2556 704 2587 α
735 2537 880 2590 Nam
898 2533 1045 2588 mihi
1072 2532 1175 2602 qui
1203 2529 1557 2585 videbantur
1581 2544 1712 2583 esse
1744 2528 1805 2581 in
1830 2525 2020 2598 pretio

365 2628 520 2684 nihil
549 2625 991 2681 contulerunt.»
1047 2623 1219 2676 Juxta
1276 2620 1387 2674 hoc
1435 2623 1637 2674 autem
1685 2617 1807 2671 ait:
1867 2615 2024 2670 Nihil

366 2716 549 2773 refert
576 2714 649 2770 de
680 2714 774 2768 his
805 2729 937 2783 quea
969 2710 1125 2765 circa
1156 2725 1257 2764 eos
1293 2712 1432 2762 sunt
1464 2724 1476 2761 :
1511 2706 1791 2777 quoniam
1825 2703 2028 2759 audita

374 2806 615 2861 interim
643 2819 777 2859 mea
807 2797 1413 2874 praedicationemihil
1434 2802 1537 2851 aut
1557 2794 2029 2850 addideruntaut

373 2893 899 2951 detraxerunt.Eos
929 2894 1128 2945 autem
1152 2888 1253 2959 qui
1286 2902 1415 2941 esse
1446 2885 1507 2939 in
1534 2884 1724 2956 pretio
1742 2882 2028 2937 videban-

376 2984 561 3049 tur,id
595 2988 685 3038 est
714 2997 848 3036 vere
880 2994 1127 3051 magnos
1148 2977 1536 3046 dicit,uempe
1567 2975 1808 3028 Petrum
1839 2976 1899 3027 et
1928 2971 2029 3042 qui

379 3091 513 3132 cum
545 3090 614 3128 eo
645 3075 836 3128 erant.
867 3093 893 3119 ιι
927 3071 1052 3123 Imo
1083 3073 1310 3122 contra.
1345 3088 1372 3115 η
1407 3067 1532 3120 Non
1564 3062 1780 3128 solum,
1813 3060 2031 3132 inquit,

376 3163 527 3219 nihil
545 3164 936 3217 correxerunt
964 3158 1027 3212 in
1058 3172 1193 3211 mea
1223 3154 1666 3226 praedicatione,
1694 3152 1798 3207 sed
1823 3156 2034 3206 contra

378 3254 556 3309 etiam
589 3248 1330 3306 laudaverunt.Estautem
1360 3244 1574 3298 litteras
1606 3241 1899 3297 ordinatio
1923 3240 2034 3294 hu-

2123 2104 2255 2138 ποτε
2283 2083 2441 2151 ἦσαν.
2478 2104 2505 2131 ι)
2541 2080 2783 2136 Δείκνυσι
2815 2080 2907 2134 καὶ
2949 2077 3167 2145 αὺτοὺς,
3230 2073 3338 2147 ἤδη
3398 2074 3783 2147 πεπαυμένους

2122 2176 2220 2227 τοῦ
2251 2170 2616 2244 οἰκονομικῶς
2650 2169 2972 2245 συγχωρεῖν
3018 2167 3345 2241 περιτομήν.
3408 2162 3485 2223 Οἱ)
3537 2164 3642 2240 γὰρ
3700 2164 3788 2218 εἷ-

2124 2292 2240 2338 πεν,
2273 2269 2396 2327 Οῒοί
2425 2266 2567 2331 τινές
2596 2265 2914 2335 εἰσιν.ἀλλ’,
2942 2290 2968 2318 ‹‹
2997 2264 3213 2322 Ὁποῖοί
3236 2284 3369 2319 ποτε
3390 2265 3549 2334 ἦσαν.
3574 2286 3604 2316 ι(
3622 2264 3788 2335 Ἐμοὶ

2128 2362 2231 2438 γὰρ
2265 2360 2317 2414 οἳ.
2349 2356 2656 2426 δοκοῦντες,
2690 2354 2843 2412 οῦδὲν
2890 2353 3303 2431 προσανέθεντο.
3350 2380 3372 2408 ι
3436 2352 3585 2411 Κατὰ
3621 2356 3789 2409 τοῦτο

2130 2448 2209 2518 δὲ,
2241 2449 2425 2526 φησὶν,
2454 2447 2515 2503 οὐ
2549 2442 2789 2525 διαφέρει
2834 2446 2901 2500 τὰ
2952 2446 3082 2518 παρ’
3132 2442 3331 2514 αὒτῶν,
3365 2443 3452 2499 ’ὁτι
3505 2440 3640 2504 τέως
3688 2446 3791 2499 τοῦ

2132 2540 2267 2613 ἐμοῦ
2325 2537 2680 2612 κηρύγματος
2739 2535 3089 2601 ἀκούσαντες,
3126 2529 3279 2587 οὐδὲν
3334 2531 3370 2601 ἢ
3423 2531 3790 2607 προσέθηκαν,

2132 2633 2167 2699 ἢ
2201 2624 2450 2702 ἀφεῖλον·
2497 2622 2789 2687 δοκοῦντας
2846 2621 2924 2693 δὲ,
2984 2625 3103 2678 οἷον
3173 2620 3449 2697 μεγάλους
3507 2620 3596 2675 καὶ
3629 2619 3790 2683 ὄντας

2132 2714 2264 2777 τοὺς
2291 2716 2413 2789 περὶ
2455 2717 2657 2790 Πέτρον
2715 2712 2900 2791 φησίν.
2962 2737 2990 2765 ‹‹
3049 2709 3228 2769 Ἀλλᾶ
3278 2709 3610 2766 τούναντίον.
3646 2733 3674 2761 ››
3705 2710 3788 2768 Οὐ

2142 2805 2327 2879 μόνον,
2387 2802 2573 2883 φησὶν,
2657 2799 2807 2856 οὒδέν
2878 2797 3197 2875 διώρθωσαν
3270 2801 3368 2853 τοῦ
3422 2796 3559 2872 ἐμοῦ
3617 2798 3794 2871 κηρύ-

2136 2913 2365 2970 γματος,
2414 2891 2562 2947 ἀλΛὰ
2614 2889 2951 2958 τοὺναντίον,
3008 2890 3098 2943 καὶ
3129 2887 3417 2961 ἐπῄνεσαν.
3461 2891 3527 2943 Ἠ
3578 2884 3634 2942 δέ
3663 2887 3786 2940 σύν-

2137 2984 2287 3055 ταξις
2330 2983 2490 3052 αὕτη·
2523 3003 2544 3031 ι
2578 2979 2756 3037 Ἀλλὰ
2782 2978 3125 3045 τοὸναντίον,
3162 2975 3366 3040 ἰδόντες
3398 2975 3481 3032 ὅτι
3503 2975 3793 3032 πεπίστευ-

2147 3094 2242 3148 μαι
2282 3072 2344 3127 τὸ
2376 3068 2717 3147 Εὗαγγέλιον
2777 3076 2877 3138 τῆς
2936 3062 3323 3142 ἀκροϐυστίας,
3359 3091 3386 3118 ››
3445 3069 3480 3137 ἡ
3539 3063 3799 3127 ἀπόδοσις

2148 3161 2281 3238 μετᾶ
2310 3159 2517 3229 πολλὰ,
2552 3185 2579 3211 ‹‹
2610 3159 2816 3230 Δεξιὰς,
2846 3159 3030 3234 φησὶν,
3056 3151 3263 3212 ἔδωκαν
3296 3155 3419 3230 ἐμοὶ
3444 3156 3534 3212 καὶ
3554 3152 3806 3229 Βαρνάϐᾳ

2145 3251 2456 3313 κοινωνίας.
2495 3274 2522 3302 ››
2550 3252 2733 3306 Τοῦτο
2766 3249 2861 3304 οῦν
2894 3246 3004 3302 ἐστι
3036 3251 3133 3301 τοῦ
3166 3244 3530 3321 διορθωοῆναι
3558 3247 3621 3303 τὸ
3652 3244 3807 3301 ἐναν-

365 3340 633 3414 jusmodi
658 3355 717 3394 :«
735 3340 859 3393 Imo
881 3342 1121 3392 contra:
1154 3350 1291 3389 cum
1318 3332 1606 3387 vidissent
1625 3329 2033 3385 concreditum

381 3433 403 3443 Α
446 3432 458 3443 ο
657 3429 692 3443 ιι
724 3428 735 3440 ο
780 3428 818 3443 n
950 3442 959 3443 κ
990 3426 1046 3443 ,I-
1075 3441 1143 3443 -,,,
1178 3423 1448 3443 _,~,,A,-_12:
1535 3426 1666 3443 ___L
1710 3420 1892 3443 _.__IA-
1931 3436 2032 3443 ---Α

2144 3343 2285 3410 τίον,
2336 3340 2397 3395 τὸ
2428 3338 2519 3394 καὶ
2552 3335 2728 3409 δεξιὰς
2757 3333 2969 3406 λαϐεῖν,
3005 3337 3035 3391 ὅ
3063 3339 3131 3405 ἦν
3191 3333 3386 3411 δεῖγμα
3449 3340 3547 3390 τοῦ
3603 3332 3805 3391 ἀποδέ-

2256 3432 2278 3443 Α
2440 3428 2453 3443 ς
2502 3432 2530 3443 αι
2666 3427 2680 3443 \
2803 3428 2816 3443 Ι
3179 3426 3248 3443 ηυξ
3314 3424 3381 3443 π’
3505 3422 3549 3443 l‘
3743 3433 3771 3443 -

376 3432 562 3490 fuisse
593 3428 737 3483 mihi
780 3426 1153 3498 Evangelium
1178 3423 1511 3495 praeputii,»
1535 3426 1670 3493 post
1710 3420 1901 3475 multa
1930 3436 2036 3473 suo

380 3519 576 3576 tenori
608 3516 879 3572 redditur
907 3515 1117 3580 oratio,
1142 3536 1171 3563 «
1206 3515 1451 3567 llextras
1481 3511 1775 3566 dederunt
1806 3509 1951 3563 mihi
1983 3512 2041 3562 et

385 3607 668 3666 Barnabm
700 3603 1019 3661 societatis.
1057 3626 1084 3652 »
1115 3604 1233 3658 Hoc
1265 3602 1442 3675 igitur
1476 3605 1705 3656 tantum
1736 3598 1943 3666 abfuit,
1975 3603 2042 3653 ut

382 3699 782 3773 corrigeretur
811 3694 928 3749 mei
952 3692 1314 3765 praedicatio,
1349 3697 1414 3746 ut
1443 3691 1623 3745 etiam
1656 3689 1891 3744 dextras
1942 3704 2043 3742 so-

382 3790 614 3847 cietatis
672 3787 1031 3858 acciperent,
1060 3783 1218 3855 quod
1251 3782 1539 3837 indicium
1567 3785 1659 3837 est
1696 3797 1792 3835 me
1835 3795 2042 3834 eorum

386 3878 875 3953 praadicationem
904 3874 1225 3946 suscipere.
1247 3895 1273 3923 «
1297 3870 1677 3943 Evangelium
1709 3869 2037 3941 praeputii,u

389 3970 449 4025 id
481 3974 591 4033 est,
622 3967 890 4039 gentium
940 3963 1429 4034 praeputiatarum
1489 3961 1608 4016 sive
1668 3958 2046 4014 incircumci-

390 4075 614 4116 sarum.
642 4055 971 4112 Considera
999 4058 1197 4107 autem
1229 4058 1530 4122 quomodo
1580 4049 1841 4120 seipsum
1874 4050 2047 4102 Petro

393 4146 686 4219 aequalem
716 4144 930 4200 faciat:
963 4158 1101 4197 nam
1133 4141 1246 4196 hoc
1272 4157 1431 4195 nunc
1461 4155 1608 4211 opus
1641 4143 1768 4193 erat
1798 4153 1916 4207 quo
1939 4137 2050 4192 Ga-

391 4246 529 4303 latis
561 4243 678 4299 fide
708 4242 922 4314 dignus
951 4257 1082 4295 esse
1122 4238 1440 4293 videretur.
1475 4260 1502 4287 υ
1536 4235 2048 4301 Quemadmodum

392 4328 590 4391 Petro.
619 4354 646 4380 »ι
673 4331 730 4385 Si
761 4328 1011 4384 dixisset
1040 4328 1260 4383 Paulus
1291 4328 1529 4381 Petrum
1563 4331 1623 4380 et
1652 4330 1897 4380 cmteros
1928 4323 2054 4380 dis-

394 4420 737 4497 pensatorie
770 4417 1285 4474 circumcisionem
1328 4432 1582 4481 servare,
1630 4415 1788 4470 visus
1845 4414 2056 4469 fuisset

397 4515 524 4586 ipse
556 4525 792 4582 quoque
816 4524 947 4562 eam
978 4505 1302 4561 concedere
1329 4522 1341 4559 :
1376 4512 1435 4561 et
1463 4505 1545 4560 ita
1563 4505 2059 4560 ostensusfuisset

398 4603 471 4661 ad
504 4618 606 4658 eos
637 4613 948 4655 accurrere
971 4612 1106 4651 cum
1137 4594 1355 4667 quibus
1385 4611 1534 4667 opus
1566 4599 1694 4649 erat
1727 4594 2055 4650 decertare.

399 4696 543 4751 Nam
568 4690 616 4747 si
644 4691 856 4745 Petrus
887 4690 1045 4743 recte
1079 4685 1200 4757 agit
1228 4684 1631 4749 concedendo,
1680 4701 1786 4740 cur
1815 4702 1935 4740 non
1968 4685 2057 4738 si-

2147 3432 2342 3507 χεσθαι
2396 3428 2572 3484 αὐτῶν
2625 3427 2690 3482 τὸ
2745 3428 3030 3501 κήρυγμα.
3092 3450 3119 3477 ‹‹
3179 3426 3259 3481 Τὸ
3314 3422 3648 3502 Εὗαγγέλιον
3706 3433 3808 3495 τῆς

2148 3514 2531 3594 ἀκροϐυστίας.
2593 3540 2620 3567 υ
2679 3517 2811 3573 Οἷον
2875 3518 2982 3570 τῶν
3034 3508 3386 3584 ἀκροϐύστων
3446 3511 3636 3569 ἐθνῶν.
3667 3515 3806 3586 Ὀρα

2149 3615 2206 3673 δὲ
2235 3620 2355 3677 πῶς
2399 3615 2587 3672 ἑαυτὸν
2642 3612 2812 3683 ἐξισοῖ
2863 3618 2943 3686 τῷ
3009 3611 3220 3688 Πέτρῳ.
3278 3611 3491 3668 Τούτου
3549 3612 3651 3688 γὰρ
3712 3615 3802 3666 νῦν

2150 3704 2311 3782 χρεία
2338 3703 2425 3774 ἦν,
2455 3705 2547 3758 ἳνα
2604 3699 2802 3782 δειχθῇ
2854 3698 3127 3763 Γαλάταις
3168 3701 3499 3772 ἀξιόπιστος.
3536 3726 3563 3753 ‹‹
3610 3702 3807 3767 Καθὼς

2153 3794 2378 3862 Πέτρος.
2403 3817 2429 3846 n
2470 3826 2520 3836 —
2549 3794 2764 3867 [ΦΩἸ“.]
2789 3791 2849 3846 Εἰ
2878 3790 3020 3847 εἶπεν
3055 3791 3082 3845 6
3115 3788 3329 3853 Παῦλος
3347 3791 3464 3845 κατ’
3487 3789 3805 3863 οἰκονομίαν

2152 3886 2407 3959 πράττειν
2465 3886 2565 3951 τήν
2617 3882 2922 3956 περιτομήν
2972 3881 3100 3942 τοὺς
3157 3881 3281 3953 περὶ
3341 3881 3566 3957 Πέτρον,
3627 3879 3803 3953 ἔδοξεν

2155 3974 2212 4029 ἂν
2247 3973 2336 4029 καί
2370 3972 2531 4035 αὐτὸς
2556 3970 2761 4041 ταύτην
2821 3976 3147 4046 συγχωρεῖν,
3207 3971 3298 4025 καὶ
3358 3970 3533 4033 οὕτως
3592 3971 3809 4044 μᾶλλον

2155 4063 2466 4139 συντρέχων
2500 4058 2775 4116 ἐδείκνυτο
2806 4056 2888 4131 ἃν,
2930 4062 3013 4121 οἷς
3048 4059 3202 4136 ἔργον
3260 4061 3374 4136 εἶχε
3424 4058 3711 4133 πολεμεῖν.
3748 4060 3812 4118 Εἰ

2156 4156 2258 4228 γὰρ
2302 4152 2502 4225 Πέτρος
2530 4150 2717 4213 καλῶς
2744 4154 2894 4205 ποιεῖ
2923 4150 3255 4227 συγχωρῶν,
3320 4149 3373 4205 τί
3429 4152 3505 4224 μή
3540 4151 3635 4205 καὶ
3690 4149 3754 4205 σύ
3795 4167 3811 4220 ;

2158 4240 2313 4322 φησί.
2345 4240 2413 4298 Τί
2464 4236 2521 4295 δὲ
2550 4238 2641 4295 καὶ
2688 4238 2878 4313 μέμφῃ
2926 4244 3157 4311 πικρῶς,
3214 4241 3280 4310 ἣν
3341 4239 3658 4312 οἰκονομίαν
3718 4261 3815 4294 κα-

2160 4329 2277 4392 λεῖς
2306 4350 2319 4397 ;
2353 4331 2456 4386 Ἔα
2484 4325 2736 4403 πράττειν
2796 4327 2887 4383 καὶ
2942 4330 3017 4400 μὴ
3070 4327 3318 4401 ἐπιτίμα,
3357 4331 3448 4384 καὶ
3502 4329 3577 4392 ὡς
3610 4328 3671 4385 ἄν
3728 4351 3814 4386 σοι

2162 4418 2326 4503 φίλον
2378 4417 2635 4491 ὀνόμαζε,
2696 4416 2803 4473 εἷ’τε
2886 4417 3229 4491 οἰκονομίαν,
3316 4416 3422 4473 εἴτε
3496 4415 3676 4494 δόγμα
3725 4419 3816 4474 καὶ

2164 4502 2469 4583 ἆκρίόειαν.
2496 4510 2676 4564 Ταῦτα
2706 4504 2765 4561 ἄν
2812 4505 2901 4561 καὶ
2934 4504 3257 4584 ἐλογίζοντο
3287 4506 3378 4563 καὶ
3438 4503 3624 4582 ἔλεγον
3680 4509 3820 4582 πρὸς

2164 4600 2257 4654 τὸν
2289 4597 2531 4666 Παῦλον,
2564 4596 2780 4652 εἰκατᾶ
2820 4595 3136 4669 οἰκονομίαν
3185 4597 3303 4652 εἶπε
3359 4597 3485 4658 τοὺς
3534 4597 3658 4672 περὶ
3711 4597 3822 4654 1Ιὲ-

2164 4708 2291 4762 τρον
2319 4688 2419 4755 τὴν
2448 4687 2753 4761 περιτομὴν
2803 4681 3220 4748 καταδέκεσθαι.
3255 4688 3423 4760 Ψυχὴ
3483 4687 3586 4764 γὰρ
3621 4685 3823 4758 ἐπτοη-

399 4782 625 4839 militer
657 4784 714 4833 et
743 4784 805 4832 tu
838 4776 961 4849 agis
983 4775 1011 4829 ?
1049 4791 1232 4846 quare
1263 4790 1402 4829 vero
1444 4773 1654 4829 acerbe
1686 4775 1861 4828 etiam
1896 4771 2035 4826 indi-

2173 4758 2303 4849 μένη
2350 4776 2472 4849 περί
2520 4758 2606 4842 τι,
2669 4778 2865 4849 μικρᾶς
2921 4774 3012 4829 καὶ
3066 4781 3167 4843 τῆς
3224 4758 3507 4849 τυχούσης
3563 4776 3823 4853 ἀφορμῆς

400 4871 602 4945 gnaris
633 4867 707 4923 ob
739 4865 798 4921 id
830 4862 989 4936 quod
1019 4880 1192 4918 voces
1221 4861 1731 4934 dispensationem
1763 4861 1941 4916 ?sine
1958 4877 2060 4916 eos

406 4976 601 5031 agere,
622 4972 732 5012 nec
756 4953 1158 5026 reprehendas
1189 4969 1203 5018 ;
1228 4958 1285 5006 et
1306 4952 1475 5023 quasi
1506 4952 1612 5007 tibi
1635 4957 1867 5024 gratum
1881 4955 2059 5017 esset,

406 5054 511 5105 aut
539 5043 1050 5117 dispensationem
1083 5041 1329 5097 nomina
1356 5046 1459 5096 aut
1478 5041 1696 5114 dogma
1726 5042 1846 5095 sive
1860 5045 2060 5096 caute-

408 5139 551 5195 lam.
573 5135 707 5189 Haac
741 5149 881 5188 sane
905 5138 964 5187 et
993 5132 1353 5204 cogitassent
1382 5137 1439 5187 et
1470 5130 1761 5188 dixissent
1782 5129 2064 5185 adversus

410 5223 740 5289 Paulum,si
770 5224 1007 5276 Petrum
1041 5237 1179 5276 cum
1212 5222 1334 5275 suis
1366 5220 1614 5275 dixisset
1634 5219 2064 5290 dispensatorie

411 5311 929 5374 circumcisionem
989 5310 1313 5381 suscipere.
1379 5310 1529 5366 729
1601 5309 1848 5365 Animus
1906 5309 2064 5363 enim

414 5406 620 5480 quavis
664 5403 727 5457 in
785 5418 847 5455 re
892 5405 1312 5456 consternatus
1367 5418 1434 5455 ac
1484 5399 1745 5466 territus,
1835 5398 2069 5455 modica

413 5494 1137 5561 occasione,quazcunque
1169 5490 1273 5545 illa
1304 5490 1531 5561 sitque:
1564 5506 1625 5544 se
1657 5490 1887 5553 oﬂ‘erat,
1911 5504 2071 5543 acce-

410 5592 532 5660 pta,
565 5598 697 5639 eam
727 5579 913 5647 magis
945 5578 1055 5633 sibi
1089 5578 1351 5633 vindicat
1382 5584 1441 5633 et
1497 5577 1895 5649 amplectitur.
1931 5576 2067 5633 Ideo

413 5672 633 5732 Paulus
660 5668 981 5725 admodum
1006 5667 1308 5738 sapienter
1339 5683 1677 5722 sermonem
1725 5666 1967 5738 quidem
1999 5666 2070 5723 de

417 5759 862 5833 dispensatione
893 5757 1139 5813 omnino
1170 5755 1399 5823 reticet,
1433 5755 1551 5810 imo
1610 5755 1829 5812 factum
1863 5773 2070 5828 aspere

420 5847 850 5922 reprehendit;
912 5852 970 5902 et
1020 5850 1304 5914 tanquam
1374 5849 1844 5919 transgressores
1915 5849 2074 5901 certe

2171 4860 2478 4938 λαϐομένη,
2514 4861 2680 4919 πλέον
2715 4860 2862 4935 αἱ)τῷ
2915 4863 3216 4919 οἷ’κειοῦται
3272 4864 3362 4918 καὶ
3411 4867 3824 4939 περιπλέκεται.

2174 4954 2266 5010 Διὸ
2299 4956 2481 5029 σοφῶς
2515 4951 2642 5025 ἃγαν
2677 4951 2704 5006 6
2765 4949 3002 5016 Παῦλος,
3061 4953 3124 5008 τὸ
3186 4953 3279 5025 μὶν
3342 4959 3443 5022 τῆς
3505 4953 3825 5027 οἰκονομίας

2173 5041 2321 5104 ὅλως
2362 5042 2674 5111 ἀποσιωπᾷ,
2735 5037 2979 5116 δριμέως
3034 5038 3090 5097 δὲ
3148 5042 3475 5097 καθάπτεται
3533 5050 3636 5113 τῆς
3686 5046 3828 5119 πρά-
3875 5061 3881 5065 ’

2174 5134 2327 5205 ξεως,
2380 5130 2469 5186 καὶ
2528 5129 2603 5191 ὡς
2669 5133 3121 5205 παρανομοῦντας
3198 5125 3359 5200 δῆθεν
3420 5129 3644 5207 ἓλέγχες
3696 5132 3829 5196 τοὺς

2175 5219 2658 5297 συγχωρήσαντας,
2685 5215 2774 5272 ’ίνα
2834 5223 2912 5289 τῷ
2972 5215 3194 5295 σφοδρῷ
3249 5226 3352 5289 τῆς
3412 5220 3535 5297 περὶ
3591 5221 3831 5286 ἐκείνους

2180 5308 2573 5382 ἐπιτιμήσεως,
2634 5306 2762 5369 τοὺς
2822 5308 3049 5378 ἀληθῶς
3105 5313 3560 5383 παρανομοῦντας
3617 5314 3834 5384 πτοήσῃ

2178 5398 2267 5453 καὶ
2328 5396 2717 5473 διορθώσηται.
2780 5398 2873 5451 Διὸ
2930 5396 3018 5452 καὶ
3096 5395 3391 5461 δοκοῦντας
3466 5399 3682 5470 αὐτοὺς,
3742 5403 3830 5456 καὶ

2179 5488 2685 5563 κατεγνωσμένους,
2744 5486 2833 5541 καὶ
2896 5487 3384 5562 ὑποκρινομένους,
3414 5490 3504 5542 καὶ
3569 5491 3647 5563 μὴ
3681 5491 3837 5562 ὀρθο-

2181 5573 2501 5645 ποδοῦντας,
2533 5575 2595 5630 οὐ
2623 5576 2965 5651 παραιτεῖταί
3005 5574 3217 5645 καλεῖν,
3261 5575 3354 5631 ’ἰνα
3415 5577 3577 5649 μόνον
3627 5579 3690 5635 τὸ
3737 5584 3837 5635 τοῦ

2184 5665 2427 5740 Χριστοῦ
2458 5667 2721 5740 κήρυγμα
2764 5660 3063 5740 βεϐαιώσῃ.
3118 5664 3306 5726 Οὕτως
3361 5663 3642 5737 ἀλλήλοις
3701 5669 3838 5746 ὁπὶρ

2183 5758 2282 5810 τοῦ
2340 5753 2699 5828 κηρύγματος
2758 5752 3035 5829 ἐθάρῥουν,
3084 5753 3174 5808 καὶ
3229 5753 3546 5829 τηλικούτῳ
3599 5754 3837 5814 έδέδενῖο

2187 5840 2495 5916 συνδέσμῳ,
2522 5841 2597 5902 ὼς
2627 5837 2843 5912 δεῆσαν,
2877 5841 2937 5897 ἃν
2966 5843 3112 5899 οὕτω
3159 5844 3324 5921 τύχῃ,
3359 5842 3448 5901 διὰ
3502 5852 3603 5929 τῆς
3656 5845 3839 5920 ἀλλή.
