4098 6382
310 483 465 546 1109

1349 485 1760 545 ΟΟΜΜΕΝΤ.
1809 485 1887 544 IN
1939 485 2188 544 EPIST.
2235 484 2338 544 AD
2385 484 2660 544 GALAT.

3569 488 3727 548 1110

308 617 422 672 λων
452 615 847 689 καταγνώσεως
879 617 971 671 τὸν
1010 621 1107 672 τοῦ
1163 617 1516 691 κηρύγματος
1572 619 1958 690 κραταιοῦσθαι

2083 617 2268 689 arguit
2296 633 2396 671 eos
2431 617 2531 687 qui
2553 622 2988 684 concesserant,
3021 623 3085 673 ut
3133 620 3506 675 vehementia
3535 620 3728 676 incre-

309 703 499 781 λόγον,
533 702 676 777 μηδέ
705 709 873 760 τοῦτο
909 709 1302 780 παραιτεῖσθαι.
1339 706 1443 762 Καὶ
1495 703 1584 760 ’ίνα
1631 709 1798 760 τοῦτο
1861 704 1964 778 μά·-

310 806 410 870 θῃς
444 789 710 868 ἀκριϐῶς,
770 795 981 849 σκόπει·
1043 794 1256 857 Παῦλος
1312 793 1402 850 διὰ
1456 798 1564 849 τῶν
1622 793 1962 850 Ἐπιστολῶν

311 885 708 958 καταγινώσκει
741 885 971 959 Πέτρου,
1013 885 1102 939 καὶ
1137 885 1338 959 Πέτρος
1372 882 1462 938 διὰ
1505 891 1605 954 τῆς
1641 883 1968 954 Ἐπιστολῆς

309 971 646 1046 ἐγκωμιάζει
675 971 913 1038 Παῦλον,
947 974 1155 1035 καὶτὰς
1207 976 1556 1042 Ἐπιπολὰς,
1614 973 1801 1052 σοφίας
1832 979 1968 1030 Θεοῦ

306 1063 397 1117 καὶ
433 1063 663 1141 χάριτος
707 1062 844 1116 εἶναι
880 1060 1112 1136 πλήρεις
1149 1068 1432 1137 μαρτυρεῖ,
1491 1063 1579 1117 καὶ
1638 1063 1765 1125 τοὺς
1798 1063 1964 1134 ἀστη-

310 1151 557 1226 ρίκτους,
594 1153 683 1205 τὸν
740 1151 792 1206 έν
845 1152 1030 1213 αὐταῖς
1072 1153 1446 1228 κεκρυμμένον
1512 1157 1662 1220 νοῦν,
1725 1152 1788 1208 οὐ
1846 1175 1968 1207 συν-

311 1242 470 1306 ιέναι,
504 1239 652 1295 ἀλλά
688 1241 776 1294 καὶ
810 1238 1148 1315 διαστρέφειν
1196 1237 1420 1312 ἀναϐοᾷ.
1483 1239 1711 1303 Ἀλλῶς
1742 1239 1820 1308 δὲ,
1876 1243 1966 1298 καὶ

310 1331 530 1394 Παῦλος
585 1330 718 1404 ὑπὲρ
758 1334 854 1384 τοῦ
913 1330 1263 1406 κηρύγματος
1353 1334 1520 1386 ταῦτα
1575 1331 1699 1406 περὶ
1761 1331 1965 1406 Πέτρου

309 1419 506 1495 λέγων,
539 1421 674 1474 κατά
705 1418 851 1474 πολὺ
884 1418 1050 1475 πλέον
1110 1422 1300 1475 ἑαυτοῦ
1356 1420 1598 1494 περιέπει
1651 1426 1842 1476 τοῦτον
1874 1423 1962 1478 καὶ

303 1514 460 1581 τιμᾷ.
488 1509 555 1565 Τί
588 1509 691 1583 γάρ
723 1507 864 1562 ἐστιν
900 1510 976 1572 εἰς
1008 1507 1175 1584 λόγον
1210 1504 1443 1583 ῦϐρεως,
1476 1510 1538 1566 τὸ
1569 1507 1746 1564 δοκεῖν
1775 1510 1863 1564 καὶ
1886 1511 1962 1584 μὴ

305 1595 655 1673 ὁρθοποδεῖν,
688 1599 824 1671 πρὸς
845 1599 904 1652 τὸ
938 1599 1180 1666 ἀνάθεμα
1211 1599 1348 1654 εἶναι
1383 1599 1488 1654 ἀπὸ
1545 1603 1640 1652 τοῦ
1681 1603 1914 1672 Χριστοῦ
1947 1621 1962 1664 ξ

307 1711 338 1739 ‹‹
369 1690 484 1756 Τῆς
515 1695 846 1761 περιτομῆς,
885 1713 912 1736 n
946 1688 1086 1754 οἷον,
1118 1693 1227 1742 τῶν
1266 1685 1567 1744 Ἰουδαίων.

2077 706 2338 777 pationis
2370 706 2530 761 circa
2563 706 2717 772 illos,
2752 713 3001 762 terreret
3031 725 3099 762 ac
3129 709 3451 780 corrigeret
3491 725 3592 765 eos
3625 711 3728 781 qui

2071 812 2206 850 vere
2236 801 2701 867 transgressores
2717 803 2886 851 erant
2911 814 2923 850 :
2953 797 3085 853 ideo
3103 815 3339 868 quoque
3361 815 3475 853 non
3500 805 3734 854 veretur

2077 886 2236 956 ipsos
2265 885 2459 940 dicere
2491 885 2644 940 visos
2676 886 2737 940 in
2786 887 2976 957 pretio
3013 903 3162 954 esse,
3222 894 3280 941 et
3332 889 3730 959 reprehensos

2077 991 2145 1029 ac
2177 963 2508 1036 simulatos,
2543 981 2602 1030 et
2631 992 2750 1030 non
2808 983 2966 1030 recte
3025 977 3387 1045 incedentes,
3423 978 3612 1032 solum
3662 984 3731 1034 ut

2077 1065 2293 1120 Christi
2309 1065 2790 1135 praedicationem
2803 1066 3187 1120 conﬁrmaret
3205 1085 3217 1120 :
3240 1073 3466 1121 tantum
3495 1068 3726 1123 fiduciae

2079 1153 2150 1208 de
2183 1171 2244 1209 se
2278 1160 2484 1208 mutuo
2517 1171 2696 1226 super
2723 1155 3142 1225 praedicatione
3177 1156 3726 1227 habebanttalique

2076 1246 2498 1315 conjunctione
2538 1245 2789 1299 connexi
2849 1250 3037 1311 erant,
3100 1252 3164 1299 ut
3210 1253 3507 1316 optarent,
3555 1247 3603 1301 si
3650 1246 3732 1302 ita

2077 1351 2170 1390 res
2200 1335 2515 1406 ferretper
2544 1341 2810 1389 mutuam
2842 1336 3410 1406 compensationem,
3443 1336 3732 1406 praedica-

2077 1425 2254 1478 tionis
2277 1424 2617 1479 conﬁrmari
2641 1441 3002 1487 sermonem,
3018 1441 3210 1495 neque
3236 1426 3346 1479 hoc
3369 1425 3723 1481 devitarent.

2076 1516 2262 1584 thue
2295 1514 2404 1568 hoc
2437 1515 2700 1584 apertius
2731 1514 2944 1578 discas,
2978 1514 3291 1569 considera
3325 1515 3571 1570 :Paulus
3603 1516 3726 1572 suis

2075 1602 2357 1673 Epistolis
2387 1601 2745 1657 condemnat
2772 1605 3031 1658 Petrum.
3069 1605 3276 1658 Petrus
3307 1620 3439 1658 vero
3473 1621 3579 1658 sua
3600 1604 3730 1675 Epi-

2077 1691 2230 1746 stola
2258 1690 2559 1745 collaudat
2613 1691 2865 1746 Paulum
2897 1695 2940 1754 ³,
2987 1692 3234 1762 ejusque
3297 1693 3584 1763 Epistolas
3624 1692 3728 1748 Dei

311 1779 612 1849 sapientia
643 1784 701 1832 et
729 1779 918 1850 gratia
947 1778 1154 1850 plenas
1181 1795 1310 1834 esse
1344 1785 1612 1844 testatur,
1639 1785 1697 1834 et
1725 1795 1938 1850 parum
1961 1780 2166 1835 ﬁrmos
2196 1780 2474 1835 latentem
2534 1781 2595 1834 in
2648 1780 2770 1835 illis
2827 1797 2946 1834 non
2998 1781 3232 1851 assequi
3293 1798 3558 1847 sensum,
3616 1799 3720 1837 seu

308 1874 646 1939 pervertere
671 1868 1022 1923 conclamat.
1059 1871 1353 1922 Praeterea
1385 1885 1519 1923 vero
1552 1869 1729 1923 etiam
1764 1868 1984 1924 Paulus
2016 1870 2116 1940 qui
2151 1870 2308 1924 circa
2339 1869 2824 1941 praedicationem
2858 1871 2982 1924 haec
3015 1869 3086 1924 de
3117 1872 3290 1925 Petro
3325 1871 3487 1938 dicit,
3549 1871 3722 1943 longe

305 1957 568 2028 amplius
603 1973 782 2028 quam
818 1957 1078 2028 seipsum
1114 1958 1270 2012 hunc
1295 1958 1510 2013 excolit
1540 1963 1598 2012 et
1629 1958 1902 2013 honorat.
1937 1957 2088 2024 Quid
2119 1960 2277 2014 enim
2312 1964 2402 2013 est
2430 1959 2488 2012 in
2523 1975 2795 2014 sermone
2836 1959 3173 2025 calumnias,
3233 1959 3415 2014 videri
3476 1961 3535 2015 in
3588 1977 3721 2032 pre-

313 2047 395 2100 tio
430 2063 576 2106 esse.
607 2051 662 2100 et
685 2063 804 2101 non
835 2051 993 2101 recte
1027 2046 1326 2113 incedere,
1353 2047 1400 2100 si
1432 2047 1706 2102 conferas
1735 2047 1809 2102 ad
1843 2048 2162 2103 anathema
2191 2064 2322 2103 esse
2380 2065 2414 2102 a
2472 2047 2704 2102 Christo
2725 2047 2752 2102 ‘2
2784 2069 2810 2097 ‹‹
2844 2047 3351 2116 Circumcisionis,
3410 2070 3437 2096 ››
3493 2049 3604 2104 hoc
3635 2055 3733 2104 est

308 2135 666 2190 Judaaorum.

383 2223 478 2276 Καὶ
515 2223 731 2298 γνόντες
761 2224 858 2290 τήν
897 2225 1059 2298 χάριν
1103 2225 1200 2290 τήν
1259 2221 1505 2287 δοθεῖσάν
1577 2245 1670 2296 μοι
1703 2219 1962 2286 Ἰάκωϐος
1993 2231 2037 2294 Β

302 2313 396 2366 καὶ
431 2316 620 2390 Κηφᾶς
652 2313 739 2367 καὶ
778 2313 1057 2382 Ἰωάννης,
1119 2315 1170 2367 οἱ
1231 2311 1514 2375 δοκοῦντες
1574 2311 1764 2368 στῦλοι
1797 2315 1957 2381 εἶναι,

303 2399 482 2474 δεξιὰς
515 2398 720 2456 ἔδωκαν
754 2401 879 2475 ἐμοὶ
911 2404 997 2457 καὶ
1039 2398 1286 2477 Βαρνάϐᾳ
1317 2403 1624 2471 κοινωνίας,
1669 2401 1758 2457 ’ίνα
1796 2406 1960 2476 ἡμεῖς

300 2490 378 2552 εἷς
407 2492 474 2546 τὰ
506 2486 654 2562 ἔθνη,
689 2492 842 2546 αὐτοὶ
876 2490 934 2546 δὲ
964 2493 1041 2554 εἰς
1099 2495 1200 2562 τὴν
1254 2494 1586 2569 περιτομὴν,
1651 2492 1813 2564 μόνον
1852 2497 1960 2548 τῶν

297 2584 546 2658 πτωχῶν
577 2580 664 2635 ἳνα
698 2581 1148 2656 μνημονεύωμεν.
1200 2585 1266 2640 Ὃ
1324 2584 1414 2637 καὶ
1474 2579 1780 2638 ἐσπούδασα
1835 2581 1966 2637 αὐτὸ

296 2674 468 2726 τοῦτο
491 2677 740 2740 ποιῆσαι.

380 2875 408 2900 (ι
450 2850 552 2905 Καὶ
595 2850 810 2924 γνόντες
838 2854 938 2921 τήν
971 2851 1149 2926 Χάριν.
1181 2855 1334 2922 »Τῆς
1367 2851 1616 2923 δοθείσης
1634 2853 1782 2923 αῦτῷ
1804 2853 1967 2928 χάρι-

306 2959 405 3000 τος
435 2938 564 2998 τοὺς
597 2939 718 3013 περί
753 2941 956 3014 Πέτρον
985 2942 1212 3017 παράγει
1249 2943 1543 3017 μάρτυρας.
1590 2966 1617 2994 ι(
1650 2943 1718 2999 Οἱ
1741 2939 1968 2996 δοκοῦν-

306 3049 399 3088 τες
434 3028 648 3084 στῦλοι.
677 3053 705 3081 ››
747 3029 814 3086 Οἱ
847 3028 1021 3099 ὄντες,
1055 3032 1210 3108 φησὶ,
1237 3029 1431 3086 στῦλοι
1460 3039 1560 3099 τῆς
1592 3031 1846 3097 πίστεως,
1877 3030 1966 3084 καὶ

311 3123 442 3188 πᾶσι
474 3115 787 3180 δοκοῦντες.
840 3145 866 3171 ‹‹
902 3121 1084 3189 Δεξιάς
1116 3117 1342 3176 ἔδωκαν.
1379 3148 1398 3174 ι
1435 3123 1550 3176 Ὃτι
1589 3121 1768 3188 κοινὰ,
1809 3119 1964 3199 φησὶ,

317 3209 387 3261 τὰ
418 3205 684 3280 δόγματα,
719 3211 804 3264 καὶ
841 3211 924 3264 ὅτι
956 3210 1252 3272 κοινωνοὺς
1283 3213 1430 3283 ἡμᾶς
1493 3211 1716 3272 ἑαυτοὺς
1763 3209 1966 3280 ἐποιή-

319 3316 474 3349 σαντο
497 3296 572 3358 εἰς
602 3297 665 3352 τὸ
694 3300 1085 3375 κήρυγμα.Διὰ
1100 3303 1258 3354 τοῦτο
1283 3299 1384 3376 γὰρ
1415 3299 1504 3354 καὶ
1537 3297 1712 3372 δεξιὰς
1734 3295 1964 3366 ἔδωκαν,

315 3381 612 3456 δηλοῦντες
644 3387 727 3441 ὅτι
759 3387 1182 3461 ἀρέσκονταιτῷ
1231 3387 1505 3460 ἡμετέρῳ,
1575 3387 1730 3462 φησὶ,
1789 3385 1962 3461 κηρύ-

312 3496 508 3548 γματι,
543 3474 632 3530 διά
660 3477 723 3530 τὸ
771 3477 909 3531 εἶναι
947 3476 1141 3533 ταύτὸν
1173 3481 1252 3549 τῷ
1310 3477 1550 3533 ἐκείνων.
1587 3501 1614 3529 ‹‹
1641 3479 1755 3532 Ἵνα
1801 3478 1964 3548 ἡμεῖς

313 3564 411 3635 μὲν
435 3565 512 3626 εἰς
543 3565 609 3618 τὰ
642 3563 790 3636 ἔθνη.
829 3591 854 3616 υ
885 3569 994 3622 Ἳνα
1023 3570 1187 3640 ἡμεῖς
1224 3569 1317 3640 μὲν
1352 3567 1428 3628 εἷς
1484 3567 1551 3621 τὰ
1589 3564 1734 3637 ἔθνη,
1775 3565 1965 3642 φησὶν,
1995 3599 2038 3665 C

307 3653 505 3708 ἐκεῖνοι
539 3651 595 3708 δὲ
635 3655 782 3727 παρά
837 3654 1124 3718 Ἰουδαίοις
1177 3657 1473 3732 κηρύξωσι.
1531 3682 1556 3707 (ι
1620 3655 1798 3712 Μόνον
1855 3659 1962 3708 τῶν

311 3749 578 3818 πτωχῶν.
621 3771 639 3792 ο
677 3745 749 3802 Τὸ
771 3747 1052 3819 κήρυγμα,
1085 3747 1239 3822 φησὶ,
1284 3744 1626 3818 διελόμενοι,
1657 3745 1784 3806 τοὺς
1818 3765 1968 3798 πτω-

312 3834 454 3910 χοῦς
485 3833 810 3906 ἀμερίστους
830 3830 1052 3907 ἔχομεν.
1084 3837 1250 3893 Οὗτοι
1283 3833 1340 3890 δὲ
1369 3839 1502 3905 ἦσαν
1538 3837 1590 3890 οἱ
1647 3834 1792 3908 παρά
1857 3837 1964 3889 τῶν

314 3920 469 3976 ἰδίων
501 3921 858 4000 συμφυλετῶν
886 3927 992 3978 τῶν
1028 3926 1106 3998 μή
1136 3926 1537 3981 πιστευσάντων
1568 3921 1965 3998 διαρπαγέντες,

313 4006 404 4064 διὰ
435 4009 532 4077 τήν
563 4009 639 4071 εἷς
678 4011 910 4084 Χριστὸν
942 4012 1144 4070 πίστιν.

920 4286 1182 4347 ΚΕΦΑΛ.
1216 4290 1288 4347 Γ“.

312 4375 442 4447 Περὶ
473 4382 572 4444 τῆς
603 4378 738 4451 πρὸς
769 4383 953 4457 Κηφᾷν
983 4379 1375 4457 ἀντιρρήσεως,
1411 4383 1530 4457 περὶ
1575 4389 1677 4452 τῆς
1708 4382 1762 4438 ἐν
1791 4387 1969 4440 πίστει

742 4452 832 4504 καὶ
856 4448 955 4506 οὐκ
979 4448 1032 4504 ἐν
1064 4448 1218 4523 νόμῳ
1243 4448 1537 4527 σωτηρίας.

351 4539 514 4616 ⁸Ὀτε
560 4535 615 4594 δὲ
689 4539 826 4608 ἦλθε

313 4629 612 4701 πρόσωπον

928 4539 1127 4614 Πέτρος
1221 4542 1298 4602 εἷς
1405 4542 1774 4617 Ἀντιόχειαν,
1834 4545 1969 4598 κατὰ

708 4631 860 4702 αὐτῷ
959 4629 1242 4700 ἀντέστην,
1287 4629 1296 4636 ’
1340 4629 1424 4685 ὅτι
1527 4634 1971 4706 κατεγνωσμένος

313 4717 406 4794 ἦν.
490 4720 599 4793 Πρὸ
675 4725 771 4774 τοῦ
843 4721 943 4794 γὰρ
1021 4719 1198 4783 έλθε’ν
1274 4741 1422 4782 τινας
1500 4721 1605 4776 ἀπὸ
1681 4717 1967 4790 Ἰακώϐου,

320 4809 456 4880 μετά
511 4813 616 4862 τῶν
687 4809 853 4864 ἐθνῶν
909 4812 1206 4880 συνήσθιεν.
1279 4811 1406 4868 Ὀτε
1478 4808 1533 4865 δὶ
1607 4809 1802 4880 ἦλθον,
1865 4811 1968 4866 {m-

317 4896 572 4953 έστελλεν
650 4906 739 4954 καί
797 4899 1068 4976 ἀφώριζεν
1156 4900 1362 4968 ἑαυτὸν,
1444 4895 1788 4978 φοϐούμενος
1841 4901 1969 4965 τοὺς

2138 2226 2210 2292 Il,
2241 2230 2296 2291 0,
2334 2227 2417 2283 10.
2461 2227 2704 2297 Cumque
2759 2229 3134 2296 cognovissent
3164 2231 3406 2296 gratiam
3453 2228 3591 2282 mihi
3621 2228 3725 2282 da-

2073 2323 2186 2370 tam
2213 2316 2466 2380 Jacobus,
2501 2322 2551 2369 et
2583 2317 2812 2385 Cephas,
2871 2324 2923 2370 et
2979 2319 3237 2381 Joannes,
3270 2321 3367 2386 qui
3397 2318 3727 2372 videbantur

2072 2423 2181 2461 esse
2238 2407 2526 2474 columnae,
2581 2407 2807 2461 dextras
2860 2406 3128 2461 dederunt
3177 2408 3313 2462 mihi
3369 2415 3420 2462 et
3462 2407 3730 2462 Barnabaa

2072 2494 2352 2551 societatis
2383 2511 2402 2550 :
2461 2502 2521 2549 ut
2565 2512 2660 2550 nos
2707 2496 2930 2565 quidem
2989 2497 3046 2549 in
3103 2502 3303 2563 gentes,
3359 2499 3468 2567 ipsi
3514 2514 3638 2552 vero
3671 2496 3733 2551 in

2075 2586 2559 2651 circumcisionem,
2630 2584 2938 2654 apostolatu
3021 2589 3383 2654 fungeremur
3440 2605 3460 2650 ;
3519 2592 3735 2640 tantum

2074 2682 2135 2730 ut
2153 2679 2172 2742 ξ
2181 2691 2499 2745 pauperum
2544 2691 2806 2729 memores
2863 2690 3114 2742 essemus,
3151 2674 3207 2729 in
3255 2692 3364 2745 quo
3390 2683 3442 2730 et
3499 2676 3735 2746 diligens

2073 2765 2162 2832 fui
2191 2770 2251 2817 ut
2280 2763 2378 2818 hoc
2409 2765 2586 2833 ipsum
2623 2766 2882 2831 facerem.

2148 2854 2414 2923 Cumque
2447 2853 2864 2924 cognovissent
2893 2853 3164 2924 gratiam.
3202 2876 3229 2902 »
3255 2854 3416 2909 Dataa
3449 2854 3560 2908 sibi
3606 2870 3738 2926 gra-

2077 2943 2172 2998 tias
2200 2948 2379 2998 testes
2393 2942 2668 3013 producit
2687 2944 2926 2998 Petrum
2943 2949 3112 2999 eteos
3138 2944 3380 3014 quicum
3401 2945 3528 3016 ipso
3547 2949 3737 2999 erant.

2079 3057 2105 3084 ‹‹
2139 3035 2248 3098 Qui
2271 3033 2622 3087 videbantur
2651 3033 2967 3087 columnae.
3005 3055 3032 3082 »
3065 3035 3172 3098 Qui
3196 3040 3384 3097 erant,
3417 3034 3736 3105 inquit.co-

2077 3122 2297 3178 lumnaa
2340 3122 2478 3176 fidei
2510 3128 2567 3176 et
2587 3122 2866 3177 omnibus
2889 3139 3018 3177 esse
3043 3123 3451 3178 videbantum
3486 3125 3733 3180 Dextras

2077 3214 2388 3268 dederunt.
2426 3234 2452 3262 »
2477 3213 2848 3274 Communia,
2876 3214 3092 3284 inquit,
3139 3213 3409 3268 fecerunt
3464 3215 3736 3286 dogmata

2077 3320 2146 3358 ac
2166 3320 2274 3357 nos
2297 3301 2456 3372 ipsos
2488 3301 2560 3356 ad
2593 3302 3074 3372 praedicationem
3122 3303 3314 3358 socios
3380 3305 3736 3359 asciverunt.

2079 3396 2399 3463 Propterea
2428 3391 2586 3446 enim
2619 3397 2678 3445 et
2706 3391 2942 3446 dextras
2981 3392 3296 3460 dederunt,
3360 3394 3397 3447 7
3412 3394 3512 3447 80
3559 3393 3736 3464 signi-

2080 3483 2327 3536 ﬁcantes
2348 3487 2573 3551 gratam
2598 3481 2742 3551 ipsis
2765 3497 2894 3535 esse
2926 3488 3193 3536 nostram
3226 3481 3732 3552 praedicationem,

2079 3588 2147 3625 eo
2180 3569 2340 3641 quod
2361 3570 2568 3626 eadem
2602 3576 2759 3624 esset
2784 3587 2920 3625 cum
2965 3571 3387 3641 praedicatione
3418 3571 3681 3642 ipsorum
3719 3589 3730 3627 :

2081 3683 2108 3710 ‹‹
2141 3662 2212 3715 Ut
2241 3677 2348 3714 nos
2385 3658 2626 3730 quidem
2653 3659 2713 3713 in
2743 3666 2970 3730 gentes.
3004 3682 3031 3706 »
3065 3661 3136 3714 Ut
3167 3678 3297 3726 nos,
3330 3660 3544 3731 inquit.
3580 3661 3738 3714 inter

2076 3755 2281 3821 gentes
2305 3748 2784 3818 prmdicaremus,
2814 3749 2925 3819 ipsi
2949 3765 3082 3804 vero
3106 3750 3262 3820 apud
3291 3749 3736 3806 Judmos.«Tan-

2081 3846 2204 3894 tum
2237 3843 2302 3891 ut
2333 3853 2682 3908 pauperum.
2719 3859 2746 3886 ››
2807 3837 3258 3902 Ρι-ωόίοδιίοηθ,
3291 3838 3504 3908 inquit,
3539 3837 3734 3906 divisi,

2077 3944 2371 4000 pauperes
2420 3927 2709 3981 habemus
2769 3928 3070 3983 indivisos.
3117 3930 3183 3983 Hi
3240 3945 3375 3983 vero
3444 3945 3736 4000 pauperes

2079 4016 2376 4087 erant,qui
2412 4016 2572 4070 asuis
2603 4016 3038 4072 contribulibus
3071 4017 3416 4080 incredulis,
3439 4017 3727 4073 bonorum

2078 4106 2476 4179 direptionem
2536 4112 2778 4177 propter
2834 4107 3013 4162 ﬁdem
3096 4108 3158 4162 in
3217 4108 3516 4164 Christum
3574 4109 3732 4179 passi

2079 4204 2251 4255 erant
2273 4202 2314 4257 ⁴.

2717 4289 2946 4345 CAPUT
2985 4289 3084 4342 IlI.

2079 4385 2156 4438 De
2187 4383 2548 4439 altercatione
2590 4383 2846 4438 adversus
2877 4378 3114 4448 Cepham
3167 4378 3233 4432 de
3285 4377 3461 4432 salute
3517 4380 3575 4432 in
3623 4377 3731 4444 ﬁde

2614 4457 2723 4509 sita
2750 4459 2801 4506 et
2823 4467 2933 4505 non
2963 4452 3023 4504 in
3057 4450 3191 4519 lege.

2153 4547 2221 4614 Il,
2262 4549 2343 4606 tl.
2381 4547 2466 4600 13.
2503 4547 2637 4601 Cum
2665 4550 2848 4599 autem
2880 4542 3110 4597 venisset
3131 4543 3323 4596 Petrus
3353 4541 3732 4606 Antiochiam,

2072 4636 2268 4705 palam
2305 4635 2395 4688 illi
2443 4637 2623 4690 restiti
2675 4649 2736 4687 eo
2781 4632 2930 4702 quod
2971 4630 3326 4699 reprehensus
3381 4636 3535 4684 esset.
3596 4630 3732 4683 Nam

2078 4728 2371 4793 antequam
2401 4726 2668 4778 venissent
2686 4721 2914 4791 quidam
2951 4719 3226 4785 aJacobo,
3257 4734 3373 4772 unu
3391 4734 3513 4772 cum
3551 4717 3734 4787 genti-

2085 4814 2178 4868 bus
2223 4813 2467 4867 sumebat
2514 4812 2692 4865 cibum
2733 4827 2745 4874 ;
2787 4825 2907 4863 cum
2951 4814 3133 4861 autem
3174 4808 3464 4873 venissent,
3504 4807 3729 4861 vereba-

2081 4909 2170 4957 tur
2197 4918 2260 4957 ac
2302 4901 2592 4970 separabat
2620 4916 2674 4954 se
2719 4899 2788 4953 ab
2836 4897 2969 4964 illis,
3011 4902 3252 4951 metuens
3299 4911 3388 4950 eos
3435 4898 3533 4966 qui
3575 4903 3732 4951 erant

317 4987 380 5042 ἐκ
437 4997 764 5063 περιτομῆς,
849 4989 940 5044 καὶ
1025 4989 1484 5062 συνυπεκρίθησαν
1541 4989 1708 5062 αὐτῷ,
1761 4989 1850 5045 καὶ
1919 4991 1967 5045 οἱ

2083 5009 2150 5048 ex
2203 4991 2614 5047 circumcisione
2651 5006 2669 5043 :
2719 5005 2783 5043 ac
2816 4986 3156 5042 simulabant
3223 5001 3344 5039 cum
3402 4985 3498 5040 illo
3545 4989 3734 5041 caeteri

317 5075 508 5133 λοιποὶ
535 5075 810 5134 Ἰουδαῖοι.
831 5081 991 5135 Ὥστε
1011 5077 1100 5134 καὶ
1133 5073 1412 5153 Βαρνάϐας
1433 5080 1760 5153 συναπήχθη
1791 5079 1970 5135 αὐτῶν

309 5174 382 5243 τῇ
417 5170 717 5242 ὑποκρίσει.

386 5259 467 5314 Οὐ
504 5258 693 5337 μάχης
727 5257 854 5313 οὐδὲ
908 5260 1303 5335 καταγνώσεως
1350 5261 1438 5328 ἦν,
1481 5259 1545 5314 τὸ
1603 5261 1694 5314 τὸν
1755 5258 1970 5314 Παῦλον

310 5351 628 5417 ἀντιστῆναι
659 5353 739 5418 τῷ
771 5350 982 5422 Πέτρῳ,
1007 5348 1136 5404 ἀλλ’
1185 5348 1521 5420 οἰκονομίας.
1582 5345 1807 5417 Ἐπειδὴ
1864 5350 1968 5425 γὰρ

311 5438 405 5494 διὰ
462 5434 853 5512 συγκατάϐασιν
924 5440 979 5492 οἱ
1037 5442 1161 5515 περὶ
1223 5439 1421 5514 Πέτρον
1492 5439 1543 5492 ἐν
1602 5439 1969 5512 Ἰερουσαλὴμ

312 5531 664 5603 συνεχώρουν
695 5530 794 5596 τήν
825 5532 1152 5604 περιτομήν,
1186 5530 1322 5585 κατὰ
1373 5531 1564 5602 μικρὸν
1629 5527 1965 5604 βουλόμενοι

309 5621 442 5679 τοὺς
474 5617 524 5689 ἐξ
568 5616 843 5676 Ἰουδαίων
903 5618 990 5673 ἐπὶ
1029 5619 1092 5674 τὸ
1144 5617 1354 5675 τέλειον
1406 5620 1642 5694 ἀγαγεῖν,
1702 5617 1878 5683 ἒλθὼν
1937 5619 1964 5673 ὁ

394 5800 461 5854 31
491 5800 639 5859 Petr.
675 5817 753 5870 ιιι,
791 5804 874 5855 η.
907 5800 931 5834 ⁴
960 5801 1135 5858 Hebr.
1169 5818 1224 5858 x.
1250 5801 1340 5857 34.

2082 5098 2297 5153 quoque
2323 5081 2543 5138 Judaei:
2572 5080 2708 5134 adeo
2738 5084 2801 5133 ut
2847 5076 3127 5131 Barnabas
3159 5075 3324 5130 simul
3369 5076 3734 5132 abduceretur

2081 5174 2138 5226 in
2159 5171 2383 5227 illorum
2410 5170 2836 5226 simulationem.

2151 5263 2277 5316 Non
2299 5276 2509 5332 pugnas
2530 5264 2634 5314 aut
2653 5255 3496 5327 condemnationiserat,quod
3515 5255 3733 5311 Paulus

2079 5351 2386 5406 resisteret
2414 5347 2720 5411 Petro,sed
2751 5345 3538 5418 dispensationis.Quoniam
3569 5345 3730 5399 enim

2077 5442 2286 5494 Petrus
2319 5445 2378 5493 et
2406 5439 2507 5510 qui
2538 5454 2672 5492 cum
2703 5454 2772 5491 eo
2805 5442 2991 5501 erant,
3031 5435 3454 5506 Hierosolymis
3485 5434 3730 5489 condes-

2078 5529 2361 5584 censione
2393 5527 2648 5598 quadam
2705 5523 3133 5596 permittebant
3185 5522 3728 5589 circumcisionem,

2077 5619 2344 5674 volentes
2373 5617 2660 5690 paulatim
2692 5633 2794 5671 eos
2817 5614 2916 5687 qui
2950 5631 3019 5669 ex
3046 5613 3266 5669 Judaais
3305 5617 3476 5668 erant
3511 5611 3584 5667 ad
3607 5627 3734 5682 per-
