4098 6394
352 481 509 543 1111

1479 469 1904 532 (ΕΟΗΜΕΝΙΙ
1951 470 2254 533 ΤΒῙΟΟΑΞ
2299 475 2654 542 EPISCOPI

3623 485 3781 545 1112

352 619 671 676 fectionem
703 614 996 670 deducere
1032 627 1046 677 ;
1078 626 1216 666 cum
1246 608 1504 663 venisset
1543 609 1752 662 Petrus
1812 605 2004 660 Antio-

2126 609 2330 684 Πέτρος
2362 613 2437 676 εἰς
2475 616 2838 692 Ἀντιόχειαν,
2869 615 3001 693 ἄχρι
3045 619 3138 691 μὲν
3197 615 3377 681 οὔδεὶς
3425 619 3491 687 ἦν
3553 622 3660 673 τῶν
3722 617 3777 688 ἐξ

355 710 571 773 chiam,
605 706 845 762 interim
879 703 1021 758 dum
1053 700 1247 757 ﬁdelis
1305 698 1508 754 nullus
1559 715 1628 753 ex
1647 696 1874 752 Judaeis
1929 695 2011 750 ibi

357 806 500 861 erat,
537 799 665 853 sine
697 796 821 852 ullo
854 791 1202 848 discrimine
1233 806 1351 844 una
1382 805 1517 844 cum
1572 787 1851 858 gentibus
1909 786 2010 857 qui

354 888 734 946 crediderant
759 885 957 940 cibum
988 881 1298 937 sumebat:
1343 895 1476 933 cum
1509 883 1707 931 autem
1739 876 2012 931 advenis-

360 987 510 1042 sent,
543 996 620 1034 ne
653 995 754 1033 eos
787 974 1117 1030 offenderet
1148 988 1282 1025 cum
1314 970 1507 1024 adhuc
1555 966 1887 1021 imbecilles
1928 982 2015 1020 es-

359 1077 511 1133 sent,
545 1067 859 1122 verebatur
889 1079 1011 1118 una
1039 1078 1173 1117 cum
1208 1060 1329 1114 illis
1360 1058 1554 1113 edere.
1600 1057 1783 1123 Hujus
1814 1060 2014 1109 autem

358 1164 630 1221 causa,ut
652 1155 875 1209 dictum
906 1156 1149 1217 est,erat
1166 1164 1370 1202 eorum
1403 1146 1803 1200 imbecillitas.
1847 1142 2013 1208 Quod

355 1254 555 1304 autem
586 1243 804 1299 Paulus
834 1241 923 1295 illi
954 1239 1151 1312 palam
1183 1244 1242 1291 et
1271 1253 1389 1291 non
1403 1235 1674 1306 privatim
1705 1233 2010 1299 restiterit,

355 1334 817 1407 dispensationis
847 1336 994 1392 erat,
1023 1327 1369 1382 utvidentes
1395 1325 1497 1396 qui
1529 1341 1595 1378 ex
1627 1322 1843 1379 Judaais
1873 1337 2009 1376 cre-

340 1426 852 1496 'diderant,ipsum
885 1425 1311 1495 praeceptorem
1343 1434 1517 1472 suum
1548 1418 1786 1470 Petrum
1812 1414 2008 1486 palam

353 1516 516 1588 argui
548 1513 707 1586 quod
739 1528 873 1568 cum
930 1506 1297 1581 praeputiatis
1327 1523 1449 1561 non
1497 1509 2008 1572 conversarentur,

352 1619 464 1660 nec
487 1600 1013 1661 contradicentem,
1044 1596 1189 1651 781
1228 1598 1617 1665 agnoscerent
1674 1591 1833 1662 quod
1887 1607 2009 1646 non

355 1696 512 1747 esset
565 1689 847 1759 deinceps
900 1683 1236 1739 necessaria
1292 1681 1438 1754 legis
1486 1680 1818 1735 observatio
1878 1687 2011 1751 post

357 1777 669 1841 ﬁdem,sed
699 1775 887 1847 magis
918 1772 1289 1829 occasionem
1316 1769 1485 1824 daret
1513 1774 1579 1823 ut
1606 1768 2008 1839 reprehende-

353 1872 520 1924 retur
582 1870 807 1921 Petrus.
840 1863 988 1928 Quia
1042 1877 1179 1915 vero
1231 1860 1342 1915 hoc
1390 1857 1824 1929 dispensatorie
1871 1873 2011 1928 age-

352 1957 545 2022 batur,
578 1953 892 2010 manifeste
950 1950 1114 2006 venit
1167 1948 1386 2005 Paulus
1424 1947 1497 2002 ad
1554 1948 1663 2002 hos
1702 1964 2008 2003 sermones
2042 1983 2082 2045 Β

351 2063 485 2102 cum
518 2047 714 2107 Petro,
750 2048 813 2097 ut
842 2041 1153 2098 audientes
1185 2039 1390 2093 fideles
1450 2037 1547 2108 qui
1589 2054 1657 2092 ex
1689 2037 2002 2092 circumci-

350 2135 517 2192 sione
549 2138 737 2195 erant,
800 2133 1102 2186 mutarent
1134 2127 1280 2199 legis
1311 2126 1807 2181 observationem.
1843 2127 2007 2190 Quod

350 2225 398 2281 si
426 2240 564 2282 vera
591 2223 799 2278 fuisset
822 2221 933 2288 ira,
967 2218 1329 2291 oportuisset
1354 2216 1628 2288 privatim
1662 2216 1823 2288 ipsos
1852 2216 2008 2288 apud

349 2335 411 2373 se
438 2322 645 2373 mutuo
677 2315 987 2371 disserere.

423 2407 552 2462 Alio
602 2405 782 2461 modo.
842 2402 1130 2458 Eusebius
1179 2400 1473 2471 Pamphili
1533 2401 1595 2454 in
1628 2399 2009 2455 Ecclesiastica

353 2494 587 2550 historia
615 2492 875 2549 ostendit
901 2491 1059 2545 hunc
1090 2492 1327 2544 Petrum
1375 2505 1496 2543 non
1539 2503 1665 2542 esse
1722 2488 2006 2559 Cepbam,

354 2583 458 2639 sed
488 2583 756 2654 ejusdem
786 2597 921 2635 cum
952 2579 1081 2650 ipso
1135 2577 1397 2633 nominis
1450 2592 1633 2631 unum
1668 2592 1738 2631 ex
1770 2582 2007 2648 septua~

354 2674 536 2745 ginta.
596 2673 667 2726 Et
723 2669 1130 2742 apparentiam
1174 2666 1357 2721 habet
1408 2667 1505 2721 hic
1559 2682 1774 2721 sermo.
1809 2668 2007 2737 Neque

356 2763 517 2819 enim
549 2764 721 2816 Petro
752 2775 990 2814 rursum
1022 2774 1168 2829 opus
1198 2762 1323 2811 erat
1346 2762 1632 2821 metuere,
1658 2756 1903 2827 quijam
1935 2756 2007 2810 de

354 2854 468 2908 hoc
480 2849 872 2923 responderat
894 2845 1744 2918 Hierosolymis,omnibusque
1760 2861 2005 2916 persua-

352 2939 775 3012 serat.quando
798 2954 918 2992 una
939 2953 1073 2991 cum
1093 2935 1367 2991 Cornelio
1389 2940 1624 3005 sumpto
1645 2934 1800 3001 cibo,
1830 2951 2004 3005 quos-

351 3033 487 3087 dam
520 3048 588 3086 ex
621 3026 1070 3085 circumcisione
1114 3025 1445 3080 offenderat
1481 3041 1493 3078 :
1527 3023 1764 3096 quando
1826 3024 2004 3079 etiam

348 3121 497 3177 dixit
528 3138 541 3174 :
575 3141 603 3169 «
638 3121 784 3173 Vere
816 3115 1140 3186 comperio,
1174 3115 1406 3177 fratres,
1445 3113 1604 3184 quod
1629 3130 1749 3168 non
1776 3113 1852 3168 sit
1880 3129 2008 3185 per-

348 3226 627 3268 sonarum
661 3212 965 3278 respectus
996 3221 1195 3260 coram
1220 3205 1357 3267 Deo,
1390 3203 1491 3258 sed
1524 3203 1586 3257 in
1627 3203 1834 3273 quavis
1864 3219 2000 3276 gen~

347 3307 403 3356 te
436 3300 536 3371 qui
567 3294 1029 3367 timetipsum,is
1060 3299 1339 3363 acceptus
1371 3298 1459 3348 est
1482 3293 1571 3346 illi
1602 3292 1675 3345 ⁸.-
1719 3294 1844 3347 Non
1877 3297 2005 3347 erat

2122 698 2397 757 Ἰουδαίων
2430 707 2622 768 πιστὸς
2656 706 2785 774 ἐκεῖ,
2818 705 3129 784 ἀδιαφόρως
3164 707 3300 781 μετᾶ
3354 711 3462 764 τῶν
3524 705 3575 777 ἐξ
3613 705 3778 771 ἐθνῶν

2120 794 2517 848 πιστευσάντων
2550 799 2854 868 συνήσθιεν,
2886 797 2975 852 ὅτε
3025 795 3083 853 δὲ
3140 796 3521 873 παρεγένοντο,
3551 797 3637 851 ἳνα
3696 798 3771 869 μή

2120 879 2321 943 αὐτοὺς
2352 880 2684 961 σκανδαλίσῃ
2740 880 2818 941 ἔτι
2878 887 3114 951 ἀσθενεῖς
3171 886 3352 953 ὄντας,
3414 885 3775 943 ὑπεστέλλετο

2120 971 2412 1027 συνεσθίειν
2448 974 2693 1038 ἐκείνοις.
2754 977 2966 1032 Τούτου
3024 976 3083 1032 δὲ
3139 977 3335 1047 α’ἷτιον,
3394 978 3469 1039 ὡς
3539 975 3773 1052 εἷ’ρηται,

2119 1064 2152 1128 ἡ
2186 1060 2405 1117 ἐκείνων
2439 1065 2696 1128 ἀσθὲνεια.
2730 1066 2826 1121 Kal
2870 1069 2933 1123 τὸ
2963 1069 3056 1124 τὸν
3120 1066 3332 1124 Παῦλον
3395 1066 3450 1123 δὲ
3510 1072 3775 1145 φανερῶς,

2118 1148 2264 1204 ἀλλὰ
2297 1153 2371 1223 μὴ
2405 1155 2520 1209 κατ’
2553 1151 2689 1210 ἰδίαν
2724 1156 3035 1224 ἀντιστῆναι
3064 1161 3143 1229 τῷ
3186 1153 3396 1231 Πέτρῳ,
3451 1155 3777 1230 οἷ’κονομίας

2236 1238 2257 1255 η
2356 1242 2368 1252 .
2422 1246 2448 1257 ..

2117 1237 2201 1306 ἦν,
2244 1260 2321 1292 ινα
2348 1260 2584 1312 ορωντες
2616 1245 2667 1298 οἱ
2709 1243 2761 1314 ἐξ
2799 1243 3078 1301 Ἰουδαίων
3134 1247 3312 1300 πιστοὶ
3374 1246 3466 1311 τὸν
3522 1243 3780 1301 διδάσκα-

2119 1324 2216 1381 λον
2250 1328 2409 1383 αὐτὸν
2444 1332 2651 1405 Πέτρον
2709 1332 3106 1408 ἐγκαλούμενον
3150 1339 3415 1415 φανερῶς,
3472 1334 3526 1390 τί
3571 1332 3779 1405 δήποτε

2121 1421 2195 1490 μὴ
2260 1420 2472 1477 σύνεστι
2529 1429 2647 1485 τοῖς
2702 1420 3064 1500 ἆκροϐύστοις
3124 1425 3211 1479 καὶ
3258 1427 3334 1498 μή
3394 1424 3775 1503 ἀντιλέγοντα,

2117 1515 2318 1585 γνῶσιν
2353 1512 2429 1576 ὡς
2460 1512 2521 1567 οὐ
2556 1512 2835 1589 χρειώδης
2896 1514 3091 1571 λοιπὸν
3150 1517 3185 1585 ἡ
3245 1518 3622 1592 παρατήρησις
3678 1518 3779 1570 τοῦ

2113 1599 2285 1671 νόμον
2324 1602 2455 1673 μετὰ
2484 1605 2583 1671 τήν
2619 1603 2821 1676 πίστιν,
2878 1603 3024 1660 ἀλλὰ
3081 1605 3348 1685 πρόφασιν
3392 1609 3774 1682 παρασχοῦσα,

2113 1691 2210 1741 τοῦ
2270 1687 2600 1764 ἐγκληθῆναι
2658 1691 2885 1768 Πέτρον.
2917 1694 3038 1751 ’Ὁτι
3099 1690 3154 1748 δὲ
3209 1698 3372 1748 τοῦτο
3419 1693 3772 1768 ᾠκονόμητο,

2116 1783 2361 1852 φανερῶς
2396 1778 2472 1843 εἷς
2502 1778 2705 1857 λόγους
2745 1779 2912 1851 ἦλθεν
2946 1783 2972 1836 6
3009 1780 3224 1844 Παῦλος
3276 1787 3356 1855 τῷ
3416 1784 3626 1857 Πετρῳ,
3682 1781 3776 1838 ’ίνα

2116 1866 2168 1919 οἱ
2200 1864 2259 1920 ἐκ
2297 1876 2602 1943 περιτομῆς
2656 1872 2840 1925 πιστοὶ
2899 1871 3209 1943 ἀκούοντες,
3275 1876 3616 1944 μεταθῶνται
3671 1878 3777 1943 τῆς

2114 1963 2208 2013 τοῦ
2238 1961 2411 2031 νόμου
2456 1967 2909 2037 παρατηρήσεως·
2971 1964 3047 2023 ὡς
3105 1962 3159 2019 εἷ’
3210 1986 3272 2041 γε
3327 1966 3390 2020 τὸ
3450 1963 3656 2035 ἀληθὲς
3708 1969 3776 2035 ἦν

2122 2047 2281 2123 ὀργῆ,
2315 2044 2422 2105 ἔδει
2452 2057 2568 2106 κατ’
2600 2049 2736 2107 ἰδίαν
2795 2053 2991 2115 αὐτοὺς
3050 2051 3410 2133 διαλεχθῆναι
3469 2054 3605 2127 πρὸς
3637 2056 3774 2111 ἑαυ-

2115 2137 2265 2199 τούς,

2189 2394 2433 2457 Ἀλλως.
2479 2392 2742 2463 Εὐσέϐιος
2797 2400 2824 2453 6
2882 2399 3180 2479 Παμφίλου
3226 2398 3278 2454 ἐν
3336 2403 3404 2474 τῇ
3437 2399 3776 2472 Ἐκκλησια-

2119 2487 2276 2557 στικῇ
2301 2485 2514 2560 ἱστορίᾳ
2542 2483 2889 2541 ἀποδείκνυσι
2928 2490 3001 2561 μὴ
3038 2488 3175 2543 εἶναι
3232 2490 3323 2544 τὸν
3388 2493 3577 2567 Κηφᾶν
3632 2494 3771 2544 τοῖ’)-

2119 2592 2234 2636 τον,
2250 2574 2339 2629 τὸν
2376 2576 2599 2649 Πέτρον,
2619 2575 2744 2630 ἀλλ’
2767 2577 3060 2649 ὁμώνυμον
3082 2576 3249 2649 αὐτῷ,
3270 2575 3363 2632 ἓνα
3383 2582 3489 2632 τῶν
3523 2573 3770 2652 ἐϐδομή-

2118 2684 2295 2719 κοντα.
2333 2665 2435 2720 Καὶ
2466 2664 2688 2729 πιθανὸς
2721 2667 2747 2719 6
2781 2665 2968 2742 λόγος.
3004 2668 3084 2724 O6
3115 2668 3214 2743 γὰρ
3247 2665 3305 2722 ἄν
3336 2669 3363 2722 6
3394 2669 3595 2743 Πέτρος
3620 2666 3773 2740 ἐδεή-

2117 2755 2181 2823 θη
2218 2750 2386 2808 πάλιν
2421 2753 2756 2824 ὑποστολῆς,
2786 2755 2934 2818 ὅστις
2963 2754 3070 2827 ἤδη
3107 2759 3230 2832 περὶ
3255 2756 3451 2813 τούτου
3482 2756 3768 2835 ἀπολογη-

2119 2844 2350 2913 σάμενος
2382 2844 2448 2912 ἦν
2484 2843 2535 2898 ἐν
2566 2843 2935 2920 Ἰερουσαλὴμ
2973 2847 3062 2901 καὶ
3118 2847 3306 2910 πείσας
3363 2848 3616 2917 ἃπαντας,
3678 2846 3767 2904 ὅτε

2116 2931 2195 3003 τῷ
2253 2932 2549 3007 Κορνηλίῳ
2610 2935 2932 3011 συμφαγών,
2990 2934 3139 2995 τινας
3196 2940 3302 2990 τῶν
3352 2934 3414 2990 ἐκ
3462 2941 3765 3011 περιτομῆς

2118 3020 2519 3089 ἐσκανδάλισεν,
2554 3025 2644 3079 ὅτε
2701 3023 2792 3079 καὶ
2850 3025 3020 3089 εἶπεν,
3061 3050 3088 3078 ‹‹
3124 3027 3241 3081 Ἐπ’
3292 3024 3576 3096 ἀληθείας,
3609 3022 3770 3081 ἀδελ-

2118 3114 2234 3192 φοὶ,
2266 3108 2786 3187 καταλαμϐάνομαι,
2817 3114 2901 3169 ’ὁτι
2958 3115 3058 3170 οὐκ
3111 3109 3221 3169 ἔστι
3284 3113 3772 3191 προσωπολήπτης

2116 3203 2143 3256 6
2178 3204 2329 3272 Θεὸς,
2393 3200 2519 3259 ἀλλ’
2580 3210 2631 3257 ἐν
2681 3204 2842 3259 παντὶ
2905 3198 3044 3260 ἔθνει
3109 3206 3137 3260 6
3190 3200 3532 3282 φοϐούμενος
3585 3205 3769 3274 αὐτὸν,

2117 3288 2302 3354 δεκτὸς
2329 3291 2475 3363 αὐτῴ
2506 3292 2666 3348 ἐστιν.
2704 3317 2730 3343 ››
2761 3293 2837 3349 Οὐ
2870 3293 2975 3368 γὰρ
3028 3293 3093 3361 ἧν
3151 3296 3179 3349 6
3238 3293 3404 3349 εἰπὼν
3453 3299 3643 3351 ταῦτα.
3707 3294 3773 3350 Εἴ

349 3356 471 3444 ἰδίει⁸
492 3386 593 3457 qui
625 3386 752 3439 hmo
780 3356 1029 3437 dixerat.
1062 3356 1220 3436 Nam.
1241 3381 1289 3435 si
1342 3381 1453 3435 hoc
1483 3381 1556 3435 ab
1587 3381 1757 3435 initio
1785 3380 2001 3451 praedi-

2118 3377 2175 3435 δὲ
2201 3384 2362 3435 τοῦτο
2395 3381 2539 3455 παρὰ
2568 3382 2668 3449 τὴν
2702 3382 2882 3455 ἀρχὴν
2941 3385 3039 3436 τοῦ
3095 3382 3453 3458 κηρύγματος
3511 3385 3770 3455 ποιήσας,

353 3475 606 3533 oationis
634 3473 810 3539 facto,
842 3471 1138 3543 persuasit
1166 3469 1447 3524 omnibus
1478 3469 1636 3540 quod
1684 3486 1804 3524 non
1847 3470 2001 3524 male

354 3561 817 3639 egisset,Spiritu
850 3561 1044 3632 ipsum
1075 3558 1149 3614 ad
1180 3560 1292 3614 hoc
1323 3558 1641 3614 inducente
1667 3576 1679 3613 :
1706 3558 2001 3629 quomodo

354 3670 514 3710 nunc
543 3657 676 3724 post
704 3655 933 3707 tantum
968 3653 1222 3720 tempus,
1254 3654 1569 3720 postquam
1599 3647 1846 3704 dederat
1896 3650 2002 3703 Pe-

344 3750 474 3801 trus
505 3740 977 3813 experimentum
1033 3739 1123 3794 sui
1183 3738 1328 3793 recti
1379 3738 1594 3810 operis,
1643 3754 1880 3793 rursum
1914 3737 2001 3792 illi

349 3849 497 3906 Opus
529 3837 655 3887 erat
686 3828 1032 3901 hujusmodi
1091 3827 1533 3898 dispensatione
1564 3827 1592 3881 ‘2‘
1627 3829 1743 3883 Hoc
1776 3834 2000 3895 tamen,

349 3921 507 3995 quod
565 3919 964 3991 reprehensus
1026 3923 1198 3983 esset,
1245 3923 1438 3988 potest
1473 3917 1585 3972 hoc
1616 3918 1794 3972 etiam
1825 3917 2002 3973 modo

346 4010 601 4081 intelligi
637 4026 649 4064 :
675 4008 850 4064 Nulla
879 4007 998 4062 alia
1028 4006 1139 4061 fuit
1169 4005 1338 4071 mihi,
1385 4006 1469 4061 ait
1498 4006 1734 4069 Paulus,
1769 4006 2000 4061 occasio

345 4100 545 4174 palam
576 4099 631 4154 ei
664 4097 976 4153 resistendi
1010 4101 1067 4149 et
1097 4111 1232 4150 eum
1285 4096 1670 4166 corripiendi,
1703 4095 1815 4150 nisi
1845 4095 2001 4166 quod

349 4190 421 4246 de
452 4187 743 4244 sumendo
775 4186 972 4242 cibum
1003 4201 1123 4240 una
1151 4202 1283 4240 cum
1317 4184 1681 4239 circumcisis
1712 4189 1887 4239 antea
1916 4201 2005 4240 re-

348 4279 681 4351 prehensus
710 4275 917 4332 fuisset
947 4292 980 4330 a
1008 4274 1225 4330 Iudaeis
1246 4273 1485 4344 quando
1534 4289 1667 4328 cum
1729 4274 2002 4329 Cornelio

351 4369 554 4425 ederat
578 4384 590 4421 :
625 4366 736 4423 nisi
768 4367 929 4422 enim
953 4364 1162 4419 fuisset
1187 4371 1364 4418 antea
1391 4362 1787 4433 reprehensus
1818 4362 1890 4418 ab
1912 4364 2004 4419 his

350 4473 500 4530 quos
530 4455 608 4510 ibi
637 4453 989 4518 olTenderat,
1022 4467 1399 4522 nequaquam
1433 4468 1592 4506 nunc
1648 4451 1954 4507 metuisset
1988 4468 2001 4507 :

351 4544 508 4617 quod
540 4545 588 4599 si
620 4560 739 4599 non
774 4541 1100 4605 metuisset,
1135 4540 1301 4595 nulla
1332 4539 1539 4595 fuisset
1569 4557 1717 4613 opus
1766 4558 2001 4613 correp-

347 4635 506 4689 tione
537 4638 640 4689 aut
671 4630 914 4704 publica
942 4629 1301 4685 resistentia.
1331 4631 1541 4684 Verum
1582 4629 1725 4701 quid
1757 4631 2001 4686 omnino

2116 3463 2321 3525 ἔπεισεν
2356 3465 2594 3532 ἅπαντας
2627 3469 2702 3531 ὡς
2734 3469 2797 3524 οὐ
2831 3474 3013 3534 κακῶς
3070 3470 3317 3542 ἐποίησε,
3373 3477 3469 3528 τοῦ
3516 3474 3774 3548 Ηνεύμα-

2114 3580 2206 3620 τος
2257 3560 2415 3614 αὐτὸν
2485 3559 2562 3622 εἰς
2618 3564 2785 3615 τοῦτο
2836 3558 3148 3637 ἐνάγοντος,
3193 3567 3310 3624 πῶς
3370 3564 3430 3617 ἄν
3481 3567 3572 3617 νῦν
3634 3564 3772 3637 μετά

2113 3654 2373 3704 τοσοῦτον
2408 3643 2632 3727 χρόνον,
2668 3649 2800 3721 μετὰ
2821 3649 2883 3703 τὸ
2933 3655 3122 3724 πεῖραν
3184 3648 3372 3705 δοῦναι
3421 3652 3517 3707 τὸν
3563 3651 3768 3728 Ηέτρον

2111 3744 2212 3806 τῆς
2245 3738 2450 3799 οἰκείας
2482 3738 2699 3812 ἀρετῆς,
2733 3735 2930 3808 ἐδεήθη
2964 3737 3129 3793 πάλιν
3160 3746 3260 3809 τῆς
3316 3740 3575 3811 τοιαύτης
3615 3741 3768 3798 οἰκο-

2111 3830 2308 3901 νομίας
2342 3847 2355 3897 ;
2389 3829 2466 3885 Τὸ
2506 3825 2564 3883 δὲ
2614 3829 2697 3884 ’ὀτι
2754 3828 3199 3904 κατεγνωσμένος
3246 3829 3336 3899 ἧν,
3399 3827 3616 3886 δύνασαι
3673 3832 3766 3887 καὶ

2115 3918 2288 3979 οὕτως
2315 3924 2532 3987 νοῆσαι·
2568 3919 2765 3995 Γέγονὲ
2825 3939 2940 3989 μοι,
2993 3919 3149 3998 φησὶ,
3181 3921 3451 3999 πρόφασις
3475 3925 3572 3977 τοῦ
3628 3922 3768 3977 κατὰ

2113 4007 2407 4082 πρόσωπον
2442 4007 2587 4078 αὐτῴ
2619 4007 2929 4076 ἀντιστῆναι
2979 4008 3069 4062 καὶ
3102 4005 3373 4082 διελέγξαι
3403 4009 3588 4081 αὐτὸν,
3621 4007 3766 4066 ἄλλο

2119 4097 2212 4168 μὲν
2249 4092 2429 4165 οὐδὲν,
2532 4094 2615 4150 ὅτι
2646 4097 2770 4171 περὶ
2817 4100 2913 4150 τοῦ
2964 4097 3256 4161 συνεσθίειν
3311 4104 3428 4161 τοῖς
3488 4097 3538 4153 ἐν
3598 4099 3769 4174 ἀκρο-

2114 4181 2307 4258 ϐυστίᾳ
2389 4187 2947 4263 προκατεγνωσμὲνος
3031 4188 3098 4257 ἦν
3154 4188 3262 4243 ἀπὸ
3318 4194 3426 4243 τῶν
3485 4186 3765 4245 Ἰουδαίων

2113 4275 2203 4330 ’ὸτε
2238 4274 2317 4348 τῷ
2380 4275 2664 4348 Κορνηλίῳ
2722 4277 3030 4356 συνέφαγεν.
3076 4276 3139 4333 Εἰ
3203 4279 3278 4349 μή
3340 4278 3442 4356 γὰρ
3528 4298 3770 4352 προκατ-

2115 4365 2361 4440 εγνώσθη
2413 4368 2541 4439 παρ’
2598 4366 2780 4422 αὐτῶν
2842 4364 3335 4431 πανδαλισθέντων
3394 4368 3524 4435 ἐκεῖ,
3553 4369 3654 4424 σύκ
3707 4367 3769 4425 ἄν

2113 4459 2207 4509 νῦν
2254 4454 2552 4525 ὑπεστάλη.
2587 4458 2679 4525 Μὴ
2728 4454 3129 4517 ὑποσταλέντος
3188 4453 3267 4523 δὲ,
3327 4458 3429 4513 οὐκ
3485 4457 3554 4526 ἧν
3608 4458 3770 4533 χρεία

2110 4549 2209 4599 τοῦ
2241 4566 2300 4601 τε
2331 4543 2591 4622 ἐλέγχου,
2623 4552 2722 4614 τῆς
2755 4568 2832 4622 τε.
2871 4546 3005 4600 κατᾶ
3062 4546 3355 4620 πρόσωπον
3386 4548 3768 4610 ἀντιστάσεως.

2114 4634 2181 4691 Τί
2211 4632 2268 4690 δὲ
2326 4618 2503 4696 ὅλως
2532 4633 2737 4712 ὠφελεῖ
2886 4634 3024 4690 κατὰ
3081 4618 3375 4710 πρόσωπον
3417 4637 3766 4709 ἀντίστασιςς

347 4725 587 4797 prodest
617 4720 852 4794 publice
881 4719 1200 4776 resistere?
1229 4751 1298 4759 —
1337 4721 1482 4785 Quia
1521 4725 1851 4792 opportune
1885 4722 2001 4794 egit

2116 4759 2181 4769 —
2214 4727 2375 4799 [ΤΟΥ
2406 4727 2678 4798 ΑΥΤΟΥ.]
2707 4726 2833 4782 ’Ότι
2893 4725 3156 4800 εὐκαίρως
3214 4724 3444 4796 ἐποίησε
3500 4725 3772 4802 λεχθῆναι

346 4821 413 4869 ut
441 4829 640 4869 coram
672 4810 890 4867 Ju‘dzeis
920 4810 1141 4865 dictum
1176 4816 1331 4865 esset
1359 4826 1371 4863 :
1406 4812 1519 4864 Nos
1552 4816 1766 4866 natura
1812 4811 2000 4865 Judaei

349 4909 409 4958 et
437 4920 559 4957 non
592 4918 661 4957 ex
684 4900 961 4973 gentibus
994 4905 1354 4970 peccatores,
1410 4915 1661 4970 cumque
1715 4899 2004 4956 sciremus

352 4990 512 5064 quod
540 5007 663 5045 non
686 4989 1049 5061 justiﬁcetur
1071 4989 1248 5043 homo
1277 5005 1346 5043 ex
1377 4989 1657 5059 operibus
1688 4988 1853 5060 legis,
1887 4980 2001 5043 nisi

351 5098 457 5154 per
484 5080 660 5136 ﬁdem
687 5080 823 5134 .lesu
859 5078 1096 5144 Christi,
1130 5083 1188 5133 et
1217 5095 1323 5133 nos
1363 5078 1425 5133 in
1455 5078 1753 5133 Christum
1800 5079 1997 5134 Jesum

350 5169 711 5227 credidimus
732 5174 799 5223 ut
821 5167 1288 5238 justiﬁcaremur
1312 5168 1373 5221 in
1405 5166 1518 5222 ﬁde
1549 5165 1759 5221 Christi
1793 5172 1851 5221 et
1879 5184 1997 5222 non

352 5277 423 5315 ex
448 5257 725 5330 operibus
755 5257 901 5328 legis
935 5273 947 5309 :
982 5256 1122 5328 quia
1143 5258 1268 5313 hac
1298 5273 1497 5312 coram
1530 5255 1807 5311 omnibus
1843 5257 1999 5313 dicta

349 5353 509 5411 sunt,
543 5346 655 5402 fuit
688 5345 928 5418 publica
958 5346 1318 5401 resistentia.
1380 5345 1612 5399 Etenim
1671 5346 1719 5399 si
1778 5345 1997 5417 aliquis

347 5455 513 5495 error
546 5436 768 5501 fuisset,
803 5436 1160 5508 oportuisset
1186 5435 1457 5507 privatim
1480 5450 1726 5507 arguere
1767 5441 1823 5490 et
1854 5454 1992 5492 cor-

345 5532 557 5604 rigere.
594 5528 826 5585 dicente
861 5528 1108 5582 Domino
1140 5528 1289 5582 732
1322 5543 1334 5580 :
1369 5551 1394 5575 α
1431 5527 1486 5581 Si
1522 5528 1850 5597 peccaverit
1878 5529 1991 5586 fra-

347 5627 437 5677 ter
465 5627 603 5676 tuus
627 5620 858 5691 corripe
916 5632 1051 5671 eum
1112 5616 1387 5688 privatim
1423 5634 1435 5671 :
1468 5616 1626 5688 quod
1655 5617 1701 5673 si
1734 5634 1852 5675 non
1884 5620 1989 5676 ob-

426 5773 447 5807 '
476 5773 585 5827 Act
622 5788 680 5838 ι,
712 5772 802 5825 35.

2117 4809 2418 4888 ἔμπροσθεν
2450 4819 2558 4868 τῶν
2591 4811 2891 4881 Ἰουδαίων,
2923 4815 3008 4884 τὸ,
3049 4816 3237 4886 Ἡμεῖς
3293 4816 3445 4897 φύσει
3487 4813 3769 4889 Ἰουδαῖοι,

2114 4903 2203 4957 καὶ
2237 4903 2336 4958 οὐκ
2356 4901 2406 4973 ἐξ
2441 4901 2601 4958 ἐθνῶν
2631 4904 2978 4977 ἁμαρτωλοὶ,
3027 4901 3226 4966 εἰδότες
3259 4904 3340 4960 ὅτι
3401 4905 3463 4960 οὐ
3523 4904 3769 4961 δικαιοῦ-

2111 5012 2198 5047 ται
2232 4990 2512 5067 ἅνθρωπος
2639 4990 2813 5069 ἔργιυν
2870 4993 3066 5066 νόμου,
3110 4992 3196 5048 ἐὰν
3260 4996 3334 5067 μή
3395 4992 3484 5049 διὰ
3531 4994 3770 5058 πίστεως

2113 5083 2294 5151 Ἰησοῦ
2348 5086 2615 5157 Χριστοῦ,
2699 5081 2789 5138 καὶ
2878 5084 3042 5155 ἡμεῖς
3130 5084 3204 5139 εἰς
3264 5085 3497 5159 Χριστὸν
3555 5086 3766 5155 Ἰησοὸν

2110 5171 2497 5239 ἐπιστεύσαμεν
2553 5172 2644 5225 ’ἱνα
2705 5170 3089 5245 δικαιωθῶμεν
3146 5171 3205 5227 ἐκ
3243 5173 3480 5236 πίστεως
3510 5176 3770 5249 Χριστοῦ,

2108 5260 2198 5315 καὶ
2234 5261 2332 5316 οὐκ
2400 5261 2450 5332 ἐξ
2500 5259 2676 5338 ἔργων
2750 5263 2944 5335 νόμου·
3007 5260 3098 5318 διὰ
3152 5262 3213 5317 τὸ
3271 5261 3541 5339 λεχθῆναι
3603 5269 3771 5321 ταῦτα

2107 5347 2413 5425 ἔμπροσθεν
2474 5352 2709 5420 πάντων,
2766 5350 2986 5428 γέγονεν
3036 5355 3070 5421 ἡ
3128 5352 3265 5407 κατᾶ
3322 5354 3616 5428 πρόσωπον
3676 5356 3771 5409 ἀν-

2101 5440 2365 5502 τίστασις.
2421 5440 2569 5496 Ἐπεὶ
2650 5439 2821 5515 ἐχρῆν
2882 5438 3035 5516 εἷ’περ
3122 5438 3225 5514 ἄρα
3278 5464 3334 5497 τι
3392 5443 3618 5524 σφάλμα
3675 5446 3768 5514 ἦν,

2101 5531 2218 5584 κατ’
2261 5527 2399 5583 ἰδίαν
2460 5527 2747 5604 ἐγκαλέσαι
2785 5528 2877 5584 καὶ
2919 5527 3346 5605 διορθώσασθαι,
3400 5536 3497 5585 τοῦ
3554 5532 3769 5599 Κυρίου

2104 5617 2383 5695 λεγοντος
2442 5640 2461 5666 ι
2532 5618 2653 5674 Ἐάν
2711 5617 2925 5693 ἁμάρτῃ
2992 5620 3020 5673 6
3080 5615 3316 5699 ἀδελφός
3373 5641 3493 5691 σου,
3545 5615 3771 5696 ἔλεγξον
