4098 6394
356 488 513 551 1113

1381 476 1797 542 COMMENT.
1848 474 1923 534 IN
1969 473 2221 534 EPIST.
2269 475 2375 534 AD
2418 477 2699 537 GALAT.

3620 482 3777 541 11M

347 623 512 678 αὐτὸν
542 621 662 677 κατ’
720 616 884 676 ἰδίαν.
944 618 1289 680 ’Λπειθοῦντι
1349 611 1427 683 δὲ,
1490 611 1581 668 καὶ
1636 609 1851 686 ἐτέρους
1909 606 2001 663 καὶ

2127 613 2558 684 temperaverit,
2609 613 2754 671 alios
2806 632 3042 688 quoque
3096 617 3276 672 simul
3335 621 3393 672 et
3448 618 3774 675 Ecclesiam

351 712 454 781 τήν
517 708 811 780 ἐκκλησίαν
874 706 1186 777 ἐπίστησον.
1292 725 1312 754 ι
1365 704 1490 760 Ὅτι
1566 699 2010 777 κατεγνωσμένος

343 801 495 872 ἦν.»
529 796 987 876 Κατεγνωσμένος
1036 797 1102 863 ἦν
1166 794 1193 847 6
1247 794 1473 867 Πέτρος,
1531 788 1591 845 ού
1648 792 1717 863 τῇ
1774 786 2012 876 ἀληθείᾳ

346 887 473 946 οὔτε
540 875 693 964 παρᾶ
763 884 983 941 Παύλου
1039 887 1136 939 τοῦ
1201 884 1300 951 τήν
1392 879 1707 953 οἰκονομίαν
1778 875 2007 943 εἰδότος,

344 982 520 1054 ἄπαγε
557 979 569 1034 !
603 976 749 1032 ἀλλᾶ
778 976 927 1048 παρὰ
954 980 1061 1030 τῶν
1094 972 1440 1050 ἀγνοούντων
1494 968 1556 1025 τὸ
1607 964 2010 1041 οἰκονομούμε-

345 1091 459 1139 νον,
518 1068 610 1123 καὶ
670 1065 939 1139 οἰομένων
1000 1063 1378 1137 ὑποκρίνεσθαι
1467 1056 1555 1114 διὰ
1637 1058 1699 1113 τὸ
1755 1061 2009 1132 πρᾶγμα,

350 1159 436 1215 δτὶ
469 1157 718 1212 ἀπόντων
752 1154 850 1228 μὲν
890 1160 996 1210 τῶν
1058 1151 1108 1222 ἐξ
1170 1147 1443 1208 Ἰουδαίων
1491 1153 1697 1202 πιστῶν
1753 1144 2009 1215 συνησθιε

346 1253 463 1310 τοῖς
515 1246 707 1315 ἔθνεσι,
774 1244 1054 1317 παρόντων
1122 1239 1195 1303 δὲ,
1259 1239 1358 1294 οὐκ
1426 1237 1523 1293 ἔτι.
1595 1232 1763 1297 Οἶδας
1831 1232 1890 1289 δὲ
1956 1230 2005 1286 τί

341 1339 798 1415 παραγέγραπται
898 1329 990 1387 διὰ
1094 1333 1301 1404 Κηφᾶν.
1383 1325 1581 1383 «Ἀπὸ
1658 1319 1935 1381 Ἰακώϐου.
1976 1347 2004 1373 ››

346 1411 607 1487 Ἰάκωϐος
685 1424 713 1478 6
785 1426 883 1478 τοῦ
957 1423 1203 1496 Χριστοῦ
1303 1416 1653 1493 χρηματίσας
1746 1411 2004 1493 ἀδελφὸς,

343 1515 641 1575 ἐπίσκοπος
700 1514 764 1582 ἦν
824 1507 1246 1586 Ἱεροσολύμων.
1315 1506 1439 1563 Ἀπ’
1491 1504 1656 1559 αὐτοῦ
1716 1503 1810 1557 οὖν
1867 1500 2002 1555 ἀπο-

344 1603 631 1666 σταλέντες
661 1603 833 1671 ἧλθον
879 1598 930 1671 ἐξ
990 1594 1268 1655 Ἰουδαίων
1318 1593 1717 1661 πιστεύσαντες,
1776 1585 1854 1645 ἔτι
1912 1590 2004 1645 καὶ

336 1699 436 1751 τοῦ
508 1693 680 1766 νόμου
757 1690 1038 1766 ἐχόμενοι.
1135 1683 1459 1741 ’Υπέστελλε
1550 1683 1641 1738 καὶ
1735 1681 2005 1760 ἀφώριζεν

338 1784 550 1841 ἑαυτόν.
587 1783 745 1838 »Ἐκ
784 1786 884 1848 τῆς
944 1782 1053 1833 τῶν
1109 1776 1332 1831 ἐθνικῶν
1383 1770 1646 1844 δηλονότι
1695 1769 1999 1832 συνουσίας.

339 1876 413 1932 Τὸ
446 1871 522 1943 δὲ,
565 1896 592 1923 ‹‹
632 1865 1013 1942 Φοϐούμενος.
1080 1866 1142 1919 οὐ
1192 1868 1355 1919 τοῦτο
1408 1861 1554 1937 λέγει
1603 1862 1687 1916 ’ὁτι
1739 1856 2000 1920 δεδοικὼς

2117 700 2403 757 adhibe.»
2436 733 2495 743 --
2522 727 2548 753 α
2575 704 2740 769 Quod
2758 706 3157 776 reprehensus
3182 712 3357 762 esset.
3385 728 3413 757 ››
3437 708 3777 779 Reprehen-

2118 807 2217 846 sus
2249 798 2375 847 erat
2403 794 2612 848 Petrus
2644 810 2763 848 non
2786 795 2954 865 justo.
2983 794 3055 850 de
3085 811 3285 857 causa,
3314 812 3508 868 neque
3535 814 3569 851 a
3590 796 3773 853 Paulo

2116 880 2217 951 qui
2247 880 2756 952 dispensationem
2790 889 3071 939 noverat:
3104 884 3260 939 absit
3287 884 3300 939 ί
3336 885 3438 940 sed
3459 885 3533 940 ab
3559 886 3652 941 his
3670 886 3773 957 qui

2115 968 2469 1041 ignorabant
2484 971 2626 1042 quid
2650 972 3051 1044 dispensative
3073 979 3431 1045 ageretur,et
3451 974 3774 1045 opinaban-

2114 1064 2211 1114 tur
2242 1076 2310 1115 ex
2338 1076 2399 1114 re
2431 1062 2560 1132 ipsa
2580 1061 2707 1117 fieri
2732 1062 3178 1118 simulationem
3205 1080 3219 1117 :
3245 1063 3405 1134 quod
3425 1064 3774 1120 absentibus

2115 1149 2358 1220 quidem
2385 1150 2606 1205 Iudaeis
2638 1151 2917 1208 fidelibus
2948 1169 3082 1207 cum
3115 1152 3389 1225 gentibus
3420 1152 3774 1216 ederet,non

2112 1244 2311 1294 autem
2345 1240 2760 1311 praesentibus.
2819 1242 2982 1296 Nosti
3032 1247 3233 1298 autem
3282 1242 3428 1313 quid
3488 1244 3774 1314 scriptum

2111 1345 2181 1384 ac
2204 1330 2648 1401 promulgatum
2682 1331 2759 1386 sit
2789 1336 3032 1403 prOpter
3054 1331 3314 1403 Cephan.
3355 1355 3374 1380 «ι
3402 1334 3450 1389 Α
3479 1332 3717 1389 Iacobo.
3745 1356 3772 1382 η

2108 1418 2362 1475 Iacobus
2392 1418 2490 1475 hic
2530 1420 2748 1475 Christi
2807 1420 2991 1476 frater
3045 1420 3399 1492 appellatus,
3458 1422 3774 1493 episcopus

2113 1514 2240 1563 erat
2268 1507 2816 1580 Hierosolymorum
2845 1526 2857 1563 :
2890 1509 2962 1564 ab
2995 1510 3123 1580 ipso
3156 1510 3333 1582 igitur
3364 1510 3532 1566 missi
3593 1527 3773 1566 vene-

2111 1603 2246 1654 rant
2278 1598 2379 1669 qui
2411 1615 2481 1653 ex
2507 1598 2726 1654 Iudaeis
2759 1599 3139 1655 crediderant
3167 1600 3540 1656 adhzerentes
3578 1601 3773 1656 adhuc

2109 1687 2246 1761 legi.
2275 1710 2299 1736 ι‹
2326 1686 2651 1742 Verebatur
2673 1693 2731 1742 et
2753 1688 3099 1761 segregabat
3121 1705 3204 1745 se.
3224 1710 3246 1738 ιι
3266 1701 3307 1742 Α
3328 1689 3597 1761 gentium
3618 1689 3773 1745 vide'

2111 1776 2252 1832 licet
2264 1776 2908 1842 conversationeQuod
2923 1783 3123 1833 autem
3137 1777 3431 1844 additur,«
3447 1780 3735 1846 Metuens,
3747 1800 3773 1827 ι»

2110 1883 2231 1922 non
2254 1866 2365 1922 hoc
2390 1866 2672 1939 intelligit
2699 1866 2858 1937 quod
2890 1867 3125 1922 timeret
3148 1883 3223 1922 ne
3242 1867 3382 1936 quid
3407 1867 3480 1923 ab
3503 1868 3651 1939 ipsis
3676 1885 3775 1940 pa-

346 1965 542 2026 αὗτοὺς
579 1965 654 2035 μή
704 1982 755 2016 τι
815 1959 955 2030 πάθῃ
1011 1958 1136 2031 παρ’
1196 1956 1395 2022 αὐτῶν,
1456 1951 1602 2008 ἀλλὰ
1660 1945 2000 2029 φοϐοόμενος

2127 1960 2371 2012 .eretur:
2406 1954 2510 2010 sed
2542 1961 2817 2011 metuens
2849 1972 2923 2010 ne
2945 1956 3375 2012 oﬂ‘endiculum
3398 1958 3559 2029 passi
3578 1958 3776 2013 resili-

352 2057 429 2128 μή
491 2048 983 2113 σκανδαλισθέντες,
1039 2047 1483 2119 ἀποσκιρτήσωσι
1569 2048 1669 2111 τῆς
1741 2040 1997 2100 πίστεως.

361 2170 381 2193 ι
419 2142 517 2198 Καὶ
550 2138 1010 2214 συνυπεκρίθησαν
1044 2136 1214 2208 αὐτῷ.
1252 2159 1279 2186 ››
1311 2133 1620 2209 Ὑπόκρισιν
1668 2131 1731 2185 τὸ
1779 2133 2004 2205 πρᾶγμα

349 2229 533 2297 καλεῖ,
606 2230 698 2284 ἳνα
771 2231 806 2298 ἡ
884 2225 1175 2298 οἰκονομία
1249 2220 1725 2296 ἐκκαλυπτομέθη,
1807 2218 2002 2291 μηκέτι

351 2322 545 2400 ὠφελῇ
575 2322 703 2381 τοὺς
736 2318 794 2374 ἐκ
836 2324 1141 2392 περιτομῆς
1195 2312 1443 2374 πεστούς.
1500 2337 1525 2363 ‹‹
1558 2312 1656 2367 Καὶ
1706 2313 1757 2365 οὶ
1813 2308 2003 2365 λοιποὶ

352 2408 635 2471 Ἰουδαῖοι.
708 2433 735 2458 ››
790 2410 959 2465 Ἦσαν
1020 2408 1122 2481 γὰρ
1181 2404 1271 2460 καὶ
1355 2400 1519 2458 ἂλλοι
1573 2401 1632 2454 ἐκ
1696 2402 2002 2472 περιτομῆς

350 2501 537 2558 πιστοὶ
569 2500 645 2562 εἰς
679 2499 1045 2572 Ἀντιόχειαν,
1104 2496 1155 2550 οἱ
1207 2493 1296 2548 καὶ
1346 2492 1525 2562 αὐτοὶ,
1577 2489 1761 2569 φησὶν,
1800 2487 2006 2565 ἀφώρι-

350 2614 446 2648 σαν
481 2588 702 2651 έαυτοὺς
737 2587 797 2643 ἐκ
825 2591 931 2642 τῶν
961 2585 1010 2656 ἐξ
1070 2578 1453 2659 ἀκροϐυστίας,
1508 2579 1597 2636 διὰ
1645 2580 1770 2641 τοὺς
1820 2576 2007 2634 ἐλθόν-

348 2703 447 2743 τας
478 2679 586 2734 ἆπὸ
617 2672 899 2734 Ἰακώϐου.

425 2767 587 2825 Ἀλλ’
685 2766 775 2822 ὅτε
876 2763 1023 2820 εἶδον
1098 2762 1181 2818 ὅτι
1258 2763 1358 2818 οὐκ
1432 2757 1794 2837 ὀρθοποδοῦσι
1870 2759 2007 2834 πρὸς

350 2862 453 2928 τὴν
529 2858 790 2929 ἀλήθειαν
867 2860 963 2911 τοῦ
1039 2850 1407 2931 Εὐαγγελίου,
1486 2851 1637 2907 εἶπον
1734 2854 1814 2923 τῷ
1909 2846 2011 2905 Πέ-

348 2971 468 3026 τρῳ
543 2946 847 3023 ἔμπροσθεν
942 2945 1180 2999 πάντων·
1258 2943 1323 3000 Εἰ
1400 2940 1463 2996 σὺ
1539 2936 1805 3002 Ἰουδαῖος
1910 2939 2013 2994 ὑπ-

353 3042 568 3115 άρχων,
638 3037 866 3100 ἐθνικῶς
948 3038 1047 3107 ζῇς
1131 3033 1223 3087 καὶ
1304 3030 1403 3087 οὐκ
1450 3026 1784 3099 Ἰουδαϊκῶς,
1837 3027 1890 3083 τί
1945 3028 2013 3082 τὰ

354 3126 481 3202 ἔθνῃ
609 3126 929 3200 ἀναγκάζεις
1059 3119 1372 3190 Ἰουδαίζειν
1445 3140 1458 3188 ;
1561 3119 1754 3189 Ἡμεῖς
1856 3116 2012 3196 φύσει

355 3214 617 3275 Ἰουδαῖοι
682 3215 772 3270 καὶ
831 3214 931 3269 οὐκ
987 3212 1039 3283 ἐξ
1127 3211 1291 3274 ἐθνῶν
1381 3205 1725 3284 ἁμαρτωλοὶ,
1812 3203 2015 3266 εἰδότες

361 3305 446 3360 δτι
514 3304 575 3359 οὗ
644 3301 947 3357 δικαιοῦται
1042 3297 1321 3374 ἄνθρωπος
1419 3296 1468 3366 ἐξ
1559 3293 1729 3371 ἔργων
1816 3293 2012 3369 νόμου,

359 3391 447 3448 ἐὰν
506 3394 580 3468 μὴ
654 3388 743 3446 διὰ
799 3389 1031 3450 πίστεως
1087 3390 1270 3459 Ἰησοῦ
1350 3387 1611 3458 Χριστοῦ.
1671 3383 1768 3441 Καὶ
1846 3385 2011 3457 ἡμεῖς

355 3480 434 3546 είς
508 3481 738 3554 Χριστὸν
844 3480 1052 3549 Ἰησοῦν
1126 3475 1532 3548 ἐπιστεύσαμεν,
1616 3473 1709 3527 ἳνα
1785 3469 2014 3527 δικαιω-

358 3577 541 3644 θῶμεν
597 3569 657 3625 ἐκ
718 3569 951 3630 πίστεως
1047 3568 1306 3639 Χριστοῦ,
1377 3564 1470 3619 καὶ
1538 3564 1641 3618 οὐκ
1706 3561 1757 3633 ἐξ
1838 3556 2012 3637 ἔργων

354 3661 554 3735 νόμου.
624 3658 770 3715 Διότι
836 3658 904 3713 οὗ
972 3654 1390 3726 δικαιωθήσεται
1459 3654 1509 3727 ἐξ
1587 3650 1760 3729 ἔργων
1838 3651 2013 3726 νόμου

356 3756 505 3806 πᾶσα
580 3749 728 3824 σάρξ.
816 3747 880 3805 Εἰ
976 3744 1032 3802 δὲ
1123 3748 1410 3817 ζητοῦντες
1507 3740 1863 3811 δικαιωθῆναι
1962 3739 2014 3795 ἐν

355 3843 604 3917 Χριστῷ,
679 3837 974 3912 εὑρέθημεν
1050 3835 1142 3891 καὶ
1217 3831 1371 3889 αὐτοὶ
1464 3831 1811 3908 ἁμαρτωλοὶ,
1912 3832 2013 3906 ἄρα

358 3930 599 4006 Χριστὸς
623 3926 890 4003 ἁμαρτίας
924 3923 1207 3993 διάκονοςς
1245 3925 1335 3993 Μὴ
1371 3921 1607 3997 γένοιτο.

434 4019 537 4091 Οῖᾳ
570 4016 783 4091 διανοίᾳ
813 4014 1022 4091 ε’ίρηται
1053 4016 1137 4084 τὸ,
1192 4039 1217 4064 α
1255 4013 1730 4088 Συνυπεκρίθησαν
1785 4012 1954 4083 αὐτῷ,
1985 4035 2012 4062 ›)

359 4110 588 4184 τοιαύτῃ
619 4108 705 4163 καὶ
737 4107 820 4173 τὸ,
857 4132 875 4156 ι
900 4105 1015 4161 Οὐκ
1044 4101 1461 4181 ὂρθοδοποῦσιν,
1486 4128 1513 4154 ι»
1548 4098 1777 4178 ἐλέχθη,
1803 4101 1882 4159 Ού
1911 4102 2013 4176 γὰρ

364 4199 625 4275 βούλεται
701 4199 800 4266 τήν
874 4195 1192 4264 οἰκονομίαν
1266 4190 1632 4267 ἀνακαλῦψαι.
1675 4192 1869 4267 «Πρὸς
1912 4192 2011 4259 τὴν

359 4287 619 4358 ἀλήθειαν
692 4290 788 4341 τοῦ
864 4282 1221 4359 Εὖαγγελίου.
1258 4306 1286 4334 ι)
1316 4282 1380 4337 Ἦ
1439 4282 1541 4357 γὰρ
1614 4279 1847 4352 ἀλήθεια
1918 4284 2015 4334 τοῦ

362 4375 706 4454 Εὐαγγελίου
734 4372 844 4429 ἐστὶ
876 4373 937 4428 τὸ
982 4374 1122 4444 μήτε
1170 4368 1539 4443 περιτέμνειν,
1594 4371 1734 4443 μήτε
1783 4368 2017 4443 ἀποχω-

365 4470 476 4543 ρεῖν
508 4470 614 4520 τῶν
645 4462 693 4533 ἐξ
726 4456 1085 4538 ἀκροϐυστίας
1116 4461 1342 4514 πιστῶν.
1381 4481 1410 4509 ‹‹
1441 4457 1559 4515 Οὐκ
1604 4455 1680 4512 ἔνι
1726 4458 1827 4532 γὰρ
1873 4458 2017 4513 ’lou-

364 4553 519 4619 δαῖος
548 4551 673 4608 οὔδε
698 4548 937 4621 Ἕλλην.
976 4573 1004 4600 ››

439 4666 468 4694 ‹‹
500 4641 683 4699 Εἰπὼν
715 4642 796 4712 τῷ
822 4639 1010 4714 Πέτρῳ
1067 4633 1369 4709 ἔμπροσθεν
1415 4633 1650 4688 πάντων.
1680 4656 1707 4686 ››
1740 4633 1901 4708 Ὁρᾷς
1930 4630 2015 4688 ὅτι

1464 3831 1811 3908 ἁμαρτωλοὶ,

2116 2052 2249 2101 rent
2279 2062 2314 2101 a
2345 2044 2481 2100 ﬁde.
2517 2070 2544 2093 ιι
2580 2049 2660 2099 Ac
2692 2044 3059 2101 simulabant
3082 2063 3217 2101 cum
3249 2064 3339 2102 eo.
3371 2069 3398 2096 ››
3432 2047 3773 2104 Simulatio-

2116 2151 2253 2191 nem
2285 2134 2546 2206 appellat
2570 2151 2697 2190 rem
2718 2136 2930 2206 ipsam,
2956 2135 3042 2190 sic
3062 2141 3125 2189 ut
3145 2136 3377 2191 occulta
3401 2136 3768 2207 dispensatio

2108 2224 2235 2297 jam
2267 2240 2387 2278 non
2422 2223 2731 2295 prodesset
2759 2223 3139 2280 credentibus
3169 2241 3238 2279 ex
3288 2225 3764 2282 circumcisione.

2119 2334 2146 2361 ‹‹
2180 2310 2386 2366 Caeteri
2414 2326 2650 2382 quoque
2681 2310 2886 2366 Iudmi.
2927 2333 2953 2360 ››
3004 2312 3186 2365 Erant
3234 2311 3392 2367 enim
3444 2317 3504 2365 et
3548 2310 3651 2366 alii
3699 2326 3771 2367 ex

2118 2400 2574 2457 circumcisione
2627 2400 2939 2455 credentes
2987 2400 3340 2467 Antiochiae,
3375 2401 3475 2472 qui
3516 2407 3575 2456 et
3629 2401 3767 2472 ipsi,

2120 2491 2336 2562 inquit,
2369 2489 2759 2562 segregabant
2799 2490 3025 2561 seipsos
3057 2489 3129 2545 ab
3162 2489 3233 2545 iis
3266 2491 3366 2561 qui
3418 2506 3489 2545 ex
3534 2507 3770 2562 praapu-

2120 2581 2282 2637 tiatis
2313 2582 2430 2635 sive
2487 2578 2922 2635 iucircumcisis
2971 2585 3140 2634 erant
3179 2587 3421 2651 propter
3459 2597 3560 2636 eos
3606 2579 3774 2651 quia

2118 2671 2333 2728 Iacobo
2364 2674 2664 2727 venerant.

2193 2763 2262 2827 II,
2296 2762 2482 2815 14-17.
2523 2784 2544 2809 α
2582 2761 2797 2814 Verum
2831 2759 2929 2814 ubi
2961 2758 3239 2815 vidissem
3271 2759 3430 2831 quod
3462 2776 3584 2815 non
3613 2764 3775 2816 recte

2125 2878 2151 2903 (ι
2186 2852 2535 2908 incederent
2566 2850 2642 2906 ad
2672 2851 2976 2906 veritatem
3003 2851 3324 2924 Evangelii,
3350 2851 3467 2906 dixi
3493 2853 3664 2906 Petro
3686 2868 3779 2908 co-

2127 2966 2153 2993 ‹‹
2189 2959 2316 2998 ram
2349 2941 2628 2997 omnibus
2656 2957 2668 2994 :
2701 2940 2758 2995 Si
2793 2946 2851 2994 tu
2884 2930 3019 2995 cuni
3052 2941 3133 2995 sis
3161 2940 3419 3010 Iudaaus,
3478 2940 3781 3009 gentiliter

2128 3057 2156 3087 «
2190 3034 2332 3090 vivis
2364 3050 2432 3089 ac
2460 3049 2582 3088 non
2601 3032 2863 3097 Iudaice,
2888 3049 2994 3087 cur
3012 3038 3219 3104 gentes
3241 3033 3402 3098 cogis
3426 3031 3732 3103 judaizare
3753 3033 3783 3088 ?

2128 3147 2155 3175 «
2189 3126 2300 3179 Nos
2331 3128 2547 3179 natura
2573 3122 2758 3177 Iudaei
2792 3126 2850 3175 et
2878 3138 2999 3175 non
3029 3138 3100 3177 ex
3114 3121 3390 3193 gentibus
3412 3126 3774 3192 peccatores,

2129 3237 2157 3266 «
2191 3214 2449 3270 scientes
2479 3229 2598 3267 non
2624 3210 2943 3282 justiﬁcari
2975 3211 3282 3265 hominem
3304 3227 3372 3266 ex
3400 3210 3680 3282 operibus
3700 3209 3782 3267 le-

2130 3327 2158 3356 ‹‹
2190 3303 2300 3376 gis,
2333 3302 2448 3357 nisi
2480 3318 2586 3372 per
2617 3299 2795 3356 fidem
2823 3301 2961 3356 Iesu
2983 3300 3198 3356 Christi
3225 3316 3369 3367 ;nos
3398 3300 3460 3355 in
3480 3299 3779 3354 Christum

2129 3417 2155 3444 (ι
2187 3395 2388 3450 Iesum
2418 3390 2800 3453 credidimus,
2825 3394 2891 3444 ut
2907 3390 3381 3461 justiﬁcaremur
3409 3405 3478 3445 ex
3504 3389 3618 3445 ﬁde
3640 3390 3777 3445 Iesu

2127 3503 2158 3537 α
2187 3483 2423 3548 Christi,
2456 3485 2515 3537 et
2542 3496 2664 3535 non
2697 3494 2768 3534 ex
2798 3479 3079 3549 operibus
3109 3478 3276 3551 legis,
3319 3479 3605 3549 quoniam
3658 3495 3778 3533 non

2133 3595 2154 3623 ι
2181 3569 2613 3647 justiticabitur
2638 3586 2708 3624 ex
2739 3568 3019 3640 operibus
3049 3568 3196 3641 legis
3217 3569 3413 3623 omnis
3433 3585 3590 3624 caro.
3615 3567 3781 3633 Quod

2126 3685 2155 3712 α
2190 3663 2260 3729 si,
2295 3660 2438 3716 dum
2470 3660 2796 3730 quaerimus
2817 3658 3137 3729 justiﬁcari
3171 3675 3277 3730 per
3314 3659 3635 3725 Christum,
3688 3673 3783 3713 re-

2127 3775 2155 3802 ‹‹
2189 3751 2342 3824 perti
2374 3766 2578 3808 sumus
2611 3754 2665 3804 et
2698 3749 2811 3820 ipsi
2840 3753 3204 3821 peccatores,
3236 3765 3380 3804 num
3411 3764 3549 3820 ergo
3581 3747 3778 3803 Chris-

2128 3866 2154 3894 «
2191 3848 2284 3898 tus
2315 3840 2539 3913 peccati
2573 3839 2849 3895 minister
2879 3838 3020 3894 est?
3050 3836 3255 3896 Absit!

2198 4015 2419 4072 Eodem
2442 4013 2749 4070 intellectu
2779 4029 2896 4083 quo
2928 4012 3152 4067 dictum
3185 4017 3292 4081 est,
3347 4033 3375 4061 ‹‹
3408 4011 3781 4068 Simulabant

2128 4123 2263 4163 cum
2297 4123 2388 4172 eo,
2423 4128 2450 4155 »
2484 4103 2664 4159 etiam
2695 4103 2923 4158 dictum
2954 4108 3063 4172 est,
3097 4125 3124 4152 ‹‹
3159 4104 3286 4157 Non
3330 4108 3488 4159 recte
3538 4101 3778 4158 incede-

2127 4201 2279 4253 rent.
2306 4217 2334 4243 »
2366 4196 2490 4251 Non
2520 4191 2642 4248 vult
2672 4192 2832 4248 enim
2865 4192 3374 4264 dispensationem
3423 4192 3572 4247 733
3615 4190 3779 4246 dete-

2127 4302 2283 4360 gere.
2350 4307 2377 4334 ‹‹
2414 4282 2496 4337 Λᾶ
2555 4284 2863 4338 veritatem
2929 4281 3243 4351 Evangelii.
3285 4304 3305 4327 ι
3367 4282 3511 4337 Nam
3567 4281 3783 4337 veritas

2130 4373 2430 4447 Evangelii
2462 4378 2552 4428 est
2580 4388 2776 4443 neque
2808 4371 3178 4439 circumcidi,
3216 4387 3412 4441 neque
3440 4386 3475 4427 a
3506 4369 3783 4425 ﬁdelibus

2130 4462 2500 4519 circumcisis
2530 4462 2847 4535 segregari,
2880 4460 3177 4532 siquidem
3203 4483 3231 4510 α
3268 4462 3394 4517 Non
3429 4465 3518 4515 est
3544 4458 3782 4515 Iudaeus

2128 4569 2323 4624 neque
2355 4552 2610 4607 Gracus.
2646 4572 2675 4600 »

2204 4659 2229 4685 «
2250 4638 2374 4692 Dixi
2393 4639 2564 4693 Petro
2580 4652 2781 4692 coram
2795 4637 3092 4693 omnibus.
3123 4637 3330 4692 nVides
3343 4636 3499 4708 quod
3515 4641 3783 4709 prapter-

367 4733 457 4791 διὰ
482 4737 643 4789 τοῦτο
669 4728 972 4807 ἔμπροσθεν
1005 4732 1221 4783 πάντων
1258 4724 1539 4800 ἐμέμψατο
1563 4727 1644 4796 τῷ
1669 4725 1879 4799 Πέτρῳ,
1914 4722 2011 4796 οὐχ

2131 4744 2202 4784 ea
2230 4742 2427 4782 coram
2462 4725 2742 4783 omnibus
2760 4725 3147 4797 reprehendit
3175 4727 3437 4792 Petrum,
3463 4742 3583 4781 non
3608 4726 3785 4781 utPe—

363 4825 452 4879 ’ἱνα
485 4822 690 4898 Πέτρου
719 4823 987 4895 καταγνῷ,
1020 4815 1147 4873 ἀλλ’
1167 4812 1257 4869 τίνα
1285 4815 1411 4875 τοὺς
1444 4812 1504 4869 ἐκ
1542 4820 1873 4888 περιτομῆς,
1923 4833 2023 4867 κα-

366 4918 475 4978 θὼς
499 4914 843 4991 προείρηται,
867 4908 1157 4992 ὠφελήσῃ.
1184 4931 1213 4960 α
1236 4906 1300 4964 El
1325 4907 1387 4961 συ
1402 4904 1665 4968 Ἰουδαῖος
1691 4906 1973 4983 ὑπάρχων.
1993 4930 2021 4959 ››

371 5007 555 5065 Μόνον
588 5006 649 5061 ού
691 5006 936 5081 φανερῶς
990 5000 1106 5056 εἶπε
1154 5003 1269 5061 τοῖς
1319 4998 1424 5054 ἀπὸ
1482 4992 1768 5055 Ἰακώϐου·
1828 4998 2026 5072 Μιμή-

370 5098 532 5153 σασθε
582 5096 672 5150 τὸν
728 5088 1053 5149 διδάσκαλον
1114 5088 1268 5162 ὑμῶν
1324 5085 1547 5148 ἐθνικῶς
1606 5091 1805 5157 ζῶντα,
1861 5107 2025 5142 τουτ-

368 5184 537 5257 έστιν,
640 5183 1101 5258 ἀπαρατηρήτως.
1181 5179 1360 5233 Τοῦτο
1434 5178 1535 5252 γὰρ
1639 5175 2023 5246 κατασκευάζει

368 5275 429 5331 ἐκ
459 5278 557 5340 τῆς
587 5274 722 5349 πρὸς
752 5271 951 5345 Πέτρον
986 5264 1233 5341 ὁμιλίας.
1269 5290 1297 5318 ‹‹
1330 5264 1399 5323 Τί
1435 5265 1501 5319 τὰ
1556 5259 1727 5337 ἕθνης
1766 5291 1785 5315 ιι
1820 5265 1887 5322 Ὃ
1935 5266 2020 5335 σὺ,

368 5366 525 5444 φησὶ,
561 5365 637 5437 μή
685 5364 884 5429 ποιεῖς,
946 5359 1089 5431 μήτε
1143 5353 1353 5419 ’ἄλλους
1408 5353 1696 5431 ἀνάγκαζε.
1759 5353 1929 5444 Alari-
1966 5352 2024 5410 δέ

482 5428 717 5517 εἶέέτι
772 5428 897 5510 εξοὺξ
948 5428 1019 5501 ’ἐκ
1071 5451 1378 5520 περιτομῆς
1424 5428 1742 5520 ἀναγκάζεις
1795 5428 2020 5499 Ἰουδαῖο

369 5549 515 5614 ζειν;
547 5540 645 5597 Καὶ
677 5539 781 5617 γὰρ
841 5535 912 5592 δι’
960 5534 1197 5597 ἐκείνους
1242 5537 1409 5588 ταῦτα
1460 5530 1701 5608 ἐλέγετο,
1758 5531 1847 5587 καὶ
1898 5532 2022 5589 ἀκο-

514 5631 526 5650 !
648 5630 675 5649 ν
834 5623 860 5643 η
1170 5628 1195 5640 υ
1417 5622 1439 5641 η
1540 5642 1559 5655 ⁸
1616 5618 1659 5640 κς
1930 5620 1950 5637 η

368 5630 589 5689 λουθιαν
622 5648 773 5709 ειχεν
800 5646 972 5687 ουτως
1019 5622 1311 5698 λεχθηναι.
1368 5621 1557 5684 Ουτως
1612 5641 1669 5677 οε
1717 5622 1891 5693 εἶπεν,
1938 5642 2019 5676 ινα

438 5813 462 5849 ⁸
489 5810 695 5870 Matth.
734 5823 886 5880 xvm,
927 5805 1012 5862 ιιι.

2132 4824 2291 4873 trum
2321 4814 2766 4883 condemnaret,
2800 4814 2904 4870 sed
2934 4819 3001 4869 ut
3026 4814 3100 4869 iis
3130 4815 3232 4885 qui
3263 4831 3334 4869 ex
3380 4814 3787 4870 circumcisio-

2133 4924 2209 4963 ne
2242 4910 2412 4961 erant
2449 4903 2777 4977 prodesset.
2837 4924 2860 4956 σ
2893 4904 2951 4957 Si
3011 4908 3076 4958 tu
3134 4919 3268 4959 cum
3325 4902 3561 4959 Iudaeus
3620 4904 3785 4960 sis.»

2134 4999 2383 5053 Tantum
2407 5011 2525 5051 non
2549 4993 2699 5049 dixit
2723 4998 2924 5065 aperte
2946 4993 3039 5048 his
3058 4994 3154 5065 qui
3180 5010 3215 5049 a
3232 4991 3446 5049 Iacobo
3464 5000 3783 5050 venerant:

2136 5084 2456 5141 lmitamini
2489 5089 2915 5156 praeceptorem
2947 5088 3204 5139 vestrum
3235 5081 3538 5156 gentiliter
3587 5084 3789 5139 viven-

2134 5183 2269 5242 tem,
2298 5175 2410 5231 hoc
2441 5181 2550 5242 est,
2585 5174 2750 5230 nullo
2799 5173 3181 5229 discrimine:
3229 5191 3368 5230 nam
3412 5175 3524 5232 hoc
3575 5174 3790 5232 astruit

2137 5284 2206 5323 ex
2240 5265 2637 5324 collocutione
2668 5264 2743 5321 ad
2775 5266 3034 5320 Petrum.
3070 5286 3098 5314 ‹‹
3131 5265 3246 5319 Cur
3269 5272 3496 5337 gentes.
3531 5288 3559 5315 ››
3618 5265 3787 5331 Quod

2132 5363 2220 5424 tu,
2256 5355 2467 5427 inquit,
2498 5372 2621 5410 non
2678 5353 2846 5418 facis,
2903 5370 3096 5425 neque
3140 5354 3291 5410 alios
3348 5355 3542 5411 facere
3588 5370 3780 5426 cogas.

2133 5453 2321 5518 Quare
2352 5456 2550 5505 autem
2582 5467 2701 5504 non
2733 5449 2919 5505 dixit:
2952 5450 3140 5514 Quare
3173 5466 3273 5506 eos
3296 5450 3397 5521 qui
3430 5467 3497 5505 ex
3528 5450 3780 5506 circum-

2121 5542 2357 5611 cisione
2390 5544 2529 5596 sunt
2549 5539 2706 5612 cogis
2722 5538 3024 5610 judaizare
3037 5538 3064 5593 ‘I
3080 5539 3375 5611 siquidem
3391 5536 3778 5611 propterillos

2129 5631 2257 5687 haac
2287 5629 2540 5695 dicebat,
2575 5633 2635 5684 et
2663 5628 2958 5684 sermonis
2988 5628 3420 5699 consequentia
3447 5632 3574 5681 erat
3603 5630 3668 5681 ut
3696 5625 3780 5681 ita
