4098 6460
280 526 434 587 1115

1399 513 1819 575 (ΕΟΟΜΕΝΙΙ
1864 511 2169 574 ΤΒΙΟΟΑΞ
2218 516 2572 578 EPISCOPI

3540 517 3697 576 1116

278 661 592 716 diceretur.
621 660 740 713 Hoc
770 657 946 712 modo
989 661 1202 711 autem-
1233 654 1382 709 dixit
1412 659 1477 707 ut
1498 652 1764 706 videatur
1795 665 1932 704 suo-

2070 647 2172 722 ἶόξῃ
2206 653 2314 702 τῶν
2363 647 2516 705 ἰδίων
2573 649 2830 724 κήδεσθαι
2889 655 3171 725 μαθητῶν,
3225 658 3333 708 τῶν
3393 652 3442 722 ἐξ
3503 650 3685 722 ἐθνῶν,

280 767 412 806 rum
436 765 637 803 curam
659 747 878 802 habere
902 745 1582 816 discipulorum,nempe
1606 755 1811 795 eorum
1836 737 1938 809 qui

283 858 351 896 ex
375 839 650 912 gentibus
675 843 943 896 erant.ne
966 835 1273 906 detegatur
1298 832 1664 902 dispensatio
1696 835 1940 901 propter

281 946 458 1000 quam
493 933 620 982 erat
649 925 1053 996 reprehensio.
1093 946 1120 972 υ
1150 925 1263 977 Nos
1298 929 1508 977 natura
1535 920 1741 976 Judaei.
1769 942 1791 968 υ
1820 919 1939 972 Ηοο

285 1024 392 1078 est.
454 1017 613 1088 quod
671 1016 742 1069 ad
805 1015 1064 1083 majores
1123 1013 1334 1066 attinet
1393 1011 1445 1065 el
1504 1011 1936 1082 progenitores.

288 1130 310 1159 ι
347 1108 613 1162 Scientes
645 1122 765 1159 non
791 1103 1110 1175 justiﬁcari
1133 1101 1461 1156 hominem.
1492 1124 1519 1150 ››
1546 1099 1789 1170 Expleto
1817 1114 1940 1152 ser-

284 1212 461 1252 mone
494 1210 609 1265 quo
643 1195 815 1247 l’etro
845 1192 1085 1258 restitit,
1117 1191 1278 1245 venit
1308 1190 1588 1260 deinceps
1621 1188 1694 1242 ad
1727 1203 1939 1258 propo-

286 1287 486 1346 situm,
520 1282 1037 1338 circumcisionem
1072 1280 1360 1351 paulatim
1392 1279 1822 1349 deprimens,et
1850 1275 1944 1330 di-

285 1391 427 1430 cens
447 1388 563 1427 non
581 1371 930 1426 haarendum
955 1386 1084 1424 esse
1109 1369 1217 1440 legi
1246 1375 1311 1423 ut
1334 1385 1466 1439 qum
1491 1367 1717 1422 salvum
1747 1365 1940 1421 facere

284 1467 560 1533 nequeat.
603 1461 667 1514 Et
695 1461 820 1514 haac
839 1459 1079 1530 quidem
1104 1457 1175 1512 de
1199 1457 1626 1527 Petro.inquit;
1662 1461 1941 1510 caeterum

281 1569 392 1608 nos
425 1551 525 1621 qui
571 1549 756 1606 Judaai
800 1563 1024 1610 sumus,
1062 1549 1172 1602 hoc
1217 1551 1327 1612 est,
1373 1563 1494 1600 non
1543 1545 1829 1617 proselyti
1858 1543 1944 1614 (id

284 1642 443 1697 enim
477 1645 584 1696 est.
621 1640 747 1693 Non
776 1654 846 1692 ex
876 1636 1152 1709 gentibus
1183 1636 1567 1708 peccatores),
1629 1635 1730 1705 qui
1778 1635 1945 1688 novi-

285 1745 419 1784 mus
447 1726 608 1796 quod
640 1743 762 1780 non
792 1726 1095 1796 contingat
1125 1724 1388 1795 aliquem
1420 1723 1646 1777 salvum
1707 1721 1835 1776 fieri
1877 1737 1946 1774 ex

284 1816 566 1889 operibus
598 1815 744 1887 legis
777 1821 939 1884 (nam
973 1813 1158 1867 multa
1188 1813 1268 1866 ibi
1292 1811 1618 1882 requiritur
1639 1809 1947 1881 diligentia

287 1913 347 1963 et
373 1905 648 1974 cautela),
682 1902 1044 1958 credidimus
1073 1901 1328 1968 Christo,
1361 1917 1468 1971 per
1499 1898 1677 1954 ﬁdem
1720 1915 1850 1970 quaa
1885 1897 1946 1952 in

282 1997 480 2069 ipsum
512 2000 603 2049 est
633 1993 843 2049 salvari
877 1993 1204 2063 cupientes.
1241 1992 1374 2045 Haec
1404 1995 1604 2045 autem
1647 1987 1944 2060 quadrant

283 2092 350 2141 ut
379 2085 453 2139 ad
485 2086 724 2138 Petrum
757 2088 814 2137 et
843 2081 914 2137 ad
947 2081 1181 2137 Galatas
1211 2079 1372 2135 dicta
1397 2079 1534 2134 sint.
1575 2101 1598 2130 α
1634 2080 1715 2132 Ex
1746 2077 1938 2148 operi-

281 2175 393 2230 bus
424 2173 589 2246 legis.
623 2196 651 2222 »
705 2174 952 2243 Propter
1003 2170 1350 2243 gravitatem
1401 2185 1531 2240 quas
1586 2168 1646 2222 in
1704 2183 1772 2222 ea
1833 2171 1945 2222 est.

286 2287 312 2314 ‹‹
339 2265 629 2330 Quoniam
661 2262 1160 2334 nonjustificatur
1189 2277 1260 2316 ex
1283 2259 1564 2330 operibus
1585 2257 1730 2330 legis
1751 2257 1948 2311 omnis

288 2370 445 2411 caro.
483 2376 510 2402 »
543 2353 681 2418 Quas
711 2352 1051 2407 necessaria
1081 2354 1223 2405 sunt
1259 2349 1321 2403 in
1354 2349 1478 2421 lege
1511 2348 1692 2402 etiam
1738 2352 1952 2401 natura

293 2443 532 2499 docuit:
564 2447 724 2513 puta,
755 2462 783 2490 «
817 2443 941 2496 Non
973 2439 1334 2494 adulterium
1366 2437 1570 2492 facies.
1605 2437 1732 2490 Non
1796 2435 1950 2489 occi-

293 2533 421 2601 des,
454 2534 577 2587 Non
610 2531 834 2585 furtum
866 2530 1066 2598 facies,
1105 2551 1132 2577 ››
1191 2534 1250 2582 et
1297 2527 1530 2597 reliqua
1581 2540 1952 2596 quaecunque

293 2627 433 2678 sunt
463 2618 804 2691 hujusniodi
835 2620 877 2674 ⁷.
912 2620 1092 2673 Porro
1115 2617 1187 2672 de
1218 2616 1518 2679 Sabbatto,
1541 2615 1612 2669 de
1647 2612 1956 2668 circumci-

292 2713 480 2779 sione,
501 2710 573 2764 de
595 2709 853 2780 leproso,
880 2707 952 2762 de
977 2723 1183 2762 semen
1211 2703 1620 2771 emittente,de
1643 2702 1956 2758 sacrificiis

293 2801 370 2856 de
401 2801 813 2872 aspersionum
846 2797 1001 2852 vasis
1029 2812 1043 2850 :
1070 2795 1362 2866 [neclegis
1389 2793 1629 2865 propria
1647 2798 1818 2847 erant
1847 2810 1858 2845 :
1885 2791 1957 2846 de

295 2891 390 2947 his
421 2889 581 2944 enim
616 2892 828 2943 natura
855 2886 1006 2940 nihil
1038 2885 1258 2940 docuit.
1290 2885 1425 2938 Haec
1449 2899 1585 2955 ergo
1617 2881 1763 2936 dicit
1812 2881 1958 2953 legis

298 2996 496 3052 opera.
534 2979 752 3033 Horum
786 2977 987 3046 itaque
1044 2973 1436 3047 transgressio
1486 2976 1794 3043 peccatum
1849 2975 1959 3036 est,

301 3068 571 3126 custodia
589 3082 729 3122 vero
757 3083 878 3120 non
897 3065 1083 3120 efficit
1103 3063 1425 3135 perfectam
1451 3061 1770 3130 justitiam.
1810 3060 1963 3113 734

305 3161 425 3216 Ista
451 3159 612 3213 enim
643 3157 894 3212 aliorum
925 3155 1126 3227 {iguraa
1159 3160 1348 3215 erant,
1380 3167 1720 3223 quanquam
1745 3148 1964 3204 Iudaeis

304 3267 375 3305 ex
391 3254 655 3319 tempore
670 3250 1082 3315 congruerent.
1094 3245 1173 3298 De
1189 3243 1281 3297 his
1296 3240 1687 3297 dixitdivinus
1701 3242 1961 3310 Aposto—

302 3340 436 3394 lus:
488 3359 517 3388 «
550 3336 839 3400 Quoniam
890 3349 1012 3387 non
1065 3331 1501 3404 justiﬁcabitur
1566 3346 1637 3385 ex
1680 3327 1962 3399 operibus

301 3427 451 3498 legis
483 3425 677 3479 omnis
708 3439 866 3477 caro.
902 3443 929 3472 ››
962 3453 1030 3461 -—
1063 3443 1087 3469 ‹‹
1125 3420 1288 3484 Quod
1322 3420 1393 3483 si,
1444 3419 1584 3473 dum
1635 3417 1959 3488 quwrimus

297 3514 616 3586 justiﬁcari
649 3528 753 3582 per
783 3510 1101 3566 Christum.
1156 3531 1182 3558 ‹‹
1219 3509 1274 3562 Si
1327 3508 1590 3562 volentes
1639 3523 1744 3578 per
1791 3504 1959 3559 Chri-

307 3609 465 3658 stum
489 3600 829 3671 justiﬁcari,
861 3598 1080 3669 reperti
1113 3613 1338 3663 sumus,
1374 3595 1588 3667 inquit,
1620 3599 1962 3666 peccatores

309 3691 642 3747 deserendo
687 3706 754 3744 ac
810 3685 1304 3759 transgrediendo
1357 3686 1568 3757 legem,
1630 3701 1775 3739 num
1825 3700 1962 3755 ergo

316 3781 580 3838 Christus
603 3785 906 3851 peccatum
933 3775 1309 3832 conciliavit?
1333 3775 1506 3830 Vides
1531 3773 1828 3845 quomodo
1861 3789 1968 3844 per

314 3870 699 3927 absurditatis
729 3867 1146 3928 remotionem,
1190 3866 1379 3934 legem
1437 3863 1673 3918 elevat?
1721 3863 1777 3918 Si
1827 3877 1966 3933 ergo

311 3959 628 4016 adhaeretis
658 3959 794 4024 legi,
832 3962 889 4012 et
920 3956 1098 4010 vultis
1126 3974 1215 4027 pc)
1279 3954 1575 4009 Christum
1622 3951 1965 4025 justiﬁcari,

311 4049 656 4124 reperimini
693 4053 1033 4119 peccatores
1066 4061 1133 4099 eo
1187 4043 1344 4115 quod
1397 4043 1589 4115 legem
1639 4041 1964 4104 deseratis;

309 4156 453 4196 num
487 4154 624 4209 ergo
655 4137 923 4192 Christus
955 4134 1104 4190 illud
1135 4133 1307 4188 nobis
1339 4129 1732 4204 praastiterit?
1761 4127 1965 4183 Absit!

311 4227 478 4294 Quod
507 4225 831 4280 absurdum
863 4229 972 4291 est,
1007 4221 1263 4294 simplici
1295 4221 1611 4291 negatione
1645 4217 1905 4273 sustulit.

388 4318 458 4383 II,
501 4318 687 4370 18-21.
721 4336 747 4364 «
779 4314 924 4370 Nam
958 4313 1004 4367 si
1025 4329 1156 4383 quae
1175 4309 1550 4373 destruxi,ea
1566 4322 1803 4361 rursum
1826 4321 1964 4361 reae-

315 4432 342 4458 ‹‹
377 4408 574 4476 diﬁco,
625 4412 1121 4477 transgressorem
1158 4401 1451 4471 meipsum
1513 4399 1820 4453 continuo.
1854 4399 1970 4469 Ego

319 4522 348 4551 «
382 4500 542 4555 enim
563 4515 665 4570 per
689 4499 881 4570 legem
905 4494 1019 4566 legi
1044 4498 1314 4547 mortuus
1335 4491 1439 4556 fui,
1465 4495 1529 4544 ut
1550 4491 1667 4544 Deo
1685 4489 1968 4556 viverem;

325 4612 346 4641 ι
375 4606 496 4644 una
521 4605 654 4645 cum
679 4585 910 4641 Christo
925 4582 1246 4637 crucifixus
1266 4597 1417 4635 sum.
1444 4579 1556 4635 Sed
1573 4579 1837 4649 vivojam
1851 4594 1970 4634 non

318 4703 347 4732 ι(
371 4697 498 4753 ego,
514 4679 652 4732 vivit
673 4680 871 4730 autem
891 4674 950 4727 in
967 4689 1061 4728 me
1083 4671 1567 4726 Christus.Vitam
1591 4674 1788 4724 autem
1803 4685 1971 4739 quam

2047 738 2197 799 ὅπως
2231 741 2306 812 μή
2361 739 2710 821 ἀνακαλυφθῇ
2743 744 2776 810 ἡ
2810 743 3122 816 οἰκονομία,
3175 738 3247 796 δι’
3296 744 3361 810 ἣν
3405 745 3438 809 ἡ
3489 738 3700 815 ἔγκλη-

2045 847 2148 888 σις.
2183 852 2211 879 ‹‹
2245 830 2442 900 Ἡμεῖς
2500 831 2656 910 φύσει
2714 829 3051 889 Ἰουδαῖοι.»
3112 833 3258 888 Ἀντὶ
3315 836 3433 896 τοῦ,
3494 829 3696 893 ἃνωθεν

2044 916 2133 970 καὶ
2168 917 2226 972 ἐκ
2275 918 2576 994 προγόνων.
2651 946 2669 970 α
2708 917 2924 981 Εἷδὸτες
2976 920 3058 974 ὅτι
3119 920 3180 975 ού
3241 918 3547 975 δικαιοῦται
3604 919 3700 975 ξίν-

2046 1008 2286 1080 θρωπος.
2324 1031 2349 1060 n
2417 1008 2720 1080 Ηληρώσας
2776 1012 2843 1064 τὰ
2899 1010 3036 1066 κατὰ
3086 1013 3187 1080 τήν
3247 1011 3548 1064 ἀντίστασιν
3602 1014 3701 1065 τοῦ

2048 1096 2276 1168 Πέτρου,
2306 1095 2503 1152 λοιπὸν
2520 1095 2713 1176 ἔρχετε
2737 1120 2956 1178 ερχεται
2980 1099 3054 1161 εἷς
3073 1101 3136 1155 τὸ
3157 1101 3539 1174 προκείμενον,
3564 1101 3704 1154 κατᾶ

2051 1186 2248 1257 μικρὸν
2334 1186 2683 1256 ἐξευτελίζων
2742 1188 2861 1256 τήν
2928 1191 3257 1264 περιτομὴν,
3316 1187 3404 1243 καὶ
3464 1189 3706 1266 φάσκων,

2052 1277 2127 1347 μὴ
2164 1272 2384 1348 ἔχεσθαι
2424 1281 2520 1331 τοῦ
2549 1277 2747 1350 νόμου,
2780 1279 2856 1339 ὡς
2889 1279 2968 1350 μή
3001 1275 3300 1350 δυναμένου
3357 1284 3548 1333 σῶσαι.
3600 1279 3708 1334 Καὶ

2048 1363 2114 1418 τὰ
2179 1365 2271 1435 μὲν
2331 1366 2468 1422 κατὰ
2526 1367 2750 1441 Πὲτρον,
2806 1369 2961 1445 φησί,
3030 1371 3216 1424 ταῦτα.
3271 1369 3460 1440 Ἡμεῖς
3541 1364 3596 1422 δὲ
3649 1366 3711 1422 ἐκ

2049 1454 2260 1527 φύσεως
2320 1451 2468 1516 ὄντες
2528 1453 2805 1524 Ἰουδαῖοι,
2872 1457 3168 1526 τουτέστιν,
3229 1458 3290 1511 οὐ
3366 1455 3711 1531 προσήλυτοι

2049 1548 2233 1612 (τοῦτο
2265 1544 2369 1619 γάρ
2402 1543 2512 1600 ἐστι
2541 1546 2625 1612 τὸ,
2653 1545 2763 1600 Ούκ
2792 1545 2845 1616 ἐξ
2877 1545 3037 1601 ἐθνων
3094 1544 3464 1620 ἁμαρτωλοὶ),
3518 1544 3710 1616 ἐπειδὴ

2049 1629 2288 1708 ἔγνωμεν
2339 1633 2422 1688 ὅτι
2483 1635 2585 1689 οὐκ
2643 1629 2754 1690 ἔστι
2815 1639 3052 1704 σωθῆναι
3113 1633 3203 1690 διὰ
3256 1639 3362 1691 τῶν
3422 1637 3481 1690 ἐκ
3535 1637 3714 1708 νόμου

2050 1718 2224 1796 ἔργων
2303 1719 2511 1793 (πολλή
2587 1723 2688 1797 γὰρ
2765 1725 2800 1791 ἡ
2880 1721 3010 1789 ἐκεῖ,
3055 1725 3243 1801 φησὶν,
3294 1723 3706 1796 ἐπιζητουμένη

2051 1803 2342 1883 ἀκρίϐεια),
2374 1811 2805 1884 πεπιστεύκαμεν
2839 1815 3082 1887 Χριστῷ,
3111 1810 3200 1867 διὰ
3254 1820 3357 1883 τῆς
3409 1813 3488 1875 εἰς
3544 1813 3710 1868 αὐτὸν

2052 1898 2306 1966 πίστεως,
2358 1899 2515 1978 φησὶ,
2577 1907 2818 1969 σωθῆναι
2890 1899 3340 1976 προσδοκοῦντες.
3399 1907 3572 1958 Ταῦτα
3621 1903 3714 1958 καὶ

1978 1989 2188 2078 Βπρὸς
2257 1990 2458 2078 μέτρον
2515 1990 2604 2044 καὶ
2664 1992 2800 2066 πρὸς
2860 1990 3106 2052 Γαλάτας
3165 1991 3410 2067 εἰρῆσθαι
3463 1994 3717 2066 ἁρμόζει.

2062 2102 2089 2129 ‹‹
2132 2079 2216 2148 Ἐξ
2260 2073 2436 2152 ἔργων
2485 2079 2677 2152 νόμου.
2717 2103 2745 2130 ››
2795 2080 2889 2135 Διᾶ
2936 2082 3036 2148 τήν
3084 2079 3134 2135 ἐν
3198 2080 3345 2154 αύτῷ
3402 2081 3724 2157 ἐπάχθειαν.

2065 2192 2091 2221 ιι
2151 2169 2302 2222 Διότι
2364 2167 2425 2222 ού
2487 2165 2912 2238 δικαιωθήσεται
2973 2168 3023 2241 ἐξ
3097 2166 3265 2246 ἔργων
3348 2172 3521 2243 νόμου
3577 2175 3725 2226 πᾶσα

2059 2257 2208 2331 σάρξ.
2240 2280 2267 2308 ››
2303 2257 2388 2312 Τά
2416 2255 2677 2332 ἀναγκαῖα
2707 2262 2788 2329 τῷ
2826 2257 3008 2330 νόμῳ,
3057 2257 3146 2313 καὶ
3177 2261 3212 2327 ἡ
3247 2257 3404 2335 φύσις
3452 2256 3724 2330 ἐδίδασκε,

2058 2347 2304 2402 τουτέστι
2361 2348 2445 2416 τὸ,
2511 2372 2531 2397 α
2591 2346 2668 2404 Ού
2725 2349 3067 2422 μοιχεύσεις,
3139 2348 3216 2404 Ού
3289 2349 3585 2429 φονεύσεις,
3645 2350 3724 2407 Οὐ

2059 2435 2302 2509 κλέψεις,
2339 2459 2366 2487 ››
2397 2437 2484 2492 καὶ
2527 2439 2592 2491 τά
2624 2436 2792 2492 λοιπά
2823 2437 2922 2492 ὅσα
2968 2444 3215 2494 τοιαῦτα.
3267 2441 3338 2496 Τὸ
3390 2437 3445 2494 δέ
3490 2462 3550 2515 γε
3602 2442 3728 2516 περὶ

2065 2521 2375 2594 Σαϐϐάτου,
2425 2526 2516 2581 καὶ
2573 2535 2904 2601 περιτομῆς,
2959 2528 3049 2583 καὶ
3109 2526 3336 2603 λεπροῦ,
3390 2530 3480 2584 καὶ
3527 2530 3727 2607 γουορ-

2065 2616 2224 2690 ῥύου,
2255 2616 2344 2670 καὶ
2386 2617 2611 2686 θυσιῶν,
2657 2616 2746 2671 καὶ
2799 2617 3295 2694 περιρραντηρίων,
3348 2615 3461 2673 ’ἰδια
3518 2619 3582 2686 ῆν
3629 2624 3728 2675 τοῦ

2064 2702 2463 2776 νόμου.()ύδὶν
2507 2705 2609 2782 γὰρ
2670 2706 2794 2780 περὶ
2853 2707 3061 2761 τούτων
3123 2710 3157 2776 ἡ
3218 2706 3374 2786 φύσις
3422 2705 3726 2769 ἔπαίδευσε.

2064 2798 2242 2848 Ταῦτα
2273 2792 2635 2869 τοίνυν,ἔργα
2695 2795 2839 2872 λέγει
2896 2801 2998 2850 τοῦ
3055 2795 3249 2869 νόμου.
3311 2796 3536 2854 Τούτων
3597 2795 3716 2868 δέἠ

2072 2883 2167 2956 μὶν
2198 2879 2502 2957 παράϐασις
2534 2885 2790 2959 ἁμαρτία,
2834 2887 2868 2954 ἡ
2921 2882 2980 2940 δὲ
3035 2886 3276 2963 φυλακὴ,
3335 2886 3396 2941 ού
3449 2884 3723 2942 δικαιοσύ-

2067 2994 2163 3041 νης
2221 2971 2432 3035 τελείας
2490 2974 2848 3049 κατόρθωσις.
2909 2977 3093 3031 Ταῦτα
3148 2975 3248 3050 γὰρ
3305 2974 3500 3051 ὲτέρων
3553 2977 3725 3050 αἰνίγ-

2075 3084 2236 3134 ματα,
2269 3061 2558 3126 Ἰουδαίοις
2594 3061 2651 3118 δὲ
2709 3063 2862 3137 ὅμως
2932 3065 3024 3118 καὶ
3069 3063 3272 3120 ἐκεῖνον
3329 3067 3578 3140 ἥρμοττε
3633 3066 3728 3122 τὸν

2071 3157 2280 3230 καιρόν.
2325 3158 2458 3231 Περὶ
2533 3157 2742 3212 τούτων
2820 3157 2963 3212 εἶπεν
3041 3159 3068 3212 ὁ
3147 3164 3291 3222 θεῖος
3367 3159 3730 3228 Ἀπὸστολος,

2075 3270 2103 3298 ι(
2165 3248 2312 3302 Διότι
2367 3246 2429 3300 ού
2489 3243 2907 3316 δικαιωθήσεται
2968 3246 3020 3318 ἐξ
3079 3245 3253 3322 ἔργων
3317 3249 3493 3321 νόμου
3585 3254 3732 3304 πᾶσα

2075 3338 2224 3411 σάρξ.
2256 3363 2283 3388 ››
2319 3369 2386 3378 —
2416 3336 2486 3394 Εἴ
2512 3334 2568 3390 δὲ
2602 3341 2882 3405 ζητοῦντες
2916 3334 3275 3406 δικαιωθῆναι
3335 3337 3386 3392 ἐν
3419 3343 3664 3412 Χριστῷ.
3702 3362 3732 3389 »

2074 3425 2136 3480 Εἰ
2172 3423 2228 3479 δὲ
2283 3426 2610 3500 βουλόμενοι
2672 3422 2762 3480 διά
2818 3429 3061 3500 Χριστοῦ
3129 3423 3509 3495 δικαιωθῆναι,
3578 3426 3734 3500 εύρέ·

2073 3515 2243 3590 θημεν
2275 3514 2600 3588 ἁμαρτωλοὶ
2630 3521 2710 3587 τῷ
2767 3516 2859 3570 τὸν
2916 3511 3119 3589 νόμον,
3180 3518 3334 3593 φησὶ,
3387 3515 3736 3587 καταλιπεῖν,

2075 3606 2177 3680 ἆρα
2230 3607 2258 3661 ὁ
2318 3606 2547 3678 Χριστὸς
2637 3605 2903 3680 ἁμαρτίας
2991 3607 3119 3678 ὑμῖν
3178 3608 3371 3684 γὲγονε
3436 3607 3734 3680 πρόξενος;

2073 3699 2243 3769 Ὀρᾷς
2276 3701 2393 3756 πῶς
2427 3692 2517 3748 διὰ
2566 3702 2665 3762 τῆς
2725 3695 2800 3757 είς
2858 3693 3058 3750 ἃτοπον
3107 3696 3406 3772 ἀπαγωγῆς
3455 3691 3734 3750 καταϐάλ-

2075 3785 2158 3841 λει
2189 3786 2282 3839 τὸν
2310 3786 2478 3857 νόμον
2507 3804 2519 3853 ;
2558 3785 2618 3839 Εἰ
2649 3785 2753 3860 ἂρα
2781 3778 2971 3860 ἔχεσθε
3000 3790 3096 3840 τοῦ
3127 3807 3302 3858 νομου
3333 3786 3420 3840 καὶ
3465 3784 3731 3860 βούλεσθε

2075 3872 2286 3929 καὶδιὰ
2329 3877 2562 3948 Χριστοῦ
2612 3872 2992 3944 δικαιωθῆναι,
3048 3875 3359 3949 εὑρίσκεσθε
3400 3873 3732 3950 ἁμαρτωλοὶ

2077 3967 2128 4020 ἐν
2183 3967 2264 4036 τῷ
2321 3963 2638 4020 καταλιπεῖν
2697 3964 2787 4018 τὸν
2843 3964 3033 4036 νόμον,
3095 3967 3188 4033 Μὴ
3251 3961 3353 4038 ἄρα
3412 3964 3440 4018 ὁ
3496 3965 3732 4040 Χριστὸς

2077 4059 2238 4110 τοῦτο
2265 4054 2654 4129 προεξένησενς
2690 4054 2778 4121 Μὴ
2811 4053 3050 4127 γένοιτο.
3108 4054 3182 4108 Τὸ
3237 4053 3458 4124 ἂτοπον,
3510 4057 3579 4126 τῇ
3624 4052 3732 4106 ἀπ·-

2079 4143 2361 4219 αγορεύσει
2394 4140 2617 4197 ἀνεὶλεν.

2153 4323 2212 4380 Εἰ
2289 4322 2394 4396 γὰρ
2471 4318 2503 4374 ἃ
2575 4319 2868 4391 κατέλυσα,
2943 4327 3110 4377 ταῦτα
3183 4321 3349 4378 πάλιν
3425 4321 3728 4394 οἷ’κοδομῶ,

2081 4407 2397 4486 παραϐάτην
2477 4409 2707 4482 ἐμαυτὸν
2801 4410 3110 4483 συνίστημι.
3208 4412 3350 4486 Ἐγὼ
3441 4412 3545 4488 γὰρ
3641 4409 3733 4465 διὰ

2077 4505 2250 4574 νόμου
2307 4502 2462 4575 νόμῳ
2520 4500 2809 4570 ἀπέθανον,
2875 4502 2968 4555 ἳνα
3056 4506 3172 4572 Θεῷ
3258 4505 3428 4571 ζήσω,
3515 4503 3736 4575 Χριστῳ

2082 4592 2550 4667 συνεσταύρωμαι.
2612 4582 2695 4646 Ζῶ
2793 4588 2850 4645 δὲ
2940 4590 3045 4645 οὐκ
3095 4585 3175 4646 ἔτι
3251 4591 3378 4664 ἑγὼ,
3451 4594 3515 4664 ζῇ
3571 4589 3627 4645 δὲ
3684 4589 3737 4644 ἐν

2083 4682 2204 4757 ἕμοὶ
2241 4683 2496 4755 Χριστός.
2552 4682 2619 4737 ’Ὀ
2677 4677 2733 4734 δὲ
2786 4685 2876 4735 νῦν
2943 4684 3017 4749 ζῶ
3087 4679 3140 4734 ἐν
3198 4681 3379 4755 σαρκὶ,
3437 4679 3487 4734 ἐν
3558 4680 3730 4734 πίστει

316 4796 344 4824 ‹‹
368 4789 529 4828 nunc
554 4771 680 4825 vivo
710 4769 772 4822 in
803 4781 1000 4833 carne,
1044 4781 1150 4836 per
1182 4762 1360 4818 fidem
1391 4761 1516 4816 vivo
1545 4760 1674 4817 Filii
1707 4761 1831 4823 Dei,
1866 4759 1956 4832 qui

2081 4777 2156 4842 ζῶ
2211 4775 2281 4846 τῇ
2337 4773 2436 4824 τοῦ
2495 4769 2622 4823 Υἱοῦ
2681 4771 2778 4824 τοῦ
2835 4771 2968 4824 Θεοῦ
3025 4771 3126 4822 τοῦ
3213 4747 3590 4842 ἀγαπῆσαντὸς
3646 4788 3735 4838 με,

315 4883 344 4912 ‹‹
375 4861 585 4917 dilexit
615 4874 708 4912 me
740 4869 799 4912 et
829 4855 1073 4910 tradidit
1100 4853 1488 4922 semetipsum
1522 4868 1628 4922 pro
1666 4866 1778 4904 me.
1838 4851 1967 4904 Non

324 4971 345 4997 σ
380 4965 669 5021 aspernor
697 4946 944 5019 gratiam
978 4944 1099 4999 Dei.
1134 4945 1279 4998 Nam
1310 4939 1358 4995 si
1390 4957 1496 5012 per
1525 4939 1716 5007 legem
1748 4944 1839 4993 est
1854 4939 1971 5009 jus-

325 5064 350 5090 ‹‹
388 5039 540 5100 titia,
574 5037 750 5108 igitur
779 5037 1045 5091 Christus
1075 5034 1300 5088 frustra
1328 5035 1598 5084 mortuus
1629 5032 1737 5083 est.
1774 5047 1799 5077 ι

395 5127 826 5191 Destruximus,
854 5126 1069 5196 inquit,
1102 5123 1221 5177 sive
1251 5119 1630 5175 dissolvimus
1660 5118 1872 5188 legem,
1905 5132 1976 5172 ea

323 5216 532 5273 relicta
563 5214 635 5269 ad
665 5215 963 5268 Christum
995 5208 1308 5266 currendo.
1338 5208 1394 5261 Si
1426 5221 1563 5277 ergo
1585 5219 1823 5260 rursum
1846 5219 1976 5258 eam

325 5309 550 5378 erigere
589 5320 916 5361 conamur:
950 5318 1018 5356 eo
1051 5301 1179 5371 ipso
1226 5303 1692 5369 transgressores
1748 5309 1975 5360 sumus,

327 5395 484 5468 quod
515 5413 548 5450 a
579 5395 750 5450 nobis
781 5392 976 5447 soluta
1005 5405 1210 5443 rursus
1238 5387 1474 5442 ﬁrmare
1505 5385 1773 5439 nitimur.
1823 5384 1974 5437 Con-

325 5486 521 5541 sidera
551 5503 681 5540 vero
715 5484 845 5554 ejus
875 5479 1276 5551 prudentiam.
1311 5477 1400 5531 llli
1433 5473 1797 5546 putabantur
1818 5489 1886 5526 ex
1910 5489 1978 5526 eo

327 5584 798 5648 transgressores
818 5585 947 5624 esse
970 5567 1128 5638 quod
1153 5567 1340 5639 legem
1365 5583 1485 5620 non
1514 5568 1836 5624 servarent,
1852 5562 1980 5632 ipse

331 5676 528 5726 autem
561 5683 628 5721 ex
663 5681 730 5719 eo
763 5659 1026 5717 ostendit
1044 5675 1173 5714 esse
1201 5664 1670 5730 transgressores
1693 5653 1851 5726 quod
1870 5652 1984 5726 legi

405 5844 427 5877 ⁷
457 5842 638 5899 Exod.
666 5857 767 5909 xx,
806 5840 984 5894 13-15.

2079 4863 2164 4916 καὶ
2249 4856 2586 4934 παραδόντος
2683 4858 2867 4913 ἑαυτὸν
2952 4857 3083 4932 ὑπὲρ
3156 4856 3318 4930 ἐμοῦ.
3389 4856 3502 4914 Οὐκ
3559 4857 3732 4920 ἀθετῶ

2077 4952 2177 5020 τὴν
2212 4949 2375 5028 χάριν
2407 4953 2504 5004 τοῦ
2532 4951 2684 5004 Θεοῦ.
2749 4947 2810 5003 Εἰ
2867 4947 2967 5023 γὰρ
3022 4943 3110 5001 διὰ
3167 4946 3339 5017 νόμου
3395 4943 3737 5015 δικαιοσύνη,

2082 5040 2183 5114 ἄρα
2213 5038 2442 5113 Χριστὸς
2471 5035 2677 5110 δωρεὰν
2706 5038 2982 5100 ἆπὲθανεν.

2153 5128 2562 5200 Κατελύσαμεν,
2595 5125 2752 5206 φησὶ,
2799 5125 2890 5180 τὸν
2951 5124 3142 5194 νόμον,
3201 5129 3281 5196 τῷ
3338 5123 3491 5179 ἐᾶσαι
3551 5123 3738 5191 αὐτὸν,

2083 5214 2173 5268 καὶ
2213 5218 2430 5285 Χριστῷ
2497 5209 2890 5286 προσδραμεῖν.
2945 5211 3070 5267 Ἐὰν
3129 5210 3308 5264 τοίνυν
3354 5209 3520 5265 πάλιν
3579 5210 3737 5264 αὐτὸν

2085 5305 2234 5374 ἱστᾷν
2316 5302 2711 5380 ἐπιχειρῶμεν,
2793 5306 2910 5355 κατ’
2996 5299 3126 5355 αὐτὸ
3209 5303 3370 5354 τοῦτο
3430 5295 3737 5377 παραϐάται

2086 5393 2264 5466 ἐσμεν,
2299 5392 2379 5448 ὅτι
2413 5395 2542 5468 παρ’
2591 5393 2750 5465 ἡμῶν
2802 5389 3052 5460 λυθέντα,
3107 5390 3251 5460 ἷστᾷν
3307 5389 3474 5445 πάλιν
3527 5389 3741 5469 ἐπιχει-

2088 5489 2310 5559 ροῦμεν.
2388 5485 2528 5555 ’Όρα
2603 5479 2660 5536 δὲ
2735 5481 2900 5536 αὐτοῦ
2977 5479 3208 5534 σύνεσιν·
3263 5479 3498 5536 Ἐκεῖνοι
3547 5479 3608 5534 ἐκ
3648 5485 3741 5534 τοῦ

2093 5576 2169 5647 μὴ
2232 5571 2521 5650 φυλάττειν
2577 5573 2669 5625 τὸν
2726 5571 2926 5644 νόμου,
2985 5567 3157 5641 ᾤοντο
3208 5570 3350 5624 εἶναι
3409 5563 3743 5643 παραϐάται,

2090 5664 2255 5725 αὐτὸς
2299 5660 2356 5716 δε
2387 5659 2675 5734 δείκνυσιν,
2718 5659 2776 5716 ἐκ
2831 5664 2928 5716 τοῦ
2977 5652 3200 5738 ἔχεσθαι
3256 5659 3446 5729 αὐτοῦ,
3501 5653 3750 5733 παραϐά-
