4098 6434
395 509 553 570 1117

1400 515 1811 578 COMMENT.
1859 514 1939 575 IN
1987 509 2231 573 EPIST.
2280 512 2381 571 AD
2429 511 2712 571 GALAT.

3649 509 3804 570 1118

386 666 488 710 τας
517 646 677 702 εἶναι.
705 670 734 700 ‹‹
755 643 1082 724 Παραιϐάτην
1129 649 1359 724 ἐμαυτὸν
1402 648 1713 724 συνίστημι.
1743 672 1771 701 ι»
1796 649 1892 707 Ἐκ
1938 646 2041 723 γὰρ
2073 647 2127 716 Α
2157 645 3426 719 αάὶιωνειιειιι.‹‹Ττειηεετοεεονεωωοίρειιω
3449 644 3797 703 constituo.-

393 741 492 792 τοῦ
522 735 688 792 πάλιν
716 737 992 802 πείθεσθαι
1019 744 1101 812 τῷ
1130 739 1309 813 νόμῳ,
1343 737 1574 796 δεικνύω
1630 739 1713 795 ὅτι
1747 739 1821 802 ὥς
1873 756 2053 814 παρα-

398 821 594 898 ϐάτης,
617 826 778 883 αὐτὸν
805 827 895 883 τὸν
916 831 1136 902 πρῶτον
1161 826 1335 902 εἴασα,
1360 829 1452 884 καὶ
1474 826 1695 905 Χριστῷ
1742 827 2049 884 ἰπίστευσα.

397 942 427 972 α
457 918 598 994 Ἐγὼ
626 917 750 994 γάρ.
784 940 814 968 »
845 919 1009 994 Ἐγὼ,
1041 918 1224 997 φησὶν,
1264 919 1414 991 αὖτῷ
1458 924 1540 991 τῷ
1587 918 1745 993 νόμῳ
1792 919 2050 990 πεισθεὶς,

394 1008 585 1080 νεκρὸν
616 1008 849 1079 ἐμαυτον
879 1011 960 1079 τῷ
1015 1007 1171 1081 νόμῳ
1229 1007 1551 1079 κατέστησα.
1612 1008 1673 1066 Ὁ
1720 1007 1891 1080 νόμος
1945 1006 2052 1083 γὰρ

397 1117 494 1171 μοι
521 1097 616 1152 τὸν
667 1097 906 1171 Χριστὸν
963 1099 1334 1173 προεμήνυσε,
1393 1097 1484 1153 καὶ
1541 1097 1725 1171 ἐκεῖνῳ
1786 1096 1882 1171 μέν
1934 1096 2051 1169 εἶμι

394 1186 587 1259 νεκρὸς
663 1186 788 1260 (οὐκ
857 1181 938 1242 ἔτι
1011 1188 1114 1262 γάρ
1190 1189 1308 1242 κατ’
1382 1186 1581 1243 ἒκεῖνον
1636 1186 2049 1260 πολιτεύομαι),

391 1280 512 1337 τοῖς
546 1273 604 1331 δὲ
631 1274 829 1330 τούτου
870 1274 1138 1350 δόγμασιν
1168 1274 1391 1350 ἕπομαι.
1457 1301 1486 1331 ιι
1521 1278 1617 1333 Διά
1664 1275 1838 1350 νόμου
1891 1276 2048 1350 νόμῳ

391 1363 685 1429 ἀπέθανον.
746 1389 773 1416 ››
836 1370 910 1422 Ἴ]
968 1364 1056 1421 διὰ
1107 1371 1204 1420 τοῦ
1260 1366 1432 1442 νόμου
1516 1370 1614 1421 τοῦ
1671 1364 2047 1442 εύαγγελικοῦ,

391 1453 658 1518 ἀπέθανον
687 1456 767 1528 τῷ
808 1453 1051 1517 Μωσέως
1108 1456 1280 1529 νόμῳ.
1349 1463 1470 1518 Πῶς
1529 1455 1621 1512 οὖν
1683 1456 1711 1511 6
1762 1455 2047 1531 νικρωθεὶς

389 1542 482 1598 καὶ
510 1543 880 1618 ἀνενεργήτως
926 1537 1073 1623 ἔχων
1128 1545 1263 1620 πρὸς
1321 1544 1504 1616 αὐτὸν,
1565 1545 1789 1623 φυλάξω
1847 1545 2044 1616 αύτόν;

389 1632 460 1689 Ἥ
491 1629 582 1687 διὰ
611 1637 710 1687 τοῦ
734 1633 908 1707 νόμου
939 1633 1127 1701 αὐτοῦ,
1166 1635 1259 1690 καὶ
1311 1639 1420 1690 τῶν
1468 1634 1520 1690 ἐν
1568 1635 1716 1707 αύτῷ
1767 1632 2049 1710 δυσχερῶν

390 1723 848 1795 παρατηρήσεων,
899 1728 1086 1799 νεκρὸς
1142 1724 1339 1800 γὲγονα
1396 1727 1464 1798 τῇ
1522 1724 1764 1800 ἁμαρτίᾳ
1823 1721 1892 1779 δι’
1948 1722 2046 1779 αύ-

392 1814 511 1868 τοῦ.
566 1816 708 1884 Ἀρα
765 1810 856 1866 οὖν
909 1812 1001 1866 τὸν
1060 1813 1448 1868 ἀποκτείναντα
1497 1812 1788 1893 φδλάττειν
1845 1812 2045 1888 ἅξιονς

394 1924 424 1952 «
458 1903 570 1956 ’Ίνα
645 1905 763 1973 Θεῷ
839 1902 1006 1971 ζήσω.
1044 1925 1073 1953 ››
1150 1903 1432 1971 Τουτὲστι,
1507 1905 1609 1973 τὴν
1657 1904 1917 1968 ἀθάνατον
1954 1904 2045 1959 καὶ

395 1988 590 2063 ἀγήρω
621 1991 786 2059 ζωήν.
830 2015 857 2042 ιι

2159 739 2293 812 Legi
2313 740 2529 795 iterum
2549 739 3041 813 obtemperando,
3073 737 3322 794 ostendo
3342 738 3501 810 quod
3525 742 3806 809 tanquam

2157 832 2558 901 transgressor
2611 828 2804 901 ipsam
2860 827 3119 900 primum
3179 826 3413 881 deserui
3462 843 3531 882 ac
3573 827 3806 882 Christo

2157 918 2402 974 credidi.
2438 938 2471 969 «
2500 920 2616 992 Ego
2640 918 2823 974 enim.
2850 939 2879 967 ››
2923 918 3063 991 Ego,
3113 916 3330 988 inquit,
3354 916 3467 987 legi
3498 916 3804 988 obtempe-

2157 1008 2365 1074 rando,
2394 1009 2674 1063 constitui
2700 1008 2990 1080 meipsum
3010 1006 3123 1079 legi
3156 1011 3472 1061 mortuum.
3499 1006 3802 1077 Siquidem

2156 1097 2251 1154 lex
2306 1097 2451 1153 mihi
2507 1097 2806 1152 Christum
2866 1095 3291 1169 prmsignavit:
3352 1094 3528 1149 etilli
3560 1095 3802 1166 quidem

2156 1193 2428 1244 mortuus
2452 1186 2753 1258 sum,quia
2764 1187 2936 1258 juxta
2956 1185 3121 1240 illam
3139 1186 3267 1253 jam
3312 1200 3433 1239 non
3465 1200 3800 1251 conversor,

2155 1278 2335 1348 hujus
2357 1292 2492 1332 vero
2514 1276 2792 1349 dogmata
2811 1291 3048 1345 sequor.
3070 1296 3100 1324 «
3129 1274 3238 1328 Per
3279 1273 3472 1339 legem
3497 1272 3612 1345 legi
3643 1291 3805 1328 mor-

2159 1372 2294 1423 tuus
2318 1382 2471 1422 sum.
2507 1386 2536 1415 ››
2571 1370 2687 1420 Aut
2714 1381 2820 1435 per
2851 1363 3041 1437 legem
3072 1363 3474 1436 evangelicam
3531 1368 3803 1418 mortuus

2156 1473 2286 1512 sum
2318 1454 2431 1528 legi
2460 1454 2618 1509 Mosi.
2679 1453 2985 1520 Quomodo
3042 1452 3222 1519 igitur
3262 1452 3674 1513 mortificatus.
3733 1468 3803 1508 ac

2152 1544 2400 1618 perinde
2428 1560 2521 1599 me
2553 1543 2626 1599 ad
2656 1543 2821 1599 illam
2849 1543 3078 1598 habens
3108 1541 3278 1613 quasi
3324 1542 3454 1612 ejus
3511 1541 3679 1596 nulla
3726 1542 3805 1597 sit

2154 1635 2400 1699 utilitas,
2435 1633 2681 1689 servabo
2712 1632 2903 1705 ipsam
2925 1633 2954 1687 Ἰ
2983 1633 3099 1688 Aut
3130 1647 3235 1703 per
3263 1631 3453 1702 ipsam
3487 1630 3677 1702 legem
3730 1647 3799 1687 ac

2152 1741 2357 1797 graves
2382 1722 2825 1778 observationes
2855 1737 3062 1776 eorum
3094 1737 3226 1791 qum
3256 1720 3318 1774 in
3349 1720 3477 1792 ipsa
3531 1720 3799 1775 contine-

2152 1813 2390 1880 bantur,
2425 1811 2574 1868 7³6
2606 1818 2881 1866 mortuus
2938 1827 3067 1865 sum
3126 1814 3368 1881 peccato
3426 1825 3532 1880 per
3585 1808 3799 1880 ipsam.

2151 1904 2302 1960 Num
2325 1902 2505 1975 igitur
2526 1917 2762 1973 aequum
2781 1905 2871 1955 est
2886 1916 3117 1956 servare
3138 1915 3269 1955 eam
3291 1916 3424 1970 quae
3464 1898 3803 1955 interimit?

911 1995 1002 2063 Τῷ
1059 1996 1330 2064 Χριστῷ»
1383 1990 1473 2047 διὰ
1518 1998 1615 2048 τοῦ
1668 1994 2042 2069 βαπτίσματος

2154 2015 2183 2044 ‹‹
2212 1993 2286 2048 Ut
2316 1993 2431 2047 Deo
2460 1991 2733 2057 viverem,
2769 2012 2798 2039 ››
2830 2005 3045 2061 nempe
3075 1987 3424 2055 immortali,
3464 1992 3525 2044 et
3580 1992 3804 2044 aeterna

400 2102 429 2133 ‹‹
460 2078 917 2156 συνεσταύρωμαι.
963 2105 992 2133 n
1058 2083 1119 2139 Ὁ
1170 2084 1349 2138 τοίνυν
1399 2079 1566 2156 νόμος
1631 2084 1693 2140 τὸ
1759 2084 1845 2138 ἐπ’
1900 2083 2042 2157 αὐτῷ

2155 2081 2287 2137 vita.
2324 2104 2344 2127 ι
2372 2083 2497 2136 Una
2512 2094 2646 2135 cum
2668 2078 2900 2134 Christo
2922 2078 3245 2134 cruciﬁxus
3286 2093 3439 2143 sum,
3493 2098 3519 2125 υ
3550 2093 3659 2148 per
3686 2075 3798 2132 ba-

390 2167 723 2237 ἆπὲκτεινεν,
800 2171 829 2224 6
905 2167 963 2225 δὲ
1037 2171 1264 2241 Χριστὸς
1341 2172 1698 2245 ἐζωοποίησε,
1777 2177 1899 2235 Πῶς
1948 2174 2042 2229 οὗν

387 2255 651 2336 φυλάττω
678 2258 772 2314 τὸν
810 2258 976 2333 νόμον
1024 2278 1038 2327 ;
1090 2282 1115 2313 ι
1149 2265 1233 2315 Ζῶ
1283 2258 1340 2317 δὲ
1387 2261 1486 2317 ούκ
1542 2256 1619 2317 ἔτι
1681 2261 1813 2339 ἐγώ.
1849 2286 1877 2313 ›ι
1946 2262 2044 2318 Διά

388 2349 491 2413 τῆς
525 2347 660 2419 μετὰ
715 2346 882 2404 ταῦτα
939 2347 1243 2410 πολιτείας.
1304 2346 1372 2404 δι’
1420 2350 1490 2419 ἧς
1545 2348 1818 2426 ἐνεκρώθη
1876 2350 2042 2407 αὐτοῦ

384 2437 456 2491 τὰ
489 2435 655 2509 μέλη.
694 2462 719 2489 ιι
752 2437 1074 2511 Νεκρώσατε
1105 2439 1232 2511 γὰρ,
1265 2438 1422 2515 φησὶ,
1452 2439 1519 2494 τὰ
1577 2439 1720 2512 μέλη
1772 2440 1926 2514 ὑμῶν
1972 2439 2040 2494 τὰ

385 2524 476 2579 ἰπὶ
506 2532 630 2599 γῆς.
668 2549 696 2576 ››
726 2559 797 2570 -—-—
828 2550 856 2577 (ι
887 2527 949 2583 Ὁ
979 2523 1037 2581 δὲ
1088 2527 1322 2602 Χριστὸς
1374 2531 1438 2602 ζῇ
1490 2527 1542 2583 ἐν
1588 2526 1736 2601 ἐμοί.
1784 2552 1813 2581 ››
1862 2530 2039 2604 Ἐναρ-

385 2618 525 2689 γῶν,
558 2614 713 2691 φησὶ,
774 2611 1070 2685 δεσπόζων,
1131 2615 1303 2671 πάντα
1357 2637 1450 2690 μοι
1516 2616 1676 2679 αὐτὸς
1727 2618 2043 2694 γενόμενος’

387 2702 445 2760 6v
472 2704 655 2776 τούτῳ
713 2701 771 2759 δὲ
819 2707 887 2778 ζῇ
944 2703 997 2760 ἐν
1053 2704 1200 2779 ἐμοὶ,
1257 2711 1338 2779 τῷ
1394 2705 1561 2781 μηδὲν
1618 2708 1859 2781 γίνεσθαι
1912 2710 2041 2785 παρ’

388 2792 528 2868 ἐμοῦ
559 2799 668 2849 τῶν
730 2797 804 2867 μή
850 2793 1154 2853 δοκούντων
1216 2798 1387 2871 αύτῷ.
1430 2823 1457 2853 ι(
1510 2800 1577 2856 Ὀ
1625 2795 1683 2854 δὲ
1724 2803 1819 2853 νῦν
1872 2803 1950 2870 ζῶ
1989 2797 2040 2854 ἒν

390 2886 569 2961 σαρκί.
606 2909 634 2939 ››
666 2887 770 2943 Καὶ
810 2887 872 2942 οὗ
908 2888 1098 2960 μόνον,
1146 2889 1302 2968 φησὶ,
1347 2890 1449 2959 τήτ
1499 2891 1707 2960 νοητήν
1748 2892 1900 2962 ζωὴν
1951 2888 2042 2946 διὰ

386 2977 482 3030 τὸν
544 2975 785 3051 Χριστὸν
845 2981 941 3045 ζῶ,
994 2975 1143 3032 ἀλλὰ
1197 2979 1289 3033 καὶ
1345 3000 1445 3048 την
1499 2980 1781 3051 αἰσθητήν.
1866 2982 2038 3052 Πῶς;

386 3065 519 3121 Ὑπὸ
595 3064 894 3144 ἀπόφανσιν
973 3062 1124 3129 ὄντες
1202 3064 1292 3122 διὰ
1326 3070 1420 3124 τὸν
1470 3068 1663 3142 νόμον,
1704 3067 2041 3144 ἐμέλλομεν,

386 3155 543 3230 φησὶ,
574 3153 662 3209 καὶ
697 3160 970 3229 σαρκικῶς
1027 3156 1384 3225 ἀποθνήσκειν
1447 3157 1523 3218 ὡς
1582 3156 1670 3212 ἐπὶ
1727 3163 1824 3214 τοῦ
1870 3179 2040 3214 κατα-

387 3240 655 3316 κλυσμοῦ.
716 3245 781 3302 Ὀ
837 3241 895 3300 δὲ
945 3246 1180 3320 Χριστὸς
1234 3249 1331 3320 ζῇν
1413 3251 1563 3318 ῆμᾶς
1630 3245 1879 3319 ἐποίησε,
1935 3255 2037 3318 τῆς

384 3331 517 3405 ἀρᾶς
569 3337 668 3388 τοῦ
723 3332 898 3406 νόμου
957 3332 1395 3408 λυτρωσάμεθοφ
1457 3336 1615 3391 Ὠστε
1672 3336 1737 3391 ού
1798 3335 1968 3410 μόνον
1999 3339 2035 3409 ἠ

382 3423 556 3492 νοητή
599 3424 738 3492 ζωὴ,
767 3421 917 3479 ἀλλὰ
945 3422 1035 3478 καὶ
1065 3426 1101 3494 ἡ
1133 3423 1393 3494 αἰσθητὴ,
1427 3423 1517 3480 διά
1544 3427 1643 3496 τὴν
1677 3426 1757 3490 εἰς
1807 3427 2040 3501 Χριστὸν

382 3511 567 3567 πίστιν
598 3506 853 3585 ἔδωρήθη
885 3513 1042 3584 ἡμῖν.
1095 3517 1218 3577 Πῶς
1263 3514 1354 3568 οὗν
1402 3514 1571 3570 πάλιν
1621 3514 2033 3594 ὑποστρέφομεν

383 3602 522 3678 πρὸς
594 3603 686 3658 τὸν
762 3601 972 3675 νόμον;
1054 3626 1077 3656 α
1112 3604 1216 3661 Καὶ
1292 3600 1631 3679 παραδόντος
1668 3606 1856 3661 ἑαυτὸν
1905 3609 2040 3684 ὑπὲρ

383 3690 544 3763 ἐμοῦ.
582 3691 714 3748 »Τὸ
754 3692 934 3747 κοινὸν
993 3689 1135 3748 ἴδιον
1191 3699 1452 3763 ποιεῖται,
1510 3691 1720 3758 δεικνὺς
1771 3696 2039 3768 τοσαύτην

383 3776 608 3836 ἕκαστον
642 3777 753 3836 δεῖν
781 3781 1080 3859 ὁμολογεῖν
1117 3782 1280 3858 χάριν
1325 3787 1405 3856 τῷ
1454 3788 1697 3861 Χριστῷ,
1747 3787 1822 3850 ὡς
1873 3787 1920 3842 εἰ
1968 3784 2039 3843 δι’

387 3868 551 3924 αὐτὸν
596 3868 763 3942 μόνον
813 3868 1248 3943 ἂνηνθρώπησεν.
1314 3891 1340 3919 α
1389 3871 1505 3929 Οὐκ
1557 3873 1731 3937 ἀθετῶ
1781 3875 1882 3943 τὴν
1940 3875 2040 3950 χά-

386 3977 490 4030 ριν.
520 3978 548 4010 η
611 3959 699 4021 Ὠς
753 3956 806 4013 0'l
861 3979 922 4033 γε
978 3957 1056 4015 ἔτι
1113 3961 1204 4015 καὶ
1248 3965 1337 4016 νῦν
1404 3966 1501 4016 τοῦ
1552 3963 1725 4037 νόμου
1781 3964 2040 4040 ἐχόμενοι

381 4048 630 4111 ἀθετοῦσι
677 4049 777 4118 τὴν
840 4047 930 4104 διὰ
984 4051 1221 4126 Χριστυῦ
1276 4052 1457 4128 χάριν.
1520 4053 1757 4109 ’Δθετεῖν
1811 4051 1869 4112 δέ
1925 4055 2038 4111 ἐστι

386 4136 449 4193 τὸ
506 4137 774 4208 ἀπιστεῖν,
830 4138 893 4194 τὸ
948 4136 1323 4213 ἐξευτελίζειν,
1378 4141 1441 4197 τὸ
1498 4139 1823 4213 διαπαίζειν.
1880 4145 2042 4220 Ὁρᾷς

384 4231 493 4281 ποῦ
533 4227 778 4304 ἀνήγαγε
806 4227 897 4283 τὸν
927 4226 1094 4304 λόγον
1122 4249 1137 4299 ;
1171 4253 1199 4282 ‹‹
1236 4229 1303 4287 Εἴ
1328 4232 1431 4308 γὰρ
1463 4229 1553 4288 διὰ
1606 4234 1782 4308 νόμου
1831 4230 2040 4290 δικαιο-

382 4315 535 4388 σύνη.
573 4317 696 4373 »Εἰ
723 4317 827 4392 γὰρ
858 4318 888 4373 6
936 4318 1128 4391 νόμος,
1185 4320 1342 4397 φησὶ,
1401 4322 1593 4392 σώζειν
1645 4324 1737 4380 καὶ
1795 4321 2038 4380 διγαιοῦν

386 4406 588 4480 ἰσχύει,
664 4406 692 4460 6
769 4407 997 4481 Χριστὸς
1076 4407 1253 4481 μάτην
1352 4410 1598 4469 ἀπέθανε.
1695 4414 1793 4469 Διά
1878 4418 2042 4471 τοῦτο

384 4494 501 4570 γὰρ
522 4493 832 4567 παρέδωκεν
860 4496 1070 4569 ἑαυτὸν,
1105 4497 1181 4560 ὡς
1227 4501 1326 4553 τοῦ
1368 4499 1545 4574 νόμου
1596 4503 1673 4574 μὴ
1728 4501 2040 4578 ἷσχυοντος,

383 4584 473 4640 ἳνα
496 4584 663 4648 αὐτὸς
703 4587 852 4660 σώσῃ
910 4583 1000 4641 διὰ
1055 4590 1152 4643 τοῦ
1211 4586 1447 4652 θανάτου
1495 4589 1681 4647 αὐτοῦ.
1741 4591 1830 4654 Ὦς
1876 4592 1924 4647 εἲ
1979 4613 2043 4669 γε

388 4674 552 4745 σώζει
577 4676 606 4729 6
634 4674 826 4750 νόμος,
858 4676 1108 4751 περιττὸς
1140 4678 1169 4733 6
1199 4677 1422 4739 θάνατος
1450 4678 1548 4734 τοῦ
1580 4679 1799 4754 Κυρίου,

2153 2171 2459 2244 ptismum.
2494 2170 2604 2224 Lex
2633 2169 2832 2242 igitur,
2860 2167 3085 2239 quodin
3101 2184 3162 2224 se
3181 2172 3328 2232 erat,
3362 2165 3598 2232 occidit,
3630 2166 3800 2222 Chri-

2153 2266 2277 2317 stus
2298 2266 2497 2316 autem
2526 2259 2873 2315 viviﬁcavit:
2917 2257 3215 2329 quomodo
3258 2272 3396 2329 ergo
3439 2255 3682 2311 servabo
3712 2255 3798 2312 le-

2151 2367 2282 2424 gem
2305 2350 2377 2404 ?«
2401 2348 2514 2404 Sed
2536 2349 2658 2403 vivo
2673 2349 2799 2419 jam
2823 2363 2944 2402 non
2997 2362 3122 2419 ego.
3178 2368 3205 2395 ››
3253 2345 3362 2401 Per
3397 2345 3794 2401 conversatio-

2152 2455 2288 2494 nem
2322 2454 2454 2509 quaa
2485 2438 2595 2492 iste
2627 2436 3031 2507 consequitur,
3065 2452 3183 2506 qua
3212 2439 3449 2490 mortua
3503 2439 3643 2489 sunt
3689 2451 3798 2490 sua

2151 2527 2441 2585 membra.
2473 2527 2567 2581 Ait
2599 2526 2760 2582 enim
2786 2542 2800 2582 :
2834 2546 2864 2577 ‹‹
2889 2525 3234 2582 Mortificate
3283 2525 3554 2581 membra
3603 2529 3797 2581 vestra

2152 2619 2457 2677 terrestria
2485 2617 2527 2675 ⁸.
2555 2641 2583 2670 ››
2614 2642 2682 2659 -ε
2708 2639 2738 2669 ‹‹
2775 2618 2922 2672 Vivit
2949 2623 3147 2672 autem
3180 2616 3241 2672 in
3290 2633 3385 2672 me
3443 2615 3724 2671 Christus.
3762 2636 3792 2666 »

2149 2711 2456 2783 Operator,
2488 2708 2846 2775 dominator,
2880 2708 3081 2763 omnia
3112 2706 3351 2762 tandem
3374 2706 3437 2760 in
3458 2722 3552 2762 me
3584 2706 3793 2761 factus.

2150 2801 2264 2856 Per
2292 2801 2405 2855 hoc
2434 2803 2633 2855 autem
2664 2797 2804 2852 vivit
2830 2798 2893 2852 in
2926 2813 3040 2863 me,
3074 2795 3231 2867 quod
3261 2795 3412 2850 nihil
3458 2795 3520 2850 in
3565 2811 3660 2850 me
3692 2794 3797 2850 ﬁat

2150 2906 2379 2956 eorum,
2411 2906 2543 2961 quas
2568 2888 2641 2943 ab
2673 2905 2742 2944 eo
2773 2904 2897 2944 non
2925 2885 3349 2960 approbantur.
3387 2907 3408 2932 ι
3444 2884 3636 2939 Vitam
3679 2900 3793 2940 au-

2148 2986 2271 3037 tem
2297 2996 2477 3052 quam
2501 2994 2660 3034 nunc
2690 2978 2819 3032 vivo
2849 2978 2910 3031 in
2941 2992 3136 3031 carne.
3196 2997 3224 3025 ››
3282 2976 3399 3029 Nec
3451 2973 3667 3037 solum,
3709 2973 3796 3028 in-

2148 3070 2298 3143 quit,
2323 3067 2714 3125 intellectuali
2743 3066 2859 3121 vita
2896 3071 3138 3139 propter
3185 3063 3485 3120 Christum
3515 3062 3662 3129 vivo,
3696 3078 3791 3118 ve-

2149 3175 2278 3215 rum
2300 3159 2482 3215 etiam
2503 3156 2802 3214 sensitiva.
2826 3155 3093 3220 Quonam
3120 3152 3294 3210 modo
3316 3151 3345 3207 ?
3376 3156 3522 3207 Cum
3554 3156 3801 3224 propter

2149 3249 2363 3321 legem,
2384 3247 2599 3318 inquit,
2621 3245 2932 3302 sententiae
2959 3260 3226 3301 essemus
3248 3241 3511 3307 obnoxii,
3532 3241 3801 3301 futurum

2150 3343 2278 3395 erat
2304 3342 2373 3393 ut
2403 3337 2583 3393 etiam
2613 3335 2935 3392 carnaliter
2964 3348 3338 3390 moreremur
3389 3336 3678 3402 tanquam
3738 3332 3802 3387 in

2151 3427 2408 3501 quodam
2441 3426 2682 3483 diluvio.
2715 3426 2983 3482 Christus
3012 3430 3210 3481 autem
3267 3423 3462 3479 vivere
3514 3439 3624 3478 nos
3665 3422 3803 3479 fecit

2151 3539 2185 3578 a
2204 3521 2350 3594 legis
2372 3518 2793 3576 maledictione
2824 3516 3129 3572 liberatos.
3169 3514 3353 3588 Igitur
3386 3529 3508 3571 non
3537 3511 3803 3569 intellec-

2151 3611 2330 3668 tualis
2350 3608 2529 3667 modo
2560 3609 2699 3676 vita,
2718 3606 2823 3664 sed
2846 3606 3201 3662 etsensitiva
3239 3605 3413 3661 nobis
3462 3604 3683 3661 donata
3711 3608 3801 3661 est

2149 3718 2256 3775 per
2287 3699 2467 3756 tidem
2499 3716 2631 3770 quae
2659 3698 2722 3754 in
2756 3696 3052 3752 Christum
3106 3700 3198 3751 est
3261 3694 3566 3762 Quomodo
3622 3693 3802 3765 igitur

2150 3807 2388 3847 rursum
2415 3788 2788 3862 postliminio
2811 3791 3177 3844 revertemur
3193 3784 3268 3842 ad
3286 3784 3478 3855 legem
3498 3784 3526 3838 τ
3550 3805 3578 3834 ‹‹
3601 3786 3671 3840 Ει
3689 3789 3804 3840 tra-

2150 3880 2302 3936 didit
2331 3879 2716 3950 semetipsum
2746 3894 2852 3951 pro
2883 3893 2998 3931 me.
3033 3898 3062 3926 »
3094 3874 3260 3941 Quod
3314 3889 3631 3931 commune
3691 3879 3801 3942 est,

2148 3969 2459 4043 proprium
2488 3968 2650 4035 facit,
2683 3965 3006 4024 ostendens
3036 3970 3271 4022 tantum
3311 3963 3635 4037 gratiarum
3696 3979 3803 4019 ac-

2152 4058 2333 4116 tionis
2363 4072 2663 4129 quemque
2692 4055 2911 4112 debere
2939 4054 3193 4120 Christo,
3226 4069 3296 4110 ac
3326 4054 3376 4109 si
3407 4057 3652 4125 propter
3706 4052 3798 4123 ip-

2150 4166 2282 4206 sum
2312 4148 2505 4205 solum
2537 4148 2718 4204 homo
2748 4145 2938 4202 factus
2966 4145 3194 4202 fuisset.
3240 4167 3267 4193 ‹‹
3327 4145 3454 4200 Non
3510 4158 3802 4214 aspernor

2150 4239 2421 4312 gratiam.
2456 4259 2485 4289 ››
2516 4238 2821 4308 Tanquam
2854 4235 2916 4292 hi
2942 4235 3045 4308 qui
3074 4233 3270 4290 adhuc
3299 4233 3413 4307 legi
3470 4232 3798 4299 adhaerent,

2152 4328 2368 4385 Christi
2398 4326 2648 4401 gratiam
2678 4330 3093 4399 aspernentur.
3154 4324 3472 4396 Aspernari
3528 4338 3664 4378 vero
3711 4325 3804 4376 est

2151 4434 2274 4473 non
2307 4416 2572 4485 credere,
2603 4422 2934 4484 attenuare,
2966 4413 3238 4470 irridere.
3271 4412 3445 4469 Vides
3500 4428 3617 4483 quo
3677 4426 3802 4465 ser-

2151 4523 2396 4563 monem
2418 4505 2747 4562 deduxerit.
2766 4526 2797 4557 ‹‹
2840 4507 2986 4561 Nam
3007 4505 3055 4561 si
3076 4520 3181 4576 per
3201 4504 3395 4576 legem
3404 4502 3659 4576 justitia.
3686 4524 3714 4553 »
3741 4500 3801 4555 Si

2152 4596 2314 4651 enim
2339 4594 2772 4666 lexjustiﬁcare
2792 4600 3008 4666 posset,
3040 4592 3313 4652 Christus
3342 4593 3562 4649 frustra
3586 4598 3646 4647 et
3673 4594 3803 4649 sine

2154 4698 2333 4740 causa
2357 4690 2628 4739 mortuus
2658 4688 2833 4740 esset.
2865 4683 2949 4737 0b
2981 4681 3041 4737 id
3070 4697 3331 4753 namque
3370 4683 3632 4753 seipsum
3676 4685 3800 4737 tra-

384 4765 556 4834 didit,
588 4770 673 4835 ut,
706 4766 869 4839 quod
894 4767 991 4825 lex
1016 4783 1140 4826 non
1165 4770 1420 4841 poterat,
1450 4770 1580 4843 ipse
1609 4787 1719 4829 nos
1748 4788 1857 4829 sua
1884 4778 2075 4830 morte
2106 4772 2296 4829 salvos
2325 4773 2550 4829 faceret
2581 4789 2594 4826 :
2629 4772 2786 4844 quod
2815 4771 2865 4827 si
2897 4771 2992 4826 lex
3049 4770 3242 4828 salvos
3291 4770 3534 4840 faceret,
3593 4786 3801 4842 super-

385 4871 569 4912 vacua
597 4854 807 4913 fuisset
836 4872 998 4913 mors
1028 4858 1284 4916 Domini.

1013 4975 1279 5032 ΚΕΦΑΛ.
1323 4976 1400 5035 Δ“.

460 5067 585 5118 ’Ὁτι
619 5058 710 5117 διὰ
733 5061 967 5124 πίστεως
998 5063 1026 5118 6
1056 5062 1349 5138 ἁγιασμὸς,
1380 5065 1446 5121 ού
1479 5062 1567 5121 διὰ
1596 5066 1792 5141 νόμου.

455 5152 524 5207 Ὠ
595 5151 820 5222 ἀνόητοι
887 5149 1148 5221 Γαλάται,
1213 5152 1296 5216 τίς
1367 5154 1507 5227 ὑμᾶς
1598 5149 1887 5213 ἔϐάσκανεν
1972 5161 2043 5233 τῇ

386 5239 621 5310 ἀληθείᾳ
727 5241 803 5313 μὴ
909 5240 1207 5311 πείθεσθαι,
1312 5244 1396 5305 οἷς
1499 5246 1614 5300 κατ’
1717 5245 2043 5326 ὀφθαλμοὺς

386 5332 599 5400 Ἰησοῦς
664 5330 900 5404 Χριστὸς
962 5331 1307 5412 ζπροεγράφη
1398 5331 1450 5387 ἐν
1549 5334 1675 5409 ὑμῖν
1770 5333 2044 5411 ἐσταυρω-

390 5418 553 5493 μένος
608 5439 622 5489 ;
690 5421 865 5477 Τοῦτο
935 5421 1101 5506 μόνον
1164 5420 1309 5477 θέλω
1405 5426 1593 5497 μαθεῖν
1684 5426 1776 5506 ἀφ’
1865 5427 2042 5499 ὑμῶν,

385 5508 439 5579 ἐξ
497 5505 671 5583 ἔργων
728 5510 904 5581 νόμου
961 5505 1186 5566 ἐλάϐετε
1236 5512 1298 5567 τὸ
1366 5511 1602 5586 πνεῦμα,
1665 5516 1700 5585 ἢ
1760 5513 1813 5587 ἐξ
1869 5515 2042 5585 ἀκοῆς

388 5598 646 5670 πίστεως,
700 5599 872 5662 οὕτως
925 5600 1148 5672 ἀνόητοι
1230 5601 1371 5673 ἐσοε,
1446 5604 1798 5681 ἐναρξάμενοι
1881 5606 2046 5662 πνεύ-

392 5708 545 5761 ματι,
609 5693 699 5745 νῦν
784 5689 938 5764 σαρκὶ
1036 5689 1393 5757 ἐπιτελεῖσθε.
1486 5698 1728 5752 Τοσαῦτα
1819 5694 2045 5754 ἰπάθιτε

412 5885 420 5897 .
459 5842 493 5891 ³.
511 5840 733 5917 ϐᾳιομ.
757 5846 845 5912 ni,
868 5845 921 5899 5.

2794 4980 3023 5038 CAPUT
3064 4979 3155 5034 IV.

2153 5071 2311 5137 Quod
2331 5087 2432 5142 per
2447 5069 2609 5140 ﬁdem
2627 5072 2801 5139 fuerit
2821 5071 3207 5141 sanctiﬁcatio,
3240 5075 3295 5124 et
3336 5085 3449 5123 non
3478 5085 3584 5140 per
3606 5068 3801 5139 legem.

2225 5164 2323 5234 Hl,
2350 5165 2467 5220 1-6.
2502 5164 2673 5219 Stulti
2701 5164 2931 5228 Galatae,
2964 5165 3086 5234 quis
3131 5161 3334 5218 invidit
3387 5163 3539 5217 vobis
3596 5178 3662 5217 ne
3704 5162 3807 5218 ob-

2155 5254 2555 5323 temperaretis,
2584 5259 2637 5309 et
2667 5253 2957 5307 crederetis
2980 5254 3221 5319 veritati,
3271 5251 3470 5321 quibus
3520 5266 3642 5323 prs
3671 5266 3804 5307 ocu-

2156 5342 2224 5421 lis
2250 5344 2403 5400 Iesus
2432 5342 2681 5400 Christus
2710 5344 2825 5410 fuit
2855 5342 3125 5414 depictus,
3161 5343 3312 5398 πο
3352 5344 3499 5398 inter
3554 5358 3645 5398 vos
3676 5358 3806 5398 cru-

2152 5433 2349 5500 ciﬁxus
2368 5431 2395 5487 ?
2419 5433 2533 5487 Hoc
2561 5433 2735 5487 solum
2766 5436 2930 5503 cupio
2960 5433 3167 5488 discere
3195 5450 3230 5487 a
3257 5433 3442 5489 vobis:
3492 5449 3562 5487 ea:
3616 5433 3805 5501 operi-

2156 5522 2252 5577 bus
2314 5523 2447 5591 legis
2503 5523 2776 5592 Spiritum
2815 5525 3117 5593 accepistis,
3151 5541 3222 5578 an
3288 5539 3358 5579 ea:
3410 5520 3810 5595 pradicatione

2151 5610 2285 5681 fidei
2327 5614 2356 5666 ?
2408 5611 2563 5667 Adeo
2618 5612 2773 5667 stulti
2829 5615 2977 5678 estis,
3032 5630 3156 5668 cum
3216 5614 3433 5684 Spiritu
3499 5611 3751 5680 ceperiti

2152 5718 2299 5760 nunc
2329 5719 2494 5763 carne
2523 5703 2981 5762 consummamini
3006 5706 3036 5761 ?
3070 5706 3203 5761 Tam
3256 5703 3433 5760 multa
3475 5703 3632 5774 passi
3675 5703 3802 5759 estis
