4098 6470
300 501 453 562 1119

1429 496 1841 558 ΈΟΟΜΕΝΙΙ
1888 496 2194 557 ΤΒΙΟΟιΕ
2238 497 2592 559 EPISCOPI

3556 495 3718 557 1120

295 641 530 706 frustra,
559 638 608 691 si
638 642 819 691 tamen
849 641 900 689 et
928 637 1162 703 ﬂustra.
1197 635 1304 699 Qui
1334 635 1513 703 igitur
1561 630 1944 689 subministrat

2065 631 2215 701 εὶπῆ,
2284 632 2398 705 εἳγε
2466 630 2555 685 καὶ
2623 629 2768 700 εἰκῆ.
2835 631 2897 687 Ὁ
2960 631 3052 685 οὗν
3146 628 3505 705 ἐπιχορηγῶν
3585 626 3716 701 ὑμῖν

297 727 448 782 vobis
476 726 773 795 Spiritum,
805 731 1071 794 operatur
1099 726 1330 778 virtutes
1359 725 1419 777 in
1448 723 1616 788 vobis,
1651 729 1843 777 utrum
1874 739 1944 777 ea:

298 815 551 887 operibus
579 815 733 884 legis,
762 830 834 868 an
892 829 961 868 ac
1011 812 1407 882 pradicatione
1451 812 1586 881 ﬁdei
1638 812 1699 866 id
1751 814 1944 880 facit?

296 908 764 973 Quemadmodum
793 906 1077 961 Abraham
1097 905 1329 960 credidit
1362 906 1484 973 Deo,
1517 911 1568 959 et
1607 906 1944 975 imputatum

296 1006 372 1054 cst
402 998 490 1052 illi
518 998 592 1053 ad
615 999 920 1069 justitiam.

366 1096 474 1155 Ubi
498 1095 927 1152 demonstravit
942 1095 1200 1165 seipsum
1224 1111 1343 1150 non
1365 1094 1437 1149 ab
1460 1093 1824 1160 hominibus,
1839 1091 1945 1149 sed

296 1204 330 1243 a
351 1187 604 1244 Domino
630 1186 809 1241 fuisse
832 1185 1129 1249 edoctum,
1158 1184 1368 1255 majori
1394 1201 1553 1239 nunc
1591 1184 1944 1241 auctoritate

299 1271 494 1340 docet,
527 1272 1029 1341 comparationem
1062 1269 1209 1342 legis
1239 1286 1305 1324 ac
1328 1269 1465 1324 ﬁdei
1515 1270 1758 1324 faciens.
1787 1269 1945 1326 Stul‘

298 1362 389 1413 tos
415 1363 517 1412 aut
546 1362 715 1412 vocat
740 1356 918 1428 ipsos.
958 1356 1098 1410 Vere
1133 1355 1290 1409 enim
1324 1354 1571 1409 stultum
1602 1361 1692 1409 est
1721 1371 1754 1409 a
1782 1355 1945 1411 Chri-

294 1452 383 1503 sto
417 1446 740 1511 discedere,
774 1444 1007 1515 legique
1038 1443 1364 1499 adhaerere.
1402 1468 1427 1493 «
1460 1445 1600 1510 Quis
1630 1444 1793 1501 vobis
1849 1444 1945 1499 in-

293 1537 437 1592 vidit
459 1537 487 1591 ?
516 1559 544 1587 »
575 1536 789 1607 inquit.
818 1537 947 1591 Non
979 1535 1144 1600 dixit,
1179 1535 1320 1600 Quis
1345 1534 1510 1590 vobis
1539 1535 1823 1606 imposuit
1841 1534 1943 1590 ?ne

291 1627 675 1700 opprobrium
702 1627 977 1682 misceret
1010 1624 1368 1697 opprobrio;
1411 1624 1536 1693 sed,
1596 1625 1730 1695 quis
1787 1624 1945 1679 indi-

290 1723 503 1791 gnatus
533 1721 642 1780 est,
672 1716 790 1770 sive
823 1715 1032 1770 invidit
1062 1714 1090 1769 ?
1128 1714 1450 1769 ostendens
1501 1730 1718 1786 magna
1762 1714 1942 1769 fuisse

292 1823 362 1863 ea
394 1823 524 1878 qum
554 1805 718 1877 prius
745 1804 1166 1877 operabantur.
1229 1826 1257 1853 ‹‹
1308 1803 1531 1868 Quibus
1584 1820 1705 1876 prus
1755 1803 1944 1862 oculis

290 1893 754 1949 JesusChristus.
782 1913 807 1940 ι)
842 1891 1460 1963 AtquiHierosolymis
1474 1892 1791 1947 cruciﬁxus
1813 1895 1903 1947 est
1928 1908 1941 1945 :

292 1981 591 2055 quomodo
624 1996 759 2053 ergo
791 1980 875 2034 ait
906 1997 919 2035 :
954 1981 1160 2045 Quibus
1181 1996 1302 2050 prae
1332 1978 1503 2035 oculis
1535 1986 1593 2034 et
1620 1983 1769 2035 inter
1796 1996 1890 2035 vos
1917 1983 1946 2035 ?
1979 2007 2022 2071 Β

289 2070 559 2128 Ostendit
591 2071 707 2126 vim
761 2070 921 2135 fidei,
976 2086 1108 2141 quas
1164 2070 1343 2124 etiam
1399 2070 1607 2141 procul
1664 2070 1946 2127 distantia

282 2161 585 2235 prospicit.
621 2166 895 2216 Attamen
928 2159 1068 2230 quia
1103 2160 1378 2230 Depictus
1440 2164 1530 2214 est
1593 2159 1764 2227 dixit,
1825 2161 1944 2216 sive

280 2251 632 2323 descriptus,
666 2266 884 2321 nempe
918 2266 1023 2321 per
1055 2248 1499 2319 praedicationis
1559 2251 1940 2321 scripturam,

282 2339 657 2397 tantumdem
684 2345 774 2393 est
830 2355 898 2393 ac
958 2338 1006 2393 si
1067 2336 1339 2393 diceret:
1400 2336 1749 2393 Praedicatio
1811 2339 1943 2411 qui-

283 2431 418 2486 dem
477 2427 743 2500 depinxit
801 2427 967 2482 vobis
1026 2443 1265 2483 crucem
1325 2442 1395 2482 ac
1458 2433 1714 2483 mortem
1776 2428 1943 2483 Chri-

286 2521 377 2581 sti,
414 2537 516 2575 vos
548 2523 749 2576 autem
790 2517 978 2573 oculis
1040 2516 1179 2572 ﬁdei
1240 2522 1529 2588 tanquam
1586 2525 1946 2589 praesentem

287 2611 483 2681 ipsum
514 2607 742 2663 vidistis
776 2625 788 2663 :
818 2606 903 2662 ita
930 2607 1093 2661 enim
1127 2606 1484 2673 credidistis,
1546 2623 1613 2662 ac
1653 2608 1701 2663 si
1754 2609 1946 2681 ipsam

287 2697 502 2755 Christi
562 2700 813 2752 mortem
874 2695 1075 2750 intuiti
1126 2696 1352 2751 essetis.
1415 2727 1479 2736 —
1522 2718 1551 2746 «
1586 2697 1705 2753 Hoc
1753 2697 1947 2753 solum

290 2788 467 2860 cupio
486 2785 976 2843 discereavobis.
1013 2806 1042 2834 »
1092 2785 1405 2853 Quoniam,
1454 2786 1672 2858 inquit,
1721 2792 1947 2843 tantam

289 2876 796 2949 dispensationem
830 2892 952 2931 non
980 2874 1476 2943 animadvertitis,
1535 2876 1710 2932 breve
1760 2877 1948 2948 quod-

294 2968 429 3023 dam
454 2965 699 3020 verbum
723 2964 935 3035 loquor
961 2964 1033 3020 ad
1066 2981 1202 3019 vos:
1258 2981 1403 3019 num
1456 2981 1563 3036 per
1590 2965 1737 3038 legis
1768 2982 1951 3037 opera

293 3054 577 3128 Spiritum
610 3060 883 3109 sanctum
937 3052 1271 3123 accepistis,
1327 3058 1641 3124 tantasque
1701 3053 1949 3109 virtutes

293 3164 360 3203 ac
382 3148 549 3220 signa
571 3146 797 3218 operati
816 3146 1062 3212 estis,an
1088 3162 1194 3217 per
1214 3146 1391 3201 fidem
1410 3145 1438 3201 ?
1458 3145 1948 3218 quandoquidem

292 3236 432 3295 dum
465 3236 580 3306 legi
615 3235 1031 3298 adhaerebatis,
1061 3252 1181 3290 non
1214 3235 1499 3307 Spiritum
1553 3236 1896 3308 suscepistis
1932 3254 1945 3293 :

292 3325 590 3397 quomodo
649 3342 786 3397 ergo
842 3341 1080 3379 rursum
1136 3324 1346 3379 relicta
1402 3324 1515 3380 ﬁde
1575 3325 1686 3398 legi
1746 3326 1942 3381 adlim-

290 3371 432 3472 ἓθὶὶε
462 3416 489 3470 ?
519 3371 749 3470 «Ade:
776 3413 941 3470 stulti
972 3413 1134 3469 estis.
1170 3434 1199 3462 »
1260 3412 1443 3480 Adeo,
1504 3371 1720 3485 inquoit,
1778 3415 1945 3472 stulti
1977 3371 2018 3438 Ο
2059 3411 2197 3481 ἐστε,
2251 3438 2279 3463 ››

290 3505 454 3567 estis,
486 3510 555 3575 ut
581 3503 868 3574 temporis
906 3519 1219 3575 progressu
1279 3508 1607 3559 retrorsum
1667 3505 1942 3561 curratis.

287 3596 434 3649 Nam
457 3609 592 3648 cum
618 3592 836 3665 Spiritu
855 3591 1150 3665 cmperitis
1172 3592 1603 3649 consummari:
1638 3593 1752 3650 hoc
1784 3593 1945 3649 enim

290 3700 327 3739 8.
344 3681 647 3739 communi
672 3697 847 3737 sensu
872 3679 1228 3736 sumendum
1255 3686 1341 3737 est
1366 3698 1378 3735 ἓ
1406 3698 1568 3737 nunc
1584 3698 1762 3739 carne
1803 3699 1947 3739 COD-

289 3771 688 3830 summamini.
701 3771 924 3843 Spiritu
942 3771 1100 3825 enim
1114 3771 1847 3835 consummabantur,cum
1865 3773 1944 3829 si—

289 3874 405 3935 gna
426 3861 701 3917 ederent:
729 3877 886 3916 nunc
935 3875 1071 3915 vero
1116 3876 1293 3915 carne
1337 3860 1939 3918 circuincidebantur.

289 3951 540 4009 Animad
552 3956 707 4007 verte
721 3958 919 4008 autem
934 3950 1092 4022 quod
1107 3966 1179 4005 no
1192 3970 1222 4003 ει
1242 3949 1859 4018 dixerit,Consummal
1871 3954 1941 4017 is,

292 4042 395 4100 sed
408 4064 437 4093 «
453 4040 983 4107 Consummamini,
1018 4061 1047 4090 »
1061 4039 1382 4096 ostendens
1394 4040 1554 4111 Quod
1566 4057 1729 4097 more
1747 4042 1944 4099 ovium

292 4137 594 4189 sumentes
616 4130 773 4201 ipsos
786 4129 1292 4186 circumcidebant
1318 4146 1394 4184 ne
1416 4129 1675 4185 scientes
1698 4130 1945 4201 quidem

293 4220 437 4294 quid
466 4224 833 4290 paterentur.
869 4240 896 4268 ιι
927 4219 1094 4274 Nunc
1126 4233 1302 4275 carne
1353 4219 1878 4275 consummamini.
1917 4241 1939 4271 ε

376 4309 520 4363 737
559 4307 840 4379 Spiritum
887 4307 1131 4378 quidem
1187 4306 1337 4363 dixit
1378 4307 1649 4378 gratiam,
1702 4323 1945 4364 carnem

290 4413 428 4455 vero
441 4397 946 4454 conversationem
963 4395 1290 4452 secundum
1308 4395 1555 4466 lcgem.:<
1596 4396 1736 4452 Tam
1758 4396 1947 4453 multa

288 4487 448 4561 passi
467 4487 607 4543 estis
632 4487 867 4543 frustra.
897 4507 923 4534 ››
946 4483 1143 4539 Multis
1164 4484 1237 4538 ob
1261 4482 1561 4540 Christum
1603 4484 1944 4543 afﬂictioni-

290 4577 401 4633 bus
430 4593 498 4633 ac
528 4576 806 4648 periculis
831 4573 1139 4629 exercitati
1198 4572 1454 4628 fuerant.
1520 4575 1705 4631 Tanta
1742 4574 1941 4647 igitur,

291 4666 509 4737 inquit,
527 4664 693 4722 nullo
716 4663 916 4720 fructu
935 4661 1092 4734 passi
1116 4661 1275 4718 estis.
1300 4662 1446 4718 Nam
1469 4662 1519 4718 si
1566 4663 1941 4721 circumcidi-

2049 722 2113 776 τὸ
2178 724 2416 793 πνεῦμα,
2482 720 2574 775 καὶ
2668 718 2900 794 ἐνεργῶν
2997 716 3249 792 δυνάμεις
3341 717 3395 774 ἐν
3462 718 3616 790 ὑμῖν,
3667 716 3720 787 ἐξ

2052 802 2224 883 ἔργων
2326 808 2524 883 νόμου,
2606 809 2641 878 ἤ
2721 808 2771 879 ἐξ
2881 808 3050 876 ἀκοῆς
3153 807 3436 876 πίστεως;
3530 806 3726 868 Καθὼς

2056 893 2311 972 Ἀϐραὰμ
2367 898 2647 955 ἐπίστευσε
2726 903 2807 970 τῷ
2893 903 3030 971 Θεῷ,
3097 899 3185 954 καὶ
3245 896 3503 972 ἐλογίσθη
3566 894 3717 967 αύτῷ

2054 987 2129 1049 εἰς
2163 985 2531 1057 δικαιοσύνην.

2122 1083 2432 1157 Ὑποδείξας
2462 1086 2649 1148 ἐαυτὸς
2701 1089 2776 1159 μὴ
2836 1087 2987 1161 παρὰ
3042 1087 3365 1159 ἀνθρώπων,
3420 1082 3552 1140 ἀλλ’
3602 1083 3712 1140 ὑπὸ

2052 1177 2151 1230 τοῦ
2179 1174 2380 1249 Κυρίου
2420 1172 2823 1249 δεδιδαγμένον,
2875 1180 2966 1229 νῦν
3024 1174 3159 1246 μετὰ
3205 1172 3463 1234 πλείονος
3518 1170 3714 1236 αὐθεν-

2052 1263 2171 1325 τίας
2204 1260 2468 1333 διδάσκει,
2501 1265 2778 1340 σύγκρισιν
2820 1268 2918 1319 τοῦ
2971 1263 3145 1337 νόμου
3196 1260 3283 1317 καί
3331 1267 3433 1331 τῆς
3482 1260 3718 1322 πίστεως

2052 1355 2411 1428 ποιούμενος.
2474 1355 2776 1426 Ἀνοήτους
2836 1352 2894 1411 δὶ
2947 1354 3145 1418 αὐτοὺς
3200 1351 3378 1410 καλεῖ.
3454 1352 3557 1409 Καὶ
3614 1351 3718 1426 γὰρ

2054 1438 2226 1505 ὅντως
2308 1443 2541 1513 ἀνόητον
2618 1444 2704 1515 τὸ,
2765 1443 2979 1521 ἀφεῖναι
3036 1442 3296 1517 Χριστὸν,
3349 1442 3439 1496 καὶ
3490 1438 3716 1514 ἔχεσθαι

2051 1536 2148 1588 τοῦ
2188 1531 2384 1605 νόμου.
2449 1556 2477 1584 ιι
2534 1531 2630 1596 Τίς
2689 1533 2855 1607 ὑμᾶς,
2913 1532 3097 1611 φησὶν,
3164 1527 3493 1601 ἐϐάσκανενς
3527 1554 3556 1583 ››
3597 1530 3715 1590 Οὐκ

2053 1624 2192 1691 εἷπε,
2246 1620 2340 1683 Τίς
2401 1622 2542 1695 ὑμᾶς
2598 1622 2877 1693 ἠπάτησεν
2929 1640 2942 1691 ;
2988 1618 3083 1675 *ίνα
3140 1621 3218 1695 μὴ
3277 1618 3558 1694 λοιδορίαν
3617 1618 3709 1675 ἐπὶ

2055 1705 2309 1785 λοιδορίᾳ
2339 1711 2489 1785 μίξῃα
2549 1709 2718 1783 ἀλλὰ,
2777 1711 2872 1772 Τίς
2929 1706 3186 1768 ἐϐάσκαινε
3245 1710 3333 1765 καὶ
3393 1709 3710 1789 ἐφθόνησας

2055 1796 2266 1861 δεικνὺς
2299 1799 2420 1870 ἄξια
2467 1802 2671 1880 φθόνου
2719 1801 2826 1876 πρὸ
2883 1800 3079 1856 τούτου
3132 1801 3491 1875 πράττοντας.
3552 1826 3580 1852 ιι
3613 1800 3717 1862 Οἷς

2053 1891 2170 1944 κατ’
2229 1888 2547 1969 ὀφθαλμοὺς
2604 1891 2817 1961 Ἰησοῦς
2895 1891 3148 1965 Χριστός.
3210 1913 3239 1941 »
3313 1891 3419 1946 Καὶ
3493 1890 3603 1962 μὴν
3657 1889 3711 1945 ἐν

2051 1977 2424 2053 Ἰερουσαλὴμ
2474 1979 2811 2055 ἐσταυρώθη.
2865 1984 2989 2041 Πῶς
3043 1980 3136 2035 οὖν
3193 2000 3382 2059 φησιν,
3440 1981 3535 2041 Οἱς
3590 1980 3712 2036 κατ’

2054 2067 2396 2141 ὀφθαλμοὺς,
2451 2069 2568 2138 καὶ,
2628 2070 2712 2125 Ἐν
2771 2070 2954 2141 ὑμῖν,
3016 2068 3261 2125 Δείκνυσι
3316 2075 3419 2137 τῆς
3475 2068 3717 2134 πίστεως

2053 2158 2154 2226 τήν
2190 2157 2373 2233 ἰσχὺν,
2431 2158 2523 2212 καὶ
2578 2159 2645 2214 τὰ
2701 2157 2893 2233 πόῤῥω
2950 2157 3191 2233 ὁρώσης.
3244 2157 3395 2227 Πλὴν
3453 2158 3544 2216 ὅτι
3583 2179 3724 2233 προ-

2056 2244 2265 2322 εγράφη
2324 2247 2464 2315 εἷπε,
2523 2243 2792 2315 τουτέστι,
2852 2242 2941 2300 διὰ
3016 2252 3115 2316 τῆς
3182 2249 3281 2300 τοῦ
3355 2246 3726 2321 κηρύγματος

2052 2343 2288 2413 γραφῆς,
2322 2336 2450 2391 ὡσεὶ
2490 2331 2670 2413 ἔλεγε’
2724 2337 2796 2393 Τὸ
2857 2337 2953 2411 μὶν
3012 2338 3277 2413 κήρυγμα
3336 2336 3722 2414 ἐζωγράφησεν

2057 2427 2185 2497 ὑμῖν
2217 2427 2309 2481 τὸν
2347 2427 2598 2497 σταυρὸν,
2634 2427 2791 2500 ὑμεῖς
2840 2423 2899 2482 δὲ
2928 2431 3049 2489 τοῖς
3079 2434 3179 2495 τῆς
3226 2426 3460 2488 πίστεως
3515 2427 3720 2505 ὀφθαλ-

2061 2521 2185 2588 μοῖς
2215 2516 2289 2577 ὡς
2320 2517 2565 2589 παρόντα
2624 2516 2788 2571 αὐτὸν
2849 2513 3039 2574 εἴδετε.
3091 2514 3251 2573 Οὕτω
3309 2517 3412 2591 γὰρ
3473 2515 3725 2572 ἐπιστεύ-

2055 2624 2202 2676 σατε,
2245 2605 2321 2668 ὡς
2375 2602 2534 2659 αὐτὸν
2594 2607 2692 2659 τοῦ
2745 2608 2978 2679 Χριστοῦ
3024 2604 3117 2659 τὸν
3166 2605 3396 2679 σταυρὸν
3458 2604 3721 2679 θεασάμε-

2052 2714 2161 2750 νοι.
2211 2725 2280 2736 -
2338 2717 2367 2745 ιι
2401 2695 2581 2751 Τοῦτο
2638 2694 2803 2760 μόνον
2863 2693 3008 2749 θέλω
3071 2698 3263 2767 μαθεῖν
3326 2693 3414 2771 ἀφ’
3478 2693 3653 2766 ὑμῶν.
3687 2717 3719 2747 »

2059 2783 2399 2856 [ΘΕΟΔΩΡ.]
2457 2779 2706 2851 Ἐπειδὴ,
2768 2783 2926 2856 φησὶ,
2984 2786 3052 2857 τῇ
3104 2782 3341 2858 τοσαύτῃ
3428 2781 3721 2856 οἰκονομίᾳ

2057 2870 2120 2926 οὐ
2142 2872 2460 2947 προσέχετε,
2495 2871 2762 2943 σύντομόν
2812 2892 2868 2927 τι
2919 2872 3027 2945 ἐρῶ
3069 2872 3204 2944 πρὸς
3252 2872 3416 2945 ὑμᾶς.
3467 2872 3563 2927 Διὰ
3607 2876 3715 2927 τῶν

2060 2959 2112 3014 ἐν
2141 2959 2296 3033 νόμῳ
2354 2955 2530 3035 ἔργων
2589 2964 2812 3033 Πνεῦμα
2868 2959 3019 3036 ἃγιον
3071 2956 3317 3031 ἐλάϐετε,
3374 2962 3465 3016 καὶ
3523 2961 3713 3016 τοσαύ-

2055 3070 2150 3111 τας
2211 3047 2468 3123 δυνάμεις
2525 3051 2617 3105 καὶ
2676 3055 2881 3124 σημεῖα
2966 3044 3280 3121 ἔποιήσατε,
3366 3053 3401 3123 ἢ
3486 3048 3576 3107 διὰ
3616 3055 3717 3121 τῆς

2057 3142 2290 3205 πίστεως
2318 3163 2334 3211 ;
2369 3143 2522 3201 Ἐπεὶ
2561 3147 2637 3218 μή
2669 3145 2757 3200 ὅτε
2787 3149 2886 3200 τοῦ
2915 3143 3089 3216 νόμου
3139 3145 3375 3219 ἐῗχεσθε,
3402 3144 3717 3218 Πνεύματος

2055 3233 2155 3302 ἦτε
2179 3232 2500 3306 ἠξιωμένον
2563 3237 2681 3296 πῶς
2733 3232 2825 3289 οὖν
2887 3232 3110 3313 ἀφέντες
3167 3235 3268 3303 τήν
3326 3234 3530 3296 πίστιν,
3586 3230 3715 3308 ἕχε-

2060 3324 2152 3377 σθε
2225 3323 2389 3379 πάλιν
2461 3328 2560 3379 τοῦ
2632 3324 2849 3395 νόμου;
2930 3323 3198 3391 «Οὕτως,
3275 3323 3463 3401 φησὶν,
3496 3322 3718 3393 ἀνόητοί

2338 3413 2423 3469 ὃτι
2487 3416 2584 3467 τοῦ
2658 3412 2863 3487 χρόνου
2926 3407 3261 3487 προϐάντος,
3333 3413 3411 3474 εἰς
3468 3413 3716 3468 τοὺπίσω

2375 3502 2760 3577 Ἐναρξάμενοι
2841 3503 2946 3579 γάρ
3033 3502 3297 3577 πνεύματι
3352 3501 3716 3560 ἐπιτελεῖσθαι

2052 3594 2236 3667 (τοῦτο
2306 3594 2410 3669 γὰρ
2489 3592 2594 3648 ἀπὸ
2660 3594 2890 3666 κοινοῦ),
2983 3596 3072 3648 νῦν
3139 3594 3294 3669 σαρκὶ
3355 3586 3711 3656 ἐπιτελεῖσθε.

2054 3682 2332 3754 Πνεύματι
2414 3684 2517 3757 γὰρ
2619 3680 2998 3747 ἐπετελοῦντο,
3104 3687 3308 3755 σημεῖα
3398 3686 3712 3752 ποιοῦντες,

2052 3772 2210 3845 σαρκὶ
2286 3767 2345 3826 δὲ
2419 3771 2899 3847 περιτεμνόμενοι.
2974 3774 3115 3846 ’Ὁρα
3190 3770 3270 3842 δὲ,
3344 3771 3447 3826 οὐκ
3537 3773 3711 3840 εἶπεν,

2055 3857 2411 3927 Ἐπιτελεῖτε,
2486 3858 2639 3930 ἀλλ’,
2700 3885 2728 3913 ιι
2781 3858 3173 3932 Ἐπιτελεῖσθε,
3241 3884 3266 3909 ν
3337 3859 3549 3923 δεικνὺς
3625 3860 3711 3917 ὅτι

2053 3948 2213 4021 δίκην
2308 3945 2598 4024 προϐάτων
2704 3945 3078 4023 λαμϐάνοντες
3180 3950 3377 4014 αὐτοὺς
3475 3952 3715 4023 περιέτε-

2057 4064 2212 4117 μνον,
2248 4044 2389 4117 μήτε
2418 4039 2630 4104 εἰδότας
2658 4040 2693 4097 ἃ
2742 4043 3040 4118 πάσχουσι.
3098 4068 3126 4096 ιι
3156 4045 3267 4101 Νῦν
3324 4044 3482 4119 σαρκί
3531 4043 3713 4100 ἐπιτε-

2055 4131 2257 4194 λεῖσθε.
2292 4151 2321 4180 ››
2545 4137 2551 4147 ⁸

2047 3503 2294 3578 τρέχετε.

2127 4311 2345 4380 Πνεῦμα
2408 4307 2502 4380 μὲν
2554 4307 2656 4375 τὴν
2718 4306 2879 4386 χάριν
2936 4306 3179 4377 ἐκάλεσε,
3237 4311 3408 4382 σάρκα
3472 4308 3550 4378 δὲ,
3609 4315 3711 4384 τήν

2053 4396 2189 4453 κατὰ
2253 4397 2423 4469 νόμον
2475 4393 2775 4452 πολιτείαν.
2840 4419 2869 4448 ι(
2916 4401 3159 4453 Τοσαῦτα
3215 4396 3435 4454 ἐπάθετε
3501 4399 3642 4470 εἰκῆ.
3678 4426 3708 4454 »

2054 4483 2298 4547 Πολλοῖς
2324 4486 2461 4554 ἦσαν
2489 4489 2816 4560 πειρασμοῖς
2850 4481 2939 4540 διὰ
2994 4486 3085 4541 τὸν
3133 4487 3366 4561 Χριστὸν
3410 4487 3709 4546 παλαίσαν-

2053 4596 2159 4638 τες.
2190 4577 2442 4632 Τοσαῦτα
2499 4572 2616 4641 οὖν,
2668 4573 2824 4655 φησὶ,
2879 4575 3056 4649 μάτην
3109 4577 3432 4635 πεπόνθατε.
3494 4577 3558 4635 Εἰ
3605 4579 3709 4655 γὰρ

2054 4663 2461 4738 περιτέμνεσθε,
2524 4664 2699 4738 μάτην
2767 4663 2963 4732 ἐκεῖνα,
3021 4665 3321 4735 τουτέστιν,
3393 4666 3712 4724 ἀπωλέσατε

296 4755 465 4820 mini,
500 4755 731 4810 nullum
756 4752 863 4808 illa
894 4752 1151 4808 fructum
1185 4751 1426 4819 habent,
1475 4753 1598 4810 .hoc
1654 4759 1764 4825 est,
1817 4755 1944 4827 ipsa

2057 4752 2204 4809 αὐτά·
2240 4755 2356 4809 εἶτα
2409 4750 2501 4808 ἵνα
2566 4754 2644 4827 μὴ
2702 4753 2781 4817 εἰς
2846 4753 3158 4831 ἀπόγνωσιν
3216 4754 3409 4818 αὐτοὺς
3465 4750 3708 4832 ἐμϐάϐῃ,

293 4846 653 4918 perdidistis.
688 4842 913 4900 Deinde
936 4858 1010 4897 ne
1031 4843 1190 4914 ipsos
1209 4842 1272 4897 in
1307 4842 1785 4915 desperationem
1812 4862 1949 4901 con-

284 4938 476 5011 jiciat,
508 4939 617 4994 ait:
640 4959 663 4987 (ι
710 4937 766 4992 Si
780 4943 983 4991 tamen
1016 4940 1075 4990 et
1108 4935 1350 4991 frustra.
1370 4957 1397 4983 »
1420 4936 1564 4990 Nam
1578 4936 1625 4990 si
1651 4937 1945 5008 respicere

293 5026 619 5089 volueritis,
653 5041 773 5079 non
805 5027 979 5080 erunt
1004 5023 1241 5079 frustra.
1276 5044 1304 5072 «
1335 5023 1391 5078 Si
1429 5027 1625 5079 tamen
1684 5030 1745 5079 et
1798 5024 1948 5081 frus-

294 5119 404 5170 tra.
442 5134 469 5160 ››
502 5114 570 5166 Et
600 5128 719 5168 non
753 5111 931 5167 etiam
964 5127 1097 5166 cum
1131 5109 1367 5166 damno.
1403 5111 1643 5169 Frustra
1685 5128 1946 5183 namque

296 5202 696 5269 ﬁeri,autesse
722 5200 1127 5270 dicitur.quod
1141 5216 1333 5271 neque
1367 5201 1598 5257 confert
1618 5200 1945 5273 quidquam

297 5307 491 5362 neque
510 5290 729 5346 aufert:
750 5295 811 5344 at
832 5289 932 5360 qui
955 5288 1168 5360 spiritu
1185 5290 1446 5361 ccepit,et
1466 5289 1539 5347 ob
1562 5290 1623 5345 id
1642 5293 1703 5346 in
1727 5291 1945 5347 multas

293 5380 505 5437 incidit
528 5378 879 5445 aﬂictiones,
942 5377 1157 5433 deinde
1222 5384 1672 5448 transmutatur,
1718 5381 1767 5434 is
1825 5397 1945 5438 non

293 5471 484 5527 solum
516 5469 736 5525 frustra
767 5485 972 5539 passus
1005 5474 1092 5523 est
1123 5485 1191 5524 ea
1247 5486 1377 5540 quae
1434 5486 1640 5541 passus
1691 5475 1798 5540 est,
1847 5488 1942 5526 ve-

289 5578 423 5616 rum
454 5561 633 5615 etiam
666 5575 800 5614 cum
836 5557 1075 5625 damno,
1110 5558 1416 5630 perdendo
1449 5577 1581 5630 qum
1604 5559 1716 5615 sibi
1774 5576 1944 5632 repo-

291 5655 493 5707 suerat
521 5648 767 5721 pr-emia
798 5647 871 5704 ob
901 5664 1212 5720 perpessas
1242 5666 1349 5719 pro
1381 5648 1610 5705 Christo
1671 5649 1943 5705 afﬂictio-

292 5756 417 5795 nes.
449 5761 477 5787 ‹‹
510 5739 617 5804 Qui
652 5739 829 5812 igitur
859 5737 1272 5795 subministrat
1292 5737 1473 5794 vobis.
1512 5761 1539 5787 ››
1577 5742 1726 5796 Deus
1766 5740 1943 5814 igitur

296 5829 397 5899 qui
422 5828 585 5883 vobis
642 5828 925 5898 Spiritum
985 5825 1401 5883 subministrat
1458 5833 1516 5882 et
1571 5829 1672 5901 qui
1730 5846 1937 5904 opera-

2057 4844 2245 4923 φησῖν,
2280 4868 2306 4896 ι‹
2341 4839 2414 4899 Εἴ
2434 4863 2495 4919 γε
2522 4843 2612 4898 καὶ
2644 4842 2787 4913 εἶκῆ.
2824 4866 2852 4894 ι)
2882 4844 2953 4900 Ei
2980 4844 3083 4920 γὰρ
3117 4844 3483 4914 βουληθείητε
3507 4845 3713 4916 ἀνανῆ-

2057 4936 2174 5005 ψαι,
2208 4932 2309 4987 οὐκ
2366 4932 2506 5003 εῒκῆ.
2566 4956 2594 4986 ιι
2628 4930 2695 4988 E’t’
2749 4952 2810 5011 γε
2868 4931 2959 4987 καὶ
3017 4932 3159 5002 εἰκῆ,
3197 4956 3225 4984 ››
3275 4932 3425 4990 ἀλλὰ
3483 4936 3559 5008 μὴ
3617 4934 3710 4990 καὶ

2056 5018 2389 5095 ἐπιζημίως.
2426 5021 2565 5091 Εἷκῆ
2597 5022 2692 5094 μὶν
2724 5021 2824 5096 γὰρ
2855 5019 3058 5078 ἔστιτὸ
3124 5018 3293 5095 μηδὲν
3350 5025 3492 5096 μήτε
3538 5044 3710 5098 προσ·

2058 5107 2267 5182 λαϐεῖν,
2331 5114 2469 5186 μήτε
2521 5111 2835 5177 ὰποθέσθαι.
2896 5114 2957 5169 Ὁ
3011 5110 3068 5168 δὲ
3141 5111 3499 5188 ἐναρξάμενος
3551 5115 3713 5171 πνεύ-

2061 5222 2213 5274 ματι,
2244 5202 2335 5257 καὶ
2376 5201 2467 5257 διὰ
2515 5206 2678 5258 τοῦτο
2712 5199 2949 5265 πολλοῖς
3004 5203 3311 5279 περιπεσὼν
3358 5210 3707 5280 πειρασμοῖς,

2056 5291 2175 5345 εἶτα
2230 5286 2743 5364 μεταϐαλλόμενος,
2801 5290 2870 5346 οὗ
2932 5289 3094 5364 μόνον
3151 5290 3269 5360 εἰκῆ
3318 5286 3509 5348 ἔπαθεν
3571 5293 3707 5370 ἃπερ

2054 5372 2270 5449 ἔπαθεν,
2314 5378 2459 5435 ἀλλὰ
2502 5379 2591 5435 καὶ
2661 5378 2991 5452 ἐπιζημίως,
3051 5376 3324 5445 ἀπολέσας
3375 5381 3409 5436 ἅ
3456 5380 3708 5439 ἀπέκειτο

2053 5467 2220 5540 αὐτῷ,
2256 5466 2347 5524 διὰ
2396 5469 2490 5531 τὰς
2553 5470 2685 5545 ὑπὲρ
2740 5473 2970 5544 χριστοῦ
3010 5467 3225 5544 θλίψεις
3271 5471 3360 5526 καὶ
3406 5472 3529 5533 τοὺς
3588 5493 3711 5527 πει-

2056 5558 2297 5633 ρασμοὺς
2326 5551 2556 5614 ἔπαθλα.
2618 5583 2647 5611 ‹‹
2691 5560 2760 5616 Ὀ
2805 5558 2897 5612 οὗν
2958 5556 3318 5637 ἐπιχορηγῶν
3383 5561 3529 5633 ὑμῖν.
3564 5584 3592 5614 ››
3647 5562 3706 5620 Ὀ

2052 5646 2426 5723 ἐπιχορηγῶν,
2463 5647 2650 5723 φησὶν,
2689 5649 2818 5719 ὑμῖν
2866 5647 2929 5701 τὸ
2987 5650 3198 5719 πνεῦμα
3246 5648 3374 5709 Θεὸς
3425 5649 3515 5703 καὶ
3564 5646 3708 5726 ἐνερ-

2052 5742 2184 5816 γῶν,
2217 5737 2487 5805 τουτέστι,
2549 5732 2805 5810 δυνάμεις
2863 5733 3108 5808 σημείων
3167 5734 3219 5790 ἐν
3285 5737 3411 5810 ὑμῖν
3475 5737 3707 5815 ἐργαζφ-

2055 5847 2236 5904 μενος,
2270 5824 2360 5882 διὰ
2395 5828 2463 5882 τὰ
2523 5846 2582 5883 εκ
2634 5826 2806 5902 νόμου
2864 5821 2994 5903 ἔργα
3047 5830 3217 5882 ταῦτα
3272 5832 3459 5901 ποιεῖ,
3519 5828 3703 5904 φησίν.

2150 6006 2157 6037 ἑ
