4098 6392
340 351 495 411 1121

1393 349 1803 414 ΟΟΜΜΕΝΤ.
1852 351 1927 410 IN
1978 345 2223 410 EPIST.
2272 351 2373 409 AD
2419 351 2704 411 GAIAT.

3599 358 3756 416 1122

337 484 429 554 Ἐξ
489 485 562 538 ὧν
623 480 969 540 ἐπετελέσατε
1014 485 1282 557 σημείων,
1343 482 1590 564 ὀφείλετε
1638 488 1837 561 γνῶναι
1895 483 1994 553 τήν

2125 489 2226 552 Lur,
2264 506 2291 534 ››
2322 485 2434 541 hoc
2466 490 2571 553 est,
2601 487 2865 558 potentia
2895 487 3062 560 signa
3094 486 3153 543 in
3185 487 3344 543 vobis
3374 489 3559 544 efﬁcit
3582 507 3594 546 :
3616 505 3758 545 num

346 573 574 648 δύναμιν
603 578 702 641 τῆς
733 572 989 636 πίστεως.
1025 574 1176 645 Πλὴν
1204 574 1294 630 καὶ
1350 576 1484 651 πρὸς
1533 574 1626 630 τὸν
1683 572 2003 649 προπάτορα

342 657 599 738 Ἀϐραάμ
655 660 894 731 ἀπίδετε,
944 661 1031 717 ὅτι
1085 663 1175 718 καὶ
1233 661 1394 724 αὐτὸς
1450 661 1511 717 ἐκ
1596 661 1829 723 πίστεως
1892 658 2004 716 ἰδι-

344 754 581 824 καιώθη.

978 956 1245 1011 ΚΕΦΑΛ.
1287 954 1364 1009 E'.

345 1042 587 1099 Ὀτικαὶ
644 1038 900 1117 ’Δϐραᾶμ
957 1041 1017 1097 ἐκ
1071 1042 1304 1184 “itarem:
1356 1038 1652 1111 ἐδικαιώθη
1708 1040 1784 1102 είς
1833 1038 2002 1093 τύπον

1123 1135 1258 1184 μων.

1123 1135 1258 1187 μων.

421 1208 716 1264 Γινώσκετε
775 1205 877 1283 ἄρα
970 1207 1053 1262 ὅτι
1107 1208 1158 1261 οἳ
1220 1206 1279 1262 ἐκ
1333 1206 1588 1275 πίστεως,
1660 1203 1807 1260 οὗτοί
1869 1202 2002 1258 εἰσιν

349 1295 459 1350 υἱοὶ
510 1290 783 1372 Ἀϐραάμ.
867 1292 1173 1370 Προΐδοῦσα
1234 1293 1291 1351 δὲ
1372 1297 1408 1365 ἡ
1500 1295 1707 1370 Γραῳὴ,
1786 1292 1868 1348 ὅτι
1947 1290 2006 1347 ἐκ

344 1386 580 1448 πίστεως
669 1384 878 1441 δικαιοῖ
960 1385 1029 1441 τὰ
1113 1383 1234 1456 ἔθνη
1295 1386 1323 1440 ὁ
1379 1384 1530 1453 Θεὸς,
1598 1380 2005 1460 προευηγγελί-

347 1495 478 1530 σατο
535 1496 617 1548 τῳ
687 1469 961 1550 Ἀϐραὰμ,
1033 1475 1116 1530 ’ὁτι
1193 1472 1750 1549 Ἐνευλογηθήσονται
1806 1471 1857 1526 ἐν
1915 1472 2004 1527 σοὶ

345 1565 518 1621 πάντα
571 1565 638 1620 τὰ
706 1562 859 1635 ἔθνη.
924 1566 1086 1620 Ὥστε
1151 1565 1203 1620 οἱ
1266 1562 1326 1620 ἐκ
1390 1565 1626 1625 πίστεως
1696 1559 2005 1637 εὐλογοῦν-

344 1675 435 1709 ται
468 1655 561 1709 σὺν
590 1658 669 1726 τῷ
699 1658 874 1726 πιστῷ
906 1649 1179 1729 Ἀϐραάμ.

422 1741 645 1812 Ἐπειδή
680 1741 1038 1799 ἐδεδοίκεισαν
1088 1742 1303 1822 ἀφεῖναι
1353 1742 1445 1797 τὸν
1500 1741 1687 1813 νόμον,
1753 1742 1826 1814 μή
1885 1758 2005 1801 πως

347 1839 449 1902 τῆς
480 1832 794 1910 συγγενείας
826 1832 1089 1887 ἐκπέσωσι
1147 1836 1246 1886 τοῦ
1298 1826 1571 1905 Ἀϐραὰμ,
1622 1829 1698 1892 εἷς
1743 1831 1806 1885 τὸ
1855 1830 2005 1884 ὲναν-
2040 1870 2084 1936 Β

344 1920 463 1976 τίον
523 1921 835 1997 περιίστησι
895 1923 986 1977 τὸν
1046 1920 1229 1997 λόγον.
1287 1921 1388 1990 Τὸ,
1476 1922 1599 1995 ἄρα,

350 2013 611 2069 «Ὅτιοὶ
666 2011 727 2067 ἐκ
782 2010 1042 2073 πίστεως,
1098 2036 1125 2064 η
1190 2009 1360 2067 Οὗτοι
1417 2007 1507 2064 διὰ
1543 2013 1707 2065 τοῦτο
1769 2006 2007 2083 μάλιστα

1688 1923 2003 1995 τοιγαροῦν.

349 2102 571 2181 εἲχοντο
599 2106 693 2156 τοῦ
723 2101 923 2174 νόμου,
956 2103 1018 2157 τὸ
1058 2101 1292 2177 ἀρχαῖον
1351 2099 1517 2155 αὐτοῦ
1568 2097 2005 2173 δυσωπούμενοι.

344 2190 499 2246 eihi
534 2189 630 2245 οὖν
683 2188 851 2260 δεῖξαι
898 2190 980 2245 ὅτι
1011 2192 1045 2260 ἡ
1081 2190 1264 2254 πίστις
1313 2189 1644 2268 ἀρχαιοτέρα
1687 2193 1784 2243 τοῦ
1830 2189 2005 2261 νόμου

346 2278 665 2350 καθέστηκε,
698 2279 788 2334 καὶ
818 2278 986 2354 ταύτῃ
1043 2277 1281 2352 μάλιστα
1326 2280 1525 2343 ἄνωθεν
1572 2282 1652 2350 τῷ
1702 2282 1819 2349 Θεῷ
1872 2276 2004 2354 ἀρέ-

350 2370 593 2425 σκεσθαι.
628 2393 655 2423 ‹‹
692 2366 1226 2444 Προευηγγελίσατο.
1262 2392 1291 2420 ››
1334 2368 1423 2432 Ὦς
1482 2367 1615 2441 μέγα
1665 2388 1719 2421 τι
1775 2364 2007 2442 λέγουσα

346 2459 571 2536 ἀγαθὸν,
601 2459 666 2513 τὸ
696 2457 756 2513 ἐκ
785 2460 1019 2520 πίστεως
1044 2460 1305 2527 σωθῆναι.
1338 2462 1512 2513 Τοῦτο
1551 2458 1654 2531 γὰρ
1705 2453 1872 2527 δηλοῖ
1919 2456 2003 2525 τὸ,

343 2545 888 2626 Προευηγγελίσατο.
986 2571 1013 2598 u
1115 2546 1672 2622 Ἐνευλογηθήσονται
1766 2544 1818 2599 ἐν
1920 2546 2003 2600 σσί

351 2638 531 2694 πάντα
559 2637 626 2692 τὰ
656 2629 803 2708 ἔθνη.
841 2661 865 2687 »ι
913 2636 1010 2704 Τὸ,
1073 2658 1104 2691 ι(
1163 2637 1252 2693 Ἐν
1312 2636 1419 2706 σοὶ,
1476 2659 1504 2688 ›)
1565 2634 1864 2705 τουτέστιν,
1918 2635 2005 2689 Ἐν

350 2728 433 2799 τῷ
465 2725 735 2802 σπέρματί
763 2746 884 2796 σου,
925 2725 982 2787 δίς
1040 2725 1150 2781 ἐστι
1207 2725 1463 2799 Χριστός.
1520 2729 1640 2788 Πῶς
1686 2720 1745 2779 δὲ
1793 2723 2004 2779 ὲνευλοο

350 2822 613 2895 γοῦνται;
674 2818 772 2873 Διά
826 2823 925 2886 τῆς
987 2816 1217 2878 πίστεως
1276 2812 1517 2887 δηλαδὴ,
1574 2815 1641 2884 ἧς
1700 2814 2007 2893 ἀρχηγὸςὸ

350 2902 625 2982 Ἁϐραάμ.
685 2905 911 2962 Δύναται
960 2902 1016 2960 δὲ
1063 2907 1148 2973 τὸ,
1197 2905 1248 2960 ἐν
1300 2905 1413 2975 σοὶ,
1473 2905 1565 2959 καὶ
1622 2900 1711 2958 διά
1764 2905 1864 2973 τὴν
1920 2904 2007 2957 ἀπ’

351 2996 521 3052 αὐτοῦ
578 2996 757 3051 πίστιν
810 2998 1069 3051 νοεῖσθαι.
1128 2995 1225 3065 Τὸ,
1286 2992 1338 3048 ἐν
1396 2994 1511 3064 σοὶ,
1568 2995 1702 3048 κατὰ
1775 2991 2010 3065 μίμησίν

350 3092 449 3142 σου
479 3086 567 3141 καὶ
601 3085 929 3159 ὁμοιότητα,
985 3084 1269 3159 ἒρμηνεύει
1327 3084 1356 3138 ὁ
1401 3082 1455 3138 ἐν
1499 3082 1674 3157 ἁγίοις
1727 3079 2006 3156 Κύριλλος

355 3176 408 3231 ὲν
472 3171 674 3253 βιϐλίῳ
731 3173 965 3250 δευτέρῳ
1022 3182 1122 3244 τῆς
1178 3173 1231 3228 ἐν
1304 3172 1574 3247 πνεύματι
1630 3172 1717 3227 καὶ
1777 3169 2007 3241 ἀληθείᾳ

355 3265 752 3342 πραγματείας,
784 3266 911 3340 περὶ
959 3265 1056 3327 τὰς
1110 3262 1286 3338 ἀρχάς
1341 3260 1438 3316 τοῦ
1493 3256 1737 3337 βιϐλίου.
1776 3285 1797 3311 ι
1848 3262 2011 3315 Ὥστε

360 3358 413 3412 οἱ
472 3355 531 3411 ἐκ
587 3356 822 3418 πίστεως
880 3354 1260 3429 εὐλογοῦνται.
1296 3378 1323 3405 ιι
1382 3353 1449 3411 Οἱ
1504 3350 1563 3407 ἐκ
1617 3359 1718 3421 τῆς
1778 3351 2009 3411 πίστεως

354 3448 632 3520 ἡνωμένοι
662 3450 743 3518 τῷ
774 3440 1025 3520 Ἀϐραὰμ
1053 3443 1142 3499 καὶ
1173 3442 1248 3505 εἷς
1298 3443 1516 3518 σπέρμα
1566 3442 1735 3497 αὐτοῦ
1787 3437 2012 3494 τελοῦν-

349 3557 464 3607 τες,
497 3535 605 3611 οὐχ
628 3536 679 3591 οἱ
712 3535 771 3591 ἐκ
804 3534 1021 3610 σαρκός.

987 3834 1255 3888 ΚΕΦΑΛ.
1301 3830 1359 3898 ζ’.

712 3942 770 3984 ος
825 3920 896 3996 Δοὗ
957 3918 1363 3996 δλικαιοῖ,νμάκλ.⁹
1423 3917 1671 3996 ἐλέγχει,
1730 3917 1822 3972 καὶ
1878 3937 2008 3972 κατ-

697 4014 789 4067 ραν
821 3990 1155 4064 ἐπιτίθησιν,
1187 3993 1255 4063 ἤν
1289 3990 1406 4046 λύει
1438 3990 1695 4066 Χριστός.

364 4095 372 4101 ⁷
428 4086 589 4142 ’Ὀσοι
646 4083 749 4160 γὰρ
811 4081 860 4156 ἐξ
909 4081 1077 4157 ἔργων
1133 4082 1305 4154 νὸμου
1364 4080 1514 4148 εἰσὶν,
1606 4079 1710 4134 ὑπὸ
1776 4078 2009 4153 κατάραν

356 4174 481 4230 εἰσί.
538 4172 845 4250 Τέγραπται
927 4172 1050 4248 γὰρ,
1132 4172 1560 4244 Ἐπικατάρατος
1638 4172 1744 4232 πᾶς
1797 4169 1856 4229 ’ὀς
1912 4167 2013 4222 οὐκ

357 4262 585 4336 ἐμμένει
617 4262 669 4318 ἐν
739 4265 867 4316 πᾶσι
924 4266 1040 4322 τοῖς
1096 4260 1499 4335 γεγραμμένοις
1557 4257 1608 4313 ἐν
1669 4262 1749 4330 τῷ
1803 4251 2010 4332 βιϐλίῳ

349 4355 450 4409 τοῦ
494 4352 667 4421 νᾶμου
734 4354 831 4406 τοῦ
898 4353 1125 4415 ποιῆσαι
1195 4348 1350 4405 αὐτά.
1420 4349 1543 4405 ’Ὁτι
1613 4344 1670 4401 δὲ
1736 4345 1788 4401 ἐν
1854 4344 2010 4419 νόμῳ

353 4438 536 4504 οὐδεὶς
568 4439 870 4497 δικαιοῦται
915 4438 1060 4513 παρὰ
1115 4442 1196 4509 τῷ
1243 4440 1378 4508 Θεῷ,
1441 4434 1634 4505 δῆλον,
1696 4435 1779 4489 ὅτι
1838 4436 1866 4488 ὁ
1916 4431 2008 4488 δί-

355 4552 511 4595 καιος
615 4531 675 4586 ἐκ
750 4530 1000 4599 πίστεως,
1082 4529 1319 4598 ζήσεται.
1395 4525 1457 4583 Ὀ
1533 4523 1590 4579 δὲ
1662 4525 1834 4596 νόμος
1912 4522 2010 4578 οὐκ

343 3926 470 3982 *Ὁτι
519 3924 547 3978 ὁ
603 3946 630 3977 ν

2112 589 2218 646 per
2248 573 2393 647 legis
2423 591 2622 646 opera,
2657 576 2780 630 haec
2810 576 2965 641 facit,
3001 577 3243 649 inquit?
3268 580 3345 634 Ex
3370 595 3440 634 eo
3490 579 3647 650 quod
3680 579 3762 634 si—

2111 678 2228 735 gna
2257 663 2541 730 edebatis,
2574 664 2926 720 debuissetis
2971 666 3108 722 fidei
3168 668 3494 738 potentiam
3551 685 3761 743 cogno-

2113 769 2299 808 scere.
2332 756 2551 810 Tamen
2583 755 2672 809 vel
2704 756 2778 810 ad
2809 757 3244 827 progenitorem
3279 757 3576 814 Abraham
3636 775 3763 813 res-

2112 842 2313 915 picite,
2347 844 2633 915 quoniam
2664 850 2723 899 et
2750 844 2874 916 ipse
2910 862 2978 900 ex
3013 845 3127 901 fide
3151 846 3514 917 justiﬁcatus
3545 854 3653 903 est.

2775 954 3000 1007 CAPUT
3046 952 3111 1007 V.

2187 1038 2343 1103 Quod
2372 1039 2657 1095 Abraham
2687 1057 2756 1095 ex
2782 1040 2889 1167 ﬁc‘le
2910 1044 3254 1110 justiﬁcatus
3285 1045 3357 1097 sit
3404 1046 3463 1097 in
3520 1046 3694 1099 nostri

2858 1129 3045 1167 unum.

2857 1129 3045 1183 ypum.

2191 1200 2287 1266 III,
2322 1203 2432 1256 7-9.
2468 1225 2495 1251 ‹‹
2530 1200 2699 1256 Scitis
2731 1202 2912 1274 igitur
2937 1202 3097 1272 quod
3128 1203 3229 1274 qui
3261 1220 3330 1258 ex
3364 1203 3477 1259 ﬁde
3516 1208 3675 1271 sunt,
3705 1204 3764 1259 lii

2120 1312 2140 1339 α
2178 1289 2299 1344 sint
2330 1288 2436 1345 filii
2487 1288 2756 1345 Abrahze.
2819 1291 3155 1346 Prmvidens
3203 1298 3404 1348 autem
3465 1293 3766 1365 Scriptura

2116 1402 2143 1429 ‹‹
2178 1378 2333 1451 quod
2367 1395 2435 1434 ex
2496 1379 2611 1433 ﬁde
2663 1379 2953 1450 justiﬁcet
3007 1387 3212 1453 gentes
3271 1382 3444 1446 Deus,
3507 1383 3766 1454 primum

2116 1491 2145 1519 α
2176 1469 2553 1523 annuntiavit
2580 1469 2852 1532 Abrahae,
2888 1469 3768 1543 Benedicentur,inquiensper

2121 1581 2141 1606 ι
2178 1563 2233 1612 te
2273 1573 2484 1613 omnes
2513 1564 2736 1630 gentes.
2771 1560 2974 1629 Itaque
3007 1561 3108 1631 qui
3139 1576 3209 1615 ex
3240 1561 3352 1616 ﬁde
3384 1567 3541 1627 sunt,
3582 1561 3764 1616 bene-

2116 1669 2145 1697 «
2180 1647 2463 1703 dicuntur
2493 1664 2627 1702 cum
2658 1648 2820 1703 ﬁdeli
2854 1648 3171 1704 Abraham.
3211 1672 3238 1699 ››

2188 1737 2679 1809 Quandoquidem
2714 1739 3062 1794 metuebant
3090 1740 3281 1811 legem
3315 1740 3764 1811 relinquere,ne

2118 1827 2416 1898 quomodo
2448 1844 2483 1882 a
2511 1828 2843 1901 cognitione
2876 1829 3125 1884 Abrahae
3157 1830 3518 1897 exciderent,
3552 1830 3613 1885 in
3632 1846 3769 1884 con-

2117 1921 2367 1975 trarium
2399 1927 2727 1977 commutat
2756 1938 3114 1978 sermonem.
3144 1927 3307 1996 "Apoc,
3342 1923 3402 1977 id
3435 1930 3542 1991 est,
3566 1923 3765 1995 igitur,

2117 2010 2337 2081 itaque.
2364 2010 2576 2075 «Quod
2598 2011 2699 2082 qui
2722 2028 2792 2066 ex
2813 2012 2999 2066 fide.»
3042 2012 3107 2065 Hi
3159 2018 3400 2083 propter
3418 2012 3477 2067 id
3508 2011 3767 2067 maxime

2116 2097 2229 2171 legi
2262 2100 2667 2167 adhaerebant,
2692 2101 2849 2172 quod
2874 2104 3000 2172 ejus
3019 2103 3434 2173 antiquitatem
3471 2120 3538 2158 ac
3575 2110 3763 2158 vetus.

2120 2194 2303 2243 tatem
2325 2189 2387 2243 in
2410 2191 2737 2245 reverentia
2760 2191 3063 2246 haberent.
3079 2192 3212 2246 Vult
3232 2192 3430 2263 itaque
3453 2192 3764 2247 ostendere

2119 2276 2296 2333 ﬁdem
2319 2278 2499 2334 fuisse
2532 2280 2658 2352 lege
2690 2280 3110 2351 antiquiorem,
3136 2287 3194 2336 et
3218 2288 3353 2336 ante
3376 2282 3565 2353 ipsam
3588 2298 3763 2337 cons-

2117 2368 2328 2436 titisse,
2360 2368 2641 2440 quodque
2670 2371 2949 2441 primitus
2974 2387 3081 2441 per
3126 2370 3281 2425 hanc
3334 2371 3594 2426 maxime
3646 2372 3763 2425 Deo

2116 2458 2466 2529 placuerint.
2502 2459 2652 2514 788
2676 2483 2701 2508 ‹‹
2731 2460 2996 2515 Primum
3020 2462 3397 2516 annuntiavit
3426 2461 3699 2517 Abrahae.
3732 2482 3759 2510 η

2118 2547 2243 2601 Sive
2274 2563 2400 2603 rem
2435 2547 2630 2603 laetam
2664 2550 2977 2615 nuntiavit,
3008 2556 3292 2621 tanquam
3325 2566 3609 2619 magnum
3657 2550 3764 2604 ali-

2119 2637 2278 2708 quod
2300 2637 2504 2693 dicens
2522 2638 2764 2706 bonum,
2788 2655 3005 2711 nempe
3031 2640 3191 2710 quod
3222 2638 3337 2695 fide
3360 2640 3553 2694 salvus
3577 2640 3764 2694 fieret.

2116 2730 2262 2785 Nam
2287 2730 2397 2786 hoc
2450 2731 2742 2804 Signiﬁcat
2795 2732 2974 2788 dictio
3026 2730 3554 2808 προευηγγελίσατο.
3608 2756 3634 2783 ‹‹
3672 2733 3769 2787 Be-

2119 2824 2475 2879 nedicentur
2495 2841 2602 2896 per
2629 2832 2681 2881 te
2700 2842 2910 2881 omnes
2932 2832 3153 2897 gentes.
3184 2851 3209 2876 »
3235 2827 3402 2892 Quod
3452 2827 3535 2881 ait
3581 2828 3688 2880 Per
3717 2832 3770 2880 te

2120 2914 2238 2968 sive
2261 2916 2318 2968 in
2351 2920 2421 2979 te,
2450 2915 2560 2969 hoc
2583 2921 2689 2977 est,
2717 2932 2820 2986 per
2841 2933 2867 2969 s
2888 2932 3045 2970 tmen
3066 2923 3255 2983 tuum,
3309 2916 3409 2987 qui
3460 2921 3545 2970 est
3576 2915 3770 2969 Chris-

2118 3008 2232 3058 tus.
2261 3004 2566 3067 Quomodo
2588 3009 2786 3058 autem
2810 3004 3241 3060 benedicentur
3259 3004 3286 3059 ‘I
3313 3010 3423 3059 Per
3471 3003 3651 3058 fidem
3681 3003 3769 3056 vi-

2119 3091 2356 3159 delicet,
2390 3093 2559 3163 cujus
2590 3094 3018 3165 antesignanus
3048 3094 3160 3148 fuit
3190 3093 3511 3148 Abraham.
3570 3094 3772 3147 Potest

2123 3197 2356 3252 quoque
2375 3177 2425 3232 ἐν
2455 3181 2538 3233 σοι
2563 3182 2848 3253 intelligi:
2876 3185 3122 3253 Propter
3140 3182 3317 3238 ﬁdem
3342 3199 3472 3254 qua:
3495 3188 3583 3237 est
3605 3182 3665 3236 in
3690 3188 3767 3236 te.

2125 3271 2296 3325 Divus
2324 3271 2576 3342 Cyrillus
2607 3271 2867 3327 secundo
2919 3272 3069 3326 libro
3126 3273 3646 3331 commentationis
3696 3270 3768 3326 de

2116 3360 2300 3426 cultu,
2324 3360 2425 3431 qui
2450 3367 2537 3415 est
2559 3361 2618 3415 in
2643 3362 2858 3433 spiritu
2880 3368 2939 3416 et
2959 3363 3201 3418 veritate
3227 3364 3383 3418 circa
3427 3363 3599 3417 initia
3629 3361 3767 3416 libri

2115 3451 2544 3522 interpretatur
2563 3447 2617 3503 ἐν
2650 3449 2752 3521 σοί,
2783 3452 2842 3505 id
2866 3459 2973 3518 est,
3029 3452 3103 3508 ad
3155 3452 3237 3506 tui
3288 3452 3767 3507 imitatiationem

2115 3556 2184 3595 ac
2214 3540 2693 3596 similitudinem.
2720 3541 2973 3613 «Itaque
2998 3543 3098 3612 qui
3123 3558 3194 3596 ex
3234 3542 3349 3597 tide
3398 3548 3556 3610 sunt,
3592 3541 3768 3596 bene-

2116 3627 2416 3682 dicuntur.
2452 3649 2480 3676 »
2513 3628 2620 3693 Qui
2650 3644 2719 3683 ex
2747 3628 2860 3683 ﬁde
2894 3630 3044 3684 uniti
3084 3635 3226 3685 sunt
3280 3629 3548 3694 Abrahae,
3599 3633 3658 3683 et
3706 3629 3768 3682 in

2119 3732 2325 3772 semen
2356 3718 2485 3789 ejus
2511 3717 2891 3790 adoptantur,
2923 3735 3043 3773 non
3076 3718 3177 3789 qui
3213 3734 3282 3774 ex
3315 3735 3514 3773 carne.

2747 3826 2979 3880 CAPUT
3020 3825 3115 3880 Vl.

2116 3914 2272 3977 Quod
2303 3913 2392 3968 (ex
2429 3929 2539 3968 non
2560 3914 2853 3984 justiﬁcet,
2897 3914 2993 3968 sed
3032 3922 3271 3984 arguat;
3322 3922 3373 3969 et
3414 3912 3763 3968 maledictio-

2424 4002 2547 4039 nem
2578 3985 2770 4053 addat,
2804 4003 2969 4056 quam
2999 3987 3159 4041 solvit
3187 3987 3453 4041 Christus.

2191 4078 2281 4147 III,
2321 4081 2502 4134 tO-l2.
2543 4103 2562 4127 α
2620 4080 2763 4133 Nam
2822 4085 3115 4150 quotquot
3170 4096 3239 4134 ex
3291 4078 3571 4151 operibus
3621 4078 3766 4151 legis

2118 4189 2145 4216 ‹‹
2182 4173 2341 4233 sunt,
2369 4168 2759 4223 exsecrationi
2818 4175 2958 4223 sunt
3012 4167 3271 4224 obnoxii.
3335 4169 3630 4240 Scriptum
3687 4172 3776 4222 est

2116 4279 2144 4307 ‹‹
2180 4257 2341 4312 enim
2375 4275 2388 4311 :
2424 4258 2815 4313 Exsecrabilis
2862 4259 3057 4313 omnis
3103 4259 3203 4329 qui
3237 4275 3355 4313 non
3388 4258 3676 4314 manserit
3714 4257 3775 4311 in

2116 4369 2144 4397 «
2174 4347 2453 4403 omnibus
2484 4366 2616 4419 quas
2647 4348 2868 4419 scripta
2896 4355 3037 4404 sunt
3068 4348 3129 4403 in
3152 4348 3305 4403 libro
3338 4348 3575 4421 legis,ut
3594 4347 3773 4403 faciat

2123 4455 2145 4484 ι
2179 4454 2267 4492 ea.
2302 4437 2469 4502 Quod
2500 4443 2694 4493 autem
2730 4439 2792 4492 in
2824 4439 2950 4510 lege
2984 4439 3186 4494 nullus
3208 4438 3573 4510 justiﬁcetur
3610 4436 3774 4510 apud

2116 4548 2143 4574 α
2180 4525 2388 4590 Deum,
2422 4526 2615 4597 palam
2648 4533 2771 4583 est:
2801 4527 3099 4599 siquidem
3127 4528 3330 4601 justus
3351 4545 3421 4584 ex
3453 4527 3566 4582 tide
3588 4528 3774 4595 vivet;

357 4616 505 4676 ἔστιν
572 4619 633 4677 ἐκ
696 4620 952 4681 πίστεως·
1014 4615 1143 4674 ἀλλ’
1201 4618 1228 4671 ὁ
1285 4616 1519 4685 ποιήσας
1584 4612 1717 4668 αὐτὰ
1800 4611 2007 4687 ἄνθρω-

2127 4635 2152 4667 ι
2175 4614 2268 4669 lex
2295 4620 2495 4670 autem
2528 4631 2648 4670 non
2676 4621 2766 4671 est
2797 4633 2865 4669 ex
2898 4617 3036 4684 fide,
3095 4617 3200 4671 sed
3257 4619 3356 4688 qui
3412 4616 3620 4671 fecerit
3679 4631 3771 4685 ea,

353 4732 461 4773 πος
493 4713 710 4783 ζήσεται
743 4711 794 4766 ἐν
827 4709 1034 4771 αὐτοῖς.

428 4801 591 4858 ’Όσοι
622 4800 746 4866 εἶσὶ,
780 4798 964 4874 φησὶν,
999 4797 1261 4876 ἐχόμενοι
1292 4798 1399 4851 τῶν
1447 4793 1622 4872 ἔργων
1669 4796 1768 4849 τοῦ
1815 4791 2012 4865 νόμου,

355 4887 745 4965 ἔπικατάρατοί
832 4888 987 4945 εἰσιν.
1093 4882 1314 4955 Ἐπειδή
1373 4885 1475 4960 γὰρ
1542 4883 1780 4947 ἐκείνους
1834 4880 2013 4936 ἐπτόει

354 4978 509 5035 ἐᾶσαι
556 4980 650 5035 τὸν
709 4977 901 5050 νόμον,
964 4979 1040 5050 μή
1110 4997 1228 5038 πως
1290 4974 1395 5029 ὑπὸ
1453 4972 1690 5048 κατάραν
1749 4970 2012 5047 γένωνται

362 5066 452 5123 διὰ
505 5070 569 5124 τὸ
629 5069 948 5145 γεγράφθαι,
1008 5065 1434 5139 Ἐπικατάρατος
1495 5063 1523 5117 ὁ
1584 5062 1660 5136 μὴ
1739 5061 2011 5135 ἐμμένων,

358 5158 514 5239 φησὶ,
546 5163 627 5231 τῷ
680 5157 853 5231 νόμῳ,
909 5155 1074 5219 αὐτὸς
1122 5153 1437 5228 ἀγωνίζεται
1489 5149 1719 5221 δεῖζεται
1768 5151 1853 5206 ὃτι
1909 5148 2013 5205 ὑπὸ

357 5250 591 5320 κατάραν
626 5247 758 5302 εἰσὶν
812 5247 864 5301 οἱ
922 5244 1251 5319 ἐμμένοντες
1306 5248 1386 5315 τῷ
1441 5242 1613 5314 νόμῳ.
1674 5245 1838 5309 Πῶς;
1895 5241 2014 5295 Ὀτι

361 5334 568 5409 οὐδεὶς,
601 5337 760 5417 φησὶ,
792 5335 1005 5411 πληροῖ
1057 5335 1146 5390 τὸν
1207 5334 1398 5406 νόμον,
1460 5328 1546 5387 διὸ
1605 5330 2010 5406 επικατάρατοι.

356 5429 448 5489 Ὠς
479 5426 532 5483 οἵ
561 5450 625 5504 γε
679 5426 1011 5489 ἀποστάντι-,ς
1066 5428 1164 5481 τοῖ’,
1224 5424 1418 5497 νόμου,
1477 5421 1568 5478 καὶ
1621 5424 1721 5487 τῆς
1778 5422 2013 5494 κατάρας

360 5515 838 5594 ἠλευθερώθησαν.
871 5540 897 5567 ‹‹
924 5522 1034 5578 ua;
1066 5514 1123 5577 ὅς
1153 5514 1254 5570 οὐκ
1283 5510 1523 5588 εμμὲνει.
1556 5536 1585 5564 ››
1614 5511 1711 5565 Διὰ
1729 5515 1891 5566 τοῦτο
1920 5508 2012 5566 οὗν

353 5606 741 5683 ἆπικατάρατοι
799 5607 851 5661 οἱ
902 5605 1164 5681 ἐχόμενοι
1218 5607 1317 5659 τοῦ
1387 5604 1587 5677 νόμου,
1674 5601 1761 5655 διὰ
1814 5602 1876 5656 τὸ
1937 5601 2014 5674 μὴ

426 5725 449 5761 ⁹
477 5725 647 5782 Deut.
681 5740 855 5793 xxv",
888 5725 977 5780 26.

2125 4725 2151 4752 ‹‹
2190 4702 2366 4757 homo
2397 4702 2549 4757 vivet
2577 4704 2636 4757 in
2667 4703 2831 4774 ipsis.
2862 4727 2892 4753 ››

2195 4792 2513 4862 Quotquot,
2545 4791 2763 4862 inquit,
2798 4792 3026 4849 haerent
3053 4794 3198 4865 legis
3253 4794 3552 4864 operibus,
3610 4810 3775 4849 exse-

2125 4880 2378 4937 crabiles
2401 4888 2557 4935 sunt.
2586 4881 3077 4953 Quandoquidem
3102 4883 3260 4938 enim
3286 4883 3345 4937 id
3368 4900 3437 4938 eo
3487 4882 3767 4948 terrebat,

2124 4988 2198 5027 ne
2225 4971 2413 5043 legem
2447 4970 2877 5043 relinquerent,
2938 4990 3014 5030 ne
3071 4975 3370 5046 quomodo
3431 4974 3540 5030 sub
3588 4975 3774 5030 male-

2125 5061 2449 5117 dictionem
2478 5062 2769 5127 venirent,
2803 5070 3044 5135 propter
3074 5064 3132 5119 id
3166 5063 3322 5135 quod
3354 5066 3640 5136 scriptum
3662 5070 3772 5132 est,

2134 5176 2158 5205 ι
2190 5151 2581 5207 Exsecrabilis
2633 5159 2722 5207 est
2768 5155 2965 5209 omnis
3017 5154 3119 5225 qui
3176 5171 3297 5209 non
3366 5156 3654 5210 manserit
3709 5155 3773 5210 in

2125 5243 2251 5313 lege
2273 5243 2295 5277 θ
2318 5258 2332 5308 ;
2366 5265 2385 5289 ι
2410 5240 2535 5313 ipse
2554 5248 2762 5298 contra
2793 5244 3004 5298 nititur
3020 5244 3332 5299 ostendere
3382 5245 3774 5301 exsecrationi

2125 5331 2413 5387 obnoxios
2462 5347 2612 5393 esse.
2646 5338 2939 5403 quotquot
2981 5334 3312 5389 manserint
3343 5335 3404 5389 in
3435 5335 3583 5408 lege.
3617 5336 3773 5399 Quo-

2125 5438 2263 5477 nam
2288 5420 2464 5476 modo
2486 5419 2514 5475 ‘I
2536 5420 2682 5485 Quia
2712 5422 2931 5486 nullus,
2960 5422 3174 5495 inquit,
3217 5424 3478 5495 complet
3534 5425 3724 5496 legem
3760 5441 3772 5477 :

2125 5510 2465 5583 suntigitur
2486 5511 2975 5580 exsecrabiles,ut
2997 5514 3098 5584 qui
3131 5530 3164 5568 a
3195 5513 3323 5581 lege
3353 5514 3777 5580 discesserunt,

2126 5606 2185 5657 et
2242 5601 2646 5656 exsecratione
2707 5600 2946 5657 liberati
2997 5607 3155 5656 sunt.
3217 5623 3237 5650 ι
3298 5602 3405 5666 Qui
3456 5617 3575 5658 non
3608 5616 3774 5659 man-
