4098 6392
354 325 508 387 1123

1432 320 1680 387 meum
1693 324 1847 385 ENll
1892 322 2201 386 TBICCAE
2244 325 2600 391 EPISCOPI

3608 333 3767 394 1124

356 464 522 520 serit.
559 485 586 514 »
608 464 928 533 Propterea
960 475 1098 532 ergo
1131 459 1528 517 exsecrabiles
1554 466 1692 518 sunt
1722 461 1825 534 qui
1882 460 1984 534 legi

2107 458 2317 536 ἰσχύειν
2349 468 2647 539 πληρῶσαι
2684 464 2779 521 τὸν
2812 462 3010 539 νόμον.
3077 488 3106 518 ιι
3157 470 3473 523 Δικαιοῦται
3510 468 3657 544 παρὰ
3683 472 3765 542 τῷ

352 556 677 619 adhaerent,
735 550 891 622 quod
950 567 1070 605 non
1122 552 1350 623 possint
1408 552 1707 624 complere
1782 553 1995 626 legem.

355 668 381 696 ‹‹
413 644 774 700 Justiﬁcetur
803 642 960 714 apud
995 642 1201 696 Deum.
1237 663 1266 690 ››
1298 641 1583 697 Fortassis
1625 643 1785 697 enim
1841 641 1998 714 apud

350 734 624 789 homines
647 732 848 804 justus
875 730 1088 801 aliquis
1109 730 1423 787 videbitur.
1458 753 1487 781 «
1548 731 1852 803 Siquidem
1894 731 1999 802 jus

350 829 445 879 tus
477 838 546 878 ex
577 821 693 877 ﬁde
724 821 892 876 vivet.
929 843 955 869 »
989 820 1138 875 739
1173 822 1317 875 Nam
1373 820 1552 876 unica
1610 826 1719 888 est,
1780 821 1994 891 inquit,

351 913 488 969 ﬁdei
521 912 612 967 via
648 928 779 983 quae
802 909 1111 982 justiﬁcat.
1147 930 1175 959 ››
1212 909 1323 963 Lex
1355 914 1552 964 autem
1602 926 1723 965 non
1783 915 1873 964 est
1928 924 1998 964 ex

351 1002 489 1068 fide,
521 1026 543 1049 ιι
580 1000 685 1055 sed
712 1017 781 1056 ex
840 999 1158 1071 operibus:
1220 998 1378 1070 quod
1437 999 1574 1054 inde
1616 998 1997 1054 manifestum

351 1098 456 1147 est.
493 1114 521 1135 υ
552 1092 698 1146 Nam
730 1090 830 1160 qui
862 1089 1068 1144 fecerit
1099 1104 1187 1153 ea,
1222 1088 1400 1143 homo
1447 1089 1600 1143 vivet
1648 1089 1708 1143 in
1768 1088 1931 1160 ipsis.
1966 1110 1996 1138 υ

346 1182 552 1252 Itaque
584 1197 691 1252 per
720 1196 900 1251 opera
924 1178 1153 1234 videtur
1183 1195 1311 1235 esse
1338 1178 1399 1232 in
1432 1178 1559 1251 lege
1591 1179 1772 1243 salus,
1798 1184 1855 1233 et
1875 1194 1996 1234 non

350 1287 459 1342 per
487 1268 685 1325 ﬁdem.

419 1359 518 1427 Ill,
556 1360 639 1425 13,
675 1361 759 1413 14.
792 1377 819 1408 α
848 1356 1115 1413 Christus
1144 1373 1252 1412 nos
1282 1358 1537 1414 redemit
1556 1358 1629 1413 ab
1651 1359 1996 1414 exsecratio-

351 1473 379 1499 «
411 1465 485 1504 ne
534 1449 699 1522 legis,
742 1447 884 1504 dum
933 1464 1037 1519 pro
1099 1447 1272 1503 nobis
1302 1448 1493 1504 factus
1522 1453 1613 1503 est
1642 1448 1992 1505 exsecratio.

348 1560 375 1589 ‹‹
404 1538 700 1611 Scriptum
733 1544 819 1593 est
851 1538 1009 1594 enim
1042 1555 1053 1592 :
1088 1537 1478 1593 Exsecrabilis
1510 1538 1707 1594 omnis
1739 1538 1839 1609 qui
1858 1554 1996 1610 pen-

347 1650 375 1677 ‹‹
407 1628 506 1683 det
537 1629 597 1683 in
628 1628 813 1701 ligno,
844 1632 910 1682 ut
940 1626 1001 1681 in
1029 1632 1235 1699 gentes
1265 1626 1599 1682 benedictio
1630 1626 1879 1682 Abrahm
1902 1643 2000 1682 ve-

348 1741 375 1769 «
410 1720 568 1773 niret
612 1735 719 1791 per
776 1717 1072 1772 Christum
1133 1717 1355 1782 Jesum,
1410 1721 1475 1772 ut
1540 1716 1996 1788 promissionem

351 1831 378 1857 υ
410 1808 663 1879 Spiritus
694 1808 1100 1878 acciperemus
1129 1823 1235 1877 per
1267 1805 1464 1863 fidem.
1506 1828 1535 1856 ››

417 1897 613 1953 Tacite
627 1903 1039 1952 occurrentem
1060 1894 1229 1951 solvit
1246 1894 1994 1966 objectionen1.Abraham,

349 1978 506 2033 dicet
536 1978 775 2049 aliquis,
826 1982 1143 2049 propterea
1200 1992 1270 2030 ex
1316 1976 1431 2031 ﬁde
1475 1976 1839 2049 justiﬁcatus
1883 1983 1992 2046 est,

347 2069 525 2141 quod,
558 2085 693 2124 cum
715 2073 852 2123 ante
868 2067 1059 2139 legem
1081 2071 1254 2133 esset,
1285 2083 1403 2121 non
1428 2071 1555 2121 erat
1600 2066 1709 2121 sub
1739 2067 1884 2139 jugo
1915 2066 1995 2122 le-

344 2157 788 2232 giszcredimus
811 2158 1008 2227 itaque
1047 2155 1225 2211 ﬁdem
1273 2153 1626 2227 justiﬁcare,
1650 2162 1710 2211 at
1740 2172 1839 2211 eos
1868 2162 1991 2213 tan-

342 2264 466 2313 tum
491 2257 590 2328 qui
615 2271 734 2312 non
758 2256 996 2311 fuerunt
1020 2258 1283 2325 tempore
1302 2253 1468 2326 legis.
1485 2253 1989 2325 quemadmodum

340 2344 1261 2416 etAbraham;nosveroquijam
1278 2344 1387 2400 sub
1428 2344 1620 2416 legem
1661 2343 1905 2413 fuimus,
1939 2345 1989 2401 si

340 2438 525 2509 ipsam
554 2437 925 2503 solverimus,
955 2434 1199 2505 solaque
1223 2433 1338 2488 ﬁde
1360 2434 1623 2489 contenti
1674 2434 1987 2502 fuerimus,

341 2528 474 2598 quis
506 2526 761 2583 redimet
790 2524 862 2581 ab
891 2523 1297 2579 exsecratione
1330 2522 1476 2595 legis
1502 2540 1635 2578 cum
1695 2524 1987 2596 scriptum

339 2616 458 2671 sit:
495 2640 521 2667 ‹‹
555 2614 962 2671 Exsecrabiles
994 2618 1151 2680 sunt,
1205 2613 1306 2684 qui
1365 2629 1485 2667 non
1546 2613 1880 2669 manserint
1924 2614 1986 2668 in

339 2705 508 2777 lege?
528 2728 555 2756 ‹‹
586 2707 704 2761 Hoc
726 2705 903 2777 igitur
924 2704 1115 2771 solvit,
1139 2702 1462 2757 ostendens
1512 2701 1671 2773 quod
1720 2703 1987 2758 Christus

337 2799 428 2855 sui
451 2799 991 2866 exsecratione,nos
1017 2814 1051 2851 a
1093 2795 1241 2868 legis
1284 2795 1690 2850 exsecratione
1721 2795 1983 2851 remede-

334 2888 593 2944 rit.Bene
621 2893 817 2943 autem
841 2886 1059 2942 dicitur
1081 2885 1421 2940 redemisse.
1452 2885 1595 2939 Dato
1620 2885 1776 2939 enim
1792 2885 1983 2956 pretio

333 2976 415 3031 sic
448 2983 511 3032 ut
540 2978 665 3049 ipse
700 2977 869 3031 ﬁeret
893 2974 1243 3040 exsecratio,
1302 2972 1555 3028 redemit
1609 2989 1717 3028 nos
1775 2990 1809 3029 a
1840 2973 1983 3046 legis

333 3066 756 3122 exsecratione.
789 3063 1205 3119 Animadverte
1238 3068 1455 3118 autem.
1517 3063 1764 3117 Eramus
1816 3080 1978 3119 exse-

332 3162 578 3218 crationi
601 3159 941 3225 obnoxii,eo
964 3157 1124 3230 quod
1146 3174 1265 3213 non
1290 3157 1724 3228 compleremus
1745 3156 1934 3230 legem
1962 3174 1975 3212 :

2108 554 2244 623 Θεῷ.
2284 576 2310 602 ιι
2342 553 2503 616 Ἴσως
2533 555 2635 630 γάρ
2668 555 2815 629 παρὰ
2844 554 3157 630 ἀνθρώποις
3206 551 3413 619 δίκαιός
3461 577 3543 619 τις
3594 554 3758 629 δόξει.

2108 664 2135 690 ‹‹
2166 641 2291 697 ’Ότι
2317 641 2346 697 ὁ
2370 640 2580 707 δίκαιος
2608 643 2668 699 ἐκ
2697 644 2927 707 πίστεως
2980 646 3219 716 ζήσεται.
3255 670 3284 698 ››
3333 646 3448 703 Μία
3478 649 3580 722 γάρ
3612 647 3755 703 ἐστιν

2108 726 2231 791 ὁδὸς
2263 728 2568 805 ὃικαιοῦσα,
2601 734 2787 814 φησὶν,
2818 737 2854 805 ἡ
2882 733 2973 790 διά
3000 736 3259 799 πίστεως.
3314 760 3343 789 ι(
3374 737 3435 795 Ὁ
3487 735 3546 793 δί
3591 737 3762 811 νόμος

2108 819 2209 874 οὐκ
2237 814 2378 876 ἔστιν
2413 822 2472 878 ἐκ
2506 824 2761 893 πίστεως,
2794 847 2820 879 ι
2881 822 3008 879 ἀλλ’
3069 818 3119 895 ἔξ
3178 823 3376 900 ἔργων.
3437 828 3539 884 Καὶ
3591 824 3763 897 δῆλον

2105 902 2271 980 ἔνθεν,
2303 911 2388 966 ’ὁτι
2425 937 2452 964 (ι
2485 913 2545 970 Ὀ
2603 915 2838 984 ποιήσας
2892 913 3029 969 αύτά
3082 913 3391 988 ἃνθρωπος,
3440 918 3661 987 ζήσεται
3711 915 3767 973 ἐν

2105 997 2313 1063 αὐτοῖς.
2349 1024 2377 1053 ››
2408 1004 2569 1058 Ὥστε
2600 1000 2671 1058 δι’
2710 1000 2885 1081 ἔργων
2943 1003 3087 1059 ἐστὶν
3119 1007 3153 1076 ἡ
3187 1004 3238 1060 ἐν
3288 1005 3447 1080 νόμῳ
3496 1007 3765 1082 σωτηρία,

2103 1089 2190 1143 καὶ
2226 1089 2287 1144 ού
2319 1087 2407 1145 διὰ
2437 1093 2693 1154 πίστεως.

2176 1350 2408 1425 Χριστὸς
2492 1354 2640 1426 ἡμᾶς
2718 1351 3046 1431 ἰξηγὸρασεν
3103 1354 3163 1411 ἑκ
3215 1362 3316 1426 τῆς
3370 1357 3605 1432 κατάρας
3658 1359 3761 1411 τοῦ

2101 1438 2295 1513 νόμου,
2359 1442 2650 1516 γενόμενος
2735 1443 2868 1518 ὑπὲρ
2944 1444 3109 1517 ἡμῶν
3156 1445 3384 1520 κατάρα.
3454 1444 3762 1523 Γέγραπται

2101 1529 2224 1605 γὰρ.
2285 1532 2715 1605 Ἐπικατάρατος
2769 1536 2873 1595 πᾶς
2928 1534 2957 1588 ὁ
3015 1534 3360 1609 κρεμάμενος
3419 1533 3507 1589 ἐπὶ
3566 1533 3758 1605 ξύλου.

2102 1620 2215 1674 Ἵνα
2246 1619 2321 1681 εἰς
2373 1620 2439 1675 τὰ
2496 1615 2621 1692 ἔθνη
2672 1623 2707 1691 ἡ
2769 1621 2998 1699 εὐλογία
3051 1627 3150 1680 τοῦ
3202 1619 3456 1699 Ἀϐραὰμ
3509 1625 3756 1701 γενηται,

2103 1705 2156 1762 ἑν
2187 1712 2412 1783 Χριστῷ
2441 1710 2647 1780 Ἰησοῦ,
2670 1708 2760 1766 ’ἶνα
2790 1712 2890 1781 τήν
2922 1710 3246 1789 επαγγελίαν
3294 1718 3391 1768 τοῦ
3442 1712 3757 1787 Πνεύματος

2107 1792 2368 1871 λάϐωμεν
2402 1795 2493 1854 διὰ
2521 1806 2620 1869 τῆς
2650 1801 2907 1864 πίστεως.

2180 1886 2478 1943 Ἀντίθεσιν
2569 1890 2887 1945 ὑπαντῶσαν
2947 1890 3089 1948 λύει.
3150 1893 3213 1951 Ὀ
3269 1888 3539 1968 Ἀϐραάμ,
3599 1894 3761 1967 φησὶ,

2107 1971 2195 2030 διὰ
2225 1980 2388 2032 τοῦτο
2421 1974 2715 2049 ἐδικαιώθη
2752 1977 2811 2034 ἐκ
2859 1980 3116 2051 πίστεως,
3170 1981 3251 2037 ὅτι
3300 1983 3406 2056 πρὸ
3450 1985 3549 2038 τοῦ
3591 1982 3770 2055 νόμου

2105 2063 2198 2136 ὢν,
2233 2066 2331 2121 οὐκ
2359 2067 2425 2136 ἧν
2457 2067 2560 2123 ὑπὸ
2590 2071 2685 2124 τὸν
2740 2069 2903 2144 ςυγὸν
2933 2071 3030 2126 τοῦ
3068 2071 3258 2146 νόμου.
3308 2074 3433 2128 ’Ὀτι
3492 2072 3588 2146 μὶν
3637 2073 3772 2149 γάρ,

2102 2154 2288 2233 φησὶν,
2322 2158 2358 2226 ἡ
2401 2157 2583 2221 πίστις
2645 2154 2871 2230 δικαιοῖ,
2932 2160 3253 2234 πειθόμεθα,
3311 2158 3456 2216 ἀλλά
3501 2159 3632 2225 τοὺς
3683 2162 3764 2233 μὴ

2099 2243 2424 2319 γενομένους
2458 2247 2561 2302 ὑπὸ
2591 2248 2682 2303 τὸν
2738 2250 2935 2323 νόμον,
2985 2248 3167 2325 ὥσπερ
3203 2250 3293 2307 καὶ
3340 2251 3431 2307 τὸν
3484 2245 3761 2324 Ἀϐραάμ,

2098 2332 2273 2407 Ἦμᾶς
2306 2332 2366 2390 δὲ
2392 2333 2502 2408 ἤδη
2540 2335 2642 2391 ὑπὸ
2687 2340 2779 2394 τὸν
2829 2340 2999 2413 νόμον
3046 2341 3395 2416 γενομένους,
3456 2338 3607 2415 εἴπερ
3656 2341 3761 2396 αύ-

2098 2425 2189 2479 τὸν
2249 2424 2617 2503 ἀπολίπωμεν)
2672 2429 2763 2484 καὶ
2825 2433 2895 2504 τῇ
2954 2430 3128 2486 πίστει
3193 2431 3327 2505 μόνῃ
3381 2431 3756 2504 άρκεσθῶμεν,

2094 2514 2174 2576 τίς
2209 2513 2544 2591 λυτρώσεται
2588 2517 2647 2573 ἐκ
2702 2526 2801 2589 τῆς
2850 2518 3086 2593 κατάρας
3143 2525 3240 2576 τοῦ
3296 2521 3490 2594 νόμου,
3550 2518 3639 2576 διὰ
3693 2522 3759 2577 τὸ

2093 2604 2412 2683 γεγράφθαι,
2472 2606 2657 2684 φησὶν,
2712 2630 2740 2660 ιι
2773 2609 3199 2684 Ἐπικατάρατοι
3254 2610 3305 2664 οἱ
3368 2611 3444 2682 μή
3491 2607 3758 2683 ἐμμένον-

2093 2712 2182 2754 τες
2212 2698 2289 2765 τῷ
2318 2694 2515 2769 νόμῳς
2558 2722 2585 2747 ››
2617 2702 2786 2753 Τοῦτο
2818 2699 2909 2753 οὖν
2941 2697 3177 2769 ἐπιλύει,
3212 2697 3418 2762 δεικνὺς
3466 2700 3558 2755 τὸν
3614 2705 3756 2775 Χρι-

2095 2783 2215 2837 στὸν
2248 2785 2399 2855 ἡμᾶς
2433 2783 2811 2859 λελυτρῶσθαι
2844 2786 2927 2843 ’ἐκ
2982 2796 3084 2859 τῆς
3131 2790 3366 2865 κατάρας
3424 2793 3522 2844 τοῦ
3583 2789 3751 2862 νόμου

2090 2877 2158 2947 τῇ
2185 2870 2295 2945 ἰδίᾳ
2313 2877 2538 2950 κατάρᾳ.
2567 2876 2762 2941 Καλῶς
2786 2875 2843 2933 δὲ
2871 2878 2954 2945 τὸ,
2980 2903 3006 2931 ι(
3038 2879 3412 2954 Ἐξηγόρασεν.
3434 2905 3459 2932 ››
3483 2877 3616 2942 Δοῦς
3644 2878 3747 2954 γὰρ

2089 2963 2278 3035 τιμῆν,
2316 2963 2477 3026 αὐτὸς
2532 2963 2784 3042 γενέσθαι
2834 2969 3064 3042 κατάρα,
3122 2968 3387 3044 ἠγόρασεν
3447 2972 3597 3042 ἡμᾶς
3652 2971 3751 3034 τῆς

2088 3055 2324 3129 κατάρας
2354 3060 2451 3111 τοῦ
2479 3058 2675 3131 νόμου.
2735 3061 2875 3132 Ὀρα
2921 3059 3048 3136 γάρ.
3101 3063 3272 3134 Ἦμεν
3329 3060 3433 3115 ὑπὸ
3488 3060 3753 3144 κατάραν,

2089 3138 2177 3197 διὰ
2206 3144 2267 3199 τὸ
2302 3145 2378 3218 μή
2403 3144 2693 3220 πληρῶσαι
2739 3148 2830 3203 τὸν
2891 3148 3079 3222 νόμον.
3138 3149 3200 3207 Ὁ
3252 3149 3483 3223 Χριστὸς
3542 3148 3645 3205 οὐκ
3681 3138 3749 3218 ἦν

332 3252 598 3308 Christus
628 3252 681 3307 ei
712 3249 1002 3306 obnoxius
1060 3266 1179 3304 non
1239 3254 1385 3317 erat,
1446 3265 1514 3303 eo
1573 3250 1732 3322 quod
1789 3249 1981 3321 ipsam

2099 3232 2200 3288 ὑπὸ
2226 3234 2449 3306 ταύτην*
2484 3237 2971 3312 πεπληρώκειγάρ
3029 3237 3191 3293 αὐτόν
3269 3238 3359 3294 καὶ
3415 3238 3565 3312 ὅμως
3614 3259 3747 3294 κατ-

330 3341 778 3413 complevisset:
814 3346 872 3395 et
922 3345 1119 3395 tamen
1179 3339 1643 3395 exsecrationem
1706 3338 1986 3411 suscepit,

331 3430 568 3486 cuinon
591 3435 717 3485 erat
759 3429 1074 3494 obnoxius,
1121 3444 1253 3483 cum
1304 3444 1628 3499 suspensus
1668 3430 1781 3484 fuit
1811 3429 1870 3483 in
1904 3428 1977 3483 li-

330 3524 538 3591 gno,ut
553 3518 1022 3574 exsecrationem
1068 3516 1338 3583 solveret,
1377 3534 1507 3588 qua)
1530 3518 1841 3575 adversum
1876 3534 1985 3573 nos

331 3614 479 3665 erat.
513 3606 1024 3674 Quemadmodum
1055 3607 1102 3661 si
1135 3607 1269 3678 quis
1302 3607 1474 3662 morti
1507 3608 1778 3664 addictos
1823 3607 1978 3663 redi-

334 3705 542 3767 meret,
575 3697 700 3769 ipse
732 3697 927 3753 ferens
960 3702 1211 3752 mortem
1245 3714 1377 3768 quae
1438 3697 1559 3753 illis
1621 3698 1982 3755 immineret.

334 3811 362 3839 ‹‹
401 3788 470 3843 Ut
498 3788 560 3843 in
587 3792 809 3861 gentes.
849 3811 877 3837 »
910 3786 1201 3856 Christus,
1272 3787 1489 3857 inquit,
1551 3793 1761 3859 sponte
1792 3787 1983 3843 factus

333 3885 422 3934 est
442 3878 847 3947 exsecrabilis,
879 3883 944 3933 ut
975 3876 1033 3932 in
1064 3876 1358 3949 gentibus,
1394 3876 1452 3931 id
1483 3883 1589 3939 est.
1624 3878 1685 3933 in
1739 3878 1833 3933 his
1881 3877 1983 3949 qui

332 3968 441 4023 sub
482 3968 608 4041 lege
667 3985 790 4023 non
845 3966 1329 4031 continebantur,
1379 3966 1794 4040 contingerent
1849 3984 1980 4038 qua}

329 4058 582 4119 Abrahaa
615 4057 1069 4129 promissionem
1101 4062 1469 4112 concernunt
1500 4073 1512 4111 :
1569 4056 1986 4129 contingerent

329 4152 532 4205 autem
560 4162 667 4219 per
696 4148 891 4219 ipsum
922 4146 1239 4203 Christum.
1267 4145 1572 4210 Quomodo
1592 4163 1697 4217 per
1727 4147 1925 4218 ipsum
1955 4146 1983 4202 ‘1

328 4252 536 4292 semen
567 4243 765 4293 autem
796 4237 926 4308 ejus
957 4240 1049 4292 est
1101 4235 1391 4290 Christus.
1452 4234 1722 4290 Christus
1781 4235 1980 4306 itaque

329 4333 623 4397 quatenus
653 4334 760 4396 est,
818 4334 879 4382 et
933 4325 1287 4396 intelligitur
1343 4324 1542 4389 homo,
1604 4325 1981 4384 hereditario

316 4416 456 4488 jure
477 4417 776 4489 accipiens
793 4413 1488 4488 promissiones,reliquo
1503 4414 1763 4471 humano
1777 4420 1979 4489 generi

324 4507 483 4579 ipsas
504 4507 763 4575 donavit,
797 4505 954 4577 quod
991 4506 1053 4560 in
1103 4522 1165 4560 se
1218 4504 1527 4561 crederet:
1570 4527 1599 4553 ιι·
1625 4507 1696 4561 Ut
1725 4510 1976 4579 promis-

2094 3320 2310 3395 εδὲξατο
2340 3326 2596 3401 κατάραν,
2654 3326 2721 3397 ἤν
2791 3327 2888 3384 ούκ
2944 3326 3170 3408 ὢφειλε,
3227 3331 3329 3399 τὴν
3385 3334 3483 3385 τοῦ
3540 3349 3753 3405 κρεμα-

2095 3417 2284 3483 σθῆναι
2321 3413 2407 3472 ἐπὶ
2469 3415 2656 3486 ξύλου,
2719 3418 2809 3473 ἳνα
2867 3419 2966 3486 τὴν
3024 3421 3148 3483 κοιθ⁹
3202 3421 3362 3493 ἡμῶν
3417 3417 3557 3494 λύσῃ
3616 3439 3750 3474 κατ-

2095 3502 2246 3577 άραν.
2280 3505 2484 3580 ’Ὠσπερ
2510 3504 2562 3559 εἷ’
2587 3526 2670 3568 τις
2702 3505 2826 3568 τοὺς
2858 3505 3258 3577 ξκελευσθέντας
3305 3507 3594 3573 ἀποθανεῖν
3648 3505 3752 3562 λυ-

2090 3595 2358 3669 τρώσεται
2404 3595 2585 3665 αὐτὸς,
2646 3597 2969 3670 αἱρούμενος
3026 3598 3118 3653 τὸν
3179 3598 3312 3674 ὑπὲρ
3371 3597 3547 3653 αὐτῶν
3589 3599 3748 3653 θάνα-

2089 3703 2201 3740 τον.
2242 3708 2261 3735 ι
2296 3687 2408 3740 *Ινα
2438 3684 2514 3748 εἷς
2545 3686 2610 3740 τὰ
2664 3682 2813 3756 ἔθνη.
2865 3710 2893 3737 ››
2942 3685 3135 3761 Γέγονε
3184 3683 3261 3758 δὲ,
3312 3686 3495 3765 φησῖν,
3546 3707 3746 3743 επικα-

2089 3770 2322 3848 τάρατος
2357 3771 2651 3849 βουληθεὶς
2683 3774 2710 3829 ὁ
2743 3776 3002 3850 Χριστὸς,
3029 3772 3125 3831 ’ἶνα
3156 3773 3232 3837 εἷς
3269 3775 3337 3831 τά
3387 3772 3538 3848 ἔθνη,
3584 3795 3751 3831 τουτ-

2092 3859 2257 3931 έστιν,
2310 3860 2386 3924 εἷς
2445 3860 2571 3923 τοὺς
2626 3864 2703 3937 μὴ
2763 3863 3064 3942 ἐχομένους
3120 3868 3219 3920 τοῦ
3274 3864 3467 3938 νόμου,
3522 3864 3589 3920 τά
3642 3871 3746 3935 τῆς

2090 3949 2417 4028 ἓπαγγελίας
2446 3956 2543 4008 τοῦ
2571 3948 2831 4029 ’Λϐραὰμ
2880 3952 3122 4031 γένηται.
3173 3952 3394 4026 Γένηται
3437 3952 3494 4010 δὲ
3539 3953 3588 4010 δ’
3644 3954 3743 4009 αύο

2086 4044 2182 4095 τοῦ
2212 4045 2308 4096 τοῦ
2338 4043 2593 4115 Χριστοῦ.
2628 4047 2751 4106 Πῶς
2795 4040 2864 4098 δι’
2923 4044 3134 4114 αύτοῦ;
3191 4041 3414 4114 Ἐπειδή
3461 4048 3539 4116 τῷ
3585 4040 3745 4119 σπέρ-

2090 4151 2220 4201 ματι
2251 4133 2347 4186 τοῦ
2388 4126 2645 4207 Ἀϐραάμ
2701 4128 2945 4188 δέδονται
3003 4134 3056 4188 αἳ
3117 4130 3459 4210 ἐπαγγελίαι,
3524 4128 3743 4210 σπέρμα

2090 4218 2146 4274 δὲ
2176 4219 2343 4274 αὐτοῦ
2376 4220 2679 4296 ὁΧριστὸς.
2729 4222 2792 4279 Ὀ
2851 4223 3083 4299 Χριστὸς
3143 4220 3238 4278 οὗν
3292 4222 3428 4287 καθό
3478 4220 3592 4278 ἐστι
3648 4220 3741 4276 καὶ

2086 4313 2290 4365 νοεῖται
2362 4308 2669 4387 ἃνθρωπὸς,
2728 4310 3158 4386 κληρονομήσας
3216 4313 3315 4374 τὰς
3381 4309 3744 4389 ἐπαγγελίας,

2084 4403 2163 4471 τῷ
2213 4397 2394 4471 λοιπῷ
2451 4404 2559 4455 τῶν
2618 4402 2917 4477 ἀνθρώπων
2976 4400 3114 4478 γένει
3170 4400 3369 4465 ταύτας
3424 4398 3743 4476 ἐδωρήσατο

2086 4487 2393 4545 πιστεύοντι
2453 4488 2530 4554 εἷς
2576 4489 2758 4547 αὐτόν.
2838 4515 2865 4543 ‹‹
2928 4493 3044 4546 Ἵνα
3099 4492 3200 4560 τὴν
3269 4488 3589 4567 ἐπαγγελίαν
3643 4494 3743 4545 τοῦ

324 4599 553 4654 sionem
586 4599 842 4670 Spiritus
872 4596 1301 4668 acciperemus.
1335 4618 1361 4644 ι»
1396 4596 1463 4651 Ut
1496 4596 1608 4652 hoc
1637 4597 1834 4666 modo,
1882 4601 1973 4656 in-

2099 4578 2396 4653 ίΙνεύματος
2428 4574 2711 4670 λάϐᾼωμεν.
2747 4604 2774 4632 ι)
2806 4582 2915 4637 Ἵνα
2966 4584 3046 4654 τῷ
3093 4581 3284 4657 τρόπῳ
3331 4579 3530 4654 τούτῳ,
3578 4579 3742 4658 φησὶ,

323 4688 471 4757 quit,
506 4686 789 4759 Spiritum
826 4685 1252 4757 acciperemus.
1320 4686 1471 4759 740
1524 4687 1757 4743 Etenim
1806 4706 1969 4745 exse-

322 4778 508 4833 cratio
533 4778 771 4849 quidem
803 4792 976 4834 cruce
1007 4776 1202 4831 soluta
1226 4782 1315 4831 est
1343 4793 1356 4831 ε
1390 4792 1496 4847 per
1544 4776 1722 4833 ﬁdem
1771 4786 1971 4836 autem

322 4882 453 4937 quae
477 4867 537 4922 in
560 4868 859 4925 Christum
882 4866 1280 4941 estcontingit
1320 4865 1594 4937 justitia:
1643 4884 1713 4922 ex
1735 4869 1973 4940 justitia

321 4972 456 5010 vero
486 4957 709 5012 accitus
741 4964 829 5012 est
853 4956 1107 5028 Spiritus
1139 4954 1494 5026 paracletus.
1549 4956 1694 5012 Nam
1755 4962 1813 5011 et
1844 4959 1974 5030 Spi-

321 5046 472 5100 ritus
504 5045 563 5100 in
593 5048 989 5116 promissione
1020 5050 1165 5101 erat.
1200 5044 1462 5101 Dicendo
1517 5045 1679 5101 enim
1713 5062 1726 5099 :
1781 5069 1809 5097 «
1858 5049 1974 5103 Per

320 5140 378 5190 te
410 5133 843 5191 benedicentur
872 5151 1082 5190 omnes
1110 5140 1339 5206 gentes,
1375 5155 1401 5184 »ι
1434 5150 1542 5206 per
1590 5134 1841 5205 Spiritus
1873 5153 1970 5192 su-

322 5222 769 5295 perventionem
802 5223 1077 5296 promisit
1102 5221 1604 5279 benedictionem.

954 5322 1183 5377 CAPUT
1229 5323 1342 5377 VII.

319 5419 474 5487 Quod
502 5435 610 5475 non
640 5436 709 5475 ea:
738 5420 853 5489 lege
880 5421 990 5474 sint
1022 5420 1180 5481 bona.
1214 5420 1308 5475 sed
1336 5437 1405 5474 ea:
1430 5419 1798 5489 promissione
1828 5440 1846 5478 :
1878 5423 1971 5480 lea:

521 5509 648 5549 vero
671 5494 1058 5563 prazparativa
1085 5492 1159 5547 sit
1182 5508 1288 5563 per
1316 5494 1787 5561 redargutionem.

389 5594 482 5657 ΙΙΙ,
551 5594 731 5647 1518.
791 5592 1032 5658 Fratres,
1090 5592 1391 5646 secundum
1464 5590 1737 5646 hominem
1822 5594 1965 5651 dico.

322 5684 568 5736 Hominis
596 5682 716 5738 licet
749 5687 1156 5750 testamentum,
1206 5684 1253 5736 si
1313 5686 1492 5733 tamen
1552 5680 1626 5735 sit
1677 5686 1967 5752 conﬁrma-

2081 4668 2144 4722 τὸ
2173 4672 2392 4742 Πνεῦμα
2440 4662 2721 4740 λάϐωμεν.
2786 4668 2884 4723 Καὶ
2931 4670 3032 4745 γάρ
3092 4671 3127 4739 ἡ
3186 4669 3279 4743 μὲν
3317 4669 3523 4746 κατάρα
3566 4665 3735 4736 ἐλύθη

2079 4761 2160 4830 τῷ
2182 4762 2418 4832 σταυρῷ,
2453 4755 2542 4812 διά
2572 4754 2627 4813 δὲ
2666 4765 2767 4827 τῆς
2826 4757 2901 4823 είς
2959 4759 3194 4832 Χριστὸν
3245 4758 3477 4818 πίστεως
3525 4753 3739 4812 δικαιο-

2083 4847 2211 4918 σύνη
2243 4847 2554 4922 γεγένηται·
2607 4847 2666 4902 ἐκ
2719 4845 2776 4903 δὶ
2832 4845 3178 4918 δικαιοσύνης
3237 4846 3579 4921 ἔπισπασμὸς
3637 4851 3737 4901 τοῦ

2081 4936 2443 5013 παρακλήτου
2504 4936 2836 5012 Πνεύματος.
2925 4938 3029 4995 Καὶ
3086 4937 3188 5013 γὰρ
3247 4939 3337 4993 καὶ
3389 4938 3452 4993 τὸ
3510 4941 3733 5009 Πνεῦμα

2081 5027 2133 5083 ἐν
2164 5026 2461 5102 ἐπαγγελίᾳ
2490 5028 2577 5097 ἦν.
2608 5030 2670 5085 ‘0
2699 5027 2803 5104 γάρ
2857 5027 3046 5097 εἰπὼν,
3098 5026 3182 5082 ὅτι
3233 5050 3257 5082 α
3323 5029 3408 5084 Ἐν
3456 5027 3541 5082 σοὶ
3585 5025 3735 5081 ἐνευ-

2081 5115 2487 5191 λογηθήσονται
2517 5115 2585 5171 τά
2610 5110 2762 5187 ἔθνη,
2797 5140 2825 5168 ι»
2871 5121 2942 5192 τῇ
2997 5120 3095 5172 τοῦ
3153 5117 3466 5191 Πνεύματος
3508 5115 3729 5196 ἐπιφοιο

2084 5208 2234 5277 τήσει
2264 5207 2364 5277 τὴν
2393 5203 2645 5281 εὐλογίαν
2676 5206 3062 5283 ἐπηγγείλατο.

2714 5328 2979 5384 ΚΕΦΑΛ.
3020 5327 3088 5382 Ζ“.

2149 5414 2721 5509 ”Οτισοχύκ“ἐκ1νόμου,
2779 5414 2908 5471 ἀλλ’
2945 5417 2994 5486 εξ
3055 5414 3490 5509 ξπαέγελίαςῌτά
3537 5415 3750 5492 ἀγαθάί

2305 5491 2349 5547 0
2382 5487 2437 5544 δὲ
2468 5487 2639 5563 νόμος
2669 5493 3114 5565 παρασκευαστής
3144 5487 3216 5544 δίσ
3256 5487 3516 5564 ἐλέγχου.

2149 5594 2428 5676 ’Λδελῳῂ
2488 5596 2624 5652 κατὰ
2680 5595 2967 5670 ἄνθρωπον
3028 5595 3194 5671 λέγω.
3265 5598 3456 5669 Ὅμως
3509 5596 3733 5670 ἀνθρώ-

2077 5708 2184 5742 που
2240 5688 2622 5761 κεκυρωμένην
2685 5683 2951 5757 διαθήκην
3014 5684 3194 5750 οὐδεὶς
3254 5688 3447 5758 ἀθετεῖ,
3612 5683 3734 5741 ἑπι-
