4098 6396
1392 317 1812 384 COMMENT.
1858 314 1938 379 IN
1980 313 2228 377 EPIST.
2277 315 2387 378 AD
2434 317 2720 379 GALAT.

3618 307 3778 381 me

358 461 723 519 διατάσσεται.
782 462 876 532 Τῷ
928 455 987 513 δὲ
1053 452 1310 532 Ἀϐραὰμ
1360 456 1666 533 ἰρῥήθησαν
1726 456 1782 510 αἱ
1840 454 2005 529 ἐπαγ-

2138 474 2147 507 l
2176 460 2508 524 tum,nemo
2529 457 2855 528 rejicit,aut
2873 458 3038 514 addit
3064 457 3503 530 aliquid.Porro
3529 457 3779 514 Abrahm

355 551 556 630 γελίαι,
589 550 680 605 καὶ
710 549 791 620 τῷ
831 547 1102 623 σπέρματι
1130 547 1317 604 αὐτοῦ.
1370 547 1449 603 Οὑ
1503 544 1670 621 λέγει,
1730 544 1833 600 Καὶ
1893 548 2009 606 τοῖς

355 641 683 718 σπέρμασιν,
743 639 820 701 ὡς
881 637 971 693 ἐπί
1023 634 1279 707 πολλῶν,
1310 632 1440 690 ἀλλ’
1469 635 1548 697 ὡς
1578 632 1661 713 ἐφ’
1717 634 1860 700 ἑνὸς,
1917 632 2006 688 καὶ

349 736 432 803 τῷ
463 727 729 805 σπέρματί
777 747 894 796 σου,
926 727 986 787 ’ὸς
1043 724 1154 781 ἐστι
1211 723 1474 800 Χριστός.
1528 727 1699 779 Τοῦτο
1750 720 1808 777 δὲ
1838 720 2007 798 λέγω,

356 818 624 890 διαθήκην
718 814 1215 892 προκεκυρωμένην
1302 815 1404 871 ὑπὸ
1508 817 1608 869 τοῦ
1720 816 1857 867 Θεοῦ
1930 811 2007 873 είς

360 910 594 985 Χριστὸν
632 951 647 979 ,
715 908 743 962 6
826 906 959 981 μετὰ
1023 899 1118 977 ἴτη
1187 904 1509 982 τετρακόσια
1564 902 1657 957 καὶ
1720 903 2010 977 τριάκοντα

360 998 606 1076 γεγονὼς
659 996 851 1068 νόμος,
931 994 1031 1049 οὐκ
1118 995 1318 1071 ἀκυροῖ
1400 993 1475 1055 εἷς
1555 992 1619 1048 τὸ
1667 998 2011 1068 καταργῆσαι

357 1091 463 1158 τήν
522 1085 872 1165 ἐπαγγελίαν.
926 1084 991 1143 Ei
1043 1086 1147 1161 γὰρ
1211 1084 1270 1141 ἐκ
1313 1084 1487 1157 νόμου
1545 1085 1581 1153 ἡ
1638 1080 2011 1158 κληρονομία,

359 1178 460 1233 οὐκ
489 1172 567 1233 ἔτι
599 1176 649 1246 ἐξ
682 1172 1033 1251 ἐπαγγελίας.
1066 1176 1163 1246 Τῷ
1195 1170 1253 1227 δὲ
1285 1167 1540 1248 Ἀϐραὰμ.
1570 1170 1641 1225 δι’
1680 1169 2011 1247 ἐπαγγελίας

357 1268 686 1348 κεχάρισται
707 1267 736 1322 6
758 1265 909 1328 Θεός.

428 1352 653 1425 Ἐπειδή
686 1353 745 1411 ἔκ
791 1375 849 1410 τε
902 1358 1013 1410 τῶν
1073 1353 1201 1429 παρ’
1257 1354 1449 1415 αὐτοῖς
1505 1350 1773 1427 σημείων,
1831 1352 1922 1406 καὶ
1951 1351 2014 1406 ἐκ

355 1453 458 1518 τῆς
486 1449 582 1502 τοῦ
614 1444 773 1520 ἁγίου
804 1443 1120 1517 Πνεῦματος
1172 1444 1598 1516 ἒπιφοιτήσεως,
1656 1441 1747 1497 καὶ
1802 1439 1861 1496 ἐκ
1913 1444 2011 1496 τοῦ

360 1536 598 1609 σταυροῦ
627 1535 725 1589 τοῦ
772 1532 1026 1607 Χριστοῦ,
1084 1531 1173 1585 καὶ
1236 1529 1287 1600 ἐξ
1341 1530 1414 1584 ὧν
1465 1527 1641 1600 ἐσώθη
1676 1530 1704 1583 6
1737 1523 2011 1603 Ἀϐραὰμ,

360 1620 528 1694 ἔδειξε
582 1624 681 1692 τὴν
741 1619 921 1676 πίστιν
995 1620 1205 1691 σώζειν,
1257 1621 1349 1674 καὶ
1400 1619 1462 1674 οὐ
1519 1619 1610 1675 τὸν
1665 1617 1857 1692 νόμον·
1916 1621 2010 1672 νῦν

361 1710 470 1767 ἀπὸ
522 1709 864 1786 ἀνθρωπίνου
936 1705 1383 1785 παραδείγματος
1431 1706 1627 1770 αὐτοὺς
1673 1711 1854 1764 πεῖσαι
1916 1712 2012 1777 ζη-

359 1806 462 1858 τεῖ.
495 1801 565 1855 Τὸ
622 1800 744 1875 γὰρ,
810 1824 837 1850 (ι

351 1890 691 1965 ἀνθρώπινον
757 1888 921 1963 λόγον
974 1886 1062 1942 καὶ
1123 1886 1488 1963 παράδειγμα.
1534 1885 1727 1965 Καλῶς
1761 1883 1818 1939 δὲ
1846 1882 2017 1940 ἀδελ-

366 1979 500 2058 φοὺς
558 1977 721 2034 καλεῖ
754 2026 769 2050 ,
821 1978 1087 2048 ἀνοήτους
1134 1974 1390 2039 καλέσας.
1425 1981 1516 2031 Δεῖ
1544 1976 1673 2053 γὰρ,
1732 1974 1864 2030 ποτὲ
1924 1977 2019 2050 μὲν

371 2068 723 2148 ἐπιστύφειν,
781 2066 915 2123 ποτὶ
974 2063 1033 2121 δὲ
1089 2063 1425 2142 γλυκαίνειν.
1489 2064 1871 2141 «Ἀνθρώπου
1930 2084 2023 2120 κι-

374 2157 695 2234 κυριυμένην
759 2154 1044 2227 διαθήκην.
1082 2180 1111 2207 ››
1165 2156 1303 2231 ’Ὀρα
1359 2153 1412 2209 τί
1470 2152 1616 2218 θέλει
1690 2153 2023 2209 κατασκευά-

373 2269 462 2303 σαι
497 2245 585 2302 διὰ
625 2251 724 2303 τοῦ
770 2243 1164 2322 ὑποδείγματος
1220 2247 1319 2314 τῆς
1374 2241 1664 2315 διαθήκης.
1726 2241 2026 2320 Ἐπηγγεί-

376 2335 534 2403 λατο,
567 2336 751 2417 φησὶν,
783 2341 811 2391 ὁ
840 2335 971 2396 Θεὸς
1004 2338 1081 2407 τῷ
1110 2328 1382 2409 ’Λϐραὰμ,
1414 2330 1503 2387 διὰ
1557 2336 1655 2388 τοῦ
1712 2333 2022 2417 σπέρματος

369 2424 538 2482 αότοῦ
571 2415 911 2501 εὒλογεῖσθαι
941 2425 1008 2479 τὰ
1037 2422 1185 2495 ἔθνη.
1219 2420 1447 2496 Σπέρμα
1476 2418 1536 2476 δὲ
1591 2425 1688 2477 τοῦ
1747 2415 2023 2497 Ἀϐραὰμ,

367 2515 433 2570 τὸ
462 2515 599 2570 κατὰ
628 2515 799 2590 σάρκα
857 2515 885 2569 6
915 2511 1169 2588 Χριστός.
1227 2512 1290 2569 Ὁ
1321 2512 1492 2585 νόμος
1523 2507 1683 2582 ἐδὸθη
1747 2510 1881 2584 μετὰ
1928 2509 2022 2581 ἔτη

364 2604 692 2680 τετρακόσια
754 2604 1073 2683 τφιάκοντα.
1147 2601 1218 2659 Εἴ
1271 2601 1475 2671 τοίνυν,
1530 2601 1715 2680 φησὶν,
1771 2602 1800 2656 6
1856 2602 2027 2675 νόμος

368 2695 658 2773 χαρίζεται
688 2695 784 2758 τὰς
817 2693 1075 2770 εὐλογίας
1102 2694 1192 2749 καὶ
1233 2697 1331 2763 τήν
1389 2690 1763 2765 δικαιοσύνην,
1794 2694 1830 2763 ἡ
1862 2690 2029 2769 ἔπαγ-

367 2784 539 2862 γε).ία
600 2786 687 2841 καὶ
749 2787 784 2854 ἡ
846 2782 1084 2855 διαθήκη
1145 2788 1242 2840 τοῦ
1295 2789 1430 2839 Θεοῦ
1488 2783 1694 2859 ἡπρὸς
1755 2777 2026 2859 Ἀϐραὰμ,

372 2876 573 2949 ἄκυρος
627 2871 829 2947 γίνεται
866 2917 877 2930 .
942 2874 1073 2929 Εἶτα
1129 2872 1422 2947 ἀνθρώπου
1471 2873 1567 2945 μὶν
1628 2869 1896 2942 διαθήκην
1936 2872 2027 2926 οὓς

372 2960 486 3026 δεὶς
520 2963 713 3021 ἀθετεῖ.
746 2967 841 3018 τοῦ
884 2966 1019 3017 Θεοῦ
1068 2959 1126 3017 δὲ
1185 2963 1474 3036 ἀκυροῦται
1532 2964 1567 3031 ἡ
1619 2958 1880 3032 διαθήκη,
1937 2960 2028 3016 καὶ

373 3058 544 3109 ταῦτα
601 3050 775 3108 πολὺν
824 3051 1027 3128 χρόνον
1092 3054 1454 3126 κρατήσασα,
1519 3051 1654 3121 μετὰ
1708 3050 2033 3125 τετρακόσια

2128 567 2149 595 ι
2177 545 2349 602 dictas
2381 553 2521 602 sunt
2540 548 3053 619 promissiones,et
3075 548 3285 604 semini
3310 549 3593 621 ejusNon
3614 548 3778 614 dicit,

2122 658 2150 685 «
2185 641 2252 690 Et
2281 637 2634 705 seminibus,
2659 644 2943 711 tanquam
2961 640 3032 695 de
3055 638 3393 706 multis,sed
3412 646 3694 710 tanquam
3710 640 3782 694 de

2126 746 2151 776 α
2173 742 2293 781 ιιηο
2318 730 2418 781 :Et
2448 728 2660 783 semini
2688 735 2808 792 tuo,
2837 729 2936 799 qui
2970 734 3060 785 est
3110 730 3397 785 Christus.
3432 730 3551 784 Hoc
3582 734 3781 784 autem

2128 837 2157 865 ‹‹
2180 816 2349 871 dico:
2376 822 2801 873 testamentum
2824 825 2961 873 ante
2986 819 3437 890 comprobatum
3455 836 3489 873 a
3512 820 3628 873 Deo
3651 834 3789 891 erga

2130 924 2153 953 ι
2177 905 2596 976 Christum,lex
2611 924 2742 978 quas
2759 914 2892 979 post
2911 924 3101 963 onnos
3124 907 3674 981 quadringentos,et
3690 906 3789 961 tri-

2126 1016 2153 1044 ‹‹
2178 995 2342 1067 ginta
2370 996 2694 1067 cmpit,non
2726 996 2868 1052 facit
2896 997 3227 1061 irritum,ut
3245 997 3489 1070 abroget
3526 996 3784 1068 promis-

2126 1105 2154 1133 «
2189 1083 2440 1139 sionem.
2474 1087 2616 1141 Nam
2642 1086 2690 1141 si
2715 1103 2785 1141 ex
2817 1086 2945 1159 lege
2969 1092 3128 1141 esset
3150 1086 3490 1155 hazreditas,
3527 1087 3783 1158 nonjam

2126 1193 2153 1220 ‹‹
2188 1189 2257 1228 ex
2284 1174 2702 1245 promissione.
2738 1175 2915 1246 Atqui
2940 1174 3186 1230 Abrahae
3209 1175 3784 1247 perpromissionem

2127 1284 2155 1310 ‹‹
2187 1262 2428 1318 donavit
2456 1264 2631 1320 Deus.
2666 1287 2694 1313 »

2196 1353 2484 1417 Quoniam
2519 1358 2577 1408 et
2607 1369 2677 1408 ex
2698 1354 2881 1427 signis
2905 1371 3036 1426 quae
3059 1352 3215 1425 apud
3241 1353 3403 1425 ipsos
3427 1354 3579 1410 facta
3596 1360 3787 1422 erant,

2127 1447 2185 1495 et
2236 1458 2306 1496 ex
2365 1442 2620 1513 Spiritus
2669 1444 2858 1498 sancti
2913 1442 3324 1509 descensione,
3370 1449 3428 1498 et
3472 1460 3541 1498 ex
3596 1448 3788 1500 morte

2125 1532 2431 1597 Christi,et
2464 1550 2533 1588 ex
2566 1550 2634 1589 eo
2663 1534 2826 1605 quod
2856 1534 3154 1590 Abraham
3187 1534 3383 1591 salvus
3413 1535 3601 1590 factus
3640 1535 3790 1590 fuis-

2131 1628 2238 1688 set,
2267 1623 2696 1679 demonstravit
2747 1623 2908 1696 quod
2966 1624 3113 1679 fides
3145 1625 3350 1688 salvet,
3386 1630 3445 1680 et
3494 1641 3614 1680 non
3643 1624 3738 1679 lex
3771 1639 3786 1678 :

2128 1728 2290 1766 nunc
2322 1711 2394 1766 ab
2426 1713 2687 1768 humano
2711 1713 2981 1784 exemplo
3012 1719 3263 1769 conatur
3292 1714 3403 1770 hoc
3451 1714 3597 1785 ipsis
3652 1730 3791 1785 per-

894 1799 1043 1856 Κατὰ
1102 1796 1407 1872 ἄνθρωπον,
1444 1820 1471 1849 ››
1530 1796 1648 1851 ἀντὶ
1704 1799 1823 1866 τοῦ,
1880 1794 2016 1850 κατὰ

2138 1800 2406 1866 suadere,
2440 1803 2583 1856 Nam
2609 1803 2766 1873 quod
2802 1804 2902 1870 ait,
2938 1825 2966 1852 «
3001 1803 3339 1858 Secundum
3388 1803 3715 1871 hominem,
3760 1824 3788 1854 ››

2134 1890 2294 1945 idem
2328 1896 2420 1945 est
2450 1891 2607 1961 quod
2642 1892 2902 1946 humano
2936 1909 3209 1947 sermone
3241 1898 3301 1947 et
3329 1893 3789 1964 exemplo.Bene

2133 1984 2332 2034 autem
2358 1987 2525 2035 vocat
2552 1980 2786 2043 fratres,
2822 1998 2970 2052 quos
3004 1982 3168 2053 prius
3199 1982 3411 2037 stultos
3452 1982 3792 2054 appellavit.

2134 2069 2377 2139 Oportet
2408 2069 2566 2124 enim
2601 2086 2760 2125 nunc
2809 2069 3049 2140 quidem
3101 2088 3310 2143 aspere.
3369 2071 3794 2143 perstringere,

2133 2174 2292 2212 nunc
2326 2175 2459 2213 vero
2509 2158 2744 2214 dulcem
2778 2175 2926 2214 esse.
2962 2182 2990 2209 «
3047 2160 3318 2215 Hominis
3375 2160 3793 2217 conﬁrmatum

2135 2251 2577 2303 testamentum.
2612 2268 2638 2300 ι
2702 2248 3119 2304 Animadverte
3153 2249 3294 2319 quid
3315 2265 3419 2321 per
3450 2251 3793 2305 testamenti

2135 2335 2472 2408 exemplum
2508 2336 2651 2392 velit
2676 2344 2969 2393 astruere.
3003 2338 3311 2404 Promisit,
3364 2338 3580 2409 inquit,
3639 2340 3795 2396 Deus

2134 2424 2407 2491 Abrahae,
2464 2425 2623 2497 quod
2651 2443 2758 2498 per
2787 2426 2973 2498 ipsius
3006 2443 3212 2481 semen
3238 2426 3622 2482 benediceret
3649 2444 3797 2496 gen-

2135 2519 2223 2569 tes
2248 2531 2262 2580 ;
2288 2531 2492 2569 semen
2510 2521 2708 2569 autem
2729 2516 3189 2589 Abrahaa,juxta
3219 2534 3460 2572 carnem
3481 2523 3571 2573 est
3598 2517 3797 2572 Chriso

2136 2609 2245 2659 tus.
2272 2606 2422 2660 174
2446 2606 2559 2660 Lex
2580 2606 2718 2662 data
2750 2612 2840 2661 est
2886 2612 3020 2679 post
3075 2623 3267 2662 annos
3327 2608 3799 2682 quadringentos

2137 2696 2464 2768 triginta.Si
2496 2697 2677 2770 igitur
2707 2697 2821 2766 lex,
2858 2699 3073 2770 inquit,
3118 2698 3372 2755 donaret
3428 2700 3799 2756 benedictio-

2137 2802 2246 2839 nes
2276 2785 2676 2858 etjustitiam,
2712 2788 3053 2859 promissio,
3114 2806 3183 2845 ac
3244 2794 3664 2845 testamentum
3695 2788 3799 2845 Dei

2138 2875 2358 2929 factum
2383 2876 2457 2931 ad
2484 2875 2772 2932 Abialiam
2799 2877 2968 2933 irrita
2999 2878 3230 2933 ﬁerent.
3255 2877 3501 2947 Deinde,
3534 2878 3800 2933 hominis

2140 2962 2383 3033 quidem
2419 2970 2842 3020 testamentum
2876 2983 3052 3022 nemo
3083 2967 3281 3039 rejicit
3310 2973 3414 3023 aut
3443 2966 3803 3039 spernit,Dei

2140 3058 2340 3107 autem
2373 3058 2794 3109 testamentum
2828 3054 3218 3128 ﬁetgirritum,
3248 3055 3425 3128 idque
3484 3062 3800 3128 postquam

375 3139 667 3218 1pta‘z'zov1a
692 3141 814 3213 ἓτη.
866 3141 925 3198 Ei
958 3142 1060 3217 γὰρ
1120 3138 1489 3218 ἐπηγγείλατο
1551 3140 1644 3213 μὲν
1705 3138 1883 3211 ἐκείνη
1943 3137 2025 3194 εὖ-

2142 3141 2328 3196 multo
2364 3148 2629 3215 tempore
2674 3142 2856 3198 robur
2912 3143 3140 3210 habuit,
3174 3161 3390 3217 nempe
3423 3151 3557 3218 post
3612 3160 3802 3201 annos

381 3206 561 3308 λογεῖν
595 3228 685 3287 διὰ
715 3206 812 3287 τοῦ
843 3206 1105 3307 Χριστοῦ,
1141 3233 1169 3286 6
1208 3206 1459 3304 ’νόμος
1510 3206 1627 3286 ἀντῖ
1658 3234 1755 3284 τοῦ
1785 3206 2025 3305 Χριστοῦ

2144 3206 2610 3304 quadringentos
2642 3233 2927 3305 triginta?
2954 3234 3008 3289 Si
3037 3206 3296 3306 namque
3320 3206 3601 3307 promisit
3622 3242 3799 3292 testa-

385 3320 622 3401 εὐλογεῖ,
655 3318 758 3398 ἄρα
798 3321 1088 3395 ἀκυροῦται
1120 3323 1156 3391 ἡ
1189 3318 1424 3391 διαθήκη
1483 3324 1580 3375 τοῦ
1639 3323 1771 3374 Θεοῦ
1826 3321 1861 3389 ἡ
1895 3318 2030 3395 πρὸς

380 3407 655 3488 Ἀϐραὰμ.
717 3437 745 3464 ‹‹
805 3409 1004 3474 Καλῶς
1063 3408 1120 3466 δὲ
1186 3408 1561 3485 κεκυρωμένην
1630 3408 1816 3489 φησίν.
1881 3432 1909 3460 η
1964 3440 2032 3451 ~—

377 3504 648 3576 [ΦΩΤ.]
702 3503 891 3578 ’Ὀρκῳ
966 3502 1069 3576 γὰρ
1119 3500 1442 3577 ἐκεκύρωτο.
1501 3494 1773 3575 Ἀκριϐὦς
1833 3496 1891 3554 δὲ
1946 3496 2031 3568 τὰ,

379 3615 409 3643 ‹‹
446 3590 865 3666 Κεκυρωμένην,
904 3613 932 3642 ››
963 3588 1148 3667 φησίν.
1183 3591 1245 3646 Ἦ
1306 3591 1411 3667 γὰρ
1468 3588 1684 3660 ἅκυρες,
1740 3587 1831 3643 καὶ
1869 3609 2031 3661 μετα-

375 3678 603 3751 τίθεται,
665 3677 846 3753 ὥσπερ
898 3679 925 3734 6
972 3678 1144 3753 νόμος
1200 3677 1381 3749 αὐτὸς,
1436 3677 1512 3742 εἰς
1556 3678 1619 3733 τὸ
1677 3675 2034 3754 Εὐαγγὲλιον,

350 3766 871 3837 ,Έπιδιατᾶσσεταῃ
929 3769 1228 3837 τουτέστι,
1292 3766 1683 3842 Προστίθησιν.
1744 3789 1773 3819 ‹‹
1830 3766 2033 3840 Ἐῥρή-

380 3870 570 3930 θησαν.
606 3881 634 3910 ››
667 3858 804 3915 Οἶον
835 3856 1262 3933 )πηγγὲλθησαν.
1320 3882 1347 3909 ‹‹
1376 3859 1550 3913 Τοῦτο
1602 3854 1659 3912 δὲ
1715 3854 1880 3931 λέγω,
1914 3852 2032 3912 δια-

381 3951 582 4019 θήκην.
620 3972 648 3999 »ι
682 3946 987 4026 Σαφηνείας
1047 3946 1209 4023 χάριν
1271 3941 1648 4020 ἀναλαμϐάνει
1702 3947 1793 4000 τὸν
1846 3944 2034 4022 λόγον.

384 4061 414 4091 α
449 4038 585 4095 Ἀπὸ
636 4041 734 4092 τοῦ
789 4040 923 4093 Θεοῦ
981 4034 1058 4099 εἷς
1098 4036 1353 4111 Χριστὸν.
1390 4059 1418 4086 »
1479 4034 1574 4098 Εἷς
1632 4036 1867 4110 Χριστὸν
1931 4037 2036 4113 γὰρ

380 4128 513 4197 ἦνὴ
546 4124 865 4203 ἐπαγγελία.
899 4127 1037 4183 Eius
1085 4125 1212 4202 γὰρ,
1274 4124 1363 4180 διὰ
1418 4128 1514 4180 τοῦ
1570 4123 1879 4200 σπέρματος
1937 4125 2035 4180 αὖα

380 4221 481 4273 τοῦ
512 4216 854 4291 εὐλογεῖσθαι
910 4216 976 4271 τὰ
1035 4210 1186 4287 ἔθνη.
1242 4218 1413 4270 Τοῦτο
1463 4215 1569 4290 γάρ
1625 4215 1757 4286 ἐστι,
1819 4212 1870 4269 ἐν
1927 4215 2031 4270 σοί.

384 4307 615 4380 Σπὲρμα
646 4302 704 4361 δὶ
726 4308 825 4360 τοῦ
878 4299 1155 4379 Ἀϐραὰμ,
1215 4303 1277 4359 τὸ
1328 4303 1465 4358 κατὰ
1522 4305 1693 4378 σάρκα
1723 4304 1751 4358 ὁ
1784 4303 2034 4378 Χριστός.

376 4397 500 4453 «⁸0
534 4395 668 4469 μετὰ
723 4392 816 4466 ἔτη
875 4393 1196 4468 τετρακόσια
1247 4393 1337 4447 καὶ
1393 4393 1699 4467 τριάκοντα.
1735 4415 1765 4444 n
1822 4392 1890 4449 Οί
1950 4413 2038 4448 τε-

378 4484 666 4559 τρακόσιοι
706 4482 999 4559 τριάκοντα
1057 4481 1251 4557 χρὸνοι
1311 4482 1629 4555 συνάγονται
1680 4478 1872 4545 οὕτως·
1933 4480 2040 4537 ἀπὸ

2140 3327 2408 3376 mentum
2440 3321 2797 3377 benedicere
2848 3340 2954 3395 per
3001 3324 3319 3395 Christum,
3355 3324 3446 3381 lex
3500 3341 3636 3382 vero
3694 3340 3801 3397 pro

2139 3410 2369 3466 Christo
2401 3409 2891 3479 benedicit,certe
2924 3414 3156 3469 irritum
3191 3413 3461 3470 redditur
3481 3421 3807 3471 testamen-

2140 3505 2265 3555 tum
2301 3500 2428 3567 Dei,
2459 3500 2679 3556 factum
2727 3501 2802 3557 ad
2856 3501 3178 3561 Abraham.
3229 3534 3294 3546 -
3333 3528 3353 3556 ‹‹
3389 3506 3459 3560 Et
3488 3511 3647 3561 recte
3702 3504 3805 3576 ait,

2144 3612 2171 3640 ‹‹
2191 3591 2611 3646 confirmatum
2637 3608 2649 3646 :
2673 3614 2699 3641 »
2718 3591 3013 3663 siquidem
3022 3594 3367 3665 juramento
3384 3596 3806 3651 confirmatum

2142 3684 2271 3734 erat
2296 3681 2471 3734 Recte
2504 3685 2699 3735 autem
2726 3680 2808 3735 ait
2830 3704 2855 3731 ‹‹
2882 3682 3301 3739 confirmatum
3326 3703 3340 3752 ;
3366 3705 3394 3734 ››
3419 3684 3629 3740 namid
3647 3682 3809 3755 quod

2144 3774 2337 3825 ratum
2370 3786 2489 3824 non
2515 3775 2604 3824 est
2632 3769 2826 3825 adhuc
2858 3777 3121 3828 mutatur
3147 3789 3159 3828 :
3217 3774 3723 3846 quemadmodum
3750 3777 3811 3828 et

2143 3858 2270 3931 ipsa
2301 3858 2394 3913 lex
2428 3859 2488 3913 in
2522 3859 2925 3932 Evangelium.
2947 3856 3441 3928 Ἐπιδιατάσσεται,
3475 3861 3535 3917 id
3565 3868 3673 3928 est,
3708 3878 3811 3918 su-

2142 3949 2435 4021 peraddit.
2472 3973 2498 4000 ‹‹
2533 3950 2713 4005 Dicta}
2744 3958 2903 4017 sunt,
2947 3974 2974 4001 ››
2999 3952 3058 4007 id
3090 3958 3197 4021 est,
3232 3954 3559 4025 promissa).
3596 3975 3626 4005 «
3687 3955 3809 4010 Hoc

2144 4045 2341 4094 autem
2377 4038 2509 4093 dico
2545 4056 2557 4093 :
2599 4044 3040 4096 testamentum.
3078 4064 3107 4092 »
3142 4042 3569 4099 Declarationis
3621 4043 3812 4116 gratia

2143 4128 2360 4201 repetit
2390 4145 2747 4184 sermonem.
2774 4153 2801 4180 «
2837 4133 2881 4185 A
2912 4132 3032 4195 Deo
3091 4149 3228 4206 erga
3282 4132 3602 4189 Christum.
3631 4155 3659 4182 »
3720 4134 3811 4190 A-d

2144 4219 2442 4274 Christum
2472 4219 2633 4274 enim
2671 4219 2947 4291 vergebat
3000 4221 3338 4293 promissio.
3373 4222 3810 4294 Dixitnamque

2145 4324 2253 4379 per
2280 4323 2484 4363 semen
2506 4308 2690 4380 ipsius
2721 4308 3160 4365 benedicendas
3191 4327 3317 4366 esse
3349 4316 3576 4383 gentes.
3611 4311 3809 4383 Siqui—

2146 4396 2281 4453 dem
2313 4397 2426 4454 hoc
2458 4397 2727 4470 designat
2784 4395 2836 4450 ἐν
2883 4396 2991 4467 σοί,
3045 4400 3105 4455 id
3153 4405 3261 4466 est,
3294 4403 3353 4455 in
3400 4408 3451 4456 te
3493 4401 3586 4456 vel
3608 4408 3810 4471 perte.

2147 4490 2360 4545 Semen
2383 4498 2586 4547 autem
2620 4491 2875 4547 Abrahai
2899 4493 3075 4564 juxta
3098 4510 3339 4549 carnem
3372 4499 3500 4549 erat
3538 4494 3804 4550 Christus

379 4577 456 4631 σε’
488 4573 639 4638 ἔτους
674 4570 931 4650 Ἀϐραὰμ
957 4571 1062 4636 ἕως
1117 4575 1163 4649 ρ’
1213 4573 1504 4652 ψηφίζεται
1550 4565 1643 4642 ἔτη
1699 4573 1793 4627 κε’.
1852 4573 2025 4629 Ἰσαὰκ

2142 4602 2168 4629 ‹‹
2205 4580 2343 4644 Qum
2377 4585 2508 4651 post
2554 4597 2745 4635 annos
2813 4582 3278 4655 quadringentos
3348 4589 3407 4638 et
3455 4583 3718 4656 triginta.
3777 4597 3822 4633 »δ’

379 4665 474 4739 ἔτη
506 4669 565 4738 ξ”
599 4662 816 4739 Ἰακὼϐ,
850 4662 942 4737 ἔτη
978 4667 1073 4744 ιβ·
1130 4667 1354 4743 Ἰωοήφ,
1386 4659 1481 4737 ἔτη
1518 4667 1604 4741 ρι’·
1672 4663 1723 4720 ἐν
1778 4664 2041 4741 Αἰγύπτῳ

379 4755 477 4827 ἔτη
512 4755 658 4833 ρμδν⁸
721 4756 884 4830 ὁμοῦ,
946 4753 1038 4827 ἔτη
1102 4751 1236 4813 υλδ’.
1301 4779 1330 4807 ‹‹
1380 4755 1444 4813 Et
1500 4755 1606 4831 γὰρ
1657 4754 1719 4809 ἐκ
1772 4755 1945 4827 νόμου
2003 4756 2039 4825 ἡ

379 4848 751 4923 κληρονομία.
785 4873 813 4900 ››
865 4848 1045 4911 Αὐτὸς
1100 4846 1233 4902 αὐτὸ
1295 4847 1662 4921 ἡρμήνευτεν.
1697 4844 1762 4902 Εί
1791 4845 1895 4921 γὰρ
1952 4842 2043 4902 διὰ

378 4941 479 4993 τοῦ
508 4937 682 5013 νόμου
712 4938 997 5014 γεγένηται
1030 4939 1065 5006 ἡ
1120 4936 1363 5012 εὐλογία,
1394 4936 1484 4992 καὶ
1520 4936 1595 5009 μὴ
1652 4932 1743 4990 διὰ
1770 4938 2036 5010 Χριστοῦ,

383 5025 664 5098 ἡκῦρωται
706 5028 798 5082 κάξ
855 5020 1102 5082 ἔσϐεσται
1136 5029 1170 5097 ἡ
1204 5023 1505 5102 ἐπαγγελία
1562 5023 1653 5080 καὶ
1713 5026 1747 5096 ἡ
1803 5020 2036 5096 διαθήκη

377 5121 479 5172 τοῦ
536 5121 691 5174 Θεοῦ.
753 5140 781 5169 ‹‹
817 5116 895 5171 Δι’
958 5112 1255 5193 ἐπαγγελία
1312 5116 1659 5191 κεχάρισται.
1696 5137 1724 5166 ››
1780 5115 1893 5183 Τήν
1946 5114 2037 5170 εὖ·

379 5204 594 5282 λογίαν,
645 5207 799 5284 φησὶ,
834 5202 903 5260 δι’
952 5203 1278 5283 ἐπαγγελίας
1344 5207 1670 5281 κεχάρισται
1700 5204 1729 5260 6
1760 5204 1913 5275 Θεὸς,
1943 5204 2035 5259 καὶ

377 5297 441 5351 οὗ
472 5292 565 5351 διὰ
588 5297 785 5369 νὸμου.

2158 4670 2583 4741 Quadringenti
2615 4675 2674 4724 et
2703 4672 2943 4743 triginta
2973 4674 3114 4729 anni
3149 4673 3259 4729 hoc
3307 4674 3484 4729 modo
3515 4673 3811 4746 colligun-

2150 4764 2275 4812 tur:
2311 4775 2346 4813 a
2377 4759 2814 4831 septuagesimo
2837 4762 3044 4832 quinto
3068 4779 3223 4819 anno
3250 4762 3498 4818 Abrahae
3521 4779 3711 4833 usque
3734 4762 3809 4819 ad

2148 4845 2542 4902 centesimum
2575 4850 2711 4918 (quo
2734 4853 2908 4905 natus
2930 4858 3019 4906 est
3049 4853 3638 4924 Isaac)numerantur
3667 4853 3812 4909 anni

2147 4937 2350 5010 viginti
2382 4936 2646 5009 quinque
2677 4955 2692 5005 ;
2725 4940 2886 4995 Isaac
2904 4942 3046 4996 anni
3086 4942 3393 5015 sexaginta
3430 4943 3585 5011 (cum
3623 4943 3677 4998 ei
3700 4960 3810 4999 na-

2146 5033 2241 5083 tus
2268 5031 2356 5081 est
2389 5026 2755 5095 lacob).anni
2776 5030 2953 5086 Iacob
2980 5025 3304 5104 nonaginta
3336 5032 3600 5103 quinque
3650 5034 3812 5105 (cum

2144 5116 2348 5189 genuit
2370 5116 2603 5188 Ioseph)
2630 5134 2642 5171 :
2675 5119 2817 5173 anni
2842 5119 3079 5190 Ioseph,
3114 5127 3355 5176 centum
3388 5121 3633 5189 decem;
3661 5123 3805 5179 anni

2146 5206 2207 5259 in
2238 5207 2479 5279 :‘Egypto
2521 5208 2804 5263 transacti
2836 5214 3079 5264 centum
3119 5210 3513 5282 quadraginta
3554 5218 3812 5283 quatuor

2143 5296 2197 5366 (a
2226 5300 2414 5349 morte
2439 5294 2675 5366 Ioseph.
2721 5295 2906 5367 idque
2966 5298 3296 5354 secundum
3358 5298 3815 5357 translationem

374 5387 751 5461 septuaginta
780 5388 1445 5459 interpretum,utpatet
1474 5384 1659 5441 Exodi
1691 5383 2049 5440 duodecimo
2082 5401 2096 5439 :
2130 5384 2308 5439 simul
2342 5384 2483 5439 anni
2515 5384 2937 5458 quadringenti
2972 5394 3032 5442 et
3050 5387 3290 5461 triginta
3321 5395 3634 5460 quatuor.«
3667 5391 3814 5445 Nam

373 5478 427 5534 si
461 5494 531 5533 ex
563 5478 691 5551 lege
722 5482 813 5533 est
842 5476 1176 5532 hereditas.
1201 5496 1229 5525 ι»
1268 5479 1396 5549 lpse
1419 5475 1479 5531 id
1511 5475 1937 5547 interpretatus
1966 5477 2075 5530 est.
2108 5474 2167 5529 Si
2198 5473 2472 5545 enimper
2500 5472 2689 5545 legem
2720 5474 2879 5530 venit
2909 5474 3248 5533 benedictio
3281 5483 3339 5533 et
3369 5494 3490 5533 non
3522 5477 3811 5549 perChri-

379 5573 563 5636 stum,
582 5567 862 5642 abrogata
891 5571 949 5623 et
979 5565 1272 5623 exstincta
1302 5572 1391 5622 est
1409 5564 1729 5639 promissio
1761 5569 1820 5620 et
1840 5569 2267 5620 testamentum
2300 5563 2423 5619 Dei.
2451 5584 2479 5613 «
2528 5564 2641 5619 Per
2669 5566 3141 5637 promissionem
3168 5568 3427 5624 donavit.
3467 5590 3495 5616 »ι

3563 5566 3840 5623 Benedi-.

380 5656 670 5724 ctionem,
702 5656 920 5728 inquit,
952 5672 1061 5728 per
1091 5655 1555 5727 promissionem
1585 5654 1826 5711 donavit
1846 5655 2002 5710 Deus
2031 5658 2091 5709 et
2117 5670 2239 5710 non
2270 5670 2377 5725 per
2399 5652 2612 5725 legem.
