4098 6390
319 303 477 365 1427

387 438 721 505 ΙΙΙ,19·20.‹‹
736 435 1082 509 Quidigitur
1106 435 1201 491 lex
1218 434 1247 491 ?
1275 436 1524 507 Propter
1560 428 1980 505 transgressio-

2165 420 2226 475 Τί
2307 418 2399 475 οὖν
2472 421 2502 475 6

323 545 479 584 «nes
496 526 1030 593 addital‘uit,donec
1052 527 1495 582 veniretsemen
1518 524 1609 579 cui
1634 522 1984 595 promissum

325 639 354 669 ‹‹
385 619 596 684 fuerat,
620 615 891 671 ordinata
912 633 1017 687 per
1037 616 1280 688 angelos
1302 616 1364 670 in
1395 631 1581 670 manu
1610 609 1975 668 mediatoris:

322 730 349 758 ‹‹
386 707 675 762 mediator
700 710 899 761 autem
931 706 1109 761 unius
1127 722 1247 760 non
1269 710 1378 772 est,
1401 710 1462 758 at
1484 705 1636 759 Deus
1656 718 1811 757 unus
1833 705 1978 755 est.»

387 926 537 992 Quid
569 927 747 998 igitur
777 926 872 982 lex
901 926 929 981 ?
977 928 1282 997 Tanquam
1340 942 1410 981 ex
1473 924 1807 996 objectione
1866 924 1978 980 sibi

318 1016 542 1071 dictum
576 1022 772 1071 esset:
807 1016 921 1071 Cur
952 1032 1088 1086 ergo
1122 1016 1259 1071 dala
1288 1016 1382 1070 lex
1414 1020 1524 1082 est,
1558 1015 1606 1069 si
1652 1015 1727 1070 ad
1782 1014 1979 1069 haare-

319 1103 567 1160 ditatem
600 1103 978 1159 introducere
1008 1120 1129 1158 non
1188 1102 1440 1175 potest?
1486 1105 1731 1174 Propter
1786 1108 1980 1157 trans-

319 1194 677 1266 gressiones.
738 1194 864 1249 Non
915 1194 1153 1261 frustra,
1210 1193 1424 1263 inquit,
1460 1192 1597 1249 data
1628 1198 1736 1257 est,
1771 1192 1874 1248 sed
1905 1209 1979 1247 ne

319 1283 715 1355 transgressio
750 1282 915 1337 ﬁeret
956 1283 1313 1354 beneplaciti
1355 1284 1478 1351 Dei,
1540 1288 1605 1337 ut
1655 1282 1742 1337 vel
1792 1298 1980 1353 pauca

322 1373 523 1443 aliqua
581 1373 797 1429 delicta
852 1373 1213 1445 prohiberet.
1274 1373 1421 1430 742
1454 1396 1480 1422 η
1518 1372 1725 1428 Addita
1780 1372 1909 1426 fuit.
1950 1393 1971 1421 ι

316 1461 494 1517 Recte
528 1463 610 1516 ait
639 1479 650 1516 :
686 1487 712 1511 ‹‹
750 1461 964 1517 Addita
990 1462 1121 1530 fuit,
1153 1486 1180 1511 »
1213 1469 1274 1517 ut
1304 1462 1583 1518 ostendat
1633 1463 1821 1535 legem
1856 1479 1976 1518 non

312 1565 440 1604 esse
473 1549 733 1620 primum
770 1549 1095 1621 exemplar,
1130 1549 1637 1620 quemadmodum
1671 1555 1811 1605 sunt
1840 1567 1976 1621 pro-

317 1640 660 1707 missiones,
693 1639 797 1694 sed
829 1639 1026 1695 datam
1049 1656 1121 1695 ex
1148 1641 1349 1712 aliquo
1383 1646 1517 1713 post
1553 1639 1709 1711 quod
1743 1658 1974 1696 succes-

315 1730 412 1784 sit.
447 1752 475 1777 ‹‹
511 1731 704 1784 Donec
737 1730 981 1784 veniret.
1018 1752 1045 1779 ››
1079 1730 1190 1785 Sed
1220 1747 1353 1785 non-
1398 1730 1459 1785 in
1518 1730 1973 1801 sempiternum,

1445 294 1855 362 (ECUMENII
1895 283 2213 353 TRICCIE
2255 287 2606 350 EPISCOPl

3584 292 3747 352 H28

2601 420 2819 494 νόμοςς
2921 422 3049 477 Τῶν
3152 414 3509 497 παραϐἂσεων
3582 422 3748 499 χάριν

2093 508 2416 584 προσετέθη,
2496 508 2657 585 ἄχρις
2727 508 2789 564 οὗ
2854 506 2986 583 ἔλθῃ
3052 510 3117 565 τὸ
3185 513 3400 588 σπέρμα
3465 512 3511 584 ᾧ
3576 511 3745 588 ἐπήγ-

2091 599 2299 673 γελται,
2396 596 2665 675 διαταγεὶς
2744 596 2813 653 δι’
2893 598 3130 676 ἀγγέλου
3189 599 3241 654 ἐν
3300 600 3447 677 χειρὶ
3501 602 3744 674 μεσίτου.

2093 688 2155 745 Ὁ
2220 684 2277 743 δὲ
2347 689 2570 761 μεσίτης
2638 686 2752 750 ἒνὸς
2820 689 2920 744 οὑκ
2984 686 3127 744 ἔστιν
3161 736 3175 761 ,
3236 691 3265 743 6
3333 688 3391 745 δὲ
3464 690 3595 752 Θεὸς
3672 692 3746 753 εἷς

2092 795 2257 833 εστιν.

2168 942 2195 970 ‹‹
2222 917 2291 974 Τί
2322 918 2414 973 οὖν
2443 921 2471 974 6
2501 919 2671 993 νόμος
2706 939 2722 988 ;
2752 920 2841 982 Ὧς
2882 918 2931 990 ἐξ
2964 918 3283 984 ἀντιθέσεως
3322 919 3538 997 εἴρηται
3568 922 3745 995 αὐτῷ.

2095 1007 2162 1065 Τί
2193 1008 2285 1063 οὗν
2319 1009 2346 1062 6
2372 1009 2537 1081 νόμος
2582 1005 2769 1079 ἐδόθη,
2826 1008 3013 1084 φησὶν,
3071 1008 3118 1063 εί
3176 1014 3349 1064 σῶσαι
3379 1009 3483 1064 οὐκ
3514 1010 3694 1087 ἰσχύει
3728 1027 3744 1078 ;

2092 1119 2123 1152 ιι
2152 1100 2263 1165 Τὼ,
2296 1093 2654 1173 παραϐάσεων
2702 1098 2884 1174 χάριν.
2920 1122 2948 1149 »
2979 1097 3093 1155 Οὐκ
3122 1097 3239 1168 εἰκῆ
3306 1095 3493 1171 ἐδόθη,
3554 1098 3743 1178 φησὶν,

2090 1185 2216 1241 ἀλλ’
2253 1184 2345 1243 ’ίνα
2380 1189 2455 1259 μή
2487 1181 2892 1262 παραϐαίνηται
2925 1188 2990 1242 τὸ
3016 1184 3210 1242 δοκοῦν
3237 1192 3315 1259 τῷ
3345 1192 3482 1259 Θεῷ,
3526 1185 3620 1241 ἵνα
3646 1188 3744 1242 κᾶν

2090 1272 2144 1328 ὀ)
2166 1275 2279 1350 ίγας
2305 1272 2420 1346 πλη
2433 1273 2697 1348 μμελείας
2739 1274 2953 1349 κωλύῃ.

2161 1390 2189 1414 ‹‹
2223 1362 2550 1438 ΙΙροσετὲθη·
2575 1390 2600 1416 υ
2636 1363 2832 1426 Καλῶς
2865 1365 2952 1434 τὸ,
2988 1391 3013 1417 (ι
3050 1367 3379 1440 ΙΙροσιτέθη,
3415 1389 3444 1417 ››
3473 1365 3567 1419 ἳνα
3591 1363 3742 1439 δείξῃ

2087 1456 2179 1512 τὸν
2208 1455 2375 1530 νόμον
2410 1458 2485 1531 μή
2521 1453 2648 1512 ὄντα
2706 1457 3095 1533 πρωτότυπον,
3156 1456 3336 1528 ὥσπερ
3396 1460 3451 1513 αἱ
3511 1457 3745 1533 ἐπαγγεο

2088 1544 2203 1601 λίαι
2263 1546 2394 1601 εἰσὶν
2429 1589 2444 1613 ,
2503 1544 2632 1601 ἀλλ’
2693 1546 2745 1617 ἐξ
2833 1547 3216 1623 ἐπιγενομένου
3284 1549 3435 1611 τινὸς
3495 1544 3742 1612 δοθέντα.

2087 1660 2115 1687 ι(
2150 1637 2352 1711 Ἀχρις
2378 1634 2440 1691 οὗ
2470 1633 2626 1710 ἓλθῃ.
2663 1660 2691 1687 ››
2726 1633 2886 1693 Ἀλλ’
2917 1636 3017 1692 οὐκ
3064 1636 3141 1699 εἷς
3174 1637 3496 1713 ἀπέραντον,
3547 1635 3741 1714 φησὶν,

2089 1726 2310 1798 ὁνὸμος
2367 1722 2555 1795 ἐδόθη,
2614 1723 2741 1781 ἀλλ’
2789 1726 2954 1801 ἄχρις
3002 1726 3064 1781 οὗ
3113 1720 3246 1801 ἔλθῃ
3307 1729 3335 1782 6
3393 1728 3647 1802 Χριστὸς,
3693 1727 3742 1800 ᾧ

320 1819 537 1889 inquit,
562 1819 700 1874 data
732 1824 821 1873 est
851 1818 967 1883 lex,
994 1818 1097 1873 sed
1128 1819 1368 1874 interim
1401 1819 1541 1874 dum
1573 1820 1802 1874 veniret
1822 1820 1980 1874 Chri-

2094 1813 2429 1892 ἐπήγγελται
2461 1815 2521 1869 τὸ
2583 1815 2885 1890 ἐνευλογεῖν
2944 1818 3116 1873 πάντα
3171 1820 3237 1871 τὰ
3288 1813 3437 1888 ἔθνη.
3493 1824 3746 1873 «Διατα-

323 1913 470 1969 stus,
506 1908 596 1963 cui
627 1908 983 1979 promissum
1017 1908 1129 1963 fuit
1157 1908 1313 1979 quod
1345 1909 1723 1964 benediceret
1751 1911 1981 1983 gomnes

317 2002 544 2069 gentes.
577 2020 603 2047 ‹‹
666 1997 949 2053 Ordinata
1007 2015 1112 2069 per
1166 1999 1427 2071 angelos.
1482 2021 1509 2047 ››
1568 2000 1711 2054 Data
1768 2005 1859 2055 est
1888 1998 1983 2054 lex

321 2087 616 2153 ordinata,
642 2088 753 2142 hoc
786 2094 894 2155 est,
940 2086 1354 2143 administrata
1385 2095 1441 2143 et
1474 2095 1692 2144 statuta
1722 2106 1828 2161 per
1856 2106 1980 2144 me-

316 2177 445 2233 dios
483 2178 744 2251 angelos,
772 2178 832 2233 id
866 2185 972 2245 est,
1008 2195 1114 2250 per
1137 2179 1494 2243 sacerdotes,
1530 2187 1631 2236 aut
1685 2197 1818 2235 vere
1877 2198 1982 2252 per

316 2268 577 2340 angelos.
616 2266 680 2322 ln
722 2284 923 2337 manu,
956 2268 1171 2339 inquit,
1200 2269 1546 2325 mediatoris
1589 2271 1726 2326 data
1755 2271 1979 2337 est,hoc

322 2363 429 2423 est,
454 2357 692 2413 Christi.
732 2357 865 2411 Vult
914 2358 1073 2412 enim
1134 2358 1451 2414 ostendere
1510 2365 1567 2414 et
1624 2360 1813 2431 legem
1874 2360 1981 2415 sub

320 2448 551 2503 Christo
584 2447 802 2514 datam,
846 2453 911 2502 ut
969 2448 1094 2519 ipse
1143 2465 1379 2520 quoque
1432 2457 1643 2521 potens
1704 2455 1860 2505 esset
1908 2450 1982 2504 ad

316 2536 651 2593 tollendum
680 2554 691 2591 :
729 2553 867 2592 nam
901 2538 951 2592 is
984 2539 1083 2608 qui
1118 2538 1301 2605 dedit,
1337 2541 1515 2594 etiam
1548 2540 1853 2595 auferendi
1880 2557 1981 2611 po-

317 2633 592 2683 testatem
624 2627 822 2684 habet.
842 2627 1221 2683 Mediatorem
1244 2637 1443 2685 autem
1474 2637 1640 2686 vocat
1661 2631 1981 2700 Christum,

317 2734 387 2773 eo
422 2717 579 2787 quod
614 2717 1022 2772 intercesserit
1069 2718 1226 2773 inter
1283 2722 1514 2774 Patrem
1565 2726 1625 2775 et
1678 2720 1981 2775 hominem

317 2810 606 2876 tanquam
653 2805 727 2861 ad
775 2806 1122 2871 amicitiam,
1158 2814 1215 2862 et
1264 2809 1669 2864 conciliaverit
1698 2826 1804 2864 nos
1827 2808 1982 2880 apud

318 2895 635 2965 Deum,qui
668 2895 803 2950 facti
838 2912 1074 2951 eramus
1106 2897 1354 2952 inimici.
1392 2921 1417 2947 ‹‹
1454 2900 1519 2953 In
1553 2915 1733 2953 manu
1766 2897 1982 2953 media-

318 2985 481 3039 toris.
520 3007 546 3033 »
593 2985 970 3040 Mediatorem
1004 2986 1100 3041 hic
1130 2986 1274 3042 dicit
1316 2987 1636 3059 Christum,
1662 2989 1983 3044 ostendens

321 3074 478 3145 quod
511 3075 636 3146 ipse
697 3092 935 3146 quoque
986 3076 1176 3149 legem
1206 3078 1370 3149 prius
1404 3079 1653 3133 dederit.
1691 3079 1983 3134 Mediator

2086 1903 2201 1978 γεῖς
2254 1901 2324 1958 δι’
2376 1904 2639 1981 ἀγγέλου.
2703 1930 2730 1957 ››
2794 1902 2987 1974 Ἐδόθη
3048 1903 3384 1978 δεὸνὸμος,
3445 1902 3742 1980 διαταγεὶς,

2086 1994 2353 2061 τουτέστι,
2416 1990 2758 2062 διακονηθεὶς
2816 1994 2905 2049 καὶ
2964 1993 3234 2070 ἐπιταγεὶς
3287 1991 3375 2049 διὰ
3407 1996 3587 2067 μέσων
3639 1996 3745 2072 ἆγ-

2085 2080 2286 2158 γέλων,
2348 2082 2381 2152 ἦ
2423 2086 2531 2138 τῶν
2589 2077 2801 2152 ἱερέων,
2834 2081 2868 2153 ἢ
2901 2078 3071 2145 ὅντως
3132 2082 3401 2158 ἀγγέλων.
3456 2086 3543 2141 Ἐν
3590 2085 3742 2162 χειρὶ

2090 2173 2314 2246 μεσίτου
2358 2168 2542 2243 ἐδόθη,
2597 2172 2754 2252 φησὶ,
2812 2173 3083 2245 τουτέστι,
3115 2173 3212 2229 τοῦ
3264 2175 3522 2249 Χριστοῦ.
3584 2171 3745 2230 Θὲλεῖ

2088 2264 2191 2339 γὰρ
2224 2260 2389 2335 δεῖξαι
2448 2260 2537 2317 xui
2586 2263 2677 2316 τὸν
2728 2262 2897 2337 νόμον
2962 2263 3063 2317 ὑπὸ
3123 2265 3363 2337 Χριστοῦ
3423 2259 3742 2336 δεδομένον,

2085 2350 2175 2405 ἳνα
2231 2350 2320 2406 xui
2379 2354 2475 2405 τοῦ
2518 2349 2727 2405 ἀνελεῖν
2789 2351 2952 2405 αὐτὸν
2986 2372 3176 2423 κυριος
3237 2353 3483 2426 γενηται.
3520 2354 3582 2408 Ὀ
3639 2351 3745 2428 γὰρ

2090 2437 2364 2509 δεδωκὼς,
2398 2441 2487 2494 καὶ
2517 2438 2725 2495 ἀνελεῖν
2764 2438 3003 2511 ἐξουσίαν
3061 2438 3199 2517 ἔχει.
3261 2441 3487 2512 Νεσίτην
3538 2437 3596 2496 δὲ
3651 2441 3744 2497 τὸν

2088 2531 2319 2606 Χριστὸν
2348 2528 2529 2589 καλεῖ.
2563 2527 2651 2584 διὰ
2692 2531 2752 2584 τὸ
2817 2536 3120 2603 μεσιτεῦσαι
3154 2535 3235 2604 τῷ
3268 2530 3437 2606 ΙΙατρὶ
3488 2531 3579 2586 καὶ
3630 2538 3749 2594 τοῖς

2090 2618 2420 2694 ἀνθρώποις,
2480 2621 2598 2674 οἶον
2680 2621 2815 2694 πρὸς
2876 2618 3099 2696 φιλίαν,
3161 2621 3249 2675 καὶ
3302 2620 3745 2691 ἀποκαταλλάξαι

2089 2709 2237 2781 ἡμᾶς
2268 2710 2402 2783 πρὸς
2432 2709 2525 2763 τὸν
2554 2709 2703 2773 Θεὸν,
2744 2707 3326 2783 ἐκπεπολεμωμένους.
3389 2734 3414 2765 ι
3448 2712 3535 2767 Ἐν
3595 2710 3746 2787 χειρὶ

2094 2796 2397 2869 μεσίτου.»
2461 2800 2736 2872 [[ΩᾹΝ.]
2819 2798 3058 2866 Masith
3145 2797 3369 2855 ἐνταῦθα
3432 2800 3524 2855 τὸν
3610 2803 3745 2875 Χρι-

2091 2886 2213 2941 στόν
2242 2908 2394 2963 φησι,
2426 2886 2632 2949 δεικνὺς
2675 2888 2756 2941 ὅτι
2792 2887 2880 2943 xui
2938 2889 3200 2964 πρότερον
3260 2889 3351 2944 τὸν
3383 2890 3547 2962 νόμον
3580 2890 3740 2952 αὐτὸς

2090 2971 2311 3034 ἔδωκεν.
2381 2999 2402 3026 ι
2435 2978 2495 3035 Ὁ
2530 2976 2586 3031 δῖε
2647 2978 2893 3051 μεσίτης,
2954 2978 3141 3057 φησὶν,
3193 2979 3311 3041 ἑνὸς
3362 2978 3462 3033 οὐκ
3519 2976 3682 3049 ἔστιν,
3715 2981 3746 3035 6

2090 3062 2149 3120 δὲ
2178 3067 2305 3129 Θεὸς
2345 3070 2421 3129 εἷς
2479 3067 2643 3123 ἐστιν.
2681 3093 2708 3119 ››
2769 3070 2829 3127 Ὀ
2892 3068 3137 3141 μεσίτης,
3208 3072 3365 3148 φησί,
3426 3066 3522 3124 δύο
3580 3074 3744 3125 τινῶν

322 3170 518 3219 autem
550 3165 728 3220 unius
752 3182 869 3220 non
897 3173 1003 3231 est,
1037 3174 1095 3221 at
1119 3169 1270 3223 Deus
1293 3185 1450 3224 unus
1482 3175 1588 3225 est.
1622 3193 1647 3219 ››
1673 3169 1974 3236 Mediator,

2094 3154 2299 3233 γίνεται
2353 3157 2601 3229 μεσίτης.
2661 3158 2818 3219 Τίνος
2860 3156 2951 3214 οὖν
2987 3157 3213 3233 μεσίτης
3262 3159 3290 3213 6
3322 3160 3552 3234 Χριστὸς
3588 3177 3602 3227 ;
3635 3168 3743 3230 Δηο

324 3253 803 3324 inquit,duorum
835 3255 1172 3326 aliquorum
1206 3258 1271 3311 fit
1297 3257 1608 3315 mediator.
1630 3258 1808 3330 Cujus
1840 3275 1976 3331 ergo

334 3342 633 3397 mediator
658 3350 747 3397 est
776 3343 1044 3399 Christus
1075 3344 1103 3399 ?
1131 3346 1298 3401 Certe
1332 3352 1390 3401 et
1418 3346 1729 3402 hominum
1762 3354 1821 3401 et
1859 3348 1980 3403 llei.

326 3430 502 3485 Vides
534 3432 830 3502 quomodo
883 3433 1009 3504 ipse
1042 3434 1317 3489 ostendat
1374 3437 1531 3506 quod
1563 3437 1688 3508 ipse
1746 3454 1980 3508 quoque

322 3518 517 3591 legem
550 3519 799 3587 dederit,
832 3526 891 3575 et
921 3527 1131 3592 potens
1164 3524 1241 3577 sit
1270 3541 1505 3579 rursum
1530 3526 1706 3580 etiam
1727 3526 1983 3581 solvere?

330 3644 331 3647 η
399 3630 426 3656 ‹‹
463 3607 745 3663 Mediator
774 3615 973 3665 autem
1022 3613 1201 3666 unius
1242 3629 1361 3667 non
1416 3621 1523 3669 est.
1580 3637 1605 3663 »
1637 3615 1790 3670 Dicit
1845 3633 1980 3687 ergo

324 3697 483 3767 quod
536 3699 722 3753 Moses
778 3699 1020 3769 quidem
1083 3702 1370 3758 mediator
1428 3704 1611 3759 fuerit
1657 3705 1731 3760 ad
1788 3706 1977 3761 datio-

318 3802 459 3842 nem
486 3788 656 3861 legis,
682 3788 784 3844 sed
817 3790 918 3844 uni
953 3790 1062 3846 soli
1101 3793 1259 3863 genti
1294 3794 1585 3850 mediator
1612 3795 1725 3850 fuit
1756 3813 1767 3850 ε
1805 3814 1983 3868 opor-

323 3882 409 3932 tet
437 3884 633 3933 autem
671 3895 806 3933 eum
841 3881 940 3951 qui
990 3898 1123 3937 vere
1155 3883 1447 3939 mediator
1493 3886 1727 3941 futurus
1760 3892 1847 3941 est
1897 3904 1983 3941 er.

317 3981 391 4039 ga
420 3984 607 4023 unum
646 3974 825 4023 Deum
848 3971 1113 4026 omnium
1146 3974 1435 4046 gentium,
1488 3978 1676 4031 creari
1730 3995 1850 4032 nou
1882 3994 1981 4031 su-

315 4072 425 4127 per
456 4058 882 4113 mediationem
916 4060 1093 4115 unius
1126 4064 1340 4135 gentis,
1372 4065 1475 4119 sed
1525 4067 1793 4121 omnium
1847 4083 1985 4139 gen-

318 4145 471 4200 tium
501 4164 513 4202 :
540 4147 1023 4217 quandoquidem
1047 4151 1222 4207 etiam
1250 4154 1516 4209 omnium
1538 4155 1803 4227 gentium
1827 4169 1984 4210 unus

322 4238 415 4289 est
437 4235 612 4302 Deus,
648 4236 804 4292 hunc
863 4245 1059 4293 autem
1119 4257 1249 4295 esse
1305 4249 1537 4313 oportet
1586 4260 1707 4297 non
1756 4243 1984 4298 nudum

322 4324 651 4387 hominem,
688 4328 881 4397 qualis
914 4335 1040 4385 erat
1062 4331 1269 4391 Moses,
1305 4330 1408 4386 sed
1438 4332 1738 4387 Christum
1770 4332 1982 4387 Filium

324 4412 451 4479 Dei,
486 4414 585 4483 qui
618 4415 774 4470 idem
811 4417 988 4472 simul
1020 4434 1153 4473 vere
1184 4419 1339 4474 Deus
1375 4425 1463 4474 est
1494 4426 1552 4475 et
1599 4438 1731 4477 vere
1781 4422 1979 4489 homo,

322 4508 380 4557 et
411 4504 757 4575 cognatione
786 4523 964 4577 quam
997 4507 1069 4561 ad
1092 4513 1415 4580 utrumque
1438 4510 1633 4579 habet,
1663 4517 1982 4583 utrumque

317 4592 381 4648 in
408 4594 602 4665 seipse
627 4596 1600 4669 conjungit.«lpse~siquidemuest
1621 4620 1730 4674 pax
1755 4609 1979 4668 nostra,

324 4682 426 4753 qui
456 4685 597 4740 facit
618 4702 688 4740 ex
710 4686 1023 4758 utriusque
1051 4705 1368 4743 unum.n—
1394 4691 1623 4747 «Unius
1654 4708 1776 4748 non
1810 4698 1917 4749 est.
1956 4715 1983 4742 »

322 4774 451 4827 Non
486 4775 645 4829 enim
672 4774 785 4829 fuit
805 4776 984 4831 unius
1005 4778 1428 4843 mediator,sed
1452 4765 1551 4836 Dei
1579 4782 1980 4838 ethominum.

324 4861 382 4916 Si
414 4870 612 4919 autem
645 4865 771 4935 ipse
805 4866 1100 4923 mediator
1124 4869 1251 4935 fuit,
1286 4869 1412 4940 ipse
1446 4887 1679 4941 quoque
1714 4871 1981 4927 salvabit.

326 4972 354 5000 «
392 4956 466 5003 At
495 4952 650 5006 Deus
680 4969 835 5008 unus
866 4961 974 5011 est.
1010 4978 1037 5005 »
1074 4957 1237 5021 Quod
1263 4957 1310 5011 si
1341 4961 1587 5014 omnino
1619 4976 1865 5015 necesse
1897 4967 1987 5015 est

323 5038 715 5095 mediatorem
748 5043 905 5098 inter
924 5044 1072 5100 duos
1105 5047 1337 5118 aliquos
1368 5054 1469 5102 aut
1498 5050 1699 5120 plures
1736 5049 1891 5103 inter
1921 5066 1982 5104 se

327 5127 685 5185 dissidentes
716 5148 843 5186 esse
869 5133 1442 5202 mediatorem,Deus
1463 5144 1663 5192 autem
1695 5154 1850 5192 unus
1873 5144 1981 5206 est,

324 5217 572 5289 planum
605 5225 694 5273 est
722 5221 879 5289 quod
910 5222 1265 5279 interDeum
1295 5231 1353 5279 et
1374 5226 1648 5282 homines
1671 5226 1848 5282 fuerit
1865 5245 1982 5282 me-

326 5306 542 5369 diator,
575 5312 633 5362 et
662 5325 770 5363 nos
800 5309 886 5363 illi
948 5313 1372 5369 conciliaverit.
1419 5317 1473 5371 Si
1506 5316 1686 5389 igitur
1716 5317 1982 5372 Christus

324 5402 384 5451 et
414 5412 534 5451 non
565 5396 657 5452 lex
691 5400 1030 5455 conciliavit
1062 5419 1191 5468 nos,
1251 5406 1634 5461 manifestum
1678 5413 1769 5461 est
1825 5407 1982 5478 quod

321 5486 586 5542 Christus
619 5494 677 5543 et
726 5488 874 5543 ﬁdes
933 5490 994 5543 in
1046 5492 1342 5549 Christum
1390 5496 1593 5559 salvat,
1627 5502 1685 5551 et
1736 5514 1855 5551 non
1888 5496 1981 5554 lex

318 5607 387 5618 -—-
420 5578 602 5633 Aliud.
664 5579 820 5634 Deus
853 5586 1051 5635 autem
1097 5588 1186 5637 est
1216 5586 1315 5654 qui
1351 5592 1407 5639 et
1459 5586 1647 5658 legem
1707 5586 1872 5642 dedit
1926 5594 1981 5643 et

322 5667 726 5739 Evangelium,
761 5677 820 5724 et
868 5671 1159 5728 mediator
1186 5674 1295 5727 fuit
1325 5692 1391 5729 ac
1432 5677 1840 5733 reconciliavit
1869 5679 1979 5735 Pa-

2093 3243 2275 3300 λονῦτι
2308 3246 2605 3321 ἀνθρώπων
2636 3267 2691 3302 τε
2749 3248 2839 3303 καὶ
2898 3249 3050 3304 Θεοῦ.
3108 3248 3270 3323 Ὀρᾷς
3303 3252 3419 3309 πῶς
3476 3245 3744 3303 δείκνυσιν

2089 3332 2171 3389 ὅτι
2202 3336 2291 3389 xui
2344 3337 2436 3391 τὸν
2496 3336 2665 3410 νόμον
2734 3336 2897 3401 αὐτὸς
2965 3333 3155 3405 ἔδωκε,
3188 3337 3278 3392 xui
3337 3336 3524 3411 κύριος
3556 3335 3616 3391 ἃν
3651 3335 3740 3408 εἴη

2088 3425 2178 3479 καὶ
2215 3424 2393 3480 λύσειν
2426 3423 2629 3495 πάλινς

2163 3616 2278 3671 ((⁸0
2337 3611 2395 3669 δὲ
2456 3615 2681 3688 μεσίτης
2760 3615 2877 3679 ἑνὸς
2935 3615 3033 3670 οὐκ
3090 3612 3275 3670 ἔστιν.
3336 3639 3365 3668 ››
3423 3617 3582 3691 Λέγει
3626 3617 3745 3672 τοί-

2090 3724 2205 3774 νυν,
2264 3703 2347 3759 ὅτι
2409 3706 2618 3772 Μωσῆς
2679 3704 2774 3775 μὶν
2863 3703 3167 3776 ἐμεσίτευσε
3235 3706 3371 3779 πρὸς
3427 3706 3526 3775 τὴν
3589 3703 3742 3760 δόσιν

2087 3798 2185 3848 τοῦ
2243 3793 2443 3866 νὸμου,
2510 3790 2635 3848 ἀλλ’
2692 3793 2768 3848 ἑνὶ
2832 3794 2995 3867 μὸνον
3053 3793 3393 3868 ἐμεσίτευσεν
3443 3790 3601 3852 ἔθνει.
3654 3801 3747 3850 Δεῖ

2092 3879 2148 3938 δὲ
2202 3885 2292 3939 τὸν
2351 3887 2422 3947 ὡς
2475 3883 2699 3954 ἀληθῶς
2761 3883 3036 3958 μέλλοντα
3104 3886 3400 3958 μεσιτεύειν
3459 3886 3593 3959 πρὸς
3648 3886 3743 3940 τὸν

2088 3979 2199 4029 τῶν
2269 3974 2516 4029 ἁπάντων
2589 3974 2755 4028 ἐθνῶν
2849 3968 2940 4028 ἕνα
3020 3976 3169 4042 Θεὸν,
3237 3974 3344 4049 οὐχ
3425 3976 3558 4050 ὑπὲρ
3627 3976 3746 4040 ἑνὸς

2090 4062 2276 4127 ἔθνους
2311 4108 2324 4133 ,
2379 4061 2505 4118 ἀλλ’
2577 4063 2708 4137 ὑπὲρ
2792 4062 3009 4118 πάντων
3092 4068 3251 4138 κοινῇ
3308 4066 3409 4134 τήν
3473 4065 3743 4136 μεσιτείαν

2091 4158 2447 4225 ποιήσασθαι,
2479 4150 2668 4222 ἐπειδὴ
2709 4152 2799 4207 xui
2829 4153 3045 4208 πάντων
3082 4152 3249 4217 ἐθνῶν
3310 4156 3387 4217 εἷς
3445 4153 3555 4209 ἐστι
3587 4155 3741 4217 Θεὸς.

2093 4242 2197 4315 Εἴη
2234 4240 2278 4296 δ’
2312 4242 2371 4297 ἂν
2425 4242 2607 4309 οὗτος,
2670 4239 2731 4295 οὗ
2790 4240 2954 4315 ψιλος
3002 4240 3287 4318 ἄνθρωπος
3345 4243 3461 4307 οίος
3516 4249 3743 4314 Μωσῆς,

2093 4331 2239 4388 ἀλλὰ
2269 4331 2508 4406 Χριστὸς
2541 4331 2569 4385 6
2600 4330 2722 4391 Υἱὸς
2757 4334 2854 4385 τοῦ
2885 4334 3042 4399 Θεοῦ,
3104 4332 3232 4394 Θεὸς
3272 4352 3331 4387 τε
3388 4327 3463 4385 ὤν
3522 4332 3748 4402 ἀληθῶς

2094 4422 2120 4475 6
2154 4420 2314 4481 αὐτὸς
2342 4420 2475 4492 ἅμα,
2507 4419 2596 4473 καὶ
2631 4419 2914 4495 ἄνθρωπος
2969 4417 3213 4489 ἀληθῶς,
3272 4420 3362 4474 καὶ
3421 4424 3490 4494 τῇ
3551 4440 3743 4497 συγγεο

2091 4509 2207 4582 νείᾳ
2233 4513 2301 4583 τῇ
2334 4509 2468 4583 πρὸς⁹
2500 4508 2773 4584 ἑκάτερον,
2830 4507 2904 4569 εἰς
2938 4507 2989 4562 ἔν
3050 4510 3293 4583 συνάγων
3354 4509 3403 4563 ἐν
3475 4510 3650 4581 ἑαυτῷ
3679 4509 3748 4563 τὰ

2093 4600 2336 4673 ἑκάτερα.
2375 4622 2402 4650 ‹‹
2430 4596 2600 4660 Αὐτὸς
2631 4597 2735 4671 γάρ
2765 4597 2911 4652 ἐστιν
2960 4599 2993 4668 ἡ
3048 4598 3238 4672 εἰρήνη
3300 4601 3484 4671 ἡμῶν,
3514 4599 3543 4652 6
3573 4600 3745 4669 ποιή-

2093 4710 2187 4750 σας
2213 4691 2279 4743 re:
2311 4688 2590 4765 ἀμφότερα
2615 4684 2688 4740 ἓν.
2734 4711 2763 4738 ››
2794 4720 2863 4729 ——
2894 4710 2921 4739 ‹‹
2951 4687 3106 4750 Ἑνὸς
3145 4685 3242 4741 οὐκ
3273 4680 3432 4742 ἔστιν.
3472 4712 3499 4738 ››
3532 4687 3609 4745 Οὐ
3641 4686 3747 4764 γὰρ

2094 4778 2212 4837 ἑνὸς
2244 4774 2431 4849 γέγονε
2478 4772 2726 4846 μεσίτης,
2789 4769 2936 4827 ἀλλὰ
2980 4777 3115 4827 Θεοῦ
3181 4774 3272 4827 καὶ
3330 4773 3653 4848 ἀνθρώπων.
3683 4774 3746 4830 Εἰ

2093 4866 2152 4920 ὸὶ
2181 4863 2342 4926 αὐτὸς
2380 4863 2711 4936 ἐμεσίτευσε,
2770 4859 2956 4939 φησῗν,
3019 4861 3177 4923 αὑτὸς
3236 4862 3325 4916 καὶ
3378 4863 3562 4919 σώσει.
3626 4862 3746 4919 «Ὀ

2094 4952 2149 5010 δὲ
2182 4955 2312 5017 Θεὸς
2344 4954 2424 5014 εἶς
2457 4950 2618 5009 ἐστιν.
2655 4976 2682 5003 ››
2718 4950 2780 5007 Εἰ
2812 4951 2903 5005 οὖν
2932 4951 3024 5005 τὸν
3084 4951 3305 5023 μεσίτην
3365 4950 3573 5027 ἀνάγκη
3609 4957 3747 5006 πΞσε

2094 5043 2190 5100 δύο
2220 5041 2439 5112 τινῶνῆ
2474 5041 2560 5096 xui
2594 5039 2865 5096 πλειόνων
2897 5041 3031 5116 πρὸς
3077 5038 3298 5102 ἑαυτοὺς
3332 5037 3743 5118 διαφερομένων

2094 5136 2233 5190 εἶναι
2271 5131 2517 5206 μεσίτην,
2559 5131 2586 5184 6
2619 5126 2676 5184 δὲ
2706 5130 2834 5190 Θεὸς
2893 5129 2972 5191 εἶς
3024 5127 3186 5198 ἐστιν,
3240 5126 3475 5200 εὔδηλον
3528 5129 3611 5183 ὅτι
3663 5134 3747 5203 τῷ

2093 5228 2209 5295 Θεῷ
2238 5222 2328 5277 καὶ
2357 5225 2474 5284 τοῖς
2522 5220 2831 5294 ἀνθρώποις
2890 5217 3217 5293 ἐμεσίτευσε,
3286 5217 3377 5273 καὶ
3432 5218 3749 5290 ἀποκατήλ-

2093 5311 2249 5384 λαξεν
2280 5314 2427 5384 ἡμᾶς
2460 5308 2596 5385 πρὸς
2655 5308 2839 5366 αὐτόν.
2900 5307 2961 5364 Ei
3014 5305 3105 5363 οὖν
3137 5309 3164 5362 6
3197 5307 3431 5370 Χοιστὸς
3463 5310 3613 5381 ἡμᾶς
3658 5309 3749 5365 καὶ

2092 5403 2200 5483 οὐχ
2229 5404 2257 5456 6
2286 5401 2456 5474 νόμος
2515 5397 2989 5471 ἀποκατήλλαξεν,
3049 5395 3287 5468 εὔδηλον
3348 5399 3422 5462 ὡς
3464 5399 3491 5453 ὁ
3519 5401 3747 5476 Χριστὸς

2089 5495 2179 5550 καὶ
2237 5494 2272 5562 ἡ
2323 5491 2398 5554 εἷς
2454 5488 2612 5545 αὐτόν
2670 5489 2850 5551 πίστις
2910 5488 3097 5558 σώζει,
3154 5488 3245 5543 καί
3300 5488 3409 5567 οὐχ
3467 5489 3495 5542 6
3555 5490 3747 5563 νὸμος.

2089 5619 2157 5627 —-
2187 5580 2388 5639 Ἀλλο.
2423 5580 2630 5656 [ΦΩΤ.]
2662 5580 2720 5636 Ὀ
2752 5576 2809 5634 δὲ
2861 5579 2996 5641 Θεὸς
3055 5575 3196 5633 ἐστιν
3227 5579 3255 5633 6
3287 5579 3377 5633 xui
3432 5579 3526 5633 τὸν
3575 5579 3749 5652 νόμον

2088 5673 2279 5732 καὶτὸ
2339 5667 2671 5748 Εταγγὲλιον
2737 5665 2885 5741 δοὺς,
2944 5667 3031 5722 καὶ
3094 5666 3413 5742 μεσιτεύσας
3473 5667 3562 5722 καὶ
3618 5669 3748 5723 ἀπο-
