4098 6386
333 353 487 419 1429

1391 353 1788 416 CUMMENT.
1839 353 1924 416 IN
1972 353 2220 417 EPIST.
2268 356 2380 416 AD
2425 356 2707 420 GALAT.

3603 357 3758 422 H30

324 482 676 554 καταλλάξας
725 487 804 556 τῷ
856 482 1044 561 Πατρί.
1098 483 1384 564 Τουτιστιν
1417 487 1446 542 6
1498 483 1658 549 αὐτὸς
1705 483 1866 551 ἔστιν,
1928 486 1987 548 ὃς

2103 488 2215 546 tri:
2249 489 2361 548 hoc
2392 495 2501 560 est,
2524 492 2650 564 ipse
2683 496 2773 548 est
2803 491 2905 562 qui
2940 495 3028 546 est
3081 490 3369 546 Christus.
3405 489 3756 561 Quanquam

329 571 445 630 ἔστι
477 572 732 648 Χριστός.
766 572 831 630 Εἰ
860 573 962 655 γὰρ
993 575 1081 629 καὶ
1143 571 1239 630 δύο
1280 575 1346 632 τὰ
1399 575 1810 650 μεσιτευόμενα,
1857 573 1988 632 ἀλλ’

333 666 362 720 6
399 663 628 738 μεσίτης
659 664 736 726 εἷς
768 663 933 719 ἐστιν·
969 665 1048 728 εἷς
1079 666 1183 740 γὰρ
1214 666 1303 720 καὶ
1336 656 1546 744 ὀφείλει
1578 667 1736 723 εἶναι.

405 755 468 812 ὐ
499 754 591 810 οὖν
651 754 824 828 νόμος
882 757 1018 809 κατᾶ
1072 760 1178 809 τῶν
1237 754 1582 830 ἐπαγγελιῶν
1649 760 1746 810 τοῦ
1805 760 1984 825 Θεοῦ;

331 844 426 911 Μὴ
486 841 726 917 γένοιτο,
793 842 849 898 Εἰ
905 843 1006 918 γὰρ
1077 841 1241 914 ἐδόθη
1328 845 1498 917 νόμος
1583 845 1610 900 6
1691 841 1990 916 δυνάμενος

333 937 699 1002 ζωοποιῆσαι,
733 927 904 994 ὅντως
966 933 1024 988 ἂν
1079 931 1139 988 ἐκ
1195 935 1369 1007 νόμου
1425 934 1490 1002 ἦν
1551 937 1586 1004 ἡ
1647 931 1989 1005 δικαιοσύνη,

329 1021 481 1078 ἀλλά
539 1023 878 1079 συνέκλεισεν
938 1027 974 1093 ἡ
1033 1026 1221 1099 Γραφή
1276 1026 1342 1079 τὰ
1397 1025 1568 1080 πάντα
1629 1025 1733 1081 ὑπὸ
1810 1025 1989 1098 ἆμαρ·

325 1113 475 1183 τίαν,
528 1110 617 1168 ’ίνα
674 1115 710 1183 ἡ
773 1112 1074 1190 ἐπαγγελία
1145 1113 1200 1168 ἐγ
1278 1134 1511 1177 πιστεως
1599 1116 1778 1185 Ἰησοῦ
1859 1120 1990 1185 Χρι-

331 1206 460 1258 στοῦ
493 1199 628 1278 δοθῇ
660 1206 775 1265 τοῖς
804 1203 1174 1263 πιστεύουσιν.

399 1290 473 1350 Εἴ
529 1291 634 1367 γὰρ
667 1292 722 1346 αἱ
757 1291 850 1364 μὲν
913 1290 1237 1368 ἐπαγγελίαι
1297 1291 1584 1369 εὐλόγουν,
1643 1293 1670 1347 6
1725 1288 1782 1346 δὲ
1820 1291 1989 1365 νόμος

331 1380 760 1457 επικαταράτους
820 1374 1150 1459 ποιεῖλᾶρα
1199 1382 1426 1455 ὁνόμος
1469 1382 1604 1438 κατᾶ
1658 1386 1766 1438 τῶν
1826 1379 1989 1456 ἔπαγ-

330 1469 533 1546 γελιῶν
562 1475 658 1527 τοῦ
687 1473 821 1527 Θεοῦ
852 1467 1040 1543 ἐδόθη,
1099 1469 1398 1544 τουτέστιν,
1457 1471 1531 1534 εἷς
1577 1472 1640 1526 τὸ
1697 1466 1988 1544 ἐμποδίσαι

327 1560 516 1624 αὐταῖς
547 1565 644 1616 τοῦ
675 1558 1000 1636 εὐλογῆσαι.
1033 1561 1245 1632 Ταύτην
1303 1561 1396 1617 οὖν
1455 1560 1575 1617 λύει
1625 1561 1725 1629 τὴν
1783 1559 1992 1626 ἀντίθε-

331 1672 437 1720 σιν,
472 1655 589 1712 τοῖς
619 1670 678 1706 τε
721 1650 867 1723 ἑξῆς,
929 1651 1016 1706 καὶ
1068 1653 1138 1722 τῇ
1190 1649 1571 1725 ἀπαγορεύσει·
1629 1651 1723 1718 Μὴ
1776 1649 1990 1727 γένοιτο

329 1737 1022 1817 γὰρ,φησίν.-Ἀλλως
1081 1742 1294 1815 [ΦΩΤ.]
1351 1741 1414 1797 Ὀ
1469 1737 1562 1795 οὖν
1624 1740 1795 1811 νόμος
1856 1739 1992 1794 κατὰ

2101 580 2262 636 enim
2293 581 2409 635 duo
2442 581 2562 636 sint
2593 582 2749 636 inter
2780 596 2928 652 quos
2962 579 3349 650 fitmediatio,
3381 597 3538 636 unus
3562 585 3762 636 tamen

2102 675 2191 723 est
2223 669 2534 736 mediator,
2569 676 2627 724 et
2664 686 2819 724 unus
2853 685 2980 723 esse
3013 669 3208 725 debet.

2174 761 2334 827 lll,2!
2355 803 2368 828 ,
2401 763 2488 814 2:.
2505 784 2523 808 ι
2553 761 2668 815 Lex
2691 761 2868 832 igitur
2889 777 3073 814 unum
3097 767 3186 815 est
3205 761 3483 816 adversus
3506 760 3762 832 promis-

2103 871 2127 895 ‹‹
2158 849 2354 904 siones
2375 849 2526 905 Dei?
2547 849 2730 904 Absit.
2762 849 2994 904 Etenim
3019 850 3067 904 si
3102 850 3238 905 data
3267 850 3478 905 fuisset
3505 850 3594 905 lex
3628 867 3760 922 qum

2104 962 2130 989 ιι
2158 941 2448 1013 potuisset
2470 941 2783 1003 viviﬁcare,
2817 958 2950 996 vere
3001 959 3070 996 ex
3092 941 3219 1008 lege
3248 933 3334 997 est
3360 942 3615 1013 justitia.
3651 941 3765 996 Sed

2105 1049 2132 1077 ‹‹
2166 1029 2460 1083 conclusit
2513 1029 2817 1100 Scriptura
2849 1029 3051 1084 omnia
3092 1028 3199 1083 sub
3231 1037 3494 1100 peccato,
3526 1036 3591 1084 ut
3621 1046 3764 1101 pro-

2104 1139 2133 1167 ‹‹
2157 1117 2362 1173 missio
2385 1135 2456 1174 ex
2480 1118 2594 1191 ﬁde
2616 1120 2753 1194 Jesu
2775 1118 2991 1174 Christi
3026 1117 3270 1200 daretur
3299 1117 3700 1176 credentibus.
3729 1135 3758 1170 ι

2174 1287 2230 1344 Si
2256 1289 2416 1344 enim
2448 1288 2879 1366 promissiones
2938 1286 3394 1366 benedicebant,
3426 1287 3522 1344 lex
3569 1292 3768 1358 autem

2103 1377 2502 1451 exsecrandos
2533 1365 2673 1434 facit
2702 1396 2714 1432 :
2751 1394 2901 1450 ergo
2921 1368 3014 1432 lex
3048 1376 3329 1444 adversus
3356 1372 3767 1450 promissaDei

2102 1465 2241 1523 data
2273 1470 2501 1532 est,ho,c
2529 1474 2638 1540 est,
2672 1467 2746 1524 ad
2777 1466 3225 1540 impediendum
3253 1465 3382 1539 ipsa
3411 1463 3766 1522 ne'benedi-

2102 1565 2325 1614 cerent.
2353 1560 2513 1614 Hanc
2543 1559 2743 1632 itaque
2769 1558 2913 1614 solvi
2932 1553 3365 1630 ’objectionem,
3401 1563 3458 1614 et
3488 1575 3594 1630 per
3623 1574 3765 1615 con-

2105 1651 2501 1724 sequentiam,
2523 1657 2578 1706 et
2611 1668 2716 1722 per
2746 1651 3122 1724 negationem
3155 1650 3429 1707 dicendo.
3471 1649 3656 1706 Absit.
3697 1653 3767 1692 -'-

2103 1740 2232 1794 Αιιο
2264 1741 2443 1795 modo.
2478 1762 2506 1788 «
2529 1741 2642 1796 Lex
2693 1739 2873 1809 igitur
2903 1757 3046 1795 num
3080 1745 3170 1795 est
3199 1739 3486 1795 adversus
3511 1739 3766 1812 promis-

325 1833 436 1883 τῶν
468 1826 814 1906 ἐπαγγελιῶν
853 1833 952 1884 τοῦ
1001 1833 1179 1899 Θεοῦ;
1235 1854 1262 1882 ››
1314 1829 1612 1887 Ἀντίθεσιν
1665 1827 1805 1885 λύει.
1861 1830 1989 1901 ’Ἡρ-

2106 1828 2306 1884 siones
2339 1828 2490 1883 Dei?
2522 1851 2551 1879 n
2587 1813 3005 1898 Objectionem
3059 1828 3254 1884 diluit.
3306 1829 3580 1883 Diceren'.
3609 1828 3769 1884 enim

323 1938 462 1974 πασε
518 1920 646 1994 γὰρ,
697 1923 848 1996 φαῖεν
910 1917 971 1974 ἂν
1053 1940 1212 1986 τινες,
1267 1920 1296 1974 6
1352 1919 1523 1991 νόμος
1582 1918 1643 1974 τὸ
1713 1915 1992 1991 δικαίωμα

323 2013 433 2063 τῶν
467 2004 830 2085 ἱπσγγελιῶν,
861 2009 976 2064 καὶ·
1010 2009 1198 2084 γέγονε
1246 2013 1362 2063 κατ’
1414 2007 1612 2067 αὐτῶν,
1671 2005 1850 2062 Ἀλλὰ
1911 2007 1988 2079 μὴ

325 2098 559 2172 γένοιτο.
598 2095 659 2153 Εἰ
693 2097 791 2171 μὲν
826 2096 927 2172 γὰρ
983 2095 1222 2166 ἠδυνατο
1273 2101 1587 2168 ζωοποιεῖν,
1650 2095 1874 2158 εἰκότως
1931 2092 1990 2150 ἄν

318 2207 403 2250 τις
447 2185 665 2258 ἐνόμιζε
724 2188 859 2240 κατὰ
917 2191 1022 2241 τῶν
1079 2186 1430 2264 ἐπαγγελιῶν
1483 2185 1838 2262 ἐκτεσεῖσθαι,
1899 2183 1989 2238 καί

318 2275 382 2332 τὸ
413 2273 632 2330 ἐκείνων
669 2271 945 2347 δικαίωμα
988 2275 1323 2354 ὑφαρπάσαι,
1373 2275 1466 2330 ’ἁτε
1513 2274 1674 2329 αὐτὸν
1729 2273 1989 2348 ἰσχύοντα

323 2360 634 2419 δικαιῶσαι.
668 2363 819 2420 Ἐπεὶ
863 2362 920 2419 δὶ
980 2361 1136 2419 οὐδὲν
1195 2369 1448 2419 τοιοῦτον
1498 2362 1678 2439 ἰσχύει
1734 2369 1986 2432 ποιῆσαι,

325 2450 454 2509 οὔτε
486 2458 852 2524 ζωοποιῆσαι,
886 2449 1007 2508 οὔτε
1033 2451 1342 2523 δικαιῶσαι,
1377 2450 1636 2524 δηλονότι
1668 2453 1767 2508 οὐκ
1821 2449 1984 2537 ἐδόθη

321 2534 462 2599 κατὰ
514 2547 622 2599 τῶν
680 2539 1043 2619 ἒπαγγελιῶν.
1099 2539 1267 2598 Αὗται
1321 2535 1424 2618 γὰρ
1483 2544 1544 2597 τὸ
1603 2542 1803 2598 οίκεῖον
1866 2534 1987 2596 ἐπιέ

324 2629 558 2702 δείξουσι
590 2628 911 2703 δικαίωμαι,
949 2632 1216 2702 σώξουσαι
1275 2631 1363 2686 καὶ
1425 2628 1726 2686 δικαιοῦσαι
1785 2630 1877 2686 τὸν
1926 2627 1988 2684 ἒκ

325 2720 587 2783 πίστεως.
625 2723 721 2775 Καὶ
755 2721 856 2796 δρα
915 2721 1124 2798 σοφίαν.
1186 2727 1358 2796 Ὅπερ
1417 2721 1476 2775 ἄν
1531 2742 1612 2783 τις
1669 2721 1853 2790 ’ἔτερος
1910 2720 1985 2782 εἰς

325 2807 595 2880 διαϐολὴν
641 2813 736 2865 τοῦ
795 2809 968 2883 νόμου
1028 2812 1378 2884 προήνεγκεν,
1439 2806 1522 2866 ὅτι
1578 2809 1638 2864 οὐ
1698 2815 1982 2881 ζωοποιεῖ,

325 2895 454 2954 οὐδὲ
485 2898 711 2968 δικαιοῖ,
742 2902 902 2954 τοῦτο
935 2897 1096 2960 αὐτὸς
1157 2897 1232 2960 εἷς
1279 2896 1584 2976 ἀπολογίαν
1633 2897 1983 2974 ἐγκλήματος

323 2990 414 3044 καὶ
443 2989 519 3050 εἷς
553 2988 829 3064 ὶγκώμιον
857 2989 1240 3059 συνεστήσατο.
1276 2989 1372 3043 Διὰ
1401 2993 1564 3043 τοῦτο
1615 2988 1742 3064 γὰρ,
1795 2988 1984 3066 φησὶν,

328 3081 356 3135 6
388 3079 559 3153 νόμος
593 3077 655 3134 οὐ
687 3076 879 3154 γέγονε
934 3079 1070 3133 κατὰ
1120 3079 1227 3134 τῶν
1287 3077 1650 3154 ἐπαγγελιῶν,
1704 3080 1786 3134 ὅει
1849 3077 1985 3152 μηδὶ

330 3169 520 3239 σώζειν
557 3164 697 3240 μηδὲ
729 3165 970 3223 δικαιοῦν
1004 3165 1244 3242 ἴσχυσεν.
1281 3169 1358 3224 Οὐ
1403 3167 1564 3241 μόνον
1601 3165 1661 3223 δὲ’
1689 3167 1752 3222 οὐ
1792 3166 1984 3243 γέγονε

331 3258 448 3313 κατ’
504 3257 696 3330 αὐτῶν,
757 3255 902 3312 ἀλλὰ
958 3277 1021 3332 γε
1075 3256 1276 3330 τρόπον
1335 3255 1454 3311 τινα
1525 3256 1614 3312 καὶ
1675 3259 1984 3334 συνήργησε

329 3347 422 3402 καὶ
480 3347 858 3423 ὑπηρετήσατο
935 3346 1142 3408 αὐταῖς*
1206 3347 1284 3402 Δι’
1342 3347 1414 3399 ὧν
1469 3347 1571 3423 γὰρ
1628 3346 1729 3400 οὐκ
1785 3342 1980 3402 ἔσωσεν

329 3434 456 3491 οὐδὲ
513 3432 838 3503 ἕδικαίωςεν,
893 3432 980 3489 ἒπὶ
1038 3436 1136 3504 τήν
1197 3435 1377 3490 πίστιν
1455 3441 1785 3513 καταφυγεῖν
1843 3457 1984 3510 προ-

328 3528 612 3599 ετρέψατο,
644 3525 721 3579 Δι’
770 3525 844 3579 ῶν
895 3522 951 3579 δὲ
999 3523 1086 3580 ἐπὶ
1145 3525 1246 3594 τὴν
1307 3530 1480 3579 πίστιν
1541 3523 1832 3596 συνήλασε,
1890 3525 1985 3588 τὰς

327 3609 660 3692 ἔπαγγελίας
716 3611 1072 3683 τελειωθῆναι
1133 3615 1645 3690 συγκατειργάσατο.
1701 3639 1728 3666 ‹‹
1777 3614 1837 3670 Εἰ
1883 3614 1984 3690 γαρ

328 3701 492 3770 εδόθη
525 3704 696 3778 νόμος
727 3705 755 3758 6
791 3701 1085 3776 δυνὶμενος
1120 3695 1484 3774 ζωοποιῆσαι,
1527 3728 1554 3754 ››
1608 3704 1667 3760 Εἰ
1721 3705 1814 3775 μὲν
1861 3704 1986 3779 γὰρ,

328 3794 518 3875 φησῖν,
549 3795 576 3849 6
609 3794 784 3867 νόμος
817 3793 965 3868 εῗχεν
1003 3793 1157 3869 ἰσχὺν
1186 3797 1283 3848 τοῦ
1314 3797 1531 3865 σώζειν,
1571 3789 1698 3850 οὐδὲ
1727 3795 1890 3873 χρεία
1921 3795 1985 3863 ἦν

326 3891 429 3954 τῆς
461 3883 714 3946 πίστεως.
748 3883 925 3942 Ἀλλὰ
956 3880 1048 3938 διὰ
1090 3889 1252 3940 τοῦτο
1309 3884 1407 3940 οὐκ
1463 3881 1658 3959 ἴσχυσε
1711 3889 1991 3954 ζωοποιῆ-

331 3994 443 4042 σαι,
499 3970 587 4028 ’ίνα
620 3976 654 4042 ἡ
689 3976 876 4036 πίστις
931 3973 1118 4048 χώραν
1178 3969 1343 4048 λάϐῃ,
1405 3971 1553 4042 πλὴν
1611 3965 1692 4028 ὅτι
1752 3973 1988 4049 προεκᾶ-

333 4073 488 4139 θαιρε
518 4061 610 4118 καὶ
642 4059 961 4136 προωδήγει
1019 4059 1377 4138 παιδαγωγοῦ
1425 4059 1604 4133 δίκην,
1653 4061 1741 4116 καὶ
1794 4082 1989 4138 χωρη-

327 4151 516 4214 τικοὺς
564 4153 711 4224 ἡμᾶς
772 4141 1021 4206 ἀπετέλει
1087 4151 1178 4206 καὶ
1237 4143 1518 4215 δεκτικοὺς
1575 4157 1676 4220 τῆς
1734 4152 1989 4215 πίστεως.

332 4241 458 4300 ΙΙῶς
492 4238 583 4296 οὗν
617 4238 752 4295 κατᾶ
807 4242 912 4317 τῶν
983 4231 1324 4314 κπαγγελιῶν
1376 4244 1474 4293 του
1531 4241 1664 4294 Θεοῦ
1696 4241 1723 4294 6
1755 4238 1990 4316 προοδο-

329 4333 505 4384 ποιῶν
536 4333 654 4389 ταῖς
683 4325 1046 4403 ἐπαγγελίαις
1073 4346 1086 4398 ;
1121 4327 1198 4385 Οὐ
1228 4326 1402 4382 τοίννν
1457 4325 1818 4403 ἐνδεχόμενον
1869 4325 1994 4396 οὐδὲ

329 4415 586 4493 εὔλογον,
621 4417 703 4473 ἐπ’
733 4413 1000 4492 ἀναιρέσει
1054 4421 1158 4471 τῶν
1219 4415 1482 4491 εὐλογιῶν
1531 4413 1782 4480 δεδόσθαι
1831 4412 1989 4495 φάναι

326 4511 421 4565 τὸν
455 4508 649 4582 νόμον,
682 4532 710 4561 ‹‹
743 4502 911 4569 ὄντως
943 4509 1002 4560 ἄν
1054 4505 1113 4561 ἑκ
1165 4506 1338 4579 νόμου
1388 4508 1452 4575 ἦν
1495 4509 1529 4577 ἡ
1579 4504 1915 4576 δικαιοσύνη.
1955 4531 1983 4557 ››

2107 1918 2348 1991 quidam
2368 1918 2525 1990 quod
2546 1919 2635 1974 lex
2663 1917 3497 1991 abripueritjustiflcationem
3522 1918 3774 1989 promis-

2109 2010 2433 2068 sionum.et
2457 2008 2638 2064 fuerit
2667 2009 2951 2065 adversus
2984 2009 3138 2065 illas.
3175 2009 3283 2066 Sed
3316 2009 3490 2064 absit.
3539 2009 3772 2065 Etenim

2106 2099 2155 2154 si
2187 2099 2814 2170 potuissetviviﬁcare.
2847 2099 3059 2155 merito
3093 2105 3299 2170 putare
3333 2104 3534 2169 posset
3554 2098 3772 2169 aliquis

2105 2187 2262 2258 quod
2323 2187 2603 2243 adversus
2660 2187 3094 2259 promissiones
3148 2187 3474 2242 constituta
3530 2186 3765 2255 fuisset,

2104 2275 2428 2352 stillarum
2465 2275 2956 2348 justificationem
3012 2275 3427 2347 subripuisset,
3483 2281 3768 2347 tanquam

2102 2365 2230 2436 ipsa
2260 2370 2471 2436 potens
2495 2365 3071 2435 justificare.Verum
3086 2364 3366 2435 quoniam
3393 2363 3541 2419 nihil
3562 2363 3765 2436 hujus-

2104 2453 2263 2510 modi
2296 2452 2488 2514 facere
2523 2460 2716 2524 potest
2746 2469 2941 2526 neque
2974 2451 3288 2521 viviﬁcare,
3316 2469 3510 2524 neque
3533 2453 3760 2525 justifi-

2101 2531 2424 2608 care,certe
2457 2558 2578 2595 non
2606 2547 2693 2596 est
2725 2540 2862 2596 data
2893 2541 3174 2596 adversus
3205 2540 3762 2616 promissionesJ-Im

2101 2630 2260 2686 enim
2283 2630 2579 2701 propriam
2597 2629 3379 2701 exhibentjustilicationem
3411 2630 3690 2704 salivando
3706 2637 3766 2687 et

2091 2719 2480 2792 justificaudo
2505 2737 2641 2774 eum
2675 2719 2775 2792 qui
2809 2726 2898 2774 est
2943 2721 3002 2775 in
3036 2720 3171 2775 fide.
3207 2721 3276 2774 Et
3307 2719 3621 2775 considera
3669 2736 3766 2776 sa-

2101 2808 2384 2879 pientiam
2414 2810 2557 2864 Nam
2582 2809 2640 2864 id
2663 2809 2819 2881 quod
2845 2810 2998 2864 alius
3023 2810 3318 2881 quispiam
3339 2816 3670 2866 assumeret
3689 2809 3765 2865 ad

2099 2897 2245 2972 legis
2271 2898 2655 2966 calumniam,
2692 2905 2832 2969 puta
2864 2897 3021 2970 quod
3082 2916 3203 2953 non
3263 2898 3534 2966 viviﬁcat,
3567 2915 3762 2970 neque

2090 2989 2403 3060 justiticat,
2437 2989 2549 3044 hoc
2573 2990 2698 3060 ipse
2728 2989 2800 3044 ad
2832 2981 3241 3044 defensionem
3274 2988 3672 3044 accusationis
3703 2993 3764 3043 et

2096 3077 2156 3131 in
2185 3077 2523 3133 encomium
2549 3078 2877 3132 constituit.
2915 3079 3059 3132 Nam
3097 3082 3341 3149 propter
3370 3077 3505 3140 hoc.
3540 3077 3758 3148 inquit,

2099 3166 2194 3221 lex
2223 3182 2343 3221 non
2397 3166 2508 3221 fuit
2557 3165 2840 3222 adversus
2899 3166 3344 3239 promissiones,
3377 3166 3535 3238 quod
3565 3183 3760 3239 neque

2101 3257 2548 3328 salvare,neque
2560 3257 2893 3328 justificare
2920 3257 3179 3329 potuerit
3196 3275 3337 3314 :non
3351 3255 3544 3314 solum
3567 3264 3702 3314 aute
3715 3275 3764 3314 ω

2092 3363 2214 3401 non
2242 3347 2352 3402 fuit
2383 3346 2661 3404 adversus
2695 3336 2849 3416 illas,
2875 3346 3284 3405 verum‘etiam
3316 3347 3757 3420 quodammodo

2093 3445 2408 3510 cooperata
2442 3446 2530 3494 est
2558 3445 2618 3493 et
2662 3438 3138 3496 subministravit
3187 3439 3303 3495 illis
3337 3457 3350 3497 :
3386 3457 3454 3496 ex
3481 3457 3549 3496 eo
3581 3441 3747 3496 enim

2094 3527 2251 3597 quod
2284 3545 2392 3582 nec
2425 3528 3191 3600 salvavit.necjustiﬁcavit,
3225 3529 3299 3584 ad
3330 3529 3507 3586 ﬁdem
3536 3530 3746 3585 confu-

2092 3631 2228 3688 gere
2261 3616 2572 3672 adhortata
2603 3622 2729 3672 est:
2779 3635 2848 3671 ex
2904 3634 2970 3672 eo
3003 3624 3202 3673 autem
3235 3619 3393 3690 quod
3433 3618 3508 3674 ad
3571 3616 3754 3674 fidem

2093 3705 2342 3778 remisit.
2377 3712 2695 3777 cooperata
2726 3710 2816 3759 est
2847 3711 2910 3759 ut
2941 3706 3389 3777 complerentur
3415 3705 3759 3777 promissio-

2093 3810 2219 3849 nes.
2255 3816 2282 3843 «
2317 3794 2548 3848 Etenim
2577 3795 2624 3848 si
2659 3793 2796 3849 data
2827 3795 3035 3849 luisset
3061 3795 3155 3849 lex
3186 3811 3316 3866 quas
3361 3794 3654 3868 potuisset
3677 3794 3758 3849 vi.

2092 3883 2349 3939 vilicare.
2382 3903 2406 3935 ιι
2447 3885 2588 3939 Nam
2649 3883 2697 3938 si
2735 3882 2845 3938 lex.
2890 3883 3105 3954 inquit.
3144 3884 3258 3938 vim
3317 3882 3627 3940 habuisset
3683 3881 3759 3940 ad

2094 3971 2465 4035 salvandum.
2501 3971 2663 4028 nulla
2686 3967 2897 4028 fuisset
2925 3972 3060 4027 ﬁdei
3091 3975 3415 4028 necessitas
3451 3967 3593 4028 :sed
3619 3987 3759 4044 pro-

2092 4069 2295 4136 pterea
2329 4081 2446 4119 non
2508 4065 2700 4136 potuit
2748 4063 3039 4120 vivificare
3086 4071 3150 4120 ut
3182 4065 3330 4120 fides
3378 4066 3530 4120 744
3563 4064 3760 4120 locum

2094 4153 2470 4230 haberet,sed
2490 4159 2717 4208 tantum
2733 4153 3183 4225 praemundabat
3205 4155 3355 4210 viam
3372 4159 3430 4210 et
3450 4146 3760 4220 common-

2096 4241 2323 4298 strabat
2353 4243 2415 4296 in
2452 4259 2675 4297 morem
2724 4242 3048 4316 paedagogi,
3084 4249 3143 4298 et
3168 4258 3415 4315 capaces
3470 4259 3581 4298 nos
3625 4241 3759 4298 red-

2095 4331 2272 4387 debat
2304 4348 2369 4387 ac
2397 4331 2939 4404 ﬁdeisusceptivos.
2965 4332 3271 4398 Quomodo
3305 4323 3442 4406 ergo
3476 4332 3759 4388 adversus

2094 4421 2388 4492 promissa
2421 4421 2519 4476 Dei
2555 4421 2792 4490 fuisset,
2820 4439 2951 4494 quae
2983 4423 3137 4477 viam
3185 4422 3578 4494 praestruebat
3626 4437 3764 4493 pro-

2094 4509 2645 4566 missionibus?Non
2668 4527 2804 4582 ergo
2828 4511 3112 4584 possibile
3137 4517 3228 4566 est
3247 4518 3350 4566 aut
3377 4510 3763 4581 rationabile,

330 4599 443 4655 Νὗν
505 4594 586 4665 δε,
645 4597 832 4672 φησὶν,
889 4596 1053 4656 αὐτὸς
1112 4595 1210 4666 οὐκ
1268 4595 1512 4674 ἴσχυσεν,
1569 4592 1660 4649 ’ἱνα
1716 4597 1751 4664 ἡ
1812 4595 1989 4657 πίστις

2105 4595 2289 4652 videri
2319 4599 2518 4654 datam
2552 4599 2734 4654 fuisse
2759 4598 2948 4671 legem
2969 4599 3042 4654 ad
3065 4599 3551 4655 benedictionum
3574 4599 3769 4656 subla-

335 4688 560 4766 ἰσχύσῃ.
623 4714 650 4742 ιι
712 4687 890 4746 Ἀλλά
945 4685 1274 4757 συνέκλεισε,
1326 4711 1354 4740 ››
1413 4688 1680 4757 τουτέστι,
1754 4686 2000 4763 συγκλει-

334 4778 530 4846 σθῆναι
612 4776 967 4850 συνεχώρησε
1045 4775 1134 4829 καὶ
1192 4773 1304 4830 οἶον
1373 4775 1812 4845 ἀποστενωθῆναι
1869 4775 1996 4838 τοὺς

333 4866 537 4926 πάντας
571 4863 647 4927 εἷς
681 4862 950 4937 ἁμαρτίαν
983 4863 1010 4916 6
1044 4863 1197 4930 Θεὸς,
1255 4859 1344 4916 διὰ
1389 4868 1496 4918 τῶν
1543 4861 1759 4919 οἰκείων
1807 4861 1998 4940 διαφό-

335 4976 444 5032 ρως
474 4952 653 5030 λόγων
711 4955 801 5010 καὶ
862 4950 1208 5024 διοικήσεων.
1261 4977 1288 5004 ‹‹
1324 4950 1492 5009 Αὖται
1543 4954 1643 5029 γὰρ
1698 4955 1733 5024 ἡ
1785 4955 1997 5031 Γραφή,

330 5043 450 5115 ἵνα,
482 5044 639 5123 φησί,
701 5043 892 5119 χώραν
951 5036 1158 5115 λαϐῃὴ
1207 5037 1296 5095 διὰ
1345 5044 1588 5116 Χριστοῦ
1644 5041 1846 5104 πίστις.
1898 5045 1996 5100 Καέ

1611 5128 1723 5150 ’818

330 5223 658 5300 ἀνθρώπους
683 5221 768 5278 ὅτι
802 5219 1125 5296 ἁμαρτωλοί
1159 5218 1316 5276 εἲσιν.
1368 5217 1545 5276 ’Λλλὰ
1605 5215 1844 5292 διδάξας,
1901 5223 1999 5279 οὐκ

332 5312 681 5387 ἠλευθέρωσε
720 5317 821 5380 τῆς
879 5309 1167 5384 ἁμαετίας,
1220 5310 1294 5370 ὡς
1353 5307 1550 5364 λοιπὸν
1605 5308 1733 5371 τοὺς
1791 5312 1995 5383 ἀνθρώ-

336 5424 475 5467 πους
534 5402 757 5480 φανείσῃ
835 5404 907 5474 τῇ
966 5399 1145 5454 πίστει
1210 5398 1460 5471 ἀσμένως
1514 5397 1858 5474 προσελθεῖν,
1919 5405 1998 5474 τῷ

333 5491 541 5558 ὶοελειν
572 5491 830 5566 ῥυσθῆναι
881 5493 989 5544 τῶν
1045 5492 1350 5561 ἁμαρτιῶν.
1400 5491 1572 5544 Τοῦτο
1613 5485 1672 5543 δὲ
1722 5487 1852 5543 ὅλον
1905 5489 1994 5567 γε·

329 5581 696 5665 γονεμρησὶν,
735 5579 828 5635 ἳνα
884 5579 940 5633 αἱ
996 5579 1134 5665 πρὸς
1191 5579 1285 5634 τὸν
1323 5572 1596 5665 ,Ἀϐραὰμ
1651 5569 1991 5660 ἒπαγγελίαὶ,

329 5673 419 5741 τὸ,
455 5661 928 5748 εὐλογηθήσονται
985 5669 1053 5723 τὰ
1105 5661 1252 5739 ἔθνη,
1315 5664 1403 5723 διὰ
1460 5671 1557 5738 τῆς
1617 5668 1694 5732 εἷς
1753 5671 1992 5746 Χριστὸν

663 5797 920 5853 ΡΑΤιιοι..
972 5792 1088 5852 Gn.
1125 5790 1396 5853 CXVIII.

2107 4687 2388 4741 tionem.«
2413 4689 2556 4741 Vere
2589 4703 2658 4741 ex
2692 4687 2818 4758 lege
2852 4693 3009 4742 esset
3030 4688 3287 4757 justitia.
3313 4711 3341 4737 »
3371 4690 3536 4744 Nunc
3567 4693 3767 4744 autem

2108 4775 2480 4850 ipsa,inquit,
2506 4793 2625 4830 non
2658 4776 2850 4848 potuit
2878 4785 2944 4831 ut
2975 4776 3122 4831 fides
3155 4783 3375 4848 posset.
3411 4801 3436 4826 ‹‹
3473 4775 3586 4833 Sed
3619 4793 3767 4833 con-

2110 4865 2305 4922 clusit.
2341 4890 2360 4914 ιι
2411 4867 2528 4921 Hoc
2561 4872 2670 4933 est,
2703 4866 2882 4921 veluti
2914 4867 3188 4922 concludi
3221 4873 3279 4922 et
3309 4863 3595 4922 coarcta'ri
3639 4883 3767 4923 om-

2110 4972 2217 5011 nes
2249 4955 2521 5028 permisit
2554 4956 2706 5010 Deus
2735 4955 2796 5011 in
2854 4965 3162 5029 peccatum
3194 4957 3371 5012 variis
3412 4956 3621 5020 modis,
3656 4973 3763 5029 per

2110 5063 2247 5101 suos
2297 5062 2604 5101 sermones
2654 5062 2722 5101 ac
2772 5046 3214 5119 dispositiones.
3248 5049 3382 5103 Haec
3439 5049 3598 5104 enim
3631 5046 3773 5105 fecit

2109 5137 2503 5212 Scriptura,ut
2533 5136 2679 5192 fides
2710 5154 2841 5208 quas
2875 5155 2980 5209 per
3009 5139 3307 5195 Christum
3341 5147 3432 5195 est
3460 5140 3770 5196 locumha-

2107 5227 2293 5282 heret.
2327 5227 2631 5299 Siquidem
2661 5227 2754 5281 lex
2787 5227 2926 5284 dum
2960 5245 3079 5283 non
3124 5228 3769 5295 servabatur,homini-

2108 5315 2218 5372 bus
2276 5315 2629 5372 ostendebat
2687 5317 2846 5388 quod
2912 5326 3256 5389 peccatores
3287 5325 3529 5375 essent:
3563 5335 3766 5374 verum

2107 5406 2349 5461 edoctos
2372 5423 2492 5461 non
2519 5405 2806 5462 liberabat
2827 5424 2861 5462 a
2881 5413 3212 5478 peccato,ut
3234 5407 3307 5463 ad
3326 5408 3766 5463 manifestatam

2107 5495 2287 5550 fidem
2319 5496 2693 5559 accederent,
2722 5496 2866 5552 dum
2898 5513 2932 5551 a
2963 5505 3204 5568 peccato
3238 5497 3478 5554 liberari
3521 5496 3763 5550 vellent.

2107 5588 2225 5660 Hoc
2257 5585 2455 5642 autem
2476 5593 2667 5644 totum
2690 5587 2910 5645 factum
2939 5589 3048 5658 est,
3081 5588 3296 5662 inquit,
3329 5595 3395 5646 ut
3416 5586 3766 5662 promissio-

2105 5669 2211 5732 nes
2235 5695 2366 5748 quae
2390 5676 2463 5734 ad
2485 5675 2783 5734 Abraham
2808 5679 2977 5736 facta:
3002 5685 3382 5754 suntmempe
3415 5678 3572 5754 quod
3592 5675 3773 5736 bene-

3409 5801 3486 5860 36
