4098 6408
388 376 538 436 1131

1506 366 1928 430 (ΕΕΗΜΕΝΙΙ
1977 366 2284 427 TRICCE
2328 366 2681 430 EPISCOPI

3647 371 3804 434 1132

383 512 724 569 dicerentur
748 522 955 564 omnes
998 510 1204 578 gentes
1236 520 1342 577 per
1394 503 1572 559 tidem
1606 503 1667 558 in
1721 502 2012 558 Christum

2123 562 2124 567 η
2157 499 2412 569 πίστεως,
2445 497 2647 565 δοθῶσι
2675 506 2795 563 τοῖς
2826 498 3303 580 παραδεχομένοις
3332 501 3527 574 αὑτήν.
3569 527 3598 556 ‹‹
3633 503 3812 562 Ἀλλὰ

384 602 668 657 darentur
700 600 893 671 ipsum
953 595 1443 669 suscipientibus.
1488 617 1515 641 κ
1578 593 1691 649 Sed
1749 591 2044 649 conclusit

378 691 699 762 Scriptura.
736 713 764 738 ››
793 690 928 757 Lex,
990 686 1207 758 inquit.
1241 683 1421 739 veluti
1462 681 1918 754 comprehendit
1974 697 2042 737 ac

377 780 671 836 conclusit
719 795 927 834 omnes
986 778 1094 832 sub
1150 782 1478 848 peccatum,
1531 773 1647 829 sive
1700 778 2041 845 peccatores

378 869 658 925 ostendit.
717 866 1080 933 Quomodo?
1137 867 1284 931 Quia
1337 865 1503 927 dixit.
1557 886 1584 913 ι(
1647 860 2041 917 Exsecrabilis

378 960 576 1018 omnis
611 960 710 1030 qui
743 976 863 1013 non
889 957 1259 1013 manseritin
1309 955 1584 1011 omnibus
1632 970 1763 1025 quas
1821 953 2042 1023 scripta

380 1056 542 1111 sunt.
578 1056 641 1104 ut
671 1048 850 1103 faciat
888 1064 996 1103 ea:
1030 1069 1058 1097 »
1090 1047 1202 1101 hoc
1245 1051 1442 1100 autem
1475 1048 1601 1099 erat
1646 1040 2037 1113 impossibile.

370 1141 504 1193 Non
537 1137 732 1194 solum
755 1136 913 1191 enim
948 1152 1068 1190 non
1087 1150 1295 1190 omnes
1316 1129 1891 1205 praestabantomnia
1916 1130 2036 1185 imo

375 1240 571 1296 neque
597 1223 826 1295 aliquid
844 1223 1108 1295 ipsorum
1140 1223 1344 1276 omnia
1365 1218 1860 1292 praestabant,sed
1882 1218 1977 1273 vix
1996 1217 2036 1272 ii

375 1315 476 1388 qui
507 1315 665 1370 inter
691 1328 789 1369 eos
820 1313 1008 1385 magis
1040 1312 1304 1384 insignes
1336 1318 1525 1376 erant,
1558 1310 1732 1383 plura
1784 1325 1856 1365 ex
1913 1307 2036 1363 illis

372 1404 760 1475 praestabant.
796 1404 999 1474 Itaque
1030 1419 1163 1457 cum
1211 1418 1329 1457 non
1371 1402 1573 1457 omnia
1598 1401 1884 1467 facerent,
1919 1399 2033 1470 ipsi

371 1510 605 1565 quoque
637 1493 747 1549 sub
784 1493 1202 1547 exsecratione
1237 1497 1295 1547 et
1328 1497 1567 1563 peccato
1599 1495 1787 1545 erant.
1815 1490 2034 1544 Omnes

352 1570 549 1656 igitur
578 1582 843 1638 conclusi
873 1588 1045 1637 erant
1104 1580 1213 1637 sub
1267 1588 1509 1653 peccato
1544 1598 1557 1636 :
1592 1580 1725 1635 ideo
1758 1579 1885 1634 sola
1916 1577 2030 1634 fide

370 1679 694 1744 potuerunt
715 1673 953 1744 assequi
980 1672 1431 1744 promissiones.
1465 1669 1767 1740 Siquidem
1800 1686 1873 1723 ex
1904 1668 2031 1741 lege

370 1762 559 1835 magis
577 1761 755 1817 etiam
779 1768 1087 1817 ostensum
1108 1766 1422 1815 estomnes
1442 1759 1733 1830 impulsos
1755 1757 1938 1813 fuisse
1968 1758 2030 1812 in

2151 587 2485 645 συνέκλεισεν
2540 592 2576 660 ἡ
2635 593 2846 669 Γραφή.
2911 615 2939 643 κ
2999 592 3059 650 Ὀ
3113 594 3305 666 νόμος,
3391 594 3577 671 φησὶν,
3648 592 3811 649 οἱονεὶ

2147 677 2444 751 περιέλαϐε
2502 684 2590 738 καὶ
2651 682 2993 759 περϊέκλεισε
3073 687 3281 748 πάντας
3365 686 3443 750 εἰς
3526 686 3813 758 ἁμαρτίαν,

2148 770 2516 845 ἁμαρτωλοὺς
2548 770 2811 843 ἀπέδειξε.
2849 779 3012 844 Ηῶς;
3075 774 3210 832 Εἶπε
3257 775 3380 851 γὰρ,
3434 798 3463 829 ιι
3518 776 3812 833 Ἐπικατά-

2145 879 2307 932 ρατος
2338 867 2440 924 πᾶς
2473 862 2533 923 ’ὀς
2576 863 2677 918 οὐκ
2731 861 2949 937 έμλένει
3018 863 3071 919 έν
3126 870 3262 920 πᾶσι
3312 870 3430 926 τοίς
3490 866 3809 943 γεγραμμέο

2142 968 2278 1017 νοις,
2327 953 2426 1004 τηῦ
2477 958 2705 1020 ποιῆσαι
2761 953 2922 1007 αὐτά·
2958 976 2987 1005 ››
3041 959 3206 1009 τοῦτο
3265 951 3322 1009 δὲ
3387 950 3669 1010 ἀδύνατον.
3726 952 3807 1011 Οὐ

2147 1036 2311 1108 μόνον
2343 1039 2444 1114 γὰρ
2477 1039 2602 1116 οὐχῖ
2638 1042 2835 1104 πάντες
2894 1041 3159 1113 ἐποίησαν
3214 1044 3445 1113 ἅπαντα,
3501 1041 3625 1099 ἀλλ’
3676 1040 3807 1098 οὐδὲ

2142 1124 2274 1182 ἔνιοι
2339 1128 2519 1185 αὐτῶν
2574 1129 2801 1201 ἃπαντα,
2860 1130 3007 1189 ἀλλᾶ
3066 1131 3229 1204 μόλις
3284 1134 3338 1189 οἱ
3393 1131 3801 1210 ἐπιφανέστερα

2140 1216 2321 1274 αὐτῶν
2350 1220 2416 1275 τὰ
2448 1217 2695 1279 πλείονα.
2727 1224 2889 1279 ’Ὥστε
2915 1227 2996 1296 τῷ
3051 1226 3127 1298 μὴ
3176 1224 3354 1279 πάντα
3400 1231 3650 1296 ποιῆσαι,
3699 1223 3798 1279 κά.

2138 1310 2303 1363 κεῖνοὶ
2372 1310 2475 1366 ὑπὸ
2533 1312 2770 1387 κατάραν
2832 1310 2925 1368 καί
2975 1314 3245 1388 ἁμαρτίαν
3310 1312 3468 1383 ἦσαν.
3530 1319 3800 1373 ’Δπαντες

2139 1394 2241 1472 ἄρα
2302 1401 2785 1476 συγκεκλεισμένοι
2853 1399 3150 1478 ἐτυγχανον
3211 1401 3291 1465 εἷς
3356 1402 3455 1472 τὴν
3516 1401 3801 1477 ἁμαρτίαν.

2139 1488 2233 1542 Διὸ
2263 1485 2323 1543 ἑκ
2366 1488 2535 1562 μόνης
2591 1491 2831 1556 πίστεως
2874 1488 3127 1547 δύνανται
3185 1498 3376 1567 τυχεῖν
3422 1494 3522 1561 τῆς
3571 1490 3804 1568 ἒπαγγεη

2138 1576 2283 1639 λίας.
2318 1581 2414 1635 Ἐκ
2442 1579 2547 1655 γὰρ
2576 1584 2674 1635 τοῦ
2712 1575 2908 1654 νόμου,
2978 1577 3194 1655 μᾶλλον
3250 1582 3341 1637 καὶ
3391 1582 3467 1645 εἷς
3525 1583 3804 1657 ἁμαρτίαν

2139 1667 2519 1733 συνελαθέντες
2577 1668 2980 1747 ἀπεδείχθησαν
3037 1671 3290 1735 ἃπαντες.
3353 1706 3420 1717 -
3469 1675 3807 1750 [ΘΕΟΔΩΡ.]

2138 1754 2493 1828 Διήλεγξενὴ
2547 1757 2663 1813 θεία
2725 1758 2914 1838 Γραφή
2973 1759 3063 1815 καὶ
3123 1760 3253 1822 τοὺς
3312 1761 3419 1834 πρὸ
3478 1760 3656 1832 νόμου
3712 1760 3805 1815 καὶ

367 1856 701 1922 peccatum.
734 1879 803 1890 -—
834 1848 1044 1921 Arguit
1087 1848 1284 1903 divina
1316 1846 1619 1918 Scriptura
1640 1863 1706 1901 ac
1755 1844 2008 1901 convicit

2138 1847 2266 1908 τοὺς
2296 1844 2347 1902 ἒν
2389 1847 2560 1922 νόμῳ.
2594 1849 2731 1911 Τοὺς
2766 1850 2862 1922 μὲν
2894 1848 2988 1905 τόν
3014 1856 3116 1919 τῆς
3156 1850 3392 1927 φύσεως,
3437 1850 3571 1913 τοὺς
3603 1848 3659 1905 δὲ
3708 1851 3805 1906 τὸν

369 1944 428 1993 et
454 1954 556 1993 eos
588 1939 688 2009 qui
721 1938 963 1993 fuerunt
997 1943 1137 1992 ante
1168 1936 1382 2006 legem,
1417 1942 1477 1991 et
1506 1951 1607 1991 eos
1639 1935 1738 2006 qui
1788 1934 2033 1989 fuerunt

369 2030 477 2085 sub
507 2030 632 2103 lege
661 2030 825 2085 :illos
845 2029 1083 2100 quidem
1111 2034 1391 2099 tanquam
1424 2028 1570 2095 legis
1593 2033 2030 2083 naturwtrans-

368 2135 691 2190 gressores.
713 2120 820 2174 hos
843 2125 1039 2174 autem
1060 2124 1346 2189 tanquam
1366 2118 1630 2172 Mosaicae
1656 2133 1669 2171 :
1692 2115 2029 2172 antidotum

368 2214 587 2274 autem,
621 2213 679 2263 et
707 2208 801 2263 his
833 2214 893 2264 et
938 2207 1062 2262 illis
1091 2207 1311 2275 attulit,
1367 2206 1719 2279 promissam
1753 2205 2031 2262 videlicet

369 2297 619 2354 salutem
646 2314 753 2369 per
787 2297 985 2353 ﬁdem.
1020 2299 1277 2353 Rursum
1301 2296 1461 2351 enim
1483 2295 1702 2368 posuit.
1731 2318 1758 2345 «
1781 2294 2028 2352 Conclu-

366 2387 462 2455 sit,
499 2409 526 2435 ››
562 2404 668 2459 pro
701 2386 909 2459 Arguit
941 2392 997 2441 et
1028 2386 1303 2442 convicit.

438 2477 473 2531 7
488 2477 1223 2539 4511[,23-25.<-Cmterum
1246 2475 1594 2547 priusquam
1608 2473 2021 2541 veniretfldes,

360 2589 385 2614 ‹‹
418 2566 527 2620 sub
544 2565 671 2637 lege
685 2565 1172 2621 custodiebantur
1184 2565 1448 2621 conclusi
1466 2565 1527 2619 in
1544 2581 1672 2619 eam
1689 2564 1865 2619 ﬁdem
1889 2580 2020 2633 quas

355 2676 383 2703 «
401 2661 529 2710 erat
542 2655 874 2710 revelanda.
900 2657 1099 2726 Itaque
1117 2655 1206 2709 lex
1225 2654 1575 2726 paedagogus
1589 2659 1793 2709 noster
1808 2652 1917 2708 fuit
1946 2653 2020 2707 ad

356 2768 379 2793 ‹‹
402 2744 883 2807 Christum,utex
898 2744 1593 2814 ﬁdejustiﬁcaremur.At
1608 2747 2017 2814 postquarrve-

353 2854 377 2879 α
399 2830 489 2885 nit
508 2831 803 2887 fidesnon
818 2831 1076 2903 amplius
1090 2830 1199 2887 sub
1221 2828 2018 2902 pmdagogo,sumus.0mnes

350 2945 373 2972 ‹‹
386 2923 543 2978 enim
563 2923 668 2977 ﬁlii
684 2924 826 2978 estis
839 2922 940 2977 Dei
956 2939 1063 2994 per
1078 2922 1249 2977 ﬁdem
1263 2937 1393 2991 quae
1413 2926 1503 2975 est
1518 2919 2012 2975 inChristoJesu.»

422 3141 451 3167 ‹‹
473 3118 827 3190 Priusquam
851 3117 1077 3173 veniret
1097 3116 1537 3172 fides.»Etenim
1557 3132 1676 3171 non
1710 3115 2005 3188 vulgarem

352 3206 654 3278 praebebat
685 3205 1064 3262 securitatem
1106 3222 1212 3276 per
1267 3205 1379 3260 hoc
1428 3205 1587 3276 quod
1643 3221 1677 3261 a
1734 3203 2007 3277 pluribus

350 3302 653 3350 coerceret
681 3294 959 3366 peccatis.
995 3316 1025 3346 ιι
1055 3293 1350 3349 (Zonclusi.
1385 3315 1412 3342 »
1447 3293 1914 3364 Servati,inquit,
1950 3298 2010 3347 et

351 3383 628 3439 custoditi
661 3384 735 3439 ad
765 3383 1025 3439 futuram
1054 3382 1253 3438 ﬁdem.
1301 3381 1607 3448 Quomodo
1636 3383 1664 3438 ?
1694 3383 1806 3437 Lex
1846 3382 2005 3437 enim

350 3473 637 3545 arguebat
667 3481 724 3529 et
753 3474 1592 3530 convincebatnostradelicta
1613 3491 1626 3529 :
1648 3490 1850 3528 verum
1870 3490 2005 3529 cum

348 3562 605 3619 liberare
636 3580 754 3618 non
791 3570 1009 3635 posset,
1045 3563 1194 3619 nihil
1252 3563 1414 3620 aliud
1446 3563 1655 3635 agebat
1714 3580 1890 3633 quam
1940 3569 2005 3619 ut

344 3653 743 3725 promptiores
758 3653 827 3707 ad
842 3653 1280 3710 manifestatam
1297 3658 1681 3708 accurrerent
1696 3652 2002 3723 ﬁde:r,quo

345 3758 378 3796 a
398 3742 1202 3813 peccatisliberarentur.«ln
1231 3759 1357 3797 eam
1384 3741 1561 3797 fidem
1586 3759 1717 3813 qua:
1751 3749 1873 3796 erat
1908 3758 2004 3797 re-

343 3834 608 3889 velanrla.
642 3855 671 3884 ››
696 3834 1087 3890 Manifestavit
1116 3833 1274 3905 quod
1308 3834 1367 3888 in
1417 3833 1823 3904 superioribus
1856 3832 2001 3888 ﬁdes

344 3923 402 3976 in
435 3923 729 3979 Christum
753 3925 1012 3979 revelata
1041 3924 1255 3992 fuerat,
1291 3923 1394 3978 sed
1424 3938 1584 3977 nunc
1606 3923 1763 3977 facta
1795 3930 1883 3976 est
1905 3922 2003 3977 ho-

343 4012 606 4067 minibus
636 4012 973 4077 manifesta,
1000 4012 1236 4083 quando
1260 4018 1320 4067 et
1348 4011 1702 4067 incarnatio.
1734 4035 1760 4061 ‹‹
1795 4012 2000 4082 Itaque

340 4101 435 4155 lex
468 4094 819 4174 paedagogus
858 4108 1080 4157 noster.
1114 4125 1142 4151 η
1184 4102 1346 4155 Viam
1381 4101 1607 4156 scilicet
1639 4105 2001 4172 prmstruens

344 4189 482 4244 ﬁdei
514 4205 645 4261 quae
676 4191 739 4245 in
757 4190 1057 4246 Christum
1072 4189 1552 4251 est,notiﬁcando
1568 4189 1806 4260 quidem
1826 4188 1999 4244 nobis

343 4286 674 4350 peccata,et
704 4286 1010 4352 promptos
1027 4277 1333 4334 reddendo
1361 4284 1425 4332 ut
1454 4278 1527 4333 ad
1558 4277 1996 4333 manifestatam

343 4367 517 4423 tidem
549 4373 608 4422 et
627 4367 701 4424 ad
731 4369 1149 4423 remissionem
1169 4369 1845 4439 accurreremusltaque
1876 4383 1997 4422 non

342 4463 431 4513 cst
458 4457 556 4512 lex
586 4456 724 4512 fidei
755 4459 1074 4514 contraria.
1109 4459 1305 4528 Neque
1335 4457 1492 4512 enim
1516 4456 1998 4530 pedagoguscon-

341 4547 558 4602 trarius
591 4552 680 4601 est
705 4546 1076 4619 praeceptori,
1110 4545 1212 4601 sed
1234 4546 1439 4602 eadem
1471 4563 1603 4602 curn
1637 4545 1736 4601 illo
1769 4547 1909 4617 vult,
1938 4553 1996 4603 et

336 4637 637 4709 praedocet
667 4637 1041 4708 aliquantum
1074 4636 1422 4709 disciplinas
1478 4660 1504 4689 «ι
1539 4638 1669 4692 Fuit
1698 4636 1773 4692 ad
1830 4637 1993 4693 Chri-

338 4735 515 4790 stum.
550 4752 580 4780 »
613 4729 1080 4794 Qemadmodum
1115 4729 1275 4785 enim
1324 4727 1676 4801 paedagogus
1734 4729 1995 4801 primum

336 4818 579 4873 instruit
600 4837 814 4890 pueros
846 4826 911 4873 ut
941 4818 1011 4873 ad
1044 4824 1442 4890 prwceptores
1482 4824 1859 4873 transeuntes
1877 4819 1997 4873 sint

337 4908 530 4979 magis
562 4910 873 4964 dociles.et
894 4909 1133 4962 illorum
1160 4907 1461 4962 doctrinas
1482 4908 1811 4978 suscipiant
1843 4923 1857 4960 :
1912 4908 1997 4962 ita

338 5001 396 5048 et
430 4997 517 5049 lex
551 5013 681 5065 quae
705 4997 815 5052 hoc
846 4997 1100 5067 primum
1134 4996 1305 5050 nobis
1328 4995 1789 5051 demonstravit:
1816 5012 1996 5051 nosse

335 5082 611 5137 videlicet
635 5085 791 5155 quod
825 5084 1385 5156 peccaremus.nibil
1416 5086 1575 5140 aliud
1609 5101 1787 5155 quam
1822 5102 1996 5156 para-

339 5172 517 5227 tiores
552 5174 925 5243 reddebat,ut
955 5175 1026 5229 ad
1050 5175 1345 5229 Christum
1378 5181 1763 5246 apparentem
1787 5190 1992 5229 accur-

336 5277 627 5319 reremus.
674 5263 1167 5334 concupiscentes
1199 5262 1612 5318 liberationem
1648 5279 1681 5317 a
1713 5264 1990 5333 peccatis,

336 5367 466 5421 qua,
498 5368 603 5421 per
627 5352 812 5423 legem
845 5352 1014 5406 nobis
1039 5352 1416 5408 manifestata
1439 5352 1992 5407 erant.Convenien-

332 5439 558 5495 tissime
592 5440 772 5511 igitur
812 5441 914 5496 ind
960 5449 1115 5495 ctum
1151 5449 1239 5498 est
1269 5442 1340 5497 ab
1373 5442 1657 5514 Apostolo
1692 5440 1990 5514 paedagogi

330 5531 689 5603 exemplum.
722 5556 747 5582 «
779 5532 849 5588 Ut
877 5549 947 5588 ex
967 5530 1102 5588 fide.
1130 5554 1157 5581 »
1218 5534 1363 5589 Cum
1414 5532 1573 5587 enim
1608 5535 1849 5603 peccata
1894 5547 1991 5588 re-

332 5618 730 5691 prehenderet
760 5639 868 5680 nec
891 5620 1222 5694 justiﬁcare
1242 5620 1544 5694 posset,ad
1564 5620 1858 5677 Christum
1879 5638 1988 5678 nos

352 5706 677 5768 ransmisit.
742 5726 767 5762 ιι
820 5715 890 5769 At
946 5715 1263 5783 postquam
1314 5711 1508 5768 veniet
1563 5709 1731 5770 fidos.
1768 5735 1789 5767 ι
1846 5711 1984 5780 Qum

2144 1937 2435 1993 Μωσαϊκὸν
2495 1933 2954 2013 παραϐαίνοντας.
3032 1937 3503 2018 Ἀλεξιφάρμακον
3582 1937 3639 1996 δέ
3703 1939 3798 1996 καὶ

2137 2025 2356 2089 τούτοις
2387 2026 2656 2090 κάκείνοις
2685 2030 2784 2099 τήν
2815 2026 3238 2104 ἐπηγγελμένην
3282 2027 3371 2085 διὰ
3424 2037 3524 2098 τῆς
3560 2030 3798 2093 πίστεως

2136 2118 2512 2193 προσενήνοχε
2543 2117 2836 2194 σωτηρίαν.
2872 2118 3044 2174 Πάλιν
3066 2119 3172 2197 γὰρ
3198 2120 3279 2192 τὸ,
3315 2146 3341 2173 ι‹
3368 2117 3741 2194 Συνέκλεισεν,
3765 2142 3796 2174 ι)

2136 2207 2255 2263 ἀντὶ
2282 2211 2401 2280 τοῦ,
2434 2209 2689 2286 Ἥλεγεε,
2720 2208 2945 2275 τέθεικε.

2206 2490 2317 2565 Πρὸ
2385 2488 2442 2545 δὲ
2504 2493 2603 2546 τοῦ
2667 2489 2846 2546 ἐλθεῖν
2936 2494 3037 2560 τήν
3129 2491 3331 2563 πίστιν,

2129 2576 2563 2656 ἐφρουρούμεθα,

2131 2688 2224 2723 σαν
2292 2668 2473 2724 πίστιν

2129 2755 2379 2834 δαγωγὸς

3431 2493 3535 2549 ὑπὸ
3621 2493 3790 2569 νόμον

2650 2580 3129 2655 συγκεκλεισμένοι
3214 2581 3291 2645 εἰς
3371 2583 3471 2651 τήν
3558 2583 3794 2656 μέλλου-

2568 2668 3042 2739 ἆποκαλυφθῆναι.
3130 2672 3290 2727 Ὥστε
3347 2673 3375 2727 6
3429 2671 3600 2746 νόμος
3658 2695 3789 2729 παι-

2463 2761 2625 2831 ἡμῶν
2699 2758 2913 2836 γέγονεν
2972 2761 3047 2823 εἷς
3106 2762 3359 2837 Χριστὸν,
3414 2760 3507 2817 ’ἱνα
3573 2762 3633 2818 ἐκ
3688 2762 3786 2819 πί-

2128 2866 2296 2908 στεως
2384 2843 2787 2919 δῖκαιωθῶμεν.
2877 2846 3179 2920 Ἐλθούσης
3239 2847 3298 2904 δὲ
3353 2856 3452 2920 τῆς
3521 2851 3782 2920 πίστεως,

2124 2935 2228 2989 οὐκ
2284 2933 2363 2989 ἔτι
2424 2936 2526 2991 ὑπὸ
2584 2933 2929 3013 παιδαγωγόν
2986 2936 3167 3012 ἐσμεν.
3228 2939 3427 3001 Πάντες
3509 2940 3611 3015 γὰρ
3670 2938 3783 2996 υἱοὶ

2122 3030 2257 3082 Θεοῦ
2308 3022 2427 3080 ἔστε
2485 3023 2574 3081 διὰ
2628 3033 2727 3095 τῆς
2807 3027 3041 3091 πίστεως
3126 3025 3181 3084 ἒν
3269 3030 3489 3104 Χριστῷ
3576 3031 3778 3100 Ἰησοῦ.

2195 3138 2216 3164 ι
2252 3114 2364 3190 Πρὸ
2398 3111 2455 3170 δὲ
2485 3119 2581 3170 τοῦ
2612 3114 2791 3180 ἐλθεῖν
2822 3118 2920 3186 τήν
2953 3118 3155 3176 πίστιν.
3193 3142 3220 3170 ››
3254 3117 3356 3175 Καὶ
3410 3118 3513 3196 γὰρ
3566 3117 3626 3174 οὗ
3676 3121 3781 3189 τήν

2120 3206 2397 3277 τυχοῦσαν
2474 3200 2771 3281 ἀσφάλειαν
2849 3210 3081 3281 παρεῖχε
3152 3210 3231 3278 τῷ
3304 3210 3411 3261 τῶν
3505 3205 3784 3262 πλειόνων

2120 3287 2397 3366 ἀπείργειν
2460 3291 2898 3367 ἁμαρτημάτων.
2968 3318 2989 3345 ιι
3039 3291 3554 3369 Συγκεκλεισμένοι.
3597 3319 3618 3346 ι
3678 3300 3787 3351 Φυ-

2121 3375 2468 3453 λαττὸμενοι,
2511 3380 2665 3457 φησὶ,
2696 3384 2833 3456 πρὸς
2862 3384 2962 3452 τὴν
2992 3380 3299 3456 μέλλουσαν
3351 3384 3556 3444 πίστιν.
3610 3389 3735 3448 Πῶς
3771 3405 3785 3456 ;

2117 3468 2180 3526 Ὀ
2211 3470 2314 3546 γὰρ
2361 3469 2532 3543 νόμος
2593 3468 2838 3546 ἐλέγχων
2889 3474 3049 3544 ἡμῶν
3110 3476 3205 3535 τὰς
3262 3473 3557 3550 ἁμαρτίας,
3618 3473 3785 3551 ῥύσα-

2120 3570 2242 3622 σθαι
2274 3556 2332 3613 δὲ
2362 3559 2462 3614 οὐκ
2510 3558 2741 3636 ἰσχύων,
2796 3557 2948 3616 οὐδὲν
3007 3558 3191 3636 ἕτερον
3246 3557 3443 3631 ἔποίει,
3495 3565 3529 3635 ἢ
3577 3576 3786 3639 προθυ-

2121 3647 2381 3724 μοτέρους
2413 3648 2490 3712 είς
2521 3650 2584 3706 τὸ
2626 3650 2846 3727 φανείσῃ
2898 3655 2967 3725 τῇ
3027 3652 3204 3708 πῖστει
3262 3651 3636 3727 προσδραμεῖν
3683 3656 3783 3709 τοῦ

2116 3738 2373 3815 ῥυσθῇναι
2403 3743 2511 3793 τῶν
2544 3740 2843 3814 ἁμαρτιῶν,
2880 3765 2908 3791 ‹‹
2950 3741 3047 3801 Εἷς
3078 3744 3179 3809 τῆν
3238 3740 3549 3817 μέλλουσαν
3601 3764 3779 3799 πίστιν

2116 3827 2584 3905 ἀποκαλυφθῆναι.
2618 3852 2642 3880 >ι
2684 3826 2993 3899 Ἐδήλωσεν
3023 3829 3107 3885 ὅτι
3165 3830 3366 3896 ἂνωθεν
3415 3834 3447 3901 ἢ
3500 3832 3575 3894 εἷς
3629 3835 3775 3907 Χρι-

2114 3917 2235 3972 στὸν
2266 3918 2446 3980 πίστις
2479 3919 2814 3993 προώριατο,
2844 3916 2992 3974 ἀλλᾶ
3020 3924 3111 3974 νῦν
3159 3942 3341 3997 γεγονε
3390 3928 3509 3985 τοῖς
3559 3921 3769 3998 ἀνθρώ-

2113 4027 2238 4070 ποις
2266 4009 2600 4087 καταφανὴς,
2634 4009 2723 4064 ὅτε
2770 4007 2860 4063 καὶ
2911 4011 2946 4079 ἡ
2994 4009 3426 4085 ἕνανθρώπτβις.
3480 4037 3507 4064 ‹‹
3540 4013 3703 4067 Ὥστε
3733 4011 3762 4067 6

2112 4095 2282 4167 νόμος
2315 4095 2665 4174 παιδαγωγὸς
2698 4099 2882 4170 ἡμῶν.
2916 4120 2942 4153 ιι
2979 4095 3373 4174 ιιροοδοποιῶν
3435 4097 3650 4171 δηλαδὴ
3692 4104 3764 4175 τῇ

2111 4183 2188 4247 εἷς
2218 4186 2450 4259 Χριστὸν
2509 4184 2708 4254 πίστει,
2757 4182 2846 4240 διὰ
2900 4190 2995 4242 τοῦ
3033 4187 3315 4263 γνωρίζειν
3365 4190 3459 4263 μέν
3508 4192 3644 4263 ἡμῖν
3698 4190 3768 4245 τὰ

2111 4275 2504 4348 ἁμαρτήματα,
2560 4276 2963 4350 κατεπιθῦμους
3021 4273 3078 4333 δὲ
3150 4284 3352 4347 ποιεῖν,
3414 4280 3640 4358 φανείσῃ
3695 4282 3766 4354 τῇ

2108 4363 2288 4418 πίστει
2317 4360 2688 4439 προσδραμεῖν
2728 4366 2817 4420 καὶ
2875 4371 2944 4441 τῇ
3004 4367 3211 4446 ἀφέσει.
3266 4370 3423 4425 Ὥστε
3475 4369 3574 4425 οὒκ
3627 4367 3770 4424 ἔναν-

2106 4453 2220 4515 τίος
2256 4454 2282 4507 ὁ
2315 4452 2482 4526 νόμος
2513 4457 2582 4528 τῇ
2613 4453 2813 4511 πίστει.
2877 4453 3018 4513 Οὖδέ
3064 4457 3166 4533 γὰρ
3210 4460 3238 4513 ὁ
3291 4456 3640 4534 παιδαγωγὸς
3685 4462 3768 4532 τῷ

2108 4539 2442 4615 διδασκάλῳ,
2472 4541 2620 4598 ἀλλὰ
2646 4544 2715 4599 τὰ
2744 4544 2879 4599 αὐτὰ
2939 4544 3129 4619 ἐκείνῳ
3178 4548 3456 4624 βούλεται,
3497 4549 3586 4603 καὶ
3636 4568 3769 4624 προ-

2028 4618 2072 4682 D
2105 4629 2345 4688 διδάσκει
2378 4636 2563 4694 ποσῶς
2593 4632 2660 4687 τὰ
2694 4636 3009 4705 μαθήματα.
3047 4662 3070 4684 σι
3100 4618 3324 4714 Γέγονεν
3353 4636 3430 4699 ei:
3454 4618 3708 4713 Χριστόν,
3739 4663 3759 4689 ι

2103 4724 2306 4796 Ὥσπερ
2334 4724 2435 4796 γὰρ
2496 4723 2524 4776 ὁ
2566 4720 2916 4799 παιδαγωγὸς
2963 4722 3315 4801 προδιδάσκει
3364 4729 3492 4789 τοὺς
3541 4725 3764 4794 παῖδας,

2098 4809 2189 4866 ⁹ίνα
2221 4811 2298 4875 εἷς
2327 4807 2690 4874 διδασκάλους
2721 4816 3079 4888 φοιτήσαντες
3111 4815 3494 4887 εὐμαθέστεροι
3545 4811 3764 4872 ἔσονται

2104 4900 2193 4956 καὶ
2232 4900 2297 4954 τὰ
2358 4901 2446 4955 ὑπ’
2502 4898 2738 4963 ἐκείνους
2800 4899 3069 4973 δέξασθαι,
3125 4904 3301 4968 οὕτως
3356 4907 3446 4961 καὶ
3508 4908 3536 4961 ὁ
3591 4908 3762 4981 νόμος

2105 4987 2390 5064 προδείξας
2446 4991 2581 5062 ἡμῖν
2642 4991 2778 5045 αὐτὸ
2835 4994 2895 5046 τὸ
2955 4991 3147 5048 εἶδὲναι
3206 4993 3289 5049 ὅτι
3359 4995 3761 5068 ἀμαξτάνομεν,

2104 5077 2259 5134 οὐδὲν
2289 5076 2473 5151 ἕτερον
2501 5080 2538 5148 ἤ
2571 5079 2959 5158 ἑτοιμοτέρους
2990 5084 3182 5149 ὲποζει,
3233 5084 3448 5162 φανέντι
3499 5091 3581 5158 τῷ
3626 5093 3762 5160 Χριο

2105 5175 2217 5239 στῷ
2248 5165 2617 5244 προσδραμεῖν
2670 5175 2751 5243 τῷ
2807 5179 2993 5237 ποθεῖν
3051 5172 3369 5249 ἀπαλλεγῆν
3428 5179 3535 5230 τῶν
3590 5179 3762 5252 ἁμαρ-

2100 5264 2232 5313 τιῶν
2256 5263 2362 5313 τῶν
2399 5257 2486 5313 διὰ
2512 5262 2612 5313 τοῦ
2641 5261 2813 5332 νόμου
2873 5260 3178 5335 γενομένων
3229 5260 3363 5335 ἡμῖν
3413 5265 3757 5343 καταφανῶν.

2102 5346 2387 5405 Κάλλιστα
2465 5346 2558 5402 οὖν
2644 5349 2796 5421 αὐτῷ
2856 5351 3070 5424 ε”ρηται
3129 5354 3192 5408 τὸ
3249 5358 3347 5408 τοῦ
3405 5353 3759 5429 παιδαγωγοῦ

2101 5435 2467 5514 παραδειγμα’
2502 5463 2528 5490 ιι
2562 5439 2675 5493 Ἳνα
2707 5438 2768 5494 έκ
2814 5441 3072 5503 πίστεως.
3107 5466 3135 5494 ››
3193 5442 3471 5517 Ἐλέγχων
3517 5446 3621 5519 γὰρ
3665 5445 3763 5509 τὶς

2099 5525 2391 5602 ἁμαρτίας,
2448 5527 2539 5583 καὶ
2598 5528 2676 5602 μή
2744 5528 2955 5606 ῗσχύων
3040 5529 3347 5604 δικαιῶσαι,
3409 5538 3489 5607 τῷ
3545 5538 3762 5608 Χριστῴ

2099 5620 2246 5692 ἡμᾶς
2299 5617 2673 5691 παρέπεμπεν.
2739 5643 2763 5674 ι
2800 5619 3107 5692 Ἐλθούσης
3165 5618 3223 5677 δὶ
3277 5630 3380 5693 τῆς
3437 5624 3693 5688 πίστεως.
3731 5648 3759 5676 »

2098 5708 2210 5778 Τῆς
2246 5705 2440 5763 λοιπὸν
2474 5708 2573 5778 τὴν
2607 5707 2932 5784 τελειότητα
2963 5710 3053 5767 καὶ
3083 5713 3183 5784 τήν
3234 5712 3504 5780 υἱοθεσίαν
3556 5712 3765 5793 δωρου-
