4098 6422
306 422 465 484 1133

1350 404 1760 483 COMMEN‘I‘.
1808 422 1886 482 IN
1936 420 2187 485 EPIST.
2231 424 2333 485 AD
2381 423 2666 486 GALAT.

3582 423 3735 487 1134

314 573 504 628 μενης.
539 577 567 602 ιι
601 551 722 611 Οὑκ
748 546 828 609 ἔτι
888 551 995 609 ὑπὸ
1036 546 1392 630 παιδαγωγόν
1441 551 1623 628 ἐσμεν.
1660 575 1688 604 »ι
1719 551 1969 626 Νηπίους

2098 561 2290 629 postea
2319 556 2497 614 dabat
2526 557 2953 630 perfectionem
2986 562 3045 614 et
3091 556 3493 631 adoptionem.
3529 582 3559 611 ‹‹
3607 558 3738 617 Νοιι

314 642 420 718 γὰρ
453 639 634 706 ὄντας,
669 638 777 697 ἔδει
810 641 916 698 ὑπὸ
972 637 1330 717 παιδαγωγὸν
1390 643 1671 717 πράττειν,
1735 642 1800 698 οὑ
1864 644 1975 717 μὴν

305 732 557 794 τελείους
600 731 945 808 γενομένους.
1010 757 1039 784 ι(
1093 728 1454 803 Τελειότητος
1513 733 1616 809 γὰρ
1675 728 1975 802 ἀπόδειξις,

314 823 379 879 τὸ
402 822 480 886 εἷς
511 823 665 884 υἱοὺς
698 822 773 884 εἷς
804 824 1104 892 ποιηθῆναι
1158 826 1238 895 τῷ
1296 827 1432 896 Θεῷ.
1469 847 1498 876 ››
1536 856 1596 865 —-
1630 849 1658 874 ‹‹
1720 824 1818 879 Διὰ
1874 829 1977 894 τῆς

312 910 552 975 πίστεως
594 911 647 967 ἐν
707 914 930 988 Χριστῷ
988 913 1189 982 Ἰησοῦ.
1253 936 1280 963 ››
1341 913 1442 968 Διὰ
1486 915 1586 977 τῆς
1643 910 1695 967 ἐν
1757 916 1979 989 Χριστῷ

315 1002 503 1073 Ἰησοῦ
529 1001 784 1062 πίστεως.
823 1001 984 1058 Οὕτω
1014 1001 1118 1075 γὰρ
1152 1003 1186 1070 ἡ
1216 999 1483 1075 σύνταξις,
1515 1004 1655 1078 Ὅρα
1694 997 1752 1056 δὲ
1782 1001 1979 1077 πρότε-

321 1110 415 1163 ρον
447 1088 600 1152 υἱοὺς
627 1085 883 1165 ’Δόραᾶμ
912 1089 1081 1145 εῗπὼν
1112 1087 1201 1145 διὰ
1228 1096 1328 1158 τῆς
1357 1091 1615 1161 πίστεως,
1674 1094 1765 1146 νῦν
1825 1088 1979 1151 υἱοὺς

319 1177 469 1251 λέγει
498 1182 597 1235 τοῦ
618 1182 775 1234 Θεοῦ.

2086 647 2347 718 amplius
2379 648 2487 702 sub
2513 647 2830 721 paedagogo
2862 663 3125 704 sumus.»
3152 649 3295 704 Cum
3324 651 3485 706 enim
3505 649 3738 722 parvuli

2088 750 2378 800 essemus,
2399 736 2712 808 oportebat
2731 736 2838 791 sub
2864 737 3177 810 pmdagogo
3203 737 3415 807 degere
3440 756 3452 793 :
3479 755 3599 794 non
3630 754 3738 796 au-

2087 828 2207 878 tem
2239 841 2372 879 cum
2406 824 2653 896 perfecti
2689 841 2915 890 sumus,
2951 847 2978 874 ‹‹
3014 825 3401 881 Perfectionis
3433 826 3594 882 enim
3643 828 3737 881 in-

2089 912 2313 968 dicium
2336 914 2766 985 est,adoptatos
2788 930 2919 971 esse
2940 930 2975 969 a
2996 915 3113 971 Deo
3137 915 3196 970 in
3220 915 3393 971 filios.
3422 938 3449 965 η
3474 947 3541 957 -
3581 938 3606 966 ι
3628 917 3742 970 Per

2090 1001 2269 1058 fidem
2296 1020 2428 1075 quas
2451 1008 2540 1058 est
2567 1003 2628 1058 in
2649 1003 2882 1059 Christo
2901 1004 3059 1059 Jesu.
3085 1025 3114 1054 »
3140 1004 3374 1060 Litterae
3396 1004 3556 1061 enim
3577 1004 3741 1060 ordi-

2089 1092 2253 1147 natio
2312 1092 2448 1146 talis
2504 1098 2597 1147 est
2651 1098 2719 1147 ut
2774 1091 2858 1158 τό,
2924 1094 3074 1149 146
3130 1089 3219 1147 διὰ
3274 1098 3373 1162 τῆς
3423 1090 3475 1147 ἐν
3526 1093 3745 1163 Χριστῷ

2091 1180 2296 1248 Ἰησοῦ,
2331 1178 2391 1234 id
2425 1185 2533 1248 est,
2567 1195 2675 1251 per
2704 1180 2884 1235 {idem
2935 1181 3000 1235 in
3030 1180 3261 1237 Christo
3302 1182 3462 1251 Jesu,
3490 1187 3747 1253 ponatur

314 1287 423 1343 pro
453 1267 539 1334 τὸ,
571 1264 664 1322 διὰ
691 1272 795 1336 τῆς
826 1265 878 1321 ἒν
937 1267 1157 1341 Χριστῷ
1184 1266 1363 1339 Ἰησοῦ
1413 1268 1668 1336 πίστεως,
1702 1268 1764 1324 id
1801 1273 1912 1338 est,
1967 1286 1984 1341 ι

2102 1285 2236 1324 eam
2291 1284 2423 1339 quas
2478 1268 2655 1323 estin
2716 1268 2948 1324 Christo
3003 1269 3143 1325 Jesu
3199 1268 3380 1326 fidem
3414 1286 3428 1325 :
3467 1269 3553 1326 sic
3583 1269 3744 1326 enim

321 1362 626 1416 structura
655 1357 856 1415 habet.
889 1356 1143 1415 Adverte
1202 1364 1401 1416 autem
1434 1358 1593 1431 quod
1623 1374 1758 1416 cum
1787 1359 2049 1431 primum
2080 1356 2233 1413 filios
2286 1355 2537 1413 Abrahm
2569 1357 2819 1414 dixisset
2847 1375 2953 1430 per
2984 1357 3187 1427 fidem,
3214 1375 3374 1416 nunc
3406 1359 3552 1416 dicit
3589 1358 3748 1416 ﬁlios

316 1447 444 1505 Dei.

383 1544 542 1601 Ὀσοι
567 1544 673 1622 γὰρ
704 1542 781 1608 είς
814 1545 1051 1621 Χριστὸν
1083 1539 1465 1617 ἐϐαπτίσθητε,
1508 1543 1738 1620 Χριστὸν
1771 1541 1982 1601 ἰνεδὺσ-

322 1634 502 1693 σασθε.
538 1633 652 1691 Οὐκ
681 1626 754 1689 ἔνι
790 1629 1056 1698 Ἰουδαῖος
1085 1632 1211 1690 οὐδὲ
1239 1631 1477 1706 Ἕλλην.
1513 1633 1625 1693 Οὐκ
1675 1629 1749 1690 ἔνι
1783 1630 1982 1697 δοῦλος

318 1720 446 1780 οὐδὲ
473 1721 782 1799 ἐλεύθερος.
816 1722 931 1782 Οὑκ
961 1718 1034 1778 ἔνι
1070 1721 1226 1798 ἄρσεν
1276 1723 1366 1779 καὶ
1421 1721 1587 1794 θῆλυ.
1647 1723 1847 1787 Πάντες
1879 1723 1982 1800 γὰρ

323 1814 479 1885 ὑμεῖς
510 1814 587 1876 εἷς
616 1811 735 1871 ἐστε
763 1814 818 1869 ἐν
852 1814 1070 1890 Χριστῷ
1103 1814 1305 1887 Ἰησοῦ.
1345 1814 1406 1872 Εί
1430 1811 1489 1869 δί
1528 1814 1685 1887 ὑμεῖς
1719 1812 1983 1887 Χριστοῦ,

322 1900 427 1979 ἄρα
457 1907 552 1958 τοῦ
583 1899 836 1977 Ἀϐραὰμ
866 1905 1083 1977 σπέρμα
1139 1901 1260 1961 ἐστὶ
1323 1902 1413 1959 καὶ
1467 1904 1585 1960 κατ’
1639 1901 1971 1981 ἐπαγγελίαν

320 1990 694 2067 κληρονόμοι.

2169 1546 2266 1616 ΙΙΙ,
2298 1550 2489 1603 27-29.
2540 1549 2678 1603 Nam
2720 1553 2992 1619 quotquot
3047 1547 3109 1603 in
3135 1547 3413 1603 Christum
3471 1547 3744 1618 baptizati

2092 1639 2237 1704 estis,
2298 1637 2573 1693 Christum
2627 1638 2907 1694 induistis.
2969 1640 3088 1695 Non
3142 1643 3220 1693 est
3286 1636 3510 1693 Judzus
3563 1651 3743 1708 neque

2094 1727 2330 1783 Graecus.
2364 1728 2483 1783 Non
2509 1735 2586 1784 est
2612 1744 2796 1785 servus
2825 1744 3019 1800 neque
3050 1727 3211 1784 liber.
3246 1729 3363 1783 Non
3392 1732 3471 1783 est
3526 1741 3744 1783 mascu-

2096 1816 2179 1873 lus
2206 1833 2305 1872 nec
2335 1818 2769 1885 femina.0mnes
2799 1819 2946 1873 enim
2975 1833 3067 1874 vos
3098 1831 3241 1873 unus
3269 1819 3397 1874 estis
3430 1816 3492 1872 in
3525 1817 3744 1873 Christo

2093 1908 2242 1963 Jesu.
2280 1908 2436 1972 Quod
2465 1910 2514 1963 si
2540 1923 2633 1963 vos
2661 1909 2787 1964 estis
2819 1907 3044 1976 Christi,
3088 1910 3263 1978 igitur
3294 1907 3537 1963 Abrahm
3564 1922 3746 1964 semen

2095 1999 2222 2052 estis
2242 1997 2417 2067 juxta
2440 1999 2859 2068 promissionem
2893 1998 3152 2054 heredes.

403 2077 621 2152 Ἐπειδὴ
668 2081 805 2156 μέγα
861 2083 1011 2137 εἶπεν
1070 2080 1222 2145 υἱοὺς
1273 2087 1407 2139 Θεοῦ
1465 2084 1615 2155 ἡμᾶς
1668 2080 1979 2153 κεκληκὼς,

2167 2086 2456 2151 Quoniam
2490 2102 2772 2159 magnum
2805 2092 2898 2141 est
2925 2086 3085 2157 quod
3114 2085 3264 2140 dixit
3290 2101 3404 2140 nos
3434 2085 3591 2141 ﬁlios
3638 2084 3745 2142 Dei

326 2166 588 2247 λέγεικαὶ
618 2170 710 2225 τὸν
732 2171 939 2244 τρόπον
970 2173 1089 2235 πῶς
1139 2169 1459 2246 γενόναμεν.
1510 2171 1736 2250 Ὠερειλε
1794 2166 1853 2225 δὲ
1910 2169 1986 2232 ὡς

318 2259 460 2334 πρὸς
489 2261 555 2316 τὸ
582 2261 947 2336 προκείμενον
993 2262 1138 2335 νόμα
1170 2261 1364 2328 εἰπεῖν,
1427 2283 1449 2311 ε
1502 2262 1661 2320 Ὅσοι
1720 2259 1797 2323 sic
1853 2265 1987 2335 Χρι-

318 2349 444 2403 στὸν
475 2342 865 2421 ἐϐαπτίσθητε,
923 2349 1033 2404 υἱοὶ
1091 2353 1227 2405 Θεοῦ
1284 2350 1566 2427 γεγόνατε’
1603 2372 1630 2399 η
1683 2346 1819 2418 αὓτη
1876 2348 1984 2423 γὰρ

317 2438 355 2507 ἢ
411 2434 732 2496 ἂκολουθία.
764 2435 947 2495 Ἀλλὰ
1001 2438 1091 2493 καὶ
1158 2442 1251 2493 νῦν
1310 2436 1471 2511 ἄλλῳ
1507 2438 1697 2514 τρόπῳ
1767 2436 1983 2508 μᾶλλον

320 2527 704 2602 περεγεγονότι
733 2527 798 2582 τὸ
841 2526 973 2582 αὐτὸ
1023 2527 1194 2584 εἶπεν.
1257 2526 1319 2583 Ei
1375 2527 1479 2605 γὰρ
1546 2528 1639 2583 τὸν
1697 2526 1820 2581 Υἱὸν
1884 2527 1985 2580 τοῦ

325 2618 463 2671 Θεοῦ
490 2611 840 2687 ἐνδεδὺμεθα,
871 2626 961 2670 καί
992 2616 1107 2670 οἷον
1164 2615 1263 2686 τήν
1324 2614 1507 2669 εἰκόνα
1566 2614 1734 2670 αὑτοῦ
1786 2611 1987 2693 ἡμεριέ-

322 2716 524 2777 σμεοα,
557 2701 793 2773 εὔδηλον
825 2702 908 2759 ὅτι
932 2706 1024 2759 καὶ
1055 2710 1155 2773 τῆς
1186 2703 1443 2774 υἷότητος
1501 2703 1671 2760 αὑτοῦ
1725 2702 1984 2757 κοινωνοί

319 2791 508 2865 ἱσμεν.
554 2793 617 2847 Ei
649 2793 739 2847 καὶ
772 2792 977 2855 ἐκεῖνος
1013 2794 1110 2867 μὶν
1168 2793 1232 2849 τὸ
1283 2795 1533 2869 γνήσιον,
1564 2794 1728 2863 ἡμεῖς
1787 2790 1844 2847 δὲ
1921 2793 1986 2848 τὸ

326 2881 471 2938 θὲσει
502 2880 727 2958 ἔχομεν.
767 2904 789 2931 ε
823 2881 1024 2943 Πάντες
1075 2882 1178 2958 γὰρ
1237 2881 1395 2955 ὑμεῖς
1454 2883 1530 2943 εἷς
1586 2880 1704 2935 ἐστε
1760 2880 1813 2937 ἐν
1859 2887 1986 2938 Χοι-

331 2976 445 3045 στῷ
479 2972 679 3043 Ἰησοῦ.
714 2997 742 3024 ››
775 2975 865 3044 Τῷ
893 2970 987 3027 ’ὲνα
1016 2971 1185 3027 τῦπον
1238 2971 1331 3025 καὶ
1390 2971 1519 3046 μίαν
1578 2972 1793 3048 μορφὴν
1845 2967 1985 3026 ἑνδε-

329 3057 520 3116 δῦσθαι
576 3063 675 3129 τήν
728 3065 826 3116 τοῦ
884 3064 1144 3136 Χριστοῦ,
1203 3061 1293 3116 καὶ
1355 3060 1481 3134 μίαν
1536 3055 1685 3136 ἔχειν
1737 3058 1981 3139 κεφαλὴν

323 3149 513 3220 αὐτὸν,
584 3150 675 3205 καὶ
732 3149 937 3214 πάντας
994 3149 1070 3213 είς
1127 3145 1179 3205 ἔν
1236 3154 1393 3223 σῶμα
1451 3147 1745 3208 συντελεῖν.
1807 3174 1835 3202 ‹‹
1897 3150 1984 3205 Ἐν

324 3242 576 3313 Χριστῷ,
629 3239 819 3319 φησὶν,
873 3240 1077 3311 Ἰησοῦ.
1138 3261 1165 3291 η
1226 3239 1305 3296 Δι’
1360 3237 1523 3294 αὑτὸν
1572 3238 1680 3314 γὰρ
1728 3238 1792 3293 τὸ
1846 3238 1982 3293 εἶναι

326 3321 552 3404 ἔχομεν,
612 3325 702 3383 διὰ
755 3332 854 3384 τοῦ
905 3327 1136 3402 σταυροῦ
1194 3327 1381 3397 αὑτοῦ,
1438 3328 1527 3383 καὶ
1585 3331 1683 3382 τοῦ
1727 3328 1978 3399 θανάτου,

326 3416 422 3472 καὶ
477 3422 579 3487 τῆς
635 3417 888 3492 χάριτος.
926 3443 946 3469 ι
983 3417 1043 3475 Εἰ
1085 3415 1141 3472 δὶ
1204 3417 1359 3490 ὑμεῖς
1414 3417 1667 3491 Χριστοῦ.
1736 3441 1756 3467 ι
1819 3414 1884 3473 Ei
1924 3412 1983 3471 δὲ

329 3508 488 3581 ὑμεῖς
517 3505 634 3562 ἐστε
665 3511 897 3583 Χριστοῦ
930 3507 1116 3583 μορφή
1150 3505 1241 3563 καὶ
1273 3509 1455 3579 σῶμα,
1514 3504 1702 3583 φησὶν,
1754 3503 1978 3568 εἰκότως

319 3600 420 3652 τοῦ
448 3590 703 3671 Ἀϐραάμ
744 3593 862 3651 ἐστε
920 3596 1157 3670 σπέρμα.
1217 3591 1441 3663 Ἐπειδή
1512 3595 1617 3671 γὰρ
1675 3590 1979 3668 ἔμπροσθεν

321 3681 538 3763 ἔλεγεν,
568 3684 654 3740 ὅτι
686 3686 714 3739 ὁ
745 3685 975 3759 Χριστὸς
1009 3686 1229 3761 σπέρμα
1260 3678 1518 3759 Ἀϐραάμ
1549 3682 1662 3739 ἐστι
1718 3683 1781 3738 τὸ
1846 3683 1984 3738 κατᾶ

323 3774 499 3851 σάρκα
548 3775 721 3848 (αὐτῷ
774 3774 867 3830 οὖν
923 3778 1006 3848 τῷ
1081 3775 1350 3849 σπέρματι
1408 3767 1664 3847 Ἀϐραὰμ
1718 3769 1981 3842 ἐδόθησαν

328 3864 384 3920 αἱ
418 3862 765 3940 ἐπαγγελίαι,
815 3865 1067 3918 τουτέστι
1123 3866 1203 3934 τῷ
1257 3863 1523 3936 Χριστῷ),
1578 3864 1667 3915 νῦν
1704 3859 1798 3916 τὸν
1851 3859 1984 3916 αὑτό

326 3952 843 4032 ἀνακεφαλαιοῦται.
932 3949 1004 4008 Εἴ
1054 3952 1192 4020 ἐστε,
1253 3950 1409 4024 φησὶ,
1482 3954 1643 4022 σῶμα
1725 3951 1983 4023 Χριστοῦ,

325 4045 545 4117 σπέρμα
568 4040 627 4098 τέ
654 4041 772 4098 ἕστε
805 4037 1058 4117 Ἀϐραὰμ
1080 4041 1173 4097 καὶ
1204 4038 1547 4116 κληρενόμοι
1575 4045 1678 4109 τῆς
1700 4043 1781 4111 τῷ
1820 4035 1986 4114 σπέρ-

325 4152 461 4208 ματι
492 4132 659 4187 αὑτοῦ
689 4128 941 4202 δοθείσης
975 4129 1369 4209 ἐπαγγελίας,ὁ
1392 4128 1629 4203 Χριστὸς
1653 4130 1986 4205 ἡμῖν,φησξ,

315 4222 539 4277 τούτων
573 4220 773 4283 αἳτιος.
806 4220 835 4274 ὁ
866 4224 1029 4293 σῶμα
1058 4222 1206 4292 ἡμᾶς
1235 4218 1412 4291 ἑαυτῷ
1470 4215 1865 4291 ποιησάμενος,
1896 4216 1988 4270 καὶ

326 4309 425 4367 διὰ.
445 4312 610 4366 τοῦτο
640 4309 730 4364 καὶ
759 4307 836 4370 εἰς
867 4310 1084 4384 σπέρμα
1110 4312 1191 4381 τῷ
1235 4302 1484 4383 ’Λϐραᾶμ
1544 4306 1865 4382 εἰσαγαγὼν,
1926 4305 1990 4361 οὐ

326 4400 437 4474 μὴν
470 4400 499 4454 ὃ
526 4398 715 4473 νόμος.

972 4489 1235 4544 ΚΕΦΑΛ.
1268 4487 1345 4541 H'.

652 4579 777 4636 Ὅτι
813 4578 920 4634 ὑπὸ
947 4575 1119 4632 κτίσιν
1141 4576 1276 4644 ἦσαν
1311 4574 1362 4629 οἱ
1406 4571 1458 4628 ἂν
1489 4574 1668 4646 νόμῳ.

406 4670 564 4745 Λέγω
598 4666 679 4733 ὂὶ,
711 4668 793 4748 ἐφ’
852 4658 981 4724 Βσον
1038 4666 1242 4743 χρόνον
1301 4664 1330 4719 ὁ
1383 4662 1742 4739 κληρονόμος
1793 4662 1993 4734 νήπιός

329 4758 504 4830 ἑστιν,
560 4754 716 4814 οὐδὲν
778 4755 1021 4835 διαφέρει
1084 4753 1311 4825 δούλου,
1372 4753 1572 4827 Κύριος
1626 4751 1839 4808 πάντων
1893 4749 1993 4821 ὢν,

331 4826 500 4904 ἆλλᾶ-
517 4848 622 4904 ὑπὸ
654 4826 984 4924 ἐπιτρόπους
1010 4845 1121 4901 in?
1181 4843 1271 4899 καὶ
1319 4826 1667 4917 οἰκονόμους,
1699 4838 1832 4918 ἄχρι
1888 4848 1990 4911 τῆς
2028 4826 2070 4890 D

327 4937 677 5014 προθεσμίας
749 4941 848 4993 τοῦ
902 4932 1127 5011 πατρός.
1217 4933 1410 4996 Οὕτως
1465 4933 1559 4988 καὶ
1641 4935 1831 5007 ἡμεῖς,
1901 4929 1991 4987 ὅτε

326 5028 471 5103 ἦμεν
499 5030 714 5102 νήπιοι,
740 5027 847 5083 ὑπὸ
871 5027 939 5083 τὰ
968 5029 1216 5101 στοιχεῖν
1242 5028 1341 5079 τοῦ
1371 5023 1584 5098 κόσμου
1612 5022 1754 5096 ἦμεν
1789 5019 1989 5079 δεδου-

327 5116 597 5192 λωμένοι.

400 5210 463 5263 Τί
495 5209 600 5285 γὰρ
636 5210 800 5279 ;“Οτι
828 5204 1033 5283 ὥριστο
1088 5205 1237 5279 παρά
1289 5207 1390 5259 τοῦ
1446 5206 1611 5277 πατρὶ
1642 5199 1812 5276 μηδὲν
1845 5200 1990 5258 διοι-

330 5302 473 5368 κεῖν,
504 5294 638 5373 ἄχρι
669 5303 768 5367 τῆς
800 5297 1050 5370 νομίμης
1081 5291 1326 5363 ἡλικίας.
1361 5289 1557 5354 Καλῶς
1606 5290 1665 5347 δὲ
1691 5289 1864 5367 ἤγαγε
1927 5291 1989 5347 τὸ

327 5391 430 5443 τοῦ
459 5387 660 5458 νηπίου
689 5385 1065 5463 παράδειγμα.
1127 5386 1330 5454 Ὠσπερ
1385 5382 1489 5459 γὰρ
1543 5382 1748 5445 ἐκεῖνος
1802 5382 1991 5458 κύριος

329 5477 551 5533 πάντων
579 5476 655 5532 ὢν
717 5474 809 5532 διά
861 5477 962 5543 τήν
1015 5474 1327 5544 νηπιότητα
1384 5471 1658 5529 κωλύεται
1715 5472 1992 5547 ἰγκρατεῖν

327 5569 470 5623 εἶναι
497 5570 605 5624 τῶν
634 5567 822 5636 αὑτοῦ,
855 5566 1005 5621 οὕτω
1032 5564 1121 5620 καὶ
1148 5565 1341 5637 ἡμεῖς,
1372 5559 1462 5617 διά
1507 5562 1569 5617 τὸ
1619 5561 1794 5618 πάλαι
1849 5561 1988 5617 εἶναι

323 5658 521 5729 νήπιοι
543 5658 636 5713 τὸν
666 5660 814 5726 νοῦν,
848 5653 1207 5729 ἐκωλυόμεθα
1246 5659 1348 5723 τῆς
1401 5651 1670 5716 υἱοθεσίας
1724 5654 1988 5715 τοῦΘεοῦ

319 5745 642 5823 εειωθῆναι.
678 5771 707 5800 ιε
764 5748 894 5803 Ὅτε
953 5743 1091 5818 ἦμεν
1150 5745 1365 5813 νήπιοι.
1424 5765 1453 5796 »
1510 5742 1737 5813 Νήπιοι,
1800 5741 1986 5820 φησὶν,

2097 2174 2493 2235 electos.dicit
2522 2181 2581 2231 et
2610 2176 2854 2231 modum
2887 2192 3004 2247 quo
3034 2175 3175 2231 facti
3199 2172 3748 2230 sumus.Debuisset

2094 2270 2292 2319 autem
2325 2271 2612 2337 quantum
2633 2264 2706 2321 ad
2730 2265 3097 2337 propositam
3119 2264 3480 2320 sententiam
3502 2262 3704 2320 dicere
3728 2279 3744 2320 :

2094 2360 2450 2430 «Quotquot
2505 2359 2565 2414 in
2598 2359 2897 2414 Christum
2930 2358 3209 2430 baptizati
3266 2358 3430 2426 estis,
3475 2356 3584 2413 filii
3644 2355 3749 2413 Dei

2093 2445 2231 2502 facti
2275 2448 2459 2513 estis;
2495 2470 2522 2497 »ι
2555 2448 2682 2504 hmo
2714 2448 2872 2502 enim
2907 2454 2999 2504 est
3023 2446 3474 2519 consequentia.
3526 2447 3749 2501 Verum

2093 2552 2252 2591 nunc
2286 2536 2462 2591 etiam
2493 2536 2669 2591 modo
2695 2536 2880 2608 magis
2903 2536 3129 2592 efﬁcaci
3160 2535 3315 2592 idem
3340 2537 3510 2592 dixit.
3528 2535 3675 2592 Nam
3696 2535 3749 2591 si

2092 2624 2393 2680 Christum
2428 2626 2529 2680 Dei
2562 2613 2777 2682 Filium
2814 2626 3210 2690 iuduimur,et
3241 2633 3527 2697 tanquam
3560 2625 3749 2696 ipsius

2094 2713 2414 2788 imaginem
2474 2717 2781 2782 vestimus,
2818 2716 3199 2772 manifestum
3234 2723 3326 2772 est
3376 2716 3534 2787 quod
3566 2715 3749 2771 etiam

2094 2802 2401 2859 ﬂliationis
2435 2804 2623 2876 ipsius
2651 2805 2969 2877 participes
3002 2804 3191 2861 simus
3221 2823 3233 2859 :
3269 2820 3611 2876 quanquam
3646 2804 3750 2861 ille

2093 2893 2205 2949 hoc
2256 2894 2528 2950 naturale
2588 2894 2785 2950 habet.
2832 2911 2940 2949 nos
2990 2910 3125 2950 vero
3184 2911 3291 2966 per
3340 2894 3745 2966 ad0ptionem.

2096 3003 2125 3032 «
2159 2983 2379 3038 Omnes
2405 2983 2565 3038 enim
2600 3000 2699 3038 vos
2735 2999 2888 3038 unus
2924 2984 3066 3038 estis
3096 2984 3157 3037 in
3188 2983 3422 3037 Christo
3442 2984 3637 3038 Jesu.»
3666 2983 3749 3038 Ex

2093 3088 2161 3127 eo
2192 3073 2468 3128 videlicet
2498 3073 2655 3143 quod
2688 3091 2787 3129 vos
2816 3090 2997 3129 unam
3029 3073 3277 3146 ﬁguram
3303 3088 3609 3143 unamque
3631 3073 3746 3127 for-

2092 3178 2250 3217 mam
2279 3161 2470 3217 induti
2495 3163 2883 3233 estis,nempe
2917 3179 3049 3233 quw
3076 3162 3290 3218 Christi
3317 3168 3437 3217 est:
3465 3170 3523 3217 et
3552 3177 3741 3217 unum

2089 3257 2268 3323 caput
2297 3251 2548 3321 habetis,
2584 3252 2861 3309 videlicet
2888 3253 3105 3325 ipsum.
3139 3258 3199 3309 et
3222 3268 3432 3308 omnes
3461 3253 3525 3308 in
3553 3267 3741 3309 unum

2090 3357 2305 3414 corpus
2336 3342 2859 3398 consummamini.
2883 3364 2910 3394 ‹‹
2943 3346 3006 3399 In
3039 3342 3269 3399 Christo
3296 3343 3492 3411 Iesu,»
3524 3341 3739 3414 inquit.

2090 3429 2235 3486 Nam
2253 3447 2361 3504 per
2383 3447 2513 3486 eum
2535 3431 2823 3488 habemus
2843 3432 3041 3504 ipsum
3066 3448 3194 3487 esse
3219 3447 3325 3503 per
3345 3448 3583 3488 crucem
3611 3430 3742 3503 ejus

2093 3526 2149 3575 et
2176 3525 2430 3576 mortem
2454 3538 2522 3577 ac
2548 3521 2919 3577 charitatem.
2946 3544 2973 3571 «
3004 3520 3172 3587 Quod
3198 3521 3246 3576 si
3276 3537 3376 3577 vos
3408 3521 3551 3577 estis
3573 3519 3743 3576 Chri-

2091 3610 2188 3666 sti.
2224 3633 2250 3659 »
2283 3609 2450 3676 Quod
2482 3611 2530 3665 si
2562 3627 2661 3665 vos
2719 3611 2937 3667 Christi
2968 3611 3161 3667 forma
3210 3616 3269 3667 et
3298 3627 3516 3683 corpus
3575 3608 3740 3677 estis,

2090 3699 2303 3754 merito
2333 3699 2586 3755 Abrahm
2618 3716 2823 3755 semen
2855 3701 3020 3756 estis.
3054 3700 3347 3765 Quoniam
3378 3700 3539 3756 enim
3574 3698 3742 3771 prius

2092 3787 2244 3843 dixit
2274 3788 2433 3858 quod
2489 3788 2756 3843 Christus
2789 3788 3040 3844 Abrabaa
3097 3804 3303 3844 semen
3363 3792 3522 3844 esset
3566 3786 3742 3858 juxta

2092 3892 2332 3932 carnem
2364 3876 2498 3949 (ipsi
2530 3893 2664 3950 ergo
2696 3877 2911 3932 semini
2943 3876 3193 3932 Abrahae
3224 3877 3375 3933 datae
3408 3881 3548 3932 sunt
3604 3892 3742 3947 pro-

2093 3965 2436 4025 missiones.
2471 3967 2529 4021 id
2560 3971 2668 4029 est,
2728 3966 2981 4034 Christo)
3011 3966 3170 4020 idem
3204 3982 3364 4020 nunc
3411 3964 3647 4037 repetit.
3684 3963 3748 4022 Si

2094 4055 2253 4110 estis.
2280 4053 2496 4125 inquit,
2521 4053 2988 4124 corpusCliristi,
3013 4053 3557 4110 etsemenAbrahaa
3581 4051 3749 4121 estis,

2095 4142 2430 4199 ethaeredes
2444 4143 2858 4215 promissionis
2874 4161 3005 4215 quas
3029 4144 3166 4199 data
3188 4151 3279 4199 est
3294 4143 3508 4200 semini
3521 4143 3751 4216 ipsius:

2094 4236 2383 4304 Christus,
2417 4236 2631 4307 inquit,
2661 4235 2874 4291 horum
2907 4235 3084 4291 nobis
3112 4242 3321 4292 auctor
3349 4241 3462 4304 est,
3505 4234 3609 4308 qui
3638 4250 3751 4291 nos

2097 4326 2211 4382 sibi
2242 4326 2357 4398 ipsi
2415 4342 2631 4398 corpus
2670 4326 2913 4397 aptavit,
2944 4332 3003 4380 et
3062 4330 3381 4398 propterea
3419 4340 3659 4398 quoque
3689 4324 3754 4380 in

2099 4432 2304 4471 semen
2335 4414 2588 4471 Abrahaa
2619 4413 2877 4480 induxit,
2908 4431 3029 4471 non
3059 4422 3260 4472 autem
3287 4415 3404 4472 lex.

2626 4506 2772 4560 747
2818 4505 3050 4561 CAPUT
3088 4505 3232 4561 VIII.

2101 4593 2260 4658 Quod
2287 4592 2347 4647 hi
2375 4595 2473 4663 qui
2500 4596 2560 4648 in
2592 4593 2706 4662 tege
2737 4600 2919 4660 erant,
2950 4595 3166 4663 fuerint
3193 4601 3475 4650 creatura
3502 4593 3752 4650 obnoxii.

2171 4681 2265 4748 IV,
2302 4682 2417 4736 1-3.
2476 4683 2605 4737 Dico
2660 4688 2864 4744 autem.
2924 4683 3176 4753 quandiu
3234 4683 3405 4739 haeres
3456 4698 3597 4752 puer
3652 4688 3753 4749 est,

2102 4768 2253 4826 nihil
2280 4771 2471 4841 differt
2501 4787 2536 4826 a
2574 4786 2727 4825 servo
2754 4786 2877 4826 cum
2907 4773 2979 4826 sit
3011 4770 3263 4827 dominus
3294 4769 3546 4827 amnium
3574 4785 3594 4824 :
3659 4769 3757 4825 sed

2099 4862 2197 4916 sub
2230 4860 2505 4915 tutoribus
2530 4864 2582 4914 et
2610 4860 2890 4915 actoribus
2920 4866 2996 4916 est
3025 4876 3194 4929 usque
3225 4860 3299 4914 ad
3337 4866 3549 4930 tempus
3603 4857 3757 4929 quod

2098 4956 2262 5021 pater
2283 4950 2710 5020 prescripserit.
2743 4948 2835 5004 Sic
2866 4955 2917 5004 et
2934 4965 3031 5006 nos
3059 4966 3179 5004 cum
3204 4964 3435 5005 essemus
3458 4947 3751 5020 pueri,sub

2100 5039 2375 5095 elementis
2400 5037 2595 5093 mundi
2633 5053 2849 5094 eramus
2877 5040 2935 5094 in
2965 5040 3278 5095 servitutem
3307 5038 3514 5094 adacti.

2172 5205 2362 5270 Quare
2383 5202 2532 5258 nihil
2551 5203 2751 5258 diﬂ'ert
2768 5203 2797 5260 ‘2
2826 5204 2975 5269 Qnia
3004 5201 3343 5259 ordinatum
3367 5203 3482 5259 fuit
3501 5219 3537 5258 a
3560 5208 3754 5275 patre,

2101 5300 2166 5350 ut
2180 5293 2328 5349 nihil
2346 5292 2635 5365 gubernet
2652 5309 2840 5363 usque
2862 5292 2935 5348 ad
2959 5291 3283 5358 legitimam
3312 5293 3756 5349 tetatemﬁscte

2099 5390 2297 5440 autem
2330 5381 2577 5438 adduxit
2605 5382 2772 5454 pueri
2806 5382 3169 5453 exemplum.
3234 5382 3753 5447 Quemadmodum

2100 5474 2262 5529 enim
2285 5472 2385 5527 ille
2408 5488 2542 5526 cum
2568 5472 2837 5527 omnium
2870 5471 2948 5526 sit
2979 5469 3533 5544 dominuspropter
3552 5469 3750 5541 pueri-

2100 5563 2243 5619 tiam
2276 5567 2475 5616 tamen
2507 5559 2857 5633 prohibetur
2878 5559 3148 5616 obtinere
3169 5578 3301 5632 quae
3336 5577 3444 5617 sua
3472 5565 3611 5613 sunt
3634 5574 3649 5612 :
3669 5557 3753 5613 ita

2101 5657 2161 5710 et
2188 5669 2318 5720 nos,
2352 5668 2421 5708 eo
2456 5650 2615 5724 quod
2673 5649 2818 5709 olim
2846 5652 3046 5726 pueri'
3081 5667 3344 5718 eramus,
3392 5646 3754 5723 prohibeba-

2099 5757 2236 5803 mur
2262 5741 2364 5796 Dei
2426 5738 2810 5812 adoptionem
2870 5739 3191 5814 suscipere.
3228 5762 3257 5789 α
3307 5739 3450 5794 Cum
3484 5751 3752 5799 essemus
