4098 6388
406 380 430 437 l
449 379 563 440 135

1567 370 1986 438 (BGU-MENII
2030 369 2342 434 TRIOCIE
2383 371 2740 435 EPISOOPI

3669 380 3836 442 1133

399 511 591 585 pueri.
630 535 650 560 ι
686 512 882 578 Pueri,
914 511 1131 583 inquit.
1164 527 1285 567 non
1316 516 1509 577 astate,
1544 510 1648 567 sed
1704 507 2024 581 cognitioni

2163 502 2226 573 οὐ
2258 507 2328 577 τῇ
2352 503 2570 574 ἡλικία,
2603 504 2750 563 ἀλλὰ
2781 509 2849 579 τῇ
2906 508 3105 583 γνώσει
3132 511 3232 564 τοῦ
3261 513 3419 575 Θεοῦ,
3466 506 3678 572 δεικνὺς
3736 510 3823 566 ὅτι

399 603 500 658 Dei
538 619 552 656 :
584 600 908 657 ostendens
939 601 1095 672 quod
1126 602 1280 656 Deus
1312 600 1555 671 quidem
1587 600 1711 654 hinc
1745 598 1817 653 ab
1877 595 2049 650 initio

399 692 618 746 donare
650 691 1175 763 voluisset,nempe
1207 690 1613 762 adoptionem,
1642 687 1745 744 sed
1768 703 1876 743 nos
1907 684 2052 740 dila-

398 781 579 836 tionis
610 798 791 838 causa
822 799 1077 850 eramus,
1112 798 1245 836 cum
1286 788 1489 837 mente
1538 780 1706 852 pueri
1756 792 2047 833 essemus.

395 872 605 927 Relicti
638 872 838 943 itaque
873 889 1074 927 sumus
1110 872 1207 925 Ι)θί
1240 870 1739 943 permissione.ut
1769 868 2048 923 servitute

396 961 831 1029 subjiceremur
854 961 1307 1025 elementis,hoc
1324 957 1876 1020 est.circumlationi
1902 956 2047 1012 solis

393 1068 463 1108 ac
490 1052 648 1107 luna:
675 1070 687 1106 :
721 1068 859 1107 nam
884 1052 944 1106 in
977 1053 1319 1107 servitutem
1346 1050 1539 1107 adacti
1572 1066 1809 1104 eramus
1831 1046 2046 1103 Sabba‘

391 1140 472 1195 tis
502 1147 563 1196 et
590 1141 926 1197 neomeniis
959 1139 1308 1211 dierumque
1341 1137 1878 1200 observationibus,
1912 1151 2044 1206 quas

393 1230 723 1287 secundum
752 1229 944 1302 legem
979 1227 2041 1298 observabantur.Maxima.inquit,in

385 1326 551 1393 parte
586 1320 695 1375 soli
727 1326 787 1375 et
812 1318 969 1375 lunas
1007 1318 1259 1391 subjecti
1290 1319 1537 1383 fuimus,
1570 1335 1604 1373 a
1634 1316 1856 1388 quibus
1914 1315 2041 1372 dies

384 1409 682 1464 habentur
723 1411 1089 1465 encomeniaa
1105 1415 1163 1464 et
1175 1407 1675 1464 Sabbata.Volens
1691 1411 1890 1463 autem
1904 1421 2038 1476 quin

385 1501 446 1555 in
480 1500 606 1572 lege
638 1506 810 1557 erant
839 1499 1164 1572 plurimum
1192 1499 1549 1572 deprimere,
1572 1514 1692 1554 non
1715 1497 1895 1553 dixit:
1919 1494 2036 1551 Sub

386 1591 577 1663 legem
611 1607 846 1647 eramus
876 1590 939 1645 in
973 1591 1317 1646 servitutem
1349 1590 1566 1652 adacti,
1621 1588 1746 1654 sed,
1780 1587 1896 1643 Sub
1925 1586 2038 1642 ele-

385 1681 625 1737 mentis.
658 1711 724 1721 -—
750 1681 823 1736 Ut
851 1681 1042 1753 pueri,
1076 1680 1290 1751 inquit.
1325 1685 1383 1735 et
1412 1677 1743 1750 imperfecti
1777 1692 2035 1744 eramus,

382 1786 451 1825 ac
482 1769 659 1825 veluti
694 1767 1012 1840 quemdam
1070 1774 1518 1839 procuratorem
1547 1772 1607 1821 et
1661 1779 2035 1822 wconomum

382 1858 952 1929 habebamuslegem
976 1858 1139 1927 (nam
1163 1858 1461 1912 elementa
1485 1854 1691 1912 mundi
1716 1854 1864 1910 dixit
1884 1853 2036 1944 lega-
2070 1880 2113 1944 Β

379 1947 468 2003 les
483 1946 1463 2019 observationes),quandoquidem
1486 1963 1520 2000 a
1534 1945 1659 2001 sole
1674 1949 1732 1999 et
1753 1944 1896 1999 luna
1910 1941 2035 2019 dies

379 2043 685 2106 vocantur,
717 2053 751 2092 a
781 2036 993 2091 diebus
1052 2051 1188 2091 vero
1225 2033 1631 2090 hebdomades
1683 2049 1750 2088 ac
1800 2046 2038 2087 menses

380 2126 644 2196 annique
679 2124 1129 2180 constituuntur
1163 2139 1176 2178 :
1211 2124 1306 2178 lex
1338 2139 1478 2179 vero
1511 2120 1759 2177 sabbata
1789 2126 1848 2174 et
1891 2135 2037 2174 neo-

384 2215 637 2283 menias,
671 2230 992 2286 annuaque
1025 2214 1174 2269 festa
1204 2218 1259 2268 et
1291 2228 1584 2268 annorum
1631 2208 2036 2266 hebdomadas

384 2304 696 2361 observare
707 2303 988 2374 jubebat:
1015 2302 1124 2359 hac
1148 2318 1326 2358 causa
1348 2302 1497 2357 dixit
1514 2316 1526 2355 :
1542 2323 1569 2350 ι(
1590 2300 1707 2356 Sub
1722 2299 2035 2355 elementis

382 2392 574 2450 adacti
607 2394 669 2449 in
701 2394 1044 2449 servitutem
1079 2409 1092 2446 :
1137 2414 1162 2441 ‹‹
1218 2391 1500 2463 quoniam
1558 2406 1631 2445 ex
1661 2390 1755 2444 his
1795 2405 2033 2460 quoque

382 2488 615 2555 tempus
638 2482 1204 2538 constituitur.148
1230 2505 1255 2531 ‹‹
1283 2480 1400 2536 Sub
1423 2479 1738 2536 elementis
1760 2477 2026 2534 mundi.»

380 2573 447 2627 In
462 2572 918 2628 similitudinem
937 2577 1385 2642 procuratorum
1403 2575 1914 2625 etmconomorum
1930 2566 2032 2638 qui

379 2662 759 2732 imperfectos
780 2676 886 2732 per
906 2666 1139 2715 aetatem
1157 2659 1455 2713 instruunt
1473 2674 1540 2713 ac
1557 2657 1943 2712 moderantur
1957 2654 2031 2711 ad

377 2750 438 2806 id
469 2749 627 2820 quod
650 2748 1121 2820 expedit,mundi
1145 2748 1373 2819 accepit
1403 2746 1945 2817 elementa,quibus
1968 2744 2030 2800 in

378 2840 719 2896 servitutem
754 2838 974 2894 redacti
1010 2854 1243 2892 eramus
1270 2842 1510 2909 propter
1539 2834 1897 2909 cognitionis
1920 2835 2026 2888 im-

372 2929 1214 3001 perl'ectionem.Nequaquam
1249 2926 1447 3000 igitur.
1482 2931 1546 2981 ut
1578 2925 1811 2997 opinor.
1837 2922 2027 2978 solem

374 3019 640 3075 etlunam
667 3019 724 3074 id
739 3018 1009 3073 ordinem
1025 3023 1474 3089 procuratorum
1498 3015 2024 3087 redegit,propter—

374 3124 443 3166 ea
473 3108 631 3179 quod
663 3107 876 3163 inutile
907 3114 1065 3163 esset
1096 3107 1188 3162 his
1219 3122 1351 3161 esse
1382 3106 1739 3175 subjectum,
1774 3102 1879 3158 sed
1904 3101 2021 3157 ele-

372 3204 575 3254 menta
604 3196 810 3253 mundi
844 3196 1005 3260 dicit,
1039 3202 1142 3251 aut
1171 3195 1596 3250 elementarem
1647 3199 1706 3247 et
1750 3191 2025 3248 introdu-

2165 592 2195 647 6
2225 592 2322 665 μὲν
2353 594 2484 657 Θεὸς
2512 593 2677 664 ἤθελε
2706 598 2874 650 ταῦτα
2912 594 2963 667 ἐξ
3019 595 3203 673 ἀρχῆς
3261 597 3606 674 χαρίσασθαι,
3665 619 3824 656 τῖυτ-

2162 681 2298 752 ἐστι,
2325 685 2424 752 τήν
2456 684 2727 739 υἱοθεσίαν
2765 683 2895 741 ἀλλ’
2942 688 3107 760 ἡμεῖς
3158 694 3261 757 τῆς
3313 682 3593 757 ἀναϐολῆς
3624 687 3817 758 αἴτιοι,

2158 774 2349 843 νήπιοι
2380 769 2527 836 ὄντες
2557 773 2651 836 τὰς
2698 775 2912 853 φρένας.
2948 775 3227 849 Είάθημεν
3260 777 3352 833 οὗν
3409 778 3547 833 κατᾶ
3601 778 3815 855 συγχώ·

2163 880 2316 937 ρησιν
2347 867 2503 935 Θεοῦ,
2539 860 2915 929 δεδουλῶσθαι
2943 871 3060 928 τοῖς
3090 866 3417 934 στοιχείοις,
3444 868 3711 932 τουτέστι,
3742 871 3815 943 τῇ

2157 956 2427 1029 περιφορᾷ
2455 957 2553 1008 τοῦ
2582 952 2749 1022 ἡλίου
2776 955 2869 1010 καὶ
2924 961 3026 1025 τῆς
3078 953 3332 1027 σελήνης.
3393 955 3814 1030 Δεδουλωμένοι

2154 1043 2255 1119 γὰρ
2290 1039 2650 1103 Σαϐϐασικαὶ
2704 1045 2996 1118 νεομηνίας
3053 1048 3142 1103 καὶ
3202 1050 3429 1123 ἡμερῶν
3490 1050 3818 1123 παρατηρή-

2155 1152 2319 1199 σεσιν,
2351 1127 2508 1189 ἅτινα
2531 1136 2669 1190 κατᾶ
2698 1136 2789 1190 τὸν
2814 1135 2984 1208 νόμον
3026 1134 3380 1213 ἐφυλάττετο,
3431 1141 3512 1209 τῷ
3566 1135 3817 1210 πλείστῳ

2157 1223 2330 1300 μέρει,
2392 1223 2576 1295 φησὶν,
2638 1222 2791 1297 ἡλίῳ
2842 1224 2935 1279 καὶ
2992 1223 3195 1300 σελήνῃ
3265 1224 3701 1303 ὑποτετάγμεθα,
3760 1225 3819 1299 ἐξ

2152 1312 2225 1367 ὧν
2266 1313 2319 1367 αἱ
2377 1313 2603 1389 ἡμὲραι,
2658 1312 2749 1368 καὶ
2806 1315 2861 1370 αἰ.
2909 1313 3205 1389 νουμηνίαι
3259 1315 3349 1370 καὶ
3404 1315 3473 1371 τὰ
3526 1310 3808 1378 Σάϐϐατα.

2153 1404 2297 1460 Πάνυ
2359 1401 2416 1458 δὲ
2476 1403 2817 1479 βουλόμενος
2869 1410 3192 1482 καταγαγεῖν
3251 1406 3319 1462 τὰ
3384 1405 3436 1462 ἐν
3490 1410 3571 1476 τῷ
3628 1406 3813 1488 ww,

2148 1492 2301 1573 ἀφεὶς
2355 1492 2548 1562 εἰπεῖν,
2611 1495 2740 1550 Ὑπὸ
2819 1495 2911 1552 τὸν
2971 1496 3138 1571 νόμον
3184 1496 3324 1569 ἦμεν
3380 1493 3811 1570 δεδουλωμένοι,

2145 1582 2276 1638 Ὑπὸ
2326 1582 2393 1638 τὰ
2454 1588 2704 1660 στοιχεῖα
2735 1583 2903 1641 εἶπεν.
2939 1617 3006 1629 —
3036 1586 3382 1660 [ΘΕΟΔΩΡ.]
3413 1586 3624 1655 Ἠνίκα,
3657 1585 3817 1665 φησὶ,

2144 1675 2332 1743 νήπιοι
2363 1672 2454 1727 καὶ
2510 1672 2726 1736 ἀτελεῖς
2782 1675 2948 1746 ἦμεν,
3008 1673 3126 1730 οἷόν
3180 1695 3304 1731 τινα
3364 1673 3661 1752 ἐπίτροπον
3718 1674 3812 1730 καὶ

2144 1761 2435 1836 οἰκονόμον
2492 1760 2721 1837 εἷ’γομεν
2775 1765 2870 1819 τὸν
2950 1764 3146 1836 νόμον.
3206 1768 3494 1840 (Στοιχεῖα
3548 1764 3651 1841 γὰρ
3710 1768 3811 1820 τοῦ

2142 1850 2376 1925 κόσμου,
2406 1851 2502 1914 τὰς
2531 1853 2767 1925 νομικὰς
2823 1856 3231 1929 παρατηρήσεις
3290 1857 3488 1929 εἶπεν.)
3545 1852 3808 1927 Ἐπειδή-

2147 1964 2247 2019 περ
2276 1945 2382 1999 ἀπὸ
2414 1943 2580 2014 ἡλίου
2610 1945 2703 2000 καὶ
2734 1944 2973 2017 σελήνης
3002 1946 3092 2018 νὺξ
3149 1948 3239 2003 καὶ
3288 1948 3472 2024 ἡμέρα
3528 1946 3807 2020 καλεῖται,

2146 2030 2343 2087 ἀπὸδὲ
2380 2035 2629 2107 ἡμερῶν,
2690 2030 2995 2108 ἱϐδομάδες
3051 2036 3140 2092 καὶ
3200 2043 3367 2109 μῆνες
3416 2035 3507 2092 καὶ
3566 2035 3809 2094 ἐνιαυτοὶ

2148 2122 2509 2194 συνίστανται,
2543 2125 2571 2179 6
2603 2121 2659 2180 δὲ
2715 2124 2886 2199 νόμος
2933 2127 3024 2184 καὶ
3075 2122 3333 2183 Σάϐϐατα
3387 2128 3476 2183 καὶ
3508 2128 3804 2203 νεομηνίας

2145 2214 2234 2269 καὶ
2267 2213 2568 2280 ἐνιαυσίους
2603 2215 2792 2290 δορτᾶς
2823 2219 2917 2273 καὶ
2948 2217 3205 2275 ἐνιαυτῶν
3259 2215 3568 2293 ἑϐδομάδας
3595 2218 3810 2297 φυλάτ-

2143 2323 2255 2358 τειν
2287 2301 2555 2371 ἐκέλευσε,
2583 2306 2786 2361 τούτου
2839 2307 3003 2385 χίριν
3037 2308 3202 2363 εἶπεν·
3272 2332 3300 2360 ‹‹
3348 2308 3479 2364 Ὑπὸ
3532 2308 3599 2363 τὸ.
3653 2328 3806 2364 στοι-

2144 2398 2271 2468 χεῖα
2301 2389 2729 2468 δεδουλωμένοι,
2764 2419 2795 2448 ››
2827 2393 3014 2466 ἐπειδὴ
3060 2398 3151 2453 καὶ
3183 2396 3243 2454 ἰκ
3268 2397 3479 2454 τούτων
3540 2397 3568 2452 ὁ
3599 2397 3807 2473 χρόνος

2145 2484 2477 2540 συνίσταται.
2539 2508 2568 2536 (ι
2629 2484 2759 2539 Ὑπὸ
2810 2483 2877 2540 τὰ
2933 2492 3185 2562 στοιχεῖα
3239 2490 3338 2542 τοῦ
3394 2486 3628 2561 κόσμου.
3673 2510 3702 2538 ››
3735 2519 3804 2530 -

2145 2573 2604 2647 [ΓΕΝΝΑΔΙΟΥ.]
2658 2574 2746 2630 Ἐν
2806 2574 2950 2644 τάξει
3009 2580 3119 2631 τῶν
3152 2576 3463 2649 ἐπιτρόπων
3512 2576 3598 2630 καὶ
3650 2575 3803 2633 οἷκο-

2140 2661 2323 2733 νόμων
2350 2667 2459 2717 τῶν
2487 2665 2613 2726 τοὺς
2642 2662 2856 2726 ἀτελεῖς
2884 2667 2952 2739 τῇ
3002 2664 3200 2738 ἡλικίᾳ
3255 2665 3391 2741 πρὸς
3434 2665 3497 2720 τὸ
3527 2666 3802 2743 συμερέρον

2140 2749 2660 2826 παιδαγωγο·5ντων,
2694 2748 2858 2810 ἔλαϐε
2882 2756 2950 2810 τὰ
2975 2760 3226 2830 στοιχεῖα
3271 2759 3369 2811 τοῦ
3425 2753 3661 2828 κόσμου,
3715 2757 3802 2821 οἷς

2139 2840 2280 2914 ἦμεν
2315 2839 2723 2913 δεδουλωμένοι
2754 2841 2843 2898 διᾶ
2870 2844 2934 2899 τὸ
2957 2851 3057 2914 τῆς
3110 2844 3361 2919 γνώσεως
3416 2843 3622 2906 ἀτελὲς.
3683 2845 3800 2902 Οὐκ

2139 2932 2199 2985 ἄν
2232 2929 2347 3000 οῦν,
2379 2932 2457 2995 ὡς
2491 2935 2669 3005 οἶμαι.
2703 2933 2866 3004 ἣλιον
2894 2934 2985 2990 καὶ
3015 2933 3257 3006 σελήνην
3316 2929 3511 2991 ἔλαϐεν
3544 2935 3621 3000 εἰς
3646 2935 3795 3006 τάξιν

2134 3024 2245 3075 τῶν
2275 3020 2608 3094 ἐπιτρόπων,
2643 3020 2734 3077 διὰ
2760 3023 2821 3077 τὸ
2854 3022 3169 3103 ἀσύμφορον
3206 3024 3344 3080 εἶναι
3391 3025 3492 3094 τὴν
3520 3022 3596 3085 εἷς
3626 3028 3797 3079 ταῦτα

2139 3109 2619 3183 ὑποταγήν,ἀλλὰ
2663 3111 2913 3187 στοιχεῖά
2964 3133 3099 3190 φησι
3154 3118 3253 3168 τοῦ
3310 3113 3544 3186 κόσμου,
3605 3113 3639 3181 ἢ
3698 3112 3792 3167 τὸν

2137 3197 2471 3279 στοιχειώδη
2521 3201 2610 3256 καὶ
2670 3200 3030 3277 εἶσαγωγικὸν
3083 3202 3271 3277 νόμον.
3334 3201 3461 3273 (Καὶ
3515 3201 3616 3278 γὰρ
3672 3206 3792 3264 τοῖς

372 3286 585 3343 ctivam
602 3285 793 3357 legem
813 3284 1147 3357 (Scribebat
1164 3284 1326 3339 enim
1341 3281 1719 3338 credentibus
1733 3297 1763 3337 e
1780 3279 2019 3345 Judeeis,

2137 3287 2184 3357 ἰε
2218 3260 2496 3346 Ἰὸυδαίοόν
2530 3296 2745 3353 πιστοῖς
2777 3260 2994 3370 ἔίίραφε,
3035 3291 3125 3347 καὶ
3152 3260 3353 3361 δηλοί
3379 3292 3448 3348 τά
3496 3260 3556 3346 τὶ
3585 3260 3790 3366 ’μικρὸν

371 3382 431 3433 et
457 3374 752 3447 signiﬁcat
780 3380 906 3430 tum
931 3391 1000 3429 ea
1022 3391 1153 3444 quae
1185 3372 1361 3445 paulo
1385 3371 1658 3443 superius
1682 3371 1839 3427 dicta
1860 3374 2022 3438 sunt,

372 3470 498 3523 tum
531 3463 689 3535 quod
734 3464 781 3519 si
815 3462 1296 3528 circumdamini,
1355 3460 1625 3516 Christus
1654 3459 1817 3515 vobis
1873 3457 2024 3513 nihil

366 3553 656 3627 proderit)
689 3559 792 3609 aut
813 3554 1112 3608 elementa
1135 3557 1301 3606 vocat
1323 3549 1693 3622 dies,aquam
1722 3555 1780 3605 et
1802 3550 2020 3620 ignem,

366 3660 618 3715 quorum
651 3649 822 3699 erant
851 3642 1300 3697 observationes
1332 3657 1401 3695 ex
1432 3640 1557 3712 lege
1588 3656 1719 3710 quae
1746 3639 1807 3693 in
1839 3638 2022 3694 servi-

362 3738 550 3791 tutem
582 3733 900 3805 adigebat:
954 3729 1186 3785 dierum
1215 3728 1461 3800 quidem
1520 3729 1583 3783 in
1633 3727 1902 3783 Sabbatis
1961 3733 2019 3784 et

361 3822 699 3879 neomeniis
730 3837 799 3878 ac
824 3818 1577 3890 circumcisionibus,aqua3
1598 3823 1799 3873 autem
1821 3817 1881 3871 in
1905 3833 2012 3889 pu-

360 3910 798 3971 riﬂcationibus
811 3925 880 3965 ac
901 3908 1408 3981 lotionibus,ignis
1430 3924 1566 3962 vero
1590 3906 1652 3961 in
1667 3922 1786 3962 non
1810 3921 2015 3961 accen-

361 4000 560 4057 dendo
619 3998 888 4056 Sabbatis
945 3999 1101 4071 igne,
1161 3996 1266 4053 sed
1319 3995 1566 4052 edendis
1614 3994 1907 4067 pridianis
1946 4010 2014 4050 ac

361 4089 613 4161 frigidis.
650 4087 793 4143 Vide
824 4093 1025 4144 autem
1056 4086 1199 4159 quid
1230 4085 1391 4141 circa
1419 4086 1532 4140 hoc
1590 4082 2012 4140 admirandum

361 4176 523 4237 dicat
542 4177 831 4234 Eusebius
852 4182 1064 4247 quarto
1085 4176 1237 4230 libro
1266 4175 1339 4229 De
1366 4171 1834 4229 demonstratione
1852 4188 2013 4227 evan-

358 4271 563 4344 gelica.

428 4360 520 4415 IV.
553 4361 672 4414 4-7.
706 4361 783 4414 At
840 4359 936 4413 ubi
962 4359 1112 4413 renit
1163 4354 1457 4426 plenitudo
1487 4358 1769 4424 temporis,
1832 4354 2013 4410 emisit

356 4449 495 4503 Deus
522 4447 728 4502 Filium
785 4463 944 4502 suum
998 4448 1207 4514 factum
1242 4461 1310 4498 em
1365 4443 1617 4510 muliere,
1649 4445 1862 4510 fa.tum
1898 4441 2011 4513 legi

354 4536 743 4601 obnoxium,ut
774 4553 860 4592 eos
889 4538 1175 4606 quierant
1208 4534 1318 4603 legi
1346 4534 1594 4599 obnoasii,
1626 4533 2009 4600 redimeret,ut

2132 3378 2390 3453 ἀνωτέρω
2445 3376 2725 3455 εἰρημένα,
2784 3382 2877 3436 καὶ
2927 3381 2992 3437 τὸ
3050 3381 3138 3436 ἐὰν
3200 3380 3620 3458 περιτέμνησθε,
3654 3382 3789 3455 Χρι-

2132 3468 2255 3530 στὸς
2292 3469 2434 3542 ὑμᾶς
2461 3467 2616 3526 οὐδὲν
2645 3469 2971 3547 ὠφελήσει.)
3002 3471 3074 3528 Ἦ
3125 3475 3379 3545 στοιχεῖα
3436 3466 3614 3537 καλεῖ,
3646 3468 3786 3542 ἡμὲ-

2130 3576 2248 3632 ρας,
2280 3556 2452 3634 ὕδωρ,
2484 3562 2613 3635 πῦρ,
2648 3558 2723 3613 ὧν
2756 3560 2890 3628 ἦσαν
2918 3558 2979 3615 ἐκ
3008 3563 3107 3614 τοῦ
3142 3558 3220 3622 εἰς
3264 3556 3517 3615 δουλείαν
3579 3559 3787 3634 ὑπαγα-

2128 3648 2322 3724 γόντος
2352 3648 2524 3721 νόμου
2593 3649 2646 3703 αἱ
2702 3652 3129 3729 παρατηρήσειςτ
3162 3650 3416 3725 Ἦμερῶν
3450 3649 3568 3723 μὶν,
3618 3645 3669 3702 ἔν
3729 3667 3789 3703 τε

2126 3731 2427 3799 Σαϐϐάτοις
2483 3737 2574 3794 καὶ
2631 3737 2954 3810 νεομηνίαις
3009 3746 3100 3793 καί
3160 3743 3524 3811 περιτομαῖς.
3557 3734 3785 3800 Ὕδατος

2125 3823 2205 3894 δὶ,
2286 3825 2339 3882 ἕν
2391 3832 2512 3890 ταῖς
2571 3833 2911 3900 σωματικαῖς
2970 3827 3214 3904 ἁγνείαις
3268 3828 3360 3883 καὶ
3429 3827 3783 3903 βαπτισμοῖς.

2125 3916 2301 3990 [ιυρὸς
2332 3912 2410 3985 δε,
2438 3915 2492 3972 ἐν
2521 3920 2603 3990 τῷ
2636 3919 2712 3991 μὴ
2744 3917 3013 3973 ἀνακαίειν
3043 3923 3154 3993 πὺρ
3179 3915 3232 3973 ἐν
3276 3922 3402 3980 τοῖς
3448 3911 3782 3990 Σαϐϐατοις,

2121 4001 2250 4059 ἀλλ’
2277 4001 2427 4061 ἕωλα
2449 4003 2662 4070 ἐσθίειν.
2696 4007 2836 4079 Ὀρα
2867 4002 2923 4060 δὲ
2976 4005 3030 4060 τί
3082 4005 3235 4063 εἶπεν
3295 4004 3372 4068 είς
3427 4008 3592 4061 τοῦτο
3633 4004 3779 4075 ξένον

2123 4088 2383 4158 Εὐσίϐιος
2436 4093 2493 4150 ἐν
2565 4100 2649 4168 τῷ
2684 4097 2931 4172 τετάρτῳ
3001 4095 3156 4171 λόγῳ
3212 4099 3322 4163 Τῆς
3408 4092 3784 4174 εὖαγγελικῆς

2121 4181 2473 4253 ἀποδείξεως.

2189 4365 2318 4424 Ὅτε
2372 4361 2428 4421 δὲ
2479 4363 2618 4435 ἦλθε
2673 4367 2734 4421 τὸ
2784 4364 3069 4441 πλήρωμα
3127 4370 3225 4422 τοῦ
3284 4362 3514 4442 χρόνου,
3581 4363 3777 4437 ἐξαπε-

2119 4454 2327 4512 στειλεν
2402 4457 2432 4510 6
2517 4456 2645 4519 Θεὸς
2733 4458 2828 4513 τὸν
2907 4458 3030 4513 Υἱὸν
3109 4454 3273 4512 αὐτοῦ
3329 4456 3627 4532 γενόμενον
3716 4452 3779 4509 ἐκ

2115 4546 2392 4621 γυναικὸς,
2474 4546 2757 4621 γενόμενον
2835 4547 2940 4602 ὑπὸ
3017 4548 3209 4619 νόμον,
3277 4545 3370 4600 ἵνα
3447 4545 3582 4606 τοῦς
3668 4543 3774 4600 ὑπὸ

352 4627 708 4698 ad0ptionem
749 4629 808 4681 in
858 4626 1002 4696 ﬁlios
1049 4626 1434 4695 acciperemus.
1495 4623 1767 4689 Quoniam
1822 4628 2003 4677 autem

2143 4637 2280 4713 όμον
2366 4635 2689 4712 ἐξαγοράσῃ,
2768 4636 2861 4693 ἳνα
2942 4639 3044 4708 τήν
3109 4636 3381 4701 υἱοθεσίαν
3463 4628 3775 4691 ἀπολάϐω-

350 4718 476 4772 estis
503 4718 784 4786 ﬁlii,misit
811 4718 945 4772 Deus
965 4715 1239 4785 Spiritum
1265 4711 1413 4769 Filii
1434 4714 1523 4768 sui
1551 4715 1609 4766 in
1631 4711 1799 4768 corda
1820 4718 2006 4768 vestra

350 4806 697 4863 clamantem.
733 4807 891 4861 Abba
919 4808 1108 4862 Pater.
1139 4806 1337 4874 Itaque
1358 4805 1482 4874 jam
1511 4818 1619 4858 non
1668 4807 1748 4859 est
1800 4817 2008 4866 servus,

348 4894 443 4948 sed
464 4895 631 4962 ﬁlius.
668 4895 828 4961 Quod
883 4896 933 4951 si
957 4893 1128 4963 ﬁlius,
1162 4898 1215 4946 et
1271 4893 1452 4950 Intres
1506 4891 1608 4947 Dei
1657 4906 1765 4962 per
1821 4891 2008 4946 Jesum

351 4982 647 5053 Christum,

421 5206 451 5233 «
484 5184 663 5254 Cujus
685 5184 969 5255 temporis
992 5184 1153 5238 venit
1180 5181 1487 5255 plenitudo
1510 5180 1539 5236 ‘I
1567 5204 1593 5231 ››
1614 5178 2002 5251 Ejusinquit,

346 5274 635 5346 temporis
660 5290 775 5344 quo
800 5272 1111 5344 oportebat
1133 5272 1331 5327 venire
1351 5268 2003 5325 Christum.Deﬁnitum

345 5366 454 5420 fuit
488 5364 644 5418 enim
677 5368 911 5433 tempus
942 5362 1228 5417 adventus
1260 5360 1474 5416 Christi
1507 5375 1541 5413 a
1575 5358 1814 5413 Daniele
1863 5374 2003 5430 pro-

341 5455 543 5527 pheta,
577 5451 737 5524 quod
777 5451 958 5506 ﬁnem
1016 5452 1245 5523 accepit
1274 5450 1383 5505 sub
1443 5448 1691 5507 Cesaris
1750 5450 1999 5520 Augusti

340 5541 866 5619 imperio,quando
889 5548 947 5598 et
967 5541 1182 5597 Christi
1206 5541 1268 5596 in
1295 5556 1476 5596 carne
1495 5537 1862 5611 dispensatio
1880 5538 1998 5595 mei

337 5634 703 5708 principium
738 5631 1012 5705 sumpsit.
1048 5652 1077 5681 «
1105 5631 1349 5686 Factum
1379 5642 1450 5686 ex
1481 5628 1759 5685 muliere.
1788 5649 1817 5680 κ
1850 5629 1995 5686 Pro-

340 5729 545 5796 pterea
554 5739 677 5783 non
690 5722 963 5780 dixitFac
972 5728 1094 5777 tum
1109 5734 1218 5791 per
1228 5719 1565 5792 mulierem,
1599 5734 1674 5775 ne
1688 5719 1994 5779 existimes

2121 4747 2232 4800 μεν.
2290 4727 2413 4784 ’Ὁτι
2468 4722 2528 4780 δὲ
2584 4726 2702 4781 ἇστε
2784 4727 2919 4794 υἱοὶ,
2978 4724 3346 4797 ἑξαπὲστειλεν
3420 4725 3447 4781 ὁ
3515 4725 3645 4785 Θεὸς
3711 4723 3776 4778 τὸ

2119 4819 2336 4888 Πνεῦμα
2390 4819 2494 4871 τοῦ
2552 4817 2682 4870 Υἱοῦ
2764 4816 2932 4874 αὐτοῦ
2989 4815 3068 4878 εἷς
3152 4816 3247 4879 τὰς
3332 4811 3561 4890 καρδίας
3618 4813 3774 4885 ὑμῶν

2116 4911 2340 4981 κρᾶζον,
2374 4899 2549 4963 ’Λϐϐἆ
2586 4906 2617 4960 6
2674 4908 2880 4980 Πατήρ.
2952 4908 3116 4962 Ὥστε
3170 4905 3271 4961 οῦκ
3325 4900 3406 4961 ἔτι
3456 4903 3507 4958 εἶ
3552 4900 3777 4974 δοῦλος,

2117 4992 2267 5050 ἀλλᾶ
2293 4993 2433 5055 υἱός.
2468 4993 2531 5052 Εἰ
2562 4990 2620 5049 δὶ
2651 4995 2789 5065 υἱὸς,
2812 4995 2903 5052 καὶ
2926 4994 3281 5070 κληρονόμος
3312 4997 3447 5050 Θεοῦ
3477 4989 3567 5048 διὰ
3590 4992 3776 5063 Ἰησοῦ

2114 5084 2370 5159 Χριστοῦ.

2187 5205 2216 5235 (ι
2252 5180 2421 5237 Ποίου
2452 5184 2658 5257 χρόνου
2690 5182 2998 5260 πλήρωμα,
3026 5207 3057 5236 ››
3084 5184 3205 5239 καθ’
3262 5184 3321 5239 ὃν
3384 5182 3587 5262 χρόνον
3638 5177 3775 5248 ἔδει,

2113 5272 2300 5349 φησῖν,
2335 5269 2518 5336 ἐλθεῖν
2549 5274 2643 5328 τὸν
2678 5275 2929 5349 Χριστόν.
2968 5275 3288 5348 Προώριστο
3318 5273 3424 5347 γὰρ
3485 5272 3512 5325 ὁ
3569 5270 3777 5345 χρόνος

2109 5371 2211 5433 τῆς
2245 5363 2514 5427 ἐλεύσεως
2544 5370 2644 5421 τοῦ
2675 5367 2911 5439 Χριστοῦ
2938 5366 3088 5440 παρᾶ
3143 5364 3347 5432 Δανιὴλ
3405 5367 3501 5418 τοῦ
3554 5362 3774 5437 προφή-

2109 5472 2234 5520 του,
2265 5454 2325 5515 ὃς
2356 5450 2521 5510 ἔλαϐε
2550 5454 2708 5517 τέλος
2740 5455 2827 5511 ἐπὶ
2885 5463 2987 5524 τῆς
3047 5454 3326 5531 βασιλείας
3369 5454 3640 5526 Καίσαρος
3675 5449 3777 5508 Αὖ-

2109 5542 2371 5621 γούστου,
2403 5542 2493 5599 ὅτε
2522 5545 2612 5599 καὶ
2642 5547 2677 5615 ἡ
2709 5539 2966 5622 ἕνσαρκος
3023 5545 3309 5619 οἰκονομία
3364 5544 3463 5599 τοῦ
3524 5542 3773 5615 Χριστοῦ

2110 5653 2219 5707 μου
2247 5632 2432 5709 ἀρχὴν
2471 5628 2658 5691 ἔλαϐε.
2718 5659 2744 5691 ι
2799 5637 3092 5712 Γενόμενον
3151 5634 3214 5692 lx
3262 5634 3539 5713 γυναικός.
3580 5654 3612 5685 ι)
3670 5628 3795 5687 Διὰ

2103 5726 2271 5780 τοῦτο
2301 5722 2402 5779 οῦκ
2432 5723 2550 5779 εἶπε
2580 5721 2670 5780 διὰ
2695 5727 2971 5803 γυναικὸς,
2997 5722 3093 5781 ’ίνα
3132 5725 3210 5801 μή
3241 5721 3487 5802 πάροδον
3550 5719 3641 5778 διὰ
3665 5727 3770 5791 τῆς
