4098 6422
379 483 408 542 1
423 482 534 542 137

369 610 642 672 Θεοτόκου
699 604 936 680 νομίσῃς
1011 602 1352 678 γεγενῆσθαι,

367 702 580 764 δεικνὺς
638 697 689 769 ἐξ
749 696 918 765 αὐτῆς
978 691 1245 770 ε’ληφὸτα
1319 690 1381 744 τὸ
1441 690 1601 762 σῶμα
1656 688 1749 744 τὸν
1806 687 2030 765 Κύριον,

367 819 397 848 ‹‹
431 793 730 864 Γενόμενον
785 787 890 843 ὑπὸ
973 783 1164 854 νόμον.
1200 805 1230 833 ››
1315 779 1474 838 Οὕτω
1549 779 1652 857 γὰρ
1709 779 1812 834 ὑπὸ
1859 779 2030 851 νόμον

371 883 612 958 ἐγένετο,
668 880 752 933 ὅτι
824 875 916 930 καὶ
963 873 1329 948 περιετμήθη,
1380 865 1486 938 ἶνα,
1547 867 1681 946 φησί
1740 869 1866 930 τοὺς
1927 867 2030 925 ὑπὸ

371 957 538 1044 νδμον
574 969 664 1024 καὶ
707 988 806 1022 κατ
849 984 945 1040 ραν
996 959 1151 1022 ὄντας
1207 957 1525 1034 ἐξαγοράσῃ,
1556 962 1634 1028 τῷ
1687 977 1746 1012 τε
1794 962 2028 1034 σταυρῷ,

365 1061 456 1118 καὶ
483 1065 562 1130 τῷ
604 1056 752 1118 ὅλως
784 1055 888 1110 ὑπὸ
910 1053 1079 1124 νόμον
1106 1049 1370 1127 γενέσθαι.
1407 1072 1436 1099 ‹‹
1467 1049 1584 1104 Ἵνα
1631 1047 1730 1115 τήν
1755 1047 2025 1111 υἱοθεσίαν

372 1143 770 1222 ἀπολάϐωμεν.
807 1168 834 1195 ››
864 1142 942 1200 υύ
978 1141 1144 1216 μόνον
1191 1139 1295 1215 γὰρ
1351 1142 1534 1192 κακῶν
1591 1135 1897 1208 ἀπήλλαξε,
1928 1143 2028 1206 τῆς

365 1242 501 1320 ἀρᾶς
546 1237 865 1307 ἀπαλλάξας
945 1237 1042 1288 τοῦ
1121 1233 1342 1304 νόμου,
1402 1226 1550 1285 ἀλλὰ
1599 1230 1686 1284 καὶ
1751 1228 2024 1293 υἱοθεσίαν

363 1313 692 1406 ἒχαρίσατο.
746 1323 931 1383 Εῗπὼν
994 1321 1072 1390 δὲ,
1131 1313 1555 1392 Ἀπολαόωμεν,
1611 1315 1808 1387 ἔδειξεν
1850 1320 2021 1389 αὐτὴν

365 1421 568 1480 ἄνωθεν
610 1413 1138 1492 κεγρεωστημένην,
1169 1414 1317 1484 ἡμᾶς
1376 1407 1435 1464 δὶ
1467 1411 1544 1480 μή
1604 1407 1859 1465 δύνασθαι
1921 1408 2019 1466 λα.

369 1507 509 1583 δεῖν,
542 1508 634 1565 διὰ
660 1509 723 1563 τὸ
751 1513 851 1577 τῆς
882 1504 1115 1580 γνώμης
1145 1503 1364 1572 νήπιον.
1392 1524 1420 1551 ‹‹
1451 1500 1577 1558 ’Ὁτι
1600 1496 1656 1554 δέ
1687 1499 1805 1554 ἐστε
1835 1499 1964 1559 υἱοί,
1991 1523 2020 1551 ››

367 1601 468 1658 Καὶ
526 1598 712 1668 πόθεν,
773 1594 906 1676 φησί
941 1638 954 1663 ,
1024 1587 1287 1663 δηλονότι
1355 1589 1623 1650 υἱοθεσίας
1678 1589 2015 1660 ἡξιώμεθα;

364 1691 578 1757 Πόθενς
639 1689 737 1745 Ἐκ
791 1687 892 1740 τοῦ
975 1688 1074 1752 τῆς
1123 1679 1391 1742 υἱοθεσίας
1450 1678 1783 1751 Πνεῦματος.
1843 1679 2017 1754 Ὀπερ

356 1776 798 1856 καταπεφοίτηκε
831 1819 846 1845 ,
900 1772 1304 1848 παρασκευάζον
1393 1771 1540 1842 ἡμᾶς
1625 1769 1717 1824 καὶ
1764 1765 2016 1824 διδάσκον

353 1873 536 1944 (τοῦτο
589 1865 849 1942 λέγειτὸ,
910 1865 1163 1935 Κρᾶζον),
1196 1859 1407 1934 Πατέρα
1437 1860 1531 1916 τὸν
1585 1858 1713 1920 Θεὸν
1774 1856 2013 1932 καλεῖν),

1442 462 1847 528 COMMENT.
1887 467 1963 527 ΙΝ
2009 466 2263 532 EPIST.
2313 475 2422 535 AD
2465 477 2737 537 GALAT.

1441 596 1571 655 ἀλλ’
1645 595 1706 654 ἐκ
1757 599 2001 675 γυναικὸι

2114 663 2120 671 ,
2146 608 2466 665 transitum
2489 609 2778 667 duntaxat
2803 611 3027 668 factum
3057 611 3244 668 fuisse
3275 625 3384 683 per
3410 609 3513 667 Dei
3533 611 3802 676 Matrem,

3650 476 3808 537 H38

2145 697 2250 754 sed
2283 715 2353 754 ex
2384 699 2656 763 muliere,
2691 701 3015 756 ostendens
3049 701 3365 756 Dominum
3393 700 3466 755 ab
3490 716 3558 755 eo
3581 717 3800 768 corpus

2145 789 2525 860 sumpsisse.«
2547 791 2790 846 Factum
2823 791 2934 862 legi
2971 790 3352 845 obnoxium.»
3377 792 3462 844 lta
3494 791 3651 845 enim
3686 791 3799 860 legi

2142 876 2432 934 obnoxius
2454 878 2644 934 factus
2667 879 2932 951 estquod
2957 881 3135 934 etiam
3160 880 3550 934 circumcisus
3573 884 3694 933 est:
3730 884 3795 933 ut

2141 982 2263 1027 eos.
2299 969 2511 1039 inquit,
2537 971 2636 1040 qui
2659 970 2773 1042 legi
2797 986 2865 1024 ac
2888 970 3281 1024 exsecratioui
3321 975 3494 1023 erant
3533 968 3796 1034 obnoxii,

2137 1056 2480 1122 redimeret,
2505 1064 2564 1113 et
2587 1075 2691 1130 per
2723 1075 2982 1123 crucem,
3018 1065 3076 1112 et
3101 1074 3174 1112 ex
3204 1075 3272 1112 eo
3307 1058 3465 1128 quod
3513 1063 3699 1112 totum
3733 1072 3796 1112 se

2137 1145 2252 1220 legi
2277 1148 2649 1216 subjecisset.
2685 1169 2706 1194 α
2732 1149 3203 1220 Utadoptionem
3226 1149 3286 1202 in
3315 1148 3468 1203 ﬁlios
3491 1148 3793 1218 accipere-

2135 1251 2289 1292 mus.
2314 1258 2344 1288 »
2372 1240 2522 1294 749
2544 1240 2670 1294 Non
2696 1239 2888 1294 solum
2931 1238 3092 1295 enim
3145 1255 3179 1293 a
3227 1238 3400 1293 malis
3433 1237 3725 1302 liberavit,
3757 1252 3793 1292 a

2132 1325 2281 1397 legis
2302 1328 2705 1384 exsecratione
2729 1328 3064 1393 absolvens,
3090 1343 3291 1382 verum
3311 1327 3691 1398 adoptionem
3727 1327 3789 1382 in

2132 1415 2290 1471 ﬁlios
2322 1417 2498 1472 etiam
2533 1419 2794 1472 donavit.
2828 1418 3042 1474 Dicens
3072 1425 3293 1480 autem,
3336 1418 3788 1488 Acciperemus,

2131 1507 2393 1563 ostendit
2421 1507 2614 1578 ipsam
2645 1514 2824 1563 antea
2853 1508 3037 1564 fuisse
3070 1507 3354 1572 debitam,
3375 1507 3479 1562 sed
3509 1522 3619 1562 nos
3664 1521 3785 1562 non

2127 1595 2392 1667 potuisse
2416 1597 2682 1667 accipere
2706 1603 2948 1669 propter
2972 1597 3190 1653 mentis
3213 1596 3545 1651 infantiam.
3575 1618 3601 1645 «
3628 1595 3782 1661 Quo-

2127 1684 2289 1740 niam
2307 1688 2508 1740 autem
2531 1686 2674 1740 estis
2694 1686 2824 1752 ﬁlii,
2851 1692 2963 1741 etc.
3020 1708 3046 1734 »
3100 1689 3171 1742 Et
3199 1685 3378 1748 unde,
3408 1685 3622 1756 inquit,
3655 1701 3780 1740 ma-

2126 1773 2409 1830 nifestum
2442 1779 2552 1840 est,
2587 1773 2747 1845 quod
2779 1775 3160 1846 adOptionem
3194 1775 3255 1829 in
3289 1774 3443 1829 ﬁlios
3474 1775 3774 1844 acceperi-

2124 1879 2258 1918 mus
2282 1863 2309 1917 ?
2335 1863 2497 1919 Unde
2519 1863 2546 1917 '?
2577 1865 2657 1918 Ex
2689 1862 3009 1934 adoptione
3042 1863 3318 1935 Sipiritus
3349 1863 3449 1934 qui
3475 1862 3785 1918 descendit

355 1959 492 2034 ὅπερ
521 1957 622 2014 οὐκ
651 1956 711 2011 ἃν
740 1957 826 2026 ἦν,
858 1953 904 2008 εἷ
936 1954 1011 2029 μή
1057 1949 1325 2015 υἱοθεσίας
1382 1950 1684 2022 ἡξιώμεθα.
1747 1947 1846 2004 Καί
1899 1949 2001 2004 λοι-

2125 1958 2190 2008 ut
2218 1957 2582 2026 praepararet
2613 1970 2722 2007 nos
2755 1967 2823 2009 ac
2854 1953 3096 2009 doceret
3153 1954 3288 2022 (hoc
3345 1953 3504 2008 enim
3561 1952 3784 2008 indicat

355 2050 460 2106 πὸν
495 2047 698 2123 θάρσει,
733 2047 778 2100 ὧ
808 2043 1074 2118 ἄνθρωπε,
1132 2039 1215 2095 ὅτι
1247 2041 1350 2095 οὐκ
1378 2035 1456 2094 ἔτι
1491 2039 1758 2114 ὑπαρχεις
1791 2036 2008 2108 δοῦλος,

353 2137 487 2194 ἀλλ’
517 2138 632 2198 υἱὸς
664 2134 798 2191 Θεοῦ
828 2133 918 2188 καὶ
947 2128 1300 2206 κληρονόμος
1335 2127 1517 2184 αὐτοῦ.
1571 2128 1668 2182 Δία
1729 2126 1824 2183 τοῦ
1855 2129 2009 2201 φῦσει

353 2229 488 2284 Υἱοῦ
519 2222 684 2281 αὗτοῦ
725 2222 1094 2298 σαρκωθέντος
1151 2221 1240 2275 καὶ
1296 2220 1356 2273 τὸ
1387 2217 1651 2293 ἡμέτερον
1685 2214 1815 2273 ὅλον
1849 2217 2008 2294 φορέ-

351 2338 565 2384 σαντος,
600 2316 701 2370 οὑκ
732 2307 811 2369 ἔτι
843 2313 893 2368 εἴ
919 2309 1117 2372 δοῦλος
1152 2308 1242 2364 καὶ
1301 2307 1404 2363 ὑπὸ
1435 2309 1594 2382 ζυγὸν
1651 2305 1752 2362 τοῦ
1808 2308 2003 2379 νόμου.

348 2409 477 2469 Πῶς
518 2405 612 2459 οῦν
656 2404 759 2458 οὐκ
798 2400 1000 2458 ἄτοπον
1041 2399 1168 2462 τοὺς
1195 2399 1516 2472 γενομὲνους
1549 2395 1697 2458 υἱοὺς
1728 2401 1883 2460 Θεοῦ,
1920 2393 2008 2451 διὰ

349 2516 411 2551 τε
444 2497 683 2570 Χριστοῦ
741 2495 831 2549 καὶ
891 2491 979 2547 διὰ
1046 2490 1384 2562 Ιίνεύματος,
1443 2485 1778 2568 ἐπιστρέφειν
1838 2486 2003 2542 πάλιν

349 2585 490 2658 πρὸς
517 2585 609 2639 τὸν
638 2602 808 2657 νομον
839 2605 853 2650 ς
911 2580 1017 2637 Καὶ
1050 2579 1150 2655 ὅρα
1179 2573 1410 2658 ἔμφασιν
1439 2583 1538 2646 τῆς
1568 2576 1727 2650 ἁγίας
1755 2573 2008 2649 Τριάδος.

352 2674 418 2730 Ὁ
451 2674 638 2748 Πατήρ
699 2668 1035 2741 ἀπεστειλεν,
1095 2669 1122 2724 ὁ
1206 2668 1329 2730 Υἱὸς
1415 2661 1719 2741 ἔσαρκώθη,
1795 2667 1883 2721 καὶ
1943 2666 2005 2721 τὸ

354 2766 576 2838 Πνεῦμα
635 2763 989 2836 συνήργησεν,
1046 2759 1075 2814 ’ὁ
1131 2757 1221 2812 καὶ
1282 2756 1356 2818 εἷς
1413 2755 1508 2820 τὰς
1561 2751 1786 2830 καρδίας
1845 2756 2004 2827 ἡμῶν

349 2849 696 2924 ἆπεισελθὸν,
751 2847 992 2906 διδάσκει
1052 2846 1254 2924 λέγειν,
1319 2839 1494 2901 ’Λὸϐἆ
1524 2845 1552 2898 ὁ
1585 2846 1795 2918 Πατήρ.
1838 2869 1864 2896 ‹‹
1899 2846 1998 2902 Καὶ

349 2941 706 3018 κληρονόμος
736 2941 870 2998 Θεοῦ
906 2936 996 2994 διὰ
1036 2940 1292 3012 Χριστοῦ.
1335 2958 1355 2988 ι
1387 2934 1485 2990 Διὰ
1511 2938 1608 2990 τοῦ
1639 2938 1871 3011 σταυροῦ
1903 2935 2002 2989 αὐ-

344 3055 466 3090 του.

422 3295 594 3355 Ἀλλᾶ
649 3297 774 3353 τότε
843 3297 938 3368 μὶν
1012 3295 1110 3349 οῦκ
1167 3290 1369 3356 εἰδότες
1429 3287 1998 3363 Θεὸν,’ἑδουλεῦσατε

345 3392 462 3448 τοῖς
515 3389 590 3460 μή
650 3407 804 3464 φυσει
861 3383 980 3440 οῦσι
1038 3386 1181 3445 θεοῖς
1217 3427 1230 3440 .

352 3475 568 3552 μᾶλλον
623 3473 682 3533 Si
737 3475 1070 3551 γνωσθέντες
1130 3473 1235 3528 ὑπὸ
1294 3475 1427 3529 Θεοῦ
1461 3514 1476 3540 ,
1548 3475 1666 3533 πῶς
1751 3469 1996 3544 ἐπιστρὲ-

345 3586 473 3644 φετε
528 3564 692 3618 πάλιν
775 3562 865 3618 ἐπὶ
919 3562 986 3618 τὰ
1060 3562 1254 3631 ἀσθενῆ
1339 3561 1427 3616 καὶ
1483 3559 1683 3635 πτωχᾶ
1727 3563 1996 3632 στοιχεῖα,

341 3655 427 3716 οἷς
512 3652 676 3707 πάλιν
762 3649 964 3708 ἄνωθεν
1078 3647 1356 3705 δουλεύειν
1438 3646 1667 3717 Gala-re;
1757 3647 1994 3720 Ἡμέρας

335 3743 762 3817 παρατηρεῖσθε,
820 3739 909 3795 καὶ
971 3745 1147 3812 μῆνας
1183 3780 1198 3806 ,
1249 3737 1341 3792 καὶ
1396 3735 1620 3811 καιροὺς
1671 3737 1762 3791 καὶ
1821 3737 1997 3790 ἐνιαυ-

336 3832 490 3894 τοὺς.
526 3825 816 3904 Φοϐοῦμαι
882 3831 1043 3901 ὑμᾶς,
1105 3828 1182 3900 μὴ
1241 3847 1358 3891 πως
1414 3825 1536 3895 είκῆ
1590 3825 1888 3883 κεκοπίακα
1917 3825 1994 3888 εἰς

339 3922 503 3997 ὖμᾶς.
537 3921 746 3978 Γίνεσθε
766 3919 840 3982 ὡς
871 3918 999 3994 ἐγὼ,
1034 3916 1117 3974 ὅτι
1149 3917 1303 3994 κάγὼ
1336 3917 1409 3979 ὡς
1443 3915 1622 3989 ὑμεῖς.

413 4112 556 4184 Πρὸς
583 4110 709 4171 τοὺς
751 4107 802 4180 ἐξ
863 4104 1140 4165 Ἰουδαίων
1195 4103 1527 4181 διαλέγεται,
1589 4101 1799 4166 δεικνὺς
1827 4104 1903 4168 ὡς
1929 4106 1992 4161 τὸ

335 4202 547 4276 ἡμέρας
607 4203 1037 4274 παρατηρεῖσθαι
1095 4196 1186 4251 καὶ
1238 4198 1412 4268 μῆνας
1470 4194 1562 4251 καὶ
1621 4196 1844 4266 καιροὺς
1901 4195 1992 4250 καὶ

334 4289 614 4351 ἑνιαῦτοῦς
669 4287 759 4343 καὶ
819 4288 891 4342 ὧν
951 4285 1004 4341 ἐν
1041 4285 1699 4359 νόμῳὴπαρατήρησις,
1761 4282 1994 4341 εἰδωλο-

337 4379 594 4457 λατρείας
642 4376 803 4434 ἐστίν.
860 4373 1030 4434 υῦδὲν
1092 4375 1218 4449 γὰρ,
1278 4374 1444 4448 φησὶν
1502 4368 1684 4448 ἕτερον
1739 4376 1989 4446 τοῦτο,ἧ

334 4467 542 4544 σελήνῃ
575 4466 664 4524 καὶ
723 4463 870 4540 ἡλίῳ
926 4467 1244 4540 προσκυνεῖν
1295 4461 1344 4532 ἐξ
1405 4463 1478 4517 ὤν
1531 4463 1587 4518 αἱ
1636 4463 1838 4537 ἡμέραι
1890 4466 1990 4535 τήν

329 4560 713 4634 ’παρατήρησιν
755 4554 996 4631 ἔχουσιν.
1033 4555 1127 4609 Ἐκ
1157 4552 1472 4627 περιουσίας
1514 4549 1572 4606 δί
1623 4556 1785 4607 τοῦτο
1813 4553 1984 4622 εἶπεν,

333 4649 640 4718 ἀποστῆσαι
669 4651 768 4703 τοῦ
801 4648 977 4718 νόμου
1038 4641 1230 4709 θέλων.
1264 4643 1331 4702 Οἱ
1363 4643 1467 4721 γὰρ
1516 4643 1615 4713 τήν
1678 4647 1985 4719 περιτομήν

2120 2041 2508 2106 Clamantem)
2535 2044 2715 2098 Deum
2735 2059 2938 2098 vocare
2959 2045 3190 2098 Patrem
3209 2043 3385 2114 :quod
3410 2059 3782 2113 nequaquam

2117 2131 2348 2191 fuisset.
2382 2132 2498 2188 nisi
2530 2133 2911 2205 adoptionem
2975 2133 3034 2188 in
3095 2132 3248 2188 ﬁlios
3308 2133 3766 2204 accepissemus.

2117 2224 2410 2295 Deinceps
2435 2224 2631 2294 itaque
2656 2223 2810 2278 bono
2835 2225 2916 2278 sis.
2942 2224 3204 2291 animo,o
3220 2224 3398 2278 homo
3417 2241 3428 2277 :
3447 2225 3572 2294 jam
3607 2224 3768 2279 enim

2117 2329 2237 2368 non
2261 2330 2322 2368 es
2346 2313 2678 2382 servus,sed
2702 2313 2860 2368 ﬁlius
2911 2314 3011 2369 Dei
3062 2314 3373 2384 hrrresque
3419 2313 3626 2383 ipsius.
3662 2315 3772 2367 Per

2115 2403 2228 2458 hoc
2260 2405 2418 2458 enim
2453 2403 2613 2474 quod
2645 2420 2882 2458 carnem
2918 2404 3243 2475 assumpsit
3268 2403 3552 2457 naturalis
3585 2401 3770 2473 ipsius

2114 2493 2320 2558 Filius,
2351 2509 2418 2548 ac
2441 2492 2734 2563 quidquid
2772 2498 3043 2548 nostrum
3089 2499 3179 2548 est
3218 2493 3492 2565 gustavit,
3523 2507 3645 2546 non
3677 2495 3769 2545 est

2115 2583 2372 2654 amplius
2398 2583 2760 2654 servusjugo
2785 2582 2930 2653 legis
2949 2582 3261 2637 obnoxius.
3312 2584 3402 2636 An
3452 2581 3633 2651 igitur
3663 2579 3770 2634 ab-

2115 2671 2364 2728 surdum
2387 2688 2508 2727 non
2532 2678 2690 2727 esset
2710 2688 2811 2728 eos
2831 2672 2930 2743 qui
2953 2688 3057 2743 per
3079 2672 3378 2727 Christum
3403 2675 3460 2725 et
3504 2686 3611 2742 per
3641 2668 3773 2740 Spi-

2113 2761 2294 2818 ritum
2325 2762 2463 2818 facti
2493 2768 2634 2817 sunt
2660 2762 2789 2829 ﬁlii,
2822 2777 3062 2818 rursum
3085 2762 3159 2817 ad
3185 2761 3376 2835 legem
3410 2759 3670 2816 reverti?
3699 2761 3770 2816 Et

2112 2851 2522 2908 animadverte
2553 2851 2856 2908 Trinitatis
2886 2851 3406 2924 signiﬁcationem.
3433 2851 3606 2906 Pater
3627 2850 3771 2906 emi-

2113 2942 2206 3010 sit,
2243 2942 2425 2999 Filius
2456 2957 2698 2997 carnem
2729 2941 3075 3013 assumpsit,
3102 2941 3355 3013 Spiritus
3413 2945 3763 3012 cooperatus

2112 3033 2220 3101 est,
2253 3032 2355 3104 qui
2387 3032 2447 3086 in
2479 3029 2660 3086 corda
2689 3036 2896 3086 nostra
2927 3030 3248 3099 ingressus,
3281 3029 3455 3084 docet
3506 3045 3616 3084 nos
3677 3028 3762 3084 di-

2110 3137 2266 3189 cere,
2294 3120 2462 3176 Abba
2493 3125 2685 3176 Pater.
2722 3142 2748 3170 ‹‹
2777 3123 2848 3176 Et
2877 3120 3068 3175 haeres
3101 3120 3201 3174 Dei
3232 3135 3339 3190 per
3366 3119 3690 3176 Christum.
3729 3137 3754 3169 ι

2107 3212 2221 3267 Per
2248 3227 2488 3267 crucem
2521 3227 2588 3266 ac
2620 3216 2872 3266 mortem
2905 3211 3110 3284 ipsius.

2180 3303 2334 3368 IV,8-
2349 3302 2469 3355 12.‹‹
2485 3301 2597 3358 Sed
2612 3307 2734 3355 tum
2759 3301 3000 3372 quidem
3019 3318 3153 3356 cum
3177 3299 3531 3372 ignoraretis
3549 3299 3757 3368 Deum,

1293 3384 1403 3440 Νῦν
1466 3378 1523 3437 δὲ
1575 3380 1787 3456 γνόντες
1845 3380 1996 3450 Θεὸν,

2114 3414 2140 3443 ι(
2166 3390 2513 3447 serviebatis
2536 3390 2628 3445 his
2651 3390 2751 3462 qui
2775 3395 2988 3446 natura
3012 3406 3132 3444 non
3157 3395 3296 3444 sunt
3347 3389 3449 3444 dii.
3501 3392 3573 3443 At
3599 3404 3760 3443 nunc

2108 3503 2136 3531 ‹‹
2160 3486 2548 3553 posteaquam
2574 3480 2930 3552 cognovistis
2969 3481 3178 3545 Deum,
3213 3479 3358 3550 quin
3384 3479 3580 3549 potius
3622 3495 3761 3534 con-

2110 3593 2138 3622 ι(
2167 3571 2318 3644 gnili
2351 3571 2492 3626 estis
2517 3586 2552 3625 a
2571 3569 3016 3641 Deo,quomodo
3033 3567 3454 3625 convertimini
3476 3568 3672 3625 denuo
3689 3567 3762 3622 ad

2105 3682 2136 3711 α
2168 3660 2408 3717 inﬁrma
2424 3665 2483 3715 et
2504 3674 2689 3734 egena
2711 3659 3253 3730 elementa,quibus
3276 3660 3489 3713 iterum
3513 3657 3584 3712 ab
3608 3657 3763 3712 inte-

2103 3773 2132 3800 «
2165 3768 2267 3824 gro
2302 3752 2518 3806 servire
2545 3749 2915 3805 vultis?Dies
2941 3749 3266 3805 observatis
3319 3743 3378 3804 et
3427 3763 3667 3804 menses
3700 3753 3760 3803 et

2103 3863 2132 3890 ‹‹
2168 3846 2436 3910 tempora
2465 3845 2524 3894 et
2551 3856 2760 3895 annos.
2793 3841 2984 3895 Metuo
3017 3838 3089 3893 de
3117 3838 3282 3894 vobis
3312 3853 3387 3892 ne
3419 3853 3534 3909 quo
3579 3835 3758 3892 modo

2103 3952 2130 3979 ‹‹
2163 3929 2381 3986 frustra
2408 3928 2799 3984 laboraverim
2831 3944 2968 4000 erga
2997 3944 3118 3983 vos.
3154 3929 3352 3982 Estote
3383 3932 3448 3981 ut
3467 3942 3573 3996 ego
3597 3941 3753 3993 sum,

2099 4042 2128 4069 «
2163 4017 2650 4090 quandoquidem
2675 4024 2736 4073 et
2766 4033 2872 4091 ego
2905 4018 3059 4073 sicut
3090 4034 3211 4073 vos.
3243 4037 3272 4066 »

2170 4107 2466 4164 Adversus
2490 4123 2588 4162 eos
2614 4107 2714 4179 qui
2740 4123 2806 4162 ex
2829 4106 3049 4162 Judaais
3071 4110 3242 4161 erant
3263 4103 3524 4170 disserit,
3549 4107 3753 4159 osten-

2099 4197 2248 4254 dens
2270 4197 2430 4269 quod
2447 4197 2574 4252 dies
2596 4197 2908 4254 observare
2924 4203 3253 4262 etmenses,
3286 4201 3343 4252 et
3374 4200 3662 4267 tempora,
3698 4199 3757 4250 et

2097 4307 2308 4351 annos.
2329 4296 2387 4347 et
2408 4308 2476 4347 ea
2500 4307 2753 4362 quorum
2778 4292 2837 4346 in
2864 4291 2988 4363 lege
3015 4290 3346 4346 observatio
3378 4295 3526 4353 erat,
3563 4287 3752 4344 idolo-

2097 4382 2275 4437 tatria
2305 4386 2414 4436 est.
2441 4382 2560 4437 Hoc
2581 4381 2740 4437 enim
2765 4380 2916 4435 nihil
2947 4377 3111 4434 aliud
3160 4384 3269 4444 est,
3321 4378 3537 4448 inquit.
3571 4392 3752 4448 quam

2098 4471 2286 4527 solem
2317 4487 2384 4526 ac
2416 4470 2619 4526 lunam
2651 4469 2920 4530 adorare.
2953 4486 3023 4524 ex
3054 4468 3271 4540 quibus
3301 4467 3430 4522 dies
3475 4467 3756 4522 observa-

2096 4561 2324 4616 tionem
2346 4559 2677 4616 habent.Ex
2697 4559 3027 4616 abundanti
3054 4565 3252 4615 autem
3292 4557 3404 4614 hoc
3453 4556 3618 4621 dixit,
3653 4572 3754 4613 cu-

2094 4647 2265 4718 piens
2297 4652 2360 4702 ut
2389 4663 2424 4702 a
2456 4647 2582 4719 lege
2613 4645 3010 4701 discederent.
3045 4645 3444 4700 Prmdicantes
3489 4659 3749 4713 namque

329 4740 718 4816 κηρύσσοντες,
749 4736 839 4790 καὶ
889 4735 984 4796 τας
1040 4732 1296 4795 τοιαύτας
1353 4734 1749 4808 συνεκῆρυττον
1807 4754 1986 4806 παρα-

2114 4734 3162 4805 :ircumcisionem,hujusmodietiam
3177 4733 3751 4788 observationesuna

330 4831 615 4904 τηρήσεις.
645 4851 672 4878 ιι
699 4824 929 4884 Μᾶλλον
954 4821 1344 4897 δεγνωσθέντες
1378 4822 1483 4879 ὑπὸ
1513 4826 1665 4879 Θεοῦ.
1693 4846 1720 4874 ››
1753 4823 1831 4881 Οὐ
1881 4824 1985 4901 γὰρ

335 4918 513 4989 ὑμεῖς,
547 4914 732 4993 φησῖν,
755 4913 941 4986 οἰκείῳ
972 4913 1124 4985 πόνῳ
1152 4911 1244 4965 τὸν
1272 4911 1400 4966 Θεὸν
1432 4910 1634 4985 εὕρετε,
1668 4908 1794 4966 ἀλλ’
1825 4911 1986 4974 αὐτὸς

333 5004 390 5065 ἰν
419 5004 600 5080 πλάνῃ
635 5002 942 5076 διάγοντας,
997 5001 1354 5058 ἐπεσπάσατο.
1409 5023 1436 5050 ‹‹
1468 5004 1590 5060 Πῶς
1642 4996 1987 5078 ἐπιστρέφετε

330 5094 521 5165 πάλιν,
554 5093 682 5168 Περὶ
716 5091 882 5161 ἡλίου
911 5089 1076 5146 πάλιν
1107 5088 1197 5144 καὶ
1228 5086 1467 5158 σελήνης
1499 5088 1590 5143 καὶ
1620 5087 1830 5164 ἄστρων
1868 5086 1984 5146 δια-

329 5184 570 5259 Λέγεται,
601 5185 652 5255 ἐξ
686 5183 759 5237 ὢν
790 5182 843 5235 αἱ
875 5184 982 5236 τῶν
1038 5180 1264 5253 ἡμερῶν
1307 5179 1734 5252 παρατηρήσεις.
1781 5179 1987 5254 Πτωχᾶ

330 5273 391 5331 δὲ
418 5274 510 5329 καὶ
544 5274 736 5338 ἀσθενῆ
766 5269 902 5326 αὐτὰ
929 5266 1110 5332 καλεῖ,
1142 5267 1215 5328 ὡς
1280 5263 1553 5338 μηδεμίαν
1603 5267 1764 5342 ἱσχὺν
1824 5261 1982 5342 ἔχον-

327 5386 418 5423 τα.
453 5361 678 5430 Πολλὴν
712 5357 771 5415 δὲ
823 5359 907 5427 τὸ,
971 5355 1167 5427 Πάλιν,
1229 5352 1460 5434 ἔμφασιν
1523 5355 1661 5433 ἔχει·
1716 5358 1853 5433 μετᾶ
1882 5359 1983 5428 τήν

325 5453 599 5517 υἱοθεσίαν
635 5499 648 5515 ,
699 5447 860 5530 φησὶ,
916 5448 1005 5503 καὶ
1069 5447 1132 5503 τὸ
1190 5453 1502 5522 γνωσθῆναι
1563 5444 1666 5502 ὑπὸ
1726 5452 1879 5503 Θεοῦ.
1915 5478 1983 5490 -

325 5544 595 5621 [ΚΥΡΙᾹ.
653 5535 1205 5608 ΟΙΚΟΥΜΕΝΌᾺ]
1280 5541 1541 5610 Στοιχεῖα
1598 5535 1810 5609 κόσμου
1845 5579 1860 5606 ,
1916 5538 1984 5592 τὰ

325 5633 494 5708 μόρια
525 5633 620 5686 τοῦ
660 5627 858 5688 παντὸς
919 5625 1152 5698 κόσμου.
1218 5627 1442 5689 Ἀσθενῆ
1477 5625 1568 5680 καὶ
1601 5626 1803 5700 πτωχᾶ
1849 5624 1982 5680 αὖτᾶ

319 5721 504 5786 καλεῖ,
533 5719 595 5776 οὐ
629 5716 717 5775 διὰ
766 5717 866 5783 τὴν
893 5713 1166 5769 εὐτέλειαν
1198 5715 1401 5770 αὐτῶν.
1461 5715 1554 5787 (Τί
1583 5715 1688 5791 γὰρ
1744 5715 1980 5790 οὐρανοῦ

325 5813 422 5872 καὶ
451 5818 552 5890 γῆς
614 5804 1186 5886 μεγαλοπρεπέστερον
1219 5823 1236 5878 5
1267 5805 1333 5861 Τί
1364 5802 1421 5860 δί
1451 5803 1617 5877 ἡλίου
1673 5803 1763 5861 καὶ
1820 5803 1980 5881 σελή-

2096 4824 2519 4898 ρτωόἱοεώοοι.
2556 4850 2582 4875 ‹‹
2617 4825 2770 4891 Quin
2801 4824 2999 4894 potius
3029 4822 3247 4894 cogniti
3279 4821 3422 4877 estis
3465 4837 3500 4876 a
3538 4823 3680 4877 Deo.
3715 4843 3743 4870 ››

2095 4917 2221 4970 Non
2253 4914 2413 4970 enim
2443 4931 2564 4978 vos,
2599 4914 2817 4984 inquit,
2849 4912 3085 4984 pr0prio
3117 4911 3319 4967 labore
3352 4912 3535 4967 Deum
3583 4913 3746 4969 nacti

2097 5003 2259 5070 estis,
2285 5003 2888 5075 7505edipsevosin
2921 5018 3120 5058 errore
3153 5001 3433 5072 degentes
3472 5002 3748 5058 attraxit?

2097 5115 2125 5144 ‹‹
2159 5095 2462 5160 Quomodo
2485 5094 2898 5149 convertimini
2923 5093 3117 5148 denuo
3136 5091 3163 5146 *ἶ
3189 5114 3217 5141 ››
3242 5093 3321 5148 De
3345 5092 3493 5157 sole,
3515 5092 3661 5148 luna
3691 5098 3752 5149 et

2096 5184 2272 5239 astris
2304 5183 2564 5251 disserit,
2589 5201 2622 5238 a
2643 5182 2858 5253 quibus
2891 5182 3341 5252 eranﬁdierum
3389 5182 3752 5239 observatio-

2095 5291 2222 5331 nes.
2251 5276 2445 5346 Egena
2467 5279 2665 5329 autem
2689 5278 2747 5327 et
2767 5273 3007 5327 inﬁrma
3027 5271 3314 5343 appellat‘
3338 5272 3487 5344 ipsa,
3521 5279 3588 5330 ut
3618 5292 3750 5347 quas

2094 5363 2323 5419 nullam
2348 5361 2935 5435 habentpotentiam.
2962 5360 3127 5425 Quod
3153 5366 3353 5416 autem
3371 5363 3456 5417 ait
3476 5363 3680 5419 Denuo
3694 5369 3753 5419 et

2095 5455 2372 5518 Rursum,
2405 5451 2652 5508 multam
2687 5451 2868 5505 habet
2897 5450 3270 5522 emphasim:
3297 5453 3438 5507 Post
3478 5452 3746 5524 adoptio-

2093 5559 2251 5609 nem,
2280 5542 2493 5613 inquit,
2529 5547 2586 5595 et
2616 5545 2932 5612 postquam
2963 5555 2997 5594 a
3029 5539 3146 5594 Deo
3178 5542 3394 5612 cogniti
3453 5541 3614 5595 estis.
3679 5571 3744 5582 -—

2093 5632 2401 5688 Elementa
2431 5631 2638 5687 mundi
2665 5637 2836 5686 vocat
2868 5630 3189 5702 particulas
3223 5632 3399 5686 totius
3455 5629 3739 5688 universi.

2090 5722 2332 5777 Inﬁrma
2353 5728 2411 5776 et
2429 5737 2614 5794 egena
2636 5721 2765 5792 ipsa
2778 5719 3186 5792 appellat,non
3212 5719 3740 5790 propterabjectio-

2089 5827 2228 5870 nem
2251 5811 2536 5885 ipsorum.
2558 5810 2709 5879 Quid
2725 5810 2882 5867 enim
2910 5807 3056 5865 ccelo
3081 5824 3149 5864 ac
3171 5813 3328 5863 terra
3351 5805 3736 5879 magniﬁcen-
