4098 6390
324 443 480 504 1139

1445 442 1690 505 meum
1708 443 1861 502 ENII
1912 443 2221 503 TRICCE
2268 444 2618 504 EPISGOPI

3593 451 3752 510 {HO

326 579 486 636 tius?
507 577 646 651 quid
661 581 858 633 autem
879 577 1177 643 sole,luna
1199 593 1266 633 ac
1290 577 1466 632 astris
1488 577 1982 634 honoriﬁcentius

2123 597 2188 647 ης
2219 572 2654 656 τιμαλφὲστερον
2685 579 2773 633 καὶ
2812 579 3021 655 ἄστρων
3055 603 3069 649 ;
3105 579 3282 637 Ἀλλὰ
3315 578 3404 637 διὰ
3434 583 3495 638 τὸ
3529 582 3751 657 ἐστερῆ-

334 675 434 726 aut
465 668 884 740 splendidius?
915 668 1016 723 sed
1051 667 1209 738 quod
1272 667 1579 723 intellectu
1639 674 1882 723 careant
1928 673 1986 724 et

334 760 450 814 vita
479 775 546 813 ac
579 775 778 813 sensu.
813 760 895 812 Ex
926 758 1036 812 hoc
1071 757 1451 812 manifestum
1504 763 1592 812 est
1649 758 1804 828 quod
1865 775 1984 812 non

337 849 512 906 modo
535 849 1051 904 circumcisionem
1085 847 1490 918 pra-dicabant
1519 848 1983 919 pseudapostoli,

337 940 724 994 verumetiam
759 939 967 994 harum
999 955 1200 993 rerum
1233 938 1713 992 observationes:
1749 945 1986 1010 sumpto

340 1029 582 1101 quidem
601 1046 668 1084 ex
694 1029 821 1100 lege
847 1029 1160 1100 principio.
1187 1044 1387 1084 verum
1412 1044 1443 1082 a
1466 1027 1592 1099 lege
1615 1027 1982 1084 aberrantes.

336 1143 367 1174 ιι
400 1123 612 1176 Metuo.
651 1144 676 1166 n
708 1119 959 1176 Adverte
992 1118 1089 1190 pia
1118 1120 1362 1174 viscera.
1424 1119 1516 1172 llli
1563 1118 1876 1187 ﬂuctuant,
1930 1124 1988 1173 et

335 1213 556 1272 Paulus
586 1214 817 1268 metuit.
852 1211 1016 1278 Quod
1051 1218 1246 1266 autem
1280 1213 1382 1277 ait,
1422 1213 1500 1266 Ne
1533 1228 1650 1283 quo
1680 1211 1880 1272 modo.
1908 1212 1990 1266 si-

335 1306 577 1380 gniﬁcat
605 1305 766 1375 ipsos
797 1303 990 1359 adhuc
1017 1309 1261 1367 stare,et
1292 1303 1544 1358 necdum
1569 1303 1812 1358 omnino
1839 1319 1990 1358 nau-

333 1395 582 1467 fragium
611 1393 818 1448 fecisse
845 1409 857 1446 :
882 1398 940 1447 et
957 1409 1122 1464 spem
1147 1393 1248 1447 dat
1269 1393 1356 1448 eis
1389 1393 1546 1463 quod
1566 1393 1612 1448 si
1636 1392 1988 1463 resipiscere

335 1483 537 1549 velint,
570 1499 689 1538 non
722 1481 941 1537 frustra
967 1498 1107 1552 erga
1139 1482 1300 1553 ipsos
1335 1481 1666 1538 laboratum
1700 1483 1796 1550 sit,
1838 1498 1906 1538 ac
1938 1481 1988 1537 si

337 1573 597 1629 diceret:
630 1572 983 1626 Mementote
1014 1570 1282 1628 laborum
1315 1588 1383 1626 ac
1413 1572 1695 1626 sudorum
1721 1588 1991 1626 meorum

345 1678 482 1734 erga
511 1677 632 1728 vos,
691 1677 799 1715 nec
858 1677 1072 1714 vanum
1130 1660 1389 1715 reddalis
1450 1661 1714 1715 laborem
1768 1677 1990 1716 meum.

348 1773 377 1803 ‹‹
404 1753 602 1808 Estote
616 1755 684 1807 ut
697 1765 800 1821 ego
825 1766 978 1804 sum.
1005 1771 1032 1798 »
1051 1749 1259 1806 Adhuc
1280 1749 1354 1804 ad
1378 1766 1478 1805 eos
1526 1749 1627 1821 qui
1678 1766 1748 1804 ex
1777 1749 1995 1804 Iudaeis

349 1846 520 1898 erant
548 1855 744 1894 sermo
772 1845 880 1895 est.
929 1838 1284 1904 lmitatores,
1339 1839 1554 1909 inquit,
1609 1839 1726 1894 mei
1787 1845 1993 1905 estote,

2099 670 2348 728 σθαινοῦ
2408 667 2497 721 καὶ
2561 674 2706 737 ζωῆς
2753 670 2842 723 καὶ
2901 670 3224 740 αἰσθήσεως.
3283 671 3520 746 Ἡμέρας
3574 693 3751 748 παρα-

2095 761 2367 826 τηρεῖσθε.
2404 759 2498 814 Ἐκ
2527 759 2724 815 τούτου
2755 757 2924 828 δῆλον
2956 760 3064 827 ὅτι,
3099 761 3160 816 οὐ
3216 761 3377 834 μόνον
3442 764 3748 836 περιτομήν

2094 844 2388 921 ἐκήρυττον
2423 847 2472 901 οἰ
2539 847 3002 922 ψευδαπόστολοι,
3062 848 3211 906 ἀλλὰ
3269 851 3358 905 καὶ
3416 851 3622 906 τούτων
3655 852 3750 914 τὰς

2095 937 2525 1007 παρατηρήσεις,
2558 939 2656 1003 τήν
2710 937 2888 1014 ἀρχὴν
2949 940 3042 1011 μὲν
3105 940 3163 994 ἐκ
3213 944 3310 994 τοῦ
3340 940 3519 1013 νόμου
3551 937 3749 996 λαϐόν-

2094 1044 2203 1090 τες,
2236 1025 2696 1100 παρεκτραπὲντες
2746 1025 2804 1082 δὶ
2832 1029 2924 1082 καὶ
2981 1033 3079 1083 τοῦ
3105 1027 3281 1101 νόμου
3312 1052 3340 1080 ‹‹
3375 1025 3684 1103 Φοϐοῦμαι.
3721 1053 3751 1080 »

2096 1114 2232 1185 Ὂρα
2293 1112 2578 1190 σπλάγχνα
2614 1157 2628 1182 ,
2689 1117 2887 1172 ἒκξῖνοι
2949 1115 3268 1173 σαὶεύονται
3303 1161 3318 1186 ,
3393 1118 3484 1172 καὶ
3536 1118 3754 1180 Παῦλος

2097 1196 2368 1278 φοϐεῖται.
2400 1203 2471 1258 Τὸ
2532 1201 2610 1273 δὲ,
2674 1206 2765 1274 Μή
2826 1226 2962 1273 πως,
3021 1203 3191 1276 δηλοῖ
3247 1205 3331 1261 ’ἐτι
3377 1208 3613 1271 ἑστῶτας
3661 1206 3754 1262 καὶ

2102 1294 2274 1364 μήπω
2303 1291 2492 1348 τὲλεον
2550 1297 2977 1369 ναυαγήσαντας.
3037 1297 3139 1353 Καὶ
3172 1293 3395 1352 δίδωσιν
3428 1296 3615 1358 αὐτοῖς
3658 1295 3754 1352 ἑλ-

2099 1381 2249 1453 πίδα,
2279 1383 2362 1439 ὅτι
2391 1384 2437 1437 εἰ
2469 1383 2793 1455 θελήσουσιν
2835 1385 3129 1459 ἀνανῐψσι,
3183 1386 3283 1440 οὐκ
3311 1385 3430 1455 εἱκῆ
3492 1387 3519 1441 ὁ
3547 1385 3621 1448 ε”ς
3656 1387 3757 1441 αῦ-

2098 1471 2227 1536 τους
2265 1471 2484 1549 γενηται
2535 1475 2729 1543 κόπος,
2788 1474 2917 1529 ὡσεὶ
2970 1470 3150 1552 ἔλεγε,
3185 1475 3476 1546 Μνήσθητέ
3509 1496 3614 1548 μου
3645 1481 3753 1531 τῶν

2100 1562 2177 1624 εἰς
2211 1563 2353 1636 ὑμᾶς
2401 1563 2586 1618 κόπων
2634 1566 2720 1618 καὶ
2780 1562 3052 1638 ἱδρώτων,
3115 1565 3205 1619 καὶ
3269 1566 3346 1636 μὴ
3409 1565 3760 1638 ματαιώσητὲ

2106 1673 2216 1725 μου
2247 1653 2336 1706 τὸν
2369 1653 2549 1721 πόνον,
2597 1678 2623 1705 ‹‹
2656 1653 2870 1716 Γίνεσθε
2917 1654 2992 1715 ὡς
3045 1652 3176 1731 ἐγώ.
3206 1678 3234 1704 »
3287 1655 3406 1711 Ἔτι
3437 1655 3572 1729 πρὸς
3633 1657 3766 1719 τοὺς

2103 1739 2152 1811 ἐξ
2187 1739 2466 1796 Ἰουδαίων
2499 1745 2527 1797 ὁ
2569 1742 2756 1817 λόγος.
2791 1744 3004 1799 Γίνεσθε
3047 1744 3120 1805 ὡς
3167 1738 3305 1820 ἔγώ.
3340 1745 3594 1814 Μιμηταί
3631 1765 3767 1816 μου,

2105 1830 2513 1906 φησὶ,γίνεσθε,
2556 1831 2639 1887 ὅτι
2671 1834 2758 1888 καὶ
2809 1831 2915 1908 ἐγὼ
2974 1833 3066 1888 τὸν
3131 1833 3298 1905 νόμον
3355 1832 3632 1906 ἐάσας,τῇ
3664 1833 3762 1887 πί-

349 1930 489 2000 quia
519 1933 578 1982 et
608 1941 710 1999 ego
743 1925 952 1982 relicta
981 1925 1106 1998 lege
1146 1925 1219 1980 ad
1251 1925 1427 1980 fidem
1477 1926 1706 1981 accurri
1738 1943 1750 1980 :
1807 1941 1997 1996 quan-

2117 1940 2219 1975 στει
2279 1918 2685 1996 προσέδραμον.
2745 1923 2846 1980 Καὶ
2924 1922 3026 1998 γὰρ
3082 1923 3172 1977 καὶ
3247 1922 3375 1997 ἐγὼ.
3432 1922 3621 2001 φησὶν,
3683 1923 3762 1985 ὡς

346 2016 667 2088 doquidem
701 2022 760 2070 et
789 2032 894 2087 ego
928 2015 1082 2070 sicut
1112 2032 1215 2070 vos
1245 2030 1428 2080 eram,
1464 2015 1653 2088 legem
1680 2016 1998 2071 observans

344 2124 413 2165 ac
443 2105 892 2179 magnifacie’ns.
955 2128 981 2153 ‹‹
1043 2104 1536 2176 Quandoquidem
1588 2111 1646 2160 et
1684 2122 1788 2178 ego
1848 2106 2002 2162 sicut

342 2214 459 2252 vos.
493 2219 522 2247 ››
561 2196 950 2251 Vehementer
981 2201 1040 2250 et
1069 2211 1173 2268 ego
1201 2196 1388 2268 legem
1421 2195 1715 2260 amabam,
1736 2195 1999 2250 etvidete

345 2285 641 2358 quomodo
674 2291 1078 2340 commutatus
1111 2286 1222 2340 sim
1261 2301 1272 2339 :
1307 2285 1461 2340 hanc
1495 2290 1552 2339 et
1599 2301 1721 2356 vos,
1781 2284 1998 2357 inquit,

343 2377 736 2434 mutationem
765 2374 1151 2430 emulamini.

417 2469 512 2531 VI,
551 2469 612 2521 t2
649 2469 734 2519 l7.
771 2486 799 2515 ι(
830 2464 1088 2530 Fratres,
1121 2481 1260 2533 rogo
1295 2481 1395 2519 vos
1426 2464 1579 2518 nihil
1613 2481 1705 2519 me
1741 2464 1998 2520 laesistis:

353 2578 378 2611 σ
411 2558 585 2613 Scitis
615 2562 811 2613 autem
845 2555 1002 2627 quod
1030 2572 1136 2626 per
1165 2555 1574 2611 inﬁrmitatem
1602 2555 1800 2610 carnis
1821 2557 2003 2610 Evan-

353 2669 382 2699 «
415 2647 634 2718 gelium
669 2645 1112 2717 praedicaverim
1143 2644 1307 2700 vobis
1338 2646 1504 2716 prius
1529 2650 1618 2699 :et
1638 2646 2002 2718 experimen-

356 2759 384 2787 α
415 2743 540 2791 tum
575 2735 692 2790 mei
725 2733 883 2805 quod
917 2741 1042 2788 erat
1072 2735 1133 2789 in
1166 2751 1340 2790 carne
1373 2751 1651 2801 mea,non
1681 2735 1877 2792 fuistis
1909 2752 1999 2790 as-

357 2848 385 2877 (ι
413 2823 780 2899 pernati,sed
801 2839 893 2878 me
912 2823 1355 2896 velutangelum
1371 2824 1472 2880 Dei
1488 2825 1836 2896 suscepistis
1847 2823 2008 2881 velut

354 2937 383 2967 «
416 2914 713 2973 Christum
735 2914 1102 2978 Jesum.Quae
1127 2914 1303 2986 igitur
1325 2918 1452 2969 erat
1471 2913 1774 2970 beatitudo
1789 2920 2002 2971 vestra.

353 3027 381 3055 «
410 3003 842 3062 Testimonium
867 3004 1025 3058 enim
1047 3003 1229 3059 reddo
1251 3003 1611 3074 vobis,quod
1649 3004 1697 3059 si
1752 3004 1878 3060 fieri
1910 3021 2008 3077 po-

353 3116 381 3144 ‹‹
414 3095 648 3158 tuisset,
680 3093 884 3150 oculos
916 3098 1140 3148 vestros
1175 3093 1419 3148 effossos
1469 3091 1784 3149 dedissetis
1833 3094 2002 3149 mihi.

355 3206 383 3235 «
421 3184 598 3257 Igitur
621 3183 900 3238 inimicus
931 3182 1121 3237 factus
1145 3199 1276 3238 sum
1303 3182 1486 3245 vobis,
1518 3199 1654 3237 vera
1705 3183 2005 3254 loquendo

359 3299 384 3326 ι(
418 3275 582 3330 vobis
604 3275 632 3329 ?
661 3274 1035 3329 Aimulantur
1063 3291 1163 3328 vos
1193 3291 1312 3328 non
1337 3279 1525 3329 recte:
1552 3274 1670 3330 imo
1690 3273 2005 3329 excludere

357 3389 384 3416 «
417 3383 518 3422 vos
548 3365 771 3424 volunt,
795 3371 863 3420 ut
891 3364 1051 3434 ipsos
1083 3363 1469 3419 temuleniini.
1509 3385 1538 3414 ›)

433 3457 575 3510 751
615 3454 958 3510 Obtestatur
979 3469 1100 3514 eos.
1126 3471 1293 3508 suam
1337 3453 1562 3509 ducens
1616 3454 1880 3526 ipsorum
1914 3469 2005 3508 sa-

359 3547 570 3602 lutem.
596 3547 804 3601 Narrat
837 3552 1032 3600 autem
1069 3562 1275 3601 eorum
1307 3545 1600 3600 beneﬁcia
1649 3551 1706 3600 et
1753 3545 2009 3600 honores

363 3637 579 3711 quibus
603 3652 734 3692 cum
754 3636 1208 3699 honoraverant,
1231 3641 1288 3689 et
1310 3635 1469 3706 quod
1488 3651 1624 3690 eum
1656 3633 2011 3707 magnifece-

361 3725 569 3792 rint,id
592 3724 858 3780 stabilire
877 3724 1083 3780 volens
1105 3723 1264 3795 quod
1287 3741 1357 3779 ea
1378 3740 1509 3795 qum
1532 3724 1814 3780 adversus
1850 3724 2010 3795 ipsos

363 3831 522 3871 nunc
553 3831 586 3870 a
615 3831 678 3871 se
709 3813 867 3868 dicta
897 3819 1035 3868 sunt
1061 3812 1398 3884 opprobria,
1434 3829 1553 3866 non
1585 3813 1705 3867 sint
1731 3811 1889 3867 dicta
1935 3811 2009 3867 ob

361 3905 739 3962 inimicitiam
762 3904 1024 3976 aliquam
1049 3909 1151 3958 aut
1172 3903 1374 3957 odium
1402 3902 1524 3973 :qui
1547 3903 1707 3957 enim
1731 3902 2009 3974 fieripos-

359 3994 691 4066 set.inquit,
715 3993 1038 4048 utinimico
1057 3993 1256 4046 animo
1280 4009 1373 4046 me
1390 3991 1674 4047 haberem
1719 4007 1858 4064 erga
1888 4008 2008 4057 vos,

358 4101 393 4140 a
421 4083 635 4154 quibus
669 4085 832 4136 tanto
866 4081 926 4136 in
957 4081 1146 4152 pretio
1178 4081 1416 4136 habitus
1461 4083 1635 4136 sum?
1692 4079 1796 4135 sed
1854 4079 2012 4150 quod

358 4172 516 4228 dicta
536 4172 657 4226 sint
677 4171 748 4226 ab
773 4187 839 4224 eo
869 4170 967 4242 qui
1003 4170 1158 4224 bona
1189 4171 1334 4241 ipsis
1364 4176 1730 4241 procuraret,
1792 4185 2013 4238 eosque

360 4263 634 4333 diligeret
687 4281 716 4310 «
750 4259 921 4315 Scitis
953 4265 1150 4314 autem
1186 4259 1344 4329 quod
1377 4274 1482 4329 per
1512 4259 1946 4314 inﬁrmitatem.
1985 4281 2012 4307 ››

359 4352 479 4408 Hoc
509 4356 618 4408 est.
649 4366 784 4404 cum
817 4347 1227 4404 imbecillitate
1261 4353 1318 4401 et
1368 4346 1715 4402 infirmitate
1774 4364 2011 4414 carnea,

358 4456 575 4510 nempe
599 4454 735 4495 cum
755 4437 1029 4502 vinculis,
1059 4437 1246 4509 plagis
1292 4453 1360 4491 ac
1388 4437 1727 4494 carceribus
1779 4455 1908 4508 qua:
1942 4437 2012 4493 ab

362 4531 457 4587 his
480 4529 849 4587 sustinebam
907 4529 1006 4602 qui
1059 4527 1468 4598 praedicationi
1527 4527 2011 4584 adversabantur.

365 4641 394 4670 ‹‹
426 4617 807 4690 Evangelium
843 4617 1307 4688 praedicaverim.
1344 4639 1370 4666 ››
1401 4617 1551 4684 Quid
1583 4617 1736 4685 dico,
1799 4619 2013 4690 Inquit.

2115 2010 2269 2082 ὑμεῖς
2301 2008 2479 2083 ἤμην,
2506 2015 2690 2084 τηρῶν
2731 2012 2820 2066 καὶ
2855 2012 2977 2082 περὶ
3009 2009 3228 2067 πολλοῦ
3257 2014 3347 2066 τὸν
3375 2011 3544 2085 νόμον
3565 2011 3766 2068 ποιού-

2113 2118 2291 2170 μενος.
2327 2123 2355 2150 «
2381 2100 2502 2157 Ὃτι
2535 2100 2690 2174 καγὼ
2729 2101 2804 2162 ὡς
2858 2100 3036 2174 ὑμεῖς.
3076 2124 3102 2151 »
3164 2098 3385 2176 Σφόδρα
3442 2101 3532 2154 τὸν
3587 2101 3759 2173 νόμον

2107 2188 2264 2264 κάγὼ
2321 2187 2573 2253 ἐπόθουν,
2664 2187 2793 2244 ἀλλ’
2878 2189 3038 2262 δρᾶτε
3120 2194 3240 2253 πῶς
3315 2184 3761 2262 μεταϐέϐλημαι.

2109 2276 2322 2348 Ταύτην
2352 2279 2438 2333 καὶ
2495 2279 2676 2350 ὑμεῖς,
2705 2277 2861 2352 φησὶ,
2896 2275 3184 2350 ζηλώσατε
3212 2280 3311 2349 τήν
3347 2273 3684 2352 μεταϐολὴν.

2183 2473 2443 2557 Ἀδελφοὶ
2481 2519 2496 2547 ,
2558 2473 2753 2548 δέομαι
2830 2475 3008 2548 ὑμῶν,
3096 2472 3248 2534 οὐδὲν
3322 2496 3389 2549 με
3446 2473 3769 2545 ἠδικήσατε.

2113 2566 2310 2627 Ονδατι
2367 2566 2426 2623 δὲ
2505 2565 2590 2622 ὅτι
2668 2563 2740 2622 δι’
2807 2565 3081 2622 ἀσθένειαν
3130 2573 3229 2635 τῆς
3287 2568 3484 2641 σαρκὸς
3544 2565 3775 2642 εὐηγγε-

2113 2656 2358 2730 λισάμην
2438 2656 2566 2727 ὑμῖν
2629 2656 2692 2710 τὸ
2750 2655 3014 2731 πρότερον
3053 2701 3065 2714 .
3137 2657 3233 2711 Καὶ
3317 2658 3407 2712 τὸν
3463 2655 3771 2730 πειρασμόν

2119 2768 2222 2820 μου
2299 2747 2388 2802 τὸν
2455 2745 2505 2800 ἐν
2563 2750 2633 2820 τῇ
2723 2745 2880 2820 σαρκί
2979 2765 3104 2818 μου,
3201 2744 3300 2800 οὐκ
3367 2744 3770 2817 ἐξουθενήσατε,

2115 2832 2239 2892 οὐδὲ
2297 2833 2634 2908 ἐξεπτύσατε.
2685 2832 2843 2890 Ἀλλ’
2923 2835 2998 2898 ὡς
3074 2831 3312 2911 ἄγγελον
3399 2838 3532 2891 Θεοῦ
3590 2831 3772 2906 ἐδέξα-

2115 2927 2204 2980 σθε
2268 2945 2356 2996 με,
2417 2924 2492 2986 ὡς
2545 2923 2775 2996 Χριστὸν
2833 2923 3069 2993 Ἰησοῦν.
3127 2923 3225 2986 Τίς
3285 2923 3378 2979 οὗν
3437 2923 3770 2996 ἦνὸμακαε

2116 3014 2309 3088 ρισμὸς
2343 3013 2543 3086 ὑμῶνς
2613 3014 2890 3088 Μαρτυρῶ
2945 3013 3048 3090 γὰρ
3112 3013 3237 3086 ὑμῖν
3298 3011 3381 3068 ὅτι
3442 3011 3488 3068 εί
3521 3009 3768 3080 δυνατὸν,

2113 3103 2241 3164 τοὺς
2301 3101 2623 3178 ὀφθαλμοὺς
2727 3103 2880 3173 ὑμῶν
2963 3101 3295 3175 ἐξορύξαντες
3384 3101 3442 3156 ἂν
3532 3097 3772 3156 ἐδώκατέ

2121 3213 2234 3265 μοι.
2271 3194 2431 3246 Ὥστε
2491 3190 2688 3266 ἐχθρὸς
2749 3190 2902 3264 ὑμῶν
2960 3189 3180 3265 γέγονα,
3240 3189 3525 3260 ἀληθεύων
3585 3191 3764 3264 ὑμῖνς

2118 3281 2384 3352 Ζηλοῦσιν
2471 3282 2610 3352 ὑμᾶς
2701 3279 2764 3334 οὐ
2821 3277 3027 3345 καλῶς,
3086 3279 3245 3353 ,ἀλλὰ
3297 3279 3571 3336 ἐκκλεῖσαι
3633 3280 3774 3348 ὑμᾶς

2119 3370 2390 3432 θέλουσιν,
2418 3371 2507 3424 ἳνα
2538 3367 2738 3429 αὐτοὺς
2773 3367 3028 3440 ζηλοῦτε.

2188 3463 2402 3536 [ΦΩτε]
2466 3456 2778 3534 Παρακαλεῖ
2860 3458 3080 3524 αὐτοὺς,
3141 3456 3343 3513 οἰκείαν
3397 3459 3499 3524 τήν
3558 3457 3778 3514 ἐκείνων

2118 3549 2390 3626 σωτηρίαν
2450 3549 2776 3624 ἡγούμενος.
2850 3546 3188 3622 Διεξὲρχεται
3261 3544 3320 3605 δὲ
3376 3547 3554 3604 αὐτῶν
3608 3547 3777 3622 εὐχα-

2123 3640 2349 3716 ριστίας,
2380 3639 2471 3694 καὶ
2502 3636 2564 3700 ἃς
2594 3637 2859 3708 ἐτίμησαν
2907 3637 3066 3693 αὐτὸν
3126 3637 3312 3711 τιμὰς,
3373 3637 3463 3693 καὶ
3522 3637 3596 3701 ὡς
3652 3636 3777 3711 περὶ

2117 3729 2335 3785 πολλοῦ
2367 3729 2531 3784 αὐτὸν
2565 3725 2751 3802 ἔσχον,
2782 3731 2949 3781 τοῦτο
2986 3725 3328 3801 βουλόμενος
3356 3727 3774 3792 κατασκευάσαι,

2117 3818 2202 3874 δυι
2235 3819 2289 3872 αἱ
2320 3818 2439 3872 κατ’
2468 3815 2645 3873 αὐτῶν
2676 3814 2957 3890 λεχθεῖσαι
2999 3819 3090 3869 νῦν
3163 3812 3438 3888 λοιδορίαι
3498 3817 3623 3890 παρ’
3678 3814 3775 3870 αὖ·

2115 3912 2232 3977 τοῦ,
2267 3906 2367 3962 οὐκ
2413 3904 2722 3980 ἐλέχθησαν
2784 3904 2920 3959 κατὰ
2977 3904 3273 3979 ἀπέχθειάν
3329 3904 3512 3974 τιναῆ
3553 3898 3773 3980 ἔχθραν·

2118 4001 2257 4069 (πῶς
2287 3996 2386 4070 γὰρ
2422 3995 2500 4064 ἃν,
2535 3993 2722 4068 φησὶν,
2759 3995 3016 4073 ἀπεχθῶς
3048 3995 3202 4068 εἶχον
3245 3995 3378 4068 πρὸς
3441 3994 3600 4068 ὑμᾶς,
3650 3993 3776 4064 περὶ

2118 4084 2336 4141 πολλοῦ
2367 4083 2798 4155 πεποιημένους)
2835 4101 2848 4152 ;
2907 4081 3067 4140 Ἀλλ’
3099 4083 3182 4138 ὅτι
3215 4083 3281 4138 τίι
3312 4081 3576 4158 λεχθέντα
3604 4081 3780 4153 κηδο-

2123 4174 2286 4247 μένου
2316 4173 2407 4228 καὶ
2439 4174 2754 4248 ἀγαπῶντος
2795 4172 2884 4240 ἦν.
2928 4197 2955 4222 ‹‹
2993 4169 3187 4228 Οἴδατε
3242 4170 3318 4237 δὲ,
3353 4173 3438 4227 ὅτι
3492 4170 3564 4228 δι’
3619 4173 3782 4229 ἀσθέ-

2119 4285 2347 4320 νειαν.»
2408 4263 2538 4321 Οἴον
2598 4261 2732 4335 μετὰ
2797 4261 3072 4324 ἀσθενείας
3143 4268 3407 4330 σαρκικῆς
3446 4304 3460 4328 ,
3510 4261 3780 4331 τουτέστι,

2125 4353 2260 4426 μετᾶ
2299 4349 2514 4425 δεσμῶν
2565 4350 2654 4405 καὶ
2713 4347 2941 4424 πληγῶν
2999 4349 3089 4405 καὶ
3144 4348 3422 4418 φυλακῶν,
3480 4347 3617 4427 ἅπερ
3678 4353 3782 4408 ὑπὸ

2118 4447 2226 4498 τῶν
2259 4440 2690 4513 ἐναντιουμένων
2715 4444 2795 4511 τῷ
2825 4438 3138 4515 κηρύγματι
3174 4440 3462 4513 ὖπὲμινον.
3527 4465 3555 4493 ‹‹
3601 4440 3780 4518 Εῦηγέ

2120 4530 2449 4608 γελισάμην.
2483 4554 2508 4582 »ι
2562 4530 2630 4588 Τί
2690 4529 2860 4603 λέγω,
2920 4530 3107 4607 φησὶν,
3164 4529 3262 4584 οὐκ
3317 4527 3622 4600 ἧδικήσατὲ
3664 4552 3780 4604 μες

2126 4621 2352 4690 [Ιολλῆν
2385 4621 2482 4676 οὗν
2509 4620 2679 4693 τιμὴν
2710 4619 2787 4680 εἲς
2820 4616 2919 4692 ἐμὶ
2977 4615 3319 4691 ἐνεδείξασθε.
3379 4618 3482 4678 Καὶ
3543 4619 3644 4694 γὰρ
3683 4642 3777 4691 μα-

364 4712 517 4771 nihil
542 4709 1077 4767 melwsistis‘ﬁmo
1096 4725 1375 4782 magnum
1419 4709 1709 4766 honorem
1752 4726 1888 4777 erga
1919 4727 2003 4765 me

2127 4710 2440 4783 στιζόμενος
2487 4708 2576 4763 καὶ
2619 4705 2955 4778 διωκόμενος
2988 4711 3174 4780 (ταῦτα
3231 4709 3336 4785 γάρ
3396 4728 3560 4786 φησιν
3619 4705 3782 4771 ἀσθέ-

369 4798 1122 4869 demonstratis.Siquidem
1142 4798 1474 4871 ﬂagellatus
1489 4805 1540 4854 et
1556 4800 2020 4871 persecutionem

370 4895 602 4966 patiens
623 4892 785 4961 (nam
806 4889 932 4944 haec
955 4888 1099 4944 dicit
1121 4889 1534 4944 infirmitatem
1558 4890 1771 4952 carnis)
1807 4889 2018 4960 praedi-

369 4982 576 5038 cabam
594 4980 790 5033 vobis:
821 4984 877 5031 et
899 4983 1098 5034 tamen
1119 4994 1253 5036 cum
1275 4995 1367 5033 me
1393 4979 1519 5034 haec
1543 4979 1663 5049 pati
1713 4978 2014 5044 videretis,

365 5087 560 5143 neque
582 5067 1043 5125 offendebamini
1069 5083 1205 5140 erga
1228 5084 1544 5140 me,neque
1558 5068 2011 5126 aversabamini.

364 5161 847 5234 Experimentum
879 5174 1140 5229 namque
1169 5159 1309 5226 mei,
1345 5158 1559 5231 inquit,
1603 5159 1760 5232 quod
1795 5165 1919 5214 erat
1949 5160 2009 5215 in

366 5267 546 5310 carne
569 5265 698 5305 mea
715 5264 835 5303 non
853 5247 1050 5301 fuistis
1075 5249 1374 5318 aspernati
1400 5266 1413 5303 :
1451 5249 1923 5321 experimentum
1942 5266 2010 5305 ac

363 5340 758 5399 tentationem
789 5351 1025 5391 rursum
1076 5352 1289 5392 vocans
1347 5337 1574 5410 plagas,
1624 5353 1893 5393 carceres
1941 5353 2010 5392 ac

363 5429 831 5508 Persecutiones,
854 5447 883 5475 «
907 5424 1017 5477 Sed
1037 5441 1128 5478 me.
1149 5426 1312 5480 velut
1354 5429 1630 5497 angelum
1679 5429 1781 5485 Dei
1815 5445 2014 5485 susce-

365 5522 521 5595 pitis.
560 5541 586 5566 ››
615 5521 698 5572 An
724 5515 902 5585 igitur
922 5511 1243 5569 absurdum
1265 5532 1382 5571 non
1409 5524 1518 5584 est,
1552 5534 1685 5573 cum
1741 5532 2017 5587 persecu-

363 5614 588 5669 tionem
622 5607 854 5678 patiens
887 5619 953 5656 ac
985 5604 1256 5672 repulsus
1313 5606 1526 5663 fuerim
1576 5625 1607 5664 a
1664 5607 1828 5661 vobis
1859 5607 2021 5661 velut

367 5699 608 5772 angelus
627 5697 959 5764 susceptus,
995 5690 1111 5744 imo
1155 5693 1311 5748 velut
1356 5695 1479 5766 ipse
1518 5697 1821 5764 Dominus,
1857 5711 2012 5750 aver-

368 5791 484 5844 sari
509 5804 664 5843 nunc
698 5781 1047 5839 suadentem
1077 5786 1133 5834 et
1161 5782 1575 5842 adhortantem
1637 5804 1704 5842 ea
1763 5803 1892 5858 qum
1943 5786 2015 5843 ad

2130 4822 2272 4858 νειαν
2306 4800 2546 4876 σαρκὸς),
2579 4796 3018 4872 εὖηγγελιζόμην
3059 4798 3204 4870 ὑμῖν.
3261 4799 3360 4853 Καὶ
3423 4797 3574 4872 ὅμως
3614 4800 3783 4852 ταῦτά

2135 4913 2202 4964 με
2233 4893 2460 4966 ὁρῶντες
2512 4888 2809 4963 πάσχοντα,
2853 4886 2976 4940 οὕτε
3033 4885 3491 4957 ἐσκανδαλίσθητε
3548 4887 3622 4952 εἷς
3662 4887 3782 4960 ἐμὲ,

2133 4979 2256 5038 οὔτε
2341 4979 2660 5036 διεπτύσατέ
2749 4998 2836 5050 με.
2899 4977 3007 5034 Τὸν
3087 4979 3190 5053 γὰρ
3262 4979 3568 5050 πειρασμόν
3653 5000 3783 5052 μου,

2134 5073 2292 5146 φησὶ,
2357 5069 2452 5126 τὸν
2534 5069 2584 5124 ἐν
2650 5071 2718 5142 τῇ
2787 5067 2944 5143 σαρκί
3003 5088 3130 5140 μου,
3200 5069 3303 5124 οὐκ
3369 5066 3785 5139 ἐξουδενώσατε,

2133 5160 2434 5236 πειρασμὸν
2465 5161 2630 5215 πάλιν
2654 5155 2865 5227 καλῶν,
2919 5158 3015 5220 τὰς
3069 5155 3304 5233 πληγὰς,
3363 5158 3459 5221 τὰς
3519 5158 3786 5236 φυλακὰς,

2128 5249 2254 5312 τοὺς
2314 5246 2615 5325 διωγμούς.
2705 5271 2724 5296 ι
2763 5242 2922 5304 Ἀλλ’
2992 5246 3068 5308 ὡς
3127 5248 3358 5325 ἄγγελον
3411 5252 3546 5304 Θεοῦ
3606 5244 3788 5318 ἐδέξαο

2130 5343 2220 5405 σθέ
2253 5363 2338 5417 με.
2375 5365 2399 5393 n
2465 5343 2588 5401 Πῶς
2649 5338 2740 5394 οὗν
2801 5335 2902 5392 οὐκ
2958 5334 3188 5413 ἄλογον,
3229 5337 3384 5416 φησὶ,
3446 5335 3789 5410 διωκόμενον

2128 5430 2218 5484 καὶ
2279 5429 2642 5502 ἐλαυνόμενον
2679 5470 2692 5494 ,
2779 5423 3032 5505 δεδέχθαι
3101 5428 3226 5501 παρ’
3289 5428 3442 5498 ὑμῶν
3509 5427 3585 5490 ὡς
3619 5426 3789 5504 ἅγγε-

2129 5518 2224 5575 λον
2258 5520 2345 5575 καὶ
2403 5519 2474 5579 ὡς
2534 5517 2696 5572 αὐτὸν
2757 5516 2845 5570 τὸν
2906 5515 3012 5590 Κύρ
3043 5536 3148 5584 ον;
3213 5511 3671 5588 Συμϐουλεῦοντα
3728 5513 3788 5573 δὲ

2126 5611 2212 5664 καὶ
2272 5611 2341 5664 τὰ
2400 5609 2538 5679 πρὸς
2598 5605 2872 5680 σωτηρίαν
2941 5610 3324 5681 παραινοῦντα,
3380 5604 3782 5675 διαπτῦεσοαις

2130 5726 2156 5753 ‹‹
2185 5699 2278 5763 Τίς
2311 5697 2400 5754 οὖν
2429 5699 2496 5768 ἦν
2532 5717 2547 5768 ;
2586 5723 2606 5747 ν
2640 5696 2728 5759 Τίς
2769 5694 2834 5764 ἦν
2897 5693 2995 5750 οὐκ
3053 5693 3369 5771 ὲρωτῶντὸς
3429 5694 3593 5768 ἐστιν,
3652 5692 3782 5751 ἀλλ’

2127 5791 2242 5846 οἷον
2309 5790 2676 5864 θαυμάζοντος
2742 5785 2832 5840 καὶ
2892 5783 3210 5862 ἐπαίροντος
3268 5787 3366 5854 τήν
3424 5783 3547 5847 τότε
3603 5784 3784 5846 πίστιν
