4098 6380
389 459 540 521 1141

1460 460 1871 522 COMMENT.
1925 461 1998 519 ΙΝ
2045 457 2285 519 EPIST.
2335 459 2441 516 AD
2487 454 2767 517 GALAT.

3660 463 3815 524 1142

381 593 584 665 αὐτῶν,
641 595 730 650 καὶ
787 595 880 652 τὸν
939 594 1027 652 ιπὶ
1085 595 1257 671 ταύτῃ
1326 595 1697 673 μακαρισμόν.
1771 592 1871 658 Τίς
1924 594 1992 664 ἦν

2133 658 2135 664 ν
2167 591 2421 648 salutem
2439 596 2694 647 vestram
2711 590 2940 648 faciunt
2963 591 2990 646 ?
3011 615 3038 642 ‹‹
3063 593 3203 659 Qua;
3230 592 3411 666 igitur
3431 601 3558 652 erat
3581 595 3610 652 ?
3631 619 3658 649 υ
3674 599 3813 664 Qua

377 682 604 746 Ἠλῖκος
634 687 722 752 ἦν,
771 685 927 760 φησὶ,
988 685 1323 759 θαυμαςτός.
1378 684 1608 744 Ἡλίκου
1692 685 2040 758 μακαρισμοῦ

383 776 664 848 ἐξεπέσατε
715 779 782 832 Ἢ
831 779 946 832 κατ’
997 775 1285 852 ἐρώτησιν.
1348 778 1442 841 Τίς
1471 778 1537 846 ἦν
1574 797 1589 845 ;
1625 774 2040 848 Ἀναμνήσθητέ

385 892 540 948 φησι,
575 870 656 931 τίς
683 871 752 938 ἦν
786 871 812 923 ὁ
849 869 1197 943 μακαρισμὸς
1252 869 1424 941 ὑμῶν.
1484 868 1616 924 Λίαν
1674 868 1779 942 γάρ
1837 864 2038 938 ἐμακά-

384 967 557 1034 ριζον.
593 962 706 1016 Νῦν
740 957 797 1014 δὲ
824 961 876 1013 τί
910 979 924 1025 ;
957 957 1197 1035 ἐλέγχω.
1234 959 1331 1014 Διὰ
1386 963 1548 1013 τοῦτο
1592 961 1880 1029 μισοῦμαι.
1940 955 2038 1011 Διά

382 1049 436 1103 τί
467 1046 524 1104 δὲ
555 1047 771 1124 ἐλέγχω
806 1067 820 1117 ;
853 1050 952 1104 Διά
969 1050 1068 1115 τήν
1115 1047 1386 1122 σωτηρίαν
1421 1048 1592 1118 ὑμῶν.
1643 1045 1792 1101 Ἐπεὶ
1849 1043 1896 1100 εἰ
1956 1045 2033 1116 μή

377 1141 540 1192 τοῦτο
596 1138 687 1207 ἦν,
747 1141 864 1200 πῶς
924 1134 984 1192 ἄν
1048 1134 1319 1209 μηδεμίαν
1403 1135 1582 1206 ἄλλην
1637 1133 2032 1210 παρασχόντων

376 1226 648 1299 πρόφασιν
691 1225 867 1299 ὑμῶν,
931 1227 959 1280 ὁ
1017 1223 1250 1281 ἐπαινῶν
1319 1226 1409 1281 καὶ
1471 1225 1780 1300 μακαρίζων
1837 1223 1913 1285 εἷς
1971 1222 2034 1277 τὸ

376 1315 559 1388 ψέγειν
589 1313 805 1383 ἦλθον;
853 1339 880 1366 «
940 1320 992 1370 '0
1055 1315 1402 1388 μακαρισμὸς
1455 1314 1631 1384 ὑμῶν.
1692 1338 1713 1364 ι
1778 1312 1874 1372 Τίς
1940 1314 2031 1382 ἦν,

375 1403 563 1482 φησὶν,
597 1404 625 1457 ὁ
688 1403 1032 1477 μακαρισμὸς
1097 1404 1269 1475 ὑμῶν,
1329 1402 1386 1458 ’ὸν
1441 1401 1548 1476 ἐγώ
1605 1422 1664 1457 τε
1718 1401 1806 1456 καὶ
1856 1397 2032 1476 ἕτεροι

367 1491 574 1549 πολλοὶ
635 1492 966 1566 ἐμακάριζον
1029 1493 1190 1564 ὑμᾶς,
1250 1491 1336 1547 ἐπὶ
1403 1495 1471 1565 τῇ
1534 1493 1748 1565 ὑπακοῇ
1815 1490 1905 1547 καὶ
1960 1495 2030 1564 τῇ

370 1581 620 1658 ὑποταγῇ
651 1586 748 1636 τοῦ
787 1581 1126 1659 Εὐαγγελίου
1163 1601 1178 1651 ;
1210 1581 1304 1644 Τίς
1345 1583 1434 1636 οὖν
1467 1582 1533 1650 ἦν
1570 1600 1583 1650 ;
1617 1580 1768 1658 φησὶ,
1801 1584 1892 1634 νῦν
1927 1580 2030 1654 γάρ

371 1671 478 1725 οὐχ
511 1671 623 1745 ὁρῶ
653 1670 834 1726 αὐτόν.
872 1675 1006 1738 Ποῦ,
1037 1670 1192 1745 φησὶ,
1237 1671 1304 1726 τά
1362 1671 1587 1739 ζηλωτά
1636 1676 1736 1738 τῆς
1796 1667 2032 1726 πίστεως

367 1760 770 1832 κατορθώματα
803 1781 816 1830 ;
849 1760 911 1814 τὸ
940 1761 1042 1834 γάρ
1071 1761 1178 1831 τίς,
1230 1758 1351 1815 ἀντὶ
1409 1763 1531 1830 τοῦ,
1591 1762 1719 1830 ποῦ,
1777 1757 2028 1813 τέθεικεν.

370 1873 391 1899 ι
427 1851 547 1906 Ὅτι
579 1850 708 1910 τοὺς
739 1848 1060 1927 ὀφθαλμοὺς
1093 1850 1266 1922 ὑμῶν.
1305 1875 1326 1904 ι

2152 687 2301 740 erat.
2328 700 2449 738 non
2475 682 2898 755 interrogantis
2923 688 3031 748 est,
3063 683 3166 738 sed
3188 685 3348 740 velut
3368 684 3721 744 admirantis
3755 696 3813 746 et

2151 773 2494 828 extollentis
2526 790 2678 838 eam,
2712 790 2842 842 quae
2877 790 3035 828 nunc
3066 781 3212 836 erat,
3247 775 3422 830 {idem
3459 777 3813 849 ipsorum,ct

2148 864 2460 934 prmmiuin
2496 863 2582 917 illi
2619 863 2966 935 repositum.
3003 864 3140 928 Quw
3195 872 3334 920 erat.
3399 875 3619 936 quanta
3658 877 3806 937 erat,

2149 952 2756 1023 admiranda,inquit:
2782 969 2815 1007 a
2838 960 3060 1023 quanta
3081 953 3445 1008 beatitudine
3479 958 3802 1015 excidistis.

2146 1043 2918 1116 Autperiuterrogationem
2950 1045 3231 1108 Quaenam
3250 1046 3414 1100 erat?
3429 1049 3802 1117 Mementote,

2147 1134 2230 1188 ait
2257 1142 2479 1204 quanta
2499 1133 2677 1189 fuerit
2701 1132 3004 1188 beatitudo
3032 1141 3222 1189 vestra
3252 1135 3610 1207 :plurimum
3645 1140 3804 1196 enim

2145 1222 2560 1278 beatiﬁcabam
2589 1239 2601 1276 :
2627 1240 2788 1278 nunc
2821 1229 3018 1279 autem
3051 1224 3238 1295 quid?
3263 1227 3522 1298 increpo.
3566 1236 3811 1300 propte,

2145 1327 2246 1367 rea
2275 1311 2410 1367 odio
2430 1312 2652 1368 habeor
2685 1312 2874 1377 Quare
2892 1319 3083 1367 autem
3113 1313 3356 1384 increpo
3378 1315 3406 1369 ?
3429 1318 3674 1388 Propter
3705 1334 3804 1373 sa-

2144 1399 2330 1458 lutem
2359 1407 2631 1457 vestram.
2655 1397 3149 1473 Quandoquidem
3174 1403 3289 1456 nisi
3330 1403 3440 1459 hoc
3469 1413 3648 1463 esset.
3684 1423 3801 1478 quo

2143 1490 2320 1546 modo
2343 1491 2571 1547 nullam
2595 1491 2773 1546 aliain
2794 1493 3169 1547 occasionem
3189 1493 3351 1547 vobis
3372 1495 3798 1565 praebentibus,

2144 1581 2243 1651 qui
2269 1579 2585 1636 laudabam
2599 1597 2666 1636 ac
2681 1580 2884 1636 beatos
2915 1581 3335 1653 praedicabam,
3361 1584 3433 1637 ad
3456 1585 3797 1656 vituperan-

2144 1667 2285 1723 dum
2318 1668 2806 1725 descendissem?
2833 1693 2860 1720 «
2881 1671 3192 1727 Beatitudo
3216 1677 3462 1728 vestra.»
3488 1675 3624 1739 Qua)
3648 1681 3795 1743 erat,

2144 1758 2361 1829 inquit,
2394 1758 2699 1815 beatitudo
2749 1765 2963 1826 vestra,
3022 1777 3140 1830 qua
3186 1777 3289 1834 ego
3350 1762 3570 1835 aliique
3624 1765 3795 1820 multi

2147 1847 2558 1904 beatiﬁcamus
2578 1865 2680 1903 vos
2704 1855 2944 1921 propter
2965 1849 3366 1906 obedientiam
3382 1867 3448 1906 ac
3472 1852 3797 1925 subjectio-

365 1957 506 1998 nem
536 1942 884 2014 Evangelii?
913 1944 1196 2008 Quasnam
1228 1943 1408 2014 igitur
1438 1945 1587 2008 erat,
1617 1939 1856 2011 inquit?
1882 1955 2042 1994 nunc
2074 1938 2234 1994 enim
2263 1938 2453 2010 ipsam
2485 1956 2609 1994 non
2641 1939 2840 1994 video:
2873 1939 2973 1994 ubi
3007 1940 3291 2012 prmclara
3324 1941 3461 1997 fidei
3484 1943 3794 2000 facinora?

364 2047 507 2087 nam
532 2029 632 2099 τίς,
665 2032 724 2087 id
759 2037 868 2098 est,
899 2049 1030 2103 quae
1062 2049 1167 2103 pro
1199 2032 1298 2087 ubi
1337 2031 1554 2103 posuit.
1589 2051 1618 2081 ‹‹
1652 2029 1865 2086 Oculos
1892 2034 2118 2083 vestros
2144 2029 2411 2084 eﬂ‘ossos.
2449 2051 2477 2078 »

433 2115 584 2186 Οἶδα,
618 2119 806 2194 φησὶν,
841 2119 924 2172 ὅτι
993 2121 1100 2172 τῶν
1131 2117 1434 2195 ὀρθαλμών
1493 2118 1646 2190 ὑμῶν
1693 2116 2016 2189 τιμιώτερόν

2210 2117 2360 2172 752
2391 2116 2926 2187 Scio.inquit,quod
2953 2116 3093 2171 olim
3119 2120 3376 2190 propriis
3421 2120 3611 2175 oculis
3658 2121 3793 2176 cha-

361 2230 428 2282 με
459 2209 680 2281 ἡγεῖσθε
710 2204 890 2262 διὰτὸ
953 2209 1218 2284 κήρυγμα
1268 2206 1462 2266 πάλαι.
1527 2230 1556 2258 (ί
1612 2209 1776 2260 ’Ώστε
1825 2203 2022 2280 ἐχθρὸς

359 2299 514 2373 ὑμῶν
578 2296 793 2374 γέγονα.
835 2321 863 2347 n
934 2297 1175 2368 Ἀλλην,
1236 2297 1423 2374 φησὶν,
1485 2295 1586 2352 οὐκ
1643 2293 1764 2350 οἶδα
1821 2289 2022 2370 ἔχθρας

400 2389 418 2411 ,ν
465 2388 475 2405 '
725 2387 735 2402 θ
892 2387 903 2404 9
975 2387 986 2397 ”
1121 2394 1147 2404 ~
1217 2387 1230 2406 ο
1291 2393 1312 2402 υ
1633 2387 1647 2404 \
1941 2385 1951 2400 ο

360 2409 564 2451 αιτιαν,
613 2389 648 2456 ἢ
705 2389 787 2442 ὁτι
841 2409 909 2443 τα
965 2386 1148 2456 αληθη
1211 2409 1338 2458 υμιν
1395 2387 1486 2442 καὶ
1551 2407 1687 2461 προς
1745 2405 2019 2458 σωτηριαν

359 2477 563 2553 ἃγοντα
620 2473 972 2552 παραδίδωμι
1034 2474 1302 2550 δόγματα,
1362 2473 1434 2531 δι’
1491 2475 1527 2531 ἄ
1575 2475 1666 2531 καὶ
1724 2474 2022 2547 ἐπαυξῆσαι

359 2569 503 2640 ὑμᾶς
533 2564 642 2622 ἔδει
670 2569 769 2636 τὴν
818 2567 952 2642 πρὸς
1016 2567 1083 2640 μὶ
1120 2566 1329 2640 ἀγάπην
1391 2589 1419 2618 ‹‹
1455 2564 1730 2635 Ζηλοῦσιν
1794 2567 2017 2636 ὑμᾶς..››

363 2654 473 2712 Οὔκ
503 2653 587 2709 ἐπ’
618 2654 828 2729 ἀγαθῷ,
859 2654 1015 2732 φησὶ,
1073 2656 1172 2725 τὴν
1230 2654 1398 2723 αὐτὴν
1459 2654 1588 2727 ὑμῖν
1649 2651 1727 2716 εἷς
1782 2653 2016 2725 Χριστὸν

363 2743 546 2801 πίστιν
603 2743 960 2814 ἀσπάζονται,
1020 2740 1147 2798 ἀλλ’
1195 2742 1283 2798 ἳνα
1347 2743 1489 2816 ὑμᾶς
1538 2741 1741 2812 ταύτης
1807 2738 2017 2796 ἐκκλεί-

353 2854 566 2900 σαντες,
598 2834 808 2895 ἑαυτοῖς
841 2832 1202 2888 ἀναπείσωσιν
1238 2831 1488 2902 ἕπεσθαι,
1551 2830 1636 2888 ὅτι
1695 2832 1830 2906 πρὸς
1895 2831 2020 2904 ὑμε-

352 2925 516 2999 τὲραν
576 2923 784 2994 ἀπάτην
849 2924 911 2978 τὸ
986 2926 1233 2979 τοιοῦτον
1318 2922 1504 2985 αὐτοῖς
1597 2923 2015 3002 μεμηχάνηται.

356 3038 385 3066 ι(
423 3013 500 3074 Οὐ
525 3011 732 3076 καλῶς.
764 3036 792 3065 ››
834 3012 990 3070 Ἔστι
1028 3012 1130 3088 γὰρ
1173 3012 1264 3067 καὶ
1328 3011 1498 3081 ζῆλος
1555 3013 1747 3081 καλὸς,
1776 3009 1903 3066 ὅταν
1933 3031 2014 3072 τις

357 3101 504 3159 οὓτω
561 3103 748 3173 ζηλοῖ,
807 3099 948 3158 ὥστε
1009 3103 1358 3174 μιμήσασθαι
1412 3103 1512 3171 τήν
1580 3101 1800 3176 ἀρετήν,
1861 3103 2016 3157 Ἔστι

432 3192 446 3212 κ
522 3199 544 3210 -
791 3191 804 3207 ς
919 3189 928 3204 ο
1219 3189 1246 3207 υ
1533 3193 1558 3206 ..ο
1643 3191 1657 3211 ε
1765 3187 1778 3208 ν
1962 3194 1986 3205 .-

358 3212 450 3247 και
485 3191 649 3260 ζηλος
677 3212 866 3261 κακος,
898 3192 1024 3246 ὁταν
1050 3212 1136 3254 τις
1185 3212 1330 3245 ουτω
1392 3188 1576 3259 ζηλοι,
1628 3211 1702 3252 ως
1760 3184 2012 3244 εκϐαλειν

355 3287 460 3347 τῆς
502 3279 696 3355 ἀρετῆς
749 3281 839 3336 τὸν
887 3279 1153 3352 ἐνάρετον.
1215 3303 1244 3332 ‹‹
1305 3277 1481 3336 Ἀλλά
1537 3277 1809 3333 ἐκκλεῖσαι
1874 3279 2014 3350 ὑμᾶς

351 3369 622 3427 θέλουσιν.
661 3395 686 3421 ››
721 3370 1076 3426 Ἀποκλεῖςαι
1110 3369 1274 3441 ὓμᾶς,
1327 3369 1510 3446 φησὶν,
1565 3369 1653 3422 καὶ
1710 3368 2010 3442 ἀπαγαγεῖν

347 3467 456 3529 τῆς
508 3457 748 3530 ἀληθοῦς
803 3461 1058 3534 γνώσεως
1131 3456 1384 3514 θέλουσιν
1433 3456 1529 3512 ’ίνα
1601 3458 1796 3514 λοιπὸν
1856 3458 2010 3512 αὐτοὶ

348 3549 507 3621 by.ch
541 3546 832 3624 γενόμενοι
878 3546 1222 3614 διδάσκαλοι,
1281 3550 1418 3622 πρὸς
1475 3549 1567 3602 τὸν
1623 3546 1780 3602 αὐτὸν
1842 3547 2008 3615 ζῆλον

349 3640 445 3695 καὶ
477 3641 578 3708 τήν
613 3639 848 3712 μίμησιν
882 3639 1153 3713 ἀγάγωσιν
1188 3639 1347 3710 ὑμᾶς.
1382 3639 1479 3693 Διὰ
1525 3641 1687 3692 τοῦτο
1745 3638 2009 3712 ἀπάγουσι

355 3729 453 3802 μὲν
491 3728 633 3798 ὑμᾶς
661 3735 762 3798 τῆς
791 3726 1036 3799 ἀληθοῦς
1068 3727 1346 3802 γνώσεως,
1380 3727 1601 3804 φέρουσι
1644 3724 1702 3781 δὲ
1727 3727 1862 3800 πρὸς
1917 3727 2008 3780 τὸν

347 3818 542 3890 νόμον.

425 3904 608 3962 Καλὸν
667 3902 726 3960 δὶ
783 3905 847 3960 τὸ
912 3902 1211 3976 ζηλοῦσθαι
1283 3902 1334 3959 ἐν
1391 3901 1547 3976 καλῷ
1608 3905 1864 3973 πάντοτε,
1921 3905 2012 3959 καὶ

350 3997 430 4072 μὴ
467 3997 631 4070 μόνον
678 3994 735 4051 ἐν
791 4000 873 4069 τῷ
927 3993 1179 4069 παρεῖναί
1250 4016 1316 4069 με
1383 3995 1522 4072 πρὸς
1581 3995 1744 4068 ὑμᾶς.
1818 3996 2012 4053 Τεκνία

360 4106 468 4160 μου
494 4082 587 4148 οῦς
638 4085 805 4142 πάλιν
862 4082 1067 4154 ὠδίνω,
1125 4083 1288 4164 ἄχρις
1351 4085 1413 4141 οὗ
1474 4089 1741 4164 μορφωθῇ
1776 4087 2009 4161 Χριστὸς

357 4173 411 4230 ὲν
468 4176 618 4247 ὑμῖν.
679 4173 912 4239 Ἢθελον
995 4173 1051 4230 δὲ
1107 4181 1358 4250 παρεῖναι
1441 4177 1578 4250 πρὸς
1665 4175 1805 4248 ὑμᾶς
1866 4173 2008 4252 ᾄρτι,

356 4264 449 4321 καὶ
511 4263 742 4336 ἀλλάξαι
826 4266 928 4333 τήν
989 4267 1174 4341 φωνήν
1239 4286 1366 4338 μου,
1428 4263 1510 4320 ὅτι
1597 4264 1908 4341 ἀποροῦμαι
1960 4265 2010 4320 ἐν

353 4354 505 4427 ὑμῖν.

428 4442 693 4500 Βοόλεται
729 4440 896 4516 δεῖξαι
927 4441 1013 4498 ὅτι
1043 4443 1192 4497 οὗτοι
1234 4443 1288 4497 οἱ
1345 4439 1434 4496 νῦν
1493 4443 1882 4518 ἀνατρέποντες
1913 4445 2008 4499 αό-

350 4531 503 4603 τοῦς,
535 4533 622 4589 καὶ
655 4539 752 4590 τοῦ
801 4533 976 4604 νόμου
1034 4527 1254 4608 ἔχεσθαι
1314 4532 1762 4606 παραπείθοντες,
1793 4533 1883 4588 καὶ
1952 4533 2013 4588 ἐκ

349 4624 554 4679 τοῦτου
584 4623 1081 4699 παρασκευάζοντες
1112 4621 1311 4684 αὐτοὺς
1371 4619 1626 4694 ζηλωτάς
1684 4623 1771 4676 καὶ
1836 4644 2009 4696 μιμη-

350 4713 447 4774 τάς
493 4713 669 4768 αὐτῶν
729 4711 994 4790 γενέσθαι,
1058 4710 1292 4782 ἐζήλουν
1353 4710 1548 4774 αὐτοὺς
1606 4710 1777 4766 πάλαι
1826 4709 1879 4766 ἐν
1937 4715 2005 4786 τῇ

353 4801 553 4878 γνώσει
578 4806 674 4857 τοῦ
735 4799 1098 4879 Εὐαγγελίου,
1160 4799 1249 4856 ὅτε
1307 4801 1490 4874 παρὼν
1537 4801 1672 4872 πρὸς
1727 4800 1920 4862 αὐτοὺς
1978 4803 2005 4857 ὁ

2138 2205 2357 2259 riorem
2390 2222 2484 2258 me
2517 2205 2825 2262 ducebatis
2856 2213 3097 2278 prepter
3128 2208 3527 2280 Evangelium.
3557 2234 3582 2259 ‹‹
3610 2211 3808 2281 lg'tur‘

2134 2294 2416 2348 inimicus
2449 2295 2613 2348 vobis
2647 2296 2833 2348 factus
2868 2311 2996 2349 sum
3056 2317 3083 2344 »
3120 2296 3332 2362 Aliam,
3397 2298 3610 2368 inquit.
3672 2316 3792 2355 non

2133 2383 2301 2438 video
2321 2382 2440 2438 odii
2467 2399 2914 2453 causam,quam
2942 2384 3098 2453 quod
3131 2401 3265 2439 vera
3307 2386 3467 2440 vobis
3512 2395 3567 2442 et
3599 2387 3670 2442 ad
3704 2406 3792 2444 sa-

2132 2471 2316 2528 lutem
2343 2473 2622 2529 ducentia
2645 2473 2873 2528 tradam
2898 2473 3585 2547 dogmata,propterqnze
3608 2479 3789 2534 etiam

2132 2562 2454 2633 adaugeret
2509 2580 2611 2616 vos
2663 2563 3053 2618 dilectionem
3110 2581 3250 2634 erga
3307 2582 3400 2621 me
3456 2568 3786 2638 Oportebat.

2131 2675 2160 2704 «
2192 2655 2568 2712 Emulantur
2585 2672 2705 2711 vos.
2734 2678 2761 2705 »
2785 2657 2912 2711 Non
2954 2657 3028 2713 ad
3075 2657 3321 2721 bonum,
3355 2659 3571 2729 inquit,
3607 2660 3788 2718 finem

2132 2745 2402 2800 eamdem
2418 2745 2722 2801 vobiscum
2741 2745 2774 2798 fi
2786 2745 2920 2800 dem
2940 2747 3001 2800 in
3016 2746 3312 2802 Christum
3326 2749 3786 2820 amplectuntur:

2130 2833 2570 2890 sedutvobisab
2592 2834 2997 2904 hacexclusis,
3033 2852 3094 2890 se
3140 2837 3308 2907 sequi
3349 2839 3786 2908 persuadeant:

2131 2923 2272 2994 quia
2288 2923 2361 2979 ad
2384 2923 2558 2979 vestri
2587 2923 2878 2978 duntaxat
2896 2924 3310 2996 deceptionem
3333 2925 3677 2994 hujusmodi
3694 2945 3789 2985 res

2128 3013 2200 3070 ab
2223 3013 2368 3084 ipsis
2387 3012 2715 3085 excogitata
2738 3018 2846 3066 est.
2879 3014 3051 3067 «Non
3077 3019 3255 3068 recte.
3311 3035 3339 3063 ››
3390 3016 3490 3069 Est
3538 3016 3694 3071 enim
3733 3023 3792 3072 et

2128 3109 2325 3157 rectus
2355 3102 2512 3156 zelus
2546 3101 2781 3172 quando
2809 3102 2942 3172 quis
2965 3103 3046 3156 ita
3073 3102 3408 3170 mmulatnr,
3433 3109 3499 3159 ut
3521 3105 3791 3161 imitetur

2126 3193 2423 3246 virtutem.
2459 3193 2558 3246 Est
2589 3197 2648 3245 et
2676 3191 2832 3246 zelus
2868 3192 3059 3246 malus
3092 3191 3194 3246 ubi
3229 3193 3359 3263 quis
3396 3194 3478 3248 ita
3535 3194 3784 3250 aemula-

2126 3290 2240 3352 tur,
2269 3289 2334 3338 ut
2363 3282 2614 3354 probum
2647 3282 2858 3338 virtute
2892 3283 3155 3350 deiiciat.
3213 3305 3242 3333 «
3296 3284 3406 3338 Sed
3467 3286 3784 3343 excludere

2124 3391 2224 3429 vos
2251 3373 2474 3429 volunt.
2511 3396 2537 3422 ››
2572 3373 2919 3435 Excludere.
2954 3375 3168 3444 inquit,
3200 3380 3258 3428 et
3289 3374 3582 3430 abducere
3617 3394 3714 3430 vos
3746 3393 3782 3433 ει

2123 3480 2261 3518 vera
2292 3463 2631 3537 cognitione
2663 3463 2948 3535 cupiunt:
2975 3471 3259 3535 utpostea
3286 3467 3479 3520 effecti
3511 3467 3776 3538 magistri

2124 3555 2302 3608 vestri
2334 3553 2406 3610 ad
2440 3553 2710 3608 eamdem
2773 3555 3216 3609 aemulationem
3275 3562 3335 3610 et
3378 3555 3774 3613 imitationem

2120 3661 2220 3698 vos
2250 3643 2597 3699 adducant:
2632 3650 2947 3716 propterea
2999 3660 3098 3700 vos
3152 3660 3188 3699 a
3243 3661 3378 3700 vera
3435 3648 3772 3719 cognitione

2122 3732 2446 3799 abducunt,
2476 3737 2535 3787 et
2564 3732 2636 3787 ad
2670 3732 2860 3805 legem
2892 3732 3151 3788 fuerunt.

2193 3911 2282 3978 IV,
2318 3909 2499 3964 18-20.
2538 3932 2566 3960 α
2600 3911 2827 3966 Bonum
2862 3914 2951 3965 est
2977 3915 3176 3965 autem
3206 3909 3470 3966 aemulari
3507 3911 3567 3967 in
3593 3927 3656 3967 re
3674 3912 3778 3969 ho-

2123 4022 2152 4049 «
2184 4015 2260 4055 na
2290 4015 2544 4071 semper,
2605 4005 2664 4054 et
2714 4016 2835 4054 non
2895 3999 3090 4054 solum
3151 4017 3284 4055 cum
3331 4017 3596 4072 prmsens
3639 4020 3771 4058 sum

2123 4111 2150 4138 «
2184 4089 2342 4160 apud
2372 4105 2491 4143 vos.
2527 4088 2719 4143 Filioli
2753 4089 2867 4143 mei
2905 4105 3053 4160 quos
3086 4089 3304 4144 iterum
3359 4091 3624 4162 parturio
3674 4091 3774 4147 do-

2122 4202 2149 4231 «
2186 4196 2296 4234 nec
2335 4178 2623 4234 formetur
2653 4178 2918 4233 Christus
2949 4179 3009 4234 in
3052 4179 3236 4235 vobis.
3294 4179 3517 4234 Vellem
3576 4187 3773 4237 autem

2125 4291 2149 4322 ί
2184 4269 2392 4325 adesse
2422 4268 2579 4340 apud
2610 4285 2710 4323 vos
2743 4285 2900 4323 nunc
2933 4273 2991 4322 et
3019 4276 3249 4324 mutare
3297 4285 3502 4325 vocem
3556 4288 3774 4338 meam,

2127 4383 2146 4410 α
2185 4359 2468 4431 quoniam
2501 4360 2671 4430 inops
2701 4356 2934 4414 consilii
2970 4375 3102 4414 sum
3135 4359 3196 4414 in
3229 4359 3416 4416 vobis.
3447 4381 3476 4410 »

2191 4449 2329 4504 Vult
2351 4449 2666 4504 ostendere
2690 4448 2848 4519 quod
2871 4448 2968 4503 isti
2991 4465 3151 4502 nunc
3173 4449 3332 4520 ipsos
3348 4454 3774 4521 pervertentes,

2121 4542 2180 4592 et
2210 4538 2321 4609 legi
2347 4537 2652 4593 adhaerere
2676 4537 3015 4598 suadentes.
3051 4543 3109 4592 et
3153 4554 3222 4592 ex
3269 4538 3381 4594 hoc
3417 4539 3653 4595 efﬁcere
3685 4558 3778 4597 co-

2119 4633 2332 4681 nantes
2362 4625 2452 4679 sui
2481 4625 2858 4680 aemulatores
2890 4642 2958 4680 ac
3007 4626 3356 4691 imitatores,
3415 4628 3558 4682 olim
3611 4629 3774 4699 ipsos

2119 4715 2556 4770 aemulabantur
2586 4715 2647 4769 in
2679 4714 2952 4768 doctrina
2983 4721 3040 4769 et
3073 4716 3407 4785 cognitione
3450 4718 3772 4789 Evangelii,

2117 4821 2250 4860 cum
2275 4821 2539 4876 prmsens
2561 4802 2717 4875 apud
2740 4820 2841 4859 eos
2864 4803 3104 4858 doceret
3128 4804 3362 4859 Paulus.
3383 4806 3607 4861 Bonum
3638 4823 3774 4880 ergo

355 4890 578 4956 Παῦλος
608 4888 874 4947 ἐδίδασκε.
909 4889 1088 4947 Καλὸν
1147 4891 1239 4944 οῦν
1294 4889 1429 4958 ἐστι,
1464 4889 1620 4966 φησὶ,
1651 4891 1714 4945 τὸ
1758 4892 1834 4965 μὴ
1907 4891 2009 4962 μό-

2133 4899 2227 4958 ast,
2263 4893 2476 4964 inquit,
2511 4909 2628 4947 non
2661 4891 2851 4947 solum
2884 4891 2944 4946 in
2982 4892 3300 4963 praesentia
3355 4910 3506 4959 mea,
3566 4895 3670 4950 sed
3716 4901 3776 4951 et

343 5001 434 5036 νον
471 4979 520 5034 ἐν
555 4983 622 5052 τῇ
655 4978 920 5054 παρουσίᾳ
956 5001 1082 5051 μου,
1117 4977 1263 5034 ἀλλά
1292 4979 1381 5032 καὶ
1414 4981 1644 5033 πάντοτε
1701 4980 1786 5034 ἐπὶ
1848 4977 2004 5051 καλῷ

347 5069 670 5141 ζηλοῦσθαι.
759 5069 1002 5124 Δείκνυσι
1056 5065 1112 5123 δὲ
1182 5065 1271 5122 διά
1344 5069 1444 5147 τὴν
1514 5066 1779 5123 ἀπουσίαν
1836 5068 2003 5124 αὐτοῦ

345 5159 744 5230 ἀπατηθέντας.
803 5182 824 5211 σι
885 5158 1072 5217 Τεκνία
1117 5179 1242 5232 μου.
1300 5183 1328 5210 ››
1380 5157 1444 5215 Εἰ
1493 5159 1582 5213 καὶ
1643 5155 2000 5237 διεφθείρατε,

348 5249 635 5331 φησὶ,τὴν
669 5250 885 5327 μορφὴν
937 5247 1170 5320 Χριστοῦ
1227 5246 1316 5301 καὶ
1372 5249 1470 5318 τήν
1533 5247 1710 5303 εἰκόνα
1765 5248 1864 5316 τὴν
1922 5247 2003 5326 ἐφ’

353 5339 506 5412 ὑμῖν,
540 5339 692 5414 ὅμως
724 5333 799 5395 ἔτι
841 5339 1020 5394 τεκνία
1055 5337 1161 5410 μού
1194 5337 1332 5394 ἐστε.
1390 5337 1584 5394 Τεκνία
1639 5335 1716 5411 δὲ,
1749 5340 1904 5416 φησί,
1935 5341 2002 5394 τὰ

345 5431 516 5504 μικρά
545 5430 635 5486 καὶ
669 5429 954 5504 ἀγέννητα,
989 5431 1023 5500 ἢ
1055 5423 1420 5501 ἀμϐλωθὲντα
1477 5428 1679 5504 βρέφη,
1732 5429 1822 5482 καὶ
1879 5450 1999 5503 γεν-

342 5521 552 5588 νήσεως
580 5515 736 5590 ἇνδεῇ
792 5518 890 5574 Διά
927 5522 1088 5573 τοῦτο
1121 5517 1220 5572 οὐκ
1245 5517 1385 5583 εἶπε,
1414 5517 1589 5584 τέκνα,
1645 5516 1790 5572 ἀλλά
1818 5519 1999 5573 τεκνία

342 5631 473 5683 μου.
506 5634 534 5660 (ι
562 5611 765 5689 ’Ἀχρις
798 5609 858 5662 οὗ
894 5611 1163 5683 μορφωθῇ
1197 5607 1430 5683 Χριστὸς
1467 5608 1518 5662 ἐν
1554 5609 1746 5680 ὑμῖν.»

413 5699 772 5774 Διεφθείρατε,
805 5699 960 5778 φησὶ,
1001 5698 1099 5766 τήν
1147 5695 1226 5772 ἐφ’
1286 5697 1414 5770 fiva
1477 5697 1660 5751 ei'crivz
1713 5699 1810 5752 τοῦ
1861 5701 1997 5770 Χρι-

344 5792 498 5860 στοῦ,
531 5787 596 5861 ἢν
628 5789 728 5861 ἦτε
759 5783 1098 5863 ἐνδεδυμένοι
1131 5782 1219 5842 διὰ
1263 5784 1362 5844 τοῦ
1411 5787 1809 5864 βαπτίσματος.
1840 5787 1996 5846 ’Ὀσοι

2119 5000 2376 5058 semper,
2401 4983 2462 5037 in
2486 4999 2552 5037 eo
2579 4982 2736 5052 quod
2782 4982 3004 5036 bonum
3047 4987 3137 5036 est
3183 4983 3471 5038 aemulari.
3503 4985 3776 5042 Ostendit

2117 5079 2316 5128 autem
2341 5077 2584 5144 propter
2606 5071 2693 5126 sui
2719 5071 3053 5126 absentiam
3071 5071 3255 5126 fuisse
3280 5072 3575 5129 seductos.
3611 5096 3637 5125 ι
3679 5077 3773 5131 Fi-

2116 5162 2240 5217 lioli
2268 5162 2404 5216 mei.
2432 5183 2459 5211 ››
2479 5162 2830 5232 Quanquam
2852 5161 3261 5232 corruperitis,
3289 5162 3773 5233 inquit,formam

2115 5251 2329 5307 Christi
2347 5250 2731 5322 etimaginem
2748 5266 2877 5319 quae
2893 5255 3022 5304 erat
3060 5249 3122 5303 in
3148 5250 3332 5310 vobis.
3358 5257 3556 5308 tamen
3579 5255 3774 5312 adhuc

2115 5339 2280 5395 ﬁlioli
2315 5340 2430 5395 mei
2465 5339 2627 5395 estis.
2661 5338 2902 5394 Filiolos
2960 5344 3159 5393 autem
3211 5339 3357 5394 dicit
3411 5343 3660 5413 pusillos
3717 5350 3777 5399 et

2113 5429 2370 5485 necdum
2403 5429 2465 5483 in
2498 5428 2691 5483 lucem
2723 5427 2932 5494 editos,
2966 5433 3068 5482 aut
3100 5428 3357 5484 infantes
3379 5431 3674 5488 abortivos
3706 5439 3764 5490 et

2111 5519 2492 5593 generatione
2525 5523 2783 5590 egentes.
2814 5519 3134 5587 Propterea
3163 5536 3283 5574 non
3315 5519 3463 5574 dixit
3503 5520 3632 5588 ﬁlii,
3666 5523 3771 5578 sed

2111 5607 2285 5663 ﬁlioli
2322 5608 2457 5662 mei.
2492 5631 2518 5657 «
2558 5609 2752 5662 Donec
2776 5606 3067 5662 formetur
3097 5607 3362 5664 Christus
3393 5611 3454 5663 in
3487 5610 3669 5664 vobis.
3732 5633 3761 5662 »

2195 5699 2346 5754 753
2378 5697 2759 5770 Corrupistis,
2795 5697 3011 5768 inquit,
3063 5698 3380 5769 imaginem
3436 5698 3650 5753 Christi
3702 5702 3765 5758 in

2110 5787 2296 5857 vobis,
2331 5805 2450 5862 qua
2481 5788 2672 5844 induti
2708 5787 2886 5844 eratis
2915 5787 2973 5842 in
3023 5787 3316 5858 baptismo
3375 5789 3539 5859 (Nam
3599 5797 3769 5864 quot-
