4098 6394
327 471 482 533 1147

1440 470 1868 535 CECUMENEI
1913 468 2216 530 ΤειιοοΑ
2260 470 2616 535 ΕΡΙΞΟΟΡῙ

3595 475 3753 538 1148

326 608 548 679 absque
580 606 802 672 liberis,
831 614 897 663 ut
941 609 1240 678 quondam
1273 607 1536 665 Ecclesia
1587 627 1657 666 ex
1687 607 1981 682 gentibus,

2111 600 2425 673 Εκκλησίας
2484 607 2568 662 δτι
2639 606 2728 662 καὶ
2783 608 2919 675 αὐτή
2981 613 3164 682 στεῖρα
3223 603 3356 663 οὖσα
3411 608 3498 664 καὶ
3561 610 3748 682 ἄπαις,

329 696 704 765 superavitin
742 696 969 751 semine
1016 697 1136 751 sive
1159 697 1340 768 prolis
1365 699 1744 753 multitudine
1800 699 1989 766 ipsam

324 787 494 856 Agar,
528 790 586 838 et
613 785 877 840 Ecclesia
937 788 1235 856 superavit
1274 803 1654 860 synagogam.
1682 789 1750 842 Et
1777 787 1991 840 horum

327 874 494 928 testis
524 883 612 927 est
645 874 847 941 Isaias,
883 873 1088 928 dicens
1121 892 1132 928 :
1172 876 1413 939 Lmtare,
1449 876 1685 932 sterilis.
1709 891 1838 946 qua)
1872 890 1991 928 non

327 964 487 1034 paris
573 963 852 1018 Ecclesiae
912 980 984 1018 ex
1044 966 1322 1035 gentibus
1406 973 1775 1038 cong'egatm
1817 964 1994 1033 jubet

325 1053 528 1115 Isaias,
562 1059 630 1106 ut
659 1069 779 1124 pra;
811 1052 926 1107 lati
941 1053 1018 1107 tia
1050 1055 1422 1111 vociferetur.
1482 1057 1709 1126 Rumpe
1769 1061 1989 1110 autem,

325 1142 809 1197 velsterilitatem
847 1143 906 1196 in
942 1149 1198 1214 partum.
1251 1145 1342 1199 vel
1392 1145 1452 1199 in
1511 1160 1714 1200 vocem
1775 1143 1993 1199 latitiae

329 1246 596 1300 erumpe.
622 1257 639 1280 ι
679 1231 966 1295 Quoniam
1019 1233 1220 1303 plures
1252 1240 1427 1287 erunt
1462 1233 1569 1288 filii
1631 1233 1898 1288 desertae.
1961 1253 1988 1282 »

332 1320 633 1374 Desertam
667 1335 732 1373 ac
764 1320 1027 1376 sterilem
1059 1329 1226 1376 vocat
1255 1323 1578 1378 Ecclesiam
1611 1339 1677 1377 ex
1694 1320 1988 1394 gentibus-

330 1407 631 1478 Siquidem
657 1409 890 1465 deserta
923 1415 1049 1465 erat
1079 1418 1136 1464 et
1166 1427 1375 1467 carens
1407 1413 1568 1467 omni
1607 1413 1762 1466 bono
1797 1411 1990 1483 prius-

329 1513 506 1568 quam
531 1497 591 1551 in
624 1499 922 1553 Christum
956 1500 1244 1556 crederet.
1279 1522 1305 1549 ‹‹
1340 1503 1522 1566 Quam
1577 1503 1704 1572 ejus
1727 1517 1858 1570 qum
1887 1501 1990 1555 ha-

330 1587 430 1642 bet
459 1587 670 1652 virum,
730 1610 749 1634 ο
818 1587 1145 1644 Habentem
1187 1591 1377 1645 virum
1430 1591 1549 1645 sive
1609 1589 1989 1655 directorem,

329 1677 789 1750 gubernatorem
840 1695 906 1732 ac
937 1679 1300 1750 provisorem
1355 1681 1585 1735 vocavit
1635 1695 1991 1752 synagogam

329 1767 666 1824 Judaorum
704 1786 717 1822 :
751 1776 852 1824 aut
907 1775 1190 1841 tanquam
1241 1772 1385 1826 olim
1421 1772 1522 1827 Dei
1577 1771 1991 1843 prospectione

331 1857 650 1913 fruentem.

399 1946 492 2012 IV,
515 1948 704 2001 28-31.
745 1949 906 2002 «Nos
939 1953 1136 2003 autem
1187 1949 1401 2006 fratres
1452 1948 1780 2004 secundum
1830 1949 1992 2002 Isaac

332 2057 360 2086 «
377 2036 788 2106 promissionis
806 2036 910 2091 filii
924 2039 1254 2094 sumus.Sed
1270 2039 1520 2110 quemad
1534 2037 1765 2092 modum
1782 2043 1923 2091 tunc
1941 2037 1990 2091 is

331 2126 474 2197 «qui
505 2125 833 2182 secundum
875 2144 1117 2183 carnem
1141 2134 1316 2184 natus
1357 2133 1485 2182 erat
1524 2126 1993 2199 persequebatur

331 2238 359 2266 ‹‹
383 2231 517 2272 eum
537 2217 632 2286 qui
653 2223 827 2271 natus
843 2217 1307 2273 eratsecundum
1332 2217 1718 2289 spiritumita
1733 2224 1790 2270 et
1809 2231 1988 2272 nunc.

330 2329 356 2355 ‹‹
393 2308 466 2360 At
496 2305 638 2376 quid
671 2307 814 2360 dicit
835 2307 1133 2377 Scriptura
1158 2307 1185 2362 ?
1215 2308 1374 2378 Ejice
1409 2307 1687 2362 ancillam
1714 2312 1770 2360 et
1800 2305 1992 2360 filium

331 2417 357 2444 «
391 2395 593 2460 illitis;
625 2413 744 2450 non
777 2397 997 2452 etenim
1041 2397 1151 2451 erit
1180 2397 1371 2452 haeres
1407 2397 1566 2452 filius
1592 2395 1825 2451 ancillas
1857 2411 1992 2449 cum

338 2503 358 2532 ι
394 2485 518 2541 ﬁlio
554 2485 774 2542 liberae.
814 2488 1036 2556 itaque,
1066 2486 1300 2552 fratres,
1331 2503 1448 2541 non
1502 2502 1708 2540 sumus
1759 2485 1992 2540 ancillae

334 2593 358 2624 α
391 2571 522 2638 ﬁlii,
557 2574 659 2628 sed
687 2573 910 2631 liberm.
936 2574 1001 2630 In
1053 2575 1324 2630 libertate
1367 2591 1503 2647 ergo
1564 2591 1682 2646 qua
1725 2574 1995 2629 Christus

332 2684 361 2712 ‹‹
396 2680 504 2718 nos
527 2663 800 2719 liberavit
830 2670 998 2731 state,
1043 2669 1102 2719 et
1130 2680 1204 2720 ne
1241 2680 1478 2720 rursum
1507 2664 1653 2737 jugo
1696 2662 1996 2720 servitutis

337 2774 363 2802 «ι
396 2752 808 2823 implicemini.
849 2775 872 2803 ν

408 2843 534 2897 Non
587 2848 816 2898 tantum
875 2842 1094 2898 sterilis
1127 2848 1254 2898 erat
1301 2841 1567 2897 Ecclesia
1616 2839 2000 2912 quemadmo‘

341 2928 481 2987 dum
513 2931 672 2995 Sara,
705 2947 813 2989 nec
843 2930 1038 2988 solum
1086 2937 1290 3003 postea
1334 2930 1583 2985 multam
1624 2929 1834 2983 habuit
1863 2945 1999 2999 pro-

338 3021 456 3076 lem
490 3027 554 3075 ut
583 3020 687 3076 illa
720 3039 732 3075 :
765 3020 868 3076 sed
903 3027 962 3076 et
991 3021 1296 3093 generavit
1317 3019 1471 3076 sicut
1502 3019 1623 3074 illa.
1661 3019 1802 3074 Sara
1831 3033 2002 3074 nam-

335 3125 450 3182 que
478 3127 598 3165 non
630 3111 756 3182 lege
806 3117 1034 3166 natura
1075 3110 1323 3182 peperit,
1371 3108 1473 3163 sed
1531 3107 1719 3181 gratia
1763 3107 1997 3163 divina:

335 3215 531 3270 neque
572 3201 841 3255 Ecclesia
897 3201 1024 3272 lege
1075 3205 1303 3254 naturas
1354 3206 1601 3268 generat
1660 3199 1720 3254 in
1767 3199 1998 3254 lavacro

334 3289 638 3361 baptismi.
674 3290 776 3345 sed
808 3290 996 3360 gratia
1026 3289 1240 3344 divina.
1281 3288 1450 3344 Vides
1483 3289 1780 3360 quomodo
1812 3289 2001 3362 figura

2099 693 2174 754 ὡς
2231 696 2265 763 ἡ
2327 694 2376 764 ἐξ
2437 695 2601 759 ἐθνῶν
2689 697 2951 767 ἐκκλησία
2998 697 3131 752 ποτε
3165 742 3178 766 ,
3233 695 3474 766 ἔνίκησεν
3557 698 3607 753 ἐν
3668 706 3745 774 τῷ

2100 783 2494 858 σπέρματιτὴν
2527 788 2724 862 Ἅγαρ,
2785 789 2871 842 καὶ
2933 790 2966 856 ἡ
3031 784 3331 854 Ἐκκλησία
3387 787 3601 857 ἐνίκησε
3648 791 3748 856 τὴν

2099 876 2438 948 συναγωγήν.
2502 875 2596 929 Καὶ
2656 877 2862 950 μάρτυς
2935 877 3143 930 τούτων
3202 877 3446 939 Ἰίσαῖας·
3508 878 3753 956 Εὐφραν-

2098 962 2244 1030 Θητι,
2278 968 2462 1038 στεῖρα
2492 967 2526 1034 ἡ
2561 966 2624 1018 οὐ
2669 963 2924 1021 τίκτουσα
2971 971 3047 1036 Τῇ
3084 963 3133 1034 ἐξ
3167 966 3328 1020 ἐθνῶν
3390 965 3690 1038 Ἐκκλησία
3722 967 3750 1020 ὁ

2098 1047 2318 1114 Ἠσαῗας
2349 1050 2715 1126 ἐγκελεῦεται,
2773 1052 2861 1108 ἐπὶ
2921 1053 3226 1133 εὐφροσύνῃ
3281 1055 3499 1129 βοῆσαι.
3556 1057 3750 1129 Ῥῆξον

2099 1134 2178 1201 δὲ,
2221 1140 2255 1208 ἦ
2317 1141 2416 1209 τήν
2467 1141 2745 1211 στείοωσιν
2779 1142 2856 1202 εἷς
2911 1143 3150 1206 τοκετὸν,
3185 1143 3219 1212 ἢ
3254 1146 3440 1219 φωνήν
3492 1145 3758 1219 9399036-

2097 1248 2196 1296 νης
2238 1229 2417 1302 ῥῆξον.
2479 1255 2499 1281 α
2533 1232 2655 1287 "Uti
2714 1230 2900 1287 πολλᾶ
2953 1232 3022 1287 τὰ
3078 1232 3238 1287 τεκτα
3293 1239 3394 1299 τῆς
3453 1232 3686 1308 ἐρήμου.
3723 1257 3752 1287 η

2097 1319 2236 1391 ’Έρη
2249 1339 2349 1388 μον
2377 1319 2466 1374 καὶ
2500 1325 2712 1396 στεῖραν
2763 1319 2924 1376 καλεῖ
2978 1323 3078 1392 τήν
3112 1320 3162 1394 ἐξ
3193 1319 3357 1385 ἐθνῶν
3397 1321 3750 1392 Ἐκκλησίαν.

2100 1407 2201 1464 Καὶ
2235 1408 2338 1481 γὰρ
2386 1410 2450 1479 ἦν
2504 1408 2711 1481 ἔρημος
2752 1409 2960 1485 ἀγαθοῖν
3019 1412 3234 1474 παντὸς.
3296 1414 3421 1486 πρὶν
3479 1414 3752 1468 πιστεύειν

2099 1497 2337 1569 Χριστῷ.
2397 1501 2515 1554 «'H
2551 1507 2648 1566 τῆς
2704 1500 2942 1575 ἐχούσης
3001 1507 3092 1557 τὸν
3157 1497 3342 1575 ἄνδρα.
3383 1524 3411 1552 η
3475 1505 3755 1582 Ἐχουσαν

2099 1583 2284 1659 ἄνδρα,
2326 1587 2417 1641 τὸν
2478 1588 2594 1643 οἶον
2650 1584 2990 1653 διευθίνοντκ
3049 1592 3138 1643 καὶ
3199 1593 3505 1665 προνοῦντα
3571 1589 3754 1662 καλεῖ,

2096 1676 2195 1744 τὴν
2258 1679 2582 1754 συναγωγὴν
2653 1683 2761 1733 τῶν
2854 1675 3158 1747 Ἰουδαίων,
3249 1680 3285 1748 ἢ
3381 1679 3458 1741 ὡς
3519 1678 3758 1755 ἔχουσαν

2099 1764 2190 1821 τὸν
2259 1767 2429 1839 νόμον
2472 1811 2485 1834 ,
2563 1769 2598 1838 ἢ
2669 1767 2744 1830 ὠς
2813 1765 3046 1843 ἔχουσαν
3109 1766 3280 1825 πάλαι
3347 1769 3447 1838 τήν
3513 1770 3753 1843 ὑποψίαν

2100 1856 2256 1911 Θεοῦ.

2170 1947 2361 2018 ἹΙμεῖς
2457 1945 2514 2002 δὲ

2096 2034 2257 2089 τέκνα
2322 2033 2482 2109 ἐσμέν
2528 2081 2542 2095 .

2607 1946 2835 2026 ἀδελφοὶ
2919 1951 3056 2005 κατᾶ
3150 1949 3330 2006 Ἰσαὰκ
3424 1949 3753 2026 ἐπαγγελίας

2615 2037 2774 2094 Ἀλλ’
2851 2035 3032 2112 ὥσπερ
3099 2038 3223 2094 τότε
3279 2040 3307 2095 ὁ
3375 2041 3511 2096 κατὰ
3578 2040 3754 2117 σάρκα

2098 2125 2376 2201 γεννηθεὶς
2407 2123 2598 2181 ἐδίωκε
2646 2128 2736 2183 τὸν
2790 2127 2928 2184 κατὰ
2975 2132 3205 2202 πνεῦμα,
3266 2130 3442 2193 οὕτως
3495 2133 3584 2185 καί
3629 2135 3746 2188 ν’ἄν.

2100 2214 2279 2270 Ἀλλᾶ
2335 2216 2387 2270 τί
2461 2214 2610 2284 λέγει
2667 2219 2701 2286 ἡ
2756 2219 2993 2295 Γραφὴς
3072 2214 3315 2275 Ἔκϐαλε
3395 2222 3495 2289 τήν
3555 2218 3749 2275 παιδί-

2100 2325 2234 2375 σκην
2321 2305 2410 2359 καὶ
2466 2306 2558 2361 τὸν
2611 2307 2728 2361 υἱὸν
2785 2307 2978 2376 αὐτῆς.
3049 2308 3125 2363 Οὐ
3185 2309 3290 2385 γὰρ
3347 2310 3424 2383 μὴ
3485 2307 3757 2381 κληρονο-

2103 2397 2254 2467 μήσῃ
2309 2395 2336 2450 ὁ
2396 2395 2513 2456 υίὸς
2568 2402 2667 2464 τῆς
2763 2394 3082 2467 παιδίσκης,
3145 2418 3280 2470 μετα
3332 2402 3429 2452 τοῦ
3488 2399 3609 2454 υἱοῦ
3651 2406 3752 2467 τῆς

2103 2481 2409 2558 ἐλευθέρας.
2495 2485 2654 2557 Ἀρα,
2749 2483 3001 2561 ἀδελᾳοὶ,
3085 2482 3186 2540 οὔκ
3251 2485 3410 2558 ἐσμεν
3465 2485 3762 2554 παιδίσκης

2101 2571 2260 2627 τέκνα
2295 2616 2308 2641 ,
2379 2569 2524 2628 ἀλλὰ
2590 2579 2692 2641 τῆς
2757 2571 3042 2650 ἐλευθέρας
3087 2618 3102 2643 ,
3170 2577 3255 2648 Τῇ
3323 2573 3605 2651 ἔλευθερίᾳ
3667 2575 3760 2631 οὖν

2101 2658 2138 2735 ᾖ
2204 2661 2232 2715 ὁ
2300 2662 2532 2736 Χριστὸς
2597 2663 2739 2736 ἡμᾶς
2800 2661 3172 2738 ἠλεύθὲρωσε,
3232 2666 3478 2735 στήκετε,
3534 2665 3625 2720 καὶ
3680 2665 3757 2737 μὴ

2101 2745 2268 2804 πάλιν
2300 2753 2446 2825 ζυγῷ
2477 2746 2734 2812 δουλείας
2765 2749 3040 2825 ἀνέχεσθε.

2175 2832 2252 2908 οὐ
2315 2838 2418 2914 γὰρ
2488 2837 2649 2911 μόνον
2717 2844 2900 2915 στεῖρα
2959 2841 3027 2910 ἦν
3083 2844 3118 2909 ἡ
3191 2839 3517 2911 Ἐκκλησία,
3577 2842 3758 2916 ὥσπερ

2105 2927 2290 3002 Σάρῤα
2326 2972 2340 2998 ,
2407 2925 2531 2983 οὐδὲ
2603 2927 2769 3000 μυνον
2825 2929 3099 2992 πολύπαις
3156 2929 3367 3004 ἐγένετο
3424 2930 3499 2994 ὠς
3553 2929 3755 3000 ἐκείνη,

2104 3014 2252 3072 ἀλλὰ
2280 3017 2370 3072 καὶ
2411 3017 2584 3079 οὕτως
2637 3015 2941 3093 ἒγὲννησεν.
3001 3016 3140 3076 Οὔτε
3169 3021 3276 3096 γὰρ
3304 3023 3339 3089 ἡ
3373 3019 3552 3095 Σάῥρα
3601 3020 3759 3094 νόμῳ

2107 3105 2316 3184 φύσεως
2371 3104 2686 3177 ἒνὲννησεν,
2744 3105 2890 3162 ἀλλα
2950 3109 3135 3183 χάριτι
3195 3109 3331 3179 Θείᾳ.
3391 3106 3594 3179 Οῧτεή
3637 3113 3758 3166 Ἐκ-

2105 3194 2310 3267 κλησία
2363 3195 2519 3268 νόμῳ
2578 3194 2787 3273 φύσεως
2819 3201 2977 3274 γεννᾷ
3009 3196 3060 3252 ὲν
3088 3201 3157 3270 τῇ
3189 3192 3580 3273 κολυμϐήθρᾳ,
3614 3195 3762 3254 ἀλλὰ

2110 3285 2302 3364 χάριτι
2332 3284 2466 3356 θείᾳ.
2504 3286 2662 3358 Ὁρᾷς
2691 3287 2788 3340 τὸν
2818 3286 2986 3340 τύπον
3016 3291 3134 3348 πῶς
3186 3287 3324 3342 κατὰ
3381 3288 3555 3342 πάντα
3616 3290 3757 3359 ὁμο-

333 3394 441 3450 per
497 3378 698 3432 omnia
745 3378 1207 3449 correspondeat
1260 3377 1531 3441 veritati;
1575 3401 1602 3425 ‹‹
1658 3376 1995 3433 Secundum

2111 3379 2280 3452 φωνεῖ
2309 3377 2376 3446 τῇ
2438 3373 2709 3445 ἀληθείᾳ;
2769 3399 2790 3427 ο
2827 3375 2964 3429 κατᾶ
3022 3377 3219 3431 Ἰσαάκ.
3259 3399 3286 3428 ››
3344 3375 3422 3430 υύ
3468 3379 3570 3451 γαρ
3623 3377 3759 3431 κατὰ

336 3467 520 3523 Isaac.
549 3486 575 3515 ››
619 3469 742 3522 Non
783 3468 942 3522 enim
972 3467 1299 3522 secundum
1324 3474 1619 3531 naturam,
1648 3467 1752 3522 sed
1784 3483 1999 3523 secun-

339 3557 481 3613 dum
512 3556 760 3627 gratiam
794 3557 915 3612 nati
947 3573 1172 3622 sumus,
1204 3557 1366 3613 velut
1396 3557 1559 3613 Isaac
1592 3572 1696 3628 per
1746 3557 1997 3628 promis-

337 3647 588 3705 sionem.
617 3647 814 3715 Neque
847 3647 958 3701 hoc
988 3663 1096 3702 nos
1126 3652 1300 3720 angat
1331 3647 1488 3718 quod
1524 3646 1730 3702 ﬁdeles
1760 3647 1832 3702 ab
1867 3645 1998 3702 inﬁ-

339 3735 572 3791 delibus
606 3743 909 3792 vexantur.
943 3736 1076 3791 Tale
1109 3737 1269 3792 enim
1331 3737 1639 3807 quippiam
1692 3736 1754 3790 in
1814 3736 2003 3808 figura

339 3843 575 3898 quoque
604 3827 959 3894 invenimus,
994 3827 1097 3882 sed
1130 3827 1228 3883 ille
1284 3843 1661 3899 nequaquam
1695 3827 2004 3898 prmvaluit

339 3916 617 3972 adversus
640 3918 819 3972 Isaac.
848 3917 1454 3978 Juxtaimitationem,
1495 3916 1709 3987 inquit.
1741 3917 1902 3972 Isaac
1933 3933 2004 3973 ex

341 4007 736 4078 promissione
779 4008 901 4061 nati
933 4023 1156 4062 sumus.
1193 4007 1338 4061 Cum
1372 4007 1572 4076 itaque
1605 4022 1672 4060 ex
1697 4005 1886 4060 libera
1919 4006 2003 4060 si-

343 4111 495 4152 mus.
516 4112 635 4150 non
685 4095 970 4152 debemus
998 4096 1109 4170 legi
1145 4095 1316 4151 Mosis
1338 4097 1578 4152 servire.
1602 4117 1624 4145 α
1662 4095 1774 4150 Sed
1799 4112 2004 4166 quem-

342 4185 726 4240 madmodum
756 4191 916 4241 tunc.
938 4208 963 4233 ››
985 4187 1172 4240 Etiam
1206 4202 1276 4239 ex
1300 4201 1368 4239 eo
1393 4184 1551 4255 quod
1578 4184 1785 4240 fideles
1803 4200 2002 4256 perse-

341 4274 641 4330 cutionem
674 4275 1048 4330 sustinebant
1076 4291 1112 4330 a
1137 4273 1378 4338 Judaeis,
1416 4275 1508 4329 75
1529 4274 1564 4326 7
1597 4273 1614 4345 (
1649 4289 1787 4328 nam
1845 4289 2004 4327 nunc

341 4366 826 4437 persecutionem
857 4362 1253 4431 sustinebant)
1291 4361 1556 4418 ostendit.
1576 4361 1823 4430 figuram
1858 4378 2006 4433 quo-

345 4469 460 4525 que
490 4453 721 4509 veritati
755 4452 1136 4524 respondere.
1172 4451 1401 4506 Etenim
1428 4451 1767 4523 lsmaelqui
1794 4467 2004 4508 secun-

347 4542 488 4597 dum
521 4558 762 4600 carnem
795 4549 969 4597 natus
1001 4549 1152 4607 erat,
1186 4540 1656 4616 persequebatur
1684 4541 1867 4600 Isaac.
1904 4540 2006 4612 qui

344 4633 675 4691 secundum
711 4633 985 4704 spiritum
1020 4637 1079 4686 et
1109 4631 1567 4703 promissionem
1599 4630 1834 4704 genitus
1857 4638 2002 4687 erat.

345 4745 373 4773 ‹‹
406 4728 476 4778 At
505 4722 647 4797 quid
669 4723 813 4779 dicit
843 4721 1188 4793 Scriptura?
1210 4742 1237 4771 »ι
1587 4765 1590 4770 .
2019 4715 2068 4780 D

416 4815 481 4869 In
515 4813 920 4885 superioribus
950 4813 1024 4868 ad
1055 4812 1240 4883 partis
1292 4811 1454 4866 illius
1509 4811 2002 4878 declarationem,

345 4902 533 4958 Dicite
562 4903 706 4957 mihi
742 4904 842 4973 qui
876 4902 984 4958 sub
1031 4901 1157 4974 lege
1195 4901 1376 4956 vultis
1425 4916 1574 4960 esse.
1634 4901 1822 4973 legem
1883 4917 2006 4956 non

347 4992 584 5055 auditis,
616 4993 875 5048 diximus
916 4993 1026 5046 hoc
1083 4991 1334 5062 probare
1392 4991 1662 5050 Paulum.
1702 4991 2012 5061 quodipsa

348 5098 582 5153 quoque
623 5082 738 5146 lex,
781 5083 840 5136 id
898 5089 1009 5143 est.
1074 5083 1280 5137 \’etus«
1307 5082 1798 5143 lnstrumentum,
1833 5088 2012 5137 antea

344 5171 897 5243 prmceperitlegem
932 5170 1387 5226 acJudaismum
1414 5170 1776 5240 relinquere:
1800 5177 2007 5226 etecce

341 5262 470 5331 jam
524 5259 584 5314 id
644 5265 946 5316 ostensum
981 5266 1089 5315 est.
1140 5262 1282 5316 Nam
1336 5267 1722 5330 posteaquam
1757 5263 1912 5333 Agar
1957 5264 2017 5315 et

349 5350 560 5410 Ismael
588 5355 905 5421 typuserat
929 5348 1268 5407 Iudaeorum
1306 5366 1374 5404 ac
1405 5351 1620 5404 veteris
1650 5348 1829 5417 legis:
1874 5350 2016 5406 Sara

345 5457 480 5495 vero
513 5439 755 5495 etlsaac
787 5437 1053 5492 fidelium
1078 5454 1146 5491 ac
1177 5437 1315 5491 Novi
1356 5438 1714 5492 Testamenti
1753 5455 1763 5490 :
1791 5439 1854 5493 In
1889 5437 2017 5510 ipso

353 5537 549 5586 autem
580 5527 769 5581 Veteri
800 5528 1176 5581 Testamento
1200 5527 1394 5596 ejecta
1416 5533 1504 5581 est
1525 5529 1678 5598 Agar
1701 5532 1759 5582 et
1799 5528 2020 5583 Ismael

355 5625 511 5692 (nam
547 5617 805 5689 ejice,ait
835 5616 1112 5671 ancillam
1146 5623 1202 5671 et
1233 5617 1422 5670 filium
1447 5619 1600 5684 ejus)
1625 5624 1783 5672 certe
1808 5618 1868 5672 in
1895 5618 2021 5689 ipso

357 5725 593 5781 quoque
621 5707 811 5764 Veteri
836 5708 1208 5761 Tesnamento
1233 5709 1368 5760 ante
1394 5705 1688 5776 descripta
1709 5714 1837 5762 erat
1866 5707 2024 5778 ejec-

353 5791 437 5852 tio
470 5798 829 5857 Judaorum.
857 5795 1031 5854 Vides
1061 5795 1221 5870 quod
1255 5809 1377 5852 non
1395 5799 1668 5866 oporteat
1695 5796 1807 5872 legi
1832 5796 2027 5864 adhae-

2109 3465 2290 3542 φῦσιν,
2325 3460 2471 3520 ἀλλᾶ
2501 3463 2638 3519 κατὰ
2692 3465 2857 3538 χάριν
2914 3461 3242 3540 ἒτὲχθημεν,
3300 3465 3374 3527 ὠς
3430 3466 3612 3521 Ἰσαὰκ
3668 3463 3759 3520 διδ.

2109 3562 2210 3622 τῆς
2285 3552 2616 3629 ἒπαγγελίας
2640 3597 2652 3610 .
2714 3555 3053 3631 [ΘΕΟΔΟΡ.]
3088 3589 3156 3598 -
3187 3553 3342 3624 Μηδὲ
3393 3561 3582 3612 τοῦτο.
3612 3559 3761 3627 ἡμᾶς

2107 3645 2331 3705 ἀνιάτω,
2373 3643 2459 3713 τὸ,
2520 3642 2647 3705 τοὺς
2705 3645 3129 3706 πεπιστευκότας
3190 3647 3296 3701 ὑπὸ
3353 3650 3457 3700 τῶν
3516 3645 3762 3702 ἀπιστων

2105 3731 2448 3790 ἒλαυνεσθαι.
2514 3736 2779 3790 Τοιοῦτον
2831 3735 2935 3809 γὰρ
2973 3755 3028 3789 τι
3057 3734 3146 3789 καὶ
3180 3734 3232 3788 ἐν
3261 3735 3340 3807 τῷ
3397 3734 3553 3808 τῦπῳ
3612 3734 3760 3810 εὑρί-

2109 3844 2348 3896 σκομεν,
2409 3821 2595 3899 ῗνχυσε
2652 3821 2710 3878 δὲ
2793 3820 3054 3894 οὐδαμῶς
3135 3825 3272 3878 κατᾶ
3359 3824 3559 3881 Ἰσαάκ.
3621 3826 3767 3880 Κατὰ

2111 3912 2347 3988 μίμησιν
2383 3955 2398 3982 ,
2459 3911 2642 3988 φησὶ,
2700 3915 2798 3966 τοῦ
2856 3911 3042 3968 Ἰσαὰκ
3093 3911 3148 3984 ἓξ
3207 3911 3536 3988 ἐπαγγελίας
3600 3913 3761 3986 ἐσμεν

2106 4002 2468 4075 γεννηθέντες.
2502 4003 2664 4055 Ὥστε
2719 4007 2820 4067 τῆς
2881 3998 3170 4077 ἔλευθὲρας
3222 3996 3394 4070 ὅντες,
3457 4000 3556 4056 οὐκ
3611 4001 3763 4079 inpel-

2108 4089 2280 4162 λομεν
2301 4089 2458 4162 νόμῳ
2490 4089 2728 4151 Μωσέως
2760 4087 3061 4146 δουλεύειν.
3102 4115 3122 4140 ι
3151 4088 3306 4148 Ἀλλ’
3339 4089 3542 4165 ὣσπερ’
3569 4092 3714 4150 τότε.
3736 4116 3766 4145 ››

2110 4179 2215 4236 Καὶ
2250 4178 2300 4250 ἐξ
2331 4177 2494 4233 αὐτοῦ
2524 4182 2620 4232 τοῦ
2671 4175 2960 4241 διώκεσθαι
3020 4179 3148 4241 τοὺς
3207 4178 3436 4244 πιστοὺς
3494 4180 3596 4235 ὑπὸ
3630 4181 3770 4238 Ἰου-

2110 4267 2322 4337 δαίων,
2384 4268 2530 4342 (τότε
2582 4267 2686 4345 γὰρ
2745 4265 3086 4337 ἐδιώκοντο),
3155 4265 3390 4324 δείκνυσι
3445 4270 3536 4324 τὸν
3595 4270 3764 4327 τύπον

2110 4357 2465 4426 ἀληθεύοντα.
2530 4358 2633 4414 Καὶ
2692 4357 2796 4433 γὰρ
2857 4356 3091 4430 Ἰσμαήλ
3133 4359 3161 4413 ὁ
3218 4358 3357 4415 κατᾶ
3411 4359 3584 4434 σάρκα
3652 4381 3771 4434 γεν-

2105 4447 2314 4517 νηθεὶς,
2373 4445 2568 4502 ἐδίωκε
2621 4447 2713 4501 τὸν
2792 4448 2984 4504 Ἰσαὰκ
3065 4447 3159 4502 τὸν
3216 4448 3354 4502 κατᾶ
3412 4453 3624 4521 πνεῦμα
3680 4447 3774 4504 καὶ

2108 4534 2440 4612 ἐπαγγελίαν
2474 4533 2758 4611 τεχθέντα.
2803 4560 2830 4588 ι(
2868 4534 3044 4594 Ἀλλὰ
3095 4533 3146 4591 τί
3208 4533 3360 4612 λέγει
3389 4537 3425 4606 ἡ
3459 4538 3646 4611 Γραφή
3685 4556 3701 4605 ς
3744 4559 3767 4588 ι

2189 4800 2476 4875 Ἀνωτὲρω
2507 4796 2628 4854 ἔνθα
2657 4798 2720 4853 τὸ
2775 4796 3070 4871 κεφάλαιον
3133 4796 3498 4874 ἡρμηνεῦετο,
3554 4798 3637 4856 τό.
3671 4800 3774 4856 At.‘

2117 4890 2236 4968 γετέ
2269 4911 2363 4962 μοι
2396 4891 2449 4945 οἱ
2483 4890 2584 4945 ὑπὸ
2604 4889 2774 4963 νέμον
2805 4885 3065 4957 ηὲλοντες
3095 4887 3247 4949 εῗιαι.
3295 4888 3388 4942 τὸν
3444 4887 3617 4962 νόμον
3677 4887 3776 4946 οὐκ

2119 4980 2364 5046 ἀκούετε,
2415 4977 2639 5049 ε”πομεν
2701 4980 2866 5032 τοῦτο
2912 4975 3326 5046 κατασκευάζειν
3385 4975 3477 5030 τόν
3533 4976 3774 5046 Παῦλον,

2122 5069 2204 5124 ὅτι
2236 5068 2326 5123 καὶ
2377 5068 2538 5128 αὐτὸς
2572 5068 2599 5121 ὁ
2629 5067 2820 5141 νόμος,
2888 5065 3160 5120 τουτέστιν
3192 5067 3227 5134 ἡ
3262 5062 3472 5120 παλαια
3526 5065 3780 5140 προηγὸ-

2127 5178 2277 5233 ρευσε
2309 5155 2416 5211 δεῖν
2462 5157 2552 5226 ἒᾷν
2613 5155 2704 5210 τὸν
2754 5175 2922 5226 νομον
2981 5154 3071 5208 καὶ
3120 5153 3212 5208 τὸν
3264 5151 3632 5228 Ἰουδαῖσμον,
3693 5152 3782 5209 καὶ

2127 5245 2246 5302 ἰδοὺ
2306 5242 2706 5301 ἀποδέδεικται.
2760 5244 2956 5301 Ὁπότε
2986 5243 3092 5318 γὲιρ
3154 5245 3189 5312 ἡ
3227 5243 3321 5314 μὲν
3382 5243 3556 5318 Ἅγαρ
3612 5243 3787 5306 τύπος

2126 5339 2192 5407 ἦν
2231 5341 2340 5394 τῶν
2374 5332 2653 5394 Ἰουδαίων
2690 5333 2781 5389 καὶ
2840 5337 2940 5388 τοῦ
2991 5331 3163 5388 πάλαι
3195 5332 3394 5403 νόμου,
3429 5333 3464 5402 ἡ
3511 5330 3568 5387 δὲ
3601 5333 3788 5408 Σάῥρα

2127 5426 2216 5481 καὶ
2270 5426 2296 5480 ὁ
2352 5423 2538 5480 Ἰσαὰκ
2594 5427 2700 5477 τῶν
2745 5426 2954 5479 πίε-τῶν
3006 5421 3095 5475 καὶ
3151 5427 3252 5488 τῆς
3309 5420 3430 5485 via;
3488 5418 3787 5493 διαθήκης,

2127 5515 2181 5570 ’ἐν
2243 5515 2384 5586 αὐτῇ
2444 5510 2500 5569 δὲ
2554 5516 2622 5586 τῇ
2679 5512 2888 5583 παλαιᾷ
2945 5505 3346 5581 ἐκϐεϐληταιή
3393 5511 3572 5587 Ἀγαρ
3635 5513 3788 5569 καὶὸ

2132 5600 2388 5677 Ἰσμαήλ,
2439 5597 2640 5657 ἔκϐαλε
2670 5601 2797 5675 γὰρ,
2860 5601 3024 5677 φησὶ,
3055 5601 3155 5666 τήν
3211 5597 3506 5670 παιδίσκην
3567 5600 3782 5658 καὶτὸν

2132 5694 2245 5748 υἱὸν
2309 5692 2522 5764 αὐτῆς).
2583 5689 2844 5762 δηλονότι
2910 5690 2962 5744 ἐν
3027 5688 3165 5759 αὐτῇ
3224 5693 3293 5764 τῇ
3353 5693 3562 5759 παλαιᾷ
3618 5711 3788 5763 προε-

2135 5786 2476 5861 ζωγραφεῖτο
2507 5783 2542 5853 ἡ
2573 5785 2682 5837 τῶν
2742 5776 3020 5839 Ἰουδαίων
3081 5773 3312 5852 ἐκϐολή.
3371 5779 3533 5857 Ὁρᾷς
3581 5777 3664 5834 ὅτι
3722 5780 3787 5840 οὔ
