4098 6380
341 432 498 498 1149

1343 434 1758 496 COMMENT.
1805 435 1886 496 IN
1932 433 2181 498 EPIST.
2218 437 2272 498 Π
2307 440 2410 499 AD
2457 440 2742 502 GALAT.

3616 438 3770 500 1150

342 568 425 627 δεῖ
451 574 549 626 τοῦ
579 589 754 643 νομου
813 566 1074 652 Ιχεσθαις
1117 568 1215 630 Διὰ
1263 569 1326 628 τὸ
1372 571 1502 635 τοὺς
1550 569 1632 628 ἐπ’
1690 567 1837 645 αὕτῷ
1897 589 1994 627 πε-

2111 586 2264 641 rere,
2299 587 2435 632 cum
2495 575 2668 647 ejecti
2728 573 2851 632 sint
2906 572 3006 648 qui
3065 570 3174 631 sub
3232 571 3363 646 ipsa
3420 572 3771 632 obedientes

341 661 604 724 πυιθότας
638 656 1007 731 ἐκϐεϐλῆσθαι
1034 680 1048 730 ;
1080 659 1226 718 Ἰδοὺ
1267 662 1360 717 οὗν
1411 661 1502 716 καὶ
1557 661 1696 730 αὐτὴ
1729 663 1764 730 ἡ
1794 658 2002 716 παλαιὰ

340 755 413 824 τῇ
446 748 673 823 δυνάμει
704 746 1095 807 συνεϐούλευσε
1137 752 1214 823 μὴ
1269 748 1489 829 ἔχεσθαι
1544 755 1640 805 τοῦ
1683 749 1878 821 νύμου.
1922 754 2004 822 τῷ

343 835 594 896 ἐκϐαλεῖν
652 842 780 902 τοὺς
836 839 1015 914 τούτῳ
1075 842 1226 912 μόνῳ
1313 846 1689 915 σττλιχοῦντας,
1749 838 2002 896 τουτέστι

339 927 823 992 τοὺςίουδαίους.
859 930 925 986 E’.’
951 931 1055 1005 γὰρ
1113 931 1190 994 εἰς
1248 930 1331 985 ἀεὶ
1389 929 1562 1009 ἐχρῆν
1622 936 1862 1005 στοιχεῖν
1921 933 2002 1001 τῷ

339 1020 496 1092 νόμῳ
522 1019 615 1074 καὶ
645 1022 713 1093 τῇ
741 1020 972 1089 παλαιᾷ,
1033 1019 1132 1075 οὐκ
1186 1018 1248 1075 ἄν
1306 1014 1573 1090 ἐξεϐλήθη
1639 1021 1732 1092 μὲν
1762 1022 1796 1089 ἡ
1827 1023 1999 1092 *Αγαρ

339 1109 432 1164 καὶ
470 1111 498 1164 ὁ
557 1114 685 1171 πσῖς
745 1109 940 1178 αὐτῆς,
999 1106 1054 1163 ο’ί
1111 1110 1248 1177 ἦσαν
1305 1107 1473 1170 τύπος
1527 1112 1635 1162 τῶν
1696 1105 1998 1165 Ἰουδαίων.

347 1199 531 1260 Μόνος
565 1195 623 1254 δὲ
659 1195 1108 1273 ἐκληρονόμησεν
1157 1198 1358 1267 Ἰσαὰκ,
1420 1199 1478 1260 ὅς
1531 1198 1598 1266 ἦν
1663 1198 1834 1258 τύπος
1889 1200 1997 1250 τῶν

341 1292 421 1358 τῷ
471 1292 686 1362 Χριστῷ
743 1287 1199 1342 πεπιστευκότων.
1261 1287 1365 1344 Καὶ
1424 1287 1612 1354 πάλιν,
1682 1287 1743 1343 ού
1794 1284 1885 1342 διὰ
1939 1287 2000 1342 τὸ

344 1373 560 1431 διώκειν
595 1375 755 1447 μόνον
785 1371 1136 1446 ἔκδὲϐληται,
1181 1375 1312 1431 ἁλλ’
1365 1375 1453 1430 ἳνα
1509 1375 1600 1431 καὶ
1654 1376 1730 1449 μὴ
1773 1374 2000 1449 γένηται

341 1467 604 1527 κοινωνὸς
669 1470 768 1540 τῇς
825 1465 1221 1541 κληρονομίας.
1283 1489 1311 1516 ι)
1368 1470 1533 1540 Ἄρα,
1587 1462 1840 1540 ἀδελφοὶ,
1900 1461 2000 1519 οὔκ

343 1555 503 1628 ἐσμεν
585 1553 877 1631 παιδίσκης
965 1556 1121 1610 τέκνα
1192 1580 1218 1607 ‹‹
1291 1555 1352 1610 Εἰ
1418 1553 1599 1610 τοίνυν
1670 1555 1770 1610 ούκ
1836 1555 1994 1627 ἐσμὲν

341 1643 638 1714 παιδίσκης
665 1644 843 1712 τὲκνα,
876 1667 905 1696 η
939 1641 1063 1699 ούδὶ
1095 1642 1312 1710 δοῦλοι,
1345 1649 1462 1705 πῶς
1621 1641 1848 1715 δουλείᾳ
1899 1649 1996 1700 τοῦ

341 1733 512 1806 νόμου
572 1733 796 1793 ἑαυτοὺς
859 1727 1294 1805 ὑποϐἇλ)ομεν;
1349 1732 1463 1787 Ηῦκ
1520 1733 1678 1807 ἐσμὲν
1740 1730 1818 1799 δὲ,
1879 1732 1991 1789 ἐπεὶ

345 1825 487 1895 μήτε
533 1824 694 1895 ἡμῶν
757 1821 923 1882 τύπος
954 1823 988 1890 ἡ
1020 1827 1212 1895 Ἅγαρ,
1271 1819 1401 1876 ἀλλ’
1456 1819 1754 1878 Ἰουδαίων.
1806 1826 1994 1893 Ἠμῶν

342 1910 448 1983 γὰρ
475 1911 510 1979 ἡ
548 1908 730 1983 Σάρῥα
785 1909 976 1970 τύπος.

343 2000 492 2071 ἡμᾶς
549 1995 942 2069 ἠλευθέρωσεν.
995 2018 1020 2048 ιι
1082 1998 1144 2055 '0
1195 1997 1367 2068 νόμος
1425 1993 1780 2067 κατεδούλου,
1813 1999 1840 2052 ὁ
1873 1999 2000 2072 Χρι-

347 2087 472 2146 στὸς
501 2088 645 2158 ἡμᾶς
679 2086 1047 2157 ἠκευθέρωσεν
1112 2083 1172 2141 ἐκ
1227 2093 1327 2156 νῆς
1359 2087 1594 2160 κατάρας
1641 2091 1739 2141 τοῦ
1796 2087 1994 2161 νόμου.

345 2180 436 2230 Δεῖ
468 2173 584 2243 οὖν,
617 2176 804 2253 φησίν,
839 2175 1055 2231 ἑστάναι
1086 2174 1137 2229 ἐν
1197 2179 1266 2248 τῇ
1323 2175 1426 2229 ὑπὸ
1486 2180 1719 2248 Χριστοῦ
1778 2171 1992 2250 δοθείσῃ

338 2263 636 2338 ἐλευθερίᾳ.
707 2263 780 2320 Τὸ
839 2260 896 2318 δὲ
975 2265 1231 2335 Στήκετε,
1319 2262 1716 2337 σαλευομένους
1804 2261 1994 2335 δηλοῖ.

338 2377 368 2406 ‹‹
404 2354 507 2410 Καὶ
558 2354 634 2427 μὴ
694 2352 862 2408 πάλιν
931 2359 1100 2431 ζυγῷ.
1162 2379 1190 2405 ››
1249 2354 1346 2422 Τὸ,
1402 2353 1587 2420 πάλιν,
1647 2353 1995 2423 ἀναισθησίαν

337 2443 516 2499 αὐτῶν
551 2441 736 2514 δηλοῖ.
773 2444 936 2520 Ζυγὸν
967 2441 1025 2498 ὀὶ
1055 2443 1244 2511 εἰπὼν,
1286 2442 1347 2498 τὸ
1404 2443 1539 2519 βαρὺ
1594 2450 1695 2513 τῆς
1748 2441 1998 2505 δουλείας

336 2533 574 2592 δείκνυσι
603 2540 700 2591 τοῦ
729 2535 924 2610 νόμου.

988 2651 1252 2708 ΚΕΦΑΛ.
1292 2651 1349 2706 Γ.

334 2739 526 2808 ’Ότιὴ
586 2736 784 2809 κλῆσις
846 2740 1005 2810 ἡμῶν
1067 2737 1183 2866 οὐχ
1236 2736 1517 2794 ὑπόκειται
1573 2741 1850 2812 περιτομῇ
1908 2736 2000 2794 καὶ

741 2812 896 2866 νόμω
929 2807 1109 2864 διὰτὸ
1188 2813 1375 2866 ,σιστοῦ
1402 2809 1592 2866 πάθος.

741 2807 902 2884 νόμῳ-
929 2807 1020 2864 διὰ
1047 2809 1109 2864 τὸ
1139 2807 1375 2884 Χριστοῦ
1402 2809 1592 2874 πάθος.

405 2926 509 2985 Ἰδὶ
583 2927 694 3002 ἐγὼ
770 2926 986 2990 Παῦλος
1065 2926 1213 3004 λέγω
1304 2929 1460 3002 ὑμῖν,
1536 2931 1619 2984 ὅτι
1711 2929 1798 2986 ἐὰν
1901 2949 1999 2984 πε-

337 3018 686 3093 ριτέμνησθε,
794 3017 1024 3091 Χριστὸς
1159 3019 1298 3088 ὑμᾶς
1433 3014 1595 3074 οὐδὲν
1696 3017 1884 3098 ὠφελή
1895 3039 1997 3078 σει.

336 3107 703 3182 Μαρτύρομαι
778 3102 836 3162 δὲ
925 3103 1092 3160 πάλιν
1195 3105 1356 3161 παντὶ
1461 3107 1736 3180 ἀνθρώπῳ
1839 3126 1997 3182 περι-

335 3196 683 3268 τεμνομένῳ,
785 3194 871 3249 ὅτι
974 3193 1264 3276 ὀιρειλὲτης
1369 3193 1508 3252 ἐστίν
1650 3194 1780 3252 ὅλον
1900 3197 1992 3252 τὸν

338 3285 503 3356 νόμον
565 3291 812 3354 ποιῆσαι.
904 3285 1304 3358 Κατηργῆθητε
1391 3285 1498 3341 ἀπὸ
1563 3289 1661 3342 τοῦ
1733 3287 2070 3385 Χριστοῦ.ρ

338 3374 546 3435 Οἶτινες
623 3371 674 3428 ἐν
747 3373 903 3446 νόμῳ
979 3373 1068 3427 καὶ
1146 3370 1483 3445 δικπιοῦσθε,
1587 3382 1689 3443 τῆς
1765 3376 1993 3451 χάριτος

337 3461 628 3534 ὲξεπὲσετε.
677 3462 870 3534 Ἡμεῖς
946 3463 1051 3538 γὰρ
1127 3463 1392 3536 πνεύματι
1467 3463 1526 3519 ἐκ
1597 3464 1830 3528 πίστεως
1908 3464 1998 3522 ἐλο

335 3550 469 3607 πίδα
571 3549 921 3622 δικαιοσύνης
997 3549 1435 3628 ἀπεκδεχόμεθα.
1511 3557 1602 3611 Ἐν
1677 3555 1779 3633 γὰρ
1859 3558 1996 3631 Χρι-

336 3646 449 3714 στῷ
507 3643 689 3712 Ἰησοῦ
757 3637 879 3697 οὔτε
936 3644 1214 3716 περιτομή
1272 3664 1323 3698 τι
1385 3642 1588 3718 ἰσχύει,
1649 3642 1775 3702 οὔτε
1831 3646 1997 3710 ἀκρο-

334 3725 549 3798 ϐυστία,
627 3728 774 3787 ἀλλὰ
849 3729 1032 3792 πίστις
1128 3727 1197 3786 δι’
1299 3731 1516 3806 ἀγάπης
1611 3733 1994 3811 ἐνεργουμένη,

335 3819 628 3895 Ἐτρέχετε
691 3819 900 3888 καλῶς,
976 3820 1060 3883 τίς
1131 3820 1270 3894 ὑμᾶς
1336 3821 1568 3898 ἀνὲκοψε
1631 3829 1700 3899 τῇ
1768 3824 2001 3898 ἀληθείᾳ

339 3910 418 3985 μὴ
478 3909 796 3978 πείθεσθαι;
867 3909 933 3965 Ἣ
993 3911 1262 3982 πεισμονὴ
1327 3910 1426 3967 οὐκ
1483 3910 1542 3967 ἐκ
1599 3911 1697 3968 τοῦ
1753 3913 1997 3972 καλοῦν-

334 4020 431 4062 τος
467 3999 628 4069 ὑμᾶς.

401 4113 427 4140 ‹‹
464 4085 563 4143 Ἰδὲ
591 4085 703 4164 ἐγὼ
738 4084 985 4150 Παῦλος.
1020 4110 1048 4139 n
1081 4091 1163 4162 Τῇ
1207 4089 1516 4164 ἀξιοπιστίᾳ
1551 4096 1650 4147 τοῦ
1703 4091 1997 4167 ὀνόματος,

292 4177 455 4247 ’ἀντὶ
512 4176 690 4246 πάσης
746 4174 1076 4248 ἀποδείξεως
1131 4177 1436 4254 ἐχεήσατο.
1503 4207 1522 4232 ιι
1566 4183 1797 4256 Χριστὸς
1855 4185 1996 4256 ὑμᾶς

335 4263 495 4323 οὐδὲν
525 4263 824 4343 ὠφελήσει.
861 4291 889 4318 ››
925 4266 1024 4322 Atii
1049 4270 1136 4331 τίς
1190 4267 1272 4324 ὅτι
1301 4271 1331 4325 ὁ
1359 4272 1847 4346 περιτεμνόμενος,
1899 4271 1998 4343 δῆ-

335 4355 434 4413 λον
465 4356 540 4419 ὡς
570 4357 668 4425 τὴν
703 4359 801 4410 τοῦ
834 4359 1068 4431 Χριστοῦ
1099 4358 1262 4432 χάριν
1293 4357 1576 4433 ἐξουθενεῖ,
1642 4361 1748 4417 ὑπὸ
1801 4360 1860 4417 δὲ
1899 4368 1998 4420 τοῦ

333 4446 510 4519 νόμου
571 4445 837 4516 σώζεσθαι
893 4451 1158 4503 πιστεύει.
1217 4448 1322 4505 Τὸν
1379 4449 1470 4504 οὗν
1536 4452 1611 4523 μή
1675 4451 1999 4509 πιστεύοντα

335 4538 560 4611 Χριστῷ
591 4531 715 4590 οὔτε
747 4533 908 4598 αὐτὸς
934 4531 1122 4592 ἕλοιτο
1189 4535 1494 4614 ὠφελῆσαι.
1550 4562 1571 4590 a
1609 4541 1732 4597 Ὁτι
1784 4540 1997 4617 ὀφειλὲο

334 4645 437 4694 της
468 4623 610 4680 ἐστιν
642 4623 773 4681 ὃλον
800 4624 894 4679 τὸν
925 4624 1096 4698 νόμον
1127 4633 1376 4693 ποιῆσαι.
1412 4651 1439 4678 »
1474 4627 1617 4702 Πρὸς
1645 4633 1724 4702 τῷ
1777 4629 1995 4702 μηκέτι,

1044 1936 1062 1958 ι
1232 1906 1511 1982 ἐλευθερίᾳ
1549 1907 1641 1963 οὖν
1755 1913 1995 1984 Χριστὸς
2030 1948 2075 2011 Β

2115 663 2332 718 erant?
2356 665 2501 720 Ecce
2527 664 2718 736 ipsum
2749 664 2926 719 etiam
2955 665 3129 719 Vetus
3159 665 3631 718 Instrumentum
3666 679 3772 718 sua

2115 750 2190 806 sit
2219 751 2280 806 in
2313 753 2524 810 virtute
2560 753 2669 826 legi
2703 753 3128 808 adhaerendum
3162 769 3282 807 non
3317 769 3467 818 esse,
3503 769 3607 822 per
3654 753 3768 807 hoc

2113 841 2269 910 quod
2285 842 2457 912 ejecti
2478 843 2596 898 sint
2621 843 2679 897 hi
2705 843 2803 914 qui
2830 842 2936 898 soli
2962 843 2996 896 h
3009 843 3098 896 uic
3117 842 3538 897 assentiebant.
3551 858 3766 912 nempe

2108 931 2314 986 Judaei.
2355 932 2410 987 Si
2443 933 2604 986 enim
2634 933 2998 1003 oportuisset
3040 948 3276 1002 semper
3324 933 3598 986 assentiri
3651 931 3765 1003 legi

2111 1040 2178 1079 ac
2211 1025 2401 1080 Veteri
2433 1027 2829 1089 Testamento,
2891 1041 3270 1097 nequaquam
3322 1025 3508 1096 ejecta
3554 1025 3768 1079 fuisset

2110 1115 2264 1183 Agar
2292 1130 2426 1170 cum
2478 1114 2598 1169 ﬁlio
2648 1131 2772 1174 suo.
2831 1117 2930 1184 qui
2993 1120 3122 1168 erat
3177 1119 3353 1184 typus
3400 1113 3765 1180 Iudaeorum,

2111 1202 2237 1257 solo
2270 1203 2432 1258 Isaac
2462 1203 2869 1259 haereditatem
2901 1203 3232 1274 accipiente
3255 1203 3354 1275 qui
3414 1208 3543 1257 erat
3594 1209 3764 1274 typus

2109 1291 2342 1350 Christo
2374 1292 2767 1348 credentium.
2801 1294 2871 1347 Et
2903 1309 3137 1346 rursum
3170 1308 3290 1347 non
3333 1291 3406 1347 ob
3462 1291 3522 1346 id
3569 1292 3764 1348 solum

2109 1383 2334 1450 ejectus
2366 1382 2652 1452 estquod
2711 1381 3186 1453 persecutionem
3240 1379 3507 1441 referret,
3558 1397 3764 1436 verum

2107 1474 2292 1529 eriam
2351 1490 2424 1528 ne
2484 1474 2781 1546 particeps
2840 1474 3010 1529 ﬁeret
3061 1472 3444 1527 haereditatis.
3493 1495 3523 1521 «
3559 1475 3762 1543 Itaque

2106 1561 2320 1619 fratres
2353 1580 2474 1618 non
2507 1579 2711 1618 z-zumus
2743 1563 2978 1618 ancillas
3010 1562 3134 1618 ﬁlii.
3170 1585 3195 1609 ››
3228 1562 3281 1616 Si
3317 1578 3453 1627 ergo
3486 1579 3602 1615 non
3663 1579 3762 1616 su-

2109 1667 2241 1706 mus
2271 1652 2504 1706 ancilla:
2537 1652 2644 1706 ﬁlii
2679 1668 2873 1723 neque
2923 1653 3092 1711 servi.
3148 1651 3446 1723 quomodo
3499 1651 3764 1706 servituti

2108 1740 2254 1814 legis
2277 1758 2386 1797 nos
2412 1741 2574 1812 ipsos
2597 1741 2990 1811 subjicimus?
3019 1743 3140 1795 Non
3159 1757 3366 1795 sumus
3390 1745 3612 1804 autem,
3629 1739 3769 1812 quia

2107 1831 2294 1888 nostri
2330 1831 2516 1903 ﬁgura
2546 1847 2666 1886 non
2698 1837 2825 1886 erat
2874 1833 3048 1902 Agar,
3084 1829 3186 1884 sed
3225 1830 3586 1886 .Iudzeorum.
3621 1831 3765 1884 Nam

2107 1922 2254 1980 Sara
2277 1936 2386 1975 nos
2411 1919 2716 1991 ﬁgurabat.
2749 1942 2774 1968 υ
2810 1919 2873 1973 ln
2901 1919 3175 1974 libertate
3201 1935 3316 1989 qua
3346 1919 3614 1974 Christus
3645 1934 3765 1974 non

2107 2008 2396 2065 liberavit.
2435 2031 2460 2057 ››
2498 2009 2607 2063 Lex
2637 2008 2902 2063 servituti
2936 2007 3308 2077 subjiciebat,
3361 2007 3630 2062 Christus
3663 2023 3768 2062 au-

2110 2103 2227 2153 tem
2260 2097 2332 2152 ab
2365 2097 2773 2153 exsecratione
2831 2096 2978 2168 legis
3022 2113 3131 2150 nos
3184 2095 3479 2150 liberuvit.
3528 2095 3770 2167 Oportet

2109 2188 2309 2258 itaque
2337 2192 2491 2241 stare
2524 2187 2585 2240 in
2619 2185 2890 2241 libertate
2921 2202 2955 2239 a
2983 2185 3213 2238 (hristo
3247 2184 3402 2239 data.
3436 2183 3650 2240 Dicens
3673 2199 3771 2239 au-

2107 2281 2251 2340 tem,
2285 2275 2466 2337 State,
2499 2273 2721 2329 indicat
2751 2291 2850 2328 eos
2881 2273 3252 2328 vacillantes.
3287 2295 3312 2319 ››
3346 2274 3416 2326 Et
3454 2289 3528 2326 ne
3563 2288 3770 2327 rursus

2103 2365 2266 2438 jugo.
2305 2384 2328 2414 υ
2364 2367 2587 2420 Rursus
2619 2364 2915 2435 signiﬁcat
2946 2362 3187 2417 illorum
3220 2361 3769 2418 insensibilitatem.

2107 2455 2292 2511 Porro
2323 2452 2576 2510 dicendo
2601 2453 2836 2526 jugum,
2868 2451 3167 2524 signiﬁcat
3195 2452 3543 2524 gravitatem
3577 2450 3768 2505 servi-

2111 2541 2253 2598 tutis
2283 2541 2450 2614 legis.

2764 2657 2994 2714 CAPUT
3033 2659 3100 2713 X.

2109 2749 2268 2816 Quod
2296 2750 2473 2806 nostri
2527 2747 2742 2804 vacatio
2798 2749 3043 2817 subjecta
3091 2763 3202 2803 non
3258 2749 3330 2802 sit
3368 2746 3770 2806 circumcisioni

2413 2836 2477 2875 ac
2517 2819 2628 2891 legi
2653 2826 2885 2891 propter
2911 2819 3118 2874 Christi
3139 2820 3471 2889 passionem.

2185 2937 2334 2996 758
2368 2939 2432 3008 V,
2463 2939 2576 2992 1-8.
2617 2959 2637 2986 ι
2673 2936 2818 2992 Ecce
2853 2952 2956 3007 ego
2986 2935 3206 2992 Paulus
3230 2933 3361 2990 dico
3394 2932 3582 2999 vobis,
3607 2933 3766 3004 quod

2117 3049 2142 3080 ι
2175 3027 2223 3084 si
2254 3025 2790 3092 circumcidamini,
2823 3024 3090 3080 Christus
3111 3023 3275 3078 vobis
3299 3022 3449 3078 nihil
3477 3021 3763 3093 proderit.

2110 3143 2136 3169 ‹‹
2172 3118 2484 3172 Contestor
2513 3125 2711 3174 autem
2745 3132 2983 3171 omnem
3019 3115 3324 3171 hominem
3355 3114 3452 3185 qui
3509 3113 3770 3171 circum-

2112 3229 2138 3260 ι
2171 3206 2407 3269 ciditur,
2442 3205 2600 3276 quod
2634 3205 2876 3260 debitor
2902 3205 2976 3260 sit
3003 3204 3184 3259 totius
3218 3203 3363 3276 legis
3423 3203 3724 3259 servandze
3752 3219 3765 3258 :

2109 3318 2137 3346 α
2175 3297 2350 3352 soluti
2384 3296 2527 3351 estis
2558 3311 2592 3350 a
2622 3295 2874 3362 Christo,
2909 3294 3252 3365 quicunque
3283 3310 3388 3363 per
3420 3292 3609 3365 legem
3636 3294 3767 3361 jus-

2111 3408 2139 3435 ‹‹
2176 3384 2504 3446 tiﬁcamini,
2539 3401 2576 3442 ε,
2604 3384 2792 3458 gratia
2817 3383 3144 3439 excidistis.
3181 3388 3293 3438 Nos
3343 3384 3503 3440 enim
3556 3382 3771 3452 spiritu

2111 3491 2244 3531 «ex
2303 3475 2419 3530 ﬁde
2478 3491 2644 3546 spem
2695 3473 2947 3543 justitim
3007 3477 3442 3544 exspectamus.
3505 3474 3648 3527 Nam
3709 3473 3771 3529 in

2113 3587 2137 3617 α
2171 3565 2401 3621 Christo
2432 3564 2569 3620 Jesu
2600 3580 2795 3634 neque
2827 3563 3204 3619 circumcisio
3235 3562 3561 3636 quidquam
3593 3561 3770 3629 valet,

2114 3680 2140 3706 «ι
2174 3671 2368 3728 neque
2399 3651 2784 3728 praeputium]
2815 3651 2918 3707 sed
2944 3653 3090 3709 tides
3111 3668 3242 3720 qum
3267 3650 3770 3722 perdilectionem

2113 3769 2140 3796 ι(
2173 3750 2472 3817 operatur.
2507 3742 2850 3798 Currebatis
2879 3741 3054 3808 bene,
3105 3741 3241 3812 quis
3287 3757 3388 3794 vos
3441 3739 3770 3810 impedivit,

2112 3860 2140 3888 «
2172 3842 2239 3892 ut
2267 3852 2387 3890 non
2419 3832 2740 3892 crederetis
2773 3830 3051 3886 veritati?
3080 3846 3294 3903 nempe
3317 3829 3624 3902 persuasio
3648 3844 3770 3885 non

2110 3947 2139 3976 «
2172 3941 2245 3983 ex
2275 3940 2344 3982 eo
2374 3923 2638 3996 profecto
2671 3921 2772 3994 qui
2803 3920 3049 3977 vocabat
3079 3935 3202 3976 vos.

2184 4118 2211 4146 «
2245 4097 2392 4151 Ecce
2437 4109 2542 4166 ego
2575 4092 2814 4148 Paulus.
2855 4112 2882 4139 ››
2933 4089 3200 4146 Nominis
3248 4089 3339 4145 sui
3390 4087 3765 4153 auctoritate,

2110 4186 2240 4243 loco
2268 4184 2528 4256 cujusvis
2560 4179 3087 4238 demonstrationis
3114 4195 3259 4233 usus
3291 4184 3402 4234 est.
3439 4200 3468 4226 ‹‹
3501 4178 3768 4234 Christus

2110 4275 2277 4331 vobis
2309 4274 2458 4330 nihil
2492 4271 2775 4345 proderit.
2813 4295 2839 4321 »
2871 4268 3266 4336 Quamobrem
3290 4268 3318 4323 ?
3366 4267 3515 4333 Quia
3569 4268 3618 4321 is
3667 4267 3768 4337 qui

2109 4360 2899 4422 circumciditurmanifeste
2915 4360 3144 4415 videtur
3156 4362 3538 4414 contemnere
3551 4355 3770 4411 Christi

2108 4455 2380 4528 gratiam,
2416 4453 2667 4510 credens
2700 4467 2760 4506 se
2793 4467 2828 4505 a
2857 4449 2986 4524 lege
3045 4447 3272 4504 salvum
3329 4447 3616 4505 futurum.
3659 4446 3768 4511 Qui

2109 4561 2247 4618 ergo
2279 4545 2508 4601 Christo
2540 4559 2662 4597 non
2689 4540 3044 4612 credit,ipse
3081 4539 3152 4594 ab
3185 4554 3254 4592 eo
3288 4537 3500 4593 salvari
3524 4552 3642 4591 non
3666 4553 3768 4607 po-

2108 4640 2243 4690 test.
2279 4655 2308 4684 »
2340 4632 2507 4699 Quod
2538 4631 2772 4688 debitor
2820 4630 2896 4684 sit
2942 4629 3126 4684 totius
3180 4626 3327 4697 legis
3378 4627 3700 4682 servanda).
3736 4644 3765 4674 η

335 4714 492 4794 φησὶ,
529 4711 698 4787 μηδὲν
736 4715 884 4786 παρὰ
938 4696 1178 4790 Χριστοῦ
1235 4696 1590 4794 ὠφελεῖσθαι,
1649 4696 1787 4795 ὅπερ
1835 4696 1996 4800 χαλε-

2111 4696 2522 4784 Praeter-hoc,
2583 4719 2796 4791 inquit,
2857 4717 3014 4790 quod
3074 4718 3136 4772 in
3196 4696 3364 4771 nullo
3423 4716 3769 4786 inventura

332 4805 582 4880 πώτερον
619 4805 829 4878 μυρίων
861 4807 1109 4879 γεεννῶν.
1154 4804 1254 4860 Καὶ
1316 4805 1484 4881 βάρος
1543 4807 1821 4885 ἀνωφελὲς
1871 4810 1998 4865 εαυ-

332 4899 450 4955 τοὶς
482 4895 534 4948 οἱ
566 4897 809 4948 τοιοῦτοι
841 4891 1225 4968 περιτιθέασιν.
1259 4895 1324 4954 Ὀ
1356 4897 1458 4972 γὰρ
1503 4899 1641 4954 κατὰ
1695 4895 1748 4954 ἓν
1799 4920 1852 4955 τι
1900 4900 1994 4956 τὸν

333 4983 506 5055 νόμον
536 4985 741 5057 τηρῶν,
777 4980 1014 5055 ἀνάγκην
1070 4979 1176 5053 ἵξει
1233 4986 1370 5040 κατᾶ
1425 4986 1599 5040 πάντα
1655 4993 1840 5063 τηρεῖν
1898 4988 1994 5043 αὖ·

333 5073 448 5137 τὸν,
482 5070 599 5127 ἐπεὶ
623 5071 796 5125 πάντα
827 5070 1138 5145 οῗχήσεται.
1173 5073 1242 5130 Τί
1294 5069 1352 5130 δὲ
1392 5074 1688 5150 βαρύτερον
1744 5081 1852 5132 τῶν
1902 5098 1998 5132 νο-

340 5167 516 5239 μικῶν
623 5163 1104 5236 παρατηρήσεωνς
1183 5187 1212 5214 α
1243 5167 1646 5240 Κατηργτςθητε
1719 5165 1826 5222 ἀπὸ
1900 5172 1996 5224 τοῦ

333 5254 593 5328 Χριστοῦ.
623 5251 672 5302 ››’
703 5251 1055 5319 Απεκόπητε,
1109 5251 1404 5308 ἀπεπέσετε
1460 5256 1549 5309 Eur’
1609 5256 1802 5324 αὐτοῦ,
1855 5256 1996 5312 ἀνω-

335 5343 475 5422 φελῆ
510 5342 638 5414 ὑμῖν
683 5339 882 5396 λοιπὸν
931 5338 1001 5396 τὰ
1054 5341 1193 5396 κατὰ
1243 5342 1334 5398 τὸν
1389 5345 1616 5420 Χριστὸν
1674 5345 1848 5402 πάντα
1903 5345 1994 5401 καὶ

332 5434 436 5502 τὴν
460 5431 622 5506 χάριν
677 5429 862 5485 αὐτοῦ.
932 5449 954 5478 α
1012 5429 1224 5493 Οἳτινες
1281 5431 1334 5487 ἐν
1384 5435 1543 5507 νόμῳ
1602 5431 1928 5494 δικαιοῦσθε.
1963 5459 1991 5488 η

336 5520 482 5578 ’Λντὶ
529 5523 648 5585 τοῦ,
712 5516 1054 5572 δικαιοῦσθαι
1106 5518 1382 5589 σπεύδετε,
1441 5523 1570 5578 ὡσεὶ
1625 5517 1834 5599 ἔλεγεν.
1895 5522 1994 5582 Ui-

333 5631 472 5673 τινες
501 5605 834 5678 σπουδάζετε
863 5604 926 5662 ἐκ
953 5606 1128 5681 νόμου
1195 5606 1559 5683 δικαιοῦσθαι,
1608 5621 1710 5683 τῆς
1763 5616 1992 5690 χάριτος

332 5699 632 5770 ἐξεπέσατε,
689 5697 778 5752 καὶ
845 5696 952 5751 ἀπὸ
1015 5701 1116 5752 τοῦ
1181 5703 1356 5772 νόμου
1423 5701 1484 5757 οὐ
1547 5704 1990 5778 δικαιωθήσεσθε,

335 5815 366 5844 α
419 5790 612 5861 Ἡμεῖς
671 5787 772 5863 γὰρ
831 5785 1115 5860 πνεύματιο
1179 5812 1208 5839 ››
1265 5790 1455 5863 Ἡμεῖς
1513 5793 1614 5869 γὰρ
1675 5795 1726 5848 οἱ
1785 5795 1989 5870 πιστοὶ)

2107 4813 2360 4874 Christo,
2397 4809 2554 4886 quod
2594 4810 2791 4881 ipsum
2825 4807 2990 4863 mille
3024 4805 3314 4879 gehennis
3346 4803 3623 4860 miserius
3654 4807 3767 4868 est,

2107 4903 2167 4958 id
2194 4917 2432 4975 quoque
2463 4898 2679 4955 accidit
2707 4895 2866 4969 quod
2895 4895 3240 4965 hujusmodi
3267 4893 3629 4949 addiderunt
3653 4891 3767 4947 sibi

2105 4992 2274 5064 ipsis.
2308 4990 2414 5057 Qui
2448 4990 2608 5046 enim
2640 4988 2701 5043 in
2730 5003 2847 5042 uno
2878 4986 3079 5056 aliquo
3127 4983 3318 5058 legem
3352 4983 3768 5051 observaverit,

2106 5079 2526 5137 necessitatem
2550 5077 2660 5132 sibi
2681 5076 2927 5134 inducet
2947 5075 3008 5129 in
3029 5073 3307 5129 omnibus
3331 5089 3458 5127 eam
3493 5071 3767 5127 servandi

2106 5170 2590 5244 quandoquidem
2610 5167 2812 5223 omnia
2831 5172 3037 5222 mutuo
3057 5181 3118 5222 se
3133 5169 3462 5236 sequentur
3476 5169 3768 5234 tanquam

2105 5276 2394 5317 connexa.
2429 5257 2578 5324 Quid
2609 5262 2808 5315 autem
2863 5255 3098 5326 gravius
3149 5252 3436 5327 legalibus
3487 5251 3769 5307 observa-

2106 5349 2416 5408 tionibus?
2445 5372 2474 5399 ‹‹
2508 5347 2690 5404 Soluti
2727 5345 2870 5400 estis
2900 5361 2935 5401 a
2965 5344 3214 5400 Christo.
3253 5363 3281 5394 ιι
3341 5341 3637 5414 Ampulati
3671 5357 3766 5398 es-

2105 5443 2182 5498 tis
2212 5439 2517 5497 excidistis
2547 5437 2620 5492 ab
2653 5437 2782 5508 ipso
2810 5451 2822 5489 :
2858 5435 3085 5490 nullam
3119 5433 3283 5490 vob's
3308 5433 3559 5488 aﬁ‘erent
3588 5430 3765 5486 dein-

2105 5549 2243 5606 ceps
2267 5529 2607 5586 utilitatem.
2633 5542 2764 5597 quae
2787 5524 3004 5579 Christi
3039 5529 3180 5578 sunt
3207 5529 3266 5576 et
3294 5521 3494 5594 gratias
3527 5519 3714 5590 ipsius
3745 5535 3758 5574 :

2106 5643 2134 5674 cc
2165 5620 2513 5688 Quicunque
2547 5631 2650 5686 per
2692 5613 2878 5685 legem
2921 5609 3360 5684 justiﬁcamini.
3398 5629 3424 5658 ››
3478 5607 3594 5662 lloc
3647 5612 3754 5673 est,

2096 5707 2414 5781 justiﬁcari
2447 5703 2697 5761 studetis
2724 5718 2736 5755 :
2774 5709 3054 5774 tanquam
3087 5701 3346 5756 diceret:
3371 5696 3476 5762 Qui
3506 5695 3759 5751 studetis

2104 5816 2176 5858 ex
2199 5800 2328 5873 lege
2339 5794 2680 5871 justiﬁcari,
2704 5810 2738 5849 a
2768 5794 2957 5867 gratia
2977 5790 3300 5854 excidistis,
3334 5793 3392 5844 et
3421 5802 3530 5842 nec
3558 5802 3592 5840 a
3627 5785 3755 5859 lege
