4098 6394
329 445 483 507 “Si

1452 440 1861 506 ΘΟΟΜΕΝΙΙ
1909 439 2220 503 ἸἪΙΟΟΕ
2265 439 2624 508 EPlSCOPI

3601 427 3758 508 iis:

325 575 762 650 justiﬂcamini.
805 563 976 632 >)"Nos
1008 577 1168 631 enim
1233 577 1464 648 spiritu.
1501 596 1530 626 »
1579 575 1721 636 Nos.
1774 571 1990 644 inquit,

2108 571 2386 653 φὴσὶ,οΰκ
2435 572 2494 630 ἐκ
2550 577 2748 652 νόμου,
2806 577 3071 650 σώζεσθαι
3139 576 3560 655 προσδοκῶμεν,
3617 575 3762 634 ἀλλὰ

330 666 537 722 ﬁdeles
567 682 686 721 non
719 665 866 721 759
900 671 1318 736 exspectamus
1345 681 1412 719 ex
1448 664 1574 736 lege
1598 663 1831 729 salvari,
1885 661 1991 717 sed

329 773 437 828 per
469 755 988 826 superventionem
1019 755 1274 825 Spiritus
1315 755 1523 808 sancti.
1569 775 1595 801 «
1632 753 1802 823 Spem
1857 751 1987 821 jus-

330 845 474 900 titim
504 851 935 916 exspectamus.
973 846 1085 898 Per
1136 845 1338 916 gratiae
1389 843 1725 915 portioan
1777 833 1988 895 salvari

332 941 767 1006 exspectamus.
805 936 958 989 Bene
986 941 1185 990 autem
1240 934 1478 997 dicitur,
1529 947 1598 988 ex
1648 931 1784 987 ﬁde.
1846 931 1990 985 Nam

332 1030 566 1097 oportet
596 1030 860 1078 nostram
893 1025 1105 1078 aﬂ‘erre
1140 1023 1341 1088 fidem,
1376 1030 1432 1076 et
1462 1023 1546 1078 ita
1574 1038 1678 1094 per
1716 1019 1992 1091 spiritum

333 1115 604 1184 accipere
627 1114 948 1184 justitiam.

403 1223 434 1254 ι
462 1205 658 1273 Neque
689 1201 1060 1256 circumcisio
1095 1201 1420 1272 quidquam
1455 1200 1630 1255 valet.
1663 1219 1692 1248 »
1729 1198 1994 1254 Circum-

333 1293 620 1348 cisionem
645 1292 788 1346 dicit
806 1307 921 1345 non
948 1304 1077 1362 qua
1098 1290 1534 1361 suscipiebatur
1551 1296 1687 1344 ante
1703 1287 1994 1343 ﬁdem.Ac

335 1381 383 1436 si
415 1381 640 1436 diceret
674 1379 834 1445 :‘Qui
863 1395 1082 1435 nomen
1137 1380 1284 1434 dant
1312 1379 1373 1434 in
1406 1381 1559 1434 Novo
1592 1380 1726 1433 Test
1769 1382 1990 1441 mento,

332 1471 480 1525 nihil
499 1470 838 1524 nocumenti
856 1486 921 1524 ex
947 1470 1233 1541 praeputio
1259 1469 1574 1540 accipient,
1601 1465 1991 1538 quemadmo-

333 1560 473 1616 dum
509 1575 702 1630 neque
733 1559 1008 1614 utilitatis
1039 1558 1128 1613 vel
1151 1559 1480 1629 adjumenti
1506 1573 1573 1612 ex
1599 1555 1993 1613 circumcisio-

332 1667 428 1706 ne.
464 1670 491 1698 α
525 1650 640 1706 Sed
670 1649 816 1705 fides
848 1664 978 1719 quas
1019 1665 1125 1718 per
1183 1648 1567 1702 dilectionem
1619 1652 1917 1718 operatur.
1961 1664 1991 1694 »

331 1741 533 1809 Neque
564 1739 724 1793 enim
749 1739 890 1792 satis
914 1743 1004 1792 est
1028 1737 1258 1792 Christo
1284 1734 1747 1799 credidisse,sed
1762 1737 1997 1805 oportet

333 1829 490 1884 hanc
515 1827 745 1898 operari
779 1833 839 1881 et
867 1826 1153 1883 custodiri
1187 1832 1246 1880 et
1283 1825 1460 1880 veluti
1495 1824 1736 1881 excitari
1769 1839 1876 1895 per
1905 1822 1996 1879 di-

2099 658 2168 716 δι’
2227 662 2627 744 ἐπιφοιτήσεως
2690 666 3004 742 Πνεύματος
3061 668 3244 743 ἁγίου.
3305 695 3332 721 ι(
3379 666 3610 726 Ἐλπίδα
3667 665 3758 724 δι-

2096 753 2391 823 καιοσύνης
2417 753 2854 831 ἀπεκδεχόμεθα.
2893 784 2920 808 ››
2956 757 3009 812 ἐν
3069 759 3297 833 χάριτος
3332 754 3484 833 μέρει
3541 759 3602 815 τὸ
3651 759 3756 813 σώ-

2101 841 2278 906 ζεσθαι
2312 838 2740 913 προσδοκῶντες.
2808 843 3000 908 Καλῶς
3060 843 3117 901 δὲ
3169 851 3338 900 κεῖται
3390 847 3474 908 τὸ,
3518 848 3612 902 Έκ
3656 846 3752 901 πί-

2100 948 2291 990 στεως.
2361 936 2452 985 Δεῖ
2507 932 2611 1008 γὰρ
2688 934 2786 1000 τήν
2864 937 3134 1006 ἡιμτέραν
3217 937 3468 1011 ἡγεῖσθαι
3552 935 3759 1003 πίστιν,

2099 1017 2190 1072 καὶ
2253 1019 2427 1081 οὓτως
2482 1022 2581 1089 την
2638 1018 2727 1077 διὰ
2794 1024 3102 1098 πνεύματος
3165 1019 3462 1098 λαμϐάνειν
3534 1022 3758 1080 δικαίω-

2101 1127 2207 1162 σιν.
2641 1123 2646 1126 ’

2175 1211 2370 1272 «Οὔτε
2443 1220 2719 1293 περιτομή
2795 1240 2848 1274 τι
2891 1218 3092 1296 ίσχύει.
3160 1224 3529 1294 αΠεριτομήν
3589 1217 3759 1296 λέγει,

2103 1304 2167 1360 οὗ
2197 1306 2296 1372 την
2353 1307 2490 1380 πρὸς
2544 1315 2644 1376 τῆς
2699 1307 2932 1371 πίστεως
3000 1309 3186 1378 οὖσαν,
3241 1311 3371 1368 ὡσεὶ
3430 1309 3633 1388 ἔλεγεν·
3694 1311 3764 1371 Οἱ

2101 1394 2555 1474 ἀπογραφόμενοι
2617 1396 2666 1452 ἐν
2723 1402 2793 1470 τῇ
2851 1402 2944 1471 νέᾳ
3002 1397 3262 1474 διαθήκῃ,
3319 1398 3470 1456 οὐδὲν
3548 1399 3603 1455 ἐκ
3661 1408 3764 1471 τῆς

2103 1480 2467 1558 ἀκροϐυστίας
2533 1483 3066 1562 περιϐλαὸησονται,
3128 1487 3309 1564 ὣσπερ
3367 1487 3493 1545 ούδὶ
3550 1488 3609 1545 ἐκ
3662 1497 3766 1558 τῆς

2102 1577 2409 1649 περιτομῆς
2452 1573 2934 1652 ὠφεληθήσονται.
2995 1602 3022 1629 ‹‹
3058 1575 3234 1636 Ἀλλὰ
3279 1579 3462 1640 πίστις
3507 1575 3578 1634 δι’
3632 1578 3763 1656 ἀγά-

2103 1684 2211 1730 πης
2271 1663 2652 1740 ἐνεργουμένη.
2699 1691 2727 1718 ››
2786 1666 2902 1723 Οὐκ
2956 1668 3112 1744 ἀρκεῖ
3173 1669 3274 1745 γὰρ
3336 1669 3502 1740 μόνον
3551 1667 3613 1724 τὸ
3669 1690 3762 1723 πι-

2103 1758 2319 1808 στεῦσαι
2375 1759 2455 1828 τῷ
2513 1757 2754 1830 Χριστῷ,
2812 1754 2958 1812 ἀλλὰ
3031 1753 3116 1813 δεῖ
3169 1758 3268 1827 τήν
3325 1748 3504 1813 πίστιν
3559 1759 3760 1829 ταύτην

2103 1841 2430 1917 ἐνεργεῖσθαι
2487 1845 2577 1898 καὶ
2637 1842 3091 1922 διαφυλάττεσθαι
3149 1849 3235 1902 καὶ
3299 1847 3414 1904 οἷον
3476 1847 3764 1918 ἀναζωπυ-

333 1921 652 1976 lectionem
682 1936 818 1992 erga
837 1920 1266 1975 Christumliis
1288 1925 1485 1974 autem
1507 1915 1992 1987 indicatur,quod

2108 1915 2308 2007 ρεῖσθαι
2343 1931 2432 1988 διὰ
2461 1941 2561 2001 τῆς
2595 1933 2669 1996 εἷς
2727 1915 2956 2010 Χριστὸν
3019 1935 3252 2011 ἀγάπης.
3314 1915 3624 1994 Αἶνίττεται
3683 1934 3766 2005 δὲ,

337 2012 436 2083 qui
453 2009 962 2074 crediderunt,sed
980 2025 1097 2064 non
1121 2009 1377 2078 diligunt
1390 2009 1466 2062 Ch
1479 2007 1787 2074 ristum,ad
1806 2008 1993 2079 legem

335 2101 754 2174 transfugiunt.
813 2120 837 2150 α
873 2100 1015 2164 Quis
1065 2117 1164 2153 vos
1209 2097 1566 2170 impedivit?
1604 2124 1622 2144 ι
1677 2096 1842 2163 Quod
1892 2099 1993 2158 ait,

335 2191 499 2257 Quis.
535 2207 656 2245 non
689 2195 778 2243 est
809 2191 1256 2259 interrogantis,
1290 2188 1392 2243 sed
1425 2187 1810 2258 deplorantis,
1844 2202 1914 2242 ac
1945 2185 1993 2240 si

337 2281 598 2335 diceret:
633 2279 1013 2351 Pertigeratis
1053 2279 1125 2333 ad
1158 2277 1607 2349 perfectionem,
1631 2276 1773 2347 quid
1795 2285 1992 2331 actum

335 2370 467 2428 est?
497 2370 637 2436 Quis
669 2375 898 2425 tantum
958 2368 1171 2441 potuit.
1231 2373 1296 2422 ut
1341 2367 1772 2438 impedimento
1826 2365 1992 2421 vobis

333 2465 491 2517 esset
521 2475 594 2513 ne
626 2458 854 2512 veritati
888 2456 1186 2528 Evangelii
1227 2456 1515 2526 pareretis
1536 2458 1564 2509 ?
1611 2477 1639 2503 ‹‹
1676 2455 1990 2509 Persuasio

332 2564 568 2618 nempe.
605 2569 634 2596 »
667 2548 786 2601 Hoc
817 2551 925 2606 est.
963 2546 1103 2616 quia
1131 2545 1414 2616 paruiqstis
1434 2543 1772 2598 dicentibus
1801 2542 1988 2610 vobis,

333 2643 402 2696 ut
431 2635 1010 2692 circumcideremini
1043 2651 1056 2688 :
1097 2654 1116 2680 ε
1152 2634 1276 2690 Non
1311 2649 1380 2688 ex
1427 2633 1655 2688 Christo
1704 2633 1988 2704 profecta,

336 2727 439 2800 qui
457 2726 703 2784 vocabat
721 2742 819 2780 vos
843 2725 915 2780 ad
939 2740 1107 2782 suam
1135 2724 1337 2780 fidem.
1360 2744 1386 2771 »
1409 2725 1712 2794 Tanquam
1730 2722 1987 2780 diceret:

333 2818 461 2872 Non
488 2816 620 2871 ideo
651 2816 839 2871 vocati
873 2815 1016 2870 estis
1046 2831 1079 2869 a
1111 2813 1364 2880 Christo,
1397 2818 1463 2868 ut
1493 2813 1585 2868 his
1617 2812 1990 2884 obtempere-

328 2906 406 2963 tis
435 2905 536 2978 qui
570 2905 712 2962 talia
743 2905 1017 2961 suadent.
1041 2903 1144 2960 Dei
1171 2918 1428 2975 namque
1452 2903 1759 2974 praprinm
1783 2908 1874 2959 est
1891 2919 1964 2957 vo

328 3013 484 3064 care,
517 2996 895 3055 audientium
927 3011 1062 3050 vero
1095 2993 1527 3067 obtemperare.

401 3187 468 3250 V,
491 3186 647 3239 9-l2.
677 3205 706 3234 «
729 3182 982 3240 Paulum
1001 3180 1276 3237 fermenti
1297 3185 1482 3237 totam
1501 3179 1991 3253 conspersionem

331 3299 361 3329 ‹‹
391 3276 728 3332 fermentat.
785 3278 899 3347 Ego
942 3272 1179 3330 confido
1213 3273 1285 3329 de
1315 3273 1478 3328 vobis
1512 3288 1617 3344 per
1648 3271 1990 3337 Dominum,

334 3387 365 3417 ες
393 3365 549 3435 quod
581 3364 732 3418 nihil
763 3363 1051 3419 sentietis.
1085 3364 1374 3418 Caeterum
1407 3361 1506 3432 qui
1529 3361 1852 3418 conturbat
1868 3377 1987 3428 vos,

334 3475 367 3508 α
397 3454 656 3527 portabit
686 3453 986 3522 judicium
1032 3451 1303 3525 quisquis
1350 3451 1550 3507 fuerit.
1606 3452 1722 3522 Ego
1767 3456 1988 3519 autem,

338 3564 366 3596 ι
395 3545 631 3611 fratres,
665 3544 712 3598 si
743 3543 1261 3599 circnmciionem
1312 3540 1505 3598 adhuc
1557 3541 1836 3612 prmdico,
1886 3557 1993 3597 cur

336 3655 361 3687 α
396 3632 590 3688 adhuc
620 3632 1094 3704 persecutionem
1129 3631 1322 3702 patior
1345 3630 1373 3685 ?
1402 3629 1702 3688 Abolitum
1734 3635 1825 3686 est
1879 3629 1989 3702 igi-

338 3743 366 3774 «
397 3728 494 3781 tur
543 3721 970 3778 otiendiculnm
1003 3720 1214 3778 crucis.
1250 3720 1486 3776 Utinam
1529 3719 1708 3775 etiam
1753 3718 1990 3776 abscin-

337 3833 368 3864 α
393 3813 614 3870 dantur
643 3813 740 3883 qui
779 3829 880 3867 vos
913 3811 1274 3868 labefactant
1308 3831 1356 3864 η.

411 3904 491 3959 Ne
523 3902 762 3957 dicant:
799 3900 1192 3966 Quamobrem
1226 3899 1372 3956 adeo
1406 3915 1516 3954 nos
1566 3898 1842 3972 abjurgas
1875 3898 1994 3972 qui

339 4008 525 4048 unum
559 3991 846 4046 duntaxat
876 3990 1022 4062 legis
1045 3996 1406 4060 praeceptum
1435 3988 1816 4044 observemus
1838 3987 1991 4043 ?ait:

331 4083 531 4140 Unum
549 4081 580 4135 ?
609 4086 667 4134 et
687 4080 830 4150 quid
861 4081 972 4136 hoc
994 4079 1067 4134 ad
1090 4095 1214 4133 rem
1237 4078 1265 4132 ‘2
1287 4102 1313 4126 ‹‹
1341 4077 1594 4134 Paulum
1615 4077 1890 4134 fermenti
1913 4084 1998 4133 to-

333 4177 456 4227 tam
476 4169 963 4240 conspersionem
975 4168 1334 4224 fermentata
1357 4169 1506 4232 Quen
1525 4166 1834 4222 admodum
1849 4169 2000 4224 enim

335 4260 488 4319 illud
517 4259 728 4315 miscet
762 4264 941 4314 totam
974 4257 1486 4330 conspersionem.
1521 4257 1608 4312 ita
1639 4260 1700 4310 et
1748 4273 1850 4310 vos
1881 4256 1997 4312 cir-

337 4351 624 4408 cumcisio
645 4350 719 4406 ad
747 4351 1042 4424 int-egrum
1071 4349 1295 4405 referet
1313 4347 1709 4403 Judaismum.
1736 4347 1853 4403 nisi
1867 4363 2001 4404 cor-

338 4440 638 4515 rigamini.
674 4461 701 4490 «
735 4442 851 4514 Ego
883 4437 1118 4495 conﬁdo
1151 4437 1224 4494 de
1258 4437 1419 4491 vobis
1451 4452 1557 4508 per
1596 4435 1935 4493 Dominum.
1970 4458 1998 4485 »

342 4530 690 4598 Audaciam,
723 4529 939 4600 inquit.
977 4543 1148 4583 sumo
1179 4525 1253 4584 de
1285 4525 1448 4582 vobis
1505 4543 1613 4598 per
1659 4526 1999 4594 Dominum,

343 4635 512 4680 sumo
545 4620 856 4676 audaciam
887 4616 1045 4689 quod
1075 4615 1488 4688 corrigemini,
1544 4616 1696 4671 700
1750 4623 1809 4671 et
1849 4615 2001 4672 nihil

2107 2021 2190 2077 ὅτι
2223 2023 2607 2086 πιστεύσαντες
2640 2023 2758 2096 μὶν,
2812 2026 2888 2096 μὴ
2951 2025 3328 2098 ἀγαπήσαντες
3387 2023 3443 2082 δὲ
3487 2027 3576 2081 τὸν
3631 2030 3763 2102 Χρι-

2106 2113 2248 2177 στὸς,
2283 2114 2420 2187 πρὸς
2450 2114 2541 2168 τὸν
2573 2115 2744 2186 νόμου
2796 2113 3214 2187 ηὐτομόλησαν.
3277 2142 3304 2169 ι(
3337 2117 3432 2178 Τίς
3486 2116 3624 2190 ὑμᾶς
3678 2116 3765 2171 ἐν-

2103 2200 2264 2272 ἑκοψε
2293 2222 2305 2270 ;
2343 2228 2370 2254 ››
2410 2203 2504 2270 Τὸ,
2538 2205 2655 2270 Τίς,
2690 2204 2791 2259 ούκ
2820 2198 2962 2260 ἔστιν
2997 2206 3340 2282 ἐρωτῶντος,
3383 2205 3511 2264 ἀλλ’
3552 2207 3763 2285 ὀλοιρυο

2106 2291 2360 2366 ρομένου,
2418 2293 2548 2348 ὡσεὶ
2604 2294 2773 2348 εἶπεν
2836 2296 2970 2350 Ἠτε
3010 2294 3087 2356 ε”ς
3144 2295 3468 2366 τελειότητα
3535 2298 3739 2374 φθάσαν

2100 2402 2211 2448 τ.;,
2241 2382 2292 2436 τί
2325 2383 2556 2457 γέγονε;
2589 2382 2680 2445 Τίς
2729 2387 2986 2439 τοσοῦτον
3050 2383 3269 2460 ἴσχυσεν
3333 2383 3472 2441 ὣστε
3531 2383 3760 2459 ἐμποδί-

2104 2493 2189 2524 cxi
2235 2471 2358 2543 ύμῖν
2389 2476 2456 2546 τῇ
2490 2471 2720 2542 ἀληθείᾳ
2751 2476 2848 2527 τοῦ
2906 2473 3249 2548 Εὐαγγελίου
3311 2478 3388 2548 μή
3438 2476 3708 2540 πείθεσθαι
3747 2495 3762 2546 ;

2103 2586 2130 2613 ‹‹
2171 2563 2234 2617 Ἡ
2269 2563 2572 2635 τ-ι.μονὴ,
2630 2588 2657 2614 ››
2711 2563 2976 2635 τουτέστι,
3034 2565 3096 2620 τὸ
3153 2568 3436 2635 πεισθῆναι
3497 2571 3613 2628 τοῖς
3671 2564 3761 2622 λί-

2098 2671 2283 2726 γουσιν
2341 2651 2469 2722 ὑμῖν
2530 2651 2964 2727 περιτέμνεσθαι.
3024 2653 3203 2710 «Οὐκ
3256 2653 3317 2710 ἐκ
3370 2660 3468 2711 τοῦ
3525 2656 3762 2732 Χριστοῦ

2098 2743 2197 2795 τοῦ
2228 2738 2525 2799 καλοῦντος
2560 2741 2704 2815 ὑμᾶς
2735 2743 2870 2818 πρὸς
2913 2743 3010 2811 τὴν
3067 2742 3233 2798 αὐτοῦ
3289 2745 3493 2800 πίστιν.
3532 2769 3558 2795 ››
3617 2745 3760 2801 Ὢσεὶ

2101 2826 2300 2905 ἔλεγεν.
2336 2829 2451 2887 Ούκ
2481 2828 2569 2886 ἐπὶ
2600 2829 2780 2895 τούτῳ
2838 2829 3104 2902 κέκλησθε
3157 2831 3304 2906 παρὰ
3352 2837 3448 2888 τοῦ
3498 2836 3757 2909 Χριστοῦ,

2099 2917 2239 2974 ὥστε
2303 2925 2420 2980 τοῖς
2485 2921 2553 2975 τὰ
2615 2923 2841 2976 τοιαῦτα
2938 2917 3378 2994 συμϐουλεύουσι
3459 2922 3756 2988 πείθεσθαι.

2099 3005 2266 3065 Ἵδιον
2292 3009 2395 3084 γὰρ
2425 3013 2520 3064 τοῦ
2550 3013 2686 3065 Θεοῦ
2743 3010 2804 3065 τὸ
2849 3017 3062 3082 καλεῖν,
3113 3012 3178 3067 τὸ
3226 3009 3283 3067 δὶ
3320 3011 3598 3078 πείθεσθαι
3650 3017 3759 3068 τῶν

2100 3097 2431 3156 ἀκουόντων.

2174 3214 2360 3287 Μικρὶ
2392 3212 2560 3285 ζύμη,
2621 3210 2751 3268 ὅλον
2809 3215 2871 3269 τὸ
2929 3214 3154 3291 φύραμα
3216 3220 3401 3288 ζυμοῖ.
3461 3216 3603 3290 Ἐγὼ
3661 3216 3763 3272 πὲ-

2103 3314 2267 3367 ποιθα
2299 3303 2374 3365 εἷς
2437 3304 2576 3376 ὑμᾶς
2635 3301 2686 3357 ἐν
2748 3304 2951 3379 Κυρῖῳ,
3013 3303 3099 3361 ὅτι
3151 3303 3305 3360 ούδὶν
3361 3303 3506 3361 ἄλλο
3555 3309 3760 3384 φρονή-

2103 3411 2241 3450 σετε.
2299 3392 2361 3449 Ὀ
2419 3389 2477 3447 δὶ
2531 3392 2810 3466 ταράσσων
2901 3393 3062 3467 ὑμᾶς,
3150 3395 3405 3470 βαστάσει
3465 3395 3527 3450 τὸ
3585 3401 3761 3471 κρῖμα

2102 3479 2336 3546 δςτιςᾶν
2394 3480 2500 3552 εἶή.
2559 3482 2707 3555 Ἐγὼ
2770 3480 2846 3548 εὶ,
2907 3481 3159 3560 ἀδελφοὶ,
3215 3485 3258 3540 εἰ
3313 3487 3618 3559 περιτομὴν
3676 3478 3756 3542 ἔτι

2099 3571 2380 3646 κηρύσσω,
2437 3570 2490 3626 τί
2547 3569 2625 3626 ἔτι
2683 3568 2958 3644 διώκομαι
3003 3592 3017 3640 ;
3101 3574 3239 3648 Ἀρα
3295 3575 3637 3649 κατήργηται
3693 3575 3758 3629 τὸ

2103 3660 2405 3730 σκάνδαλον
2490 3667 2587 3719 τοῦ
2654 3667 2908 3738 σταυροῦ.
2985 3659 3226 3744 Ὄφελον
3293 3666 3383 3721 καὶ
3450 3665 3758 3741 ἀποκόψον-

2099 3773 2187 3809 ται
2221 3753 2272 3809 oi
2301 3752 2719 3816 ἀναστατοῦντες
2749 3753 2908 3826 ὑμᾶς.

2176 3899 2290 3956 Ἵνα
2323 3900 2398 3970 μὴ
2433 3896 2661 3977 λέγωσι·
2696 3899 2758 3958 Τί
2788 3903 3048 3955 τοσοῦτον
3098 3902 3259 3972 ἡμῶν
3329 3903 3584 3975 καθήψω,
3636 3905 3762 3973 μίαν

2104 3987 2332 4054 ἐντολῆν
2367 3989 2532 4063 μόνον
2561 3992 2657 4044 τοῦ
2689 3988 2864 4060 νόμου
2895 3988 3249 4069 φυλαξάντων
3284 4011 3300 4060 ς
3361 3992 3496 4068 φησί
3570 3992 3713 4050 Μίαν
3746 4013 3762 4062 ς

2105 4078 2194 4134 καὶ
2225 4078 2278 4133 τί
2306 4083 2468 4134 τοῦτο
2495 4097 2508 4147 ;
2541 4105 2566 4130 (ι
2605 4077 2792 4154 Μικρᾶ
2822 4080 2965 4151 ζύμη
3003 4079 3132 4136 ὅλον
3161 4081 3225 4134 τὸ
3255 4081 3480 4159 φύραμα
3512 4086 3697 4154 ζυμοῖ.
3737 4107 3766 4134 »

2105 4169 2309 4238 Ὥσπερ
2360 4169 2462 4242 γὰρ
2523 4165 2697 4236 ἐκείνη
2759 4165 2889 4223 ὃλον
2946 4169 3008 4224 τὸ
3057 4169 3282 4249 φύραμα
3337 4174 3515 4246 κιρνᾷ,
3576 4172 3766 4252 φησῗν,

2109 4255 2282 4316 οὕτως
2342 4255 2429 4310 καὶ
2492 4253 2631 4329 ὑμᾶς
2682 4256 2717 4324 ἡ
2778 4257 3052 4331 περιταμή
3113 4256 3189 4318 εἰς
3247 4257 3456 4313 τέλειον
3532 4257 3764 4332 ἐνεγκεῖν

2113 4341 2308 4418 μέλλει
2341 4340 2705 4417 Ἰουδαϊσμὸν.
2743 4341 2830 4398 ἐᾶν
2892 4345 2970 4418 μή
3026 4341 3419 4420 διορθώσησθε.
3473 4370 3503 4398 ‹‹
3530 4348 3674 4424 Ἐγὼ
3707 4345 3768 4403 δὲ

2109 4432 2342 4490 πέποιθα
2372 4431 2448 4496 ἐς
2483 4433 2620 4504 ὑμᾶς
2680 4430 2732 4487 ἦν
2795 4432 2994 4508 Κυρίῳ.
3053 4457 3081 4486 »
3140 4431 3334 4510 6αρῥῶ
3395 4435 3548 4510 ὑμῖν,
3605 4434 3762 4514 φησὲ,

2110 4522 2295 4599 θαρῥῶ
2325 4519 2377 4577 ἐν
2412 4521 2590 4594 κυρίῳ
2633 4520 2719 4576 ὅτι
2779 4519 3158 4597 ὃιορθώσεσθε,
3209 4524 3302 4579 καὶ
3350 4522 3504 4580 οὐδὲν
3555 4527 3765 4599 φρονή-

2115 4634 2231 4670 σετε
2261 4613 2408 4687 παρᾶ
2446 4613 2544 4682 τὴν
2603 4607 2838 4688 διδαχήν
2901 4633 3027 4685 μου.
3087 4615 3261 4670 Τοῦτο
3312 4609 3370 4668 δὶ
3427 4613 3766 4692 παραθορῥύο

340 4710 614 4772 sentietis
636 4715 851 4782 praeter
868 4707 1200 4763 doctrinam
1226 4723 1443 4764 meam.
1465 4706 1526 4761 ld
1548 4713 1742 4765 autem
1778 4707 1992 4764 dehor-

2108 4723 2314 4782 νοντος,
2357 4728 2384 4754 ‹‹
2422 4703 2484 4761 Ὀ
2543 4699 2600 4757 δὶ
2659 4703 2940 4776 ταράσσων
2999 4701 3160 4776 ὑμᾶς.
3199 4727 3226 4754 ι)
3267 4703 3452 4777 Ὑμεῖς
3511 4705 3605 4778 μὶν
3665 4727 3766 4778 με-

336 4802 523 4860 tantis
555 4806 662 4857 est.
727 4821 759 4850 ιι
792 4800 1084 4854 Cmterum
1138 4797 1238 4867 qui
1293 4797 1610 4853 conturbat
1655 4814 1838 4854 vos.»
1889 4799 2002 4853 Vos

340 4891 582 4962 quidem
611 4888 1012 4949 mutabimini,
1037 4894 1299 4942 attamen
1324 4902 1444 4942 non
1467 4887 1540 4942 ob
1559 4887 1618 4942 id
1641 4887 2000 4959 supplicium

331 4979 594 5035 evadent
622 4980 723 5049 qui
757 4994 861 5032 vos
885 4977 960 5031 ad
987 4977 1096 5031 hoc
1119 4975 1555 5032 adducuntsed
1572 4975 1909 5032 tolerabunt
1932 4993 1999 5033 ac

341 5070 724 5126 sustinebunt
748 5071 860 5127 hoc
895 5069 1276 5140 supplicium.
1308 5089 1337 5119 ιι
1370 5069 1487 5140 Ego
1519 5075 1738 5126 autem.
1763 5069 1995 5132 fratres,

342 5160 390 5216 si
425 5159 937 5215 circumcisionem
971 5158 1163 5213 adhuc
1193 5157 1473 5229 praedico.
1503 5182 1529 5208 ››
1554 5157 1846 5223 Quoniam
1864 5175 2000 5215 con-

337 5249 490 5304 vicia
513 5249 811 5320 jactantes
843 5249 905 5302 in
936 5247 1105 5302 illum
1138 5246 1418 5303 dicebant
1447 5263 1460 5301 :
1521 5246 1838 5319 Hypocrita
1886 5253 1995 5314 est,

339 5338 484 5396 alibi
519 5337 759 5410 quidem
793 5335 1308 5391 circumcisionem
1342 5335 1642 5408 pradicet.
1676 5335 1815 5391 alibi
1861 5353 1996 5392 vero

333 5445 484 5496 non,
517 5428 639 5483 ait:
673 5424 1154 5480 Persecutionem
1207 5441 1239 5479 a
1285 5423 1504 5479 Judwis
1552 5426 1766 5495 patior,
1818 5424 1996 5496 idque

334 5518 501 5573 vobis
532 5521 737 5571 notum
770 5519 894 5569 est:
931 5513 976 5566 si
1011 5529 1147 5584 ergo
1171 5513 1689 5570 circumcisionem
1715 5514 1992 5584 praedico.

339 5622 771 5678 supervacuum
789 5603 1045 5674 estquod
1071 5620 1163 5659 me
1188 5605 1794 5675 persequantur.Quid
1816 5620 1951 5676 ergo
1969 5604 1996 5660 ?

340 5708 556 5754 Annon
576 5693 951 5750 circumcidit
969 5693 1338 5748 Timotheum
1358 5693 1385 5746 ‘2
1417 5693 1527 5748 Sed
1553 5693 1661 5749 hoc
1684 5695 1994 5766 dispensa—

343 5787 506 5844 tione
537 5787 791 5860 quadam
821 5785 1044 5844 factum
1077 5800 1206 5841 esse
1241 5782 1514 5850 dicimus,
1541 5790 1607 5842 ut
1632 5786 1806 5844 facile
1835 5785 1994 5862 apud

2112 4790 2457 4856 ταϐαλεῖσθε,
2490 4792 2644 4864 ὅμως
2687 4789 2747 4846 ού
2788 4791 2932 4868 παρὰ
2961 4795 3124 4848 τοῦτο
3175 4793 3228 4847 οἱ
3284 4793 3362 4854 είς
3399 4798 3562 4852 τοῦτο
3625 4797 3766 4868 ὑμᾶς

2111 4883 2404 4960 ἀγαγόντες
2484 4879 2867 4952 ἐλευθερωθεῖν
2924 4887 3024 4950 τῆς
3093 4881 3384 4957 τιμωρίας,
3462 4882 3607 4940 ἀλλὰ
3667 4885 3765 4960 βα-

2111 4973 2368 5027 στάσουσι
2398 4971 2486 5026 καὶ
2523 4971 2838 5027 ύποίσουσιν
2869 4969 2932 5025 τὸ
2960 4971 3270 5046 κατάκριμα
3316 4975 3502 5031 τοῦτο.
3560 4997 3585 5028 α
3620 4975 3766 5052 Ἐγὼ

2111 5059 2187 5126 δὲ,
2223 5059 2472 5134 ἀδελφοὶ,
2535 5059 2580 5115 εί
2638 5061 2943 5134 περιτομὴν
2999 5058 3076 5114 ἔτι
3137 5061 3414 5135 κηρύσσω.
3447 5083 3474 5114 ι
3540 5061 3762 5134 Ἐπειδή

2111 5147 2496 5223 λοιδοροῦντες
2528 5149 2687 5205 αὐτὸν
2721 5147 2936 5226 ἔλεγον,
2995 5153 3316 5226 ’Υποκριτής
3365 5150 3529 5218 ἐστιν,
3592 5150 3761 5208 ἀλλαο

2111 5246 2217 5318 χοῦ
2247 5239 2305 5297 δὲ
2335 5240 2396 5296 oii
2451 5261 2632 5318 φησιν,
2690 5240 2774 5296 δτι
2833 5237 3107 5315 διώκομαι
3156 5241 3260 5297 ὑπὸ
3317 5239 3616 5310 Ἰουδαίων,
3675 5243 3764 5298 καὶ

2109 5331 2264 5404 ὑμεῖς
2297 5329 2434 5386 ista.
2467 5329 2528 5384 hi
2561 5330 2653 5386 οῦν
2714 5330 3023 5405 περιτομήν
3081 5330 3363 5405 κηρύσσω,
3419 5332 3668 5406 περιττὸν
3703 5332 3766 5387 τὸ

2107 5417 2394 5474 διώκεσθαί
2428 5439 2514 5490 με.
2545 5417 2607 5473 Τί
2638 5417 2728 5472 οῦν
2762 5437 2776 5486 ;
2837 5417 2914 5476 Οὐ
2965 5417 3250 5493 περιέτεμε
3301 5418 3395 5474 τὸν
3453 5419 3763 5495 Τιμόθεον,

2107 5505 2281 5565 Ἀλλᾶ
2337 5512 2500 5565 τοῦτο
2563 5506 2657 5580 μέν
2716 5529 2888 5584 φαμεν
2950 5509 3087 5562 κατὰ
3143 5506 3488 5582 οἰκονομίαν,
3543 5508 3628 5564 ἱνα
3676 5509 3766 5565 εύ-

2104 5595 2440 5672 παραδεκτος
2469 5598 2686 5673 γένηται
2739 5595 3047 5659 Ἰουδαίοις.
3105 5599 3246 5672 Ὅρα
3300 5595 3380 5667 δὶ,
3439 5597 3539 5653 οὐκ
3589 5600 3740 5656 εἶπεν

2107 5688 2170 5745 Ei
2225 5689 2532 5764 περιτομην
2587 5688 2944 5764 εἰργασάμην,
3021 5686 3149 5744 ἀλλ’
3211 5688 3270 5745 Ei
3328 5689 3605 5764 κηρύσσω.
3668 5692 3755 5763 Μὴ

2106 5784 2233 5863 γὰρ,
2265 5783 2420 5865 φησὶ,
2453 5783 2516 5841 τὸ
2553 5784 2671 5841 κατ’
2724 5783 3038 5858 οἰκονομίαν
3076 5783 3384 5861 γενόμενον,
3443 5783 3521 5849 είς
3577 5781 3761 5862 δόγμα
