4098 6384
340 369 498 434 1153

1385 377 1792 439 COMMENT.
1841 373 1912 432 ΙΝ
1960 371 2208 432 EPIST.
2257 369 2313 430 ΙΙ
2360 367 2469 430 AD
2517 371 2799 432 GALAT.

3610 375 3767 438 ιιδι

334 495 536 578 λάϐῃς.
582 525 612 556 ιι
645 502 783 576 Ἀρα
837 517 1180 578 κατηογηται
1237 506 1300 562 τὸ
1359 503 1662 562 σκάνδαλον
1703 510 1800 563 τοῦ
1832 525 1998 564 σταυ-

2134 502 2342 562 ζιιάεοοε
2365 503 2784 575 susciperetur.
2815 502 2960 559 Vide
2977 509 3177 560 autem
3203 504 3362 576 quod
3385 523 3507 562 non
3539 506 3768 583 iixerit,

329 595 449 665 ροῦ.
513 614 540 641 ››
595 589 796 662 Ὀλως,
869 593 1056 669 φησὶν,
1121 593 1164 648 εἶ
1250 591 1331 650 δεῖ
1389 594 1826 671 περιτέμνεσθαι,
1910 594 1998 649 οιαὶ

330 686 496 736 τοῦτο
528 683 811 756 κηρύσσω,
857 683 1083 740 λέλυται
1130 689 1165 756 ἡ
1213 686 1522 761 φιλονε.κία
1569 693 1679 743 τῶν
1721 685 2000 746 Ἰουδαίων

342 769 379 837 ἡ
413 768 550 843 πρὸς
580 769 671 822 τὸν
707 772 956 846 σταυρὸν,
1012 772 1104 826 γαὶ
1165 773 1262 827 ούκ
1316 767 1393 828 ἔτι
1451 775 1592 830 ἐστ“ν
1642 774 1824 836 αὐτοῖς
1865 774 2002 846 πρὸς

338 856 502 912 αὐτὸν
540 857 719 932 psi/.1].
754 859 862 914 Νῦν
896 860 996 935 γάρ
1043 856 1131 914 διά
1174 865 1336 916 τοῦτο
1379 865 1459 933 τῷ
1514 866 1729 934 σταυρῷ
1761 859 2005 935 ἀπεχθά-

341 966 548 1010 νονται,
583 946 667 1002 ὅτι
729 946 847 1002 λύει
905 951 1213 1025 περιτομην
1273 951 1362 1005 καὶ
1419 951 1509 1007 τὸν
1557 951 1747 1026 νύμον.
1790 976 1814 1004 ι
1846 951 2006 1029 Ὂφε·

343 1032 442 1090 λον
471 1037 560 1090 καὶ
596 1035 1011 1111 ἀποκόψωνται,
1056 1063 1081 1090 ν
1116 1039 1244 1113 Περὶ
1301 1040 1452 1112 ὑμῶν
1513 1062 1604 1113 μοι
1668 1037 1846 1113 μέλει,
1879 1037 2003 1114 περὶ

343 1119 402 1178 δέ
435 1128 541 1178 τῶν
596 1123 1032 1182 ἀναστατοόντων
1097 1129 1261 1200 ὑμᾶς,
1324 1130 1397 1191 ὡς
1455 1129 1646 1185 ἀνίατα
1674 1129 2001 1198 νοσούντων,

342 1207 546 1269 οὖκὲτι.
592 1217 892 1290 τοιγαροῦν
958 1216 1032 1288 μή
1098 1217 1262 1290 μόνον
1319 1220 1843 1293 περιτεμνέσθωσαν,
1877 1215 2004 1273 ἀλλ’

339 1299 450 1358 εῗθε
495 1302 586 1357 καὶ
637 1296 959 1368 ἀποκόπους
1022 1305 1246 1368 ἑαυτοὺς
1303 1305 1583 1379 ἐποίησαν.
1617 1333 1645 1359 ι(
1679 1295 1936 1388 ’Ὄφελον
1976 1329 2004 1358 ››

341 1388 467 1448 Ε’ῗτε
498 1391 590 1446 καὶ
621 1391 808 1449 τέλεον
866 1393 1111 1468 ἐξέτεμον
1168 1396 1414 1466 ἑαυτοὺς,
1461 1395 1512 1452 οἳ
1559 1398 1658 1469 την
1705 1403 1806 1467 τῆς
1847 1417 2002 1472 περι-

339 1487 521 1554 τομῆς
558 1482 686 1556 ὑμῖν
717 1483 929 1553 ἀπάτην
963 1485 1380 1562 προσρέροντες.

2115 593 2172 650 Si
2207 593 2726 648 circumcisionem
2760 593 3015 658 exercui,
3059 594 3183 663 sed,
3217 595 3270 648 Si
3306 595 3585 666 praedico.
3643 599 3768 653 Non

2115 682 2274 738 enim
2306 681 2464 752 quod
2499 681 2956 753 dispensatorio.
2991 682 3206 753 inquit,
3231 682 3448 738 factum
3473 685 3643 740 estin
3668 685 3769 740 d0-

2114 779 2458 827 cumentum
2493 771 2770 842 accipias.
2806 771 3107 826 Abolitum
3132 779 3220 827 est
3245 773 3422 844 igitur
3442 775 3766 829 olTendicu-

2114 862 2238 917 lum
2270 862 2484 916 crucis.
2517 881 2541 909 ι
2582 861 2855 930 Omnino,
2889 860 3101 931 inquit,
3138 861 3183 915 si
3216 862 3559 918 circumcidi
3593 880 3768 934 opor-

2116 957 2217 1011 tet,
2252 958 2309 1005 et
2339 951 2449 1006 hoc
2479 949 2756 1020 prmdico,
2787 950 2982 1004 soluta
3004 957 3092 1004 est
3115 951 3764 1007 contentioJudazorum

2116 1058 2246 1112 quas
2277 1046 2404 1095 erat
2431 1039 2709 1096 adversus
2742 1055 3001 1107 crucem,
3039 1046 3097 1093 et
3146 1041 3273 1109 jam
3319 1041 3462 1110 ipsis
3513 1059 3630 1096 non
3683 1048 3771 1096 est

2115 1130 2394 1187 adversus
2424 1130 2590 1184 illam
2622 1145 2836 1198 pugna.
2873 1131 3035 1184 Nunc
3066 1129 3225 1184 enim
3267 1137 3579 1202 pr0pterea
3636 1149 3767 1187 cru-

2116 1235 2242 1275 cem
2272 1216 2711 1288 oderuut.quod
2733 1217 2921 1273 solvat
2941 1218 3457 1274 circumcisionem
3478 1237 3545 1275 ac
3561 1219 3768 1294 legem,

2117 1331 2146 1359 ι(
2183 1309 2414 1370 Utinam
2448 1315 2627 1364 etiam
2651 1305 3095 1362 abscindantur.
3120 1329 3146 1356 ››
3169 1307 3248 1364 De
3280 1308 3442 1364 vobis
3463 1309 3608 1365 mihi
3633 1326 3774 1365 cura

2117 1404 2226 1457 est.
2257 1396 2330 1452 de
2363 1397 2454 1453 his
2486 1403 2684 1452 autem
2717 1396 2818 1466 qui
2852 1411 2951 1451 vos
2983 1395 3362 1463 labefactant,
3383 1404 3668 1468 tanquam
3701 1397 3772 1455 de

2115 1487 2208 1544 his
2239 1487 2340 1558 qui
2374 1486 2789 1542 incurabiliter
2817 1491 3122 1555 aegrotant,
3183 1503 3303 1541 non
3347 1487 3623 1558 amplius.
3681 1488 3774 1543 llli

341 1571 542 1646 itaque
575 1591 697 1629 non
731 1575 924 1632 solum
954 1577 1478 1641 circumcidantur,
1513 1579 1618 1635 sed
1648 1578 1878 1635 utinam
1909 1578 2087 1634 etiam
2119 1579 2345 1650 seipsos
2382 1576 2807 1632 exsecuissent.
2846 1599 2871 1625 «
2906 1576 3159 1631 Utinam.
3187 1599 3212 1625 »
3249 1576 3508 1644 Utinam,
3559 1578 3777 1652 inquit,

343 1663 572 1736 seipsos
603 1671 1038 1738 amputassent,
1074 1668 1176 1739 qui
1209 1667 1372 1723 vobis
1403 1669 1875 1726 circumcisionis
1905 1669 2165 1726 afferunt
2195 1668 2574 1738 imposturas.

977 1769 1238 1822 ΚΕΦΑΛ.
1283 1765 1386 1821 ΙΑ“.

579 1851 896 1928 Ὑπογραφή
930 1859 1028 1923 τῆς
1059 1853 1193 1909 κατὰ
1225 1857 1436 1925 πνεῦμα
1465 1852 1793 1931 ἐλευθερίας·

417 1939 600 2014 Ὑμεῖς
674 1941 778 2017 γάρ
872 1941 954 1997 ἐπ’
1028 1941 1310 2019 ἐλευθερίᾳ
1383 1942 1676 2015 ἐκλήθητε,
1753 1941 2006 2026 ἀδελφοί.

351 2027 530 2086 Μόνον
595 2031 671 2102 μὴ
729 2031 830 2102 τήν
888 2029 1194 2107 ἐλευθερίαν
1252 2034 1327 2097 εἷς
1390 2035 1649 2111 ἀτορμήν
1705 2038 1774 2107 τῇ
1827 2033 2006 2109 σαρκῖ,

353 2114 497 2172 ἀλλά
564 2116 650 2173 διὰ
714 2126 814 2188 τῆς
905 2121 1121 2198 ἀγάπης
1191 2117 1482 2180 δουλεύετε
1577 2120 1874 2194 ἀλληλοις.
1944 2123 2005 2181 Ὀ

345 2205 447 2280 γάρ
514 2211 620 2270 πᾶς
683 2208 854 2281 νόμος
920 2207 972 2264 ἐν
1037 2210 1112 2264 ένί
1179 2207 1332 2287 λόγῳ
1398 2209 1734 2287 πληροῦται,
1804 2210 1855 2266 ἐν
1905 2215 2008 2284 τῷ,

348 2295 682 2368 Ἀγαπήσεις
749 2299 841 2354 τὸν
905 2298 1140 2370 πλησίον
1238 2305 1334 2356 σοῦ
1403 2300 1477 2364 ὡς
1547 2300 1756 2358 ἑαυτό-ι.
1823 2301 1882 2357 Εἰ
1953 2301 2009 2356 δὲ

346 2381 636 2454 ἀλλήλους
695 2383 913 2443 δάκνετε
970 2387 1061 2444 καὶ
1119 2389 1446 2460 κατεσθίετε,
1492 2389 1720 2466 βλέπετε
1777 2390 1854 2464 μή
1904 2389 2010 2446 ὑπὸ

349 2472 616 2544 ἀλλήλων
653 2473 993 2546 ἀναλωθῆτε.

421 2587 450 2613 ι(
484 2563 668 2634 Ὑμεῖς
696 2568 796 2641 γάρ
847 2565 930 2620 ἐπ’
978 2565 1278 2642 ἐλευθερίᾳ.
1314 2592 1344 2620 ››
1397 2568 1514 2626 Ούκ
1571 2565 1649 2625 ἔτι
1703 2570 1803 2645 γάρ
1853 2566 2010 2644 νόμῳ

353 2647 709 2726 δουλεύομεν.
744 2681 768 2706 υ
817 2655 909 2719 Εἷς
943 2657 1198 2732 ἀφορμὴν
1245 2662 1316 2733 τῇ
1367 2658 1544 2732 σαρκί.
1579 2684 1599 2708 ι·
1645 2656 1867 2728 Ἐπειδὴ
1903 2659 2012 2714 ἅνω

353 2742 442 2796 καὶ
475 2742 623 2797 κάτω
654 2742 960 2819 ἐλευθερίαν
993 2745 1173 2815 καλεῖ,
1215 2747 1305 2802 καὶ
1355 2747 1437 2802 ὅτι
1489 2746 1892 2823 ἀπηλλάγημεν
1925 2746 2015 2804 διὰ

357 2835 758 2899 X0t0105,.105
809 2834 1009 2908 νόμου,
1062 2830 1308 2913 ἐφοϐήθη
1369 2839 1445 2910 μή
1501 2839 1879 2909 ὑπονοήσωσιν
1932 2839 2015 2893 ὅτι

353 2919 523 2991 ἐλύθη
558 2923 585 2977 ὁ
621 2925 780 2997 ζυγὸς
810 2929 907 2979 τοῦ
958 2924 1152 2996 νόμου,
1209 2926 1298 2980 καὶ
1361 2926 1554 2983 λοιπὸι
1586 2924 1784 2997 ἔξεστιν
1819 2927 1852 2981 ἃ
1885 2928 2016 3003 βου-

356 3010 569 3083 λόμεθα
623 3013 898 3087 πράττειν.
959 3016 1133 3071 Τοῦτο
1193 3015 1285 3070 οὗν
1352 3012 1664 3090 διορθοῦται
1719 3017 1809 3072 καί
1860 3034 2012 3089 φησιθ

356 3105 450 3172 Mi;
484 3103 881 3178 ἀποχρήσησθε
937 3108 1005 3178 τῇ
1064 3103 1370 3180 ἐλευθερίᾳ,
1405 3104 1481 3168 εἰς
1521 3107 1582 3160 τὸ
1614 3102 1891 3161 δουλεύειν
1923 3107 2014 3162 καὶ

2764 1764 2995 1818 CAPUT
3035 1765 3123 1818 XI.

2225 1856 2566 1926 Subsc-riptio
2599 1856 2889 1922 libertatis,
2921 1870 3042 1924 quae
3072 1861 3150 1908 est
3170 1855 3345 1924 juxta
3380 1854 3663 1925 spiritum.

2188 1945 2252 2012 V,
2293 1947 2476 2000 13-15.
2508 1966 2535 1994 ‹‹
2565 1946 2674 2000 Vos
2706 1944 2866 1999 enim
2899 1944 2959 1996 in
2981 1943 3316 1998 libertatem
3347 1945 3535 1999 vocati
3561 1944 3772 2010 fuistis,

2124 2057 2142 2082 α
2180 2035 2650 2092 fratrestantum
2675 2051 2749 2090 ne
2773 2034 3110 2090 libertatem
3135 2034 3195 2096 in
3216 2034 3590 2096 occasionem
3613 2034 3775 2096 carni

2118 2145 2148 2176 «
2181 2123 2372 2182 detis:
2407 2122 2510 2180 sed
2544 2140 2648 2194 per
2678 2125 3028 2178 charitatem
3059 2123 3271 2179 servite
3304 2122 3467 2185 vobis
3502 2123 3778 2196 invicem,

2119 2233 2151 2266 α
2181 2215 2326 2268 Nam
2361 2220 2480 2269 tota
2513 2213 2606 2268 lex
2631 2214 2688 2267 in
2714 2230 2831 2268 uno
2853 2211 3029 2267 verbo
3055 2211 3357 2282 impletur,
3382 2228 3596 2282 nempe
3622 2212 3732 2267 hoc
3759 2229 3772 2267 :

2119 2325 2145 2351 ‹‹
2181 2301 2399 2366 Diliges
2431 2302 2766 2372 proximum
2802 2307 2967 2356 tuum
3004 2299 3158 2361 sicut
3193 2300 3466 2371 teipsum.
3527 2297 3696 2366 Quod
3725 2301 3774 2356 si

2118 2413 2146 2442 ‹‹
2180 2391 2332 2448 alius
2365 2391 2549 2446 alium
2580 2391 2839 2446 vicissim
2870 2388 3244 2451 mordetiset
3265 2387 3783 2456 devoratis,vide,te

2121 2505 2149 2535 ιι
2182 2500 2255 2538 ne
2285 2482 2539 2538 vicissim
2570 2482 2724 2538 alius
2748 2481 2820 2537 ab
2851 2482 2969 2538 alio
3003 2481 3527 2537 consummamini.

2193 2577 2332 2630 76]
2372 2599 2396 2622 ιτ
2436 2576 2548 2628 Vos
2577 2574 2737 2628 enim
2769 2574 2830 2628 in
2873 2573 3231 2627 libertatem.
3266 2594 3292 2622 ι)
3328 2571 3631 2644 Siquidem
3669 2587 3788 2629 non

2120 2665 2377 2736 amplius
2401 2663 2513 2737 legi
2537 2663 2878 2721 servimus.«
2899 2662 2965 2716 In
2981 2662 3354 2717 occasionem
3380 2661 3565 2717 carni.
3585 2683 3612 2711 ››
3633 2661 3789 2727 Quo-

2122 2756 2285 2810 niam
2308 2761 2367 2808 et
2395 2755 2457 2808 in
2491 2752 2966 2825 praecedentibus
2998 2759 3054 2807 et
3103 2751 3166 2806 in
3203 2752 3592 2822 sequentibus
3625 2758 3792 2807 vocat

2121 2845 2483 2900 libertatem.
2516 2850 2576 2898 et
2604 2843 2764 2913 quod
2797 2859 2900 2913 per
2930 2842 3227 2896 Christum
3257 2841 3488 2896 liberati
3516 2858 3721 2902 sumus
3757 2858 3792 2897 a

2123 2934 2249 3007 lege
2278 2950 2289 2986 :
2321 2933 2518 2987 timuit
2547 2949 2622 2987 ne
2655 2932 3062 2986 existimarent
3121 2930 3385 2985 solutum
3422 2946 3550 2986 esse
3575 2930 3788 3000 jugum

2124 3023 2291 3094 legis,
2324 3038 2391 3077 ac
2417 3022 2698 3092 deinceps
2723 3021 2900 3075 licere
2922 3035 3292 3090 quaecunque
3320 3018 3572 3074 velimus
3593 3035 3784 3091 agere.

2126 3113 2246 3167 Hoc
2268 3127 2404 3182 ergo
2428 3111 2688 3181 corrigit,
2711 3115 2768 3164 et
2790 3110 2899 3165 ait:
2925 3110 3005 3164 Ne
3028 3108 3357 3163 abutamini
3397 3107 3691 3169 libertate,
3726 3115 3793 3163 ut

355 3197 472 3256 ταῖς
518 3199 618 3262 τῆς
675 3192 872 3268 σαρκὸς
935 3192 1268 3267 ἐπιθυμίαις.
1337 3217 1362 3247 ιι
1403 3193 1578 3251 Ἀλλά
1631 3192 1720 3249 διὰ
1749 3201 1848 3264 τῆς
1881 3195 2014 3272 ἀγά-

2134 3201 2306 3255 etiam
2335 3199 2602 3253 servietis
2635 3199 2831 3254 carnis
2884 3197 3407 3268 concupiscentiis.
3461 3220 3488 3245 ‹‹
3524 3197 3637 3252 Sed
3687 3215 3792 3266 per

357 3303 484 3352 πης.
521 3306 548 3334 ››
609 3281 832 3352 Ἐπειδῆ
896 3282 1075 3339 ἀνεῖλε
1125 3284 1219 3338 τὸν
1282 3285 1438 3360 ζυγὸν
1478 3287 1575 3338 τοῦ
1604 3285 1798 3356 νόμου,
1830 3278 2010 3359 ἕτερον

356 3369 630 3444 ἐπιτίθησι
691 3372 784 3428 τὸν
841 3379 941 3442 τῆς
996 3372 1234 3448 ἀγάπης,
1298 3372 1532 3453 ἐλαφρόν
1566 3396 1623 3430 τε
1654 3375 1743 3429 καὶ
1788 3375 2018 3450 ἰσχυρό-

356 3480 508 3530 τερον
557 3459 785 3517 ἐκείνου.
847 3462 925 3518 Τὸ
987 3458 1065 3531 δέ,
1126 3459 1439 3531 Δουλεύετε,
1476 3460 1643 3532 δηλοῖ
1672 3462 1732 3517 τὸ
1765 3461 2017 3518 ἐπιτετα-

363 3551 521 3623 μένον
552 3556 654 3621 τῆς
715 3551 950 3625 ἀγάπης,
1017 3551 1216 3613 Καλῶς
1277 3549 1334 3606 δέ
1389 3553 1472 3618 τὸ,
1529 3550 1850 3623 Ἀλλήλοις.
1884 3551 2019 3609 Ἀπὸ

363 3639 665 3720 φιλαρχίας
713 3643 815 3716 γάρ
875 3642 1009 3712 ἦσαν
1072 3642 1261 3703 αὐτοῖς
1309 3642 1769 3713 εἷσκωμάσαντες,
1802 3643 1854 3696 οἱ
1885 3643 2020 3714 πρὸς

365 3730 465 3800 τήν
495 3733 799 3807 περιτομὴν
832 3731 1268 3793 ἀναστατοῦντες.
1323 3755 1351 3783 ιι
1384 3732 1446 3789 Ὀ
1497 3732 1596 3805 γάρ
1630 3736 1734 3793 πᾶς
1763 3732 1954 3803 νόμος.
1993 3756 2021 3783 υ

365 3819 431 3876 Ei
472 3818 642 3888 ὅλως,
675 3823 830 3899 φησί,
885 3821 1136 3898 πληροῦν
1187 3823 1370 3876 θέλετε
1398 3822 1488 3876 τὸν
1528 3823 1716 3893 νόμον,
1751 3823 1827 3894 μή
1861 3821 1911 3878 ἐν
1945 3827 2024 3894 τῷ

370 3905 808 3982 περιτέμνεσθαι,
865 3907 993 3967 ἀλλ’
1051 3909 1104 3964 ἐν
1160 3914 1238 3981 τῷ
1295 3911 1500 3986 ἀγαπᾷν
1539 3909 1847 3982 ἀλλήλους,
1876 3911 2023 3982 πληέ

371 4003 529 4076 ροῦτε
560 3999 738 4056 αὐτόν.
772 4025 798 4051 ιι
835 3999 899 4054 Εἰ
930 3997 988 4055 δὲ
1042 3996 1329 4071 ἀλλήλους
1387 3996 1626 4055 δάκνετε.
1661 4024 1690 4052 ››
1724 4000 1936 4056 Δάκνειν
1969 3997 2026 4056 δὲ

365 4088 460 4144 καὶ
517 4085 595 4143 ἔτι
655 4088 1108 4164 ἑπιτατικώτερον
1167 4089 1228 4144 τὸ
1286 4089 1582 4144 κατεσθίειν
1643 4088 1817 4165 λέγει,
1855 4093 1934 4162 τῷ
1959 4090 2025 4146 τά

367 4183 591 4236 τοιαῦτα
649 4176 898 4256 δόγματα
974 4174 1412 4254 παρεμϐάλλειν.
1473 4180 1550 4238 Οὐ
1603 4181 1703 4255 γάρ
1763 4185 2023 4236 τοσοῦτον

368 4273 529 4344 σῶμα
587 4267 887 4326 δαπανᾶται
945 4270 1388 4346 κατεσφιόμενον,
1449 4271 1576 4326 ὅσον
1618 4272 1772 4350 ψυχὴ
1815 4270 2030 4351 φθείρε-

368 4381 456 4417 ται
513 4357 573 4416 ἐκ
622 4365 729 4414 τῶν
788 4359 1060 4416 τοιούτων
1122 4356 1427 4434 δογμάτων.
1485 4385 1511 4411 (ι
1557 4360 1791 4417 Βλέπετε
1850 4361 1962 4417 οὗν.
1998 4386 2026 4414 ››

370 4455 672 4513 Πτοοῦντος
705 4447 762 4505 δὲ
790 4455 971 4508 τοῦτο,
1008 4473 1036 4502 ‹‹
1071 4451 1160 4518 Μὴ
1199 4449 1284 4504 ὑπ’
1317 4446 1584 4523 αλλήλων
1623 4449 1946 4520 ἀναλωθῆτε
1999 4475 2027 4503 ››

2127 3289 2498 3346 charitatem.
2534 3310 2562 3338 ››
2595 3288 2882 3353 Quoniam
2908 3288 3122 3358 jugum
3151 3286 3296 3358 legis
3327 3286 3592 3349 abstulit,
3627 3286 3791 3343 aliud

2127 3379 2401 3450 imponit,
2436 3393 2651 3448 nempe
2677 3377 3004 3443 charitatis,
3031 3376 3154 3432 leve
3175 3393 3241 3431 ac
3266 3375 3477 3431 fortius
3495 3375 3792 3441 illo.Quod

2130 3476 2326 3526 autem
2352 3469 2435 3522 ait
2462 3467 2701 3534 Servite,
2726 3466 3035 3522 charitatis
3063 3465 3458 3521 intentionem
3474 3465 3790 3537 signiﬁcat.

2131 3561 2201 3614 Et
2229 3564 2388 3613 recte
2426 3557 2597 3612 Vobis
2631 3557 2882 3612 invicem
2917 3574 2929 3612 :
2965 3573 3104 3611 nam
3137 3572 3206 3611 ex
3239 3555 3552 3615 ambitiosa
3577 3555 3797 3625 princi-

2133 3657 2304 3721 patus
2335 3649 2645 3706 affectione
2679 3647 3060 3719 impudenter
3089 3663 3218 3702 sese
3251 3646 3396 3716 ipsis
3420 3645 3794 3717 ingerebant,

2135 3738 2235 3810 qui
2268 3737 2343 3792 ad
2391 3737 2908 3792 circumcisionem
2960 3735 3358 3796 concitabant.
3416 3755 3445 3784 «
3479 3735 3622 3795 Nam
3677 3740 3800 3788 tota

2135 3831 2250 3886 lex.
2274 3853 2301 3880 η
2329 3830 2386 3884 Si
2409 3829 2672 3886 omnino.
2700 3828 2914 3900 inquit,
2940 3828 3132 3892 legem
3154 3826 3453 3896 complere
3471 3825 3797 3884 vultisnon

2136 3921 2198 3976 in
2231 3919 2342 3976 hoc
2373 3925 2436 3973 ut
2466 3916 3002 3982 circumcidamini,
3035 3915 3138 3976 sed
3167 3921 3235 3976 ut
3256 3915 3510 3974 invicem
3533 3913 3796 3986 diligatis

2136 4010 2327 4083 ipsam
2359 4009 2675 4080 complete.
2712 4032 2731 4056 ι
2765 4006 2931 4071 Quod
2990 4006 3038 4061 si
3087 4006 3240 4064 alius
3291 4005 3478 4060 alium
3531 4003 3796 4060 vicissim

2138 4099 2443 4156 mordetis.
2482 4121 2508 4147 »
2539 4097 2824 4164 Mordere,
2855 4095 3134 4167 quodque
3156 4095 3424 4166 asperius
3447 4100 3534 4149 est
3550 4091 3794 4150 devora-

2136 4208 2223 4256 re,
2257 4189 2402 4245 dicit
2433 4185 2774 4260 hujusmodi
2801 4193 3096 4258 praecepta
3125 4185 3278 4240 clam
3306 4184 3661 4240 immiscere.
3693 4185 3798 4239 Ne-

2141 4297 2258 4352 que
2289 4279 2447 4335 enim
2478 4279 2569 4334 his
2600 4277 2892 4350 dogmatis
2923 4292 3136 4348 corpus
3168 4279 3402 4330 tantum
3423 4275 3804 4329 consumitur

2141 4377 2431 4441 quantum
2464 4369 2664 4423 anima
2693 4367 3117 4438 corrumpitur,
3145 4385 3172 4415 «
3200 4363 3423 4419 Videte.
3453 4384 3477 4413 υ
3503 4361 3806 4418 Terrentis

2140 4458 2383 4514 verbum
2412 4463 2502 4512 est
2522 4458 2652 4512 hoc.
2683 4478 2712 4508 «
2743 4457 2826 4511 Ne
2857 4455 3114 4512 vicissim
3147 4454 3303 4509 alius
3329 4452 3401 4508 ab
3435 4452 3554 4508 alio
3586 4468 3805 4507 consu-

369 4541 435 4597 Ἠ
493 4542 596 4616 γὰρ
656 4540 864 4607 στάσις,
921 4539 1112 4614 φησὶν,
1171 4536 1334 4617 αὕτη,
1389 4538 1479 4592 καὶ
1539 4539 1679 4611 ὑμᾶς
1737 4532 1853 4614 ἔχει
1908 4539 2016 4594 τοῦ.

2147 4547 2416 4603 mamini.
2455 4568 2481 4594 η
2513 4548 2656 4601 Nam
2684 4545 2810 4600 haec
2841 4561 3078 4615 quoque
3111 4543 3406 4599 dissensio
3427 4541 3594 4596 vobis
3626 4542 3806 4596 etiam

372 4633 794 4691 ἀναστατοῦντας
851 4624 1221 4703 καταϐλάψαι.
1255 4626 1440 4702 ,Εἰκὸς
1494 4625 1552 4682 δὲ
1598 4627 1757 4682 αὐτὸν
1807 4630 1882 4701 μὴ
1922 4629 2022 4701 μό.

367 4745 458 4780 νον
492 4723 614 4792 περὶ
646 4726 754 4777 τῶν
785 4718 1069 4793 δογμάτων
1120 4722 1281 4774 τοῦτο
1343 4715 1566 4789 δηλοῦν,
1601 4717 1746 4774 ἀλλὰ
1794 4720 1882 4774 καὶ
1927 4721 2023 4796 ἀρ-

371 4817 586 4892 παγῶν,
619 4813 710 4868 καὶ
738 4809 1089 4882 πλεονεξιῶν,
1119 4809 1207 4866 καὶ
1242 4809 1440 4886 ἑτέρων
1474 4807 1720 4867 ἀδικιῶν.

447 4996 603 5073 Λέγω
662 4991 741 5066 δὶ,
799 4993 1067 5068 πνεύματι
1153 4995 1521 5058 περιπατεῖτε,
1589 4990 1680 5046 καὶ
1735 4989 2028 5065 ἐπιθυμίαν

375 5088 572 5162 σαρκὸς
640 5085 702 5142 οὗ
779 5086 856 5157 μὴ
930 5080 1210 5153 τελέσητε.
1285 5088 1346 5137 'tl
1411 5083 1514 5156 γάρ
1585 5081 1714 5155 σάρξ
1780 5079 2036 5154 ἐπ.θυμιῖ

373 5179 514 5235 κατά
584 5181 682 5233 τοῦ
756 5174 1082 5249 πνεύματος,
1158 5174 1223 5228 τὸ
1296 5168 1354 5228 δέ
1437 5175 1648 5245 πνεῦμα
1723 5174 1861 5228 κατα
1933 5181 2034 5244 τῆς

377 5267 594 5343 σαρκύς.
673 5270 851 5322 Ταῦτα
927 5261 984 5319 δὲ
1058 5262 1350 5318 ἀντίκειται
1425 5259 1722 5331 ἀλληλοις,
1787 5260 1879 5318 ’ίνα
1958 5266 2034 5337 μὴ

377 5357 413 5414 ’ἀ
488 5353 548 5412 ἅν
627 5355 826 5424 θελητε
898 5357 1068 5409 ταῦτα
1160 5356 1384 5407 ποιεῖτε.
1478 5350 1540 5407 Ei

381 5449 588 5523 ἄγεσθε,
649 5441 748 5502 οῦκ
805 5443 921 5499 ἐστε
1006 5442 1109 5498 ὑπὸ
1165 5441 1353 5511 νόμον.
1415 5440 1628 5514 Φανερά
1681 5439 1738 5495 δὲ
1795 5441 1906 5496 ἐστι
1972 5445 2038 5500 τά

379 5531 513 5613 ἔργα
567 5543 670 5606 τῆς
728 5534 946 5610 σαρκὸς,
1005 5531 1038 5588 ’ἁ
1095 5531 1216 5587 τινά
1276 5528 1412 5585 ἐστι’
1472 5534 1734 5605 Μοιχεῐα,
1793 5532 2034 5606 πορνεία,

380 5627 698 5706 ἀκαθαρσία,
800 5623 1080 5702 ἀσέλγεια,
1157 5618 1608 5699 εἴδωλολατριία,
1685 5627 2036 5701 φαρμακεῖαι,

383 5714 798 5799 ἰχθραι,ἰριις,
858 5712 1046 5789 ζῆλοι,
1107 5711 1296 5786 θυμοῖ,
1355 5710 1604 5787 ἆρίθιιαι,
1664 5708 2036 5792 διχοστασίαι,

1640 5349 1696 5406 δὲ
1771 5373 1837 5406 πν
1846 5353 2037 5427 εύματι

2136 4635 2572 4692 concitantibus
2585 4639 3217 4705 potestnocumentum
3231 4632 3463 4686 aﬂ‘erre.
3477 4628 3806 4682 Verisimile

2139 4732 2229 4781 est
2258 4733 2456 4780 autem
2485 4725 2680 4795 ipsum
2710 4739 2831 4777 non
2863 4723 2936 4778 de
2953 4722 3096 4776 solis
3127 4720 3420 4793 dogmatis
3444 4719 3554 4773 hoc
3581 4717 3807 4788 signiﬁ-

2139 4832 2293 4878 care,
2328 4829 2533 4868 verum
2566 4813 2746 4869 etiam
2775 4811 2849 4868 de
2881 4810 3110 4883 rapinis
3141 4816 3199 4867 et
3247 4806 3496 4865 avaritia
3547 4805 3804 4877 aliisque

2144 4904 2480 4974 injustitiis.

2215 4994 2280 5059 V,
2310 4995 2373 5048 16
2411 4995 2498 5047 2t.
2525 5015 2544 5042 ι
2573 4991 2712 5048 Dico
2729 4991 3170 5063 autem,spiritu
3192 4987 3808 5052 ambulate,etc0ncu-

2148 5105 2177 5135 ς(
2201 5083 2556 5154 piscentiam
2580 5081 2777 5137 carnis
2792 5097 2908 5136 non
2927 5080 3247 5152 perﬂcialis
3272 5079 3415 5133 Nam
3433 5093 3568 5132 caro
3587 5091 3814 5131 concu-

2150 5197 2178 5226 ι(
2205 5173 2383 5245 piscit
2408 5170 2690 5227 adversus
2706 5170 3004 5242 Spiritum,
3030 5169 3280 5240 spiritus.
3300 5173 3501 5224 autem
3531 5165 3811 5222 adversus

2155 5288 2175 5316 ι
2205 5280 2445 5319 carnem
2494 5263 2624 5316 Haec
2646 5268 2844 5316 autem
2877 5260 3035 5314 inter
3065 5275 3127 5314 se
3157 5265 3360 5314 mutuo
3401 5257 3810 5313 adversantur,

2151 5377 2177 5405 α
2209 5359 2274 5408 ut
2296 5371 2413 5408 non
2439 5366 2810 5423 quaecunque
2834 5349 3372 5414 vnlueritis,eadem
3385 5342 3812 5410 faciatisQuod

2151 5468 2179 5497 α
2213 5446 2260 5501 si
2285 5444 2495 5516 spiritu
2518 5443 2829 5511 ducimini,
2865 5457 2985 5496 non
3007 5441 3149 5496 estis
3167 5441 3275 5497 sub
3301 5441 3443 5513 lege.
3469 5440 3649 5492 Porro
3683 5450 3809 5489 ma-

2149 5557 2178 5587 (ι
2203 5536 2418 5590 nifesta
2439 5538 2580 5588 sunt
2607 5548 2788 5604 opera
2809 5529 3026 5590 carnis.
3062 5547 3194 5602 quae
3253 5535 3393 5585 sunt
3424 5523 3808 5590 adulterium,

2150 5649 2178 5676 ‹‹
2203 5622 2502 5690 scortatio,
2537 5620 2937 5688 immunditia,
2965 5619 3228 5686 lascivia,
3253 5615 3611 5683 idololatria,
3632 5627 3813 5667 vene-

2153 5736 2182 5766 α
2221 5712 2443 5784 ficium,
2467 5710 2822 5779 inimicitia,
2846 5709 2943 5778 iis,
2968 5707 3403 5775 mmulationes,
3427 5705 3551 5770 iraa,
3573 5715 3814 5759 concer-
