4098 6390
341 390 497 451 1155

1497 382 1740 444 CECUM
1756 383 1846 439 iiN
1864 380 1909 437 ll
1954 373 2257 436 TBlC-‘JzE
2302 375 2651 435 EPISCOPI

3607 379 3768 442 1156

346 543 374 573 ι‹
405 523 680 586 tationes,
705 519 1048 582 seditiones.
1085 522 1280 582 sectas,
1308 516 1568 583 invidim,
1591 513 1971 577 caedes,ebrie

2114 507 2365 582 αἱρέσεις,
2427 508 2639 586 φθόνοι,
2698 508 2878 585 φόνοι,
2933 509 3111 582 μέθαι,
3143 505 3348 583 κῶμοι,
3379 512 3470 566 καὶ
3500 513 3566 566 τὰ
3597 511 3768 585 ὅμοια

343 635 369 660 ‹‹
399 619 568 679 tates,
593 610 1021 674 cavillationes,
1057 616 1114 663 et
1134 607 1227 663 his
1251 608 1503 662 similia:
1532 605 1603 662 de
1623 604 1836 677 quibus
1855 619 2000 675 prte-

348 701 529 756 «dico
565 700 747 758 vobis.
784 698 1286 770 quemadmodum
1323 703 1380 752 et
1412 695 1680 767 praedixi.
1709 692 1867 764 quod
1892 691 1994 762 qui

341 814 368 841 ‹‹
405 792 545 846 talia
570 797 770 863 agunt,
807 791 970 861 regni
1007 790 1104 844 Dei
1143 789 1410 843 hmredes
1441 805 1560 842 non
1594 791 1766 842 erunt
1800 806 1847 838 ››.

412 883 563 938 σθαι
591 908 614 932 ‹‹
643 882 863 953 Spiritu
887 880 1208 935 ambulate.
1238 903 1264 927 ››
1286 880 1455 934 Juxta
1479 875 1998 950 spiritum,inquit,

341 978 483 1026 etea
507 989 636 1042 qua:
664 971 899 1042 spiritui
928 971 1163 1040 placent
1183 969 1374 1040 degite
1399 986 1465 1023 ac
1493 968 1686 1030 vivite,
1723 973 1779 1020 et
1802 963 1999 1020 carnis

341 1061 885 1131 concupiscentiam
915 1076 1291 1129 nequaquam
1312 1057 1616 1128 expleatis.
1642 1078 1668 1106 »
1697 1058 1838 1110 Nam
1863 1069 1998 1108 caro

343 1149 710 1218 concupiscit
735 1147 1015 1202 adversus
1047 1148 1340 1218 spiritum.
1380 1169 1404 1185 η
1435 1147 1684 1202 Carnem
1730 1145 1839 1198 llOC
1870 1142 1998 1196 loco

343 1237 490 1292 dicit
520 1238 788 1292 carnales
822 1242 879 1292 et
909 1254 1114 1308 pravas
1137 1236 1690 1308 concupiscrntias:
1723 1233 1998 1305 spiritum

339 1343 495 1392 vero,
524 1327 774 1398 Spiritus
798 1327 986 1381 sancti
1007 1325 1258 1398 gratiam
1285 1341 1415 1396 qum
1446 1342 1552 1396 per
1575 1326 1850 1379 virtutem
1885 1327 1996 1388 est,

342 1415 543 1470 etait:
588 1415 800 1470 Vitium
858 1414 1098 1485 quidem
1156 1415 1354 1469 virtuti
1399 1414 1766 1478 adversatur,
1817 1412 1999 1466 virtus

341 1520 476 1559 vero
509 1521 745 1560 rursum
777 1505 1122 1560 adversatur
1150 1505 1312 1567 vitio,
1344 1504 1594 1576 fungens
1634 1503 1756 1557 vice
1790 1501 1998 1571 cujus-

340 1594 474 1649 dam
502 1593 825 1666 paedagogi,
850 1611 957 1648 ncc
982 1593 1183 1648 sinens
1211 1593 1509 1662 nosjuxta
1532 1609 1736 1664 pravas
1768 1597 2001 1646 nostras

339 1683 854 1753 concupiscentias
878 1682 1177 1738 incedere.
1201 1715 1269 1724 —-
1291 1682 1420 1738 Alio
1443 1684 1624 1737 modo.
1646 1681 2004 1736 Adversatur

343 1772 526 1825 virtus
563 1772 725 1830 vitio.
760 1789 836 1826 ne
870 1772 1141 1826 irritante
1190 1773 1328 1826 vitio
1382 1772 1657 1842 protinus
1713 1770 2004 1826 dissoluta

340 1862 627 1930 frenoque
649 1878 859 1916 carens
883 1879 900 1910 ι
919 1861 1156 1916 oluntas
1179 1861 1906 1931 carnalisprmcipitanter
1922 1858 1996 1913 ad

341 1949 548 2004 vitium
581 1949 822 2004 feratur.
861 1951 1115 2006 Rursum
1148 1949 1491 2005 adversatur
1520 1949 1718 2004 virtuti
1767 1949 1997 2014 vitium,

341 2054 416 2092 ne
448 2038 681 2093 virtutis
723 2038 890 2092 labor
919 2039 1112 2094 facilis
1145 2039 1388 2093 omnino
1423 2040 1505 2098 ﬁt.
1536 2045 1593 2092 et
1616 2037 2002 2094 mercedeca—

341 2133 485 2190 reat,
521 2144 588 2182 ac
620 2128 779 2182 velut
805 2144 871 2182 ex
907 2135 1120 2183 natura
1151 2134 1206 2183 et
1238 2129 1590 2184 necessitate
1622 2135 2000 2194 consecutus,

341 2222 399 2271 et
432 2224 712 2288 tanquam
744 2218 870 2272 sola
897 2219 1253 2290 cogitatione
1286 2219 1413 2273 sine
1445 2219 1610 2273 omni
1645 2217 1840 2274 studio
1901 2214 2005 2272 aut

336 2308 660 2362 certamine
687 2308 746 2362 in
769 2325 914 2378 opus
929 2306 1380 2378 deductus.lpse
1400 2315 1596 2362 autem
1621 2307 2002 2362 breviterboc

342 2396 458 2450 ait:
486 2421 510 2445 «ι
532 2396 602 2452 Ut
622 2413 742 2450 non
768 2413 1138 2466 quaecunque
1163 2397 1464 2451 volueritis
1489 2396 1693 2452 eadem
1715 2396 2001 2451 faciatiszn

344 2501 536 2555 neque
570 2485 746 2549 mala,
776 2486 989 2555 inquit,
1011 2487 1181 2540 facile
1210 2492 1268 2540 et
1293 2487 1458 2540 nullo
1483 2486 1867 2556 prohibente:
1899 2501 2004 2538 ne-

343 2589 458 2644 que
490 2573 646 2628 bona
675 2574 849 2628 facile
882 2580 937 2627 et
969 2576 1212 2628 omnino
1256 2575 1660 2647 negligenter:
1694 2575 1836 2628 Nam
1872 2589 2004 2643 qum

345 2664 429 2716 ita
463 2662 629 2722 fiunt.
661 2678 736 2717 ne
767 2661 924 2717 bona
956 2662 1199 2732 quidem
1235 2679 1362 2717 esse
1397 2669 1659 2734 possent.
1699 2686 1716 2707 ι
1756 2661 1922 2726 Quod
1955 2661 2004 2715 si

348 2752 559 2822 spiritu
593 2751 904 2806 ducimiui.
943 2775 969 2799 ››
1004 2753 1081 2813 Si.
1144 2753 1356 2822 inquit.
1409 2753 1582 2823 juxta
1639 2751 2002 2805 voluntatem

349 2841 535 2896 sancti
570 2840 823 2911 Spiritus
854 2841 1194 2900 ambulatis.
1233 2859 1348 2895 non
1375 2841 1783 2905 errabitis.Qui
1809 2849 2007 2894 autem

348 2932 406 2984 in
440 2929 602 2984 nullo
638 2930 874 2988 labitur.
909 2949 1026 2985 non
1060 2938 1191 3003 eget
1219 2931 1342 3000 lege
1376 2939 1478 2985 aut
1504 2930 1754 2985 consilio
1788 2929 1944 3000 quod
1975 2945 2009 2984 a

347 3019 476 3092 lege
509 3027 762 3091 petatur.
797 3021 900 3074 Cui
934 3037 1068 3074 vero
1097 3020 1222 3092 lege
1247 3037 1364 3074 non
1391 3027 1875 3090 estopus,neque
1899 3019 2006 3074 sub

354 3110 483 3180 lege
515 3114 643 3163 est:
678 3108 833 3179 quod
866 3109 1042 3164 etiam
1077 3109 1217 3163 alibi
1252 3109 1415 3164 dicit.
1445 3110 1609 3163 Justo
1642 3125 1761 3163 non
1796 3114 1885 3163 est
1913 3108 2008 3163 lex

347 3199 561 3269 posita.
596 3222 621 3248 «
641 3200 822 3252 Porro
846 3200 1164 3254 manifesta
1183 3204 1338 3253 sunt.
1366 3220 1389 3244 »
1415 3201 1718 3270 Tanquam
1743 3197 2001 3253 diceret:

2105 597 2344 660 τούτοις.
2380 600 2449 654 ’Ἀ
2475 595 2730 674 προλέγω
2764 597 2918 672 ὖμῖν,
2952 601 3133 664 καθὼς
3165 602 3253 657 καί
3291 606 3577 676 προεῖπον,
3611 603 3691 658 ὅτι
3715 604 3768 658 οἱ

2107 687 2174 741 τὰ
2202 692 2428 743 τοιαῦτα
2462 688 2814 762 πράσσοντες,
2851 689 3136 764 βασιλείαν
3206 696 3341 748 Θεοῦ
3391 692 3453 748 οὐ
3500 690 3771 766 κληρονο-

2115 779 2401 849 μησουσιν.

2184 891 2210 916 ‹‹
2248 867 2520 940 [Ινεύματι
2578 874 2945 942 περιπατεῖτε.
3010 894 3037 922 ι)
3106 873 3258 927 Κατᾶ
3309 876 3544 944 πνεῦμα,
3609 872 3772 948 φησὶ,

2109 957 2297 1010 καὶτὰ
2332 958 2480 1027 αὐτῷ
2512 955 2778 1013 δοκοῦντα
2839 958 3051 1036 διάγετε
3108 960 3197 1015 καὶ
3259 963 3466 1037 βιοῦτε,
3524 962 3611 1016 καῖ
3672 963 3776 1017 οὐκ

2111 1043 2171 1100 ἄν
2233 1044 2575 1120 πληρώσητε
2634 1049 2831 1121 σαρκὸς
2887 1048 3203 1122 ἐπιθυμίαν.
3268 1075 3295 1102 ‹‹
3354 1052 3416 1107 ἸΙ
3481 1052 3585 1128 γὰρ
3646 1050 3774 1125 σὰρξ

2107 1132 2366 1197 ἐπιθυμεῖ
2391 1137 2528 1189 κατᾶ
2556 1141 2652 1190 τοῦ
2683 1139 3011 1210 πνεύματος.
3049 1163 3076 1190 ››
3137 1141 3316 1213 Σάρκα
3375 1139 3619 1207 ἐντκῦθτ,
3677 1139 3773 1202 τὰς

2110 1226 2370 1297 σαρκικίις
2403 1225 2491 1279 καὶ
2533 1227 2776 1301 πονηρὰς
2829 1227 3121 1300 ἐπιθυμίας
3183 1227 3355 1303 λέγει.
3420 1232 3636 1301 [Ινεῦμα
3695 1225 3772 1296 δὲ,

2107 1314 2208 1382 τήν
2239 1313 2326 1368 ἐπὶ
2359 1317 2426 1388 τῇ
2458 1314 2623 1388 ἀρετῇ
2671 1315 2836 1394 χάριν
2893 1322 2989 1372 τοῦ
3049 1318 3203 1394 ἁγίου
3264 1317 3603 1390 ΙΙνεύματος.
3665 1317 3773 1374 Καί

2113 1423 2299 1478 φησιν.
2333 1403 2393 1460 Ἦ
2423 1404 2521 1476 μὲν
2551 1405 2714 1460 κακία
2745 1403 3044 1460 ἀντίκειται
3071 1410 3139 1480 τῇ
3183 1406 3372 1482 ἀρετῇ,
3404 1409 3438 1476 ἡ
3497 1408 3554 1462 ὂὶ
3610 1407 3773 1482 ἁρετὴ

2110 1490 2660 1560 πάλιν,ἐναντιοῦται
2700 1499 2768 1569 τῇ
2826 1495 3012 1566 κακίᾳ,
3070 1493 3428 1574 παιδαγωγοῦ
3476 1516 3623 1559 τινος
3676 1498 3772 1551 τά·

2114 1583 2192 1654 ειν
2221 1580 2629 1654 ἀναπληροῦσα,
2664 1583 2755 1638 καὶ
2793 1585 2869 1656 μὴ
2904 1583 3046 1640 ἐῶσα
3103 1587 3252 1657 ἡμᾶς
3287 1585 3422 1641 κατᾶ
3478 1589 3573 1647 τὰς
3628 1585 3768 1666 φαύ-

2115 1667 2215 1731 λας
2275 1669 2565 1744 ἐπιθυμίας
2610 1673 2955 1748 πορεύεσθαι.
3019 1709 3083 1718 -
3137 1675 3388 1737 ”Αλλως.
3450 1675 3773 1732 Ἀντίκειται

2113 1764 2148 1830 ἡ
2183 1763 2348 1835 ἀρετὴ
2380 1767 2446 1836 τῇ
2480 1764 2663 1836 κακίᾳ,
2722 1766 2812 1819 ἳνα
2869 1767 2967 1838 μή,
3021 1771 3123 1836 τῆς
3181 1768 3374 1829 κακίας
3434 1767 3774 1842 ἐρεθισάσης,

2117 1851 2315 1915 εὐθέως
2365 1853 2546 1927 ὥσπερ
2603 1854 2880 1911 ἀπόλυτον
2931 1857 3023 1910 καὶ
3081 1856 3430 1931 ἀχαλίνωτον
3501 1855 3588 1912 ἐπὶ
3643 1877 3778 1932 πρα-

2114 1944 2239 2003 νοῦς
2272 1942 2499 2019 φέρηται
2540 1944 2603 1998 τὸ
2661 1945 2915 2019 σαρκικὸν
2969 1945 3187 2018 θέλημα
3244 1948 3384 2022 πρὸς
3449 1947 3547 2015 'tiv
3598 1949 3780 2023 ἆμαρ-

2112 2029 2252 2088 τίαν.
2291 2029 2461 2086 Πάλιν
2505 2031 2800 2089 ἀντίκειται
2849 2037 2917 2108 τῇ
2979 2035 3144 2108 ἀρετῇ
3203 2037 3238 2105 ἡ
3300 2035 3483 2106 κακία,
3541 2033 3634 2090 ’ἶνα
3693 2036 3771 2109 μὴ

2110 2126 2212 2189 τῆς
2241 2121 2502 2192 ἀρετῆςὴ
2564 2121 2785 2198 ἐργασία
2840 2123 3231 2200 ἀταλαιπωρος
3288 2125 3463 2196 πάντη
3497 2126 3586 2181 καὶ
3643 2125 3772 2200 ἅμι·

2115 2212 2238 2271 σθος
2269 2208 2377 2279 ε”η,
2408 2211 2498 2265 καὶ
2531 2213 2646 2267 οἷον
2710 2212 2770 2267 ἐκ
2830 2213 3041 2288 φύσεως
3097 2215 3188 2269 καὶ
3239 2214 3289 2285 ἐξ
3347 2215 3586 2288 ἀνάγκης
3639 2218 3775 2289 ἡμῖν

2115 2298 2644 2377 συγκεκληρωμὲνη.
2679 2303 2768 2357 καὶ
2803 2303 2878 2367 ὠς
2913 2304 3065 2376 μόνῳ
3095 2307 3174 2375 τῷ
3215 2301 3584 2375 διανοηθῆναι
3642 2323 3772 2359 κατο

2115 2391 2444 2464 ορθτ·υμένη,
2504 2392 2683 2462 Χωρῗς
2747 2389 2997 2459 σπουδῆς
3088 2394 3302 2465 ἀπάσης
3360 2395 3448 2448 καὶ
3539 2394 3775 2469 ἀγωνίσ-

2120 2499 2309 2551 ματος.
2374 2479 2548 2542 Αὐτὸς
2608 2479 2664 2535 εὶ
2722 2482 3004 2556 συντόμως
3055 2481 3188 2537 αὐτό
3239 2503 3421 2561 φησιν·
3455 2509 3482 2536 ‹‹
3522 2484 3633 2540 Ἳνα
3697 2485 3772 2557 μή

2117 2561 2252 2622 ἅπερ
2303 2568 2364 2622 ἂν
2419 2567 2634 2639 θέλητε,
2688 2575 2856 2625 ταῦτα
2912 2578 3131 2640 ποιῆτε,
3203 2598 3224 2625 ι
3294 2576 3433 2646 μήτε
3488 2573 3556 2628 τὰ
3613 2573 3774 2642 κακὰ,

2118 2656 2304 2727 φησίν,
2402 2657 2644 2734 εὐχερῶς
2725 2659 2871 2721 ὅλως
2927 2661 3019 2715 καῖ
3105 2661 3428 2731 ἀκωλύτως,
3497 2666 3636 2735 μήτε
3710 2661 3779 2718 τὰ

2162 2747 2173 2761 ι
2317 2747 2328 2757 ⁵
2453 2748 2466 2762 ε
2577 2745 2590 2766 τ
2639 2746 2684 2766 λυ
2916 2749 2926 2765 Ι
3191 2751 3205 2768 \
3443 2755 3454 2772 ν
3751 2753 3766 2770 \

2116 2767 2218 2820 γαρ
2306 2749 2476 2821 αγαθα
2563 2767 2766 2821 ραοιως
2854 2771 3030 2820 παντη
3117 2773 3206 2806 και
3287 2749 3598 2826 όλιγωρως.
3696 2755 3778 2810 Ta

2121 2833 2264 2888 οὕτω
2296 2835 2665 2910 πραττόμενα,
2695 2835 2815 2892 οὐδ’
2847 2839 3022 2914 ἀγαθᾶ
3053 2841 3112 2893 ἂν
3173 2841 3258 2910 εἴη
3341 2867 3367 2892 ‹‹
3408 2841 3469 2898 El
3528 2839 3584 2896 δὶ
3624 2840 3779 2894 πνεύ-

2123 2946 2252 2996 ματι
2284 2928 2495 3002 αγεσοε.
2536 2952 2562 2976 ››
2617 2927 2681 2983 Εἰ
2741 2931 2878 2982 κατὰ
2899 2931 3000 2997 την
3035 2927 3267 3004 βουλὴν,
3313 2934 3469 3009 φησί,
3499 2937 3596 2986 τοῦ
3620 2931 3778 3008 ἁγίου

2120 3015 2438 3087 Πνεύματος
2471 3023 2835 3091 περιπατεῖτε,
2906 3019 2974 3073 οὐ
3040 3019 3404 3099 σφαλτςσεσθε.
3461 3022 3522 3078 ὐ
3581 3020 3638 3076 δε
3699 3023 3774 3094 μὴ

2119 3105 2326 3158 πταίων
2361 3099 2412 3158 ἔν
2443 3126 2568 3175 τινι,
2603 3105 2664 3159 ού
2708 3107 2904 3180 χρῄζει
2946 3112 3042 3162 τοῦ
3099 3110 3272 3181 νόμου
3327 3109 3416 3164 καὶ
3470 3116 3572 3180 τῆς
3603 3109 3776 3164 ἐντεῦο

2119 3194 2204 3246 θεν
2237 3188 2581 3266 συμϐουλῆς.
2615 3199 2669 3248 ‘0
2703 3192 2759 3249 δὲ
2789 3216 2853 3272 γε
2890 3197 2965 3268 μὴ
3001 3197 3252 3274 χρῄζων,
3287 3197 3410 3254 οὕτε
3470 3199 3556 3254 ὑπ’
3615 3198 3776 3253 αὐτόν

347 3293 427 3341 Ex
456 3286 603 3358 ipsis
642 3286 930 3342 fructibus
962 3287 1330 3358 cognoscetis
1389 3304 1629 3358 pravam
1678 3293 1736 3341 et
1783 3286 1999 3341 malam

2117 3279 2276 3352 ἐστιν,
2314 3280 2444 3354 ὅπερ
2479 3283 2565 3337 καὶ
2597 3281 2854 3357 ἀλλαχοῦ
2883 3305 3039 3362 φησι,
3073 3287 3278 3358 Δικαίῳ
3328 3287 3500 3360 νόμος
3557 3286 3617 3341 οὗ
3661 3291 3774 3342 κεῖο

347 3375 878 3430 conversationem.
905 3377 1160 3430 Rursum
1186 3383 1385 3432 autem
1407 3377 1612 3431 Carnis
1625 3375 1865 3438 dicit,id
1893 3381 2000 3443 est,

343 3469 636 3534 corruptas
666 3464 1064 3536 cogitationis.
1099 3472 1157 3520 et
1185 3471 1442 3519 terrenae
1473 3482 1540 3520 ac
1571 3465 1828 3520 carnalis
1849 3465 2001 3522 vitas.

343 3575 369 3601 ι(
400 3553 590 3623 Opera
612 3553 832 3607 carnis.
865 3576 891 3602 »
914 3555 1288 3608 Manifestum
1315 3561 1556 3628 estergo
1577 3553 1734 3624 quod
1749 3553 2000 3609 Carnem

342 3641 500 3696 dicat
531 3642 829 3697 carnalem
853 3658 1117 3707 sensum,
1141 3643 1251 3698 hoc
1270 3650 1378 3710 est,
1406 3643 1859 3699 inclinationem
1882 3642 2004 3696 ani-

342 3747 453 3784 mae
485 3729 559 3784 ad
592 3730 910 3796 deteriora,
968 3733 1243 3803 spiritum
1294 3750 1427 3787 vero
1477 3733 1676 3787 datam
1725 3732 1996 3802 gratiam.

343 3841 372 3868 ‹‹
407 3819 815 3882 lmmunditia.
849 3822 1104 3877 lascivia.
1146 3846 1172 3869 n
1215 3822 1662 3876 Immunditiam
1711 3838 1777 3877 ac
1821 3821 1998 3876 lasci-

341 3909 490 3964 viam
515 3909 662 3965 dicit
687 3919 886 3982 turpes
909 3913 1098 3984 stupri
1131 3911 1355 3966 modos.
1387 3912 1815 3978 «Inimicitiae,»
1842 3911 1999 3982 inju-

339 4005 443 4052 staa
484 3998 777 4054 videlicet.
827 4001 969 4054 Nam
1005 4007 1144 4054 sunt
1175 4001 1432 4072 etjusta:
1467 4001 1817 4058 inimicitias.
1868 4015 1998 4070 qum

335 4093 572 4156 propter
610 4085 789 4141 fidem
821 4095 1158 4141 sumuntur.
1197 4088 1252 4141 Si
1285 4088 1570 4159 possibile
1615 4093 1726 4152 est,
1779 4086 1997 4156 inquit,

335 4179 627 4243 quantum
655 4190 725 4228 ex
747 4174 910 4228 vobis
935 4183 1044 4242 est,
1073 4193 1207 4230 cum
1232 4177 1509 4231 omnibus
1527 4177 1588 4230 in
1615 4191 1758 4246 pace
1791 4175 1995 4228 vivite:

336 4263 420 4316 ita
449 4268 515 4316 ut
538 4263 924 4318 manifestum
951 4265 1028 4318 sit
1056 4264 1361 4319 interdum
1392 4282 1513 4319 non
1537 4281 1668 4318 esse
1691 4262 1994 4334 possibile.

342 4375 368 4400 (ι
403 4351 848 4407 Emulationes.
890 4375 916 4400 η
937 4353 1139 4422 Neque
1159 4354 1316 4408 enim
1341 4360 1574 4426 oportet
1593 4352 1861 4408 aemulari
1881 4352 1998 4406 sive

341 4439 739 4502 invidere,sed
761 4439 1018 4512 gaudere
1036 4457 1171 4496 cum
1193 4441 1588 4513 gaudentibus
1613 4447 1672 4497 et
1694 4442 1837 4497 flere
1863 4458 1997 4496 cum

340 4527 642 4584 ﬂentibus.
682 4551 708 4578 «
730 4530 1234 4586 Concertationes.
1259 4555 1288 4580 ››
1311 4532 1429 4586 Hoc
1454 4539 1562 4597 est,
1583 4532 1996 4587 contentiones

2111 3391 2222 3428 ται.
2256 3396 2283 3421 ‹‹
2321 3372 2538 3442 Φανερὰ
2571 3368 2628 3426 δὲ
2667 3370 2799 3426 ἐστι.
2839 3398 2859 3426 ι
2897 3373 3035 3427 Ὠσεί
3068 3370 3274 3448 ἕλεγεψ
3308 3376 3394 3445 Ἐξ
3428 3374 3605 3430 αὐτῶν
3661 3379 3770 3430 τῶν

2109 3465 2332 3536 καρπῶν
2385 3460 2750 3536 ἐπιγνώσεσθε
2802 3464 2902 3531 τήν
2958 3465 3201 3540 πονηρὰν
3258 3465 3349 3520 καὶ
3392 3464 3607 3539 φαύλην
3665 3471 3770 3521 πὸ-

2111 3547 2336 3607 λιτείαν.
2375 3552 2582 3625 Σαρκὸς
2616 3547 2671 3606 δὲ
2735 3551 2899 3606 πάλιν
2959 3551 3125 3626 λέγει,
3165 3557 3262 3608 τοῦ
3317 3555 3770 3629 διαφθειρομένου

2111 3637 2388 3715 λογισμοῦ
2419 3639 2508 3694 καὶ
2540 3647 2640 3709 τῆς
2672 3637 2918 3716 γεώδους
2950 3641 3039 3696 καὶ
3102 3650 3364 3717 σαρκικῆς
3398 3649 3565 3714 ζωῆς.
3623 3668 3644 3696 ι
3686 3643 3769 3700 Τὰ

2107 3726 2234 3804 ἔργα
2266 3738 2364 3796 τῆς
2397 3729 2616 3804 σαρκός.
2656 3753 2685 3781 ιι
2720 3727 2898 3798 Δῆλον
2934 3730 3119 3786 τοίνυν
3154 3732 3230 3793 ὡς
3275 3733 3465 3807 σάρκα,
3525 3734 3588 3787 τὸ
3646 3753 3773 3808 σαρ-

2105 3819 2258 3872 κικὸν
2289 3819 2547 3896 φρόνημα
2586 3817 2767 3885 καλεῖ,
2823 3819 3099 3885 τουτέστι,
3159 3827 3258 3890 τῆς
3310 3825 3496 3900 ψυχῆς
3551 3823 3652 3891 'riv
3685 3820 3772 3877 ἐπι

2103 3909 2170 3962 τὲι
2198 3906 2372 3982 χείρω
2430 3907 2626 3980 ῥοπὴν,
2686 3911 2900 3980 πνεῦμα
2951 3907 3007 3964 δὲ
3064 3911 3164 3978 τήν
3226 3906 3526 3984 δεδομένην
3585 3910 3769 3986 χάριν,

2105 4022 2134 4051 α
2187 3997 2542 4071 ’Δκαθορσία,
2594 3996 2872 4072 ἀσέλγεια.
2934 4023 2962 4050 ››
3022 4000 3382 4073 Ἀκαθαρσίαν
3439 4001 3528 4056 καί
3610 4000 3777 4059 ἀσελ-

2103 4106 2249 4162 γειαν
2283 4086 2437 4165 φησὶ,
2469 4085 2710 4155 τρόπους
2743 4086 3016 4162 αἰσχροὺς
3076 4089 3352 4161 πορνείας.
3391 4115 3411 4141 ι
3447 4091 3705 4164 Ἒχθραι.
3741 4111 3770 4141 ››

2104 4178 2172 4234 Αἱ
2204 4173 2404 4231 ἁδικοι.
2440 4175 2558 4230 Εἰσὶ
2586 4175 2689 4251 γὰρ
2737 4177 2827 4231 καὶ
2884 4175 3090 4232 δίκαιαι
3150 4173 3368 4255 ἔχθραι,
3418 4180 3474 4233 αἱ
3531 4175 3621 4234 διὰ
3669 4181 3768 4250 τήν

2104 4265 2283 4321 πίστιν
2322 4263 2626 4341 γινόμεναι.
2668 4264 2728 4320 Εἰ
2761 4262 2986 4320 δυνατὸν
3034 4274 3160 4343 γὰρ,
3195 4267 3352 4347 φησὶ,
3407 4269 3469 4322 τὸ
3527 4268 3577 4341 ἐξ
3614 4269 3767 4340 ὑμῶν

2107 4355 2244 4428 μετᾶ
2274 4354 2488 4408 πάντων
2533 4353 2832 4429 ἄνθρώπων
2865 4355 3194 4431 εἰρηνεύετε,
3249 4358 3326 4420 ὡς
3377 4359 3514 4412 εἶναι
3574 4355 3768 4428 δῆλον,

2104 4444 2189 4499 ὅτι
2221 4438 2363 4498 ἔστιν
2386 4444 2474 4498 ὅτε
2506 4442 2606 4497 οὐκ
2645 4440 2757 4498 ἔστι
2808 4441 3056 4499 δυνατόν.
3117 4471 3144 4496 ‹‹
3202 4443 3395 4515 Ζῆλοι.
3435 4470 3457 4499 ι
3515 4445 3592 4503 Οὐ
3654 4447 3768 4521 χρὴ

2101 4536 2202 4610 γὰρ
2269 4531 2548 4604 ζηλεύειν,
2608 4532 2755 4589 ἀλλὰ

2841 4534 3034 4610 ίαίρειν
3095 4538 3232 4609 μετᾶ
3287 4536 3620 4612 χαιρόντων,
3679 4535 3768 4590 καὶ

337 4617 494 4672 alite
522 4626 685 4672 ortm.
717 4622 750 4674 7
768 4619 869 4674 63
900 4640 920 4667 ι
942 4620 1377 4676 Cavillationes.
1403 4653 1426 4675 ι)
1452 4623 1551 4676 Est
1575 4628 1776 4677 autem
1798 4641 1996 4691 κωμω·

2112 4622 2316 4680 κλαίειν
2357 4624 2490 4694 μετᾶ
2520 4620 2841 4678 κλαιόντων.
2875 4623 3199 4698 αἘρίθειαι.
3229 4647 3252 4678 υ
3289 4625 3414 4679 Οἷον
3443 4625 3772 4704 φιλονεικίαι

337 4704 446 4760 δεῖν
479 4707 659 4775 (unde
682 4711 912 4780 κῶμως,
945 4709 999 4764 id
1036 4718 1143 4770 est.
1178 4712 1475 4766 cavillatio
1508 4711 1827 4784 derivatur)
1861 4728 1994 4766 cum

336 4796 620 4853 ebrietate
649 4799 902 4853 aliorum
937 4800 1252 4870 opiniones
1287 4801 1573 4855 cavillari.
1610 4830 1634 4854 α
1678 4802 1859 4873 Regni
1895 4801 1996 4856 Dei

337 4884 605 4940 haeredes
639 4904 757 4941 non
791 4895 988 4942 erunt.
1026 4910 1052 4936 ››
1085 4889 1282 4960 ltegno
1316 4889 1556 4943 interim
1590 4905 1796 4944 omnes
1839 4890 1992 4943 exci-

337 4972 481 5025 dent
512 4989 524 5025 :
561 4973 672 5027 erit
706 4982 900 5030 tau-en
936 4981 992 5029 et
1024 4977 1453 5046 suppliciorum
1485 4978 1815 5033 diversitas.

413 5061 473 5127 ν,
508 5063 699 5116 22-26.
738 5085 761 5114 (ι
797 5065 1016 5118 Contra
1047 5065 1276 5121 fructus
1308 5067 1560 5137 Spiritus
1592 5074 1682 5121 est
1713 5067 1997 5135 charitas,

341 5173 368 5198 ι(
402 5149 706 5220 gaudium.
740 5167 872 5221 pax,
907 5153 1144 5218 lenitas,
1177 5155 1535 5227 benignitas,
1559 5154 1994 5222 bonitas,fides,

341 5263 366 5288 ιι
401 5242 817 5303 mansuetudo,
854 5244 1265 5312 temperantia.
1302 5245 1596 5300 Adversus
1654 5243 1995 5316 hujusmodi

340 5352 365 5378 ‹‹
395 5345 512 5382 non
539 5338 627 5383 est
651 5331 741 5384 lex
763 5332 850 5384 :Hi
871 5338 1067 5386 autem
1084 5334 1299 5388 Christi
1316 5352 1556 5390 carnem
1573 5335 1997 5390 cruciliierunt

339 5442 366 5468 «ι
391 5437 528 5474 cum
557 5421 868 5474 allectlbus
893 5429 952 5476 et
972 5424 1491 5493 concupiscentiis.
1521 5427 1577 5480 Si
1613 5426 1822 5496 spiritu
1856 5425 1996 5478 vivi-

337 5529 365 5558 α
401 5525 556 5575 mus,
617 5511 831 5582 spiritu
883 5510 1063 5565 etiam
1108 5512 1473 5569 incedamus.
1526 5517 1606 5568 Ne
1666 5514 1997 5569 efficiamur

337 5616 368 5647 κ
399 5599 598 5658 inanis
626 5601 833 5674 glorias
864 5601 1360 5673 cupidi,invicem
1392 5606 1729 5663 invidentes
1761 5627 1812 5660 ››.

2104 4713 2212 4768 ἀπὸ
2243 4715 2341 4780 τῆς
2372 4706 2571 4786 ἔριδος.
2607 4737 2634 4763 ‹‹
2672 4715 2889 4784 Κῶμοι.
2920 4739 2946 4762 ››
2976 4714 3047 4768 Τὸ
3068 4711 3360 4787 κωμῳδεῖν
3389 4715 3478 4769 καὶ
3511 4715 3769 4770 ἀποσκώ-

2104 4823 2259 4858 πτειν
2289 4799 2590 4873 ἀλλοτρίας
2625 4798 2932 4874 ὑποληψεις
2970 4803 3105 4876 μετὰ
3143 4801 3330 4875 μέθης.
3394 4829 3421 4855 ‹‹
3474 4801 3766 4860 Βασιλείαν

2105 4895 2239 4947 Θεοῦ
2271 4891 2335 4945 ού
2365 4889 2871 4963 κληρονομήσουσι.
2915 4919 2938 4941 η
2969 4890 3119 4953 Τέως
3154 4890 3431 4966 βασιλείας
3470 4886 3763 4953 ἔκπτωσις.

2105 4982 2189 5038 Τὰ
2219 4982 2322 5057 γὰρ
2354 4983 2460 5034 τῶν
2493 4977 2776 5053 τιμωρίῶν
2805 4976 3065 5057 διάφορα.

2176 5071 2238 5126 Ὁ
2270 5067 2328 5124 δὲ
2383 5069 2590 5144 καρπὸς
2643 5072 2740 5122 τοῦ
2801 5069 3118 5143 Πνεύματός
3151 5069 3292 5125 ἐστιν
3345 5071 3556 5146 ἀγάπη,
3590 5073 3762 5146 χαρὰ,

2105 5159 2320 5234 εῗρῆνη,
2359 5157 2725 5232 μακροθυμία,
2761 5161 3099 5232 χρηστότης,
3161 5161 3507 5234 ἀγαθωσύνη,
3558 5163 3764 5234 πίστις,

2105 5248 2372 5323 πρᾳότης,
2407 5247 2712 5322 ἐγκράτεια.
2793 5248 2943 5303 Κατᾶ
3015 5254 3124 5304 τῶν
3168 5249 3434 5304 τοιούτων
3493 5250 3593 5305 οὐκ
3652 5248 3767 5306 ἔστι

2103 5339 2296 5409 νόμος.
2375 5338 2442 5392 Οἱ
2520 5337 2575 5390 δὲ
2650 5341 2746 5390 τοῦ
2821 5341 3064 5411 Χριστοῦ
3139 5342 3241 5408 τήν
3319 5339 3492 5413 σάρκα
3575 5339 3768 5394 ἐσταύ-

2105 5448 2284 5501 ρωσαν
2338 5427 2428 5479 σὺν
2503 5431 2622 5480 τοῖς
2701 5429 2986 5499 παθήμασι
3062 5429 3152 5482 καὶ
3228 5435 3348 5491 ταῖς
3424 5429 3769 5500 ἐπιθυμίαις,

2103 5516 2169 5574 Εἴ
2205 5521 2381 5589 ζῶμεν
2413 5515 2703 5588 πνεύματι,
2737 5516 3003 5589 πνεύματι
3029 5516 3120 5571 καὶ
3173 5523 3514 5593 στοιχῶμεν.
3551 5520 3643 5586 Μή
3675 5539 3766 5594 γι-

2103 5608 2325 5681 νώμεθα
2351 5600 2956 5676 κενόδοξοι,ἀλλήλους
2985 5607 3452 5682 προκαλούμενοι,
3479 5605 3768 5680 ἅλλήλους

2102 5699 2444 5779 φθονοῦντος.
