4098 6382
363 348 522 411 115³1

1346 351 1750 413 COMMENT.
1794 346 1872 409 IN
1918 344 2170 407 EPIST.
2216 343 2271 405 Π
2318 345 2423 406 AD
2468 347 2559 409 ΟΛ
2578 348 2748 410 LAT.

3624 354 3780 416 “58

429 478 651 553 Καρπδν
710 477 829 534 εἶπε
882 478 973 536 καὶ
1029 478 1131 535 οὐκ
1182 477 1364 558 ἔργον,
1414 482 1509 538 ’ίνα
1567 480 1715 558 δείξῃ
1774 482 1858 537 ὅτι
1908 485 2008 548 τῆς

2200 479 2480 537 Fructum
2512 479 2663 538 dixit
2682 486 2742 538 et
2764 497 2885 538 non
2906 495 3076 555 opus.
3100 487 3167 540 ut
3190 484 3469 542 ostendat
3495 486 3601 544 Dei
3630 503 3781 562 opus

354 569 451 624 τοῦ
482 571 616 624 Θεοῦ
649 563 819 624 δεῖται
854 567 1110 643 βοηθείας
1140 568 1219 632 sic
1264 572 1328 626 τὸ
1359 578 1801 649 καρποφορῆσαι.
1836 592 1866 623 ‹‹
1899 570 2015 626 Τοῦ

357 647 700 720 Πνεῦματος.
760 670 785 700 υ
847 648 908 705 Ἢ
966 647 1135 705 αὐτοῦ
1209 655 1308 705 τοῦ
1383 647 1764 728 παρακλήτου,
1825 649 1861 720 ἢ
1917 652 2015 704 τοῦ

354 735 731 811 πνεύματικοῦ
761 738 850 792 καὶ
886 737 1138 813 ἐναρέτου
1192 740 1338 814 βίου.
1398 766 1425 794 ιι
1463 741 1632 815 Χαρά.
1666 765 1695 795 ››
1754 741 1826 796 Τὸ
1884 737 2012 814 χαί-

356 846 464 904 ρειν
505 825 593 881 ἐπὶ
639 831 776 898 Θεῷ,
825 827 888 882 τὸ
938 825 1242 899 συνείδησιν
1296 827 1468 905 ἔχειν.
1515 831 1579 884 Οἱ
1624 829 1727 906 γάρ
1768 830 2013 884 τοιοῦτοι

356 915 634 991 χαίρουσι.
666 941 694 968 ‹‹
730 914 874 970 Κατᾶ
922 920 1029 972 τᾶν
1084 918 1350 974 τοιούτων
1403 918 1504 974 οὐκ
1531 918 1648 974 ’ἐστι
1670 913 1859 992 νόμος·
1891 940 1918 967 »δ
1951 916 2013 973 Ὀ

347 1004 451 1080 γάρ
533 1008 705 1060 ταῦτα
790 1006 1171 1080 κατωρθωκὼς
1227 1007 1290 1061 οὗ
1350 1005 1518 1063 δεῖται
1575 1011 1672 1063 τοῦ
1727 1002 2016 1083 παιδαγω-

349 1097 583 1170 γοῦντος
638 1095 835 1166 νόμου.
899 1093 1269 1171 Ὕψηλότερος
1321 1097 1423 1171 γάρ
1481 1097 1647 1152 αὐτοῦ
1687 1094 1850 1152 ἐστιν.
1890 1120 1915 1149 ι
1945 1094 2011 1152 Οἱ

350 1179 410 1237 δέ
438 1186 536 1238 τοῦ
566 1183 805 1257 Χριστοῦ
842 1185 942 1254 τὴν
990 1184 1179 1259 σάρκα.
1217 1210 1246 1237 ››
1286 1185 1422 1242 Εῗτα
1445 1183 1537 1241 ’ίνα
1572 1178 1877 1264 μὴ’ἔχωσι,
1907 1182 2010 1240 Καὶ

342 1270 428 1334 τίς
458 1274 629 1328 ταῦτα
656 1275 840 1343 ποιεῖς
887 1273 1070 1347 φησίν.
1122 1272 1288 1331 Οὗτοί
1339 1273 1473 1330 εἰσιν
1506 1275 1559 1328 οἱ
1589 1277 1756 1329 ταῦτα
1784 1277 2009 1328 ποιοῦνο

344 1379 458 1427 τες,
513 1357 708 1424 οἳτινες
765 1360 864 1429 τὴν
924 1360 1096 1436 σάρκα
1151 1365 1254 1416 τοῦ
1309 1365 1575 1438 Χριστοῦ,
1630 1359 1897 1431 τουτέστι,
1946 1360 2011 1417 τὸ

349 1447 552 1506 οἴκεῖον
610 1454 770 1524 σῶμα
826 1450 980 1525 (σὰρξ
1033 1453 1138 1528 γὰρ
1188 1455 1458 1525 Χριστοῦ,
1488 1453 1551 1508 τὸ
1597 1451 1865 1526 ἡμέτερον
1901 1454 2009 1506 σῶ-

348 1539 470 1614 μα),
524 1538 868 1615 ἐσταύρωσαν
925 1538 1016 1594 καὶ
1071 1540 1192 1595 οἷον
1251 1540 1547 1615 ἐνέκρωσαν
1608 1540 1713 1596 ἀπὸ
1755 1544 1862 1595 τῶν
1897 1561 2008 1595 σω-

347 1633 597 1701 ματικῶν
643 1629 850 1684 παθῶν.
909 1628 1006 1683 Καὶ
1069 1630 1135 1684 οὗ
1200 1629 1360 1704 μόνον
1409 1630 1473 1685 τὸ
1505 1634 1687 1698 σῶμα,
1720 1630 1845 1684 ’ὀσον
1877 1631 2006 1698 ἧκεν

345 1715 424 1778 εἷς
474 1715 543 1770 τὰ
599 1716 744 1785 πάθη
808 1714 1175 1790 ἐσταύρωσαν,
1229 1715 1377 1772 ἀλλά
1428 1717 1518 1772 καὶ
1568 1715 1704 1772 αὖτᾶ
1732 1717 1799 1772 τά
1837 1716 2008 1787 πάθη,

344 1804 471 1862 ὅσον
501 1807 629 1875 ἧκεν
664 1805 738 1867 εἰς
766 1805 830 1859 τὸ
888 1803 1255 1871 ἐπιτελεῖσθαι
1313 1807 1442 1883 παρ’
1496 1805 1672 1861 αὐτῶν
1707 1804 2006 1880 ἔστα-ὅρων-

342 1915 456 1965 ται,
500 1894 636 1949 κατᾶ
693 1894 896 1963 ταύτην
955 1895 1054 1962 τήν
1115 1893 1426 1970 ἑρμηνείαν,
1484 1897 1547 1950 τὸ
1605 1893 1683 1965 δὲ,
1743 1897 2009 1970 παρέλκε-

342 2004 455 2040 ται.
497 2015 566 2026 -
607 1984 680 2040 ’Ἡ
741 1982 941 2046 οὕτως.
1004 1984 1108 2041 Καὶ
1161 1984 1214 2039 τί
1272 1982 1442 2059 λέγω,
1501 1982 1690 2062 φησὶν,
1731 1979 2007 2038 ἔεικαοέν

348 2072 543 2147 ἀρετῆς
605 2069 800 2142 εἶδος;
879 2071 983 2126 εἰσὶ
1051 2071 1151 2147 γὰρ
1209 2092 1355 2136 τινες
1411 2070 1464 2127 οἳ
1519 2073 1611 2127 καὶ
1669 2070 2011 2142 ἐσταύρωσαν

343 2160 591 2228 ἑαυτοὺς,
620 2162 746 2217 ὅσον
775 2161 917 2237 πρὸς
954 2161 1021 2217 τὰ
1051 2162 1222 2232 πάθη,
1260 2160 1352 2217 καὶ
1399 2161 1469 2218 τὰ
1514 2162 1685 2230 πάθη,
1719 2160 1845 2217 ὅσον
1873 2161 2010 2238 πρὸς

336 2236 599 2315 facto-5e.
660 2251 813 2307 Κατὰ
867 2250 1070 2321 ταύτην
1124 2252 1224 2318 την
1271 2249 1579 2325 ἑρμηνείαν.
1639 2250 1701 2306 οὗ
1741 2250 2010 2324 παρέλκε-

350 2360 439 2395 ται
467 2339 555 2410 τὸ,
613 2337 690 2396 δὲ.
745 2341 811 2398 Οἱ
872 2337 929 2395 δὲ
983 2336 1082 2396 τοῦ
1134 2343 1391 2416 Χριστοῦ,
1447 2336 1716 2407 τουτέστι,
1744 2339 2011 2401 τείνοντες

355 2428 455 2497 τήν
511 2427 716 2484 ἱαυτῶν
773 2428 942 2505 σάρκα
1000 2427 1359 2502 ἐσταύρωσαν.
1434 2427 1626 2491 Οὕτως
1677 2429 1705 2483 ὁ
1769 2426 2009 2501 Κλήμης

358 2514 411 2574 ἐν
440 2518 677 2592 πέμπτῳ
724 2517 1175 2575 ’Υποτυπώσεων.
1229 2518 1384 2573 Ἐστι
1443 2513 1500 2573 δὲ
1555 2516 1638 2587 τὸ,
1699 2517 1748 2573 οἱ
1810 2515 1888 2586 δὲ,
1922 2516 2009 2572 καὶ

358 2607 477 2663 ἀντὶ
506 2611 626 2679 τοῦ,
679 2631 707 2661 ιι
750 2607 901 2663 οὗτοι
948 2604 1026 2675 δέ,
1075 2630 1104 2659 ››
1153 2606 1456 2677 ἐξακοῦσαι.
1490 2639 1558 2649 --
1590 2607 1707 2681 [ΦΩ
1726 2607 1799 2680 Γ.]
1842 2605 2011 2664 Οὗτοι

353 2694 413 2752 δὲ
444 2695 580 2752 εἰσιν
634 2695 725 2759 οῦς
775 2697 946 2767 εἷπον,
997 2695 1051 2751 οἵ
1095 2717 1233 2758 τινες
1281 2700 1377 2751 τοῦ
1427 2698 1663 2771 Χριστοῦ
1710 2698 1810 2765 την
1843 2696 2011 2772 σάρκα

360 2783 728 2857 ἐσταύρωσαν,
804 2785 895 2840 καὶ
978 2786 1125 2856 ἒξῆς.
1188 2807 1216 2837 ››
1278 2784 1341 2841 Εἰ
1398 2788 1576 2856 ζῶμεν
1635 2784 1924 2855 πνεύματι.
1980 2808 2008 2837 ››

351 2873 678 2954 Ὀφείλομεν
738 2874 829 2929 οὗν
892 2875 977 2929 καὶ
1038 2876 1203 2948 ἡμεῖς
1282 2875 1419 2929 κατὰ
1484 2875 1583 2943 τήν
1644 2872 1854 2950 βουλὴν
1912 2878 2012 2928 τοῦ

347 2964 661 3038 πνεύματος
693 2968 814 3037 ζῇν.
847 2965 1022 3034 *Απαξ
1054 2967 1315 3038 σταυροῦν
1366 2961 1668 3037 μέλλοντες
1706 2964 1805 3033 τήν
1839 2963 2014 3040 σάρκα

352 3056 536 3125 ἡμῶν,
598 3076 627 3105 ‹‹
677 3054 781 3110 Καὶ
830 3051 1127 3125 Ηνεύματι,
1183 3053 1338 3127 φησῖ,
1397 3056 1732 3127 στοιχῶμεν,
1781 3076 1809 3103 ››
1840 3073 2011 3107 τουτ-

351 3140 515 3209 ἐστιν,
574 3142 923 3218 ἀρκεσθῶμεν
990 3145 1058 3215 τῇ
1131 3141 1277 3216 παρά
1330 3144 1429 3196 τοῦ
1486 3139 1643 3216 ἁγίου
1703 3139 2014 3212 live-551.0110:

357 3227 571 3306 δοθείσῃ
604 3231 814 3307 χάριτι,
847 3232 936 3286 καὶ
1002 3232 1079 3305 μὴ
1131 3233 1384 3304 ζητῶμεν
1440 3228 1500 3284 ἐκ
1534 3229 1706 3303 νόμου
1739 3231 2004 3300 σωθῆναι.
2036 3224 2079 3290 C

354 3344 383 3376 ‹‹
423 3324 507 3391 Μὴ
542 3318 825 3399 γινώμεθα
874 3316 1171 3390 κενόδοξοι.
1228 3342 1256 3371 ››
1314 3321 1493 3376 Τοῦτο
1539 3319 1643 3395 γὰρ
1687 3324 1749 3375 τὸ
1788 3320 2006 3374 πάντων

348 3408 525 3466 αἴτιον
550 3414 659 3465 τῶν
690 3414 894 3466 κακῶν.
931 3433 961 3462 (ι
994 3407 1316 3480 Ἀλλήλους
1357 3405 1821 3483 προκαλοὺμενοι.
1853 3440 1876 3463 »ι
1913 3408 2004 3471 Εἰς

350 3494 489 3575 ἕρεις
518 3495 800 3567 δηλονότι.
849 3523 877 3551 ‹‹
932 3495 1247 3569 Ἀλλνςλους
1280 3500 1620 3578 φθονοῦντες.
1657 3522 1683 3549 »δ
1736 3498 1876 3554 Ἀπὸ
1905 3498 2008 3574 γάρ

348 3585 659 3662 κενοδοξίας
729 3590 758 3643 ὁ
825 3588 1041 3667 φθόνος,
1108 3587 1215 3642 ἀπὸ
1283 3589 1487 3664 φθόνου
1558 3584 1635 3658 δὲ,
1704 3587 1772 3644 τὰ
1841 3587 2007 3664 μυρία

348 3678 510 3737 κακά.

418 3775 702 3851 Ἀδελφοί,
763 3777 852 3833 ἐὰν
910 3777 1001 3833 καὶ
1079 3773 1381 3854 προληιιθῇ
1443 3773 1731 3851 ἄνθρωπος
1787 3774 1841 3832 ἔν
1898 3797 2008 3832 τινι

345 3868 774 3942 παραπτώματι,
862 3867 1018 3943 ὑμεῖς
1104 3868 1156 3923 οὶ
1243 3867 1600 3936 πνευματικοῖ
1662 3867 2009 3941 καταρτίζετε

342 3957 435 4011 τὸν
524 3961 793 4025 τοιοῦτον,
878 3955 932 4012 ἐν
1019 3954 1287 4029 πνεύματι
1370 3954 1705 4032 πρᾳότητος.
1779 3960 2007 4011 Σκοπῶν

346 4046 589 4114 σ;αυτὸν,
675 4048 752 4120 μὴ
839 4047 931 4103 καὶ
1020 4045 1082 4101 σὺ
1167 4046 1488 4120 πειρασθῇς.
1564 4041 1862 4115 Ἀλλήλων
1944 4047 2011 4102 τά

349 4136 493 4212 βάρη
573 4127 884 4212 βαστάζετε,
978 4135 1071 4191 καὶ
1175 4133 1347 4197 οὕτως
1414 4130 1851 4208 ἀναπληρώσατε
1919 4134 2010 4189 τὸν

345 4224 514 4299 νόμον
546 4229 644 4281 τοῦ
676 4228 933 4299 Χριστοῦ.

418 4332 630 4391 Πολλοὶ
665 4332 742 4397 εἰς
771 4332 966 4395 αὐτοὺς
1008 4330 1285 4410 φιλαρχίᾳ
1321 4330 1642 4405 ἡττημένοι,
1675 4331 1728 4388 ἐν
1758 4335 1828 4406 τῇ
1874 4331 2011 4407 πρὸς

340 4426 415 4482 τά
460 4428 836 4502 ἁμαρτήματα
882 4430 991 4482 τῶν
1044 4422 1286 4494 πλησίον
1334 4422 1673 4496 ἐπιτιμήσει,
1723 4425 1785 4479 τὸ
1834 4423 2009 4488 πάθος

344 4514 646 4587 ἐπλήρουν.
702 4517 878 4589 ’Ὀπερ
939 4510 1278 4589 διδρθοῦται.
1338 4510 1464 4569 Ἐὰν
1522 4513 1626 4586 γάρ
1681 4533 1787 4581 τις,
1849 4515 2006 4591 φησί,

2129 584 2259 625 esse
2289 569 2515 626 auxilio
2548 570 2622 627 ad
2654 571 3135 629 fructificandum
3180 597 3207 624 «
3234 575 3511 648 Spiritus,
3535 598 3564 628 »
3587 576 3649 634 id
3671 584 3780 646 est,

2122 658 2313 730 ipsius
2375 660 2699 730 paracleti:
2759 669 2862 716 aut
2916 663 3242 734 spiritualis
3292 682 3359 721 ac
3410 668 3593 737 probe
3625 668 3776 723 vita}.

2127 769 2154 797 ιι
2186 747 2500 805 Gaudium.
2531 772 2560 800 »
2594 750 2859 806 Gaudere
2914 752 2975 806 in
3034 754 3150 809 Deo
3192 761 3282 810 est
3309 754 3527 811 bonam
3559 755 3778 813 habere

2121 837 2550 894 conscientiam
2581 856 2593 893 :
2624 840 2772 895 tales
2803 841 2961 896 enim
2995 842 3272 913 gaudent.
3303 868 3329 894 ι(
3354 845 3646 900 Adversus
3674 846 3777 901 hu-

2112 924 2380 997 jusmodi
2408 944 2529 983 non
2564 934 2654 983 est
2680 928 2792 985 lex.
2820 952 2844 977 »
2873 930 3167 994 Siquidem
3198 934 3298 1004 qui
3332 933 3467 989 talia
3497 944 3775 1005 operatus

2122 1020 2230 1072 est.
2264 1031 2382 1070 non
2416 1033 2565 1088 opus
2595 1017 2776 1073 habet
2818 1018 2964 1091 legis
3018 1020 3459 1089 moderatione;
3493 1031 3582 1078 est
3611 1025 3773 1080 enim

2121 1102 2435 1161 sublimior
2463 1123 2642 1177 quam
2697 1108 2773 1162 sit
2804 1109 2923 1164 illa.
2982 1133 3009 1158 ιι
3046 1111 3113 1165 Hi
3166 1119 3365 1168 autem
3397 1114 3611 1171 Christi
3643 1133 3773 1171 car-

2119 1209 2280 1248 nem.
2314 1216 2344 1245 »
2380 1195 2602 1251 Deinde
2633 1213 2707 1252 ne
2739 1197 2959 1254 dicant.
3007 1200 3077 1254 Et
3126 1201 3259 1272 quis
3292 1203 3406 1259 ista
3435 1204 3621 1260 facit?
3651 1207 3771 1261 ait:

2118 1280 2188 1336 Hi
2219 1289 2360 1339 sunt
2386 1284 2487 1355 qui
2521 1285 2648 1341 hazc
2668 1292 2870 1359 agunt,
2898 1289 2999 1359 qui
3024 1304 3266 1345 carnem
3296 1291 3534 1360 Christi,
3569 1293 3631 1349 id
3662 1301 3771 1363 est,

2116 1373 2425 1445 praprium
2457 1390 2672 1446 corpus
2712 1377 2871 1447 (caro
2924 1378 3084 1434 enim
3134 1379 3351 1436 Christi
3384 1389 3475 1437 est
3500 1390 3772 1441 nostrum

2117 1462 2355 1535 corpus)
2389 1464 2836 1534 cruciﬁxerunt,
2865 1473 2920 1521 et
2950 1468 3130 1522 veluti
3160 1470 3670 1527 mortificaverunt
3697 1472 3771 1529 ab

2116 1551 2427 1607 affectibus
2457 1552 2814 1609 carnalibus.
2845 1559 2963 1612 Nec
2996 1557 3189 1613 solum
3223 1574 3437 1631 corpus
3477 1568 3767 1632 quantum

2116 1640 2190 1696 ad
2221 1642 2470 1696 affectus
2515 1643 2728 1698 attinet
2785 1645 3225 1712 cruciﬁxerunt,
3261 1650 3653 1705 verumetiam
3685 1652 3771 1705 af-

2115 1729 2305 1786 fectus
2336 1729 2500 1801 ipsos
2530 1739 2821 1802 quantum
2845 1734 2920 1789 ad
2945 1735 3057 1791 hoc
3077 1741 3145 1790 ut
3173 1736 3245 1791 ab
3277 1738 3364 1793 eis
3396 1737 3771 1809 expleantur,

2116 1818 2559 1876 cruciﬁxerunt.
2616 1822 2788 1877 Juxta
2848 1823 3000 1879 hanc
3052 1825 3607 1897 interpretationem
3649 1836 3773 1885 tan-

2116 1925 2293 1980 quam
2328 1909 2606 1980 parelcon
2643 1912 3041 1983 interponitur
3072 1910 3149 1980 δὲ,
3199 1915 3259 1970 id
3307 1922 3423 1985 est,
3450 1924 3671 1973 autem.
3705 1949 3773 1959 —

2113 1998 2227 2052 Aut
2257 1997 2370 2052 alio
2398 1998 2572 2054 modo.
2602 2000 2672 2053 Et
2700 2000 2844 2070 quid
2870 2001 3232 2074 singulatim,
3262 2002 3772 2075 inquit.virtutum

2114 2088 2339 2159 species
2369 2104 2652 2145 recenseo
2675 2090 2703 2145 ?
2731 2090 2875 2146 Sunt
2907 2093 3066 2148 enim
3109 2091 3351 2164 quidam
3384 2096 3609 2168 seipsos
3639 2113 3771 2153 cru-

2114 2174 2431 2232 ciﬁxerunt
2453 2178 2648 2249 quoad
2668 2181 2933 2249 affectus,
2953 2189 3012 2237 et
3032 2183 3278 2238 affectus
3300 2184 3492 2254 quoad
3519 2186 3768 2257 seipsos.

2112 2265 2284 2322 Juxta
2314 2265 2469 2322 hanc
2498 2267 3074 2340 interpretationem,
3107 2266 3165 2325 δὲ
3194 2288 3314 2327 non
3346 2279 3433 2329 est
3462 2274 3769 2345 parelcon,

2113 2355 2218 2412 sed
2243 2371 2485 2412 sensum
2517 2365 2607 2413 est
2636 2357 2689 2411 οἱ
2721 2354 2778 2412 δὲ
2831 2362 2930 2413 τοῦ
2989 2359 3244 2434 Χριστοῦ,
3275 2362 3332 2417 id
3365 2370 3475 2430 est,
3503 2364 3603 2435 qui
3635 2381 3771 2421 vero

2115 2443 2369 2501 tendunt
2398 2445 2474 2502 ad
2505 2446 2801 2504 Christum
2832 2466 3000 2506 suam
3033 2466 3275 2508 carnem
3325 2452 3772 2510 cruciﬂxerunt.

2114 2534 2203 2590 Ita
2257 2534 2686 2607 interpretatur
2740 2537 3020 2596 Clemens
3065 2540 3275 2610 quinto
3309 2542 3775 2609 tnformationum

2116 2622 2292 2679 libro.
2329 2625 2531 2680 Potest
2556 2626 2734 2682 etiam
2769 2626 2820 2680 οἱ
2853 2623 2910 2681 δὲ
2943 2628 3191 2701 intelligi
3222 2636 3289 2685 ut
3319 2630 3619 2704 signiﬁcet
3646 2654 3672 2682 «
3707 2632 3774 2688 Hi

2117 2719 2338 2775 autem.
2370 2736 2397 2765 ››
2432 2714 2498 2770 Hi
2531 2722 2728 2772 autem
2763 2723 2903 2774 sunt
2934 2735 3082 2790 quos
3113 2719 3232 2774 dixi
3266 2721 3367 2790 qui
3398 2721 3615 2776 Christi
3646 2738 3777 2777 car-

2117 2816 2257 2856 nem
2288 2805 2733 2873 crucitixerunt,
2769 2812 2880 2864 etc.
2919 2830 2947 2859 ‹‹
2977 2809 3035 2863 Si
3068 2809 3280 2879 Spiritu
3312 2810 3582 2867 vivimus.
3620 2833 3649 2862 »
3674 2813 3780 2868 De-

2117 2888 2327 2947 bemus
2368 2893 2545 2965 igitur
2575 2902 2631 2949 et
2664 2912 2773 2951 nos
2814 2896 2987 2966 juxta
3033 2897 3277 2967 spiritus
3308 2898 3668 2955 voluntatem
3702 2900 3780 2954 vi-

2118 2995 2273 3042 vere.
2298 2986 2362 3035 ut
2381 2983 2565 3038 semel
2592 2985 3007 3057 crucifigamus
3031 3002 3273 3042 carnem
3297 2993 3580 3043 nostram.
3622 2990 3776 3045 764

2121 3089 2149 3117 ‹‹
2179 3068 2398 3139 Spiritu
2431 3072 2610 3127 etiam
2642 3073 3045 3131 incedamus.»
3078 3075 3198 3131 Hoc
3228 3082 3338 3145 est,
3380 3077 3637 3132 sufficiat
3667 3094 3743 3133 no

2118 3153 2211 3211 bis
2243 3156 2379 3214 data
2409 3176 2443 3215 a
2480 3160 2702 3232 Spiritu
2733 3167 2935 3218 sancto
2965 3164 3155 3233 gratia
3185 3170 3243 3219 et
3283 3180 3403 3220 non
3435 3182 3775 3237 quaeramus

2118 3262 2225 3317 per
2254 3247 2444 3321 legem
2477 3250 2709 3306 salvari.
2775 3274 2802 3301 ι(
2833 3253 2912 3307 Ne
2971 3252 3304 3309 efﬁciamur
3332 3255 3537 3310 inanie
3566 3255 3770 3325 glorise

2116 3336 2338 3408 cupidi.
2372 3359 2401 3387 »
2433 3339 2498 3393 Id
2551 3340 2710 3396 enim
2752 3342 3017 3397 omnium
3076 3348 3165 3398 est
3217 3360 3397 3400 causa
3453 3345 3768 3401 malorum.

2118 3449 2146 3476 ‹‹
2179 3427 2433 3483 Invicem
2464 3445 2573 3484 nos
2603 3437 3008 3502 provocantes.
3049 3454 3077 3481 ››
3126 3432 3214 3487 Ad
3246 3433 3382 3489 lites
3413 3433 3685 3489 videlicet
3715 3439 3774 3490 et

2118 3522 2549 3591 contentiones.
2611 3520 2929 3577 «Invicem
2990 3521 3406 3578 invidentes.»
3464 3522 3551 3580 Ab
3610 3523 3774 3579 inani

2118 3607 2307 3681 gloria
2336 3609 2527 3664 oritur
2582 3610 2825 3676 invidia,
2876 3610 2948 3667 ab
3008 3612 3231 3669 invidia
3290 3631 3425 3671 vero
3458 3614 3776 3670 innumera

2120 3701 2297 3756 mala.

2192 3788 2286 3858 Vl,
2323 3792 2371 3855 t,
2404 3792 2457 3858 2,
2491 3792 2729 3861 Fratres,
2761 3794 2927 3847 etiam
2974 3795 3023 3848 si
3073 3801 3372 3864 occupatus
3409 3796 3583 3863 fuerit
3610 3796 3773 3852 homo

2117 3876 2179 3932 in
2208 3878 2401 3949 ah’quo
2431 3879 2648 3949 delicto,
2687 3897 2776 3936 vos
2809 3882 2910 3952 qui
2936 3883 3255 3951 spirituales
3285 3887 3434 3952 estis,
3466 3885 3775 3940 instaurate

2119 3968 2437 4039 hujusmodi
2490 3970 2549 4023 in
2605 3972 2811 4040 spiritu
2876 3971 3316 4027 mansuetudinis
3347 3989 3367 4025 :
3421 3973 3776 4031 consrderans

2119 4063 2481 4133 temetipsum,
2512 4080 2582 4119 ne
2613 4070 2665 4119 et
2710 4070 2769 4119 tu
2815 4067 3058 4119 tenteris.
3107 4066 3346 4120 Invicem
3394 4065 3496 4120 alii
3534 4065 3773 4122 aliorum

2119 4163 2287 4206 onera
2311 4158 2554 4222 portate,
2578 4158 2631 4206 et
2659 4155 2735 4208 sic
2764 4153 3032 4224 complete
3061 4153 3231 4223 legem
3262 4153 3484 4209 Christi.

2190 4319 2353 4376 Multi
2385 4321 2702 4378 ambitiosa
2726 4323 3091 4395 principatus
3119 4326 3493 4382 affectatione
3534 4326 3771 4395 devicti,

2120 4411 2397 4466 aﬁ‘ectum
2432 4411 2752 4483 explebant
2783 4413 2842 4468 in
2874 4414 3286 4484 proximorum
3318 4416 3476 4472 circa
3506 4416 3645 4472 vitia
3674 4416 3773 4472 ob-

2113 4500 2687 4572 jurgatione;quod
2743 4503 2988 4576 corrigit
3044 4505 3287 4561 dicens:
3351 4506 3409 4560 Si
3465 4507 3599 4578 quis
3638 4523 3772 4562 cor-

345 4609 664 4682 συναρπαγῇ
697 4605 787 4661 ἐπὶ
838 4605 1223 4676 ἁμαρτήματι.
1272 4604 1441 4657 Τοῦτο
1498 4601 1599 4677 γάρ
1658 4603 1744 4669 τὸ,
1794 4600 2008 4675 προλη-

2120 4595 2324 4661 reptus
2380 4590 2561 4645 fuerit
2612 4607 2647 4646 a
2704 4598 2967 4662 peccato.
3031 4596 3173 4649 Nam
3228 4595 3340 4651 hoc
3379 4602 3467 4651 est
3500 4597 3658 4666 quod
3688 4595 3771 4651 ait

343 4699 478 4777 φθῇ,
512 4721 537 4747 α
571 4697 756 4767 Ὑμεῖς
807 4694 859 4749 οἱ
901 4690 1285 4764 πνευματικοί.
1340 4692 1406 4749 Οἱ
1452 4690 1588 4746 κατὰ
1636 4695 1851 4765 πνεῦμα
1883 4696 2010 4760 ζῶν-

344 4804 456 4847 τες.
535 4807 565 4837 ‹‹
624 4783 1003 4858 Καταρτίζετε,
1074 4808 1096 4836 ι
1177 4778 1443 4848 τουτέστι,
1523 4778 1842 4855 διορθοῦσθε
1913 4781 2005 4835 τὸν

344 4878 622 4933 τοιοῦτον.
657 4873 790 4931 Εἶτα
822 4865 1109 4927 ἐκϐάλλων
1140 4870 1241 4938 τὴν
1274 4868 1816 4948 φιλαρχίαννφησῖν,
1862 4892 1889 4924 α
1922 4871 2006 4927 Ἐν

345 4961 619 5037 πνεύματι
648 4961 985 5035 πρᾳότητος.
1019 4982 1051 5012 ››
1102 4958 1419 5023 Τουτέστιν,
1472 4960 1525 5012 ἐι
1564 4959 1856 5033 πρᾳότητι,
1887 4961 2007 5030 ἣτις

347 5051 461 5108 ἐστὶ
493 5053 743 5131 χάρισμα
794 5054 891 5105 τοῦ
938 5049 1099 5122 ἁγίου
1149 5047 1482 5119 Πνσεῦματος.
1525 5072 1552 5099 ‹‹
1589 5053 1819 5103 Σκοπῶν
1853 5068 2006 5104 σεαυ-

346 5142 443 5196 τόν
498 5164 527 5193 υ
563 5140 698 5196 Εῗτα
722 5138 814 5193 ’ἱνα
848 5138 924 5211 μὴ
976 5139 1005 5191 ὁ
1049 5133 1280 5210 διορθῶν
1333 5135 1564 5208 ἐπαρθῇ,
1613 5138 1769 5208 φησῖ’
1800 5137 2005 5194 Σκόπει

346 5230 437 5285 καὶ
470 5229 534 5284 σὺ
562 5230 652 5286 καὶ
681 5231 837 5302 τήρει
867 5227 1081 5286 σαυτὸν.
1137 5227 1212 5299 μή
1261 5229 1380 5288 τοῖς
1424 5223 1573 5288 ’ἶσοις
1604 5224 1775 5298 ἁλῷς.
1810 5251 1838 5279 ‹‹
1873 5229 2009 5284 ἈΛ-

1054 5316 1065 5334 1
1361 5316 1372 5335 9
1411 5333 1416 5337 ,
1519 5311 1575 5333 κς
1681 5315 1695 5332 ς
1835 5317 1849 5337 ι
1933 5314 1956 5337 ν

344 5318 541 5390 λγξλιυν
577 5320 644 5375 τά
684 5320 826 5395 βέρη
899 5319 1210 5392 βασταζετε.
1273 5338 1301 5368 ››
1381 5316 1582 5385 Easton
1636 5335 1737 5390 γιρ
1793 5337 1894 5371 ουκ
1930 5338 2006 5375 ενι

339 5412 473 5466 εἶναι
522 5408 806 5484 ἄνθρωπον
859 5406 1038 5486 χωρίς
1090 5403 1387 5476 ἁμαρτίας,
1432 5409 1685 5479 παραινεῖ
1740 5406 1817 5479 μή
1849 5408 2002 5481 ἀκρι-

336 5493 695 5578 ϐολογεῖσθαι
752 5498 891 5570 πρὸς
948 5496 1017 5551 τὰ
1070 5498 1172 5549 τοῦ
1227 5491 1467 5562 πλησίον
1499 5494 1893 5569 ἁμαρτήματα,
1926 5496 2001 5560 ὡς

339 5585 501 5651 εἰδὼς
531 5586 616 5644 ὅτι
663 5585 756 5646 καὶ
805 5584 871 5642 σὺ
921 5583 1071 5662 ἔχεις
1119 5581 1414 5657 ἁμαρτίας,
1444 5581 1538 5637 καὶ
1569 5583 1681 5660 χρὴ
1716 5584 1865 5658 ἡμᾶς
1896 5584 1997 5642 ἀλ-

2118 4674 2439 4751 προληφθῆ.
2486 4678 2546 4733 id
2579 4685 2688 4748 est,
2720 4687 3043 4752 occupatus
3084 4682 3281 4738 fuerit.
3317 4705 3345 4733 «
3376 4684 3490 4739 Vos
3522 4684 3622 4755 qui
3656 4686 3771 4756 spi-

2118 4766 2365 4822 rituales
2389 4767 2547 4822 estis.
2569 4789 2599 4818 ››
2621 4768 2917 4840 Quijuxta
2936 4770 3212 4841 spiritum
3241 4772 3446 4826 vivitis.
3484 4795 3512 4821 α
3544 4773 3769 4829 Instau-

2117 4869 2263 4920 rate.
2289 4885 2320 4915 »
2345 4868 2461 4920 tloc
2482 4871 2592 4932 est,
2612 4866 2924 4923 emendate
2949 4868 3146 4925 talem.
3179 4868 3400 4925 Deinde
3424 4871 3614 4941 ejecta
3641 4887 3765 4927 am.

2116 4954 2343 5009 bitione
2365 4954 2659 5010 honorum
2683 4956 2768 5011 ait
2796 4973 2809 5011 :
2833 4978 2862 5007 ‹‹
2884 4958 2947 5012 ln
2969 4958 3179 5030 spiritu
3205 4960 3715 5026 mansuetudinis;
3738 4986 3759 5015 ι

2117 5044 2230 5100 hoc
2261 5049 2366 5103 est.
2401 5045 2463 5099 in
2494 5046 2952 5103 mansuetudine
2985 5064 3115 5118 qua)
3166 5054 3255 5104 est
3301 5048 3525 5106 donum
3579 5051 3768 5107 sancti

2116 5134 2387 5205 Spiritus.
2431 5156 2459 5185 «
2492 5135 2888 5193 Considerans
2938 5140 3340 5210 temetipsum.
3377 5162 3404 5191 ››
3440 5140 3661 5196 Deinde
3693 5158 3767 5198 ne

2115 5226 2166 5280 is
2198 5225 2298 5296 qui
2332 5223 2612 5280 emendat
2641 5227 2982 5293 extollatur,
3017 5228 3136 5283 ait:
3172 5230 3497 5286 Considera
3526 5247 3766 5302 quoque

2114 5321 2177 5369 tu
2210 5318 2267 5369 et
2296 5314 2543 5369 observa
2574 5314 2849 5385 teipsum.
2870 5331 2944 5370 ne
2978 5316 3278 5373 similibus
3307 5319 3578 5391 capiaris.
3604 5341 3634 5369 α
3672 5321 3768 5374 ln-

2110 5404 2296 5459 vicexn
2327 5404 2429 5459 alii
2457 5403 2708 5459 aliorum
2744 5422 2927 5460 onera
2944 5413 3196 5477 portate.
3225 5431 3250 5457 υ
3274 5408 3767 5479 Quandoquidem

2112 5494 2271 5550 enim
2303 5510 2424 5550 non
2450 5493 2741 5567 contingit
2770 5494 3075 5552 hominem
3098 5512 3226 5552 esse
3250 5497 3474 5569 absque
3500 5501 3763 5569 peccato,

2109 5584 2391 5642 admonet
2416 5601 2491 5642 ne
2509 5589 2712 5642 exacte
2735 5584 2838 5641 ﬁat
2858 5585 3168 5658 inquisitio
3200 5586 3481 5644 adversus
3506 5584 3759 5658 proximi

337 5675 542 5750 λήλοις
605 5670 1118 5754 συμπιριφᾶρεσθαι.
1170 5694 1200 5722 α
1262 5669 1366 5728 Kal?
1430 5669 1605 5733 οὕτως
1667 5670 1997 5750 hominem.

2119 5682 2369 5747 peccata,
2393 5681 2684 5747 tanquam
2705 5675 3146 5745 sciens,innuit,
3167 5676 3325 5748 quod
3350 5682 3408 5732 et
3434 5683 3496 5731 tu
3522 5681 3765 5747 peccata
