4098 6388
368 340 522 399 1159

1488 340 1910 400 LECUMENII
1957 341 2262 404 'l‘lthC/E
2309 349 2664 414 EPlSOOPI

3636 363 3792 422 1160

357 475 602 545 habeas,
635 481 694 531 et
744 479 977 546 oportet
1004 490 1112 529 nos
1151 473 1406 530 invicem
1456 473 1732 531 tolerare.
1762 497 1790 526 «
1822 475 1892 531 Et
1923 474 2004 532 sic

2123 503 2250 537 σατε
2279 483 2370 538 τὸν
2425 487 2592 559 νόμον
2649 493 2748 544 τοῦ
2806 492 3066 566 Χριστοῦ.
3111 518 3132 544 ι
3196 497 3311 550 Ἵνα
3358 493 3389 548 ὅ
3439 493 3564 568 δμοῖ
3609 492 3786 552 λείπει

355 567 647 638 complete
681 565 868 637 legem
891 563 1173 619 Christi.»
1204 565 1275 619 Ut
1297 563 1454 636 quod
1489 563 1634 619 mihi
1668 564 1834 620 deest
1862 565 2015 622 alius

355 656 649 727 compleat
682 653 990 709 tolerando
1025 670 1116 708 me
1147 671 1158 707 :
1222 660 1282 708 et
1338 655 1417 708 ita
1457 653 1599 709 dum
1631 654 2014 725 unusquique

352 741 605 815 porrigit
661 742 930 812 proximo
977 757 1238 808 manum,
1296 741 1674 812 complentur
1719 746 2018 812 praacepta

349 833 585 887 Christi.
620 863 687 873 —
721 832 836 886 Lex
898 831 1058 887 enim
1117 831 1331 885 Christi
1391 831 1527 886 talis
1559 848 1664 902 per
1696 848 1876 902 opera
1908 830 2014 886 de-

353 926 681 976 monstrata
715 926 840 976 est:
868 922 994 991 ipse
1030 937 1285 991 namque
1321 927 1558 991 peccata
1591 927 1793 976 nostra
1825 937 2018 976 susce-

348 1011 433 1082 pit
463 1017 521 1065 et
550 1010 794 1066 morbos
832 1011 1085 1081 portavit
1112 1009 1173 1064 ¹⁰.
1198 1011 1267 1064 Ει
1296 1016 1386 1064 est
1414 1010 1759 1081 hyperbole,
1785 1011 1927 1081 quia
1957 1015 2016 1065 et

349 1115 588 1155 crucem
621 1108 678 1154 et
706 1099 1053 1170 passionem
1104 1117 1208 1170 pro
1267 1099 1441 1153 nobis
1487 1099 1766 1170 suscepit.
1804 1131 1867 1140 —
1901 1104 2017 1154 Aut

352 1189 512 1260 quod
544 1188 978 1244 invicemalios
1011 1187 1265 1242 aliorum
1285 1202 1467 1242 onera
1497 1194 1556 1242 et
1587 1186 1850 1258 pondera
1877 1204 2014 1259 por-

352 1282 494 1343 tate,
529 1275 862 1333 secundum
919 1275 1030 1332 hoc
1088 1276 1235 1350 legis
1293 1276 1503 1331 Christi
1539 1276 1860 1348 completio
1903 1281 2011 1344 est,

354 1374 649 1439 quatenus
682 1385 751 1422 ex
784 1365 1103 1422 dilectione
1126 1368 1222 1422 sit.
1246 1367 1428 1422 Porro
1459 1366 1723 1435 dilectio,
1755 1365 1900 1440 legis
1928 1366 2013 1430 di-

351 1458 502 1512 vina:
534 1455 888 1528 completiva
919 1462 1008 1512 est
1039 1459 1104 1511 η.

425 1546 572 1601 765
609 1547 700 1614 Vl,
732 1548 762 1600 3
797 1547 849 1602 4.
883 1546 1020 1601 Nam
1077 1547 1124 1601 si
1178 1547 1301 1616 quis
1359 1545 1467 1601 sibi
1522 1545 1752 1602 videtur
1795 1545 2015 1617 aliquid

348 1651 458 1692 esse
487 1652 610 1690 cum
639 1635 784 1690 nihil
830 1638 922 1702 sit,
973 1651 1134 1690 suum
1193 1638 1306 1706 ipse
1360 1635 1516 1704 fallit
1562 1635 1830 1690 animum.
1865 1637 2012 1690 Onus

349 1733 536 1780 autem
565 1742 722 1782 suum
756 1732 952 1796 probet
1005 1731 1402 1795 unusquisque,
1435 1732 1488 1779 et
1537 1735 1665 1780 tunc
1709 1725 1783 1780 ad
1810 1731 2010 1780 semet-

348 1817 530 1886 ipsum
564 1822 782 1870 tantum
813 1815 1198 1884 gloriationem
1232 1814 1474 1880 habebit,
1497 1821 1549 1868 et
1574 1831 1681 1870 non
1712 1814 1786 1869 ad
1815 1815 2007 1869 alium.

353 1905 733 1976 Unusquisque
793 1907 941 1959 enim
1001 1906 1293 1975 prapriam
1349 1906 1629 1959 szrcinam
1701 1903 1998 1975 bajulabit.

349 1995 726 2052 Communicet
758 2001 945 2049 autem
990 1996 1088 2064 qui
1133 1996 1433 2050 instruitur
1469 2009 1713 2050 sermone
1742 1996 1791 2048 ei
1821 1994 1920 2065 qui
1957 2009 2010 2050 se

346 2085 572 2139 instruit
603 2086 658 2138 in
690 2086 940 2138 omnibus
971 2084 1143 2138 bonis.

414 2197 441 2223 ‹‹
476 2173 620 2229 Nam
652 2173 700 2227 si
733 2173 867 2245 quis
898 2173 1009 2227 sibi
1041 2173 1273 2228 videtur
1320 2172 1548 2245 aliquid
1581 2188 1735 2228 esse.
1771 2193 1798 2223 ι
1831 2171 1915 2228 Ob
1949 2171 2008 2230 id

343 2261 536 2318 solum
569 2262 720 2317 nihil
769 2268 859 2316 est
905 2261 1064 2333 quod
1114 2261 1227 2317 sibi
1276 2262 1504 2333 aliquid
1551 2278 1679 2317 esse
1710 2261 2002 2318 videatur.

344 2351 550 2422 Itaque
608 2366 742 2406 cum
795 2350 946 2406 nihil
997 2351 1092 2415 sit,
1148 2367 1322 2406 suum
1369 2353 1493 2422 ipse
1527 2350 1681 2406 fallit
1711 2351 2002 2408 animum.

343 2466 370 2492 ιι
403 2443 563 2513 Opus
595 2449 793 2497 autem
828 2457 1022 2498 suum.
1049 2465 1076 2491 ››
1105 2442 1246 2496 Nam
1273 2441 1319 2496 si
1347 2441 1482 2511 quis
1513 2442 1823 2513 proprium
1857 2457 2008 2513 opus

355 2532 652 2602 probaret,
686 2547 753 2587 ac
785 2530 1045 2602 seipsum
1069 2538 1270 2586 exacte
1293 2537 1680 2598 scrutaretur,
1708 2531 1766 2585 in
1793 2538 2007 2586 semet-

354 2619 549 2691 ipsum
576 2621 771 2691 potius
796 2621 1209 2692 gloriationem
1235 2619 1476 2674 haberet
1501 2627 1559 2674 et
1582 2635 1699 2674 non
1728 2619 2008 2675 adversus

350 2710 557 2778 alium,
589 2711 701 2766 hoc
732 2717 839 2770 est,
873 2709 1153 2765 adversus
1187 2710 1572 2781 semetipsum
1610 2709 1851 2764 habebit
1882 2709 2006 2779 glo-

349 2801 686 2865 riationem,
721 2801 840 2856 sive
872 2803 1260 2873 semetipsum
1311 2800 1764 2866 condemnabit,
1800 2807 1858 2854 et
1888 2816 2006 2854 non

348 2893 566 2947 alium:
597 2893 710 2946 hoc
741 2899 848 2960 est,
883 2892 1007 2963 ipse
1054 2895 1316 2963 seipsum
1351 2891 1696 2945 inferiorem
1728 2907 1793 2944 ac
1827 2906 2007 2962 egen-

349 2989 466 3036 tem
521 2982 780 3046 intuens,
844 2981 1106 3052 seipsnm
1165 2981 1489 3041 accusabit.
1523 2986 1580 3034 et
1639 2980 1710 3035 ab
1754 2980 2008 3034 aliorum

347 3071 844 3126 condemnatione
875 3071 1218 3138 abstinebit,
1251 3087 1385 3125 cum
1420 3069 1806 3140 semetipsum
1838 3084 2009 3122 nove‘

346 3161 424 3215 rit
444 3177 565 3216 non
590 3177 824 3233 semper
847 3161 1362 3217 conversationem
1389 3166 1544 3215 recte
1566 3158 2002 3224 observantem,

2124 570 2298 637 ἀλλος
2355 574 2730 654 ἀναπληρώσῃ
2786 584 3330 661 συμπεριιρερόμενός
3389 606 3505 657 μοι.
3542 585 3642 642 Καὶ
3691 584 3790 641 0’5-

2121 681 2231 724 τως
2276 663 2335 718 ἐκ
2388 670 2486 720 τοῦ
2541 664 2630 722 ἕνα
2685 667 2909 724 ’ἑκαστον
2956 672 3034 744 τῷ
3087 670 3325 744 πλησίον
3362 678 3525 749 χεῖρα
3553 670 3784 744 διδόναι,

2123 749 2465 828 πληροῦνται
2527 759 2579 811 αἱ
2634 757 2849 814 ἐντολαὶ
2905 764 3004 816 τοῦ
3054 764 3312 837 Χριστοῦ.
3365 797 3434 807 -
3483 766 3785 839 [<buT.]'0

2122 841 2230 918 γὰρ
2284 849 2379 898 τοῦ
2438 852 2678 920 Χριστοῦ
2735 849 2921 922 νόμος,
2987 847 3075 906 διὰ
3140 857 3247 907 τῶν
3301 851 3476 931 ἔργων
3531 861 3782 918 τοιοῦτος

2122 930 2366 1010 ἐδείχθη.
2425 935 2601 998 Αὐτὸς
2658 937 2761 1012 γὰρ
2817 940 2914 1003 τάς
2982 941 3249 1017 ἁμαρτίας
3308 930 3471 1015 ἡμῶν
3528 939 3779 1013 ἀνέλαϐε,

2121 1020 2336 1084 καὶτὰς
2379 1024 2568 1086 νόσους
2631 1022 2909 1082 ἐϐάστασε.
2974 1027 3077 1085 Καὶ
3136 1031 3170 1098 ἡ
3234 1025 3540 1104 ὑπερϐολή,
3573 1031 3655 1086 ίίτι
3688 1030 3780 1085 καὶ

2122 1111 2348 1185 σταυρὸν
2375 1112 2461 1166 καὶ
2495 1113 2720 1177 θάνατον
2780 1115 2914 1191 ὑπὶρ
2971 1119 3135 1189 ἡμῶν
3189 1115 3532 1189 κατεδέξατο.
3558 1153 3622 1162 -
3653 1122 3779 1193 [Ol-

2120 1201 2573 1274 KOl‘MENIOl‘.)
2626 1204 2691 1259 Ἥ
2752 1203 2836 1258 ὅτι
2894 1205 2960 1260 τά
3007 1203 3275 1277 ἀλλήλων
3315 1208 3454 1283 βάρη
3494 1207 3586 1263 καὶ
3617 1208 3778 1264 ἰλάτο

2118 1291 2347 1362 τώματα
2410 1293 2712 1366 βαστάζειν,
2772 1295 2911 1350 κατὰ
2965 1299 3129 1353 τοῦτο
3174 1297 3465 1372 πλήρῶσις
3524 1297 3634 1354 ἐστι
3681 1300 3780 1356 τοῦ

2118 1379 2289 1452 νόμου
2316 1384 2416 1436 τοῦ
2446 1383 2707 1458 Χριστοῦ,
2739 1384 2875 1440 καθὸ
2923 1385 2978 1456 ἐξ
3030 1385 3251 1462 ἀγάπης
3281 1386 3508 1466 γίνεται.
3541 1387 3780 1465 Πληρω·

2117 1471 2242 1538 τική
2277 1467 2333 1525 δὲ
2363 1473 2397 1540 ἡ
2429 1470 2610 1546 ἀγάπη
2642 1477 2741 1528 τοῦ
2763 1474 2910 1529 θείου
2934 1473 3131 1549 νόμου.

2189 1559 2258 1615 Ef-
2357 1561 2370 1578 π
2470 1557 2497 1616 δ
2536 1584 2546 1594 ,
2597 1567 2620 1579 υ
3101 1563 3124 1583 κ
3232 1561 3257 1582 ν
3500 1568 3513 1584 ς

2241 1603 2252 1613 .
2313 1580 2418 1636 γαρ
2505 1583 2617 1617 οκει
2669 1584 2754 1625 τις
2813 1567 2949 1620 εἶναι
3012 1566 3184 1640 μηοὶν
3219 1588 3317 1630 ων,
3363 1566 3552 1624 ἐαυτον
3585 1587 3780 1648 φρενα-

2117 1654 2278 1721 πανᾷ.
2349 1652 2426 1708 Τὸ
2496 1649 2552 1706 δὲ
2636 1646 2789 1728 ἔργον
2859 1654 3046 1710 ἱαυτον
3118 1653 3462 1729 δοκιμαζέτω
3524 1646 3776 1728 ἕκαστος,

2113 1739 2205 1794 καὶ
2267 1739 2391 1797 τότε
2456 1741 2530 1804 ε”ς
2597 1742 2783 1798 ἑαυτὸν
2852 1746 2915 1800 τὸ
2991 1746 3259 1820 καύχημα
3327 1744 3452 1817 ἔξει,
3520 1747 3610 1801 καὶ
3678 1746 3778 1803 ούκ

2117 1829 2192 1890 εἰς
2259 1829 2348 1886 τὸν
2413 1828 2614 1904 ἕτερον.
2680 1835 2950 1898 Ἕκαστος
3041 1834 3141 1910 γὰρ
3222 1837 3284 1890 τὸ
3344 1832 3488 1890 ’ίδιον
3554 1857 3780 1913 φορτιον

2122 1919 2396 1994 βαστάσει.
2435 1921 2777 1977 Κοινωνείτω
2837 1919 2893 1979 δὲ
2947 1924 2975 1978 ὁ
3034 1924 3455 2000 κατηχούμενος
3485 1924 3579 1981 τὸν
3613 1924 3780 2001 λόγον

2116 2013 2195 2082 τῷ
2226 2009 2561 2080 κατηχοῦντι
2592 2009 2644 2066 ἑν
2677 2015 2836 2068 πᾶσιν
2871 2013 3118 2092 ἀγαθοῖς.

2195 2127 2214 2150 ι
2253 2100 2315 2156 Ei
2346 2101 2451 2175 γὰρ
2491 2098 2640 2156 δοκεῖ
2667 2123 2752 2164 τις
2809 2101 2946 2158 εἶναί
3005 2122 3078 2172 τι,
3136 2128 3163 2154 υ
3195 2100 3266 2158 δι’
3323 2102 3453 2160 αὐτὸ
3489 2104 3655 2176 μόνον
3682 2104 3780 2160 οὐ-

2118 2185 2200 2242 δέν
2263 2188 2427 2258 ἐστιν,
2489 2191 2517 2244 ὅ
2570 2186 2720 2246 δοκεῖ
2776 2191 2912 2262 εἶναί
2971 2212 3044 2249 τι.
3103 2195 3404 2268 Τοιγαροῦν
3453 2189 3620 2268 μηδὲν
3674 2190 3780 2266 ὢν,

2116 2278 2302 2332 ἑαυτὸν
2337 2278 2663 2356 φρεναπατᾷ,
2730 2304 2751 2332 ι
2810 2283 2888 2338 Τὸ
2947 2277 3005 2354 δὲ
3061 2275 3217 2356 ἔργον
3267 2282 3482 2338 ἑαυτοῦ.
3520 2307 3546 2332 ν
3582 2280 3643 2338 Εἰ
3672 2283 3776 2356 γαρ

2115 2389 2198 2430 τις
2254 2370 2316 2424 τὸ
2374 2370 2565 2424 ἑαυτοῦ
2621 2362 2775 2446 ἔργον
2836 2367 3142 2442 δοκιαάζει,
3203 2372 3292 2428 καὶ
3351 2373 3536 2428 ἑαυτὸν
3591 2369 3780 2446 ἐρευνᾷ

2115 2453 2381 2532 ἀκριϐῶς,
2421 2459 2638 2532 μᾶλλον
2697 2459 2774 2522 εἷς
2828 2461 3013 2526 ἑαυτὸν
3075 2458 3177 2534 ἕξει
3235 2461 3298 2517 τὸ
3357 2459 3646 2536 καύχημα,
3685 2462 3779 2516 καὶ

2118 2547 2245 2626 οὐχὶ
2300 2550 2420 2612 καθ’
2474 2548 2679 2622 ἐτέρου,
2712 2552 2958 2606 τουτέστι
3015 2552 3131 2607 καθ’
3191 2551 3384 2606 ἑαυτοῦ
3414 2549 3518 2622 ἕξει
3550 2551 3613 2606 τὸ
3641 2549 3774 2605 καύο

2117 2659 2299 2716 χημα,
2362 2641 2475 2692 οἱον
2535 2639 2726 2694 ἑαυτοῦ
2780 2641 3198 2716 καταγνώσεται,
3239 2643 3324 2696 καὶ
3377 2640 3506 2717 ούχὶ
3555 2640 3772 2714 ἐτέρων.

2115 2731 2186 2783 ’Ἠ
2250 2727 2324 2788 εἷς
2383 2727 2570 2784 ἑαυτὸν
2620 2728 2723 2798 ἕξει
2787 2732 2849 2786 τὸ
2903 2731 3193 2806 καύχημα,
3252 2732 3548 2794 τουτέστιν,
3612 2729 3772 2792 αὐτὸς

2117 2817 2305 2871 ἑαυτὸν
2339 2815 2737 2890 ἐλαττούμενον
2777 2820 2863 2874 καὶ
2919 2819 3113 2884 ἐνδεῶς
3167 2819 3364 2900 ἔχοντα
3399 2818 3619 2896 βλέπων
3653 2821 3774 2875 tau-

2114 2906 2204 2961 τὸν
2236 2908 2506 2980 μέμψεται
2562 2908 2650 2960 καὶ
2708 2912 2808 2974 τῆς
2864 2910 3058 2980 ἑτέρων
3091 2910 3456 2980 ἀποστήσεται
3485 2910 3575 2965 καὶ
3607 2930 3777 2964 κατα-

2112 2999 2386 3074 γνώσεως,
2423 2996 2584 3060 εἰδὼς
2617 3000 2828 3068 ἑαυτὸν,
2861 2999 2986 3056 οὐδὲ
3034 3005 3132 3069 τὴν
3177 3003 3344 3071 αὐτην
3376 3002 3458 3058 ἀεὶ
3491 3001 3774 3057 πολιτείαν

2116 3087 2278 3142 αὐτοῦ
2304 3085 2758 3168 διαφυλάττοντα,
2801 3088 2948 3146 ἀλλά
2998 3091 3087 3146 καὶ
3134 3093 3338 3164 ταύτης
3391 3090 3501 3156 ἔσθ’
3535 3093 3624 3146 ὅτε
3654 3088 3775 3146 δια-

2114 3176 2405 3235 πίπτοντα.
2499 3201 2518 3230 ι
2583 3182 2934 3252 Δοκιμαζέτω
3013 3178 3262 3244 ἕκαστος.
3337 3206 3364 3235 ››
3451 3182 3776 3251 Ἑξεταζέτω

349 3249 451 3305 sed
485 3250 724 3304 interim
759 3250 938 3305 etiam
999 3249 1069 3304 ab
1130 3251 1240 3305 hac
1299 3249 1694 3305 decidentem.
1731 3269 1751 3296 ι
1787 3247 2004 3303 Probet

2118 3263 2334 3330 ἕκαστος
2390 3269 2516 3339 παρ’
2597 3267 2794 3342 ἑαυτῷ,
2854 3270 2920 3325 τά
2980 3265 3290 3344 βεϐιωμένα
3356 3269 3521 3343 αὐτῷ’
3589 3273 3770 3327 Τοῦτο

346 3339 775 3410 unusquisque.
812 3360 839 3388 »
903 3339 1173 3409 Inquirat
1228 3339 1640 3409 unusquisque
1672 3354 1780 3393 sua
1813 3337 1999 3407 ipsius

344 3433 476 3482 acta
507 3443 636 3498 quae
665 3428 791 3498 ipse
843 3427 902 3482 in
960 3429 1075 3482 vita
1133 3427 1377 3499 peregit.
1436 3428 1552 3482 Hoc
1583 3427 1744 3482 enim
1777 3426 2002 3481 faciens

346 3516 608 3587 seipsum
637 3516 709 3570 ad
737 3516 982 3571 meliora
1006 3516 1380 3588 praeparabit.
1407 3518 1531 3572 Non
1556 3523 1645 3570 est
1669 3522 1868 3572 autem
1892 3515 2002 3570 hoc

345 3606 686 3672 statuentis,
747 3606 851 3660 sed
904 3605 1292 3661 demittentis.
1328 3607 1560 3661 Etenim
1594 3623 1712 3660 non
1746 3610 2000 3676 oportet,

345 3695 560 3768 inquit.
593 3696 832 3768 gloriari
860 3713 872 3749 :
907 3697 1000 3751 sin
1052 3696 1270 3756 minus,
1304 3696 1515 3751 saltem
1549 3713 1668 3750 non
1701 3701 1766 3749 ut
1796 3695 2001 3749 Phari-

348 3802 522 3844 swus.
555 3787 660 3844 ait.
684 3786 966 3841 adversus
988 3787 1325 3857 proximum
1350 3785 1642 3859 glorieris,
1678 3783 1782 3840 sed
1803 3783 2002 3842 adver-

346 3892 446 3930 sus
479 3879 858 3946 temetipsum
892 3875 955 3930 ¹².
1019 3907 1086 3916 --
1139 3876 1272 3930 Alio
1328 3879 1508 3930 modo.
1565 3873 1729 3940 Quod
1779 3874 1826 3929 si
1881 3889 1999 3929 non

343 3965 586 4020 omnino
617 3965 859 4036 gloriari
918 3964 1084 4034 velis,
1135 3964 1350 4036 inquit.
1381 3970 1545 4020 tuam
1605 3965 1792 4035 ipsius
1823 3964 2000 4019 vitam

341 4056 770 4127 circumspice:
823 4061 879 4110 et
924 4055 972 4109 si
1035 4055 1626 4126 irreprehensibilem
1676 4055 1999 4122 inveneris,

341 4143 498 4215 apud
532 4144 787 4215 teipsum
817 4143 983 4200 illam
1009 4142 1239 4215 jactita,
1297 4145 1345 4199 si
1393 4145 1502 4198 hoc
1536 4159 1676 4199 sane
1717 4149 1773 4198 te
1805 4143 2000 4197 facere

341 4239 669 4304 oporteat.«
695 4233 1111 4305 Unusquisque
1135 4234 1296 4288 enim
1321 4233 1621 4304 propriam
1644 4232 2000 4288 sarcinam.»

343 4324 461 4377 Cur
520 4322 679 4376 enim
733 4321 1016 4378 adversus
1072 4323 1413 4393 proximum
1470 4320 1790 4392 gloriaris?
1841 4323 1911 4375 Et
1941 4327 2003 4375 tu

344 4416 402 4464 et
431 4409 596 4464 illam
648 4411 948 4482 propriam
1010 4411 1308 4464 sarcinam
1365 4407 1727 4480 bajulabitis.
1765 4410 1834 4463 Et
1863 4416 2004 4464 tunc

340 4499 808 4571 uniuscujusque
867 4516 1016 4571 opus
1075 4499 1446 4571 probabitur.
1500 4521 1526 4550 ‹‹
1591 4499 2005 4555 Communicet

2110 3357 2214 3432 γὰρ
2246 3362 2442 3429 ποιῶν,
2485 3358 2672 3413 ἑαυτὸν
2714 3359 2790 3423 εἰς
2838 3359 2906 3415 τα
2967 3358 3170 3434 βελτίω
3205 3359 3661 3437 μεταῤῥύθμίσει.
3694 3358 3774 3416 Οὐ

2107 3450 2536 3519 νομοθετοῦντος
2597 3445 2653 3502 δέ
2708 3453 2897 3519 τοῦτο,
2934 3448 3080 3505 ἀλλᾶ
3123 3444 3663 3524 συγκαταϐαίνοντος.
3693 3447 3772 3506 Ού

2111 3532 2192 3590 δεῖ
2225 3537 2320 3608 μὲν
2369 3538 2492 3611 γὰρ,
2554 3537 2710 3608 φησὶ,
2773 3541 3102 3614 καυχᾶσθαι.
3162 3540 3224 3598 Εἰ
3283 3536 3339 3594 δὲ
3394 3535 3516 3615 ἄρα,
3551 3537 3647 3594 κᾶν
3693 3539 3770 3612 μὴ

2109 3624 2183 3686 ὡς
2216 3626 2244 3679 ὁ
2277 3631 2575 3694 Φαρισαῖος
2630 3627 2765 3681 κατά
2821 3632 2918 3682 τοῦ
2970 3627 3212 3696 πλησίον
3243 3633 3461 3707 καυχῶ,
3494 3626 3642 3683 ἀλλά
3675 3625 3773 3682 κᾶν

2109 3715 2245 3769 κατᾶ
2297 3719 2514 3772 σαυτοῦ.
2577 3749 2640 3761 -
2697 3715 2946 3780 Ἀλλως.
3009 3718 3069 3773 Εἰ
3141 3715 3199 3772 δὲ
3274 3717 3364 3773 καὶ
3415 3717 3769 3791 σεμνύνεσθαι

2110 3801 2306 3869 Θέλεις,
2339 3807 2495 3884 φησί,
2551 3805 2646 3860 τὸν
2705 3811 2901 3862 σαυτοῦ
2959 3807 3277 3883 περισκόπει
3339 3808 3473 3884 βίον,
3509 3807 3604 3862 κᾶν
3631 3806 3772 3862 ἀκα-

2106 3893 2408 3969 τάγνωστον
2440 3893 2618 3970 εὕρῃς,
2651 3897 2789 3953 κατᾶ
2848 3898 3041 3954 σαυτὸν
3097 3898 3389 3972 σεμνύνου,
3450 3894 3605 3974 ἐίπερ
3662 3894 3768 3971 ἄρα

2106 3984 2267 4038 τοῦτό
2327 4005 2385 4039 σε
2443 3988 2524 4040 δεῖ
2581 3991 2778 4043 ποιεῖν.
2815 4011 2844 4039 (ι
2875 3993 3138 4050 Ἕκαστος
3169 3989 3273 4062 γὰρ
3331 3987 3394 4043 τὸ
3443 3983 3609 4044 ’ἰδιον.
3643 4010 3670 4038 n
3703 3985 3768 4042 Τί

2107 4073 2210 4148 γὰρ
2261 4083 2674 4154 κατακαυχᾶσαι
2732 4081 2828 4131 τοῦ
2885 4074 3160 4148 πλησίον;
3221 4077 3376 4157 φησί.
3433 4075 3531 4149 Καὶ
3570 4075 3632 4130 σὺ
3663 4073 3768 4130 κάρ

2106 4169 2284 4224 κεῖνος
2315 4163 2377 4217 τὸ
2409 4161 2550 4218 ἴδιον
2606 4168 2829 4241 φορτίον
2885 4166 3197 4241 βαστάσετε.
3231 4167 3333 4224 Καὶ
3365 4165 3489 4221 τότε
3521 4161 3766 4239 δοκιμα-

2107 4252 2362 4321 σθήσεται
2394 4250 2621 4307 ἑκάστου
2664 4255 2727 4308 τὸ
2776 4252 2949 4329 ἔργον.
3007 4278 3036 4307 ‹‹
3072 4253 3416 4312 Κοινωνείτω
3466 4251 3542 4310 δέ.
3582 4277 3603 4304 μ
3665 4258 3768 4308 Κε-

2107 4337 2252 4394 λεύει
2310 4345 2426 4402 τοῖς
2474 4347 2584 4396 τῶν
2631 4348 3014 4416 πνευματικῶν
3064 4343 3428 4412 ἀπολαύουσι,
3479 4338 3770 4416 μεταδιδά-

2104 4450 2189 4484 ναι
2247 4433 2352 4484 τῶν
2410 4438 2706 4506 σαρκικῶν.
2768 4434 2824 4488 Ὀ
2883 4434 3302 4510 κατηχούμενος
3351 4434 3444 4489 τὸν
3498 4432 3686 4507 λόγον,
3736 4456 3768 4484 ››

2102 4517 2400 4587 τουτέστιν,
2435 4523 2462 4576 ὁ
2495 4519 2910 4596 διδασκόμενος,
2937 4521 3281 4597 μεταδιδὸτω
3312 4527 3388 4595 τῷ
3429 4519 3766 4592 διδάσκοντι,

337 4594 556 4644 autem.
595 4613 622 4638 ››
653 4590 827 4644 Jubet
855 4595 921 4644 ut
971 4589 1028 4642 hi
1091 4589 1191 4660 qui
1250 4588 1661 4660 spiritualibus
1696 4591 1992 4655 fruuntur,

2118 4610 2328 4686 τροφὰς,
2387 4610 2622 4679 εὔνοιαν,
2685 4613 2876 4686 τιμήν.
2931 4615 3110 4670 Τοῦτο
3165 4614 3267 4690 γάρ
3327 4611 3501 4684 δηλοῖ
3549 4613 3632 4684 τὸ,
3676 4612 3766 4669 Ἑν

335 4678 702 4751 elargiantur
730 4679 1017 4734 carnalia.
1053 4701 1080 4729 ‹‹
1117 4678 1224 4743 Qui
1273 4677 1590 4733 instruitur
1633 4694 1929 4734 sermone.
1966 4701 1994 4727 ››

334 4767 410 4834 Is,
441 4767 657 4839 inquit,
692 4768 792 4839 qui
848 4766 1115 4835 docetur,
1151 4769 1441 4838 partiatur
1483 4765 1718 4822 docenti
1771 4783 1832 4822 se
1885 4765 1994 4822 ali-

335 4863 556 4922 menta,
582 4857 1059 4914 benevolentiam
1092 4863 1150 4911 et
1182 4857 1490 4912 honorem.
1515 4857 1658 4911 Nam
1685 4855 1796 4911 hoc
1823 4855 1998 4927 signi-

337 4943 475 4998 ﬁcat
507 4945 666 5015 quod
721 4947 824 5013 ait,
880 4948 945 5001 In
1001 4945 1278 5001 omnibus
1336 4945 1507 5001 bonis
1589 4947 1764 5001 Recte
1796 4950 1996 4999 autem

338 5031 485 5087 dixit
540 5033 969 5101 Communicet,
1012 5041 1069 5088 et
1130 5051 1249 5089 non
1305 5034 1649 5106 Largiatur:
1693 5038 1784 5087 est
1835 5033 1996 5088 enim

337 5122 454 5176 ista
484 5124 947 5180 communicatio
986 5123 1294 5195 quendam:
1355 5123 1456 5178 ille
1485 5121 1823 5194 spiritualia
1853 5138 1997 5179 con-

334 5211 470 5268 fert.
500 5218 563 5266 tu
595 5229 730 5267 vero
762 5213 1047 5269 carnalia.

412 5299 561 5356 760
598 5299 682 5369 \‘l,
737 5305 883 5356 7-10.
944 5303 1019 5356 Ne
1074 5306 1286 5367 erretis,
1345 5306 1485 5360 Deus
1543 5319 1653 5358 non
1702 5302 1990 5358 irridetur.

335 5391 619 5462 Quidquid
649 5391 794 5446 enim
823 5391 1176 5447 seminurerit
1222 5393 1401 5461 homo,
1435 5395 1534 5447 hoc
1566 5399 1617 5447 et
1649 5397 1828 5446 metet.
1858 5395 1994 5448 Nam

335 5486 431 5553 qui
476 5484 709 5539 seminat
744 5500 850 5554 per
899 5498 1120 5538 carnem
1170 5501 1347 5550 suam,
1381 5501 1451 5540 ea:
1490 5500 1654 5540 carne
1683 5489 1845 5539 metet
1874 5499 1993 5540 cor-

411 5725 457 5764 ¹⁰
489 5728 597 5786 In.
629 5741 750 5793 tan,
781 5726 853 5793 ὃς
887 5723 1090 5785 Matth.
1119 5741 1236 5794 Vin,
1274 5727 1358 5778 Π.
1444 5727 1485 5760 ¹¹
1515 5725 1684 5784 Rom.
1719 5741 1843 5793 xm,
1879 5725 1966 5780 10.

2107 4706 2266 4755 πᾶσιν
2300 4699 2550 4777 ἀγαθοῖς.
2607 4699 2798 4764 Καλῶς
2858 4700 2915 4758 δὲ
2970 4703 3107 4772 εἶπε,
3169 4701 3532 4775 Κοινωνείτω,
3581 4703 3670 4756 καὶ
3703 4699 3766 4756 οὐ

2111 4788 2472 4863 μιταδιδότω.
2533 4793 2806 4849 Κοινώνία
2887 4795 2988 4869 γὰρ
3054 4795 3118 4848 τὸ
3191 4797 3442 4868 πρᾶγμα.
3526 4793 3768 4853 Ἐκεῖνος

2105 4883 2444 4955 πνευματικά
2499 4881 2852 4960 συνεισφέρει,
2886 4883 2950 4938 σὺ
2998 4882 3054 4940 δὲ
3113 4885 3142 4939 ὁ
3192 4880 3606 4957 διδασκόμενος,
3639 4901 3766 4957 σαρ-

2217 4971 2228 4989 Ι

2103 4991 2252 5026 κικα.

2178 5306 2272 5372 Μὴ
2331 5303 2622 5374 πλανᾶσθε,
2682 5307 2812 5368 Θεὸς
2897 5308 2960 5362 οὐ
3048 5307 3462 5382 μυκτηρίζεται.
3531 5308 3600 5364 ’Ὀ
3659 5303 3765 5382 γάρ

2105 5392 2191 5447 ἐὰν
2255 5395 2446 5470 σπείρῃ
2526 5394 2832 5468 ἄνθρωπος,
2911 5401 3069 5452 τοῦτο
3136 5396 3226 5451 καὶ
3296 5395 3516 5470 θερίσει,
3584 5395 3668 5449 ’ὁτι
3738 5393 3766 5447 ὁ

2107 5483 2340 5558 σπείρων
2408 5484 2483 5548 εἷς
2560 5487 2663 5555 τήν
2741 5487 2910 5560 σάρκα
2988 5487 3205 5558 ἑαυτοῦ,
3275 5483 3335 5540 ἐκ
3405 5487 3504 5554 τῆς
3569 5483 3768 5561 σαρκὸς

2048 5723 2094 5760 η
2126 5724 2269 5781 Luc.
2303 5741 2456 5793 xvm,
2492 5729 2560 5779 to
2589 5741 2712 5797 seq.
