4108 6390
408 395 564 456 1163

1525 389 1953 453 ἝΟΠΜΕΝΙΙ
2001 389 2305 453 ΤΒΙΟΟΑΞ
2350 394 2704 456 EPISCOP’I

3673 395 3831 457 1164

405 544 537 584 sum
569 533 768 583 tamen
800 525 1038 597 prOpria
1086 541 1271 580 manu
1320 523 1635 596 epistolam
1687 540 1948 589 exarare,
1997 527 2052 578 ut

2175 518 2478 603 ἷδιόχειρον
2515 525 2615 592 τήν
2647 521 2944 596 ἆπιστολήν
2989 522 3216 601 γοᾶψαι,
3277 521 3365 580 διὰ
3410 525 3474 580 τὸ
3523 505 3825 600 ὁμολογίαν

399 618 706 690 proprium
727 614 1117 671 confessionis
1143 632 1290 671 meae
1313 614 1773 687 chirographum
1799 614 2053 686 depone-

398 713 581 768 retur.
617 707 777 777 quod
811 705 1328 762 circumcisionem
1363 721 1482 761 non
1514 705 1851 777 praedicem,
1877 703 2054 759 veluti

400 797 607 853 dicunt
629 797 1092 853 calumniatores
1141 819 1167 846 ‹‹
1193 797 1542 868 Quicunque
1569 796 1955 868 voluntjuxta
1976 795 2056 850 fa-

400 887 550 942 ciem
584 887 820 958 placere
853 887 913 941 in
947 903 1140 943 carne.
1181 909 1207 934 »
1232 887 1600 958 Quicunque,
1631 885 2058 957 inquit,volunt

400 976 555 1048 apud
587 977 862 1032 homines
894 976 1146 1041 laudari,
1177 976 1237 1030 hi
1268 993 1367 1030 vos
1419 982 1636 1048 cogunt
1685 974 2053 1031 circumcidi.

400 1066 573 1138 Apud
607 1083 755 1138 quos
788 1067 1064 1121 homines
1085 1065 1112 1120 ?
1139 1071 1241 1120 aut
1269 1065 1424 1137 apud
1462 1065 1714 1131 Judaaos,
1771 1073 2054 1136 tanquam

403 1155 611 1228 patrias
644 1155 756 1227 legi
789 1154 1161 1210 adhaerentes
1188 1171 1200 1207 :
1234 1162 1336 1210 aut
1365 1154 1521 1226 apud
1551 1160 1846 1220 externos,
1897 1152 2054 1224 quod

403 1245 568 1301 vobis
599 1251 881 1315 tanquam
915 1245 1222 1314 discipulis
1253 1251 1515 1301 utantur.
1561 1245 1706 1300 Nam
1762 1244 1822 1299 in
1870 1261 2050 1311 carne,

405 1330 462 1390 id
489 1343 576 1390 est
599 1335 657 1388 in
683 1334 1026 1389 hominibus
1052 1334 1140 1388 vel
1173 1335 1328 1406 apud
1375 1335 1669 1390 homines.
1715 1358 1741 1382 «
1776 1335 1890 1388 Nos
1937 1334 2052 1388 cir-

407 1425 682 1483 cumcidi.
719 1449 746 1475 »
781 1426 997 1483 Volunt
1025 1427 1244 1482 habere
1277 1433 1333 1481 et
1359 1427 1509 1482 alios
1541 1426 1946 1485 circumcisos.
1979 1441 2054 1480 ne

406 1523 651 1588 propter
683 1532 919 1571 crucem
955 1532 1021 1571 ac
1056 1514 1232 1571 fidem
1265 1514 1650 1588 evagitentur,
1685 1531 1751 1569 ac
1775 1529 2053 1585 persecu-

405 1607 631 1661 tionem
663 1606 1015 1662 sustineant.
1050 1606 1214 1669 Quod
1259 1607 1306 1660 si
1357 1606 1432 1661 sit
1481 1600 1792 1658 διοικῶνται
1843 1604 2054 1676 guber—

403 1706 643 1761 nentur,
658 1702 800 1752 tunc
821 1696 902 1751 ita
917 1694 1210 1768 intelliges
1233 1712 1244 1748 :
1265 1695 1712 1752 Omniafaciunt
1729 1693 2054 1748 ethomini-

402 1784 514 1841 bus
545 1786 778 1857 placere
810 1785 1030 1854 volunt,
1063 1787 1255 1840 solum
1286 1802 1360 1840 ne
1393 1799 1498 1856 per
1556 1783 1735 1838 fidem
1779 1787 2058 1855 regantur

2173 634 2298 687 μου,
2332 613 2514 689 φησὶν,
2574 610 2873 690 ἴδιόχειρον
2922 615 3260 683 ἀποκεῖσθαι,
3317 614 3398 669 δτι
3459 612 3519 670 οὐ
3568 616 3828 689 κηρύσσω

2165 704 2469 778 περιτομὴν
2519 705 2592 765 ὡς
2655 705 2706 760 oi
2739 701 3128 766 διαϐάλλοντες
3185 703 3455 779 λέγουσιν.
3493 728 3522 756 ιι
3554 705 3710 762 Ὅσοι
3744 703 3828 768 θέ-

2168 791 2353 848 λουσιν
2406 792 2850 868 εὐπροσωπῆσαι.
2886 819 2912 846 υ
2971 796 3132 850 ’Ὀσοι
3165 793 3407 864 θέλουσι,
3468 793 3623 871 φησὶ,
3679 794 3826 868 παρὰ

2166 883 2468 956 ἀνθρώποις
2511 882 2838 958 εὐδοκιμεῖν,
2898 883 3048 939 οῦτοι
3107 883 3496 955 ἀναγκάζουσιν
3530 883 3671 944 huic
3731 905 3826 938 πε-

2169 972 2531 1049 ριτέμνεσθαι.
2591 974 2779 1037 Ποίοις
2821 975 3128 1042 ἀνθρώποις
3160 974 3194 1044 ἢ
3229 977 3373 1050 παρα
3429 971 3716 1036 Ἰουδαίοις
3751 974 3827 1038 ὡς

2166 1063 2458 1137 ἐχομένοις
2508 1069 2606 1119 τοῦ
2663 1065 2921 1138 πατεῴου
2985 1064 3178 1138 νόμου,
3279 1065 3426 1137 παρὰ
3471 1069 3587 1125 τοῖς
3619 1059 3719 1134 ἔξω
3753 1066 3825 1128 ὡς

2170 1159 2440 1226 μαθηταῖς
2471 1153 2598 1226 ὑμῖν
2627 1155 3013 1228 κεχρημένοις.
3064 1177 3091 1204 ‹‹
3119 1156 3212 1211 Ἔν
3264 1153 3421 1225 σαρκὶ
3456 1175 3482 1202 ››
3513 1153 3636 1227 γὰρ,
3669 1173 3828 1208 τουτ-

2167 1241 2330 1312 ἐστιν,
2378 1241 2431 1296 ἐν
2478 1241 2808 1316 ἀνθρώποις.
2880 1267 2907 1294 (ι
2961 1243 3132 1314 ’Υμᾶς
3186 1239 3622 1315 περιτέμνεσθαι.
3657 1264 3681 1294 ι
3738 1241 3830 1297 0t-

2166 1329 2358 1386 λουσιν
2381 1330 2525 1410 ἔχειν
2580 1331 2671 1386 καὶ
2731 1331 2952 1406 ἑτέρους
3012 1349 3543 1406 περιτεμνομενους,
3601 1329 3692 1386 ’ίνα
3755 1330 3834 1404 μὴ

2168 1417 2256 1474 διὰ
2306 1424 2404 1476 τοῦ
2455 1425 2688 1496 σταυροῦ
2745 1421 2836 1475 καὶ
2893 1427 2992 1489 τῆς
3049 1420 3282 1482 πίστεως
3345 1419 3679 1475 ἐλαύνωνται
3737 1418 3832 1474 καὶ

2168 1506 2497 1568 διώκωνται.
2580 1509 2641 1568 Ei
2703 1508 2760 1566 δέ
2826 1509 2961 1576 ἔστι,
3021 1507 3354 1575 διοικῶνται,
3418 1509 3561 1564 οὕτω
3619 1511 3831 1582 νοήσει·

2170 1601 2347 1657 Πάντα
2379 1606 2620 1672 ποιοῦσι,
2679 1602 2769 1657 καὶ
2830 1602 3135 1675 ἀνθρώποις
3188 1600 3370 1676 ἀρέσαι
3427 1599 3666 1670 θέλουσι,
3729 1602 3835 1673 p.6-

2167 1711 2254 1746 vov
2285 1692 2376 1745 ἳνα
2411 1693 2483 1764 μή
2520 1689 2609 1746 διὰ
2637 1699 2736 1761 τῆς
2781 1690 3014 1753 πίστεως
3077 1689 3356 1766 ἄρχωνται
3415 1691 3504 1748 καὶ
3573 1689 3828 1747 διοικῶν-

2165 1801 2272 1838 ται.
2337 1805 2364 1833 ι(
2399 1782 2474 1839 Οὐ
2532 1782 2636 1858 γὰρ
2696 1783 2748 1837 οἱ
2801 1781 3335 1856 περιτεμνόμενοι.»
3395 1782 3632 1838 Δείκνυσι
3693 1782 3834 1838 κατᾶ

401 1890 470 1931 ac
527 1874 952 1947 gubernentur.
1015 1898 1041 1924 ‹‹
1098 1876 1243 1929 Nam
1301 1874 1400 1944 qui
1459 1871 2052 1928 circumciduntur.»

2164 1867 2466 1941 κενοδοξίαν
2495 1871 2558 1925 τὸ
2603 1877 2706 1926 πᾶν
2768 1870 2962 1933 αὐτούς
3014 1878 3212 1927 ποιεῖν.
3280 1871 3352 1926 Οῦ
3384 1873 3489 1948 γὰρ
3520 1871 3694 1943 οὗτοι,
3728 1893 3834 1950 φη-

403 1964 678 2022 Ostendit
695 1981 762 2018 ex
785 1963 948 2019 inani
972 1963 1161 2037 gloria
1191 1979 1314 2018 rem
1335 1978 1573 2018 omnem
1596 1960 1728 2016 illos
1752 1976 2052 2032 peragere.

400 2060 531 2110 Non
566 2053 725 2109 enim
759 2053 858 2124 qui
905 2052 1418 2107 circumciduntur
1473 2067 1695 2121 vosque
1749 2048 2065 2104 circumci-

403 2144 554 2199 dunt
597 2145 708 2197 hoc
738 2143 966 2197 faciunt
993 2148 1060 2196 ut
1089 2142 1279 2213 legem
1313 2148 1548 2196 servent
1577 2156 1645 2194 ac
1680 2138 2020 2194 custodiant
2049 2153 2062 2192 :

406 2232 510 2288 sed
541 2238 608 2287 ut
641 2231 900 2287 habeant
927 2230 1219 2303 gloriandi
1251 2230 1647 2293 occasionem,
1683 2245 1754 2284 ex
1785 2244 1854 2284 eo
1905 2225 2066 2299 quod

405 2339 507 2378 vos
540 2322 690 2378 768
717 2322 1168 2378 circumcidant.
1204 2323 1347 2377 Nam
1378 2321 1488 2375 hoc
1511 2326 1599 2376 est
1628 2318 1787 2390 quod
1819 2318 1920 2382 ait,
1947 2339 1975 2368 «
1996 2318 2063 2372 In

404 2418 601 2472 vestra
619 2431 817 2476 carne,
847 2436 874 2462 »
897 2420 964 2468 ut
985 2413 1125 2481 sint,
1159 2413 1372 2484 inquit,
1404 2417 1821 2483 praeceptores,
1844 2424 2062 2482 vosque

407 2501 670 2558 habeant
691 2500 1034 2572 discipulos.

481 2592 574 2659 Vi,
609 2593 784 2646 14-18.
823 2593 933 2661 Ego
962 2607 1086 2646 vero
1115 2591 1259 2645 absit
1289 2597 1351 2645 ut
1380 2590 1587 2659 glorier
1639 2587 1750 2644 nisi
1791 2591 1850 2642 in
1906 2604 2064 2644 cruce

410 2681 632 2737 Domini
661 2679 837 2735 nostri
865 2682 992 2734 Jesu
1019 2679 1243 2746 Christi,
1291 2695 1394 2749 per
1424 2695 1585 2749 quem
1641 2679 1776 2734 mihi
1825 2677 2063 2734 mundus

410 2771 704 2840 cruciﬁxus
744 2776 842 2839 est,
875 2775 927 2824 et
957 2785 1055 2838 ego
1087 2770 1306 2824 mundo.
1352 2771 1489 2825 Nam
1549 2772 1607 2822 in
1670 2767 1886 2823 Christo
1933 2770 2062 2822 Jesu

403 2877 581 2932 neque
611 2862 950 2915 circumcisio
981 2861 1283 2932 quidquam
1309 2860 1472 2920 valet.
1497 2876 1674 2930 neque
1698 2861 2061 2929 prwputium,

399 2950 493 3006 sed
523 2966 666 3005 nova
695 2957 967 3005 creatura.
1005 2955 1068 3006 Et
1098 2953 1414 3020 quicunque
1434 2949 1608 3020 juxta
1644 2948 1894 3018 regulam
1921 2949 2061 3003 hanc

403 3041 686 3108 incedunt,
711 3057 834 3110 pax
862 3055 1026 3109 super
1081 3056 1166 3094 eos
1221 3046 1272 3094 et
1329 3039 1731 3105 misericordia,
1791 3046 1842 3092 et
1896 3054 2061 3108 super

399 3131 570 3187 Israel
602 3133 715 3186 Dei.
749 3132 821 3186 De
852 3139 1051 3188 ca’tero
1101 3148 1168 3186 ne
1219 3133 1343 3201 quis
1390 3131 1526 3185 mihi
1582 3131 1857 3185 molestias
1901 3128 2056 3184 exhi-

403 3227 538 3282 ceat.
571 3237 671 3290 ego
696 3223 840 3276 enim
865 3223 1123 3290 stigmata
1154 3223 1373 3276 Domini
1400 3222 1527 3276 Jesu
1575 3223 1634 3275 in
1665 3236 1891 3291 corpore
1938 3235 2058 3274 meo

395 3317 585 3382 porto.
619 3311 813 3366 Gratia
843 3311 1064 3366 Domini
1091 3313 1267 3367 nostri
1313 3311 1441 3366 Jesu
1486 3310 1687 3365 Christi
1735 3327 1857 3366 cum
1899 3309 2060 3380 spiri-

406 3405 467 3455 tu
493 3406 693 3468 vestro,
727 3403 952 3470 fratres.
986 3406 1183 3458 Amen.

479 3671 778 3744 Tanquam
810 3671 1093 3728 miserum
1126 3671 1431 3744 quippiam
1490 3671 1862 3742 deprecatur.
1921 3671 2058 3736 Qua)

407 3768 498 3819 est
527 3769 720 3819 autem
755 3761 1078 3835 gloriatio?
1125 3761 1289 3827 Quod
1334 3766 1576 3832 propter
1627 3778 1735 3817 nos
1783 3760 2058 3833 indignos

403 3851 656 3908 voluerit
684 3851 968 3922 crucifigi.
1002 3852 1146 3906 Nam
1173 3851 1233 3905 id
1264 3849 1434 3907 nobis
1457 3850 1745 3923 gloriandi
1779 3856 1870 3906 est
1893 3866 2059 3905 occa-

398 3941 504 3995 sio.
535 3942 600 3995 In
623 3957 796 3997 cruce
822 3941 1001 4013 igitur
1018 3939 1234 3996 Christi
1260 3940 1436 3995 liceat
1464 3938 1607 3994 mihi
1632 3939 1894 4013 gloriari,
1923 3955 2054 4011 quas

394 4027 722 4085 incredulis
756 4030 985 4084 videtur
1015 4030 1193 4085 etiam
1245 4045 1374 4086 esse
1424 4029 1829 4102 opprobrium.
1886 4051 1912 4078 «
1946 4034 2056 4084 Per

396 4133 573 4190 quem
607 4119 752 4173 mihi
784 4119 1040 4175 mundus
1071 4117 1387 4174 cruciﬁxus
1420 4125 1525 4174 est.
1563 4141 1590 4169 »
1623 4118 1902 4173 Mundam
1961 4116 2051 4172 di-

391 4208 473 4264 cit
503 4225 596 4264 res
630 4210 984 4274 mundanas,
1015 4226 1229 4282 nempe
1262 4209 1498 4265 laudem
1533 4225 1600 4264 ac
1639 4208 1887 4281 gloriam
1920 4225 2050 4279 quae

390 4298 464 4354 ad
500 4299 842 4356 hominibus
875 4300 1178 4372 quaeritur.
1216 4299 1350 4354 Haac
1382 4298 1580 4370 igitur,
1625 4297 1782 4370 quod
1838 4297 1912 4353 ad
1956 4313 2049 4354 me

391 4387 626 4448 attinet.
657 4389 858 4443 omnia
885 4393 1121 4443 mortua
1151 4392 1311 4442 sunt.
1347 4387 1570 4442 Deinde
1621 4402 1746 4442 rem
1803 4403 2052 4459 exagge-

390 4492 532 4534 rans
564 4476 748 4532 dixit:
784 4479 852 4532 Et
881 4493 986 4549 ego
1018 4476 1113 4534 his
1145 4484 1414 4532 mortuus
1448 4492 1578 4532 sum
1614 4493 1627 4531 :
1661 4476 1842 4548 dupla
1889 4492 2049 4532 mor-

389 4567 715 4625 tificatione
738 4568 932 4642 fugam
948 4568 1187 4627 illorum
1211 4568 1626 4642 significanset
1643 4567 2042 4626 inutilitatem.

386 4680 414 4708 ι(
445 4657 557 4714 Sed
581 4673 729 4714 nova
759 4663 1049 4716 creatura.
1091 4679 1119 4708 »
1153 4659 1328 4714 Nova.
1359 4658 1572 4729 inquit.
1608 4664 1879 4714 creatura
1910 4662 2050 4712 sunt
2079 4645 2124 4710 D

385 4749 604 4804 omnia.
631 4751 777 4806 Nam
800 4765 1007 4806 omnes
1030 4749 1150 4804 sive
1175 4748 1510 4806 circumcisi
1536 4748 1653 4804 sive
1685 4748 2042 4821 praeputium

381 4837 672 4894 habentes
702 4839 801 4908 qui
857 4837 1241 4900 credidimus,
1276 4855 1426 4894 nova
1456 4845 1727 4895 creatura
1770 4839 1906 4895 facti
1939 4854 2040 4896 su-

384 4943 538 4994 mus,
563 4928 742 4982 veteri
776 4929 1014 4983 homine
1048 4929 1301 4999 sepulto,
1336 4927 1626 4999 nobisque
1649 4928 1928 5000 baptismi
1961 4927 2041 4983 la-

384 5032 554 5070 vacro
586 5017 970 5089 regeneratis.
1006 5041 1033 5067 ‹‹
1069 5019 1136 5071 Et
1165 5018 1506 5087 quicunque
1535 5020 1700 5085 juxta
1739 5017 1890 5071 hanc
1946 5033 2042 5072 re-

384 5103 582 5176 gulam
616 5106 917 5161 incedunt.
955 5128 982 5157 »
1015 5107 1334 5177 Quotquot,
1369 5106 1583 5176 inquit,
1618 5106 1727 5160 hac
1763 5106 1961 5179 regula
1983 5112 2041 5161 et

385 5192 657 5248 doctrina
687 5196 946 5251 contenti
982 5195 1222 5262 fuerint,
1257 5212 1472 5266 nempe
1503 5195 1659 5267 quod
1694 5212 1843 5250 nova
1873 5213 2040 5252 crea-

386 5287 518 5338 tura
549 5283 666 5337 sint
699 5285 918 5349 omnia,
956 5302 1029 5339 ne
1060 5303 1120 5340 se
1155 5286 1264 5357 legi
1301 5284 1696 5340 subdiderint.
1724 5309 1749 5336 ‹‹
1777 5287 2040 5357 Etsuper

381 5373 564 5430 Israel
600 5374 719 5429 Dei.
757 5397 783 5422 n
820 5375 997 5429 Israel
1034 5374 1225 5429 fidelis
1257 5381 1347 5430 est
1366 5375 1638 5446 p0pulus.
1666 5376 1832 5446 quasi
1853 5377 2038 5433 ridens

381 5465 576 5518 Deum.
611 5464 814 5534 Itaque
848 5464 948 5534 qui
993 5463 1336 5519 incredulus
1388 5464 1586 5522 fuerit.
1638 5465 1813 5520 etiam
1873 5466 1920 5520 si
1967 5482 2039 5522 ex

378 5550 554 5608 Iacob
589 5550 931 5615 descendat,
967 5554 1317 5622 cognatione
1343 5571 1473 5624 qua:
1508 5553 1579 5609 ad
1607 5557 1794 5626 ipsum
1821 5560 1909 5609 est
1930 5555 2036 5623 eji-

379 5641 549 5698 citur.
588 5668 613 5693 ‹‹
649 5644 728 5699 De
763 5648 977 5699 cwtcro
1007 5659 1077 5697 ne
1132 5649 1265 5714 quis
1311 5642 1456 5698 mihi
1516 5643 1819 5700 molestias
1875 5643 2037 5700 exhi-

376 5725 536 5789 beat.
572 5751 600 5782 ››
630 5731 750 5789 Ηοο
780 5737 980 5790 autem
1019 5748 1142 5792 non
1173 5731 1255 5790 ait
1285 5730 1622 5792 detrectans
1655 5749 1667 5792 :
1702 5730 1856 5792 absit
1885 5749 1896 5788 :
1931 5732 2034 5794 sed

2173 1960 2278 2028 σῖν,
2321 1961 2372 2014 οἱ
2436 1960 2878 2035 περιτεμνόμενοι
2933 1961 3022 2016 καὶ
3087 1963 3227 2034 ὑμᾶς
3289 1964 3716 2036 περιτέμνοντες.
3754 1961 3831 2025 ὡς

2169 2049 2339 2123 νόμον
2421 2053 2707 2123 τθροῦντες
2766 2053 2853 2106 καὶ
2908 2049 3267 2130 φυλάττεντες
3325 2055 3487 2106 τοῦτο
3551 2058 3833 2124 ποιοῦσιν,

2169 2135 2297 2194 ἀλλ’
2326 2138 2414 2193 ἳνα
2444 2134 2614 2214 ἔχωσι
2649 2144 2744 2193 τοῦ
2774 2147 3078 2214 καυχᾶσθαι
3110 2140 3366 2220 ἀφορμήν
3425 2139 3512 2195 διὰ
3539 2145 3636 2196 τοῦ
3691 2142 3836 2214 ὑμᾶς

2167 2225 2527 2302 περιτέμνειν.
2594 2231 2780 2285 Τοῦτο
2855 2229 2956 2304 γάρ
3016 2229 3179 2295 ἐστιν,
3264 2231 3415 2286 «Ἐν
3469 2231 3537 2302 τῇ
3602 2230 3840 2305 ὑμετέρᾳ

2170 2317 2348 2392 σαρκὶ,
2387 2343 2411 2368 n
2455 2315 2568 2388 ἵνα,
2629 2318 2812 2397 φησὶν,
2879 2319 2980 2374 ὦσι
3040 2314 3369 2375 διδάσκαλοι
3405 2366 3418 2391 ,
3465 2319 3557 2374 καὶ
3591 2318 3841 2392 μαθητὰς

2171 2406 2312 2480 ὑμᾶς
2342 2404 2534 2482 ἔχωσι.

2242 2585 2402 2658 Ἐμοὶ
2462 2583 2518 2642 δὲ
2572 2588 2647 2660 μὴ
2729 2586 2943 2662 γένοιτο
2999 2588 3328 2662 καυχᾶσθαι,
3400 2587 3448 2643 ei
3507 2589 3581 2661 μὴ
3642 2587 3692 2643 ἐν
3753 2593 3834 2660 τῷ

2169 2679 2381 2750 σταυρῴ
2431 2679 2528 2730 τοῦ
2582 2677 2788 2750 Κυρίου
2866 2677 3049 2746 Ἰησοῦ
3106 2679 3342 2752 Χριστοῦ
3377 2722 3390 2746 ,
3453 2675 3524 2732 δι’
3581 2679 3642 2733 οῦ
3703 2677 3832 2752 ἐμοὶ

2166 2765 2372 2836 κόσμος
2455 2764 2841 2840 ἐσταύρωται,
2909 2765 3064 2842 κάγὼ
3143 2771 3222 2839 τῷ
3305 2767 3520 2840 κόσμῳ.
3583 2769 3669 2824 Ἐν
3727 2769 3827 2845 γαρ

2169 2851 2387 2926 Χριστῷ
2470 2854 2655 2921 Ἰησοῦ
2749 2848 2873 2908 οὔτε
2955 2855 3229 2928 περιτομή
3314 2875 3365 2908 τι
3436 2854 3638 2930 ἰσχύει,
3699 2852 3828 2912 οὔτε

2167 2935 2516 3016 ἀκροϐυστία,
2600 2939 2748 2998 ἀλλὰ
2829 2944 2986 3013 καινῆ
3081 2943 3276 3003 κτίσις.
3359 2944 3460 3002 Καὶ
3547 2944 3666 3000 ὅσοι
3750 2949 3833 3018 τῷ

2164 3030 2346 3085 κανόνι
2428 3030 2608 3104 τούτῳ
2684 3035 3102 3107 στοιχήσουσιν,
3196 3032 3386 3109 εἰρήνη
3475 3033 3557 3089 ἐπ’
3638 3034 3836 3100 αὐτοὺς

2165 3121 2254 3176 καὶ
2297 3119 2499 3192 ἓλεος,
2563 3123 2655 3178 καὶ
2714 3122 2800 3178 ἐπὶ
2858 3124 2948 3178 τὸν
3008 3123 3232 3198 Ἰσραήλ
3314 3128 3411 3180 τοῦ
3485 3129 3618 3180 Θεοῦ
3653 3170 3666 3183 .
3727 3129 3837 3184 Τοῦ

2173 3207 2374 3265 λοιποῦ
2430 3211 2635 3274 κόπους
2724 3235 2817 3286 μοι
2891 3210 3083 3286 μηδεὶς
3159 3212 3468 3289 παρεχέτω.
3527 3215 3672 3288 Ἐγὼ
3729 3215 3835 3290 γαρ

2168 3301 2236 3354 τὰ
2296 3299 2568 3375 στίγματα
2624 3305 2721 3358 τοῦ
2783 3301 2990 3378 Κυρίου
3051 3304 3231 3373 Ἰησοῦ
3308 3301 3360 3359 ἐν
3445 3307 3524 3376 τῷ
3618 3301 3839 3378 σώματί

2172 3408 2276 3462 μου
2339 3389 2613 3465 βαστάζω.
2683 3391 2746 3446 ἹΙ
2805 3391 2970 3466 χάρις
3019 3395 3117 3446 τοῦ
3175 3392 3374 3467 Κυρίου
3434 3393 3596 3467 ἡμῶν
3653 3395 3842 3462 Ἰησοῦ

2168 3481 2427 3554 Χριστοῦ,
2529 3480 2663 3553 μετᾶ
2750 3483 2845 3535 τοῦ
2921 3479 3230 3554 πνεύματος
3315 3481 3488 3555 ὑμῶν,
3585 3479 3843 3558 ἀδελφοί.

2166 3567 2231 3622 Ἀ
2245 3569 2371 3640 μὴν.

2233 3671 2322 3733 Ὦς
2378 3671 2625 3749 χαλεπόν
2675 3697 2729 3730 τι
2787 3676 3087 3746 ἂπηύεατο.
3149 3677 3242 3740 Τίς
3300 3675 3359 3733 δὲ
3414 3680 3448 3746 ἡ
3509 3677 3837 3753 καύχησιςς

2161 3763 2279 3816 Ὅτι
2313 3760 2382 3816 δι’
2414 3765 2564 3837 ἡμᾶς
2603 3763 2728 3829 τοὺς
2767 3764 3014 3836 ἀναξίους
3061 3763 3374 3837 κατεδέξατο
3427 3770 3840 3844 σταυρωθῆναι-

2159 3851 2339 3907 Τοῦτο
2383 3854 2482 3928 γὰρ
2538 3856 2674 3928 ἡμῖν
2706 3857 3032 3930 καυχήσεως
3089 3857 3335 3934 ἀφορμή.
3374 3857 3463 3920 Εἷς
3521 3857 3612 3912 τὸν
3674 3879 3838 3916 σταυ.

2160 3942 2253 4016 ρὸν
2294 3945 2391 3996 οῦν
2445 3946 2541 3998 τοῦ
2599 3945 2834 4018 Χριστοῦ
2886 3942 2971 4014 εὟη
3028 3967 3121 4018 μοι
3175 3949 3505 4025 καυχᾶσθαι,
3559 3947 3648 4002 τὸν
3704 3951 3828 4010 τοῖς

2161 4035 2407 4099 ἀπίστοις
2469 4036 2559 4092 καὶ
2606 4035 2988 4095 ’ἐπονείδοστον
3057 4040 3193 4095 εἶναι
3256 4037 3536 4097 δοκοῦντα.
3598 4040 3831 4098 «Δι’οὗ

2159 4125 2285 4198 ἐμοὶ
2316 4127 2520 4201 κόσμος
2552 4127 2904 4202 ἐσταύρωται.
2952 4155 2974 4184 ι
3011 4131 3232 4205 Κόσμον
3267 4133 3422 4210 φησῖ,
3467 4133 3532 4188 τὰ
3595 4133 3831 4209 βιωτικᾶ

2157 4214 2472 4290 πράγματα,
2505 4218 2597 4272 τὸν
2631 4219 2776 4293 παρᾶ
2828 4219 3130 4295 ἀνθρώπων
3186 4218 3426 4289 ἔπαινον,
3479 4223 3581 4290 τήν
3641 4220 3827 4292 δόξαν.

2153 4304 2320 4360 Ὅσον
2354 4303 2446 4359 οῦν
2476 4306 2602 4380 παρ’
2633 4305 2780 4377 ἐμοὶ,
2835 4313 3001 4364 ταῦτα
3059 4331 3233 4367 παντα
3285 4312 3449 4385 νεκρά
3497 4309 3660 4368 ἐστιν.
3689 4312 3823 4368 Εἶτα

2155 4391 2396 4449 ἐπίτασιν
2424 4395 2561 4451 εἴπεο
2598 4398 2700 4455 Καὶ
2731 4395 2858 4474 ἐγὼ,
2904 4399 3059 4476 φησῖ,
3106 4399 3322 4463 τούτοις
3351 4403 3534 4476 νεκρός
3581 4401 3718 4474 εἶμι,
3746 4404 3822 4476 τῇ

2154 4479 2325 4549 διπλῆ
2358 4487 2644 4561 νεκρότητι
2678 4487 2739 4542 τὸ
2781 4489 3007 4564 φευκτὸν
3050 4488 3225 4544 αὐτῶν
3259 4488 3445 4559 δηλῶν
3475 4491 3564 4546 καὶ
3619 4511 3808 4547 παντε-

2157 4571 2270 4637 λῶς
2300 4573 2675 4650 ἀνενέργητον.
2702 4601 2729 4629 ‹‹
2763 4575 2940 4635 Ἀλλὰ
2969 4581 3124 4650 καινὴ
3149 4579 3338 4641 κτίσις.
3373 4606 3392 4629 ι
3423 4581 3598 4649 Καινὴ
3622 4580 3824 4652 κτίσις,

2156 4664 2312 4736 φησὶ,
2346 4665 2413 4720 τα
2443 4665 2634 4720 πάντα’
2696 4666 2890 4730 πάντες
2946 4668 3048 4744 γὰρ
3101 4668 3154 4723 οἳ
3209 4689 3266 4724 τε
3325 4669 3689 4746 ἐμπερίτομοι
3726 4671 3823 4726 καὶ

2155 4751 2205 4805 οἳ
2271 4749 2598 4828 ἀκρόϐυστοι
2652 4754 3059 4826 πιστεύσαντας,
3139 4759 3295 4828 καινὴ
3350 4759 3525 4820 κτίσις
3595 4759 3824 4833 γεγόνα-

2154 4861 2271 4914 μεν,
2330 4847 2427 4898 τοῦ
2479 4846 2718 4900 παλαιοῦ
2770 4846 3058 4922 ἀνθρώπου
3130 4847 3387 4927 ταφέντος
3422 4894 3436 4916 ,

2149 4930 2612 5006 ἆναγεννηθέντων
2695 4934 2747 4990 ἐν
2833 4933 3222 5013 κολυμϐήθρᾳ.
3309 4962 3337 4990 ‹‹
3398 4937 3500 4995 Καὶ
3556 4937 3673 4994 ὅσοι
3730 4942 3816 5012 τῷ

2147 5020 2329 5076 κανόνι
2378 5020 2557 5094 τούτῳ
2615 5026 3091 5098 στοιχήσουσιν.»
3153 5027 3336 5095 "Osci,
3397 5026 3552 5102 φησὶ,
3610 5030 3689 5098 τῷ
3719 5027 3813 5081 καὶ

2148 5109 2259 5164 νόνι
2293 5110 2381 5165 καὶ
2413 5113 2484 5181 τῆ
2515 5109 2718 5188 διδαχῇ
2769 5113 2938 5189 ταύτῃ
2998 5115 3323 5189 ἀρκεσθῶσι,
3356 5120 3434 5188 τῷ
3462 5117 3654 5184 καινὴν
3707 5112 3825 5171 κτί-

2152 5219 2234 5252 σιν
2267 5199 2404 5254 εἶναι
2466 5201 2531 5255 τὰ
2571 5201 2764 5269 πάντα,
2824 5204 2914 5258 καὶ
2975 5206 3050 5276 μὴ
3116 5205 3388 5268 ὑποθῶσιν
3449 5205 3672 5269 ἑαυτοὺς
3733 5203 3817 5278 τῷ

2147 5287 2325 5360 νόμῳ.
2358 5311 2381 5342 α
2416 5290 2519 5346 Καὶ
2562 5289 2650 5346 ἐπὶ
2695 5292 2788 5348 τὸν
2823 5292 3046 5368 Ἰσραὴλ
3103 5298 3199 5348 τοῦ
3248 5299 3401 5350 Θεοῦ.
3443 5319 3470 5346 ››
3525 5293 3747 5364 Ἰσραὴλ
3782 5294 3812 5349 ὁ

2147 5377 2336 5440 πιστός
2398 5377 2509 5433 ἐστι
2565 5377 2724 5446 λαὸς,
2776 5383 2850 5444 ὡς
2885 5384 3027 5456 ὁρῶν
3058 5382 3148 5438 τὸν
3193 5383 3340 5440 Θεὸν.
3401 5385 3488 5446 Ὠς
3545 5383 3637 5439 ὅδε
3691 5383 3819 5439 ἄπι-

2148 5487 2291 5534 στος,
2319 5467 2414 5522 κᾶν
2436 5466 2495 5522 ἐκ
2522 5469 2616 5524 τοῦ
2650 5465 2846 5526 Ἰακὼϐ
2897 5470 3061 5538 ἐστιν,
3123 5468 3453 5543 έκλέϐληται
3513 5481 3611 5542 τῆς
3671 5475 3812 5549 πρὸς

2147 5553 2304 5610 αὐτὸν
2339 5560 2674 5634 συγγενείας.
2727 5562 2898 5617 «Τοῦ
2961 5559 3163 5616 λοιποῦ
3221 5563 3425 5625 κόπους
3462 5584 3554 5636 μοι
3615 5560 3818 5635 μηδεὶς

2147 5644 2520 5721 παρεχέτω.»
2583 5649 2757 5706 Τοῦτο
2785 5649 2920 5729 μοῦκ
2965 5650 3170 5706 ὀκνῶνν
3235 5649 3406 5729 λέγει.
3471 5654 3546 5726 μὴ
3578 5651 3820 5727 γένοιτο.

2144 5731 2292 5792 ἀλλὰ
2345 5733 2684 5816 βουλόμενος
2710 5723 2858 5816 ζτοῖις
2919 5741 3046 5822 παρ’
3086 5741 3254 5801 αὐτοῦ
3307 5723 3552 5808 τεθέντας
3592 5723 3820 5822 ’νόμους

3501 4847 3590 4902 καὶ
3657 4850 3690 4917 ἡ
3702 4853 3823 4922 μῶν
