  <div class='ocr_page' id='page_1' title='image "/cluster/home/n/w/nwhite01/storage/ocr_20150623/118:no.1/coo.31924054870229/602.png"; bbox 0 0 4108 6394; ppageno 0'>
   <div class='ocr_carea' id='block_1_1' title="bbox 283 412 440 480">
    <p class='ocr_par' dir='ltr' id='par_1_1' title="bbox 283 412 440 480">
     <span class='ocr_line' id='line_1_1' title="bbox 283 412 440 480; baseline 0.013 -2"><span class='ocrx_word' id='word_1_1' title='bbox 283 412 440 480; x_wconf 63' lang='grc'><strong>1165</strong></span> 
     </span>
    </p>
   </div>
   <div class='ocr_carea' id='block_1_2' title="bbox 1323 410 2649 475">
    <p class='ocr_par' dir='ltr' id='par_1_2' title="bbox 1323 410 2649 475">
     <span class='ocr_line' id='line_1_2' title="bbox 1323 410 2649 475; baseline -0.002 0"><span class='ocrx_word' id='word_1_2' title='bbox 1323 413 1737 475; x_wconf 80' lang='grc' dir='ltr'><strong>ΟΟΜΜΕΝΤ.</strong></span> <span class='ocrx_word' id='word_1_3' title='bbox 1787 412 1874 472; x_wconf 83' lang='lat' dir='ltr'><strong>IN</strong></span> <span class='ocrx_word' id='word_1_4' title='bbox 1928 410 2164 471; x_wconf 86' lang='lat' dir='ltr'><strong>EPlST.</strong></span> <span class='ocrx_word' id='word_1_5' title='bbox 2211 411 2336 470; x_wconf 79' lang='grc' dir='ltr'><strong>ΑΠ’</strong></span> <span class='ocrx_word' id='word_1_6' title='bbox 2374 412 2649 473; x_wconf 79' lang='lat' dir='ltr'><strong>EPHES.</strong></span> 
     </span>
    </p>
   </div>
   <div class='ocr_carea' id='block_1_3' title="bbox 3542 414 3699 476">
    <p class='ocr_par' dir='ltr' id='par_1_3' title="bbox 3542 414 3699 476">
     <span class='ocr_line' id='line_1_3' title="bbox 3542 414 3699 476; baseline 0.006 -4"><span class='ocrx_word' id='word_1_7' title='bbox 3542 414 3699 476; x_wconf 71' lang='lat' dir='ltr'><strong>i166</strong></span> 
     </span>
    </p>
   </div>
   <div class='ocr_carea' id='block_1_4' title="bbox 282 543 1956 623">
    <p class='ocr_par' dir='ltr' id='par_1_4' title="bbox 282 543 1942 623">
     <span class='ocr_line' id='line_1_4' title="bbox 282 543 1942 623; baseline 0.001 -24"><span class='ocrx_word' id='word_1_8' title='bbox 282 543 575 617; x_wconf 68' lang='grc' dir='ltr'><strong>ἀκινήτους</strong></span> <span class='ocrx_word' id='word_1_9' title='bbox 604 547 761 616; x_wconf 70' lang='grc' dir='ltr'><strong>εἶναι,</strong></span> <span class='ocrx_word' id='word_1_10' title='bbox 791 547 866 610; x_wconf 83' lang='grc' dir='ltr'>ὡς</span> <span class='ocrx_word' id='word_1_11' title='bbox 938 548 1134 620; x_wconf 66' lang='grc' dir='ltr'><strong>μηκέτι</strong></span> <span class='ocrx_word' id='word_1_12' title='bbox 1193 546 1499 623; x_wconf 70' lang='grc' dir='ltr'><strong>μέλλοντος</strong></span> <span class='ocrx_word' id='word_1_13' title='bbox 1558 545 1722 603; x_wconf 76' lang='grc' dir='ltr'><strong>αύτοῦ</strong></span> <span class='ocrx_word' id='word_1_14' title='bbox 1777 565 1942 623; x_wconf 86' lang='grc' dir='ltr'><strong>προσ-</strong></span> 
     </span>
    </p>
   </div>
   <div class='ocr_carea' id='block_1_5' title="bbox 2065 543 3698 623">
    <p class='ocr_par' dir='ltr' id='par_1_5' title="bbox 2065 544 3698 622">
     <span class='ocr_line' id='line_1_5' title="bbox 2065 544 3698 622; baseline 0.003 -20"><span class='ocrx_word' id='word_1_15' title='bbox 2065 544 2254 604; x_wconf 76' lang='lat' dir='ltr'><strong>volens</strong></span> <span class='ocrx_word' id='word_1_16' title='bbox 2284 551 2532 604; x_wconf 85' lang='lat' dir='ltr'><strong>statutas</strong></span> <span class='ocrx_word' id='word_1_17' title='bbox 2569 564 2604 604; x_wconf 89' lang='lat' dir='ltr'><strong>a</strong></span> <span class='ocrx_word' id='word_1_18' title='bbox 2629 565 2692 604; x_wconf 87' lang='lat' dir='ltr'><strong>se</strong></span> <span class='ocrx_word' id='word_1_19' title='bbox 2724 549 2881 622; x_wconf 86' lang='lat' dir='ltr'><strong>leges</strong></span> <span class='ocrx_word' id='word_1_20' title='bbox 2911 549 3112 605; x_wconf 77' lang='lat' dir='ltr'><strong>ﬁrmas</strong></span> <span class='ocrx_word' id='word_1_21' title='bbox 3157 565 3309 612; x_wconf 87' lang='lat' dir='ltr'><strong>esse,</strong></span> <span class='ocrx_word' id='word_1_22' title='bbox 3342 549 3510 621; x_wconf 84' lang='lat' dir='ltr'><strong>quasi</strong></span> <span class='ocrx_word' id='word_1_23' title='bbox 3569 549 3698 622; x_wconf 81' lang='lat' dir='ltr'><strong>ipse</strong></span> 
     </span>
    </p>
   </div>
   <div class='ocr_carea' id='block_1_6' title="bbox 283 635 1940 714">
    <p class='ocr_par' dir='ltr' id='par_1_6' title="bbox 283 635 1940 714">
     <span class='ocr_line' id='line_1_6' title="bbox 283 635 1940 714; baseline 0 -24"><span class='ocrx_word' id='word_1_24' title='bbox 283 637 487 700; x_wconf 79' lang='grc' dir='ltr'><strong>τιθὲναι</strong></span> <span class='ocrx_word' id='word_1_25' title='bbox 527 635 563 704; x_wconf 81' lang='grc' dir='ltr'>ἦ</span> <span class='ocrx_word' id='word_1_26' title='bbox 601 637 864 714; x_wconf 76' lang='grc' dir='ltr'><strong>ὑφαιρεῖν.</strong></span> <span class='ocrx_word' id='word_1_27' title='bbox 889 668 962 680; x_wconf 89' lang='grc'><strong>--</strong></span> <span class='ocrx_word' id='word_1_28' title='bbox 990 637 1207 712; x_wconf 80' lang='grc' dir='ltr'><strong>[ΦΩΤ.]</strong></span> <span class='ocrx_word' id='word_1_29' title='bbox 1253 662 1280 688; x_wconf 90' lang='grc'><em>‹‹</em></span> <span class='ocrx_word' id='word_1_30' title='bbox 1313 635 1519 706; x_wconf 60' lang='grc' dir='ltr'>Μηδείας</span> <span class='ocrx_word' id='word_1_31' title='bbox 1577 659 1670 710; x_wconf 89' lang='grc' dir='ltr'><strong>μοι</strong></span> <span class='ocrx_word' id='word_1_32' title='bbox 1735 637 1940 700; x_wconf 79' lang='grc' dir='ltr'>κόπους</span> 
     </span>
    </p>
   </div>
   <div class='ocr_carea' id='block_1_7' title="bbox 287 721 1950 803">
    <p class='ocr_par' dir='ltr' id='par_1_7' title="bbox 287 721 1950 803">
     <span class='ocr_line' id='line_1_7' title="bbox 287 721 1950 803; baseline 0 -23"><span class='ocrx_word' id='word_1_33' title='bbox 287 721 599 803; x_wconf 68' lang='grc' dir='ltr'><strong>παρεχέτω.</strong></span> <span class='ocrx_word' id='word_1_34' title='bbox 634 746 664 779; x_wconf 84' lang='lat'><strong><em>»</em></strong></span> <span class='ocrx_word' id='word_1_35' title='bbox 712 722 918 796; x_wconf 77' lang='grc' dir='ltr'><strong>Μηδεῖς</strong></span> <span class='ocrx_word' id='word_1_36' title='bbox 953 747 1046 798; x_wconf 89' lang='grc' dir='ltr'><strong>μοι</strong></span> <span class='ocrx_word' id='word_1_37' title='bbox 1077 727 1212 800; x_wconf 80' lang='grc' dir='ltr'><strong>πρὸς</strong></span> <span class='ocrx_word' id='word_1_38' title='bbox 1245 723 1552 802; x_wconf 81' lang='grc' dir='ltr'><strong>ἀπολογίαν</strong></span> <span class='ocrx_word' id='word_1_39' title='bbox 1585 727 1658 780; x_wconf 85' lang='grc' dir='ltr'><strong>ὧν</strong></span> <span class='ocrx_word' id='word_1_40' title='bbox 1719 727 1950 801; x_wconf 72' lang='grc' dir='ltr'><strong>πράττω.</strong></span> 
     </span>
    </p>
   </div>
   <div class='ocr_carea' id='block_1_8' title="bbox 289 811 1943 890">
    <p class='ocr_par' dir='ltr' id='par_1_8' title="bbox 289 811 1943 890">
     <span class='ocr_line' id='line_1_8' title="bbox 289 811 1943 890; baseline 0.002 -22"><span class='ocrx_word' id='word_1_41' title='bbox 289 811 607 888; x_wconf 70' lang='grc' dir='ltr'><strong>ἐγκαλείτω.</strong></span> <span class='ocrx_word' id='word_1_42' title='bbox 653 818 814 888; x_wconf 82' lang='grc' dir='ltr'><strong>’Ἐχω</strong></span> <span class='ocrx_word' id='word_1_43' title='bbox 873 815 974 890; x_wconf 72' lang='grc' dir='ltr'><strong>γὰρ</strong></span> <span class='ocrx_word' id='word_1_44' title='bbox 1030 815 1121 870; x_wconf 88' lang='grc' dir='ltr'><strong>καὶ</strong></span> <span class='ocrx_word' id='word_1_45' title='bbox 1172 820 1357 890; x_wconf 80' lang='grc' dir='ltr'><strong>σιγῶν,</strong></span> <span class='ocrx_word' id='word_1_46' title='bbox 1419 815 1641 890; x_wconf 80' lang='grc' dir='ltr'><strong>μείζονα</strong></span> <span class='ocrx_word' id='word_1_47' title='bbox 1694 817 1792 883; x_wconf 70' lang='grc' dir='ltr'><strong>τήν</strong></span> <span class='ocrx_word' id='word_1_48' title='bbox 1855 813 1943 871; x_wconf 71' lang='grc' dir='ltr'><strong>διὰ</strong></span> 
     </span>
    </p>
   </div>
   <div class='ocr_carea' id='block_1_9' title="bbox 293 899 1946 980">
    <p class='ocr_par' dir='ltr' id='par_1_9' title="bbox 293 899 1946 980">
     <span class='ocr_line' id='line_1_9' title="bbox 293 899 1946 980; baseline 0.001 -22"><span class='ocrx_word' id='word_1_49' title='bbox 293 907 401 958; x_wconf 81' lang='grc' dir='ltr'><strong>τῶν</strong></span> <span class='ocrx_word' id='word_1_50' title='bbox 435 899 605 978; x_wconf 78' lang='grc' dir='ltr'><strong>ἔργων</strong></span> <span class='ocrx_word' id='word_1_51' title='bbox 659 901 986 978; x_wconf 83' lang='grc' dir='ltr'><strong>ἀπολογίαν.</strong></span> <span class='ocrx_word' id='word_1_52' title='bbox 1043 905 1118 959; x_wconf 83' lang='grc' dir='ltr'><strong>Τὰ</strong></span> <span class='ocrx_word' id='word_1_53' title='bbox 1177 904 1281 980; x_wconf 81' lang='grc' dir='ltr'><strong>γὰρ</strong></span> <span class='ocrx_word' id='word_1_54' title='bbox 1342 903 1610 979; x_wconf 75' lang='grc' dir='ltr'><strong>στίγματα</strong></span> <span class='ocrx_word' id='word_1_55' title='bbox 1663 908 1760 959; x_wconf 75' lang='grc' dir='ltr'><strong>τοῦ</strong></span> <span class='ocrx_word' id='word_1_56' title='bbox 1818 906 1946 976; x_wconf 86' lang='grc' dir='ltr'><strong>Χρι-</strong></span> 
     </span>
    </p>
   </div>
   <div class='ocr_carea' id='block_1_10' title="bbox 296 993 1943 1070">
    <p class='ocr_par' dir='ltr' id='par_1_10' title="bbox 296 993 1943 1070">
     <span class='ocr_line' id='line_1_10' title="bbox 296 993 1943 1070; baseline -0.001 -22"><span class='ocrx_word' id='word_1_57' title='bbox 296 997 446 1060; x_wconf 73' lang='grc' dir='ltr'><strong>στοῦ,</strong></span> <span class='ocrx_word' id='word_1_58' title='bbox 475 995 772 1064; x_wconf 71' lang='grc' dir='ltr'><strong>τουτέστιν,</strong></span> <span class='ocrx_word' id='word_1_59' title='bbox 805 994 861 1047; x_wconf 74' lang='grc' dir='ltr'><strong>αἱ</strong></span> <span class='ocrx_word' id='word_1_60' title='bbox 915 993 1047 1067; x_wconf 68' lang='grc' dir='ltr'><strong>ὑπὲρ</strong></span> <span class='ocrx_word' id='word_1_61' title='bbox 1074 996 1308 1070; x_wconf 67' lang='grc' dir='ltr'><strong>Χριστοῦ</strong></span> <span class='ocrx_word' id='word_1_62' title='bbox 1339 993 1552 1069; x_wconf 80' lang='grc' dir='ltr'><strong>πληγαὶ</strong></span> <span class='ocrx_word' id='word_1_63' title='bbox 1612 994 1698 1048; x_wconf 83' lang='grc' dir='ltr'><strong>καὶ</strong></span> <span class='ocrx_word' id='word_1_64' title='bbox 1760 993 1943 1064; x_wconf 79' lang='grc' dir='ltr'><strong>οὐλαὶ,</strong></span> 
     </span>
    </p>
   </div>
   <div class='ocr_carea' id='block_1_11' title="bbox 297 1080 1942 1160">
    <p class='ocr_par' dir='ltr' id='par_1_11' title="bbox 297 1080 1942 1160">
     <span class='ocr_line' id='line_1_11' title="bbox 297 1080 1942 1160; baseline -0.001 -22"><span class='ocrx_word' id='word_1_65' title='bbox 297 1080 431 1138; x_wconf 82' lang='grc' dir='ltr'><strong>αὗτᾶ</strong></span> <span class='ocrx_word' id='word_1_66' title='bbox 460 1083 632 1158; x_wconf 79' lang='grc' dir='ltr'><strong>βοῶσι</strong></span> <span class='ocrx_word' id='word_1_67' title='bbox 686 1083 896 1138; x_wconf 83' lang='grc' dir='ltr'><strong>καὶτὸν</strong></span> <span class='ocrx_word' id='word_1_68' title='bbox 927 1083 1058 1158; x_wconf 70' lang='grc' dir='ltr'><strong>ὑπὲρ</strong></span> <span class='ocrx_word' id='word_1_69' title='bbox 1121 1084 1288 1139; x_wconf 81' lang='grc' dir='ltr'><strong>αὐτοῦ</strong></span> <span class='ocrx_word' id='word_1_70' title='bbox 1347 1082 1552 1160; x_wconf 77' lang='grc' dir='ltr'><strong>δρόμον</strong></span> <span class='ocrx_word' id='word_1_71' title='bbox 1608 1085 1697 1138; x_wconf 81' lang='grc' dir='ltr'><strong>καὶ</strong></span> <span class='ocrx_word' id='word_1_72' title='bbox 1754 1082 1942 1153; x_wconf 77' lang='grc' dir='ltr'><strong>ζῆλον,</strong></span> 
     </span>
    </p>
   </div>
   <div class='ocr_carea' id='block_1_12' title="bbox 293 1171 1944 1250">
    <p class='ocr_par' dir='ltr' id='par_1_12' title="bbox 293 1171 1944 1250">
     <span class='ocr_line' id='line_1_12' title="bbox 293 1171 1944 1250; baseline -0.002 -21"><span class='ocrx_word' id='word_1_73' title='bbox 293 1172 384 1229; x_wconf 78' lang='grc' dir='ltr'><strong>καὶ</strong></span> <span class='ocrx_word' id='word_1_74' title='bbox 429 1171 493 1228; x_wconf 88' lang='grc' dir='ltr'><strong>τὸ</strong></span> <span class='ocrx_word' id='word_1_75' title='bbox 547 1171 910 1246; x_wconf 74' lang='grc' dir='ltr'><strong>ἀνυπόκριτον</strong></span> <span class='ocrx_word' id='word_1_76' title='bbox 962 1172 1052 1227; x_wconf 85' lang='grc' dir='ltr'><strong>καὶ</strong></span> <span class='ocrx_word' id='word_1_77' title='bbox 1109 1175 1342 1250; x_wconf 86' lang='grc' dir='ltr'><strong>καθαρὸν</strong></span> <span class='ocrx_word' id='word_1_78' title='bbox 1403 1173 1493 1228; x_wconf 83' lang='grc' dir='ltr'><strong>καὶ</strong></span> <span class='ocrx_word' id='word_1_79' title='bbox 1571 1171 1944 1228; x_wconf 74' lang='grc' dir='ltr'><strong>ἀνυπόστολον</strong></span> 
     </span>
    </p>
   </div>
   <div class='ocr_carea' id='block_1_13' title="bbox 294 1259 1946 1342">
    <p class='ocr_par' dir='ltr' id='par_1_13' title="bbox 294 1259 1946 1342">
     <span class='ocr_line' id='line_1_13' title="bbox 294 1259 1946 1342; baseline -0.001 -26"><span class='ocrx_word' id='word_1_80' title='bbox 294 1265 394 1317; x_wconf 75' lang='grc' dir='ltr'><strong>τοῦ</strong></span> <span class='ocrx_word' id='word_1_81' title='bbox 421 1260 802 1336; x_wconf 74' lang='grc' dir='ltr'><strong>κηρύγματος.</strong></span> <span class='ocrx_word' id='word_1_82' title='bbox 828 1287 856 1314; x_wconf 87' lang='lat'>«</span> <span class='ocrx_word' id='word_1_83' title='bbox 885 1262 958 1318; x_wconf 81' lang='lat' dir='ltr'><strong>&quot;Il</strong></span> <span class='ocrx_word' id='word_1_84' title='bbox 994 1259 1188 1335; x_wconf 76' lang='grc' dir='ltr'>μηδεὶς</span> <span class='ocrx_word' id='word_1_85' title='bbox 1214 1284 1309 1335; x_wconf 88' lang='grc' dir='ltr'><strong>μοι</strong></span> <span class='ocrx_word' id='word_1_86' title='bbox 1341 1262 1545 1325; x_wconf 83' lang='grc' dir='ltr'><strong>κόπους</strong></span> <span class='ocrx_word' id='word_1_87' title='bbox 1579 1264 1889 1342; x_wconf 69' lang='grc' dir='ltr'><strong>παρεχέτω.</strong></span> <span class='ocrx_word' id='word_1_88' title='bbox 1923 1287 1946 1314; x_wconf 79' lang='grc' dir='ltr'><strong>ι)</strong></span> 
     </span>
    </p>
   </div>
   <div class='ocr_carea' id='block_1_14' title="bbox 296 1347 1945 1430">
    <p class='ocr_par' dir='ltr' id='par_1_14' title="bbox 296 1347 1945 1430">
     <span class='ocr_line' id='line_1_14' title="bbox 296 1347 1945 1430; baseline 0 -24"><span class='ocrx_word' id='word_1_89' title='bbox 296 1349 484 1430; x_wconf 68' lang='grc' dir='ltr'><strong>Μᾶχοι</strong></span> <span class='ocrx_word' id='word_1_90' title='bbox 513 1349 662 1414; x_wconf 82' lang='grc' dir='ltr'><strong>τίνος</strong></span> <span class='ocrx_word' id='word_1_91' title='bbox 692 1347 908 1425; x_wconf 81' lang='grc' dir='ltr'>θλίψεις</span> <span class='ocrx_word' id='word_1_92' title='bbox 944 1373 1037 1424; x_wconf 87' lang='grc' dir='ltr'><strong>μοι</strong></span> <span class='ocrx_word' id='word_1_93' title='bbox 1093 1353 1184 1406; x_wconf 83' lang='grc' dir='ltr'><strong>καὶ</strong></span> <span class='ocrx_word' id='word_1_94' title='bbox 1225 1348 1430 1414; x_wconf 85' lang='grc' dir='ltr'>κόπους</span> <span class='ocrx_word' id='word_1_95' title='bbox 1485 1373 1602 1426; x_wconf 87' lang='grc' dir='ltr'><strong>μοι,</strong></span> <span class='ocrx_word' id='word_1_96' title='bbox 1662 1353 1817 1423; x_wconf 75' lang='grc' dir='ltr'><strong>φησὶ,</strong></span> <span class='ocrx_word' id='word_1_97' title='bbox 1852 1373 1945 1407; x_wconf 84' lang='grc' dir='ltr'><strong>σα-</strong></span> 
     </span>
    </p>
   </div>
   <div class='ocr_carea' id='block_1_15' title="bbox 297 1438 1947 1516">
    <p class='ocr_par' dir='ltr' id='par_1_15' title="bbox 297 1438 1947 1516">
     <span class='ocr_line' id='line_1_15' title="bbox 297 1438 1947 1516; baseline 0.001 -20"><span class='ocrx_word' id='word_1_98' title='bbox 297 1438 584 1514; x_wconf 74' lang='grc' dir='ltr'><strong>λιυόμενοι</strong></span> <span class='ocrx_word' id='word_1_99' title='bbox 618 1442 889 1516; x_wconf 72' lang='grc' dir='ltr'><strong>παρέχετε</strong></span> <span class='ocrx_word' id='word_1_100' title='bbox 922 1461 936 1511; x_wconf 88' lang='grc'>;</span> <span class='ocrx_word' id='word_1_101' title='bbox 970 1443 1343 1513; x_wconf 72' lang='grc' dir='ltr'><strong>Δυσωπήθητε</strong></span> <span class='ocrx_word' id='word_1_102' title='bbox 1374 1441 1420 1496; x_wconf 86' lang='grc' dir='ltr'>εἰ</span> <span class='ocrx_word' id='word_1_103' title='bbox 1449 1443 1539 1497; x_wconf 80' lang='grc' dir='ltr'><strong>καὶ</strong></span> <span class='ocrx_word' id='word_1_104' title='bbox 1577 1442 1652 1511; x_wconf 82' lang='grc' dir='ltr'><strong>μὴ</strong></span> <span class='ocrx_word' id='word_1_105' title='bbox 1684 1463 1736 1496; x_wconf 93' lang='grc' dir='ltr'><strong>τι</strong></span> <span class='ocrx_word' id='word_1_106' title='bbox 1782 1439 1947 1511; x_wconf 79' lang='grc' dir='ltr'><strong>ἄλλο,</strong></span> 
     </span>
    </p>
   </div>
   <div class='ocr_carea' id='block_1_16' title="bbox 293 1525 1950 1606">
    <p class='ocr_par' dir='ltr' id='par_1_16' title="bbox 293 1525 1950 1606">
     <span class='ocr_line' id='line_1_16' title="bbox 293 1525 1950 1606; baseline 0 -21"><span class='ocrx_word' id='word_1_107' title='bbox 293 1525 424 1594; x_wconf 78' lang='grc' dir='ltr'><strong>ἀλλ’</strong></span> <span class='ocrx_word' id='word_1_108' title='bbox 451 1530 540 1584; x_wconf 76' lang='grc' dir='ltr'><strong>οὖν</strong></span> <span class='ocrx_word' id='word_1_109' title='bbox 571 1530 640 1585; x_wconf 80' lang='grc' dir='ltr'><strong>τὰ</strong></span> <span class='ocrx_word' id='word_1_110' title='bbox 670 1529 1056 1604; x_wconf 87' lang='grc' dir='ltr'><strong>στίγματατοῦ</strong></span> <span class='ocrx_word' id='word_1_111' title='bbox 1108 1535 1372 1606; x_wconf 73' lang='grc' dir='ltr'><strong>Χριστοῦ,</strong></span> <span class='ocrx_word' id='word_1_112' title='bbox 1439 1534 1470 1586; x_wconf 80' lang='grc' dir='ltr'>ἂ</span> <span class='ocrx_word' id='word_1_113' title='bbox 1529 1529 1599 1586; x_wconf 84' lang='grc' dir='ltr'><strong>δι’</strong></span> <span class='ocrx_word' id='word_1_114' title='bbox 1662 1532 1800 1604; x_wconf 79' lang='grc' dir='ltr'>ὑμᾶς</span> <span class='ocrx_word' id='word_1_115' title='bbox 1859 1531 1950 1586; x_wconf 83' lang='grc' dir='ltr'><strong>καὶ</strong></span> 
     </span>
    </p>
   </div>
   <div class='ocr_carea' id='block_1_17' title="bbox 297 1615 1949 1696">
    <p class='ocr_par' dir='ltr' id='par_1_17' title="bbox 297 1615 1949 1696">
     <span class='ocr_line' id='line_1_17' title="bbox 297 1615 1949 1696; baseline 0.004 -24"><span class='ocrx_word' id='word_1_116' title='bbox 297 1615 388 1672; x_wconf 65' lang='grc' dir='ltr'><strong>δια</strong></span> <span class='ocrx_word' id='word_1_117' title='bbox 418 1618 480 1672; x_wconf 88' lang='grc' dir='ltr'><strong>τὸ</strong></span> <span class='ocrx_word' id='word_1_118' title='bbox 511 1617 587 1680; x_wconf 70' lang='grc' dir='ltr'><strong>τίς</strong></span> <span class='ocrx_word' id='word_1_119' title='bbox 624 1619 765 1691; x_wconf 80' lang='grc' dir='ltr'>ὑμᾶς</span> <span class='ocrx_word' id='word_1_120' title='bbox 796 1621 1079 1694; x_wconf 69' lang='grc' dir='ltr'><strong>κήρυγμα,</strong></span> <span class='ocrx_word' id='word_1_121' title='bbox 1135 1618 1186 1675; x_wconf 81' lang='grc' dir='ltr'><strong>ἐν</strong></span> <span class='ocrx_word' id='word_1_122' title='bbox 1243 1624 1320 1691; x_wconf 80' lang='grc' dir='ltr'><strong>τῷ</strong></span> <span class='ocrx_word' id='word_1_123' title='bbox 1378 1621 1594 1692; x_wconf 87' lang='grc' dir='ltr'><strong>σώματι</strong></span> <span class='ocrx_word' id='word_1_124' title='bbox 1649 1621 1949 1696; x_wconf 78' lang='grc' dir='ltr'><strong>περιφέρω.</strong></span> 
     </span>
    </p>
   </div>
   <div class='ocr_carea' id='block_1_18' title="bbox 297 1705 1951 1784">
    <p class='ocr_par' dir='ltr' id='par_1_18' title="bbox 297 1705 1951 1784">
     <span class='ocr_line' id='line_1_18' title="bbox 297 1705 1951 1784; baseline -0.001 -21"><span class='ocrx_word' id='word_1_125' title='bbox 297 1706 483 1764; x_wconf 66' lang='grc' dir='ltr'><strong>Εῗπὼν</strong></span> <span class='ocrx_word' id='word_1_126' title='bbox 510 1705 568 1762; x_wconf 74' lang='grc' dir='ltr'><strong>δὲ</strong></span> <span class='ocrx_word' id='word_1_127' title='bbox 598 1707 872 1784; x_wconf 85' lang='grc' dir='ltr'><strong>στίγματα</strong></span> <span class='ocrx_word' id='word_1_128' title='bbox 912 1713 1180 1784; x_wconf 72' lang='grc' dir='ltr'><strong>Χριστοῦ,</strong></span> <span class='ocrx_word' id='word_1_129' title='bbox 1238 1710 1352 1780; x_wconf 72' lang='grc' dir='ltr'><strong>ἅμα</strong></span> <span class='ocrx_word' id='word_1_130' title='bbox 1407 1711 1808 1784; x_wconf 62' lang='grc' dir='ltr'><strong>ἀναμιμνήσκει</strong></span> <span class='ocrx_word' id='word_1_131' title='bbox 1869 1709 1951 1764; x_wconf 78' lang='grc' dir='ltr'><strong>ὅτι</strong></span> 
     </span>
    </p>
   </div>
   <div class='ocr_carea' id='block_1_19' title="bbox 300 1795 1953 1874">
    <p class='ocr_par' dir='ltr' id='par_1_19' title="bbox 300 1795 1953 1874">
     <span class='ocr_line' id='line_1_19' title="bbox 300 1795 1953 1874; baseline 0.002 -24"><span class='ocrx_word' id='word_1_132' title='bbox 300 1795 550 1860; x_wconf 80' lang='grc' dir='ltr'><strong>κάκεῖνος</strong></span> <span class='ocrx_word' id='word_1_133' title='bbox 581 1797 715 1873; x_wconf 72' lang='grc' dir='ltr'><strong>ὑπὲρ</strong></span> <span class='ocrx_word' id='word_1_134' title='bbox 763 1799 925 1870; x_wconf 78' lang='grc' dir='ltr'><strong>ἡμῶν</strong></span> <span class='ocrx_word' id='word_1_135' title='bbox 996 1795 1177 1860; x_wconf 82' lang='grc' dir='ltr'><strong>ἔπαθε.</strong></span> <span class='ocrx_word' id='word_1_136' title='bbox 1239 1798 1341 1855; x_wconf 84' lang='grc' dir='ltr'><strong>Καὶ</strong></span> <span class='ocrx_word' id='word_1_137' title='bbox 1395 1799 1556 1853; x_wconf 82' lang='grc' dir='ltr'><strong>παντὶ</strong></span> <span class='ocrx_word' id='word_1_138' title='bbox 1616 1798 1706 1852; x_wconf 83' lang='grc' dir='ltr'><strong>οὗν</strong></span> <span class='ocrx_word' id='word_1_139' title='bbox 1762 1798 1953 1874; x_wconf 74' lang='grc' dir='ltr'><strong>τρόπῳ</strong></span> 
     </span>
    </p>
   </div>
   <div class='ocr_carea' id='block_1_20' title="bbox 2043 638 3690 710">
    <p class='ocr_par' dir='ltr' id='par_1_20' title="bbox 2043 638 3690 710">
     <span class='ocr_line' id='line_1_20' title="bbox 2043 638 3690 710; baseline 0.001 -17"><span class='ocrx_word' id='word_1_140' title='bbox 2043 638 2322 710; x_wconf 83' lang='lat' dir='ltr'><strong>deinceps</strong></span> <span class='ocrx_word' id='word_1_141' title='bbox 2367 639 2517 693; x_wconf 86' lang='lat' dir='ltr'><strong>nihil</strong></span> <span class='ocrx_word' id='word_1_142' title='bbox 2576 639 2883 694; x_wconf 77' lang='lat' dir='ltr'><strong>additurus</strong></span> <span class='ocrx_word' id='word_1_143' title='bbox 2944 641 3020 694; x_wconf 86' lang='lat' dir='ltr'><strong>sit</strong></span> <span class='ocrx_word' id='word_1_144' title='bbox 3072 646 3168 694; x_wconf 91' lang='lat' dir='ltr'><strong>aut</strong></span> <span class='ocrx_word' id='word_1_145' title='bbox 3225 639 3690 696; x_wconf 84' lang='lat' dir='ltr'><strong>sublaturus.—</strong></span> 
     </span>
    </p>
   </div>
   <div class='ocr_carea' id='block_1_21' title="bbox 2047 728 3702 800">
    <p class='ocr_par' dir='ltr' id='par_1_21' title="bbox 2047 728 3702 800">
     <span class='ocr_line' id='line_1_21' title="bbox 2047 728 3702 800; baseline 0.003 -21"><span class='ocrx_word' id='word_1_146' title='bbox 2047 753 2072 779; x_wconf 79' lang='grc' dir='ltr'>υ</span> <span class='ocrx_word' id='word_1_147' title='bbox 2105 731 2186 784; x_wconf 84' lang='lat' dir='ltr'><strong>Ne</strong></span> <span class='ocrx_word' id='word_1_148' title='bbox 2219 730 2351 800; x_wconf 86' lang='lat' dir='ltr'><strong>quis</strong></span> <span class='ocrx_word' id='word_1_149' title='bbox 2387 728 2527 782; x_wconf 89' lang='lat' dir='ltr'><strong>mihi</strong></span> <span class='ocrx_word' id='word_1_150' title='bbox 2564 729 2866 784; x_wconf 78' lang='lat' dir='ltr'><strong>molestias</strong></span> <span class='ocrx_word' id='word_1_151' title='bbox 2915 728 3208 784; x_wconf 78' lang='lat' dir='ltr'><strong>exhibeat.</strong></span> <span class='ocrx_word' id='word_1_152' title='bbox 3246 749 3270 778; x_wconf 70' lang='grc' dir='ltr'><strong><em>ι</em></strong></span> <span class='ocrx_word' id='word_1_153' title='bbox 3327 731 3406 783; x_wconf 89' lang='lat' dir='ltr'><strong>Ne</strong></span> <span class='ocrx_word' id='word_1_154' title='bbox 3439 729 3572 799; x_wconf 87' lang='lat' dir='ltr'><strong>quis</strong></span> <span class='ocrx_word' id='word_1_155' title='bbox 3605 745 3702 784; x_wconf 87' lang='lat' dir='ltr'><strong>me</strong></span> 
     </span>
    </p>
   </div>
   <div class='ocr_carea' id='block_1_22' title="bbox 2046 815 3696 889">
    <p class='ocr_par' dir='ltr' id='par_1_22' title="bbox 2046 815 3696 889">
     <span class='ocr_line' id='line_1_22' title="bbox 2046 815 3696 889; baseline 0 -16"><span class='ocrx_word' id='word_1_156' title='bbox 2046 819 2120 874; x_wconf 88' lang='lat' dir='ltr'><strong>ad</strong></span> <span class='ocrx_word' id='word_1_157' title='bbox 2151 819 2564 874; x_wconf 85' lang='lat' dir='ltr'><strong>delensionem</strong></span> <span class='ocrx_word' id='word_1_158' title='bbox 2593 835 2798 873; x_wconf 88' lang='lat' dir='ltr'><strong>eorum</strong></span> <span class='ocrx_word' id='word_1_159' title='bbox 2833 836 2962 888; x_wconf 73' lang='lat' dir='ltr'><strong>qum</strong></span> <span class='ocrx_word' id='word_1_160' title='bbox 2994 831 3099 889; x_wconf 87' lang='lat' dir='ltr'><strong>ago</strong></span> <span class='ocrx_word' id='word_1_161' title='bbox 3159 815 3444 888; x_wconf 78' lang='lat' dir='ltr'><strong>impellat,</strong></span> <span class='ocrx_word' id='word_1_162' title='bbox 3504 818 3696 873; x_wconf 84' lang='lat' dir='ltr'><strong>habeo</strong></span> 
     </span>
    </p>
   </div>
   <div class='ocr_carea' id='block_1_23' title="bbox 2051 907 3702 978">
    <p class='ocr_par' dir='ltr' id='par_1_23' title="bbox 2051 907 3702 978">
     <span class='ocr_line' id='line_1_23' title="bbox 2051 907 3702 978; baseline 0 -15"><span class='ocrx_word' id='word_1_163' title='bbox 2051 909 2207 963; x_wconf 88' lang='lat' dir='ltr'><strong>enim</strong></span> <span class='ocrx_word' id='word_1_164' title='bbox 2243 911 2419 964; x_wconf 89' lang='lat' dir='ltr'><strong>etiam</strong></span> <span class='ocrx_word' id='word_1_165' title='bbox 2481 915 2679 964; x_wconf 87' lang='lat' dir='ltr'><strong>tacens</strong></span> <span class='ocrx_word' id='word_1_166' title='bbox 2737 908 3142 962; x_wconf 81' lang='lat' dir='ltr'><strong>defensionem</strong></span> <span class='ocrx_word' id='word_1_167' title='bbox 3206 907 3356 962; x_wconf 71' lang='lat'><strong>769</strong></span> <span class='ocrx_word' id='word_1_168' title='bbox 3391 908 3702 978; x_wconf 84' lang='lat' dir='ltr'><strong>majorem,</strong></span> 
     </span>
    </p>
   </div>
   <div class='ocr_carea' id='block_1_24' title="bbox 2051 995 3701 1068">
    <p class='ocr_par' dir='ltr' id='par_1_24' title="bbox 2051 995 3701 1068">
     <span class='ocr_line' id='line_1_24' title="bbox 2051 995 3701 1068; baseline -0.001 -16"><span class='ocrx_word' id='word_1_169' title='bbox 2051 1014 2183 1068; x_wconf 67' lang='lat' dir='ltr'><strong>qua:</strong></span> <span class='ocrx_word' id='word_1_170' title='bbox 2217 997 2328 1052; x_wconf 92' lang='lat' dir='ltr'><strong>sita</strong></span> <span class='ocrx_word' id='word_1_171' title='bbox 2351 1003 2440 1052; x_wconf 91' lang='lat' dir='ltr'><strong>est</strong></span> <span class='ocrx_word' id='word_1_172' title='bbox 2496 997 2556 1050; x_wconf 90' lang='lat' dir='ltr'><strong>in</strong></span> <span class='ocrx_word' id='word_1_173' title='bbox 2611 995 2909 1068; x_wconf 77' lang='lat' dir='ltr'><strong>operibus.</strong></span> <span class='ocrx_word' id='word_1_174' title='bbox 2946 997 3084 1050; x_wconf 66' lang='lat' dir='ltr'><strong>Nam</strong></span> <span class='ocrx_word' id='word_1_175' title='bbox 3139 995 3414 1067; x_wconf 75' lang='lat' dir='ltr'><strong>stigmata</strong></span> <span class='ocrx_word' id='word_1_176' title='bbox 3460 997 3701 1062; x_wconf 80' lang='lat' dir='ltr'><strong>Christi,</strong></span> 
     </span>
    </p>
   </div>
   <div class='ocr_carea' id='block_1_25' title="bbox 2050 1084 3703 1159">
    <p class='ocr_par' dir='ltr' id='par_1_25' title="bbox 2050 1084 3703 1159">
     <span class='ocr_line' id='line_1_25' title="bbox 2050 1084 3703 1159; baseline 0.001 -19"><span class='ocrx_word' id='word_1_177' title='bbox 2050 1085 2161 1140; x_wconf 91' lang='lat' dir='ltr'><strong>hoc</strong></span> <span class='ocrx_word' id='word_1_178' title='bbox 2192 1092 2299 1144; x_wconf 88' lang='lat' dir='ltr'><strong>est.</strong></span> <span class='ocrx_word' id='word_1_179' title='bbox 2325 1087 2506 1159; x_wconf 70' lang='lat' dir='ltr'><strong>plagas</strong></span> <span class='ocrx_word' id='word_1_180' title='bbox 2526 1101 2594 1142; x_wconf 90' lang='lat' dir='ltr'><strong>ac</strong></span> <span class='ocrx_word' id='word_1_181' title='bbox 2615 1086 2920 1141; x_wconf 85' lang='lat' dir='ltr'><strong>cicatrices</strong></span> <span class='ocrx_word' id='word_1_182' title='bbox 2943 1101 3090 1156; x_wconf 88' lang='lat' dir='ltr'><strong>quas</strong></span> <span class='ocrx_word' id='word_1_183' title='bbox 3109 1102 3213 1157; x_wconf 93' lang='lat' dir='ltr'><strong>pro</strong></span> <span class='ocrx_word' id='word_1_184' title='bbox 3236 1084 3466 1140; x_wconf 90' lang='lat' dir='ltr'><strong>Christo</strong></span> <span class='ocrx_word' id='word_1_185' title='bbox 3491 1085 3703 1154; x_wconf 86' lang='lat' dir='ltr'><strong>tolero,</strong></span> 
     </span>
    </p>
   </div>
   <div class='ocr_carea' id='block_1_26' title="bbox 2050 1173 3694 1246">
    <p class='ocr_par' dir='ltr' id='par_1_26' title="bbox 2050 1173 3694 1246">
     <span class='ocr_line' id='line_1_26' title="bbox 2050 1173 3694 1246; baseline 0 -16"><span class='ocrx_word' id='word_1_186' title='bbox 2050 1175 2176 1230; x_wconf 65' lang='lat' dir='ltr'><strong>haec</strong></span> <span class='ocrx_word' id='word_1_187' title='bbox 2199 1175 2478 1240; x_wconf 89' lang='lat' dir='ltr'><strong>clamant,</strong></span> <span class='ocrx_word' id='word_1_188' title='bbox 2516 1182 2728 1245; x_wconf 78' lang='lat' dir='ltr'><strong>etquae</strong></span> <span class='ocrx_word' id='word_1_189' title='bbox 2763 1192 2866 1246; x_wconf 89' lang='lat' dir='ltr'><strong>pro</strong></span> <span class='ocrx_word' id='word_1_190' title='bbox 2898 1175 3026 1246; x_wconf 91' lang='lat' dir='ltr'><strong>ipso</strong></span> <span class='ocrx_word' id='word_1_191' title='bbox 3057 1173 3422 1246; x_wconf 89' lang='lat' dir='ltr'><strong>susceperim</strong></span> <span class='ocrx_word' id='word_1_192' title='bbox 3455 1189 3694 1230; x_wconf 84' lang='lat' dir='ltr'><strong>cursum</strong></span> 
     </span>
    </p>
   </div>
   <div class='ocr_carea' id='block_1_27' title="bbox 2053 1263 3705 1336">
    <p class='ocr_par' dir='ltr' id='par_1_27' title="bbox 2053 1263 3705 1336">
     <span class='ocr_line' id='line_1_27' title="bbox 2053 1263 3705 1336; baseline -0.001 -16"><span class='ocrx_word' id='word_1_193' title='bbox 2053 1280 2120 1321; x_wconf 86' lang='lat' dir='ltr'><strong>ac</strong></span> <span class='ocrx_word' id='word_1_194' title='bbox 2149 1265 2360 1334; x_wconf 87' lang='lat' dir='ltr'><strong>zelum,</strong></span> <span class='ocrx_word' id='word_1_195' title='bbox 2395 1271 2449 1319; x_wconf 84' lang='lat' dir='ltr'><strong>et</strong></span> <span class='ocrx_word' id='word_1_196' title='bbox 2482 1265 2782 1336; x_wconf 90' lang='lat' dir='ltr'><strong>quomodo</strong></span> <span class='ocrx_word' id='word_1_197' title='bbox 2813 1264 3037 1335; x_wconf 86' lang='lat' dir='ltr'><strong>absque</strong></span> <span class='ocrx_word' id='word_1_198' title='bbox 3085 1264 3248 1319; x_wconf 88' lang='lat' dir='ltr'><strong>omni</strong></span> <span class='ocrx_word' id='word_1_199' title='bbox 3300 1263 3705 1332; x_wconf 79' lang='lat' dir='ltr'><strong>simulatione,</strong></span> 
     </span>
    </p>
   </div>
   <div class='ocr_carea' id='block_1_28' title="bbox 2052 1353 3709 1427">
    <p class='ocr_par' dir='ltr' id='par_1_28' title="bbox 2052 1353 3709 1427">
     <span class='ocr_line' id='line_1_28' title="bbox 2052 1353 3709 1427; baseline -0.002 -16"><span class='ocrx_word' id='word_1_200' title='bbox 2052 1371 2187 1412; x_wconf 91' lang='lat' dir='ltr'><strong>cum</strong></span> <span class='ocrx_word' id='word_1_201' title='bbox 2204 1355 2366 1410; x_wconf 89' lang='lat' dir='ltr'><strong>omni</strong></span> <span class='ocrx_word' id='word_1_202' title='bbox 2387 1356 2641 1427; x_wconf 86' lang='lat' dir='ltr'><strong>puritate</strong></span> <span class='ocrx_word' id='word_1_203' title='bbox 2672 1354 2836 1410; x_wconf 89' lang='lat' dir='ltr'><strong>nullo</strong></span> <span class='ocrx_word' id='word_1_204' title='bbox 2858 1369 3164 1426; x_wconf 79' lang='lat' dir='ltr'><strong>repressus</strong></span> <span class='ocrx_word' id='word_1_205' title='bbox 3185 1354 3397 1408; x_wconf 85' lang='lat' dir='ltr'><strong>timore</strong></span> <span class='ocrx_word' id='word_1_206' title='bbox 3418 1353 3709 1424; x_wconf 67' lang='lat' dir='ltr'><strong>praedica-</strong></span> 
     </span>
    </p>
   </div>
   <div class='ocr_carea' id='block_1_29' title="bbox 2053 1443 3704 1518">
    <p class='ocr_par' dir='ltr' id='par_1_29' title="bbox 2053 1443 3704 1518">
     <span class='ocr_line' id='line_1_29' title="bbox 2053 1443 3704 1518; baseline -0.005 -16"><span class='ocrx_word' id='word_1_207' title='bbox 2053 1449 2258 1504; x_wconf 89' lang='lat' dir='ltr'><strong>verim.</strong></span> <span class='ocrx_word' id='word_1_208' title='bbox 2311 1455 2442 1514; x_wconf 79' lang='lat' dir='ltr'><strong>Aut,</strong></span> <span class='ocrx_word' id='word_1_209' title='bbox 2495 1471 2520 1497; x_wconf 87' lang='lat'><strong>«</strong></span> <span class='ocrx_word' id='word_1_210' title='bbox 2556 1449 2635 1502; x_wconf 91' lang='lat' dir='ltr'><strong>Ne</strong></span> <span class='ocrx_word' id='word_1_211' title='bbox 2667 1447 2800 1518; x_wconf 90' lang='lat' dir='ltr'><strong>quis</strong></span> <span class='ocrx_word' id='word_1_212' title='bbox 2832 1447 2977 1500; x_wconf 89' lang='lat' dir='ltr'><strong>mihi</strong></span> <span class='ocrx_word' id='word_1_213' title='bbox 3008 1445 3314 1501; x_wconf 88' lang='lat' dir='ltr'><strong>molestias</strong></span> <span class='ocrx_word' id='word_1_214' title='bbox 3345 1443 3641 1500; x_wconf 80' lang='lat' dir='ltr'><strong>exhibeat.</strong></span> <span class='ocrx_word' id='word_1_215' title='bbox 3675 1465 3704 1495; x_wconf 85' lang='lat'>»</span> 
     </span>
    </p>
   </div>
   <div class='ocr_carea' id='block_1_30' title="bbox 2056 1534 3706 1609">
    <p class='ocr_par' dir='ltr' id='par_1_30' title="bbox 2056 1534 3706 1609">
     <span class='ocr_line' id='line_1_30' title="bbox 2056 1534 3706 1609; baseline -0.002 -16"><span class='ocrx_word' id='word_1_216' title='bbox 2056 1540 2399 1609; x_wconf 80' lang='lat' dir='ltr'><strong>Quousque,</strong></span> <span class='ocrx_word' id='word_1_217' title='bbox 2448 1537 2662 1608; x_wconf 89' lang='lat' dir='ltr'><strong>inquit,</strong></span> <span class='ocrx_word' id='word_1_218' title='bbox 2707 1537 2849 1592; x_wconf 90' lang='lat' dir='ltr'><strong>dum</strong></span> <span class='ocrx_word' id='word_1_219' title='bbox 2901 1536 3220 1599; x_wconf 86' lang='lat' dir='ltr'><strong>lluctuatis,</strong></span> <span class='ocrx_word' id='word_1_220' title='bbox 3255 1534 3607 1590; x_wconf 79' lang='lat' dir='ltr'><strong>afflictiones</strong></span> <span class='ocrx_word' id='word_1_221' title='bbox 3639 1549 3706 1590; x_wconf 88' lang='lat' dir='ltr'><strong>ac</strong></span> 
     </span>
    </p>
   </div>
   <div class='ocr_carea' id='block_1_31' title="bbox 2058 1623 3704 1696">
    <p class='ocr_par' dir='ltr' id='par_1_31' title="bbox 2058 1623 3704 1696">
     <span class='ocr_line' id='line_1_31' title="bbox 2058 1623 3704 1696; baseline -0.002 -13"><span class='ocrx_word' id='word_1_222' title='bbox 2058 1627 2359 1683; x_wconf 81' lang='lat' dir='ltr'><strong>molestias</strong></span> <span class='ocrx_word' id='word_1_223' title='bbox 2388 1627 2532 1682; x_wconf 87' lang='lat' dir='ltr'><strong>mihi</strong></span> <span class='ocrx_word' id='word_1_224' title='bbox 2553 1625 2890 1682; x_wconf 79' lang='lat' dir='ltr'><strong>exhibetis?</strong></span> <span class='ocrx_word' id='word_1_225' title='bbox 2912 1625 3256 1680; x_wconf 88' lang='lat' dir='ltr'><strong>Flectamini</strong></span> <span class='ocrx_word' id='word_1_226' title='bbox 3285 1640 3352 1680; x_wconf 89' lang='lat' dir='ltr'><strong>ac</strong></span> <span class='ocrx_word' id='word_1_227' title='bbox 3383 1623 3704 1696; x_wconf 83' lang='lat' dir='ltr'><strong>persuade-</strong></span> 
     </span>
    </p>
   </div>
   <div class='ocr_carea' id='block_1_32' title="bbox 2058 1713 3713 1785">
    <p class='ocr_par' dir='ltr' id='par_1_32' title="bbox 2058 1713 3713 1785">
     <span class='ocr_line' id='line_1_32' title="bbox 2058 1713 3713 1785; baseline -0.004 -12"><span class='ocrx_word' id='word_1_228' title='bbox 2058 1717 2265 1781; x_wconf 89' lang='lat' dir='ltr'><strong>amini,</strong></span> <span class='ocrx_word' id='word_1_229' title='bbox 2299 1716 2346 1772; x_wconf 90' lang='lat' dir='ltr'><strong>si</strong></span> <span class='ocrx_word' id='word_1_230' title='bbox 2395 1733 2514 1770; x_wconf 93' lang='lat' dir='ltr'><strong>non</strong></span> <span class='ocrx_word' id='word_1_231' title='bbox 2567 1715 2640 1770; x_wconf 91' lang='lat' dir='ltr'><strong>ob</strong></span> <span class='ocrx_word' id='word_1_232' title='bbox 2673 1715 2856 1778; x_wconf 84' lang='lat' dir='ltr'><strong>aliud.</strong></span> <span class='ocrx_word' id='word_1_233' title='bbox 2915 1715 3125 1770; x_wconf 85' lang='lat' dir='ltr'><strong>saltem</strong></span> <span class='ocrx_word' id='word_1_234' title='bbox 3157 1714 3248 1769; x_wconf 92' lang='lat' dir='ltr'><strong>vel</strong></span> <span class='ocrx_word' id='word_1_235' title='bbox 3305 1713 3378 1769; x_wconf 89' lang='lat' dir='ltr'><strong>ob</strong></span> <span class='ocrx_word' id='word_1_236' title='bbox 3439 1713 3713 1785; x_wconf 81' lang='lat' dir='ltr'><strong>stigmata</strong></span> 
     </span>
    </p>
   </div>
   <div class='ocr_carea' id='block_1_33' title="bbox 2059 1803 3716 1878">
    <p class='ocr_par' dir='ltr' id='par_1_33' title="bbox 2059 1803 3716 1878">
     <span class='ocr_line' id='line_1_33' title="bbox 2059 1803 3716 1878; baseline -0.003 -15"><span class='ocrx_word' id='word_1_237' title='bbox 2059 1807 2298 1871; x_wconf 87' lang='lat' dir='ltr'><strong>Christi,</strong></span> <span class='ocrx_word' id='word_1_238' title='bbox 2335 1823 2464 1878; x_wconf 68' lang='lat' dir='ltr'><strong>quan</strong></span> <span class='ocrx_word' id='word_1_239' title='bbox 2492 1812 2730 1877; x_wconf 87' lang='lat' dir='ltr'><strong>propter</strong></span> <span class='ocrx_word' id='word_1_240' title='bbox 2760 1821 2856 1859; x_wconf 86' lang='lat' dir='ltr'><strong>vos</strong></span> <span class='ocrx_word' id='word_1_241' title='bbox 2923 1820 2990 1860; x_wconf 89' lang='lat' dir='ltr'><strong>ac</strong></span> <span class='ocrx_word' id='word_1_242' title='bbox 3041 1803 3520 1874; x_wconf 72' lang='lat' dir='ltr'><strong>praedicationem</strong></span> <span class='ocrx_word' id='word_1_243' title='bbox 3576 1817 3716 1875; x_wconf 83' lang='lat' dir='ltr'><strong>erga</strong></span> 
     </span>
    </p>
   </div>
   <div class='ocr_carea' id='block_1_34' title="bbox 304 1889 1956 1983">
    <p class='ocr_par' dir='ltr' id='par_1_34' title="bbox 304 1889 1949 1972">
     <span class='ocr_line' id='line_1_34' title="bbox 304 1889 1949 1972; baseline 0.002 -27"><span class='ocrx_word' id='word_1_244' title='bbox 304 1889 599 1960; x_wconf 74' lang='grc' dir='ltr'><strong>ἀποστῆναι</strong></span> <span class='ocrx_word' id='word_1_245' title='bbox 636 1894 726 1946; x_wconf 75' lang='grc' dir='ltr'><strong>τοῦ</strong></span> <span class='ocrx_word' id='word_1_246' title='bbox 764 1890 939 1964; x_wconf 89' lang='grc' dir='ltr'><strong>νόμου</strong></span> <span class='ocrx_word' id='word_1_247' title='bbox 969 1891 1059 1946; x_wconf 84' lang='grc' dir='ltr'><strong>καὶ</strong></span> <span class='ocrx_word' id='word_1_248' title='bbox 1119 1889 1443 1972; x_wconf 74' lang='grc' dir='ltr'><strong>ἑστηρῖχθαι</strong></span> <span class='ocrx_word' id='word_1_249' title='bbox 1471 1897 1539 1967; x_wconf 82' lang='grc' dir='ltr'><strong>τῇ</strong></span> <span class='ocrx_word' id='word_1_250' title='bbox 1571 1893 1748 1949; x_wconf 81' lang='grc' dir='ltr'><strong>πίστει</strong></span> <span class='ocrx_word' id='word_1_251' title='bbox 1781 1915 1949 1966; x_wconf 84' lang='grc' dir='ltr'><strong>προσ-</strong></span> 
     </span>
    </p>
   </div>
   <div class='ocr_carea' id='block_1_35' title="bbox 2065 1889 3717 1983">
    <p class='ocr_par' dir='ltr' id='par_1_35' title="bbox 2065 1892 3717 1969">
     <span class='ocr_line' id='line_1_35' title="bbox 2065 1892 3717 1969; baseline -0.004 -17"><span class='ocrx_word' id='word_1_252' title='bbox 2065 1913 2199 1969; x_wconf 86' lang='lat' dir='ltr'><strong>erga</strong></span> <span class='ocrx_word' id='word_1_253' title='bbox 2222 1913 2320 1951; x_wconf 88' lang='lat' dir='ltr'><strong>vos</strong></span> <span class='ocrx_word' id='word_1_254' title='bbox 2343 1896 2404 1950; x_wconf 92' lang='lat' dir='ltr'><strong>in</strong></span> <span class='ocrx_word' id='word_1_255' title='bbox 2429 1911 2674 1966; x_wconf 89' lang='lat' dir='ltr'><strong>corpore</strong></span> <span class='ocrx_word' id='word_1_256' title='bbox 2707 1894 3079 1950; x_wconf 88' lang='lat' dir='ltr'><strong>circumfero.</strong></span> <span class='ocrx_word' id='word_1_257' title='bbox 3105 1893 3316 1948; x_wconf 85' lang='lat' dir='ltr'><strong>Dicens</strong></span> <span class='ocrx_word' id='word_1_258' title='bbox 3346 1899 3543 1948; x_wconf 88' lang='lat' dir='ltr'><strong>autem</strong></span> <span class='ocrx_word' id='word_1_259' title='bbox 3557 1892 3717 1947; x_wconf 85' lang='lat' dir='ltr'><strong>Chri-</strong></span> 
     </span>
    </p>
   </div>
   <div class='ocr_carea' id='block_1_36' title="bbox 301 1979 1954 2062">
    <p class='ocr_par' dir='ltr' id='par_1_36' title="bbox 301 1979 1954 2062">
     <span class='ocr_line' id='line_1_36' title="bbox 301 1979 1954 2062; baseline 0.004 -28"><span class='ocrx_word' id='word_1_260' title='bbox 301 1985 453 2048; x_wconf 75' lang='grc' dir='ltr'><strong>ἧκεν.</strong></span> <span class='ocrx_word' id='word_1_261' title='bbox 487 2005 515 2032; x_wconf 85' lang='grc'>‹‹</span> <span class='ocrx_word' id='word_1_262' title='bbox 557 1981 638 2038; x_wconf 75' lang='grc' dir='ltr'><strong>Τὰ</strong></span> <span class='ocrx_word' id='word_1_263' title='bbox 694 1979 962 2056; x_wconf 81' lang='grc' dir='ltr'><strong>στίγματα</strong></span> <span class='ocrx_word' id='word_1_264' title='bbox 1012 1984 1108 2036; x_wconf 76' lang='grc' dir='ltr'><strong>τοῦ</strong></span> <span class='ocrx_word' id='word_1_265' title='bbox 1167 1986 1418 2056; x_wconf 76' lang='grc' dir='ltr'><strong>Χριστοῦ.</strong></span> <span class='ocrx_word' id='word_1_266' title='bbox 1455 2007 1482 2034; x_wconf 88' lang='grc'>››</span> <span class='ocrx_word' id='word_1_267' title='bbox 1544 1983 1829 2062; x_wconf 79' lang='grc' dir='ltr'><strong>Στίγματα</strong></span> <span class='ocrx_word' id='word_1_268' title='bbox 1859 1982 1954 2040; x_wconf 81' lang='grc' dir='ltr'><strong>λέ-</strong></span> 
     </span>
    </p>
   </div>
   <div class='ocr_carea' id='block_1_37' title="bbox 308 2065 1950 2149">
    <p class='ocr_par' dir='ltr' id='par_1_37' title="bbox 308 2065 1950 2149">
     <span class='ocr_line' id='line_1_37' title="bbox 308 2065 1950 2149; baseline 0.005 -27"><span class='ocrx_word' id='word_1_269' title='bbox 308 2089 394 2143; x_wconf 78' lang='grc' dir='ltr'><strong>γιι</strong></span> <span class='ocrx_word' id='word_1_270' title='bbox 440 2069 534 2131; x_wconf 70' lang='grc' dir='ltr'>τὰς</span> <span class='ocrx_word' id='word_1_271' title='bbox 580 2065 821 2146; x_wconf 68' lang='grc' dir='ltr'><strong>πληγὰς,</strong></span> <span class='ocrx_word' id='word_1_272' title='bbox 856 2071 920 2125; x_wconf 74' lang='grc' dir='ltr'><strong>τὰ</strong></span> <span class='ocrx_word' id='word_1_273' title='bbox 975 2071 1280 2146; x_wconf 80' lang='grc' dir='ltr'><strong>τραύματα,</strong></span> <span class='ocrx_word' id='word_1_274' title='bbox 1337 2073 1403 2126; x_wconf 67' lang='grc' dir='ltr'><strong>τὰ</strong></span> <span class='ocrx_word' id='word_1_275' title='bbox 1462 2074 1550 2128; x_wconf 80' lang='grc' dir='ltr'><strong>διὰ</strong></span> <span class='ocrx_word' id='word_1_276' title='bbox 1598 2074 1689 2128; x_wconf 87' lang='grc' dir='ltr'><strong>τὸν</strong></span> <span class='ocrx_word' id='word_1_277' title='bbox 1751 2075 1950 2149; x_wconf 86' lang='grc' dir='ltr'><strong>Κύριον</strong></span> 
     </span>
    </p>
   </div>
   <div class='ocr_carea' id='block_1_38' title="bbox 307 2158 1950 2238">
    <p class='ocr_par' dir='ltr' id='par_1_38' title="bbox 307 2158 1950 2238">
     <span class='ocr_line' id='line_1_38' title="bbox 307 2158 1950 2238; baseline 0.002 -24"><span class='ocrx_word' id='word_1_278' title='bbox 307 2158 396 2214; x_wconf 79' lang='grc' dir='ltr'><strong>καὶ</strong></span> <span class='ocrx_word' id='word_1_279' title='bbox 441 2159 502 2213; x_wconf 89' lang='grc' dir='ltr'><strong>τὸ</strong></span> <span class='ocrx_word' id='word_1_280' title='bbox 557 2161 836 2236; x_wconf 79' lang='grc' dir='ltr'><strong>κήρυγμα·</strong></span> <span class='ocrx_word' id='word_1_281' title='bbox 899 2186 926 2214; x_wconf 88' lang='grc' dir='ltr'>ιι</span> <span class='ocrx_word' id='word_1_282' title='bbox 962 2161 1047 2215; x_wconf 89' lang='grc' dir='ltr'><strong>Ἐν</strong></span> <span class='ocrx_word' id='word_1_283' title='bbox 1100 2165 1178 2232; x_wconf 83' lang='grc' dir='ltr'>τῷ</span> <span class='ocrx_word' id='word_1_284' title='bbox 1223 2162 1439 2234; x_wconf 83' lang='grc' dir='ltr'><strong>σώματί</strong></span> <span class='ocrx_word' id='word_1_285' title='bbox 1475 2183 1583 2236; x_wconf 89' lang='grc' dir='ltr'><strong>μου</strong></span> <span class='ocrx_word' id='word_1_286' title='bbox 1616 2163 1885 2238; x_wconf 76' lang='grc' dir='ltr'><strong>βαστάζω.</strong></span> <span class='ocrx_word' id='word_1_287' title='bbox 1922 2190 1950 2218; x_wconf 85' lang='grc'><strong><em>››</em></strong></span> 
     </span>
    </p>
   </div>
   <div class='ocr_carea' id='block_1_39' title="bbox 305 2243 1953 2325">
    <p class='ocr_par' dir='ltr' id='par_1_39' title="bbox 305 2243 1953 2325">
     <span class='ocr_line' id='line_1_39' title="bbox 305 2243 1953 2325; baseline 0.002 -20"><span class='ocrx_word' id='word_1_288' title='bbox 305 2247 446 2305; x_wconf 80' lang='grc' dir='ltr'><strong>Ὠσεὶ</strong></span> <span class='ocrx_word' id='word_1_289' title='bbox 488 2243 668 2324; x_wconf 65' lang='grc' dir='ltr'><strong>ἔλεγε.</strong></span> <span class='ocrx_word' id='word_1_290' title='bbox 719 2245 925 2317; x_wconf 79' lang='grc' dir='ltr'><strong>Μηδείς</strong></span> <span class='ocrx_word' id='word_1_291' title='bbox 988 2269 1053 2322; x_wconf 77' lang='grc' dir='ltr'><strong>με</strong></span> <span class='ocrx_word' id='word_1_292' title='bbox 1110 2249 1184 2312; x_wconf 85' lang='grc' dir='ltr'>ὡς</span> <span class='ocrx_word' id='word_1_293' title='bbox 1245 2249 1544 2325; x_wconf 67' lang='grc' dir='ltr'><strong>ὑποκριτὴν</strong></span> <span class='ocrx_word' id='word_1_294' title='bbox 1605 2246 1953 2308; x_wconf 73' lang='grc' dir='ltr'><strong>διαϐαλλέτω</strong></span> 
     </span>
    </p>
   </div>
   <div class='ocr_carea' id='block_1_40' title="bbox 303 2337 1951 2414">
    <p class='ocr_par' dir='ltr' id='par_1_40' title="bbox 303 2337 1951 2414">
     <span class='ocr_line' id='line_1_40' title="bbox 303 2337 1951 2414; baseline 0.004 -22"><span class='ocrx_word' id='word_1_295' title='bbox 303 2343 429 2410; x_wconf 81' lang='grc' dir='ltr'><strong>παρ’</strong></span> <span class='ocrx_word' id='word_1_296' title='bbox 461 2337 608 2409; x_wconf 81' lang='grc' dir='ltr'><strong>ὑμῖν.</strong></span> <span class='ocrx_word' id='word_1_297' title='bbox 644 2337 795 2396; x_wconf 81' lang='grc' dir='ltr'><strong>Δύτᾶ</strong></span> <span class='ocrx_word' id='word_1_298' title='bbox 843 2338 944 2414; x_wconf 70' lang='grc' dir='ltr'><strong>γὰρ</strong></span> <span class='ocrx_word' id='word_1_299' title='bbox 992 2340 1060 2394; x_wconf 71' lang='grc' dir='ltr'><strong>τὰ</strong></span> <span class='ocrx_word' id='word_1_300' title='bbox 1115 2339 1400 2414; x_wconf 81' lang='grc' dir='ltr'><strong>τραύματα</strong></span> <span class='ocrx_word' id='word_1_301' title='bbox 1452 2341 1542 2394; x_wconf 78' lang='grc' dir='ltr'><strong>καὶ</strong></span> <span class='ocrx_word' id='word_1_302' title='bbox 1599 2341 1654 2395; x_wconf 72' lang='grc' dir='ltr'><strong>αἱ</strong></span> <span class='ocrx_word' id='word_1_303' title='bbox 1715 2338 1802 2397; x_wconf 82' lang='grc' dir='ltr'><strong>διὰ</strong></span> <span class='ocrx_word' id='word_1_304' title='bbox 1858 2343 1951 2398; x_wconf 92' lang='grc' dir='ltr'><strong>τὸν</strong></span> 
     </span>
    </p>
   </div>
   <div class='ocr_carea' id='block_1_41' title="bbox 302 2425 1957 2504">
    <p class='ocr_par' dir='ltr' id='par_1_41' title="bbox 302 2425 1957 2504">
     <span class='ocr_line' id='line_1_41' title="bbox 302 2425 1957 2504; baseline 0.002 -20"><span class='ocrx_word' id='word_1_305' title='bbox 302 2425 504 2502; x_wconf 87' lang='grc' dir='ltr'><strong>Κύριον</strong></span> <span class='ocrx_word' id='word_1_306' title='bbox 543 2425 753 2500; x_wconf 78' lang='grc' dir='ltr'><strong>πληγαὶ</strong></span> <span class='ocrx_word' id='word_1_307' title='bbox 812 2427 1144 2502; x_wconf 75' lang='grc' dir='ltr'><strong>μαρτυροῦσὶ</strong></span> <span class='ocrx_word' id='word_1_308' title='bbox 1203 2450 1295 2502; x_wconf 89' lang='grc' dir='ltr'><strong>μοι</strong></span> <span class='ocrx_word' id='word_1_309' title='bbox 1355 2428 1735 2504; x_wconf 81' lang='grc' dir='ltr'><strong>ἀνυποκρίτως</strong></span> <span class='ocrx_word' id='word_1_310' title='bbox 1793 2430 1957 2487; x_wconf 82' lang='grc' dir='ltr'><strong>πολι-</strong></span> 
     </span>
    </p>
   </div>
   <div class='ocr_carea' id='block_1_42' title="bbox 297 2512 1957 2593">
    <p class='ocr_par' dir='ltr' id='par_1_42' title="bbox 297 2512 1957 2593">
     <span class='ocr_line' id='line_1_42' title="bbox 297 2512 1957 2593; baseline 0.004 -22"><span class='ocrx_word' id='word_1_311' title='bbox 297 2515 566 2576; x_wconf 79' lang='grc' dir='ltr'><strong>τεύεσθαι.</strong></span> <span class='ocrx_word' id='word_1_312' title='bbox 627 2512 959 2573; x_wconf 75' lang='grc' dir='ltr'><strong>Διεϐάλλετο</strong></span> <span class='ocrx_word' id='word_1_313' title='bbox 1033 2519 1155 2593; x_wconf 71' lang='grc' dir='ltr'><strong>γὰρ,</strong></span> <span class='ocrx_word' id='word_1_314' title='bbox 1227 2519 1399 2574; x_wconf 82' lang='grc' dir='ltr'><strong>πάντα</strong></span> <span class='ocrx_word' id='word_1_315' title='bbox 1455 2524 1631 2575; x_wconf 72' lang='grc' dir='ltr'><strong>ποιῶν</strong></span> <span class='ocrx_word' id='word_1_316' title='bbox 1687 2521 1763 2582; x_wconf 90' lang='grc' dir='ltr'><strong>ὡς</strong></span> <span class='ocrx_word' id='word_1_317' title='bbox 1821 2523 1957 2578; x_wconf 80' lang='grc' dir='ltr'><strong>γατᾶ</strong></span> 
     </span>
    </p>
   </div>
   <div class='ocr_carea' id='block_1_43' title="bbox 301 2602 1956 2685">
    <p class='ocr_par' dir='ltr' id='par_1_43' title="bbox 301 2602 1956 2685">
     <span class='ocr_line' id='line_1_43' title="bbox 301 2602 1956 2685; baseline 0.004 -25"><span class='ocrx_word' id='word_1_318' title='bbox 301 2602 586 2684; x_wconf 80' lang='grc' dir='ltr'><strong>ὑπόκρισιν</strong></span> <span class='ocrx_word' id='word_1_319' title='bbox 619 2651 632 2674; x_wconf 92' lang='grc'><em>,</em></span> <span class='ocrx_word' id='word_1_320' title='bbox 691 2605 781 2662; x_wconf 76' lang='grc' dir='ltr'><strong>καὶ</strong></span> <span class='ocrx_word' id='word_1_321' title='bbox 838 2605 1094 2683; x_wconf 58' lang='grc' dir='ltr'><strong>ἄλλαχοῦ</strong></span> <span class='ocrx_word' id='word_1_322' title='bbox 1139 2607 1235 2679; x_wconf 76' lang='grc' dir='ltr'><strong>μὶν</strong></span> <span class='ocrx_word' id='word_1_323' title='bbox 1294 2611 1600 2684; x_wconf 67' lang='grc' dir='ltr'><strong>περιτομῆν</strong></span> <span class='ocrx_word' id='word_1_324' title='bbox 1647 2610 1956 2685; x_wconf 76' lang='grc' dir='ltr'><strong>κηρύσσων,</strong></span> 
     </span>
    </p>
   </div>
   <div class='ocr_carea' id='block_1_44' title="bbox 301 2691 1958 2772">
    <p class='ocr_par' dir='ltr' id='par_1_44' title="bbox 301 2691 1958 2772">
     <span class='ocr_line' id='line_1_44' title="bbox 301 2691 1958 2772; baseline 0.004 -22"><span class='ocrx_word' id='word_1_325' title='bbox 301 2691 561 2771; x_wconf 77' lang='grc' dir='ltr'><strong>ἄλλαχοῦ</strong></span> <span class='ocrx_word' id='word_1_326' title='bbox 593 2692 650 2751; x_wconf 65' lang='grc' dir='ltr'><strong>δὲ</strong></span> <span class='ocrx_word' id='word_1_327' title='bbox 681 2692 762 2751; x_wconf 70' lang='grc' dir='ltr'><strong>οὕ.</strong></span> <span class='ocrx_word' id='word_1_328' title='bbox 819 2722 845 2748; x_wconf 89' lang='grc'><strong>‹‹</strong></span> <span class='ocrx_word' id='word_1_329' title='bbox 879 2697 1027 2752; x_wconf 71' lang='grc' dir='ltr'><strong>Μετὰ</strong></span> <span class='ocrx_word' id='word_1_330' title='bbox 1053 2700 1155 2752; x_wconf 77' lang='grc' dir='ltr'><strong>τοῦ</strong></span> <span class='ocrx_word' id='word_1_331' title='bbox 1187 2696 1490 2769; x_wconf 83' lang='grc' dir='ltr'><strong>πνεύματος</strong></span> <span class='ocrx_word' id='word_1_332' title='bbox 1555 2699 1722 2772; x_wconf 82' lang='grc' dir='ltr'><strong>ὑμῶν.</strong></span> <span class='ocrx_word' id='word_1_333' title='bbox 1763 2723 1791 2752; x_wconf 90' lang='grc'><strong>››</strong></span> <span class='ocrx_word' id='word_1_334' title='bbox 1851 2699 1958 2756; x_wconf 77' lang='grc' dir='ltr'><strong>Σὺν</strong></span> 
     </span>
    </p>
   </div>
   <div class='ocr_carea' id='block_1_45' title="bbox 296 2789 1961 2868">
    <p class='ocr_par' dir='ltr' id='par_1_45' title="bbox 296 2789 1961 2868">
     <span class='ocr_line' id='line_1_45' title="bbox 296 2789 1961 2868; baseline 0.001 -23"><span class='ocrx_word' id='word_1_335' title='bbox 296 2792 383 2861; x_wconf 77' lang='grc' dir='ltr'><strong>τῷ</strong></span> <span class='ocrx_word' id='word_1_336' title='bbox 424 2790 765 2866; x_wconf 74' lang='grc' dir='ltr'><strong>ἡγεμονικῷ.</strong></span> <span class='ocrx_word' id='word_1_337' title='bbox 824 2791 908 2862; x_wconf 82' lang='grc' dir='ltr'>Τῇ</span> <span class='ocrx_word' id='word_1_338' title='bbox 958 2793 1114 2864; x_wconf 74' lang='grc' dir='ltr'>ψυχῇ</span> <span class='ocrx_word' id='word_1_339' title='bbox 1153 2791 1251 2860; x_wconf 73' lang='grc' dir='ltr'><strong>τήν</strong></span> <span class='ocrx_word' id='word_1_340' title='bbox 1288 2791 1446 2866; x_wconf 68' lang='grc' dir='ltr'><strong>χάριν</strong></span> <span class='ocrx_word' id='word_1_341' title='bbox 1501 2789 1791 2866; x_wconf 76' lang='grc' dir='ltr'><strong>ἒπιύχιται</strong></span> <span class='ocrx_word' id='word_1_342' title='bbox 1824 2789 1961 2868; x_wconf 79' lang='grc' dir='ltr'><strong>γενέ-</strong></span> 
     </span>
    </p>
   </div>
   <div class='ocr_carea' id='block_1_46' title="bbox 306 2888 454 2942">
    <p class='ocr_par' dir='ltr' id='par_1_46' title="bbox 306 2888 454 2942">
     <span class='ocr_line' id='line_1_46' title="bbox 306 2888 454 2942; baseline 0.014 -10"><span class='ocrx_word' id='word_1_343' title='bbox 306 2888 454 2942; x_wconf 77' lang='grc' dir='ltr'><strong>σθαι.</strong></span> 
     </span>
    </p>
   </div>
   <div class='ocr_carea' id='block_1_47' title="bbox 455 3163 1819 3293">
    <p class='ocr_par' dir='ltr' id='par_1_47' title="bbox 455 3163 1819 3293">
     <span class='ocr_line' id='line_1_47' title="bbox 455 3163 1819 3293; baseline -0.003 -69"><span class='ocrx_word' id='word_1_344' title='bbox 455 3163 631 3229; x_wconf 74' lang='grc' dir='ltr'>Τιλος</span> <span class='ocrx_word' id='word_1_345' title='bbox 673 3164 766 3221; x_wconf 80' lang='grc' dir='ltr'><strong>σὺν</strong></span> <span class='ocrx_word' id='word_1_346' title='bbox 823 3169 940 3238; x_wconf 78' lang='grc' dir='ltr'><strong>Θιῷ</strong></span> <span class='ocrx_word' id='word_1_347' title='bbox 1004 3171 1103 3234; x_wconf 80' lang='grc' dir='ltr'><strong>τῆς</strong></span> <span class='ocrx_word' id='word_1_348' title='bbox 1123 3165 1296 3293; x_wconf 59' lang='grc' dir='ltr'><strong>λτξρὸς</strong></span> <span class='ocrx_word' id='word_1_349' title='bbox 1354 3163 1598 3228; x_wconf 72' lang='grc' dir='ltr'><strong>Γαλάτος</strong></span> <span class='ocrx_word' id='word_1_350' title='bbox 1662 3167 1819 3223; x_wconf 84' lang='grc' dir='ltr'><strong>Ἐπι-</strong></span> 
     </span>
     <span class='ocr_line' id='line_1_48' title="bbox 1025 3258 1260 3293; baseline 0.004 -1"><span class='ocrx_word' id='word_1_351' title='bbox 1025 3258 1116 3292; x_wconf 86' lang='grc' dir='ltr'><strong>στο</strong></span> <span class='ocrx_word' id='word_1_352' title='bbox 1162 3259 1260 3293; x_wconf 64' lang='lat' dir='ltr'><strong>te.</strong></span> 
     </span>
    </p>
   </div>
   <div class='ocr_carea' id='block_1_48' title="bbox 1025 3258 1260 3307">
    <p class='ocr_par' dir='ltr' id='par_1_48' title="bbox 1025 3258 1260 3307">
     <span class='ocr_line' id='line_1_49' title="bbox 1025 3258 1260 3307; baseline 0.009 -15"><span class='ocrx_word' id='word_1_353' title='bbox 1025 3258 1230 3307; x_wconf 73' lang='grc' dir='ltr'><strong>στοΛτ,ς</strong></span> <span class='ocrx_word' id='word_1_354' title='bbox 1245 3280 1260 3294; x_wconf 90' lang='grc'><strong>.</strong></span> 
     </span>
    </p>
   </div>
   <div class='ocr_carea' id='block_1_49' title="bbox 807 3325 1470 3403">
    <p class='ocr_par' dir='ltr' id='par_1_49' title="bbox 807 3325 1470 3403">
     <span class='ocr_line' id='line_1_50' title="bbox 807 3325 1470 3403; baseline 0.002 -19"><span class='ocrx_word' id='word_1_355' title='bbox 807 3325 1054 3403; x_wconf 75' lang='grc' dir='ltr'><strong>Ἐγράφη</strong></span> <span class='ocrx_word' id='word_1_356' title='bbox 1089 3326 1194 3382; x_wconf 85' lang='grc' dir='ltr'><strong>ἀπὸ</strong></span> <span class='ocrx_word' id='word_1_357' title='bbox 1225 3326 1470 3400; x_wconf 82' lang='grc' dir='ltr'><strong>Ῥώμης.</strong></span> 
     </span>
    </p>
   </div>
   <div class='ocr_carea' id='block_1_50' title="bbox 308 3480 2980 3518">
    <p class='ocr_par' dir='ltr' id='par_1_50' title="bbox 308 3480 2980 3518">
     <span class='ocr_line' id='line_1_51' title="bbox 308 3480 2980 3518; baseline -0 -3"><span class='ocrx_word' id='word_1_358' title='bbox 308 3480 2980 3518; x_wconf 60' lang='lat' dir='ltr'><em>W</em></span> 
     </span>
    </p>
   </div>
   <div class='ocr_carea' id='block_1_51' title="bbox 2065 1981 3716 2058">
    <p class='ocr_par' dir='ltr' id='par_1_51' title="bbox 2065 1981 3716 2058">
     <span class='ocr_line' id='line_1_52' title="bbox 2065 1981 3716 2058; baseline -0.004 -16"><span class='ocrx_word' id='word_1_359' title='bbox 2065 1988 2136 2042; x_wconf 89' lang='lat' dir='ltr'><strong>sti</strong></span> <span class='ocrx_word' id='word_1_360' title='bbox 2175 1985 2654 2058; x_wconf 85' lang='lat' dir='ltr'><strong>stigmata.etiam</strong></span> <span class='ocrx_word' id='word_1_361' title='bbox 2689 1999 2756 2040; x_wconf 90' lang='lat' dir='ltr'><strong>ac</strong></span> <span class='ocrx_word' id='word_1_362' title='bbox 2787 1984 3137 2039; x_wconf 84' lang='lat' dir='ltr'><strong>memoriam</strong></span> <span class='ocrx_word' id='word_1_363' title='bbox 3169 1981 3580 2053; x_wconf 88' lang='lat' dir='ltr'><strong>reducitquod</strong></span> <span class='ocrx_word' id='word_1_364' title='bbox 3615 1981 3716 2036; x_wconf 90' lang='lat' dir='ltr'><strong>ille</strong></span> 
     </span>
    </p>
   </div>
   <div class='ocr_carea' id='block_1_52' title="bbox 2063 2072 3718 2147">
    <p class='ocr_par' dir='ltr' id='par_1_52' title="bbox 2063 2072 3718 2147">
     <span class='ocr_line' id='line_1_53' title="bbox 2063 2072 3718 2147; baseline -0.003 -16"><span class='ocrx_word' id='word_1_365' title='bbox 2063 2093 2168 2147; x_wconf 88' lang='lat' dir='ltr'><strong>pro</strong></span> <span class='ocrx_word' id='word_1_366' title='bbox 2201 2076 2371 2131; x_wconf 89' lang='lat' dir='ltr'><strong>nobis</strong></span> <span class='ocrx_word' id='word_1_367' title='bbox 2395 2091 2602 2146; x_wconf 84' lang='lat' dir='ltr'><strong>passus</strong></span> <span class='ocrx_word' id='word_1_368' title='bbox 2636 2075 2729 2128; x_wconf 91' lang='lat' dir='ltr'><strong>sit.</strong></span> <span class='ocrx_word' id='word_1_369' title='bbox 2755 2072 2929 2128; x_wconf 90' lang='lat' dir='ltr'><strong>Omni</strong></span> <span class='ocrx_word' id='word_1_370' title='bbox 2951 2073 3148 2143; x_wconf 83' lang='lat' dir='ltr'><strong>itaque</strong></span> <span class='ocrx_word' id='word_1_371' title='bbox 3183 2073 3355 2127; x_wconf 91' lang='lat' dir='ltr'><strong>modo</strong></span> <span class='ocrx_word' id='word_1_372' title='bbox 3389 2072 3718 2126; x_wconf 73' lang='lat' dir='ltr'><strong>convenite</strong></span> 
     </span>
    </p>
   </div>
   <div class='ocr_carea' id='block_1_53' title="bbox 2064 2160 3712 2238">
    <p class='ocr_par' dir='ltr' id='par_1_53' title="bbox 2064 2160 3712 2238">
     <span class='ocr_line' id='line_1_54' title="bbox 2064 2160 3712 2238; baseline -0.004 -18"><span class='ocrx_word' id='word_1_373' title='bbox 2064 2165 2190 2238; x_wconf 91' lang='lat' dir='ltr'><strong>lege</strong></span> <span class='ocrx_word' id='word_1_374' title='bbox 2225 2165 2508 2237; x_wconf 88' lang='lat' dir='ltr'><strong>separari,</strong></span> <span class='ocrx_word' id='word_1_375' title='bbox 2543 2170 2602 2218; x_wconf 91' lang='lat' dir='ltr'><strong>et</strong></span> <span class='ocrx_word' id='word_1_376' title='bbox 2633 2164 2691 2218; x_wconf 92' lang='lat' dir='ltr'><strong>in</strong></span> <span class='ocrx_word' id='word_1_377' title='bbox 2729 2163 2844 2217; x_wconf 81' lang='lat' dir='ltr'><strong>ﬁde</strong></span> <span class='ocrx_word' id='word_1_378' title='bbox 2878 2162 3120 2218; x_wconf 84' lang='lat' dir='ltr'><strong>ﬁrmari.</strong></span> <span class='ocrx_word' id='word_1_379' title='bbox 3155 2185 3183 2212; x_wconf 89' lang='lat'><strong>«</strong></span> <span class='ocrx_word' id='word_1_380' title='bbox 3217 2161 3501 2232; x_wconf 80' lang='lat' dir='ltr'><strong>Stigmata</strong></span> <span class='ocrx_word' id='word_1_381' title='bbox 3549 2160 3712 2215; x_wconf 84' lang='lat' dir='ltr'><strong>Chri-</strong></span> 
     </span>
    </p>
   </div>
   <div class='ocr_carea' id='block_1_54' title="bbox 2064 2251 3720 2325">
    <p class='ocr_par' dir='ltr' id='par_1_54' title="bbox 2064 2251 3720 2325">
     <span class='ocr_line' id='line_1_55' title="bbox 2064 2251 3720 2325; baseline -0.004 -16"><span class='ocrx_word' id='word_1_382' title='bbox 2064 2261 2160 2311; x_wconf 77' lang='lat' dir='ltr'><strong>sti.</strong></span> <span class='ocrx_word' id='word_1_383' title='bbox 2194 2277 2221 2303; x_wconf 84' lang='lat'>»</span> <span class='ocrx_word' id='word_1_384' title='bbox 2247 2255 2531 2325; x_wconf 81' lang='lat' dir='ltr'><strong>Stigmata</strong></span> <span class='ocrx_word' id='word_1_385' title='bbox 2560 2253 2704 2308; x_wconf 85' lang='lat' dir='ltr'><strong>dicit</strong></span> <span class='ocrx_word' id='word_1_386' title='bbox 2735 2252 2934 2324; x_wconf 83' lang='lat' dir='ltr'><strong>plagas</strong></span> <span class='ocrx_word' id='word_1_387' title='bbox 2976 2257 3033 2307; x_wconf 89' lang='lat' dir='ltr'><strong>et</strong></span> <span class='ocrx_word' id='word_1_388' title='bbox 3071 2251 3314 2306; x_wconf 84' lang='lat' dir='ltr'><strong>vulnera</strong></span> <span class='ocrx_word' id='word_1_389' title='bbox 3343 2256 3585 2322; x_wconf 88' lang='lat' dir='ltr'><strong>propter</strong></span> <span class='ocrx_word' id='word_1_390' title='bbox 3606 2251 3720 2304; x_wconf 91' lang='lat' dir='ltr'><strong>Do-</strong></span> 
     </span>
    </p>
   </div>
   <div class='ocr_carea' id='block_1_55' title="bbox 2065 2341 3726 2416">
    <p class='ocr_par' dir='ltr' id='par_1_55' title="bbox 2065 2341 3726 2416">
     <span class='ocr_line' id='line_1_56' title="bbox 2065 2341 3726 2416; baseline -0.004 -15"><span class='ocrx_word' id='word_1_391' title='bbox 2065 2347 2296 2401; x_wconf 89' lang='lat' dir='ltr'><strong>minum</strong></span> <span class='ocrx_word' id='word_1_392' title='bbox 2323 2351 2379 2400; x_wconf 89' lang='lat' dir='ltr'><strong>et</strong></span> <span class='ocrx_word' id='word_1_393' title='bbox 2401 2349 2643 2416; x_wconf 85' lang='lat' dir='ltr'><strong>propter</strong></span> <span class='ocrx_word' id='word_1_394' title='bbox 2663 2342 3148 2415; x_wconf 79' lang='lat' dir='ltr'><strong>praedicationem</strong></span> <span class='ocrx_word' id='word_1_395' title='bbox 3174 2341 3418 2396; x_wconf 86' lang='lat' dir='ltr'><strong>inﬂicta.</strong></span> <span class='ocrx_word' id='word_1_396' title='bbox 3454 2363 3473 2387; x_wconf 78' lang='grc' dir='ltr'><strong>ι</strong></span> <span class='ocrx_word' id='word_1_397' title='bbox 3509 2342 3575 2395; x_wconf 89' lang='lat' dir='ltr'><strong>In</strong></span> <span class='ocrx_word' id='word_1_398' title='bbox 3598 2356 3726 2395; x_wconf 87' lang='lat' dir='ltr'><strong>cor-</strong></span> 
     </span>
    </p>
   </div>
   <div class='ocr_carea' id='block_1_56' title="bbox 2065 2431 3722 2507">
    <p class='ocr_par' dir='ltr' id='par_1_56' title="bbox 2065 2431 3722 2507">
     <span class='ocr_line' id='line_1_57' title="bbox 2065 2431 3722 2507; baseline -0.003 -18"><span class='ocrx_word' id='word_1_399' title='bbox 2065 2451 2207 2507; x_wconf 91' lang='lat' dir='ltr'><strong>pore</strong></span> <span class='ocrx_word' id='word_1_400' title='bbox 2240 2451 2370 2489; x_wconf 90' lang='lat' dir='ltr'><strong>meo</strong></span> <span class='ocrx_word' id='word_1_401' title='bbox 2417 2439 2604 2505; x_wconf 90' lang='lat' dir='ltr'><strong>porto.</strong></span> <span class='ocrx_word' id='word_1_402' title='bbox 2649 2454 2676 2480; x_wconf 69' lang='grc' dir='ltr'><em>η</em></span> <span class='ocrx_word' id='word_1_403' title='bbox 2726 2433 3029 2504; x_wconf 88' lang='lat' dir='ltr'><strong>Tanquam</strong></span> <span class='ocrx_word' id='word_1_404' title='bbox 3057 2431 3315 2486; x_wconf 90' lang='lat' dir='ltr'><strong>diceret:</strong></span> <span class='ocrx_word' id='word_1_405' title='bbox 3380 2431 3559 2485; x_wconf 88' lang='lat' dir='ltr'><strong>Nemo</strong></span> <span class='ocrx_word' id='word_1_406' title='bbox 3627 2444 3722 2485; x_wconf 89' lang='lat' dir='ltr'><strong>me</strong></span> 
     </span>
    </p>
   </div>
   <div class='ocr_carea' id='block_1_57' title="bbox 2065 2516 3724 2596">
    <p class='ocr_par' dir='ltr' id='par_1_57' title="bbox 2065 2516 3724 2596">
     <span class='ocr_line' id='line_1_58' title="bbox 2065 2516 3724 2596; baseline -0.004 -17"><span class='ocrx_word' id='word_1_407' title='bbox 2065 2526 2226 2582; x_wconf 82' lang='lat' dir='ltr'><strong>velut</strong></span> <span class='ocrx_word' id='word_1_408' title='bbox 2256 2524 2622 2596; x_wconf 85' lang='lat' dir='ltr'><strong>hypocritam</strong></span> <span class='ocrx_word' id='word_1_409' title='bbox 2651 2521 2808 2595; x_wconf 88' lang='lat' dir='ltr'><strong>apud</strong></span> <span class='ocrx_word' id='word_1_410' title='bbox 2839 2539 2938 2577; x_wconf 86' lang='lat' dir='ltr'><strong>vos</strong></span> <span class='ocrx_word' id='word_1_411' title='bbox 2961 2521 3376 2577; x_wconf 88' lang='lat' dir='ltr'><strong>calumnietur.</strong></span> <span class='ocrx_word' id='word_1_412' title='bbox 3407 2520 3539 2574; x_wconf 67' lang='lat' dir='ltr'><strong>Haec</strong></span> <span class='ocrx_word' id='word_1_413' title='bbox 3562 2516 3724 2573; x_wconf 88' lang='lat' dir='ltr'><strong>enim</strong></span> 
     </span>
    </p>
   </div>
   <div class='ocr_carea' id='block_1_58' title="bbox 2069 2609 3724 2686">
    <p class='ocr_par' dir='ltr' id='par_1_58' title="bbox 2069 2609 3724 2686">
     <span class='ocr_line' id='line_1_59' title="bbox 2069 2609 3724 2686; baseline -0.003 -18"><span class='ocrx_word' id='word_1_414' title='bbox 2069 2615 2316 2670; x_wconf 78' lang='lat' dir='ltr'><strong>vulnera</strong></span> <span class='ocrx_word' id='word_1_415' title='bbox 2348 2620 2406 2668; x_wconf 86' lang='lat' dir='ltr'><strong>et</strong></span> <span class='ocrx_word' id='word_1_416' title='bbox 2438 2611 2618 2686; x_wconf 71' lang='lat' dir='ltr'><strong>plagas</strong></span> <span class='ocrx_word' id='word_1_417' title='bbox 2653 2610 2886 2666; x_wconf 88' lang='lat' dir='ltr'><strong>Domini</strong></span> <span class='ocrx_word' id='word_1_418' title='bbox 2931 2625 3110 2666; x_wconf 90' lang='lat' dir='ltr'><strong>causa</strong></span> <span class='ocrx_word' id='word_1_419' title='bbox 3141 2609 3406 2670; x_wconf 73' lang='lat' dir='ltr'><strong>intlictaa.</strong></span> <span class='ocrx_word' id='word_1_420' title='bbox 3439 2614 3724 2664; x_wconf 82' lang='lat' dir='ltr'><strong>attestan-</strong></span> 
     </span>
    </p>
   </div>
   <div class='ocr_carea' id='block_1_59' title="bbox 2069 2698 3719 2776">
    <p class='ocr_par' dir='ltr' id='par_1_59' title="bbox 2069 2698 3719 2776">
     <span class='ocr_line' id='line_1_60' title="bbox 2069 2698 3719 2776; baseline -0.005 -15"><span class='ocrx_word' id='word_1_421' title='bbox 2069 2711 2168 2762; x_wconf 81' lang='lat' dir='ltr'><strong>tur</strong></span> <span class='ocrx_word' id='word_1_422' title='bbox 2198 2705 2357 2776; x_wconf 89' lang='lat' dir='ltr'><strong>quod</strong></span> <span class='ocrx_word' id='word_1_423' title='bbox 2405 2705 2532 2760; x_wconf 88' lang='lat' dir='ltr'><strong>sine</strong></span> <span class='ocrx_word' id='word_1_424' title='bbox 2566 2702 2688 2758; x_wconf 91' lang='lat' dir='ltr'><strong>ulla</strong></span> <span class='ocrx_word' id='word_1_425' title='bbox 2714 2701 2980 2756; x_wconf 84' lang='lat' dir='ltr'><strong>ﬂictione</strong></span> <span class='ocrx_word' id='word_1_426' title='bbox 3012 2716 3344 2756; x_wconf 84' lang='lat' dir='ltr'><strong>converser.</strong></span> <span class='ocrx_word' id='word_1_427' title='bbox 3378 2698 3719 2754; x_wconf 85' lang='lat' dir='ltr'><strong>Patiebatur</strong></span> 
     </span>
    </p>
   </div>
   <div class='ocr_carea' id='block_1_60' title="bbox 2074 2787 3722 2863">
    <p class='ocr_par' dir='ltr' id='par_1_60' title="bbox 2074 2787 3722 2863">
     <span class='ocr_line' id='line_1_61' title="bbox 2074 2787 3722 2863; baseline -0.005 -11"><span class='ocrx_word' id='word_1_428' title='bbox 2074 2797 2235 2852; x_wconf 88' lang='lat' dir='ltr'><strong>enim</strong></span> <span class='ocrx_word' id='word_1_429' title='bbox 2289 2793 2651 2850; x_wconf 88' lang='lat' dir='ltr'><strong>calumniam</strong></span> <span class='ocrx_word' id='word_1_430' title='bbox 2684 2791 2854 2863; x_wconf 89' lang='lat' dir='ltr'><strong>quasi</strong></span> <span class='ocrx_word' id='word_1_431' title='bbox 2887 2791 3091 2846; x_wconf 86' lang='lat' dir='ltr'><strong>omnia</strong></span> <span class='ocrx_word' id='word_1_432' title='bbox 3140 2788 3272 2844; x_wconf 83' lang='lat' dir='ltr'><strong>ﬁcte</strong></span> <span class='ocrx_word' id='word_1_433' title='bbox 3326 2805 3394 2844; x_wconf 88' lang='lat' dir='ltr'><strong>ac</strong></span> <span class='ocrx_word' id='word_1_434' title='bbox 3443 2787 3722 2843; x_wconf 87' lang='lat' dir='ltr'><strong>simulate</strong></span> 
     </span>
    </p>
   </div>
   <div class='ocr_carea' id='block_1_61' title="bbox 2072 2876 3725 2957">
    <p class='ocr_par' dir='ltr' id='par_1_61' title="bbox 2072 2876 3725 2957">
     <span class='ocr_line' id='line_1_62' title="bbox 2072 2876 3725 2957; baseline -0.007 -17"><span class='ocrx_word' id='word_1_435' title='bbox 2072 2888 2314 2957; x_wconf 84' lang='lat' dir='ltr'><strong>ageret:</strong></span> <span class='ocrx_word' id='word_1_436' title='bbox 2375 2881 2516 2938; x_wconf 88' lang='lat' dir='ltr'><strong>alibi</strong></span> <span class='ocrx_word' id='word_1_437' title='bbox 2568 2880 2810 2952; x_wconf 88' lang='lat' dir='ltr'><strong>quidem</strong></span> <span class='ocrx_word' id='word_1_438' title='bbox 2861 2876 3321 2934; x_wconf 89' lang='lat' dir='ltr'><strong>circumsiouem</strong></span> <span class='ocrx_word' id='word_1_439' title='bbox 3369 2876 3725 2948; x_wconf 82' lang='lat' dir='ltr'><strong>praedicans,</strong></span> 
     </span>
    </p>
   </div>
   <div class='ocr_carea' id='block_1_62' title="bbox 2072 2967 3724 3039">
    <p class='ocr_par' dir='ltr' id='par_1_62' title="bbox 2072 2967 3724 3039">
     <span class='ocr_line' id='line_1_63' title="bbox 2072 2967 3724 3039; baseline -0.005 -10"><span class='ocrx_word' id='word_1_440' title='bbox 2072 2973 2210 3030; x_wconf 82' lang='lat' dir='ltr'><strong>alibi</strong></span> <span class='ocrx_word' id='word_1_441' title='bbox 2243 2989 2378 3028; x_wconf 88' lang='lat' dir='ltr'><strong>vero</strong></span> <span class='ocrx_word' id='word_1_442' title='bbox 2407 2988 2547 3026; x_wconf 89' lang='lat' dir='ltr'><strong>non.</strong></span> <span class='ocrx_word' id='word_1_443' title='bbox 2574 2972 2766 3024; x_wconf 87' lang='lat' dir='ltr'><strong>«Cum</strong></span> <span class='ocrx_word' id='word_1_444' title='bbox 2799 2967 3011 3039; x_wconf 88' lang='lat' dir='ltr'><strong>spiritu</strong></span> <span class='ocrx_word' id='word_1_445' title='bbox 3033 2971 3248 3022; x_wconf 86' lang='lat' dir='ltr'><strong>vestro.</strong></span> <span class='ocrx_word' id='word_1_446' title='bbox 3277 2987 3304 3014; x_wconf 83' lang='lat'>»</span> <span class='ocrx_word' id='word_1_447' title='bbox 3337 2967 3482 3020; x_wconf 74' lang='lat' dir='ltr'><strong>Cum</strong></span> <span class='ocrx_word' id='word_1_448' title='bbox 3503 2970 3724 3020; x_wconf 85' lang='lat' dir='ltr'><strong>mente.</strong></span> 
     </span>
    </p>
   </div>
   <div class='ocr_carea' id='block_1_63' title="bbox 2000 3059 3156 3137">
    <p class='ocr_par' dir='ltr' id='par_1_63' title="bbox 2000 3059 3156 3137">
     <span class='ocr_line' id='line_1_64' title="bbox 2000 3059 3156 3137; baseline -0.007 -14"><span class='ocrx_word' id='word_1_449' title='bbox 2000 3070 2051 3137; x_wconf 70' lang='grc' dir='ltr'>ο</span> <span class='ocrx_word' id='word_1_450' title='bbox 2081 3065 2256 3136; x_wconf 85' lang='lat' dir='ltr'><strong>Optat</strong></span> <span class='ocrx_word' id='word_1_451' title='bbox 2282 3062 2496 3118; x_wconf 65' lang='lat' dir='ltr'><strong>animae</strong></span> <span class='ocrx_word' id='word_1_452' title='bbox 2513 3061 2762 3134; x_wconf 88' lang='lat' dir='ltr'><strong>gratiam</strong></span> <span class='ocrx_word' id='word_1_453' title='bbox 2791 3059 3156 3129; x_wconf 82' lang='lat' dir='ltr'><strong>contingere.</strong></span> 
     </span>
    </p>
   </div>
   <div class='ocr_carea' id='block_1_64' title="bbox 2146 3162 3660 3294">
    <p class='ocr_par' dir='ltr' id='par_1_64' title="bbox 2146 3162 3660 3294">
     <span class='ocr_line' id='line_1_65' title="bbox 2146 3162 3660 3294; baseline -0.004 -68"><span class='ocrx_word' id='word_1_454' title='bbox 2146 3172 2318 3238; x_wconf 81' lang='lat' dir='ltr'><strong>Finis,</strong></span> <span class='ocrx_word' id='word_1_455' title='bbox 2369 3167 2561 3225; x_wconf 84' lang='lat' dir='ltr'><strong>divino</strong></span> <span class='ocrx_word' id='word_1_456' title='bbox 2607 3171 2835 3294; x_wconf 60' lang='lat' dir='ltr'><strong>faventel</strong></span> <span class='ocrx_word' id='word_1_457' title='bbox 2870 3165 3110 3293; x_wconf 50' lang='lat' dir='ltr'><strong>pumilio,</strong></span> <span class='ocrx_word' id='word_1_458' title='bbox 3152 3162 3414 3236; x_wconf 63' lang='lat' dir='ltr'><strong>Epistolas</strong></span> <span class='ocrx_word' id='word_1_459' title='bbox 3445 3163 3520 3219; x_wconf 83' lang='lat' dir='ltr'><strong>ad</strong></span> <span class='ocrx_word' id='word_1_460' title='bbox 3557 3164 3660 3220; x_wconf 85' lang='lat' dir='ltr'><strong>Ga-</strong></span> 
     </span>
     <span class='ocr_line' id='line_1_66' title="bbox 2837 3255 2980 3294; baseline 0 0"><span class='ocrx_word' id='word_1_461' title='bbox 2837 3256 2873 3294; x_wconf 89' lang='lat' dir='ltr'><strong>a</strong></span> <span class='ocrx_word' id='word_1_462' title='bbox 2901 3255 2980 3294; x_wconf 87' lang='lat' dir='ltr'><strong>as.</strong></span> 
     </span>
    </p>
   </div>
   <div class='ocr_carea' id='block_1_65' title="bbox 2837 3255 2980 3294">
    <p class='ocr_par' dir='ltr' id='par_1_65' title="bbox 2837 3255 2980 3294">
     <span class='ocr_line' id='line_1_67' title="bbox 2837 3255 2980 3294; baseline 0 0"><span class='ocrx_word' id='word_1_463' title='bbox 2837 3255 2980 3294; x_wconf 76' lang='lat' dir='ltr'><strong>atas.</strong></span> 
     </span>
    </p>
   </div>
   <div class='ocr_carea' id='block_1_66' title="bbox 2469 3326 3336 3387">
    <p class='ocr_par' dir='ltr' id='par_1_66' title="bbox 2469 3326 3336 3387">
     <span class='ocr_line' id='line_1_68' title="bbox 2469 3326 3336 3387; baseline -0.005 -1"><span class='ocrx_word' id='word_1_464' title='bbox 2469 3331 2645 3387; x_wconf 88' lang='lat' dir='ltr'><strong>Missa</strong></span> <span class='ocrx_word' id='word_1_465' title='bbox 2672 3329 2786 3385; x_wconf 88' lang='lat' dir='ltr'><strong>fuit</strong></span> <span class='ocrx_word' id='word_1_466' title='bbox 2831 3327 2905 3383; x_wconf 87' lang='lat' dir='ltr'><strong>ab</strong></span> <span class='ocrx_word' id='word_1_467' title='bbox 2955 3326 3100 3384; x_wconf 90' lang='lat' dir='ltr'><strong>urbe</strong></span> <span class='ocrx_word' id='word_1_468' title='bbox 3133 3328 3336 3383; x_wconf 81' lang='lat' dir='ltr'><strong>Roma.</strong></span> 
     </span>
    </p>
   </div>
   <div class='ocr_carea' id='block_1_67' title="bbox 2985 3478 3732 3510">
    <p class='ocr_par' dir='ltr' id='par_1_67' title="bbox 2985 3478 3732 3510">
     <span class='ocr_line' id='line_1_69' title="bbox 2985 3478 3732 3510; baseline -0.003 0"><span class='ocrx_word' id='word_1_469' title='bbox 2985 3478 3732 3510; x_wconf 66' lang='lat' dir='ltr'><strong>m</strong></span> 
     </span>
    </p>
   </div>
   <div class='ocr_carea' id='block_1_68' title="bbox 1573 3616 2460 3748">
    <p class='ocr_par' dir='ltr' id='par_1_68' title="bbox 1573 3616 2460 3748">
     <span class='ocr_line' id='line_1_70' title="bbox 1573 3616 2460 3748; baseline 0.001 -4"><span class='ocrx_word' id='word_1_470' title='bbox 1573 3616 2460 3748; x_wconf 82' lang='grc' dir='ltr'><strong>ΥΠΟΘΕΣΙΣ</strong></span> 
     </span>
    </p>
   </div>
   <div class='ocr_carea' id='block_1_69' title="bbox 976 3877 3078 3980">
    <p class='ocr_par' dir='ltr' id='par_1_69' title="bbox 976 3877 3078 3980">
     <span class='ocr_line' id='line_1_71' title="bbox 976 3877 3078 3980; baseline -0.003 -1"><span class='ocrx_word' id='word_1_471' title='bbox 976 3884 1218 3980; x_wconf 90' lang='grc' dir='ltr'>ΤΗΣ</span> <span class='ocrx_word' id='word_1_472' title='bbox 1277 3881 1603 3980; x_wconf 87' lang='grc' dir='ltr'><strong>ΠΡΟΣ</strong></span> <span class='ocrx_word' id='word_1_473' title='bbox 1671 3881 2290 3978; x_wconf 87' lang='grc' dir='ltr'><strong>ΕΦΕΣΙΟΥΣ</strong></span> <span class='ocrx_word' id='word_1_474' title='bbox 2362 3877 3078 3976; x_wconf 88' lang='grc' dir='ltr'><strong>ΕΠΙΣΤΟΛΗΣ</strong></span> 
     </span>
    </p>
   </div>
   <div class='ocr_carea' id='block_1_70' title="bbox 1345 4076 2703 4351">
    <p class='ocr_par' dir='ltr' id='par_1_70' title="bbox 1345 4076 2703 4351">
     <span class='ocr_line' id='line_1_72' title="bbox 1345 4076 2703 4351; baseline -0.009 0"><span class='ocrx_word' id='word_1_475' title='bbox 1345 4076 2703 4351; x_wconf 62' lang='grc' dir='ltr'><strong>ΑίιθυιιιῑΝΤυΜ</strong></span> 
     </span>
    </p>
   </div>
   <div class='ocr_carea' id='block_1_71' title="bbox 992 4443 3071 4548">
    <p class='ocr_par' dir='ltr' id='par_1_71' title="bbox 992 4443 3071 4548">
     <span class='ocr_line' id='line_1_73' title="bbox 992 4443 3071 4548; baseline -0.005 0"><span class='ocrx_word' id='word_1_476' title='bbox 992 4450 1820 4548; x_wconf 68' lang='lat' dir='ltr'><strong>EPISTOLE</strong></span> <span class='ocrx_word' id='word_1_477' title='bbox 1929 4450 2122 4544; x_wconf 89' lang='lat' dir='ltr'><strong>AD</strong></span> <span class='ocrx_word' id='word_1_478' title='bbox 2217 4443 3071 4542; x_wconf 88' lang='lat' dir='ltr'><strong>EPHESIOS.</strong></span> 
     </span>
    </p>
   </div>
   <div class='ocr_carea' id='block_1_72' title="bbox 382 4821 1956 4906">
    <p class='ocr_par' dir='ltr' id='par_1_72' title="bbox 382 4826 1956 4905">
     <span class='ocr_line' id='line_1_74' title="bbox 382 4826 1956 4905; baseline -0.003 -16"><span class='ocrx_word' id='word_1_479' title='bbox 382 4831 598 4903; x_wconf 82' lang='grc' dir='ltr'><strong>Ταύτην</strong></span> <span class='ocrx_word' id='word_1_480' title='bbox 641 4829 954 4888; x_wconf 70' lang='grc' dir='ltr'><strong>ἐπιστέλλει</strong></span> <span class='ocrx_word' id='word_1_481' title='bbox 987 4829 1091 4887; x_wconf 79' lang='grc' dir='ltr'><strong>ἀπὸ</strong></span> <span class='ocrx_word' id='word_1_482' title='bbox 1150 4831 1392 4905; x_wconf 82' lang='grc' dir='ltr'><strong>Ῥώμης,</strong></span> <span class='ocrx_word' id='word_1_483' title='bbox 1443 4826 1597 4887; x_wconf 64' lang='grc' dir='ltr'><strong>οὔπω</strong></span> <span class='ocrx_word' id='word_1_484' title='bbox 1633 4831 1727 4905; x_wconf 68' lang='grc' dir='ltr'><strong>μὲν</strong></span> <span class='ocrx_word' id='word_1_485' title='bbox 1784 4831 1956 4901; x_wconf 69' lang='grc' dir='ltr'><strong>ἑωρα-</strong></span> 
     </span>
    </p>
   </div>
   <div class='ocr_carea' id='block_1_73' title="bbox 2065 4821 3736 4906">
    <p class='ocr_par' dir='ltr' id='par_1_73' title="bbox 2135 4821 3736 4893">
     <span class='ocr_line' id='line_1_75' title="bbox 2135 4821 3736 4893; baseline -0.005 -7"><span class='ocrx_word' id='word_1_486' title='bbox 2135 4832 2179 4886; x_wconf 79' lang='grc'>1</span> <span class='ocrx_word' id='word_1_487' title='bbox 2221 4830 2380 4884; x_wconf 87' lang='lat' dir='ltr'><strong>Hanc</strong></span> <span class='ocrx_word' id='word_1_488' title='bbox 2395 4827 2467 4883; x_wconf 89' lang='lat' dir='ltr'><strong>ab</strong></span> <span class='ocrx_word' id='word_1_489' title='bbox 2482 4827 2624 4881; x_wconf 85' lang='lat' dir='ltr'><strong>urbe</strong></span> <span class='ocrx_word' id='word_1_490' title='bbox 2639 4827 2825 4882; x_wconf 85' lang='lat' dir='ltr'><strong>Roma</strong></span> <span class='ocrx_word' id='word_1_491' title='bbox 2846 4824 3045 4892; x_wconf 90' lang='lat' dir='ltr'><strong>mittit,</strong></span> <span class='ocrx_word' id='word_1_492' title='bbox 3066 4839 3199 4879; x_wconf 89' lang='lat' dir='ltr'><strong>cum</strong></span> <span class='ocrx_word' id='word_1_493' title='bbox 3227 4823 3472 4879; x_wconf 91' lang='lat' dir='ltr'><strong>modum</strong></span> <span class='ocrx_word' id='word_1_494' title='bbox 3493 4821 3736 4893; x_wconf 90' lang='lat' dir='ltr'><strong>quidem</strong></span> 
     </span>
    </p>
   </div>
   <div class='ocr_carea' id='block_1_74' title="bbox 305 4917 1972 4999">
    <p class='ocr_par' dir='ltr' id='par_1_74' title="bbox 305 4917 1972 4999">
     <span class='ocr_line' id='line_1_76' title="bbox 305 4917 1972 4999; baseline -0.003 -19"><span class='ocrx_word' id='word_1_495' title='bbox 305 4923 431 4983; x_wconf 79' lang='grc' dir='ltr'><strong>κὼς</strong></span> <span class='ocrx_word' id='word_1_496' title='bbox 472 4921 687 4991; x_wconf 76' lang='grc' dir='ltr'><strong>αὐτοὺς,</strong></span> <span class='ocrx_word' id='word_1_497' title='bbox 747 4921 979 4983; x_wconf 81' lang='grc' dir='ltr'><strong>ἀκούσας</strong></span> <span class='ocrx_word' id='word_1_498' title='bbox 1041 4918 1098 4974; x_wconf 73' lang='grc' dir='ltr'><strong>δὲ</strong></span> <span class='ocrx_word' id='word_1_499' title='bbox 1145 4920 1268 4996; x_wconf 85' lang='grc' dir='ltr'><strong>περὶ</strong></span> <span class='ocrx_word' id='word_1_500' title='bbox 1301 4917 1500 4980; x_wconf 76' lang='grc' dir='ltr'><strong>αὒτῶν.</strong></span> <span class='ocrx_word' id='word_1_501' title='bbox 1535 4921 1592 4976; x_wconf 88' lang='grc' dir='ltr'><strong>ἸΙ</strong></span> <span class='ocrx_word' id='word_1_502' title='bbox 1649 4917 1705 4975; x_wconf 74' lang='grc' dir='ltr'><strong>δὲ</strong></span> <span class='ocrx_word' id='word_1_503' title='bbox 1755 4919 1972 4999; x_wconf 77' lang='grc' dir='ltr'><strong>πρόφα-</strong></span> 
     </span>
    </p>
   </div>
   <div class='ocr_carea' id='block_1_75' title="bbox 307 5009 1970 5088">
    <p class='ocr_par' dir='ltr' id='par_1_75' title="bbox 307 5009 1970 5088">
     <span class='ocr_line' id='line_1_77' title="bbox 307 5009 1970 5088; baseline -0.003 -20"><span class='ocrx_word' id='word_1_504' title='bbox 307 5011 400 5073; x_wconf 80' lang='grc' dir='ltr'><strong>σίς</strong></span> <span class='ocrx_word' id='word_1_505' title='bbox 431 5017 532 5080; x_wconf 77' lang='grc' dir='ltr'>τῆς</span> <span class='ocrx_word' id='word_1_506' title='bbox 578 5009 912 5079; x_wconf 76' lang='grc' dir='ltr'><strong>Ἐπιστολῆς</strong></span> <span class='ocrx_word' id='word_1_507' title='bbox 967 5009 1124 5080; x_wconf 74' lang='grc' dir='ltr'><strong>αὕτηο</strong></span> <span class='ocrx_word' id='word_1_508' title='bbox 1189 5011 1430 5088; x_wconf 68' lang='grc' dir='ltr'><strong>Ἐφέσιοι</strong></span> <span class='ocrx_word' id='word_1_509' title='bbox 1485 5009 1860 5072; x_wconf 64' lang='grc' dir='ltr'><strong>πιστεᾶσαντες</strong></span> <span class='ocrx_word' id='word_1_510' title='bbox 1894 5009 1970 5072; x_wconf 77' lang='grc' dir='ltr'><strong>εἷς</strong></span> 
     </span>
    </p>
   </div>
   <div class='ocr_carea' id='block_1_76' title="bbox 302 5095 1969 5180">
    <p class='ocr_par' dir='ltr' id='par_1_76' title="bbox 302 5095 1969 5180">
     <span class='ocr_line' id='line_1_78' title="bbox 302 5095 1969 5180; baseline -0.002 -21"><span class='ocrx_word' id='word_1_511' title='bbox 302 5125 405 5159; x_wconf 70' lang='grc' dir='ltr'><strong>τεν</strong></span> <span class='ocrx_word' id='word_1_512' title='bbox 429 5104 626 5179; x_wconf 81' lang='grc' dir='ltr'><strong>Κύριον</strong></span> <span class='ocrx_word' id='word_1_513' title='bbox 660 5106 823 5175; x_wconf 74' lang='grc' dir='ltr'><strong>ἡμῶν</strong></span> <span class='ocrx_word' id='word_1_514' title='bbox 865 5104 1072 5174; x_wconf 76' lang='grc' dir='ltr'><strong>ἰησοῦν</strong></span> <span class='ocrx_word' id='word_1_515' title='bbox 1103 5103 1361 5176; x_wconf 78' lang='grc' dir='ltr'><strong>Χριστὸν,</strong></span> <span class='ocrx_word' id='word_1_516' title='bbox 1405 5099 1630 5180; x_wconf 72' lang='grc' dir='ltr'><strong>γνησίαν</strong></span> <span class='ocrx_word' id='word_1_517' title='bbox 1677 5095 1840 5175; x_wconf 74' lang='grc' dir='ltr'><strong>ἔσχον</strong></span> <span class='ocrx_word' id='word_1_518' title='bbox 1893 5099 1969 5164; x_wconf 81' lang='grc' dir='ltr'><strong>ε”ς</strong></span> 
     </span>
    </p>
   </div>
   <div class='ocr_carea' id='block_1_77' title="bbox 305 5191 1968 5266">
    <p class='ocr_par' dir='ltr' id='par_1_77' title="bbox 305 5191 1968 5266">
     <span class='ocr_line' id='line_1_79' title="bbox 305 5191 1968 5266; baseline -0.003 -16"><span class='ocrx_word' id='word_1_519' title='bbox 305 5194 478 5250; x_wconf 81' lang='grc' dir='ltr'><strong>αὐτὸν</strong></span> <span class='ocrx_word' id='word_1_520' title='bbox 509 5195 609 5262; x_wconf 72' lang='grc' dir='ltr'><strong>τὴν</strong></span> <span class='ocrx_word' id='word_1_521' title='bbox 638 5193 838 5262; x_wconf 83' lang='grc' dir='ltr'><strong>πίστιν,</strong></span> <span class='ocrx_word' id='word_1_522' title='bbox 863 5193 951 5247; x_wconf 80' lang='grc' dir='ltr'><strong>καὶ</strong></span> <span class='ocrx_word' id='word_1_523' title='bbox 984 5193 1059 5253; x_wconf 54' lang='lat' dir='ltr'><strong>sic</strong></span> <span class='ocrx_word' id='word_1_524' title='bbox 1092 5194 1290 5254; x_wconf 73' lang='grc' dir='ltr'><strong>πάντας</strong></span> <span class='ocrx_word' id='word_1_525' title='bbox 1320 5191 1449 5253; x_wconf 68' lang='grc' dir='ltr'>τοὺς</span> <span class='ocrx_word' id='word_1_526' title='bbox 1495 5191 1682 5265; x_wconf 76' lang='grc' dir='ltr'><strong>ἁγίους</strong></span> <span class='ocrx_word' id='word_1_527' title='bbox 1736 5191 1968 5266; x_wconf 71' lang='grc' dir='ltr'><strong>ἀγάπην,</strong></span> 
     </span>
    </p>
   </div>
   <div class='ocr_carea' id='block_1_78' title="bbox 300 5276 1970 5358">
    <p class='ocr_par' dir='ltr' id='par_1_78' title="bbox 300 5276 1970 5358">
     <span class='ocr_line' id='line_1_80' title="bbox 300 5276 1970 5358; baseline -0.002 -19"><span class='ocrx_word' id='word_1_528' title='bbox 300 5277 746 5352; x_wconf 63' lang='grc' dir='ltr'><strong>καῖἡόούλοντο</strong></span> <span class='ocrx_word' id='word_1_529' title='bbox 772 5283 918 5358; x_wconf 82' lang='grc' dir='ltr'><strong>παρᾶ</strong></span> <span class='ocrx_word' id='word_1_530' title='bbox 963 5286 1059 5338; x_wconf 70' lang='grc' dir='ltr'><strong>τοῦ</strong></span> <span class='ocrx_word' id='word_1_531' title='bbox 1116 5282 1336 5337; x_wconf 83' lang='grc' dir='ltr'><strong>Παύλου</strong></span> <span class='ocrx_word' id='word_1_532' title='bbox 1399 5276 1790 5356; x_wconf 65' lang='grc' dir='ltr'><strong>βεϐαιωθῆναι.</strong></span> <span class='ocrx_word' id='word_1_533' title='bbox 1854 5284 1970 5337; x_wconf 87' lang='grc' dir='ltr'><strong>Μα-</strong></span> 
     </span>
    </p>
   </div>
   <div class='ocr_carea' id='block_1_79' title="bbox 301 5370 1974 5448">
    <p class='ocr_par' dir='ltr' id='par_1_79' title="bbox 301 5370 1974 5448">
     <span class='ocr_line' id='line_1_81' title="bbox 301 5370 1974 5448; baseline -0.004 -19"><span class='ocrx_word' id='word_1_534' title='bbox 301 5375 418 5429; x_wconf 84' lang='grc' dir='ltr'><strong>θὼν</strong></span> <span class='ocrx_word' id='word_1_535' title='bbox 445 5373 624 5428; x_wconf 75' lang='grc' dir='ltr'><strong>τοίνυν</strong></span> <span class='ocrx_word' id='word_1_536' title='bbox 658 5374 686 5428; x_wconf 83' lang='grc' dir='ltr'>ὁ</span> <span class='ocrx_word' id='word_1_537' title='bbox 734 5371 1093 5433; x_wconf 78' lang='grc' dir='ltr'><strong>Ἀποστολος.</strong></span> <span class='ocrx_word' id='word_1_538' title='bbox 1133 5373 1331 5448; x_wconf 68' lang='grc' dir='ltr'><strong>γράφει</strong></span> <span class='ocrx_word' id='word_1_539' title='bbox 1389 5371 1525 5442; x_wconf 84' lang='grc' dir='ltr'><strong>πρὸς</strong></span> <span class='ocrx_word' id='word_1_540' title='bbox 1592 5370 1786 5432; x_wconf 74' lang='grc' dir='ltr'><strong>αὐτοὺς</strong></span> <span class='ocrx_word' id='word_1_541' title='bbox 1843 5370 1974 5424; x_wconf 80' lang='grc' dir='ltr'><strong>ταύ-</strong></span> 
     </span>
    </p>
   </div>
   <div class='ocr_carea' id='block_1_80' title="bbox 291 5459 1976 5538">
    <p class='ocr_par' dir='ltr' id='par_1_80' title="bbox 291 5459 1976 5538">
     <span class='ocr_line' id='line_1_82' title="bbox 291 5459 1976 5538; baseline -0.003 -19"><span class='ocrx_word' id='word_1_542' title='bbox 291 5462 504 5532; x_wconf 80' lang='grc' dir='ltr'><strong>τη,τὴν</strong></span> <span class='ocrx_word' id='word_1_543' title='bbox 541 5459 899 5532; x_wconf 69' lang='grc' dir='ltr'><strong>Ἐπιστολὴν,</strong></span> <span class='ocrx_word' id='word_1_544' title='bbox 959 5461 1140 5535; x_wconf 73' lang='grc' dir='ltr'><strong>ὥσπερ</strong></span> <span class='ocrx_word' id='word_1_545' title='bbox 1198 5463 1605 5538; x_wconf 71' lang='grc' dir='ltr'><strong>κατηχητικνςν.</strong></span> <span class='ocrx_word' id='word_1_546' title='bbox 1670 5459 1767 5514; x_wconf 80' lang='grc' dir='ltr'><strong>Καὶ</strong></span> <span class='ocrx_word' id='word_1_547' title='bbox 1827 5463 1976 5533; x_wconf 55' lang='grc' dir='ltr'><strong>πρῶ-</strong></span> 
     </span>
    </p>
   </div>
   <div class='ocr_carea' id='block_1_81' title="bbox 295 5548 1971 5624">
    <p class='ocr_par' dir='ltr' id='par_1_81' title="bbox 295 5548 1971 5624">
     <span class='ocr_line' id='line_1_83' title="bbox 295 5548 1971 5624; baseline -0.002 -16"><span class='ocrx_word' id='word_1_548' title='bbox 295 5573 401 5608; x_wconf 85' lang='grc' dir='ltr'><strong>τον</strong></span> <span class='ocrx_word' id='word_1_549' title='bbox 441 5553 536 5623; x_wconf 70' lang='grc' dir='ltr'><strong>μὲν</strong></span> <span class='ocrx_word' id='word_1_550' title='bbox 571 5548 831 5621; x_wconf 76' lang='grc' dir='ltr'><strong>δείκνυσι,</strong></span> <span class='ocrx_word' id='word_1_551' title='bbox 897 5551 972 5623; x_wconf 86' lang='grc' dir='ltr'>μή</span> <span class='ocrx_word' id='word_1_552' title='bbox 1029 5554 1292 5624; x_wconf 81' lang='grc' dir='ltr'><strong>νεώτερον</strong></span> <span class='ocrx_word' id='word_1_553' title='bbox 1350 5550 1486 5604; x_wconf 74' lang='grc' dir='ltr'><strong>εἶναι</strong></span> <span class='ocrx_word' id='word_1_554' title='bbox 1545 5550 1607 5604; x_wconf 84' lang='grc' dir='ltr'><strong>τὸ</strong></span> <span class='ocrx_word' id='word_1_555' title='bbox 1666 5550 1783 5603; x_wconf 81' lang='grc' dir='ltr'><strong>καθ’</strong></span> <span class='ocrx_word' id='word_1_556' title='bbox 1825 5551 1971 5620; x_wconf 72' lang='grc' dir='ltr'>ἡμᾶς</span> 
     </span>
    </p>
   </div>
   <div class='ocr_carea' id='block_1_82' title="bbox 305 5633 1971 5718">
    <p class='ocr_par' dir='ltr' id='par_1_82' title="bbox 305 5633 1971 5718">
     <span class='ocr_line' id='line_1_84' title="bbox 305 5633 1971 5718; baseline -0.001 -24"><span class='ocrx_word' id='word_1_557' title='bbox 305 5643 642 5716; x_wconf 64' lang='grc' dir='ltr'><strong>μυστήριον,</strong></span> <span class='ocrx_word' id='word_1_558' title='bbox 679 5637 805 5696; x_wconf 81' lang='grc' dir='ltr'><strong>ἀλλ’</strong></span> <span class='ocrx_word' id='word_1_559' title='bbox 837 5638 886 5712; x_wconf 80' lang='grc' dir='ltr'>ἐξ</span> <span class='ocrx_word' id='word_1_560' title='bbox 921 5639 1100 5718; x_wconf 69' lang='grc' dir='ltr'>ἀρχῆς</span> <span class='ocrx_word' id='word_1_561' title='bbox 1133 5638 1221 5694; x_wconf 76' lang='grc' dir='ltr'><strong>καὶ</strong></span> <span class='ocrx_word' id='word_1_562' title='bbox 1254 5638 1359 5714; x_wconf 87' lang='grc' dir='ltr'><strong>πρὸ</strong></span> <span class='ocrx_word' id='word_1_563' title='bbox 1391 5633 1706 5708; x_wconf 77' lang='grc' dir='ltr'><strong>καταϐολῆς</strong></span> <span class='ocrx_word' id='word_1_564' title='bbox 1762 5636 1971 5710; x_wconf 85' lang='grc' dir='ltr'><strong>κόσμου</strong></span> 
     </span>
    </p>
   </div>
   <div class='ocr_carea' id='block_1_83' title="bbox 297 5725 1971 5808">
    <p class='ocr_par' dir='ltr' id='par_1_83' title="bbox 297 5725 1971 5808">
     <span class='ocr_line' id='line_1_85' title="bbox 297 5725 1971 5808; baseline -0.002 -21"><span class='ocrx_word' id='word_1_565' title='bbox 297 5730 447 5787; x_wconf 77' lang='grc' dir='ltr'><strong>εἶναι</strong></span> <span class='ocrx_word' id='word_1_566' title='bbox 474 5729 674 5802; x_wconf 83' lang='grc' dir='ltr'><strong>ταύτην</strong></span> <span class='ocrx_word' id='word_1_567' title='bbox 709 5727 953 5787; x_wconf 75' lang='grc' dir='ltr'><strong>εὐδοκίαν</strong></span> <span class='ocrx_word' id='word_1_568' title='bbox 1010 5733 1169 5802; x_wconf 74' lang='grc' dir='ltr'><strong>Θεοῦ,</strong></span> <span class='ocrx_word' id='word_1_569' title='bbox 1229 5725 1369 5785; x_wconf 80' lang='grc' dir='ltr'><strong>ὥστε</strong></span> <span class='ocrx_word' id='word_1_570' title='bbox 1426 5730 1517 5786; x_wconf 80' lang='grc' dir='ltr'><strong>τὸν</strong></span> <span class='ocrx_word' id='word_1_571' title='bbox 1561 5728 1802 5808; x_wconf 84' lang='grc' dir='ltr'><strong>Χριστὸν</strong></span> <span class='ocrx_word' id='word_1_572' title='bbox 1840 5727 1971 5803; x_wconf 65' lang='grc' dir='ltr'><strong>ὑπὲρ</strong></span> 
     </span>
    </p>
   </div>
   <div class='ocr_carea' id='block_1_84' title="bbox 2079 4911 3736 4987">
    <p class='ocr_par' dir='ltr' id='par_1_84' title="bbox 2079 4911 3736 4987">
     <span class='ocr_line' id='line_1_86' title="bbox 2079 4911 3736 4987; baseline -0.006 -12"><span class='ocrx_word' id='word_1_573' title='bbox 2079 4937 2180 4976; x_wconf 90' lang='lat' dir='ltr'><strong>eos</strong></span> <span class='ocrx_word' id='word_1_574' title='bbox 2212 4919 2447 4982; x_wconf 78' lang='lat' dir='ltr'><strong>vidiset,</strong></span> <span class='ocrx_word' id='word_1_575' title='bbox 2478 4916 2609 4987; x_wconf 88' lang='lat' dir='ltr'><strong>jam</strong></span> <span class='ocrx_word' id='word_1_576' title='bbox 2658 4921 2860 4971; x_wconf 90' lang='lat' dir='ltr'><strong>tamen</strong></span> <span class='ocrx_word' id='word_1_577' title='bbox 2884 4914 2956 4970; x_wconf 88' lang='lat' dir='ltr'><strong>de</strong></span> <span class='ocrx_word' id='word_1_578' title='bbox 2989 4914 3132 4986; x_wconf 91' lang='lat' dir='ltr'><strong>ipsis</strong></span> <span class='ocrx_word' id='word_1_579' title='bbox 3164 4913 3445 4970; x_wconf 86' lang='lat' dir='ltr'><strong>audisset.</strong></span> <span class='ocrx_word' id='word_1_580' title='bbox 3485 4911 3736 4968; x_wconf 89' lang='lat' dir='ltr'><strong>Occasio</strong></span> 
     </span>
    </p>
   </div>
   <div class='ocr_carea' id='block_1_85' title="bbox 2079 5001 3732 5079">
    <p class='ocr_par' dir='ltr' id='par_1_85' title="bbox 2079 5001 3732 5079">
     <span class='ocr_line' id='line_1_87' title="bbox 2079 5001 3732 5079; baseline -0.004 -14"><span class='ocrx_word' id='word_1_581' title='bbox 2079 5027 2213 5065; x_wconf 85' lang='lat' dir='ltr'><strong>vero</strong></span> <span class='ocrx_word' id='word_1_582' title='bbox 2242 5007 2518 5079; x_wconf 61' lang='lat' dir='ltr'><strong>Epistolas</strong></span> <span class='ocrx_word' id='word_1_583' title='bbox 2551 5005 2676 5060; x_wconf 74' lang='lat' dir='ltr'><strong>hmc</strong></span> <span class='ocrx_word' id='word_1_584' title='bbox 2698 5004 2808 5060; x_wconf 90' lang='lat' dir='ltr'><strong>fuit</strong></span> <span class='ocrx_word' id='word_1_585' title='bbox 2840 5022 2850 5060; x_wconf 93' lang='lat'>:</span> <span class='ocrx_word' id='word_1_586' title='bbox 2882 5006 3027 5060; x_wconf 87' lang='lat' dir='ltr'><strong>Cum</strong></span> <span class='ocrx_word' id='word_1_587' title='bbox 3061 5003 3457 5060; x_wconf 87' lang='lat' dir='ltr'><strong>credidissent</strong></span> <span class='ocrx_word' id='word_1_588' title='bbox 3493 5001 3732 5074; x_wconf 88' lang='lat' dir='ltr'><strong>Ephesii</strong></span> 
     </span>
    </p>
   </div>
   <div class='ocr_carea' id='block_1_86' title="bbox 2082 5095 3736 5167">
    <p class='ocr_par' dir='ltr' id='par_1_86' title="bbox 2082 5095 3736 5167">
     <span class='ocr_line' id='line_1_88' title="bbox 2082 5095 3736 5167; baseline -0.005 -10"><span class='ocrx_word' id='word_1_589' title='bbox 2082 5101 2143 5156; x_wconf 90' lang='lat' dir='ltr'><strong>in</strong></span> <span class='ocrx_word' id='word_1_590' title='bbox 2170 5100 2480 5155; x_wconf 90' lang='lat' dir='ltr'><strong>Dominum</strong></span> <span class='ocrx_word' id='word_1_591' title='bbox 2517 5102 2785 5151; x_wconf 89' lang='lat' dir='ltr'><strong>nostrum</strong></span> <span class='ocrx_word' id='word_1_592' title='bbox 2830 5096 3028 5151; x_wconf 85' lang='lat' dir='ltr'><strong>Jesum</strong></span> <span class='ocrx_word' id='word_1_593' title='bbox 3061 5095 3380 5153; x_wconf 66' lang='lat' dir='ltr'><strong>Chiistum.</strong></span> <span class='ocrx_word' id='word_1_594' title='bbox 3416 5095 3736 5167; x_wconf 86' lang='lat' dir='ltr'><strong>ingenuam</strong></span> 
     </span>
    </p>
   </div>
   <div class='ocr_carea' id='block_1_87' title="bbox 2083 5183 3738 5260">
    <p class='ocr_par' dir='ltr' id='par_1_87' title="bbox 2083 5183 3738 5260">
     <span class='ocr_line' id='line_1_89' title="bbox 2083 5183 3738 5260; baseline -0.005 -13"><span class='ocrx_word' id='word_1_595' title='bbox 2083 5207 2220 5256; x_wconf 73' lang='lat' dir='ltr'><strong>erga</strong></span> <span class='ocrx_word' id='word_1_596' title='bbox 2251 5190 2444 5260; x_wconf 88' lang='lat' dir='ltr'><strong>ipsum</strong></span> <span class='ocrx_word' id='word_1_597' title='bbox 2469 5183 2767 5242; x_wconf 79' lang='lat' dir='ltr'><strong>habebant</strong></span> <span class='ocrx_word' id='word_1_598' title='bbox 2798 5184 2996 5248; x_wconf 85' lang='lat' dir='ltr'><strong>ﬁdem,</strong></span> <span class='ocrx_word' id='word_1_599' title='bbox 3033 5193 3090 5238; x_wconf 90' lang='lat' dir='ltr'><strong>et</strong></span> <span class='ocrx_word' id='word_1_600' title='bbox 3112 5201 3248 5250; x_wconf 80' lang='lat' dir='ltr'><strong>erga</strong></span> <span class='ocrx_word' id='word_1_601' title='bbox 3270 5200 3479 5239; x_wconf 88' lang='lat' dir='ltr'><strong>omnes</strong></span> <span class='ocrx_word' id='word_1_602' title='bbox 3502 5189 3738 5240; x_wconf 86' lang='lat' dir='ltr'><strong>sanctos</strong></span> 
     </span>
    </p>
   </div>
   <div class='ocr_carea' id='block_1_88' title="bbox 2081 5274 3740 5344">
    <p class='ocr_par' dir='ltr' id='par_1_88' title="bbox 2081 5274 3740 5344">
     <span class='ocr_line' id='line_1_90' title="bbox 2081 5274 3740 5344; baseline -0.005 -8"><span class='ocrx_word' id='word_1_603' title='bbox 2081 5279 2500 5336; x_wconf 86' lang='lat' dir='ltr'><strong>dilectionem:</strong></span> <span class='ocrx_word' id='word_1_604' title='bbox 2536 5275 2976 5344; x_wconf 84' lang='lat' dir='ltr'><strong>volebantquea</strong></span> <span class='ocrx_word' id='word_1_605' title='bbox 2997 5275 3178 5329; x_wconf 88' lang='lat' dir='ltr'><strong>Paulo</strong></span> <span class='ocrx_word' id='word_1_606' title='bbox 3212 5274 3740 5330; x_wconf 73' lang='lat' dir='ltr'><strong>conﬁrmari.(‘.um</strong></span> 
     </span>
    </p>
   </div>
   <div class='ocr_carea' id='block_1_89' title="bbox 2083 5363 3741 5441">
    <p class='ocr_par' dir='ltr' id='par_1_89' title="bbox 2083 5363 3741 5441">
     <span class='ocr_line' id='line_1_91' title="bbox 2083 5363 3741 5441; baseline -0.006 -16"><span class='ocrx_word' id='word_1_607' title='bbox 2083 5387 2218 5441; x_wconf 86' lang='lat' dir='ltr'><strong>ergo</strong></span> <span class='ocrx_word' id='word_1_608' title='bbox 2251 5369 2309 5424; x_wconf 91' lang='lat' dir='ltr'><strong>id</strong></span> <span class='ocrx_word' id='word_1_609' title='bbox 2360 5366 2729 5439; x_wconf 72' lang='lat' dir='ltr'><strong>cognovisset</strong></span> <span class='ocrx_word' id='word_1_610' title='bbox 2781 5363 2993 5418; x_wconf 82' lang='lat' dir='ltr'><strong>Paulus</strong></span> <span class='ocrx_word' id='word_1_611' title='bbox 3051 5364 3259 5418; x_wconf 90' lang='lat' dir='ltr'><strong>scribit</strong></span> <span class='ocrx_word' id='word_1_612' title='bbox 3307 5363 3381 5418; x_wconf 91' lang='lat' dir='ltr'><strong>ad</strong></span> <span class='ocrx_word' id='word_1_613' title='bbox 3430 5381 3530 5417; x_wconf 80' lang='lat' dir='ltr'><strong>eos</strong></span> <span class='ocrx_word' id='word_1_614' title='bbox 3588 5363 3741 5416; x_wconf 87' lang='lat' dir='ltr'><strong>hanc</strong></span> 
     </span>
    </p>
   </div>
   <div class='ocr_carea' id='block_1_90' title="bbox 2081 5449 3738 5530">
    <p class='ocr_par' dir='ltr' id='par_1_90' title="bbox 2081 5449 3738 5530">
     <span class='ocr_line' id='line_1_92' title="bbox 2081 5449 3738 5530; baseline -0.007 -16"><span class='ocrx_word' id='word_1_615' title='bbox 2081 5459 2398 5530; x_wconf 79' lang='lat' dir='ltr'><strong>Epistolam</strong></span> <span class='ocrx_word' id='word_1_616' title='bbox 2431 5465 2711 5526; x_wconf 80' lang='lat' dir='ltr'><strong>tanquam</strong></span> <span class='ocrx_word' id='word_1_617' title='bbox 2747 5454 3201 5508; x_wconf 67' lang='lat' dir='ltr'><strong>inl‘ormativam.</strong></span> <span class='ocrx_word' id='word_1_618' title='bbox 3230 5456 3297 5508; x_wconf 88' lang='lat' dir='ltr'><strong>Et</strong></span> <span class='ocrx_word' id='word_1_619' title='bbox 3322 5454 3575 5524; x_wconf 91' lang='lat' dir='ltr'><strong>primum</strong></span> <span class='ocrx_word' id='word_1_620' title='bbox 3607 5449 3738 5519; x_wconf 81' lang='lat' dir='ltr'><strong>qui-</strong></span> 
     </span>
    </p>
   </div>
   <div class='ocr_carea' id='block_1_91' title="bbox 2083 5537 3734 5614">
    <p class='ocr_par' dir='ltr' id='par_1_91' title="bbox 2083 5537 3734 5614">
     <span class='ocr_line' id='line_1_93' title="bbox 2083 5537 3734 5614; baseline -0.008 -8"><span class='ocrx_word' id='word_1_621' title='bbox 2083 5549 2217 5605; x_wconf 92' lang='lat' dir='ltr'><strong>dem</strong></span> <span class='ocrx_word' id='word_1_622' title='bbox 2252 5547 2513 5604; x_wconf 87' lang='lat' dir='ltr'><strong>ostendit</strong></span> <span class='ocrx_word' id='word_1_623' title='bbox 2562 5563 2682 5600; x_wconf 86' lang='lat' dir='ltr'><strong>non</strong></span> <span class='ocrx_word' id='word_1_624' title='bbox 2737 5562 2950 5599; x_wconf 87' lang='lat' dir='ltr'><strong>novum</strong></span> <span class='ocrx_word' id='word_1_625' title='bbox 3006 5560 3135 5598; x_wconf 83' lang='lat' dir='ltr'><strong>esse</strong></span> <span class='ocrx_word' id='word_1_626' title='bbox 3196 5544 3540 5614; x_wconf 87' lang='lat' dir='ltr'><strong>mysterium</strong></span> <span class='ocrx_word' id='word_1_627' title='bbox 3575 5537 3734 5610; x_wconf 85' lang='lat' dir='ltr'><strong>quod</strong></span> 
     </span>
    </p>
   </div>
   <div class='ocr_carea' id='block_1_92' title="bbox 2083 5630 3726 5713">
    <p class='ocr_par' dir='ltr' id='par_1_92' title="bbox 2083 5630 3726 5713">
     <span class='ocr_line' id='line_1_94' title="bbox 2083 5630 3726 5713; baseline -0.006 -18"><span class='ocrx_word' id='word_1_628' title='bbox 2083 5657 2221 5713; x_wconf 88' lang='lat' dir='ltr'><strong>erga</strong></span> <span class='ocrx_word' id='word_1_629' title='bbox 2253 5656 2362 5694; x_wconf 89' lang='lat' dir='ltr'><strong>nos</strong></span> <span class='ocrx_word' id='word_1_630' title='bbox 2392 5643 2589 5694; x_wconf 90' lang='lat' dir='ltr'><strong>actum</strong></span> <span class='ocrx_word' id='word_1_631' title='bbox 2621 5640 2728 5700; x_wconf 87' lang='lat' dir='ltr'><strong>est,</strong></span> <span class='ocrx_word' id='word_1_632' title='bbox 2764 5634 2867 5690; x_wconf 92' lang='lat' dir='ltr'><strong>sed</strong></span> <span class='ocrx_word' id='word_1_633' title='bbox 2897 5634 2968 5689; x_wconf 88' lang='lat' dir='ltr'><strong>ab</strong></span> <span class='ocrx_word' id='word_1_634' title='bbox 3001 5633 3171 5689; x_wconf 90' lang='lat' dir='ltr'><strong>initio</strong></span> <span class='ocrx_word' id='word_1_635' title='bbox 3204 5640 3262 5688; x_wconf 93' lang='lat' dir='ltr'><strong>et</strong></span> <span class='ocrx_word' id='word_1_636' title='bbox 3299 5630 3726 5688; x_wconf 88' lang='lat' dir='ltr'><strong>constitutione</strong></span> 
     </span>
    </p>
   </div>
   <div class='ocr_carea' id='block_1_93' title="bbox 2082 5718 3739 5797">
    <p class='ocr_par' dir='ltr' id='par_1_93' title="bbox 2082 5718 3739 5797">
     <span class='ocr_line' id='line_1_95' title="bbox 2082 5718 3739 5797; baseline -0.008 -11"><span class='ocrx_word' id='word_1_637' title='bbox 2082 5729 2284 5789; x_wconf 80' lang='lat' dir='ltr'><strong>saeculi</strong></span> <span class='ocrx_word' id='word_1_638' title='bbox 2315 5728 2427 5785; x_wconf 89' lang='lat' dir='ltr'><strong>hoc</strong></span> <span class='ocrx_word' id='word_1_639' title='bbox 2458 5727 2642 5789; x_wconf 85' lang='lat' dir='ltr'><strong>fuisse</strong></span> <span class='ocrx_word' id='word_1_640' title='bbox 2678 5723 2777 5783; x_wconf 85' lang='lat' dir='ltr'><strong>Dei</strong></span> <span class='ocrx_word' id='word_1_641' title='bbox 2837 5724 3299 5797; x_wconf 77' lang='lat' dir='ltr'><strong>beneplacitum,</strong></span> <span class='ocrx_word' id='word_1_642' title='bbox 3351 5726 3417 5777; x_wconf 89' lang='lat' dir='ltr'><strong>ut</strong></span> <span class='ocrx_word' id='word_1_643' title='bbox 3471 5718 3739 5777; x_wconf 86' lang='lat' dir='ltr'><strong>Christus</strong></span> 
     </span>
    </p>
   </div>
  </div>
