4098 6414
389 411 544 474 116⁸1

387 563 498 624 pro
525 547 704 606 nobis
721 551 1026 621 pateretur
1079 551 1138 605 et
1196 547 1587 606 salvaremur.
1646 541 2025 604 Postmodmn

2147 539 2182 610 ἡ
2192 543 2310 614 μῶν
2372 543 2561 598 παθεῖν
2572 588 2587 611 ,

383 640 457 696 de
511 640 772 713 gentium
822 639 1129 695 vocatione
1189 639 1449 702 disserit.
1509 643 1577 695 ut
1629 635 1906 693 ostendat
1934 650 2038 690 eos

381 730 594 784 merito
647 728 1015 786 credidisse:
1095 733 1154 784 et
1199 729 1462 785 ostendit
1543 734 1810 784 nostram
1865 740 2038 780 voca-

385 819 604 874 tionem
661 836 782 876 non
815 837 920 891 per
950 819 1257 874 hominem
1290 820 1472 874 fuisse
1502 818 1742 884 factam,
1777 814 1880 872 sed
1933 829 2040 886 per

380 908 579 964 Jesum
609 909 907 965 Christum
967 909 1066 980 qui
1101 915 1191 964 est
1244 909 1424 965 Filius
1483 908 1625 963 Dei:
1685 912 1751 960 ut
1807 922 1878 960 ex
1927 903 2040 959 hoc

383 1014 622 1070 quoque
680 999 958 1064 discant,
1019 997 1178 1070 quod
1235 1014 1356 1055 non
1404 998 1715 1053 hominum
1773 994 2036 1050 cultores

375 1087 515 1144 facti
549 1091 670 1144 sint
698 1105 832 1144 cum
883 1089 942 1144 in
997 1089 1296 1144 Christum
1345 1088 1728 1153 crediderint,
1761 1084 1866 1143 sed
1913 1084 2035 1139 veri

377 1177 640 1234 cultores
691 1180 814 1234 Dei.
867 1178 1174 1251 Significat
1223 1184 1281 1233 et
1323 1179 1522 1234 Jesum
1556 1177 1629 1232 ob
1690 1176 1751 1232 id
1781 1176 2034 1231 missum

380 1268 586 1329 fuisse.
622 1286 737 1340 quo
771 1269 1150 1342 Evangelium
1185 1269 1553 1335 praedicaret,
1598 1267 1876 1340 quodque
1905 1267 2034 1320 hac

377 1357 466 1412 illi
499 1374 654 1414 curae
713 1365 899 1413 erant.
965 1357 1185 1413 Deinde
1243 1358 1674 1414 exhortatorios
1725 1369 2032 1412 sermones

374 1447 514 1503 viris
570 1464 636 1503 ac
692 1447 1062 1511 mulieribus,
1127 1448 1394 1520 patribus
1451 1463 1518 1503 ac
1569 1447 1727 1514 ﬁliis,
1771 1445 2040 1501 dominis.

373 1552 442 1591 ac
473 1538 654 1592 servis
709 1537 772 1592 in
826 1537 1090 1607 Epistola
1152 1537 1436 1608 apponit:
1499 1543 1555 1592 et
1610 1535 2032 1592 universaliter

373 1641 582 1682 omnes
640 1625 958 1682 confirmat
1012 1626 1295 1682 adversus
1361 1625 1667 1682 diabolum
1727 1631 1786 1682 et
1841 1624 2030 1697 ipsius

372 1714 695 1784 daemones,
739 1715 942 1773 dicens
999 1715 1280 1772 adversus
1320 1715 1456 1771 illos
1515 1715 1688 1773 nobis
1747 1731 1877 1769 esse
1934 1714 2027 1769 lu-

373 1811 550 1875 ctam,
587 1810 647 1861 et
694 1810 979 1876 tanquam
1027 1805 1220 1861 bonus
1276 1804 1636 1862 athletarum
1688 1802 2026 1876 praefectus,

372 1909 582 1949 omnes
613 1893 988 1951 sermonibus
1045 1894 1281 1966 inungit
1333 1893 1615 1950 adversus
1672 1890 2028 1949 diabolicam
2058 1922 2108 1988 Β

370 1982 719 2050 efﬁcaciam,
755 1989 813 2038 et
844 1984 927 2039 ita
948 1983 1254 2040 concludit
1284 1983 1628 2055 Epistolam.

961 2128 1429 2187 THEODOHETI.

442 2247 710 2318 Ephesus
770 2247 923 2302 Asiae
976 2247 1326 2319 metropolis
1385 2253 1534 2316 erat,
1568 2246 1801 2303 colebat
1824 2251 2024 2302 autem

366 2336 645 2394 Dianam:
679 2335 945 2408 adeoque
979 2337 1300 2393 vehemens
1332 2342 1459 2392 erat
1506 2337 1686 2410 hujus
1735 2334 2024 2392 daemonis

367 2427 582 2495 cultus,
615 2434 682 2483 ut
711 2428 890 2484 etiam
924 2428 1221 2498 Ephesum
1259 2427 1458 2483 Diana
1491 2428 1778 2483 aedituum
1806 2426 2036 2500 praedi-.

367 2522 591 2574 carent.
644 2518 798 2573 sicut
828 2518 889 2572 in
924 2517 1082 2572 Actis
1112 2517 1400 2586 scriptum
1433 2524 1523 2572 est
1546 2520 1586 2574 ί.
1618 2518 1684 2572 In
1725 2518 1855 2588 ipsa
1910 2533 2023 2573 au-

367 2609 489 2660 tem
519 2605 750 2677 Epheso
775 2606 1030 2662 Joannes
1053 2613 1187 2677 post
1215 2607 1641 2679 relegationem
1666 2606 1855 2662 multo
1880 2612 2026 2663 tem-

365 2710 510 2766 pore
540 2701 806 2750 versatus
856 2701 964 2757 est,
999 2694 1059 2749 in
1092 2711 1209 2766 qua
1239 2695 1417 2752 etiam
1487 2695 1653 2750 obiit.
1716 2697 1787 2751 Et
1837 2695 2034 2751 Timo—

366 2784 569 2839 theum
603 2784 822 2839 Paulus
855 2785 1197 2856 episcopum
1231 2784 1312 2839 ibi
1337 2783 1650 2841 ordinavit.
1677 2784 2022 2856 Philosophi

363 2888 501 2928 vero
533 2874 633 2944 qui
669 2890 773 2945 per
802 2873 1000 2929 Asiam
1034 2873 1352 2932 ﬂorebant.
1391 2873 1603 2946 Ephesi
1645 2874 2032 2946 potissimum

365 2961 788 3019 versabantur:
840 2962 970 3018 ideo
1015 2979 1226 3036 magno
1259 2963 1456 3019 studio
1490 2980 1634 3019 usus
1660 2969 1751 3018 est
1782 2979 1917 3019 cum
1951 2963 2026 3020 ad

363 3067 464 3109 eos
488 3052 794 3116 scriberet,
830 3057 889 3108 et
929 3053 1346 3125 profundiores
1397 3054 1727 3110 sententias
1759 3054 1845 3109 eis
1877 3054 2026 3110 scri-

360 3137 466 3202 bit,
500 3156 640 3211 quee
664 3141 843 3214 eU'am
894 3141 958 3196 in
1018 3139 1132 3196 {ide
1188 3141 1496 3196 instructis
1545 3141 1667 3197 sint
1712 3140 2020 3206 sublimes.

363 3228 574 3285 Scribit
605 3235 806 3286 autem
837 3229 910 3286 ab
944 3229 1087 3286 urbe
1111 3232 1296 3286 Roma
1344 3229 1667 3303 Epistolam
1696 3246 1831 3286 cum
1864 3233 2027 3285 esset

364 3320 429 3376 in
449 3320 726 3377 vinculis.

577 3451 943 3510 EPISTOLE
981 3453 1083 3508 AD
1129 3451 1473 3509 EPHESIOS
1523 3451 1805 3508 CAPITA.

369 3625 421 3679 1.
454 3625 533 3680 De
559 3627 739 3680 nostri
762 3641 865 3695 per
912 3625 1199 3681 Dominum
1229 3623 1491 3681 electione
1519 3631 1571 3680 et
1608 3624 2022 3682 introductione

442 3729 506 3770 ac
539 3717 904 3785 perfectione.

365 3805 418 3857 2.
472 3804 727 3859 Precatio
769 3819 878 3874 pro
931 3805 1244 3874 cognitione
1303 3804 1566 3860 bonorum
1621 3820 1753 3874 erga
1781 3819 1876 3860 nos
1917 3820 2021 3874 per

437 3893 718 3949 Christum
745 3893 1123 3951 inductorum.

364 3984 415 4037 3.
459 3985 534 4038 De
591 3984 847 4042 Gentium
907 4001 970 4039 ac
1029 3985 1347 4040 Judworum
1415 3986 1803 4055 familiaritate
1887 3999 2019 4053 erga

435 4077 606 4129 Deum
643 4090 749 4145 per
834 4075 1110 4130 Christum
1194 4074 1260 4129 ob
1319 4090 1469 4144 spem
1527 4073 1829 4130 secundum
1886 4089 2018 4143 gra-

434 4163 590 4216 tiam.

361 4251 414 4306 4.
457 4251 533 4306 De
561 4249 694 4307 data
722 4251 827 4308 sibi
858 4251 1054 4307 divina
1100 4253 1379 4322 sapientia
1410 4252 1484 4308 ad
1507 4254 1758 4323 gentium
1804 4251 2018 4306 illumi-

431 4343 714 4396 nationem
743 4348 794 4396 et
824 4341 1133 4396 daemonum
1161 4343 1619 4410 confutationem'

361 4431 415 4486 5.
457 4432 709 4487 Precatio
730 4447 838 4501 pro
871 4430 1112 4487 Ecclesia
1151 4431 1226 4486 ad
1264 4436 1577 4502 potentsam
1607 4437 1659 4487 et
1687 4430 2018 4488 charitatem

434 4519 557 4575 Dei.

1507 407 1943 472 milli-MENTI
1987 403 2300 468 TRICC£
2343 404 2690 469 EPISCOPI

3651 416 3826 484 HW

2680 541 2770 600 καὶ
2848 543 2998 618 ἡμᾶς
3064 552 3323 617 σωθῆναι.
3391 548 3630 606 Ἔπειτα
3677 545 3816 627 περὶ

2148 629 2403 700 κλήσεως
2432 637 2540 687 τῶν
2587 629 2750 697 ἐθνῶν
2812 630 3145 713 διαλέγεται,
3202 637 3296 692 ἳνα
3333 633 3479 712 δείξῃ
3511 637 3676 709 ἀξίως
3709 639 3804 695 αῦ-

2144 720 2272 783 τοὺς
2324 723 2759 780 πεπιστευκὲναι.
2821 725 2924 782 Καὶ
2983 723 3366 783 ἀποδείκνυσιν
3424 728 3574 800 ὅτιὴ
3607 729 3806 800 κλῆσις

2145 812 2306 882 ἡμῶν
2340 810 2586 887 γέγονεν,
2646 812 2707 868 οὐ
2768 811 2838 869 δι’
2890 813 3204 890 ἀνθρώπου,
3267 817 3418 874 ἀλλά
3474 815 3563 874 διὰ
3619 821 3806 890 Ἰησοῦ

2143 901 2398 977 Χριστοῦ,
2435 902 2493 965 ὃς
2521 902 2666 959 ἓστιν
2696 904 2819 968 Υἱὸς
2849 909 2948 961 τοῦ
3001 909 3156 977 Θεοῦ,
3213 906 3302 963 ἳνα
3359 909 3450 964 καί
3508 907 3567 964 ἐκ
3593 911 3798 965 τούτου

2148 990 2414 1064 μάθωσιν,
2447 990 2529 1048 ὅτι
2590 993 2694 1049 οὐκ
2751 993 3208 1070 ἀνθρωπολατραι
3265 998 3519 1074 γεγόνασι
3574 999 3798 1054 πιστεύ-

2143 1101 2329 1143 σαντες
2368 1086 2605 1157 Χριστῷ,
2669 1081 2816 1139 ἀλλά
2869 1083 3133 1156 ἀληθινοί
3191 1083 3483 1150 θεοσεϐεῖς.
3526 1089 3797 1161 Σημαίνει

2142 1167 2200 1226 δὶ
2228 1173 2318 1226 καὶ
2373 1172 2560 1228 ἑαυτὸν
2623 1169 2712 1228 διὰ
2765 1177 2927 1229 τοῦτο
2981 1173 3335 1247 ἀπεστάλθαι,
3393 1178 3683 1253 κηρύσσειν
3734 1180 3804 1234 τὸ

2144 1256 2478 1336 Εὐαγγέλιον
2514 1307 2530 1334 ,
2587 1263 2680 1316 καὶ
2739 1262 2825 1317 ’ὁτι
2905 1263 2994 1318 καὶ
3047 1264 3172 1338 περὶ
3249 1265 3428 1321 αὐτῶν
3485 1267 3800 1346 ἓφρόντιζεν

2137 1349 2364 1405 Ἥκειτα
2421 1350 2842 1422 παραινετικοῦς
2873 1351 3100 1428 λόγους,
3152 1351 3376 1430 ἀνδράσι
3433 1357 3520 1411 καὶ
3567 1356 3797 1431 γυναιξὶ,

2140 1439 2372 1514 πατράσι
2407 1439 2496 1496 καὶ
2529 1439 2763 1512 τέκνοις,
2795 1442 3008 1516 κυρίοις
3065 1444 3157 1498 καὶ
3221 1440 3469 1515 δούλοις,
3500 1445 3712 1514 τίθησιν
3744 1445 3801 1502 ἐν

2140 1531 2209 1602 τῇ
2268 1527 2596 1596 Ἐπιστολῆ.
2661 1532 2761 1588 Καὶ
2820 1532 3063 1595 καθόλου
3116 1535 3321 1598 πάντας
3378 1537 3796 1612 παρασκευάζει,

2134 1619 2271 1673 κατὰ
2327 1623 2424 1674 τοῦ
2481 1614 2745 1676 διαϐόλου
2801 1621 2893 1677 καὶ
2949 1627 3057 1678 τῶν
3107 1620 3380 1697 δαιμόνων
3439 1625 3625 1692 αὐτοῦ,
3659 1627 3798 1700 πρὸς

2134 1703 2369 1770 ἓκείνους
2400 1709 2537 1781 ἡμῖν
2590 1709 2728 1765 εἶναι
2785 1707 2964 1789 λέγων
3022 1714 3123 1783 τήν
3179 1713 3383 1784 πάλην.
3446 1714 3551 1772 Καὶ
3609 1712 3796 1788 ὥσπερ

2135 1796 2332 1872 ἀγαθὸς
2364 1795 2650 1870 ἀλείπτης,
2691 1797 2922 1874 ἀλείψας
2973 1807 3092 1863 τοῖς
3144 1802 3338 1877 λόγοις
3394 1803 3598 1869 πάντας
3654 1805 3793 1861 κατά

2133 1892 2234 1955 τῆς
2272 1880 2598 1957 διαϐολικῆς
2625 1885 2918 1966 ἒνεργείας,
2953 1889 3126 1954 οὕτως
3169 1889 3375 1949 τελειοῖ
3402 1894 3502 1962 τήν
3533 1893 3792 1950 Ἐπιστο-

2138 1973 2258 2044 λὴν.

2724 2142 3200 2203 θΕΟΔΩΡΗΤΟΥ.

2204 2257 2266 2314 Ἡ
2313 2261 2542 2334 Ἔφεσος
2599 2259 2948 2335 μητρόπολις
2993 2260 3086 2333 μὲν
3129 2260 3240 2316 ἔστι
3290 2264 3389 2331 τὴς
3421 2262 3629 2333 Ἄσίας,
3688 2265 3791 2333 τήν

2134 2341 2192 2400 δὲ
2244 2347 2512 2420 ’Ἄρτεμιν
2599 2342 2770 2408 ἰσεόε.
2831 2349 2934 2406 Καὶ
2989 2354 3252 2406 τοσοῦτον
3312 2351 3447 2425 αὐτῇ
3506 2353 3631 2426 περὶ
3685 2354 3788 2423 τήν

2134 2430 2368 2508 δαίμονα
2398 2436 2464 2506 ἦν
2494 2438 2556 2494 τὸ
2615 2426 2791 2507 σέϐας,
2851 2439 2927 2502 ὡς
2968 2440 3056 2494 καὶ
3089 2440 3354 2516 νεωκόρον
3393 2443 3495 2511 τὴν
3551 2443 3783 2520 Ἔφεσον

2133 2528 2233 2592 τῆς
2291 2524 2614 2602 Ἀρτέμιδος
2681 2529 3118 2605 ἀναγορεύεσθαι,
3179 2531 3254 2594 ὡς
3313 2531 3364 2587 ἐν
3415 2537 3530 2595 ταῖς
3581 2534 3787 2608 "pige-

2134 2637 2216 2704 σιν
2275 2618 2585 2692 ἱστόρηται.
2639 2622 2725 2677 Ἐν
2786 2622 2922 2694 αὐτῇ
2991 2619 3048 2677 δὲ
3101 2626 3169 2696 τῇ
3231 2625 3459 2704 Ἐφέσῳ,
3492 2625 3520 2679 ὁ
3567 2624 3784 2701 εὐαγγε-

2135 2703 2328 2777 λιστής
2389 2708 2648 2776 Ἰωάννης
2706 2709 2998 2784 ἐξορισθεῖς
3071 2708 3311 2784 διέτριψε
3358 2711 3545 2768 πολλά
3581 2759 3593 2783 ,
3652 2714 3703 2768 ἑν

2132 2795 2223 2849 καὶ
2288 2801 2529 2868 τεκευτᾷ.
2581 2799 2678 2855 Καὶ
2740 2801 2831 2855 τὸν
2893 2801 3167 2874 Τιμόθεον
3222 2800 3440 2864 Παῦλος
3493 2801 3605 2857 ἐκεῖ
3659 2800 3811 2859 ἕπί--“

2133 2904 2333 2940 σκοπον
2391 2883 2775 2962 ’ἐχειροτόνησε
2807 2934 2820 2947 .
2871 2894 2988 2944 Τῶν
3046 2888 3104 2945 δὲ
3163 2889 3478 2969 φιλοσόφων
3539 2894 3591 2947 οἱ
3643 2889 3784 2949 κατᾶ

2130 2976 2230 3044 τήν
2259 2975 2442 3033 Ἀσίαν
2477 2977 2782 3044 ἀνθοῦντες,
2832 2977 2884 3032 ἐν
2915 2981 2983 3052 τῇ
3013 2977 3226 3055 Ἐφέσῳ
3262 2978 3499 3053 μάλιστα
3560 2978 3781 3056 διῆγον.

2135 3065 2228 3119 Διὸ
2259 3064 2451 3140 πολλῇ
2483 3064 2694 3140 σπουδῇ
2729 3066 3022 3147 κέχρηται,
3079 3069 3214 3144 πρὸς
3281 3068 3479 3132 αὐτοὺς
3536 3071 3783 3150 γράφων.

2136 3153 2237 3211 Καὶ
2268 3154 2336 3210 τὰ
2368 3156 2639 3231 βαθύτερα
2671 3156 2738 3226 δὴ
2783 3161 2892 3212 τῶν
2951 3158 3245 3231 νοημάτων
3313 3159 3502 3222 αὐτοῖς
3533 3158 3786 3217 ὲπιστὲλ-

2135 3241 2242 3303 λει.
2301 3245 2394 3301 ἅτε
2446 3245 2890 3323 κατηχουμένοις
2947 3247 3037 3304 καὶ
3099 3249 3166 3304 τὰ
3225 3248 3432 3324 ὑψηλά.
3484 3252 3684 3326 Γράφει
3727 3247 3787 3306 δὶ

2135 3331 2241 3388 ἀπὸ
2273 3333 2492 3408 Ῥώμης
2521 3336 2622 3405 τήν
2651 3337 3007 3407 Ἐπιστολὴν,
3040 3335 3093 3392 ἐν
3127 3334 3350 3412 δεσμοῖς
3382 3338 3671 3416 ὑπάρχων.

2199 3454 2573 3511 ΚΕΦΔΛΑΙΑ
2610 3455 2753 3512 ΤΗΣ
3042 3459 3389 3514 ΕΦΕΣΙΟΥΣ
3430 3459 3710 3515 ΕΠΙΣΤΟ·

2869 3533 3034 3585 ΛΗΣ.

2126 3620 2191 3671 α’.
2233 3615 2360 3690 Περί
2391 3621 2491 3693 τῆς
2521 3611 2574 3670 ἔν
2609 3615 2789 3692 Κυρίῳ
2819 3614 3056 3694 ἐκλογῆς
3104 3618 3269 3691 ἡμῶν
3323 3619 3413 3675 καὶ
3477 3619 3788 3698 εἰσαγωγῆς

2199 3699 2287 3756 καὶ
2308 3699 2664 3764 τελειώσεως.

2128 3791 2195 3866 ﬂ"
2239 3790 2398 3866 Εὐχή
2441 3791 2566 3866 περὶ
2596 3793 2849 3866 γνώσεως
2880 3797 2988 3849 τῶν
3024 3789 3076 3848 ἔν
3132 3794 3355 3869 Χριστῷ
3419 3796 3782 3871 εἰσαχθέντων

2231 3880 2450 3956 ἀγαθῶν
2481 3880 2556 3944 εἰς
2585 3883 2756 3956 ἡμᾶς.

2123 3980 2187 4049 γ’.
2231 3973 2362 4049 Περὶ
2429 3980 2529 4044 τῆς
2602 3979 2708 4029 τῶν
2775 3973 2957 4044 ἐθνῶν,
3025 3975 3112 4030 καὶ
3212 3973 3488 4034 Ἰουδαίων
3566 3976 3779 4032 οἰκειώ-

2233 4084 2368 4126 σεως
2438 4065 2572 4140 πρὸς
2644 4064 2776 4121 Θεὸν
2827 4061 2919 4120 διὰ
2973 4067 3211 4140 Χριστοῦ
3267 4065 3352 4122 ἐπ’
3409 4065 3592 4124 ἐλπίδι
3641 4068 3782 4123 κατά

2233 4153 2419 4228 χάριν.

2125 4239 2189 4298 δ’.
2233 4242 2362 4320 Περὶ
2394 4249 2493 4312 τῆς
2527 4239 2775 4315 δοθείσης
2835 4245 2986 4319 αὐτῷ
3041 4245 3186 4310 θείας
3247 4246 3434 4328 σοφίας
3461 4247 3538 4311 είς
3571 4268 3775 4329 φωτισ-

2233 4333 2334 4405 μὸν
2368 4331 2531 4397 ἰθνῶν
2563 4333 2654 4387 καὶ
2684 4329 2916 4410 ἔλεγχον
2949 4333 3242 4411 δαιμόνων.

2124 4420 2180 4477 ε’.
2224 4421 2381 4499 Εὐχή
2417 4422 2550 4497 ὑπὲρ
2579 4429 2680 4493 τῆς
2710 4424 3038 4497 Ἐκκλησίας
3064 4427 3138 4490 εἰς
3179 4425 3407 4498 δύναμιν
3440 4428 3530 4483 καὶ
3561 4428 3776 4505 ἀγάπην

2231 4515 2387 4570 Θεοῦο

358 4610 411 4665 6.
458 4609 781 4667 Exhortatio
807 4626 911 4682 pro
970 4609 1242 4667 charitate
1299 4609 1540 4678 unitiva,
1587 4613 1837 4682 quamvis
1866 4613 2015 4671 dona

2140 4603 2185 4667 ς’.
2230 4603 2551 4676 Παραίνεσις
2625 4606 2747 4680 περῖ
2835 4607 3057 4684 ἀγάπης
3129 4609 3407 4681 ὲνωτικῆς,
3469 4608 3645 4665 εἶκαὶ
3707 4609 3777 4664 τὰ

427 4700 755 4757 dividantur
783 4700 858 4757 ad
887 4716 1225 4757 communem
1255 4700 1557 4777 utilitatem

355 4792 407 4846 7.
448 4792 526 4847 De
549 4790 859 4862 prudentia
888 4807 952 4848 ac
971 4791 1224 4863 justitia,
1254 4807 1374 4864 quae
1405 4806 1504 4848 nos
1536 4793 1646 4848 Deo
1705 4795 2006 4864 conformes

424 4881 630 4936 reddit.

355 4969 406 5023 8.
451 4969 604 5036 Quod
628 4970 807 5027 vivere
863 4970 1095 5026 debeant
1149 4970 1365 5026 decenti
1393 4971 1552 5026 modo
1570 4972 1742 5042 juxta
1799 4972 2004 5028 sancti-

423 5060 753 5128 ﬁcationem,
797 5067 1088 5129 arguentes
1119 5060 1259 5114 vitia
1289 5058 1543 5129 operibus
1597 5075 1706 5114 non
1736 5061 2007 5116 sermoni-

427 5149 544 5218 bus,
576 5151 774 5220 repleti
801 5151 1007 5220 spiritu
1033 5165 1135 5220 per
1157 5149 1420 5218 psalmos,
1452 5165 1563 5204 non
1592 5149 1743 5205 vino.

352 5241 405 5294 9.
447 5239 746 5309 Descriptio
775 5255 1063 5295 munerum
1114 5238 1478 5309 prOpriorum
1520 5244 1633 5293 tam
1662 5237 1746 5294 his
1776 5240 1874 5309 qui
1902 5256 2003 5309 gu-

423 5329 726 5386 bernantur
756 5344 920 5400 quam
944 5329 1026 5385 his
1057 5329 1156 5398 qui
1183 5328 1495 5397 gubernant
1524 5328 1821 5391 secundum
1855 5329 2008 5384 Chri-

420 5425 581 5475 stum.
1923 5493 1925 5496 γ

355 5510 439 5566 10.
480 5510 558 5565 De
609 5508 866 5578 potentia
906 5522 1026 5576 quae
1074 5506 1372 5562 secundum
1419 5505 1698 5562 Christum
1756 5512 1854 5577 est,
1900 5523 2007 5578 per

418 5599 643 5656 modum
672 5605 723 5655 et
753 5597 1002 5653 habitum
1034 5602 1357 5653 armaturae.

420 5771 436 5805 ί
472 5771 606 5824 Act.
638 5784 758 5839 xix,
788 5767 858 5826 24
888 5747 1054 5841 seqq.

2228 4695 2545 4769 χαρίσματα
2575 4692 2863 4770 διῄρηνται
2886 4695 3025 4770 πρὺς
3060 4694 3326 4769 ὡφέλείαν
3364 4700 3574 4770 κοινήν.

2119 4783 2179 4855 ζ’.
2225 4783 2353 4859 Περὶ
2388 4782 2734 4863 σοφροσύνης
2766 4784 2856 4840 καὶ
2890 4781 3250 4862 δικαιοσῦνῃς,
3300 4786 3569 4859 ποιούσης
3627 4790 3778 4862 ἡμᾶς

2224 4867 2498 4936 θεοειδεῖς.

2118 4963 2187 5035 η’.
2234 4962 2362 5039 Περὶ
2389 4961 2486 5020 τοῦ
2529 4967 2622 5038 ζῇν
2679 4963 2908 5038 ἐπαξίως
2967 4965 3063 5022 τοῦ
3132 4967 3422 5044 ἀγιασμοῦ,
3456 4961 3639 5047 ἵργοις
3669 4971 3771 5039 τὴν

2226 5053 2412 5109 κακίαν
2455 5051 2808 5134 ἐλέγχοντας,
2842 5055 2903 5110 οὐ
2949 5052 3167 5134 λόγοις,
3201 5057 3466 5133 πνεύματι
3522 5057 3767 5135 πληρου-

2230 5145 2426 5218 μὲνους
2459 5141 2547 5199 διὰ
2579 5144 2833 5220 ψαλμῶν,
2862 5146 2936 5219 μή
2968 5145 3119 5219 θ’ίνῳ,

2117 5233 2180 5290 θ’.
2224 5233 2469 5306 Διάταξις
2528 5233 2814 5289 οἷκειακῶν
2864 5236 3216 5306 καθηκόντων
3288 5237 3624 5314 ἀρχομενοις
3682 5240 3773 5296 καὶ

2222 5323 2456 5399 ἄρχουσι
2487 5323 2625 5378 κατὰ
2658 5324 2916 5400 Χριστόν·

2121 5503 2152 5562 ι’
2192 5502 2278 5559 Ἐν
2341 5503 2588 5579 σχήματι
2650 5501 2926 5566 ὁπλίσεως
2995 5505 3119 5582 περὶ
3175 5513 3276 5577 τῆς
3335 5508 3476 5564 κατά
3537 5509 3771 5586 Χριστὸν

2224 5589 2532 5666 δὴνάμεως,
