4108 6394
362 472 516 537 11³11

1455 464 1889 528 CECUMENII
1933 461 2246 527 TRICOJE
2290 460 2645 525 EPISCOPI

3641 461 3796 524 H72

364 610 601 675 Filium,
631 605 949 665 accedente
982 603 1163 661 simul
1210 601 1590 676 beneplacito
1622 618 1688 658 ac
1722 600 2026 657 voluntate

2166 604 2287 671 ,μᾶς
2347 598 2493 654 οὕτω
2552 595 2997 667 πολιτεύσασθαι,
3055 593 3199 656 ὥστε
3253 595 3330 661 εἷς
3393 589 3617 653 ἔπαινον
3645 616 3801 672 γενε-

365 707 630 775 paterna.
670 701 788 755 Hoc
846 702 1046 754 autem
1106 696 1329 755 factum
1389 699 1498 763 est,
1548 700 1613 750 ut
1644 710 1754 749 nos
1785 708 2022 764 quoque

364 793 455 848 lta
481 804 974 847 conversaremur
994 804 1111 860 quo
1137 786 1454 843 resultaret
1475 784 1533 838 in
1564 782 1796 837 laudem
1822 780 2024 854 gloriae

368 897 513 941 sua).
548 881 659 935 hoc
690 884 800 935 est.
826 885 887 933 ut
912 877 985 932 ad
1008 873 1461 933 collaudandam
1486 872 1735 946 gloriam
1759 888 1949 935 suam,
1969 874 2027 925 et

367 970 485 1025 vita
513 975 719 1024 nostra
748 974 808 1023 et
835 966 1204 1023 conversatio
1248 970 1414 1035 grata
1461 963 1533 1018 ab
1574 961 1852 1016 omnibus
1883 977 2027 1015 con-

369 1059 677 1130 spiciatur.
728 1080 755 1107 ‹‹
794 1057 865 1112 Ut
903 1055 1144 1110 videant
1175 1053 1280 1125 (ait
1316 1052 1600 1107 Dominus
1653 1050 1713 1105 in
1769 1052 2029 1122 Evange-

369 1148 491 1217 liis)
549 1152 744 1202 vestra
801 1161 983 1217 opera
1031 1146 1205 1200 bona.
1271 1149 1330 1197 et
1408 1141 1743 1214 gloriﬁcent
1791 1140 2028 1195 Patrem

371 1242 637 1292 vestrum
668 1235 766 1308 qui
812 1235 871 1288 in
905 1232 1067 1289 cmlis
1117 1231 1269 1287 est’.
1306 1254 1334 1282 »
1387 1230 1702 1285 Benedixit
1731 1229 1888 1284 enim
1922 1244 2029 1298 nos

373 1344 497 1386 non
530 1327 720 1383 solum
754 1326 815 1382 in
836 1325 995 1381 omni
1021 1322 1313 1396 spirituali
1340 1320 1775 1381 benedictione.
1806 1336 2033 1377 verum-

375 1417 647 1475 etiamin
680 1413 1088 1486 spiritualibus
1146 1411 1325 1469 rebus
1382 1428 1450 1468 ac
1508 1409 2032 1482 supercmlestibus

373 1509 486 1565 Per
514 1523 690 1580 quem
717 1506 745 1561 ?
776 1521 880 1578 per
908 1504 1108 1559 Jesum
1151 1503 1472 1559 Christum.
1505 1504 1771 1566 Quonam
1807 1500 1983 1557 modo
2004 1500 2033 1555 ?

376 1619 404 1648 ‹‹
426 1597 589 1653 Sicut
606 1595 783 1670 elegit
798 1611 905 1650 nos
918 1600 1056 1649 ante
1072 1592 1564 1648 constitutionem
1586 1590 1823 1646 mundi:
1846 1615 1868 1636 ι»
1884 1589 2033 1646 adeo

374 1694 542 1745 vetus
592 1692 682 1742 est
727 1690 933 1740 nostra
979 1682 1191 1738 electio
1241 1698 1309 1737 ac
1357 1680 1716 1736 benedictio.
1764 1679 2035 1735 Studiose

378 1793 489 1834 nos
521 1775 699 1847 elegit
726 1778 793 1829 ut
821 1788 1087 1828 essemus
1114 1771 1303 1827 sancti
1346 1775 1405 1826 et
1452 1768 2036 1841 irreprehensibiles,

379 1866 441 1923 id
471 1871 580 1930 est,
614 1861 937 1922 venerandi
988 1877 1056 1916 ac
1116 1861 1250 1932 puri
1310 1859 1370 1915 in
1427 1859 1562 1915 vita.
1605 1857 1771 1915 Unde
1825 1856 1899 1913 ad
1929 1858 2039 1914 hoc

381 1959 580 2012 motus
611 1952 744 2009 est?
793 1952 875 2007 Ex
925 1949 1051 2005 sola
1108 1949 1419 2007 charitate.
1453 1949 1643 2014 Quare
1675 1948 1787 2005 hoc
1815 1947 2036 2003 factum

383 2042 523 2102 est?
587 2047 654 2100 ut
710 2057 821 2097 nos
878 2039 990 2097 sibi
1050 2039 1163 2111 ipsi
1221 2055 1328 2110 per
1385 2038 1683 2095 Christum
1733 2036 2044 2110 adoptaret

382 2148 523 2188 nam
556 2136 616 2187 et
662 2130 776 2187 hoc
822 2126 1343 2201 praeordinaverat.
1402 2127 1484 2181 Ex
1529 2142 1645 2198 quo
1675 2124 1831 2182 bono
1863 2140 2042 2197 opere

352 2218 638 2278 ‘nostro?
669 2236 739 2275 ex
780 2217 948 2274 nullo
986 2215 1255 2278 omnino.
1302 2215 1419 2272 nisi
1467 2221 1712 2288 propter
1758 2214 2043 2286 benepla-

2138 690 2261 744 σθαι
2317 693 2419 758 τῆς
2478 685 2640 759 δόξης
2691 687 2880 753 αὐτοῦ,
2934 688 3238 751 τουτέστιν,
3280 686 3359 751 εἱς
3404 684 3802 759 ἐπαινουμένην

2138 774 2295 849 δόξαν
2330 777 2515 842 αὐτοῦ,
2549 779 2641 831 καὶ
2691 776 2975 852 εὐάρεστον
3036 778 3128 832 τὸν
3185 778 3305 855 βίον
3362 779 3550 852 ἡμῶν,
3580 777 3672 833 καὶ
3699 776 3801 843 τήν

2137 867 2421 925 πολιτείαν
2454 870 2680 942 ὁρᾶσθαι
2728 869 2875 943 παρᾶ
2931 867 3173 924 πάντων.
3208 891 3238 921 α
3270 870 3464 929 Ὅπως
3496 868 3603 943 γὰρ
3631 863 3801 922 ἲδωσι

2135 957 2204 1012 τὰ
2231 956 2375 1013 καλὲ
2425 957 2577 1030 ὑμῶν
2636 952 2788 1031 ἔργα,
2847 956 3010 1037 φησὶν
3039 957 3067 1011 ὁ
3101 956 3298 1030 Κυρίος
3329 955 3380 1011 ἑν
3416 955 3793 1030 Εὐαγγελίοις,

2137 1046 2229 1102 καὶ
2262 1044 2548 1118 δοξάσωσι
2600 1046 2692 1101 τὸν
2750 1045 2962 1120 Πατέρα
3018 1046 3171 1117 ὑμῶν
3225 1046 3317 1102 τὸν
3372 1043 3425 1101 ἰν
3475 1050 3594 1106 τοῖς
3625 1045 3794 1121 ούρα-

2137 1142 2276 1198 νοῖς.
2313 1160 2340 1188 ι»
2374 1135 2654 1210 Εύλὸγησε
2684 1136 2785 1214 γὰρ
2845 1139 2994 1210 ἡμᾶς
3053 1136 3116 1192 ού
3178 1135 3343 1210 μόνον
3375 1134 3428 1192 ἰν
3469 1135 3615 1210 πάσῃ
3642 1155 3803 1193 πνευ-

2146 1229 2350 1300 ματικῇ
2404 1226 2655 1301 εὐλογίᾳ,
2711 1223 2858 1282 ἀλλὰ
2932 1225 3018 1281 καὶ
3082 1224 3136 1281 ἰν
3216 1229 3603 1294 πνευματικοῖς
3658 1225 3801 1301 πρά-

2143 1337 2317 1395 γμασι
2363 1316 2455 1371 καὶ
2512 1315 2875 1392 ἰπουρανίοις.
2937 1316 3035 1372 Διὰ
3080 1314 3229 1378 τίνος
3259 1334 3274 1386 ;
3308 1315 3406 1371 Διὰ
3440 1316 3623 1387 Ἰησοῦ
3654 1319 3802 1391 Χρι-

2144 1410 2293 1461 στοῦ.
2330 1409 2494 1474 Πῶς;
2529 1429 2557 1458 ς(
2593 1405 2778 1469 Καθὼς
2814 1402 3091 1479 ἓξελέξατο
3139 1408 3290 1479 ἡμᾶς
3341 1405 3448 1478 πρὸ
3487 1400 3806 1473 καταεολῆς

2142 1495 2375 1570 κόσμου.
2414 1520 2434 1545 ι
2471 1492 2659 1556 Οὕτως
2690 1494 2896 1569 ἀρχαία
2937 1497 2973 1565 ἡ
3004 1497 3167 1566 ἡμῶν
3196 1493 3397 1570 ἐκλογὴ
3430 1494 3522 1550 καὶ
3553 1493 3807 1569 εὐλογία.

2147 1581 2434 1652 Ἐπίττ,δες
2465 1585 2615 1655 ἡμᾶς
2674 1583 2973 1655 ἐξελέξατο,
3032 1583 3119 1641 ἐπὶ
3177 1584 3242 1641 τὸ
3299 1584 3435 1640 εἶναι
3498 1584 3689 1659 ἁγίους
3713 1583 3810 1640 καὶ

2146 1674 2441 1747 ἀμώμους,
2475 1672 2692 1746 τιμίους
2749 1673 2841 1728 καὶ
2894 1672 3161 1747 καθαροὺς
3219 1671 3273 1729 ἂν
3330 1677 3410 1746 τῷ
3470 1672 3600 1749 βίῳ.
3632 1672 3803 1739 Πόθεν

2147 1762 2223 1826 εἷς
2249 1766 2411 1818 τοῦτο
2443 1761 2678 1833 κινηθείς
2708 1780 2722 1831 ;
2770 1762 2862 1833 Ἐξ
2917 1762 3130 1835 ἀγάπης
3190 1764 3383 1835 μόνης.
3424 1764 3538 1818 ἰνα
3564 1782 3618 1818 τι
3642 1760 3803 1839 γὲνη-

2145 1871 2273 1922 ται;
2313 1853 2431 1909 Ἵνα
2460 1853 2757 1928 υἳοοετήσῃ
2816 1854 2966 1924 ἡμᾶς
3022 1847 3114 1908 διὰ
3169 1856 3267 1909 τοῦ
3324 1855 3564 1928 Χριστοῦ
3600 1852 3803 1925 ἱαυτῷ.

2149 1944 2331 1999 Τοῦτο
2388 1942 2490 2017 γὰρ
2542 1940 2633 1997 καὶ
2692 1940 3027 2017 προώριστο.
3086 1942 3184 1999 Ἐκ
3240 1942 3404 2004 ποίας
3443 1944 3603 2014 ἡμῶν
3637 1941 3805 2021 ἐργα-

2153 2030 2270 2092 σίας
2298 2049 2312 2099 ;
2344 2031 2431 2100 Ἐξ
2464 2026 2746 2104 οὐδεμιᾶς’
2804 2027 2951 2100 πλὴν
3003 2030 3089 2088 δτι
3133 2026 3202 2086 δι’
3234 2026 3478 2087 εὐδοκίαν
3508 2034 3611 2087 τοῦ
3640 2028 3810 2103 θελή-

2158 2140 2329 2195 ματος
2387 2119 2573 2176 αὐτοῦ·
2634 2117 2912 2191 ηύδόκησε
2976 2121 3077 2196 γὰρ
3160 2120 3249 2177 καὶ
3333 2121 3573 2191 ἠθέλησε
3627 2125 3816 2195 τοῦτο,

2156 2212 2191 2280 ὴ
2203 2213 2318 2282 μῶν
2353 2207 2502 2275 ὅλως
2533 2207 2703 2283 μηδὶν
2737 2210 3265 2285 συνεισενεγκόντων.

384 2310 566 2366 citum
596 2306 922 2363 voluntatis
974 2322 1117 2361 suae.
1172 2303 1556 2377 Beneplacuit
1612 2304 1774 2360 enim
1832 2302 1945 2376 ipsi
1999 2319 2068 2359 ac
2120 2300 2305 2357 voluit
2356 2300 2491 2369 hoc,
2558 2301 2601 2357 ε
2660 2316 2796 2359 cum
2854 2317 2967 2357 nos
3024 2300 3179 2360 nihil
3236 2302 3482 2359 omnino
3525 2300 3817 2363 contulis-

387 2416 607 2457 semus.

455 2486 763 2555 Quomodo
788 2485 946 2542 enim
966 2483 1447 2541 contulissemus.
1470 2483 1569 2556 qui
1588 2499 1663 2537 ne
1686 2482 2048 2556 principium

388 2576 631 2651 quidem
661 2574 849 2647 ipsius
895 2590 1025 2630 esse
1067 2574 1268 2644 aliquo
1303 2572 1477 2628 modo
1509 2572 1703 2630 adhuc
1734 2588 2048 2644 accepera-

389 2664 579 2724 mus?
640 2669 707 2719 Et
784 2662 945 2735 quod
1002 2662 1143 2717 inde
1203 2662 1488 2717 lucrum?
1547 2661 1697 2717 Laus
1755 2662 2053 2717 immensa

392 2754 642 2827 emergit
666 2758 726 2809 et
756 2752 1094 2808 encomium
1141 2750 1487 2824 gloriﬁcataa
1534 2766 1655 2805 sua;
1702 2751 1903 2823 gratim
1934 2767 2055 2821 qua

394 2846 606 2903 charos
636 2861 747 2900 nos
780 2842 1045 2899 reddidit
1098 2845 1209 2899 Per
1258 2841 1484 2915 quem?
1534 2842 1750 2913 Utique
1804 2841 2055 2897 manife-

394 2941 551 2994 stum
572 2940 663 2990 est
683 2932 839 3006 quod
865 2932 1046 2989 etiam
1071 2932 1181 2989 hoc
1205 2948 1310 3004 per
1333 2931 1615 2987 dilectum
1643 2931 1854 2987 Filium
1880 2947 2053 2987 suum

394 3022 915 3094 Quomodquuia
943 3023 1071 3093 ipse
1121 3020 1261 3078 fecit
1314 3021 1502 3077 nostri
1554 3020 2050 3093 redemptionem.

395 3118 646 3173 Eramus
678 3112 837 3169 enim
870 3112 1081 3184 captivi
1114 3118 1358 3185 propter
1387 3116 1629 3184 peccata
1649 3116 1891 3168 nostra:
1917 3111 2054 3169 dato

398 3210 594 3262 autem
629 3201 917 3271 sanguine
942 3218 1047 3258 suo
1070 3202 1131 3256 in
1162 3201 1633 3274 redemptionem
1665 3218 1771 3273 pro
1803 3200 1996 3266 nobis,
2022 3217 2058 3257 a

397 3292 714 3368 tyrannide
739 3309 849 3348 nos
874 3290 1125 3347 redemit
1146 3292 1206 3346 in
1230 3308 1348 3363 qua
1370 3290 1788 3347 detinebamur
1822 3292 1893 3349 Et
1910 3308 2053 3363 quo-

398 3383 578 3441 modo
609 3381 989 3438 tremendum
1037 3381 1152 3436 hoc
1202 3382 1553 3453 mysterium
1584 3380 1807 3438 factum
1839 3381 1917 3436 sit
1942 3380 2061 3437 dici

400 3487 521 3531 non
554 3477 770 3543 potest,
802 3470 916 3526 nisi
950 3469 1108 3541 quod
1137 3470 1357 3526 divitia
1406 3475 1545 3526 sunt
1586 3471 1810 3543 gratim,
1844 3470 2063 3525 exube.

404 3560 601 3619 rantia
650 3567 707 3615 et
755 3559 1112 3618 excellentia
1167 3559 1414 3632 gratim:
1474 3558 1638 3615 aliud
1686 3559 1801 3615 dici
1835 3560 2078 3633 nequit“

404 3649 525 3709 Boc
544 3655 745 3706 autem
764 3649 1064 3705 ineffabile
1085 3664 1344 3721 erganos
1356 3650 1706 3721 mysterium
1728 3666 1849 3705 non
1874 3650 2067 3706 solum

406 3747 687 3815 cperatus
706 3740 1209 3804 est,verumetiam
1228 3741 1426 3812 ipsum
1448 3740 1620 3795 nobis
1644 3740 2062 3796 manifestavit.

407 3830 755 3899 Quomodo?
784 3830 859 3886 ad
914 3836 1179 3886 mentem
1233 3829 1586 3895 revocando,
1619 3837 1677 3885 et
1716 3830 2064 3887 instruendo

407 3922 482 3980 ad
497 3923 586 3978 sui
602 3918 1570 3993 susceptionem.Omniabeneﬁcii
1592 3919 1779 3992 ipsius
1802 3919 2063 3988 fuerunt,

410 4010 569 4084 quod
601 4012 759 4066 circa
780 4026 889 4065 nos
911 4009 1210 4064 ineffabile
1236 4008 1385 4063 illud
1415 4009 1761 4081 mysterium
1787 4014 2066 4081 operatus

410 4102 506 4161 sit.
542 4100 821 4172 quodque
870 4115 1105 4155 rursum
1159 4099 1310 4154 illud
1357 4099 1529 4154 nobis
1576 4098 2063 4154 manifestaverit.

411 4192 557 4249 Nam
589 4196 649 4244 et
688 4190 797 4244 hoc
828 4188 1024 4260 magni
1060 4195 1118 4243 et
1169 4188 1489 4242 ineffabilis
1521 4189 1741 4242 amoris
1774 4205 1842 4243 ac
1875 4187 2069 4257 provi-

412 4279 630 4335 dentia:
662 4294 798 4351 erga
826 4294 937 4333 nos
968 4277 1098 4345 fuit,
1137 4277 1551 4331 manifestasse
1583 4276 1755 4331 nobis
1786 4291 2068 4331 arcanum

412 4368 736 4424 voluntatis
786 4383 928 4424 sua}.
964 4373 1248 4436 tanquam
1299 4365 1668 4420 reconditam
1700 4382 1766 4420 ac
1798 4366 2068 4421 intimam

416 4458 616 4516 cordis
647 4457 736 4511 sui
768 4456 1134 4512 voluntatem
1194 4455 1364 4511 Vides
1406 4455 1625 4527 quibus
1657 4474 1765 4512 nos
1795 4456 2071 4530 dignatus

416 4547 597 4611 fuerit
625 4545 844 4604 bonis?
874 4546 943 4601 Et
966 4546 1076 4601 hoc
1107 4552 1233 4601 erat
1261 4563 1542 4601 arcanum
1576 4547 1894 4603 voluntatis
1926 4565 2070 4615 sum,

2232 2482 2354 2541 Πῶς
2382 2480 2484 2556 γὰρ
2517 2500 2582 2549 ην
2624 2484 3060 2558 συνεισενεγκεῖν,
3116 2479 3245 2543 τοὺς
3308 2475 3439 2554 μηδ’
3497 2482 3677 2558 ams»
3709 2501 3817 2537 που

2159 2572 2260 2623 τοῦ
2292 2569 2425 2625 εἶναι
2477 2564 2787 2634 λαϐόνταςζ
2851 2569 2947 2624 Καὶ
3005 2568 3056 2626 τί
3108 2570 3172 2627 τὸ
3225 2567 3285 2625 ἑκ
3337 2570 3535 2627 τούτου
3584 2569 3818 2649 κὲρδοςς

2160 2660 2397 2736 Ἀφατος
2426 2659 2717 2715 ἀνακόπτει
2764 2652 2999 2729 ἔπαινος,
3059 2659 3147 2715 καὶ
3200 2657 3496 2735 ἐγκώμιον,
3529 2667 3630 2731 τῆς
3662 2657 3820 2718 δεδο-

2161 2748 2432 2823 ξασμὲνης
2493 2750 2661 2806 αὐτοῦ
2719 2751 2976 2830 χάριτος,
3037 2750 3089 2807 ὲν
3243 2749 3575 2827 ἐχαρίτωσεν
3643 2754 3819 2825 ἡμᾶς.

2164 2840 2265 2895 Δια
2292 2839 2576 2908 τίνοςςᾚ
2629 2837 2800 2908 δῆλον
2848 2839 2953 2900 ὅτι.
3000 2839 3093 2895 καὶ
3140 2844 3301 2896 τοῦτο
3355 2836 3443 2896 διὰ
3472 2845 3569 2897 τοῦ
3594 2841 3823 2915 ἠγαπη-

2169 2928 2331 3003 μένου
2361 2929 2529 2986 αὐτοῦ
2558 2930 2708 2986 Υἳοῦ.
2744 2934 2865 2992 Πῶς
2892 2951 2906 3000 ;
2939 2936 3066 2987 Ὅτι
3098 2929 3261 2993 αύτὸς
3300 2929 3527 3003 ἐποίησε
3550 2932 3649 2999 τὴν
3684 2932 3826 2988 ἀπο-

2167 3016 2439 3092 λύτρωσιν
2469 3020 2653 3091 ἡμῶν.
2689 3019 2866 3091 Ἦμεν
2900 3020 3004 3097 γὰρ
3038 3018 3402 3095 αἰχμάλωτοι
3437 3017 3529 3075 διὰ
3554 3019 3621 3075 τὰ
3648 3041 3829 3097 παρα-

2166 3108 2437 3180 πτώματα
2469 3110 2648 3181 ἡμῶν.
2682 3107 2815 3171 Aab;
2849 3106 2906 3164 δὲ
2956 3109 3019 3164 τὸ
3067 3111 3209 3183 αἷμα
3256 3108 3426 3166 αὑτοῦ
3457 3108 3657 3183 λύτρον
3692 3111 3826 3188 ὑπδρ

2168 3199 2352 3271 ἡμῶν,
2384 3195 2731 3272 ἐλυτρώσατο
2761 3204 2862 3267 τῆς
2901 3195 2955 3253 ἐν
3002 3200 3041 3270 ᾗ
3085 3196 3461 3278 κατειχόμεθα
3488 3196 3825 3273 τυραννίδος.

2174 3288 2278 3345 Καὶ
2309 3292 2426 3350 πῶς
2454 3291 2616 3344 τοῦτο
2664 3289 2727 3345 τὸ
2786 3307 2857 3367 φρ
2882 3288 3008 3345 κτὸν
3066 3286 3303 3365 γέγονεν,
3355 3286 3455 3344 ούκ
3484 3284 3626 3345 ἔστιν
3656 3287 3829 3351 εἶπεῖν

2168 3376 2317 3448 πλὴν
2371 3376 2454 3433 ὅτι
2502 3374 2747 3440 πλοῦτός
2799 3378 2909 3433 ἐστι
2961 3377 3213 3453 χάριτος,
3258 3381 3539 3454 περισσεία
3574 3383 3833 3454 χάριτος,

2172 3462 2477 3544 ὑπερϐολή.
2537 3468 2653 3525 Οὐκ
2706 3462 2851 3525 ἔστιν
2905 3466 3048 3525 ἄλλο
3079 3468 3273 3525 εἰπεῖν.
3305 3471 3477 3527 Τοῦτο
3510 3468 3577 3538 δὴ
3608 3469 3673 3526 τὸ
3705 3470 3834 3530 περὶ

2169 3557 2317 3627 ἡμᾶς
2349 3553 2552 3634 ἄφατον
2604 3559 2904 3632 μυστήριον
2967 3557 3031 3615 οὐ
3090 3557 3254 3632 μόνον
3317 3557 3636 3635 ἰνήργησεν,
3681 3556 3833 3617 ἀλλὰ

2168 3647 2260 3704 καὶ
2292 3645 2623 3726 ἐφανέρωσεν
2683 3650 2821 3721 ἡμῖν
2873 3646 3023 3705 αύτό.
3088 3652 3245 3715 Hdie;
3302 3647 3579 3727 φρενώσεις
3613 3648 3703 3705 καὶ
3736 3670 3834 3709 σο-

2172 3736 2329 3815 φίσας
2389 3736 2465 3799 εἰς
2514 3736 2826 3813 κατάληψιν
2885 3736 3071 3794 αὐτοῦ.
3122 3737 3305 3796 ΙΙπὶντα
3358 3746 3459 3807 τῆς
3502 3736 3711 3795 ἐκείνου
3741 3737 3840 3798 εὖ·

2173 3825 2441 3903 εργεσίας,
2475 3826 2536 3882 τὸ
2596 3825 2883 3903 ἰνεργῆσαι
2941 3827 3067 3903 περὶ
3125 3829 3272 3901 ἡμᾶς
3327 3827 3391 3884 τὸ
3446 3826 3650 3906 ἄφατον
3692 3827 3834 3886 εκεῖ-

2171 3936 2233 3970 νο
2290 3916 2616 3990 μυστήριον,
2674 3915 2737 3972 τὸ
2790 3914 3055 3992 γνωρίσαι
3115 3916 3244 3972 αὐτὸ
3303 3914 3471 3973 πάλιν
3532 3920 3694 3989 ἡμῖν.
3730 3917 3833 3973 Καὶ

2174 4003 2277 4082 γὰρ
2308 4008 2491 4071 τοῦτο,
2527 4002 2777 4080 μεγάλης
2834 4005 2925 4060 καὶ
2981 4005 3191 4081 ἀφάτου
3248 4012 3505 4083 στοργῆς,
3546 4007 3636 4063 καὶ
3667 4003 3834 4078 κηδε-

2176 4094 2389 4169 μονίας,
2438 4096 2500 4150 τὸ
2558 4096 2819 4173 γνωρίσαι
2878 4097 3014 4168 ἡμῖν
3070 4100 3167 4154 τοῦ
3229 4094 3544 4172 θελήματος
3579 4095 3836 4157 αὐτοῦτὸ

2179 4186 2503 4258 μυστήριον,
2554 4184 2674 4238 οἷον
2728 4188 2791 4240 τὸ
2850 4182 3138 4264 ἐγκάρδιον
3197 4187 3364 4243 αὒτοῦ
3394 4186 3483 4243 καὶ
3518 4187 3834 4265 απόκρυφον

2180 4274 2462 4352 βούλημα.
2495 4275 2656 4351 Ὁρᾷς
2688 4275 2846 4331 τίνων
2878 4276 3028 4352 ἡμᾶς
3077 4276 3261 4349 ἀξιοῖς
3313 4276 3419 4336 Καὶ
3469 4282 3631 4335 τοῦτο
3670 4279 3736 4349 ἦν
3771 4278 3836 4336 τὸ

2181 4365 2480 4438 μυστήριον
2524 4369 2622 4419 τοῦ
2672 4364 2983 4428 θελήματος
3031 4364 3220 4431 αὐτοῦ,
3264 4364 3317 4424 ἰν
3368 4371 3447 4441 τῷ
3494 4369 3610 4441 Υἱῷ
3642 4368 3833 4441 αὐτοῦ,

2177 4451 2423 4511 τουτέστι
2481 4450 2573 4509 διὰ
2627 4457 2723 4511 τοῦ
2806 4453 2936 4512 Υἱοῦ
3011 4454 3177 4512 αὐτοῦ
3236 4454 3652 4534 προωρισμένον
3712 4462 3837 4517 κατ’

2177 4542 2450 4617 εὐδοκίαν,
2496 4546 2762 4621 γενέσθαι.
2794 4545 3056 4624 Εὑλόγως
3089 4544 3147 4602 δὶ
3196 4546 3361 4603 πάλιν
3395 4547 3513 4607 εἷπε
3540 4550 3628 4619 τὸ,
3665 4572 3688 4600 ε
3718 4555 3838 4605 κατ’

416 4637 885 4715 praaordinatum
911 4641 977 4691 ut
998 4637 1056 4691 in
1084 4637 1230 4693 Filio
1254 4652 1359 4691 suo
1384 4638 1501 4693 sive
1526 4654 1632 4709 per
1652 4637 1863 4693 Filium
1899 4655 2055 4693 suun

2181 4633 2451 4706 εὐδοκίαν,
2484 4657 2509 4689 ε
2570 4633 2660 4692 καὶ
2717 4633 2800 4693 ὅτι
2859 4632 2950 4692 διὰ
2999 4640 3095 4693 τοῦ
3148 4637 3281 4693 Υἱοῦ
3321 4639 3387 4709 ἦν
3420 4640 3839 4713 προτεθειμὲνον

420 4731 611 4788 ﬂeret.
639 4729 843 4786 Merito
874 4733 1071 4784 autem
1103 4744 1341 4782 rursum
1387 4728 1553 4793 dixit,
1583 4728 1759 4800 .juxta
1789 4728 2075 4801 benepla-

421 4821 627 4888 citum,
660 4824 719 4874 et
748 4818 906 4890 quod
936 4818 1309 4889 propositum
1340 4823 1466 4873 erat
1494 4822 1559 4872 ut
1590 4835 1695 4889 per
1723 4818 1936 4873 Filium
1969 4819 2074 4872 tle-

422 4913 531 4963 ret.
566 4906 1060 4977 Quandoquidem
1112 4906 1275 4961 enim
1334 4922 1468 4961 cum
1521 4906 1677 4960 idem
1716 4906 1874 4960 circa
1904 4905 2078 4961 initia

426 4996 463 5052 d
489 4997 690 5064 xisset,
722 4997 984 5052 rationes
1008 5002 1206 5050 tamen
1230 4996 1467 5051 interim
1495 4995 1824 5051 rationibus
1850 5011 2070 5050 conne-

394 5092 612 5145 'ctens.
645 5083 972 5141 auditorem
1030 5100 1065 5141 a
1120 5101 1393 5140 sermone
1448 5091 1810 5153 avocaverat,
1844 5101 2078 5140 rursum

426 5176 708 5245 tanquam
736 5173 903 5231 illum
929 5174 1001 5227 ad
1027 5174 1374 5230 memoriam
1404 5173 1581 5230 reduc
1606 5191 1692 5229 ins
1713 5190 1779 5227 ac
1801 5181 2077 5244 repetens

426 5262 583 5335 quod
619 5263 818 5316 omnia
848 5279 952 5333 per
980 5262 1193 5319 Filium
1224 5263 1376 5321 facta
1414 5264 1538 5319 sint
1567 5264 1755 5320 Patris
1788 5262 2076 5334 benepla-

426 5354 564 5421 cito,
614 5352 1037 5408 convenienter
1088 5352 1201 5408 hoc
1256 5353 1566 5427 conjungit
1613 5360 1672 5409 et
1728 5352 1892 5410 addit
1946 5354 2079 5409 llzec

426 5450 626 5499 autem
662 5441 737 5497 ad
759 5440 1268 5511 dispensationem
1318 5444 1533 5516 inquit.
1566 5442 1679 5513 hqc
1719 5448 1809 5498 est
1840 5450 2082 5514 propter

425 5532 790 5591 ineﬂ‘abilem
814 5532 1243 5605 providentiam
1277 5540 1334 5587 et
1365 5534 1815 5606 dispositionem
1850 5539 2079 5604 tempo-

426 5640 560 5682 rum
604 5621 1138 5684 consummationis
1188 5623 1411 5693 saeculi,
1465 5624 1524 5680 id
1575 5631 1662 5681 est
1705 5639 1904 5680 rerum
1945 5639 2077 5696 quas

426 5822 435 5830 ο
497 5793 521 5828 '
543 5790 744 5852 Matth.
775 5806 832 5864 τ,
864 5790 952 5847 to.

2186 4726 2452 4804 γενὲσθαι,
2484 4721 2709 4795 Ἐπειδή
2776 4727 2880 4804 γὰρ
2939 4725 3106 4783 εἰπὼν
3166 4728 3296 4784 αὑτὸ
3354 4729 3471 4782 κατ’
3515 4727 3715 4804 ἀρχὰς,
3744 4728 3839 4785 καὶ

2184 4815 2359 4879 αἶ’τίας
2419 4815 2469 4870 ἐν
2524 4819 2604 4887 τῷ
2663 4815 2858 4886 μεταξὺ
2918 4816 3199 4892 συνείρων,
3261 4814 3529 4886 ἆπίστησε
3570 4815 3715 4876 πολὺ
3744 4819 3838 4875 τὸν

2183 4904 2455 4976 ἀκροατήν
2496 4908 2595 4959 τοῦ
2645 4902 2834 4980 λόγου,
2884 4902 3051 4962 πάλιν
3105 4904 3285 4980 ὥσπερ
3333 4903 3839 4981 ἐπαναμιμνήσκων

2185 4993 2345 5049 αὑτὸν
2391 4992 2480 5048 καὶ
2533 4990 3024 5067 ἐπαναλαμϐένων,
3075 4995 3159 5052 ὃτι
3210 4996 3380 5053 πάντα
3428 4993 3520 5053 διὰ
3573 5001 3668 5053 τοῦ
3708 4998 3840 5053 ficii

2183 5085 2401 5161 γέγονεν
2452 5081 2670 5156 εὑδοκίᾳ
2715 5088 2812 5138 τοῦ
2864 5086 3092 5161 Πατρὸς,
3142 5090 3304 5142 τοῦτο
3349 5087 3679 5168 προσφόρως
3719 5086 3846 5143 ἄπι-

2186 5175 2441 5229 σλναπτει
2496 5171 2588 5229 καὶ
2652 5171 2886 5242 τίθησιν.
2940 5176 3126 5231 Ταῦτα
3183 5173 3261 5243 εὶ,
3304 5174 3485 5251 φησὶν,
3518 5176 3596 5241 εἰς
3626 5176 3844 5236 οίκονο-

2191 5261 2339 5337 μίαν,
2388 5261 2692 5330 τουτέστιν,
2742 5261 2830 5318 ἐπὶ
2893 5260 3083 5342 ἀφάτῳ
3132 5263 3363 5336 προνοίᾳ
3432 5266 3522 5321 καὶ
3573 5264 3843 5336 διοικήσει

2184 5356 2292 5407 τῶν
2351 5357 2451 5422 τῆς
2525 5350 2834 5414 συντελείας
2910 5357 3139 5428 καιρῶν,
3193 5352 3464 5424 τουτέστι,
3528 5360 3637 5412 τῶν
3706 5354 3844 5412 κατὰ

2184 5444 2285 5510 τήν
2344 5440 2652 5498 συντέλειαν
2703 5441 3061 5520 πραγμάτων.
3114 5444 3248 5498 Ὅσα
3294 5445 3400 5520 γὰρ
3446 5441 3723 5521 ἐπράχθη,
3752 5444 3845 5502 διὰ

2185 5534 2285 5599 τήν
2340 5530 2463 5586 τότε
2518 5531 2654 5602 ἡμῖν
2708 5528 3315 5609 ἀποκαλυφθησομὲνην
3363 5531 3516 5605 δόξαν
3564 5532 3843 5610 ἰπράχθη.

2191 5621 2284 5678 Διὸ
2314 5620 2401 5678 καὶ
2437 5621 2466 5675 ὁ
2497 5618 2729 5695 Χριστὸς
2778 5619 2903 5677 τότε
2952 5617 3043 5678 διὰ
3090 5625 3195 5693 τῆς
3242 5616 3514 5686 ἆκόασεως
3565 5626 3675 5681 τῶν
3706 5643 3850 5700 πρα-
