4108 6398
314 468 473 536 1173
1363 458 1772 524 COMMENT.
1818 462 1902 524 IN
1946 459 1957 524 1

2071 459 2198 524 IST.
2263 462 2366 524 AD
2409 464 2694 531 EPHES.
3581 467 3736 534 ιιτι

315 599 541 679 γμάτων
604 599 980 675 φανεροῦσθαι,
1038 593 1609 672 ἆνακεφαλαιούμενος
1667 594 1734 650 τὸ.
1797 594 1957 650 πάντα

2084 597 2242 655 circa
2273 600 2850 658 consummationem
2902 605 3100 660 erunt.
3162 603 3540 678 Quaecunque
3575 606 3736 666 enim

315 687 372 747 ἐν
438 689 634 760 ὶαυτῷ.
719 709 740 740 ι
797 691 925 751 Τοῖς
981 685 1324 762 ἐπουρανίοις
1378 683 1430 741 ἐν
1492 686 1730 760 Χριστῷ.
1790 708 1818 736 υ
1877 684 1957 741 Διὲ

2077 686 2232 747 facta
2261 695 2421 754 sunt,
2458 696 2698 763 propter
2727 693 2975 766 gloriam
3026 711 3157 766 quas
3193 699 3330 749 tunc
3364 694 3538 750 nobis
3567 711 3739 752 reve-

315 783 562 856 Χριστοῦ
589 779 690 854 γὰρ
723 781 884 850 ἡμῶν
918 780 953 848 ἡ
987 775 1238 856 εὐλογία,
1291 777 1354 832 οὐ
1400 774 1490 832 διὰ
1517 797 1665 840 τινος
1697 779 1806 832 τῶν
1840 796 1976 849 προ-

315 876 530 953 φητῶν,
562 871 637 932 ὡς
670 865 959 931 Ἰουδαίοις
993 866 1082 923 διὰ
1114 866 1372 928 Μωσέως.
1407 867 1607 929 Καλῶς
1633 863 1689 921 δὲ
1713 867 1798 934 τὸ,
1833 892 1860 918 ‹‹
1891 868 1976 922 Ἐν

312 966 432 1022 τοῖς
463 959 835 1031 ἐπουρανίοις,
867 978 894 1009 ιο
927 959 1047 1013 οἷον
1079 957 1417 1032 πράγμασιν.
1446 955 1613 1013 υύδὶν
1647 956 1752 1032 γὰρ
1783 959 1971 1033 γήὶνον

311 1052 440 1126 παρ’
498 1053 654 1122 ἡμῖν,
711 1049 786 1112 ὡς
846 1049 992 1124 παρὰ
1063 1047 1372 1110 Ἰουδαίοις.
1431 1047 1577 1104 Ἑκεῖ
1629 1047 1730 1122 γὰρ
1787 1049 1858 1121 γῆ
1916 1066 1976 1102 τε

315 1142 513 1216 ῥέουσα
545 1139 673 1211 μέλι
704 1139 794 1194 καὶ
825 1137 991 1212 γάλα,
1023 1138 1134 1207 καῖ,
1163 1163 1189 1190 ιι
1226 1138 1304 1196 Τὰ
1341 1138 1513 1212 ἀγαθὰ
1543 1143 1644 1206 τῆς
1671 1143 1772 1212 γῆς
1802 1137 1969 1212 φάγε·

315 1251 427 1297 σαι,
484 1230 574 1286 καὶ
629 1226 934 1303 Εὐλογήσει
1008 1227 1204 1301 Κύριος
1256 1229 1355 1296 τὴν
1415 1228 1516 1303 γῆν
1574 1245 1690 1281 σου·
1752 1225 1974 1281 ἐνταῦθα

315 1316 396 1388 δὲ,
450 1320 626 1376 πάντα
682 1319 807 1394 περὶ
870 1316 1148 1394 βασιλείας
1205 1317 1466 1394 οὐρανῶν.
1504 1341 1531 1369 ιι
1576 1317 1766 1379 Καθὼς
1799 1314 1973 1387 ἐξιλέ-

314 1409 440 1481 ξατο
498 1412 646 1484 ἡμᾶς
703 1409 754 1464 ἐν
815 1409 982 1482 αὐτῷ.
1040 1431 1070 1461 ››
1125 1409 1328 1480 ’Ὠσπερ
1389 1405 1686 1481 εὐλόγησεν
1745 1408 1896 1477 ἡμᾶς
1943 1405 1972 1459 ὁ

314 1501 446 1562 Θεὸς
499 1499 590 1554 καὶ
645 1499 832 1573 Πατὴρ
893 1497 983 1554 διὰ
1041 1501 1300 1572 Χριστοῦ,
1356 1496 1529 1559 οὕτως
1576 1495 1662 1551 καὶ
1693 1493 1972 1568 ἐξελέξατο

301 1578 386 1646 ’δι’
415 1589 600 1657 αὐτοῦ,
648 1587 739 1644 καὶ
795 1594 893 1656 τῆς
958 1587 1034 1652 εἷς
1093 1586 1252 1642 αὐτὸν
1293 1585 1545 1648 πίστεως.
1575 1585 1647 1644 Τὸ
1680 1582 1757 1652 δὲ,
1793 1609 1820 1637 ‹‹
1856 1585 1970 1656 Πρὸ

311 1671 626 1742 καταϐολῆς
656 1675 888 1752 κόσμου,
928 1701 954 1726 ι»
1001 1673 1186 1744 δηλοῖ,
1235 1675 1320 1730 δτι
1365 1678 1527 1728 τοῦτο
1559 1672 1728 1728 πάλαι
1754 1675 1819 1742 ἦν
1854 1674 1970 1748 ὁρι-

313 1779 457 1836 σθεν,
509 1773 749 1833 σωθῆναι
782 1761 872 1821 δ;ἀ
923 1771 1024 1833 τῆς
1067 1764 1144 1826 είς
1199 1764 1426 1835 Χριστὸν
1460 1762 1691 1824 πίστεως
1723 1763 1849 1822 τοὺς
1883 1760 1969 1816 ἐπὶ

313 1864 437 1933 γῆς.
472 1857 549 1912 Τὸ
583 1854 660 1922 δὲ,
687 1880 714 1905 ιι
737 1850 1078 1924 καταϐολῆς,
1103 1877 1132 1906 ››
1158 1850 1346 1921 δηλοῖ,
1379 1851 1463 1908 ὅτι
1494 1853 1600 1906 ἀπὸ
1631 1852 1802 1925 ὕψους
1827 1852 1971 1915 τινὸς

313 1954 413 2016 τῆς
442 1942 539 2002 τοῦ
573 1949 708 2001 Θεοῦ
740 1942 1018 2018 δυνάμεως
1079 1937 1394 2014 κατεϐληθη
1429 1943 1456 1998 ὁ
1487 1941 1715 2014 κόσμος.
1755 1965 1780 1992 ι(
1813 1941 1967 1998 Εἶναι
1999 1975 2045 2042 Β

317 2039 467 2109 ἡμᾶς
524 2037 728 2111 ἁγίους.
770 2061 791 2087 ι
855 2034 1163 2108 Ἐξελέξατο
1220 2035 1390 2107 ἡμᾶς,
1449 2034 1636 2108 φησὶν,
1670 2032 1756 2088 ἐπὶ
1786 2031 1966 2106 τούτῳ

321 2131 400 2198 τῷ
431 2125 566 2202 ὅρῳ,
599 2126 675 2190 εἷς
702 2127 766 2181 τὸ
798 2125 928 2182 εἶναι
973 2127 1122 2200 ἡμᾶς
1170 2123 1356 2200 ἁγίους
1410 2122 1548 2180 κατᾶ
1575 2124 1778 2191 πίστιν,
1809 2122 1967 2196 ἀμώ-

319 2237 455 2292 μους
511 2216 646 2272 κατὰ
701 2213 840 2291 βίον.
904 2239 932 2266 (ι
984 2218 1108 2270 Κατ’
1165 2211 1397 2270 ἐνώπιον
1457 2211 1643 2280 αὐτοῦ,
1703 2211 1888 2290 φησίν.
1936 2236 1964 2264 ››

311 2305 433 2365 Ελσί
494 2306 597 2384 γάρ
653 2325 797 2367 τινες
856 2302 1084 2379 ἄμωμοι
1140 2309 1261 2366 τοῖς
1327 2301 1632 2379 ἀνθρώποις
1663 2298 1962 2370 δοκοῦντες,

309 2395 443 2454 ἀλλ’
473 2396 535 2451 οὐ
566 2400 749 2463 τοῦτο,
810 2395 995 2471 φησὶν,
1055 2392 1203 2450 ἀλλὰ
1258 2394 1386 2451 Κατ’
1445 2390 1675 2448 ἐνώπιον
1709 2391 1897 2449 αὐτοῦ.
1937 2417 1957 2442 ιι

305 2488 485 2543 Τοῦτο
521 2482 597 2552 δὲ,
631 2485 787 2558 φησὶ,
846 2480 938 2539 διὰ
990 2484 1088 2553 τὴν
1148 2484 1286 2559 πρὸς
1340 2485 1487 2555 ἡμᾶς
1519 2483 1736 2560 ἀγάπην
1769 2481 1966 2551 ἐποίη-

307 2595 415 2632 σεν.

2077 780 2300 835 labitur
2328 780 2482 837 facta
2512 786 2669 837 sunt.
2700 782 2836 838 ideo
2863 784 3041 840 etiam
3069 783 3334 839 Christus
3357 790 3498 841 tunc
3535 801 3735 841 rerum

2079 870 2237 926 exitu
2268 859 2684 927 manifestatur
2714 873 3057 928 summatim
3083 874 3419 930 instaurans
3451 875 3653 932 omnia
3674 876 3736 932 in

2079 962 2294 1033 seipso.
2330 986 2355 1011 «
2389 963 2450 1017 lu
2483 963 2820 1019 caelestibus
2853 981 2960 1037 per
2988 964 3308 1021 Christum.
3347 989 3372 1014 ›ι
3429 966 3736 1038 Siquidem

2076 1068 2184 1126 per
2210 1052 2505 1108 Christum
2533 1057 2621 1108 est
2643 1059 2848 1110 nostra
2881 1053 3219 1109 benedictio
3257 1061 3316 1110 et
3356 1072 3474 1110 non
3500 1073 3604 1126 per
3629 1057 3735 1112 ali-

2080 1159 2258 1213 quem
2277 1143 2702 1216 prophetarum
2736 1145 3239 1214 quemadmodum
3263 1145 3478 1200 Judmis
3493 1147 3738 1218 contigit

2075 1249 2185 1306 per
2215 1235 2432 1289 Mosen.
2460 1237 2506 1289 Δ
2532 1236 2707 1290 Recte
2733 1239 2934 1289 autem
2958 1233 3125 1289 addit
3154 1259 3177 1282 υ
3216 1235 3280 1289 In
3313 1234 3669 1296 cmlestibus,
3705 1257 3734 1286 η

2077 1338 2291 1394 nempe
2316 1324 2527 1378 rebus:
2560 1324 2712 1378 nihil
2735 1324 2892 1378 enim
2921 1323 3077 1394 apud
3109 1339 3218 1378 nos
3251 1325 3740 1393 terrenum,sicut

2077 1411 2233 1483 apud
2257 1412 2509 1468 Judaeos.
2546 1413 2630 1468 Ibi
2662 1413 2822 1468 enim
2857 1412 3237 1479 contingebat
3273 1418 3332 1469 et
3367 1415 3534 1468 Terra
3562 1416 3738 1485 ﬂuens

2077 1499 2162 1554 lac
2185 1505 2237 1554 et
2263 1502 2402 1556 mel:
2436 1506 2496 1556 et
2546 1502 2699 1558 Bona
2756 1507 2915 1556 terrae
2975 1501 3254 1556 comedes:
3313 1506 3372 1556 et
3439 1523 3466 1551 ‹‹
3502 1502 3738 1557 Benedi-

2076 1596 2159 1646 cet
2190 1593 2449 1645 Dominus
2473 1597 2630 1646 terrae
2654 1598 2760 1645 tuae
2787 1607 2800 1644 :
2829 1613 2856 1638 ιι
2879 1591 2975 1646 hic
3001 1596 3199 1648 autem
3224 1592 3428 1646 omnia
3449 1591 3522 1646 de
3551 1607 3733 1664 regno

2077 1679 2381 1734 cmlorum.
2409 1701 2433 1728 ‹‹
2461 1678 2971 1744 Quemadmodum
2997 1680 3176 1753 elegit
3198 1695 3309 1734 nos
3332 1696 3438 1750 per
3458 1681 3651 1750 ipsum
3706 1701 3733 1728 »ι

2075 1767 2586 1833 Quemadmodum
2646 1768 2950 1825 benedixit
3005 1784 3113 1824 nos
3155 1769 3308 1824 Deus
3338 1773 3398 1823 et
3429 1769 3601 1824 Pater
3632 1783 3738 1839 per

2077 1857 2396 1925 Christum,
2428 1857 2443 1910 i
2473 1873 2507 1913 a
2538 1863 2597 1913 et
2628 1857 2807 1930 elegit
2861 1874 2970 1913 nos
3029 1875 3133 1929 per
3191 1858 3405 1929 ipsum,
3440 1863 3500 1914 et
3529 1875 3634 1929 per
3665 1859 3737 1912 fi-

2078 1947 2213 2003 dem
2250 1964 2381 2015 qum
2411 1947 2472 2001 in
2507 1947 2700 2019 ipsnm
2733 1952 2838 2004 est.
2873 1946 3038 2013 Quod
3071 1952 3269 2003 autem
3301 1946 3484 2003 addit.
3521 1970 3545 1996 ‹‹
3585 1951 3734 2004 Ante

2078 2037 2565 2093 constitutionem
2590 2036 2820 2104 mundi,
2845 2058 2872 2086 »
2897 2036 3190 2109 signiﬁcat
3210 2037 3369 2108 quod
3397 2052 3466 2092 ex
3489 2037 3735 2106 antiquo

2077 2127 2190 2183 hoc
2211 2125 2524 2182 definitum
2547 2131 2692 2195 erat,
2716 2132 2782 2180 ut
2806 2127 2906 2198 qui
2930 2127 2991 2181 in
3014 2132 3174 2184 terra
3195 2125 3499 2186 suntisalvi
3522 2127 3737 2183 ﬂerent

2076 2232 2185 2289 per
2214 2216 2389 2272 ﬁdem
2417 2233 2548 2287 quae
2572 2215 2632 2270 in
2654 2215 2952 2271 Christum
2975 2221 3081 2273 est.
3106 2215 3271 2280 Quod
3294 2221 3488 2270 autem
3519 2213 3730 2269 mundi

2077 2306 2567 2362 constitutionem
2611 2311 2778 2362 vocat
2823 2298 3136 2371 καταϐολὴν
3187 2321 3221 2360 a
3268 2297 3730 2373 καταϐάλλεσθαι,

2075 2397 2135 2453 id
2167 2403 2256 2454 est
2289 2397 2567 2468 dejicere,
2599 2399 2894 2466 signiﬁcat
2925 2397 3082 2469 quod
3123 2397 3193 2453 ab
3245 2397 3560 2454 altitudine
3588 2412 3735 2467 qua—

2074 2485 2209 2544 dam
2233 2486 2444 2542 divinae
2467 2488 2749 2559 potentiae
2769 2488 2931 2559 jacta
2952 2487 3070 2541 sint
3093 2485 3300 2542 mundi
3322 2486 3731 2542 fundamenta.

2075 2598 2102 2626 ‹‹
2136 2577 2208 2632 Ut
2238 2593 2502 2633 essemus
2531 2579 2750 2633 sancti.-
2777 2600 2804 2625 »
2839 2578 2902 2632 In
2934 2578 3113 2642 hunc,
3158 2577 3373 2648 inquit,
3409 2575 3588 2631 finem
3623 2591 3733 2632 nos

302 2666 484 2739 elegit
513 2672 579 2722 ut
608 2667 669 2722 in
699 2665 815 2722 fide
847 2667 1035 2722 sancti
1069 2681 1360 2727 essemus.
1394 2665 1455 2721 in
1509 2664 1625 2720 vita
1653 2663 2232 2736 irreprehensibiles.
2285 2687 2314 2717 «
2347 2667 2556 2722 Coram
2608 2667 2734 2734 illo,
2764 2659 2801 2716 ››⁴
2839 2665 3051 2738 inquit.
3108 2666 3255 2720 Sunt
3293 2666 3450 2720 enim
3486 2664 3731 2736 quidam

305 2757 409 2828 qui
444 2755 786 2812 hominibus
813 2756 1086 2811 videntur
1116 2754 1692 2827 irreprebensibiles.
1727 2759 1802 2809 At
1831 2770 1951 2811 non
1982 2754 2096 2811 hoc
2128 2754 2290 2824 dicit,
2317 2757 2419 2813 sed
2441 2779 2468 2807 «
2495 2759 2703 2812 Coram
2728 2757 2854 2812 illo.
2883 2778 2908 2805 υ
2941 2756 3059 2813 Hoc
3088 2761 3287 2812 autem
3318 2755 3458 2811 fecit
3487 2760 3732 2827 propter

301 2846 678 2908 charitatem,
713 2847 931 2918 inquit,
959 2862 1136 2918 quam
1168 2861 1307 2919 erga
1335 2862 1445 2900 nos
1475 2844 1703 2903 habuit.

377 2935 682 3010 Προορίσας
741 2935 888 3006 ἡμᾶς
947 2934 1024 2996 εἰς
1079 2934 1371 3000 υἱοθεσίαν,
1433 2930 1523 2988 διὰ
1589 2933 1770 3005 Ἰησοῦ
1823 2934 1962 3006 Χρι-

298 3027 431 3079 στοῦ
492 3023 568 3079 εἰς
627 3023 807 3091 αυτὸν,
866 3024 1002 3078 κατὰ
1056 3024 1156 3092 τὴν
1221 3018 1467 3077 εὐδοκίαν
1521 3025 1620 3077 τοῦ
1649 3021 1962 3094 θελήματος

297 3113 489 3180 αὐτοῦ,
567 3111 645 3174 εἲς
721 3106 938 3168 ἔπαινον
1014 3109 1175 3183 δόξης
1249 3118 1349 3181 τῆς
1438 3109 1667 3191 χάριτος
1771 3111 1957 3180 αὐτοῦ,

297 3201 353 3258 ἐν
412 3201 449 3278 ᾖ
503 3200 833 3279 ἐχαρίτωσεν
893 3203 1043 3277 ἡμᾶς
1100 3200 1152 3257 ἐν
1208 3205 1288 3274 τῷ
1345 3197 1709 3275 ἠγαπημένῳ.
1759 3201 1851 3257 Ἐν
1912 3201 1959 3273 ᾧ

2143 2941 2189 3002 Ι,
2223 2938 2335 2992 5ο8.
2371 2939 2478 3002 Qui
2502 2936 2928 3008 praedestinavit
2976 2951 3074 2991 nos
3127 2935 3201 2990 ad
3243 2933 3597 3006 adoptionem
3627 2950 3734 3004 per

2069 3029 2248 3082 Jesum
2283 3028 2557 3083 Christum
2586 3029 2660 3081 ad
2687 3028 2867 3096 ipsum
2888 3027 3065 3096 juwta
3096 3023 3502 3095 beneplactum
3533 3023 3728 3078 volun-

2072 3117 2204 3170 tatis
2231 3131 2362 3181 suae,
2395 3121 2454 3171 ut
2487 3115 2746 3170 laudetur
2775 3116 2954 3185 gloria
2983 3115 3179 3183 gratiae
3224 3128 3334 3168 sum
3383 3129 3496 3182 qua
3531 3114 3725 3168 charos

2069 3204 2311 3260 reddidit
2336 3220 2434 3259 nos
2456 3220 2561 3275 per
2590 3204 2868 3259 dilectum.
2907 3205 3010 3258 Per
3038 3219 3199 3274 quem
3225 3203 3486 3258 habemus
3506 3201 3727 3257 redem-

300 3287 509 3366 ἔχομεν
557 3293 656 3360 τήν
732 3291 1113 3365 ἀπολύτρωσιν
1183 3289 1272 3346 διὰ
1323 3293 1419 3345 τοῦ
1479 3288 1712 3362 αἳματος
1769 3288 1956 3357 αὐτοῦ,

2071 3296 2311 3366 ptionem
2335 3311 2440 3364 per
2465 3293 2795 3364 sanguinem
2837 3292 3032 3363 ipsius,
3066 3293 3438 3347 remissionem
3465 3297 3726 3361 peccato-

298 3380 404 3451 τήν
461 3383 648 3457 ἄφεσιν
704 3385 813 3437 τῶν
867 3380 1352 3456 παραπτωμάτων,
1419 3379 1557 3434 κατᾶ
1616 3380 1708 3433 τὸν
1775 3375 1950 3434 πλοῦ-

2071 3399 2210 3452 rum,
2233 3385 2406 3454 juxta
2436 3382 2660 3439 divitias
2691 3385 2888 3453 gratiae
2915 3397 3044 3448 suae,
3070 3382 3136 3436 de
3165 3397 3278 3453 qua
3306 3380 3545 3436 ubertim
3566 3379 3725 3436 nobis

293 3489 390 3526 τον
493 3476 594 3539 τῆς
693 3471 922 3546 χάριτος
1022 3469 1208 3538 αὐτοῦ,
1283 3472 1348 3539 ἧς
1431 3467 1799 3543 ἐπερίσσευσεν
1878 3467 1954 3530 εἰς

289 3561 468 3631 ἡμᾶς,
501 3560 552 3614 ἐν
588 3559 731 3635 πάσῃ
761 3559 925 3637 σοφίᾳ
961 3561 1049 3616 καὶ
1085 3561 1367 3640 ιρρονήσει.

370 3649 523 3724 Μὲγα
569 3648 685 3722 μὶν,
738 3647 827 3705 καί
874 3650 938 3704 τὸ
986 3648 1066 3710 εἷς
1125 3648 1395 3704 υἱοθεσίαν
1443 3647 1763 3724 εἰσαχθῆναι
1793 3651 1954 3716 Θεοῦ,

294 3742 487 3812 μεῖζον
522 3736 580 3795 δὶ
611 3739 669 3793 τὸ
721 3739 810 3794 καὶ
869 3735 959 3794 διὰ
1015 3741 1112 3796 τοῦ
1169 3739 1298 3794 Υἱοῦ
1354 3741 1518 3793 τοῦτο
1553 3744 1945 3810 μεσιτευθῆναι.

291 3827 395 3892 Εἲς
427 3829 697 3884 υἱοθεσίαν
741 3826 798 3884 ὂὶ
855 3828 1055 3898 ποίαν;
1115 3829 1228 3892 Τῆν
1289 3828 1365 3891 εἷς
1425 3827 1610 3895 αὑτὸν,
1669 3828 1823 3905 φησῖ,
1859 3826 1951 3907 φξ-

293 3939 496 3996 ρουσαν
524 3919 616 3974 τόν
650 3918 798 3975 Θεόν.
863 3942 890 3970 ι(
925 3918 1067 3974 Κατᾶ
1119 3919 1218 3987 τήν
1279 3915 1527 3973 εὐδοκίαν
1559 3923 1657 3973 τοῦ
1705 3916 1951 3988 θελήμα-

287 4029 390 4071 τος
423 4007 612 4066 αῦτοῦ.
647 4034 674 4062 ››
734 4008 1000 4067 Εῦόοκίαν
1060 4009 1185 4084 γὰρ,
1225 4009 1323 4076 τήν
1381 4006 1463 4063 ἄπ’
1522 4008 1794 4083 εὓεργεσίᾳ
1828 4005 1952 4082 βοῦ-

290 4098 458 4168 λησιν
491 4095 609 4162 ἔθος
656 4102 725 4172 τῇ
775 4100 888 4170 θείᾳ
944 4096 1131 4156 καλεῖν
1193 4101 1401 4176 Γραφῇ.
1438 4121 1466 4150 α
1497 4102 1604 4154 Τοῦ
1637 4095 1950 4172 θελήματος

285 4189 484 4248 αὐτοῦ.
539 4213 568 4241 ›ν
629 4192 808 4248 Ταῦτα
866 4187 924 4246 δὲ
975 4189 1150 4245 πάντα
1205 4188 1458 4258 ἐποίησεν
1516 4186 1594 4252 εἷς
1651 4190 1819 4261 ἡμᾶς,
1880 4185 1950 4242 δι’

281 4275 437 4335 ἄλλο
498 4278 592 4351 μὶν
647 4277 829 4345 οὗδὶν,
891 4276 1038 4346 πλὴν
1099 4279 1184 4335 ὃτι
1244 4273 1536 4349 ἠϐουλήθη
1596 4277 1687 4334 καὶ
1739 4274 1948 4352 σφόδρα

279 4365 600 4442 imo-Spain
659 4367 846 4443 χάριτι
902 4372 1072 4423 σῶσαι
1131 4367 1258 4430 τοὺς
1315 4367 1402 4423 ἐπὶ
1452 4373 1576 4442 γῆς,
1627 4366 1764 4441 πρὸς
1793 4367 1855 4422 τὸ
1891 4367 1951 4423 ἔκ

278 4455 485 4514 τούτου
515 4458 848 4522 ἐπαινεῖσθαι
906 4456 996 4514 καὶ
1057 4454 1370 4527 δοξάζεσθαι
1423 4457 1524 4524 τήν
1585 4455 1734 4530 ἁγίαν
1781 4456 1948 4511 αὐτοῦ

284 4546 447 4618 δόξαν
501 4550 601 4613 τῆς
671 4547 921 4623 χάριτος.
986 4569 1014 4600 ‹‹
1072 4548 1159 4602 Ἐν
1313 4545 1644 4620 ἐχαρίτωσεν
1704 4546 1874 4618 ἡμᾶς.
1917 4567 1946 4598 »

281 4637 628 4714 Ἐχαρίτωσι
684 4635 762 4706 δὲ,
821 4642 1037 4715 πρῶτον
1099 4637 1197 4711 μὶν
1252 4637 1481 4692 ἰνώπιον
1508 4642 1615 4693 τῶν
1647 4634 1945 4715 ὀφθαλμῶν

2064 3475 2377 3545 impartivit
2405 3475 2464 3529 in
2487 3473 2638 3530 omni
2663 3474 2942 3544 sapientia
2973 3478 3025 3528 et
3049 3472 3379 3543 prudentia.

2135 3659 2408 3730 Magnum
2441 3654 2683 3728 quidem
2715 3659 2824 3723 est,
2879 3657 2941 3714 in
2994 3655 3208 3713 Filium
3241 3653 3344 3711 Dei
3377 3653 3725 3725 adoptatum

2065 3761 2192 3806 esse
2223 3763 2235 3800 :
2271 3746 2464 3819 majus
2497 3751 2587 3804 est
2616 3751 2837 3815 autem,
2871 3745 2932 3802 id
2981 3763 3088 3817 per
3131 3745 3324 3816 ipsum
3357 3743 3571 3800 Filium
3606 3759 3727 3802 me-

2063 3837 2351 3894 diatorem
2383 3835 2664 3908 adeptum
2698 3851 2844 3891 esse.
2875 3835 2961 3890 Ad
3007 3849 3183 3904 quam
3217 3838 3413 3889 autem
3448 3832 3726 3903 adoptio-

2062 3945 2199 3985 nem
2221 3926 2250 3982 ?
2280 3927 2366 3982 Ad
2399 3943 2550 3990 eam,
2587 3926 2803 3998 inquit,
2829 3942 2960 3998 quae
2993 3923 3248 3979 ducitad
3279 3923 3475 3995 ipsum
3511 3924 3718 3983 Deum.

2063 4041 2091 4068 (ι
2123 4019 2295 4074 Juxta
2327 4017 2767 4088 beneplacitum
2799 4015 3114 4072 voluntatis
3157 4031 3300 4069 suae.
3337 4035 3365 4063 »
3407 4015 3724 4072 Consuevit

2063 4109 2223 4165 enim
2254 4107 2458 4163 divina
2493 4106 2796 4178 Scriptura
2850 4106 3217 4161 voluntatem
3248 4119 3316 4160 ac
3347 4104 3719 4176 propositum

2061 4197 2130 4251 ad
2165 4194 2682 4258 benefaciendum,
2707 4209 2912 4251 vocare
2943 4193 3402 4265 beneplacitum.
3442 4214 3468 4242 ‹‹
3496 4192 3719 4250 Volun-

2063 4285 2198 4341 tatis
2228 4301 2369 4341 suae.
2404 4306 2430 4332 η
2467 4285 2598 4341 Haec
2647 4290 2846 4341 autem
2905 4283 3104 4340 omnia
3145 4297 3283 4353 erga
3312 4298 3419 4338 nos
3449 4281 3524 4338 ob
3555 4281 3721 4339 aliud

2061 4373 2213 4430 nihil
2244 4381 2521 4447 operatus
2553 4379 2659 4435 est.
2695 4375 2807 4431 nisi
2847 4374 2989 4445 quia
3015 4373 3202 4429 voluit
3231 4387 3297 4428 ac
3333 4372 3720 4429 vehementer

2061 4463 2396 4536 concupivit
2422 4479 2530 4537 per
2565 4463 2814 4538 gratiam
2863 4463 3052 4519 salvos
3093 4461 3287 4518 facere
3318 4477 3420 4518 eos
3451 4461 3553 4533 qui
3583 4466 3722 4520 sunt

2058 4551 2120 4606 in
2149 4557 2324 4614 terra,
2386 4557 2451 4606 ut
2507 4568 2577 4608 ex
2638 4552 2750 4607 hoc
2799 4550 3143 4608 laudaretur
3188 4567 3256 4607 ac
3285 4551 3721 4624 glorificaretur

2060 4645 2265 4696 sancta
2290 4641 2492 4715 gratias
2524 4640 2710 4712 ipsius
2741 4639 2947 4712 gloria.
3004 4661 3028 4691 σ
3071 4641 3196 4706 Qua
3218 4641 3428 4696 charos
3459 4638 3719 4697 reddidit

279 4727 478 4798 αὑτοῦ,
544 4721 728 4784 ἔπειτα
785 4727 1113 4803 ἐπεράστους
1191 4726 1446 4798 ἐποίησεν
1512 4726 1794 4803 ἀγγέλοις,
1860 4729 1950 4802 ἀρ⁴

2071 4746 2186 4785 nos.
2225 4750 2254 4779 »
2286 4730 2506 4785 Charos
2564 4735 2763 4785 autem
2819 4728 3098 4788 reddidit.
3157 4728 3414 4801 primum
3470 4728 3714 4799 quidem

280 4818 608 4894 χαγγέλοις,
662 4823 783 4880 ταῖς
831 4815 945 4873 ἆνω
1004 4815 1283 4893 δυνάμεσι,
1343 4820 1462 4878 τοῖς
1523 4817 1945 4890 εὗηρεστηκόσιν

285 4907 443 4978 αὑτῷ
502 4907 696 4983 ἁγίοις.
758 4930 787 4959 ‹‹
850 4908 1212 4982 Ἑπιθυμήσει
1270 4908 1372 4983 γαρ
1427 4907 1454 4961 ὁ
1518 4904 1772 4981 βασιλεὺς
1850 4911 1947 4962 τοῦ

285 4993 535 5060 κάλλους
567 5017 684 5054 σου.
716 5019 746 5050 ››
779 4997 893 5066 Τήν
927 4992 986 5052 δὲ
1017 4996 1177 5071 χάριν
1231 4994 1430 5064 ταύτην
1479 4992 1568 5050 διὰ
1597 4999 1693 5050 τοῦ
1723 4997 1949 5070 ἠγαπη-

294 5087 462 5162 μένου
517 5089 752 5164 Χριστοῦ
809 5093 926 5150 τοῖς
973 5088 1054 5142 ἐπὶ
1107 5094 1210 5163 γῆς
1262 5083 1519 5154 δέδωκεν,
1579 5086 1742 5149 αὗτός
1783 5088 1946 5164 γᾶρὸ

293 5177 544 5253 μεσίτης.
592 5201 622 5230 ‹‹
653 5179 742 5236 Ἐν
770 5178 816 5250 ᾦ
848 5175 1056 5253 ἔχομεν
1104 5179 1203 5246 τὴν
1252 5175 1654 5252 ἀπολύτρωσιν.
1689 5199 1717 5227 ››
1749 5177 1829 5231 Δι’
1860 5177 1942 5246 οὗ,

289 5267 478 5346 φησὶν,
532 5260 735 5343 ἔχομεν
792 5269 892 5338 τήν
949 5268 1134 5344 ἄφεσιν
1208 5263 1298 5321 διὰ
1337 5269 1434 5321 τοῦ
1496 5265 1726 5339 αἳματὸς
1780 5266 1946 5321 αὑτοῦ

290 5357 599 5432 ὁπάρξασαν
657 5359 817 5430 ἡμῖν.
871 5358 1190 5429 Θαυμαστὸν
1240 5355 1343 5432 γὰρ
1395 5357 1458 5410 τὸ
1503 5357 1579 5429 μή
1616 5355 1779 5428 μόνον
1815 5357 1945 5431 ὑπὲρ

284 5446 524 5526 ἐχθρῶν,
574 5448 723 5504 ἀλλὰ
763 5448 852 5504 καὶ
882 5449 975 5503 τὸν
1025 5448 1148 5502 Υἱὸν
1210 5444 1396 5502 δοῦναι
1426 5446 1516 5501 καὶ
1547 5446 1685 5520 πρὸς
1717 5445 1942 5508 θάνατὸν

283 5533 373 5592 διὰ
421 5542 520 5593 τοῦ
551 5538 808 5613 αἳματος.
841 5540 1016 5596 Τοῦτο
1065 5539 1168 5614 γὰρ
1217 5539 1325 5592 τῶν
1377 5533 1600 5611 δωρεῶν
1647 5535 1709 5591 τὸ
1741 5557 1945 5612 φρικω-

283 5623 560 5685 δέστατον.
595 5651 622 5678 ‹‹
659 5627 804 5685 Κατᾶ
830 5626 922 5683 τὸν
976 5626 1216 5684 πλοῦτον
1274 5631 1378 5694 τῆς
1436 5625 1664 5700 χάριτος
1696 5624 1882 5682 αὐτοῦ.
1914 5647 1942 5676 ››

361 5833 382 5872 ⁸
408 5835 564 5898 Pal.
594 5851 749 5909 τισιν,
782 5838 870 5897 tl.

2060 4835 2259 4877 coram
2300 4819 2490 4875 oculis
2522 4819 2664 4884 suis,
2699 4818 2916 4876 deinde
2947 4818 3235 4876 amabiles
3266 4817 3493 4891 angelis
3525 4817 3715 4874 reddi-

2060 4911 2166 4975 dit,
2198 4910 2589 4984 archangelis,
2638 4910 2911 4982 supernis
2959 4909 3371 4982 potestatibus,
3403 4915 3462 4964 et
3489 4909 3582 4964 bis
3611 4909 3714 4980 qui

2060 5001 2168 5057 sibi
2204 5000 2436 5072 placent
2465 5001 2703 5058 sanctis.
2737 5002 2780 5058 5
2819 5023 2846 5049 «
2879 5001 3022 5056 Nam
3063 5000 3461 5071 concupiscet,
3496 4999 3712 5069 inquit,

2056 5105 2158 5146 rex
2190 5091 2466 5147 decorem
2500 5097 2665 5146 tuum
2683 5091 2720 5145 9.
2759 5113 2786 5141 »
2822 5092 2982 5147 Hanc
3013 5091 3261 5162 gratiam
3292 5106 3399 5162 per
3427 5089 3714 5148 dilectum

2057 5177 2356 5234 Christum
2403 5178 2495 5234 his
2527 5180 2629 5250 qui
2662 5179 2722 5235 in
2755 5183 2938 5235 terra'
2970 5184 3110 5234 sunt
3140 5177 3367 5245 tribuit,
3400 5179 3526 5251 ipse
3553 5178 3716 5236 enim

2055 5266 2348 5324 mediator
2370 5274 2474 5324 est.
2502 5291 2528 5318 ‹‹
2551 5271 2663 5324 Per
2679 5286 2857 5340 quem
2878 5268 3166 5324 habemus
3184 5268 3653 5340 redemptionem
3687 5292 3709 5320 ι

2056 5359 2165 5412 Per
2195 5375 2392 5430 quem,
2428 5359 2644 5429 inquit,
2677 5359 2965 5414 habemus
2999 5360 3412 5415 remissionem
3447 5377 3577 5430 quas
3609 5375 3717 5430 per

2055 5450 2401 5521 sanguinem
2434 5449 2619 5521 ipsius
2650 5449 2822 5504 nobis
2854 5450 3123 5521 contigit.
3159 5447 3592 5505 Admirandum
3626 5453 3714 5504 est

2054 5538 2214 5593 enim
2246 5555 2367 5595 non
2398 5537 2591 5594 solum
2627 5537 2787 5608 quod
2843 5555 2950 5610 pro
3009 5537 3291 5604 inimicis,
3325 5537 3710 5592 verumetiam

2055 5627 2214 5697 quod
2246 5629 2489 5685 omnino
2514 5627 2728 5686 Filium
2755 5626 3008 5694 dederit,
3032 5627 3211 5699 idque
3233 5627 3308 5684 ad
3329 5631 3581 5684 mortem
3603 5641 3714 5699 per
