4108 6392
331 395 490 460 MSS

1370 390 1782 456 OOMMENT.
1830 392 1912 452 IN
1955 385 2200 452 BPlBT.
2261 388 2375 454 AD
2434 389 2710 458 EPHES.

3596 403 3770 464 1186⁵·

327 527 608 609 Simiam
666 533 931 608 ὀνοματα,
970 536 1067 588 νῦν
1127 531 1220 607 μὶν
1255 531 1706 605 ἀκατωνόμασια,
1737 529 1890 586 τότε·
1919 523 1986 583 δι.

2111 535 2454 588 ncarnatus.
2497 553 2528 583 «
2557 530 2686 590 Non
2721 531 2915 590 solum
2964 533 3026 591 in
3067 535 3290 594 saeculo
3345 534 3485 594 hoc.
3521 559 3549 587 κ
3611 537 3762 596 Sunt

329 625 777 702 γνωσθησόμενα.
813 650 841 677 «
874 623 1055 679 Ἀλλᾶ
1083 623 1184 679 καὶ
1206 622 1259 678 ἐν
1292 627 1373 695 τῷ
1428 619 1692 694 μέλλοντι
1755 645 1783 672 ››
1819 616 1889 676 Εἴ
1935 633 1992 673 τι

327 715 410 768 ἓνι
460 711 513 769 ἐν
571 705 806 788 οὐρανῷ,
866 713 1020 791 φησὶ,
1081 713 1299 766 πάντων
1370 710 1632 786 ἀνωτέρω
1714 707 1988 771 κεκάθικε.

330 829 360 856 ‹.
395 803 495 858 Καὶ
527 804 703 860 πάντα
735 801 986 875 ὑπέταξεν
1016 801 1121 858 ὑπὸ
1160 800 1288 864 τοὺς
1347 798 1517 862 πόδας
1573 799 1760 856 αὐτοῦ.
1793 825 1820 850 ››
1859 795 1992 854 Εἶτα

326 893 420 946 ἳνα
454 893 530 964 μὴ
564 892 807 960 ἀκούων,
852 915 878 944 «
916 891 1193 948 Ἐκάθισεν
1215 891 1488 965 ὑπεράνω,
1521 914 1547 940 ››
1579 887 1809 962 νομίσῃς
1829 885 1991 942 αὐτὸν

329 983 767 1056 προτετιμῆσθαι
833 979 1036 1053 μόνον,
1097 978 1362 1036 δείκνυσιν
1420 979 1506 1034 ὅτι
1563 978 1654 1034 καὶ
1713 976 1988 1045 Δεσπότην

330 1069 493 1125 αὐτὸν
552 1067 778 1140 ἐποίησε
841 1070 1084 1124 πάντων.
1145 1070 1261 1137 Τὴν
1321 1069 1432 1146 γὰρ
1487 1065 1725 1146 σφοδρὰν
1784 1065 1872 1120 καὶ
1926 1066 1994 1133 ἧς

328 1160 428 1216 οὐκ
459 1159 533 1215 ἔνι
569 1158 768 1235 μείζων
815 1161 1094 1237 ὑποταγὴν
1147 1158 1316 1230 δεῖξαι
1376 1161 1577 1231 θελων,
1605 1183 1632 1211 ‹‹
1675 1159 1806 1213 Ὑπὸ
1862 1156 1990 1220 τοὺς

328 1247 501 1312 πόδας
557 1247 746 1320 αὐτοῦ,
801 1273 828 1302 »
891 1249 1031 1308 εἷπε.
1094 1273 1120 1302 ‹‹
1170 1250 1270 1304 Καὶ
1330 1247 1492 1304 αὐτὸν
1551 1243 1740 1304 ἔδωκε.
1806 1271 1836 1299 ››
1896 1245 1991 1301 Καὶ

328 1340 430 1410 τὴν
517 1336 848 1410 Ἐκκλησίαν
938 1333 1164 1412 δυνάμει
1246 1338 1556 1402 συνεκάθισε
1639 1342 1720 1410 τῷ
1774 1337 1994 1412 Χριστῷ

332 1429 410 1492 εἰς
438 1427 642 1484 ἐκεῖνον
679 1428 772 1484 τὸν
831 1427 1047 1501 Θρόνον.
1107 1432 1277 1483 Ὀπου
1336 1427 1441 1504 γαρ
1497 1429 1533 1497 ἡ
1586 1424 1821 1507 κεφαλήο
1881 1424 1996 1481 ἐκεῖ

328 1518 508 1575 καὶτὸ
541 1517 737 1574 λοιπὸν
775 1523 955 1590 σῶμα.
991 1543 1016 1570 (ι
1055 1515 1336 1595 Κεφαλήν.
1397 1542 1426 1570 ››
1490 1516 1678 1574 Εῒπὼν
1711 1517 1803 1573 τὸν
1861 1518 1992 1591 Χριι

333 1611 455 1665 στὸν
487 1607 732 1689 κεφαλὴν
764 1612 873 1663 τῶν
909 1613 1138 1680 πιστῶν,
1167 1607 1336 1662 εἰπὼν
1366 1608 1496 1671 τοὺς
1541 1607 1769 1668 πιστοὺς
1830 1609 1994 1677 σῶμα

335 1698 522 1769 αὐτοῦ,
584 1697 675 1754 καὶ
734 1696 1019 1772 πλήρωμα
1077 1697 1269 1765 αὐτοῦ,
1329 1699 1420 1752 καὶ
1477 1695 1665 1753 πολλὰ
1717 1703 1817 1766 τῆς
1868 1694 1993 1770 περὶ

334 1791 486 1861 ἡμᾶς
545 1787 960 1864 φιλανθρωπίας
1045 1786 1138 1842 καὶ
1192 1785 1509 1861 οἰκονομίας
1563 1785 1991 1862 εὐεργετήματα,

2096 620 2295 694 itaque
2309 622 2713 695 angelicarum
2737 631 3096 696 potestatum
3119 642 3192 681 no
3204 628 3613 695 minata,nunc
3629 629 3758 700 qui-

2096 711 2230 766 dem
2265 713 2438 767 nobis
2479 713 2874 782 innominata,
2935 721 3078 770 tunc
3127 731 3262 771 vero
3321 717 3755 789 cognoscenda.

2097 822 2126 850 «
2161 802 2374 857 Verum
2399 803 2576 857 etiam
2602 803 2662 857 in
2696 803 3076 860 futuro.»l2
3096 804 3153 859 Si
3187 804 3673 876 quid,inquit,est
3695 807 3758 861 in

2100 891 2270 956 cmlo,
2305 908 2484 962 super
2507 909 2715 948 omnes
2769 893 2944 949 sedit.
2983 917 3008 943 ‹‹
3047 895 3335 951 Etomnia
3366 895 3620 966 subjecit
3650 893 3759 950 sub

2099 979 2282 1051 pedes
2312 980 2494 1035 illius.
2533 1007 2553 1034 ι
2593 982 2817 1037 Deinde
2849 1000 2922 1037 ne
2951 984 3202 1038 audiens
3229 984 3386 1054 quod
3419 1001 3552 1040 eum
3581 1001 3762 1056 super

2098 1068 2216 1123 alia
2242 1070 2451 1125 sedere
2483 1071 2642 1138 fecit,
2677 1072 2983 1127 existimes
3031 1089 3165 1127 eum
3201 1079 3428 1127 tantum
3453 1073 3762 1144 praahono-

2097 1157 2240 1220 rari,
2278 1159 2542 1214 ostendit
2593 1160 2749 1232 quod
2782 1161 2959 1216 etiam
2994 1161 3311 1216 Dominum
3345 1162 3759 1218 universorum

2097 1247 2238 1303 fecit
2263 1248 2433 1304 illum
2462 1250 2899 1306 :vehementem
2924 1251 3080 1306 enim
3108 1257 3166 1306 et
3196 1268 3314 1322 qua
3335 1251 3621 1322 majorem
3637 1268 3755 1306 non

2098 1343 2189 1392 est
2207 1337 2348 1394 dare
2367 1339 2797 1411 subjectionem
2821 1340 3135 1396 ostendere
3159 1339 3567 1405 volens,dixit:
3596 1340 3760 1395 «Sub

2097 1427 2512 1499 pedesillius.-
2542 1460 2610 1470 -
2631 1453 2657 1480 ‹‹
2689 1433 2755 1484 Et
2779 1445 2910 1485 eum
2945 1429 3126 1484 dedit.
3157 1453 3184 1479 ››
3205 1431 3275 1484 Et
3297 1429 3620 1484 Ecclesiam
3653 1445 3761 1500 po-

2097 1523 2310 1572 testate
2341 1517 2650 1573 collocavit
2683 1535 2818 1574 cum
2852 1517 3082 1574 Christo
3113 1520 3176 1572 in
3207 1518 3378 1573 illum
3435 1519 3717 1574 thronum
3744 1532 3760 1574 :

2098 1606 2199 1662 ubi
2260 1608 2419 1662 enim
2481 1616 2568 1663 est
2625 1615 2822 1680 caput,
2891 1609 2971 1664 ibi
3031 1614 3090 1662 et
3157 1608 3456 1680 reliquum
3521 1623 3756 1678 corpus.

2102 1698 2357 1769 «Caput.
2399 1722 2418 1746 ι
2456 1700 2774 1770 Postquam
2842 1699 3140 1755 Christum
3204 1705 3383 1769 caput
3433 1697 3584 1753 dixit
3633 1713 3764 1752 cre-

2101 1785 2393 1854 dentium,
2427 1794 2742 1858 postquam
2777 1787 3088 1843 credentes
3121 1803 3337 1858 corpus
3385 1787 3532 1842 dixit
3577 1785 3764 1856 ipsius

336 1878 525 1956 ἰπάγει
588 1877 677 1934 καὶ
735 1886 838 1947 τῆς
893 1876 1038 1942 Θείας
1091 1879 1256 1933 αὐτοῦ
1312 1877 1402 1932 καὶ
1460 1877 1737 1952 ἀκηράτου
1809 1875 1994 1937 οὐσίας

2106 1881 2164 1931 et
2194 1875 2700 1947 complementum
2732 1878 2887 1949 ejus,
2947 1879 3253 1949 multaque
3286 1875 3671 1949 benignitatis
3697 1890 3766 1930 ac

339 1964 616 2043 ἔνδειγμα.
651 1966 828 2024 Ἀλλὰ
857 1968 1006 2030 τίνος
1038 1965 1158 2023 ἐστὶ
1199 1971 1358 2041 σῶμα
1403 1986 1417 2035 ;
1450 1966 1606 2044 φησὶ,
1666 1965 1808 2028 τίνος
1849 1964 1998 2035 πλή-

347 2077 508 2132 ρωμα
545 2077 558 2126 ;
593 2055 802 2126 Τίνος;
857 2059 972 2114 Τοῦ
1032 2055 1382 2132 πληροῦντος
1424 2055 1492 2111 τὰ
1547 2054 1741 2112 πάντα.
1775 2054 1890 2113 Οὐκ
1945 2049 2000 2110 ἕν

341 2165 444 2200 τινι
497 2143 736 2222 ἐνεργείᾳ
793 2145 883 2200 καὶ
942 2143 1230 2216 διοικήσει,
1292 2143 1418 2200 ἀλλ’
1492 2143 1544 2198 ἐν
1595 2149 1773 2200 πᾶσιν.
1829 2143 2002 2206 Αὐτὸς

343 2232 757 2312 ἐδημιούργησε
787 2235 981 2291 πάντα.
1018 2234 1192 2298 Αὐτὸς
1228 2230 1395 2290 ἔδωκε
1450 2233 1622 2301 πνοὴν
1652 2238 1769 2294 τοῖς
1811 2236 1998 2303 ζῶσιι,

341 2322 502 2387 αὐτὸς
561 2323 800 2400 συνέχει,
860 2323 1024 2385 αὐτὸς
1083 2329 1415 2399 προνοεῖται,
1492 2321 1652 2385 αύτὸς
1703 2322 1770 2377 τὰ
1827 2321 2002 2378 πάντα

338 2413 395 2468 ἰν
435 2418 568 2470 πᾶσι
624 2413 912 2490 πράγμασι
973 2412 1185 2488 πληροῖ
1239 2411 1329 2469 καὶ
1390 2410 1581 2472 διὲπει.
1637 2411 1850 2469 Τούτου
1905 2411 1997 2466 οὗν

343 2507 442 2558 τοῦ
470 2500 807 2574 τηλικούτου
836 2501 926 2556 καὶ
956 2501 1247 2570 τοσούτου,
1305 2505 1406 2555 τοῦ
1464 2499 1540 2564 είς
1596 2500 1767 2556 πάντα
1823 2500 1913 2554 καὶ
1946 2497 2001 2554 ἐν

337 2598 498 2648 πᾶσιν
555 2589 918 2665 ἑξαπλοῦντος
967 2590 1132 2646 αὐτοῦ
1187 2591 1282 2652 τὰς
1339 2589 1628 2665 ἐνεργείας,
1686 2594 1846 2665 σῶμα
1909 2589 1999 2644 καὶ

341 2679 627 2758 πλήρωμα
656 2683 974 2754 ἠξιώθημεν
1028 2678 1330 2736 καλεῖσθαι.
1375 2677 1534 2737 Ἀλλ’
1591 2679 1636 2735 εἷ
1667 2679 1843 2740 οὕτως
1872 2699 1999 2750 νοη-

349 2767 466 2840 θείη
524 2769 586 2826 τὸ
635 2767 1046 2843 πληρουμένου,
1108 2768 1225 2824 ἀντὶ
1284 2772 1385 2825 τοῦ
1440 2766 1789 2842 πληροῦντος
1831 2766 2002 2837 ἐκλης

345 2861 630 2938 φθήσεται.
677 2857 1134 2935 Ἀκολουθότερον
1189 2859 1280 2912 οὖν
1345 2861 1414 2932 τῇ
1472 2856 1638 2928 λίξει,
1707 2857 1783 2918 ὡς
1841 2856 2000 2927 ἐνόη-

342 2969 434 3004 σαν
468 2949 522 3005 οἱ
551 2948 660 3024 πρὸ
711 2951 894 3021 ἡμῶν.
958 2981 1022 2994 —
1074 2948 1411 3022 [OlKOl‘bL]
1443 2972 1469 2999 «
1505 2947 1666 3022 Ὑπὲρ
1703 2947 1875 3004 πάντα

337 3036 658 3111 Ἐκκλησίᾳ.
694 3060 723 3091 ››
756 3039 826 3094 '11
865 3038 995 3106 ὑπὲρ
1045 3037 1333 3112 ἀγγέλους,
1362 3039 1518 3116 φησὶ,
1579 3036 1671 3092 καὶ
1722 3035 2000 3115 ἀρχαγγὲ-

339 3126 471 3193 λους
528 3127 690 3184 αὐτὸν
746 3127 840 3183 τὸν
913 3128 1032 3182 risv
1088 3123 1257 3182 ἔδωκε
1315 3125 1580 3196 κεφαλὴν,
1634 3125 1671 3196 ἢ
1737 3127 1831 3181 τὸν
1871 3122 2001 3181 ὄντα

339 3217 470 3292 ὑπὲρ
502 3217 676 3273 πάντα
704 3217 772 3272 τὰ
824 3217 1078 3292 ὁρώμενα
1133 3216 1224 3271 καὶ
1279 3215 1550 3288 νοούμενα
1610 3215 1861 3290 Χριστόν.
1918 3217 1998 3272 Ἢ

341 3307 472 3383 ὑπὲρ
505 3307 774 3362 πάντατὰ
830 3308 1005 3381 ἂγαθὰ
1069 3309 1232 3361 τοῦτο
1289 3305 1578 3376 πεποίηκε,
1621 3305 1684 3360 τὸ
1739 3304 1830 3360 τὸν
1864 3302 1988 3360 Υἵὸν

341 3391 529 3452 δοῦναι
581 3394 848 3474 κεφαλήν.
910 3418 938 3448 ‹‹
977 3397 1138 3457 Ἣτις
1197 3392 1310 3450 ἐστὶ
1378 3393 1441 3449 τὸ
1495 3397 1656 3467 σῶμα
1714 3391 1903 3450 αὐτοῦ.
1954 3415 1982 3447 ε

331 3479 639 3561 Ὑπερϐολή
699 3485 783 3547 τίς
835 3485 998 3542 ἔστιν.
1048 3486 1166 3540 Ἵνα
1219 3483 1324 3559 γὰρ
1388 3485 1464 3556 μή
1524 3483 1757 3545 ἀκούσας
1824 3503 1988 3561 κεφα-

341 3576 468 3647 λήν,
495 3575 679 3653 ἀρχήν
710 3595 832 3631 τινα
870 3576 960 3632 καὶ
1011 3575 1252 3646 ἐξουσίαν
1308 3575 1564 3650 νομίσῃς,
1626 3579 1988 3646 Σωματικῶς,

331 3667 521 3745 φησὶν,
552 3668 714 3738 ἡμῶν
743 3664 854 3722 ἰστι
886 3661 1125 3746 κεφαλὴ,
1157 3665 1243 3719 καὶ
1380 3661 1680 3736 Ἐκκλησία
1710 3663 1996 3740 πλήρωμά

333 3756 570 3813 ἐστιτοῦ
600 3762 858 3832 Χριστου.
893 3754 1250 3830 ’Δποτ-ληροῖ
1293 3755 1400 3830 γὰρ
1445 3755 1534 3811 καὶ
1582 3753 1791 3812 τέλειον
1846 3760 2003 3811 ποιεῖ

335 3850 496 3920 σῶμα
524 3845 625 3914 τήν
658 3843 928 3918 κεφαλὴν,
956 3841 1140 3920 ὥσπερ
1193 3843 1284 3899 καὶ
1343 3845 1378 3913 ἢ
1419 3842 1631 3921 κεφαλή
1661 3843 1994 3919 πληρωτική

333 3932 446 3990 ἔστι
469 3933 576 3990 τοῦ
602 3932 803 3990 λοιποῦ
844 3938 1120 4006 σώματος.
1158 3957 1185 3985 (ι
1218 3933 1295 3990 Τὸ
1355 3929 1659 4006 πλήρωμα.
1704 3957 1732 3985 ››
1764 3931 1994 3997 Οὐδενὸς

341 4021 577 4104 φείδεται
611 4025 858 4100 ῥήματος
892 4024 920 4079 ὁ
951 4019 1316 4093 Ἀπόστολος,
1346 4022 1484 4098 πρὸς
1539 4027 1602 4078 τὸ
1662 4019 1829 4097 δεῖξαι
1891 4025 1992 4094 τὴν

339 4113 528 4171 ’ἑνωσιν
559 4116 720 4186 ἡμῶν
752 4115 850 4183 τήν
874 4114 1012 4189 πρὸς
1050 4112 1143 4168 τὸν
1174 4111 1428 4188 Χριστόν.
1489 4113 1582 4168 Διό
1641 4134 1795 4192 φησι,
1826 4139 1852 4164 ‹‹
1885 4115 1997 4172 Τοῦ

338 4205 407 4260 τὰ
435 4204 607 4260 πάντα
642 4203 696 4259 ἰν
722 4209 853 4260 πᾶσι
913 4201 1332 4276 πληρουμένου,
1387 4227 1414 4254 ››
1473 4199 1682 4266 δεικνὺς
1722 4202 1784 4258 οὗ
1839 4207 1994 4278 κοινῇ

340 4299 442 4363 τῆς
472 4291 805 4363 Ἐκκλησίας
837 4292 1121 4373 χρῄζοντα
1149 4291 1242 4346 τὸν
1273 4291 1528 4366 Χριστὸν,
1583 4292 1721 4368 πρὸς
1778 4293 1841 4349 τὸ
1871 4293 1998 4348 ἀνα-

339 4380 725 4457 πληρωθῆναι,
757 4379 885 4438 ἀλλ¹
917 4381 1034 4443 ἑνὸς
1061 4379 1288 4437 ἑκάστου
1321 4380 1606 4454 ἀνθρώπου
1637 4384 1854 4439 πιστοῦ.
1895 4381 1994 4439 Ἀν

335 4476 440 4548 γὰρ
475 4472 551 4546 μή
584 4471 732 4546 ὦμεν
769 4473 796 4527 ὁ
831 4472 927 4544 μέν
959 4492 1042 4533 τις
1076 4468 1240 4526 αὐτοῦ
1283 4468 1440 4534 ποὺς,
1501 4469 1532 4524 ὀ
1561 4465 1619 4524 δὲ
1649 4470 1796 4544 χεὶρ,
1855 4471 1882 4526 ὁ
1941 4470 1999 4536 δὴ

339 4558 524 4638 ἔτερόν
555 4583 608 4617 τι
653 4559 844 4634 μέλος,
878 4561 977 4616 ούκ
1005 4558 1420 4634 ἀναπληροῦται
1471 4558 1638 4614 αὐτοῦ
1694 4559 1757 4613 τὸ
1814 4563 1995 4632 σῶμα.

2109 1964 2572 2038 dispensationis
2603 1983 2741 2040 erga
2766 1985 2875 2023 nos
2905 1965 3214 2033 beneﬁcia,
3249 1965 3556 2037 subjungit
3585 1966 3766 2020 etiam

2108 2052 2435 2111 divinitatis
2466 2055 2629 2111 illius
2661 2062 2720 2111 et
2750 2056 3106 2112 immortalis
3169 2054 3514 2111 substantias
3575 2071 3772 2110 exem-

2107 2143 2291 2214 plum.
2320 2143 2430 2198 Sed
2461 2145 2632 2215 cujus
2654 2145 2817 2206 estis,
2853 2145 3066 2215 inquit.
3102 2143 3361 2215 corpus?
3408 2143 3578 2214 cujus
3602 2160 3767 2198 com—

2106 2231 2522 2304 plementum?
2549 2233 2729 2302 Cujus
2757 2233 2784 2288 ?
2823 2235 2964 2305 Ejus
3024 2233 3123 2304 qui
3176 2232 3464 2303 adimplet
3521 2233 3722 2289 omnia
3750 2247 3766 2290 :

2107 2337 2227 2377 non
2255 2321 2316 2376 in
2337 2321 2538 2393 aliqua
2568 2322 2835 2378 efﬁcacia
2865 2329 2924 2377 et
2943 2321 3483 2388 administratione,
3541 2320 3644 2377 sed
3704 2321 3765 2376 in

2107 2411 2385 2466 omnibus
2420 2429 2432 2468 :
2462 2412 2590 2483 ipse
2622 2412 2839 2467 creavit
2861 2412 3083 2475 omnia,
3132 2413 3258 2483 ipse
3291 2411 3568 2482 spiritum
3601 2410 3768 2465 ded-it

2105 2501 2459 2568 viventibus,
2485 2503 3095 2573 ipse-conservat,ipse
3125 2499 3548 2574 providet,ipse
3564 2500 3773 2556 omnia

2105 2591 2166 2646 in
2199 2592 2477 2648 omnibus
2509 2592 2686 2647 rebus
2739 2592 2947 2664 implet
2980 2598 3038 2646 et
3065 2590 3375 2664 gubernat.
3412 2590 3598 2659 Hujus
3633 2604 3766 2663 eigo

2106 2680 2238 2738 talis
2269 2697 2336 2738 ac
2359 2683 2510 2738 tanti
2544 2682 2644 2752 qui
2667 2682 2728 2737 in
2745 2682 2945 2737 omnia
2967 2688 3026 2736 et
3049 2682 3111 2736 in
3135 2680 3413 2736 omnibus
3428 2696 3564 2735 suas
3579 2679 3768 2735 adim-

2105 2770 2228 2843 plet
2257 2772 2667 2833 actiones,nos
2697 2787 2912 2843 corpus
2945 2778 3003 2826 et
3031 2770 3534 2841 complementum
3570 2769 3764 2824 vocari

2106 2860 2267 2932 digni
2296 2877 2629 2918 censemur.
2663 2863 2736 2915 At
2765 2861 2813 2916 si
2848 2861 2930 2915 ita
2959 2860 3073 2915 hoc
3104 2858 3493 2930 intelligatur,
3518 2853 3764 2930 πληρουι-

2109 2949 2274 3022 μένου
2306 2950 2662 3021 capiendum
2720 2950 2834 3005 erit
2885 2967 2991 3020 pro
3042 2943 3391 3021 πληροῦντος
3439 2947 3762 3018 (passivum

2106 3038 2379 3093 Videlicet
2410 3055 2514 3110 pro
2547 3039 2806 3104 activo):
2859 3037 2966 3102 Qui
3027 3037 3409 3108 adimpletur,
3464 3051 3591 3107 pro,
3653 3034 3762 3100 Qui

2105 3128 2412 3200 adimplet.
2447 3129 2571 3182 Erit
2599 3143 2737 3200 ergo
2773 3127 2954 3200 magis
3014 3142 3388 3197 consequens
3441 3125 3516 3180 ad
3568 3125 3760 3196 ipsam

2105 3217 2446 3284 dictionem,
2482 3217 2634 3273 sicut
2677 3216 3111 3271 intellexerunt
3141 3216 3240 3286 qui
3302 3231 3412 3270 nos
3443 3230 3768 3286 prmcesse-

2101 3313 2260 3363 runt.
2296 3337 2361 3347 —
2396 3329 2424 3358 ‹‹
2460 3305 2647 3379 Super
2677 3305 2880 3362 omnia
2911 3306 3024 3377 ipsi
3057 3303 3355 3360 Ecclesiae.
3389 3324 3414 3353 η
3453 3306 3571 3359 Aut
3587 3318 3769 3374 super

2103 3396 2365 3470 angelos,
2386 3396 2600 3467 inquit,
2630 3402 2688 3452 et
2717 3394 3104 3467 archangelos
3137 3395 3332 3466 ipsum
3366 3393 3579 3448 Filium
3604 3392 3769 3448 dedit

2102 3494 2296 3558 caput.
2323 3490 2435 3543 Aut
2464 3502 2599 3541 eum
2631 3487 2733 3557 qui
2765 3492 2856 3541 est
2886 3501 3064 3556 super
3089 3483 3291 3539 omnia
3311 3499 3443 3553 quas
3467 3481 3760 3547 videntur,

2104 3595 2356 3651 quaeque
2387 3578 2822 3650 intelliguntur,
2855 3593 3070 3648 nempe
3101 3575 3558 3631 Christum.Aut
3581 3589 3760 3645 super

2104 3669 2306 3726 omnia
2352 3668 2507 3725 bona
2572 3669 2684 3724 hoc
2741 3668 2901 3735 fecit,
2957 3674 3024 3724 ut
3072 3667 3284 3723 Filium
3337 3663 3504 3720 daret
3557 3667 3754 3734 caput.

2107 3782 2134 3810 «
2166 3759 2304 3824 Quae
2335 3764 2423 3813 est
2454 3774 2668 3828 corpus
2699 3757 2884 3811 illius.
2923 3779 2948 3805 »
2975 3754 3308 3827 Hyperbole
3341 3751 3612 3824 quasdam
3647 3757 3756 3806 est.

2106 3850 2185 3904 Ne
2226 3847 2386 3904 enim
2418 3847 2620 3903 audito
2651 3847 2842 3918 capite
2903 3846 3303 3918 principatum
3363 3843 3623 3913 aliquem
3656 3847 3761 3896 aut

2104 3943 2456 4010 potestatem
2487 3929 3757 4009 intelIigas,corporaliter,inquit,loquendo

2106 4034 2375 4083 nostrum
2395 4032 2482 4082 est
2499 4032 2696 4098 caput,
2731 4033 2790 4080 et
2821 4025 3084 4081 Ecclesia
3133 4022 3637 4092 complementum
3677 4024 3768 4074 est

2107 4117 2361 4173 Christi:
2396 4117 2591 4187 ipsum
2620 4131 2886 4186 namque
2943 4130 3158 4185 corpus
3203 4111 3490 4182 adimplet
3521 4125 3587 4165 ac
3641 4125 3772 4181 per-

2107 4206 2327 4264 fectum
2360 4205 2499 4261 facit
2530 4211 2725 4277 caput,
2760 4203 3262 4276 quemadmodum
3295 4208 3353 4256 et
3400 4205 3578 4271 caput
3604 4215 3766 4253 com-

2108 4296 2476 4368 plementum
2499 4301 2588 4351 est
2609 4295 2822 4366 reliqui
2845 4292 3165 4365 corporis.u
3190 4290 3768 4362 Complementum.»

2110 4388 2358 4444 Omnem
2383 4392 2577 4443 movet
2607 4385 2864 4457 lapidem
2897 4381 3234 4456 Apostolus,
3265 4387 3330 4437 ut
3361 4379 3636 4435 ostendat
3669 4393 3766 4432 co-

2107 4477 2450 4546 gnationem
2483 4492 2551 4532 ac
2582 4476 2862 4531 unionem
2888 4480 3154 4530 nostram
3172 4471 3246 4528 ad
3277 4469 3596 4527 Christum.
3630 4465 3769 4522 Ideo

2109 4564 2193 4619 ait
2217 4580 2230 4618 :
2253 4589 2272 4612 ε
2292 4565 2399 4629 Qui
2415 4563 2609 4634 quoad
2634 4563 2835 4618 omnia
2857 4564 2917 4618 in
2940 4561 3220 4618 omnibus
3237 4559 3601 4630 adimpletur
3635 4578 3662 4604 ››
3683 4555 3773 4626 (ut

337 4651 582 4716 Εἰκότως
612 4648 704 4708 οῦν
736 4650 832 4707 καὶ
858 4651 991 4706 καθὸ
1023 4649 1103 4712 εἷς
1143 4652 1326 4722 ἡμῶν,
1387 4643 1665 4722 χρειώδης
1719 4646 1826 4703 ἐστῖ
1863 4649 1995 4722 πρὸς

2112 4653 2188 4707 sit
2217 4653 2370 4709 alius
2401 4653 2766 4720 intellectus)
2796 4651 3256 4706 ostendensnon
3272 4647 3428 4719 quod
3444 4642 3777 4701 communi-

338 4742 439 4810 την
468 4741 873 4817 συμπλήρωσιν
902 4744 1000 4795 τοῦ
1029 4738 1287 4812 σώματος
1320 4737 1510 4794 αὐτοῦ.
1546 4737 1686 4794 Τότε
1743 4735 1833 4792 οὖν
1879 4737 2002 4792 ἀνα-

339 4829 674 4905 πληροῦται,
710 4832 834 4886 ὅταν
869 4831 1016 4903 ὦμεν
1046 4829 1278 4890 ἅπαντες
1310 4827 1613 4900 ἡνωμένοι.
1647 4827 1710 4883 Ἦ
1753 4827 1844 4882 οῦν
1869 4827 2002 4886 Ἐκ-

336 4919 545 4994 κλησία
599 4920 892 4998 πλήρωμά
949 4921 1063 4976 ἔστι
1112 4927 1213 4988 τῆς
1271 4915 1540 4995 κεφαλῆς,
1601 4918 1847 4974 τουτέστι
1902 4923 2000 4974 τοῦ

335 5016 594 5089 Χριστοῦ.
658 5037 678 5064 ι
740 5015 850 5070 Τοῦ
907 5011 977 5066 τὰ
1033 5011 1210 5066 πάντα
1265 5007 1318 5064 ἓν
1377 5012 1595 5063 πᾶσι.»
1652 5010 1766 5066 Τοῦ
1828 5009 2000 5065 πάντα

333 5100 523 5171 αὐτοῦ,
558 5101 714 5177 φησὶ,
772 5103 838 5157 τὰ
895 5099 1033 5174 μέλη
1101 5096 1197 5154 διὰ
1254 5101 1360 5154 τῶν
1419 5099 1635 5152 πάντων
1691 5095 1993 5174 ἀνθρώπων

333 5189 725 5266 πληρουμένου
756 5193 1016 5266 Χριστοῦ.

2118 4749 2206 4798 ter
2235 4742 2501 4799 Christus
2533 4748 2702 4814 egeat
2730 4741 2995 4796 Ecclesia
3025 4740 3098 4794 ad
3131 4739 3244 4795 hoc
3281 4743 3347 4794 ut
3377 4735 3770 4806 compleatur,

2115 4832 2219 4888 sed
2249 4847 2613 4903 unoquoque
2637 4830 2879 4886 homine
2913 4829 3097 4885 fideli.
3132 4827 3252 4883 Nisi
3281 4827 3440 4882 enim
3479 4837 3768 4890 essemus,

2114 4922 2212 4978 hic
2243 4921 2482 4994 quidem
2514 4938 2618 4994 pes
2650 4921 2858 4992 ipsius,
2897 4920 3008 4974 iste
3041 4919 3139 4975 18
3173 4923 3370 4973 autem
3394 4930 3630 4980 manus,
3665 4912 3767 4967 ille

2111 5029 2249 5069 vero
2280 5011 2444 5068 aliud
2494 5011 2792 5083 quoddam
2825 5009 3180 5069 membrum.
3215 5025 3335 5064 non
3369 5005 3773 5078 compleretur

2110 5119 2324 5175 corpus
2340 5102 2544 5174 ipsius.
2558 5101 2761 5156 Merito
2784 5117 2922 5175 ergo
2938 5100 3190 5172 quisque
3206 5104 3476 5154 nostrum
3494 5109 3768 5151 necessa-

2107 5193 2232 5247 rius
2247 5198 2333 5247 est
2357 5190 2430 5247 ad
2461 5189 2968 5261 complementum
2991 5188 3259 5259 corporis
3283 5190 3413 5258 ejus
3441 5187 3604 5242 Tunc
3627 5199 3765 5256 ergo

335 5282 705 5355 implebitur,
738 5281 976 5354 quando
1009 5279 1304 5338 fuerimus
1330 5294 1539 5334 omnes
1570 5278 2014 5337 uniti.Ecclesia
2044 5281 2224 5348 igitur
2240 5281 2742 5352 complementum
2760 5286 2849 5334 est
2878 5278 3228 5350 capitis,hoc
3261 5276 3641 5334 estChristi.u
3661 5271 3770 5338 Qui

337 5373 533 5445 quoad
564 5373 768 5429 omnia
796 5373 856 5429 in
883 5369 1183 5428 omnibus.
1219 5390 1246 5419 ι)
1281 5369 1416 5437 Qui,
1447 5367 1666 5439 inquit,
1693 5367 1964 5426 Christus
1995 5373 2191 5442 quoad
2222 5371 2423 5428 omnia
2454 5370 2722 5426 membra
2752 5386 3079 5442 peromnes
3111 5367 3392 5424 homines
3415 5364 3769 5436 completur.

981 5471 1241 5526 ΚΕΦΑΛ.
1276 5468 1354 5524 Γ’.

339 5561 628 5637 Περὶ-τῆς
682 5561 1028 5637 τῶνλέβνῶν
1091 5557 1222 5637 καὶῌ
1284 5554 1597 5637 Ἰουδαίων⁸
1670 5553 2000 5637 οίκειῷσεως

409 5625 546 5709 πρὸς
582 5625 740 5691 ’Θεὸν
819 5629 911 5689 διὰ
991 5633 1226 5710 Χριστοῦ
1283 5628 1367 5686 ἕπτ’
1435 5625 1621 5686 ἰλπίδι
1695 5634 1836 5686 κατὰ
1893 5631 2003 5713 χά-

413 5723 520 5780 ριν.

414 5793 517 5854 Καὶ
576 5794 715 5873 ὑμᾶς
785 5787 943 5860 ὄντας
1044 5789 1268 5872 νεκροὺς
1379 5792 1497 5853 τοῖς
1593 5791 1998 5871 παραπτώμασι

2752 5470 2985 5527 CAPUT
3022 5469 3116 5524 IlI.

2110 5566 2186 5620 De
2212 5566 2552 5637 gentiumac
2607 5561 2936 5637 Judzzjorum
2965 5559 3364 5637 familiaritate
3411 5573 3545 5637 erga
3604 5555 3768 5609 Deum

2280 5651 2385 5710 per
2413 5635 2686 5692 Christum
2711 5634 2779 5690 ob
2808 5649 2957 5707 spem
2997 5633 3295 5690 secundum
3326 5630 3586 5700 gratiam.

2177 5793 2388 5866 11,44.
2415 5811 2445 5843 ‹‹
2481 5791 2552 5852 Et
2578 5807 2680 5853 vos
2710 5806 2846 5853 cum
2877 5788 3086 5853 «satis
3107 5785 3328 5848 mortui
3345 5799 3452 5862 per
3470 5779 3690 5839 delicta
3705 5795 3776 5838 ιο
