4108 6398
334 371 504 433 “8‘7

1470 363 1886 426 CECUMENII
1933 363 2236 425 TlthC/E
2289 365 2635 428 EPISCOPI

3611 363 3770 433 1188

333 527 370 558 cs
393 511 659 579 peccata,
693 504 752 559 in
803 502 1020 574 quibus
1057 501 1398 574 aliquando
1430 502 1784 560 ambulastis
1816 505 1989 576 juxta

2109 500 2190 554 καὶ
2218 506 2336 564 ταῖς
2370 501 2681 577 ἁμαρτίαις,
2709 500 2763 559 ιν
2796 503 2881 565 αῖς
2936 516 3089 560 ποτε
3115 503 3570 575 περιεπατήσατε,
3623 501 3770 558 κατὰ

336 619 365 650 ‹‹
399 595 680 651 saeculum
704 593 910 648 mundi
935 592 1308 664 hujus.juxta
1337 592 1668 664 principem
1689 593 1996 664 potestatis

339 707 365 735 «
401 686 574 751 aeris,
611 690 667 738 et
699 682 942 752 spiritus
974 699 1133 738 nunc
1165 683 1394 752 agentis
1421 683 1484 736 in
1521 683 1660 738 filiis
1687 689 1994 738 contuma-

343 795 369 825 α
401 774 603 827 cibus:
641 772 703 826 in
736 771 952 842 quibus
981 777 1039 825 et
1068 789 1178 826 nos
1203 787 1410 827 omnes
1443 772 1771 828 conversati
1792 786 1996 828 sumus

334 886 362 912 «
406 859 779 933 aliquando:
843 877 1060 933 nempe
1119 861 1180 915 in
1237 861 1743 932 concupiscentiis
1799 861 1995 916 carnis

337 974 362 1001 ‹‹
387 958 627 1012 nostras,
653 950 942 1006 facientes
975 967 1106 1020 quas
1138 949 1301 1004 carni
1335 965 1404 1005 ac
1463 951 1646 1006 menti
1679 950 1945 1006 libebant
1979 965 1992 1006 :

336 1061 362 1090 ‹‹
390 1045 448 1094 et
502 1055 739 1094 eramus
798 1045 1012 1094 natura
1052 1038 1159 1093 ﬁlii
1213 1038 1338 1106 ira,
1373 1039 1878 1112 quemadmodum
1940 1043 1997 1094 et

336 1151 364 1180 (ι
408 1129 629 1185 cmteri.
648 1149 676 1179 >›

413 1239 434 1267 σ
469 1219 540 1274 Et
568 1235 669 1273 vos
701 1234 836 1274 cum
869 1219 1077 1273 essetis
1109 1219 1348 1273 mortui.
1384 1241 1410 1268 ››
1447 1220 1572 1275 Non
1625 1217 1993 1290 corporalem

337 1309 480 1364 dicit
506 1326 638 1380 quas
670 1325 739 1364 ex
771 1309 955 1364 Adam
989 1309 1300 1365 exordium
1334 1308 1542 1364 habuit
1591 1309 1995 1367 mortiﬁcatio-

334 1413 496 1462 nem,
529 1397 632 1451 sed
663 1397 850 1467 ipsius
881 1396 1094 1451 anima)
1128 1413 1197 1451 ex
1257 1397 1514 1468 peccatis
1547 1396 1990 1468 procedentem.

332 1485 672 1557 Respondet
703 1501 898 1540 sermo
940 1491 1074 1556 post
1105 1486 1355 1542 multam
1401 1485 1718 1542 verborum
1781 1483 1992 1541 amba-

330 1592 483 1647 gem.
516 1577 583 1630 Et
613 1593 738 1639 vos,
773 1576 991 1646 inquit,
1021 1593 1157 1631 cum
1189 1577 1398 1631 essetis
1447 1576 1665 1630 mortui
1697 1592 1804 1648 per
1843 1575 1990 1630 deli-

335 1671 429 1720 cta
461 1683 473 1718 :
511 1663 724 1719 deinde
757 1664 961 1720 multis
1003 1665 1350 1720 circuitibus
1414 1665 1660 1736 impleto
1721 1680 1995 1722 sermone

335 1769 454 1808 una
472 1771 604 1808 cum
637 1753 906 1825 ejusdem
937 1753 1076 1808 dicti
1096 1756 1470 1826 repetitione,
1489 1762 1630 1820 puta
1647 1755 1836 1809 Etiam
1859 1769 1994 1809 cum

338 1858 606 1901 essemus
637 1844 857 1899 mortui
899 1860 1004 1915 per
1061 1843 1298 1904 delicta,
1335 1844 1621 1915 paulatim
1683 1843 1986 1901 reddidit:
2023 1873 2069 1938 Β

335 1931 906 1989 Conviviﬁcavitnos
936 1948 1057 1989 una
1087 1949 1221 1988 cum
1255 1933 1740 1990 Christo.Multus
1771 1940 1988 1988 estau-

334 2026 456 2077 tem
486 2022 592 2091 ipsi
646 2021 824 2092 hujus
875 2023 1196 2078 schematis
1247 2040 1410 2078 usus.
1445 2046 1470 2073 «
1506 2025 1574 2077 In
1622 2022 1836 2094 quibus
1891 2021 1990 2078 ali-

335 2111 570 2182 quando
602 2111 977 2168 ambulastis.
1013 2136 1038 2160 n
1074 2115 1188 2167 Aut
1220 2130 1325 2183 per
1365 2112 1780 2168 remissionem
1815 2111 1990 2166 intel-

333 2201 469 2272 lige,
511 2201 670 2272 quod
703 2201 975 2256 videlicet
1008 2201 1069 2256 in
1101 2203 1378 2272 praesenti
1411 2203 1527 2257 vita
1548 2201 1991 2257 ambulaveritis

332 2289 394 2345 in
427 2290 706 2360 peccatis.
746 2317 764 2336 ι
801 2291 972 2346 Juxta
1005 2291 1289 2346 saeculum
1339 2291 1549 2348 mundi
1594 2292 1792 2362 hujus.
1823 2315 1849 2339 n
1883 2291 1994 2346 Sm-

333 2379 533 2434 culum
559 2378 764 2434 mundi
791 2378 974 2449 hujus
1005 2379 1170 2442 dicit,
1206 2380 1382 2436 vitam
1417 2388 1844 2452 perversam,et
1860 2397 1992 2452 quas

337 2470 530 2541 agitur
560 2468 622 2523 in
670 2468 950 2539 peccatis,
985 2485 1051 2523 eo
1103 2469 1261 2540 quod
1294 2486 1561 2542 praesens
1592 2471 1708 2525 vita
1736 2469 1994 2542 peccatis

337 2556 619 2612 abundet.
656 2561 757 2612 14
782 2557 1120 2628 Principem
1151 2575 1286 2613 vero
1318 2559 1629 2630 potestatis
1673 2565 1839 2616 vocat
1890 2559 1989 2614 Sa-

337 2653 563 2714 tanam,
597 2653 916 2718 pr0pterea
949 2647 1107 2718 quod
1143 2648 1311 2702 multi
1357 2655 1628 2703 nostrum
1678 2665 1786 2704 nos
1835 2649 1996 2720 ipsos

339 2740 499 2795 ultro
532 2738 939 2794 dediderimus
993 2739 1100 2794 sub
1161 2739 1323 2796 illius
1378 2746 1754 2811 potestatem.
1798 2742 1997 2812 Neque

344 2830 503 2884 enim
534 2844 568 2884 a
598 2829 738 2897 Deo,
773 2829 875 2883 sed
909 2845 942 2884 a
972 2828 1145 2884 nobis
1177 2829 1567 2885 constitutum
1599 2835 1688 2884 est
1717 2836 1782 2884 ut
1814 2828 2003 2884 domi-

342 2925 608 2975 naretur.
644 2918 983 2990 Principem
1016 2918 1218 2990 itaque
1250 2917 1394 2974 dicit
1415 2919 1609 2990 ipsum
1639 2919 1712 2974 ad
1745 2934 2003 2990 praesen-

338 3005 423 3062 tia
453 3005 799 3078 respiciens.
830 3027 858 3055 ι(
894 3005 1229 3060 Potestatis.
1269 3028 1295 3054 »
1351 3006 1702 3061 Dominatur
1753 3005 1914 3060 enim
1946 3010 2004 3061 et

348 3101 704 3168 potestatem
734 3095 912 3151 habet
945 3095 1191 3152 Satanas
1239 3094 1396 3151 circa
1453 3112 1658 3152 aereos
1706 3101 1766 3151 et
1794 3112 2004 3167 pravos

349 3185 614 3257 spiritus.
649 3207 676 3235 «
711 3185 1046 3241 Secundum
1079 3201 1276 3257 quem,
1335 3207 1362 3235 ››
1424 3185 1546 3240 sive
1595 3185 1772 3256 juxta
1827 3186 2000 3258 cujus

349 3236 614 3257 Ἰν--αῄ
713 3236 1046 3241 ,---____s__
1084 3236 1276 3257 Ί----η
1424 3236 1472 3240 __
1522 3236 1541 3240 -
1595 3236 1771 3256 ,ρη-
1832 3236 1997 3258 ηδ--

345 3274 664 3330 consilium
699 3279 757 3330 et
786 3273 1170 3335 voluntatem.
1203 3291 1312 3329 nos
1343 3273 1443 3345 qui
1474 3274 1910 3330 ambulavimus
1943 3280 2000 3329 et
2029 3236 2072 3304 C

345 3364 687 3422 mortiﬁcati
719 3364 958 3423 fuimus.
995 3371 1051 3419 et
1082 3364 1189 3420 filii
1223 3366 1324 3420 irae
1352 3364 1593 3432 fuimus,
1627 3365 1868 3437 copiosa
1899 3365 2000 3421 Dei

346 3454 757 3510 misericordia
789 3461 846 3509 et
873 3454 1210 3511 incredibili
1242 3470 1445 3510 amore
1477 3455 1744 3512 suscitati
1779 3461 1836 3511 et
1859 3455 2000 3511 vivi-

345 3543 505 3599 ficati
541 3560 767 3600 sumus.
803 3567 828 3595 «
854 3544 1042 3598 Aeris.
1082 3567 1109 3593 ››
1141 3544 1448 3599 Manifesta
1479 3561 1588 3599 nos
1621 3544 1821 3601 docuit
1841 3545 2001 3616 quod

345 3633 489 3712 olim
531 3633 773 3704 quidem
801 3632 1037 3689 diabolo
1071 3633 1413 3690 conoredita
1441 3633 1620 3689 fuerit
1647 3635 1802 3690 aeris
1834 3640 2002 3706 pote-

345 3728 466 3779 stas
502 3739 515 3777 :
548 3729 607 3778 at
635 3723 734 3778 ubi
778 3730 1023 3795 propter
1066 3724 1414 3796 pravitatem
1469 3724 1542 3779 ab
1602 3724 1710 3781 hac
1758 3725 1998 3792 excidit,

339 3813 530 3870 factus
565 3819 656 3868 est
686 3813 1009 3886 impietatis
1043 3831 1112 3870 ac
1135 3814 1380 3870 malitim
1415 3815 1696 3886 magister
1730 3832 1742 3870 :
1777 3831 1888 3872 nec
1920 3822 2001 3873 ta-

337 3919 478 3959 men
513 3905 784 3960 omnium
808 3905 1171 3970 dominatur,
1199 3905 1302 3961 sed
1335 3906 1428 3962 his
1459 3906 1745 3962 duntaxat
1785 3907 1883 3978 qui
1907 3906 1997 3962 di-

333 3994 491 4049 vinis
516 3993 708 4065 jussis
742 4011 863 4049 non
895 3997 1305 4067 acquiescunt.
1339 3997 1482 4051 Nam
1518 3995 1623 4052 hos
1665 3996 1812 4052 dixit
1844 3996 1998 4052 filios

341 4089 758 4138 contumaces:
793 4084 1062 4154 Ephesiis
1089 4083 1356 4140 divinum
1388 4084 1745 4142 beneficium
1769 4085 1844 4140 ad
1874 4102 2002 4141 me—

338 4172 594 4227 moriam
625 4173 945 4238 reducens,
978 4172 1139 4246 quod
1189 4174 1317 4245 jam
1346 4179 1588 4246 peccato
1622 4180 1888 4230 mortuos
1943 4180 2002 4231 et

340 4265 633 4332 potestate
665 4261 885 4317 diaboli
915 4261 1208 4326 redactos,
1245 4263 1436 4318 salute
1469 4262 1746 4335 dignatus
1778 4264 1872 4318 sit.

410 4349 542 4405 Alio
607 4350 790 4404 modo.
847 4353 1026 4406 Recte
1093 4350 1344 4420 addidit,
1405 4351 1594 4408 Aeris.
1649 4352 2000 4424 Quanquam

339 4437 502 4492 enim
555 4454 665 4492 nos
726 4439 920 4509 ipsum
961 4438 1296 4511 principem
1349 4440 1856 4509 constituerimus,
1890 4442 1999 4498 sub

2099 590 2194 646 τὸν
2226 591 2396 646 αἰῶνα
2423 596 2521 648 τοῦ
2551 593 2763 666 κόσμου
2814 591 3033 659 τούτου,
3077 592 3214 648 κατὰ
3263 593 3355 648 τὸν
3384 590 3626 670 ἄρχοντα
3654 596 3756 661 τῆς

2101 679 2344 751 ἐξουσίας
2375 687 2472 739 τοῦ
2505 682 2663 758 ἀέρος
2693 689 2790 739 τοῦ
2819 683 3126 754 πνεύματος
3156 687 3253 738 τοῦ
3284 687 3374 737 νῦν
3409 681 3761 757 ἐνεργοῦντος

2101 768 2154 824 ἐν
2184 777 2298 834 τοῖς
2331 775 2471 835 υἱοῖς
2502 779 2604 844 τῆς
2643 774 2940 838 ἀπειθείας.
2975 773 3025 828 ἐν
3085 776 3167 834 οἷς
3219 773 3311 828 καὶ
3366 775 3528 848 ἡμεῖς
3559 775 3758 832 πάντες

2103 859 2511 938 ἀνεστράφημέν
2567 884 2699 919 ποτε
2758 865 2810 918 ἐν
2867 869 2988 925 ταῖς
3045 862 3356 936 ἐπιθυμίαις
3411 870 3510 932 τῆς
3567 862 3764 936 σαρκὸς

2100 950 2286 1022 ἡμῶν,
2318 955 2600 1014 ποιοῦντες
2632 951 2700 1008 τὰ
2757 951 3046 1025 Θελήματα
3093 957 3194 1021 τῆς
3249 952 3447 1028 σαρκὸς
3503 950 3594 1005 καὶ
3651 955 3762 1006 τῶν

2103 1034 2384 1111 διανοιῶν,
2415 1041 2506 1096 καὶ
2557 1043 2696 1116 ἦμεν
2754 1041 2914 1097 τέκνα
2954 1040 3108 1118 φύσει
3165 1040 3356 1118 ὀργῆς,
3414 1042 3488 1103 ὡς
3560 1041 3647 1096 καὶ
3708 1041 3764 1095 οἱ

2103 1125 2317 1190 λοιποί,

2175 1243 2200 1271 ‹‹
2239 1221 2336 1275 Καὶ
2374 1221 2512 1294 ὑμᾶς
2543 1217 2700 1286 ὄντας
2756 1222 3006 1300 νεκρούς.
3065 1248 3092 1276 ››
3153 1223 3231 1281 Οὐ
3283 1224 3382 1292 τήν
3441 1223 3761 1294 σωματικὴν

2101 1307 2274 1386 λέγει,
2305 1313 2404 1382 τήν
2439 1311 2498 1368 ἐκ
2553 1316 2648 1368 τοῦ
2709 1313 2891 1387 Ἀδὰμ
2946 1314 3252 1389 ἀρξαμένην
3307 1310 3587 1388 νέκρωσιν,
3617 1309 3766 1368 ἀλλὰ

2099 1401 2200 1468 τήν
2262 1402 2529 1475 ψυχικὴν,
2583 1404 2685 1471 τήν
2741 1402 2795 1473 ἐξ
2859 1405 3165 1478 ἁμαρτιῶν.
3238 1403 3302 1460 Ἱί
3387 1399 3754 1463 ἀνταπόδοσις

2104 1489 2239 1562 μετᾶ
2259 1487 2481 1559 πολλὴν
2512 1491 2838 1569 σόμφρασιν.
2886 1493 2991 1550 Καὶ
3039 1494 3178 1566 ὑμᾶς
3232 1487 3408 1562 ὄντας,
3463 1492 3620 1573 φησὶ,
3677 1510 3764 1560 νε,

2098 1580 2263 1654 κροὺς
2294 1585 2411 1642 τοῖς
2443 1582 2901 1656 παραπτώμασιν·
2965 1583 3082 1639 εἶτα
3139 1581 3381 1646 πολλαῖς
3433 1578 3763 1654 περιϐολαῖς

2104 1669 2380 1742 μεστώσας
2410 1673 2502 1726 τὸν
2537 1671 2728 1747 λόγον,
2782 1673 2917 1746 μετᾶ
2981 1671 3378 1748 ἐπαναλήψεως
3440 1675 3537 1726 τοῦ
3592 1669 3764 1726 αὑτοῦ

2103 1756 2294 1834 ῥητοῦ,
2329 1761 2468 1828 οἷον,
2502 1759 2603 1817 Καὶ
2663 1755 2821 1821 ὄντας
2873 1762 3020 1831 ἡμᾶς
3057 1760 3280 1834 νεκροὺς
3312 1765 3429 1821 τοῖς
3460 1757 3763 1833 παραπτώ-

2107 1847 2566 1919 μασιν,ἀπέόωκε
2615 1849 2676 1904 τὸ
2735 1850 2871 1905 κατᾶ
2928 1847 3118 1918 πόδας,
3183 1847 3630 1917 Συνεζωοποίησε
3680 1850 3764 1918 τῷ

2097 1938 2338 2012 Χριστῷ.
2400 1936 2594 2007 Πολλή
2646 1935 2704 1994 ὃὶ
2764 1937 2914 2011 αῦτῷ
2959 1941 3156 1994 τούτου
3209 1943 3306 1994 τοῦ
3370 1938 3661 2009 σχήματος
3719 1938 3758 2006 ἡ

2098 2032 2323 2102 χρῆσις.
2359 2051 2387 2080 ι(
2418 2029 2504 2084 Ἑν
2536 2029 2620 2090 αἷς
2663 2048 2797 2083 ποτε
2849 2031 3302 2104 περιεπατήσατε.
3342 2052 3370 2079 ››
3431 2032 3500 2082 Ἤ
3555 2023 3768 2081 ἀπολεο

2100 2115 2346 2190 λυμένως
2378 2117 2597 2186 νόησον,
2634 2119 2718 2174 ’ὁτι
2777 2119 2864 2176 Ἐν
2921 2123 3000 2190 τῷ
3027 2122 3141 2189 νῦν,
3193 2118 3347 2196 φησὶ,
3380 2117 3574 2190 κόσμῳ
3605 2136 3772 2191 περι-

2100 2208 2400 2276 επατήσατε
2460 2206 2511 2262 ἐν
2581 2208 2894 2284 ἁμαρτίαις.
2955 2231 2983 2261 ι(
3047 2208 3192 2264 Κατὰ
3275 2207 3372 2262 τὸν
3431 2205 3600 2261 αἴῶνα
3669 2208 3772 2260 τοῦ

2104 2295 2316 2368 κόσμου
2374 2298 2593 2354 τούτου.
2647 2325 2669 2353 ι
2738 2297 2920 2355 Αίῶνα
2977 2301 3074 2354 τοῦ
3131 2296 3343 2371 κόσμου
3398 2296 3618 2364 τούτου,
3674 2297 3773 2351 τον

2102 2382 2530 2460 διεστραμμένον
2561 2385 2705 2463 λέγει
2739 2386 2883 2462 βίον,
2915 2386 3004 2442 καὶ
3045 2388 3136 2442 τὸν
3195 2386 3246 2442 ἓν
3304 2384 3620 2460 ἁμαρτίαις,
3677 2380 3771 2439 διὰ

2099 2474 2163 2530 τὸ
2219 2475 2540 2544 πλεονάζειν
2601 2475 2656 2532 ἑν
2713 2481 2792 2548 τῷ
2850 2476 3076 2552 παρόντι
3140 2476 3246 2550 βίῳ
3329 2475 3424 2538 τὰς
3476 2473 3768 2548 ἁμαρτίας,

2103 2564 2386 2638 ἈρἈοντα
2443 2561 2502 2619 δέ
2567 2587 2731 2642 φησιν
2792 2565 3057 2637 ἐξουσίας,
3138 2565 3230 2622 τὸν
3285 2568 3522 2620 Σατανᾶν
3571 2561 3660 2618 διὰ
3715 2560 3774 2620 τί

2102 2651 2231 2716 τοὺς
2286 2651 2540 2715 πολλοὺς
2598 2655 2760 2728 ἡμῶν
2837 2655 3062 2715 ἑκόντας
3135 2649 3487 2708 ἐκδεδωκέναι
3547 2651 3773 2713 ἑαυτοὺς

2111 2741 2214 2798 ὑπὸ
2240 2746 2340 2811 τήν
2371 2743 2538 2799 αὐτοῦ
2569 2742 2829 2814 ἐξουσίαν.
2863 2742 3005 2802 Οὔτε
3035 2744 3140 2821 γὰρ
3201 2742 3262 2799 ἐκ
3319 2746 3474 2813 Θεοῦ,
3529 2740 3660 2797 ἀλλ’
3719 2741 3773 2811 ἐξ

2108 2834 2269 2905 ἡμῶν
2323 2830 2513 2907 ἄρχειν
2553 2835 3036 2910 κεχειροτόνηται.
3110 2839 3394 2912 ’Ἄρχοντα
3463 2829 3558 2886 οὖν
3609 2829 3772 2886 αὐτὸν

2111 2919 2283 2997 λέγει,
2342 2922 2479 2998 πρὸς
2529 2923 2598 2977 τὰ
2651 2921 2889 2997 παρόντα
2947 2922 3112 2999 ὁρων.
3175 2945 3206 2976 α
3265 2924 3382 2992 Τῆς
3441 2918 3705 2992 ἐξουσίας.
3745 2945 3768 2972 ι

2107 3010 2308 3089 ’Ἂρχει
2342 3010 2446 3086 γάρ
2477 3012 2566 3066 καὶ
2607 3010 2899 3082 ἐξουσιάζει
2961 3013 2988 3066 ὁ
3042 3014 3301 3079 Σατανᾶς,
3358 3013 3466 3064 τῶν
3515 3007 3773 3081 ἐναερίων

2111 3099 2200 3154 καὶ
2256 3105 2510 3173 πονηρῶν
2569 3101 2914 3175 πνευμάτων,
2980 3125 3009 3154 ‹‹
3065 3101 3190 3156 Καθ’
3260 3100 3343 3168 δν,
3405 3120 3430 3151 ιι
3499 3096 3770 3168 τουτέστι,

2111 3190 2228 3253 καθ’
2262 3187 2325 3244 οὗ
2386 3189 2594 3266 βουλὴν
2665 3191 2754 3246 καὶ
2813 3191 3030 3263 θέλημα
3089 3190 3248 3262 ὑμεῖς
3303 3189 3777 3264 περιπατήσαντες

2109 3278 2198 3335 καὶ
2249 3282 2628 3356 νεκρωθέντες,
2687 3281 2778 3337 καὶ
2863 3282 3033 3357 ὀργῆς
3108 3280 3268 3336 τέκνα
3325 3279 3641 3357 γεγονότες,
3694 3280 3779 3351 τῷ

2108 3368 2360 3443 πλουσίῳ
2389 3369 2530 3427 ἐλέει
2560 3375 2655 3426 τοῦ
2685 3375 2819 3428 Θεοῦ
2848 3370 2939 3427 καὶ
2997 3373 3065 3444 τῇ
3126 3364 3528 3444 ἀνυπερϐλήτῳ
3560 3365 3768 3443 ἀγάπῃ,

2109 3457 2404 3531 ἀνέστημεν
2431 3461 2520 3515 καὶ
2554 3459 3036 3534 ἐζωοποιήθημεν.
3069 3483 3098 3512 ί(
3152 3461 3264 3516 Τοῦ
3295 3456 3474 3534 ἀέρος.
3511 3482 3540 3510 ﬁ
3574 3460 3775 3532 Σαφῶς

2108 3550 2256 3621 ἡμᾶς
2287 3546 2542 3620 ἐδίδαξεν,
2579 3550 2654 3610 ὡς
2687 3547 2861 3606 πάλαι
2894 3549 2992 3622 μὲν
3051 3549 3079 3604 ὁ
3138 3543 3400 3610 διαόοΑος
3458 3551 3556 3602 τοῦ
3613 3545 3774 3621 ἀέρος

2109 3637 2468 3708 ἀνεπιστεῦθη
2516 3640 2617 3708 τὴν
2652 3637 2915 3709 ἐξουσίαν.
2978 3638 3254 3695 Ἐκπεσὼν
3311 3634 3369 3692 δὲ
3423 3634 3625 3705 ταῦτης
3681 3631 3778 3690 διά

2106 3729 2207 3796 τήν
2265 3727 2554 3802 πονηρίαν,
2601 3724 2933 3790 διῖάσκαλος
2991 3720 3306 3788 δυσσεϐείας
3363 3726 3452 3781 καὶ
3500 3723 3774 3799 πονηρίας

2106 3813 2335 3891 ἐγένετο.
2375 3815 2448 3871 Οὐ
2483 3818 2590 3889 μὴν
2649 3818 2896 3874 ἁπάντων
2955 3821 3164 3892 κρατεῖ,
3219 3813 3367 3870 ἀλλά
3427 3813 3606 3887 μόνων
3654 3816 3768 3872 τῶν

2107 3906 2174 3961 οὐ
2202 3907 2577 3981 προσιεμένων
2605 3907 2672 3963 τά
2704 3911 2823 3974 θεῖα
2843 3906 3195 3984 κηρύγματα.
3220 3905 3464 3967 Τούτους
3484 3905 3587 3981 γάρ
3609 3904 3768 3968 υἱοὺς

2107 3994 2382 4060 ἀπειθείας
2413 3997 2552 4069 εἶπε,
2593 4003 2694 4068 τῆς
2753 3997 2898 4059 θείας
2953 3994 3262 4074 εὐεργεσίας
3317 3993 3443 4057 τοὺς
3490 3995 3775 4072 Ἐφεσίους

2105 4083 2567 4159 ἀναμιμνήσκων,
2597 4087 2682 4142 ὃτι
2712 4084 2934 4163 νεκροὺς
2963 4082 3073 4157 ἤδη
3105 4084 3496 4160 γεγενημένους
3547 4080 3637 4138 διά
3662 4084 3770 4152 τὴν

2106 4174 2398 4248 ἁμαρτίαν,
2437 4176 2526 4231 καὶ
2561 4176 2664 4231 ὑπὸ
2687 4179 2790 4245 τήν
2823 4173 3066 4245 ἐξουσίαν
3099 4173 3391 4237 τελοῦντας
3445 4177 3542 4230 τοῦ
3587 4167 3779 4228 διαϐάς

2107 4259 2231 4332 λου,
2262 4270 2362 4334 τῆς
2396 4264 2671 4337 σωτηρίας
2706 4263 2960 4335 ἠξίωσεν.

2187 4351 2442 4418 νΑλλως.
2479 4352 2674 4416 Καλῶς
2705 4353 2790 4424 τὸ,
2828 4376 2855 4404 ‹‹
2888 4355 3003 4411 Τοῦ
3033 4352 3210 4428 ἀέρος,
3247 4376 3276 4405 ››
3307 4350 3672 4427 προσέθηκεν.
3705 4348 3780 4409 Et

2105 4448 2206 4524 γάρ
2241 4445 2334 4501 καὶ
2366 4442 2611 4520 ἄρχοντα
2662 4443 2827 4500 αὐτὸν
2869 4444 3034 4515 ἡμεῖς
3094 4441 3618 4518 έχειροτονήσαμεν,
3673 4440 3784 4498 ὑπὸ

340 4525 487 4583 coelo
522 4532 720 4582 tamen
755 4534 846 4582 est
872 4529 1001 4599 ejus
1044 4529 1418 4601 principatus
1475 4547 1597 4585 non
1656 4547 1836 4602 super
1887 4547 1997 4588 cas-

2110 4538 2202 4594 τὸν
2235 4534 2458 4611 οὐρανόν
2489 4532 2629 4589 ἰστιν
2664 4531 2831 4588 αὐτοῦ
2854 4534 2888 4601 ἡ
2921 4531 3095 4603 ἀρχὴ,
3138 4531 3248 4611 οὐχ
3279 4532 3414 4608 ὑπὲρ
3465 4532 3555 4586 τὸν
3615 4531 3777 4606 οὐρα.

336 4618 485 4676 lum.
521 4619 630 4685 Qui
662 4636 796 4675 vero
830 4619 938 4674 sub
967 4620 1112 4676 cmlo
1145 4628 1254 4687 est,
1287 4627 1391 4678 aut
1415 4622 1475 4677 in
1513 4628 1669 4678 terra
1700 4629 1790 4678 est
1818 4626 2001 4682 autin

339 4723 475 4766 aere
509 4726 521 4764 :
555 4709 650 4765 hic
681 4715 883 4766 autem
914 4727 1049 4768 cum
1088 4711 1165 4767 sit
1195 4712 1459 4784 spiritus,
1491 4717 1581 4780 est
1611 4713 1669 4768 in
1701 4729 1856 4769 aere.
1891 4716 2001 4771 Na-

340 4798 552 4855 turalis
580 4799 740 4856 enim
770 4807 859 4856 est
888 4800 1198 4871 spiritibus
1229 4818 1404 4857 aerea
1435 4803 1824 4858 conversatio.
1859 4803 2000 4860 Vide

339 4895 537 4944 autem
571 4891 901 4961 subjectam
934 4892 1022 4946 illi
1048 4893 1351 4964 regionem
1378 4892 1627 4947 :«Juxta
1647 4893 2000 4964 principem,

339 4976 555 5046 inquit,
585 4981 916 5049 potestatis.
957 5003 981 5028 ι)
1015 4980 1391 5045 Quemnam?
1446 4981 1613 5035 Aeris
1643 4981 2000 5054 principem,

338 5065 450 5119 hoc
483 5071 572 5119 est
603 5082 846 5123 aereum
881 5069 1216 5139 principem
1246 5085 1258 5122 :
1293 5085 1488 5138 neque
1522 5067 1681 5122 enim
1737 5070 1850 5140 ipsi
1879 5073 2002 5127 aeri

339 5152 810 5220 dominatur,sed
843 5157 1032 5212 aereis
1089 5157 1313 5212 Deinde
1341 5174 1579 5212 rursum
1609 5156 1765 5212 idem
1799 5161 1999 5231 expla-

340 5259 492 5297 nans
521 5244 602 5296 ait
637 5261 648 5298 :
678 5244 950 5314 Spiritus.
986 5247 1086 5299 Est
1111 5247 1266 5300 enim
1301 5248 1550 5302 Satanas
1574 5246 1836 5316 spiritus,
1871 5256 2004 5305 tan-

342 5348 513 5402 quam
555 5334 743 5386 nostri
776 5335 1223 5404 comparatione
1259 5336 1645 5406 incorporeus
1701 5339 1816 5391 Aut
1845 5339 2002 5408 quod

340 5421 620 5492 princeps
648 5422 724 5476 sit
755 5423 942 5493 ipsius
975 5423 1406 5493 spiritusaeris.
1432 5426 1543 5479 hoc
1564 5430 1653 5478 est
1685 5424 1868 5496 ipsius
1884 5430 2004 5500 spi-

341 5513 490 5566 ritus
525 5511 624 5582 qui
663 5511 843 5566 estin
891 5527 1046 5569 aere.
1082 5529 1295 5584 nempe
1345 5530 1654 5568 aereorum
1691 5531 2003 5584 pravorum

345 5601 684 5671 spirituum.
720 5604 867 5658 Cum
897 5601 1131 5656 enimin
1163 5602 1583 5675 ipsoshaberet
1605 5604 2002 5677 principatum

344 5691 694 5764 priusquam
725 5692 983 5765 caderet,
1000 5690 1180 5749 habet
1201 5709 1436 5764 quoque
1470 5699 1529 5750 et
1551 5700 2006 5766 postcasum.-

2111 4626 2224 4681 νόν.
2267 4626 2328 4682 Ὀ
2361 4621 2418 4679 δὲ
2447 4620 2521 4677 ὢν
2556 4622 2659 4679 ὑπὸ
2688 4621 2778 4676 τὸν
2812 4620 3065 4694 οὐρανὸν,
3105 4619 3141 4689 ἢ
3174 4618 3226 4675 ἐν
3277 4624 3345 4694 τῇ
3405 4621 3478 4698 γῇ
3534 4619 3673 4675 ἔστιν
3733 4615 3774 4690 ἢ

2113 4714 2164 4771 ἰν
2185 4718 2264 4786 τῷ
2293 4710 2433 4786 ἀέρι.
2467 4712 2637 4773 Οὗτος
2669 4707 2728 4765 δὲ
2759 4710 2832 4772 ὡς
2867 4707 2939 4764 ὣν
2974 4707 3185 4780 πνεῦμα
3240 4708 3290 4763 ἐν
3348 4714 3428 4781 τῷ
3461 4711 3575 4784 ἀέρι
3635 4705 3770 4764 ἇστί.

2114 4803 2283 4865 Φύσις
2306 4802 2407 4878 γάρ
2439 4805 2555 4862 τοῖς
2604 4799 2928 4873 ωειῦμασιν,
2959 4801 2994 4868 ἡ
3026 4796 3268 4873 ἐναέριος
3327 4792 3604 4873 διατριϐή.
3637 4799 3777 4866 Ὅρα

2115 4891 2171 4948 δὲ
2201 4893 2263 4947 τὸ
2293 4891 2431 4946 κατά
2462 4887 2604 4945 πόδα
2633 4893 2730 4944 τοῦ
2762 4888 2998 4963 χωρίου,
3049 4913 3074 4941 ιι
3106 4891 3256 4944 Κατά
3284 4887 3375 4942 τὸν
3404 4886 3644 4962 ἄρχοντα
3673 4891 3780 4955 τῆς

2113 4981 2418 5054 ἐξουσίας.»
2447 4984 2610 5034 Ποῖον
2642 4983 2836 5033 τοῦτον
2862 4999 2876 5047 ;
2899 4978 3006 5034 Τὸν
3032 4981 3130 5032 τοῦ
3161 4977 3320 5051 ἀέρος
3348 4973 3781 5052 ἄρχοντα,τουτ-·

2113 5070 2248 5138 ἐστι,
2306 5068 2399 5124 τὸν
2463 5067 2704 5143 ἐναέριον
2756 5064 3019 5141 ἄρχοντα.
3080 5065 3157 5122 Οὐ
3215 5067 3316 5140 γαρ
3379 5065 3539 5140 ἀέρος
3593 5061 3781 5137 ἄρχει,

2116 5158 2265 5217 ἀλλά
2295 5157 2571 5232 ἐναερίων.
2607 5156 2741 5214 Εἶτα
2775 5155 2942 5211 πάλιν
2967 5153 3368 5234 ἐπισαιρηνίζων
3433 5153 3586 5223 αὐτὸ,
3619 5151 3779 5228 φησὶ,

2115 5274 2144 5302 ‹‹
2179 5253 2286 5305 Τοῦ
2318 5249 2622 5320 πνεῦματος
2684 5272 2709 5296 υ
2743 5250 2960 5317 Πνεῦμα
2989 5245 3090 5320 γάρ
3120 5245 3148 5299 ὁ
3178 5248 3444 5315 Σατανᾶς,
3479 5240 3666 5314 ἐπειδὴ
3702 5244 3784 5310 ὡς

2110 5339 2247 5413 πρὸς
2273 5339 2446 5410 ἡμᾶς,
2505 5337 2594 5390 καὶ
2657 5336 3070 5409 ἀσώματος.“Η
3131 5334 3216 5388 δτι
3277 5332 3463 5409 ἅρχων
3509 5332 3620 5388 ἐστὶ
3677 5333 3776 5388 τοῦ

2114 5431 2272 5499 ἀέρος
2301 5432 2397 5483 τοῦ
2425 5425 2756 5498 maiust-70c,
2782 5426 3025 5480 τουτέστι
3084 5429 3182 5479 τοῦ
3243 5420 3398 5487 ὄντος
3429 5423 3482 5480 ἐν
3541 5428 3620 5494 τῷ
3653 5421 3774 5498 ἀέρι

2111 5519 2446 5592 πνεύματος,
2509 5518 2622 5572 οἷον
2679 5520 2788 5571 τῶν
2849 5513 3044 5588 ἀερίων
3104 5519 3362 5590 πονηρῶν
3420 5533 3773 5585 πνευματων.

2110 5609 2336 5686 Ἄρχων
2362 5607 2463 5682 γάρ
2524 5606 2702 5661 αὐτῶν
2737 5607 2866 5680 πρὶν
2923 5605 3088 5678 πέσῃ,
3147 5601 3310 5680 ἄρχει
3366 5603 3460 5660 καὶ
3513 5604 3652 5677 μετά
3706 5602 3775 5658 τὸ

2112 5703 2319 5755 πεσεῖν.
2351 5729 2420 5742 —
2451 5695 2786 5771 [ΟΙΚΟΥΜ.]
2817 5699 2982 5750 Ὥστε
3037 5693 3173 5751 κατά
3226 5695 3290 5750 τὸ
3349 5695 3532 5769 νόημα
3586 5696 3779 5765 τοῦτο,
