4108 6390
345 372 510 440 1189

1420 372 1845 439 ΟΟΜΜΕΝΤ.
1890 370 1975 434 1N
2020 366 2279 430 EPIST.
2327 369 2430 430 AD
2479 369 2754 432 EPHES.

3610 376 3771 440 1190

344 506 377 565 8
403 502 617 581 μᾶλλον
651 506 739 561 καί
767 506 797 562 ὁ
827 505 986 580 ἅγιος
1019 503 1299 581 Κύριλλος
1356 508 1447 564 καὶ
1480 508 1510 563 ὁ
1549 503 1707 584 ἅγιος
1737 505 1996 577 Ἰωάννης

2121 504 2278 563 quta
2306 504 2466 563 hunc
2495 505 2698 578 itaque
2725 504 3124 576 intellectum,
3158 523 3338 580 quem
3378 511 3569 585 magis
3600 513 3771 571 divus

348 593 592 678 δέχεται,
625 593 817 671 ἄρχων
852 595 947 668 μὶν
976 593 1089 651 ἔστι
1136 600 1245 652 τῶν
1308 598 1424 671 μετ’
1480 597 1646 654 αὐτοῦ
1702 597 2002 667 πεσόντων,

346 689 511 760 ἡμῶν
544 683 603 741 δὲ
633 685 734 740 οὐκ
762 682 942 761 ἄρχει,
977 682 1104 741 οὐδὶ
1157 685 1340 756 ἤιξεν,
1370 684 1521 743 ἀλλά
1553 687 1717 761 μόνον
1783 686 2004 764 ἐνεργεῖ,

346 774 464 847 ἰξὸν
493 778 655 850 ἡμῖν,
690 775 768 849 μή
802 773 1050 845 δέξασθαι
1096 776 1265 831 αὐτοῦ
1320 778 1422 847 τὴν
1484 776 1774 852 ἐνέργειαν.
1841 799 1867 831 ε
1894 777 2006 832 Τοῦ

346 870 437 921 νῦν
461 863 830 939 ἐνεργοῦντος.
868 888 896 915 ››
930 865 1090 936 ὐρᾷς
1145 864 1230 921 δτι
1292 865 1394 921 οὐκ
1443 867 1614 937 εἶπεν,
1644 866 2004 940 Ἀναγκάζον-

347 975 467 1020 τος,
499 955 535 1025 ἢ
568 954 927 1029 Βιαζομένου,
957 954 1109 1022 ἀλλ’,
1148 979 1170 1010 ε
1207 957 1601 1034 Ἐνεργοῦντος
1635 976 1650 1027 ς
1679 982 1706 1010 η
1737 958 1918 1012 καίτοι
1959 954 2006 1010 εί

354 1045 545 1122 ἄρχων
573 1047 639 1115 ἦν
691 1048 758 1118 τῇ
791 1045 1042 1117 ἀληθείᾳ,
1073 1045 1165 1101 καὶ
1199 1048 1274 1120 μὴ
1308 1047 1368 1103 ἐκ
1395 1054 1497 1117 τῆς
1530 1051 1696 1120 ἡμῶν
1737 1044 2007 1123 ῥᾳθυμίας

346 1134 442 1192 καὶ
519 1133 785 1209 πονηρίας
852 1134 1303 1213 κεχειροτόνητο,
1373 1137 1467 1192 καὶ
1521 1140 1619 1193 τοῦ
1684 1136 2003 1213 ἀναγκάζειν

349 1223 653 1295 ὲξουσίαζεν
794 1227 904 1280 Νῦν
933 1225 1039 1300 γὰρ
1072 1224 1156 1293 τὸ,
1175 1250 1199 1279 ιι
1235 1228 1641 1303 Ἐνεργοῦντος,
1669 1225 1898 1297 »δηλοῖ
1918 1226 2005 1282 δτι

351 1314 566 1377 δκόντες
625 1313 782 1370 αὑτὸν
842 1311 1289 1392 παραδεχόμεθα.
1324 1319 1425 1372 Καὶ
1482 1317 1568 1373 ’ὁτι
1613 1316 1778 1374 τοῦτό
1835 1315 2003 1385 ἔστιν,

351 1399 559 1481 ἀπάγει·
597 1427 625 1456 ι(
653 1405 786 1466 Τοῖς
818 1404 960 1466 υἱοῖς
999 1410 1100 1473 τῆς
1156 1404 1453 1474 ἀπειθείας,
1490 1430 1519 1459 ››
1578 1405 1843 1476 τουτέστι,
1884 1411 2004 1469 τοῖς

352 1496 469 1567 Θεῷ
502 1493 597 1567 μὶν
629 1494 706 1567 μὴ
741 1493 1110 1566 πειθομένοις.
1154 1493 1340 1568 ὶκείνῳ
1373 1493 1451 1565 ὃὶ,
1485 1496 1551 1551 οὐ
1612 1497 1720 1567 μὴν
1779 1496 2007 1571 ἀναγκαο

352 1585 623 1657 ζομὶνοις.
658 1583 794 1638 Εἶτα
850 1580 1056 1657 ἰπάγει,
1090 1606 1119 1636 ι(
1155 1585 1243 1640 Ἐν
1301 1584 1385 1647 οἶς
1440 1584 1533 1640 καὶ
1589 1587 1754 1657 ἡμεῖς
1811 1589 2008 1648 πάντες

353 1670 783 1748 ἀνεστράφημεν.
818 1694 848 1724 ι»
925 1668 1149 1742 Ἐπειδὴ
1212 1672 1316 1748 γάρ
1375 1669 1555 1752 ἤγαγε
1616 1676 1843 1749 μνήμην
1894 1674 2003 1729 τῶν

353 1761 764 1837 ἁμαρτημάτων
798 1761 995 1830 αὐτῶν,
1046 1762 1191 1826 εἰκὸς
1225 1761 1282 1819 δὲ
1311 1764 1378 1833 ἧν
1407 1764 1602 1828 αὐτοὺς
1653 1763 2009 1839 αῗσχύνεσθαι

2110 595 2402 667 approbat
2428 597 2704 668 Cyrillus,
2740 595 2908 653 divus
2948 614 3183 670 quoque
3213 599 3472 656 Joannes
3498 602 3768 675 suscipit,

2110 683 2392 757 princeps
2420 685 2664 756 quidem
2690 692 2779 740 est
2801 702 3006 742 eorum
3030 688 3128 759 qui
3152 703 3273 745 una
3298 706 3431 746 cum
3458 706 3525 745 eo
3548 690 3775 747 cecide-

2112 780 2291 829 runt:
2325 775 2498 831 nobis
2529 783 2735 831 autem
2767 792 2886 832 non
2913 777 3253 835 dominatus
3275 788 3403 836 est:
3438 781 3541 837 sed
3572 784 3768 839 solum

2111 864 2251 936 agit,
2270 881 2406 921 cum
2429 865 2606 921 liceat
2625 866 2797 922 nobis
2819 867 2949 937 ejus
2971 884 3092 923 non
3118 869 3420 941 suscipere
3447 873 3767 929 actionem.

2113 974 2140 1003 ‹‹
2173 954 2338 1009 Nunc
2369 955 2619 1026 agentis.
2657 978 2684 1005 ιι
2711 955 2883 1011 Vides
2913 957 3071 1027 quod
3098 973 3219 1013 non
3249 958 3466 1015 dixerit
3494 960 3771 1031 Cogentis

2112 1048 2215 1098 aut
2244 1043 2598 1100 Violentiam
2618 1044 3065 1113 inferentis,sed
3097 1069 3125 1097 «
3157 1049 3402 1121 Agentis
3423 1050 3451 1104 ?
3477 1072 3504 1097 ›·
3528 1051 3690 1122 atqui
3717 1050 3769 1106 si

2109 1148 2244 1187 vere
2265 1130 2695 1201 dominaretur,
2715 1140 2775 1190 et
2797 1150 2917 1190 non
2940 1152 3010 1191 ex
3033 1143 3238 1193 nostra
3259 1138 3531 1194 socordia
3550 1154 3618 1195 ac
3640 1155 3773 1211 prae

2111 1220 2288 1277 vitate
2317 1224 2676 1280 constitutus
2733 1230 2911 1286 esset.
2944 1230 3299 1297 potestatem
3352 1228 3558 1299 utique
3590 1230 3769 1285 etiam

2112 1312 2361 1386 cogendi
2384 1312 2696 1369 haberet.l
2714 1316 2758 1369 ὃ
2778 1315 2944 1379 Quod
2966 1316 3129 1371 enim
3147 1332 3308 1375 nunc
3325 1339 3351 1368 «
3368 1319 3653 1391 Agentis»
3678 1319 3774 1374 di-

2110 1402 2210 1465 cit,
2244 1400 2517 1475 designat
2543 1402 2705 1474 quod
2735 1403 3063 1461 voluntarie
3111 1405 3308 1477 ipsum
3351 1407 3770 1479 suscipiamus.

2110 1492 2181 1547 Et
2205 1493 2349 1563 quia
2379 1493 2494 1549 hoc
2523 1500 2634 1553 est.
2682 1492 3031 1564 subjungit:
3090 1496 3256 1552 Filiis
3299 1498 3773 1570 contumacibus,

2112 1580 2224 1636 hoc
2245 1587 2356 1648 est,
2387 1582 2502 1637 Deo
2526 1581 2769 1653 quidem
2796 1599 2917 1638 non
2942 1583 3625 1655 obtemperantibus,sed
3649 1587 3771 1653 isti,

2113 1685 2461 1741 quanquam
2484 1670 2733 1727 minime
2757 1672 2978 1727 coactis
3006 1673 3228 1729 Deinde
3251 1674 3483 1730 subdit:
3511 1701 3535 1724 ιι
3562 1677 3627 1731 ln
3650 1676 3775 1748 qui-

2113 1757 2225 1814 bus
2238 1764 2297 1813 et
2308 1774 2419 1814 nos
2442 1774 2649 1816 omnes
2666 1762 2997 1816 conversati
3020 1762 3260 1819 fuimus.
3273 1763 3471 1830 nQuon
3498 1780 3594 1821 am
3611 1766 3775 1821 enim

354 1850 436 1909 ἔπ’
465 1852 675 1917 αὐτοῖς,
707 1851 796 1907 καὶ
842 1853 1051 1921 ἑαυτὸν,
1083 1853 1342 1909 κοινωνὸν
1397 1859 1568 1919 ποιεῖ,
1619 1855 1707 1909 καὶ
1741 1855 1811 1910 οὗ
1848 1854 2011 1928 μόνον

2121 1847 2488 1904 mentionem
2528 1848 2671 1904 fecit
2723 1856 3097 1917 peccatorum
3130 1851 3416 1922 ipsorum,
3449 1852 3778 1909 verisimile

355 1941 569 2011 δαυτὸν,
609 1938 759 1996 ἀλλὰ
786 1940 879 1997 καὶ
905 1943 1128 2011 πάντας,
1158 1944 1330 2019 ταύτῃ
1362 1944 1453 1999 καὶ
1509 1944 1610 2012 τήν
1644 1940 1875 2018 δ·5ναμιν
1907 1946 2010 2001 τοῦ

358 2028 784 2106 λυτρωσαμένου
865 2034 1111 2107 Χριστοῦ
1190 2032 1598 2109 ἀνακηρύττων.
1679 2035 1891 2109 Σαρκὸς
1953 2030 2012 2092 δέ

362 2142 515 2193 φησι,
537 2125 644 2177 τῶν
704 2125 974 2198 σαρκικῶν
1032 2122 1355 2195 ἐπιθυμιῶν.
1417 2148 1448 2177 ιι
1503 2130 1617 2194 Τῆς
1669 2125 1866 2200 σαρκὸς
1919 2125 2008 2181 καὶ

361 2214 468 2264 τῶν
524 2207 802 2268 διανοιῶν.
841 2234 869 2261 ν
936 2212 1023 2274 Ὠς
1084 2211 1131 2268 εἰ
1188 2214 1328 2268 εἷπε*
1380 2214 1478 2269 Καὶ
1531 2218 1861 2285 σωματικῶς
1919 2213 2011 2269 καὶ

360 2301 615 2375 ψυχικῶς
670 2299 1095 2375 ἁμαρτάνοντες.
1177 2325 1205 2353 ‹‹
1266 2301 1371 2358 Καὶ
1430 2302 1571 2373 ἦμεν
1640 2301 1798 2359 τέκνα
1854 2301 2013 2379 φύσει

359 2387 553 2467 ὀργῆς.
588 2412 618 2443 ››
642 2391 847 2467 Ὥσπερ
878 2389 1041 2448 τέκνα
1093 2389 1377 2455 ἀπωλείας
1433 2392 1524 2448 καὶ
1554 2394 1768 2468 γεέννης
1822 2389 2012 2468 εἴρην-

348 2496 441 2533 ται
470 2478 528 2533 οἱ
568 2476 691 2549 ἄξια
721 2476 1002 2542 ἀπωλείας
1058 2478 1150 2535 καί
1201 2482 1421 2555 γεέννης
1460 2481 1811 2557 πράττοντες,
1867 2481 2013 2540 οὕτω

351 2569 443 2622 καὶ
493 2566 653 2623 τέκνα
709 2567 881 2645 ὀργῆς
914 2570 966 2624 οἱ
1023 2570 1145 2642 ἄξια
1202 2568 1394 2644 ὀργῆς.
1445 2570 1604 2628 Οὕτω
1659 2570 1754 2627 καὶ
1806 2569 2017 2635 Ἰούδας

361 2656 483 2719 υἱὸς
513 2653 815 2723 ἀπωλείας,
844 2661 927 2730 τῷ
953 2658 1020 2714 τά
1056 2664 1157 2729 τῆς
1208 2657 1488 2724 ἀπωλείας
1542 2661 1904 2737 πεπραχέναι.
1934 2661 2014 2718 Τὸ

360 2743 423 2804 δὶ
460 2745 639 2824 φύσει,
662 2746 776 2802 οἷον
829 2745 1077 2819 ἀληθῶς,
1111 2747 1379 2826 γνησίως,
1448 2773 1478 2803 ‹‹
1507 2749 1595 2813 Ὣς
1629 2750 1681 2805 οἳ
1738 2748 1949 2810 λοιποί.
1983 2774 2012 2805 ››

360 2834 553 2899 Οὐδεὶς
583 2836 688 2913 γὰρ
717 2836 785 2906 ἦν
814 2841 923 2892 τῶν
962 2839 1226 2895 τοιούτων
1256 2837 1561 2916 ἐλεύθερος.

427 3098 490 3157 Ὀ
564 3095 622 3155 δὲ
696 3099 828 3162 Θεὸς
906 3098 1178 3165 πλούσιος
1250 3096 1325 3155 ὥν
1403 3098 1455 3155 iv
1531 3099 1672 3157 ἐλέει
1750 3098 1840 3158 διὰ

1911 3105 2016 3173 τὴν

2119 1942 2320 1991 autem
2345 1943 2471 1992 erat
2496 1952 2597 1992 eos
2620 1944 2862 2010 propter
2883 1940 2987 1995 illa
3012 1940 3322 2011 pudeﬂeri,
3351 1941 3614 2013 seipsum
3637 1959 3781 2015 quo-

2118 2038 2233 2095 que
2265 2026 2494 2080 socium
2526 2025 2699 2081 facit:
2760 2042 2870 2082 nec
2928 2034 3161 2083 tantum
3216 2045 3279 2084 se
3333 2029 3553 2102 ipsum,
3587 2030 3691 2087 sed
3722 2036 3781 2086 et

2120 2129 2369 2169 omnes:
2406 2116 2517 2170 hoc
2548 2113 2723 2169 etiam
2758 2116 2933 2171 modo
2979 2117 3195 2172 Christi
3246 2118 3641 2191 redemptoris
3671 2136 3780 2192 po-

2119 2202 2365 2258 tentiam
2399 2204 2749 2277 praedicans.
2784 2207 3033 2262 Carnem
3077 2215 3272 2263 autem
3322 2207 3467 2263 dicit
3512 2210 3780 2266 carnalia

2118 2290 2434 2348 desideria.
2470 2315 2498 2342 ‹‹
2533 2293 2672 2359 Quae
2704 2295 2869 2350 carni
2902 2311 2970 2352 ac
3018 2297 3204 2353 menti
3240 2295 3523 2355 Iibebant.
3552 2320 3578 2348 ;›
3611 2301 3694 2356 Ac
3727 2297 3775 2353 si

2119 2379 2376 2438 diceret:
2410 2383 2481 2439 Et
2509 2399 2755 2455 corpore
2787 2392 2847 2440 et
2888 2385 3088 2442 animo
3120 2394 3454 2458 peccantes.
3489 2409 3517 2439 ι(
3548 2388 3620 2443 Et
3648 2403 3780 2443 era-

2118 2485 2254 2527 mus
2281 2477 2497 2527 natura
2526 2470 2637 2528 filii
2670 2474 2793 2528 irae.
2828 2496 2856 2524 »ι
2890 2474 3404 2541 Quemadmodum
3440 2476 3549 2532 filii
3581 2475 3783 2548 perdi-

2121 2560 2299 2617 tionis
2330 2577 2399 2617 ac
2426 2562 2714 2635 gehennae
2739 2562 2883 2620 dicti
2918 2571 3077 2624 sunt.
3105 2566 3208 2638 qui
3241 2565 3420 2639 digna
3451 2566 3783 2639 perditione

2120 2668 2189 2708 ac
2209 2651 2484 2725 gehenna
2505 2661 2830 2725 operantur
2855 2671 2867 2707 :
2899 2655 2983 2710 ita
3004 2662 3065 2710 et
3084 2655 3192 2711 filii
3221 2658 3324 2712 iras
3346 2658 3446 2728 qui
3470 2672 3540 2714 ea
3560 2656 3789 2713 faciunt

2122 2755 2255 2812 quas
2285 2740 2437 2797 iram
2470 2748 2797 2799 merentur.
2828 2742 2921 2798 Sic
2943 2753 3002 2800 et
3020 2743 3199 2801 Iudas
3223 2745 3382 2801 filius
3405 2745 3780 2817 perditionis,

2124 2830 2283 2902 quod
2313 2831 2665 2902 perditionis
2707 2849 2888 2906 opera
2936 2834 3195 2891 fecisset.
3228 2835 3397 2901 Quod
3425 2841 3626 2892 autem
3658 2837 3783 2892 ait:

2124 2920 2343 2976 Natura
2373 2919 2486 2977 hoc
2515 2928 2606 2976 est
2644 2938 2800 2986 vere,
2834 2923 3119 2996 legitime.
3154 2945 3178 2975 ιι
3213 2925 3378 2981 Sicut
3406 2930 3465 2979 et
3494 2925 3713 2980 caeteri.
3754 2946 3777 2974 s

2121 3012 2308 3064 Nemo
2340 3010 2501 3065 enim
2532 3016 2659 3067 erat
2689 3011 2790 3083 qui
2823 3011 2896 3067 ab
2928 3012 3271 3085 hujusmodi
3303 3013 3455 3069 liber
3492 3019 3669 3071 esset.

2194 3098 2266 3162 Il.
2302 3100 2416 3153 4-7.
2468 3100 2576 3155 Sed
2628 3101 2765 3157 Deus
2820 3104 2919 3172 qui
2969 3104 3117 3158 dives
3164 3109 3242 3159 est
3298 3105 3356 3158 in
3402 3104 3783 3160 misericordia

359 3184 582 3297 πολλὴν
645 3188 860 3263 ἀγάπην
946 3188 1111 3245 αὐτοῦ
1194 3189 1262 3259 ἢν
1330 3189 1618 3263 ἠγάπησεν
1675 3193 1846 3265 ἡμᾶς,
1925 3190 2011 3249 καί

2121 3192 2347 3257 propter
2391 3187 2623 3243 multam
2681 3188 3007 3246 charitatem
3064 3207 3222 3247 suam
3277 3207 3388 3263 qua
3435 3192 3637 3248 dilexit
3664 3209 3784 3261 nos,

357 3270 511 3339 όντας
593 3278 745 3352 ἡμᾶς
841 3277 1067 3354 νεκροὺς
1162 3283 1282 3343 τοῖς
1372 3280 1806 3354 παραπτώμασι,
1901 3303 2017 3339 συν-

1162 3283 1282 3343 τοῖς
1372 3280 1644 3355 παραπτώ
1652 3301 1806 3355 μασι,

358 3365 698 3436 εζωοποίησε
755 3370 835 3438 τῷ
919 3367 1160 3441 Χριστῷ.
1221 3366 1425 3443 Χάριτί
1482 3363 1601 3424 ἕστε
1658 3368 2015 3444 σεσωσμένοι,

351 3454 442 3513 καὶ
528 3456 811 3531 συνήγειρε
893 3456 985 3512 καὶ
1072 3467 1413 3520 συνεκάθισεν
1474 3455 1530 3512 iv
1587 3463 1705 3519 τοῖς
1783 3457 2015 3536 ὶπουρα-

348 3544 486 3608 νίοις
558 3543 615 3601 iv
706 3548 922 3623 Χριστῷ
1005 3546 1213 3619 Ἰησοῦ,
1268 3544 1364 3603 ’ίνα
1420 3544 1717 3619 ἒνδείξηται
1784 3548 1837 3606 iv
1896 3556 2016 3615 τοῖς

352 3632 518 3690 αἲῶσι
572 3639 691 3697 τοῖς
758 3634 1155 3711 ἂπερχομένοις
1219 3636 1312 3691 τὸν
1374 3630 1794 3711 ὑπερϐάλλοντα
1844 3638 2018 3695 πλοῦ·

348 3744 445 3781 τον
492 3730 594 3794 τῆς
655 3723 885 3800 χάριτος
970 3721 1159 3797 αὺτοῦ,
1220 3724 1274 3780 iv
1328 3725 1668 3802 χρηστότητι
1728 3726 1808 3806 ἐφ’
1866 3731 2016 3802 ἡμᾶς

353 3810 410 3869 iv
439 3812 662 3888 Χριστῷ
702 3813 904 3884 Ἰησοῦ.

423 3933 495 3946 —
523 3902 644 3977 [ΦΩ
661 3903 735 3977 Γ.]
791 3902 904 3957 Οὔκ
945 3899 1136 3965 ἁπλῶς
1165 3900 1443 3976 ἐλεήμων,
1485 3902 1633 3961 ἀλλὰ
1664 3903 1935 3968 πλούσιος
1962 3906 2016 3963 iv

350 3991 521 4053 ἲλὲει.
555 3995 646 4051 Ἐν
676 3994 782 4073 γάρ
811 3999 929 4058 τοῖς
964 3996 1328 4070 πειθαρχοῦσι
1365 3997 1601 4071 Χριστῷ,
1660 3995 2017 4074 ἀνενὲργητός

356 4077 524 4150 ἔστιν,
567 4080 722 4138 οὐδὲν
781 4081 987 4164 ἰσχύει,
1031 4079 1184 4140 οὐδὲν
1239 4083 1554 4155 ἐξουσιάζει.
1590 4085 1659 4142 υἱ
1708 4085 1765 4142 δὲ
1821 4086 2016 4151 αὐτοὺς

355 4170 511 4236 υἱοὺς
537 4170 628 4227 καὶ
666 4169 1057 4248 κληρονόμους
1088 4179 1189 4243 τῆς
1222 4172 1495 4237 ἀπειθείας
1550 4174 1720 4231 αὐτοῦ
1775 4175 2014 4252 ἀπεργα-

355 4258 606 4332 σάμενοι,
682 4260 833 4317 οὗτοι
904 4261 995 4318 καὶ
1051 4261 1395 4341 ἐνεργοῦνται
1454 4264 1540 4319 καὶ
1612 4263 2016 4337 ἰξουσιάζονται

353 4347 443 4404 ὑπ’
474 4347 660 4419 αὐτοῦ,
693 4349 783 4404 καὶ
815 4349 954 4424 ἦμεν
997 4351 1166 4424 ἡμεῖς
1227 4351 1331 4406 ὑπὸ
1359 4352 1463 4419 τήν
1519 4350 1769 4421 ’ἐξουσίαν
1827 4352 2014 4413 αὐτοῦ.

351 4440 530 4507 Πῶςς
579 4441 667 4495 Ἐν
710 4442 790 4511 τῷ
848 4444 1024 4496 ποιεῖν
1077 4438 1146 4494 τὰ
1219 4438 1507 4511 θελήματα
1550 4439 1736 4499 αὐτοῦ.
1794 4441 1955 4499 Ἀλλ’
1987 4444 2015 4500 ὁ

350 4526 482 4589 Θεὸς
526 4525 755 4597 πλούτῳ
804 4526 995 4591 ξλᾶους
1051 4528 1141 4583 καὶ
1202 4529 1670 4601 ὑπεραγαπήσεως
1740 4529 2012 4606 ὲρῥῦσατο

350 4615 607 4683 ἴκκεῖθεν,
642 4616 737 4673 καὶ
765 4618 1127 4695 νεκρωθέντας
1152 4616 1432 4689 ἀνέστησε.
1487 4642 1516 4671 ι(
1539 4618 1637 4674 Διά
1659 4621 1759 4687 τὴν
1793 4618 2014 4691 πολλὴν

353 4704 571 4780 ἀγάπην
602 4707 789 4765 αὐτοῦ.
824 4732 855 4761 ››
880 4711 1052 4765 Τοῦτο
1084 4705 1163 4778 δι,
1194 4707 1302 4763 ἀπὸ
1328 4711 1428 4762 τοῦ
1449 4705 1673 4765 πολλοῦ
1702 4707 1895 4772 ’ἐλέους
1926 4709 2013 4785 γὲ·

358 4814 519 4870 γωνε.
553 4799 676 4859 Πῶς
705 4796 809 4873 γὰρ
857 4794 916 4852 ἂν
947 4797 1001 4852 οἱ
1027 4796 1186 4853 τέκνα
1213 4798 1385 4874 ὀργῆς
1411 4792 1561 4859 ὄντες
1591 4798 1962 4874 ὴγαπήθημεν
1993 4817 2007 4870 ;

362 4908 390 4936 α
424 4883 524 4939 Καὶ
575 4882 730 4951 ὄντας
810 4889 960 4960 ἡμᾶς
1006 4888 1249 4963 νεκρούς.
1288 4911 1316 4939 ››
1375 4887 1642 4962 Νεκροὺς,
1692 4889 1819 4944 ὅσον
1874 4889 2010 4964 πρὸς

358 4971 619 5049 ἀνέργείαν
651 4975 854 5050 ἀγαθοῦ
918 4996 1089 5039 τινος.
1150 4980 1321 5034 Τοῦτο
1377 4974 1435 5033 δὲ
1481 4977 1694 5052 γέγονε,
1732 4977 1889 5057 φησὶ,
1922 4976 2013 5035 διὰ

354 5063 425 5120 τά
479 5067 905 5140 παραπτώματα
959 5069 1145 5139 ἡμῶν.
1209 5093 1237 5119 «ι
1271 5066 1692 5139 Συνεζωποίησε
1746 5072 1827 5142 τῷ
1875 5071 2010 5146 Χρι-

357 5155 492 5225 στῷ.
525 5179 554 5205 ››
612 5154 782 5210 Πάλιν
861 5157 956 5211 τὸν
1007 5157 1239 5231 Χριστὸν
1280 5156 1358 5220 εἷς
1403 5157 1563 5231 μέσον
1622 5162 1793 5235 φέρει,
1863 5159 2013 5229 ἀξιό-

353 5262 544 5298 πιστον
575 5244 638 5299 τὸ
683 5249 907 5319 πρᾶγμα
965 5251 1159 5303 ποιῶν.
1196 5247 1259 5304 Εἰ
1291 5246 1390 5322 γὰρ
1417 5249 1453 5317 ἡ
1514 5248 1741 5322 ἀπαρχή
1776 5250 1864 5321 ζῇ,
1921 5249 2013 5304 καὶ

349 5331 501 5402 ἡμᾶς
555 5332 617 5388 τὸ
703 5330 901 5389 λοιπὸν
971 5335 1136 5391 αὐτοῦ
1208 5340 1367 5407 σῶμα
1426 5334 1910 5407 σενεζωοποίησεν,
1949 5369 2013 5382 -

351 5420 703 5497 [ΟιΚΟΥΜ.]
762 5429 870 5481 Νῦν
933 5426 1028 5497 μὶν
1084 5429 1156 5500 τῇ
1215 5423 1467 5500 δῦνάμει,
1527 5424 1747 5500 ὕστερον
1807 5423 1866 5481 δὲ
1921 5427 2012 5482 καὶ

345 5510 615 5585 ὶνεργείᾳ.
651 5538 677 5564 ‹‹
720 5513 915 5587 Χάριτί
968 5514 1085 5570 ἕστε
1144 5517 1497 5587 σεσωσμένοι.
1532 5537 1563 5567 ››
1612 5515 1691 5573 Οὐ
1755 5517 2013 5590 καμάτῳ,

353 5598 416 5657 οῦ
446 5601 867 5675 κατορθώμασιν
900 5600 1081 5666 ἰδίοις.
1132 5606 1260 5661 Δέον
1319 5604 1418 5680 γάρ
1478 5604 1709 5661 κολάσαι
1753 5604 1881 5669 τοὺς
1920 5626 2011 5683 γεο

351 5691 615 5768 νομὲνους
652 5692 824 5769 τέκνα,
856 5694 1045 5777 οησὶν,
1076 5695 1271 5772 ὀργῆς,
1325 5695 1553 5759 τούτους
1620 5688 1788 5754 ἔσωσε
1820 5697 2010 5774 χάριτι

2046 4584 2093 4649 Β

2124 3283 2294 3332 etiam
2322 3293 2447 3333 cum
2475 3293 2705 3334 essemus
2743 3284 2949 3336 mortui
2976 3297 3077 3351 per
3116 3281 3341 3351 delicta,
3374 3282 3783 3352 conviviﬁcauit

2120 3381 2219 3420 nos
2249 3381 2361 3421 una
2412 3382 2534 3422 cum
2590 3367 2823 3425 Christo.
2873 3370 2979 3425 Per
3007 3370 3254 3441 gratiam
3280 3374 3407 3427 estis
3431 3373 3635 3427 servati
3655 3387 3674 3426 :
3704 3374 3781 3427 si-

2121 3455 2346 3527 mulque
2374 3458 2742 3521 resuscitavit,
2781 3464 2832 3513 et
2860 3459 3027 3514 simul
3072 3459 3253 3515 sedere
3280 3462 3416 3529 fecit
3445 3462 3593 3516 inter
3622 3460 3784 3517 caele-

2121 3549 2229 3599 stes
2253 3561 2360 3615 per
2413 3545 2688 3603 Christum
2741 3547 2945 3617 Iesum,
2990 3555 3050 3603 ut
3110 3549 3416 3604 ostenderet
3470 3550 3529 3603 in
3574 3548 3786 3605 saeculis

2121 3634 2635 3703 supervenientibus
2731 3637 3058 3691 eminentem
3146 3638 3488 3707 apulentiam
3584 3639 3784 3707 gratiae

2121 3736 2259 3791 suae,
2317 3721 2380 3778 in
2437 3723 2775 3795 benignitate
2829 3742 2964 3798 erga
3015 3742 3116 3783 nos
3164 3743 3269 3797 per
3330 3726 3607 3782 Christum
3693 3726 3786 3781 Je-

2124 3826 2263 3867 sum.

2195 3901 2322 3957 Non
2352 3904 2658 3973 utcunque
2685 3901 3049 3971 misericors,
3099 3903 3204 3961 sed
3251 3904 3414 3960 dives
3455 3904 3518 3959 in
3549 3902 3782 3961 miseri-

2122 3988 2344 4046 cordia.
2410 3991 2475 4046 ln
2530 3990 2624 4046 his
2683 3991 2845 4047 enim
2904 3992 3004 4063 qui
3066 3994 3299 4049 Christo
3352 3991 3787 4065 obtemperant,

2118 4079 2398 4137 inefﬁcax
2427 4085 2537 4148 est,
2559 4097 2670 4137 nec
2692 4080 3020 4154 quidquam
3052 4089 3265 4155 potest,
3304 4090 3403 4140 aut
3432 4088 3788 4156 potestatem

2119 4172 2306 4229 ullam
2339 4170 2537 4228 habet.
2571 4172 2680 4237 Qui
2740 4189 2879 4228 vero
2937 4173 3168 4246 seipsos
3208 4174 3365 4232 filios
3394 4191 3462 4231 ac
3515 4174 3786 4231 hairedes

2122 4260 2548 4317 inobedientias
2580 4261 2743 4318 illius
2774 4262 3189 4332 reddiderunt,
3212 4265 3274 4321 in
3295 4265 3390 4321 his
3421 4269 3703 4338 operatur
3729 4268 3791 4321 et

2119 4356 2479 4424 potestatem
2511 4351 2730 4408 habet:
2766 4359 2824 4409 et
2874 4370 3112 4411 eramus
3162 4373 3274 4413 nos
3331 4356 3439 4412 sub
3494 4361 3788 4427 potestate

2122 4440 2306 4497 illius.
2337 4441 2642 4506 Quomodo
2666 4442 2694 4497 ‘?
2715 4445 2780 4499 In
2802 4460 2872 4499 eo
2904 4444 3063 4516 quod
3090 4446 3424 4503 faceremus
3453 4446 3791 4502 voluntates

2124 4528 2275 4601 ejus.
2303 4530 2416 4586 Sed
2448 4530 2605 4588 Deus
2633 4547 2742 4588 sua
2762 4535 3003 4605 copiosa
3034 4535 3448 4592 misericordia
3478 4542 3538 4592 et
3566 4535 3787 4593 eximia

2123 4618 2413 4672 charitate
2445 4633 2553 4673 nos
2594 4617 2732 4674 inde
2763 4619 3053 4685 liberavit,
3077 4628 3136 4679 et
3164 4629 3431 4679 mortuos
3464 4622 3787 4678 resuscita-

2120 4705 2221 4761 vit.
2262 4729 2288 4758 ι
2319 4707 2568 4777 Propter
2596 4707 2847 4763 nimiam
2880 4709 3229 4766 charitatem
3265 4727 3453 4767 suam.
3478 4735 3499 4761 ι
3539 4711 3657 4766 Ηοο
3684 4726 3787 4765 au-

2120 4800 2241 4850 tem
2264 4810 2297 4850 a
2317 4795 2509 4850 multa
2532 4796 2945 4854 misericordia
2971 4800 3256 4871 provenit.
3281 4799 3585 4865 Quomodo
3618 4798 3780 4855 enim

2121 4901 2256 4940 cum
2290 4899 2557 4940 essemus
2588 4885 2697 4940 filii
2729 4886 2854 4954 irae,
2888 4887 3089 4945 dilecti
3118 4889 3443 4945 fuissemus
3467 4888 3495 4945 Τ
3528 4912 3553 4939 ‹‹
3588 4889 3780 4946 Etiam

2123 4990 2257 5029 cum
2292 4988 2557 5029 essemus
2589 4976 2827 5031 mortui.
2861 4998 2886 5029 ι
2943 4979 3153 5034 Mortui
3205 4984 3493 5050 quantum
3536 4979 3612 5034 ad
3642 4978 3784 5036 boni

2122 5064 2376 5134 alicujus
2408 5064 2833 5134 operationem.
2870 5067 2971 5122 16
3019 5068 3138 5123 Hoc
3187 5075 3385 5124 autem
3417 5069 3639 5124 factum
3671 5074 3782 5137 est,

2122 5151 2336 5224 inquit.
2370 5159 2612 5224 propter
2643 5153 2860 5210 delicta
2891 5163 3113 5213 nostra.
3149 5179 3176 5206 ‹‹
3209 5157 3646 5214 Conviviﬂcavit
3673 5173 3782 5214 nos

2121 5259 2243 5298 una
2271 5258 2405 5297 cum
2436 5241 2688 5298 Christo.
2726 5266 2752 5292 ››
2785 5246 3041 5302 Rursum
3087 5247 3388 5303 Christum
3420 5248 3482 5303 in
3514 5249 3777 5304 medium

2122 5332 2382 5393 adducit.
2419 5347 2545 5387 rem
2578 5333 2768 5405 ipsam
2803 5336 3058 5392 reddens
3091 5337 3207 5393 tlde
3238 5338 3499 5412 dignam.
3533 5338 3589 5393 Si
3619 5338 3782 5393 enim

2122 5425 2401 5499 primitiae
2436 5426 2651 5495 vivunt,
2676 5443 2747 5482 ex
2769 5432 3162 5501 consequenti
3197 5432 3374 5488 etiam
3399 5449 3506 5487 nos
3530 5431 3630 5501 qui
3655 5446 3781 5485 cor-

2121 5533 2235 5587 pus
2265 5515 2395 5586 ejus
2428 5532 2633 5571 sumus
2663 5516 2993 5575 viviﬁcavit.
3029 5552 3094 5561 —
3123 5523 3290 5577 Nunc
3332 5521 3570 5593 quidem
3603 5524 3780 5590 pote-

2123 5611 2295 5672 state,
2358 5605 2739 5677 postmodum
2796 5625 2934 5666 vero
2994 5611 3281 5669 efficacia.
3327 5635 3354 5661 ‹‹
3387 5612 3499 5665 Per
3527 5609 3780 5681 gratiam

2123 5695 2267 5754 estis
2293 5694 2527 5753 servati.
2574 5718 2602 5749 »
2646 5696 2775 5757 Non
2830 5698 3057 5771 labore,
3115 5716 3241 5759 non
3291 5697 3548 5774 propriis
3605 5696 3781 5755 bonis
