4108 6406
356 375 504 434 1191

1477 369 1892 435 cucumam
1941 366 2242 430 mecm
2287 340 2664 432 Episcorl.

3614 371 3780 441 ιιοβ

353 510 653 582 operibus.
680 513 823 568 Nam
847 523 982 567 eum
1007 511 1596 584 oportuissetpunire
1618 525 1721 565 eos
1743 509 1844 580 qui
1867 507 1989 563 fact;

2120 500 2279 578 μόνῃ.
2339 501 2496 592 «Καὶ
2554 504 2839 579 συνήγειρε
2917 503 3008 592 καὶ
3075 504 3434 592 συνεκάθισεν.
3464 529 3493 558 ιο
3565 512 3786 584 Ὠσπερ

356 607 529 654 erant
558 601 664 655 filii
699 602 820 668 irae,
853 599 963 656 hos
1020 601 1148 656 sola
1206 600 1393 674 gratia
1423 599 1695 656 servavit.
1727 619 1755 649 «
1791 596 1989 653 Simut

2115 592 2227 668 γὰρ.
2246 598 2350 662 τῆς
2379 591 2639 668 ἂπαρχῇς
2668 594 2828 665 ἡμῶν
2879 591 2970 648 καὶ
3028 599 3144 662 τῆςς
3183 591 3430 674 κεφαλῆς
3466 599 3569 649 τοῦ
3626 598 3774 668 Χρι-

357 702 472 756 que
503 687 878 742 resuscitavit
916 693 974 742 et
1005 687 1184 744 simul
1217 688 1424 743 sedere
1455 687 1613 744 fecit.
1647 708 1676 738 »
1721 682 2012 752 Quemad-

2118 686 2248 737 στοῦ
2278 681 2661 758 ἓγηγερμίνης,
2693 681 2782 738 καὶ
2823 683 2970 754 ἡμᾶς
3003 679 3075 738 δι’
3101 683 3272 752 αὐτῆς
3302 682 3542 760 ἤγειρεν,
3592 685 3768 755 οὕτως

359 775 602 832 modum
647 777 807 833 enim
862 777 1134 833 excitatis
1177 777 1457 850 primitiis
1487 777 1708 833 nostris
1735 782 1795 832 et
1821 775 1989 847 capiti

2116 770 2286 840 αὐτῆς
2335 769 2702 845 κατεζομὲνης
2737 813 2753 838 ,
2810 769 2899 827 καί
2947 773 3011 828 τὸ
3062 770 3256 828 λοιπὸν
3331 777 3491 847 σῶμα
3540 773 3776 849 aia-{ida-

356 863 609 931 Christo,
645 883 752 920 nos
786 867 964 921 etiam
1025 881 1131 938 per
1187 866 1382 937 ipsum
1426 866 1736 922 excitavit:
1768 865 1853 920 ita
1880 864 2011 936 ipso

355 952 599 1008 sedente
631 969 1009 1025 consequens
1067 955 1246 1010 etiam
1305 961 1394 1010 est
1439 961 1504 1010 ut
1542 971 1757 1027 corpus
1785 953 2009 1008 sedeat.

349 1041 486 1099 ideo
543 1044 663 1098 ait:
727 1046 901 1098 «Per
953 1045 1251 1100 Christum
1303 1045 1523 1100 Iesum.
1558 1066 1588 1097 ››
1654 1046 1798 1100 Nam
1828 1039 1901 1109 ἐν,
1945 1043 2004 1097 id

347 1138 457 1202 est,
490 1136 549 1188 in
581 1135 813 1205 capitur
840 1152 946 1207 pro
978 1129 1086 1204 διὰ,
1107 1135 1168 1190 id
1199 1140 1310 1201 est,
1335 1153 1453 1206 per.
1486 1135 1653 1201 Quod
1683 1141 1883 1191 autem
1919 1149 2011 1190 se-

345 1222 528 1278 deant
558 1225 656 1294 qui
717 1224 876 1296 digni
932 1231 1087 1289 sunt,
1117 1224 1255 1280 audi
1313 1225 1611 1281 Christum
1655 1224 2014 1295 loquentem

345 1311 693 1382 discipulis:
730 1337 749 1360 ο
789 1313 1081 1369 Sedebitis
1113 1331 1293 1386 super
1340 1313 1651 1372 duodecim
1685 1313 1877 1383 sedes,
1903 1313 2008 1384 ju-

345 1400 610 1456 dicantes
644 1401 956 1458 duodecim
985 1402 1177 1458 tribus
1233 1403 1415 1460 Israel
1448 1405 1512 1459 ιο.
1564 1426 1592 1454 ››
1627 1405 1696 1457 Et
1724 1418 1998 1459 rursum:

343 1491 621 1546 «Sedere
674 1497 874 1547 autem
934 1508 967 1547 a
1023 1492 1254 1548 dextris
1307 1499 1410 1548 aut
1463 1493 1722 1548 sinistris
1757 1508 1877 1548 non
1909 1495 2002 1547 est

341 1597 541 1636 meum
572 1580 733 1646 dare,
767 1581 870 1636 sed
903 1582 976 1636 iis
1006 1582 1312 1654 continget
1341 1581 1556 1655 quibus
1597 1588 1872 1654 paratum
1906 1586 2000 1636 est

341 1687 375 1725 a
407 1672 577 1725 Patre
609 1673 834 1726 meo“.
870 1693 898 1719 »
929 1671 1175 1726 Interim
1227 1688 1361 1740 ergo
1395 1677 1666 1743 paratum
1699 1677 1806 1726 est.
1842 1673 1994 1727 Rur-

340 1775 630 1830 sumque:
672 1782 689 1805 -
729 1759 869 1814 Volo
901 1766 966 1814 ut
997 1760 1096 1816 ubi
1128 1776 1260 1816 sum
1289 1776 1416 1833 ego.
1451 1761 1530 1815 ibi
1560 1763 1680 1816 sint
1721 1767 1779 1815 et
1816 1759 1996 1816 mini-

342 1849 448 1904 stri
479 1850 595 1904 mei
619 1848 683 1906 η.
737 1870 766 1899 ››
820 1877 890 1892 --
943 1871 972 1900 ‹‹
1006 1850 1079 1906 Ut
1106 1849 1450 1905 ostenderet
1478 1850 1540 1905 in
1572 1850 1827 1907 saeculis.
1861 1871 1890 1900 »
1917 1851 2001 1906 Ne

341 1939 476 2009 quis
506 1938 851 1994 incredulus
883 1945 1040 1994 esset
1060 1939 1155 1994 his
1185 1957 1316 2010 qum
1347 1939 1507 1996 dicta
1536 1938 1832 2007 sunt,vide
1853 1956 1999 2012 quo-

344 2029 520 2083 modo
565 2028 714 2084 illud
770 2028 981 2084 reddat
1038 2028 1342 2085 credibile.
1377 2029 1543 2084 Unde
1575 2029 1695 2084 ait:
1731 2030 1864 2086 Hinc
1893 2045 1997 2085 au-

338 2123 458 2174 tem
512 2135 632 2173 non
688 2123 919 2173 tantum
973 2123 1216 2189 propter
1269 2117 1652 2174 dilectionem
1696 2135 1832 2192 ergo
1864 2135 1995 2188 nos,

340 2215 630 2278 quantum
649 2213 714 2262 ut
736 2205 1076 2264 ostenderet
1098 2207 1461 2263 eminentem
1485 2206 1848 2280 opulentiam
1870 2225 1997 2281 gra-

337 2296 433 2352 tiae
459 2297 517 2351 in
549 2296 786 2352 saiculis
810 2295 1384 2368 supervenientibus.
1415 2319 1444 2347 «
1469 2298 1839 2370 Benignitate
1863 2312 2002 2371 erga

336 2401 447 2441 nos
478 2402 584 2457 per
613 2385 910 2442 Christum
942 2387 1166 2451 Jesum,
1196 2409 1220 2434 n
1244 2387 1362 2442 Hoc
1393 2393 1501 2451 est,
1527 2402 1646 2443 non
1679 2386 1739 2442 in
1770 2387 1999 2443 Christo

2116 881 2263 930 ηται.
2297 861 2391 916 Διὸ
2415 882 2600 934 φησιν,
2652 882 2674 910 ε
2710 861 2797 918 Ἐν
2829 863 3050 936 Χριστῷ
3080 862 3280 933 Ἰησοῦ,
3319 886 3347 914 ››
3378 862 3647 935 τουτέστι,
3680 859 3774 919 διὸ,

2117 953 2352 1020 Χριστοῦ
2391 951 2596 1020 Ἰησοῦ.
2629 951 2750 1008 Ὅτι
2809 947 2866 1005 δὲ
2922 951 3232 1020 καθίζουσιν
3293 952 3344 1008 οἱ
3403 949 3569 1022 ἄξιοι,
3603 950 3767 1010 ἄκουε

2111 1041 2210 1094 τοῦ
2241 1040 2482 1112 Χριστοῦ
2540 1036 2798 1116 λέγοντος
2853 1044 2972 1103 τοῖς
3035 1043 3327 1115 μαθηταῖς·
3391 1065 3418 1094 ‹‹
3454 1042 3767 1113 Καθήσεσθι

2111 1127 2200 1184 ἓπὶ
2262 1125 2472 1185 δώδεκα
2527 1125 2775 1206 θρόνους,
2833 1129 3107 1206 κρίνοντες
3163 1131 3260 1193 τὰς
3319 1129 3530 1189 δώδεκα
3589 1131 3766 1209 φυλὰς

2111 1223 2209 1274 τοῦ
2242 1217 2489 1295 Ἰσραήλ.
2528 1243 2552 1274 ε
2585 1219 2684 1276 Καὶ
2739 1218 2926 1277 πάλιν·
2990 1245 3018 1274 ‹‹
3050 1219 3208 1277 Τὸ-δὶ
3237 1221 3453 1278 καθίσαι
3485 1221 3546 1278 ἐκ
3577 1220 3765 1295 δεξιῷ

2114 1329 2221 1380 μου
2250 1308 2342 1364 καὶ
2373 1308 2430 1379 ἐξ
2455 1307 2776 1381 εὐωνύμων,
2810 1308 2910 1366 οὐκ
2938 1305 3079 1368 ἔστιν
3112 1309 3243 1383 ἐμὸν
3277 1307 3486 1382 δοῦναι,
3519 1309 3646 1366 ἀλλ’
3679 1309 3766 1376 οἷς

2109 1396 2607 1472 ἡτοίμασταιπαρὰ
2633 1401 2732 1453 τοῦ
2766 1399 2974 1474 Πατρός
3001 1420 3128 1472 μου.
3166 1423 3192 1450 »
3223 1399 3374 1463 Τέως
3403 1399 3497 1460 οῦν
3529 1397 3765 1472 ἡτοίμα-

2109 1509 2250 1548 σται.
2287 1488 2388 1547 Καὶ
2418 1488 2608 1545 πάλιν·
2635 1514 2664 1543 ‹‹
2693 1489 2849 1546 Θὲλω
2866 1490 2957 1545 ἳνα
2977 1490 3119 1545 ’ὸπου
3145 1490 3263 1564 εἷμί
3292 1491 3429 1568 ἓγὼ,
3454 1490 3567 1548 ἐκεῖ
3585 1491 3676 1547 καὶ
3708 1489 3762 1547 οἱ

2109 1576 2356 1634 διάκονοι
2379 1581 2430 1634 οἱ
2454 1577 2600 1654 ἒμοί.
2630 1604 2660 1632 ››
2695 1614 2758 1624 -
2792 1612 2820 1633 ιι
2850 1582 2960 1638 Ἳνα
2982 1577 3278 1652 ἐνδείξηται
3311 1581 3363 1637 ὲν
3384 1585 3503 1646 τοῖς
3527 1583 3707 1642 αῗῶσι,
3734 1605 3763 1634 ››

2103 1675 2218 1725 Ἵνα
2251 1671 2328 1742 μή
2358 1690 2442 1732 τις
2474 1671 2748 1746 ἀπιστήσῃ
2811 1678 2928 1734 τοῖς
2975 1670 3314 1748 εἰρημένοις,
3347 1672 3447 1748 δρα
3477 1679 3595 1735 πῶς
3627 1672 3764 1729 αὐτὸ

2104 1760 2331 1815 πιθανὸν
2362 1766 2534 1831 ποιεῖ,
2562 1760 2654 1817 καί
2683 1781 2864 1838 φησιν·
2915 1764 3098 1819 Ταῦτα
3155 1760 3216 1818 Si
3271 1763 3332 1818 οὗ
3363 1767 3621 1819 τοσοῦτον
3671 1760 3770 1821 διὰ·

2103 1850 2206 1918 τὴν
2235 1851 2373 1924 πρὸς
2404 1854 2552 1926 ἡμᾶς
2585 1852 2806 1926 ἀγάπην
2840 1854 3032 1926 μόνον,
3059 1852 3185 1908 ὅσον
3213 1853 3308 1909 ’ἱνα
3336 1854 3426 1908 καὶ
3456 1850 3760 1924 ἐνδείξηται

2107 1937 2202 1994 τὸν
2241 1935 2658 2015 ὑπερϐάλλοντα
2695 1939 2934 1998 πλοῦτον
2961 1949 3062 2012 τῆς
3093 1942 3322 2018 χάριτος
3355 1942 3522 1998 αὐτοῦ
3554 1940 3608 1998 ἐν
3637 1947 3764 2007 τοῖς

2110 2026 2408 2101 μέλλουσιν
2437 2029 2622 2098 αῗῶσι,
2663 2031 2850 2111 ιρησὶν,
2879 2057 2907 2084 (ι
2959 2033 3049 2089 Ἐν
3102 2031 3443 2108 χρηστότητι
3501 2031 3582 2110 ἐφ’
3613 2033 3764 2105 ἡμᾶς

2107 2116 2160 2174 ἒν
2217 2121 2435 2196 Χριστῷ
2497 2123 2695 2190 Ἰησοῦ.
2727 2147 2754 2173 ››
2797 2121 3108 2192 Τουτέστιν,
3152 2120 3266 2178 (ιῦκ
3295 2119 3431 2198 ἄχρι
3482 2126 3577 2177 τοῦ
3623 2123 3758 2193 Χρι-

2110 2213 2237 2264 στοῦ
2266 2214 2434 2266 ταῦτα
2478 2207 2646 2285 μόνον
2707 2211 2890 2282 σταίη,
2951 2208 3099 2268 ἀλλὰ
3155 2207 3228 2266 δι’
3283 2211 3448 2267 αὐτοῦ
3500 2210 3617 2284 ἥξει
3668 2207 3759 2267 καὶ

2109 2299 2186 2362 εἷς
2215 2302 2362 2373 ἡμᾶς
2393 2301 2469 2363 ὡς
2518 2301 2609 2356 du.’
2636 2300 2818 2377 ἀρχῆς
2850 2301 2985 2376 πρὸς
3040 2301 3116 2356 τὸ.
3138 2298 3288 2359 ὅλον.
3321 2300 3384 2359 Τί
3419 2301 3475 2356 δὲ
3504 2299 3653 2374 ἥξεις
3687 2300 3763 2357 Τὸ

2109 2391 2610 2460 συζωοπαιηθῆναι.
2643 2390 2706 2446 τὸ
2738 2394 3080 2465 συγκαθίσαι.

341 2475 630 2531 duntaxat
657 2475 786 2530 haec
808 2476 1216 2547 perstiterunt,
1255 2475 1357 2530 sed
1407 2493 1516 2548 per
1562 2476 1758 2548 ipsum
1807 2477 1881 2533 ad
1927 2494 2038 2534 nos
2086 2497 2322 2552 quoque
2369 2480 2722 2554 perveniunt
2758 2488 3042 2554 tanquam
3073 2498 3107 2539 a
3136 2482 3429 2554 principio
3460 2481 3536 2539 ad
3564 2488 3762 2542 totum.

342 2565 501 2635 quod
532 2565 832 2636 reliquum
865 2571 954 2620 est
982 2581 1216 2636 cerpus.
1251 2565 1400 2630 Quid
1433 2571 1525 2621 est
1554 2572 1752 2622 autem
1786 2567 1946 2636 quod
1977 2570 2289 2640 pervenit?
2317 2587 2532 2644 nempe
2557 2587 2678 2628 una
2705 2571 2986 2628 viviﬁcari
3017 2578 3077 2628 et
3100 2588 3222 2629 una
3252 2573 3480 2630 sedere.

411 2653 482 2721 Π,
516 2654 670 2706 810.
707 2652 900 2708 Gratia
927 2655 1073 2707 enim
1129 2655 1251 2708 estis
1315 2655 1518 2708 servati
1557 2669 1662 2723 per
1686 2653 1868 2723 ﬁdem,
1908 2656 2000 2709 id-

343 2758 448 2812 que
473 2759 584 2797 non
615 2759 682 2797 ea:
711 2743 881 2799 vobis.
915 2743 1014 2797 Dei
1060 2742 1267 2797 donum
1313 2750 1428 2797 est:
1479 2757 1588 2798 non
1621 2759 1690 2799 ea:
1720 2746 1994 2814 operibus,

336 2847 404 2886 ne
436 2834 558 2901 quis
607 2832 895 2901 glorietur.
961 2835 1095 2886 Nam
1151 2834 1326 2901 ipsius
1369 2847 1554 2897 sumus
1609 2848 1747 2904 opus
1784 2834 1998 2889 conditi

325 2935 433 2990 per
461 2920 732 2976 Christum
760 2921 944 2976 Jesum
990 2919 1065 2975 ad
1107 2936 1278 2990 opera
1331 2921 1471 2975 bona
1500 2935 1622 2991 quae
1645 2937 1756 2990 pra
1771 2923 1996 2991 paravit

328 3009 468 3065 Deus
498 3016 561 3063 ut
591 3011 649 3063 in
685 3011 762 3064 eis
793 3009 1226 3065 ambularemus.

399 3223 428 3252 «
463 3202 678 3259 Gratia.
716 3224 743 3252 ››
777 3202 914 3268 Quae
946 3200 1224 3257 videlicet
1250 3206 1338 3256 est
1369 3217 1477 3272 per
1507 3199 1708 3268 fidem,
1744 3222 1771 3252 «
1805 3201 1988 3274 quue

2178 2659 2259 2730 Τῇ
2341 2657 2446 2733 γὰρ
2526 2657 2714 2733 χάριτί
2799 2656 2916 2714 ἔστε
3000 2658 3295 2734 σεσωμένοι
3373 2657 3464 2716 διὰ
3513 2667 3614 2730 τῆς
3670 2658 3758 2717 πί-

2107 2764 2272 2806 στεως
2309 2791 2323 2811 ,
2380 2746 2469 2800 καὶ
2535 2750 2696 2802 τοῦτο
2747 2745 2846 2802 οὐκ
2895 2745 2945 2817 ξε
3007 2749 3180 2821 ὑμῶν.
3245 2750 3378 2803 Θεοῦ
3433 2747 3497 2802 τὸ
3556 2743 3752 2820 δῶρον,

2104 2834 2204 2890 οὐκ
2263 2835 2314 2907 ἐξ
2373 2829 2547 2912 ἔργων
2580 2878 2594 2901 ,
2642 2833 2734 2890 ’ίνα
2787 2837 2862 2909 μή
2947 2857 3030 2899 τις
3116 2839 3494 2916 καυχήσηται.
3573 2837 3758 2894 Αὐτοῦ

2100 2925 2203 3001 γάρ
2259 2921 2419 2998 ἐσμεν
2477 2923 2694 2998 ποίημα
2727 2967 2742 2992 ,
2820 2925 3121 2989 κτισθέντες
3175 2926 3226 2982 ἐν
3291 2931 3511 3000 Χριστῷ
3573 2930 3752 2998 Ἰησοῦ

2101 3012 2188 3070 ἐπὶ
2249 3010 2428 3089 ἔργοις
2485 3013 2734 3089 ἀγαθοῖς,
2796 3017 2878 3078 οἷς
2925 3016 3332 3092 προητοίμασεν
3392 3019 3420 3072 ὁ
3455 3017 3604 3086 Θεὸς,
3660 3015 3753 3074 ἵνα

2097 3101 2150 3160 ἐν
2181 3103 2366 3166 αὐτοῖς
2402 3107 2883 3179 περιπατήσωμεν.

2167 3218 2196 3246 ‹‹
2226 3197 2309 3268 Τῇ
2340 3195 2442 3272 γὰρ
2475 3195 2688 3271 χάριτι.
2731 3219 2764 3254 »_
2809 3198 2894 3270 Τῇ
2955 3193 3044 3251 διὰ
3101 3205 3202 3266 τῆς
3239 3197 3474 3261 πίστεως
3535 3199 3746 3273 χάριτι.

325 3301 444 3347 non
478 3307 549 3347 ex
579 3291 762 3346 vobis.
801 3315 828 3341 ››
862 3293 942 3346 Ex
972 3291 1144 3346 nobis
1177 3290 1421 3362 quidem
1458 3297 1547 3346 est
1573 3290 1740 3353 fides,
1777 3306 1977 3346 verum

2101 3309 2122 3334 κ
2158 3282 2262 3340 Καὶ
2293 3288 2452 3338 τοῦτο
2511 3281 2612 3338 οὐκ
2642 3283 2693 3354 ἐξ
2753 3283 2924 3356 ὑμῶν.
2959 3308 2987 3337 ››
3017 3285 3104 3356 ’EE
3137 3287 3298 3360 ἡμῶν
3345 3286 3439 3360 μὶν
3541 3284 3746 3359 πίστις,

326 3380 515 3452 ipsius
547 3396 784 3452 quoque
814 3379 1043 3435 occasio
1086 3385 1176 3435 est
1225 3381 1397 3435 Deus.
1433 3379 1552 3434 Nisi
1587 3380 1748 3435 enim
1781 3381 1980 3436 incar-

323 3476 501 3538 natus
517 3469 745 3533 fuisset,
772 3469 1069 3541 quomodo
1094 3469 1494 3540 potuissemus
1515 3469 1798 3524 credere?
1815 3471 1979 3537 Nam,

322 3581 350 3608 ‹‹
385 3559 712 3628 Quomodo,
745 3558 960 3630 inquit,
995 3559 1240 3614 credent
1277 3559 1390 3614 nisi
1443 3557 1787 3616 audierint?
1817 3583 1843 3609 ››
1880 3561 1974 3615 17

321 3647 454 3703 Ideo
482 3647 704 3704 donum
739 3649 837 3703 Dei
874 3654 1043 3703 vocat
1077 3647 1278 3704 fidem.
1313 3652 1428 3703 Aut
1458 3649 1632 3704 etiam
1667 3654 1982 3722 propterea

320 3739 565 3800 donum.
599 3739 700 3810 qui
733 3755 927 3810 neque
959 3737 1106 3794 ﬁdes
1156 3753 1262 3809 per
1314 3738 1570 3810 seipsam
1613 3739 1840 3795 salvare
1873 3756 1977 3811 po-

320 3828 553 3895 tuisset,
585 3829 698 3884 nisi
736 3835 885 3884 Ueus
916 3844 1022 3900 per
1051 3829 1240 3899 ipsam
1273 3828 1498 3885 salvare
1529 3829 1829 3887 voluisset.
1865 3831 1978 3885 Do-

321 3933 464 3973 num
489 3918 686 3989 itaque
709 3918 810 3974 Dei
837 3924 927 3973 est
951 3917 1110 3989 quod
1132 3935 1238 3973 nos
1261 3918 1712 3980 crediderimus.
1740 3924 1798 3975 et
1819 3918 1977 3992 quod

319 4022 428 4078 per
457 4007 635 4063 ﬁdem
670 4008 967 4064 salvemur
995 4007 1219 4062 donum
1263 4009 1442 4062 etiam
1494 4008 1598 4063 Dei
1647 4013 1754 4064 est.
1789 4031 1815 4057 ‹‹
1850 4007 1978 4063 Non

319 4112 387 4152 ex
421 4096 702 4167 Operibus
729 4113 802 4151 ne
826 4097 960 4168 quis
981 4096 1287 4169 glorietur.
1315 4117 1344 4147 »
1365 4097 1493 4152 Non
1520 4096 1676 4168 quod
1698 4097 1886 4152 nollet
1909 4113 1978 4152 ex

320 4185 600 4257 operibus
633 4185 880 4252 salvare,
900 4185 1006 4242 sed
1034 4185 1192 4257 quod
1215 4186 1419 4241 nullus
1445 4186 1706 4258 potuerit
1736 4203 1806 4242 ex
1838 4203 1981 4258 ope-

317 4276 486 4331 ribus
516 4277 754 4343 salvari,
816 4277 934 4331 nisi
994 4293 1102 4348 per
1161 4275 1361 4332 ﬁdem.
1418 4276 1566 4340 Quia
1607 4292 1744 4348 ergo
1776 4277 1979 4333 nullus

317 4366 511 4440 potuit
561 4383 631 4422 ex
679 4367 960 4438 operibus
1011 4366 1246 4435 salvari,
1298 4382 1419 4421 non
1469 4365 1649 4422 etiam
1698 4366 1979 4439 gloriabi-

319 4461 438 4510 tur.

389 4567 418 4595 κ
454 4547 580 4602 Non
612 4562 685 4603 ex
717 4545 1016 4618 operibus.
1050 4567 1076 4594 ››
1105 4547 1185 4602 Ne
1217 4545 1352 4618 quis
1383 4547 1736 4620 arrogantia:
1767 4563 1975 4604 ansam

2091 3371 2237 3428 ἀλλᾶ
2267 3371 2354 3428 καὶ
2411 3373 2579 3442 αὐτῆς
2630 3374 2899 3450 πρὸφασις
2930 3375 2959 3428 ὁ
3000 3376 3150 3439 Θεόςν,
3207 3374 3271 3432 Ei
3310 3375 3415 3452 γὰρ
3478 3377 3555 3449 μὴ
3585 3373 3747 3446 ἓνην-

2089 3463 2366 3538 θρώπησε,
2402 3465 2520 3524 πῶς
2552 3462 2771 3541 εἳχοκεν
2814 3467 3094 3520 πιστεῦσαι
3129 3481 3142 3534 ;
3175 3487 3204 3516 ι(
3242 3467 3364 3528 "die;
3395 3464 3522 3539 γὰρ,
3581 3465 3740 3544 φησὶ,

2087 3551 2483 3620 πιστεύσουσιν,
2536 3547 2624 3606 ἒὰν
2662 3552 2739 3625 μή
2771 3551 3045 3610 ἀκούσωσι
3079 3573 3094 3624 ;
3123 3578 3150 3604 ››
3210 3553 3306 3608 Διὸ
3363 3551 3542 3629 δῶρον
3601 3557 3737 3610 Θεοῦ

2084 3640 2246 3696 καλεῖ
2272 3641 2373 3711 τήν
2403 3641 2588 3696 πίστιν
2613 3642 2688 3696 'H
2713 3642 2802 3696 καὶ
2850 3638 3026 3714 δῶρον
3087 3637 3177 3696 διὰ
3227 3646 3410 3709 τοῦτο,
3471 3642 3554 3698 ὅτι
3609 3639 3740 3698 οὐδὲ

2085 3731 2120 3799 ἡ
2156 3729 2336 3792 πίστις
2396 3734 2565 3785 σῶσαι
2621 3726 2789 3805 ’ίσχυε
2838 3732 2952 3786 καθ’
3007 3731 3222 3800 ἑαυτὴν,
3278 3729 3324 3786 εἰ
3381 3733 3458 3805 μὴ
3521 3732 3549 3788 ὁ
3602 3733 3735 3794 Θεὸς

2084 3813 2378 3890 ἠϐουλήθη
2413 3815 2504 3874 δα
2531 3825 2631 3888 τῆς
2665 3817 2900 3882 πίστεως
2932 3824 3102 3876 σῶσαι
3184 3821 3348 3880 Ὥστε,
3393 3821 3456 3875 τὸ
3513 3824 3733 3877 πιστεῦ-

2085 3930 2170 3964 σαι
2198 3911 2369 3983 ἡμᾶς,
2406 3906 2582 3984 δῶρον
2621 3912 2779 3973 Θεοῦ,
2813 3909 2904 3963 καὶ
2933 3910 2997 3965 τὸ
3057 3906 3150 3964 διὰ
3197 3909 3433 3972 πίστεως
3493 3917 3735 3979 σωθῆναι

2085 3994 2262 4072 δῶρον
2296 4001 2450 4056 Θεοῦ.
2501 4021 2530 4050 ‹‹
2562 3997 2684 4054 ΟύκΔ
2736 3997 2786 4068 ἐξ
2817 3993 2995 4076 ἔργων
3051 3997 3143 4053 ἳνα
3175 3999 3252 4071 μή
3303 4020 3388 4062 τις
3441 3999 3737 4074 καυχήση-

2081 4110 2192 4144 ται.
2226 4112 2256 4140 ››
2297 4087 2412 4145 Οὐκ
2468 4084 2655 4156 ἐπειδὴ
2717 4087 2819 4143 οὐκ
2884 4083 3160 4158 ἠϐούλετο
3199 4087 3250 4162 ἐξ
3311 4087 3480 4166 ἔργων
3543 4094 3736 4158 σῶσαι,

2083 4176 2210 4233 ἀλλ’
2245 4177 2328 4232 ὅτι
2375 4174 2552 4239 οὐδεὶς
2608 4175 2800 4252 ἴσχυεν.
2855 4175 2906 4247 ἐξ
2940 4175 3121 4252 ἔργων
3154 4180 3418 4249 σωθῆναι,
3459 4181 3503 4234 εί
3539 4180 3616 4252 μὴ
3647 4175 3740 4234 διὰ

2085 4268 2340 4328 πίστεως.
2376 4267 2528 4322 Ἐπεὶ
2558 4265 2651 4321 οῦν
2680 4263 2862 4330 οὐδεὶς
2915 4264 3138 4342 ἴσχυσεν
3206 4265 3256 4337 ἐξ
3318 4261 3492 4345 ἔργων
3555 4275 3738 4339 σωθῆ-

2082 4377 2192 4426 ναι,
2226 4353 2356 4412 οὐδὲ
2383 4356 2741 4435 καυχήσεται.

2156 4567 2186 4598 ‹‹
2215 4545 2334 4603 Οὐκ
2363 4545 2411 4617 ἐξ
2444 4540 2640 4622 ἔργων.
2678 4568 2702 4600 s
2735 4577 2804 4591 —-
2837 4547 3042 4621 [ΦΩΤ.]
3082 4553 3194 4605 Ἵνα
3229 4548 3306 4621 μή
3351 4566 3435 4609 τις
3468 4546 3725 4627 ἀφορμὴν

319 4635 590 4708 accipiat,
624 4636 793 4708 quasi
828 4652 895 4691 ex
927 4635 1183 4707 propriis
1213 4635 1496 4707 operibus
1528 4635 1717 4692 factus
1749 4637 1824 4693 sit
1857 4637 1976 4693 sal-

2101 4634 2345 4698 ἱπονοίας
2375 4628 2540 4710 λάϐῃ,
2573 4637 2648 4700 ὡς
2678 4633 2738 4691 ἐκ
2769 4635 2990 4692 οἰκείων
3047 4634 3216 4713 ἔργων
3276 4638 3490 4699 σωθεῖς,
3545 4639 3737 4695 Καίτοι

313 4735 437 4781 vas.
515 4730 694 4799 Atqui
779 4726 1150 4799 contingeret
1233 4740 1306 4781 ex
1391 4724 1670 4796 operibus
1747 4727 1972 4784 salvum

2101 4723 2174 4778 ιαὶ
2231 4723 2283 4795 ἐξ
2346 4719 2516 4799 ἔργων
2603 4725 2724 4794 ἐνῆν
2789 4725 3073 4794 σώζεσθαι,
3133 4723 3248 4780 οὐδ’
3297 4726 3496 4798 οὕτως,
3548 4726 3739 4804 φησὶν,

314 4815 463 4881 ﬁeri,
498 4833 608 4874 nec
642 4817 726 4871 sic
759 4820 1078 4888 oporteret,
1113 4814 1327 4886 inquit,
1380 4813 1441 4868 in
1474 4817 1874 4887 arrogantiam
1905 4833 1975 4873 ac

305 4903 657 4974 jactantiam
688 4905 982 4963 decidere.
1035 4903 1432 4970 Quamobrem
1453 4903 1481 4959 ‘I
1511 4904 1658 4969 Quia
1690 4905 1792 4960 Dei
1825 4923 1972 4978 opus

317 5007 563 5048 sumus:
625 5011 819 5064 neque
873 4994 933 5048 id
992 5000 1248 5057 tantum,
1308 5008 1510 5047 verum
1555 4993 1835 5049 etiamad
1863 4997 1974 5051 hoc

315 5081 539 5136 conditi
570 5088 635 5136 ut
665 5085 885 5138 bonum
917 5098 1322 5155 operaremur.
1360 5082 1562 5152 Itaque
1606 5082 1788 5138 etiam
1820 5084 1868 5139 si
1903 5101 1973 5140 ex

318 5169 491 5223 bonis
525 5172 802 5241 operibus
863 5172 1246 5238 salvaremur,
1283 5170 1486 5242 utique
1535 5171 1767 5240 justum
1817 5179 1976 5228 esset

317 5275 558 5314 causam
592 5261 655 5314 in
689 5261 872 5316 Deum
906 5261 1146 5326 referre,
1173 5260 1345 5332 eique
1369 5258 1588 5332 gratias
1612 5262 1975 5333 agere,quod

315 5348 444 5420 ipse
477 5366 586 5404 nos
618 5349 691 5404 ad
725 5349 784 5404 id
818 5351 1168 5412 condiderit,
1203 5355 1260 5404 et
1305 5365 1425 5404 non
1467 5348 1540 5404 ad
1571 5363 1681 5404 nos
1712 5350 1874 5421 ipsos
1907 5367 1976 5408 ea

314 5456 448 5511 quae
472 5439 827 5512 arrogantiae
851 5439 1262 5494 suntﬁrmare.
1289 5438 1534 5504 Quando
1555 5454 1690 5494 vero
1722 5440 1796 5495 ad
1817 5440 1976 5499 bona

309 5544 494 5603 opera
523 5529 773 5598 conditi,
823 5545 944 5584 non
1003 5528 1200 5586 solum
1259 5529 1409 5584 nihil
1440 5527 1582 5584 boni
1612 5535 1842 5601 operati
1875 5548 1977 5587 su-

391 5682 435 5719 ¹⁰
463 5683 664 5746 Matth.
695 5700 813 5760 xix,
847 5683 936 5744 σε.
1017 5683 1061 5722 ¹¹
1096 5679 1304 5744 Matth.
1343 5697 1440 5751 xx,
1472 5683 1566 5742 23.

2084 4813 2254 4888 ἐχρῆν
2289 4812 2364 4875 si;
2411 4813 2668 4869 ἀπόνοιαν
2723 4814 2812 4870 καὶ
2870 4814 3142 4890 καύχησιν
3185 4813 3450 4873 ἐκπεσεῖν.
3510 4817 3608 4884 Διὰ
3635 4816 3738 4888 τί;

2081 4905 2205 4963 Ὂτι
2235 4903 2368 4974 ποίη
2381 4907 2455 4977 μά
2478 4904 2637 4979 ἐσμεν
2660 4908 2756 4960 τοῦ
2787 4909 2941 4963 Θεοῦ.
2972 4906 3069 4960 Καὶ
3097 4909 3160 4960 ού
3179 4910 3340 4961 τοῦτο
3367 4907 3558 4980 μόνον,
3593 4904 3741 4963 ἀλλᾶ

2083 4993 2172 5048 καὶ
2204 4993 2290 5048 ἐπὶ
2331 4998 2412 5065 τῷ
2467 4994 2819 5070 ἀγαθοεργεῖν
2877 4994 3198 5057 κτισθέντες.
3267 4997 3424 5052 Ὥστε
3479 4998 3569 5052 κ.αέ
3616 4996 3739 5067 εὶὲε

2082 5079 2252 5159 ἔργων
2296 5078 2629 5156 ἐσωζόμεθα,
2681 5083 2757 5145 είς
2789 5083 2918 5140 Θεὸν
2947 5081 3010 5138 ἂν
3046 5082 3237 5157 εἷήμεν
3297 5081 3496 5140 δίκαιοι
3538 5085 3740 5164 ἀναφὲ-

2087 5191 2194 5246 ρειν
2223 5174 2324 5242 τὴν
2359 5171 2532 5227 αἰτίαν
2564 5173 2654 5227 καὶ
2698 5173 2797 5240 τήν
2855 5173 3230 5248 εὐχαριστίαν,
3281 5173 3366 5229 ὃτι
3398 5174 3559 5238 αὐτὸς
3587 5177 3739 5248 ἡμᾶς

2083 5261 2169 5317 ἐπὶ
2197 5261 2378 5335 τούτῳ
2407 5257 2636 5331 ἔκτισεν,
2667 5261 2797 5319 ἀλλ’
2831 5262 2964 5338 οόχῖ
2998 5262 3074 5325 εἷς
3098 5263 3326 5326 ἑαυτοὺς
3371 5265 3439 5318 τὰ
3467 5267 3567 5334 τῆς
3597 5264 3741 5320 ἀπο-

2082 5351 2233 5416 νοίας
2261 5351 2566 5424 κρατύνειν.
2600 5355 2730 5410 ’Ότε
2775 5350 2833 5408 δὲ
2889 5352 2979 5408 καὶ
3037 5355 3360 5423 κτισθέντες,
3421 5354 3509 5410 ἐπὶ
3557 5349 3744 5430 ἔργοις

2082 5439 2312 5518 ἀγαθοῖς
2344 5439 2406 5495 ού
2465 5441 2629 5514 μόνον
2690 5438 2845 5495 οὐδὲν
2909 5440 3606 5518 ἠγαθουργήσαμεν,ἆλλὰ
3655 5440 3746 5498 καὶ

2083 5529 2161 5593 εἰς
2191 5528 2505 5586 τούναντίον
2537 5529 2954 5608 ἀπηνὲχθημεν,
2984 5529 3079 5586 καὶ
3122 5531 3509 5607 ἀπενεχθέντες
3558 5531 3658 5588 οὐκ
3685 5530 3740 5606 ἒξ

1656 5683 1700 5722 ¹²
1729 5683 1893 5744 toan.
1926 5701 2026 5758 xu,
2057 5687 2166 5758 πε
2195 5701 2335 5758 ml,
2369 5685 2458 5746 ιι.
