4108 6474
229 396 378 460 1211

1338 391 1758 455 CICUMENII
1808 389 2115 453 TRICCE
2156 393 2538 459 159150091.

3484 390 3643 453 121!

227 527 583 591 extendatur
611 526 739 591 :ad
795 541 895 584 eos
925 524 1027 598 qui
1066 526 1308 586 fuerunt
1365 529 1505 584 ante
1536 524 1749 599 legem,
1810 523 1873 581 in

1987 521 2144 599 νόμῳ
2172 524 2264 580 καὶ
2299 524 2434 599 μετὰ
2464 525 2556 582 τὸν
2587 525 2780 597 νδμον,
2812 522 2889 588 είς
2915 525 3043 586 τοὺς
3100 526 3327 593 ζῶντας,
3388 521 3463 585 ei:
3514 524 3644 586 τοὺς

224 621 357 697 lege
391 627 449 676 et
475 625 611 695 post
638 619 850 691 legem,
912 617 983 673 ad
1018 617 1174 674 vivos
1206 623 1265 673 et
1320 624 1612 686 mortuos,
1652 616 1728 672 ad
1779 616 1876 671 Ju-

231 712 410 771 dzros,
434 710 662 767 Graecos
684 716 743 764 et
762 707 1073 771 Barbaros,
1099 706 1173 763 ad
1190 724 1401 764 omnes
1422 706 1730 781 gentes,ad
1769 720 1880 761 coe-

227 800 401 857 lestia
431 816 498 855 ac
532 808 804 864 terrena;
832 815 1039 870 pacem
1067 814 1331 869 namque
1362 798 1522 852 inter
1552 797 1710 870 ipsos
1741 811 1879 868 ope-

228 897 393 947 ratus
423 894 515 944 est
543 887 833 949 Christus,
867 903 999 942 cum
1034 888 1295 961 primum
1328 886 1687 942 dissiderent
1723 886 1881 940 inter

230 996 292 1037 se
323 985 528 1035 mutuo
561 976 753 1049 angeli
787 983 846 1032 et
874 977 1170 1032 homines.
1190 979 1474 1033 Precatur
1489 991 1625 1049 ergo
1648 975 1792 1049 ipsis
1814 980 1881 1031 ut

227 1068 358 1125 hinc
386 1072 785 1138 assequantur
816 1081 829 1119 :
863 1073 921 1119 et
947 1082 1069 1123 non
1100 1065 1226 1122 haec
1258 1064 1622 1121 tantum.sed
1652 1069 1710 1119 et
1741 1080 1880 1135 pro-

229 1156 587 1215 iunditatem
621 1155 751 1227 ejus
781 1170 849 1210 ac
882 1153 1344 1220 sublimitatem;
1378 1155 1658 1226 quoniam
1688 1168 1879 1225 usque

234 1245 309 1304 ad
340 1244 551 1304 inferni
586 1243 913 1316 penetralia
942 1244 1305 1301 ineffabilem
1337 1259 1506 1300 suam
1551 1243 1879 1316 potentiam

236 1342 296 1393 et
320 1333 782 1392 beneficentiam
816 1332 1103 1390 exhibuit.
1136 1331 1238 1388 illo
1269 1332 1509 1405 quidem
1543 1338 1782 1389 evocato
1822 1337 1881 1388 et

237 1423 557 1496 captivitati
592 1422 923 1496 subjugato.
958 1422 1202 1493 captivis
1232 1428 1430 1479 autem
1460 1422 1782 1494 redemptis
1812 1437 1881 1477 ac

230 1511 491 1569 libertati
535 1510 849 1566 restitutis.
904 1508 1133 1565 Deinde
1190 1510 1367 1565 etiam
1428 1508 1880 1576 sublimitatem,

233 1600 516 1674 quoniam
540 1600 589 1654 is
620 1600 721 1671 qui
755 1597 1065 1655 descendit
1093 1598 1219 1671 ipse
1244 1604 1335 1654 est
1365 1604 1424 1655 et
1445 1598 1550 1671 qui
1574 1597 1876 1654 ascendit:

233 1690 514 1763 quoniam
550 1705 729 1760 super
757 1688 938 1744 cmlos
968 1686 1250 1745 subduxit
1276 1688 1573 1761 primitias
1621 1694 1879 1753 nostras,

233 1780 519 1853 quoniam
539 1794 716 1851 super
735 1793 971 1832 omnem
1003 1778 1403 1851 principatum
1436 1794 1505 1833 ac
1528 1782 1881 1849 potestatem

234 1875 294 1925 et
321 1869 599 1925 virtutem
630 1883 698 1922 ac
756 1866 1250 1923 dominationem.
1287 1865 1461 1921 Vides
1518 1866 1877 1923 ineffabilem

1988 1874 2318 1949 κυριότητος
2353 1918 2366 1931 .

234 1956 663 2014 sublimitatem
698 1955 1158 2028 dispensationis
1185 1955 1399 2011 Christi
1431 1961 1489 2012 et
1527 1956 1881 2025 cognitionis

234 2047 586 2120 ipsius.Htec
617 2052 896 2118 precatur
926 2046 1011 2101 eis
1030 2045 1247 2102 Paulus
1269 2052 1335 2101 ut
1364 2046 1705 2120 intelligant
1732 2046 1880 2113 hanc,

234 2140 292 2190 et
322 2140 718 2207 assequuntur
753 2134 916 2201 Quod
950 2134 999 2190 si
1029 2134 1156 2192 hn'c
1186 2135 1443 2191 assecuti
1468 2136 1688 2191 fuerint
1715 2136 1883 2208 quid-

230 2240 369 2281 nam
403 2224 566 2280 erit?
594 2225 755 2280 Tunc
785 2230 1143 2298 cognoscent
1164 2223 1552 2281 excellentem
1584 2226 1715 2297 ejus
1745 2240 1883 2299 erga

236 2332 345 2372 nos
377 2315 747 2373 charitatem.
779 2316 850 2370 Et
880 2316 1023 2385 quid
1051 2316 1101 2372 si
1134 2316 1285 2372 hanc
1313 2316 1655 2373 noverimus
1684 2316 1712 2372 εἰ
1741 2316 1883 2382 Quis

231 2405 598 2463 contradicet
628 2407 775 2477 quin
804 2404 1128 2462 debeamus
1148 2406 1385 2478 impleri
1418 2407 1479 2463 in
1511 2408 1675 2464 omni
1697 2408 1883 2480 pleni-

233 2493 441 2553 tudine
463 2495 609 2552 Dei‘?
634 2510 847 2567 nempe
869 2502 935 2552 ut
958 2502 1145 2551 totum
1173 2494 1366 2569 ipsum
1392 2495 1671 2569 operibus
1694 2497 1880 2553 susci-

232 2586 469 2658 piamus
498 2585 600 2656 qui
632 2600 740 2641 nos
771 2583 853 2639 ita
884 2583 1230 2641 dilexit.Per
1260 2583 1637 2642 latitudinem
1659 2590 1880 2656 autem,

234 2672 404 2729 factae
463 2670 925 2745 dispensationis
980 2672 1453 2746 magnitudinem
1513 2673 1881 2747 significavit.

237 2761 519 2835 quoniam
548 2762 674 2818 haec
706 2767 846 2816 sunt
875 2760 1302 2830 magnitudinis
1333 2761 1736 2835 signiﬁcativa.
1767 2786 1793 2813 ‹‹
1817 2765 1887 2819 Et

236 2851 596 2921 sublimitas,
630 2874 656 2901 ››
692 2858 836 2923 puta
865 2851 1152 2922 mysterii.
1188 2872 1218 2902 ‹‹
1248 2854 1319 2906 Et
1357 2867 1734 2924 cognosl'ere.
1776 2876 1804 2903 ››
1839 2856 1886 2910 Α

237 2940 538 2996 communi
569 2956 745 2996 sensu
766 2938 1102 2998 subaudito.
1126 2940 1197 2996 Ut
1216 2940 1461 2996 valeatis
1487 2957 1500 3008 ;
1524 2956 1592 2997 ac
1613 2941 1660 2997 si
1689 2941 1883 2998 dicat:

233 3028 306 3084 Ut
321 3027 566 3085 valeatis
585 3026 834 3100 adipisci
854 3026 915 3083 et
929 3042 1338 3102 cognoscere.«
1369 3026 1765 3099 Excellentem
1785 3045 1887 3085 co-

228 3117 346 3191 gnil
360 3117 512 3174 ionis
525 3117 1393 3175 cliaritatemziiautcharitatem
1406 3118 1780 3176 excedentem
1796 3135 1888 3175 co-

1985 612 2466 682 τετελευτηκότας,
2502 616 2578 679 εἰς
2609 614 2735 677 τοὺς
2764 610 3083 680 Ἰουδαίους,
3117 611 3192 674 εἷς
3243 612 3370 675 τοὺς
3426 609 3640 681 Ἔλλη-

1985 726 2096 768 νας.
2130 706 2208 769 εἰς
2237 707 2365 771 τοὺς
2405 701 2745 782 Βαρϐἐρους,
2799 704 2875 767 ἐς
2924 704 3097 759 πάντα
3151 704 3219 759 τὰ
3261 700 3412 773 ἔθνη,
3466 703 3541 764 εἷς
3576 702 3642 758 τὸ

1986 795 2341 870 οὖράνια,εἰ‹;
2399 798 2464 851 τὰ
2517 795 2748 869 ἐπίγεια.
2813 792 3050 869 Εἰρήνην
3107 793 3209 867 γὰρ
3270 792 3555 867 εἰργάσατο
3584 790 3639 847 ἐν

1988 887 2172 949 αὐτοῖς
2204 888 2232 940 6
2265 886 2523 962 Χριστὸς,
2572 884 2837 961 πρότερον
2896 880 3453 955 ἐκπεπολεμωμένοις
3487 881 3638 937 οὖσιν

1989 974 2066 1037 εἷς
2108 973 2395 1044 αλλήλους
2442 980 2563 1037 τοῖς
2617 972 2876 1051 ἀγγὲλοις
2905 973 2994 1027 καὶ
3025 974 3141 1035 τοῖς
3172 974 3502 1043 ἀνθρώποις.
3537 966 3641 1027 Εὗ-

1987 1086 2144 1143 ’χεται
2177 1066 2268 1122 οῦν
2299 1066 2485 1128 αὐτοῖς
2516 1068 2683 1120 ταῦτα
2723 1058 3146 1129 καταλαϐέσθαι,
3207 1061 3297 1117 καὶ
3351 1061 3417 1116 οὑ
3473 1065 3643 1117 ταῦτα

1990 1155 2183 1229 μόνον,
2241 1153 2388 1211 ἀλλὰ
2442 1155 2529 1211 καὶ
2583 1155 2645 1210 τὸ
2682 1154 2845 1228 βέθος
2898 1153 3069 1221 αὐτῆς
3126 1150 3319 1206 καὶτὸ
3366 1150 3522 1223 ὕψος,
3557 1149 3643 1204 ὅτι

1992 1242 2159 1320 μέχρι
2203 1249 2320 1315 τῶη
2375 1248 2472 1300 τοῦ
2501 1240 2635 1315 ᾅδου
2664 1243 2929 1317 ταμιείων
2977 1243 3077 1311 τήν
3112 1240 3311 1320 ἄφατον
3347 1238 3516 1294 αὑτοῦ
3547 1235 3639 1293 3'5-

1986 1358 2148 1410 ναμιν
2206 1336 2299 1392 καὶ
2355 1336 2665 1410 εὐεργεσίαν
2712 1331 3044 1404 ἐπεδείξατο,
3096 1330 3298 1388 ἔκεινον
3358 1330 3450 1402 μὲν
3510 1349 3643 1384 κατ-

1988 1428 2221 1501 αργῆσα,
2272 1424 2362 1480 καὶ
2446 1423 2890 1505 αἰχμαλωτίσας.
2948 1421 3073 1482 τοὺς
3131 1418 3189 1476 εὶ
3244 1418 3641 1494 αἰχμαλώτους

1989 1513 2424 1591 ἁναρῥυσάμενος
2455 1516 2545 1569 καὶ
2603 1512 2991 1587 ἐλευθερώσας.
3050 1509 3184 1568 Εἶτα
3234 1508 3324 1562 καιῖ
3375 1507 3439 1562 τὸ
3479 1507 3640 1582 ὕψος,

1988 1603 2075 1661 ὅτι
2105 1605 2133 1659 6
2162 1598 2400 1667 καταϐὰς
2429 1603 2592 1665 αὐτὸς
2626 1601 2851 1657 ἐστικαὶ
2910 1601 2939 1656 6
2989 1593 3212 1666 ἀναϐὰς,
3272 1596 3354 1652 ὅτι
3389 1596 3640 1667 ὑπεράνω

1986 1698 2095 1751 τῶν
2124 1693 2378 1750 οὖῶανῶν
2419 1693 2657 1769 ἀνήγαγε
2705 1694 2805 1760 την
2856 1690 3116 1764 ἀπαρχήν
3144 1691 3328 1762 ἡμῶν,
3360 1688 3444 1742 ὅτι
3479 1686 3640 1758 ὑπερ-

1991 1784 2103 1840 άνω
2159 1784 2336 1853 πάσης
2392 1782 2574 1861 ἀρχῆς
2620 1782 2710 1836 καὶ
2779 1778 3019 1851 ἐξουσίας
3076 1778 3163 1832 καὶ
3216 1774 3498 1847 δυνάμεως
3547 1774 3640 1829 καὶ

2424 1875 2596 1946 Ὀρᾷς
2646 1871 2781 1944 ὕψος
2864 1869 3065 1947 ἄφατον
3157 1874 3257 1936 τῆς
3323 1866 3643 1938 οἱκονομιας

1990 1966 2227 2037 Χριστοῦ
2285 1963 2373 2018 καὶ
2425 1968 2527 2031 τῆς
2582 1961 2836 2037 γνώσεως
2880 1959 3066 2014 αὑτοῦ.
3119 1960 3298 2015 Ταῦτα
3350 1955 3639 2030 ἐπεύχεται

1986 2052 2170 2115 αὐτοῖς
2229 2052 2258 2108 6
2316 2050 2530 2113 Παῦλος
2581 2056 2915 2119 κατανοῆσαι
2991 2050 3159 2103 ταῦτα
3214 2038 3637 2101 καταλαϐέσθαι.

1986 2144 2082 2201 Ἂν
2117 2140 2174 2198 δὲ
2201 2145 2370 2199 ταῦτα
2416 2134 2853 2206 καταλάϐωνται,
2889 2139 2979 2205 τίς
3024 2136 3157 2191 Τότε
3213 2136 3509 2212 γνώσονται
3540 2135 3642 2200 τὴν

1984 2232 2063 2297 εἷς
2136 2233 2285 2304 ἡμᾶς
2374 2224 2824 2307 ὑπερϐάλλουσαν
2920 2227 3139 2302 ἀγάπην
3188 2224 3375 2283 αὐτοῦ.
3436 2225 3532 2281 Ἂν
3582 2220 3641 2278 δὲ

1984 2325 2214 2398 γνῶμεν,
2243 2320 2295 2375 τί
2330 2338 2343 2389 ;
2375 2320 2475 2379 Τίς
2534 2321 2743 2384 ἀντερεῖ
2786 2318 2848 2373 τὸ
2885 2318 2960 2389 μή
2998 2316 3126 2392 οὐχῖ
3160 2314 3443 2389 γρεώστας
3502 2312 3639 2367 εἶναι

1986 2409 2353 2485 πληρωθῆναι
2384 2407 2434 2464 ἐν
2490 2410 2649 2466 παντὶ
2709 2407 3049 2480 πληρώματι
3102 2404 3443 2473 Θεοῦ;()ὀν
3505 2401 3635 2459 ὅλον

1988 2496 2148 2552 αὐτὸν
2171 2492 2261 2552 διὰ
2288 2501 2397 2550 τῶν
2456 2493 2628 2571 ἔργων
2686 2492 2778 2549 τδν
2837 2493 3010 2554 οότως
3070 2490 3425 2567 ἅγαπήσαντα
3472 2486 3640 2545 aisai-

1987 2585 2397 2666 εαφθαι;Τίδὶ
2449 2587 2512 2643 τὸ
2571 2584 2778 2646 πλάτος
2843 2590 2943 2653 τῆς
2996 2581 3369 2658 γεγενημένης
3429 2579 3632 2636 ο“κονο-

1992 2676 2143 2751 μίας,
2174 2678 2236 2732 τὸ
2285 2676 2514 2753 μέγεθος
2567 2671 2976 2750 παρεδήλωσεν,
3037 2669 3224 2742 ἐπειδὴ
3266 2673 3433 2727 ταῦτα
3482 2667 3637 2747 μεγέ-

1990 2779 2119 2833 θους
2148 2762 2451 2835 δηλωτικά.
2503 2788 2533 2819 ‹‹
2565 2765 2665 2822 Καὶ
2699 2763 2851 2838 ὕψος.
2888 2787 2916 2815 n
2975 2762 3097 2818 Οῗον
3153 2764 3249 2816 τοῦ
3311 2757 3635 2832 μυστηρίου.

1996 2880 2018 2910 ε
2054 2855 2259 2913 Γνῶναί
2286 2875 2362 2914 τε.
2398 2878 2427 2906 ››
2468 2852 2607 2913 Ἀπὸ
2637 2857 2825 2908 κοινοῦ
2854 2852 2938 2921 τὸ,
2984 2850 3064 2907 ἵνα
3093 2849 3441 2926 ἐξισχύσητε,
3498 2848 3635 2916 οἷον,

1986 2944 2083 3001 ’ίνα
2121 2943 2445 3021 ἐξισχύσητε
2494 2936 2894 2998 καταλαϐἑσθαι
2952 2941 3041 2996 καὶ
3070 2942 3294 3015 γοῶναι.
3342 2939 3449 3006 Τὴν
3482 2937 3641 3012 ὑπερ-

1991 3030 2303 3091 ϐάλλουσαν
2333 3041 2433 3102 τῆς
2489 3035 2763 3108 γνώσεως.
2827 3031 2924 3087 Καὶ
2973 3030 3083 3098 ἳνα,
3116 3028 3272 3108 φησὶ,
3325 3031 3494 3105 γνῶτε
3536 3028 3636 3094 τήν

1994 3119 2446 3195 ὑπερϐάλλουσαν
2502 3127 2673 3178 πᾶσαν
2759 3119 3109 3194 ἀνθρωπίνην
3169 3122 3367 3191 γνῶσιν
3428 3115 3645 3190 ἀγάπην

229 3207 581 3280 Βηίιίουθῐῐιο
612 3205 713 3273 τήν
747 3201 1206 3274 ὑπτρδάλλουπιν
1236 3214 1335 3271 τῖς
1362 3208 1617 3283 γνώσεως
1646 3208 1879 3283 ἀγάπην.
1912 3255 1954 3287 ρ
1991 3217 2096 3269 Τοῦ
2128 3216 2388 3287 Χριστοῦ.
2425 3212 2523 3267 Καὶ
2583 3211 2693 3267 οῖον
2751 3216 2850 3279 τῆς
2880 3208 3134 3284 γνώσεως
3166 3206 3435 3281 ὑπεράνω.
3487 3206 3643 3261 ’Ἐστι

233 3297 297 3351 Et
324 3302 391 3353 ut
421 3296 812 3369 cognoscatis,
843 3296 1418 3370 inquit,charitatem
1451 3299 1665 3356 Christi
1701 3315 1872 3357 exce-

1996 3304 2091 3378 μὶν
2137 3303 2263 3380 γάρ,
2342 3301 2537 3371 φησὶν,
2617 3300 2865 3371 ὑπεράνω
2928 3296 3207 3373 γνώσεως,
3281 3291 3429 3361 πλὴν
3486 3293 3643 3365 ὑμεῖς

228 3385 467 3443 dentem
498 3401 739 3442 omnem
772 3387 1088 3443 humanam
1116 3388 1606 3462 cognitionem,et
1635 3406 1767 3463 quae
1788 3395 1878 3447 est

227 3474 409 3531 veluti
443 3490 623 3546 super
651 3473 1071 3549 cognitionem.
1108 3477 1410 3550 Siquidem
1443 3493 1623 3552 super
1678 3479 1877 3551 cogni-

227 3563 453 3621 tionem
487 3570 577 3620 est
605 3563 690 3617 ait
721 3580 734 3618 :
768 3569 1032 3622 attamen
1061 3582 1163 3622 vos
1194 3568 1564 3639 cognoscetis
1602 3568 1653 3625 si
1709 3568 1877 3626 Chri-

228 3660 382 3710 stum
415 3651 852 3709 inhabitantem
880 3654 1238 3725 balteatis,ut
1263 3672 1330 3713 ex
1364 3656 1478 3713 hoc
1504 3657 1877 3729 impleamini

226 3741 287 3796 in
321 3758 562 3800 omnem
595 3741 1024 3815 plenitudinem
1059 3744 1184 3801 De'.
1220 3744 1535 3802 Plenitudo
1575 3762 1714 3805 vero
1770 3746 1875 3805 Dei

228 3836 318 3888 est
344 3836 446 3887 aut
493 3846 667 3888 nosse
702 3831 862 3904 quod
896 3833 955 3889 in
1011 3834 1183 3889 Patre
1216 3840 1275 3891 et
1330 3834 1499 3904 Filio,
1530 3851 1601 3893 ac
1654 3836 1875 3908 Spiritu

227 3927 454 3989 sancto,
483 3921 765 3977 adoretur
793 3938 827 3977 a
856 3922 1029 3979 nobis
1057 3940 1211 3979 unus
1237 3924 1393 3982 Deus
1428 3942 1440 3980 :
1470 3932 1573 3982 aut
1600 3932 1668 3984 ut
1722 3926 1873 3994 sitis,

226 4010 441 4081 inquit,
474 4012 689 4085 repleti
719 4012 884 4069 omni
915 4012 1148 4070 virtute.
1186 4030 1303 4086 qua
1326 4013 1538 4089 plenus
1569 4021 1658 4072 est
1695 4016 1872 4074 Deus.

228 4120 259 4150 κ
289 4099 395 4165 Qui
431 4104 642 4171 potest.
673 4121 703 4150 »
733 4100 853 4157 Deo
885 4102 984 4172 qui
1016 4110 1213 4175 potest
1240 4121 1361 4159 non
1394 4105 1587 4162 solum
1613 4107 1783 4174 juxta
1818 4104 1875 4163 id

229 4188 387 4262 quod
444 4187 721 4257 dicimus,
781 4193 1171 4249 verumetiam
1229 4193 1626 4250 exuberanter
1679 4194 1876 4253 facere

228 4277 430 4335 omnia
455 4294 467 4332 :
492 4293 603 4335 nec
627 4279 822 4336 solum
853 4280 1174 4336 omnia.3|
1207 4281 1310 4336 sed
1342 4289 1403 4337 et
1430 4297 1610 4354 super
1636 4283 1873 4341 omnia:

226 4366 367 4436 Ipsi,
420 4366 636 4441 inquit.
676 4367 883 4441 gloria.
934 4373 1149 4427 Amen.
1208 4370 1624 4429 Animadverte
1674 4380 1875 4430 autem

228 4454 376 4510 duas
407 4454 763 4528 hyperboles
797 4472 810 4510 :
847 4463 991 4527 puta
1020 4473 1203 4529 super
1258 4459 1459 4516 omnia
1490 4461 1685 4521 facere
1742 4478 1875 4534 quas

227 4543 388 4601 dicta
418 4549 644 4605 sunt.et
658 4546 961 4604 cumulate
989 4562 1060 4604 ac
1090 4546 1489 4609 exuberanter
1515 4550 1712 4609 facere
1742 4566 1875 4626 quas

223 4633 367 4693 facit
417 4633 627 4693 PesSet
657 4634 821 4694 enim
852 4635 1032 4696 etiam
1060 4638 1230 4710 plura
1261 4642 1605 4699 summatim
1652 4641 1876 4700 faciens

227 4740 402 4798 quam
434 4725 623 4802 petita
647 4728 768 4784 sint
818 4743 941 4786 non
971 4730 1207 4790 abunde
1234 4749 1303 4789 ac
1335 4733 1645 4806 splendide
1677 4734 1874 4807 singu-

224 4812 278 4873 la
307 4815 522 4874 facere.
558 4841 584 4866 ‹‹
619 4818 792 4876 Juxta
819 4820 939 4877 vim
971 4828 1263 4895 agentem.
1301 4845 1327 4871 ιι
1362 4822 1432 4880 Ει
1470 4822 1629 4895 quod
1662 4824 1876 4882 exube-

225 4911 430 4961 ranter
465 4906 540 4963 ad
572 4922 642 4963 ea
671 4925 802 4979 quas
833 4910 1113 4981 petimus,
1146 4927 1215 4967 ac
1246 4910 1632 4985 intelligimus
1662 4920 1875 4985 potens

226 4992 303 5047 sit
334 4993 546 5057 facere,
599 4996 983 5055 manifestum
1014 5005 1105 5056 est
1156 5017 1229 5057 ex
1260 5010 1470 5075 agente
1504 5002 1564 5058 in
1619 5002 1791 5058 nobis
1822 5001 1874 5057 vi

224 5081 434 5151 ipsius.
468 5082 607 5146 Quis
640 5085 797 5140 enim
830 5086 945 5144 hoc
996 5095 1395 5161 exspectasset
1449 5088 1521 5146 de
1574 5090 1870 5162 gentibus,

224 5169 382 5242 quod
415 5170 517 5242 qui
551 5176 782 5229 tantum
813 5190 846 5229 a
874 5174 994 5230 Deo
1025 5175 1261 5249 abrupti
1295 5184 1353 5233 et
1382 5177 1648 5235 distracti
1680 5184 1870 5235 erant.

223 5259 383 5317 inter
413 5256 724 5331 adoptatos
754 5262 1216 5325 invenirentur?
1254 5290 1278 5315 α
1315 5266 1432 5339 Ipsi
1462 5266 1539 5324 sit
1567 5267 1756 5342 gloria
1811 5269 1874 5326 in

220 5345 540 5404 Ecclesia.»
573 5345 1072 5421 Quandoquidem
1108 5360 1343 5427 oportet
1371 5371 1508 5413 eum
1550 5357 1652 5429 qui
1710 5362 1876 5414 tanta

222 5435 403 5510 gratis
435 5436 598 5494 dedit
618 5437 1171 5513 glorificariltaque
1207 5443 1552 5517 gloriﬁcatio
1582 5445 1873 5504 indicium

224 5531 312 5583 est
342 5526 770 5599 magnitudinis
804 5529 1091 5588 bonorum
1120 5550 1252 5604 quas
1285 5534 1345 5592 in
1370 5536 1543 5591 nobis
1573 5544 1705 5593 acta
1735 5542 1876 5592 sunt

227 5630 405 5688 super
444 5634 681 5676 omnem
715 5634 880 5691 Spem
909 5626 969 5675 et
999 5625 1500 5694 exspectationem
1523 5625 1871 5682 humanam.

224 5706 398 5762 Recte
431 5712 627 5766 autem
659 5708 846 5785 gloria
870 5710 999 5783 ejus
1027 5717 1115 5766 est
1144 5711 1204 5769 in
1236 5712 1687 5783 Ecclesiis.Quia
1710 5714 1870 5772 enim

1992 3379 2284 3470 γνώσεσθε.
2337 3390 2383 3445 εἱ
2438 3389 2530 3446 τὸν
2582 3389 2819 3465 Χριστὸν
2878 3385 3110 3467 σχοὲητε
3166 3383 3501 3449 ἐνοικοῦντα,
3554 3379 3648 3437 ἵνα

1990 3477 2052 3537 ἐκ
2079 3500 2142 3535 το
2159 3480 2281 3535 ἇτου
2310 3476 2649 3553 πληρωθῆτε
2698 3474 2775 3539 εἷς
2816 3479 2917 3531 πᾶν
2949 3475 3012 3529 τὸ
3045 3471 3328 3547 πλήρωμα
3355 3475 3452 3526 τοῦ
3483 3472 3641 3528 θεοῦ.

1993 3567 2284 3640 Πληρωμα
2317 3565 2374 3623 δὲ
2403 3571 2500 3625 τοῦ
2531 3570 2665 3623 Θεοῦ
2722 3565 2884 3632 ἐστιν,
2914 3564 2951 3637 ἢ
2987 3564 3044 3618 τὸ
3074 3566 3280 3640 γνῶναι
3310 3560 3385 3623 ὡς
3438 3559 3489 3615 ἰν
3539 3565 3644 3614 lla:-

1987 3658 2076 3736 τρὶ
2106 3659 2191 3714 καῖ
2249 3658 2353 3727 Γίῴ
2408 3657 2498 3712 καῖ
2558 3656 2830 3729 Πνεῦματι
2878 3652 3015 3728 ἁγίῳ
3067 3654 3451 3727 προσκυνεῖται
3500 3651 3637 3722 ἡμῖν

1990 3750 2019 3806 ὁ
2049 3749 2201 3816 θεὸς,
2233 3746 2269 3818 ἢ
2300 3746 2390 3802 ῗνπι
2425 3746 2544 3816 ἦτε»
2594 3747 2751 3822 φτισῗν
2810 3741 3243 3815 πεπληρωμένοι
3292 3739 3471 3806 πάσης
3519 3739 3639 3809 ἀρε.

1987 3845 2111 3906 τῆς,
2133 3836 2202 3906 ἧς
2230 3837 2452 3908 πλήρης
2476 3837 2505 3891 6
2529 3834 2680 3897 Θεός.
2703 3859 2729 3885 ‹‹
2762 3836 2854 3904 Τῷ
2876 3830 2936 3887 δὲ
2957 3828 3257 3903 δυναμένῳ.
3285 3852 3314 3879 ››
3335 3832 3427 3900 Τῷ
3468 3825 3524 3883 δὲ
3555 3824 3643 3883 δυ-

1986 3926 2204 3999 ναμένῳ
2235 3928 2352 3995 Θεῷ
2381 3923 2448 3979 οὗ
2484 3923 2651 3995 μόνον
2683 3921 2823 3978 καθᾶ
2850 3918 3103 3995 λὲγομεν,
3137 3915 3283 3975 ἀλλὰ
3332 3916 3422 3972 καὶ
3482 3915 3641 3991 ὑπερ-

1988 4011 2307 4084 εκπερισσοῦ
2365 4016 2598 4077 ποιῆσαι
2678 4011 2871 4072 πάντα.
2947 4008 3037 4064 καὶ
3095 4008 3159 4063 οὗ
3223 4007 3387 4081 μόνον
3443 4006 3638 4073 πάντα,

1987 4101 2133 4162 ἀλλᾶ
2160 4103 2251 4158 καὶ
2300 4102 2332 4161 ὕ
2358 4102 2436 4177 ῑὶρ
2491 4103 2719 4167 ἅπαντα,
2768 4099 2936 4170 αὑτῷ,
2972 4097 3154 4176 φησὶν,
3185 4098 3219 4165 ἡ
3252 4092 3400 4167 δόξα,
3442 4095 3637 4168 Ἀμην.

1984 4195 2121 4269 Ὅρα
2152 4189 2211 4247 δε
2240 4190 2337 4247 δύο
2394 4185 2721 4249 ὑπαϐολάς.
2755 4188 2834 4246 T6
2893 4186 3025 4264 ὑπὲρ
3093 4185 3262 4242 πάντα
3317 4190 3546 4252 ποιῆσαι
3575 4183 3641 4239 τὰ

1989 4281 2269 4357 εἰρημένα,
2329 4280 2417 4337 καὶ
2470 4280 2931 4354 ὑπερεκπερισσοῦ
2983 4278 3210 4340 ποιῆσαι
3243 4275 3470 4331 ἃποιεῖ.
3520 4275 3638 4331 “Evt

1985 4373 2087 4446 γὰρ
2138 4372 2229 4427 καὶ
2309 4368 2543 4426 πλείονα
2614 4371 2877 4425 ποιοῦντα
2929 4370 3038 4422 τῶν
3094 4365 3424 4436 αἰτηθὲντων
3473 4364 3635 4436 κεφά·

1987 4457 2140 4531 λαεα,
2174 4466 2250 4535 μή
2283 4459 2532 4523 πλυσίως
2597 4460 2738 4533 μήτε
2791 4454 3042 4540 δαφιλῶς
3098 4449 3326 4513 ἕκαστον
3380 4460 3635 4523 ποιῆσαι.

1987 4574 2015 4602 ‹‹
2051 4550 2197 4606 Κατὰ
2245 4550 2346 4616 τήν
2408 4545 2638 4621 δῦναμιν
2693 4548 2793 4613 τήν
2851 4542 3277 4621 ἐνεργουμένην.
3325 4569 3345 4594 ο
3407 4544 3503 4599 Καὶ
3552 4544 3637 4599 ὅτι

1910 4621 2302 4715 Πέκπερισσοῦ
2373 4639 2448 4694 ὧν
2503 4636 2800 4710 αἰτούμεθα
2853 4636 2889 4708 ἢ
2947 4637 3177 4706 νοοῦμεν
3238 4630 3465 4696 δυνατός
3525 4631 3636 4687 ἐστι

1982 4736 2233 4799 ποιῆσαι,
2267 4726 2439 4798 δῆλον
2467 4727 2527 4783 ἐκ
2554 4729 2651 4795 τῆς
2686 4724 3004 4801 ἰνε·γο·5σης
3061 4720 3116 4780 ἂν
3173 4726 3310 4796 ἡμῖν
3357 4719 3641 4795 δυνάμεως

1983 4818 2169 4874 αὑτοῦ.
2221 4817 2319 4880 Τίς
2367 4817 2471 4894 γίιρ
2502 4819 2662 4870 τοῦτο
2696 4810 3070 4885 προσεδόκησε
3125 4813 3249 4882 περὶ
3304 4810 3633 4894 τῶνεθνῶν,

1983 4906 2067 4963 δτι
2116 4907 2170 4961 οἳ
2199 4909 2458 4962 τοσοῦτον
2518 4900 2894 4979 ἆπεῤῥωγὸτες
2953 4905 3110 4971 Θεοῦ,
3147 4900 3196 4957 ἒν
3226 4906 3344 4963 τοῖς
3394 4888 3641 4972 υίοθετη-

1985 5000 2149 5061 θεῖσιν
2210 4993 2387 5064 εἶσινς
2461 5016 2488 5047 ι
2530 4992 2692 5065 Αὐτῷ
2745 4994 2779 5060 ἡ
2832 4987 2960 5061 δὸξα
3016 4988 3068 5046 ἐν
3122 4994 3191 5063 τῇ
3251 4988 3570 5061 Ἐκκλησία.
3606 5015 3635 5043 »

1984 5081 2208 5152 Ἐπειδή
2269 5081 2353 5139 δεῖ
2417 5084 2508 5138 τὸν
2564 5084 2797 5137 τοσαῦτα
2856 5077 3243 5152 δωρησάμενον
3301 5076 3634 5151 δοξάζεσθαι.

1982 5177 2145 5231 ’Ὥστε
2172 5173 2265 5229 καὶ
2295 5176 2330 5243 ἡ
2365 5170 2662 5247 δοξολογίι
2691 5169 2893 5245 δεῖγμα
2942 5169 3178 5249 ὑπάρχει
3243 5172 3340 5223 τοῦ
3375 5169 3639 5244 μεγέθους

1981 5267 2092 5320 τῶν
2125 5261 2483 5337 ὑπηργμένων
2520 5261 2660 5333 ἡμῖν
2691 5261 2813 5316 moi
2842 5264 3014 5314 πάταν
3069 5255 3268 5314 ἐλπίδα
3322 5258 3415 5312 καὶ
3474 5279 3644 5332 προσ-

1984 5349 2168 5410 δοκίαν
2219 5351 2567 5424 ἀνθρωπίνην
2601 5350 2829 5424 ἀγαθῶν.
2890 5347 3088 5409 Καλῶς
3120 5345 3197 5415 δὲ,
3246 5350 3280 5416 ἡ
3314 5344 3441 5419 δόξα
3471 5347 3636 5404 αὐτοῦ

1984 5440 2036 5498 ἐν
2089 5447 2209 5504 ταῖς
2287 5439 2661 5512 Ἐκκλησίαις.
2718 5434 2940 5507 Ἐπειδὴ
3001 5437 3103 5513 γὰρ
3160 5435 3318 5493 αὗται
3375 5433 3636 5508 διηνεκῶς

1988 5530 2258 5604 μένουσιν,
2313 5528 2365 5586 ἐν
2417 5538 2637 5592 ταύταις
2695 5527 2807 5597 εἶή,
2850 5526 3039 5605 φησὶν,
3075 5529 3110 5597 ἠ
3160 5523 3289 5597 δῖξα
3325 5531 3421 5582 τοῦ
3479 5532 3637 5598 Θεοῦ,

1983 5620 2068 5677 ἴνα
2113 5623 2248 5695 ἡμῖν
2306 5620 2343 5696 ᾖ
2395 5618 2661 5690 διηνεκῶς
2719 5616 3099 5692 δοξαζόμενος,
3174 5616 3265 5673 καὶ
3327 5616 3403 5699 εἷς
3457 5617 3631 5683 πάσας

1982 5707 2116 5789 ἔλθῃ
2148 5711 2312 5768 τοῦτο
2338 5711 2538 5789 γενεάς.
2578 5743 2632 5752 -
2667 5708 3010 5786 [ΟΙΚΟΥΜ.]
3042 5706 3111 5763 Ἥ
3147 5706 3229 5761 ὅτι
3282 5709 3350 5782 τῇ
3401 5705 3649 5790 Ἐκκληέ
