4108 6416
421 389 585 454 1213

1486 392 1903 456 (ῘΟΜΜΕΝΤ.
1948 390 2038 453 IN
2083 388 2334 453 IPIST.
2390 391 2489 451 AD
2535 389 2814 452 EPHES.

3688 393 3847 456 1214

421 524 513 596 ei;
544 523 833 583 ἐπεύχεται
865 524 1006 583 ὥστε
1041 523 1321 602 διατηρεῖν
1352 527 1435 583 ἀεὶ
1491 528 1595 597 τήν
1635 524 1956 603 δοξολογίαν
1983 528 2067 580 toi

2193 526 2340 599 ipsa
2369 525 2651 583 continue
2666 530 3043 599 permanent,
3065 524 3128 583 ln
3149 523 3265 593 his,
3287 524 3505 598 inquit,
3544 524 3627 583 sit
3650 525 3845 595 gloria

422 614 584 674 Θεοῦ.
614 616 704 670 καὶ
750 617 828 688 μή
888 637 1021 672 ποτε
1059 624 1500 691 παρατραπῆναι.
1544 617 1618 673 Τὸ
1660 615 1736 678 δὲ.
1770 616 1820 671 ἐν
1864 617 2082 691 Χριστῷ

417 703 625 773 ἰτ,σοῦ,
688 702 748 774 ἢ,
815 704 919 759 Σὺν
967 706 1188 780 Χριστῷ
1242 707 1424 775 Ἰησοῦ
1481 706 1683 775 νόει,ἤ
1739 705 1784 761 εἶ
1839 708 2079 775 νοήσεις,

423 793 524 849 Διά
552 793 736 862 Ἰησοῦ
767 797 1036 869 Χριστοῦ,
1098 792 1187 849 διὰ
1225 796 1325 865 τὴν
1386 797 1557 871 σάρκα
1610 800 1772 851 τοῦτο
1828 794 1943 849 νόει
2002 793 2078 847 εἴ-

422 884 644 954 ρῆσθαι.

2192 618 2319 683 Dei,
2348 624 2481 674 uta
2512 619 2685 673 nobis
2734 618 3016 673 continue
3069 617 3474 690 glorificetur:
3537 617 3716 690 idque
3765 617 3843 676 ad

2192 723 2399 763 omnes
2423 710 2960 781 perveniattctates.
2991 739 3056 749 --
3077 712 3194 764 Aut
3222 708 3383 779 quod
3418 708 3530 778 ipsi
3564 708 3840 764 Ecclesia:

2190 805 2469 869 precatur
2498 806 2562 853 ut
2594 798 2868 855 observet
2899 815 3136 870 semper
3165 798 3269 853 Dei
3322 798 3842 870 gloriticationem,

2191 893 2249 942 et
2278 904 2584 958 nunquam
2618 888 2690 944 ab
2724 906 2791 944 ea
2847 894 3161 945 avertatur.
3227 888 3392 953 Quod
3448 894 3650 944 autem
3710 889 3839 945 ait:

413 974 477 1032 In
509 972 739 1030 Christo
767 975 943 1042 Jesu;
980 980 1082 1030 aut
1110 975 1375 1043 intellige
1401 994 1414 1032 :
1447 978 1592 1035 Cum
1624 976 1856 1033 Christo
1883 977 2060 1043 Jesu;
2095 981 2200 1033 aut
2228 977 2277 1034 si
2308 978 2713 1035 intellexeris:
2738 980 2850 1033 Per
2874 979 3075 1034 Iesum
3106 978 3692 1050 Christum,propter
3708 995 3842 1034 cur-

409 1078 546 1122 nem
583 1064 697 1120 hoc
729 1063 960 1121 dictum
993 1081 1125 1122 esse
1157 1083 1466 1141 cognosce.

1068 1155 1434 1224 KE¢AA.C.

417 1238 895 1329 Dapaincac‘vnsp‘:
940 1242 1157 1325 ἀγάπης
1174 1244 1448 1329 imitari:
1481 1241 1527 1299 εὶ
1557 1243 1645 1298 καὶ
1667 1243 1733 1329 τά
1764 1244 2082 1325 χαρίσματα

742 1314 1057 1391 διῄρηνται,
1092 1318 1225 1386 πρὸς
1258 1315 1525 1392 ὠσέὶειαν
1548 1317 1755 1387 κοινήν.

495 1400 808 1476 Παρακαλῶ
884 1399 980 1456 οὖν
1040 1403 1180 1476 ὑμᾶς
1235 1403 1347 1477 ἐγὼ
1395 1404 1424 1458 ὸ
1484 1399 1705 1476 δέσμιος
1759 1402 1808 1457 ἐν
1870 1402 2077 1478 Κυρίῳ,

419 1488 585 1561 ἀξίως
621 1497 986 1562 περιπατῆσαι
1035 1498 1136 1559 τῆς
1190 1490 1441 1562 κλήσεως
1500 1494 1569 1562 ἧς
1622 1489 1896 1561 ἐκλήθητε
1945 1493 2079 1564 μετᾶ

416 1577 595 1647 πάγης
624 1580 1123 1659 ταπεινοφροσύνης
1152 1581 1242 1637 καὶ
1290 1583 1618 1656 πρᾳότητος.
1676 1582 1823 1637 Mevi
1857 1602 2073 1655 μακρο-

412 1669 632 1743 θυμίας,
674 1670 999 1743 ἀνεχόμενοι
1032 1669 1296 1741 ἀλλήλων
1355 1670 1408 1727 ἐν
1439 1673 1640 1746 ἀγάπῃ,
1678 1670 2074 1740 σπουδάζοντες

407 1763 590 1832 τηρεῖν
621 1759 720 1827 τὴν
782 1757 1014 1828 ἑνότητα
1069 1765 1170 1814 τοῦ
1211 1761 1545 1833 πνεύματος,
1576 1758 1628 1816 ἐν
1684 1765 1762 1832 τῷ
1791 1758 2072 1834 συνδέσμῳ

408 1853 512 1916 τῆς
544 1847 786 1918 εἰρήνης.

409 1935 684 2009 ἇκλήθητε
715 1935 771 1992 ἐν
806 1942 908 2009 μιᾷ
936 1935 1123 1993 ἑλπίδι
1182 1946 1281 2008 τῆς
1339 1939 1592 2008 κλήσεως
1625 1940 1791 2012 ὑμῶν.
1836 1940 1931 2001 Εἷς
1967 1939 2078 1996 Κύ-

416 2044 551 2099 ριος.
590 2025 689 2099 μία
727 2027 931 2095 πίστις,
964 2022 1016 2083 ἔν
1053 2028 1359 2103 βάπτισμα,
1403 2029 1482 2090 εἷς
1551 2029 1681 2090 Θεὸς
1733 2028 1824 2083 καὶ
1886 2029 2075 2103 ΙΙατῆρ

418 2114 634 2172 πάντων
669 2115 698 2171 ὁ
728 2113 816 2171 ἐπι
848 2115 1067 2172 πάντων
1101 2118 1189 2173 καὶ
1260 2114 1349 2173 διᾶ
1405 2116 1621 2173 πάντων
1676 2118 1765 2172 καὶ
1822 2116 1875 2173 ἐν
1917 2123 2077 2173 πᾶσιν

425 2203 548 2278 ὑμῖν
560 2222 573 2239 ·

489 2295 551 2353 Ὁ
585 2291 673 2350 διά
701 2296 794 2350 τὸν
830 2295 1055 2372 Κύριον,
1081 2298 1237 2366 conci,
1270 2295 1517 2370 δέσμιοι.
1580 2295 1771 2361 Βαεαὶ,
1828 2299 1953 2355 ὅσον
2010 2300 2074 2355 τὸ

417 2382 652 2459 ἇξῖιιιμα,
685 2385 746 2440 τὸ
776 2381 1019 2441 δεδέσθαι
1051 2383 1141 2442 ’ὁιᾶ
1168 2386 1261 2442 τὸν
1291 2387 1551 2460 Χριστένῑ
1586 2383 1783 2458 Βαϐαῖ,
1815 2388 1913 2444 ὅσα
1928 2387 2072 2443 εἶπεν

419 2475 448 2529 ὸ
482 2475 747 2550 μακάρός
781 2474 1036 2547 Ἰωάννης
1096 2475 1173 2538 εἰς
1228 2477 1328 2548 τήν
1384 2474 1575 2533 ἆλυσιν
1636 2481 1734 2535 τοῦ
1802 2474 2070 2535 [la-57m»!

416 2564 516 2621 Καὶ
578 2563 742 2627 αὐτὸς
796 2564 952 2641 γάρὸ
1020 2566 1357 2629 Ἀπόστολος
1414 2567 1615 2639 ταύτην
1669 2563 2071 2642 προϐάλλεται,

417 2652 491 2715 ὡς
532 2648 622 2708 διὰ
649 2654 854 2723 ταύτης
882 2652 1221 2725 δυσωπήσων
1252 2655 1469 2721 αὐτούς.
1506 2681 1535 2709 ‹‹
1580 2660 1691 2726 Τῆς
1722 2655 1974 2728 κλήσεως
2004 2660 2072 2730 ἧς

424 2740 717 2811 ἐκλήθητε.
754 2767 783 2797 ››
817 2745 1045 2819 Μεγάλη
1074 2746 1179 2821 γάρ
1210 2747 1246 2816 ἡ
1277 2747 1499 2815 κλῆσις,
1532 2746 1619 2802 καὶ
1662 2746 1749 2803 ἐπὶ
1783 2746 2071 2823 μεγάλοις,

422 2829 511 2887 ἰπὶ
542 2836 622 2906 τῷ
652 2830 799 2909 ἔχειν
824 2834 1065 2913 κειξαλὴν
1123 2835 1215 2891 τὸν
1261 2838 1525 2912 Χριστὸν,
1557 2836 1645 2892 ἐπὶ
1684 2842 1762 2910 τῷ
1814 2838 1890 2901 εἰς
1922 2838 2073 2902 υἱοὺς

418 2920 560 2977 εἶναι
591 2926 745 2978 Θεοῦ.
780 2945 809 2973 ‹‹
870 2923 1020 2980 Μετὰ
1076 2923 1254 2994 πάσης
1285 2925 1810 3003 ταπεινοφροσύνης.
1844 2950 1873 2980 ››
1903 2932 2071 2983 Τουτ-

421 3010 585 3079 ἐστιν,
644 3009 698 3065 ἐν
750 3012 907 3066 παντὶ
965 3014 1266 3088 πράγματι,
1328 3013 1417 3069 ἐπὶ
1494 3016 1695 3080 παντὸς
1746 3016 2085 3092 προσώπουί

416 3095 576 3157 Οὕτω
632 3100 732 3176 γάρ
791 3099 929 3156 ἐστιν
985 3102 1148 3173 ἀξίως
1205 3109 1306 3173 τῆς
1362 3103 1612 3174 κλήσεως
1678 3112 2067 3182 περιπατῆσαι,

2832 1156 3066 1216 CAPUT
3107 1156 3198 1213 Vi.

2191 1245 2520 1304 Exhortatio
2546 1262 2651 1318 pro
2679 1247 2949 1303 charitate
2975 1248 3211 1312 unitiva,
3255 1248 3504 1318 quamvis
3553 1247 3702 1302 dona
3756 1246 3842 1302 di-

2474 1336 2739 1393 vidantur
2767 1338 2842 1392 ad
2870 1352 3207 1391 communem
3234 1338 3558 1392 utilitatem.

2260 1424 2356 1485 IV.
2390 1428 2409 1482 1
2445 1427 2496 1482 6.
2526 1454 2547 1470 η
2573 1426 3003 1499 Hortoritaque
3026 1442 3126 1482 vos
3149 1441 3253 1497 ego
3277 1425 3509 1481 vinctus
3537 1426 3598 1482 in
3638 1424 3843 1483 Domi-

2188 1535 2218 1564 «
2251 1532 2351 1582 no,
2374 1523 2439 1570 ut
2459 1514 2775 1572 ambuletis
2798 1518 2879 1571 ita
2900 1524 2965 1570 ut
2985 1514 3225 1584 dignum
3251 1522 3342 1570 est
3388 1514 3692 1571 vocatione
3726 1531 3845 1589 qua

2187 1625 2218 1656 «
2240 1606 2424 1661 vocati
2446 1608 2610 1667 estis.
2638 1623 2769 1661 cum
2797 1606 2956 1662 omni
2983 1605 3380 1662 submissione
3402 1620 3471 1662 ac
3493 1612 3808 1662 mansuetu
3824 1637 3838 1647 -

2187 1716 2217 1746 ‹‹
2235 1695 2534 1750 dine.cum
2554 1695 3353 1769 longanimitate,tolerantes
3367 1711 3466 1750 vos
3480 1695 3722 1749 invicem
3737 1712 3844 1767 per

2184 1805 2213 1833 (ι
2238 1784 2618 1840 charitatem:
2651 1784 2958 1840 studentes
3002 1800 3238 1840 servare
3263 1783 3554 1839 unitalem
3593 1785 3838 1855 spiritus

853 1850 950 1904 Ἕν
1021 1853 1182 1923 σῶμα
1230 1851 1318 1904 καὶ
1380 1848 1432 1905 ἔν
1490 1854 1722 1922 πνεῦμα,
1761 1850 1941 1914 καθὼς
1983 1849 2067 1905 καῖ

2190 1898 2206 1918 -
2237 1890 2343 1947 per
2362 1873 2662 1930 vinculum
2690 1873 3145 1946 spiritus,unum
3172 1890 3386 1945 corpus
3408 1879 3467 1928 et
3484 1890 3639 1930 unus
3663 1875 3842 1946 spiri-

2185 1986 2211 2013 α
2241 1969 2353 2021 tus.
2381 1963 2886 2036 quemadmodum
2911 1963 3098 2020 vocati
3126 1963 3269 2019 estis
3298 1964 3356 2019 in
3378 1979 3499 2021 una
3524 1980 3626 2037 spe
3668 1979 3844 2021 voca-

2182 2073 2211 2106 «
2239 2053 2490 2109 cationis
2504 2054 2840 2110 vastans?
2863 2054 3022 2109 Unus
3040 2052 3843 2113 l)ominus.unafides.unum

2183 2164 2211 2193 ‹‹
2233 2142 2563 2215 baptisma:
2587 2160 2744 2199 unus
2766 2143 2919 2199 Deus
2937 2148 2996 2198 et
3020 2144 3193 2197 Pater
3215 2143 3480 2197 omnium
3497 2143 3598 2214 qui
3620 2149 3710 2199 est
3732 2159 3836 2198 su-

2179 2254 2208 2282 ‹‹
2232 2249 2338 2304 per
2361 2248 2569 2288 omnes
2597 2236 2654 2287 et
2677 2249 2781 2303 per
2802 2247 3032 2291 omnes.
3063 2237 3121 2287 et
3142 2232 3201 2286 in
3244 2225 3521 2288 omnibus
3574 2232 3764 2287 nobis.
3802 2254 3832 2284 η

2250 2321 2513 2387 Vinctus,
2534 2322 3000 2393 inquit,propter
3023 2321 3362 2378 Dominum.
3387 2323 3559 2392 Papa:
3586 2321 3835 2392 lquanta

2179 2412 2434 2486 dignitas
2464 2412 2722 2469 vinctum
2757 2428 2885 2468 esse
2937 2419 3181 2485 propter
3237 2412 3558 2469 Christum.
3606 2414 3780 2485 Papa:
3814 2413 3830 2469 l

2178 2507 2402 2574 quanta
2430 2501 2579 2557 dixit
2610 2500 2817 2558 beatus
2873 2502 3132 2557 Joannes
3183 2501 3245 2558 in
3307 2501 3546 2558 laudem
3604 2507 3829 2559 catenas

2178 2590 2363 2647 Pauli.
2393 2593 2534 2647 Nam
2560 2596 2619 2646 et
2644 2591 2768 2664 ipse
2791 2591 3105 2663 Apostolus
3126 2589 3282 2649 hanc
3302 2590 3366 2647 in
3392 2590 3657 2649 medium
3689 2607 3830 2663 pro-

2174 2680 2290 2737 fert
2318 2686 2601 2753 tanquam
2626 2696 2732 2753 per
2762 2696 2894 2737 eam
2923 2678 3173 2737 ﬂectens
3204 2681 3385 2755 ipsos.
3434 2701 3463 2730 ‹‹
3512 2681 3832 2739 Vocatione

2178 2786 2297 2844 qua
2319 2770 2507 2826 vocati
2537 2771 2702 2826 estis.
2739 2792 2764 2819 η
2801 2770 3012 2844 Magna
3042 2771 3199 2827 enim
3235 2776 3324 2826 est
3352 2771 3579 2827 vocatio
3639 2776 3699 2828 et
3754 2770 3832 2828 ad

2176 2876 2391 2932 magna
2415 2876 2428 2914 :
2452 2866 2521 2915 ut
2540 2858 2800 2915 habeant
2821 2865 2999 2931 caput
3017 2859 3096 2915 Ch
3108 2860 3413 2929 ristum,ut
3432 2860 3550 2915 sint
3579 2859 3686 2916 filii
3705 2860 3829 2918 Dei.

2175 2972 2203 2999 ‹‹
2239 2950 2383 3006 Cum
2413 2949 2575 3005 omni
2610 2948 3007 3006 submissione
3066 2971 3094 2998 »
3128 2950 3247 3005 Hoc
3280 2955 3391 3017 est,
3424 2949 3485 3004 in
3517 2949 3679 3005 omni
3738 2967 3827 3021 re,

2174 3039 2569 3095 etadomnem
2593 3054 2929 3109 personam.
2963 3039 3051 3093 Ita
3090 3038 3251 3094 enim
3300 3038 3592 3111 contingit
3619 3038 3828 3094 ambu-

2174 3127 2296 3183 lare
2316 3134 2384 3183 ut
2405 3127 2649 3198 dignum
2676 3131 2766 3181 est
2787 3128 3117 3194 vocatione,
3145 3142 3362 3197 nempe
3385 3142 3522 3183 cum
3582 3126 3831 3184 submis-

422 3190 559 3263 μετὰ
584 3192 1086 3269 ταπεινοφροσύνης
1140 3192 1226 3247 κα’⁴
1284 3194 1593 3268 πρᾳότητος
1650 3195 1738 3249 καὶ
1792 3198 2062 3271 μακροῦυ.

2180 3217 2349 3272 sione
2369 3233 2436 3272 ac
2460 3215 2921 3273 mansuetudine
2952 3222 3011 3270 et
3038 3215 3488 3281 longanimitate
3522 3216 3828 3273 tolerando

420 3279 683 3352 μῖας,καὶ
711 3280 808 3336 τοῦ
868 3281 1151 3360 ἀνέχεσθαι
1185 3282 1474 3354 ἀλλήλων.
1509 3317 1576 3328 -
1636 3286 1841 3361 [ΦΩΤ.]
1899 3288 2065 3350 Ἔνθα

420 3368 524 3444 γάρ
554 3368 695 3425 ἐστιν
725 3370 935 3448 ἀγάπη,
967 3372 1138 3427 πάντα
1187 3372 1328 3428 ἐστὶν
1395 3372 1605 3430 ἀνεκτά.
1653 3402 1677 3425 u
1712 3374 2068 3447 Σπουδάζον-

412 3477 500 3517 τες
529 3464 714 3534 τηρεῖν
744 3464 844 3525 την
874 3461 1103 3530 ἑνότητα
1132 3467 1230 3517 τοῦ
1277 3463 1607 3535 πνεύματος,
1644 3490 1671 3516 )›
1729 3464 1781 3520 ἐν
1838 3471 1919 3538 τῷ
1950 3488 2069 3521 συν-

419 3544 658 3609 δεδέσθαι
688 3546 972 3619 αλλήλοις
1003 3550 1309 3625 ε’ρηνικῶς.
1339 3556 1458 3607 καθ’
1522 3550 1580 3609 ἓν
1612 3558 1771 3626 σῶμα
1800 3557 1892 3609 καὶ
1948 3559 2066 3620 καθ’

402 3634 459 3692 ’ἐν
502 3642 732 3711 πνεῦμα.
770 3642 942 3697 Τοῦτο
972 3640 1073 3715 γὰρ
1135 3643 1170 3709 ἡ
1229 3641 1415 3710 ἑνότης
1472 3647 1570 3699 τοῦ
1610 3643 1937 3716 πνεύματος,
1997 3645 2066 3715 ἣν

413 3727 617 3794 ἥνωσεν
646 3730 797 3800 ἡμᾶς
827 3727 1022 3797 ἐκεῖνο,
1079 3729 1170 3784 καὶ
1227 3729 1401 3792 οὓτως
1444 3730 1736 3801 ἐκλήθητε.
1767 3740 1832 3790 “ll
1894 3756 2067 3790 atton-

420 3813 670 3885 ἓάζοντες
702 3814 991 3886 ἀλλήλους
1021 3824 1205 3892 τηρεῖν
1238 3821 1328 3874 καὶ
1360 3821 1649 3897 φυλάττειν
1678 3819 1732 3879 ’έν
1790 3828 1947 3896 σῶμα
1974 3823 2064 3880 καὶ

418 3901 471 3960 ἓν
501 3909 713 3979 πνεῦμα
742 3906 881 3962 κατὰ
909 3909 1008 3975 τήν
1067 3907 1291 3977 ἑνότητα
1345 3914 1441 3963 τοῦ
1492 3910 1816 3983 πνεύματος,
1883 3915 2066 3978 καθὼς

411 3995 559 4066 ἡμᾶς
590 3996 651 4049 τὸ
683 3994 836 4070 ἆγιον
870 3994 1047 4066 ἥνωσε
1101 4002 1335 4069 Πνεῦμα,
1390 4000 1569 4062 καθὼς
1627 4002 1716 4055 καὶ
1770 4001 2060 4073 ἐκλήθητε.

411 4086 523 4151 Τήν
554 4085 812 4152 τοιαύτην
843 4082 900 4140 δὲ
922 4084 1185 4163 φυλάττει
1215 4084 1406 4143 ἕνωσιν
1440 4090 1468 4144 ὁ
1512 4093 1610 4154 τῆς
1668 4089 1881 4163 ἀγάπης
1938 4092 2060 4146 σύν-

409 4170 631 4245 δεσμος.
663 4170 822 4231 Ἀλλ’
852 4174 897 4229 εἰ
934 4175 1049 4247 μὲν,
1101 4177 1176 4238 ὡς
1229 4178 1290 4232 τὸ
1322 4177 1604 4253 πρότερον,
1635 4177 1958 4250 ἐλλειπτικὴ
2001 4179 2062 4236 ἄν

410 4261 497 4334 εἴη
535 4263 699 4337 μόνον
751 4267 785 4334 ἡ
848 4265 1114 4340 σύνταξις,
1174 4266 1477 4339 λειπούσης
1533 4276 1656 4339 τῆς,
1710 4273 1866 4340 κατὰ,
1925 4292 2064 4348 προ-

420 4351 642 4421 θέσεως,
700 4355 825 4409 οἷον
883 4356 998 4410 καθ’
1056 4351 1111 4413 ἓν
1170 4361 1333 4428 σῶμα
1411 4358 1500 4413 καὶ
1547 4362 1667 4416 καθ’
1715 4357 1769 4417 ἓν
1830 4365 2059 4436 πνεῦμα,

412 4440 481 4501 Ei
513 4440 582 4509 δ’,
615 4443 690 4507 ὡς
715 4444 777 4499 τὸ
808 4440 1080 4518 δεύτερον,
1111 4450 1258 4519 τρεῖς
1300 4442 1416 4521 ἔχει
1446 4449 1707 4522 τρόπους.
1740 4445 2060 4525 ὑπερϐατὸν,
2092 4449 2101 4456 ’

406 4530 519 4607 καὶ,
551 4531 693 4587 Ἀπὸ
722 4535 907 4588 κοινοῦ
959 4532 1094 4607 μετὰ
1153 4534 1470 4608 ζεύγματος,
1529 4538 1617 4592 καὶ
1674 4537 1878 4612 τρίτον,
1932 4540 2126 4614 Ἐλ--

408 4619 1016 4691 λειπτικὸν,κάνταῦθα
1058 4628 1157 4692 τῆς
1218 4623 1389 4692 αὐτῆς
1449 4625 1545 4699 μὲν
1603 4628 1909 4700 προθέσεως
1968 4621 2138 4685 iit-1’

410 4706 735 4778 λειπούσης,
769 4712 910 4780 οἷον,
942 4711 1091 4769 Κατᾶ
1121 4713 1220 4782 τήν
1245 4713 1494 4783 ἑνότητα,
1518 4719 1615 4770 τοῦ
1647 4713 1725 4785 δὲ,
1751 4714 2057 4789 ἀλλήλους,

409 4798 519 4856 ἀπὸ
548 4805 737 4856 κοινοῦ
798 4804 933 4874 μετά
983 4803 1285 4879 ζεύγματος
1346 4800 1783 4880 λαμϐανομένου.
1841 4807 2059 4880 Ἀλλή-

413 4886 546 4951 λους
578 4890 683 4966 γάρ
714 4889 1183 4962 ἑξακουσθήσεται.
1217 4895 1291 4949 Τὸ
1350 4893 1407 4952 δὲ
1456 4892 1754 4972 ὑπερῗατὸν
1801 4896 2057 4971 εὔδηλον.

406 4980 832 5050 «Τήιένότητα
889 4984 983 5037 τοῦ
1040 4982 1370 5057 πνεύματος.
1416 5008 1444 5036 ››
1505 4986 1752 5064 Καθάπερ
1809 4989 1909 5065 γάρ
1969 4987 2057 5045 ἐπὶ

406 5076 515 5128 τῶι
544 5073 830 5145 ἡμετέρων
864 5075 1157 5147 σωμάτων,
1194 5070 1306 5132 ἔστι
1359 5079 1421 5133 τὸ
1478 5082 1638 5155 ἡμῶν
1667 5087 1878 5155 πνεῦμα
1907 5083 2055 5157 ἐνερ-

403 5181 539 5236 γουν
573 5161 622 5216 ἐν
657 5164 784 5217 πᾶσι
815 5167 931 5226 τοῖς
965 5163 1154 5236 μελεσι
1206 5165 1299 5221 καὶ
1357 5167 1530 5223 πάντα
1587 5172 1853 5247 συνέχων,
1912 5173 2056 5229 οὕτω

400 5250 494 5307 καὶ
533 5253 596 5306 τὸ
628 5257 848 5324 Πνευμα
875 5253 938 5308 τὸ
996 5253 1153 5328 ἅγιον
1213 5257 1351 5329 ἡμῖν
1384 5254 1573 5329 ἐδόθη,
1602 5259 1729 5322 τοὺς
1764 5258 1906 5340 γένει
1964 5262 2054 5319 καὶ

400 5343 591 5420 τρόπῳ
656 5345 746 5400 καὶ
815 5342 969 5415 ἤθεσι
1028 5342 1459 5414 ὂιαλλάσσοντας
1511 5351 1664 5408 ἑνουν
1714 5354 1803 5409 καὶ
1861 5377 2053 5412 ποιουν

396 5434 545 5504 ἡμᾶς
575 5432 628 5488 ἓν
660 5438 837 5504 σῶμα.
875 5434 1091 5504 Ταύτην
1143 5436 1468 5512 φυλάξωμεν
1529 5442 1627 5506 την
1678 5442 1923 5513 ἑνότητα.
1956 5448 2056 5513 τήν

336 5526 346 5534 ’
394 5517 491 5577 διὰ
518 5542 615 5578 του
646 5522 801 5595 ἀγῖσυ
835 5519 1082 5585 δοθεῖσιν
1112 5527 1248 5597 ἡμῖν
1316 5528 1647 5599 Ηνεύματος.
1684 5534 1857 5595 ἿΙττς.
1895 5536 2052 5605 φησὶ,

394 5610 598 5685 γίνεται
632 5610 723 5668 διὰ
741 5633 837 5668 του
872 5612 1175 5688 συνδέσμου
1207 5619 1306 5687 τῆς
1334 5618 1579 5694 εἰρήνης.
1617 5647 1643 5674 ‹‹
1677 5623 1777 5681 Ἔν
1809 5599 1986 5699 σῶμα.
2021 5650 2051 5678 »

396 5703 637 5771 Γίνεσθε,
668 5702 850 5781 φησὶν,
902 5703 1049 5759 οὕτω
1108 5708 1496 5783 συνηνωμένοι,
1558 5711 1733 5775 οὕτως
1783 5711 2049 5787 ἀλλήλων

2175 3307 2450 3363 invicem.
2477 3307 2584 3363 Ubi
2618 3307 2774 3363 enim
2816 3311 2907 3364 est
2939 3306 3200 3364 Charitas
3230 3307 3433 3362 omnia
3459 3308 3633 3362 facile
3690 3308 3835 3364 tole-

2170 3402 2437 3452 rantur.«
2462 3396 2778 3452 Sludentes
2803 3412 3035 3453 servare
3062 3397 3374 3452 untitatem
3405 3397 3653 3469 spiritus
3681 3418 3709 3446 »
3724 3414 3833 3471 per

2171 3485 2283 3541 hoc
2315 3484 2473 3558 quod
2536 3491 2740 3541 mutuo
2791 3485 3039 3559 paciﬁca
3094 3485 3456 3555 colligemini
3500 3486 3828 3543 secundum

2169 3592 2359 3631 unum
2382 3591 2596 3647 corpus
2619 3582 2678 3629 et
2700 3575 3028 3631 secundum
3052 3591 3239 3631 unum
3267 3576 3541 3648 spiritum
3579 3576 3637 3632 ld
3665 3577 3829 3632 enim

2169 3672 2260 3720 est
2282 3665 2478 3720 unitas
2502 3665 2744 3739 spiritus
2767 3681 2884 3735 qua
2907 3665 3009 3718 ille
3033 3682 3132 3719 vos
3150 3666 3357 3725 univit.
3406 3671 3467 3721 et
3523 3671 3606 3721 ita
3633 3666 3825 3722 vocati

2171 3754 2314 3809 estis
2370 3758 2486 3811 Aut
2539 3754 2849 3811 studentes
2878 3755 3130 3809 invicem
3167 3770 3401 3810 servare
3432 3761 3489 3809 et
3518 3754 3826 3812 custodire

2164 3860 2348 3901 unum
2384 3859 2600 3913 corpus
2630 3848 2689 3899 et
2718 3859 2903 3899 unum
2936 3844 3208 3915 spiritum
3239 3843 3568 3901 secundum
3630 3844 3830 3899 unita-

2167 3940 2289 3990 tem
2313 3933 2762 4005 Spiritus.sicut
2785 3933 2960 3988 etiam
3014 3934 3199 3988 vocati
3249 3932 3413 3988 estis.
3465 3932 3824 4002 Huiusmodi

2167 4031 2366 4081 autem
2390 4023 2679 4079 unionem
2704 4028 2897 4077 servat
2918 4021 3218 4078 vinculum
3239 4022 3567 4077 charitatis.
3608 4024 3822 4081 Verum

2167 4113 2215 4169 si
2240 4111 2420 4183 priori
2447 4110 2625 4166 modo
2650 4111 3032 4180 intelligatur,
3064 4110 3391 4167 defectivus
3428 4117 3659 4167 tantum
3709 4112 3826 4168 erit

2168 4218 2385 4271 sermo,
2410 4200 2722 4257 deﬁciente
2746 4201 3165 4273 pra-positione
3183 4201 3340 4269 κατά,
3374 4200 3431 4257 id
3487 4208 3596 4271 est,
3625 4218 3821 4257 serun-

2168 4292 2439 4361 dum,hoc
2459 4298 2567 4355 est.
2595 4291 2919 4348 secundum
2944 4308 3128 4348 unum
3154 4307 3369 4367 corpus
3391 4297 3450 4349 et
3489 4291 3818 4350 secundum

2168 4398 2354 4439 unum
2376 4382 2651 4455 spiritum
2678 4399 2690 4437 :
2717 4382 2766 4437 si
2784 4398 2922 4436 vero
2938 4382 3111 4453 juxta
3134 4382 3522 4454 posteriorem
3554 4381 3819 4452 modum,

2169 4478 2290 4527 tres
2314 4471 2491 4529 habet
2515 4477 2710 4543 tropos
2736 4488 2749 4525 :
2774 4487 2990 4544 nempe
3014 4470 3401 4544 hyperbaton.
3430 4478 3527 4529 et:
3553 4480 3599 4526 A
3656 4487 3824 4528 com-

2172 4560 2344 4617 muni
2371 4576 2555 4617 sensu
2585 4560 3170 4619 subintellectionem
3203 4576 3340 4618 cum
3388 4567 3713 4634 zeugmate,
3753 4576 3823 4617 ac

2170 4649 2344 4703 tertio
2374 4648 2646 4719 eclipsim
2676 4648 2797 4705 sive
2826 4648 3143 4714 defectum,
3176 4648 3493 4705 deficiente
3525 4649 3702 4705 etiam
3727 4648 3822 4705 hic

2168 4736 2376 4795 eadem
2398 4737 2836 4808 prwpositione.
2863 4754 3078 4807 nempe
3103 4738 3431 4794 secundum
3450 4737 3759 4793 unitatem.
3775 4740 3822 4795 Α

2169 4827 2469 4883 communi
2501 4833 2698 4881 autem
2729 4841 2907 4883 sensu
2938 4826 3440 4900 subintelligendo
3491 4842 3626 4882 cum
3684 4842 3821 4885 zeu-

2168 4914 2735 4989 gmate,accipiendo
2756 4915 3003 4972 invicem
3024 4933 3038 4972 :
3065 4915 3456 4973 subaudietur
3475 4915 3635 4972 enim
3666 4916 3820 4973 lnvi-

2168 5023 2319 5063 cem.
2348 5008 2529 5062 Porro
2546 5004 2912 5077 hyperbaton
2932 5007 3311 5063 manifestum
3328 5011 3436 5062 est.
3457 5030 3482 5057 ιι
3515 5006 3814 5064 Uuitatem

2168 5099 2432 5170 Spiritus.
2470 5120 2498 5147 »
2531 5097 3043 5164 Quemadmodum
3077 5099 3239 5155 enim
3269 5100 3331 5154 in
3366 5100 3584 5155 nostris
3613 5115 3818 5171 corpo-

2164 5188 2331 5245 ribus
2361 5192 2455 5246 est
2482 5194 2686 5242 noster
2715 5187 2959 5260 spiritus
2988 5203 3170 5261 agens
3200 5188 3260 5243 in
3292 5188 3570 5246 omnibus
3629 5203 3819 5246 mem-

2164 5275 2310 5345 bris,
2336 5277 2617 5336 etomnia
2649 5277 3001 5332 continens:
3054 5277 3138 5332 ita
3183 5284 3238 5333 et
3289 5277 3544 5351 Spiritus
3574 5283 3817 5337 sanctus

2164 5352 2338 5423 nobis
2359 5366 2532 5422 datus
2558 5372 2777 5423 est.eos
2800 5366 2899 5437 qui
2924 5380 3141 5439 genere
3162 5372 3223 5422 et
3249 5367 3424 5422 modo
3447 5385 3517 5424 ac
3552 5366 3741 5423 morib
3772 5383 3817 5422 ,ε

2165 5454 3148 5519 όὶῐῖμτρὺοηι,ιιηίοηετθίῑέιοίειιδ
3196 5472 3305 5512 nos
3349 5472 3532 5512 unum
3572 5471 3810 5526 corpus.

2165 5544 2325 5601 Hanc
2349 5544 2714 5602 servabimus
2732 5544 3024 5603 unitatem
3045 5562 3176 5619 quae
3201 5546 3376 5604 nobis
3398 5562 3503 5618 per
3528 5544 3812 5616 Spiritum

2165 5642 2434 5692 sanctum
2468 5633 2604 5691 data
2632 5638 2743 5691 est.
2777 5634 2916 5700 Quae
2948 5636 3034 5706 fit,
3088 5637 3303 5709 inquit,
3356 5651 3463 5708 per
3506 5633 3811 5691 vinculum

2162 5723 2343 5795 pacis.
2382 5745 2411 5773 ‹‹
2438 5725 2632 5782 Unum
2663 5740 2897 5800 corpus.
2933 5745 2962 5776 η
2993 5727 3081 5784 Ita
3110 5725 3290 5784 simul
3340 5723 3657 5794 uniamini,
3710 5724 3815 5793 ait,
