4108 6412
308 389 336 447 1
349 388 465 448 225

1368 374 1767 440 COMMENT.
1816 372 1903 434 IN
1950 371 2199 432 EPIST.
2245 370 2360 432 AD
2400 372 2674 433 EPBES.

3563 381 3583 436 l
3602 381 3718 439 226

371 519 583 595 ’Expﬁc
612 515 689 588 μή
727 513 887 588 μόνον
939 509 1028 568 διὰ
1076 508 1175 567 τοῦ
1230 513 1533 586 παραινεῖν,
1564 503 1719 595 ἀλλὰ*
1739 503 1829 595 καί
1860 500 1950 558 διὰ
1977 567 1982 575 1

2129 504 2402 595 onrtuit
2431 523 2553 562 non
2584 506 2778 563 solum
2810 508 3201 578 exhortando,
3236 508 3338 566 sed
3358 514 3415 566 et
3442 511 3719 567 terrendo

300 611 401 663 τοῦ
432 592 621 685 ιρόὄεῖν
674 601 766 658 καὶ
822 600 901 675 τῷ
959 599 1077 674 Θεῷ
1131 596 1514 676 παραδιδόναι,
1560 597 1659 665 τήν
1703 592 1955 650 διδασκα-

308 682 828 770 λίαννέργάζεσθαι.
911 689 1297 765 Μαρτύρομαι,
1372 687 1560 766 φησὶν,
1627 684 1678 740 ἐν
1748 682 1955 770 Κυρίιρ,

305 781 571 849 τουτέστι,
608 778 855 856 μάρτυρα
884 779 975 834 τὸν
1010 778 1203 853 Κύριον
1234 775 1408 847 καλῶ,
1441 776 1527 831 ὅτι
1559 774 1715 830 εἶπον
1762 770 1817 826 τί
1879 767 1961 824 δεῖ

307 873 449 947 ὑμᾶς
481 871 756 947 πράττειν.
812 871 948 945 Ὅρα
1004 865 1062 923 δὲ
1118 866 1330 945 σοφίαν.
1390 865 1508 923 Οὐκ
1564 864 1701 932 είπε,
1747 858 1960 931 Μηκέτι

312 962 453 1035 ὑμᾶς
503 965 843 1036 περιπατεῖν,
904 959 1085 1023 καθὼς
1143 960 1506 1033 περιπατεῖτε.
1563 950 1831 1027 (Ἔπληξε
1858 948 1961 1026 γὰρ

306 1052 416 1123 ἂν.)
484 1048 666 1106 Ἀλλά
719 1049 885 1104 τοῦτο
945 1048 1037 1121 μὲν
1116 1044 1411 1116 ἐδήλωσεν,
1469 1043 1576 1099 ἀπὸ
1643 1039 1700 1096 δὲ
1765 1039 1961 1110 ἑτέρων

305 1139 488 1217 ἤγαγε
540 1139 604 1195 τὸ
662 1135 1029 1212 παράδειγμα.
1092 1160 1121 1188 ‹‹
1161 1137 1247 1191 Ἐν
1310 1131 1635 1208 ματαιότητι
1681 1133 1784 1186 τοῦ
1838 1128 1963 1190 νοὸς

305 1219 505 1288 αιῖτῶν.
541 1253 571 1281 n
604 1260 671 1271 —
704 1227 917 1302 [ΦΩΤ.]
952 1225 1046 1289 Εἰς
1091 1226 1155 1280 τὸ
1189 1225 1267 1297 μὴ
1299 1223 1425 1298 περὶ
1455 1222 1523 1277 τὰ
1557 1221 1758 1294 μάταια
1791 1219 1963 1294 ἀσχο-

310 1317 665 1374 λεῖσθαιυτὸν
720 1320 849 1371 νοῦν
907 1316 1085 1388 ὑμῶν.
1142 1313 1221 1373 Οὐ
1277 1313 1345 1370 τὰ
1399 1314 1498 1381 τῆς
1539 1307 1801 1381 ἀληθείας
1831 1327 1969 1384 φρο-

309 1411 526 1469 νοῦντες
587 1406 681 1461 καὶ
755 1405 1103 1467 πιστεύοντες
1176 1403 1269 1459 καὶ
1342 1399 1764 1475 ἀποδεχόμενοι,
1840 1394 1968 1452 ἀλλ’

309 1498 444 1571 ἅπερ
498 1496 561 1551 ἄν
623 1496 653 1551 6
709 1499 836 1557 νοῦς
898 1493 1075 1549 αὐτῶν
1139 1493 1317 1567 μάτην
1376 1488 1663 1564 ἀναπλάσῃ
1694 1487 1786 1543 καὶ
1819 1484 1970 1561 λογί-

312 1606 494 1657 σηται.
525 1583 593 1642 Τί
651 1581 701 1639 δ’
755 1582 814 1639 ἂν
875 1582 970 1639 καὶ
1025 1581 1304 1658 λογίσοιτο
1355 1584 1464 1635 τῶν
1515 1577 1723 1645 καλῶν,
1754 1577 1783 1630 6
1814 1574 1966 1631 ἐσκοο

308 1674 571 1747 τισμὲνην
637 1667 784 1748 ἔχων
851 1674 950 1742 τήν
1016 1668 1290 1740 διάνοιαν;
1359 1693 1389 1723 ‹‹
1448 1665 1858 1738 Ἐσκοτισμὲνοι
1899 1664 1969 1735 τῇ

315 1764 549 1836 διανοίᾳ.
582 1787 612 1815 ››
641 1764 713 1818 Τὸ
742 1763 846 1838 γὰρ
903 1761 1117 1832 πλῆθος
1174 1766 1282 1817 τῶν
1342 1761 1618 1835 βιωτικῶν
1668 1757 1968 1831 ἁμαρτιῶν,

2063 598 2122 648 et
2149 594 2267 649 Deo
2300 594 2611 663 tradendo,
2644 596 2931 652 doctrinas
2989 615 3233 671 operam
3281 598 3443 655 dare.
3494 602 3722 667 Testor,

2063 682 2392 756 inquit,per
2415 685 2875 755 Dominum,hoc
2909 692 2998 742 est
3038 693 3249 743 testem
3290 688 3495 744 invoco
3529 689 3724 744 Domi-

2064 789 2230 840 num,
2264 774 2423 845 quod
2450 773 2706 831 dixerim
2739 775 2879 848 quid
2912 793 3013 832 vos
3072 783 3344 848 oporteat
3400 795 3594 850 agere.
3655 780 3725 833 Et

2065 864 2466 921 animadverte
2482 865 2859 936 sapientiam.
2882 868 3007 922 Non
3022 866 3197 922 dixit:
3214 869 3294 923 Ne
3319 868 3563 940 posthac
3593 884 3724 924 am-

2064 951 2283 1008 buletis
2305 954 2460 1010 sicut
2479 953 2909 1011 ambulabatis:
2935 957 3046 1011 hoc
3069 956 3228 1012 enim
3249 956 3425 1013 modo
3466 957 3725 1025 feriisset

2067 1056 2207 1097 eos:
2242 1044 2345 1098 40
2378 1043 2492 1099 hoc
2524 1048 2724 1099 tamen
2774 1044 3081 1113 indicavit,
3110 1045 3215 1100 sed
3272 1045 3345 1101 ab
3396 1046 3527 1101 aliis
3558 1046 3723 1101 duxit

2067 1131 2429 1203 exemplum.
2464 1155 2491 1182 α
2525 1132 2592 1188 In
2622 1133 2881 1189 vanitate
2912 1134 3131 1190 mentis
3162 1151 3302 1192 suae.
3341 1156 3369 1185 »
3402 1166 3467 1176 —
3499 1136 3571 1190 Ut
3600 1150 3721 1189 non

2067 1227 2391 1292 occupetur
2407 1222 2566 1277 circa
2586 1238 2737 1278 vana
2758 1240 2931 1279 mens
2960 1230 3176 1280 vestra.
3229 1223 3637 1296 Intelligentes
3667 1228 3728 1279 et

2067 1308 2379 1365 credentes
2409 1327 2477 1367 ac
2501 1312 2895 1383 suscipientes
2922 1330 3044 1369 non
3074 1330 3208 1386 qua:
3239 1314 3501 1369 veritatis
3564 1318 3724 1382 sunt,

2070 1398 2173 1455 sed
2205 1415 2578 1472 quaecunque
2610 1419 2781 1458 mens
2811 1402 3078 1474 ipsorum
3130 1419 3274 1460 vane
3325 1408 3729 1459 commentata

2068 1486 2248 1543 fuerit
2268 1506 2336 1545 ac
2357 1491 2795 1564 excogitaverit.
2819 1492 2969 1558 Quid
2991 1492 3153 1548 enim
3178 1510 3382 1549 eorum
3397 1508 3529 1565 quae
3575 1492 3729 1548 fecta

2072 1584 2212 1633 sunt
2232 1579 2489 1651 cogitare
2510 1587 2713 1652 posset
2729 1582 2830 1653 qui
2869 1588 3133 1638 mentem
3167 1582 3344 1638 habet
3373 1581 3728 1638 obtenebra-

2074 1668 2243 1723 tam?
2274 1688 2298 1713 α
2331 1668 2713 1727 Obtenebrati
2741 1678 2963 1727 mente.
3029 1694 3051 1721 ιι
3114 1671 3425 1728 Multitudo
3470 1686 3731 1742 namque

2075 1759 2518 1816 mundanorum
2552 1768 2932 1833 peccatorum
2961 1763 3156 1819 aciem
3206 1763 3427 1820 mentis
3486 1762 3734 1819 obtene-

276 1855 372 1910 ’τὸ
405 1851 714 1927 διορατικὸν
763 1855 861 1917 τῆς
920 1848 1159 1913 διανοίας
1211 1846 1575 1917 ἐπισκοτίζον,
1625 1842 1757 1900 ἰδεῖν
1786 1843 1887 1899 οὐκ
1911 1843 1972 1914 ἐᾷ

2094 1864 2260 1904 πειηε
2290 1865 2411 1904 non
2445 1849 2588 1904 sinit
2621 1849 2840 1906 intueri
2873 1852 3062 1907 solem
3099 1851 3352 1924 justitizn
3411 1851 3733 1911 Christum.

311 1943 404 1999 τὸν
431 1941 631 1999 ’Ἡλιον
687 1948 788 2011 τῆς
846 1938 1193 2009 δικαιοσύνης
1253 1936 1504 2013 Χριστόν.
1557 1936 1740 1993 Ἔνθεν
1766 1932 1972 2011 γίνεται

315 2034 351 2101 ἡ
410 2031 668 2107 πώρωσις
720 2037 820 2101 τῆς
878 2026 1124 2104 καρδίας,
1186 2026 1321 2102 ὅπερ
1377 2025 1750 2101 παρακατιὼν,
1784 2022 1970 2101 φησὶν,

316 2120 483 2176 οἱονεὶ
535 2119 792 2196 πώρωσίς
846 2140 931 2182 τις
998 2119 1133 2174 οὖσα
1194 2117 1286 2173 καὶ
1344 2113 1682 2186 ἀναισθησία.
1740 2112 1816 2171 Τὸ
1869 2112 1974 2187 γὰρ

318 2211 724 2284 ἐσκοτισμὲνον,
792 2208 1134 2279 ἀναίσθητον.
1206 2230 1231 2262 ιι
1292 2206 1390 2262 Διά
1444 2207 1543 2275 τήν
1601 2203 1815 2277 ἄγνοιαν
1874 2203 1974 2271 τήν

319 2302 480 2358 οὖσάν
515 2299 565 2355 ἐν
598 2299 806 2361 αὐτοῖς.
842 2324 870 2351 ››
930 2298 995 2356 Εἰ
1041 2296 1132 2353 οὖν
1174 2296 1452 2371 ἀγνοοῦσι,
1483 2293 1700 2369 φήσειεν
1747 2313 1853 2357 τις,
1885 2291 1977 2346 καὶ

323 2390 369 2446 εί
443 2390 806 2466 πεπώρωνται
882 2387 981 2444 οὐκ
1052 2385 1193 2460 ἄξιοι
1265 2383 1633 2461 ἐγκλημάτων
1710 2382 1823 2453 εἰσὶ,
1888 2380 1978 2435 καὶ

324 2482 636 2554 τιμωριῶν,
667 2474 817 2532 ἀλλὰ
866 2474 1081 2549 μᾶλλον
1139 2479 1239 2530 τοῦ
1299 2477 1507 2546 μαθεῖν.
1542 2468 1705 2527 Ἀλλ’
1733 2471 1833 2539 δρα
1862 2472 1980 2529 πῶς

324 2568 505 2623 αὐτῶν
564 2564 872 2644 ἀφαιρεῖται
928 2564 1028 2633 τήν
1092 2563 1446 2639 συγγνώμην.
1505 2560 1738 2626 Οἳτινες,
1793 2557 1980 2637 φησὶν,

323 2652 712 2729 ἀπηλγηκότες
764 2651 987 2715 ἑαυτοὺς
1065 2649 1388 2726 παρὲδωκαν
1450 2652 1518 2720 τᾷ
1581 2645 1841 2723 ἀσελγείᾳ
1906 2643 1981 2707 εἰς

322 2742 573 2819 ἐργασίαν
632 2741 958 2817 ἀκαθαρσίας
1010 2740 1213 2811 πάσης.
1273 2738 1514 2794 Δείκνυσι
1569 2736 1671 2812 γὰρ
1740 2733 1824 2790 ὅτι
1880 2742 1982 2805 τῆς

326 2831 545 2910 ἀγνοίας
599 2832 690 2887 καὶ
745 2833 846 2902 τῆς
900 2830 1212 2904 πωρώσεως
1264 2829 1293 2884 6
1358 2827 1478 2903 βίος
1536 2825 1721 2886 αὐτοῖς
1776 2821 1981 2887 α’ίτιος.

324 2923 388 2980 Ὀ
429 2919 488 2977 δὶ
546 2920 689 2996 βίος,
749 2919 798 2991 ἐξ
852 2917 1060 2984 οἷκείας
1111 2917 1293 2995 γὲγονε
1350 2915 1617 2992 ῥᾳθυμίας
1671 2915 1762 2969 καὶ
1815 2911 1983 2969 ἀναλ-

329 3010 548 3089 γησίας.
609 3007 875 3071 Ἑαυτοὺς
928 3008 1057 3085 γὰρ,
1119 3008 1276 3085 φησὶ,
1325 3002 1665 3082 παρέδωκαν.
1693 3005 1857 3062 Ὅταν
1889 3004 1982 3058 οὗν

326 3098 403 3161 εἷς
431 3099 532 3168 τὴν
562 3099 700 3174 πρὸς
746 3097 1056 3171 Ῥωμαίους
1114 3094 1297 3171 εὕρῃς,
1360 3122 1384 3147 σι
1416 3091 1731 3169 Παρέδωκεν
1790 3090 1984 3152 αὐτοὺς

327 3190 355 3243 ὁ
386 3189 515 3250 Θεὸς
544 3186 621 3249 είς
678 3184 946 3260 ἀδόκιμον
998 3189 1147 3255 νοῦν,
1181 3207 1210 3236 ››
1267 3183 1404 3239 κατά
1453 3184 1554 3252 τὴν
1607 3180 1834 3245 ἐνταῦθα
1864 3177 1985 3236 διά-

322 3298 472 3333 νοιαν
504 3276 637 3332 αὐτὸ
670 3276 805 3332 νόει.
837 3274 1207 3353 Συνεχώρησε
1234 3272 1339 3348 γὰρ
1397 3273 1427 3328 6
1485 3272 1614 3333 Θεὸς
1667 3267 1986 3345 παραδοθῆ-

323 3387 410 3422 ναι
441 3364 665 3435 αὖτοῦς,
723 3361 911 3434 ἐπειδὴ
970 3361 1172 3419 τούτου
1220 3363 1404 3435 ἀξίους
1451 3359 1674 3422 ἑαυτοὺς
1704 3358 1982 3430 ἐποίησαν.

329 3480 357 3509 α
393 3457 492 3511 Διά
519 3455 618 3525 τὴν
662 3455 944 3531 πώρωσιν.
999 3475 1029 3505 ››
1083 3453 1182 3508 Διά
1227 3453 1326 3521 τήν
1374 3450 1746 3521 ἀναισθησίαν.
1800 3451 1990 3505 Ἀναι-

332 3545 559 3617 σθησίαν
610 3543 715 3621 γὰρ
772 3542 921 3621 φέρει
977 3546 1075 3597 τοῦ
1126 3540 1307 3615 φωτὸς
1357 3543 1392 3610 ἡ
1436 3535 1727 3612 σκὸτωσις,
1777 3543 1858 3611 τῷ
1908 3539 1985 3611 μή

329 3633 477 3711 ἔχειν
535 3632 589 3688 ἒν
645 3633 857 3694 ἑαυτοῖς
915 3625 1084 3708 φόϐον
1141 3634 1296 3685 Θεοῦ.
1359 3653 1387 3682 ‹‹
1419 3629 1644 3692 Οἳτινες.
1683 3653 1704 3680 ι
1764 3627 1863 3690 Εἲς
1895 3628 1985 3682 τὸν

328 3723 646 3800 παράνομον
747 3718 1116 3792 ἐξοκείλαντες
1221 3718 1363 3796 βίον,
1465 3712 1786 3794 καταϐραχὺ
1886 3719 1986 3787 τὴν

328 3811 668 3889 ἀναλγησίαν
741 3810 1025 3881 ἐνόσησαν.
1117 3832 1147 3862 ι(
1223 3805 1671 3883 Ἀπηλγηκότες.
1748 3830 1776 3859 ι)
1853 3808 1986 3864 Οἴον

330 3902 659 3977 ἀναλγήτως
710 3898 1011 3975 ἐσχηκότες
1060 3898 1152 3954 καὶ
1202 3898 1634 3972 ῥᾳθυμήσαντες,
1663 3896 1754 3951 καὶ
1792 3900 1988 3970 καμεῖν

338 3994 415 4066 μὴ
452 3989 816 4068 βουληθέντες
848 3989 993 4063 πρὸς
1026 3988 1232 4063 εὖρεσιν
1287 3990 1384 4042 τοῦ
1435 3984 1630 4042 καλοῦ.
1685 4010 1707 4037 ι
1736 3985 1992 4048 Ἑαυτοὺς

338 4077 656 4157 παρέδωκαν
712 4077 782 4153 τῇ
838 4075 1118 4152 ἀσελγείᾳ.
1154 4100 1184 4129 »
1240 4082 1365 4138 Πῶς
1423 4077 1527 4153 γὰρ
1577 4076 1605 4131 6
1653 4073 1704 4130 ἐν
1740 4074 1993 4150 ἀσελγείᾳ

337 4172 720 4246 ἐξεταζόμενος
759 4167 1013 4240 δυνηθείη
1065 4174 1267 4244 γνῶναι
1324 4167 1493 4237 Θεόν;
1553 4167 1763 4225 Οὐκοῦν
1817 4169 1853 4238 ἡ
1911 4168 1995 4222 αἰ-

338 4262 431 4318 τία
485 4264 584 4331 τῆς
643 4258 889 4336 ἀγνοίας,
946 4259 982 4327 ἡ
1047 4255 1327 4334 ἀσέλγεια,
1384 4258 1419 4326 ἣ
1472 4277 1556 4319 τις
1604 4257 1741 4312 κατὰ
1767 4257 1996 4332 γνώμην

342 4348 728 4427 ἁμαρτάνεται.
806 4368 839 4402 ιι
898 4345 994 4408 Εἲς
1078 4344 1330 4423 ἐργασίαν
1412 4344 1762 4420 ἀκαθαρσίας,
1821 4368 1850 4397 ›>
1908 4346 1998 4409 Ὠς

342 4435 507 4515 ἔργῳ,
575 4437 733 4518 φησὶ,
796 4440 877 4509 τῷ
944 4432 1282 4510 ἀσελγαίνειν
1338 4433 1649 4510 ἐχρήσαντο
1703 4435 1793 4489 καὶ
1832 4433 2001 4490 πλεο.

342 4533 571 4586 νεκτεῖν.
642 4530 782 4599 Ἄρα
859 4525 959 4581 οὐκ
1023 4522 1146 4594 ἐξῆν
1213 4521 1398 4585 αὐτοῖς
1470 4524 1546 4595 μή
1622 4521 1998 4599 ἀσελγαίνεινς

348 4619 426 4693 μὴ
478 4616 870 4684 πλεονεκτεῖν;
917 4613 1080 4669 παντί
1132 4633 1238 4668 που
1287 4609 1481 4673 δῆλον.
1531 4611 1694 4683 Ὁρᾷς
1745 4611 1828 4668 ὅτι
1877 4613 2004 4688 παρ’
2035 4602 2081 4666 D

345 4707 527 4762 αὐτῶν
581 4705 800 4781 γέγονεν
860 4706 896 4773 ἡ
954 4703 1274 4782 τύφλωσιςς
1334 4724 1365 4754 κ
1398 4701 1483 4757 Ἐν
1534 4697 1839 4773 πλεονεξίᾳ.
1874 4723 1902 4751 ››
1932 4703 2002 4758 Ἤ

347 4793 434 4850 ὅτι
503 4792 652 4849 δυσὶν
720 4791 947 4855 ἑαυτοὺς
1034 4788 1354 4865 παρέδωκαν
1441 4788 1689 4859 πάθεσιν,
1756 4787 2011 4867 ἀσελγείᾳ

347 4885 440 4940 καὶ
492 4883 802 4955 πλεονεξίᾳ,
861 4883 896 4937 ’ἁ
948 4879 1090 4937 ἐστιν
1150 4878 1556 4949 ἐπιπολάζοντα
1624 4877 1836 4953 μᾶλλον
1903 4885 2011 4936 τῶν

348 4973 538 5031 ἄλλων
596 4975 899 5048 ἁμαρτιῶν,
932 4973 967 5042 ἢ
1001 4972 1085 5026 δτι
1142 4971 1242 5040 τήν
1301 4968 1584 5045 ἀσέλγειαν
1633 4969 1724 5024 καὶ
1777 4969 2014 5047 ἀκαθαρ-

348 5063 467 5119 σίαν
527 5060 722 5125 ἁπλῶς
776 5060 828 5117 ἐν
882 5059 1186 5134 πλεονεξίᾳ,
1240 5061 1509 5129 τουτέστι,
1540 5060 1656 5114 καθ’
1698 5055 2012 5137 ὑπερϐολὴν

349 5154 442 5210 καὶ
475 5150 780 5214 ἀνενδότως
814 5149 1152 5227 εἰργάσαντο.

2082 1936 2240 1992 unde
2265 1937 2584 1994 obstinatio
2615 1940 2806 1995 oritur
2834 1940 3052 2009 cordis,
3085 1940 3243 2012 quod
3300 1940 3360 1995 in
3420 1956 3736 2013 progressu

2083 2025 2228 2081 dicit
2258 2031 2540 2097 tanquam
2564 2029 2800 2085 caecitas
2852 2029 3125 2100 quaedam
3176 2037 3233 2085 et
3285 2028 3737 2085 insensibilitas.

2085 2114 2506 2173 Obtenebratio
2539 2118 2701 2173 enim
2753 2119 3185 2175 insensibilitas
3247 2125 3355 2174 est.
3415 2142 3434 2166 ι
3494 2120 3742 2189 Propter

2084 2203 2481 2277 ignorantiam
2515 2223 2646 2277 quae
2679 2211 2770 2263 est
2799 2207 2860 2262 in
2887 2208 3028 2264 illis.
3068 2230 3096 2258 »
3128 2209 3184 2264 Si
3217 2208 3397 2281 igitur
3442 2208 3738 2281 ignorant,

2086 2292 2244 2349 dicet
2273 2294 2591 2366 quispiam,
2653 2297 2927 2352 excazcati
2986 2302 3147 2365 sunt,
3206 2296 3564 2369 reprehendi
3622 2312 3742 2352 non

2086 2389 2394 2439 merentur
2422 2400 2533 2440 nec
2564 2385 2789 2456 puniri,
2851 2385 2955 2441 sed
3013 2386 3201 2458 magis
3258 2386 3479 2442 doceri.
3530 2386 3744 2441 Verum

2088 2471 2491 2528 animadverte
2519 2473 2818 2544 quomodo
2849 2475 3082 2531 veniam
3114 2475 3187 2531 ab
3218 2476 3303 2531 eis
3349 2475 3561 2531 aufert.
3613 2471 3745 2539 Qui,

2090 2562 2302 2633 inquit,
2324 2561 2638 2619 ubidolere
2652 2563 2978 2632 desierunt,
2994 2566 3347 2638 semetipsos
3375 2564 3747 2620 tradiderunt

2088 2652 2343 2707 lasciviae
2402 2652 2476 2708 ad
2534 2653 2893 2725 patrandum
2963 2671 3203 2710 omnem
3285 2651 3747 2710 immunditiam.

2091 2742 2364 2797 Ostendit
2391 2757 2654 2814 namque
2715 2743 2874 2814 quod
2929 2744 3283 2817 ignorantia;
3341 2761 3408 2800 ac
3466 2742 3751 2799 cmcitatis

2091 2847 2271 2887 causa
2300 2831 2445 2902 ipsis
2476 2832 2655 2887 fuerit
2683 2833 2818 2898 vita,
2835 2849 3011 2904 porro
3044 2834 3165 2889 vita
3191 2850 3264 2888 ex
3287 2833 3529 2905 propria
3558 2830 3752 2904 segni-

2092 2919 2172 2976 tie
2203 2921 2477 2991 provenit
2506 2925 2564 2975 et
2592 2921 2923 2976 indolentia
2952 2922 3071 2978 sive
3104 2927 3365 2993 stupore.
3395 2922 3542 2976 Nam
3560 2935 3756 2975 seme-

2093 3008 2300 3081 tipsos,
2334 3009 2439 3077 ait,
2472 3008 2865 3066 tradiderunt.
2898 3012 3044 3067 Cum
3096 3010 3278 3084 igitur
3334 3010 3396 3065 in
3430 3027 3565 3065 eum
3614 3008 3753 3079 Epi-

2093 3102 2261 3157 stolas
2291 3101 2367 3157 ad
2397 3104 2693 3158 Romanos
2725 3103 2922 3158 locum
2953 3103 3259 3169 incideris,
3287 3125 3316 3153 «
3349 3102 3616 3159 Tradidit
3651 3118 3754 3156 eos

2092 3193 2247 3247 Deus
2278 3191 2341 3245 in
2365 3191 2685 3263 reprobam
2718 3198 2981 3248 mentem
3012 3192 3080 3262 εδ,
3115 3214 3144 3243 ››
3167 3193 3343 3265 juxta
3398 3196 3756 3264 praesentem

2096 3280 2561 3336 declarationem
2592 3280 2741 3335 illud
2772 3281 3039 3353 intellige
3066 3298 3079 3337 :
3108 3280 3383 3353 permisit
3415 3280 3573 3336 enim
3600 3280 3757 3335 Deus

2098 3369 2229 3442 ipos
2260 3369 2434 3435 tradi,
2468 3370 2957 3441 quandoquidem
3015 3388 3147 3427 sese
3204 3370 3415 3444 dignos
3475 3368 3758 3425 reddide-

2098 3465 2253 3515 rant.
2293 3482 2313 3507 ι
2348 3460 2598 3531 PrOpter
2627 3460 3106 3515 excaecationem.
3145 3480 3166 3510 ι
3204 3462 3454 3531 Propter
3508 3456 3760 3513 insensi-

2098 3548 2413 3604 bilitatem.
2441 3547 2747 3619 Siquidem
2776 3548 2922 3607 lucis
2954 3549 3364 3605 obtenebratio
3416 3548 3590 3603 aﬂ‘ert
3620 3563 3759 3603 sen-

2101 3654 2200 3694 sus
2228 3637 2575 3702 carentiam,
2608 3654 2677 3692 eo
2737 3637 2896 3707 quod
2947 3654 3069 3693 non
3126 3637 3385 3694 habeant
3437 3636 3499 3691 in
3548 3634 3760 3707 seipsis

2103 3726 2204 3782 Dei
2236 3727 2530 3782 timorem.
2566 3727 2674 3792 Qui
2705 3727 2808 3782 ubi
2863 3727 3068 3783 dolore
3123 3727 3448 3783 desierunt.
3515 3749 3535 3777 ι
3587 3728 3762 3781 Post-

2100 3833 2279 3886 quam
2314 3816 2373 3870 in
2419 3816 2594 3872 vitam
2624 3815 2890 3887 iniquam
2923 3821 2981 3872 et
3008 3815 3343 3872 divinarum
3377 3816 3574 3889 legum
3623 3830 3760 3870 con-

2102 3904 2477 3975 temptricem
2509 3904 2903 3977 impegerunt,
2932 3905 3218 3976 paulatim
3274 3910 3626 3978 aegrotantes
3682 3903 3757 3959 ad

2102 3993 2495 4049 indolentiam
2515 4010 2584 4049 ac
2605 3998 2908 4064 stuporem
2928 3993 3311 4050 devenerunt.
3335 4016 3364 4044 «
3415 3993 3521 4050 Ubi
3552 3992 3757 4049 dolore

2104 4082 2432 4138 desierunt.
2448 4104 2477 4133 ››
2493 4083 2611 4138 Ηοο
2624 4082 3118 4147 est,insensibiles
3140 4082 3506 4149 sunteli‘ecti,
3532 4086 3761 4154 postea-

2108 4188 2286 4244 quam
2313 4188 2434 4243 praa
2492 4171 2740 4245 segnitie
2799 4170 3069 4227 laborare
3122 4171 3447 4227 noluerunt
3501 4170 3575 4228 ad
3614 4170 3761 4227 recti

2108 4261 2538 4318 inventionem.
2571 4283 2599 4311 ‹‹
2635 4261 2993 4333 Semetipsos
3025 4260 3401 4317 tradiderunt
3429 4260 3704 4317 lascivim.
3729 4280 3760 4310 »

2110 4349 2416 4416 Quomodo
2431 4350 2590 4405 enim
2608 4350 2658 4405 is
2671 4350 2850 4422 quiin
2885 4349 3128 4406 lascivia
3152 4350 3330 4423 degit,
3351 4355 3552 4422 posset
3579 4351 3765 4404 Deum

2111 4439 2506 4513 cognoscere?
2526 4440 2715 4496 Causa
2744 4440 2947 4512 itaque
2979 4440 3331 4513 ignorantiae
3377 4438 3619 4496 lascivia
3678 4443 3768 4493 est

2114 4544 2231 4600 qua
2256 4528 2587 4585 secundum
2608 4535 2872 4584 mentem
2895 4530 3029 4600 quis
3052 4536 3226 4585 errat.
3256 4552 3279 4580 ι
3303 4528 3390 4585 Ad
3412 4527 3769 4601 patrandum

2112 4616 2578 4673 immunditiam.
2615 4637 2639 4668 ιι
2675 4617 2768 4673 Sic
2796 4624 2860 4673 ut
2889 4635 3089 4689 opere,
3125 4619 3341 4690 inquit,
3375 4617 3583 4673 lascivi
3642 4632 3770 4671 esse

2113 4705 2482 4762 decreverint
2494 4710 2549 4760 et
2562 4706 2740 4762 avidi.
2773 4708 2987 4762 Annon
2999 4711 3275 4778 poterant
3286 4722 3407 4762 non
3426 4722 3555 4761 esse
3569 4703 3770 4760 lascivi

2120 4801 2178 4850 et
2199 4794 2605 4865 avidi‘IUtique
2623 4795 3007 4851 manifestum
3021 4795 3280 4867 estquod
3295 4796 3379 4850 sic
3404 4794 3602 4867 {Vides
3615 4792 3772 4864 quod

2121 4885 2182 4939 in
2204 4900 2387 4939 manu
2418 4900 2623 4940 eorum
2643 4885 2823 4941 fuerit
2844 4885 3079 4941 caecitas
3102 4885 3131 4939 ‘?
3153 4906 3183 4935 ‹‹
3222 4884 3365 4940 Cum
3411 4882 3709 4938 aviditate.
3745 4904 3775 4932 »

2120 4973 2651 5045 Autquodduabus
2670 4974 3170 5031 sesetradiderint
3206 4974 3642 5040 affectionibus,
3676 4974 3770 5029 41

2123 5080 2336 5136 nempe
2356 5064 2610 5120 lascivia:
2625 5070 2683 5120 et
2722 5064 2979 5121 habendi
3021 5062 3310 5129 aviditati,
3335 5081 3467 5136 qua)
3498 5063 3686 5135 magis
3716 5063 3781 5119 in

2123 5160 2406 5226 promptu
2429 5160 2569 5209 sunt
2591 5170 2769 5225 quam
2795 5160 3008 5211 cmtera
3023 5154 3162 5210 vitia
3177 5152 3784 5226 :autquodlasciviam

353 5250 415 5302 et
448 5243 898 5300 immunditiam
930 5241 1289 5314 simpliciter
1319 5256 1458 5297 cum
1487 5239 1786 5313 aviditate,
1818 5243 1930 5301 hoc
1960 5249 2069 5316 est,
2094 5243 2253 5300 ultra
2280 5244 2527 5300 modum
2562 5250 2622 5299 et
2651 5245 2815 5301 omni
2862 5262 2995 5300 cum
3046 5243 3344 5300 desiderio
3397 5250 3458 5300 et
3505 5242 3787 5298 aviditate

359 5352 433 5408 pe
443 5338 799 5406 rpetrarunt.

431 5421 617 5494 Ὑμεῖς
694 5417 752 5474 δὲ
823 5419 935 5494 οὐχ
1010 5416 1185 5480 οὕτως
1263 5415 1490 5490 ἐμάθετε
1586 5418 1680 5473 τὸν
1765 5421 2022 5495 Χριστὸν,

360 5507 411 5563 εἳ
471 5528 531 5582 γε
597 5506 760 5562 αὐτὸν
820 5504 1112 5577 ἠκούσατε,
1180 5504 1273 5560 καὶ
1338 5504 1390 5560 ἐν
1459 5503 1609 5577 αὖτῷ
1671 5502 2023 5582 ἐδιδάχθητε,

441 5665 487 5702 ²⁸
519 5668 686 5724 Rom.
718 5683 757 5734 ι,
790 5666 880 5720 28.

694 5787 961 5847 ΡΑτιιοι..
1010 5785 1122 5847 Gn.
1154 5782 1426 5848 CXVIII.

2205 5423 2295 5490 IY,
2328 5426 2510 5479 20-24.
2545 5446 2570 5471 «ι
2610 5423 2721 5479 Vos
2745 5430 2943 5479 autem
2975 5441 3093 5479 non
3141 5422 3226 5479 sic
3285 5421 3576 5478 didicistis
3619 5417 3790 5475 Chri-

2133 5534 2162 5563 α
2192 5518 2388 5568 stum:
2422 5512 2719 5584 siquidem
2750 5512 2921 5569 illum
2953 5512 3221 5579 audistis,
3283 5517 3340 5566 et
3397 5510 3457 5566 in
3508 5525 3576 5563 eo
3630 5506 3789 5560 docti

3436 5782 3511 5844 39
