4108 6440
414 387 572 447 1227

1539 389 1963 455 CECUMENII
2005 381 2316 446 TBIGCIE
2359 379 2708 444 EPISGOPI

3683 393 3710 451 ι
3722 393 3845 454 228

412 543 441 571 ‹‹
471 521 689 590 fuistis,
722 522 1224 593 quemadmodum
1256 531 1346 579 est
1371 524 1588 581 veritas
1620 524 1683 580 in
1711 523 1849 581 Jesu
1882 521 2033 595 depo

2176 514 2357 579 καθώς
2451 512 2592 570 ἐστιν
2671 512 2903 586 ἀλήθεια
2986 514 3039 570 iv
3123 518 3202 589 τῷ
3293 517 3475 588 Ἰησοῦ
3539 521 3843 589 ἀποθέσθαι

413 631 438 664 α
472 627 614 666 nere
636 611 809 682 juxta
838 611 1096 683 priorem
1127 614 1641 670 conversationem
1669 619 1927 670 veterem
1959 613 2062 669 ho-

411 721 440 750 ‹‹
471 699 715 766 minem,
747 701 847 771 qui
878 701 1282 773 corrumpitur
1329 703 1508 774 juxta
1552 700 2063 774 concupiscentias

2177 603 2317 674 ὑμᾶς
2376 603 2511 659 κατὰ
2565 604 2666 673 τήν
2719 602 2986 679 προτέραν
3047 603 3393 684 ἀναστροφὴν
3446 609 3544 665 τὸν
3602 611 3842 668 παλαιὸν

2173 691 2458 768 ἄνθρωπον
2528 693 2622 748 τὸν
2709 692 3064 770 φθειρόμενον
3151 695 3288 750 κατὰ
3363 697 3460 759 τὰς
3536 698 3837 774 ἐπιθυμίας

405 810 435 839 ‹‹
470 787 838 861 deceptionis
864 806 877 846 :
907 791 1179 846 renovari
1210 798 1409 847 autem
1442 792 1654 865 spiritu
1685 792 1903 849 mentis
1934 806 2032 846 ves

2171 787 2272 851 τῆς
2349 782 2584 853 ἀπάτης,
2662 782 3041 840 Ἀνανεοῦσθαι
3118 780 3176 840 δὲ
3247 791 3327 860 τῷ
3402 788 3675 863 πνεύματι
3735 797 3838 848 τοῦ

405 897 435 929 ς(
464 882 592 946 traa,
627 884 686 935 et
714 878 964 936 induere
994 896 1211 936 novum
1234 881 1669 951 hominem,qui
1684 881 1860 954 juxta
1876 881 2061 935 Deum

402 988 431 1016 ‹‹
464 966 739 1024 conditus
771 974 861 1024 est
889 985 997 1041 per
1008 969 1306 1042 justitiam
1338 977 1396 1025 et
1428 970 1804 1027 sanctitatem
1852 970 2062 1026 verita-

401 1080 429 1109 ‹‹
463 1057 561 1116 tis.
601 1081 629 1109 »

471 1170 500 1199 ‹‹
536 1150 653 1204 Vos
683 1154 883 1205 autem
914 1166 1036 1206 non
1070 1150 1153 1206 sic
1186 1150 1497 1207 didicistis.
1530 1171 1557 1204 ι
1595 1152 1722 1207 Non
1753 1151 1815 1206 in
1873 1151 2054 1219 hunc,

397 1237 614 1309 inquit,
647 1237 827 1294 ﬁnem
858 1244 925 1294 ut
959 1239 1079 1295 illis
1109 1239 1328 1296 similia
1385 1240 1829 1314 perpetraretis.
1889 1240 2055 1307 Quod

396 1331 595 1380 autem
624 1325 707 1381 ait
733 1326 1072 1398 :Siquidem
1102 1326 1273 1383 illum
1305 1327 1576 1396 audistis,
1609 1328 1775 1383 divus
1794 1329 2053 1383 Joannes

394 1430 501 1485 pro
534 1414 985 1471 conﬁrmatione
1015 1417 1243 1489 accepit
1277 1433 1290 1471 :
1322 1416 1835 1482 Quemadmodum
1878 1417 2052 1473 illum

393 1506 665 1577 audistis,
697 1508 915 1581 inquit.
939 1510 1139 1566 Potest
1169 1514 1371 1565 tamen
1404 1510 1702 1582 quispiam
1733 1515 1792 1565 et
1820 1525 1927 1582 per
1947 1509 2048 1565 du-

389 1596 743 1654 bitationem
776 1598 924 1654 illud
955 1598 1246 1670 accipere,
1280 1616 1398 1670 quo
1431 1600 1619 1673 magis
1650 1600 1809 1674 ipsos
1833 1598 2045 1655 feriat:

392 1702 461 1743 ac
492 1686 541 1742 si
574 1687 836 1743 diceret:
871 1688 1087 1744 Haasito
1118 1689 1300 1756 enim,
1334 1705 1480 1744 num
1509 1688 1560 1743 is
1592 1688 1695 1760 qui
1747 1688 2046 1744 Christum

391 1774 614 1830 audivit
638 1781 695 1831 et
727 1776 789 1831 in
822 1792 890 1831 eo
922 1776 1130 1832 doctus
1177 1783 1287 1847 est,
1346 1777 1690 1850 hujusmodi
1742 1782 2041 1849 operetur.

2169 872 2295 933 νοὸς
2369 872 2546 942 ὑμῶν,
2621 870 2713 926 καὶ
2789 868 3101 927 ἐνδύσασθαι
3174 874 3268 929 τὸν
3352 877 3537 932 καινὸν
3610 878 3835 955 ἅνθρω-

2168 979 2271 1015 πον
2326 960 2418 1016 τὸν
2491 962 2628 1015 κατά
2701 960 2830 1016 Θεὸν
2905 962 3188 1018 κτισθέντα
3247 962 3299 1019 ἐν
3356 961 3674 1045 δικαιοσύνῃ
3737 970 3836 1025 καὶ

2169 1042 2418 1119 ὁσιότητι
2448 1055 2550 1118 τῆς
2581 1048 2863 1121 ἀληθείας.

2241 1161 2270 1190 ι(
2300 1139 2482 1213 Ὑμεῖς
2514 1136 2573 1194 δε
2602 1139 2711 1215 οὐχ
2737 1137 2911 1202 οὕτως
2966 1138 3212 1215 ἐμάθετε.
3249 1165 3278 1195 »
3326 1144 3448 1202 Ούκ
3494 1143 3582 1201 ἐπὶ
3624 1148 3827 1222 τούτῳ,

2167 1229 2323 1307 φησὶ,
2380 1234 2461 1302 τῷ
2518 1229 2653 1304 ὅρῳ,
2716 1230 2855 1286 ὥστε
2908 1231 2975 1286 τὰ
3035 1230 3204 1304 ὅμοια
3260 1239 3440 1289 ποιεῖν
3467 1233 3723 1300 ἐκείνοις.
3754 1241 3829 1297 Τὸ

2164 1316 2242 1382 δέ,
2278 1318 2429 1395 Εἲγε
2456 1319 2620 1375 αὑτὸν
2650 1319 2943 1390 ἠκούσατε,
2994 1320 3022 1375 ὁ
3071 1321 3225 1398 ἅγιος
3280 1323 3544 1396 Ἰωάννης
3591 1322 3831 1401 βεϐαιω-

2159 1407 2309 1462 τικὸν
2341 1404 2579 1476 ἐδέξατο,
2638 1408 3099 1486 Καθὼς,·φησὶν,
3156 1409 3321 1465 αὐτὸν
3390 1412 3683 1482 ἠκούσατε.
3731 1417 3833 1471 Δύ-

2157 1516 2308 1552 ναται
2357 1492 2417 1551 δῖ
2463 1516 2549 1560 τις
2605 1496 2694 1553 καὶ
2752 1496 2804 1552 iv
2864 1492 3179 1576 ἀμφιϐολίᾳ
3237 1499 3371 1557 αὐτὸ
3429 1497 3835 1576 δέξασθαι,⁹ίνα

2160 1594 2248 1651 καὶ
2283 1593 2500 1669 μᾶλλον
2542 1594 2742 1658 αὐτοὺς
2795 1593 3000 1669 πλήξῃ,
3060 1595 3192 1652 ὠσεῖ
3235 1598 3412 1653 εἶπεν·
3448 1597 3832 1681 ’Λμφιϐἄλλω

2150 1684 2283 1761 γὰρ,
2331 1684 2380 1739 εἲ
2434 1704 2520 1747 τις
2558 1685 2649 1740 τὸν
2707 1685 2942 1759 Χριστὸν
2999 1683 3236 1749 ἀκούσας
3294 1686 3386 1742 κιιι³
3458 1683 3832 1767 διδαχθεὶςέν

2154 1773 2323 1848 αὐτῷ,
2353 1778 2579 1831 τοιαῦτα
2607 1775 2855 1851 πράττει.
2890 1797 2918 1826 (ι
2953 1775 3150 1839 Καθώς
3196 1775 3341 1830 ἐστιν
3375 1775 3636 1849 ἀλήθεια.
3672 1806 3698 1836 ι
3727 1783 3828 1854 Τὸ,

394 1886 416 1914 ι
452 1865 968 1931 Quemadmodum
1002 1871 1090 1920 est
1118 1866 1354 1921 veritas.
1390 1888 1418 1915 ››
1476 1864 1640 1922 Istud
1674 1882 1688 1921 :
1748 1887 1777 1916 «ι
1827 1867 2034 1932 Quem-

2157 1886 2187 1915 ‹‹
2219 1864 2415 1928 Καθώς
2442 1860 2583 1919 ἐστιν
2631 1861 2866 1934 ἀλήθεια
2899 1861 2951 1919 ἐν
3011 1868 3094 1936 τῷ
3148 1865 3354 1937 Ἰησοῦ,
3389 1890 3418 1919 ››
3452 1864 3584 1943 δύνῃ
3617 1869 3708 1925 καὶ
3739 1876 3826 1944 τῷ

387 1954 708 2011 admodum
769 1961 859 2011 est
941 1956 1159 2012 veritas
1242 1956 1302 2010 in
1358 1956 1515 2024 Jesu,
1578 1977 1606 2005 »
1664 1960 1831 2027 potes
1911 1972 2046 2012 cum

387 2045 662 2116 superius
692 2042 865 2100 dictis
896 2050 1122 2116 aptare,
1154 2045 1400 2115 scilicet,
1438 2066 1465 2097 ι
1521 2046 1591 2100 Et
1647 2044 1711 2099 in
1768 2060 1837 2100 eo
1889 2045 2045 2101 docti

384 2132 602 2188 fuistis.
635 2153 663 2183 »
698 2131 848 2198 Quid
879 2133 1034 2189 docti
1065 2132 1337 2189 fuimus?
1395 2133 1906 2205 quemadmodum
1956 2139 2046 2190 est

380 2223 596 2278 veritas
644 2222 707 2278 in
765 2222 892 2291 illo,
951 2224 1260 2279 veritatem
1330 2222 1662 2295 appellans,
1716 2222 2038 2295 justitiam.

379 2311 755 2368 Mendacium
786 2313 944 2367 enim
995 2318 1083 2368 est
1140 2318 1471 2385 peccatum.
1525 2312 2037 2379 Quemadmodum

378 2400 560 2475 igitur
589 2407 678 2457 est
708 2402 769 2457 in
800 2418 869 2457 eo
901 2402 1137 2471 veritas,
1170 2403 1251 2458 ita
1310 2407 1369 2458 et
1422 2418 1525 2458 vos
1582 2401 1738 2457 docti
1795 2401 1992 2459 fuistis
2021 2419 2035 2469 ;

372 2488 543 2561 juxta
573 2507 703 2546 eam
730 2491 951 2563 quippe
1000 2490 1258 2546 instituti
1317 2492 1479 2547 estis.
1540 2492 1713 2548 Potes
1773 2498 1830 2546 et
1877 2491 2039 2548 istud

380 2595 515 2634 cum
540 2578 697 2636 infra
715 2579 889 2635 dictis
910 2580 1252 2646 convenire,
1285 2581 1359 2634 Et
1395 2579 1459 2635 in
1509 2580 1638 2651 ipso
1685 2579 1842 2636 docti
1867 2580 2033 2637 estis.

376 2690 406 2720 «
439 2668 946 2742 quemadmodum
978 2675 1068 2725 est
1094 2670 1310 2725 veritas
1340 2670 1401 2723 in
1452 2670 1590 2725 Jesu
1647 2670 1968 2741 deponere.
2004 2692 2031 2720 »

377 2760 523 2814 Nam
557 2759 667 2815 hoc
698 2759 855 2815 docti
885 2759 1102 2830 fuistis,
1138 2765 1197 2815 et
1225 2760 1352 2814 haec
1382 2764 1471 2815 est
1498 2758 1718 2816 veritas
1777 2761 1839 2814 in
1895 2762 2032 2816 .lesu

375 2847 671 2921 deponere
695 2848 870 2921 juxta
899 2849 1160 2920 priorem
1209 2849 1723 2905 conversationem
1771 2854 2031 2905 veterem

370 2938 678 2996 hominem
710 2939 812 3011 qui
845 2939 1024 2995 estin
1046 2938 1326 3011 peccatis.
1385 2940 1511 2994 Non
1561 2937 1723 2994 enim
1771 2944 2030 2995 veterem

368 3027 677 3084 hominem
710 3027 1030 3102 appellavit
1059 3034 1357 3098 naturam,
1390 3027 1495 3084 sed
1545 3030 1770 3099 peccati
1831 3028 2031 3084 efﬁca-

368 3118 521 3174 ciam
554 3123 613 3173 et
659 3116 1090 3191 operationem.
1151 3140 1178 3169 «
1237 3118 1347 3183 Qui
1405 3118 1809 3190 corrumpitur
1855 3118 2029 3191 juxta

2155 1951 2269 2008 ἅνω
2326 1952 2588 2029 ἁρμόσαι,
2646 1954 2790 2022 οἷον,
2848 1977 2876 2006 ‹‹
2920 1952 3023 2011 Καὶ
3082 1953 3135 2009 iv
3195 1952 3346 2025 αύτῷ
3402 1953 3753 2037 ἐδιδάχθητε.
3789 1983 3823 2013 ››

2153 2042 2219 2099 Τί
2278 2039 2699 2118 ἐδιδάχθημεν;
2776 2041 2966 2106 Καθώς
3040 2040 3181 2098 ἐστιν
3235 2043 3474 2115 ἀλήθεια
3531 2045 3585 2102 iv
3643 2049 3822 2121 αὐτῷ,

2152 2128 2415 2201 ἀλήθειαν
2471 2129 2647 2205 λέγων
2705 2131 2806 2199 τήν
2886 2128 3265 2203 δικαιοσύνην.
3322 2133 3399 2191 Τὸ
3456 2132 3561 2211 γὰρ
3616 2133 3823 2210 ψεῦδός

2153 2216 2294 2275 ἐστιν
2325 2221 2587 2297 ἁμαρτία.
2648 2220 2844 2284 Καθὼς
2900 2219 2993 2274 οὖν
3050 2218 3195 2276 ἐστιν
3255 2219 3309 2276 iv
3376 2222 3523 2296 αὐτῷ
3562 2223 3821 2299 ἀλήθεια,

2151 2307 2327 2372 οὕτως
2356 2308 2447 2364 καὶ
2481 2309 2638 2382 ὑμεῖς
2693 2305 3046 2384 ἐδιδάχθητε.
3107 2309 3258 2366 Κατᾶ
3314 2310 3418 2387 γὰρ
3475 2311 3646 2380 αύτήν
3702 2310 3828 2369 ἐδι-

2150 2393 2413 2475 δάχθητε.
2486 2398 2623 2473 Δύνῃ
2685 2394 2744 2453 δὲ
2798 2397 2890 2453 καὶ
2947 2397 3027 2470 τῷ
3088 2397 3339 2472 ἑπομένῳ
3386 2400 3627 2476 ἁρμόσαι
3658 2402 3820 2460 αὐτὸ.

2146 2487 2255 2543 Καὶ
2306 2486 2360 2543 ἐν
2420 2486 2570 2561 αὐτῷ
2629 2482 2978 2563 ἐδιδάχθητε.
3039 2510 3068 2539 (ι
3137 2489 3335 2553 Καθώς
3391 2486 3534 2545 ἐστιν
3575 2491 3818 2563 ἀλήθεια

2146 2576 2310 2649 ἐντῷ
2356 2577 2540 2649 Ἰησοῦ
2596 2572 2891 2642 ἀποθέσθαι
2955 2576 3118 2650 ὑμᾶς.
3151 2599 3178 2630 ι)
3240 2580 3418 2635 Τοῦτο
3466 2577 3569 2656 γὰρ
3628 2577 3823 2637 ἐδιδά-

2144 2667 2463 2746 χθητε,καῖ
2498 2667 2633 2722 αὐτό
2674 2665 2814 2721 ἐστιν
2871 2667 2906 2735 ἡ
2960 2665 3014 2720 ἐν
3074 2670 3157 2738 τῷ
3214 2670 3405 2737 Ἰησοῦ
3459 2668 3717 2741 ἀλήθεια,
3748 2673 3819 2727 τὸ

2144 2757 2437 2820 ἀποθεσθαι
2472 2756 2614 2829 ὑμᾶς
2657 2756 2753 2810 τὸν
2810 2756 2949 2810 κατὰ
3002 2756 3101 2823 τὴν
3160 2755 3431 2831 προτέραν
3460 2756 3813 2838 ἀναστροφήν

2140 2844 2375 2900 παλαιὸν
2435 2841 2713 2920 ἄνθρωπον
2765 2844 2858 2899 τὸν
2914 2842 2967 2898 ἐν
3026 2843 3339 2918 ἁμαρτίαις.
3397 2844 3640 2903 Παλαιὸν
3689 2852 3800 2925 γὰρ

2142 2931 2453 3009 ἄνθρωπον,
2513 2930 2574 2987 ού
2625 2933 2725 3003 τήν
2781 2932 2940 3012 φύσιν
2996 2930 3305 3005 ὠνόμασεν,
3364 2931 3515 2989 ἀλλὰ
3565 2936 3664 3005 τήν
3696 2943 3804 3007 τῆς

2141 3023 2410 3098 ἁμαρτίας
2483 3021 2775 3098 ἐνέργειαν,
2838 3045 2867 3073 ‹‹
2924 3022 3031 3079 Τὸν
3092 3023 3458 3101 φθειρόμενον
3514 3027 3651 3081 κατὰ
3707 3028 3809 3091 τὸς

2139 3112 2455 3187 ἐπιθυμίας.
2490 3135 2518 3164 ››
2560 3113 2629 3169 ’Ἡ
2681 3111 2768 3180 τὸ,
2827 3111 2975 3168 Κατὰ
3030 3112 3127 3173 τας
3186 3111 3500 3187 ἐπιθυμίας,
3532 3113 3653 3170 ἀντὶ
3682 3120 3811 3187 τοῦ,

368 3206 905 3276 concupiscentias.
957 3228 986 3258 »
1048 3208 1201 3262 Aut:
1258 3205 1429 3277 juxta
1487 3206 2022 3279 concupiscentias,

2148 3203 2239 3258 Διᾶ
2266 3208 2374 3258 τιὶν
2407 3203 2712 3276 ἐπιθυμιῶν
2760 3207 2956 3258 κεῖται.
3016 3202 3119 3273 (Δι’
3172 3202 3351 3258 αὐτῶν
3383 3203 3489 3279 γὰρ
3530 3204 3806 3279 φθείρετοι

363 3296 610 3366 ponitur
634 3312 738 3367 pro
767 3313 835 3351 eo
854 3296 1011 3368 quod
1035 3300 1142 3362 est,
1174 3297 1289 3351 Per
1325 3295 1856 3368 concupiscentias.
1890 3297 2026 3367 (Per

364 3398 463 3439 eas
520 3399 783 3456 namque
841 3385 1243 3456 corrumpitur
1292 3384 1494 3449 homo,
1542 3384 1697 3440 sicut
1752 3383 1889 3440 lana
1918 3401 2027 3455 per

363 3471 523 3543 ipsas
553 3489 699 3543 quas
731 3473 1149 3547 gignittineas.
1177 3472 1591 3545 Corrumpitur
1618 3479 1819 3530 autem
1854 3480 1913 3529 et
1959 3474 2021 3529 in

361 3560 656 3634 gehenna,
690 3569 746 3618 et
777 3563 839 3619 in
869 3563 1149 3636 praesenti
1178 3562 1315 3619 vita.
1344 3563 1825 3634 lntemperantiaa
1857 3563 2017 3642 enim

358 3666 426 3707 ac
454 3651 710 3708 lascivire
743 3669 863 3721 non
890 3653 1103 3707 animm
1135 3651 1348 3722 solum,
1379 3651 1482 3708 sed
1514 3657 1573 3708 et
1603 3652 1870 3724 corporis
1887 3668 2017 3708 cor-

354 3741 601 3814 mptivas
634 3742 819 3816 sunt.)
845 3744 999 3798 Aut:
1033 3741 1566 3811 Quemadmodum,
1613 3741 1830 3815 inquit,
1877 3760 2014 3799 cou-

2141 3291 2509 3367 ὁᾶνθρωπος,
2569 3289 2751 3366 ὥσπερ
2804 3291 2868 3347 τὸ
2926 3288 3074 3366 ἔριον
3135 3287 3205 3345 δι’
3263 3292 3339 3346 ὧν
3386 3293 3563 3349 τίκτει
3593 3300 3803 3372 φητῶν.

2138 3383 2424 3459 Φθείρεται
2467 3379 2524 3437 δὲ
2569 3380 2660 3436 καὶ
2708 3378 2760 3435 ἐν
2818 3384 2887 3454 τῇ
2936 3379 3151 3456 γεέννῃ,
3199 3381 3291 3437 καὶ
3340 3380 3396 3437 ἐν
3426 3386 3507 3455 τῷ
3547 3387 3641 3438 νῦν
3675 3385 3808 3460 βίῳ.

2136 3471 2204 3526 Αἱ
2232 3472 2337 3547 γὰρ
2368 3469 2679 3540 ἀκολασίαι,
2708 3470 2800 3525 καὶ
2864 3468 3029 3525 αὐτοῦ
3079 3473 3181 3525 τοῦ
3241 3470 3502 3544 σώματος
3531 3471 3594 3527 ού
3629 3474 3808 3546 μόνον

2132 3569 2233 3631 τῆς
2282 3563 2472 3636 ψυχῆς
2523 3559 2625 3616 εἶσι
2684 3559 3017 3640 φθαρτικαί.)
3076 3560 3169 3617 Ἦ⁹
3227 3561 3459 3637 “Ωσπερ,
3521 3562 3710 3638 φησὶν,
3741 3565 3803 3619 αἱ

2129 3649 2408 3724 ἐπιθυμίαι
2467 3648 2770 3729 φθείρονται
2841 3649 3176 3727 (φθείρονται
3232 3645 3290 3705 δὲ
3352 3649 3444 3705 καὶ
3498 3649 3643 3723 νόσῳ
3700 3654 3797 3710 καὶ

2126 3740 2341 3816 χρόνῳ,
2398 3739 2487 3795 καὶ
2541 3736 2852 3795 τελευταῖον
2911 3739 3164 3811 θανάτῳ),
3205 3738 3352 3794 οὕτω
3408 3740 3500 3794 καὶ
3555 3740 3717 3805 αὐτὸς
3756 3744 3789 3799 ὁ

354 3831 738 3903 ουρίεορηιίεε
795 3830 1281 3904 corrumpuntur)
1339 3830 1519 3902 idque
1579 3838 1636 3887 et
1686 3831 1895 3888 morbo
1954 3837 2015 3889 et

2148 3833 2221 3896 τάς
2256 3831 2547 3907 ἐπιθυμίας
2606 3831 2803 3888 τίκτων
2864 3829 3176 3905 ἄνθρωπος.
3233 3829 3432 3893 Καλῶς
3481 3827 3540 3886 ὃὶ
3593 3834 3693 3903 τήν
3723 3833 3789 3890 ἐκ

349 3925 618 3993 tempore
649 3938 716 3977 ac
746 3921 990 3977 tandem
1022 3918 1259 3992 morte),
1291 3920 1371 3975 ita
1405 3926 1463 3976 et
1492 3921 1619 3993 ipse
1668 3921 1848 3977 homo
1908 3937 2011 3993 qui

2148 3938 2228 3990 ’ὢν
2298 3932 2603 4008 ἐπιθυμιῶν
2683 3930 3131 4006 ἀποτελουμὲνην
3212 3931 3508 4007 ἁμαρτίαν,
3566 3932 3786 4007 ἀπάτην

348 4011 860 4084 concupiscentias
890 4009 1186 4082 producit.
1213 4008 1313 4066 42
1344 4012 1521 4065 Recte
1552 4016 1752 4066 autem
1795 4027 2006 4082 pecca-

344 4104 473 4156 tum
500 4099 659 4173 quod
682 4117 753 4156 ex
776 4098 1280 4170 concupiscentiis
1323 4099 1652 4169 perﬁcitur,
1710 4099 2006 4170 deceptio-

341 4205 480 4245 nem
511 4189 753 4245 vocavit.
789 4189 1092 4261 Siquidem
1124 4204 1291 4244 error
1333 4193 1422 4243 est
1477 4194 1535 4243 et
1594 4205 1717 4243 non
1764 4189 2001 4261 proprie

338 4278 666 4353 voluptas.“
684 4279 970 4336 Renovari
986 4285 1187 4334 autem
1202 4276 1429 4349 spiritu.
1449 4298 1477 4327 η
1494 4278 1779 4334 Renovari
1799 4286 2000 4336 autem

337 4385 445 4442 per
475 4370 758 4444 Spiritum
793 4375 1087 4437 sanctum,
1151 4369 1251 4440 qui
1312 4374 1401 4423 est
1448 4367 1510 4421 in
1552 4373 1752 4424 mente
1785 4375 1993 4428 vestra.

2121 4021 2395 4080 ἐκάλεσεν.
2470 4022 2683 4093 ’Δπάτη
2760 4021 2885 4098 γὰρ,
2979 4020 3070 4076 καὶ
3164 4019 3227 4076 ού
3300 4022 3511 4096 κυρίως
3582 4021 3784 4096 ἡδονή.

2120 4136 2147 4163 ι(
2205 4112 2582 4167 ’Δνανεοῦσθαι
2659 4105 2717 4165 δὲ
2788 4114 2869 4181 τῷ
2948 4109 3239 4184 πνεύματι.
3304 4132 3333 4162 κ
3390 4111 3780 4178 Ἀνανεοῦσθαι

2118 4198 2175 4256 δὲ
2206 4198 2295 4256 διὰ
2344 4206 2441 4256 τού
2498 4199 2657 4279 ἁγίου
2715 4198 3053 4273 Πνεύματος,
3110 4198 3207 4255 τού
3265 4197 3425 4263 ὄντος
3478 4199 3533 4256 ἐν
3590 4205 3672 4275 τῷ
3697 4207 3778 4276 νῷ

2116 4289 2292 4365 ὑμῶν.
2325 4290 2399 4348 Τὸ
2452 4289 2556 4367 γὰρ
2614 4293 2827 4362 πνεῦμα
2885 4286 3136 4344 παλαιῶν
3191 4290 3291 4344 οὐκ
3339 4290 3594 4365 ἀνέχεται
3634 4293 3781 4367 πρᾶο

2112 4380 2266 4452 ξεων.
2318 4376 2519 4442 Καλῶς
2573 4376 2632 4433 δὲ
2676 4380 2774 4449 τήν
2823 4378 3082 4451 τοιαύτην
3132 4378 3466 4434 ἀνακαίνισιν
3512 4377 3567 4433 ἐν
3611 4379 3782 4436 πνεύ-

337 4458 590 4531 Spiritus
617 4459 776 4515 enim
796 4466 1028 4514 veteres
1045 4474 1165 4513 non
1197 4456 1311 4512 fert
1350 4455 1637 4513 actiones.
1690 4460 1867 4516 Recte
1898 4477 1998 4519 au-

2148 4490 2241 4524 ,ατι
2273 4468 2513 4544 γίνεσθαι
2566 4465 2734 4544 λέγει.
2789 4467 2866 4526 Ού
2925 4467 3029 4545 γὰρ
3086 4473 3417 4541 σωματικῶς
3466 4466 3779 4525 ἄλλοιᾶντ⁹

337 4553 457 4604 tem
475 4548 819 4622 hujusmodi
844 4548 1288 4604 renovationem
1310 4546 1455 4603 dicit
1473 4546 1535 4602 in
1581 4547 1792 4619 spiritu
1818 4549 1948 4607 fieri
1978 4567 1992 4606 :
2031 4599 2034 4635 1

2148 4555 2294 4613 Λλων
2328 4558 2614 4635 γινόμεθα,
2676 4553 2823 4612 ἀλλὰ
2880 4552 2968 4611 διὰ
3028 4555 3340 4629 πνεύματός
3398 4554 3543 4613 ἐστιν
3576 4557 3772 4628 ήᾶνα-

332 4639 721 4712 corporaliter
748 4656 869 4696 non
901 4637 1194 4695 efﬁcimur
1252 4636 1350 4693 alii
1411 4654 1484 4692 ex
1542 4636 1694 4706 aliis,
1756 4638 1860 4696 sed
1887 4636 2034 4714 per‘

2148 4646 2353 4715 κίνισις,
2416 4647 2703 4720 μετανοίας
2759 4644 3113 4722 ἡγουμένης,
3170 4645 3262 4700 καὶ
3318 4645 3382 4701 τὸ
3437 4653 3612 4724 γῆρας
3653 4653 3766 4703 τῶν

331 4729 611 4801 spiritum
643 4736 731 4786 est
762 4729 1090 4797 renovatio,
1155 4727 1437 4784 ducatum
1468 4728 1771 4799 praebente
1802 4730 1989 4804 paeni-

2148 4738 2383 4809 μαρτιῶν
2443 4732 2804 4803 ἆποξυούσης.
2866 4756 2895 4785 ι(
2958 4731 3061 4789 Καὶ
3121 4728 3462 4788 ἐνδύσασθαι.
3511 4756 3541 4784 ››
3597 4729 3766 4790 Ἥδι-

328 4819 538 4907 tentia,
573 4824 632 4875 et
656 4826 1037 4894 peccatorum
1069 4822 1423 4873 vetustatem
1454 4815 1799 4875 abradente.
1835 4843 1862 4871 «
1918 4821 1989 4876 Et

2148 4825 2345 4899 ἱχθητε
2409 4822 2726 4892 ἀποθέσθαι,
2789 4819 3123 4898 ἐδιδάχθῆτε
3205 4819 3549 4879 ἐνδύσασθαι.
3619 4824 3763 4879 Ἀπὸ

325 4908 595 4967 lnduere.
657 4930 686 4961 ››
746 4911 909 4967 Docti
970 4907 1167 4964 fuistis
1225 4907 1547 4979 deponere,
1608 4909 1878 4965 renovari
1929 4917 1988 4965 et

2148 4912 2282 4968 ιινοῧ
2340 4911 2445 4989 γὰρ
2503 4912 2567 4968 τὸ
2642 4909 3030 4988 Ἐδιδάχθητε.
3090 4910 3341 4975 Ἀλλως.
3403 4909 3763 4969 Ἐνδύσασθαί

323 4995 591 5054 induere.
661 4999 808 5054 Nam
876 5017 911 5054 a
985 4996 1287 5054 communi
1358 5011 1538 5051 sensu
1626 4997 1983 5055 sumendum

2148 5024 2257 5073 ησιν
2309 5002 2362 5057 ἐν
2419 5007 2501 5075 τῷ
2561 5003 2922 5077 βαπτισματι,
2983 4998 3298 5066 ἐνδύσασθαι
3349 5002 3437 5058 καὶ
3472 4998 3564 5058 διὰ
3595 5021 3763 5076 μετα-

324 5090 435 5156 est,
464 5086 629 5143 Docti
655 5086 871 5143 fuistis.
908 5118 974 5130 —
1005 5088 1126 5143 Alio
1183 5086 1363 5142 modo.
1421 5085 1673 5141 Induere
1734 5086 1879 5142 dicit
1918 5088 1979 5144 in

2157 5089 2233 5153 ἔας
2264 5091 2354 5147 καὶ
2407 5090 2687 5154 πολιτείας
2745 5097 3019 5166 χρηστῆς.
3081 5114 3112 5146 ‹‹
3159 5092 3259 5146 Τὸν
3312 5091 3499 5147 καινὸν
3540 5092 3760 5169 ἄνθρω-

319 5174 981 5247 baptismatezinduere
1015 5183 1072 5232 et
1128 5192 1237 5248 per
1288 5175 1699 5245 paenitentiam
1758 5181 1815 5231 et
1873 5192 1981 5249 per

2148 5201 2265 5236 δν.»
2297 5180 2461 5257 Ὁρᾷς
2501 5178 2584 5235 ὅτι
2635 5178 2880 5235 ἑκούσιόν
2938 5179 3051 5235 ἐστι
3105 5180 3171 5236 τὸ
3226 5182 3454 5256 πρᾶγμα
3483 5179 3574 5237 καὶ
3610 5181 3755 5254 μᾶλ-

317 5261 539 5320 bonam
561 5266 1092 5321 conversationem.
1122 5286 1145 5316 ι
1197 5264 1419 5318 Novum
1452 5262 1777 5319 hominem.
1816 5285 1845 5314 »
1877 5265 1976 5321 Vi-

2148 5288 2186 5322 ιν
2217 5265 2437 5344 εύχερὲς
2465 5286 2480 5338 ;
2514 5268 2706 5325 Καινὸν
2762 5265 2821 5324 δέ
2870 5268 3153 5345 ἄνθρωπόν
3184 5289 3341 5350 φησι,
3370 5270 3465 5325 τὸν
3497 5268 3548 5325 ἐν
3578 5269 3749 5346 ἀρετῇ

315 5351 420 5409 des
444 5352 601 5424 quod
621 5352 1019 5409 voluntarium
1042 5353 1120 5408 sit
1139 5368 1288 5422 opus
1313 5350 1620 5423 magisque
1666 5352 1727 5408 in
1770 5370 1974 5426 prom-

2148 5361 2375 5428 αζῶντα,
2433 5354 2615 5433 ὥσπερ
2669 5355 2926 5428 παλαιὸν,
2982 5358 3074 5413 τὸν
3133 5356 3184 5413 iv
3236 5357 3553 5434 ἁμαρτίαις.
3587 5382 3614 5411 (ι
3646 5359 3747 5416 Τὸν

311 5449 419 5519 ptu
439 5442 700 5499 ?Novum
724 5449 922 5498 autem
945 5443 1087 5497 dicit
1104 5442 1203 5513 qui
1224 5442 1285 5496 in
1306 5441 1520 5495 virtute
1560 5440 1737 5512 degit,
1771 5460 1975 5514 quem-
2014 5492 2023 5501 λ,

2150 5445 2215 5501 τὰ
2245 5445 2375 5501 Θεὸν
2429 5445 2731 5510 κτισθέντα.
2767 5468 2796 5499 ››
2854 5446 2918 5503 Ὁ
2975 5446 3083 5522 γὰρ
3137 5446 3190 5501 ἐν
3244 5446 3413 5522 ἀρετῇ
3448 5450 3576 5517 ζῶν,
3607 5446 3748 5503 κατὰ

312 5532 637 5591 admodum
668 5537 834 5589 vetus
865 5531 926 5588 in
985 5530 1264 5604 peccatis.
1328 5549 1351 5577 α
1412 5528 1519 5593 Qui
1566 5529 1743 5602 juxta
1786 5532 1971 5591 Deum

2148 5533 2211 5590 iv
2265 5532 2524 5604 ἔκτισται,
2573 5535 2664 5590 καὶ
2720 5534 2857 5591 κατᾶ
2914 5536 3043 5590 Θεὸν
3100 5534 3473 5592 πολιτεύεται.
3526 5545 3750 5591 Amato-

310 5623 584 5680 conditus
616 5628 724 5681 est.
763 5643 790 5672 »
824 5620 934 5689 Qui
985 5621 1148 5677 enim
1204 5620 1266 5676 in
1321 5620 1536 5675 virtute
1596 5621 1753 5688 vivit,
1798 5622 1972 5695 juxta

2148 5644 2209 5693 νη
2266 5620 2324 5679 δὲ
2376 5626 2411 5693 ἡ
2474 5621 2746 5695 καθολικὴ
2809 5622 3026 5700 λέγεται
3087 5625 3280 5701 ἀρετὴ,
3339 5625 3563 5696 ὁσιότης
3594 5623 3743 5697 δὲ,ή

311 5713 499 5769 Deum
529 5713 806 5772 conditus
837 5716 947 5778 est,
999 5716 1057 5767 et
1100 5710 1276 5784 juxta
1326 5710 1515 5765 Deum
1565 5719 1964 5771 conversatur.

2151 5713 2404 5788 θαρότης.
2470 5739 2490 5766 α
2554 5713 2656 5772 Καὶ
2716 5712 2965 5789 ὁσιότητι
3030 5716 3132 5786 τῆς
3204 5713 3488 5787 ἀληθείας.
3549 5738 3579 5767 n
3637 5718 3741 5774 'Hv
