4108 6468
331 472 488 538 i229

1393 464 1801 531 COMMENT.
1840 467 1913 529 ΙΝ
1963 462 2214 530 EPIST.
2262 468 2368 531 AD
2414 467 2688 532 EPHES.

3593 468 3755 530 1230

326 604 420 663 καὶ
472 602 621 680 παρὰ
679 599 967 665 Ἰουδαίοις
1022 597 1341 671 δικαιοσύνη
1394 598 1486 654 καὶ
1551 598 1794 670 ὁσιότης,
1833 594 1981 653 ἁλλὰ

2115 600 2329 658 ῖιιειὶιίιι
2357 613 2494 659 vero
2524 602 2745 659 dicitur
2767 602 2948 659 virtus
3007 596 3406 659 universalis:
3467 600 3754 658 sanctitas

325 697 555 765 τυπική.
616 690 749 767 Περὶ
823 690 928 768 γὰρ
998 689 1254 764 σώματος
1325 689 1587 765 κάθαρσιν
1639 685 1982 764 ἠσχόληντο.

325 783 502 843 Ἀλλά
535 783 611 856 μὴ
648 781 878 853 ταύτην,
936 778 1085 837 ἀλλὰ
1139 780 1240 849 τήν
1299 775 1352 834 ἐν
1410 781 1568 857 ψυχῇ
1633 774 1983 848 δικαιοσύνην

326 875 418 931 καὶ
449 874 711 947 ὁσιότηρα
742 870 1051 936 ἐνδύσασθε.
1111 870 1262 940 Αὖτη
1313 870 1419 945 γὰρ
1466 871 1502 939 ἡ
1557 875 1660 938 τῆς
1704 865 1985 937 ἀληθείας.

326 965 397 1022 "ll
429 960 781 1030 δικαιοσύνην
848 959 1110 1032 ἀληθείας
1164 957 1340 1039 λέγει,
1389 958 1526 1035 πρὸς
1574 953 1988 1025 ἀντιδιαστολῆν

330 1058 433 1124 τῆς
461 1052 514 1106 ἐν
548 1050 849 1128 ὑποκρίσει.

408 1334 502 1390 Διὸ
561 1332 890 1407 ἀποθέμενοι
989 1331 1050 1386 τὸ
1153 1327 1374 1404 ψεῦδος,
1441 1326 1663 1384 λαλεῖτε
1727 1324 1987 1396 ἀλήθειαν

333 1424 557 1485 ἕκαστος
664 1420 799 1496 μετᾶ
869 1424 967 1476 τοῦ
1042 1418 1278 1491 πλησίον
1354 1416 1540 1488 αὐτοῦ,
1644 1417 1728 1472 ὅτι
1830 1414 1990 1486 ἐσμὲν

336 1511 604 1584 ἀλλήλων
673 1510 838 1585 μέλη.
924 1509 1236 1589 Ὀργίζεσθε
1323 1508 1414 1564 καί
1494 1507 1571 1583 μὴ
1639 1506 1989 1581 ἁμαρτάνετε.

330 1605 393 1661 Ὀ
443 1600 609 1673 ἣλιος
666 1602 741 1675 μή
794 1597 1062 1655 ἐπιδυέτω
1119 1597 1207 1654 ἐπὶ
1264 1602 1344 1670 τῷ
1394 1599 1763 1673 παροργισμῷ
1812 1594 1989 1668 ὑμῶν.

334 1689 494 1764 Μηδε
560 1688 739 1746 δίδοτε
800 1688 967 1744 τόπον
1044 1691 1123 1761 τῷ
1207 1682 1473 1761 διαϐόλῳ.
1574 1686 1637 1743 Ὁ
1736 1683 1988 1740 κλέπτων

341 1782 537 1855 μηκέτι
604 1777 910 1849 κλεπτέτω,
982 1776 1197 1853 μᾶλλον
1299 1771 1356 1833 δὶ
1454 1778 1701 1833 κοπιάτω
1769 1774 1995 1851 ἰργαζό-

343 1892 503 1946 μεῖος
552 1869 615 1926 τὸ
691 1869 892 1944 ἀγαθὸν
968 1873 1088 1932 ταῖς
1162 1867 1370 1943 χερσὶν,
1441 1865 1534 1922 ’ἱνα
1608 1862 1714 1944 ἔχῃ
1770 1861 1993 1939 μεταδι-

340 1960 493 2018 δόναι
558 1965 639 2034 τῷ
705 1959 894 2036 χρείαν
961 1956 1168 2036 ἔχοντι.
1240 1963 1350 2021 Πᾶς
1425 1956 1596 2034 λόγος
1660 1956 1871 2047 σαπρὸς
1935 1953 2072 2047 ἐκΒ

340 2056 436 2109 τοῦ
504 2051 774 2125 στόματος
835 2049 987 2124 ὑμῶν
1053 2049 1128 2124 μή
1188 2047 1583 2124 ἐκπορευέσθω,
1624 2044 1753 2102 ἀλλ’
1809 2045 1859 2100 εἳ
1910 2065 1992 2108 τις

338 2141 543 2217 ἀγαθὸς
571 2141 706 2217 πρὸς
739 2137 1040 2214 οἰκοδομὴν
1077 2140 1176 2209 τῆς
1224 2136 1416 2214 χρείας
1444 2135 1539 2191 ’ίνα
1571 2134 1650 2211 δῷ
1681 2136 1843 2215 χάριν
1874 2140 1992 2197 τοῖς

334 2230 646 2290 ἀκούουσιν.

410 2323 542 2381 Eine
607 2322 699 2378 τὸν
760 2316 998 2377 παλαιὸν
1067 2319 1349 2396 ἄνθρωπον
1399 2318 1733 2386 καθολικῶς,
1792 2314 1987 2373 λοιπὸν

334 2413 428 2470 καὶ
494 2410 682 2476 ίδικῶς
749 2409 911 2468 αὐτὸν
995 2407 1301 2488 διαγράφει.
1369 2409 1474 2466 Καὶ
1538 2412 1756 2486 πρῶτον
1824 2406 1991 2463 αὐτοῦ

334 2502 396 2558 τὸ
430 2498 629 2577 ψεῦδος
659 2498 981 2569 ἀποκόπτει,
1041 2498 1117 2561 ὡς
1178 2497 1285 2553 ἀπὸ
1347 2495 1562 2552 οἰκείων
1617 2494 1820 2569 μελῶν,
1863 2493 1991 2550 ὠσεὶ

335 2593 470 2648 εἴπεο
516 2590 610 2660 Μὴ
665 2588 951 2671 ὀφθαλμὸς
1004 2585 1133 2643 ἷδὼν
1193 2585 1407 2661 θηρίον,
1464 2585 1526 2641 οὐ
1583 2582 1774 2641 δίδωσι
1806 2589 1989 2664 φυγεῖν

333 2686 451 2743 τοῖς
508 2677 708 2751 ποσίν;
763 2680 799 2750 ἢ
861 2680 982 2755 χεὶρ
1040 2675 1415 2755 ψηλαφήσασά
1461 2697 1514 2731 τι
1563 2675 1829 2750 πονηρὸν,
1862 2672 1994 2750 ψεύ-

341 2758 586 2827 δεταιτᾶ
615 2766 785 2825 λοιπὰ
820 2768 1010 2843 μελης
1073 2768 1283 2839 Οὕτως,
1346 2768 1502 2848 φησὶ,
1560 2767 1649 2823 καὶ
1704 2765 1845 2840 ὓμᾶς
1876 2768 1990 2846 χρὴ

342 2857 664 2916 διακεῖσθαι.
724 2883 752 2911 ‹‹
815 2857 1142 2935 Ὀργίζεσθε,
1217 2856 1309 2912 καὶ
1389 2857 1466 2930 μή
1541 2856 1898 2932 ἁμαρτάνετε.
1963 2880 1991 2910 »

343 2950 499 3020 Εἶπε,
550 2949 640 3019 Μὴ
685 2943 960 3023 ψεύδεσθε.
1009 2946 1163 3005 Ἐπεὶ
1212 2947 1304 3002 οὗν
1350 2943 1626 3010 πολλάκις
1668 2966 1750 3009 τις
1798 2944 1995 3021 ψευδό-

347 3060 528 3113 μενος,
596 3038 771 3113 ὀργῆς
835 3037 1103 3115 πρόφασιν
1171 3040 1425 3111 παρεῖχε,
1490 3034 1645 3116 φησί.
1692 3032 1869 3091 Καλὸν
1903 3036 1997 3109 μὲν

339 3129 404 3184 τὸ
437 3130 513 3202 μή
548 3127 858 3203 ὀργίζεσθαι
888 3124 1154 3190 καθόλου.
1209 3122 1269 3181 Εἰ
1328 3121 1385 3179 δὲ
1434 3126 1557 3197 ἄρα,
1605 3125 1704 3180 κᾶν
1751 3125 1828 3197 μή
1859 3122 1997 3201 πρὸς

341 3216 609 3293 ἁμαρτίαν
642 3212 926 3295 ἐξαχθῆτε,
980 3211 1121 3289 μηδὲ
1177 3209 1537 3288 παραμενέτω
1572 3214 1701 3287 ὑμῖν
1733 3210 1821 3269 ἐπὶ
1850 3213 1995 3269 πολῦ

336 3308 399 3364 τὸ
438 3307 633 3376 πάθος,
691 3305 815 3362 Ἐνι
870 3304 993 3380 γάρ.
1055 3302 1129 3367 ὡς
1188 3299 1334 3379 λέγει
1385 3323 1490 3375 τις,
1551 3302 1722 3378 ὀργῆς
1782 3298 1994 3365 δικαίας

336 3396 471 3472 πρὸς
522 3394 667 3467 ὥραν
712 3389 1121 3467 ἐμπλησθῆναι.
1176 3396 1349 3447 Λῦσον
1385 3386 1441 3447 δὲ
1471 3390 1640 3461 αὐτὴν
1687 3390 1794 3468 πρὸ
1820 3388 1990 3463 ἡλίου

337 3484 561 3553 δύσεως,
596 3481 687 3540 διά
730 3503 789 3539 τε
834 3484 897 3539 τὸ
951 3485 1027 3557 μὴ
1081 3480 1229 3553 δόξαι
1273 3480 1361 3538 ἐπὶ
1410 3479 1646 3553 ἀναξίοις
1694 3480 1991 3539 ἀνατεταλ-

336 3573 481 3630 κὲναι
512 3575 603 3629 τὸν
650 3570 838 3643 ἥλιον,
886 3571 979 3627 καὶ
1016 3568 1107 3626 ’ἕνα
1158 3572 1234 3645 μὴ
1292 3574 1329 3641 ἡ
1387 3570 1477 3641 νὺξ
1518 3567 1607 3626 διά
1635 3574 1742 3627 τῶν
1773 3570 1989 3628 ἐννοιῶν

340 3661 730 3739 χαλεπωτέραν
762 3659 1055 3737 ἐργάσηται
1085 3661 1184 3730 τήν
1216 3660 1412 3737 πυράν.

422 3924 763 4000 [OlKOI‘M.]
815 3920 1059 3981 Ἥκουσά
1104 3942 1263 3978 τινων
1338 3922 1812 3999 ἓρμηνευσάντων*
1863 3921 1995 3995 Μία,

349 4015 537 4096 φησὶν,
605 4012 987 4089 ἀναμάρτητος
1047 4012 1210 4087 ὀργὴ,
1270 4011 1306 4082 ἠ
1365 4013 1502 4087 πρὸς
1558 4013 1686 4076 τοὺς
1736 4009 1999 4086 δαίμονας

345 4105 434 4164 καὶ
466 4106 534 4161 τὰ
561 4103 732 4174 πάθη.
801 4125 831 4156 «ι
874 4099 1029 4175 Μηδὲ
1093 4099 1274 4157 δίδοτε
1335 4100 1527 4158 τόπον·
1568 4125 1596 4155 »
1666 4101 1736 4160 ἹΙ
1778 4101 1861 4158 ὅτι
1900 4106 1999 4158 τοῦ

347 4196 460 4251 ἀνω
518 4196 779 4273 ἢρτηται·
836 4194 928 4262 Μὴ
984 4187 1272 4259 ὖπιδυότω,
1305 4193 1493 4269 φησὶν,
1526 4192 1555 4248 ὁ
1582 4190 1745 4263 ἣλιος
1805 4189 1892 4248 ἰπὶ
1922 4196 2003 4266 τῷ

346 4287 716 4362 παροργισμῷ
758 4282 935 4358 ὑμῶν,
990 4281 1083 4337 ’ἱνα
1139 4282 1216 4354 μὴ
1248 4278 1387 4338 δῶτε
1432 4282 1623 4358 χώραν
1649 4286 1727 4354 τῷ
1758 4278 2005 4358 διαϐόλῳ

350 4373 442 4431 διά
498 4379 606 4430 τῶν
655 4372 792 4428 κατᾶ
848 4373 949 4443 τήν
1029 4371 1193 4425 νύκτα
1250 4369 1554 4445 λογισμῶν,
1614 4372 1805 4428 πλεῖον
1864 4372 2004 4446 ὑμᾶς

349 4462 584 4521 ἐκκαίειν
617 4463 756 4518 κατά
783 4465 891 4516 τῶν
921 4456 1195 4534 ἀδελφῶν.
1248 4482 1276 4511 ‹‹
1306 4460 1401 4531 Τῷ
1451 4454 1721 4533 διαϐόλῳ,
1760 4487 1781 4512 ι
1826 4462 1920 4523 ’Ὡς
1949 4482 2007 4517 τε

347 4557 412 4610 τὸ
444 4551 718 4624 ἀλλήλοις
760 4549 1045 4624 πολεμεῖν,
1076 4547 1246 4604 τόπον
1275 4544 1387 4603 ἐστὶ
1420 4544 1629 4603 διδόναι
1651 4552 1731 4621 τῷ
1761 4543 2009 4623 διαϐόλῳ

349 4644 472 4707 κ²θ’
503 4644 664 4716 ἡμῶν
694 4640 892 4696 αὐτῶν.
946 4663 973 4689 ι(
1031 4641 1090 4695 Ὀ
1127 4634 1379 4692 κλέπτων
1416 4634 1610 4710 μηκέτι
1640 4632 1939 4693 κλεπτέτω.
1978 4661 2006 4689 ››

2100 695 2299 748 autem
2329 698 2421 749 est
2449 692 2696 766 puritas.
2760 716 2787 745 ιι
2849 695 2921 748 Ει
2972 693 3349 749 sanctitatem
3406 690 3692 746 veritatis.
3722 712 3751 741 ››

2099 783 2236 838 Erat
2253 787 2309 837 et
2329 781 2484 855 apud
2505 783 2738 841 Iudaeos
2753 783 2990 855 justitia
3013 787 3072 838 et
3120 782 3427 847 sanctitas,
3471 780 3575 836 sed
3606 780 3755 852 ﬁgu-

2098 871 2242 926 ralis
2268 886 2280 926 :
2314 889 2454 928 nam
2485 873 2643 929 circa
2673 873 2941 945 corporis
2966 871 3443 944 purificationem
3492 884 3750 941 occupa-

2099 960 2318 1017 bantur
2351 979 2364 1017 :
2396 974 2601 1018 verum
2630 978 2750 1018 non
2782 964 2959 1025 hanc,
2994 960 3100 1017 sed
3129 977 3261 1033 quae
3293 961 3356 1016 in
3406 959 3608 1017 anima
3664 964 3757 1015 est

2102 1051 2474 1108 sanctitatem
2511 1066 2579 1108 ac
2601 1048 2902 1123 justitiam
2934 1050 3184 1107 induite.
3210 1050 3344 1105 Haec
3392 1049 3552 1105 enim
3607 1049 3756 1104 veri-

2102 1141 2237 1196 tatis
2259 1145 2370 1196 est.
2405 1143 2518 1198 Aut
2542 1141 2838 1213 justitiam
2869 1140 3132 1196 veritatis
3162 1138 3308 1194 dicit
3325 1137 3399 1194 ad
3421 1137 3754 1193 distinctio-

2100 1246 2241 1287 nem
2273 1232 2402 1303 ejus
2433 1245 2564 1305 qum
2597 1234 2688 1288 est
2717 1231 2779 1287 in
2812 1231 3198 1287 simulatione
3238 1235 3297 1285 et
3325 1229 3646 1301 hypocrisi.

2172 1328 2267 1396 IV,
2300 1330 2489 1388 25-29.
2525 1352 2552 1380 ‹‹
2586 1333 2956 1402 Quapmpter
2984 1327 3257 1401 deposito
3302 1326 3615 1383 mendacio
3663 1326 3754 1382 lo-

2105 1441 2132 1470 ‹‹
2167 1420 2412 1491 quimini
2444 1420 2754 1475 veritatem
2805 1420 3056 1491 quisque
3118 1434 3253 1474 cum
3298 1417 3569 1489 proximo
3624 1428 3752 1484 suo,

2103 1530 2130 1562 ‹‹
2165 1511 2448 1583 quoniam
2481 1524 2686 1567 sumus
2718 1510 2971 1567 invicem
3004 1509 3289 1565 membra.
3323 1506 3655 1563 Irascimini
3697 1510 3755 1562 et

2104 1624 2131 1651 «
2164 1618 2285 1657 non
2315 1601 2699 1674 peccetis.Sol
2722 1616 2797 1656 ne
2820 1597 3052 1657 occidat
3082 1614 3261 1670 super
3288 1598 3441 1653 iram
3470 1600 3750 1653 vestram.

2110 1711 2136 1744 ιι
2168 1692 2248 1747 Ne
2281 1692 2433 1747 detis
2463 1690 2661 1747 locum
2692 1688 2949 1746 diabolo.
2982 1684 3090 1754 Qui
3138 1686 3446 1744 iurabatur
3494 1702 3570 1741 ne
3623 1700 3753 1741 am-

2105 1802 2133 1831 «
2165 1780 2322 1853 plius
2352 1780 2615 1837 furetur:
2667 1779 2855 1853 magis
2907 1784 3105 1835 autem
3158 1775 3388 1833 laboret
3449 1774 3752 1849 operando

2109 1893 2130 1921 ι
2165 1871 2448 1927 manibus
2475 1870 2636 1943 quod
2665 1870 2891 1926 bonum
2924 1872 3032 1937 est,
3064 1871 3129 1923 ut
3158 1867 3346 1939 possit
3375 1865 3668 1939 impartiri
3701 1864 3754 1921 ei

2107 1981 2131 2013 (ι
2166 1961 2267 2032 qui
2301 1974 2450 2033 opus
2480 1959 2774 2016 habuerit.
2810 1958 3016 2015 Omnis
3046 1973 3242 2013 sermo
3276 1973 3523 2029 spurcus
3555 1972 3623 2011 ex
3654 1972 3755 2011 ore

2106 2071 2135 2101 «
2167 2055 2358 2105 vestro
2391 2064 2465 2105 ne
2497 2047 2801 2121 procedat,
2862 2046 2966 2104 sed
3026 2047 3075 2101 si
3134 2046 3268 2117 quis
3317 2051 3406 2100 est
3457 2044 3649 2100 bonus
3681 2042 3756 2100 ad

2105 2161 2135 2191 ‹‹
2169 2138 2623 2195 aedificationem
2654 2137 2875 2209 negotii
2910 2139 2974 2191 ut
3004 2135 3104 2191 det
3158 2134 3407 2207 gratiam
3459 2133 3756 2189 audienti-

2108 2244 2137 2282 ιι
2166 2227 2296 2283 bus.
2328 2248 2357 2277 »

2176 2326 2594 2385 Universaliter
2610 2320 2844 2381 dixerat
2858 2326 3115 2377 veterem
3130 2319 3435 2377 hominem
3451 2324 3753 2376 :casterum

2105 2416 2285 2473 etiam
2308 2414 2647 2488 specialiter
2669 2414 2859 2486 ipsum
2883 2410 3186 2469 describit.
3211 2411 3281 2465 Et
3300 2410 3493 2482 primo
3511 2410 3754 2467 menda-

2105 2505 2263 2562 cium
2294 2505 2424 2576 ejus
2455 2508 2744 2576 amputat,
2777 2500 2938 2557 velut
2967 2518 3001 2556 a
3030 2500 3288 2573 propriis
3339 2498 3641 2565 membris,
3685 2516 3753 2555 ac

2107 2596 2155 2652 si
2187 2594 2413 2651 diceret
2442 2610 2454 2648 :
2479 2591 2756 2665 Nunquid
2778 2590 2987 2647 oculus
3006 2587 3107 2646 ubi
3130 2590 3317 2645 feram
3354 2590 3453 2645 48
3498 2588 3754 2645 intuitus

2107 2688 2217 2754 est,
2250 2700 2371 2739 non
2402 2682 2504 2739 dat
2534 2680 2786 2756 pedibus
2817 2695 3060 2753 cperam
3091 2684 3155 2734 ut
3181 2678 3452 2751 fugiant?
3500 2683 3603 2734 aut
3634 2694 3756 2735 ma-

2108 2792 2221 2831 nus
2252 2772 2394 2829 mali
2426 2771 2735 2844 quippiam
2766 2774 3167 2836 contrectans,
3226 2769 3497 2825 ludiilcat
3544 2775 3760 2825 caetera

2108 2861 2544 2928 membra‘Hta,
2563 2861 2780 2933 inquit,
2807 2865 2863 2915 et
2908 2876 3007 2915 vos
3058 2862 3292 2931 oportet
3334 2859 3575 2914 affectos
3606 2874 3760 2927 esse,

2111 2951 2512 3019 «Irascimini,
2547 2956 2605 3006 et
2652 2966 2773 3006 non
2814 2948 3092 3022 peccetis.
3120 2970 3147 2996 ι)
3172 2946 3365 3002 Dixit:
3398 2947 3477 3002 Ne
3507 2948 3760 3003 mentia-

2112 3041 2282 3097 mini.
2306 3039 2595 3107 Quoniam
2620 3052 2755 3113 ergo
2778 3037 3125 3110 frequenter
3146 3035 3443 3107 quispiam
3465 3036 3761 3092 mentien-

2112 3129 2185 3186 do
2210 3129 2311 3185 ira)
2338 3144 2546 3185 ansam
2568 3127 2843 3201 praebuit,
2868 3125 3088 3183 idcirco
3112 3124 3195 3180 ait
3219 3140 3232 3179 :
3280 3124 3601 3180 Pulchrum
3635 3124 3763 3197 qui-

2112 3215 2247 3275 dem
2280 3224 2369 3275 est
2401 3216 2648 3273 omnino
2706 3231 2827 3272 non
2886 3213 3102 3271 irasci:
3161 3228 3365 3270 verum
3425 3213 3473 3268 si
3528 3213 3587 3268 id
3639 3231 3761 3271 non

2110 3310 2435 3383 Contingat,
2470 3308 2682 3365 saltem
2732 3323 2806 3363 ne
2868 3305 2941 3363 ad
3000 3310 3310 3379 peccatum
3361 3303 3761 3374 exagitemini,

2109 3416 2304 3472 neque
2336 3397 2536 3455 diutus
2568 3399 2916 3470 permaneat
2972 3393 3129 3468 apud
3175 3412 3276 3451 vos
3336 3395 3438 3450 iraa
3486 3395 3757 3451 affectus.

2102 3488 2403 3562 Contingit
2433 3488 2616 3556 enim,
2648 3493 2717 3543 ut
2747 3487 2892 3542 dicit
2949 3484 3271 3558 quispiam,
3322 3486 3488 3556 justa
3536 3482 3611 3540 ad
3658 3485 3763 3541 ho—

2104 3596 2233 3635 ram
2267 3576 2501 3652 impleri
2538 3593 2551 3633 :
2586 3575 2744 3633 solve
2774 3584 2972 3633 autem
3006 3572 3196 3648 ipsam
3230 3578 3368 3630 ante
3401 3572 3546 3630 solis
3594 3591 3763 3631 occa-

2105 3686 2259 3739 sum,
2284 3674 2342 3724 et
2371 3684 2446 3724 ne
2480 3665 2569 3723 sol
2601 3680 2781 3738 super
2810 3664 3090 3738 indignos
3114 3669 3278 3720 ortus
3298 3663 3482 3719 fuisse
3511 3660 3763 3728 dicatur,

2108 3763 2165 3814 et
2191 3775 2265 3814 ne
2297 3775 2407 3814 nos
2438 3755 2901 3830 cogitationibus
2927 3753 3340 3810 infeliciorum
3364 3750 3584 3809 efﬁciat
3605 3750 3768 3809 ilam-

2115 3864 2296 3904 mam.

2182 3935 2483 4003 Quosdam
2497 3932 2581 3990 ita
2594 3933 2793 3990 audivi
2808 3933 3276 4005 interpretantes
3294 3949 3306 3987 :
3324 3932 3451 3988 Una
3463 3928 3769 3995 ait,incul-

2110 4030 2249 4101 pata
2279 4027 2368 4081 ira
2398 4030 2506 4093 est,
2540 4041 2756 4096 nempe
2776 4041 2907 4095 quas
2929 4039 3066 4096 erga
3085 4022 3389 4079 daemones
3413 4026 3472 4077 et
3519 4022 3766 4077 affectus

2110 4115 2465 4171 concitatur.
2492 4136 2520 4165 «
2548 4116 2626 4169 Ne
2651 4112 2803 4167 detis
2828 4111 3044 4167 locum.
3078 4114 3234 4167 nAut
3277 4126 3413 4167 cum
3463 4110 3768 4181 superiore

2113 4200 2837 4276 conjungitursententia:
2859 4201 2938 4257 Ne
2954 4200 3205 4270 occidat,
3239 4200 3455 4272 inquit,
3471 4198 3557 4255 sol
3591 4214 3770 4272 super

2114 4293 2265 4349 iram
2286 4295 2565 4356 vestram,
2586 4295 2653 4347 ut
2673 4306 2793 4346 non
2815 4278 2968 4345 detis
2984 4288 3183 4345 locum
3205 4288 3443 4345 diabolo
3480 4305 3586 4361 per
3607 4287 3768 4360 cogi-

2118 4383 2371 4438 tationes
2392 4386 2718 4436 nocturnas
2741 4378 3002 4451 amplius
3024 4377 3342 4435 vosinflam
3355 4377 3770 4435 mandiadver-

2117 4486 2218 4526 sus
2237 4468 2472 4526 fratres.
2499 4488 2525 4517 «
2552 4464 2816 4524 Diabolo.
2840 4490 2867 4517 α
2899 4468 3157 4524 Invicem
3208 4483 3343 4541 ergo
3387 4482 3651 4539 pugnare
3680 4471 3771 4522 est

2119 4557 2260 4614 dare
2282 4557 2480 4613 locum
2503 4553 2741 4612 diabolo
2764 4552 3046 4613 adversus
3076 4573 3184 4612 nos
3216 4557 3396 4629 ipsos.
3430 4580 3458 4608 «
3520 4557 3629 4624 Qui
3683 4555 3770 4613 fu-

2120 4645 2383 4715 rabatur,
2417 4662 2537 4701 non
2587 4645 2845 4716 amplius
2902 4644 3153 4701 furetur.
3211 4666 3240 4695 »
3296 4648 3442 4701 Ecce
3500 4642 3770 4700 membra

352 4730 496 4791 Ἰδοὺ
527 4731 593 4788 τὰ
629 4729 771 4806 μὲλη
802 4734 901 4785 τοῦ
932 4728 1172 4784 παλαιοῦ
1209 4726 1520 4802 ἀνθρώπου.
1558 4730 1668 4782 Ποῦ
1701 4722 1758 4782 δὲ
1789 4728 1889 4783 εἷ’σι
1919 4732 1999 4783 νῦν

2118 4734 2332 4791 veteris
2363 4733 2645 4789 hominis.
2682 4733 2785 4788 Ubi
2814 4738 3012 4788 autem
3044 4748 3204 4788 nunc
3235 4737 3373 4789 sunt
3424 4734 3525 4804 qui
3577 4732 3768 4788 sordi-

353 4822 408 4877 οἱ
458 4821 635 4897 ῥύπου
682 4818 958 4897 γέμοντες,
1008 4815 1229 4880 ἑαυτοὺς
1284 4813 1340 4872 δὲ
1390 4816 1659 4893 καθαροὺς
1692 4815 2013 4874 ἐπικαλοῦν-

350 4931 461 4981 τες,
514 4910 565 4966 οἱ
629 4910 707 4983 μὴ
784 4906 1083 4984 δεχόμενοι
1153 4908 1253 4977 τήν
1330 4907 1653 4980 μετάνοιαν;
1731 4904 1868 4963 Ἰδοὺ
1909 4907 2014 4983 γάρ

355 5005 601 5078 φανερῶς
650 4997 960 5065 ἀκούουσιν,
1019 4996 1082 5054 Ὀ
1140 4991 1389 5051 κλέπτων
1454 4996 1648 5070 μηκέτι
1711 4993 2012 5054 κλεπτέτω.

357 5115 386 5143 ‹‹
423 5088 654 5148 Μᾶλλον
704 5085 762 5144 δὲ
817 5083 1086 5145 κοπιάτω.
1136 5108 1164 5137 n
1214 5084 1291 5144 Οὔ
1346 5085 1449 5162 γὰρ
1507 5084 1662 5159 ἀρκεῖ
1712 5084 2014 5141 παύσασθαι

358 5178 628 5255 ἁμαρτίας
675 5178 767 5235 τὸν
833 5180 1222 5252 μετανοοῦντα,
1281 5173 1429 5230 ἀλλὰ
1477 5176 1569 5230 καὶ
1624 5174 1725 5246 τήν
1774 5174 2016 5232 ἓναντίαν

360 5269 499 5345 αὐτῇ
532 5265 780 5326 ὁδευτέον
809 5266 995 5340 ,αὖτῷ.
1053 5267 1314 5324 Κοπιάτω
1375 5260 1453 5336 δὲ,
1510 5264 1698 5337 εἰπὼν,
1730 5267 1793 5321 τὸ
1825 5263 2017 5321 ἐπίπο-

357 5381 453 5416 νον
512 5362 610 5416 τοῦ
664 5352 825 5432 ἔργον
884 5353 1152 5427 ἐδήλωσε.
1209 5352 1287 5411 Τὸ
1346 5353 1567 5429 ἀγαθὸν,
1599 5353 1753 5433 φησί.
1791 5355 2017 5431 Καὶγᾶρ

359 5448 452 5505 καὶ
481 5447 510 5503 ὁ
541 5446 793 5505 κλέπτων
848 5444 1156 5521 ἐργάζεται,
1216 5441 1361 5500 ἀλλὰ
1415 5443 1598 5499 κακόν.
1635 5466 1663 5495 (ί
1713 5446 1820 5504 "ei:
1852 5441 2020 5520 λόγος

363 5537 592 5612 σαπρός.
628 5559 657 5589 ››
710 5533 945 5611 Σαπρὼ,
1004 5533 1042 5604 ἢ
1095 5534 1188 5590 τὸν
1246 5534 1411 5611 ἀργὸν
1464 5533 1553 5588 καὶ
1603 5526 1807 5588 εἰκαῖον
1839 5531 2019 5599 καλεῖ,

362 5628 399 5696 ἢ
430 5627 523 5682 τὸν
554 5625 828 5696 σεσηπότα
884 5622 975 5678 καὶ
1035 5620 1275 5693 δυσώδη.
1335 5623 1394 5677 Τί
1455 5622 1560 5699 γὰρ
1592 5617 1894 5694 λοιδορίας,
1924 5630 2024 5676 κά-

361 5714 656 5783 ταλαλιᾶς,
715 5710 1137 5791 αἰσχρολογίας,
1196 5712 1568 5788 εὐτραπελίας,
1627 5708 2025 5787 δυσωδέστερον

369 5809 405 5878 ἢ
467 5804 639 5864 πλέον
701 5805 974 5878 σεσηπός;
1033 5830 1061 5858 ‹‹
1115 5806 1258 5882 ΙΙρὸς
1316 5802 1620 5879 οἷκοδομὴν
1673 5812 1773 5874 τῆς
1834 5804 2022 5880 χρείας

2121 4826 2234 4881 bus
2264 4822 2513 4895 oppleti,
2539 4820 2767 4893 seipsos
2790 4827 2987 4877 tamen
3011 4839 3190 4894 puros
3214 4822 3441 4888 dicunt,
3481 4834 3601 4876 non
3633 4837 3766 4876 sus-

2125 4914 2414 4986 cipientes
2447 4912 2856 4983 pcenitentiam
2879 4912 2906 4966 '?
2932 4912 3078 4967 Ecce
3111 4912 3272 4968 enim
3304 4911 3617 4967 manifeste
3664 4927 3773 4967 au-

2127 5004 2297 5060 diunt
2321 5019 2333 5056 :
2359 5002 2468 5067 Qui
2488 5000 2798 5057 iurabatur
2819 5017 2938 5056 non
2957 5002 3215 5074 amplius
3233 5002 3482 5059 furetur.
3530 5023 3551 5051 ε
3594 5001 3773 5074 Magis

2127 5097 2326 5147 autem
2359 5089 2610 5146 laboret.
2644 5111 2673 5140 »
2706 5089 2905 5161 Neque
2939 5089 3099 5145 enim
3131 5089 3275 5146 satis
3306 5095 3396 5147 est
3433 5107 3469 5146 a
3514 5090 3775 5162 peccatis

2128 5194 2391 5237 cessasse
2425 5195 2559 5234 eum
2593 5179 2693 5250 qui
2725 5177 3040 5250 resipiscit,
3068 5179 3171 5235 sed
3204 5185 3263 5235 et
3312 5179 3497 5251 priori
3546 5183 3777 5236 contra-

2127 5272 2217 5326 ria
2239 5266 2635 5324 incedendum
2660 5268 2879 5339 estipsi
2902 5267 3014 5324 via.
3067 5268 3282 5325 Dicens
3329 5275 3527 5325 autem
3555 5286 3569 5323 :
3601 5267 3780 5324 Labo-

2128 5365 2241 5423 ret,
2275 5358 2473 5430 operis
2504 5356 2919 5413 difficultatem
2951 5358 3321 5430 significavit.
3356 5358 3523 5424 Quod
3553 5358 3775 5413 bonum

2130 5445 2776 5520 est,inquit.Siquidem
2800 5449 3280 5520 operatur-etiam
3308 5449 3354 5504 is
3377 5448 3479 5519 qui
3526 5446 3776 5511 furatur,

2131 5536 2235 5594 sed
2265 5536 2424 5610 quod
2458 5536 2681 5592 malum
2716 5543 2822 5591 est.
2859 5558 2887 5587 ‹‹
2926 5538 3131 5593 Omnis
3173 5554 3368 5593 sermo
3426 5551 3693 5608 spurcus.
3747 5554 3774 5586 ιι

2133 5624 2349 5699 Σαπρόν
2378 5624 2522 5679 dicit
2543 5630 2647 5678 aut
2669 5626 2925 5681 otiosum
2977 5632 3035 5681 ct
3082 5644 3319 5696 vanum,
3349 5631 3450 5681 aut
3475 5621 3781 5696 putridum

2131 5722 2189 5771 et
2218 5713 2586 5788 graveolens.
2620 5715 2769 5779 Quid
2797 5716 2957 5770 enim
2989 5716 3175 5788 magis
3208 5715 3511 5788 putridum
3544 5718 3633 5768 est
3680 5715 3783 5767 aut

2132 5805 2365 5879 gravius
2387 5803 2507 5860 olet
2525 5820 2703 5874 quam
2718 5804 3068 5875 convicium,
3092 5805 3401 5873 detractio,
3436 5804 3782 5860 obscmnum
