4108 6440
435 444 590 504 1231

1595 398 2029 494 αιουΜΕΝη
2058 433 2368 495 TRlCCJi
2410 434 2766 496 EPISCOPI

3694 439 3840 500 1232

430 574 674 630 verbum
696 576 797 627 aut
817 566 1135 638 dicacitasﬁ?
1158 589 1186 617 ‹‹
1211 566 1297 622 Ad
1323 565 1779 622 aediﬁcationem
1801 564 2060 637 negotii.:

2196 562 2364 627 Ποίας
2442 565 2671 641 χρείας;
2739 568 2848 635 Τῆς
2913 566 3217 638 παρούσης,
3285 564 3443 645 φησὶ,
3497 566 3625 639 περί
3681 567 3749 636 ἧς
3806 568 3839 635 ἡ

428 664 609 733 Cujus
631 660 849 734 negotii
872 660 899 714 ‘?
921 656 1259 720 Praesentis,
1286 656 1501 727 inquit.
1526 654 1598 709 de
1622 672 1738 726 quo
1761 660 1852 710 est
1881 653 2075 709 disce.

425 752 630 824 ptatio.
664 752 906 822 Oportet
935 748 1096 803 enim
1153 745 1344 800 virum
1408 743 1779 815 spiritualem
1838 758 2077 798 omnem

423 841 790 913 propositam
822 836 1320 909 disceptationem
1350 841 1693 891 convertere
1724 834 1797 890 ad
1829 834 2081 890 aedifica-

424 931 649 986 tionem
680 944 888 986 eorum
915 927 1016 998 qui
1049 926 1431 982 conveniunt.
1473 946 1499 977 ιι
1556 926 1625 980 Ut
1685 923 1784 978 det
1828 923 2076 996 gratiam

422 1019 824 1076 audientibus.
868 1038 896 1067 »
924 1018 995 1073 Ut
1025 1015 1145 1080 det,
1176 1013 1390 1086 inquit.
1426 1014 1527 1068 Dei
1558 1013 1805 1085 gratiam
1828 1012 2079 1068 audien-

422 1109 581 1165 tibus
616 1125 629 1164 :
662 1114 765 1164 aut
793 1113 859 1162 ut
888 1105 992 1161 Dei
1022 1104 1271 1177 gratiam
1305 1103 1411 1158 tibi
1442 1104 1707 1159 referant
1736 1102 1809 1158 ob
1846 1119 1915 1158 ea
1945 1119 2075 1173 qua:

420 1199 690 1271 loqueris
719 1215 731 1251 :
765 1201 868 1252 aut
895 1202 963 1250 ut
992 1192 1384 1265 spiritualiter
1408 1198 1611 1264 gratus
1642 1192 1763 1247 illis
1795 1191 1912 1246 ﬁat.
1953 1191 2080 1247 Erit

422 1295 618 1346 autem
653 1287 786 1352 hoc,
818 1286 866 1340 si
901 1285 972 1340 de
1003 1281 1418 1355 temperantia,
1450 1281 1523 1336 de
1546 1281 1784 1354 justitia
1814 1280 1886 1336 de
1916 1280 2075 1336 elee-

420 1393 673 1449 mosyna
702 1374 988 1447 loquaris.

491 1470 594 1522 44
620 1465 810 1532 ΙΧ,3Ο,
845 1465 969 1518 31.‹‹
1006 1464 1076 1517 Ει
1103 1479 1177 1518 ne
1205 1460 1567 1517 contristetis
1599 1460 1882 1531 Spiritum
1902 1475 2073 1514 sanc~

424 1579 447 1606 ι
484 1562 610 1610 tum
640 1553 765 1620 Dei,
795 1568 902 1625 per
932 1567 1111 1624 quem
1143 1551 1439 1624 obsignati
1471 1550 1613 1605 estis
1645 1550 1709 1604 in
1763 1548 1921 1604 diem
1969 1563 2071 1602 re-

421 1667 449 1696 ‹‹
483 1642 863 1715 demptionis.
898 1642 1104 1698 Omnis
1136 1639 1534 1696 amarulentia
1560 1645 1619 1694 et
1648 1644 1863 1706 tumor,
1884 1643 1939 1691 et
1960 1637 2071 1704 ira,

423 1756 452 1785 «
485 1740 544 1790 et
575 1733 939 1800 vociferatio,
973 1738 1031 1787 et
1060 1730 1213 1787 male
1240 1730 1499 1787 dicentia
1527 1728 1772 1784 tollatur
1819 1744 1853 1782 a
1909 1726 2073 1781 vobis

424 1845 450 1871 ‹‹
485 1832 621 1879 cum
654 1822 819 1877 omni
852 1820 1101 1877 malitia.
1134 1843 1162 1871 »

2188 650 2451 725 διάλεξις.
2498 660 2590 710 Δεῖ
2643 656 2744 730 γὰρ
2808 655 2900 709 τὸν
2964 654 3332 727 πνευματικὸν
3393 652 3679 725 ἄνθρωπον
3744 660 3844 711 πᾶ-

2187 762 2279 797 σαν
2329 747 2695 819 προκειμένην
2759 740 2994 814 διάλεξιν
3053 744 3399 817 περιτρέπειν
3427 743 3508 806 εἷς
3540 741 3838 817 οἷκοδομὴν

2185 836 2292 887 τῶν
2324 835 2738 909 συμπαρόντων.
2792 857 2821 884 ‹‹
2852 834 2966 889 Ἵνα
3024 829 3104 905 δῷ
3135 834 3297 908 χάριν
3326 839 3442 896 τοῖς
3473 832 3784 890 ἀκούουσιν.
3809 858 3837 887 ››

2186 923 2301 977 Ἵνα
2359 918 2437 993 δῷ
2493 922 2656 998 χάριν
2712 924 2867 989 Θεοῦ,
2928 919 3086 1000 φησί,
3142 927 3259 985 τοῖς
3310 922 3625 992 ἀκούουσιν,
3674 922 3711 992 ἤ
3753 920 3839 977 ’ἱνα

2186 1010 2349 1083 χάριν
2379 1030 2464 1064 σοι
2496 1009 2745 1064 ε’ἶσιυνται
2778 1013 2932 1077 Θεοῦ,
2976 1008 3055 1086 ἐφ’
3106 1011 3192 1072 οἷς
3239 1008 3456 1079 λαλεῖς,
3484 1012 3521 1083 ἢ
3551 1009 3645 1066 ’ίνα
3675 1010 3841 1085 εὐχα-

2183 1100 2286 1173 ρὴς
2314 1097 2498 1161 αὐτοῖς
2541 1100 2671 1174 γὲνῃ
2721 1102 3128 1174 πνευματικῶς.
3186 1100 3377 1157 Ἔσται
3430 1097 3485 1156 δὲ
3536 1104 3724 1167 τοῦτο,
3758 1100 3842 1155 ἑὰν

2182 1187 2307 1262 περὶ
2367 1187 2743 1268 σωφροσύνης,
2801 1186 2927 1265 περῖ
2987 1185 3362 1261 δικαιοσύνης,
3416 1189 3541 1264 περὶ
3601 1188 3834 1262 ἐλεημοο

2183 1275 2346 1346 σύνης
2380 1275 2579 1352 Λαλῇς.

2254 1465 2357 1524 Καὶ
2404 1468 2472 1543 γὴ
2534 1465 2748 1522 λυκεῖτε
2803 1468 2864 1523 τὸ
2917 1473 3141 1542 Πνεῦμα
3194 1470 3256 1525 τὸ
3315 1470 3464 1544 ἅγιον
3533 1473 3629 1526 τοῦ
3678 1473 3830 1535 Θεοῦ,

2181 1553 2233 1611 ἐν
2311 1557 2357 1629 ᾧ
2431 1556 2795 1631 ἐσφαγίσθητε
2896 1556 2972 1620 εἰς
3074 1558 3285 1635 ἡμέραν
3379 1555 3834 1635 ἀπολυτρώσεως.

2180 1649 2332 1700 Ιιᾶσα
2387 1645 2580 1719 πικρία
2632 1645 2721 1700 καὶ
2780 1646 2978 1718 θυμὸς,
3054 1647 3146 1702 καὶ
3221 1647 3385 1723 ὀργὴ,
3457 1647 3548 1703 καὶ
3603 1649 3837 1724 κραυγὴ,

2182 1733 2278 1787 καὶ
2352 1730 2681 1812 βλασφημία
2745 1733 2967 1810 ἀρθήτω
3033 1733 3123 1810 ἀφ’
3193 1735 3345 1810 ὑμῶν
3415 1737 3507 1791 σὺν
3574 1736 3719 1810 πάσῃ
3750 1755 3842 1792 κα-

2179 1841 2293 1893 κιᾳ.

492 1911 831 1967 Pavendum
864 1909 1147 1981 quiddam
1182 1908 1343 1964 dicit.
1364 1907 1651 1997 Ostendit
1701 1906 1858 1962 enim
1914 1904 2060 1977 quod

2239 1904 2501 2007 I<I>06epi$v
2533 1933 2588 1967 τι
2617 1912 2784 1990 λέγει.
2838 1914 3079 1969 Δείκνυσι
3128 1913 3255 1990 γὰρ,
3304 1913 3388 1969 ὅτι
3435 1921 3538 1978 πᾶς
3569 1916 3597 1971 ὁ
3629 1914 3832 1991 σαπρὸν

422 2002 618 2058 omnis
649 2002 749 2072 qui
772 2016 1054 2071 spurcum
1087 1990 1427 2054 sermonem
1456 1996 1741 2068 loquitur,
1786 1995 2069 2067 Spiritum

423 2098 693 2146 sanctum
727 2089 1059 2144 contristat.
1091 2087 1314 2143 Deinde
1337 2087 1516 2142 etiam
1548 2103 1617 2141 ex
1640 2085 1932 2140 beneflcio
1958 2084 2072 2155 spi-

420 2180 571 2236 ritus
633 2195 971 2235 sermonem
1026 2177 1214 2250 magis
1270 2175 1649 2231 tremendum
1705 2173 1921 2230 reddit.
1972 2173 2070 2228 Ait

422 2270 583 2324 enim
620 2285 632 2323 :
665 2269 778 2323 Per
806 2284 984 2339 quem
1015 2266 1312 2339 obsignati
1373 2266 1535 2320 estis.
1596 2266 1662 2318 In
1712 2262 2067 2335 baptismate

419 2372 679 2427 namque
702 2372 811 2411 nos
834 2354 1183 2426 obsignavit,
1209 2359 1492 2423 tanquam
1516 2351 1898 2406 manifestum
1935 2349 2066 2405 effl-

417 2446 582 2501 ciens
604 2444 763 2517 quod
786 2443 884 2499 Dei
904 2442 1158 2515 populus
1189 2442 1414 2496 simus:
1465 2440 1759 2511 siquidem
1810 2439 1908 2494 hic
1940 2438 2067 2494 dies

414 2535 846 2608 redemptionis
873 2535 1005 2589 fuit.
1040 2557 1067 2583 «
1102 2534 1307 2590 Omnis
1328 2532 1743 2588 amarulentia.
1771 2554 1798 2580 ››
1820 2537 2067 2586 Amaru-

415 2626 662 2681 lentiam
694 2630 861 2681 vocat
889 2625 1325 2680 vehementiam
1355 2623 1417 2678 in
1447 2622 1697 2678 dicendo
1730 2627 1788 2676 et
1834 2635 2065 2693 praepa-

411 2716 707 2771 rationem
739 2713 811 2769 ad
843 2715 992 2770 iram
1029 2730 1041 2767 :
1072 2719 1268 2768 tumor
1297 2719 1496 2767 autem
1538 2712 1635 2766 ita:
1691 2710 2063 2783 generativus

414 2812 522 2871 est,
557 2822 624 2861 ex
648 2805 737 2861 ira
792 2820 926 2859 vero
968 2803 1240 2875 procedit
1304 2801 1668 2866 vociferatio,
1729 2807 1788 2855 et
1836 2818 1907 2855 ex
1952 2800 2063 2854 hac

410 2895 829 2951 maledicentia
860 2895 979 2950 sive
1029 2893 1380 2949 convicium.
1432 2893 1566 2947 Hanc
1625 2891 1805 2965 igitur
1858 2890 2064 2947 omnia

410 2986 698 3041 tollantur
719 3003 753 3041 a
772 2984 959 3040 vobis.
985 2985 1103 3039 Non
1127 2983 1289 3049 dicit,
1310 2981 1732 3049 Cobibeantur,
1785 2987 1889 3037 aut
1936 2984 2059 3037 Pu-

408 3075 780 3143 niantur,sed
807 3090 1047 3129 omnem
1076 3090 1282 3129 eorum
1304 3071 1650 3144 signiﬁcans
1671 3071 2056 3139 ablationem,

406 3166 1097 3237 Tollantur,inquit,cum
1113 3164 1275 3219 omni
1298 3161 1546 3218 malitia.
1562 3161 2055 3233 Quandoquidem

409 3256 570 3312 enim
601 3255 876 3311 nonnulli
909 3260 1048 3311 sunt
1094 3253 1368 3309 homines
1418 3269 1582 3308 more
1638 3268 1854 3307 canum
1902 3251 2055 3307 clam

408 3346 772 3412 mordentes,
804 3344 907 3415 qui
940 3359 1135 3415 neque
1164 3342 1581 3408 vociferantur,
1615 3357 1810 3413 neque
1861 3341 2052 3396 mani-

410 3435 619 3489 festam
649 3433 877 3489 faciunt
908 3433 1078 3500 iram,
1112 3431 1215 3487 sed
1247 3431 1308 3486 in
1340 3431 1540 3487 animo
1571 3446 1702 3485 eam
1734 3436 2057 3499 servantes,

354 3568 365 3572 -
409 3524 546 3579 data
575 3523 886 3578 occasione
913 3521 1306 3584 ulciscuntur,
1340 3520 1444 3576 sed
1475 3502 1553 3575 de
1581 3537 1648 3575 eo
1681 3520 1781 3590 qui
1811 3520 2060 3575 contris-

407 3613 569 3679 tavit,
601 3612 727 3668 vult
753 3612 1039 3667 latentem
1068 3626 1305 3682 quoque
1336 3609 1497 3665 intus
1523 3608 1812 3665 malitiam
1842 3608 1970 3663 tolli
2002 3614 2061 3664 et

407 3700 814 3757 exterminari.

480 3790 574 3858 IV,
605 3792 713 3859 32;
749 3790 812 3857 V,
850 3793 898 3858 1,
932 3792 985 3843 2.
1014 3790 1151 3844 Sitis
1180 3792 1362 3844 autem
1408 3787 1642 3843 invicem
1690 3803 1864 3843 comes
1915 3789 2059 3842 alius

405 3883 463 3934 in
520 3878 716 3947 alium,
784 3879 1182 3947 misericordes,
1241 3878 1507 3933 donantes
1562 3877 1713 3932 vobis
1796 3876 2055 3948 invicem,

404 3967 866 4039 quemadmodum
896 3973 949 4022 et
986 3972 1126 4023 Deus
1150 3985 1256 4038 per
1287 3967 1559 4023 Christum
1599 3965 1826 4021 donavit
1883 3969 2054 4023 tabis.

401 4063 585 4116 Estote
614 4061 791 4129 igitur
822 4061 1132 4115 imitatores
1163 4062 1262 4117 Dei
1292 4067 1560 4129 tanquam
1604 4058 1713 4128 ﬁlii
1760 4058 1969 4127 dilecti,
2003 4067 2055 4114 et

403 4149 680 4205 ambulate
710 4152 768 4203 in
792 4150 1103 4213 dilectione,
1132 4151 1273 4205 sicut
1302 4156 1353 4205 et
1385 4149 1628 4205 Christus
1684 4148 1883 4203 ditarit
1938 4166 2052 4213 nos,

386 4246 455 4305 et
484 4238 717 4294 tradidit
744 4240 1096 4309 semetipsum
1115 4255 1223 4309 pro
1252 4239 1406 4293 nobis
1436 4238 1772 4293 oblationem
1801 4254 1866 4293 ac
1897 4240 2053 4292 victi-

400 4344 547 4383 mam
581 4328 683 4382 Deo
714 4330 769 4381 in
800 4328 1023 4382 odorem
1056 4328 1206 4382 bona:
1230 4329 1585 4398 ﬂagrantiae.

471 4417 673 4487 Neque
706 4416 865 4470 enim
898 4414 1120 4469 sufﬁcit
1147 4414 1274 4470 sola
1304 4431 1339 4470 a
1369 4413 1538 4469 malis
1578 4413 1959 4481 abstinentia,
1993 4421 2057 4469 ut

401 4503 691 4560 liberatur
720 4504 853 4576 quis
876 4520 910 4559 a
941 4503 1257 4576 supplicio,
1289 4503 1406 4559 nisi
1434 4504 1614 4559 etiam
1645 4502 1870 4559 bonum
1913 4520 2053 4575 ope-

399 4601 583 4650 retur.
618 4595 688 4649 Et
721 4593 830 4649 hoc
862 4592 1129 4648 indicant
1159 4593 1258 4664 qui
1292 4610 1326 4648 a
1356 4593 1616 4648 sinistris
1648 4597 1790 4648 sunt
1820 4591 1885 4657 ’6,
1949 4594 2050 4664 qui

2187 1998 2347 2074 λόγον
2382 1998 2596 2069 λαλῶν,
2643 2001 2706 2057 τὸ
2755 2006 2975 2075 Πνεῦμα
3031 2000 3196 2058 λυπεῖ
3249 2004 3311 2060 τὸ
3369 2004 3539 2079 ἅγιον.
3574 2006 3714 2063 Εἶτα
3741 2004 3834 2060 καὶ

2183 2086 2243 2144 ἐκ
2269 2096 2371 2159 τῆς
2413 2088 2718 2165 εὐεργεσίας
2773 2095 2871 2146 τοῦ
2927 2090 3257 2165 πνεύματος,
3318 2087 3690 2168 φοϐερώτερον
3739 2093 3834 2148 τὸν

2182 2175 2350 2256 λόγον
2380 2184 2548 2236 ποιεῖ.
2601 2181 2689 2237 Ἐν
2723 2180 2769 2254 ᾧ
2798 2182 2921 2257 γὰρ,
2945 2181 3134 2259 φησὶν,
3182 2182 3598 2262 ἐσφραγίσθητε.
3631 2185 3836 2258 Ὥσπερ

2178 2267 2281 2343 γὰρ
2348 2265 2556 2339 δήλους
2627 2274 2801 2325 ποιῶν
2872 2272 3021 2343 ἡμᾶς
3092 2269 3177 2326 ὅτι
3253 2270 3410 2344 ἐσμὲν
3475 2275 3610 2327 Θεοῦ
3684 2270 3838 2341 λαὸς,

2181 2354 2504 2433 ἐσφράγισες
2561 2361 2712 2433 ἡμᾶς
2771 2358 2824 2415 ἐν
2881 2364 2962 2432 τῷ
3022 2360 3381 2437 βαπτίσματι.
3438 2362 3590 2432 Αὕτη
3649 2363 3751 2438 γὰρ
3801 2364 3838 2432 ἡ

2181 2446 2361 2522 ἡμέρα
2388 2455 2491 2518 τῆς
2539 2447 2996 2525 ἀπολυτρώσεως.
3058 2474 3086 2503 ιι
3123 2454 3272 2505 Πᾶσα
3303 2451 3513 2525 πικρία.
3550 2472 3573 2505 n
3613 2450 3836 2526 [Ιικρίαν

2184 2536 2277 2609 μὲν
2338 2535 2512 2611 λέγει,
2562 2539 2662 2607 τήν
2721 2535 3007 2610 δεινότητα
3059 2539 3150 2595 καὶ
3206 2541 3306 2610 τὴν
3363 2543 3715 2609 κατασκευήν.
3772 2542 3837 2599 Ὁ

2179 2623 2237 2680 δὲ
2300 2626 2471 2700 θυμὸς
2539 2628 2856 2704 γεννητικός
2926 2628 3038 2685 ἐστι
3078 2635 3177 2699 τῆς
3216 2629 3407 2704 ὀργῆς.
3451 2630 3543 2686 Ἐκ
3609 2626 3666 2685 δὲ
3734 2637 3835 2699 τῆς

2178 2713 2346 2789 ὀργῆς
2378 2716 2412 2785 ἡ
2443 2718 2650 2790 κραυγὴ
2682 2717 2949 2792 πρόεισιν.
3008 2717 3104 2773 Ἐκ
3155 2714 3213 2772 δὲ
3264 2716 3468 2788 ταύτης
3508 2719 3542 2786 ἡ
3579 2717 3837 2795 βλασφη-

2182 2803 2299 2876 μία,
2333 2806 2452 2859 οἷον
2485 2806 2520 2875 ἡ
2554 2802 2829 2882 λοιδορία.
2890 2810 3075 2865 Ταῦτα
3130 2810 3429 2883 τοιγαροῦν
3490 2801 3697 2862 ἅπαντα
3737 2808 3838 2881 ἀρ-

2176 2892 2326 2962 θήτω
2384 2892 2475 2972 ἀφ’
2534 2893 2711 2967 ὑμῶν.
2761 2894 2840 2953 Οὐ
2895 2894 3067 2973 λέγει,
3128 2894 3469 2971 Κατεχέσθω,
3501 2896 3535 2965 ἢ
3585 2895 3835 2966 Κολαζέ-

2176 2993 2310 3049 σθω,
2343 2980 2490 3037 ἀλλὰ
2528 2985 2626 3053 τὴν
2676 2982 2887 3040 τελείαν
2936 2986 3115 3040 αὐτῶν
3163 2982 3350 3053 δηλῶν
3378 2984 3673 3061 ἀναίρεσιν,
3700 2988 3832 3061 ’Λρ-

2175 3073 2326 3142 θγςτω
2406 3072 2498 3127 σὺν
2570 3073 2736 3146 πάσῃ,
2794 3074 2954 3151 φησὶ,
3008 3073 3189 3146 κακίᾳ.
3249 3071 3476 3143 Ἐπειδὴ
3532 3075 3633 3151 γὰρ
3691 3074 3830 3130 είσέν

2173 3161 2450 3236 ἄνθρωποι
2479 3160 2661 3237 ὥσπερ
2690 3167 2798 3218 τῶν
2856 3166 3028 3219 κυνῶν
3091 3164 3143 3219 οἱ
3200 3160 3593 3237 λαθροδῆκται,
3625 3165 3676 3220 οἳ
3703 3166 3832 3221 οὔτι

2171 3252 2480 3326 κρείζουσιν,
2540 3249 2684 3321 οὕτε,
2745 3250 2923 3324 δήλην
3003 3256 3229 3309 ποιοῦσι
3283 3253 3383 3323 τήν
3443 3253 3630 3330 ὀργῆν,
3678 3252 3826 3312 ἀλλᾶ

2167 3342 2305 3397 κατὰ
2364 3343 2549 3416 ψυχὴν
2605 3339 2825 3417 ἔχοντες
2879 3340 3179 3415 ἀμύνονται
3211 3341 3263 3396 ἐν
3292 3343 3468 3418 καὶρῷ
3513 3345 3605 3399 τὸν
3639 3342 3826 3415 λυπήσ-

2164 3450 2348 3498 σαντα,
2385 3429 2640 3505 βούλεται
2691 3430 2781 3485 καὶ
2838 3432 2936 3501 τήν
2991 3427 3403 3505 ἐνδομυχοῦσαν
3454 3433 3644 3487 κακίαν
3673 3433 3830 3509 αἳρε-

2163 3518 2281 3571 σθαι
2313 3516 2402 3571 καὶ
2434 3513 2784 3593 ἐξορίζεσθαι.

2234 3782 2447 3848 Γίνεσθε
2539 3784 2616 3848 εἷς
2698 3782 2984 3856 ἀλλήλους
3058 3785 3319 3862 χρηστοὶ,
3414 3784 3821 3863 εὔσπλαγχνοι,

2164 3874 2523 3947 χαριζόμενοι
2556 3874 2791 3942 ἑαυτοῖς,
2850 3875 3029 3937 καθὼς
3087 3876 3176 3931 καὶ
3237 3877 3265 3931 ὁ
3324 3876 3453 3939 Θεὸς
3511 3875 3562 3932 ἓν
3595 3879 3823 3952 Χριστῷ

2160 3961 2458 4038 ἒχαρίσατο
2517 3963 2664 4036 ὑμῖν.
2727 3963 2939 4020 Γίνεσθε
3007 3965 3099 4020 οὖν
3185 3966 3436 4039 μυμηταὶ
3491 3971 3594 4023 τοῦ
3659 3970 3824 4039 Θεοῦ,

2159 4051 2234 4114 ὡς
2300 4053 2459 4109 τέκνα
2543 4054 2816 4130 ἀγαπητὰ,
2904 4054 2994 4109 καὶ
3078 4059 3427 4130 περιπατεῖτε
3492 4055 3544 4111 ἐν
3605 4054 3818 4135 ἀγάπῃ,

2158 4141 2341 4205 καθὼς
2386 4142 2477 4197 καὶ
2544 4143 2572 4197 ὁ
2634 4144 2869 4219 Χριστὸς
2926 4144 3210 4221 ἠγᾷπησεν
3268 4147 3442 4218 ἡμᾶς,
3511 4146 3603 4200 καὶ
3674 4164 3824 4220 παρ-

2159 4227 2356 4285 έδωκεν
2387 4231 2573 4286 ἑαυτὸν
2639 4232 2773 4307 ὑπὲρ
2827 4235 2988 4307 ἡμῶν
3044 4236 3362 4310 προσφορὰν
3390 4236 3481 4290 καὶ
3519 4235 3704 4299 θυσίαν
3736 4240 3823 4307 τῷ

2157 4322 2275 4391 Θεῷ
2304 4318 2381 4381 είς
2414 4320 2591 4394 ὀσμὴν
2623 4319 2874 4384 εὐωδίας.

2228 4404 2370 4465 Οὐδὲ
2391 4408 2494 4483 γὰρ
2523 4408 2679 4485 ἀρκεῖ
2732 4410 2873 4483 μόνη
2933 4415 3044 4467 τῶν
3103 4416 3283 4468 κακῶν
3325 4415 3362 4483 ἡ
3412 4412 3600 4488 ἀποχή
3636 4411 3825 4469 ἀπαλ-

2157 4493 2315 4567 λάξαι
2345 4498 2635 4571 τιμωρίας,
2698 4499 2744 4554 εί
2798 4502 2874 4574 μὴ
2928 4502 3017 4557 καὶ
3079 4502 3274 4576 ἀγαθόν
3306 4523 3390 4565 τις
3431 4504 3823 4580 προσεργασηο

2157 4607 2267 4643 ται.
2301 4589 2403 4644 Καὶ
2453 4592 2616 4644 τοῦτο
2665 4585 2929 4660 δηλοῦσιν
2991 4592 3042 4646 οἱ
3100 4588 3150 4661 ἐξ
3211 4591 3532 4667 εὐωνύμων,
3581 4590 3634 4647 ο’ί
3665 4590 3827 4647 οὐδὲν

399 4685 470 4740 de
501 4683 668 4740 nullo
693 4699 870 4755 pravo
904 4699 1082 4753 opere
1112 4689 1488 4751 accusantur,
1547 4680 1649 4737 sed
1710 4681 1868 4753 quod
1927 4699 2046 4737 non

2175 4676 2508 4754 μγκαλοῦνται
2539 4679 2727 4739 κακόν.
2758 4681 2884 4736 ’Ότι
2916 4678 2973 4736 δὲ
3024 4682 3100 4755 μή
3134 4677 3385 4757 ἔθρεψαν,
3415 4684 3506 4738 καὶ
3537 4682 3826 4752 ἐπότισαν,

398 4774 688 4846 paverint,
714 4779 920 4845 potum
962 4789 1080 4827 non
1121 4771 1417 4838 dederint,
1479 4788 1599 4826 non
1653 4771 2043 4842 operuerint:

399 4881 529 4934 quae
558 4867 698 4918 sunt
750 4861 1048 4917 bonorum
1107 4860 1507 4932 operationes.
1566 4859 1913 4914 Necessaria
1960 4865 2051 4914 est

398 4951 597 5021 itaque
628 4950 802 5006 nobis
826 4950 1118 5005 bonorum
1137 4966 1374 5021 quoque
1400 4949 1685 5020 operatio.
1712 4948 1848 5003 Ideo
1882 4954 2046 5019 post-

396 5056 573 5111 quam
596 5056 773 5109 prava
793 5038 1041 5095 abstulit
1064 5038 1295 5106 Paulus,
1338 5038 1413 5093 ad
1452 5037 1747 5091 bonorum
1779 5038 1876 5093 45
1913 5054 2047 5108 ope-

394 5129 687 5183 rationem
721 5129 1083 5185 exhortatur.
1118 5152 1146 5178 ‹‹
1182 5129 1410 5183 Comes.
1450 5150 1470 5174 ι
1499 5129 1802 5198 Tanquam
1848 5127 1921 5181 ad
1947 5143 2047 5198 op-

392 5216 648 5288 positam
682 5216 756 5271 ad
786 5217 888 5271 irae
922 5216 1389 5273 distinctionem.
1454 5238 1481 5263 ››
1533 5214 1960 5270 Misericordes.
2014 5238 2042 5266 ››

391 5305 586 5361 Veluti
617 5304 689 5360 ad
721 5304 1170 5360 distinctionem
1221 5304 1554 5376 oppositam
1604 5303 2037 5360 amarulentiae.

389 5394 599 5451 Posuit
626 5396 862 5448 autem:
897 5416 923 5443 «ι
960 5395 1261 5448 Donantes
1291 5393 1454 5448 vobis
1512 5393 1788 5461 invicem,
1839 5414 1867 5443 »
1928 5391 2042 5449 hoc

390 5490 498 5555 est,
533 5484 865 5539 Clementes
896 5500 964 5538 ac
997 5482 1200 5537 faciles
1231 5487 1438 5547 estote,
1474 5480 1891 5553 adoppositam
1917 5498 2040 5537 cor-

387 5572 871 5646 respondcntiam
904 5571 1146 5628 malitize
1180 5577 1238 5626 et
1270 5571 1719 5627 maledicentia}.
1743 5594 1770 5621 ‹‹
1821 5574 2040 5637 Quem-

460 5772 505 5808 ²⁸
537 5773 738 5828 Matth.
773 5787 903 5838 xxv,
939 5771 1026 5825 44.

2162 4767 2251 4821 καὶ
2283 4766 2602 4837 ἐσκέπασαν,
2662 4764 2795 4844 ἅπερ
2853 4767 2967 4825 ἐστὶ
3024 4774 3132 4825 τῶν
3188 4771 3374 4827 καλῶν
3424 4772 3672 4848 ἒργασία.
3727 4779 3831 4828 Δεῖ

2161 4856 2254 4910 οὗν
2282 4858 2420 4930 ἡμῖν
2448 4856 2539 4912 καὶ
2571 4856 2753 4913 καλῶν
2788 4858 3056 4935 ἐργασίας.
3093 4860 3187 4914 Διὸ
3234 4863 3302 4915 τὰ
3332 4860 3515 4932 φαῦλα
3546 4860 3755 4917 ἀνελὼν
3790 4864 3826 4917 ὁ

2160 4949 2401 5013 Παῦλος,
2461 4945 2550 5000 ἐπὶ
2606 4948 2707 5016 τήν
2760 4951 2869 5003 τῶν
2930 4948 3146 5024 ἀγαθῶν
3202 4947 3457 5024 ἐργασίαν
3484 4950 3828 5026 παρακαλεῖ.

2158 5057 2185 5086 ‹‹
2224 5033 2496 5108 Χρηστοί.
2559 5059 2584 5085 υ
2641 5035 2731 5100 Ὧς
2786 5036 2923 5111 πρὸς
2981 5034 3403 5107 ἀντιδιαστολήν
3462 5046 3562 5110 τῆς
3621 5038 3827 5115 ὀργῇς.

2156 5121 2627 5200 «Εὕσπλαγχνοι.
2677 5145 2708 5179 n
2762 5125 2851 5189 Ὠς
2908 5125 3045 5200 πρὸς
3099 5124 3523 5199 ἀντιδιαστολήν
3571 5136 3670 5198 τῆς
3720 5151 3830 5185 πι-

2153 5214 2329 5288 κρίας.
2363 5214 2440 5271 Τὸ
2472 5212 2549 5283 δὲ,
2598 5238 2623 5262 ι(
2655 5216 3022 5291 Χαριζόμενοι
3072 5218 3307 5288 ἑαυτοῖς,
3340 5241 3367 5269 ›)
3419 5219 3449 5274 ’ὀ
3500 5220 3634 5290 ἐστι,
3677 5226 3831 5297 Συγ-

2151 5307 2489 5377 γνωμονικοὶ
2551 5301 2787 5377 γίνεσθε,
2843 5305 2982 5379 πρὸς
3037 5302 3456 5377 ἁντιδιαστολὴν
3496 5315 3598 5377 τῆς
3629 5308 3827 5372 κακίας

2150 5392 2242 5448 καὶ
2310 5391 2667 5470 βλασφημίας
2727 5394 2953 5451 τέθείκε.
3022 5419 3050 5447 ‹‹
3124 5396 3311 5460 Καθὼς
3377 5397 3467 5452 καὶ
3522 5398 3552 5452 ὁ
3605 5398 3735 5461 Θεὸς
3766 5397 3829 5453 ἐν

2149 5482 2390 5557 Χριστῷ.
2426 5506 2454 5534 ››
2507 5482 2748 5558 Μεγίστη
2803 5484 2899 5557 μὲν
2952 5485 3240 5560 προτροπὴ
3295 5486 3434 5560 πρὸς
3480 5486 3542 5541 τὸ
3592 5489 3831 5563 χαρίζε-

2152 5573 2273 5626 σθαι
2322 5571 2564 5640 ἑαυτοῖς,
2623 5572 2686 5626 τὸ
2747 5571 2920 5628 εἰπεῖν
2977 5573 3070 5629 τὸν
3129 5576 3385 5648 Χριστὸν,
3416 5600 3443 5628 α
3476 5576 3698 5655 Ἀφετε,
3730 5578 3834 5632 καὶ
