4108 6394
330 496 484 559 1233

1366 490 1772 554 COMMENT.
1818 486 1893 547 IN
1939 484 2189 547 EPIST.
2234 485 2293 545 ΙΙ
2338 482 2449 544 AD
2495 482 2778 543 EPHES.

3592 483 3749 542 1234

327 628 655 708 ἀφεθήσεται
688 627 833 702 ὑμῖν.
880 650 908 678 »
967 623 1129 682 Ἀλλ’
1185 621 1375 694 ἐπειδή
1429 620 1636 678 πολλοὶ
1669 618 1732 676 οὖ
1772 613 1973 697 σφόδρα

2094 615 2415 673 admodum
2456 620 2515 671 et
2572 616 2727 671 Deus
2784 630 2891 686 per
2934 614 3254 670 Christum.
3288 635 3318 663 υ
3350 615 3600 671 Maxima
3621 616 3754 688 qui-

326 724 446 783 τοῖς
498 715 768 792 μέλλουσι
825 716 1194 787 πιστεύουσιν,
1256 715 1361 771 ἀπὸ
1418 720 1526 771 τῶν
1581 708 1987 788 προϋπηργμέ-

325 829 436 863 νων
492 812 717 875 ποιῆται
798 808 898 876 τὴν
978 805 1347 880 παράκλησιν.
1435 802 1798 878 Χαριζόμενοι
1856 799 1983 875 γὰρ,

326 895 783 971 φησὶν,ἒαυτο“ίς,
836 896 1017 959 καθὼς
1041 893 1130 949 καὶ
1187 895 1215 949 6
1274 894 1405 954 Θεὸς
1454 892 1509 948 ἐν
1572 893 1794 965 Χριστῷ
1852 888 1983 963 ἐχα-

327 985 514 1062 ρίσατο
549 986 699 1059 ὑμῖν.
745 985 804 1039 Τί
866 985 1005 1040 ἐστιν
1058 986 1150 1041 ’Ev
1204 985 1468 1059 Χριστῷ;
1530 983 1789 1038 Τουτεστι
1853 976 1986 1052 μετά

325 1073 581 1131 κινδύνου
609 1079 708 1130 τοῦ
733 1075 863 1129 Υἱοῦ
892 1073 1080 1143 αὐτοῦ,
1116 1071 1206 1128 διὰ
1240 1079 1341 1143 τῆς
1403 1076 1616 1151 σφαγῆς
1675 1067 1840 1123 αὐτοϋ
1893 1065 1985 1121 καὶ

321 1169 422 1222 τοῦ
453 1167 708 1240 σταυροῦ.
742 1162 843 1221 Καὶ
879 1162 942 1218 σὺ
982 1164 1097 1236 μὲν,
1155 1161 1339 1238 φησὶν,
1400 1156 1700 1221 ἀκινδύνως
1755 1157 1981 1234 χαρίζῃ,

326 1256 356 1310 6
388 1251 446 1310 δὲ
476 1253 607 1315 Θεὸς
643 1251 780 1326 μετᾶ
821 1253 917 1307 τοῦ
972 1248 1202 1315 θανᾶτου
1259 1271 1362 1305 του
1418 1250 1763 1323 Μονογενοῦς
1809 1244 1981 1301 αὐτοῦ

325 1342 619 1419 ἐχαρίσατο
679 1342 831 1415 ὑμῖν.
893 1341 1051 1415 Ὁρᾷς
1112 1333 1472 1414 ὑπερϐολήν;
1528 1362 1557 1389 ‹‹
1614 1336 1832 1399 Γίνεσθε
1886 1331 1980 1388 οὖν

328 1432 568 1506 μιμηταὶ
597 1434 694 1486 τοῦ
733 1433 885 1487 Θεοῦ.
923 1452 952 1480 ››
985 1430 1172 1505 Ἀρκεῖ
1223 1433 1387 1484 τοῦτο
1441 1427 1578 1501 πρὸς
1643 1424 1833 1500 μισθὸν
1899 1427 1979 1495 τῷ

322 1520 700 1597 χαριζομένῳ,
754 1519 816 1574 τὸ
867 1517 1107 1595 γενέσθαι
1169 1519 1422 1590 μιμητὴν
1488 1519 1585 1571 τοῦ
1642 1518 1795 1571 Θεοῦ.
1835 1514 1982 1578 «Ὧς

322 1615 485 1667 τέκνα
516 1609 791 1686 ἀγαπητά.
826 1631 855 1660 ››
880 1606 1021 1665 Ἰδοὺ
1050 1607 1140 1663 καὶ
1171 1604 1320 1677 ἄλλη
1370 1606 1506 1681 πρὸς
1535 1606 1598 1661 τὸ
1655 1606 1975 1680 χαρίζεσθαι

321 1700 637 1778 προτροπὴ,
677 1693 985 1773 μᾶλλονδὲ
1024 1695 1252 1773 ἀνάγκη.
1313 1695 1577 1770 Ἀνάγκην
1636 1694 1739 1771 γὰρ
1797 1692 1974 1769 ἔχετε,

323 1789 481 1870 φησὶ,
527 1789 815 1862 μιμεῖσθαι
852 1785 944 1842 τὸν
1005 1787 1215 1862 Ιίατέρα
1272 1785 1447 1859 ὑμῶν.
1480 1784 1611 1842 Εἶτα
1641 1782 1830 1854 ἔπειδὴ
1896 1784 1972 1856 μὴ

322 1878 495 1934 πάντα
521 1877 588 1932 τὰ
615 1874 774 1932 τέκνα
816 1879 1064 1949 μιμεῖται
1102 1875 1197 1931 τὸν
1253 1873 1477 1945 πατέρα,
1526 1874 1834 1946 προσέθηκε
1887 1873 1972 1943 τὸ,

324 1964 634 2043 Ἀγαπητά.
662 1967 797 2025 Τοῖς
827 1963 933 2037 γὰρ
983 1961 1258 2023 τοιούτοις
1314 1960 1366 2036 ἐξ
1426 1962 1667 2037 ἀνάγκης
1732 1962 1883 2026 τινὸς
1937 1964 1971 2030 ἡ
2008 1987 2054 2052 Β

328 2056 588 2130 μίμησις.
631 2075 655 2104 ε
708 2053 814 2110 Καὶ
853 2057 1200 2127 περιπατεῖτε
1232 2051 1284 2107 ἐν
1337 2051 1546 2127 ἀγάπῃ.
1581 2075 1610 2103 »
1671 2048 1812 2107 Ἰδοὺ
1841 2051 1977 2107 πάν-

317 2166 429 2201 των
455 2149 566 2200 τῶν
616 2139 801 2197 καλῶν
855 2142 890 2212 ἠ
951 2140 1095 2216 ῥίζα.
1129 2140 1346 2212 Ταύτης
1400 2142 1504 2217 γὰρ
1539 2137 1729 2212 οὔσης,
1788 2140 1879 2195 καὶ
1938 2142 1974 2209 ἡ

322 2235 470 2315 φυγή
501 2237 611 2288 τῶν
642 2235 851 2301 κακῶν,
884 2230 973 2285 καὶ
1001 2233 1036 2299 ἡ
1076 2231 1300 2301 ποίησις
1347 2235 1457 2285 τῶν
1513 2230 1751 2305 ἀγαθῶν,
1810 2230 1976 2305 εὐχε-

325 2327 434 2396 ρῶς
491 2324 877 2397 κατορθοῦται.
947 2319 1165 2388 Καθὼς,
1222 2319 1408 2399 φησὶν,
1471 2319 1500 2374 6
1558 2318 1793 2393 Χριστὸς
1836 2318 1976 2391 ἠγά-

325 2433 496 2485 πησεν
527 2413 697 2486 ἡμᾶς.
731 2410 923 2468 Καίτοι
983 2409 1086 2464 οὐκ
1135 2403 1279 2464 ἔστιν
1307 2408 1501 2482 ὅμοιον
1540 2410 1639 2477 τῆς
1693 2413 1792 2463 τοῦ
1830 2409 1975 2483 Χρι-

323 2524 453 2559 στου
484 2502 703 2576 ἀγάπης
748 2501 812 2554 τὸ
858 2497 1150 2574 ἡμέτερον.
1210 2499 1271 2556 Ὀ
1305 2499 1400 2571 μὲν
1450 2498 1556 2575 γὰρ
1588 2497 1823 2576 ἐχθροὺς
1882 2494 1975 2553 ὄν-

320 2613 418 2654 τας
445 2593 596 2664 ἡμᾶς
626 2588 904 2664 ἠγάπησε,
938 2585 1000 2642 σὺ
1055 2585 1134 2657 δὲ,
1165 2587 1324 2667 φησὶ,
1365 2590 1528 2642 τοῦτο
1586 2584 1680 2642 κᾶν
1714 2586 1790 2647 εἷς
1848 2585 1976 2650 τοὺς

318 2681 560 2752 πλησίον
592 2674 874 2748 ἐπίδειξον.
909 2679 974 2735 ὐ
1031 2676 1127 2751 μὲν
1181 2677 1416 2752 Χριστὸς
1450 2676 1635 2732 ἑαυτὸν
1678 2676 1754 2737 εἷς
1812 2676 1975 2732 θάνα-

318 2791 412 2825 τον
440 2765 748 2845 παρέδωκε,
780 2765 866 2821 σοὶ
898 2762 955 2821 δὲ
986 2763 1269 2830 ἀκίνδυνος
1296 2765 1386 2821 καὶ
1434 2765 1673 2839 ἀζήμιος
1731 2762 1879 2822 ἔσται
1939 2769 1973 2835 ἡ

319 2860 458 2937 πρὸς
495 2858 594 2914 τὸν
624 2855 865 2928 πλησίον
899 2855 1104 2933 ἀγάπη.
1165 2854 1235 2912 Ei’
1293 2852 1350 2910 δὲ
1413 2853 1644 2931 ἐχθροὺς
1676 2855 1976 2929 ἀγαπήσεις

321 2949 460 3005 κατὰ
492 2948 727 3022 μίμησιν
753 2950 852 3002 τοῦ
882 2950 1152 3021 Χριστου,
1182 2948 1388 3020 γενήσῃ
1443 2944 1532 3000 καὶ
1586 2945 1649 2999 σὺ
1682 2944 1840 3009 θυσία
1894 2947 1975 3015 τῷ

321 3042 440 3110 Θεῷ
465 3037 558 3092 καὶ
588 3037 898 3113 προσφορὰ,
949 3034 1024 3098 εἷς
1075 3035 1253 3107 ὀσμήν
1323 3032 1553 3096 εὐωδίας
1610 3030 1971 3109 λογιζομένη,

319 3126 509 3188 Οὓτως
538 3126 567 3180 6
598 3126 831 3200 Χριστὸς
857 3122 1066 3201 γέγονε,
1103 3120 1248 3179 οὕτω
1275 3121 1364 3178 καὶ
1396 3124 1582 3196 ἡμεῖς,
1615 3121 1703 3177 ἐὰν
1734 3120 1975 3194 θελήσω-

323 3235 441 3291 μεν,
466 3213 720 3289 ἐσόμεθα.

388 3461 621 3537 Ηορνεία
681 3459 737 3517 δὲ
797 3462 889 3517 καὶ
968 3466 1114 3516 πᾶσα
1172 3461 1469 3538 ἀκαθαρσία
1546 3462 1580 3532 ἢ
1662 3461 1966 3536 πλεονεξία,

321 3549 465 3626 μηδὲ
527 3550 881 3625 ὀνομαζέσθω
939 3550 993 3606 ἐν
1056 3551 1205 3625 ὑμῖν,
1262 3551 1444 3616 καθὼς
1513 3550 1707 3626 πρέπει
1764 3552 1965 3626 ἁγίοις.

321 3643 420 3698 Καὶ
478 3641 784 3717 αἶσχρότης
865 3639 956 3695 καὶ
1055 3640 1403 3717 μωρολογία,
1470 3641 1505 3712 ἢ
1592 3640 1967 3716 εὖτραπέλεια,

314 3733 384 3788 τὰ
458 3730 560 3787 οὐκ
648 3731 955 3802 ἀνήκοντα.
1040 3726 1218 3786 Ἀλλὰ
1304 3728 1519 3804 μᾶλλον
1624 3731 1963 3806 εὐχαριστία.

316 3825 497 3880 Τοῦτο
553 3821 657 3898 γὰρ
713 3819 832 3876 ’ἰστε
880 3818 1262 3896 γινώσκοντες,
1321 3819 1406 3875 ὅτι
1461 3825 1568 3883 πᾶς
1646 3822 1848 3896 πόρνος
1928 3818 1965 3891 ἤ

317 3911 642 3985 ἀκάθαρτος,
697 3910 734 3980 ἢ
790 3908 1152 3980 πλεονέκτης,
1215 3908 1275 3972 ὅς
1329 3908 1471 3964 ἐστιν
1529 3906 1967 3985 εἰδωλολάτρης,

320 4001 425 4057 οὐκ
481 3994 599 4074 ἔχει
655 3996 1030 4073 κληρονομίαν
1087 3997 1139 4054 ἐν
1216 4003 1284 4073 τῇ
1355 3995 1607 4073 βασιλείᾳ
1677 4003 1776 4054 τοῦ
1833 4001 1969 4072 Χρι-

315 4109 446 4145 στου
525 4090 616 4144 καὶ
703 4092 858 4144 Θεοῦ.
938 4084 1146 4158 Μηδεὶς
1251 4087 1392 4162 ὑμᾶς
1473 4087 1731 4145 ἀπατάτω
1791 4094 1968 4153 κενοῖς

314 4178 534 4254 λόγοις.
577 4178 674 4234 Διὰ
730 4182 903 4233 ταῦτα
955 4176 1061 4252 γὰρ
1119 4172 1339 4252 ἔρχεται
1394 4179 1430 4247 ἡ
1492 4176 1627 4255 ὀργὴ
1686 4182 1781 4234 τοῦ
1836 4183 1970 4235 Θεοῦ

315 4267 407 4324 ἐπὶ
463 4268 595 4332 τοὺς
649 4265 801 4329 υἱοὺς
854 4273 959 4336 τῆς
1043 4265 1336 4332 ἀπειθείας.
1424 4268 1519 4339 Μή
1591 4270 1681 4323 οὖν
1759 4266 1972 4346 γίνεσθε

314 4357 663 4433 συμμέτοχοι
696 4356 899 4412 αὐτῶν.
928 4354 1061 4410 Ἦτε
1089 4355 1193 4431 γάρ
1224 4377 1357 4411 ποτε
1387 4356 1603 4423 σκότος,
1635 4362 1726 4414 νῦν
1759 4355 1818 4414 δὲ
1856 4363 1972 4436 φῶς

312 4444 366 4501 ἐν
403 4444 609 4520 Κυρίῳ.

389 4534 528 4592 Eine
557 4534 680 4609 περῖ
723 4554 822 4589 του
855 4543 1089 4605 θυμικου
1121 4530 1345 4603 πάθους,
1377 4538 1475 4588 τοῦ
1508 4536 1686 4609 θυμοῦ
1722 4537 1814 4591 καὶ
1869 4545 1973 4608 τῆς

316 4626 509 4701 ὀργῆς,
544 4624 635 4680 καὶ
665 4630 766 4693 τῆς
794 4621 1042 4698 πικρίας.
1101 4620 1276 4688 Ἦλθε
1334 4623 1529 4680 λοιπὸν
1563 4624 1640 4688 εἷς
1677 4626 1739 4681 τὸ
1784 4625 1970 4691 ἐπιθυ-

2100 706 2235 761 dem
2266 704 2602 761 exhortatio
2642 704 2717 759 ad
2747 702 3093 759 donandum
3126 703 3378 759 invicem
3410 710 3501 759 est
3532 705 3753 760 dixisse

2097 798 2398 854 Christum
2435 814 2449 852 :
2483 820 2510 844 ιι
2565 796 2866 852 Remittite
2926 802 2985 851 et
3040 795 3378 852 remittetur
3426 795 3592 851 vobis
3622 798 3687 851 ³⁷.
3725 821 3754 847 ››

2098 886 2211 942 Sed
2241 887 2526 958 quoniam
2558 885 2728 941 multi
2746 902 2865 940 non
2897 884 3218 940 admodum
3243 885 3602 941 creduntliis
3620 905 3752 958 qua)

2096 980 2296 1035 futura
2323 985 2480 1047 sunt,
2516 978 2590 1034 ab
2622 978 2716 1032 his
2746 995 2878 1050 quae
2915 984 3350 1050 praecesserunt
3378 978 3522 1034 facit
3551 980 3753 1035 admo-

2096 1069 2387 1123 nitionem
2416 1085 2429 1122 :
2468 1067 3010 1137 Donantes,inqnit,
3032 1066 3198 1121 vobis
3225 1066 3497 1133 invicem,
3533 1086 3750 1139 quem-

2094 1158 2414 1213 admodum
2448 1163 2508 1211 et
2554 1157 2708 1212 Deus
2760 1172 2868 1227 per
2922 1155 3214 1210 Christum
3268 1155 3507 1211 donavit
3562 1159 3744 1213 vobis.

2093 1246 2243 1313 Quid
2275 1253 2367 1302 est
2394 1246 2506 1301 Per
2529 1246 2828 1301 Christum
2851 1246 2879 1300 ‘2
2933 1245 3046 1300 hoc
3076 1250 3167 1300 est
3217 1261 3350 1300 cum
3401 1246 3666 1318 periculo
3698 1256 3755 1303 et

2092 1338 2312 1392 damno
2336 1337 2468 1392 Filii
2497 1337 2612 1398 sui,
2642 1352 2750 1408 per
2770 1335 2990 1391 caedem
3026 1340 3083 1391 et
3137 1337 3476 1408 passionem
3502 1338 3652 1409 ejus.
3682 1341 3753 1395 Et

2090 1432 2151 1483 tu
2166 1425 2408 1497 quidem
2432 1427 2560 1481 sine
2581 1424 3531 1497 periculo,inquit,donabis,Deus
3544 1434 3742 1485 autem

2088 1532 2221 1571 cum
2244 1520 2434 1569 morte
2453 1514 2750 1587 Unigeniti
2791 1514 2879 1568 sui
2903 1514 3145 1568 donavit
3163 1514 3348 1570 vobis.
3384 1516 3556 1571 Vides
3587 1533 3740 1588 prai-

2089 1604 2475 1660 eminentiam
2495 1619 2562 1658 ac
2575 1602 3045 1659 excellentiam.«
3060 1604 3257 1658 Estote
3273 1603 3453 1676 igitur
3465 1604 3745 1660 imitatio-

2086 1708 2181 1747 res
2208 1692 2330 1748 Dei.
2370 1714 2399 1741 »
2431 1691 2586 1747 Satis
2617 1697 2707 1746 est
2736 1690 2811 1746 ad
2837 1691 3168 1747 mercedem
3201 1692 3254 1746 ei
3300 1693 3401 1763 qui
3450 1692 3632 1747 donat
3678 1699 3746 1748 ut

2087 1783 2164 1837 sit
2191 1782 2290 1837 Dei
2324 1781 2609 1837 imitator.
2642 1802 2671 1831 ‹‹
2699 1782 3001 1851 Tanquam
3043 1781 3149 1835 ﬁlii
3183 1780 3406 1837 dilecti.
3442 1803 3470 1830 »
3492 1784 3640 1837 Ecce
3688 1789 3746 1837 et

2086 1872 2202 1927 alia
2230 1871 2305 1926 ad
2364 1870 2824 1926 condonandum
2886 1870 3241 1937 exhortatio,
3300 1870 3488 1943 magis
3543 1877 3741 1927 autem

2084 1962 2432 2020 necessitas.
2457 1964 2709 2018 Necesse
2739 1968 2830 2018 est
2858 1963 3045 2032 vobis,
3070 1963 3284 2033 inquit,
3318 1969 3384 2018 ut
3413 1964 3736 2019 imitemini

2083 2053 2315 2109 Patrem
2347 2058 2629 2109 vestrum.
2664 2052 2886 2108 Deinde
2918 2053 3060 2123 quia
3088 2068 3208 2107 nou
3236 2069 3445 2108 omnes
3492 2053 3599 2108 filii
3634 2070 3739 2125 pa—

2084 2147 2234 2198 trem
2266 2143 2599 2208 imitantur,
2629 2140 2859 2196 addidit
2884 2140 3095 2196 Dilecti
3129 2157 3141 2195 :
3176 2140 3393 2196 talibus
3452 2143 3608 2197 enim
3668 2159 3738 2198 ex

2081 2231 2437 2286 necessitate
2470 2229 2725 2302 quadam
2758 2229 3053 2285 incumbit
3079 2230 3353 2286 imitatio.
3377 2255 3404 2281 ιι
3430 2232 3500 2285 Et
3528 2231 3736 2287 ambu-

2081 2320 2199 2376 late
2232 2320 2292 2375 in
2324 2319 2705 2376 dilectione.»
2723 2320 2870 2374 Ecce
2902 2318 3175 2375 omnium
3206 2319 3499 2376 bonorum
3548 2321 3737 2376 radix.

2081 2412 2226 2466 Nam
2257 2410 2306 2465 si
2337 2411 2465 2465 huic
2496 2409 2673 2477 adsit,
2729 2413 2789 2464 et
2841 2408 2979 2480 fuga
3033 2409 3349 2478 malorum,
3382 2415 3442 2465 et
3471 2411 3738 2482 operatio

2080 2498 2374 2554 bonorum
2403 2497 2578 2553 facile
2603 2497 3058 2570 attingunturac
3080 2498 3739 2568 subsequuntur.Sicut,

2081 2587 2295 2658 inquit,
2329 2587 2598 2642 Christus
2632 2586 2841 2641 dilexit
2868 2603 3001 2641 nos.
3035 2587 3213 2658 Atqui
3245 2587 3414 2643 nulla
3439 2594 3530 2643 est
3568 2588 3735 2643 simi-

2083 2679 2271 2736 litudo
2302 2680 2460 2735 inter
2489 2680 2706 2735 Christi
2738 2678 3122 2735 dilectionem
3167 2686 3226 2735 et
3282 2687 3571 2737 nostram.
3634 2681 3740 2736 llle

2083 2785 2507 2841 namque,cum
2544 2769 2772 2825 inimici
2804 2785 3093 2834 essemus,
3127 2770 3337 2825 dilexit
3367 2778 3574 2839 nos,tu
3607 2786 3743 2825 vero

2084 2860 2198 2915 hoc
2225 2859 2436 2914 saltem
2471 2874 2609 2931 erga
2653 2859 2994 2931 proximum
3052 2859 3280 2916 exbibe.
3311 2860 3579 2916 Christus
3609 2862 3748 2931 qui-

2085 2947 2221 3004 dem
2250 2948 2515 3019 seipsum
2546 2948 2609 3003 in
2640 2953 2894 3003 mortem
2926 2949 3190 3012 tradidit,
3222 2948 3330 3003 tibi
3360 2965 3495 3004 vero
3517 2949 3742 3020 absque

2081 3037 2347 3108 periculo
2380 3042 2438 3091 et
2462 3035 2681 3091 damno
2730 3037 2844 3092 erit
2896 3053 3033 3110 erga
3082 3038 3419 3109 proximum
3475 3037 3737 3094 dilectio.

2080 3124 2246 3192 Quod
2305 3126 2354 3179 si
2404 3125 2683 3180 inimicos
2714 3125 2789 3181 ad
2819 3125 3035 3180 Christi
3085 3125 3481 3181 imitationem
3509 3126 3735 3182 dilexe-

2078 3215 2183 3282 ris,
2211 3215 2329 3269 eris
2359 3220 2424 3269 tu
2457 3215 2572 3269 Deo
2602 3214 2842 3270 victima
2861 3221 2920 3271 et
2938 3214 3160 3271 oblatio
3191 3215 3255 3270 in
3282 3215 3529 3271 odorem
3557 3215 3730 3271 bona:

2079 3303 2415 3377 tragrantim
2446 3308 2734 3375 reputata.
2772 3305 2860 3360 Ita
2887 3304 3155 3359 Christus
3184 3303 3375 3360 factus
3405 3310 3515 3376 est,
3567 3306 3649 3360 ita
3673 3313 3733 3361 et

2005 3360 2049 3427 θ
2078 3409 2188 3448 nos
2218 3393 2442 3449 erimus
2473 3393 2522 3448 si
2560 3392 2945 3448 voluerimus.

2142 3483 2210 3549 V,
2242 3483 2355 3536 3-8.
2372 3502 2400 3531 «
2416 3482 2709 3537 Ceterum
2736 3483 3015 3538 scortatio
3045 3487 3105 3538 et
3132 3483 3330 3540 omnis
3350 3483 3733 3542 immunditia

2074 3594 2104 3623 ‹‹
2127 3576 2230 3627 aut
2248 3571 2496 3628 avaritia
2515 3588 2590 3627 ne
2613 3572 2959 3628 nominetur
2979 3572 3221 3644 quidem
3254 3573 3410 3630 inter
3424 3590 3545 3639 vos,
3578 3575 3732 3630 sicut

2076 3682 2106 3712 ‹‹
2127 3660 2300 3716 decet
2320 3666 2579 3730 sanctos,
2613 3666 2716 3715 aut
2741 3661 3117 3730 obscaenitas,
3151 3664 3727 3736 autstultiloquium,

2076 3772 2105 3800 «
2136 3756 2239 3804 aut
2267 3749 2604 3805 urbanitas:
2629 3751 2732 3806 46
2753 3767 2886 3821 quae
2897 3767 3018 3806 non
3039 3752 3530 3817 conveniunt,sed
3545 3755 3730 3827 magis

2075 3839 2448 3908 «gratiarum
2493 3839 2666 3895 actio.
2710 3841 2854 3895 Nam
2896 3840 3010 3897 hoc
3049 3841 3259 3896 scitote
3306 3853 3729 3914 cognoscentes

2074 3951 2104 3980 «
2132 3928 2292 4001 quod
2323 3930 2521 3985 omnis
2553 3935 2848 3985 scortator
2879 3936 2982 3986 aut
3011 3932 3355 3989 immundus
3388 3940 3489 3989 aut
3520 3951 3729 3990 avarus

2075 4041 2104 4068 α
2128 4018 2230 4089 qui
2252 4024 2343 4073 est
2380 4018 2679 4074 idolorum
2709 4020 2926 4085 cultor,
2958 4037 3077 4075 non
3109 4021 3289 4077 habet
3319 4022 3729 4080 haereditatem

2077 4128 2105 4157 «
2138 4106 2201 4161 in
2233 4123 2412 4180 regno
2443 4105 2659 4161 Christi
2677 4109 2871 4163 etDei.
2900 4111 2979 4163 Ne
3003 4110 3319 4181 quisquam
3343 4129 3442 4166 vos
3473 4112 3732 4184 decipiat

2079 4218 2106 4247 α
2138 4195 2418 4252 inanibus
2445 4197 2841 4254 sermonibus.
2868 4198 3113 4270 Propter
3135 4200 3263 4255 haec
3292 4203 3452 4257 enim
3468 4203 3627 4258 venit
3646 4205 3733 4261 ira

2077 4306 2104 4335 «ι
2131 4286 2233 4341 Dei
2263 4286 2321 4341 in
2354 4286 2511 4342 ﬁlios
2541 4287 2984 4345 inobedientim.
3018 4290 3098 4343 Ne
3131 4289 3259 4344 sitis
3282 4290 3460 4363 igitur
3487 4307 3730 4349 consor-

2080 4381 2228 4430 «tes
2274 4375 2540 4432 illorum.
2596 4377 2788 4433 Eratis
2845 4378 3007 4434 enim
3070 4380 3370 4449 quondam
3429 4381 3729 4439 tenebrae:

2079 4487 2107 4514 ‹‹
2141 4480 2304 4519 nunc
2332 4471 2528 4520 autem
2554 4465 2655 4521 lux
2686 4466 2749 4522 in
2780 4468 3089 4524 Domino.»

2151 4552 2231 4607 De
2262 4552 2588 4609 iracundia
2617 4554 2768 4610 dixit
2823 4556 3061 4622 affectu,
3123 4559 3618 4617 eXcandescentia
3675 4568 3735 4616 et

2080 4639 2169 4694 ira
2197 4655 2265 4695 ac
2290 4641 2687 4698 amarulentia
2720 4659 2734 4697 :
2766 4644 2927 4698 venit
2955 4644 3240 4718 deinceps
3294 4647 3368 4702 ad
3416 4650 3732 4721 concupis-

319 4715 579 4789 μητικὸν,
609 4714 671 4769 τὸ
699 4719 800 4783 τῆς
830 4713 1107 4789 πορνείας.
1144 4711 1243 4767 Καὶ
1271 4714 1374 4790 γὰρ
1405 4714 1496 4769 καὶ
1535 4715 1565 4770 6
1616 4716 1787 4790 νόμος
1818 4721 1969 4790 πρῶ-

2085 4729 2291 4785 εοιιιίω
2317 4730 2694 4786 affectionem
2725 4748 2858 4802 qua)
2886 4738 2976 4787 est
3033 4733 3106 4789 ad
3165 4711 3732 4795 scortationem..Si-

313 4824 407 4859 τον
447 4802 640 4873 εἰπὼν,
700 4824 729 4854 ‹‹
787 4800 866 4859 Οὐ
923 4800 1227 4881 φονεύσεις,
1287 4825 1315 4854 ››
1375 4801 1508 4877 ὅπερ
1566 4809 1664 4860 τοῦ
1729 4806 1965 4879 θυμικοῦ

313 4894 523 4955 πάθους
573 4891 833 4967 ὑπάρχει,
917 4891 1043 4947 τότε
1100 4890 1268 4962 εἶπεν,
1328 4915 1357 4944 ‹‹
1415 4892 1491 4947 Οὐ
1567 4893 1904 4970 μοιχεύσεις,
1942 4921 1962 4948 ι

316 4982 450 5051 ὅπερ
528 4984 627 5035 τοῦ
703 4977 1106 5052 ἐπιθυμητικοῦ
1184 4980 1501 5051 καθέστηκε.
1551 4984 1806 5059 Καθάπερ
1863 4987 1967 5062 γὰρ

313 5071 350 5138 ἡ
377 5068 565 5144 πικρία
593 5069 751 5135 καὶὴ
802 5069 1009 5144 κραυγή
1067 5067 1156 5123 καὶ
1210 5071 1245 5139 ἡ
1311 5069 1472 5126 κακία
1499 5071 1588 5127 καὶ
1615 5076 1650 5143 ἡ
1712 5072 1969 5153 βλασφη-

320 5156 419 5229 μία
448 5161 545 5212 τοῦ
578 5161 814 5230 θυμικοῦ
869 5157 1077 5221 πάθους
1134 5155 1298 5225 ἐστὶν,
1354 5158 1499 5215 οὕτω
1548 5165 1647 5217 τοῦ
1695 5161 1971 5239 ἐπιθυμη-

311 5249 493 5317 τικοῦ,
542 5243 789 5319 πορνεία,
857 5246 1104 5322 μοιχεία,
1166 5246 1480 5322 ἀκαθαρσία,
1538 5250 1846 5324 πλεονεξία.
1906 5255 1968 5312 Εἰ

314 5333 422 5410 γὰρ
453 5334 543 5389 καὶ
599 5343 675 5407 μη
737 5336 1030 5408 σωμάτων,
1088 5336 1397 5411 χρημάτων
1451 5340 1632 5411 μέντοι
1690 5340 1966 5417 ἐπιθυμεῖ.

317 5447 347 5477 ιι
382 5420 542 5495 Μηδὲ
572 5423 944 5497 ἐνομαζὲσθω.
980 5448 1009 5477 υ
1042 5423 1177 5483 Οἵδε
1233 5428 1337 5503 γὰρ
1393 5427 1521 5492 τοὺς
1578 5430 1702 5505 περὶ
1760 5433 1969 5491 τούτων

317 5512 544 5588 λόγους,
607 5511 926 5586 ὑπέκκαυμα
983 5513 1071 5570 καὶ
1130 5517 1446 5589 προτροπὰς
1500 5523 1611 5573 τῶν
1655 5516 1825 5596 ἔργων
1881 5545 1969 5600 γι-

313 5599 591 5675 νομένους.
661 5627 690 5656 ‹‹
750 5603 947 5667 Καθὼς
1014 5602 1207 5681 πρέπει
1280 5607 1476 5681 ἁγίοις.
1539 5630 1569 5660 ››
1654 5611 1814 5668 Οὕτω
1863 5599 1967 5689 γὰρ

388 5759 434 5794 ’τ
470 5757 603 5815 Luc.
639 5774 711 5813 vi.
746 5760 832 5812 37.
866 5757 916 5792 ³⁸
944 5756 1125 5814 Exod.
1149 5773 1244 5827 xx,
1284 5760 1363 5814 l3.
1400 5759 1448 5795 π
1475 5760 1622 5831 ibid,
1658 5768 1743 5823 14.

2080 4817 2322 4889 quidem
2382 4819 2478 4875 lex
2537 4838 2773 4894 quoque
2830 4823 3089 4894 primum
3136 4826 3302 4894 dixit,
3339 4850 3366 4878 ‹‹
3398 4829 3525 4884 Non
3574 4830 3731 4886 occi-

2081 4907 2509 4981 dens”,:quod
2525 4911 2600 4966 ad
2612 4912 2891 4967 affectum
2915 4915 3499 4984 spectatiracundiaz,
3515 4918 3731 4975 deinde

2081 4996 2427 5069 subjunxit:
2457 5021 2484 5048 «
2518 5001 2644 5056 Non
2666 5002 3013 5059 committes‘
3034 5004 3395 5062 adulterium
3410 5006 3478 5077 ³⁷,
3514 5031 3541 5058 n
3574 5012 3733 5082 quod

2079 5102 2114 5140 a
2143 5088 2645 5160 concupiscentia)
2673 5092 2890 5148 all‘ectu
2921 5094 3192 5164 procedit
3217 5096 3731 5161 Quemadmodum

2080 5175 2240 5231 enim
2273 5178 2673 5235 amarulentia
2699 5185 2758 5235 et
2804 5181 3145 5238 vociferatio
3195 5201 3264 5240 ac
3312 5186 3732 5245 maledicentia

2081 5270 2221 5320 sunt
2242 5282 2313 5321 ex
2344 5267 2660 5324 affectione
2692 5270 3017 5327 iracundia:
3043 5289 3057 5326 :
3107 5273 3191 5329 ita
3228 5276 3729 5349 concupiscentiae

2080 5360 2222 5409 sunt
2251 5358 2552 5425 scortatio,
2611 5358 2995 5429 adulterium,
3032 5362 3437 5430 immunditia,
3487 5368 3731 5422 avaritia

2080 5460 2212 5515 qum
2244 5462 2587 5518 quanquam
2618 5464 2739 5504 non
2764 5466 3034 5523 corpora,
3069 5451 3301 5509 divitias
3341 5460 3542 5511 tamen
3595 5473 3730 5511 con-

2079 5534 2350 5606 cupiscit.
2368 5559 2395 5587 «
2422 5538 2503 5592 Ne
2534 5539 2878 5596 nominetur
2897 5541 3157 5613 quidem.
3195 5566 3216 5591 ι
3243 5542 3409 5598 Novit
3433 5544 3589 5600 enim
3625 5562 3726 5602 eos

2080 5623 2180 5691 qui
2211 5623 2284 5680 de
2317 5624 2409 5680 his
2438 5625 2616 5681 rebus
2641 5628 2792 5683 fiunt
2821 5632 3419 5698 sermones,fomitem
3445 5639 3503 5688 et
3522 5634 3726 5691 exhor-
