4108 6408
336 452 491 517 i235

1454 456 1867 521 CIOUMENII
1913 454 2226 520 TRICCE
2267 452 2625 521 EPISCOPI

3602 444 3761 513 1236

335 589 623 647 tationem
656 588 783 645 ﬁeri
817 588 892 644 ad
922 605 1123 661 opera.
1157 610 1186 640 «
1221 590 1385 649 Sicut
1435 587 1607 646 decet
1663 594 1920 655 sanctos,
1955 608 1983 640 »δ

2117 584 2293 660 πρέπει
2350 587 2465 645 τοῖς
2522 581 2700 661 ἁγίοις
2760 582 2900 641 εἶναι
2961 576 3378 650 σπουδάζουσιν.
3419 602 3449 631 α
3504 576 3612 661 Καὶ
3671 578 3761 635 αἰ-

335 681 423 735 Ita
452 694 711 750 namque
745 678 917 734 decet
942 694 1043 734 eos
1072 679 1177 750 qui
1208 679 1397 735 sancti
1431 695 1560 736 esse
1592 678 1852 736 student.
1873 702 1900 729 ιι
1925 680 1995 735 Ει

338 768 751 824 obscmnitas.»
775 768 1287 833 Quemadmodum
1316 775 1491 825 antea
1512 768 1992 827 vociferationem

339 857 585 915 abstulit
611 862 896 929 tanquam
926 858 1268 915 vehiculum
1299 858 1373 915 ad
1412 859 1584 927 iram,
1618 860 1698 915 ita
1729 865 1788 915 et
1833 873 1993 914 nunc

340 947 788 1005 obscmnitatem
803 947 1272 1005 eturbanitatem
1288 964 1355 1003 ac
1368 948 1803 1019 stultiloquium
1815 946 1993 1019 ,quod

337 1036 530 1093 fomes
581 1037 703 1091 sint
732 1036 807 1093 ad
851 1037 1295 1095 scortationem.
1334 1060 1355 1087 ι
1411 1037 1552 1103 Quae
1603 1053 1725 1095 non
1783 1051 1994 1092 conve»

340 1126 535 1183 niunt.
557 1148 586 1177 ››
605 1128 685 1182 Ne
717 1126 961 1183 odiosus
991 1143 1267 1183 sermone
1305 1126 1595 1193 videatur,
1626 1126 1784 1197 quod
1816 1127 1996 1185 etiam

340 1217 741 1275 urbanitatem
769 1218 1225 1288 amputaverint,
1242 1234 1481 1274 causam
1496 1218 1800 1290 subjungit
1824 1234 1836 1272 :
1857 1219 1996 1283 Quae

343 1322 465 1363 non
492 1306 1078 1378 conveniunt,inquit
1111 1307 1263 1373 Quid
1294 1308 1454 1366 enim
1488 1306 1614 1365 haec
1644 1307 1718 1364 ad
1737 1324 1844 1364 nos
1862 1324 1999 1379 per-

343 1395 589 1452 tinent?
609 1395 758 1452 nihil
804 1396 977 1453 nobis
1000 1413 1135 1455 cum
1182 1397 1275 1455 his
1305 1413 1622 1454 commune
1654 1402 1762 1455 est.
1795 1399 1998 1471 Neque

344 1485 504 1541 enim
538 1486 695 1541 risus
746 1490 850 1545 aut
878 1486 1235 1542 urbanitatis
1280 1502 1385 1542 seu
1434 1486 1783 1545 facetiarum
1836 1502 1999 1542 nunc

340 1580 579 1646 tempus
608 1579 717 1642 est,
751 1574 855 1631 sed
885 1576 1181 1647 passionis
1224 1592 1293 1632 ac
1323 1575 1688 1633 certaminis.
1722 1578 1804 1632 Ac
1827 1576 1876 1631 si
1909 1575 1996 1631 di-

345 1670 508 1721 ceret
539 1681 553 1719 :
580 1665 757 1737 Urget
783 1664 1052 1737 undique
1101 1665 1376 1722 diabolus
1407 1665 1668 1721 stridens
1716 1665 1999 1722 dentibus

344 1752 659 1810 adversum
693 1769 803 1809 nos
833 1768 901 1810 ac
933 1753 1194 1825 rugiens,
1226 1760 1284 1811 et
1314 1759 1377 1809 tu
1406 1753 1565 1809 ludis
1593 1770 1662 1809 ac
1692 1753 1882 1812 faceta
1911 1753 1999 1808 lo-

345 1840 669 1913 querislet
700 1842 1000 1913 quomodo
1061 1842 1134 1899 ab
1185 1860 1253 1899 eo
1314 1842 1716 1900 liberaberis?
1753 1842 2001 1901 Difﬁcile

346 1944 605 1999 namque
636 1934 728 1985 est
755 1934 1059 1985 certamen
1090 1928 1163 1988 ab
1197 1946 1265 1984 eo
1298 1928 1792 2001 liberari,quanto
1816 1930 2003 2002 magis

348 2017 677 2074 ludentem.
712 2039 742 2068 «
773 2017 886 2073 Sed
933 2018 1122 2091 magis
1179 2019 1507 2091 gratiarum
1567 2020 1742 2077 actio.
1779 2020 1891 2081 Pro
1934 2036 2003 2076 eo

352 2108 513 2163 enim
544 2107 705 2179 quod
734 2107 933 2165 aliena
962 2124 995 2163 a
1027 2113 1084 2165 te
1117 2124 1236 2167 non
1270 2107 1559 2180 loqueris,
1609 2109 1730 2166 Deo
1788 2109 2007 2181 gratias

352 2213 480 2270 age.
516 2199 659 2255 Nam
692 2198 803 2254 hoc
862 2197 1093 2255 scitote.
1153 2200 1335 2255 Erant
1386 2198 1660 2257 fortassis
1699 2199 1856 2256 inter
1907 2214 2009 2255 eos

350 2286 625 2343 nonnulli
646 2287 747 2358 qui
769 2287 1038 2345 dicerent
1060 2289 1244 2345 Deum
1261 2293 1544 2361 tanquam
1564 2294 1784 2349 terrere
1805 2288 2009 2347 volen-

350 2384 471 2433 tem
521 2377 646 2433 haec
692 2378 972 2444 vetuisse,
1018 2395 1135 2449 quo
1188 2379 1482 2452 perfectos
1531 2380 1859 2439 redderet:
1909 2385 2011 2441 aut

354 2470 532 2527 etiam
565 2471 725 2542 parvi
758 2471 1060 2528 ducebant
1087 2471 1557 2544 hujusmodi.41
1577 2475 1747 2545 quasi
1778 2491 1899 2531 non
1914 2490 2011 2530 sa-

353 2560 429 2615 tis
461 2566 660 2616 essent
689 2566 755 2615 ut
811 2561 873 2617 in
904 2561 1239 2633 gehennam
1270 2562 1681 2633 conjicerent:
1726 2564 2009 2633 quemad-

354 2648 600 2709 modum
632 2654 691 2705 et
727 2666 886 2706 nunc
917 2667 1153 2721 quoque
1204 2650 1439 2708 accidit.
1481 2654 1623 2709 Nam
1674 2670 1854 2725 quam
1907 2654 2009 2712 ab~

358 2740 605 2799 surdum
627 2745 739 2810 est,
772 2740 1175 2811 inquiunt.si«
1209 2742 1260 2798 is
1291 2743 1391 2812 qui
1415 2742 1558 2800 dicit
1587 2760 1599 2798 :
1640 2745 1842 2813 Fatue,
1873 2761 2010 2801 reus

357 2830 472 2887 erit
498 2830 790 2901 gehennae
820 2829 866 2863 ³ο
887 2830 914 2887 ‘2
938 2837 1046 2887 net
1076 2831 1372 2902 quomodo
1393 2832 1640 2889 avaritia
1656 2833 2010 2890 estidolola~

354 2919 469 2977 tria
500 2919 621 2974 sive
652 2918 949 2977 idolorum
961 2919 1157 2975 cultus
1178 2920 1333 2976 ‘?Hos
1356 2921 1556 2991 itaque
1574 2921 2013 2995 designatApo-

355 3007 566 3065 stolus.
599 3008 746 3067 Nam
796 3007 908 3065 hoc
930 3009 1270 3067 manifestat
1298 3009 1359 3064 id
1390 3009 1550 3082 quod
1582 3011 1963 3083 subjungitur
1994 3027 2008 3073 :

354 3099 436 3153 Ne
467 3098 784 3168 quisquam
844 3115 942 3155 vos
973 3098 1233 3170 decipiat
1277 3099 1559 3158 inanibus
1611 3101 2010 3159 sermonibus.

358 3186 640 3243 Inanibus
667 3192 888 3255 autem,
919 3192 985 3245 ut
1013 3188 1113 3259 qui
1147 3205 1268 3245 non
1300 3188 1524 3246 habent
1554 3190 1879 3247 terminum
1910 3190 2012 3261 qui

358 3274 430 3335 ab
460 3274 605 3346 ipsis
650 3279 1046 3345 exspectatur,
1078 3292 1274 3347 neque
1332 3276 1407 3333 ad
1448 3293 1597 3348 opus
1638 3278 2010 3349 perveniunt.

363 3386 392 3414 ε(
414 3365 495 3418 Ne
527 3364 845 3435 quisquam
894 3380 993 3419 vos
1025 3364 1301 3436 decipiat.
1336 3388 1363 3416 »ι
1405 3367 1780 3438 Deceptionis
1812 3368 2014 3437 itaque

2101 670 2367 748 σχρὸτης.
2404 695 2431 725 ››
2463 660 2668 745 Ὥσπερ
2700 668 2813 726 ἄνω
2837 670 2937 739 τήν
2969 668 3213 744 κραυγὴν
3256 664 3528 740 περιεῖλεν
3560 660 3759 741 ὄχημα

2097 768 2198 831 τῆς
2233 762 2400 836 ὀργῆς
2460 758 2836 836 ὑπάρχουσαν,
2893 758 3035 816 οὕτω
3086 762 3177 816 νῦν
3207 758 3305 827 τὴν
3353 752 3754 832 αἰσχρολογίαν

2099 852 2190 909 καὶ
2233 852 2333 919 τὴν
2392 848 2776 927 εὐτραπέλειαν
2841 850 2932 909 καὶ
2992 847 3370 927 μωρολογίαν,
3435 848 3759 920 ὑπέκκαυμα

2098 948 2200 1011 τῆς
2231 940 2485 1014 πορνείας
2515 939 2924 1018 τυγχάνουσαν.
2965 960 2987 990 ι
3023 939 3103 996 Τὰ
3134 939 3238 996 οὐκ
3265 937 3550 1006 ἀνήκοντα.
3583 961 3612 990 ››
3642 939 3761 994 ’Ἱνα

2106 1030 2182 1103 μή
2217 1026 2345 1105 δόξῃ
2379 1028 2638 1109 φορτικὸς
2671 1026 2808 1085 εἶναι
2862 1026 2952 1087 καὶ
3007 1029 3105 1098 τὴν
3158 1026 3542 1102 εὐτραπὲλειαν
3600 1024 3761 1083 ἐκκό-

2101 1140 2274 1189 πτων,
2333 1120 2435 1189 τήν
2479 1117 2656 1175 αἰτίαν
2722 1115 2933 1194 ἐπάγει.
2983 1118 3059 1175 Ti
3117 1118 3193 1191 μή
3251 1116 3545 1189 ἀνήκοντα,
3604 1113 3759 1196 φησί.

2102 1210 2168 1274 Τί
2208 1210 2310 1287 γάρ
2349 1210 2486 1283 πρὸς
2535 1212 2683 1281 ἡμᾶς
2712 1212 2922 1280 ταῦτα;
2975 1205 3131 1267 οὐδὲν
3190 1206 3375 1264 κοινὸν
3430 1208 3566 1278 ἡμῖν
3622 1204 3764 1282 πρὸς

2104 1300 2238 1358 αὐτά
2293 1299 2370 1358 Οὐ
2400 1299 2504 1374 γὰρ
2535 1296 2784 1373 γέλωτος
2892 1295 3279 1373 εὖτραπελείας
3335 1297 3365 1353 ὁ
3421 1296 3609 1370 παρὼν
3643 1315 3767 1351 και-

2106 1390 2220 1466 ρὸς,
2253 1387 2398 1449 ἀλλὰ
2423 1392 2628 1453 πάθους
2663 1387 2753 1444 καὶ
2785 1387 3017 1462 ἀγῶνος,
3074 1386 3204 1443 ὡσεὶ
3262 1382 3470 1460 ἔλεγεν,
3503 1382 3768 1466 Ἐφέστητ

2104 1459 2248 1536 κεννὸ
2281 1472 2541 1541 διάϐολος
2585 1459 2867 1545 πάντοθεν,
2919 1477 3118 1551 τρίζων
3178 1475 3308 1538 τοὺς
3370 1459 3590 1538 ὀδόντας
3643 1459 3767 1540 καθ’

2105 1572 2288 1644 ἡμῶν,
2337 1567 2429 1625 καὶ
2491 1566 2831 1643 ὠρυόμενος,
2882 1565 2974 1622 καὶ
3040 1565 3103 1622 σὺ
3160 1565 3371 1635 παίζεις
3429 1566 3520 1622 καὶ
3577 1564 3767 1621 ἀστεῖα

2107 1658 2297 1725 λαλεῖς
2351 1679 2366 1728 ;
2428 1660 2537 1715 Καὶ
2592 1663 2711 1724 πῶς
2770 1658 2938 1714 αὐτοῦ
2995 1658 3270 1733 περιέστη
3332 1657 3597 1732 Δοσχερὲς
3656 1657 3763 1734 γὰρ

2108 1749 2509 1826 ἀγωνιζόμενον
2593 1749 2762 1804 αὐτοῦ
2843 1747 3234 1823 περιγενίσθαι,
3299 1748 3436 1820 μήτι
3498 1766 3559 1820 γε
3630 1745 3765 1802 παί-

2111 1846 2294 1912 ζοντα.
2328 1862 2357 1892 ‹‹
2389 1837 2562 1896 Ἀλλά
2595 1835 2810 1911 μᾶλλον
2871 1836 3214 1915 εὐχαριστία.
3247 1860 3276 1893 υ
3343 1836 3489 1899 Ἀνθ’
3547 1835 3621 1891 ὦν
3653 1834 3763 1911 γὰρ

2106 1929 2172 1985 τὰ
2203 1924 2475 2003 ἀλλότριά
2539 1947 2634 1985 σου
2699 1928 2776 1999 μὴ
2830 1924 3060 2005 φθέγγῃ,
3122 1924 3434 2001 εὐχαρίστει
3489 1929 3568 1997 τῷ
3617 1928 3763 1998 Θεῷ.

2112 2022 2289 2079 Τοῦτο
2318 2018 2427 2095 γὰρ
2469 2016 2598 2076 ἴστε.
2632 2019 2802 2077 Ἦσαν
2830 2016 2960 2078 ἴσως
2989 2016 3130 2079 τινες
3160 2017 3290 2090 παρ’
3337 2015 3524 2079 αὐτοῖς
3582 2016 3633 2071 οἱ
3666 2012 3763 2071 λέ-

2110 2129 2321 2187 γοντες,
2354 2109 2441 2164 ὅτι
2469 2102 2712 2188 φοϐῆσαι
2745 2105 2920 2175 θέλων
2952 2107 2980 2161 ὁ
3012 2106 3142 2171 Θεὸς
3199 2109 3367 2163 ταῦτα
3421 2106 3770 2183 ἀπηγόρευσε

2110 2199 2178 2255 τὰ
2238 2195 2457 2267 ἐκτελῆ,
2517 2197 2552 2266 ἢ
2636 2197 2727 2252 καὶ
2807 2194 3154 2266 ἐξεφαύλιζον
3229 2195 3296 2251 τὰ
3352 2199 3597 2263 τοιαῦτα,
3657 2192 3768 2251 οὐχ

2113 2286 2267 2347 ἰκανά
2297 2282 2430 2345 ὄντα
2462 2285 2540 2349 εἷς
2575 2285 2788 2363 γέενναν
2841 2280 3130 2358 ἐμϐαλεῖν,
3189 2285 3278 2340 οἷα
3326 2284 3416 2341 καὶ
3476 2287 3569 2339 νῦν
3624 2283 3772 2357 γίνε⁹

2112 2398 2222 2437 ται.
2249 2375 2317 2433 Τί
2356 2377 2484 2451 γὰρ,
2546 2374 2698 2453 φασὶ,
2748 2375 2811 2431 τὸ
2869 2374 3096 2444 ἃτοπον,
3156 2373 3203 2430 εἰ
3265 2397 3294 2428 ι(
3333 2373 3521 2446 εἰπὼν,
3582 2372 3772 2447 Μωρὶ,

2113 2461 2305 2540 ἔνοχος
2337 2467 2622 2541 γενήσεται
2650 2465 2865 2538 γεέννης
2903 2482 2916 2531 ;
2954 2486 2981 2515 υ
3030 2462 3135 2520 Καὶ
3191 2467 3313 2526 πῶς
3368 2465 3404 2537 ἡ
3460 2459 3772 2533 πλεονεξία,

2115 2553 2593 2630 εἷδωλολατρεία,
2644 2552 2885 2617 Τούτους
2946 2552 3040 2608 οὖν
3097 2552 3388 2609 αἰνίττεται
3446 2550 3775 2611 ὁἈπόστο-

2115 2641 2234 2708 λος.
2269 2642 2443 2714 Δηλοῖ
2469 2644 2571 2718 γὰρ
2622 2645 2656 2712 ἡ
2690 2640 2975 2719 ἐπαγωγή·
3010 2638 3222 2712 Μηδεὶς
3263 2641 3404 2717 ὑμᾶς
3433 2639 3771 2713 ἐξαπατάτω,

2115 2734 2473 2812 φησὶ,κενοῖς
2498 2731 2711 2807 λόγοις.
2760 2736 2954 2795 Κενοῖς
3014 2728 3092 2801 δὲ,
3159 2735 3277 2796 τοῖς
3337 2733 3414 2803 μὴ
3458 2727 3648 2786 ἔχουσι
3705 2729 3770 2786 τὸ

2116 2822 2366 2888 ἐλπισθὲν
2426 2823 2612 2886 αὐτοῖς
2661 2822 2828 2896 πέρας
2891 2818 3032 2895 μηδὲ
3084 2820 3160 2883 εἰς
3219 2816 3377 2897 ἔργον
3433 2815 3766 2879 ἐκϐαίνουσι.

2118 2914 2390 2987 «Μηδεὶς
2457 2916 2597 2988 ὑμᾶς
2655 2913 2932 2973 ἀπατάτω.
2968 2939 2988 2967 ι
3052 2916 3190 2989 Ἀρα
3247 2913 3459 2984 ἀπάτης
3507 2912 3644 2984 ἐστὶ,
3702 2914 3768 2970 τὸ

2115 3008 2184 3069 τὰ
2210 3010 2434 3064 τοιαῦτα
2460 3004 2671 3061 λαλεῖν.
2705 3028 2734 3058 ιι
2792 3005 2891 3059 Διά
2943 3002 3112 3061 ταῦτα
3148 3002 3251 3078 γάρ
3281 2998 3502 3079 ἔρχεται
3532 3004 3568 3073 ὴ
3627 3002 3768 3078 ὀργὴ

2115 3097 2214 3152 τοῦ
2264 3099 2417 3153 Θεοῦ.
2454 3121 2476 3151 ι
2542 3094 2638 3155 Διά
2694 3096 2793 3163 τήν
2846 3094 3100 3167 πορνείαν
3149 3092 3240 3149 καὶ
3297 3091 3622 3162 ἀκαθαρσίαν
3680 3092 3775 3148 καὶ

2120 3185 2187 3241 τά
2215 3183 2404 3253 λοιπὰ,
2436 3184 2470 3254 ἢ
2523 3180 2612 3238 διά
2658 3183 2785 3245 τοὺς
2841 3182 3126 3244 τοιούτους
3186 3178 3413 3257 λόγους.
3473 3180 3775 3245 Ἀπειθείας

2128 3270 2185 3329 δὲ
2214 3272 2388 3342 υἱοὺς,
2429 3271 2556 3335 τοὺς
2613 3272 2965 3335 ἀπειθοῦντας
3029 3276 3145 3334 τοῖς
3201 3273 3474 3335 τοιούτοις
3540 3268 3782 3346 δόγμασι

2130 3361 2302 3439 λέγει.
2335 3368 2465 3419 Ἠτε
2505 3363 2609 3438 γάρ
2642 3382 2775 3417 ποτε
2818 3361 3033 3424 σκότος.
3095 3361 3528 3434 Ἀναμιμνήσκει
3586 3360 3785 3422 αὐτοὺς

364 3458 455 3510 est
482 3453 647 3525 loqui
686 3453 1123 3525 hujuscemodi.
1160 3477 1187 3506 «
1222 3457 1470 3527 Propter
1516 3457 1645 3513 hac
1675 3458 1835 3513 enim
1858 3458 2005 3513 venit

2131 3461 2230 3523 τῆς
2258 3452 2524 3528 προτέρας
2567 3450 2874 3512 πολιτείας.
2936 3450 3141 3513 Σκότος
3185 3451 3301 3521 ἦτε,
3361 3451 3517 3529 φησί.
3580 3450 3785 3507 Σκότος

365 3545 456 3601 ira
486 3543 611 3599 Dei.
643 3563 669 3595 ο
706 3545 928 3615 Nempe
958 3550 1201 3616 propter
1252 3546 1699 3616 scortationem,
1760 3547 2005 3605 immum

2133 3541 2191 3599 δὶ
2223 3543 2368 3619 λίγει
2390 3542 2483 3597 τὸν
2504 3542 2555 3597 ἄν
2588 3540 2769 3615 πλάνῃ
2795 3540 2938 3617 βίον.
2972 3542 3065 3611 Μὴ
3092 3541 3275 3596 τοίνυν
3297 3537 3791 3615 παλινδρομήσητε

366 3632 597 3701 ditiam,
630 3637 688 3691 et
719 3638 933 3693 caetera
970 3651 982 3689 :
1014 3640 1135 3700 aut,
1170 3641 1411 3707 pr0pter
1452 3636 1867 3708 hujuscemodi
1897 3652 2005 3694 ser-

2131 3634 2268 3710 πρὸς
2296 3635 2360 3689 τὸ
2388 3634 2602 3695 σκότος.

367 3738 601 3781 mones.
626 3722 1055 3781 Inobedientise
1086 3730 1287 3781 autem
1321 3725 1479 3782 ﬁlios
1509 3725 1655 3783 dicit
1675 3744 1778 3783 eos
1801 3728 1903 3799 qui
1934 3744 2055 3783 non
2086 3732 2300 3799 parent
2328 3725 2627 3781 similibus
2658 3723 2974 3797 dogmatis.
3008 3744 3039 3775 «
3071 3724 3264 3779 Eratls
3294 3724 3456 3781 enim
3482 3724 3788 3797 quondam

370 3811 654 3870 tenebras.
689 3834 718 3863 ››
745 3812 835 3869 Ad
864 3814 1217 3871 memoriam
1252 3814 1398 3886 ipsis
1428 3820 1671 3872 revocat
1699 3817 1958 3888 priorem
1990 3815 2524 3884 conversationem,
2573 3813 2874 3881 Tenebras,
2916 3813 3134 3885 inquit,
3168 3813 3366 3869 eratis.
3402 3814 3555 3873 Dicit
3583 3821 3789 3872 autem

372 3901 646 3961 tenebras
675 3903 855 3961 vitam
883 3920 1015 3973 qua)
1037 3904 1099 3960 in
1131 3920 1330 3960 errore
1362 3904 1664 3977 agebatur.
1698 3907 1780 3962 Ne
1811 3906 1990 3979 igitur
2018 3921 2258 3963 rursum
2288 3905 2543 3961 curratis
2572 3904 2648 3961 ad
2678 3905 2977 3963 tenebras.

991 4019 1216 4074 CAPUT
1252 4020 1394 4075 Vill.

373 4108 530 4174 Quod
557 4110 739 4163 vivere
768 4107 1001 4162 debeant
1035 4108 1251 4163 decenti
1278 4109 1443 4164 modo
1481 4112 1659 4182 jumta
1715 4114 2005 4176 sanctiﬁcat

447 4182 648 4235 tionem
689 4186 983 4236 arauentes
1012 4181 1152 4235 vitia
1192 4182 1449 4236 oneribus
1499 4198 1613 4236 non
1668 4182 2005 4236 sermonibus

2141 4116 2249 4236 ³³ίὲ

2213 4256 2253 4327 ψ

2780 4022 3017 4080 ΚΕΦΑΛ
3067 4020 3147 4083 ll‘.

2257 4108 2401 4185 23:05
2431 4111 2528 4185 ζῇν
2562 4106 2793 4185 ἐπαξίως
2817 4113 2913 4164 τοῦ
2943 4109 3235 4185 ἁγιασμοῦ,
3258 4102 3443 4185 ἔργοις
3472 4110 3572 4185 τὴν
3600 4111 3793 4185 κακίαν

2243 4178 2575 4256 λξγχοντξπις,Δ
2597 4178 2901 4256 οὐ-ξλόγοις,
2932 4178 3201 4255 πνεύματι
3224 4178 3229 4180 ⁷
3253 4178 3674 4256 πλὴρουμένους
3706 4178 3799 4238 διὰ

2256 4250 2475 4325 dum,
2511 4253 2588 4325 μὴ
2622 4250 2783 4323 om;
2890 4250 2895 4251 ί
3075 4250 3085 4255 ⁷
3359 4250 3388 4256 “’
3483 4250 3493 4255 ’
3540 4320 3547 4327 κ

2212 4359 2301 4421 Ὠς
2365 4358 2525 4414 τέκνα
2594 4359 2775 4438 φωτὸς
2850 4362 3216 4434 περιπατεῖτε.
3293 4361 3357 4417 Ὀ
3429 4361 3531 4436 γάρ
3589 4362 3805 4437 καρπὸς

385 4469 412 4496 ‹‹
444 4447 689 4518 spiritus
711 4446 859 4499 situs
883 4450 973 4499 est
1002 4445 1241 4499 inomni
1267 4445 1532 4504 bonitate
1554 4449 2005 4520 etjustitiaetve

2150 4452 2247 4504 τοῦ
2303 4448 2610 4522 πνεύματος
2668 4446 2719 4503 ἐν
2801 4448 2947 4523 πάσῃ
3035 4448 3357 4524 ἀγαθωσύνῃ
3403 4450 3495 4504 καὶ
3549 4449 3800 4523 ἀληθείᾳ,

384 4558 413 4588 ιι
435 4500 631 4601 ritate,
658 4532 978 4607 probantes
1002 4534 1144 4606 quid
1169 4500 1937 4609 sitacceptumvbdominoEt
1966 4557 2005 4595 ιι

2117 4500 2541 4612 ’δοκιμάζοντες
2589 4500 2662 4593 Ἶτί
2754 4500 3239 4612 ἑστινμεῦάρεστον
3293 4500 3372 4611 τέ’)
3432 4500 3807 4614 Κυρίῳ.⁶νΚάΞ

390 4647 412 4678 ε
437 4625 860 4683 commercium
875 4623 1204 4681 habueritis
1226 4643 1360 4682 cum
1378 4627 1660 4699 operibus
1677 4629 2005 4703 infrugiferi

2154 4628 2230 4701 μὴ
2293 4632 2699 4702 συγκοινωνεῖτε
2780 4631 2902 4690 τοῖς
2968 4624 3147 4702 ἔργοις
3213 4632 3304 4682 τοῖ
3384 4627 3657 4703 ἀκάρποις
3707 4635 3807 4685 τοῦ

385 4715 841 4780 «tenebrarum,
868 4714 1014 4786 quin
1073 4731 1143 4771 ea
1172 4715 1368 4786 potius
1402 4717 1581 4785 etiam
1615 4719 1865 4791 arguite.
1899 4721 2005 4774 Nat

2153 4716 2400 4777 σκότους.
2453 4712 2683 4770 Μᾶλλον
2743 4711 2802 4769 at
2849 4713 2941 4769 καὶ
3001 4713 3282 4789 ἐλέγχετε.
3334 4717 3410 4771 Τά
3464 4715 3565 4792 γάρ
3621 4721 3805 4794 κρυφῇ

388 4829 414 4856 (ι
451 4824 582 4877 quas
612 4809 840 4861 secreto
874 4804 1025 4860 ﬁunt
1042 4804 1457 4877 abististurpe
1471 4807 1664 4863 estvel
1686 4808 1884 4864 dicere
1910 4824 2003 4867 :se

2152 4805 2412 4880 γινόμενα
2470 4803 2560 4858 ὑπ’
2602 4802 2800 4875 αὐτῶν,
2860 4802 3089 4879 αἰσχρόν
3149 4802 3411 4860 ἐστι-καὶ
3470 4803 3664 4881 λέγειν.
3724 4808 3809 4864 Τὰ

395 4917 417 4949 ε
453 4896 657 4951 omnia
685 4894 825 4952 dum
858 4892 1186 4965 probantur
1233 4910 1268 4949 a
1316 4894 1448 4951 luce
1497 4896 1814 4953 manifesta
1872 4899 1996 4952 ilun

2158 4891 2216 4949 δὶ
2246 4893 2420 4948 πάντα
2449 4891 2795 4971 ἐλεγχόμενα
2827 4893 2930 4948 ὑπὸ
2958 4897 3055 4947 τοῦ
3085 4892 3266 4971 φωτὸς
3318 4898 3661 4971 φανεροῦται.
3696 4899 3808 4950 Πᾶν

395 5006 420 5036 α
454 4983 754 5053 Quidquid
772 4983 935 5039 enim
958 4985 1345 5041 manifestum
1370 4985 1749 5043 redditurlux
1780 4990 2005 5053 estQut

2159 4984 2261 5059 γάρ
2290 4983 2354 5037 τὸ
2386 4981 2781 5059 φανερούμενον
2839 4985 2957 5062 φῶς
3021 4980 3155 5039 ἐστι.
3218 4983 3311 5038 Διὸ
3352 4981 3524 5058 λέγει,
3556 4979 3726 5060 ἔγειρε
3784 4987 3812 5040 ὁ

397 5095 426 5125 ει
457 5078 698 5144 propter
728 5072 874 5127 dicit
901 5088 914 5127 :
949 5074 1369 5146 Expergiscere
1400 5075 1503 5147 qui
1538 5075 1761 5132 dormis
1790 5082 1849 5131 et
1878 5093 2005 5150 surg

2161 5070 2437 5129 καθεύδων
2468 5072 2559 5127 καὶ
2590 5071 2792 5127 ἀνάστα
2822 5071 2883 5127 ἐκ
2911 5076 3021 5127 τῶν
3050 5076 3274 5147 νεκρῶν,
3305 5073 3396 5127 καὶ
3426 5070 3707 5151 ἐπιφαύσει
3731 5096 3815 5131 σοι

398 5183 429 5216 α
455 5179 489 5219 a
519 5161 787 5228 mortuis,
822 5178 890 5217 ac
921 5162 1289 5219 illuminabit
1323 5171 1379 5219 te
1412 5164 1704 5222 Christus.
1740 5187 1768 5216 »

2169 5163 2197 5218 ὁ
2228 5162 2479 5238 Χριστός.

471 5251 573 5308 48
605 5272 633 5302 (ι
668 5250 742 5306 Ut
772 5250 875 5305 filii
908 5248 1079 5306 lucis.
1112 5273 1140 5303 »ι
1172 5254 1291 5308 Hoc
1325 5258 1413 5310 est
1460 5259 1733 5311 honeste.
1790 5260 1858 5311 In
1925 5256 2005 5312 ιιι(

2242 5283 2270 5311 ‹‹
2329 5260 2417 5320 Ὠς
2460 5255 2621 5314 τέκνα
2680 5257 2884 5336 φωτός·
2964 5282 2991 5310 ››
3075 5261 3375 5332 τουτέστιν,
3437 5262 3823 5341 εὐσχημόνως.

404 5342 565 5398 enim
597 5338 852 5410 quisque
883 5336 1253 5396 honestatem
1279 5348 1579 5413 procurat.
1609 5366 1638 5394 ι‹
1661 5345 1805 5399 Nam
1836 5345 2005 5400 fructi

2172 5348 2261 5405 Ἐν
2292 5346 2394 5425 γάρ
2427 5345 2569 5423 (ρωτῖ
2620 5352 2724 5410 πᾶς
2779 5367 2865 5410 τις
2920 5350 3019 5403 τοῦ
3079 5347 3367 5424 εὐσχήμου
3427 5336 3671 5427 προνοεῖ,
3705 5379 3733 5406 ‹‹
3767 5355 3827 5412 Ὁ

406 5431 671 5504 spiritus.
700 5449 720 5477 ι
761 5425 1113 5517 Huiusmodi
1145 5430 1375 5487 fructus
1428 5432 1657 5504 profert
1703 5434 1948 5505 spiritus
1995 5451 2005 5490 ι

2174 5437 2276 5513 γάρ
2310 5437 2520 5511 καρπὸς
2577 5439 2675 5491 τοῦ
2727 5435 3054 5509 πνεύματος.
3108 5458 3134 5489 ι
3193 5439 3435 5495 Τοιαῦτα
3472 5425 3832 5517 ’καρποφορεῖ

409 5517 793 5595 spirituales:
833 5514 934 5569 alii
976 5532 1131 5606 ergo
1182 5520 1413 5577 fructus
1467 5529 1609 5579 sunt
1660 5523 2005 5580 Satanam]

2173 5527 2237 5581 τὸ
2288 5529 2519 5603 πνεῦμα,
2577 5524 2669 5580 καὶ
2730 5525 2783 5580 οἱ
2841 5527 3226 5600 πνευματικοὶ,
3275 5527 3349 5591 ὡς
3408 5527 3473 5583 τά
3534 5514 3594 5606 γε
3645 5527 3827 5606 ἕτερα,

409 5610 573 5668 omni
594 5606 881 5665 bonitate.
915 5625 941 5654 ››
973 5605 1092 5662 Hoc
1150 5610 1331 5665 veluti
1380 5611 1455 5667 ad
1511 5612 1832 5667 iracundos
1880 5619 1939 5668 et
1991 5630 2005 5671 ι

2173 5617 2271 5670 τοῦ
2300 5620 2514 5669 Σατανᾶ
2553 5614 2656 5670 εἶσι
2712 5613 2936 5687 καρποί.
2995 5638 3025 5668 ι(
3084 5616 3174 5671 Ἐν
3224 5616 3369 5692 πάσῃ
3421 5605 3825 5695 ἀγαθωσύνῃ.»

484 5736 534 5772 ³ο
562 5736 765 5791 Matth.
797 5751 851 5803 v,
874 5735 961 5788 22.

447 4182 648 4235 tionem
689 4186 983 4248 arguentes
1012 4181 1152 4235 vitia
1192 4182 1449 4250 aperibus
1486 4181 1613 4237 non
1668 4182 2028 4250 sermonibus,

446 4251 647 4323 repleti
666 4253 871 4323 spiritu
892 4267 999 4321 per
1021 4253 1281 4321 psalmos,
1315 4268 1423 4308 non
1454 4255 1600 4309 vino.

450 4360 516 4426 V,
538 4359 694 4414 9-14.
730 4378 757 4410 ε
796 4358 868 4412 Ut
896 4356 1005 4413 filii
1062 4356 1215 4412 lucis
1246 4357 1569 4416 ambulate.
1603 4362 1747 4415 Nam
1805 4359 2032 4416 fructus
