4108 6394
312 480 335 537 1
353 481 466 540 337

1370 469 1783 535 COMMENT.
1830 471 1909 531 IN
1957 468 2197 532 EPIST.
2247 468 2301 532 II
2348 470 2453 529 AD
2494 467 2769 530 EPHES.

3587 471 3744 535 1238

309 612 482 668 Τοῦτο
522 609 597 672 ὡς
656 608 795 684 πρὸς
859 604 987 668 τοὺς
1040 604 1460 681 ὀργιζομένους,
1516 603 1654 677 πρὸς
1686 601 1877 663 τοὺςπ
1929 621 1944 656 ι

2067 664 2068 667 η
2096 602 2500 661 amarulentos
2529 606 2803 665 refertur.
2835 607 3003 673 Quod
3033 612 3232 663 autem
3249 606 3449 662 addit:
3479 609 3741 673 Justitia.

308 701 499 777 κρούς.
552 697 629 756 Τὸ
687 695 764 767 δὲ,
827 694 1176 774 Δικαιοσύνη,
1234 695 1311 758 ὡς
1363 693 1500 766 πρὸς
1552 693 1680 755 τοὺς
1737 692 1969 749 πλεονέ-

309 809 460 854 κτας.
492 788 572 846 Τὸ
603 784 681 856 δὶ,
707 784 995 859 ’Δληθείᾳ,
1040 784 1115 848 ὡς
1162 784 1299 859 πρὸς
1329 782 1457 845 τοὺς
1514 782 1613 850 τήν
1646 778 1819 856 ψεῦδῆ
1868 785 1972 848 τῆς

310 875 609 940 ἀκολασίας
658 876 749 930 καὶ
799 871 1066 950 ἁμαρτίας
1126 869 1426 935 διώκοντας
1468 868 1695 942 ἡδονήν.
1728 893 1756 922 (ι
1810 878 1970 926 Δοκι-

316 966 577 1040 μάζοντες
606 964 660 1021 τί
691 963 833 1021 ἐστιν
862 962 1145 1039 εὐάρεστον
1172 966 1252 1037 τῷ
1301 959 1508 1037 Κυρίῳ.
1560 984 1589 1012 ››
1647 959 1790 1035 Ἀρα
1846 955 1975 1013 ἀδο-

307 1054 478 1129 κίμου
537 1054 631 1111 καὶ
696 1049 958 1123 παιδικῆς
1019 1049 1258 1115 διανοίας
1309 1051 1378 1106 τὰ
1430 1045 1657 1107 ἄλλα.‹‹
1719 1048 1821 1105 Καὶ
1891 1045 1969 1120 μή

310 1148 728 1218 συγκοινωνεῖτε
755 1147 873 1199 τοῖς
906 1137 1110 1216 ἔργοις.
1146 1163 1173 1191 ››
1196 1171 1265 1184 --
1295 1140 1505 1214 [ΦΩΤ.]
1537 1140 1709 1213 Ἔργα
1739 1135 1969 1197 σκότους

313 1233 435 1289 εἶπε
460 1237 690 1308 γενικῶς
747 1230 1021 1304 ὀνομάσας
1079 1235 1252 1285 πᾶσαν
1304 1227 1587 1303 ἁμαρτίαν.
1648 1227 1747 1282 Διὰ
1776 1222 1830 1281 τί
1889 1222 1967 1292 δέ,

312 1321 504 1401 φησὶν,
537 1320 638 1378 οὑκ
666 1318 984 1394 ἐπεξῆλθον·
1024 1318 1253 1389 ἑκάστην
1312 1316 1487 1375 αὐτῶν
1521 1315 1780 1390 ὀνομαστὶ
1826 1321 1969 1391 πρᾶ-

308 1414 432 1485 g»;
466 1410 551 1467 ὅτι
597 1411 690 1468 καὶ
747 1409 802 1467 ἐν
857 1409 1008 1483 αὐτῷ
1052 1413 1134 1483 τῷ
1172 1406 1355 1485 λέγειν
1410 1405 1602 1475 αὑτὰς,
1660 1404 1969 1481 αἰσχρότη-

306 1523 404 1563 τος
436 1500 746 1576 πληροῦται
793 1501 884 1556 καὶ
941 1500 969 1555 ὁ
1028 1497 1252 1570 ἐπεξιὼν
1308 1497 1494 1559 αὑτάς.
1545 1497 1713 1554 -Ἣ
1770 1494 1966 1558 οὕτως.

307 1585 624 1667 Ἐλέγχετε,
649 1590 805 1669 φησί,
836 1592 909 1664 τῇ
938 1587 1225 1665 παραθέσει
1255 1590 1354 1642 τοῦ
1411 1585 1614 1641 οἰκείου
1663 1585 1808 1660 βίου·
1841 1581 1970 1640 οὐδὲ

304 1683 411 1758 γὰρ
443 1680 587 1759 λέγω
621 1679 877 1762 ἐλέγχειν
926 1678 1145 1746 αὐτοὺς,
1200 1679 1296 1741 τὰς
1349 1678 1566 1754 πρᾶξεις
1604 1676 1783 1732 αὑτῶν
1816 1675 1966 1749 ἐπεξ-

560 1770 573 1789 Ί
651 1771 665 1804 ξ
818 1770 832 1790 \
974 1766 1021 1789 ’δ’
1193 1789 1215 1805 μ
1292 1764 1347 1788 7"
1457 1767 1470 1785 ἱ
1563 1764 1571 1781 θ
1723 1770 1772 1803 νβ

308 1769 484 1833 ιόντας
516 1790 712 1834 αυτούς
742 1791 833 1826 και
857 1767 1384 1839 ὀνειοιζοντανοιοα
1407 1787 1512 1843 γαρ
1541 1768 1627 1822 ὁτι
1654 1786 1771 1829 τοι..
1799 1785 1967 1821 σπου-

308 1860 482 1923 δαίοις
509 1861 598 1916 καὶ
634 1860 698 1917 τὸ
723 1857 873 1921 ὅλως
894 1857 1257 1933 μνημονεύειν
1286 1854 1969 1935 αύτῶν,αἰσχρότηςνομί-

308 1956 479 2024 ζεται.
512 1949 679 2007 Ούδὶν
697 1949 798 2028 γὰρ
828 1944 1077 2018 ἔλαττον,
1134 1949 1292 2028 φησὶ,
1320 1951 1429 2004 τῶν
1488 1946 1761 2023 ὑμετέρων
1788 1942 1963 2022 ἔργων

307 2046 428 2102 ταῖς
512 2037 728 2113 ἀρεταῖς
807 2037 1224 2114 ἀστραπτόντων
1310 2034 1761 2112 ἐλεγχθήσονται,
1820 2033 1857 2105 ἢ
1917 2033 1963 2090 εί

307 2130 397 2189 διὰ
426 2131 607 2210 λόγων
632 2153 716 2195 τις
748 2130 945 2195 αὐτοὺς
974 2129 1362 2188 ἀνεκάλυπτενο
1421 2126 1569 2185 ἀλλὰ
1597 2128 1688 2185 καὶ
1749 2126 1964 2202 μᾶλλον

305 2224 514 2280 ἅπαντα
533 2223 603 2279 τὰ
634 2220 765 2299 ἔργα
818 2220 994 2278 αὐτῶν
1056 2217 1147 2277 διὰ
1198 2225 1297 2276 τοῦ
1339 2220 1521 2298 φωτὸς
1550 2222 1647 2275 τοῦ
1699 2219 1961 2294 ὑμετέρου

308 2311 432 2388 βίου
464 2310 755 2388 ἐλέγχεται
814 2310 907 2365 καὶ
969 2307 1412 2365 ἀποκαλύπτεται
1467 2309 1559 2364 καὶ
1618 2311 1961 2383 φανεροῦται.

306 2400 692 2477 Φονερούμενα
721 2396 778 2456 δὲ
807 2398 1098 2477 φωτίζεται
1139 2397 1230 2455 καὶ
1288 2399 1363 2460 εἷς
1418 2396 1483 2453 τὸ
1543 2395 1764 2471 ἄμεινον
1823 2418 1961 2472 μετ-

302 2491 488 2569 άγεται
540 2493 633 2549 καὶ
670 2496 1072 2566 μεταποιεῖται.
1132 2491 1195 2547 Ἠ
1252 2490 1356 2566 γὰρ
1413 2494 1522 2545 τῶν
1571 2487 1814 2569 κρυφίων
1873 2485 1960 2544 διὰ

297 2588 401 2653 τῆς
459 2581 714 2658 ἐηρέτου
772 2579 1062 2643 πολιτείας
1121 2581 1425 2658 φανέρωσις
1484 2578 1560 2642 εἰς
1617 2578 1957 2654 κατάγνωσιν

298 2670 688 2747 προτρέπεται.
740 2676 805 2728 Ἦ
858 2668 918 2726 δὲ
970 2669 1120 2745 ἀρχὴ
1152 2670 1361 2745 γίνεται
1411 2668 1765 2748 ἐπιστροφῆς.
1807 2667 1956 2739 Αὕτη

304 2758 362 2817 δὲ
393 2760 469 2824 εἷς
497 2758 757 2837 ἐργασίαν
811 2761 1009 2836 ἀρετῆς
1068 2757 1401 2837 καταλήγει,
1457 2757 1589 2834 ὅπερ
1649 2756 1760 2814 ἐστὶ
1818 2762 1956 2835 φῶς,

301 2850 377 2912 ὡς
411 2850 666 2924 πρόξενον
693 2853 792 2905 τοῦ
832 2847 1034 2905 ἐκεῖθεν
1090 2848 1293 2926 φωτός.
1348 2849 1451 2906 Καὶ
1505 2852 1620 2925 φῶς
1648 2846 1839 2915 πάλιν,
1872 2846 1955 2902 ὅτι

298 2937 623 3019 τυφλῶττον
652 2938 706 2993 ἐν
766 2940 904 3012 ἡμῖν
961 2937 1227 3014 πρότερον
1285 2937 1411 3013 περὶ
1466 2937 1534 2994 τὰ
1590 2939 1757 3007 παθη,
1817 2936 1954 3008 αὕτη

295 3026 705 3102 καταλάμψασα
760 3028 825 3084 τὸ
882 3027 1237 3102 ἡγεμονικὸν,
1306 3032 1458 3082 ποιεῖ
1512 3027 1645 3081 αὐτὸ
1718 3031 1955 3100 καθορᾷν

294 3118 394 3186 τήν
425 3116 477 3172 ἐν
510 3120 578 3191 τῇ
620 3116 863 3192 ἁμαρτίᾳ
892 3116 1292 3191 ἀσχημοσύνην
1344 3114 1436 3171 καὶ
1466 3115 1809 3193 αἰσχρότητα
1862 3116 1951 3170 καὶ

294 3204 593 3283 ἀμορφίαν.
652 3208 724 3262 Τὸ
781 3203 859 3276 δέ,
921 3211 1032 3261 Πᾶν
1085 3204 1186 3280 γὰρ
1236 3205 1299 3260 τὸ
1359 3204 1776 3285 φανερούμενον,
1839 3209 1954 3283 φῶς

293 3292 460 3365 ἐστιν,
489 3291 551 3364 ἤ,
583 3295 661 3358 ὡς
720 3293 935 3370 εἴρηται
1017 3292 1281 3366 ληπτέον,
1348 3294 1385 3364 ἢ
1438 3293 1946 3364 κατασκευαστικὸν,

290 3387 391 3439 τοῦ
412 3381 670 3440 δύνασθαι
700 3382 949 3460 ἐλέγχειν
975 3383 1105 3447 τοὺς
1166 3381 1517 3453 σπουδαίους,
1577 3381 1665 3439 διὰ
1709 3387 1806 3438 τοῦ
1862 3383 1947 3438 ol-

287 3471 440 3530 κείου
473 3471 620 3548 βίου,
651 3474 753 3543 τήν
816 3477 923 3528 τῶν
986 3471 1212 3551 φαύλων
1273 3473 1576 3530 πολιτείαν.
1612 3477 1949 3547 Φαειεροῦται

289 3562 699 3638 μὲνγᾶρὸτοῦ
759 3559 1058 3619 σπουδαίου
1117 3562 1261 3639 βίος,
1320 3564 1476 3642 φησί.
1539 3561 1947 3636 Φανερούμενος

287 3649 367 3720 δὲ,
403 3655 518 3729 φῶς
545 3650 676 3708 ἐστι.
722 3652 915 3714 Φωτὸς
965 3649 1023 3706 δὲ
1080 3650 1422 3726 λάμποντος,
1481 3652 1544 3707 τὸ
1572 3653 1764 3718 σκότος
1794 3650 1951 3727 ἐλέγ-

283 3759 471 3815 χεται,
501 3739 635 3816 ὅπερ
667 3740 806 3797 ἐστὶν
839 3742 868 3797 ὃ
898 3745 1006 3796 τῶν
1054 3740 1282 3819 φαύλων
1344 3741 1485 3817 βίος.
1521 3764 1550 3795 ‹‹
1604 3746 1729 3804 Τοῖς
1779 3740 1949 3817 ἀκάρ-

289 3850 443 3892 ποις.
477 3852 507 3884 ››
559 3835 728 3893 Ποῖος
783 3830 885 3906 γὰρ
938 3830 1169 3905 καρπὸς,
1228 3834 1386 3886 ποῖον
1444 3826 1642 3908 ὄφελος
1700 3829 1750 3901 ἐξ
1809 3829 1949 3885 ἐκεί-

290 3940 448 3988 νωνς
508 3919 737 3982 θάνατος
795 3920 889 3994 μὲν
950 3917 1065 3977 οὖν.
1125 3918 1369 3983 Σκότους
1425 3916 1482 3974 δὲ
1526 3918 1672 3994 λέγει
1731 3923 1838 3974 τῶν
1894 3918 1946 3974 ἐν

292 4007 473 4085 πλᾶνῃ
505 4009 597 4065 καὶ
630 4008 920 4084 ἁμαρτίαις
970 4007 1295 4083 ἀνθρώπων.
1359 4007 1462 4065 Καὶ
1518 4007 1571 4065 τί
1631 4007 1798 4086 λέγω,
1858 4009 1946 4078 Μὴ

291 4104 756 4177 συγκοινωνεῖτε;
806 4097 1058 4171 Μᾶλλον,
1107 4100 1264 4177 φησί,
1320 4097 1412 4155 καὶ
1482 4096 1761 4175 ἐλέγχετε,
1820 4120 1948 4157 παι-

289 4185 539 4252 δεύοντες
589 4188 789 4250 αὑτοὺς
854 4185 946 4242 διὰ
1003 4193 1111 4243 τῶν
1167 4185 1443 4267 ἐλέγχων.
1498 4190 1676 4246 Τοῦτο
1735 4186 1793 4244 δὲ
1850 4188 1950 4244 οὑκ

286 4273 433 4333 ἔστιν
485 4276 727 4333 ἐναντίον
783 4281 886 4350 τῷ,
944 4299 975 4329 ‹‹
1028 4278 1124 4346 Μὴ
1179 4278 1475 4353 κρίνετε.»
1530 4276 1657 4334 Ὧδε
1711 4279 1814 4355 γὰρ
1863 4278 1947 4349 τὸ,

282 4364 570 4442 ἐλέγχετε,
601 4365 718 4420 ἀντὶ
765 4368 886 4435 τοῦ,
939 4360 1243 4434 παιδεύετε,
1292 4371 1486 4424 κεῖται.
1538 4366 1685 4423 Ἐκεῖ
1742 4364 1799 4422 δὲ
1861 4366 1946 4433 τὸ,

282 4455 654 4534 κατακρίνετε.

359 4712 431 4768 ’Ἠ
492 4710 690 4772 οὓτως.
750 4707 968 4785 [ΦΩἸᾝ
1073 4705 1365 4785 Ἐλέγχετε

290 4801 558 4875 ὑμετέρου
587 4803 850 4874 λαμπροῦ
906 4797 997 4854 καὶ
1056 4795 1355 4854 σπουδαίου
1418 4798 1563 4873 βίου,
1592 4798 1679 4854 καὶ
1714 4799 1791 4873 μὴ
1823 4799 1948 4855 ἀνα-

292 4888 478 4962 μένετε
505 4886 767 4958 ἐκείνους,
800 4887 1024 4949 ἑαυτοὺς
1081 4884 1544 4965 προσαγγέλλειν,
1605 4888 1696 4943 καὶ
1738 4909 1948 4963 κωμῳ-

290 4976 403 5035 δεῖν
434 4980 503 5035 τά
535 4977 729 5046 οἶκεῖα,
760 4977 850 5033 καὶ
883 4976 959 5039 εἰς
997 4975 1159 5050 μέσον
1203 4978 1382 5054 ἄγειν,
1440 4977 1531 5033 καὶ
1585 4976 1760 5040 οὕτως
1821 4976 1947 5055 βε).-

290 5070 561 5131 τιοῦσοαι.
595 5067 661 5124 Εἰ
692 5066 794 5143 γὰρ
848 5066 939 5121 καὶ
969 5066 1300 5141 πράττουσιν
1362 5063 1393 5120 ἄ
1453 5067 1529 5139 μή
1587 5064 1764 5139 θέμις,
1820 5066 1948 5124 ἀλλ’

296 5156 388 5211 οὖν
444 5156 548 5213 ὑπὸ
601 5162 702 5226 τῆς
759 5154 1002 5234 ἐμφύτου
1057 5153 1310 5231 γνώσεως
1370 5151 1572 5219 εἰδότες
1620 5154 1793 5211 αὐτῶν
1845 5160 1945 5229 τὴν

289 5244 662 5322 αἰσχρότητα,
746 5244 1136 5323 αἰσχύνονται,
1231 5244 1410 5301 καίτοι
1488 5243 1604 5301 δέον
1682 5245 1947 5304 ἀνακαλύ-

287 5356 444 5393 πτειν
501 5338 603 5405 τῆν
671 5333 1070 5408 ἀσχημοσύνην
1125 5334 1350 5389 ἑαυτῶν.
1411 5358 1438 5386 (ι
1501 5335 1581 5392 Τὰ
1662 5332 1720 5391 δὲ
1775 5337 1949 5392 πάντα

286 5425 658 5503 ἐλεγχόμενα,
691 5447 716 5477 ο
757 5422 1072 5493 Τουτὲστιν,
1134 5421 1194 5479 ἄν
1231 5424 1331 5494 ἦτε
1379 5424 1535 5498 ὑμεῖς
1566 5422 1826 5503 ἐνάρετοι,
1884 5427 1946 5482 οὑ

286 5512 543 5571 δύνανται
574 5513 854 5571 λανθάνειν
890 5513 942 5568 οἱ
976 5513 1233 5588 πονηροὶ,
1291 5512 1419 5570 ἀλλ’
1482 5514 1647 5577 αὐτὸς
1708 5514 1858 5589 ὑμῶν
1918 5516 1946 5570 ὁ

287 5602 411 5679 βίος
433 5605 526 5660 καὶ
556 5605 693 5679 πρὸς
720 5606 829 5660 τῶν
883 5602 1156 5680 ὑμετέρων
1209 5600 1390 5678 λόγων
1446 5603 1759 5681 κατήγορός
1811 5605 1945 5675 ἐστι,

358 5799 403 5842 ³¹
436 5806 635 5864 Matth.
670 5822 766 5871 vn.
800 5808 854 5862 1.

2085 692 2160 748 ad
2190 709 2433 750 avaros:
2472 695 2728 751 Veritate
2750 712 2909 764 vero,
2942 701 3228 767 tanquam
3258 695 3336 752 ad
3365 712 3467 752 eos
3490 698 3593 769 qui
3624 697 3742 754 fal-

2086 797 2213 839 sam
2262 783 2571 840 veritatem
2618 790 3065 857 prosequuntur
3087 802 3218 858 quae
3268 790 3360 842 est
3394 786 3454 843 in
3499 786 3741 846 lascivia

2086 876 2144 927 et
2164 877 2427 944 peccato.
2462 894 2490 923 ‹‹
2513 872 2841 930 Probantes
2870 875 2971 946 qui
3004 876 3079 930 sit
3096 879 3404 947 acceptum
3430 877 3739 933 Domino.»

2084 961 2310 1018 Caetera
2330 961 2530 1033 itaque
2561 963 2816 1034 reproba
2834 969 2976 1018 sunt
3000 964 3336 1036 mentisque
3360 965 3741 1037 puerilis.«Et

2085 1066 2160 1107 ne
2191 1052 2619 1107 commercium
2636 1053 2966 1109 habueritis
2995 1069 3130 1108 cum
3150 1053 3449 1125 operibus.
3485 1076 3513 1104 υ
3545 1056 3738 1127 Opera

2084 1139 2529 1196 dixittenebras
2559 1142 2823 1214 generali
2862 1141 3146 1199 vocabulo
3196 1143 3510 1199 nominans
3559 1160 3734 1209 omne

2082 1235 2417 1303 peccatum.
2444 1232 2636 1297 Quare
2665 1236 2865 1287 autem
2896 1248 3018 1288 non
3064 1232 3361 1299 recensui,
3387 1233 3601 1306 inquit,
3632 1251 3733 1290 no-

2080 1320 2356 1377 minatim
2386 1320 2653 1394 singulas
2683 1319 2948 1393 ipsorum
2970 1322 3280 1378 actiones?
3301 1323 3441 1394 quia
3470 1323 3648 1379 etiam
3672 1323 3734 1381 in

2081 1410 2210 1483 ipso
2258 1416 2393 1467 actu
2441 1410 2793 1467 recensendi
2835 1410 2970 1467 illas
3023 1411 3392 1482 turpitudine
3432 1412 3730 1485 oppletur,

2080 1499 2260 1555 etiam
2278 1499 2328 1555 is
2355 1499 2455 1571 qui
2478 1504 2752 1555 recenset
2770 1503 3093 1558 eas.—-Aut
3127 1500 3225 1557 hoc
3253 1502 3431 1557 modo.
3464 1503 3728 1575 Arguite,

2079 1588 2296 1660 inquit,
2342 1589 2784 1661 comparatione
2837 1590 3090 1662 propriae
3137 1590 3519 1661 vitmmeque
3567 1591 3728 1648 enim

2080 1676 2212 1733 dico
2237 1682 2305 1732 ut
2324 1677 2582 1750 argualis
2599 1693 2700 1732 eos
2745 1676 3113 1734 recensendo
3146 1678 3294 1750 ipsis
3329 1694 3398 1735 ac
3427 1679 3729 1752 imprope—

2078 1766 2266 1823 rando
2288 1783 2427 1823 suas
2473 1766 2758 1826 actiones.
2793 1768 2924 1823 Scio
2946 1783 3208 1839 namque
3227 1768 3385 1840 quod
3404 1768 3605 1841 probis
3637 1769 3728 1825 vel

2078 1855 2260 1927 etiam
2281 1855 2592 1913 minimam
2608 1854 2805 1912 facere
2819 1855 3059 1912 illarum
3072 1856 3726 1930 mentionem,turpitu-

1994 1977 2042 2042 B
2072 1946 2146 2003 do
2173 1944 2425 2002 dicatur.
2458 1943 2764 2017 Siquidem
2785 1962 2907 2002 non
2931 1946 3381 2018 minus,inquit,
3408 1946 3723 2004 virtutibus

2076 2040 2405 2092 vestrorum
2445 2051 2693 2109 operum
2722 2034 3151 2109 refulgentibus
3181 2042 3524 2110 urguentur,
3548 2055 3729 2110 quam

2077 2126 2125 2181 si
2173 2125 2471 2197 quispiam
2527 2125 2690 2197 ipsos
2745 2125 3121 2181 sermonibus
3185 2125 3521 2199 detegeret:
3581 2128 3726 2198 quin

2074 2215 2261 2287 magis
2282 2215 2480 2286 potius
2501 2219 2717 2271 cuncta
2738 2214 2982 2271 illorum
3004 2231 3187 2287 opera
3207 2213 3340 2270 luce
3361 2216 3496 2271 vita:
3518 2222 3725 2273 vestras

2073 2310 2403 2377 arguuntur
2418 2320 2485 2360 ac
2516 2303 2874 2377 detegantur
2899 2310 2960 2360 et
3016 2305 3511 2373 manifestantur;
3540 2307 3726 2362 mani-

2071 2393 2285 2450 festata
2303 2409 2438 2448 vero
2461 2392 2966 2463 illuminantur,et
2988 2394 3064 2449 ad
3096 2393 3309 2450 melius
3333 2394 3727 2453 traducuntur

2071 2497 2139 2538 ac
2160 2485 2626 2538 commutantur.
2654 2481 3035 2538 Occultorum
3060 2482 3223 2539 enim
3244 2498 3354 2555 per
3374 2483 3552 2540 vitam
3584 2501 3723 2556 pro-

2069 2570 2207 2627 bam
2224 2570 2627 2627 manifestatio
2650 2571 2723 2628 ad
2743 2571 2983 2628 illarum
3012 2570 3575 2627 condemnationem
3597 2590 3728 2646 pro-

2068 2665 2257 2728 vocat,
2286 2661 2468 2732 ﬁtque
2487 2660 2852 2733 principium
2895 2661 3340 2718 conversionis:
3366 2662 3495 2718 haec
3526 2668 3726 2719 autem

2071 2751 2132 2806 in
2165 2749 2401 2806 virtutia
2431 2750 2841 2823 operationem
2862 2750 3101 2818 desinit,
3136 2767 3268 2822 qua)
3291 2758 3380 2807 est
3409 2750 3531 2819 lux,
3592 2757 3723 2809 tan-

2070 2856 2249 2912 quam
2271 2839 2813 2897 conciliativalucis
2836 2839 2974 2895 inde
3007 2840 3392 2897 suborientis.
3435 2843 3723 2897 Rursum-

2068 2946 2184 3003 que
2204 2929 2307 2985 lux
2337 2929 2554 2986 dicitur
2596 2929 2736 3001 quia
2770 2928 2912 2986 dum
2956 2929 3122 3002 prius
3172 2930 3331 2986 circa
3377 2931 3724 2986 affectiones

2067 3020 2444 3085 caecutiretis,
2505 3017 2604 3075 ubi
2649 3018 2776 3074 haec
2833 3024 3097 3074 mentem
3139 3017 3479 3086 illustravit,
3533 3019 3722 3090 ipsam

2067 3109 2409 3180 conspicere
2429 3108 2572 3164 facit
2594 3124 2888 3179 eam,quae
2912 3108 2975 3163 in
3002 3113 3242 3179 peccato
3275 3109 3718 3182 est,turpitudi-

2064 3215 2202 3255 nem
2221 3203 2281 3253 et
2307 3198 2754 3255 obscmnitatem
2777 3214 2845 3253 ac
2887 3197 3351 3253 deformitatem.
3382 3198 3448 3253 ld
3472 3204 3672 3254 autem
3705 3215 3719 3265 ;

2064 3286 2365 3359 Quidquid
2396 3285 2556 3344 enim
2597 3286 2983 3344 manifestum
3024 3286 3314 3355 redditur,
3349 3287 3449 3343 lux
3480 3292 3588 3357 est,
3622 3293 3725 3345 aut

2059 3376 2470 3448 accipiendum
2502 3381 2569 3431 ut
2599 3376 2822 3432 dictum
2855 3380 2965 3445 est,
2999 3381 3101 3432 aut
3133 3382 3201 3432 ut
3229 3376 3708 3434 conﬁrmativum

2058 3467 2135 3521 sit
2156 3466 2314 3537 quod
2346 3466 2577 3537 possint
2604 3466 2777 3538 probi
2822 3482 2930 3523 sua
2957 3466 3075 3522 vita
3097 3482 3345 3539 arguere
3404 3484 3719 3539 pravorum

2057 3556 2587 3613 conversationem.
2628 3555 2938 3627 Siquidem
3006 3555 3451 3625 manifestatur,
3497 3557 3716 3630 inquit,

2057 3644 2227 3716 probi
2250 3644 2515 3701 hominis
2545 3645 2662 3700 vita
2686 3661 2700 3700 :
2731 3645 3121 3702 manifestata
3142 3661 3278 3702 vero
3298 3644 3401 3700 lux
3424 3652 3717 3718 estzporro

2056 3734 2189 3790 luce
2219 3734 2569 3807 splendente
2592 3740 2924 3806 arguuntur
2951 3733 3213 3790 tenebrae
3252 3751 3383 3806 quas
3406 3740 3547 3791 sunt
3576 3736 3719 3792 vitia

2056 3840 2391 3896 pravorum.
2457 3845 2486 3873 ‹‹
2537 3822 2927 3893 Infrugiferis.
2989 3846 3018 3875 »
3078 3824 3218 3891 Quis
3275 3824 3435 3880 enim
3465 3822 3713 3892 fructus,

2056 3918 2308 3984 antqua)
2354 3912 2425 3969 ab
2477 3912 2599 3968 illis
2651 3912 2928 3968 utilitas?
2967 3930 3130 3970 mors
3162 3913 3572 3985 profecto..49
3604 3914 3712 3970 Te-

2057 4002 2273 4059 nebras
2304 4019 2440 4057 vero
2462 4002 2609 4058 dicit
2644 4002 2957 4059 hominum
2979 4002 3161 4059 vitam
3198 4003 3301 4075 qui
3328 4001 3390 4058 in
3413 4018 3613 4058 errore
3647 4019 3716 4058 ac

2056 4091 2315 4163 peccatis
2358 4096 2690 4146 versantur.
2720 4092 2791 4146 Et
2812 4090 2957 4163 quid
2988 4089 3139 4149 dico.
3174 4091 3253 4145 Ne
3289 4090 3712 4147 commercium

2056 4180 2385 4236 habueritis
2406 4179 2434 4234 ?
2454 4179 2656 4252 Magis,
2688 4179 2905 4250 inquit,
2931 4180 3109 4234 etiam
3134 4179 3386 4252 arguite,
3412 4180 3711 4235 instruen-

2057 4276 2146 4327 tes
2179 4287 2279 4326 eos
2309 4287 2415 4342 per
2463 4268 2984 4342 reprehensiones.
3047 4270 3168 4325 Hoc
3224 4275 3423 4325 autem
3459 4285 3581 4325 non
3626 4276 3714 4326 est

2057 4360 2423 4417 contrarium
2456 4359 2508 4415 ei
2561 4357 2719 4431 quod
2771 4358 2988 4415 dicitur
3023 4375 3035 4413 :
3087 4380 3115 4409 «
3159 4359 3243 4414 Ne
3275 4358 3560 4431 judicetis
3579 4358 3647 4414 ⁸¹.
3682 4379 3710 4409 ››

2056 4455 2175 4506 Hoc
2213 4450 2373 4505 enim
2420 4448 2549 4504 loco
2582 4451 2802 4519 argutia
2842 4449 3085 4522 ponitur
3136 4466 3241 4522 pro
3298 4447 3577 4505 iusti-uite.
3628 4448 3712 4504 lbi

2056 4554 2192 4594 vero
2224 4536 2599 4594 tantumdem
2635 4542 2726 4593 est
2770 4553 2837 4594 ac
2870 4538 2920 4594 si
2970 4537 3236 4595 dicatur:
3297 4538 3378 4593 Ne
3427 4537 3712 4595 condem-

2057 4626 2235 4683 netis.

1466 4706 1619 4764 αὑτοὶ
1689 4704 1778 4764 διὰ
1848 4714 1946 4765 τοῦ

2120 4715 2227 4770 Aut
2251 4713 2354 4769 hoc
2383 4714 2567 4770 modo.
2601 4713 2840 4787 Arguite
2900 4731 2999 4769 vos
3046 4714 3159 4786 ipsi
3207 4732 3312 4787 per
3343 4713 3603 4771 lucidam
3642 4732 3710 4771 ac

2060 4802 2308 4876 probam
2340 4801 2519 4859 vitam
2564 4808 2857 4859 vestram:
2920 4818 3114 4875 neque
3173 4803 3526 4874 exspectetis
3572 4803 3710 4859 illos

2059 4891 2248 4949 donec
2273 4891 2501 4964 seipsos
2524 4892 2901 4963 annuntieut,
2933 4908 2999 4948 ac
3032 4908 3139 4947 sua
3179 4891 3624 4963 reprehendant
3653 4899 3711 4950 et

2058 4982 2123 5037 in
2144 4980 2409 5037 medium
2441 4980 2764 5057 proferant,
2801 4981 3004 5054 sicque
3035 4980 3316 5036 meliores
3360 4980 3707 5039 reddantur.

2058 5072 2409 5144 Quanquam
2442 5071 2603 5127 enim
2634 5075 2980 5144 perpetrent
3010 5087 3080 5127 ea
3106 5087 3237 5142 quas
3266 5069 3356 5126 fas
3392 5086 3510 5125 non
3537 5077 3645 5141 est,
3676 5089 3712 5128 a

2059 5161 2317 5218 naturali
2340 5166 2535 5218 tamen
2554 5161 2767 5219 notitia
2778 5177 2943 5218 suam
2961 5166 3384 5233 cognoscentes
3399 5160 3713 5234 turpitudi-

2057 5268 2197 5309 nem
2248 5250 2579 5325 pudeﬁunt.
2639 5250 2818 5325 Atqui
2877 5254 3179 5323 oporteret
3231 5266 3398 5306 suam
3447 5250 3711 5309 revelare

2058 5339 2668 5413 turpitudinem.«Sed
2690 5339 2894 5395 omnia
2913 5339 3054 5395 dum
3079 5339 3432 5412 produntur.
3447 5340 3601 5395 »Hoc
3618 5344 3710 5395 est

2059 5431 2106 5487 si
2138 5447 2238 5486 vos
2263 5429 2434 5502 probi
2457 5430 2609 5498 sitis,
2641 5446 2763 5486 non
2810 5434 3061 5502 possunt
3089 5428 3374 5485 occultari
3410 5427 3573 5497 mali,
3607 5428 3710 5483 sed

2056 5519 2190 5591 ipsu
2218 5520 2335 5575 vita
2363 5522 2557 5575 vestra
2578 5517 2758 5574 etiam
2787 5523 2926 5573 ante
2956 5532 3262 5573 sermones
3285 5519 3506 5570 vestros
3541 5529 3709 5570 accu-

2058 5613 2219 5664 sator
2250 5613 2341 5666 est
2372 5613 2430 5664 et
2462 5610 2878 5680 argumentum
2912 5605 3048 5663 illos
3078 5604 3454 5661 convincens.
3487 5603 3627 5658 Nam
3657 5603 3706 5657 si
