4108 6396
386 470 544 531 1239

1509 468 1931 531 GECUMENII
1976 468 2284 533 TRICC/E
2327 475 2685 539 EPISCOPI

3658 475 3681 530 1
3697 472 3815 531 240

387 606 662 662 occultati
693 604 935 672 fuerint,
967 604 1283 660 incorrecti
1327 610 1608 661 manent:
1670 602 2032 660 manifestati

2171 607 2239 661 ιαὶ
2298 603 2535 685 ἔλεγχος
2590 610 2788 666 αὐτῶν.
2851 611 2977 667 Ἐὰν
3005 610 3107 686 γὰρ
3144 607 3510 674 λανθάνωσιν,
3541 603 3811 681 ἀδιόρθω-

386 713 521 751 vero
578 695 971 767 corrigentur.
1017 715 1045 743 ‹‹
1086 693 1384 765 Quidquid
1442 695 1601 749 enim
1658 694 2038 750 manifestum

386 783 655 839 redditur
685 782 786 837 lux
819 788 927 837 est.
960 803 989 831 η
1024 785 1141 837 Aut
1170 783 1283 837 hoc
1302 782 1447 838 dicit
1480 783 1635 854 quod
1665 789 1909 855 peccata
1937 783 2038 837 ubi

387 872 772 930 manifestata
799 871 1027 926 fuerint
1054 871 1158 926 lux
1192 872 1343 927 fiunt
1370 890 1383 927 :
1419 872 1531 928 hoc
1562 878 1651 927 est
1672 873 2039 944 injustitiam

388 967 816 1018 convertuntur
843 977 950 1032 per
976 960 1387 1031 pmnitentiam
1422 977 1435 1015 :
1480 967 1583 1015 aut
1641 961 1799 1031 quod
1856 960 2041 1032 proba

386 1052 507 1107 vita
535 1067 656 1105 non
674 1055 868 1121 potest
888 1049 1195 1117 occultari,
1227 1049 1359 1104 ideo
1391 1049 1583 1121 arguit
1631 1056 1688 1105 et
1745 1050 2043 1105 convincit

390 1140 689 1208 tenebras,
722 1140 835 1194 hoc
862 1145 949 1193 est
979 1139 1190 1194 malos.
1221 1170 1290 1179 —
1320 1139 1485 1204 Quod
1502 1140 1621 1194 ait:
1650 1139 1709 1194 Id
1741 1139 1899 1210 quod
1923 1156 2043 1194 ma-

388 1229 671 1285 nifestum
703 1227 972 1283 redditur
990 1245 1057 1283 ac
1079 1228 1373 1299 detegitur
1394 1228 1785 1296 efficiturlux,
1812 1235 1871 1283 et
1913 1229 2040 1299 ipso

390 1334 587 1373 rerum
606 1334 717 1371 usu
742 1317 924 1371 sumit
947 1317 1374 1371 testimonium.
1396 1317 1724 1372 Dicitenim
1750 1335 1764 1372 :
1792 1317 2040 1389 Exsper-

389 1407 613 1479 giscerc
629 1406 729 1477 qui
761 1405 1018 1460 dormis:
1048 1406 1157 1460 hoc
1182 1412 1290 1473 est,
1316 1406 1573 1461 excitare
1595 1423 1629 1461 a
1650 1406 2042 1462 reclinatione

388 1501 449 1549 et
485 1494 833 1550 assiduitate
864 1494 923 1549 in
988 1495 1181 1550 solitis
1236 1495 1566 1550 affectibus.
1603 1518 1631 1545 «
1688 1500 1755 1550 Et
1806 1512 1977 1568 surge
2009 1512 2043 1551 a

388 1584 642 1639 mortuis
673 1606 699 1633 ››
724 1584 859 1639 Sine
884 1585 1015 1655 ipsa
1057 1590 1293 1641 mortua
1313 1601 1380 1639 ac
1423 1584 1699 1640 obscmna
1727 1585 1907 1640 veluti
1943 1602 2040 1640 re-

391 1690 531 1728 vera
560 1679 719 1737 sunt,
753 1666 1072 1729 manifesta
1114 1673 1265 1729 fieri.
1299 1674 1466 1740 Quod
1498 1674 1546 1729 si
1576 1675 1703 1730 haec
1762 1675 1844 1731 ita
1874 1676 2040 1742 fiant,

394 1762 723 1818 illustrabit
752 1778 820 1817 ac
860 1762 1227 1818 illuminabit
1254 1769 1312 1817 te
1343 1763 1631 1828 Christus,
1658 1763 1883 1835 tibique
1906 1764 2046 1818 illu-

398 1859 611 1908 cesset.
643 1853 849 1923 Itaque
881 1851 1040 1923 quod
1073 1868 1191 1906 non
1210 1852 1629 1908 manifestatur
1657 1853 1758 1907 lux
1789 1853 2047 1908 efficitur

2150 716 2235 750 τοι
2266 694 2505 771 μένουσι.
2540 701 2948 776 Φανερούμενοι
2981 696 3041 754 δὲ
3074 695 3565 773 διορθωθήσονται.
3630 720 3658 747 α
3706 699 3816 752 Ηᾶν

2150 784 2251 859 γὰρ
2309 790 2372 843 τό
2432 791 2858 867 φανερούμενον,
2922 793 3039 868 φῶς
3097 786 3231 843 ἐστι.
3273 788 3343 843 Ἦ
3400 784 3564 842 τοῦτό
3632 806 3820 862 φησιν,

2153 876 2358 932 ὅτιτᾶ
2416 881 2784 954 ἁμαρτήματα
2860 878 2991 935 ἐπὰν
3078 879 3388 957 φανερωθῇ,
3470 880 3583 954 φῶς
3669 875 3812 953 γίνεο

2150 986 2261 1035 ται,
2317 968 2616 1040 τουτέστιν,
2674 969 2749 1030 εἷς
2807 965 3157 1037 δικαιοσύνην
3215 967 3473 1041 τρέπεται
3533 964 3593 1019 ἐκ
3653 985 3823 1037 μετα-

2152 1060 2323 1125 νοίας,
2355 1056 2391 1127 ἢ
2424 1057 2507 1113 ὅτι
2540 1058 2785 1131 ἐνάρετος
2822 1057 2943 1134 βίος
2991 1057 3054 1112 οὐ
3113 1054 3334 1111 δύναται
3377 1048 3674 1130 κρυϐῆναι.
3713 1053 3809 1110 Διὸ

2153 1142 2369 1221 ἐλέγχει
2399 1147 2462 1201 τὸ
2494 1149 2708 1213 σκότος,
2731 1146 2996 1215 τουτέστι,
3030 1145 3157 1207 τοὺς
3188 1143 3489 1219 πονηρούς.
3509 1177 3577 1185 -

2152 1235 2299 1302 ”Οτι,
2354 1236 2510 1315 φησί,
2566 1239 2629 1291 τὸ
2680 1235 3078 1314 φανερούμενον
3142 1233 3232 1289 καὶ
3297 1231 3813 1306 ἀνακαλυπτόμενον

2154 1327 2270 1401 φῶς
2298 1325 2525 1400 γίνεται,
2583 1330 2845 1401 μαρτυρεῖ
2901 1324 2991 1379 καὶ
3047 1326 3083 1393 ἡ
3134 1324 3357 1398 χρῆσις.
3416 1323 3630 1395 Ἔγειρε
3680 1320 3812 1394 γᾶρ,

2154 1411 2903 1485 φησὶν,ὁκαθεύδων,οἷον,
2963 1412 3290 1483 Διανάστηθι
3349 1411 3455 1466 ἀπὸ
3514 1413 3613 1479 τῆς
3673 1410 3812 1484 πρὸς

2151 1501 2219 1556 τὰ
2273 1505 2419 1573 παὶοη
2478 1501 2851 1565 κατακλίσεως
2907 1503 2995 1557 καὶ
3056 1498 3429 1579 προσεδρείας.
3468 1526 3489 1552 ι
3524 1500 3629 1555 Καὶ
3688 1499 3813 1553 ἀνά-

2156 1620 2252 1655 στα
2300 1601 2361 1656 ἐκ
2414 1606 2519 1657 τῶν
2555 1606 2776 1678 νεκρῶν.
2830 1625 2857 1653 ››
2915 1606 3111 1656 ’Έασον
3174 1600 3307 1655 αῦτὰ
3363 1598 3525 1674 νεκρᾶ
3579 1598 3670 1653 καὶ
3726 1599 3812 1651 αἱ·

2157 1694 2301 1770 σχρὰ
2325 1694 2502 1756 γαοώς
2538 1693 2642 1749 εἰσι
2691 1700 3087 1774 φανερωθῆναι.
3151 1693 3254 1748 Καὶ
3316 1688 3380 1745 ἂν
3436 1693 3603 1745 ταῦτα
3652 1687 3819 1765 γένη-

2153 1802 2265 1849 ται,
2297 1781 2577 1861 ἐπιφαύσει
2610 1803 2694 1837 σοι
2748 1783 2871 1837 τότε
2912 1781 3002 1836 καὶ
3054 1779 3279 1859 φωτίσει
3334 1780 3425 1834 καὶ
3485 1776 3819 1852 καταυγάσει

2158 1892 2215 1925 σε
2273 1872 2301 1925 6
2354 1872 2613 1947 Χριστὸς,
2672 1870 2811 1925 ὥστε
2867 1871 2927 1926 τὸ
2990 1869 3392 1947 φανερούμενον
3453 1872 3568 1947 φῶς
3611 1866 3820 1943 γίνεται

398 1948 457 1997 et
486 1942 915 1997 illuminatur.«
942 1941 1392 2013 Exspergiscere
1423 1942 1524 2012 qui
1557 1941 1803 1997 dormis.
1835 1964 1864 1993 »
1901 1943 2047 1997 Dor-

2171 1960 2246 2015 ιαὶ
2278 1961 2590 2039 φωτίζεται.
2626 1986 2655 2013 ι(
2691 1963 2923 2037 Ἔγειρε,
2952 1960 2981 2015 6
3036 1956 3337 2016 καθεύδων.
3385 1982 3411 2009 ››
3480 1954 3823 2021 Καθεύδοντα

397 2031 681 2086 mientem
715 2046 781 2085 ac
810 2035 1106 2085 mortuum
1130 2029 1425 2085 diciteum
1457 2030 1556 2101 qui
1578 2030 1636 2085 in
1661 2031 1919 2102 peccatis
1937 2035 2047 2101 est,

399 2120 631 2175 Etenim
681 2119 1036 2191 exspergisci
1070 2136 1193 2173 non
1215 2124 1412 2191 potest
1441 2119 1514 2174 ad
1547 2118 1606 2174 id
1639 2119 1797 2191 quod
1828 2119 2051 2175 bonum

401 2215 509 2273 est,
539 2207 720 2263 veluti
752 2213 1023 2263 mortuus
1050 2223 1063 2273 ;
1087 2208 1371 2279 variaque
1404 2208 1964 2281 imaginatur,sicuti
2002 2209 2052 2264 is

402 2300 503 2370 qui
562 2298 783 2353 dormit
831 2313 845 2351 :
889 2312 1248 2367 rursumque
1301 2296 1585 2352 deformis
1634 2303 1725 2353 est
1770 2314 1837 2352 ac
1894 2298 2052 2369 gravi

400 2388 581 2444 odore
612 2388 851 2460 plenus,
881 2386 1063 2441 veluti
1096 2391 1390 2443 mortuus.
1427 2410 1455 2436 ‹‹
1490 2388 1560 2441 Et
1608 2385 2052 2443 illuminabitte

403 2478 693 2534 Christus.
729 2496 754 2527 ν
787 2475 954 2541 Quod
982 2482 1184 2530 autem
1218 2475 1267 2531 is
1315 2476 1418 2547 qui
1450 2482 1718 2531 versatur
1762 2477 1822 2531 in
1852 2493 2056 2548 pecca-

407 2569 484 2623 tis
506 2567 582 2621 sit
604 2564 865 2620 tenebras
879 2564 1013 2620 audi
1032 2581 1148 2635 quo
1183 2565 1363 2620 modo
1402 2565 1598 2637 ipsum
1620 2566 1886 2636 Scriptur
1914 2565 2051 2621 dor-

410 2655 694 2711 mientem
747 2670 816 2708 ac
839 2658 1141 2708 mortuum
1164 2659 1333 2709 vocet
1365 2670 1377 2707 :
1403 2660 1463 2708 et
1500 2654 1656 2724 quod
1680 2670 2055 2725 nequaquam

413 2745 530 2801 alio
564 2744 741 2800 modo
764 2742 1489 2814 possitillumilluminare
1512 2743 2060 2811 Clu-istus,nisices-

412 2842 503 2891 set
530 2852 565 2889 a
590 2840 853 2906 peccato.
912 2832 1330 2905 Expergisccre
1357 2833 1539 2899 enim,
1574 2832 1686 2888 hoc
1718 2836 1824 2897 est,
1861 2833 2057 2899 Cessa,

410 2924 813 2996 quiesceﬂaac
833 2927 891 2977 et
912 2921 984 2977 ad
1015 2920 1291 2977 infideles
1309 2921 1409 2977 50
1439 2926 1499 2976 et
1517 2922 1593 2977 ad
1624 2920 1936 2976 credentes
1958 2922 2058 2992 qui

408 3016 469 3070 in
500 3014 759 3085 peccatis
782 3018 922 3069 sunt
942 3011 1619 3084 aptantur.llluminabit
1640 3011 1923 3078 autem,id
1948 3017 2058 3080 est,

409 3104 755 3161 illustrabit.

480 3196 547 3261 V,
583 3196 773 3248 15-21.
811 3213 836 3244 α
873 3191 1074 3249 Videte
1100 3192 1597 3266 igiturquomodo
1631 3192 2061 3264 circumspecte

418 3304 445 3336 α
464 3281 783 3339 ambuletis
800 3298 813 3336 :
828 3298 948 3336 non
965 3287 1031 3335 ut
1050 3281 1402 3353 insipientes
1424 3281 1527 3337 sed
1546 3286 1612 3335 ut
1631 3281 1950 3353 sapientes:
1970 3296 2061 3335 re-

414 3395 444 3422 ‹‹
467 3372 762 3427 dimentes
776 3339 1195 3443 tempus,quod
1210 3371 1335 3426 dies
1351 3371 1489 3426 mali
1510 3339 1976 3443 sintpropterea
1988 3387 2063 3426 ne
2104 3339 2149 3405 θ

414 3484 443 3511 ‹‹
467 3461 595 3516 sitis
621 3460 1163 3531 imprudentes,scd
1182 3460 1586 3531 intelligentes
1609 3477 1740 3531 quas
1764 3459 2067 3515 sitvolun-

414 3555 557 3605 «tas
580 3548 911 3603 Domini.Et
941 3565 1014 3603 ne
1042 3548 1420 3603 inebriemini
1446 3549 1581 3603 vino
1604 3549 1665 3603 in
1687 3566 1802 3620 quo
1829 3548 2073 3604 lascivia

423 3660 443 3691 ι
473 3643 563 3693 est
588 3655 600 3693 :
629 3638 733 3693 sed
753 3637 1123 3710 impleamini
1150 3637 1382 3709 spiritu,
1402 3638 1718 3709 loquentes
1740 3638 1905 3693 vobis
1929 3639 2076 3711 ipsis

427 3750 449 3779 ι
480 3744 585 3800 per
614 3728 877 3801 psalmos
909 3732 969 3782 et
990 3728 1245 3800 hymnos
1266 3733 1326 3783 et
1355 3728 1666 3784 cautiones
1700 3728 2073 3800 spirituales:

428 3840 451 3870 ι
488 3825 773 3876 canentes
819 3835 888 3874 ac
918 3819 1243 3890 psallentes
1276 3820 1338 3874 in
1372 3819 1548 3875 corde
1575 3826 1767 3875 vestro
1798 3820 2073 3886 Domino,

427 3933 456 3961 ‹‹
479 3910 699 3983 gratias
729 3914 968 3981 agentes
990 3925 1226 3981 semper
1253 3907 1327 3964 de
1376 3908 1657 3964 omnibus
1713 3910 1775 3964 in
1830 3908 2073 3964 nomine

427 4022 455 4050 ‹‹
477 4000 713 4055 Domini
737 3998 926 4054 nostri
956 3999 1093 4054 Jesu
1115 3998 1332 4055 Christi
1365 3999 1484 4054 Deo
1529 4004 1588 4053 et
1636 3999 1816 4055 Patri.
1844 3997 2071 4053 Subditi

425 4110 454 4138 ‹‹
485 4087 745 4144 vicissim
770 4087 923 4144 alius
955 4087 1055 4143 alii
1088 4104 1223 4143 cum
1258 4088 1468 4143 timore
1492 4088 1615 4143 Dei.
1650 4110 1678 4138 ››

491 4293 519 4319 ιι
556 4271 757 4326 Videte
790 4271 983 4343 igitur.
1013 4295 1033 4321 ι
1068 4272 1213 4326 Oves
1238 4270 1379 4324 estis
1412 4271 1473 4323 in
1524 4270 1717 4325 medio
1770 4270 2069 4342 luporum,

419 4360 552 4414 ideo
583 4360 772 4415 multa
793 4360 1068 4414 cautione
1083 4375 1232 4430 opus
1258 4364 1434 4413 estne
1458 4359 1795 4430 suscipiatis
1822 4359 2072 4414 inimici-

418 4447 565 4503 tiam
601 4447 712 4502 nisi
746 4453 988 4519 propter
1045 4446 1551 4518 praadicationem.
1593 4471 1612 4496 ι
1649 4449 1773 4503 Non
1808 4452 1870 4502 ut
1924 4449 2068 4503 insi-

419 4537 675 4610 pientes.
711 4557 739 4584 »
771 4536 1080 4607 Sapientes
1110 4536 1267 4591 enim
1321 4542 1543 4591 norunt
1568 4537 1865 4609 quomodo
1896 4556 2071 4610 opor-

423 4625 1589 4699 teatambulare.0mnianamquelargiri
1607 4634 1859 4699 oportet,
1893 4627 2070 4699 idque

2158 2051 2247 2106 καὶ
2280 2051 2487 2126 νεκρὸν,
2546 2051 2637 2106 τὸν
2689 2049 2739 2105 ἐν
2798 2049 3114 2124 ἁμαρτίαις,
3176 2047 3343 2123 λέγει.
3406 2046 3507 2105 Καὶ
3565 2047 3670 2123 γὰρ
3723 2047 3823 2101 ἀνα

2160 2136 2449 2216 ενέργητός
2500 2138 2611 2195 ἐστι
2669 2140 2806 2215 πρὸς
2862 2139 2925 2195 τὸ
2984 2138 3207 2215 ἀγαθὸν,
3267 2139 3343 2201 ὡς
3399 2138 3428 2193 6
3484 2136 3691 2212 νεκρὸς,
3725 2137 3822 2191 καὶ

2161 2235 2548 2308 φαντασιοῦται
2581 2229 2655 2293 ὡς
2690 2230 2717 2285 6
2750 2227 3046 2297 καθεύδων,
3108 2227 3197 2283 καὶ
3243 2225 3501 2302 εἰδεχθτςς
3561 2225 3673 2281 ἐστι
3732 2225 3827 2280 καὶ

2162 2316 2434 2383 δυσωδίας
2473 2320 2653 2395 γέμει,
2686 2319 2761 2382 ὡς
2790 2320 2817 2373 6
2849 2318 3036 2393 νεκρὸς
3068 2314 3257 2374 πάλιν.
3299 2339 3325 2370 ι
3375 2314 3481 2373 Καὶ
3537 2313 3827 2389 ἐπιφαύσει

2163 2429 2247 2464 σοι
2280 2407 2586 2483 ὁΧριστός.
2643 2432 2671 2460 ››
2716 2409 2841 2465 ’Ότι
2902 2403 2960 2462 δὲ
3014 2406 3208 2467 σκότος
3246 2404 3385 2473 ἐστὶ,
3445 2404 3633 2483 φησὶν,
3694 2405 3722 2459 6
3775 2401 3830 2458 ἰν

2162 2499 2476 2573 ἁμαρτίαις,
2510 2494 2739 2553 ἃκουσον
2779 2500 2898 2560 πῶς
2926 2496 3087 2551 αὐτὸν
3120 2491 3453 2559 καθεύδοντα
3483 2494 3575 2548 καὶ
3640 2494 3834 2567 νεκρὸν

2163 2591 2197 2658 ἡ
2232 2589 2417 2665 Γραφὴ
2449 2585 2629 2657 καλεῖ,
2662 2586 2753 2642 καὶ
2799 2586 2874 2647 ὡς
2934 2584 3034 2641 οὒκ
3089 2583 3151 2639 ἄν
3203 2582 3395 2645 ἄλλως
3464 2581 3837 2656 ἐπιλάμψειεν

2164 2677 2311 2748 αὖτῷ
2343 2678 2370 2731 6
2402 2677 2660 2751 Χριστὸς,
2691 2674 2841 2745 πλὴν
2873 2674 2916 2730 εἰ
2953 2676 3028 2749 μὴ
3062 2673 3339 2743 παύσηται
3389 2678 3490 2741 τῆς
3536 2672 3826 2746 ἁμαρτίας.

2165 2766 2245 2823 Τὸ
2275 2766 2378 2843 γὰρ
2408 2767 2647 2843 Ἔγειρε,
2681 2769 2912 2834 Ηαῦσον,
2945 2761 3078 2818 ἐστί.
3110 2764 3296 2819 Ταῦτα
3326 2761 3418 2816 καὶ
3470 2761 3608 2835 πρὸς
3654 2759 3825 2815 ἀπίτ-

2164 2874 2315 2923 τους,
2345 2854 2436 2909 καὶ
2483 2854 2619 2929 πρὸς
2654 2852 2883 2914 πιστοὺς
2923 2849 3291 2926 ἁμαρτωλοὺς
3353 2851 3603 2926 ἀρμὸζει.
3654 2849 3735 2906 Τὸ
3767 2845 3827 2903 δὲ

2165 2942 2509 3021 Ἐπιεραύσει,
2543 2940 2901 3017 Ἐπιλάμψει,
2933 2940 3098 2997 ἐστίν.

2242 3201 2480 3262 Βλέπετε
2540 3206 2632 3259 οὗν
2683 3207 2800 3265 πῶς
2858 3196 3101 3278 ἀκριϐῶς
3178 3203 3546 3275 περιπατεῖτε,
3610 3199 3685 3270 μὴ
3749 3198 3828 3259 ὡς

2173 3292 2393 3371 ἂσοφοι,
2495 3290 2625 3348 ἀλλ’
2727 3292 2802 3352 ὡς
2930 3290 3111 3368 σοφοὶ,
3216 3288 3670 3363 ἐξαγοραζόμενοι
3740 3286 3835 3339 τὸν

2173 3383 2384 3457 καιρὸν,
2439 3382 2525 3437 ὃτι
2594 3383 2646 3435 a't
2707 3379 2913 3455 ἡμέραι
2969 3380 3205 3454 πονηραί
3290 3377 3416 3434 εἶσι.
3496 3379 3594 3431 Διὰ
3667 3379 3832 3431 τοῦτο

2175 3473 2250 3545 μή
2290 3470 2501 3545 γίνεσθε
2558 3469 2803 3548 ἄρρονες,
2860 3467 3007 3525 αλλᾶ
3057 3468 3321 3529 συνιέντες
3388 3466 3441 3521 τί
3492 3465 3554 3520 τὸ
3611 3462 3833 3534 θέλημα

2166 3565 2265 3616 τοῦ
2323 3560 2551 3636 Κυρίου.
2613 3558 2717 3615 Καὶ
2781 3561 2858 3632 μή
2920 3555 3246 3631 μεθύσκεσθε
3302 3552 3439 3628 οἴνῳ
3471 3553 3522 3609 ἐν
3583 3552 3629 3625 ᾧ
3686 3551 3832 3608 ἐστιν

2169 3649 2400 3719 ἀσωτία,
2459 3647 2604 3704 ἀλλὰ
2671 3645 2990 3722 πληροῦσθε
3048 3644 3102 3699 ἐν
3186 3648 3476 3719 πνευματι,
3535 3640 3836 3703 λαλοῦντες

2170 3739 2383 3800 ἑαυτοῖς
2439 3736 2686 3811 ψαλμοῖς
2767 3736 2859 3791 καὶ
2916 3734 3133 3806 ὕμνοις,
3196 3732 3291 3788 καὶ
3367 3729 3538 3805 ᾠδαῖς
3584 3751 3835 3803 πνευμαο

2167 3834 2346 3891 τικαῖς
2403 3826 2647 3899 ᾄδοντες,
2750 3826 2841 3880 καὶ
2918 3821 3228 3898 ψάλλοντες
3330 3821 3383 3877 ἐν
3484 3823 3555 3894 τῇ
3630 3817 3831 3892 καρδίᾳ

2173 3918 2326 3992 ὑμῶν
2402 3921 2482 3987 τῷ
2580 3915 2785 3991 Κυρίῳ,
2864 3913 3317 3991 εὐχαριστοῦντες
3389 3910 3620 3965 πάντοτε
3696 3909 3834 3983 ὑπὲρ

2170 4008 2410 4077 πάντων,
2454 4005 2684 4077 ὀνόματι
2740 4008 2838 4059 τοῦ
2882 4002 3088 4077 Κυρίου
3140 4002 3303 4074 ἡμῶν
3359 4002 3541 4069 Ἰησοῦ
3596 3999 3836 4073 Χριστοῦ

2168 4102 2248 4169 τῷ
2277 4100 2396 4169 Θεῷ
2423 4095 2513 4150 καὶ
2548 4092 2745 4167 Πατρὶ,
2778 4091 3208 4164 ὑποτασσόμενοι
3239 4086 3517 4159 ἀλλήλοις
3573 4086 3626 4142 ἐν
3673 4082 3833 4165 φόϐῳ

2171 4188 2307 4241 Θεοῦ
2322 4227 2333 4242 .

2247 4299 2271 4326 ‹‹
2308 4272 2544 4329 Βλέπετε
2574 4270 2690 4329 οὖν.
2724 4295 2752 4323 ››
2816 4265 3073 4347 Προϐατά
3130 4270 3246 4326 ἐστε
3312 4268 3364 4324 ὲν
3431 4268 3582 4341 μέσῳ
3625 4266 3835 4323 λύκων.

2175 4364 2269 4419 Διὸ
2296 4360 2518 4431 πολλῆς
2548 4360 2951 4441 παραφυλακῆς
2983 4359 3148 4436 χρεία
3206 4360 3282 4432 μή
3326 4355 3679 4430 ἀναδέξασθαι
3739 4353 3838 4411 ἔχ-

2175 4465 2329 4529 θρας,
2362 4450 2509 4520 πλὴν
2564 4448 2653 4506 διὰ
2704 4450 2767 4505 τὸ
2818 4452 3103 4524 κήρυγμα.
3150 4474 3171 4500 ι
3235 4449 3330 4516 Μὴ
3390 4446 3465 4509 ὡς
3526 4444 3744 4525 ἄσοφοι,
3808 4470 3838 4495 »ι

2174 4544 2242 4601 Οἱ
2280 4543 2384 4619 γὰρ
2413 4541 2576 4620 σοφοὶ
2610 4539 2754 4595 ἴσασι
2787 4543 2905 4597 πῶς
2965 4536 3047 4593 δεῖ
3103 4541 3439 4612 περιπατεῖν.
3496 4536 3671 4591 Πάντα
3728 4535 3837 4611 γὰρ

2178 4630 2281 4701 δεῖ,
2313 4631 2469 4708 φησὶ,
2499 4629 2812 4704 προῖεσθαι,
2842 4629 2931 4682 καὶ
2966 4628 3253 4701 ἀγοράζειν
3313 4626 3376 4681 τὸ
3440 4626 3516 4697 μὴ
3547 4625 3669 4699 περὶ
3731 4625 3834 4691 τήν

2727 3292 2802 3352 ὡς

422 4717 598 4775 nobis
619 4733 964 4788 comparare
1014 4733 1088 4771 ne
1110 4716 1268 4771 circa
1287 4715 1461 4770 fidem
1486 4718 1857 4791 naufragium
1890 4718 2060 4773 facia-

2177 4704 2359 4777 πίστιν
2388 4726 2715 4793 ναυαγῆσαι.
2748 4750 2815 4759 -
2852 4718 2924 4773 ’Ἡ
2952 4715 3147 4780 οὕτως.
3203 4716 3551 4788 [ΟΙΚΟΥΜ.]
3603 4715 3665 4771 Ὀ
3723 4734 3842 4768 και-

419 4823 573 4862 mus.
612 4807 784 4861 -—Aut
812 4806 911 4860 hoc
940 4806 1253 4862 modo.Non
1279 4812 1367 4859 est
1389 4805 1563 4861 nobis
1588 4813 1820 4879 tempus
1835 4807 2066 4863 stabile:

422 4896 660 4951 advena;
692 4896 852 4949 enim
885 4911 1127 4949 sumus:
1164 4910 1293 4949 eme
1335 4910 1472 4967 ergo
1533 4896 1729 4966 ipsum
1788 4902 1847 4951 et
1894 4897 2070 4953 facito

424 4983 750 5054 proprium.
768 4983 1073 5048 Quomodo
1106 4989 1303 5038 autem
1330 4983 1439 5038 hoc
1462 4985 1622 5039 erit?
1641 4985 1883 5040 Perhoc
1916 4986 2075 5056 quod

428 5072 490 5125 in
522 5072 649 5141 ipso
685 5071 1023 5141 placeamus
1045 5073 1623 5143 er.Tuucnamque
1644 5074 1789 5128 illud
1821 5074 2078 5129 efficitur

433 5161 1002 5231 proprium,quando
1025 5160 1197 5214 bona:
1219 5159 1483 5215 actiones
1514 5160 1575 5214 in
1606 5177 1676 5215 eo
1707 5163 1877 5215 factae
1934 5179 2073 5217 con-

434 5253 924 5320 sequuntur,quaa
956 5249 1016 5301 in
1042 5248 1242 5303 futuro
1274 5248 1492 5304 saeculo
1538 5248 1892 5321 glorificant,
1925 5251 2080 5306 sicut

433 5336 589 5393 male
648 5334 1068 5391 condemnant.
1106 5360 1127 5386 ι
1163 5336 1328 5400 Quod
1359 5337 1487 5392 dies
1517 5338 1659 5392 mali
1699 5339 1838 5393 sint.
1876 5361 1900 5387 η
1949 5341 2079 5395 Non

434 5427 591 5502 quod
616 5427 778 5481 hora)
811 5443 941 5496 qua:
968 5427 1026 5481 in
1052 5426 1194 5498 ipsis
1212 5434 1349 5481 sunt
1368 5433 1470 5481 aut
1492 5432 1763 5499 tempora
1785 5429 1901 5485 sint
1927 5430 2083 5486 mala

436 5517 625 5575 absit!
655 5515 759 5572 sed
777 5514 850 5569 ob
881 5515 1039 5571 mala
1070 5533 1199 5587 qua:
1231 5517 1293 5571 in
1317 5517 1463 5587 ipsis
1501 5515 1651 5572 fiunt
1677 5534 1711 5573 a
1740 5518 1933 5588 nobis,
1958 5519 2083 5575 dies

434 5608 657 5663 vocavit
689 5604 898 5661 malos.
932 5606 1442 5671 Quemadmodum
1488 5625 1598 5666 nos
1647 5607 1921 5674 dicimus,
1972 5609 2086 5664 Bo—

440 5715 585 5754 num
606 5702 709 5754 aut
737 5696 962 5753 malum
995 5696 1151 5751 diem
1181 5702 1439 5772 transegi
1472 5719 1484 5756 :
1510 5718 1630 5756 non
1653 5701 1763 5754 hoc
1820 5698 2085 5754 dicentes

442 5786 599 5856 quod
632 5785 761 5854 ipsa
795 5782 907 5838 dici
944 5790 1156 5839 natura
1206 5786 1360 5842 bona
1390 5789 1467 5841 sit
1515 5795 1617 5843 aut
1644 5787 1798 5842 mala
1829 5805 1841 5840 :
1878 5786 1981 5841 sed
2013 5805 2083 5841 ex

2184 4811 2274 4884 ρὸς
2317 4811 2420 4865 οὐκ
2476 4804 2619 4864 ἔστιν
2679 4810 2815 4880 ἡμῖν
2881 4801 3121 4882 βέϐαιος.
3191 4806 3449 4881 ΙΙάροικοι
3507 4806 3608 4879 γάρ
3656 4802 3839 4875 ἐσμεν.

2182 4899 2487 4978 ’Δγόρασον
2550 4899 2643 4953 οὗν
2703 4896 2862 4951 αὐτὸν
2920 4895 3011 4950 καὶ
3064 4893 3298 4966 ποίησον
3376 4891 3539 4950 ἴδιον.
3605 4896 3727 4954 Πῶς
3784 4889 3843 4946 δὲ

2181 4992 2348 5044 τοῦτο
2379 4985 2530 5042 ἔσται
2567 5008 2581 5056 ;
2626 4984 2724 5041 Διά
2753 4987 2850 5039 τοῦ
2882 4982 2934 5038 ἐν
2968 4983 3119 5055 αὐτῷ
3159 4982 3512 5058 εὐαρεστῆσαι
3569 4985 3650 5052 τῷ
3700 4984 3842 5052 Θεῷ.

2184 5076 2323 5134 Τότε
2351 5074 2455 5150 γὰρ
2488 5074 2648 5136 οὗτος
2678 5070 2825 5134 ἴδιος
2854 5072 3079 5148 γίνεται,
3140 5071 3228 5127 ὅτε
3270 5072 3323 5126 αἱ
3382 5070 3434 5125 ἐν
3485 5071 3635 5142 αύτῷ
3670 5066 3839 5123 καλαέ

2184 5166 2407 5240 πράξεις
2447 5162 2933 5231 ἐπακολουθοῦσιν,
2994 5160 3103 5216 ἐκεῖ
3160 5158 3501 5231 δοξάζουσαι,
3561 5160 3742 5230 ὥσπερ
3789 5160 3844 5211 αἱ

2186 5255 2353 5312 καλαὶ
2382 5253 2821 5329 κατακρίνουσαι.
2855 5277 2882 5304 ιι
2917 5255 3018 5309 Οτι
3050 5251 3104 5305 αἱ
3134 5249 3338 5325 ἡμέραι
3365 5249 3604 5325 πανηραί
3635 5248 3790 5303 εἰσιν.
3817 5272 3844 5296 η

2189 5343 2315 5419 Ούχ
2344 5344 2399 5398 αἱ
2432 5341 2483 5398 ἐν
2545 5342 2734 5405 αὐταῖς
2788 5342 2924 5415 ὧραι
2983 5339 3019 5409 ἢ
3079 5341 3133 5395 οἱ
3173 5341 3367 5416 χρόνοι
3399 5340 3633 5414 πονηροί
3687 5338 3843 5404 εἶσιν,

2195 5436 2270 5508 μὴ
2305 5431 2515 5509 γένοιτο
2543 5434 2555 5489 !
2590 5430 2720 5487 ἀλλ’
2750 5430 2812 5487 ἐκ
2837 5436 2945 5486 τῶν
2979 5429 3029 5485 ἐν
3059 5431 3246 5492 αύταῖς
3300 5431 3427 5505 παρ’
3476 5433 3638 5502 ἡμῶν
3696 5450 3847 5506 γινο-

2197 5524 2373 5596 μένων
2441 5525 2645 5591 κακῶν,
2722 5521 2818 5583 τὰς
2876 5521 3089 5595 ἡμέρας
3149 5521 3394 5595 πονηρὰς
3446 5519 3715 5585 ἐκάλεσεν,
3776 5520 3850 5579 ὡς

2194 5614 2360 5685 ἡμεῖς
2393 5609 2658 5686 λὲγομεν,
2690 5608 2880 5679 Καλὴν
3005 5612 3176 5681 κακήν
3232 5610 3440 5687 ἡμέραν
3484 5608 3737 5679 ἐποίησα,
3790 5608 3852 5664 οῦ

2195 5706 2363 5757 τοῦτο
2393 5700 2669 5776 λέγοντες,
2702 5699 2785 5754 ὅτι
2820 5697 2954 5769 αὖτὴ
2988 5702 3023 5769 ἡ
3084 5699 3239 5780 φύσις
3300 5707 3400 5768 τῆς
3455 5698 3667 5775 ἡμέρας
3704 5696 3854 5767 καλὴ

2196 5791 2232 5858 ἢ
2262 5791 2426 5859 κακὴ,
2460 5787 2587 5845 ἀλλ’
2617 5790 2676 5845 ἐκ
2713 5794 2821 5846 τῶν
2850 5793 2985 5862 ἡμῖν
3028 5785 3459 5865 συμϐαινόντων,
3518 5790 3698 5851 οὕτως
3756 5790 3854 5844 αὖ·
