4108 6394
408 456 559 520 1241

1481 453 1897 514 COMMENT.
1942 451 2021 511 1N
2069 450 2310 510 EPIST.
2356 451 2466 510 AD
2508 450 2785 513 EPHES.

3672 456 3829 515 1242

406 590 506 658 τὴν
539 588 924 661 ὀνομάζοντες.
997 589 1095 645 Διὰ
1150 592 1311 644 τοῦτο
1367 586 1460 643 καὶ
1513 587 1541 642 6
1588 586 1819 662 Χριστός
1877 605 2063 664 φησι),

2180 584 2274 640 his
2304 602 2436 656 qum
2494 586 2665 641 nobis
2715 588 3067 661 contingunt
3122 588 3206 644 ita
3228 587 3386 644 diem
3417 590 3822 647 nominantes.

412 676 674 751 Ἀρκετὸν
731 680 800 751 τῇ
859 676 1042 753 ἡμέρᾳ
1096 679 1132 746 ἡ
1181 674 1364 743 κακία,
1422 672 1667 730 τουτέστι
1698 673 1765 728 τὰ
1817 671 1870 728 ἐν
1924 671 2065 745 αὐτῇ

408 765 549 822 κακὰ
579 768 709 839 παρ’
760 767 922 837 ἡμῶν
998 767 1281 843 γινόμενα.
1345 765 1441 820 Διὰ
1494 767 1659 819 τοῦτο
1723 763 1800 837 μὴ
1853 761 2067 836 γίνεσθε

408 852 654 934 ἄφρονες.
700 851 927 923 Ἐπειδή
959 857 995 924 ἡ
1042 853 1303 929 πονηρία,
1357 851 1544 931 φησὶν,
1602 851 1748 915 ἀνθεῖ
1797 851 1888 905 καὶ
1947 848 2068 904 ἑπι-

407 948 597 1017 κρατεῖ
625 946 720 998 τοῦ
752 944 1022 1009 παρόντος
1058 943 1182 1019 βίου
1213 942 1302 997 καὶ
1343 946 1452 996 τῶν
1511 942 1756 1015 ἡμερῶν,
1794 939 1870 1012 μή
1926 937 2065 1015 γίνε-

409 1044 502 1098 σθε
533 1032 763 1110 ἄφρονες
793 1032 934 1089 ὣστε
963 1034 1276 1097 ἁλίσκεσθαι
1318 1029 1712 1107 αὖτῇ.‹‹Ἀλλά
1740 1029 2065 1090 συνιέντες.»

404 1124 711 1196 -[ΦΩΤ.]
742 1123 1016 1184 Συνιὲντες
1074 1127 1442 1197 περιπατεῖτε,
1486 1120 1615 1195 (ἀπὸ
1671 1123 1859 1175 κοινοῦ
1915 1119 2066 1199 γὰρ,)

406 1213 588 1288 ὥσπερ
641 1212 732 1266 καὶ
791 1212 878 1283 τὸ,
948 1210 1298 1286 Πληροῦσθε,
1350 1210 1518 1266 πάλιν
1550 1208 1689 1266 ἐστίν
1719 1210 1825 1264 ἀπὸ
1854 1211 2063 1263 κοινοῦ-

410 1302 553 1375 ΙΙρὸς
583 1301 669 1368 τὸ,
704 1298 1010 1363 Λαλοῦντες
1042 1303 1147 1377 γὰρ
1173 1302 1261 1356 καὶ
1296 1298 1556 1373 ’ᾼδοντες
1598 1300 1689 1354 καὶ
1748 1296 2069 1361 Ψάλλοντες

407 1391 500 1446 καὶ
587 1390 1062 1465 Εὐχαριστοῦντες
1098 1434 1113 1460 ,
1201 1387 1575 1457 ἀποδίδοται,
1636 1387 1725 1443 καὶ
1783 1386 1920 1462 πρὸς
1981 1387 2064 1456 τὸ,

406 1472 889 1551 ἰ’ποτασσόμενοι.
925 1502 953 1530 ‹‹
984 1478 1049 1533 Τί
1077 1478 1140 1533 τὸ
1172 1478 1390 1552 οὲλημα
1418 1482 1515 1533 τοῦ
1540 1476 1757 1552 Κυρίου.
1786 1500 1813 1526 »
1839 1474 2065 1548 Θέλημα

402 1571 500 1621 τοῦ
535 1566 755 1641 Κυρίου,
815 1566 880 1621 τὸ
936 1567 1029 1622 τὸν
1091 1558 1333 1640 παρόντα
1390 1566 1579 1641 καιρὸν
1630 1565 2064 1641 ἐξαγοράζεσοαι,

404 1680 432 1708 ι(
469 1657 571 1713 Καὶ
606 1657 683 1730 μή
745 1655 1074 1729 μεθύσκεσθε
1125 1656 1277 1728 οἷ’νῳ.
1336 1679 1363 1709 ››
1425 1655 1487 1713 Ὀ
1545 1656 1649 1732 γὰρ
1695 1655 1869 1723 οἶνος,
1927 1653 2065 1727 πρὸς

403 1744 762 1824 εὐφροσύνην,
798 1744 859 1800 οὐ
890 1747 1029 1818 πρὸς
1066 1746 1262 1818 μέθην,
1324 1742 1556 1801 δέδοται.
1592 1769 1618 1795 ‹‹
1679 1745 1763 1800 Ἐν
1820 1744 1865 1815 ᾧ
1923 1741 2062 1797 ἐστιν

402 1834 631 1892 ἀσωτία·
665 1858 694 1887 ’³
724 1834 1012 1909 Θυμώδεις
1042 1841 1193 1891 ποιεῖ
1220 1836 1310 1891 καὶ
1341 1840 1557 1910 Opas-sic
1590 1834 1679 1889 καὶ
1702 1831 2067 1911 ἀκροσφαλεῖς

403 1926 493 1980 καὶ
524 1925 664 2001 πρὸς
688 1923 973 2002 ἀσέλγειαν
1003 1923 1334 2003 ἐπιρρεπεῖς.
1385 1950 1413 1976 α
1458 1923 1634 1982 Ἀλλὰ
1662 1922 1999 1997 πληροῦσθε.
2035 1946 2063 1973 ››
2098 1962 2144 2026 Β

399 2012 590 2078 Θέλεις
616 2013 989 2088 πληροῦσθαι,
1051 2015 1211 2092 φησὶ,
1269 2014 1384 2085 καὶ,
1446 2015 1520 2076 ὡς
1560 2014 1750 2081 εἰπεῖν,
1807 2011 2066 2085 μεθύσκε-

400 2104 519 2158 σθαι
554 2122 567 2173 ;
608 2107 782 2160 Τοῦτο
812 2104 960 2159 ποίει
992 2104 1046 2159 ἐν
1075 2108 1158 2177 τῷ
1212 2105 1359 2182 ἁγίῳ
1412 2103 1702 2176 ΙΙνεὺματι,
1736 2100 2067 2177 πληρούμε-

399 2212 494 2253 νος
525 2191 713 2249 αὐτοῦ.
753 2196 946 2251 ’Έσται
976 2190 1032 2248 δὲ
1062 2198 1248 2261 τοῦτο,
1309 2189 1399 2247 διὰ
1453 2190 1692 2267 ψαλμῶν
1734 2192 1826 2247 καὶ
1885 2188 2060 2264 ᾠδῶν,

401 2282 555 2360 φησί.
590 2308 618 2335 ‹‹
655 2281 760 2338 Καὶ
808 2279 977 2355 ᾠδαῖς
1007 2288 1418 2355 πνευματικαῖς.
1456 2308 1478 2337 ι
1519 2282 1638 2336 Εἰσί
1686 2282 1787 2356 γὰρ
1818 2280 1908 2335 καὶ
1943 2277 2061 2334 δια-

403 2366 646 2431 ϐολικαί,
676 2396 705 2423 ‹‹
758 2374 849 2429 Ἐν
908 2376 978 2445 τῇ
1035 2368 1234 2447 καρδίᾳ
1294 2372 1469 2444 ὑμῶν.
1514 2394 1542 2423 ››
1577 2373 1668 2441 Μὴ
1702 2376 1818 2432 τοῖς
1848 2369 2060 2445 χείλεσι

402 2460 589 2535 μόνον,
635 2458 783 2516 ἀλλά
838 2459 930 2516 καὶ
990 2459 1125 2517 κατὰ
1181 2461 1282 2531 τήν
1340 2458 1565 2535 καρδίαν
1650 2483 1678 2510 ‹‹
1713 2460 1798 2516 Ἐν
1831 2459 2060 2533 ὀνόματι

399 2553 498 2605 τοῦ
530 2549 734 2625 Κυρίου
765 2550 944 2622 ἡμῶν.
981 2574 1011 2601 ››
1070 2550 1169 2604 Διὰ
1225 2549 1327 2625 γὰρ
1354 2554 1451 2604 τοῦ
1495 2545 1761 2623 ὄνόμπιτος
1791 2553 1888 2605 τοῦ
1921 2555 2059 2623 Χρισ

406 2643 558 2707 στοῦ,
588 2638 764 2693 πάντα
794 2640 929 2712 ἡμῖν
989 2638 1247 2716 ὑπάργει.
1284 2659 1315 2693 ιι
1363 2637 1816 2712 ’Υποτασσόμενοι
1878 2636 2061 2709 ἀλλή-

406 2727 555 2791 λοις.
595 2752 616 2779 ι
648 2730 817 2786 ’Όταν
859 2728 963 2804 γὰρ
1018 2725 1243 2791 ἕκαστος
1283 2729 1492 2802 ἑκάστῳ
1548 2728 1633 2799 εἴη
1696 2727 2064 2803 ὑποτεταγμέ-

405 2839 514 2889 νος,
545 2818 636 2873 καὶ
667 2818 743 2891 μὴ
778 2814 868 2873 διά
891 2838 945 2872 τι
976 2822 1202 2894 πρᾶγμα
1225 2819 1491 2892 κοσμικὸν
1545 2816 1581 2888 ἤ
1642 2816 1864 2888 ἄτοπον,
1916 2816 2063 2873 ἀλλὰ

406 2903 495 2961 διὰ
525 2902 694 2986 φόϐον
725 2910 989 2981 Χριστοῦ,
1017 2908 1069 2963 τί
1101 2905 1247 2963 ἔσται
1280 2906 1476 2964 λοιπὸν
1512 2907 1564 2963 ἐν
1598 2910 1749 2982 μέσῳ
1778 2916 1942 2963 κακόν
1974 2926 1987 2978 ;

1031 3001 1311 3056 ΚΕΦΑΛ.
1345 2998 1417 3054 ϐ’.

514 3085 760 3158 Διάταξις
799 3084 1085 3165 οἰκειακῶν
1130 3088 1473 3165 καθηκόντων
1503 3085 1837 3165 ἅιρχομένοις
1865 3087 1955 3143 καὶ

868 3156 1134 3234 ἄρχουσιν
1171 3159 1310 3213 κατά
1338 3156 1595 3233 Χριστόνί

476 3266 541 3322 Αἱ
570 3271 819 3341 γυναῖκες
875 3270 993 3328 τοῖς
1052 3263 1212 3327 ἰδίοις
1267 3263 1519 3341 ἀνδράσιν
1580 3265 1943 3321 ὑποτάσσεσθε
1982 3266 2059 3328 ὡς

401 3357 481 3429 τῷ
506 3354 705 3431 κυρίῳ,
736 3356 819 3411 ’ὁτι
848 3356 983 3431 ἀνήρ
1016 3355 1128 3411 ἐστι
1157 3353 1373 3436 κεφαλὴ
1404 3363 1506 3426 τῆς
1537 3358 1815 3434 γυναικὸς,
1857 3356 1932 3419 ὡς
1966 3376 2058 3411 και

401 3446 429 3501 6
486 3445 720 3519 Χριστὸς
775 3443 989 3523 κειραλὴ
1044 3451 1146 3516 τῆς
1206 3443 1565 3517 Ἐκκλησίας,
1617 3445 1708 3501 καὶ
1756 3445 1917 3507 αὑτός
1950 3445 2060 3501 ἐστὶ

403 3535 587 3608 σωτὴρ
616 3538 714 3589 τοῦ
745 3534 1020 3607 σώματος.
1053 3534 1211 3590 Ἀλλ’
1239 3533 1420 3611 ὥσπερ
1441 3537 1477 3605 ἡ
1502 3532 1801 3605 Ἐκκλησία
1824 3534 2063 3590 ὑποτάσ-

402 3644 548 3679 σεται
577 3628 657 3694 τῷ
686 3624 934 3697 Χριστῷ,
964 3625 1110 3678 οὕτω
1168 3624 1259 3679 καὶ
1320 3625 1373 3680 αἱ
1430 3628 1678 3700 γυναῖκες
1738 3628 1855 3684 τοῖς
1902 3621 2065 3685 ἰδίοις

408 3709 631 3786 ἀνδράσι
665 3712 719 3766 ἐν
750 3713 929 3766 παντί.

480 3797 603 3854 Ἐὰν
635 3798 736 3873 γὰρ
768 3795 899 3851 ὦσιν
940 3797 1091 3853 οὗτοι
1125 3796 1177 3852 ἐν
1212 3796 1427 3873 εἰρήνῃ,
1458 3805 1603 3854 πᾶσα
1648 3801 1683 3869 ἡ
1728 3798 1875 3854 οἰκία
1915 3799 2066 3874 εἰρη-

407 3886 607 3956 νεύσει,
636 3887 728 3940 καὶ
785 3885 983 3947 πάντες
1017 3885 1394 3942 ἀπολαύσουσι
1432 3894 1532 3957 τῆς
1571 3881 1720 3943 ἔνθεν
1774 3886 2063 3964 ὠφελείας.

409 3997 438 4024 «
461 3974 550 4033 Ὠς
579 3976 660 4044 τῷ
693 3972 892 4047 κυρίῳ.
927 3996 955 4023 ››
1000 3967 1168 4029 Βαϐαί
1201 3974 1215 4030 l
1280 3973 1561 4049 ὑποταγῆς
1619 3972 1885 4036 ἐπίτασις.
1944 3978 2067 4037 Πῶς

409 4058 503 4115 οὖν
536 4061 697 4137 ιρησῖν
759 4062 787 4115 ὁ
847 4062 1115 4137 Χριστὸς,
1151 4063 1277 4119 Ἐὰν
1339 4064 1415 4136 μή
1473 4084 1557 4125 τις
1588 4063 1923 4134 ἆποτοίξηται
1977 4063 2067 4118 καὶ

409 4150 624 4225 γυναικὶ
681 4151 773 4205 καὶ
831 4147 1014 4225 ἀνδρὶ,
1075 4150 1139 4205 οὐ
1198 4148 1420 4207 δύναται
1477 4150 1852 4218 ἀκολουθῆσαί
1928 4172 2069 4226 μοι;

411 4237 515 4296 Καί
547 4258 744 4317 φαμεν,
777 4238 861 4294 δτι
894 4240 956 4295 τὸ
988 4242 1062 4302 ὡς
1123 4241 1188 4295 οὗ
1239 4240 1451 4304 πάντως
1512 4241 1740 4312 ἰσότητα
1792 4242 2070 4316 σημαίνει.

410 4330 485 4386 ’Ἡ
530 4327 692 4384 τουτό
748 4349 931 4408 φησιν·
994 4330 1085 4393 Ὧς
1141 4328 1336 4385 εἷδυῖαι
1390 4331 1474 4386 ’ὁτι
1544 4337 1623 4404 τῷ
1672 4333 1891 4407 Χριστῷ
1943 4332 2076 4388 εἰσιν

414 4416 851 4491 ὑποτασσόμεναι
905 4416 966 4472 ἐκ
1014 4418 1232 4476 τούτου.
1295 4442 1324 4471 ‹‹
1384 4419 1486 4475 Καῗ
1557 4419 1720 4482 αὐτός
1791 4420 1904 4476 ἐστι
1964 4443 2070 4476 σω-

411 4508 516 4581 τήρ
572 4527 668 4562 του
728 4505 1006 4579 σώματος.
1042 4529 1069 4560 ι
1127 4507 1222 4562 Καὶ
1280 4505 1442 4570 αὐτὸς
1512 4509 1540 4561 ὁ
1592 4508 1752 4581 ἀνήρ.
1813 4510 1917 4566 Καὶ
1973 4510 2075 4585 γὰρ

413 4598 449 4666 ἡ
481 4594 694 4674 κειραλή
729 4597 976 4666 σωτηρία
1039 4594 1153 4651 ἐστὶ
1204 4617 1300 4650 του
1355 4595 1559 4651 λοιπου
1646 4597 1925 4669 σώματος,
1984 4620 2078 4671 μι-

2175 674 2421 745 Propter
2448 673 2561 729 hoc
2593 681 2651 729 et
2680 676 2944 732 Christus
2967 677 3085 732 ait:
3147 676 3376 733 Sufﬁcit
3427 677 3543 733 diei
3590 677 3820 735 malum

2174 779 2345 818 suum
2390 764 2455 831 ⁸ο,
2498 761 2558 817 id
2607 770 2715 833 est,
2780 764 2936 821 mala
2981 781 3112 836 quae
3164 765 3225 821 in
3287 766 3415 838 ipso
3447 768 3820 841 contingunt.

2171 853 2493 922 Propterea
2512 868 2588 907 ne
2611 852 2739 907 sitis
2764 853 3377 925 imprudentes.Quia,
3411 854 3626 927 inquit,
3659 857 3831 913 mali-

2175 939 2255 995 tia
2286 939 2458 995 ﬂoret
2486 956 2552 996 ac
2579 942 2982 1014 principatum
3018 948 3182 997 tenet
3211 942 3273 998 in
3304 945 3586 1014 prmsenti
3620 945 3738 1001 vita
3768 951 3827 1001 et

2172 1028 2403 1097 diebus,
2435 1045 2510 1084 ne
2542 1030 2671 1084 sitis
2694 1030 3198 1103 imprudentes,ut
3218 1031 3290 1087 ab
3325 1032 3451 1104 ipsa
3482 1033 3825 1105 capiamini.

2174 1141 2201 1168 ‹‹
2236 1119 2349 1174 Sed
2390 1120 2810 1192 intelligentes.
2848 1142 2875 1170 ››
2901 1120 3313 1193 lntelligentes
3337 1121 3827 1179 ambulateznam

2174 1207 2286 1263 hoc
2317 1225 2351 1263 a
2378 1210 2681 1264 communi
2715 1226 2894 1264 sensu
2913 1210 3274 1266 sumendum
3298 1215 3422 1266 est:
3448 1212 3831 1282 quemadmo-

2175 1297 2315 1353 dum
2352 1298 2747 1370 impleamini,
2781 1315 3021 1355 rursum
3052 1299 3212 1355 idem
3244 1317 3279 1355 a
3308 1302 3610 1356 communi
3645 1318 3826 1357 sensu

2176 1388 2484 1459 reponitur
2514 1389 2607 1444 5|
2654 1391 2728 1445 ad
2762 1390 3095 1461 Loquentes
3135 1396 3193 1445 et
3240 1390 3534 1446 Canentes
3566 1408 3633 1447 ac
3668 1391 3830 1448 Psal-

2173 1476 2363 1532 lentes
2394 1482 2453 1532 et
2482 1478 2710 1533 Gratias
2730 1480 3260 1550 agentes,itemque
3274 1479 3347 1535 ad
3368 1478 3658 1535 Subditi.«
3686 1480 3825 1545 ρυω

2176 1567 2254 1621 sit
2298 1567 2571 1622 voluntas
2628 1567 2883 1623 Domini.
2944 1590 2972 1618 »
3009 1568 3291 1623 Voluntas
3354 1568 3588 1624 Domini
3622 1574 3710 1626 est
3761 1575 3828 1625 ut

2174 1674 2438 1729 praesens
2464 1662 2699 1729 tempus
2730 1657 3112 1713 redimamus.
3148 1680 3175 1709 ‹‹
3209 1659 3276 1713 Et
3307 1675 3381 1714 ne
3439 1658 3826 1715 inebriemini

2175 1747 2310 1802 vino
2346 1769 2371 1795 ››
2391 1747 2605 1801 Vinum
2639 1747 2797 1801 enim
2829 1746 2903 1802 ad
2935 1747 3200 1802 lmtitiam
3231 1746 3566 1815 datur,non
3595 1747 3669 1804 ad
3692 1749 3828 1803 ine-

2174 1835 2550 1891 briationem.
2585 1857 2613 1885 ‹‹
2649 1835 2714 1890 In
2746 1852 2862 1907 quo
2880 1835 3123 1891 lascivia
3154 1842 3261 1891 est.
3295 1858 3322 1889 ιι
3350 1837 3670 1893 Animosos
3691 1838 3832 1893 facit

2177 1941 2243 1980 ac
2277 1924 2623 1980 temerarios
2654 1930 2713 1979 et
2743 1923 2816 1979 ad
2848 1924 3081 1997 lapsum
3112 1925 3315 1981 faciles
3339 1944 3406 1983 ac
3438 1928 3728 1999 proclives
3755 1926 3829 1983 ad

2176 2013 2501 2070 lasciviam.
2526 2034 2554 2063 ι.
2589 2013 2701 2068 Sed
2723 2012 3153 2085 impleamini.»
3179 2016 3296 2080 VlS,
3323 2015 3538 2087 inquit,
3568 2016 3826 2089 impleri,

2177 2107 2236 2156 et
2277 2108 2342 2157 ut
2393 2103 2475 2157 ita
2521 2101 2715 2157 dicam
2766 2101 3102 2158 inebriari?
3142 2104 3259 2159 lloc
3290 2105 3381 2159 fac
3413 2122 3519 2176 per
3542 2105 3826 2177 Spiritum

2175 2198 2469 2259 sanctum,
2503 2190 2904 2263 illoimpletus
2934 2192 3052 2247 Hoc
3067 2198 3266 2247 autem
3292 2193 3529 2265 eritper
3558 2194 3822 2266 psalmos

2175 2286 2234 2336 et
2256 2282 2563 2336 cautiones
2591 2298 2604 2347 ;
2632 2280 2941 2335 cautiones
2973 2280 3216 2351 inquam
3265 2281 3623 2353 spirituales.
3675 2285 3828 2339 Sunt

2174 2370 2333 2425 enim
2367 2375 2426 2424 et
2455 2368 2783 2424 diabolicae.
2817 2392 2845 2419 «
2875 2369 2940 2423 In
2973 2369 3149 2425 corde
3173 2376 3383 2426 vestro.
3412 2393 3439 2420 ››
3474 2373 3598 2426 Non
3630 2371 3824 2427 solum

2172 2459 2235 2513 in
2250 2457 2831 2527 labiis,verumetiam
2850 2458 3178 2513 secundum
3202 2461 3432 2514 cor.nln
3452 2460 3693 2516 nomine
3712 2461 3825 2516 Do-

2172 2547 2320 2603 mini
2342 2547 2553 2601 nostri.
2584 2568 2612 2595 »
2645 2548 2786 2601 Nam
2816 2564 2918 2617 per
2946 2547 3162 2602 Christi
3189 2565 3409 2603 nomen
3432 2550 3633 2604 omnia
3654 2549 3829 2605 nobis

2172 2636 2541 2707 contingunt.
2564 2656 2591 2684 ‹‹
2627 2632 2854 2690 Subditi
2878 2636 3156 2691 vicissim.
3186 2659 3214 2686 »
3233 2638 3479 2702 Quando
3497 2639 3655 2693 enim
3674 2639 3832 2711 quis-

2173 2740 2288 2795 que
2309 2724 2521 2795 cuique
2560 2723 2833 2779 subditus
2857 2725 3053 2785 fuerit.
3085 2725 3263 2797 idque
3288 2743 3406 2781 non
3432 2725 3506 2781 ob
3538 2744 3665 2783 rem
3714 2728 3825 2783 ali-

2175 2831 2353 2887 quam
2369 2814 2731 2870 mundanam
2748 2822 2852 2871 aut
2868 2816 3210 2885 absurdam,
3225 2817 3328 2871 sed
3350 2824 3593 2889 propter
3609 2818 3829 2875 Christi

2174 2905 2470 2972 timorem,
2498 2904 2642 2976 quid
2676 2904 2970 2976 reliquum
2993 2906 3105 2960 erit
3126 2906 3187 2960 in
3219 2906 3415 2961 medio
3445 2907 3673 2962 malum
3708 2908 3729 2962 ε’

2843 2994 3073 3050 CAPUT
3122 2995 3213 3051 IX.

2173 3083 2481 3153 Descriptio
2509 3099 2796 3155 numerum
2834 3082 3194 3153 propriorum
3227 3091 3339 3139 tam
3369 3085 3453 3140 his
3483 3087 3580 3155 qui
3627 3087 3827 3155 guber-

2244 3161 2453 3209 nantur
2472 3170 2640 3223 quam
2660 3153 2761 3224 qui
2780 3155 3092 3224 gubernant
3120 3156 3423 3211 secundum
3454 3153 3754 3213 Christum.

2244 3261 2507 3323 “22-24.
2543 3281 2570 3309 ‹‹
2605 3261 2824 3316 Uxores
2848 3261 3104 3332 propriis
3135 3260 3275 3316 viris
3305 3261 3553 3317 subditae
3586 3263 3713 3317 sitis
3737 3280 3827 3319 ve-

2173 3348 2327 3403 «luti
2362 3348 2916 3420 domino,quoniam
2941 3350 3028 3402 vir
3048 3355 3137 3404 est
3157 3355 3334 3421 caput
3350 3351 3823 3423 uxoris,quema-

2172 3461 2198 3487 ‹‹
2224 3437 2506 3493 dmodum
2543 3443 2601 3493 et
2631 3437 2895 3493 Christus
2926 3442 3016 3493 est
3042 3445 3219 3511 caput
3239 3440 3549 3495 Ecclesia):
3576 3446 3634 3496 et
3666 3440 3825 3497 idem

2171 3550 2199 3578 ι(
2234 3532 2325 3582 est
2354 3526 2453 3598 qui
2488 3526 2741 3581 salutem
2771 3526 2871 3581 dat
2892 3527 3144 3599 corpori.
3187 3527 3298 3583 Sed
3360 3528 3513 3584 sicut
3566 3528 3828 3585 Ecclesia

2173 3640 2200 3667 ‹‹
2228 3612 2465 3671 subdita
2498 3622 2589 3671 est
2616 3617 2874 3685 Christo,
2896 3617 2980 3671 sic
3011 3622 3071 3672 et
3098 3634 3314 3673 uxores
3336 3618 3460 3673 suis
3510 3619 3652 3673 viris
3685 3618 3830 3673 sub-

2174 3728 2201 3755 ‹‹
2235 3704 2373 3760 dita:
2403 3705 2521 3759 sint
2551 3705 2612 3759 in
2645 3705 2952 3761 omnibus.
2984 3727 3011 3755 ››

2245 3796 2390 3850 Nam
2424 3794 2471 3848 si
2505 3795 2563 3848 hi
2592 3811 2798 3865 pacem
2820 3796 2977 3849 inter
3006 3810 3068 3850 se
3109 3795 3451 3863 habuerint,
3472 3802 3595 3851 tota
3618 3796 3830 3852 domus

2174 3900 2388 3955 pacem
2410 3882 2671 3951 habebit,
2707 3890 2764 3937 et
2794 3901 3003 3939 omnes
3061 3884 3315 3939 utilitate
3364 3885 3642 3940 fruentur
3698 3902 3831 3957 qum

2175 3973 2314 4028 inde
2347 3973 2787 4045 subsequitunw
2810 3974 3002 4029 Veluti
3028 3974 3293 4030 domino.
3329 3974 3580 4055 »Ριιραξί
3607 3981 3831 4047 quanta

2188 4061 2888 4134 subjectionisintensio!
2920 4063 3224 4129 Quomodo
3274 4078 3411 4135 ergo
3470 4063 3616 4119 dicit
3659 4063 3825 4119 Chri-

2178 4158 2344 4207 stus:
2370 4152 2490 4206 Nisi
2509 4152 2643 4221 quis
2676 4158 2983 4224 separatus
3012 4152 3194 4207 fuerit
3221 4152 3292 4207 ab
3312 4169 3495 4208 uxore
3537 4154 3637 4211 52
3661 4158 3764 4209 aut
3793 4170 3828 4210 a

2177 4240 2301 4295 viro
2342 4256 2464 4295 non
2495 4246 2689 4312 potest
2738 4257 2831 4295 me
2892 4242 3059 4312 sequi
3084 4240 3199 4296 ’3‘?
3246 4242 3315 4294 Et
3370 4241 3623 4296 dicimus
3675 4242 3833 4314 quod

2179 4329 2360 4385 dictio
2391 4328 2465 4389 ὡς
2490 4345 2610 4383 non
2633 4330 3038 4385 omnimodam
3064 4329 3335 4402 designat
3348 4330 3832 4388 similitudinem.

2181 4421 2298 4473 Aut
2323 4418 2433 4473 hoc
2475 4417 2639 4473 ducit
2670 4436 2683 4474 :
2718 4419 2909 4474 Veluti
2964 4420 3219 4473 scientes
3250 4417 3410 4489 quod
3463 4417 3523 4473 in
3575 4420 3685 4475 hoc
3715 4420 3838 4474 sint

2182 4506 2434 4561 subditas
2468 4506 2722 4563 Christo.
2758 4530 2785 4558 ‹‹
2844 4510 2909 4563 Et
2959 4508 3116 4563 idem
3173 4516 3264 4565 est
3308 4508 3408 4581 qui
3437 4508 3691 4563 salutem
3739 4509 3840 4564 dat

2181 4596 2437 4667 corpori.
2467 4617 2495 4646 η
2530 4598 2598 4649 Et
2628 4596 2786 4651 idem
2810 4603 2901 4653 est
2931 4600 3037 4653 vir.
3070 4600 3304 4654 Etenim
3333 4603 3513 4666 caput
3541 4597 3702 4653 salus
3744 4604 3835 4653 est

413 4690 548 4761 κροῦ
584 4685 680 4748 τὰς
711 4685 885 4745 πάσας
916 4684 1194 4756 αἰσθήσεις
1252 4678 1461 4760 ἔχουσα
1517 4684 1569 4739 ἐν
1626 4686 1813 4760 ἑαυτῇ-
1876 4686 2063 4741 οὐκοῦν.

2181 4686 2393 4757 reliqui
2427 4685 2715 4757 corporis,
2751 4704 2962 4743 omnes
3013 4706 3165 4759 pene
3196 4705 3406 4743 sensus
3462 4690 3524 4743 in
3559 4705 3621 4744 se
3651 4690 3837 4744 conti-

412 4774 504 4830 καὶ
535 4775 563 4830 6
593 4773 731 4848 ἀνὴρ
760 4781 860 4843 τῆς
892 4774 1169 4847 γυναικός.
1203 4776 1340 4850 Ὅρα
1396 4774 1487 4829 καὶ
1540 4778 1658 4837 πῶς
1716 4775 1778 4830 τὸ
1835 4775 2062 4851 ἀρχικὸν

416 4865 506 4920 καὶ
536 4864 900 4940 προνοητικὸν
928 4863 1188 4938 ἀπένειμε
1242 4868 1323 4936 τῷ
1362 4861 1537 4941 ἀνδρὶ,
1595 4866 1659 4919 τὸ
1717 4862 1774 4921 δὲ
1832 4866 2067 4922 εἱκτικὸν

414 4960 484 5031 τῇ
515 4955 747 5033 γυναικί.
788 4980 808 5006 ι
846 4953 1007 5010 Ἀλλ’
1040 4955 1223 5027 ὥσπερ
1254 4956 1290 5023 ἡ
1350 4952 1653 5021 Ἐκκλησία
1712 4955 2065 5011 ὑποτάσσεται

416 5050 495 5118 τῷ
519 5044 921 5119 Χριστῷ.›ρΤὸ
983 5044 1120 5097 ἅπαν
1177 5040 1412 5111 πλῆθος.
1472 5043 1560 5099 Ἐν
1619 5042 1722 5120 γὰρ
1776 5049 1892 5107 τοῖς
1950 5046 2068 5108 καθ’

416 5134 638 5191 ἕκαστον
672 5131 750 5191 ἔνι
777 5135 868 5190 καὶ
900 5133 1285 5195 ἀνυπότακτος.

490 5316 553 5371 Οἱ
608 5312 820 5390 ἄνδρες,
879 5315 1118 5391 ἀγαπᾶτε
1179 5313 1276 5375 τὰς
1324 5318 1581 5391 γυναῖκας
1657 5315 1884 5385 ἑαυτῶν,
1942 5317 2069 5371 καθ-

412 5408 494 5470 ὼς
547 5405 639 5460 καὶ
698 5404 726 5459 ὁ
784 5404 1015 5477 Χριστὸς
1069 5404 1329 5479 ἠγάπησε
1385 5405 1485 5474 τήν
1568 5404 1920 5476 Ἐκκλησίαν,
1979 5406 2070 5460 καὶ

418 5495 608 5551 ἑαυτὸν
664 5490 973 5568 παρέδωκεν
1037 5493 1170 5568 ὑπὲρ
1230 5493 1430 5563 αὐτῆς,
1478 5491 1567 5548 ’ίνα
1624 5493 1790 5565 αὑτήν
1850 5494 2068 5569 ἁγιάσῃ,

419 5584 713 5661 καθαρίσας
790 5587 871 5655 τῷ
949 5581 1170 5658 λουτρῷ
1249 5588 1348 5637 τοῦ
1424 5580 1619 5646 ὕδατος
1696 5582 1749 5639 ἐν
1836 5585 2069 5659 ῥήματι,

494 5745 535 5782 ³¹
569 5748 730 5803 Matt.
762 5764 812 5814 ν,
848 5748 915 5800 34
988 5745 1059 5780 δ”
1090 5745 1223 5799 Luc.
1259 5760 1370 5810 xxv,
1402 5747 1490 5799 26.

2176 4791 2367 4830 nens:
2408 4774 2659 4847 proinde
2683 4781 2741 4830 et
2798 4777 2901 4841 vir,
2938 4778 3159 4832 uxoris.
3194 4777 3611 4833 Animadverte
3633 4786 3836 4833 autem

2177 4864 2475 4937 quomodo
2502 4866 2904 4938 principatum
2936 4884 3003 4922 ac
3033 4867 3469 4940 providentiam
3506 4868 3628 4924 viro
3644 4868 3843 4924 distri-

2181 4955 2329 5020 buit,
2362 4954 2799 5025 subjectionem
2828 4974 2963 5012 vero
3024 4958 3216 5013 uxori.
3251 4980 3278 5008 «
3313 4957 3427 5013 Sed
3457 4958 3841 5029 quemadmo-

2182 5045 2323 5100 dum
2358 5044 2621 5099 Ecclesia
2665 5045 2905 5102 subdita
2954 5054 3044 5103 est
3071 5047 3325 5104 Christo.
3362 5069 3389 5097 »
3422 5048 3541 5103 Hoc
3574 5055 3684 5118 est,
3720 5054 3844 5106 tota

2181 5132 2524 5191 multitudo.
2559 5135 2703 5189 Nam
2734 5136 2891 5191 inter
2920 5137 3187 5208 singulos
3210 5138 3260 5191 is
3283 5137 3464 5193 etiam
3496 5138 3840 5194 continetur

2181 5224 2283 5295 qui
2315 5221 2671 5278 inobedieus
2706 5230 2816 5280 est.

2252 5314 2314 5373 V.
2346 5314 2571 5368 25-33.:
2596 5314 2733 5379 Viri,
2770 5314 2993 5388 diligite
3027 5332 3239 5371 uxores
3271 5321 3519 5383 vestras,
3572 5317 3724 5371 sicut
3782 5322 3841 5371 et

2182 5429 2209 5456 ι(
2226 5403 2491 5459 Christus
2504 5402 2711 5459 dilexit
2732 5406 3148 5471 Ecclesiam,et
3161 5407 3546 5479 semetipsum
3568 5407 3841 5477 exposuit

2185 5514 2212 5544 ‹‹
2228 5509 2334 5565 pro
2357 5509 2446 5559 ea,
2482 5500 2546 5547 ut
2566 5494 2733 5550 illam
2754 5496 3154 5551 sanctiﬁcaret
3176 5501 3236 5551 et
3264 5495 3582 5550 mundaret
3604 5494 3836 5549 lavacro

2185 5611 2211 5636 ‹‹
2232 5604 2400 5658 aqua)
2414 5604 2520 5659 per
2541 5585 3197 5642 verbumzutadhiberet
3217 5600 3347 5641 eam
3367 5583 3477 5637 sibi
3492 5582 3603 5655 ipsi
3623 5583 3839 5655 glorio-
