4108 6418
330 472 483 534 1243

329 722 356 752 ‹‹
376 699 813 773 autquidquam
829 696 1259 769 ejusmodi.sed
1275 702 1338 752 ut
1354 700 1513 751 esset
1530 699 1732 749 sancta
1746 698 1803 749 et
1823 693 1973 749 irre-

329 812 357 841 «
376 786 918 862 prehensibilis.Sic
936 785 1341 843 debentetviri
1362 784 1605 857 diligere
1619 800 1753 839 suas
1764 797 1979 838 uxores

326 883 544 933 «utsua
558 877 821 950 ipsorum
834 875 1218 948 corpora.Qui
1232 870 1981 947 diligitsuamuxorem,sei-

328 989 357 1019 ι(
374 984 547 1041 psum
562 965 774 1038 diligit.
800 964 1008 1022 Nullus
1028 964 1188 1019 enim
1212 979 1378 1019 suam
1398 963 1584 1036 ipsius
1605 978 1843 1018 carnem
1867 974 1978 1016 un—

324 1079 352 1109 «
370 1073 546 1129 quam
563 1055 698 1111 odio
713 1054 940 1119 habuit,
958 1054 1078 1109 imo
1094 1052 1396 1108 enutritae
1419 1051 1575 1107 fovet
1588 1050 1899 1118 eam,sicut
1920 1054 1979 1105 et

325 1168 354 1199 ‹‹
370 1146 657 1202 Dominus
668 1143 1014 1200 Ecclesiam.
1040 1142 1330 1208 Quoniam
1348 1140 1615 1197 membra
1631 1156 1837 1196 sumus
1849 1157 1973 1195 cor-

325 1258 353 1288 ‹‹
375 1235 834 1309 porisipsius,ex
850 1249 1024 1288 carne
1039 1232 1167 1304 ejus
1182 1236 1239 1287 et
1261 1248 1328 1286 ex
1359 1229 1592 1286 ossibus
1617 1229 1884 1303 ejus.Pro
1904 1228 1978 1283 il-

327 1348 352 1377 (ι
372 1323 430 1379 lo
452 1323 987 1397 :Belinquethomo
1003 1329 1232 1393 patrem
1248 1335 1419 1376 suum
1434 1326 1491 1374 et
1506 1325 1777 1389 matrem,
1802 1317 1975 1373 etad-

328 1436 356 1465 ‹‹
374 1411 804 1469 haerebituxori
821 1417 1026 1477 suae,et
1043 1414 1217 1466 erunt
1230 1409 1346 1465 duo
1361 1408 1421 1464 in
1435 1424 1611 1464 carne
1626 1408 1979 1481 una.Myste-

323 1502 523 1559 «rium
543 1501 652 1558 hoc
668 1516 946 1575 magnum
961 1504 1080 1556 est:
1099 1516 1301 1555 verum
1317 1514 1421 1572 ego
1438 1499 1646 1570 loquor
1660 1498 1732 1553 de
1746 1497 1976 1554 Christo

321 1612 349 1643 «
372 1596 430 1648 et
475 1591 547 1647 de
588 1590 869 1647 Ecclesia.
903 1590 1250 1661 Quanquam
1267 1594 1326 1644 et
1363 1604 1463 1644 vos
1488 1587 1831 1660 singulatim
1864 1586 1977 1642 hoc

319 1703 348 1731 α
363 1686 639 1755 praestate
653 1686 720 1735 ut
740 1695 909 1736 suam
928 1680 1179 1753 quisque
1194 1694 1442 1735 uxorem
1465 1676 1672 1750 diligat
1690 1683 1977 1748 tanquam

319 1792 349 1821 «
384 1771 670 1842 seipsum,
702 1785 851 1825 uxor
875 1776 1068 1825 autem
1100 1773 1168 1824 ut
1206 1774 1548 1825 revereatur
1576 1767 1788 1822 virum.
1816 1787 1844 1816 »

1446 465 1867 531 CECUMENII
1913 464 2221 528 TRICCIE
2263 462 2619 530 EPISCOPI

327 624 529 668 «suam
541 608 1012 675 Ecclesiam,non
1030 606 1353 663 habentem
1369 603 1658 661 maculam
1674 606 1970 674 autrugan

2091 595 2183 653 ’ίνα
2240 600 2561 677 παραστήσῃ

3583 464 3741 528 1944

2668 601 2837 672 αὑτὴν
2914 601 3091 675 ἑαυτῷ
3162 595 3376 671 ἔνδοξον
3444 600 3546 670 τὴν
3620 602 3747 658 Ἐκ-

2081 690 2341 761 κλησίαν,
2398 694 2474 767 μὴ
2538 690 2774 768 ἔχουσαν
2836 692 3032 749 σπῖλον
3087 690 3124 763 ἥ
3180 690 3371 768 ῥυτίδα
3426 692 3463 761 ἢ
3517 713 3572 747 τι
3627 695 3737 748 τῶν

2085 778 2375 849 τοιούτων,
2407 779 2539 837 ἀλλ’
2590 782 2683 838 ἳνα
2779 782 2817 858 ᾖ
2870 782 3002 857 ἁγία
3058 781 3149 837 καὶ
3235 781 3490 855 ἃμωμος.
3547 781 3737 844 Οὒτως

2088 869 2397 949 ὀφείλουσιν
2458 871 2511 926 oi.
2576 868 2766 947 ἄνδρες
2805 872 3016 949 ἀγαπᾷν
3067 870 3164 933 τὰς
3224 871 3426 926 ἑαυτῶν
3461 875 3740 944 γυναῖκας,

2087 959 2160 1022 ὡς
2184 959 2250 1015 τδ.
2284 960 2488 1015 ἑαυτῶν
2518 960 2765 1035 σώματα.
2796 960 2858 1018 Ὀ
2889 960 3112 1036 ἀγαπῶν
3143 960 3243 1028 τήν
3272 959 3463 1015 ἑαυτοῦ
3492 964 3738 1034 γυναῖκα,

2086 1048 2274 1104 ἑαυτὸν
2317 1048 2521 1127 ἀγαπᾷ.
2579 1048 2774 1114 Οὐδείς
2823 1050 2926 1126 γάρ
2973 1070 3108 1106 ποτε
3169 1051 3269 1120 τὴν
3329 1050 3523 1105 ἑαυτοῦ
3575 1055 3745 1125 σάρκα

2086 1137 2370 1212 ἐμίσησεν,
2417 1137 2567 1195 ἀλλὰ
2611 1136 2853 1220 ἐκτρέφει
2907 1140 2999 1195 καὶ
3059 1137 3255 1204 θάλπει
3315 1136 3506 1210 αὐτὴν,
3563 1139 3746 1203 καθὼς

2084 1227 2174 1282 καὶ
2206 1227 2233 1282 ὑ
2288 1225 2493 1305 Κύριος
2544 1232 2645 1300 τήν
2678 1227 3028 1300 Ἐκκλησίαν,
3088 1230 3173 1284 ὅτι
3229 1227 3370 1302 μὲλη
3429 1226 3589 1301 ἐσμὲν
3644 1231 3743 1282 τοῦ

2086 1317 2342 1389 σώματος
2366 1316 2553 1387 αὑτοῦ,
2604 1317 2665 1373 ἐκ
2722 1325 2821 1389 τῆς
2876 1319 3072 1393 σαρκὸς
3130 1317 3314 1386 αὑτοῦ,
3370 1317 3462 1373 καὶ
3521 1316 3581 1373 ἐκ
3634 1320 3741 1372 τῶν

2086 1405 2285 1462 ὀστέων
2340 1405 2525 1464 αὑτοῦ.
2589 1407 2737 1463 Ἀντὶ
2797 1405 3021 1478 τούτου,
3082 1406 3398 1482 καταλείψει
3457 1406 3744 1480 ἅνθρωπος

2084 1494 2177 1551 τὸν
2207 1496 2411 1572 πατὲρα
2444 1496 2607 1553 αὑτοῦ
2637 1497 2727 1552 καὶ
2758 1498 2858 1567 τήν
2909 1494 3140 1573 μητέρα,
3188 1497 3279 1552 καὶ
3311 1494 3746 1569 προσκολληθή-

2087 1605 2232 1641 σεται
2262 1586 2400 1660 πρὸς
2436 1587 2539 1656 τὴν
2568 1591 2796 1661 γυναῖκα
2827 1584 3017 1657 αὐτοῦ,
3064 1586 3154 1642 καὶ
3184 1581 3395 1642 ἔσονται
3455 1586 3505 1640 οἱ
3537 1581 3632 1640 δύο
3665 1585 3744 1647 είς

2086 1674 2258 1749 σάρκα
2288 1672 2435 1749 μίαν.
2468 1676 2541 1731 Τὸ
2576 1677 2880 1752 μυστήριον
2915 1679 3079 1731 τοῦτο
3114 1675 3257 1753 μέγα
3286 1673 3450 1730 ἰστίν.
3502 1673 3649 1748 Ἐγὼ
3681 1670 3741 1728 δὶ

2089 1761 2262 1842 λέγω,
2307 1766 2387 1829 εἷς
2433 1767 2665 1841 Χριστὸν
2723 1767 2815 1822 καί
2873 1766 2951 1830 εἷς
3007 1768 3107 1837 τὴν
3162 1763 3516 1837 Ἐκκλησίαν.
3578 1764 3733 1833 Πλὴν

316 1857 408 1917 καὶ
442 1858 623 1933 ὑμεῖς,
650 1858 703 1913 οἱ
732 1857 850 1913 καθ’
880 1853 992 1927 ἕνα,
1020 1850 1250 1921 ἕκαστος
1271 1856 1372 1928 τὴν
1401 1857 1593 1911 ἑαυτοῦ
1623 1858 1854 1931 γυναῖκα
1884 1853 2059 1917 οὕτως
2084 1855 2370 1931 ἀγαπάτω,
2404 1854 2478 1919 ὡς
2509 1854 2720 1913 ἑαυτόν·
2778 1857 2815 1927 ἡ
2876 1852 2934 1913 δὲ
2988 1857 3152 1933 γυνὴ,
3203 1856 3298 1911 ’ἕνα
3354 1849 3593 1935 φοϐῆται
3643 1853 3739 1910 τὸν

321 1945 513 2023 ἀνδρα.

392 2039 491 2094 Vis
547 2054 796 2095 uxorem
830 2036 935 2093 tibi
960 2036 1257 2094 subditam
1309 2054 1438 2095 esse
1469 2036 1646 2093 veluti
1679 2035 1918 2091 domino
1950 2035 1970 2090 ‘2

2157 2033 2348 2098 Θέλεις
2401 2035 2569 2105 αὐτὴν
2658 2035 3024 2111 ὑποτετάχθαι
3080 2055 3166 2090 σοι
3224 2033 3299 2098 ὡς
3372 2035 3452 2107 τῷ
3515 2031 3740 2108 κυρίῳ;

321 2128 498 2202 dilige
525 2144 654 2184 eam
678 2127 831 2183 sicut
861 2128 1128 2183 Christus
1144 2127 1505 2184 Ecclesiam:
1538 2120 1662 2183 etsi
1694 2124 1839 2198 quid
1869 2142 1974 2199 pro

318 2217 447 2293 ipso
480 2218 601 2289 pati
632 2222 921 2290 oporteat,
955 2216 1075 2272 sive
1127 2216 1301 2272 etiam
1335 2215 1509 2285 mori,
1532 2232 1607 2271 ne
1633 2215 1924 2271 detrectes
1958 2232 1971 2283 ;

322 2307 617 2381 siquidem
645 2312 705 2363 tu
728 2306 997 2362 fortassis
1028 2307 1139 2363 hoc
1167 2322 1303 2381 erga
1337 2323 1469 2363 eam
1502 2323 1634 2379 quas
1671 2305 1777 2361 tibi
1828 2305 1971 2361 sub-

320 2397 444 2453 dita
466 2402 553 2452 est
601 2401 778 2469 teque
825 2396 1020 2468 diligit
1057 2396 1119 2453 id
1149 2395 1493 2452 exhibebis:
1538 2396 1807 2452 Christus
1836 2411 1972 2453 vero

319 2486 381 2543 id
412 2488 530 2560 egit
562 2503 698 2560 erga
747 2503 877 2542 eam
928 2503 1058 2558 quae
1107 2486 1353 2543 inimica
1408 2492 1537 2543 erat
1565 2492 1625 2542 et
1671 2503 1877 2544 aversa
1906 2502 1974 2542 ac

320 2575 552 2650 fugiens
585 2575 657 2632 ab
716 2575 866 2649 ipso.
905 2598 932 2626 ‹‹
984 2578 1055 2631 Ut
1083 2575 1249 2633 illam
1309 2576 1730 2632 sanctiﬁcaret.
1764 2595 1796 2629 »
1846 2578 1973 2632 Non

325 2671 453 2720 erat
504 2665 705 2737 itaque
762 2672 988 2729 sancta,
1020 2665 1123 2721 sed
1174 2668 1407 2739 impura
1446 2671 1504 2723 et
1561 2664 1891 2733 immunda,
1916 2671 1974 2721 et

322 2753 459 2809 talis
489 2759 555 2810 ut
583 2770 1004 2825 quamcunque
1031 2753 1309 2827 accipias,
1338 2772 1458 2809 non
1482 2754 1564 2809 sis
1583 2754 1728 2812 adeo
1775 2754 1970 2828 impu-

319 2860 451 2899 ram
472 2850 823 2916 accepturus
864 2843 926 2898 in
973 2859 1240 2899 uxorem.
1265 2844 1367 2901 53
1399 2846 1613 2899 Atnon
1673 2844 1974 2917 imprope-

320 2935 469 2989 ravit
498 2933 765 2988 Christus
818 2933 1091 2990 Ecclesia:
1131 2932 1289 3005 quod
1338 2934 1474 2989 talis
1530 2933 1731 3003 fuerit,
1775 2950 1971 3006 neque

317 3024 499 3098 igitur
533 3028 648 3077 tum
699 3022 1020 3094 exprobres
1050 3024 1241 3079 uxori.
1276 3046 1304 3074 ‹‹
1334 3026 1402 3078 Ει
1431 3023 1778 3080 mundatam
1810 3024 1968 3079 lava-

318 3130 436 3168 cro.
466 3134 493 3162 ››
517 3114 637 3170 Hoc
670 3119 778 3182 est,
810 3112 1166 3185 baptismate
1197 3130 1209 3170 :
1245 3112 1435 3169 abluit
1465 3113 1627 3171 enim
1667 3113 1797 3185 ejus
1858 3113 1968 3169 im-

312 3202 694 3258 munditiam.
754 3225 780 3252 ‹‹
811 3204 922 3257 Per
941 3202 1208 3258 verbum.
1238 3226 1265 3252 ››
1291 3202 1455 3269 Quod
1488 3203 1733 3261 verbum
1755 3204 1783 3259 τί
1803 3204 1969 3270 Quod

314 3291 440 3365 ipse
472 3291 620 3347 dixit
649 3291 1356 3364 apostolis.Baptizanles,
1389 3291 1603 3364 inquit,
1628 3310 1729 3349 eos
1760 3293 1820 3350 in
1860 3311 1967 3349 noo

2081 2122 2259 2199 ἀγάπα
2299 2124 2465 2195 αὐτὴν
2495 2125 2573 2189 ὡς
2604 2127 2632 2181 ὁ
2665 2126 2860 2201 Κύριος
2912 2127 3014 2195 τήν
3067 2122 3422 2195 Ἐκκλησίαν.
3483 2120 3593 2180 Κᾶν
3644 2119 3740 2196 δέῃ

2077 2234 2130 2270 τι
2161 2219 2348 2279 παθεῖν
2382 2214 2511 2288 ὑπὲρ
2544 2217 2735 2285 αὐτῆς,
2768 2215 2865 2270 κᾶν
2926 2215 3234 2286 ἀποθανεῖν,
3269 2215 3345 2288 μή
3400 2214 3736 2288 παραιτήσῃ.

2083 2302 2157 2359 Σὺ
2194 2304 2286 2378 μὲν
2316 2303 2418 2382 γάρ
2467 2304 2603 2368 ’ἰσως
2665 2304 2743 2370 εἷς
2804 2303 3248 2380 ὀποτεταγμὲνην
3304 2303 3395 2359 καὶ
3454 2302 3745 2379 ἀγαπῶσαν

2077 2397 2248 2450 ταῦτα
2279 2391 2534 2469 ἐπιδείξῃ·
2597 2395 2624 2450 ὁ
2686 2392 2744 2449 δὲ
2798 2395 3044 2469 Χριστὸς
3091 2393 3170 2456 είς
3203 2392 3405 2469 ἐχθρὰν
3458 2392 3549 2448 καὶ
3607 2389 3746 2447 ἀπο-

2080 2483 2472 2561 στρεφομένην,
2504 2484 2596 2539 καὶ
2628 2483 2956 2559 φεύγουσαν.
2993 2504 3021 2538 α
3048 2484 3163 2540 Ἵνα
3223 2481 3392 2555 αὐτὴν
3453 2481 3673 2557 ἀγιάσῃ.
3713 2506 3736 2536 ι

2078 2576 2220 2648 "Ap:
2278 2566 2371 2627 οὑν
2432 2570 2660 2648 ἀναγνος
2740 2573 2808 2644 ἧν
2863 2572 2955 2628 καὶ
3016 2571 3340 2646 ἀκάθαρτος·
3413 2570 3628 2634 οίανοῦς
3694 2570 3744 2625 εί

2078 2656 2272 2722 λάϐοις
2350 2668 2597 2738 γυναῖκα,
2655 2663 2765 2718 οὐκ
2823 2663 2883 2718 ἄν
2943 2660 3117 2726 οὕτως
3176 2660 3478 2735 ἀκάθαρτον
3558 2658 3738 2734 λήψῃ.

2076 2747 2234 2807 Ἀλλ’
2268 2748 2366 2806 οὑκ
2396 2748 2722 2807 ὠνείδισενὸ
2771 2751 2999 2823 Χριστὸς
3049 2753 3150 2821 τὴν
3211 2749 3566 2822 Ἐκκλησίαν,
3623 2746 3745 2804 οἵαν

2078 2839 2248 2910 αὐτὴν
2284 2840 2468 2896 οὖσαν·
2492 2841 2688 2896 οὐκοῦν
2727 2836 2868 2914 μηδὲ
2898 2839 2961 2895 σὺ
2976 2841 3079 2910 τὴν
3112 2842 3310 2896 σαυτοῦ
3342 2837 3749 2914 γυναῖκα.ιΚαὶ

2078 2926 2486 3003 καθαρίσαςτῷ
2518 2927 2759 3005 λουτρῷ.
2820 2951 2848 2982 ι»
2897 2931 3183 2998 Τουτὲστι,
3241 2930 3320 3001 τῷ
3380 2927 3745 3005 βαπτίσματι.

2077 3016 2383 3075 Ἀπὲλουσε
2411 3020 2512 3097 γὰρ
2545 3019 2718 3089 αὐτῆς
2748 3020 2849 3091 τήν
2891 3018 3242 3094 ἀκαθαρσίαν.
3268 3043 3298 3071 ‹‹
3329 3020 3414 3075 Ἐν
3443 3019 3672 3094 ῥήματι.
3714 3042 3741 3068 n

2073 3107 2226 3181 Ποίῳ
2255 3108 2462 3184 ῥήματι
2498 3125 2514 3179 ;
2543 3107 2612 3167 Ὃ
2642 3108 2804 3173 αὑτὸς
2837 3108 2956 3165 εἶπε
2984 3113 3105 3171 τοῖς
3138 3106 3494 3170 ἀποστόλοις’
3531 3107 3738 3164 Βαπτί-

2077 3204 2256 3269 ζοντες
2318 3198 2537 3270 αὐτοὺς,
2596 3198 2785 3276 φησὶν,
2856 3198 2931 3260 είς
2982 3199 3045 3254 τὸ
3114 3193 3290 3272 ὄνομα
3348 3202 3448 3253 τοῦ
3504 3197 3718 3270 Πατρὸς

2073 3287 2292 3343 καὶτοῦ
2331 3287 2483 3360 Υίοῦ,
2515 3288 2604 3343 καὶ
2664 3291 2762 3344 τοὺ
2822 3288 2976 3363 ἁγίου
3036 3286 3374 3361 Πνεὺματος.
3414 3311 3443 3338 ‹‹
3485 3284 3744 3359 Ἔνδοξον

312 3383 474 3438 mine
489 3381 680 3438 Patris
704 3387 763 3436 et
801 3382 933 3437 Filii
957 3387 1014 3436 et
1053 3383 1306 3469 Spiritus
1331 3384 1541 3439 sancti.
1576 3407 1603 3435 «
1638 3384 1967 3443 Gloriosam

2083 3378 2183 3447 τὴν
2231 3376 2579 3449 Ἐκκλησίαν.
2626 3376 2810 3452 »Οὐχ
2833 3374 3026 3438 ἁπλῶς
3083 3376 3347 3452 καθαρὰν,
3404 3374 3529 3469 ἀλλ’
3588 3370 3747 3431 ἔνδο-

312 3470 697 3526 Ecclesium.»
721 3471 847 3526 Non
864 3475 1167 3541 utcunque
1215 3488 1448 3543 puram,
1483 3473 1587 3529 sed
1618 3473 1961 3547 gloriosam.

314 3557 826 3626 Quemadmodum
841 3558 1020 3632 igitur
1033 3558 1296 3615 Christus
1310 3566 1659 3619 cunctorum
1676 3568 1765 3619 est
1787 3581 1966 3620 causa

315 3648 610 3704 bonorum
644 3665 658 3713 ;
692 3647 774 3702 ita
804 3652 863 3702 et
891 3652 953 3702 tu
966 3648 1139 3720 juxta
1160 3649 1312 3705 vires
1344 3657 1457 3705 tuas
1490 3656 1615 3707 esto
1661 3653 1852 3711 uxori.
1897 3655 1968 3710 Et

317 3739 469 3794 sicut
497 3737 623 3809 ipse
656 3737 923 3808 corporis
956 3754 1077 3793 non
1127 3739 1380 3810 requirit
1434 3739 1965 3814 pulchritudinem,

316 3826 419 3883 sed
441 3826 770 3891 animamta
789 3832 848 3882 et
872 3832 953 3882 tu.
971 3827 1114 3882 Nam
1138 3827 1186 3883 si
1212 3828 1720 3900 pulchritudinem
1751 3834 1965 3889 animm

314 3916 595 3990 requiris,
626 3922 683 3971 et
714 3917 903 3990 ipsam
929 3916 1002 3972 ad
1033 3915 1146 3974 hoc
1201 3916 1457 3991 dirigas:
1483 3927 1543 3975 et
1572 3922 1689 3977 Deo
1750 3928 1806 3977 et
1858 3924 1966 3980 tibi

317 4005 430 4081 ipsi
478 4007 792 4079 pulchram
847 4005 1077 4063 reddes.
1135 4030 1163 4057 «
1198 4008 1487 4066 Maculam
1531 4017 1634 4066 aut
1674 4028 1963 4086 rugam.»

315 4096 428 4151 Per
450 4096 559 4151 hoc
592 4093 881 4150 animales
913 4093 1185 4169 designat
1221 4097 1467 4153 affectus
1492 4115 1505 4165 ;
1532 4115 1783 4171 quisque
1814 4101 1966 4157 inte-

316 4186 537 4241 riorem
567 4184 874 4240 hominem
908 4185 1234 4241 deformem
1268 4188 1556 4245 efﬁciunt.
1592 4212 1619 4239 ‹‹
1654 4189 1727 4245 Ut
1754 4190 1969 4264 suaip-

319 4290 521 4330 sorum
546 4290 810 4346 corpora.
846 4297 874 4323 η
894 4277 1019 4330 Non
1062 4280 1347 4347 tanquam
1370 4277 1444 4331 ad
1474 4278 1670 4349 majus
1699 4281 1967 4351 veniens,

325 4362 580 4436 subjecit
609 4363 832 4436 proprii
863 4364 1128 4435 corporis
1156 4364 1515 4436 exemplum.
1536 4366 1779 4423 Excedit
1801 4386 1969 4426 nam-

321 4470 435 4525 que
461 4452 519 4507 id
567 4453 725 4526 quod
783 4453 845 4507 in
892 4452 1124 4507 Christo
1170 4457 1261 4508 est
1291 4470 1428 4527 erga
1466 4455 1829 4528 Ecclesiam;
1865 4461 1968 4518 sed

319 4549 603 4613 tanquam
636 4541 710 4598 ad
740 4540 927 4615 magis
976 4540 1284 4612 preprium
1316 4558 1383 4597 ac
1412 4542 1683 4603 vicinius.
1728 4549 1869 4605 Nam
1899 4567 1969 4607 ex

320 4631 433 4689 hoc
462 4649 587 4688 rem
621 4631 801 4686 etiam
836 4630 1095 4686 debitam
1131 4632 1411 4690 ostendit.
1445 4634 1501 4689 Si
1534 4637 1697 4692 enim
1755 4657 1968 4714 corpus

2071 3468 2182 3536 εον.
2241 3467 2447 3540 Ὥσπερ
2501 3466 2682 3522 τοίνυν
2740 3467 2768 3522 ὁ
2828 3466 3062 3543 Χριστὸς
3119 3466 3336 3521 πάντων
3396 3461 3571 3528 αἶ’τιος
3628 3468 3739 3520 τῶν

2069 3555 2285 3634 ἀγαθῶν
2312 3559 2382 3630 τῇ
2412 3555 2735 3628 Ἐκκλησία,
2766 3556 2857 3611 καὶ
2917 3556 2978 3610 σὺ
3030 3556 3170 3611 κατὰ
3217 3552 3449 3629 δύναμιν
3501 3551 3593 3609 ἔσο
3652 3556 3729 3627 τῇ

2070 3643 2405 3722 σῇγυναικί.
2461 3647 2560 3701 Καὶ
2620 3646 2804 3721 ὥσπερ
2875 3644 3034 3707 αὐτὸς
3063 3646 3323 3719 σώματος
3384 3645 3483 3701 οὑκ
3532 3643 3740 3716 ἐπιζη-

2068 3750 2152 3799 τεῖ
2180 3742 2411 3815 κάλλος,
2448 3742 2594 3799 ἀλλὰ
2626 3748 2839 3825 ψυχῆς,
2869 3743 3011 3801 οὕτω
3040 3744 3132 3799 καὶ
3164 3744 3250 3800 σύ.
3310 3744 3412 3800 Ἀν
3466 3742 3569 3819 γὰρ
3631 3744 3737 3818 ψυ-

2073 3840 2187 3910 χῆς
2218 3831 2426 3896 κάλλος
2449 3831 2735 3908 ἐπιζητῇς,
2761 3832 2852 3888 καὶ
2884 3832 2962 3895 εἷς
3017 3836 3183 3888 τοῦτο
3235 3830 3405 3903 αὐτὴν
3437 3830 3737 3918 ρυθμίσῃς,

2069 3923 2159 3981 καὶ
2185 3927 2266 3996 τῷ
2290 3926 2406 3995 Θεῷ
2437 3922 2527 3977 καὶ
2586 3926 2771 3996 σαυτῷ
2827 3919 3004 3992 καλὴν
3061 3921 3289 3997 ἐργάτῃ.
3348 3942 3369 3971 ι
3431 3921 3640 3976 Σπῖλον
3694 3920 3732 3991 ἤ

2072 4010 2278 4088 ῥυτίδα,
2313 4038 2341 4066 ‹‹
2375 4012 2472 4068 Διά
2501 4011 2711 4069 τούτων
2743 4012 2810 4067 τὰ
2870 4011 3083 4088 ψυχικά
3113 4009 3260 4088 λέγει
3323 4010 3470 4082 πάθη
3510 4012 3577 4066 τὰ
3607 4006 3732 4065 δύσ-

2072 4098 2188 4169 ειδῆ
2221 4099 2312 4154 τὸν
2345 4098 2488 4159 ἐντὸς
2537 4103 2797 4153 ποιοῦντα
2864 4096 3173 4173 ἄνθρωπον.
3210 4118 3240 4150 «ι
3270 4098 3363 4160 Ὠς
3413 4099 3482 4152 τὰ
3540 4096 3727 4152 ἑαυτὸν

2069 4188 2317 4262 σώματα.
2353 4211 2380 4238 ››
2411 4185 2531 4244 Οὑχ
2563 4187 2637 4248 ὡς
2694 4185 2772 4249 εἷς
2834 4190 3018 4257 μεῖζον
3082 4186 3385 4263 ἐρχόμενος
3419 4182 3728 4262 ὑπόδειγμα

2068 4277 2131 4333 τὸ
2159 4279 2256 4332 τοῦ
2315 4274 2520 4331 οἰκείου
2574 4276 2830 4351 σώματος
2880 4274 3117 4349 εἴρηκεν,
3179 4271 3544 4353 (ὑπερϐάλλει
3620 4276 3724 4352 γὰρ

2067 4364 2131 4419 τὸ
2162 4364 2296 4419 κατὰ
2324 4363 2551 4440 Χριστὸν
2580 4364 2717 4433 πρὸς
2741 4366 2842 4434 τήν
2891 4362 3264 4437 Ἐκκλησίαν,)
3304 4361 3433 4419 ἀλλ’
3491 4362 3568 4426 ὡς
3649 4363 3729 4426 είς

2070 4450 2395 4529 οἰκειότερον
2450 4451 2541 4506 καὶ
2624 4450 2936 4530 ἐγγύτερον.
2998 4452 3095 4509 Ἐκ
3162 4450 3359 4507 τούτου
3445 4450 3548 4530 γάρ
3635 4450 3727 4506 καὶ

2073 4540 2300 4622 ὀφειλὴν
2351 4541 2414 4596 τὸ
2475 4546 2703 4617 πρᾶγμα
2760 4537 3058 4601 δείκνυσιν.
3117 4540 3181 4598 Εἰ
3240 4540 3348 4615 γὰρ
3400 4539 3560 4617 σῶμά
3616 4538 3727 4595 ἐστι

2072 4642 2162 4688 σὸν
2197 4634 2231 4702 ἡ
2266 4632 2423 4708 γυνὴ,
2458 4633 2733 4704 (Ἔσονται
2761 4630 2888 4706 γὰρ,
2921 4629 3109 4712 φησὶν,
3156 4630 3209 4686 oi.
3264 4626 3361 4685 δύο
3394 4632 3469 4693 ε’“ς
3529 4630 3725 4703 σάρκα-

320 4726 486 4779 tuum
512 4721 815 4778 est'uxor:
867 4737 1005 4775 nam
1041 4723 1160 4775 :Ex
1182 4720 1435 4792 duobus,
1469 4723 1684 4797 inquit,
1717 4727 1820 4784 ﬁet
1848 4747 1968 4787 una

2080 4721 2252 4796 μίαν,)
2283 4721 2421 4775 κατά
2450 4719 2676 4800 ὀφειλὴν
2704 4723 3029 4795 προνοήσεις
3060 4719 3228 4789 αὐτῆς
3278 4718 3353 4781 ὡς
3383 4719 3577 4794 σαρκός
3610 4740 3723 4775 σου.

319 4828 454 4867 caro
482 4810 627 4877 33,ex
659 4809 857 4865 debito
881 4809 1218 4883 providebis
1249 4811 1301 4866 ei
1334 4816 1399 4866 ut
1427 4815 1591 4869 carni
1624 4820 1759 4874 tuae.
1797 4839 1818 4866 ι
1862 4821 1969 4887 Qui

317 4900 511 4972 diligit
535 4916 702 4955 suam
734 4916 979 4957 uxorem
1011 4899 1273 4971 seipsum
1305 4900 1517 4975 diligit.
1555 4927 1583 4955 ››
1614 4906 1780 4971 Quod
1811 4911 1970 4967 enim

318 5005 469 5045 uxor
491 4989 567 5043 sit
597 5005 733 5044 caro
765 4988 892 5055 viri,
920 4988 1056 5044 audi
1081 4989 1269 5044 Adam
1299 4990 1597 5049 dicentem
1623 5013 1636 5051 :
1661 4996 1778 5053 Hoc
1810 5016 1971 5056 nunc

318 5094 382 5132 os
416 5092 485 5131 ex
515 5076 748 5131 ossibus
792 5077 962 5145 meis,
1023 5082 1081 5132 et
1125 5094 1260 5133 caro
1293 5094 1363 5134 ex
1416 5097 1593 5138 carne
1636 5100 1771 5141 mea
1800 5085 1867 5142 ³⁵.
1902 5119 1967 5129 -

318 5188 345 5216 ‹‹
382 5165 543 5220 Sicut
572 5169 629 5220 et
656 5166 943 5222 Dominus
974 5167 1319 5223 Ecclesiam.
1361 5190 1387 5222 ιι
1423 5170 1639 5229 Christi
1697 5178 1968 5251 exemplo

317 5253 597 5310 continue
629 5254 837 5324 utitur,
871 5271 942 5309 ex
962 5255 1075 5309 hoc
1104 5256 1258 5312 viros
1284 5256 1358 5313 ad
1398 5276 1649 5317 uxorum
1698 5262 1969 5322 dilectio-

314 5360 451 5401 nem
469 5342 845 5398 exhortans.«
873 5343 1163 5407 Quoniam
1181 5346 1449 5403 membra
1467 5367 1673 5407 sumus
1704 5356 1967 5426 corporis

314 5432 566 5506 ipsius,»
620 5434 703 5488 Ac
726 5431 773 5486 si
825 5430 1083 5487 diceret:
1109 5435 1255 5488 Vere
1279 5451 1346 5489 ex
1370 5435 1498 5510 ipso
1520 5456 1743 5497 sumus.
1774 5443 1966 5517 Siqui-

315 5520 451 5578 dem
512 5522 652 5596 quia
706 5538 842 5577 ossa
873 5525 930 5575 et
981 5538 1195 5593 corpus
1229 5524 1478 5597 ﬁguram
1537 5530 1683 5586 dant
1710 5532 1966 5601 homini,

313 5616 556 5684 propter
585 5608 913 5679 veritatem,
946 5609 1094 5665 dixit
1125 5628 1234 5665 nos
1283 5630 1354 5668 ex
1401 5615 1545 5686 ipsis
1586 5637 1736 5676 esse.
1787 5653 1855 5661 ——
1886 5622 1967 5677 Ex

386 5755 432 5789 ³³
464 5755 663 5811 Matth.
690 5773 805 5823 xiv,
838 5760 889 5810 ε.
968 5754 1016 5790 ³⁴
1046 5757 1186 5812 Gen.
1216 5772 1276 5823 ιι,
1299 5758 1388 5810 ‘23.

2082 4835 2111 4863 «
2141 4811 2203 4867 Ὀ
2241 4810 2467 4885 ἀγαπῶν
2522 4811 2621 4879 τὴν
2655 4809 2847 4864 ἑαυτοῦ
2902 4813 3152 4884 γυναῖκα,
3207 4805 3395 4863 ἑαυτὸν
3460 4807 3657 4882 ἀγαπᾷ,
3698 4833 3720 4859 ι

2078 4902 2203 4958 ’Ὁτι
2234 4900 2338 4976 γάρ
2372 4897 2485 4955 ἐστι
2543 4900 2668 4975 σὰρξ
2726 4902 2822 4954 τοῦ
2881 4895 3074 4974 ἀνδρὸς
3123 4898 3158 4968 ἡ
3199 4899 3362 4971 γυνὴ,
3421 4894 3581 4952 ἄκουε
3630 4900 3728 4951 τοῦ

2080 4986 2263 5064 Ἀδὰμ
2311 4987 2593 5067 λὲγοντος’
2651 4992 2821 5044 Τοῦτο
2877 4992 2968 5043 νῦν
3023 4987 3215 5043 ὀστοῦν
3272 4986 3332 5042 ἐκ
3386 4989 3495 5041 τῶν
3553 4985 3726 5041 ὁστων

2083 5103 2209 5155 μου,
2241 5082 2333 5135 καὶ
2366 5081 2491 5156 σὰρξ
2531 5080 2590 5136 ἐκ
2638 5086 2738 5149 τῆς
2802 5079 3000 5154 σαρκός
3062 5101 3188 5153 μου.
3231 5111 3299 5122 --
3330 5103 3358 5131 «
3394 5077 3582 5140 Καθὼς
3638 5078 3730 5132 καὶ

2080 5171 2108 5226 ὁ
2152 5171 2347 5246 Κύριος
2372 5172 2472 5239 τὴν
2505 5169 2850 5240 Ἐκκλησίαν.
2886 5194 2912 5222 ››
2947 5172 3203 5248 Συειεχῶς
3229 5171 3310 5240 τῷ
3341 5170 3436 5224 τοῦ
3492 5169 3728 5242 Χριστοῦ

2077 5267 2285 5338 χρῆται
2314 5257 2738 5335 παραδείγματι,
2768 5260 2905 5333 πρὸς
2962 5259 3175 5337 ἀγάπην
3229 5256 3356 5319 τοὺς
3417 5254 3614 5331 ἄνδρας
3672 5255 3731 5310 ἐκ

2074 5348 2271 5407 τούτου
2302 5354 2656 5425 παρακαλῶν.
2691 5376 2717 5402 ‹‹
2750 5352 2871 5407 Ὃτι
2909 5349 3051 5425 μέλη
3112 5346 3270 5421 ἐσμὲν
3327 5352 3425 5403 τοῦ
3473 5349 3727 5420 σώματος

2076 5438 2262 5498 αὑτοῦ.
2300 5464 2321 5492 ι
2357 5440 2501 5497 Ὠσεί
2531 5440 2670 5508 εἶπε,
2703 5438 2948 5510 Γνησίως
2984 5437 3142 5512 ἐσμὲν
3202 5436 3254 5508 ἐξ
3285 5436 3474 5495 αὑτοῦ.
3509 5432 3728 5505 Ἐπειδή

2076 5529 2179 5607 γὰρ
2208 5529 2275 5586 τά
2304 5529 2437 5585 ὀστᾶ
2464 5528 2647 5584 καὶτὸ
2708 5532 2868 5601 σῶμα
2924 5527 3319 5603 χαρακτηρίζει
3379 5527 3470 5582 τὸν
3524 5522 3732 5601 ἂνθρω-

2074 5640 2200 5692 πον,
2242 5615 2332 5673 8ιά
2375 5620 2475 5689 τήν
2518 5617 2855 5693 γνησιότητά
2908 5637 3070 5694 φησιν
3126 5614 3177 5686 ἐξ
3226 5615 3407 5671 αὑτῶν
3454 5614 3606 5688 ἡμᾶς
3664 5616 3737 5670 εἶ-
