4108 6436
413 445 564 506 12w

1389 445 1792 508 COMMENT.
1836 445 1915 507 IN
1959 444 2216 509 EPIST.
2261 446 2316 508 Π
2362 444 2466 507 AD
2510 447 2789 509 EPHES.

3664 440 3821 504 1246

401 598 510 637 ναι.
570 609 640 623 —-
697 577 1031 652 [ΟῙΚΟΥΜ.]
1089 577 1175 650 Ἐξ
1256 576 1423 633 αὐτοῦ
1498 574 1577 651 δὲ,
1632 579 1767 635 καθὸ
1822 577 2035 654 ἀπαρχῦ

2166 580 2295 653 ipso
2326 581 2525 637 autem
2557 585 2851 652 quatenus
2881 580 3068 636 nostri
3102 579 3465 651 principium
3492 579 3582 633 est
3612 592 3681 632 ex
3726 590 3825 632 se-

398 670 564 743 ἠμῶν
628 667 740 723 ἐστι
798 674 901 737 τῆς
959 664 1212 742 δευτέρας
1267 666 1542 739 πλάσεως,
1601 666 1786 743 ὥσπερ
1844 668 1905 724 ἐκ
1957 672 2061 725 τοῦ

403 754 586 830 ’Λδὰμ
616 754 706 812 διὰ
761 758 861 826 τήν
923 756 1174 832 πρώτην.
1236 781 1257 809 ι
1311 759 1406 813 Ἐκ
1441 764 1541 827 τῆς
1572 760 1770 831 σαρκὸς
1800 759 1991 814 αὐτοῦ.
2029 780 2056 810 ››

397 848 515 916 Τὴν
547 841 939 922 ἡγριϐωμὲνην
993 842 1187 901 ἕνωσιν
1230 845 1322 901 καὶ
1381 846 1600 922 ἀγάπην
1658 845 1847 918 δηλοῖ.
1889 871 1918 901 ι(
1949 846 2056 903 Καὶ

398 934 977 1011 προσκολληθήσεται.
1040 959 1070 987 ιι
1126 933 1265 992 Ἰδοὺ
1350 936 1441 991 καὶ
1526 929 1711 1010 ἕτερον
1779 933 2060 1009 δικαίωμα

400 1025 643 1103 ἀγάπης,
702 1023 787 1079 ὅτι
846 1028 1006 1098 σῶμα
1061 1022 1330 1095 ἀλλήλων
1390 1023 1514 1081 εῗσί.
1569 1026 1706 1082 σΤὸ
1755 1027 2054 1100 μυστήριον

397 1119 561 1172 τοῦτο
628 1112 762 1190 μέγα
818 1112 981 1171 ἐστίν.
1015 1137 1044 1166 ››
1110 1117 1232 1175 Ηώς
1294 1115 1471 1189 μίγα;
1525 1116 1652 1171 ’Ότι
1704 1119 1784 1186 τῷ
1832 1118 2056 1189 Χριστῷ

396 1202 509 1274 ἐξὸν
571 1204 748 1278 μένειν
809 1202 897 1258 ἐπὶ
935 1210 1038 1272 τῆς
1093 1202 1233 1264 ἰδίας
1293 1202 1478 1274 δόξης,
1538 1204 1892 1260 ἐταπείνωσεν
1931 1205 2058 1263 ἑαυ-

358 1296 488 1351 ’τὸν
545 1293 994 1370 ἐνανθρωπήσας,
1048 1291 1139 1350 ’ίνα
1187 1293 1588 1370 προσκολληοᾔ
1627 1299 1697 1370 τῇ
1731 1294 2052 1367 Ἐκκλησίᾳ,

389 1385 481 1441 καὶ
510 1385 761 1463 ἐγίνοντο
792 1383 842 1439 οἱ
874 1380 973 1440 δύο
1004 1382 1082 1446 εἷς
1114 1388 1329 1457 πνεῦμα
1348 1380 1424 1439 ἓν.
1451 1385 1511 1441 Ὀ
1539 1385 1643 1461 γὰρ
1665 1382 2050 1461 κοΑλώμινος,

393 1473 549 1554 φησὶ,
578 1473 659 1544 τῷ
691 1473 901 1546 Κυρίῳ,
933 1465 986 1526 ἕν
1030 1473 1242 1546 πνεῦμά
1295 1471 1428 1531 ἔστι.
1465 1497 1491 1525 ‹‹
1527 1472 1681 1544 Πλὴν
1711 1472 1799 1529 καὶ
1833 1474 1988 1548 ὑμεῖς
2022 1496 2049 1526 υ

394 1563 536 1619 Ὠσεὶ
597 1556 805 1636 ἔλεγεν,
870 1560 994 1640 Οὐχ
1053 1563 1089 1631 ἡ
1148 1561 1400 1639 ἀναγωγὴ
1435 1567 1532 1618 τοῦ
1595 1563 1862 1636 ὀνόματος
1892 1565 2047 1633 καὶὴ

393 1653 737 1728 πνευματική
797 1650 1056 1729 ἰξήγησις
1102 1652 1387 1727 ἀνατρέπει
1446 1654 1508 1711 τὸ
1562 1652 1757 1711 ίδικόν.
1819 1653 2046 1711 Δύναται

390 1747 496 1821 γὰρ
558 1742 650 1799 καὶ
740 1746 1122 1815 πνευματικῶς
1185 1744 1277 1797 καὶ
1354 1739 1546 1805 ἷδικῶς
1636 1743 2044 1818 ἑρμηνεύεσθαι.

389 1860 419 1889 α
452 1837 515 1891 Οἱ
544 1835 664 1892 καθ’
691 1831 805 1891 ἕνα.
842 1857 871 1887 ιι
899 1833 1032 1891 Οἴον
1094 1834 1146 1888 οἱ
1206 1835 1505 1909 ἄνθρωποι.
1536 1835 1618 1891 Τὰ
1647 1834 1750 1909 γὰρ
1780 1838 1877 1889 τοῦ
1906 1835 2045 1891 κατὰ

2173 670 2368 727 cunda
2387 670 2765 738 formatione,
2789 668 3293 742 quemadmodum
3316 684 3389 723 ex
3412 666 3598 725 Adam
3613 680 3819 723 sumus

2171 766 2413 834 propter
2432 761 2708 833 primam.
2735 784 2762 812 «
2786 762 2867 816 Ex
2889 776 3064 815 carne
3087 760 3235 830 ejus.
3264 780 3292 809 »
3336 760 3613 814 Exactam
3643 756 3822 812 unio-

2171 867 2309 906 nem
2336 867 2404 906 ac
2435 850 2819 906 dilectionem
2851 849 3145 921 signiﬁcat
3176 871 3204 899 «
3262 849 3334 903 Et
3388 846 3734 902 adhearebit.
3791 863 3819 897 ιο

2168 942 2314 995 Ecce
2335 945 2394 996 et
2413 940 2661 995 alteram
2692 939 3034 996 dilectionis
3063 937 3610 1005 conﬁrmationem,
3663 934 3826 1007 quod

2167 1029 2423 1085 invicem
2447 1035 2655 1085 mutua
2676 1029 2787 1083 sibi
2812 1028 2933 1083 sint
2956 1027 3213 1100 corpori.
3251 1050 3278 1077 «
3326 1026 3666 1098 Mysterium
3708 1025 3821 1079 hoc

2167 1134 2449 1191 magnum
2472 1124 2619 1174 est.»
2641 1117 2948 1184 Quomodo
2971 1133 3256 1189 magnum
3277 1115 3305 1171 ‘l
3315 1116 3463 1180 Quia
3483 1130 3619 1172 cum
3650 1113 3814 1171 Chri-

2165 1214 2254 1264 sto
2280 1209 2341 1262 in
2364 1208 2605 1280 propria
2625 1207 2809 1280 gloria
2840 1223 3081 1262 manere
3132 1205 3396 1271 licuisse,
3437 1204 3698 1275 seipsum
3729 1219 3819 1258 as-

2165 1293 3461 1369 sumptahumanitatedemisitutadlwereret
3481 1308 3547 1348 ac
3596 1292 3814 1365 adjun-

2161 1386 2986 1459 gereturEcclesim,factique
3022 1390 3161 1440 sunt
3204 1384 3321 1438 duo
3350 1399 3506 1438 unus
3549 1383 3815 1454 spiritus.

2160 1481 2306 1531 Nam
2325 1477 2427 1548 qui
2449 1475 2854 1549 agglutinetur
2876 1475 2995 1529 sive
3035 1474 3302 1529 adhaeret
3352 1473 3626 1541 Domino,
3657 1488 3817 1529 unus

2162 1568 2383 1638 spirtus
2405 1570 2513 1622 est.
2539 1587 2566 1615 α
2591 1566 2944 1636 Quanquam
2968 1569 3024 1619 et
3042 1578 3161 1618 vos.
3217 1584 3247 1612 »
3298 1565 3377 1617 Ac
3426 1563 3528 1620 δι
3588 1563 3637 1617 si
3669 1563 3824 1618 dice-

2160 1662 2289 1711 ret:
2321 1654 2603 1710 Sublimis
2630 1653 3027 1726 intelligentia
3052 1652 3314 1708 nominis
3365 1668 3433 1706 ac
3487 1650 3816 1722 spiritualis

2157 1746 2454 1803 enarratio
2487 1761 2607 1800 non
2638 1750 2909 1800 evertunt
2935 1743 3239 1816 propriam
3272 1758 3285 1797 :
3318 1746 3518 1815 potest
3541 1741 3704 1797 enim
3743 1756 3775 1796 ο

2158 1834 2548 1908 spiritualiter
2564 1839 2624 1889 et
2640 1833 2877 1907 proprie
2898 1832 3210 1890 declarari.
3239 1850 3266 1883 ι
3298 1830 3649 1908 Singulatim
3696 1830 3813 1886 hoc

388 1924 679 2002 ἀναγωγὴν
733 1923 1016 1995 νοήματος
1103 1920 1182 1983 εἷς
1263 1921 1563 1992 κοινότητα
1620 1922 1740 1996 ὁρᾷ,
1796 1922 2035 1979 τουτέστι

433 2014 446 2026 ι
513 2015 571 2026 ιο·-
647 2010 667 2026 κ
765 2010 777 2026 Ι
959 2011 1020 2026 ιο.
1052 2007 1094 2026 Άὶ
1246 2013 1259 2026 ι
1297 2009 1322 2026 ΙΙ
1490 2006 1558 2026 Ω...
1723 2010 1736 2026 \
1807 2008 1832 2026 ν
1867 2009 1893 2026 λ

2153 1903 2423 1998 prastate.
2459 1946 2487 1976 »
2521 1903 3026 1996 Nempe—quisque
3058 1922 3368 1977 hominum
3396 1903 3425 1974 εί
3456 1936 3588 1991 quas
3613 1903 3809 1977 'enim

385 2014 486 2083 τήν
511 2010 863 2083 Ἐκκλησίαν.
897 2036 925 2063 ‹‹
959 2011 1021 2066 Ἦ
1048 2007 1106 2066 δὲ
1132 2013 1267 2087 γυνὴ
1297 2009 1393 2065 τίνα
1415 2006 1654 2089 φοϐῆται
1675 2010 1770 2067 τὸν
1797 2008 1985 2085 ἄνδρα.
2016 2036 2035 2065 ›;

2150 2014 2324 2086 juxta
2344 2029 2647 2086 anagogen
2670 2012 3086 2084 intelliguntur
3104 2011 3179 2066 ad
3200 2010 3626 2066 communitate
3648 2026 3810 2065 mre-

388 2099 517 2160 Οἵδε
581 2101 686 2176 γὰρ
747 2103 783 2171 ἡ
834 2099 1079 2173 ἰσοτιμία
1135 2100 1380 2175 γίνεσθαι
1427 2101 1818 2164 ἀκαταστασίας
1847 2100 2040 2166 ὑπόθες

384 2211 486 2256 σις·
547 2188 638 2246 διὰ
693 2189 857 2247 τοῦτο
919 2190 1046 2263 μίαν
1103 2188 1286 2269 ἀρχὴν
1340 2191 1475 2245 εἶναι
1532 2189 1765 2258 κελεύει,
1814 2191 1913 2260 τὴν
1945 2195 2041 2246 τοῦ

382 2279 601 2357 ἀνδρός.
636 2280 704 2338 Τί
752 2277 964 2352 δήποτε
1017 2277 1077 2335 δὲ
1131 2279 1255 2353 περὶ
1310 2282 1413 2345 τῆς
1468 2279 1683 2353 ἀγάπης
1710 2278 1897 2337 πολλά
1927 2276 2039 2335 δια-

380 2368 625 2446 λεχθεὶς,
657 2369 783 2446 περὶ
830 2367 927 2429 τοῦ
985 2363 1160 2445 φόϐου
1219 2369 1330 2443 οὐχ
1386 2368 1561 2429 οὕτως
1591 2366 1844 2438 ἐποίησεν
1872 2387 1886 2437 ;
1913 2371 2034 2426 Ὅτι

377 2456 812 2536 προηγουμένως
864 2457 963 2525 τὴν
1015 2456 1230 2533 ἀγάπην
1288 2457 1426 2513 εἶναι
1485 2454 1584 2513 δεῖ.
1619 2456 1778 2514 Οὕτω
1809 2456 1912 2534 γὰρ
1941 2459 2030 2514 καὶ

374 2548 404 2601 ὁ
434 2543 603 2625 φόϐος
633 2543 844 2621 ἕψεται.
876 2547 949 2604 Τὸ
1007 2543 1065 2607 δὶ
1123 2541 1408 2620 φοϐεῖσθαι
1440 2546 1577 2616 νόει,
1606 2546 1681 2610 ὡς
1708 2546 1903 2621 πρέπει
1934 2568 2032 2622 γυ·

377 2642 540 2692 ναῖκα
569 2630 876 2713 φοϐεῖσθαι,
913 2635 990 2709 μή
1023 2632 1437 2711 δουλοπρεπῶς.

2156 2103 2439 2175 spiciunt,
2458 2103 2569 2157 hoc
2589 2106 2677 2156 est
2697 2100 3043 2157 Ecclesium.
3073 2123 3100 2151 α
3128 2101 3282 2156 Uxor
3303 2105 3505 2157 autem
3544 2104 3610 2154 ut
3638 2114 3803 2153 reve-

2151 2197 2355 2248 reatur
2374 2193 2588 2247 virum.
2609 2212 2635 2241 ι)
2662 2191 2832 2246 Novit
2854 2191 3016 2246 enim
3038 2190 3442 2261 aequalitatem
3466 2189 3528 2244 in
3578 2188 3807 2244 honore

2151 2283 2279 2338 ﬁeri
2312 2281 2680 2339 confusionis
2711 2296 2780 2336 ac
2810 2279 3122 2336 seditionis
3178 2279 3551 2334 occasionem
3588 2292 3601 2334 :
3662 2294 3801 2350 pro-

2147 2377 2353 2446 pterea
2369 2372 2614 2427 unicum
2626 2370 2800 2442 jubet
2822 2385 2951 2426 esse
2975 2369 3370 2441 principatum
3387 2385 3569 2439 penes
3584 2365 3800 2423 virum.

2145 2461 2541 2527 Quamobrem
2571 2475 2708 2516 vero
2743 2476 2880 2515 cum
2917 2457 3105 2517 multa
3132 2458 3204 2513 de
3236 2457 3556 2513 dilectione
3604 2457 3799 2512 disse-

2143 2552 2383 2619 ruisset,
2414 2566 2538 2605 non
2568 2549 2654 2605 ita
2677 2548 2819 2603 fecit
2848 2547 2919 2602 de
2967 2547 3296 2602 reverentia
3345 2546 3464 2601 sive
3524 2546 3736 2602 timore
3767 2545 3795 2602 ‘l

2143 2639 2435 2704 Quoniam
2466 2638 2847 2694 dilectionem
2877 2636 3256 2709 potissimum
3287 2635 3496 2691 adesse
3541 2639 3796 2707 oportet,

378 2745 517 2785 nam
548 2728 633 2784 ita
659 2733 945 2800 sequetur
972 2732 1032 2782 et
1059 2729 1390 2784 reverentia
1420 2721 1724 2804 φοϐεῖσθαι,
1757 2745 1894 2801 ergo
1926 2728 2208 2802 intelligit
2234 2746 2356 2786 non
2386 2745 2689 2785 servorum
2721 2743 2885 2784 more
2944 2727 3177 2795 timere,
3238 2726 3341 2782 sed
3402 2731 3468 2781 ut
3521 2739 3796 2795 uxorem,

378 2817 550 2875 decet
577 2818 832 2874 revereri
860 2833 927 2872 ac
959 2816 1278 2873 sollicitam
1308 2834 1438 2875 esse
1469 2834 1546 2874 ne
1576 2819 1858 2874 maritum
1889 2818 2172 2874 offendat.

444 2907 520 2960 Τὰ
592 2907 775 2976 τέκνα,
854 2905 1157 2961 ὑπακούετε
1221 2911 1341 2968 τοῖς
1405 2910 1654 2981 γονεῦσιν
1730 2906 1883 2979 ὑμῶν
1980 2905 2034 2961 ἰν

381 2994 587 3070 Κυρίῳ.
628 2998 806 3054 Τοῦτο
853 2993 955 3071 γάρ
1012 2993 1125 3051 ἐστι
1192 2992 1425 3053 δίκαιον.
1481 2994 1624 3068 Τίμα
1680 2994 1775 3051 τὸν
1832 2992 2041 3068 πατέρα

388 3105 485 3140 σου
530 3084 623 3140 καὶ
670 3086 768 3155 τὴν
828 3086 1057 3161 μητέρα,
1098 3085 1133 3155 ἢ
1174 3106 1258 3148 τις
1317 3083 1459 3140 ἰστῖν
1510 3082 1707 3154 ἕντολῆ
1747 3084 1942 3158 πρώτη
1984 3083 2038 3140 ἐν

379 3168 698 3249 ἐπαγγελίᾳ,
757 3172 849 3229 ’ίνα
905 3172 963 3229 εὖ
1018 3193 1103 3229 σοι
1160 3173 1400 3248 γίνηται,
1456 3173 1549 3228 καὶ
1591 3171 1688 3244 ἕσῇ
1716 3173 2038 3248 μακροχρό-

2224 2910 2314 2977 VI,
2348 2908 2470 2965 1-4.
2504 2928 2533 2961 α
2566 2907 2720 2974 Filii,
2748 2907 2983 2962 obedite
3002 2905 3349 2977 parentibus
3372 2905 3584 2960 vestris
3602 2904 3664 2959 in
3686 2906 3798 2960 Do-

2150 3021 2179 3051 u
2211 2998 2402 3054 mino.
2443 2999 2588 3053 Nam
2620 2996 2684 3052 id
2708 2995 2938 3067 justum
2971 3000 3079 3050 est.
3116 2995 3349 3049 Honora
3378 2998 3607 3066 patrem
3632 2998 3799 3049 tuum

2151 3109 2179 3138 ‹‹
2212 3092 2271 3142 et
2299 3092 2590 3143 matrem:
2651 3084 2810 3156 quod
2866 3089 2958 3140 est
2995 3090 3357 3156 prmoeptum
3413 3084 3675 3157 primum
3733 3083 3795 3138 in

2149 3198 2179 3229 α
2211 3174 2630 3247 promissione,
2661 3178 2728 3230 ut
2753 3173 2906 3229 bene
2937 3173 3042 3228 tibi
3074 3173 3172 3237 sit,
3206 3178 3266 3228 et
3320 3172 3436 3228 eris
3497 3173 3799 3245 longmvus

380 3285 504 3353 mo;
572 3263 660 3320 ἐπὶ
734 3271 835 3353 τῆς
879 3271 1040 3353 γῆς.
1079 3263 1219 3353 ,Καὶ
1295 3265 1376 3353 οἱ-
1421 3263 1696 3353 πατέρες,-
1751 3267 1827 3338 μή
1904 3284 2035 3339 παρ-

2152 3286 2180 3317 ‹‹
2220 3266 2282 3321 in
2315 3271 2491 3322 terra.
2523 3266 2726 3320 Patres
2752 3280 2826 3320 ne
2856 3263 2931 3319 ad
2960 3263 3109 3319 iram
3141 3262 3469 3334 provocetis
3499 3268 3558 3316 et
3578 3262 3799 3317 liberos

381 3351 625 3428 οργίζετε
699 3350 767 3409 τὰ
836 3349 993 3408 τέκνα
1070 3351 1248 3424 ὑμῶν,
1325 3348 1452 3408 ἀλλ’
1547 3348 1829 3428 ὶκτρᾶφετε
1899 3350 2035 3409 αὐτὰ

374 3439 428 3496 ἐν
459 3438 681 3513 παιδείᾳ
707 3442 798 3496 καὶ
823 3439 1073 3511 νουθεσίᾳ
1098 3439 1323 3517 Κυρίου.

448 3529 587 3586 Eine
611 3529 736 3603 περὶ
764 3535 864 3599 τῆς
894 3532 1120 3605 πρώτης
1152 3530 1338 3609 ἀρχῆς
1391 3536 1493 3600 τῆς
1550 3530 1690 3587 κατὰ
1713 3531 1806 3586 τὸν
1844 3528 2032 3604 ἄνδρα,

375 3623 468 3674 νῦν
526 3619 650 3696 περὶ
705 3626 806 3690 τῆς
862 3617 1114 3693 δευτέρας
1172 3617 1319 3695 λέγει
1368 3625 1469 3689 τῆς
1513 3620 1650 3676 κατᾶ
1676 3618 1804 3683 τοὺς
1836 3625 2032 3696 γονεῖς.

378 3713 444 3769 Ἦ
478 3713 573 3786 μὶν
613 3713 719 3788 γάρ
769 3714 909 3789 γυνή
969 3718 1049 3786 τῷ
1117 3711 1290 3788 ἂνδρὶ,
1355 3715 1424 3769 τά
1489 3711 1548 3770 δὶ
1610 3715 1770 3772 τέκνα
1817 3716 1909 3770 καὶ
1936 3737 2036 3792 γυ-

374 3805 518 3858 ναικὶ
568 3803 871 3861 ὑπόκειται.
923 3826 951 3855 ‹‹
984 3803 1071 3860 Ἑν
1120 3802 1324 3879 Κυρίῳ.
1356 3826 1386 3856 ιδ
1431 3801 1718 3872 Τουτέστι,
1745 3805 1883 3861 κατὰ
1931 3805 2033 3863 Κύ-

375 3893 600 3968 ριον,ἐν
632 3894 717 3957 οἱς
753 3894 829 3967 μὴ
894 3891 1197 3967 βλάπτεται
1253 3896 1289 3962 ἡ
1350 3889 1615 3953 εὐσέϐεια.
1669 3894 1733 3951 Τί
1787 3895 1888 3971 γὰρ
1948 3895 2032 3950 ὅτι

372 3990 680 4059 προστῆσαι
760 3980 1018 4058 βούλεται
1094 3982 1123 4036 ὁ
1200 3984 1381 4057 πατήρ
1459 3983 1764 4060 θυγατέρα;
1841 3984 1877 4055 ἤ
1944 3986 2033 4041 αἱ·-

373 4073 551 4148 σχράν
586 4069 795 4145 διδάξαι
822 4072 1026 4151 τέχνην
1057 4072 1151 4127 τὸν
1212 4072 1328 4126 υἱόν
1355 4092 1370 4142 ς
1428 4072 1463 4143 ἢ
1521 4074 1658 4147 πρὸς
1691 4072 2029 4146 ἒλληνιτμὸν

370 4162 637 4238 ἀγαγεῖνς
696 4162 778 4221 Τά
834 4161 939 4236 γάρ
986 4164 1213 4217 τοιαῦτα
1252 4161 1352 4217 οὐκ
1380 4160 1434 4217 ὲν
1465 4162 1646 4238 Κυρίῳ
1679 4161 1838 4220 ἐστίν.
1873 4188 1902 4217 ι(
1928 4165 2033 4222 Ἦ-

368 4271 455 4312 τις
503 4250 649 4307 ἰστῖν
701 4247 900 4319 ἐντολή
960 4251 1180 4324 πρώτη.
1215 4274 1243 4303 ››
1294 4249 1488 4309 Καίτοι
1546 4252 1646 4307 οὐκ
1700 4246 1843 4308 ἔστιν
1891 4253 2031 4325 αὕτη

372 4339 593 4415 πρώτη.
624 4340 782 4396 Ἐστι
812 4339 920 4415 γάρ
950 4339 1170 4412 πρώτη,
1220 4339 1296 4397 Οὐ
1351 4341 1652 4414 φονεύσεις,
1685 4343 1766 4399 Οὐ
1802 4345 2033 4418 μοιχεύ-

370 4450 500 4493 σεις.
558 4426 715 4486 Ἀλλ’
773 4427 873 4504 ὅρα
928 4427 982 4482 τί
1035 4427 1437 4501 προστέθεικεν,
1506 4451 1528 4479 ι
1563 4431 1652 4489 Ἐν
1680 4430 1966 4506 ἆπγγελίᾳ.
2004 4458 2031 4486 )›

358 4518 612 4577 "Enim:
661 4522 762 4593 γάρ
837 4518 890 4573 αἱ
944 4521 1180 4590 ,πρῶται
1230 4516 1331 4574 οὐκ
1385 4512 1608 4593 ἔχουσιν
1662 4518 2025 4595 ἐπαγγελίας.

368 4609 770 4684 Λναχωρήσεις
818 4605 921 4683 γάρ
972 4606 1076 4661 εἶσι
1122 4611 1329 4676 κακῶν,
1379 4607 1484 4663 οὐκ
1531 4608 1736 4682 ἀγαιθοῦ
1784 4609 2021 4685 ἰργασία.

372 4698 517 4769 Αὕτη
548 4700 825 4772 τοιγαρῦν,
857 4695 995 4751 κατὰ
1039 4695 1134 4751 τὸν
1182 4697 1283 4765 τῆς
1335 4694 1664 4772 ἐπαγγελίας
1690 4694 1874 4774 λόγον,
1909 4697 2018 4754 ἐστὶ

367 4788 585 4861 πρώτη.
636 4787 873 4862 Ἀγαθοῦ
929 4785 1032 4861 γάρ
1091 4786 1233 4841 ἔστιν
1284 4784 1527 4863 ἰργασία.
1592 4808 1614 4838 ι
1661 4788 1758 4843 Καὶ
1791 4785 1885 4863 ἔσῃ
1916 4809 2020 4861 μα-

363 4874 693 4953 κροχρόνιος
752 4873 841 4930 ἐπὶ
897 4876 997 4942 τῆς
1054 4880 1177 4948 γῆς.
1230 4897 1259 4927 ››
1324 4877 1466 4951 Ὅρα
1524 4876 1733 4951 σοφίαν.
1797 4874 2019 4948 Ἐπειδή

366 4966 503 5039 πρὸς
556 4963 791 5036 νηπίους
848 4964 876 5017 ὁ
936 4962 1107 5038 λόγος
1166 4962 1335 5037 αὐτῷ,
1393 4965 1554 5040 (πρὸς
1609 4964 1712 5041 γάρ
1766 4966 1834 5022 τὰ
1863 4966 2023 5022 τέκνα

366 5053 576 5129 λαλεῖ,)
607 5054 778 5124 αὐτὴν
819 5054 919 5122 τὴν
975 5049 1232 5126 κιιμένην
1289 5050 1532 5128 ἀμοιϐὴν
1566 5055 1775 5130 εἳρηκε,
1803 5056 1892 5114 καὶ
1927 5056 2023 5114 οὖ-

368 5144 455 5205 δὶν
492 5143 725 5220 ὑψηλὸν,
758 5144 824 5200 οὐ
868 5143 994 5217 περὶ
1044 5140 1325 5218 βασιλείας
1379 5145 1641 5218 οὐρανῶν,
1675 5148 1740 5203 οὐ
1771 5147 1895 5222 περὶ
1927 5169 2023 5222 μι-

372 5236 590 5308 μήσεως
624 5236 885 5308 Χριστοῦ,
942 5229 1075 5307 ὅπερ
1131 5229 1219 5289 ἐπὶ
1276 5236 1374 5288 τοῦ
1430 5231 1625 5309 ἀνδρὸς
1680 5237 1900 5306 καὶτῆς
1924 5258 2020 5311 γυ·

364 5325 550 5388 ναικὸς
583 5322 857 5393 ἂποίησεν.
905 5322 974 5378 Τί
1025 5320 1130 5396 γὰρ
1180 5318 1443 5397 ἡδύτερον
1494 5325 1647 5381 παισὶ
1677 5332 1779 5394 τῆς
1813 5346 2023 5402 μακρο..

364 5413 631 5495 χρονίας;
664 5412 764 5467 Καὶ
794 5412 896 5487 γάρ
927 5411 1018 5467 καὶ
1064 5415 1184 5475 τοῖς
1232 5410 1543 5480 Ἰουδαίοις,
1574 5414 1649 5477 ὡς
1677 5416 1895 5486 νηπίοις
1929 5419 2020 5479 τὰς

357 5503 554 5583 φρένας
607 5505 778 5557 ταῦτα
834 5500 1230 5572 ἐνομοθετήθη.
1290 5501 1369 5561 Οὖ
1423 5502 1526 5577 γάρ
1574 5502 1771 5582 ’ἰσχυον
1802 5506 2023 5562 τελείων

353 5592 594 5649 ἀκούειν.
637 5613 666 5643 ι(
726 5589 796 5649 Οἱ
869 5588 1100 5663 πατιρες
1154 5590 1232 5662 μή
1291 5590 1653 5667 παροργίζετε
1723 5593 1792 5649 τὰ
1864 5592 2024 5651 τέκνα

361 5682 535 5755 ὑμῶν.
556 5704 577 5731 ι
606 5679 725 5735 Οὐκ
746 5677 916 5733 εἶπεν.
945 5677 1239 5752 ’Δγαπᾶτε.
1265 5682 1439 5734 Τοῦτο
1460 5682 1561 5757 γάρ
1584 5680 1782 5745 αὐτοὺς
1802 5685 1836 5753 ἠ
1862 5683 2020 5763 φύσις

431 5797 480 5834 ³⁸
509 5794 691 5853 Exod.
724 5811 817 5862 xx,
856 5795 1055 5869 13,14.

2152 3377 2177 3409 ι
2224 3359 2470 3419 vestros,
2503 3354 2609 3409 sed
2641 3354 2888 3410 educate
2918 3369 3019 3410 eos
3053 3353 3115 3408 in
3149 3351 3484 3408 eruditione
3516 3352 3801 3409 etadmo—

2144 3467 2173 3496 ‹‹
2211 3446 2440 3502 nitione
2472 3445 2731 3499 Domini.
2768 3466 2795 3495 ››

2216 3537 2295 3591 De
2329 3535 2521 3607 primo
2553 3535 2703 3590 dixit
2732 3534 3070 3606 principatu
3100 3534 3201 3605 qui
3234 3538 3324 3588 est
3354 3549 3538 3606 penes
3583 3532 3794 3599 virum,

2142 3641 2303 3681 nunc
2325 3624 2397 3679 de
2420 3622 2681 3680 secundo
2705 3622 2849 3678 dicit
2871 3623 2972 3694 qui
3026 3627 3116 3679 est
3156 3638 3340 3694 penes
3382 3628 3680 3693 parentes.
3715 3622 3799 3677 Si—

2145 3716 2385 3788 quidem
2405 3732 2554 3771 uxor
2575 3716 2722 3780 viro,
2746 3715 2855 3770 ﬁlii
2881 3730 3018 3770 vero
3041 3714 3219 3769 etiam
3244 3714 3412 3768 uxori
3435 3712 3792 3769 subduntur.

2144 3827 2171 3858 ι
2207 3808 2271 3862 In
2306 3806 2579 3861 Domino.
2640 3827 2669 3854 »
2727 3805 2844 3859 Hoc
2902 3809 2993 3858 est
3049 3802 3377 3859 secundum
3425 3802 3792 3859 Dominum:

2143 3911 2359 3965 nempe
2390 3894 2451 3949 in
2482 3893 2575 3949 his
2605 3894 2667 3948 in
2698 3892 2913 3964 quibus
2944 3892 3095 3947 nihil
3140 3890 3487 3947 nocumenti
3549 3891 3798 3962 suscipit

2142 3990 2352 4061 pietas.
2387 3986 2537 4053 Quid
2565 3987 2726 4042 enim
2760 3986 2807 4041 si
2841 3986 3029 4042 ﬁliam
3059 3986 3417 4057 prostituere
3436 3984 3798 4057 velitpater?

2133 4083 2244 4133 aut
2266 4078 2454 4133 ﬁlium
2475 4082 2648 4147 turpe
2669 4076 2883 4131 decere
2911 4075 3271 4131 artiﬁcium?
3300 4080 3400 4129 aut
3449 4073 3524 4129 ad
3552 4075 3797 4148 pagani-

2144 4183 2336 4223 smum
2353 4165 2602 4222 ducere?
2616 4164 2968 4236 Hujusmodi
2986 4180 3128 4220 sane
3149 4180 3265 4220 non
3290 4170 3428 4219 sunt
3448 4163 3508 4219 in
3525 4163 3797 4220 Domino.

2145 4279 2172 4308 ‹‹
2205 4256 2372 4322 Quod
2399 4262 2491 4311 est
2514 4259 2875 4327 prwceptum
2908 4254 3188 4325 primum.
3225 4275 3253 4303 »
3286 4253 3463 4325 Atqui
3523 4269 3644 4308 non
3703 4258 3798 4309 est

2143 4346 2255 4402 hoc
2278 4345 2560 4417 primum.
2583 4345 2724 4400 Nam
2749 4344 2912 4414 prius
2962 4349 3133 4398 sunt:
3173 4345 3300 4398 Non
3346 4342 3580 4398 occides
3614 4359 3627 4397 :
3663 4345 3789 4399 Non

2144 4435 2481 4492 committes
2512 4433 2873 4489 adulterium
2890 4434 2956 4487 ³³.
2979 4433 3089 4488 Sed
3106 4432 3241 4488 vide
3284 4432 3426 4504 quid
3471 4428 3789 4503 addiderit,

2144 4546 2175 4576 ‹‹
2208 4525 2275 4579 In
2305 4523 2724 4594 promissione.
2760 4544 2789 4572 ››
2816 4522 3023 4578 Priora
3051 4522 3349 4593 siquidem
3380 4520 3484 4577 illa
3513 4538 3634 4577 non
3690 4522 3795 4577 ba-

2143 4613 2288 4667 bent
2308 4611 2738 4683 promissiones
2763 4628 2776 4665 :
2800 4627 2939 4666 nam
2962 4611 3368 4682 separationes
3392 4618 3531 4666 sunt
3560 4628 3595 4665 a
3616 4610 3792 4666 malis

2134 4699 3147 4771 nonoperationesb0ni.Hocigitur
3167 4700 3427 4770 primum
3467 4705 3556 4754 est
3578 4700 3638 4754 in
3672 4716 3792 4755 ser-

2131 4805 2309 4845 mone
2337 4787 2917 4860 promissionis,nam
2940 4794 3029 4842 est
3051 4788 3314 4859 Operatio
3338 4786 3501 4842 boni.
3528 4810 3556 4839 «
3580 4790 3649 4846 Et
3672 4789 3791 4845 eris

2132 4878 2430 4950 longaevus
2453 4877 2516 4932 in
2534 4882 2710 4933 terra.
2746 4897 2775 4926 ››
2809 4875 2951 4932 Vide
2984 4876 3358 4948 sapientiam.
3388 4877 3680 4942 Quoniam
3711 4878 3787 4933 ad

2131 4966 2389 5023 infantes
2402 4966 2877 5038 loquimur(nam
2894 4965 2967 5020 ad
2982 4965 3137 5021 ﬁlios
3151 4966 3203 5020 ei
3218 4982 3411 5021 sermo
3426 4969 3573 5029 erat)
3595 4966 3788 5039 ipsam

2131 5055 2855 5129 positumretributionem
2878 5055 3183 5127 adjunxit:
3209 5060 3269 5110 et
3314 5054 3467 5110 nihil
3508 5056 3788 5129 sublime,

2132 5164 2255 5202 non
2285 5146 2357 5203 de
2381 5163 2563 5219 regno
2585 5145 2895 5211 oculorum,
2930 5161 3056 5201 non
3085 5145 3157 5201 de
3189 5145 3527 5201 imitatione
3572 5145 3788 5202 Christi

2132 5236 2372 5308 quodin
2398 5236 2520 5291 viro
2543 5241 2603 5290 et
2626 5252 2810 5291 uxore
2841 5234 3017 5301 fecit;
3061 5234 3206 5306 quid
3252 5236 3413 5291 enim
3463 5237 3666 5309 pueris
3688 5237 3794 5308 ju-

2133 5326 2387 5382 cundius
2403 5325 2773 5398 longmvitate
2796 5325 2981 5380 ‘lNam
3001 5324 3222 5380 Judzeis
3244 5341 3484 5397 quoque
3503 5330 3790 5397 tanquam

2134 5417 2462 5473 infantibus
2493 5417 2588 5474 55
2626 5416 2754 5471 haec
2784 5416 3018 5471 sancita
3063 5421 3204 5471 sunt
3235 5432 3249 5470 :
3310 5416 3576 5488 perfecta
3624 5416 3785 5471 enim

2134 5507 2339 5563 audire
2362 5524 2485 5562 non
2510 5511 2807 5579 poterant.
2844 5525 2867 5555 ι
2894 5508 3199 5573 Patres,ne
3222 5504 3295 5562 ad
3319 5507 3467 5561 iram
3497 5520 3781 5577 provoce-

2133 5597 2209 5652 tis
2240 5596 2446 5652 libros.
2481 5617 2510 5647 »
2541 5597 2669 5652 Non
2695 5595 2839 5651 dicit
2871 5612 2884 5651 :
2917 5596 3190 5667 Diligite:
3225 5612 3364 5652 nam
3397 5594 3455 5649 id
3504 5594 3577 5650 ab
3636 5594 3785 5665 ipsis

2133 5689 2313 5745 etiam
2347 5689 2545 5743 invitis
2569 5694 2783 5745 natura
2814 5689 3081 5761 exposcit
3116 5706 3128 5746 :
3186 5688 3310 5757 sed,
3370 5688 3449 5742 Ne
3508 5687 3583 5745 ad
3631 5687 3781 5745 iram
