  <div class='ocr_page' id='page_1' title='image "/cluster/home/n/w/nwhite01/storage/ocr_20150623/118:no.1/coo.31924054870229/643.png"; bbox 0 0 4108 6462; ppageno 0'>
   <div class='ocr_carea' id='block_1_1' title="bbox 298 424 455 484">
    <p class='ocr_par' dir='ltr' id='par_1_1' title="bbox 298 424 455 484">
     <span class='ocr_line' id='line_1_1' title="bbox 298 424 455 484; baseline -0.032 0"><span class='ocrx_word' id='word_1_1' title='bbox 298 424 455 484; x_wconf 70' lang='grc'>124⁸1</span> 
     </span>
    </p>
   </div>
   <div class='ocr_carea' id='block_1_2' title="bbox 1415 421 2585 486">
    <p class='ocr_par' dir='ltr' id='par_1_2' title="bbox 1415 421 2585 486">
     <span class='ocr_line' id='line_1_2' title="bbox 1415 421 2585 486; baseline 0.001 -3"><span class='ocrx_word' id='word_1_2' title='bbox 1415 421 1842 483; x_wconf 69' lang='lat' dir='ltr'>CECUMENEI</span> <span class='ocrx_word' id='word_1_3' title='bbox 1885 421 2188 482; x_wconf 68' lang='grc' dir='ltr'>ΤΒΙΟΟλΕ</span> <span class='ocrx_word' id='word_1_4' title='bbox 2229 423 2585 486; x_wconf 85' lang='lat' dir='ltr'>EPISCOPI</span> 
     </span>
    </p>
   </div>
   <div class='ocr_carea' id='block_1_3' title="bbox 3559 421 3720 482">
    <p class='ocr_par' dir='ltr' id='par_1_3' title="bbox 3559 421 3720 482">
     <span class='ocr_line' id='line_1_3' title="bbox 3559 421 3720 482; baseline -0.019 0"><span class='ocrx_word' id='word_1_5' title='bbox 3559 421 3720 482; x_wconf 71' lang='grc'>1248</span> 
     </span>
    </p>
   </div>
   <div class='ocr_carea' id='block_1_4' title="bbox 301 553 1992 632">
    <p class='ocr_par' dir='ltr' id='par_1_4' title="bbox 301 556 1992 632">
     <span class='ocr_line' id='line_1_4' title="bbox 301 556 1992 632; baseline -0.002 -18"><span class='ocrx_word' id='word_1_6' title='bbox 301 558 664 632; x_wconf 87' lang='lat' dir='ltr'>provocetis:</span> <span class='ocrx_word' id='word_1_7' title='bbox 702 559 813 615; x_wconf 89' lang='lat' dir='ltr'>hoc</span> <span class='ocrx_word' id='word_1_8' title='bbox 839 563 948 625; x_wconf 84' lang='lat' dir='ltr'>est,</span> <span class='ocrx_word' id='word_1_9' title='bbox 982 561 1060 614; x_wconf 85' lang='lat' dir='ltr'>Ne</span> <span class='ocrx_word' id='word_1_10' title='bbox 1091 558 1452 615; x_wconf 69' lang='lat' dir='ltr'>haeredidate</span> <span class='ocrx_word' id='word_1_11' title='bbox 1483 557 1824 630; x_wconf 87' lang='lat' dir='ltr'>privetis,ne</span> <span class='ocrx_word' id='word_1_12' title='bbox 1846 556 1948 612; x_wconf 84' lang='lat' dir='ltr'>ab-</span> <span class='ocrx_word' id='word_1_13' title='bbox 1981 597 1992 624; x_wconf 50' lang='grc' dir='ltr'><em>λ</em></span> 
     </span>
    </p>
   </div>
   <div class='ocr_carea' id='block_1_5' title="bbox 2108 553 3719 632">
    <p class='ocr_par' dir='ltr' id='par_1_5' title="bbox 2108 553 3719 632">
     <span class='ocr_line' id='line_1_5' title="bbox 2108 553 3719 632; baseline 0.001 -22"><span class='ocrx_word' id='word_1_14' title='bbox 2108 555 2152 610; x_wconf 79' lang='grc' dir='ltr'>αὶ</span> <span class='ocrx_word' id='word_1_15' title='bbox 2187 553 2415 620; x_wconf 80' lang='grc' dir='ltr'>ἄκοντας</span> <span class='ocrx_word' id='word_1_16' title='bbox 2445 558 2685 625; x_wconf 79' lang='grc' dir='ltr'>ἀπαιτεῖ,</span> <span class='ocrx_word' id='word_1_17' title='bbox 2744 556 2910 628; x_wconf 70' lang='grc' dir='ltr'>ἀλλὰ,</span> <span class='ocrx_word' id='word_1_18' title='bbox 2970 559 3056 627; x_wconf 75' lang='grc' dir='ltr'>Μὴ</span> <span class='ocrx_word' id='word_1_19' title='bbox 3121 557 3501 632; x_wconf 78' lang='grc' dir='ltr'>παροργίζετε.</span> <span class='ocrx_word' id='word_1_20' title='bbox 3547 561 3719 611; x_wconf 86' lang='grc' dir='ltr'>Τουτ-</span> 
     </span>
    </p>
   </div>
   <div class='ocr_carea' id='block_1_6' title="bbox 304 647 1950 720">
    <p class='ocr_par' dir='ltr' id='par_1_6' title="bbox 304 647 1950 720">
     <span class='ocr_line' id='line_1_6' title="bbox 304 647 1950 720; baseline -0.002 -15"><span class='ocrx_word' id='word_1_21' title='bbox 304 649 537 713; x_wconf 91' lang='lat' dir='ltr'>dicetis,</span> <span class='ocrx_word' id='word_1_22' title='bbox 569 664 644 703; x_wconf 89' lang='lat' dir='ltr'>ne</span> <span class='ocrx_word' id='word_1_23' title='bbox 673 648 871 720; x_wconf 80' lang='lat' dir='ltr'>gravia</span> <span class='ocrx_word' id='word_1_24' title='bbox 902 652 959 703; x_wconf 90' lang='lat' dir='ltr'>et</span> <span class='ocrx_word' id='word_1_25' title='bbox 989 665 1119 719; x_wconf 81' lang='lat' dir='ltr'>quae</span> <span class='ocrx_word' id='word_1_26' title='bbox 1154 665 1351 704; x_wconf 87' lang='lat' dir='ltr'>servos</span> <span class='ocrx_word' id='word_1_27' title='bbox 1383 648 1597 704; x_wconf 89' lang='lat' dir='ltr'>decent</span> <span class='ocrx_word' id='word_1_28' title='bbox 1642 647 1950 719; x_wconf 78' lang='lat' dir='ltr'>praecipia-</span> 
     </span>
    </p>
   </div>
   <div class='ocr_carea' id='block_1_7' title="bbox 304 738 1952 810">
    <p class='ocr_par' dir='ltr' id='par_1_7' title="bbox 304 738 1952 810">
     <span class='ocr_line' id='line_1_7' title="bbox 304 738 1952 810; baseline -0.001 -17"><span class='ocrx_word' id='word_1_29' title='bbox 304 739 403 804; x_wconf 84' lang='lat' dir='ltr'>tis,</span> <span class='ocrx_word' id='word_1_30' title='bbox 437 742 539 792; x_wconf 89' lang='lat' dir='ltr'>aut</span> <span class='ocrx_word' id='word_1_31' title='bbox 568 753 805 809; x_wconf 87' lang='lat' dir='ltr'>semper</span> <span class='ocrx_word' id='word_1_32' title='bbox 834 752 971 809; x_wconf 87' lang='lat' dir='ltr'>erga</span> <span class='ocrx_word' id='word_1_33' title='bbox 1002 738 1163 808; x_wconf 90' lang='lat' dir='ltr'>ipsos</span> <span class='ocrx_word' id='word_1_34' title='bbox 1194 738 1607 810; x_wconf 81' lang='lat' dir='ltr'>indignemini.</span> <span class='ocrx_word' id='word_1_35' title='bbox 1645 759 1673 789; x_wconf 84' lang='lat'>»</span> <span class='ocrx_word' id='word_1_36' title='bbox 1705 738 1771 791; x_wconf 86' lang='lat' dir='ltr'>In</span> <span class='ocrx_word' id='word_1_37' title='bbox 1820 753 1952 791; x_wconf 85' lang='lat' dir='ltr'>eru-</span> 
     </span>
    </p>
   </div>
   <div class='ocr_carea' id='block_1_8' title="bbox 305 825 1954 882">
    <p class='ocr_par' dir='ltr' id='par_1_8' title="bbox 305 825 1954 882">
     <span class='ocr_line' id='line_1_8' title="bbox 305 825 1954 882; baseline -0.001 -1"><span class='ocrx_word' id='word_1_38' title='bbox 305 826 529 881; x_wconf 90' lang='lat' dir='ltr'>ditione</span> <span class='ocrx_word' id='word_1_39' title='bbox 562 826 1035 881; x_wconf 86' lang='lat' dir='ltr'>etadmonitione</span> <span class='ocrx_word' id='word_1_40' title='bbox 1058 827 1315 882; x_wconf 87' lang='lat' dir='ltr'>Domini.</span> <span class='ocrx_word' id='word_1_41' title='bbox 1340 828 1498 882; x_wconf 75' lang='lat' dir='ltr'>uHOC</span> <span class='ocrx_word' id='word_1_42' title='bbox 1523 825 1954 881; x_wconf 78' lang='lat' dir='ltr'>exhortationis</span> 
     </span>
    </p>
   </div>
   <div class='ocr_carea' id='block_1_9' title="bbox 309 915 1954 988">
    <p class='ocr_par' dir='ltr' id='par_1_9' title="bbox 309 915 1954 988">
     <span class='ocr_line' id='line_1_9' title="bbox 309 915 1954 988; baseline -0.001 -16"><span class='ocrx_word' id='word_1_43' title='bbox 309 922 397 972; x_wconf 89' lang='lat' dir='ltr'>est</span> <span class='ocrx_word' id='word_1_44' title='bbox 429 922 626 987; x_wconf 89' lang='lat' dir='ltr'>caput.</span> <span class='ocrx_word' id='word_1_45' title='bbox 662 915 808 970; x_wconf 91' lang='lat' dir='ltr'>Cum</span> <span class='ocrx_word' id='word_1_46' title='bbox 841 917 998 971; x_wconf 92' lang='lat' dir='ltr'>enim</span> <span class='ocrx_word' id='word_1_47' title='bbox 1023 916 1359 988; x_wconf 88' lang='lat' dir='ltr'>spiritualia</span> <span class='ocrx_word' id='word_1_48' title='bbox 1389 916 1954 985; x_wconf 86' lang='lat' dir='ltr'>adhibentur,etiam</span> 
     </span>
    </p>
   </div>
   <div class='ocr_carea' id='block_1_10' title="bbox 308 1004 1957 1077">
    <p class='ocr_par' dir='ltr' id='par_1_10' title="bbox 308 1004 1957 1077">
     <span class='ocr_line' id='line_1_10' title="bbox 308 1004 1957 1077; baseline -0.001 -16"><span class='ocrx_word' id='word_1_49' title='bbox 308 1006 574 1061; x_wconf 81' lang='lat' dir='ltr'>carnalia</span> <span class='ocrx_word' id='word_1_50' title='bbox 604 1011 951 1076; x_wconf 78' lang='lat' dir='ltr'>sequentur.</span> <span class='ocrx_word' id='word_1_51' title='bbox 986 1007 1129 1061; x_wconf 81' lang='lat' dir='ltr'>Nam</span> <span class='ocrx_word' id='word_1_52' title='bbox 1178 1006 1290 1061; x_wconf 90' lang='lat' dir='ltr'>hoc</span> <span class='ocrx_word' id='word_1_53' title='bbox 1347 1006 1720 1077; x_wconf 88' lang='lat' dir='ltr'>potissimum</span> <span class='ocrx_word' id='word_1_54' title='bbox 1775 1004 1957 1060; x_wconf 82' lang='lat' dir='ltr'>efﬁcit</span> 
     </span>
    </p>
   </div>
   <div class='ocr_carea' id='block_1_11' title="bbox 309 1093 871 1166">
    <p class='ocr_par' dir='ltr' id='par_1_11' title="bbox 309 1093 871 1166">
     <span class='ocr_line' id='line_1_11' title="bbox 309 1093 871 1166; baseline 0.004 -17"><span class='ocrx_word' id='word_1_55' title='bbox 309 1096 470 1166; x_wconf 85' lang='lat' dir='ltr'>ipsos</span> <span class='ocrx_word' id='word_1_56' title='bbox 502 1093 871 1151; x_wconf 88' lang='lat' dir='ltr'>obedientes.</span> 
     </span>
    </p>
   </div>
   <div class='ocr_carea' id='block_1_12' title="bbox 382 1275 1961 1348">
    <p class='ocr_par' dir='ltr' id='par_1_12' title="bbox 382 1275 1961 1348">
     <span class='ocr_line' id='line_1_12' title="bbox 382 1275 1961 1348; baseline 0.001 -17"><span class='ocrx_word' id='word_1_57' title='bbox 382 1278 469 1343; x_wconf 88' lang='lat' dir='ltr'>VI,</span> <span class='ocrx_word' id='word_1_58' title='bbox 506 1280 622 1331; x_wconf 73' lang='lat'>5-8.</span> <span class='ocrx_word' id='word_1_59' title='bbox 658 1275 837 1344; x_wconf 82' lang='lat' dir='ltr'>Servi,</span> <span class='ocrx_word' id='word_1_60' title='bbox 870 1277 1083 1331; x_wconf 79' lang='lat' dir='ltr'>obedile</span> <span class='ocrx_word' id='word_1_61' title='bbox 1114 1277 1199 1333; x_wconf 89' lang='lat' dir='ltr'>his</span> <span class='ocrx_word' id='word_1_62' title='bbox 1225 1280 1321 1348; x_wconf 84' lang='lat' dir='ltr'>qui</span> <span class='ocrx_word' id='word_1_63' title='bbox 1352 1278 1566 1333; x_wconf 85' lang='lat' dir='ltr'>domini</span> <span class='ocrx_word' id='word_1_64' title='bbox 1613 1285 1740 1333; x_wconf 88' lang='lat' dir='ltr'>sunt</span> <span class='ocrx_word' id='word_1_65' title='bbox 1784 1280 1961 1348; x_wconf 72' lang='lat' dir='ltr'>juxta</span> 
     </span>
    </p>
   </div>
   <div class='ocr_carea' id='block_1_13' title="bbox 315 1367 1962 1438">
    <p class='ocr_par' dir='ltr' id='par_1_13' title="bbox 315 1367 1962 1438">
     <span class='ocr_line' id='line_1_13' title="bbox 315 1367 1962 1438; baseline 0.001 -16"><span class='ocrx_word' id='word_1_66' title='bbox 315 1383 558 1431; x_wconf 82' lang='lat' dir='ltr'>carnem,</span> <span class='ocrx_word' id='word_1_67' title='bbox 589 1384 711 1422; x_wconf 88' lang='lat' dir='ltr'>cum</span> <span class='ocrx_word' id='word_1_68' title='bbox 743 1369 936 1421; x_wconf 80' lang='lat' dir='ltr'>timore</span> <span class='ocrx_word' id='word_1_69' title='bbox 965 1382 1028 1421; x_wconf 83' lang='lat' dir='ltr'>ac</span> <span class='ocrx_word' id='word_1_70' title='bbox 1059 1368 1373 1434; x_wconf 81' lang='lat' dir='ltr'>tremore,in</span> <span class='ocrx_word' id='word_1_71' title='bbox 1402 1367 1759 1438; x_wconf 79' lang='lat' dir='ltr'>simplicitate</span> <span class='ocrx_word' id='word_1_72' title='bbox 1779 1368 1962 1423; x_wconf 88' lang='lat' dir='ltr'>cordis</span> 
     </span>
    </p>
   </div>
   <div class='ocr_carea' id='block_1_14' title="bbox 316 1455 1963 1525">
    <p class='ocr_par' dir='ltr' id='par_1_14' title="bbox 316 1455 1963 1525">
     <span class='ocr_line' id='line_1_14' title="bbox 316 1455 1963 1525; baseline 0.001 -15"><span class='ocrx_word' id='word_1_73' title='bbox 316 1455 502 1517; x_wconf 77' lang='lat' dir='ltr'>vestri.</span> <span class='ocrx_word' id='word_1_74' title='bbox 536 1463 598 1511; x_wconf 88' lang='lat' dir='ltr'>ut</span> <span class='ocrx_word' id='word_1_75' title='bbox 631 1455 871 1523; x_wconf 80' lang='lat' dir='ltr'>Christo,</span> <span class='ocrx_word' id='word_1_76' title='bbox 901 1472 1011 1510; x_wconf 89' lang='lat' dir='ltr'>non</span> <span class='ocrx_word' id='word_1_77' title='bbox 1042 1458 1117 1510; x_wconf 85' lang='lat' dir='ltr'>ad</span> <span class='ocrx_word' id='word_1_78' title='bbox 1168 1457 1386 1511; x_wconf 85' lang='lat' dir='ltr'>oculum</span> <span class='ocrx_word' id='word_1_79' title='bbox 1444 1460 1759 1525; x_wconf 83' lang='lat' dir='ltr'>servientes,</span> <span class='ocrx_word' id='word_1_80' title='bbox 1817 1457 1963 1512; x_wconf 88' lang='lat' dir='ltr'>velut</span> 
     </span>
    </p>
   </div>
   <div class='ocr_carea' id='block_1_15' title="bbox 319 1545 1964 1619">
    <p class='ocr_par' dir='ltr' id='par_1_15' title="bbox 319 1545 1964 1619">
     <span class='ocr_line' id='line_1_15' title="bbox 319 1545 1964 1619; baseline 0.002 -21"><span class='ocrx_word' id='word_1_81' title='bbox 319 1546 629 1601; x_wconf 86' lang='lat' dir='ltr'>hominibus</span> <span class='ocrx_word' id='word_1_82' title='bbox 675 1545 896 1616; x_wconf 78' lang='lat' dir='ltr'>placere</span> <span class='ocrx_word' id='word_1_83' title='bbox 951 1546 1274 1602; x_wconf 80' lang='lat' dir='ltr'>studentes:</span> <span class='ocrx_word' id='word_1_84' title='bbox 1333 1549 1428 1603; x_wconf 86' lang='lat' dir='ltr'>sed</span> <span class='ocrx_word' id='word_1_85' title='bbox 1485 1556 1746 1619; x_wconf 88' lang='lat' dir='ltr'>tanquam</span> <span class='ocrx_word' id='word_1_86' title='bbox 1822 1549 1964 1602; x_wconf 80' lang='lat' dir='ltr'>servi</span> 
     </span>
    </p>
   </div>
   <div class='ocr_carea' id='block_1_16' title="bbox 318 1634 1964 1706">
    <p class='ocr_par' dir='ltr' id='par_1_16' title="bbox 318 1634 1964 1706">
     <span class='ocr_line' id='line_1_16' title="bbox 318 1634 1964 1706; baseline -0.001 -14"><span class='ocrx_word' id='word_1_87' title='bbox 318 1634 545 1701; x_wconf 82' lang='lat' dir='ltr'>Christi,</span> <span class='ocrx_word' id='word_1_88' title='bbox 577 1637 842 1704; x_wconf 77' lang='lat' dir='ltr'>facientes</span> <span class='ocrx_word' id='word_1_89' title='bbox 871 1651 1000 1706; x_wconf 67' lang='lat' dir='ltr'>quae</span> <span class='ocrx_word' id='word_1_90' title='bbox 1026 1637 1145 1691; x_wconf 87' lang='lat' dir='ltr'>vult</span> <span class='ocrx_word' id='word_1_91' title='bbox 1175 1639 1315 1693; x_wconf 85' lang='lat' dir='ltr'>Deus</span> <span class='ocrx_word' id='word_1_92' title='bbox 1344 1655 1413 1692; x_wconf 71' lang='lat' dir='ltr'>ea:</span> <span class='ocrx_word' id='word_1_93' title='bbox 1441 1640 1627 1693; x_wconf 86' lang='lat' dir='ltr'>animo</span> <span class='ocrx_word' id='word_1_94' title='bbox 1652 1653 1773 1692; x_wconf 92' lang='lat' dir='ltr'>cum</span> <span class='ocrx_word' id='word_1_95' title='bbox 1797 1638 1964 1691; x_wconf 82' lang='lat' dir='ltr'>bene-</span> 
     </span>
    </p>
   </div>
   <div class='ocr_carea' id='block_1_17' title="bbox 317 1723 1969 1781">
    <p class='ocr_par' dir='ltr' id='par_1_17' title="bbox 317 1723 1969 1781">
     <span class='ocr_line' id='line_1_17' title="bbox 317 1723 1969 1781; baseline 0 -3"><span class='ocrx_word' id='word_1_96' title='bbox 317 1723 562 1779; x_wconf 80' lang='lat' dir='ltr'>volentia</span> <span class='ocrx_word' id='word_1_97' title='bbox 589 1725 876 1779; x_wconf 79' lang='lat' dir='ltr'>servientes</span> <span class='ocrx_word' id='word_1_98' title='bbox 905 1726 1139 1779; x_wconf 86' lang='lat' dir='ltr'>Domino</span> <span class='ocrx_word' id='word_1_99' title='bbox 1164 1732 1215 1780; x_wconf 89' lang='lat' dir='ltr'>et</span> <span class='ocrx_word' id='word_1_100' title='bbox 1241 1742 1350 1781; x_wconf 88' lang='lat' dir='ltr'>non</span> <span class='ocrx_word' id='word_1_101' title='bbox 1406 1726 1713 1781; x_wconf 80' lang='lat' dir='ltr'>hominibus</span> <span class='ocrx_word' id='word_1_102' title='bbox 1754 1742 1768 1781; x_wconf 88' lang='lat'><strong>:</strong></span> <span class='ocrx_word' id='word_1_103' title='bbox 1826 1725 1969 1779; x_wconf 85' lang='lat' dir='ltr'>illud</span> 
     </span>
    </p>
   </div>
   <div class='ocr_carea' id='block_1_18' title="bbox 318 1813 1967 1885">
    <p class='ocr_par' dir='ltr' id='par_1_18' title="bbox 318 1813 1967 1885">
     <span class='ocr_line' id='line_1_18' title="bbox 318 1813 1967 1885; baseline 0.002 -19"><span class='ocrx_word' id='word_1_104' title='bbox 318 1815 545 1867; x_wconf 84' lang='lat' dir='ltr'>scientes</span> <span class='ocrx_word' id='word_1_105' title='bbox 574 1813 722 1882; x_wconf 87' lang='lat' dir='ltr'>quod</span> <span class='ocrx_word' id='word_1_106' title='bbox 750 1815 1126 1883; x_wconf 83' lang='lat' dir='ltr'>unusquisque</span> <span class='ocrx_word' id='word_1_107' title='bbox 1155 1816 1303 1885; x_wconf 86' lang='lat' dir='ltr'>quod</span> <span class='ocrx_word' id='word_1_108' title='bbox 1332 1818 1528 1883; x_wconf 80' lang='lat' dir='ltr'>fecerit</span> <span class='ocrx_word' id='word_1_109' title='bbox 1559 1816 1709 1885; x_wconf 83' lang='lat' dir='ltr'>boni,</span> <span class='ocrx_word' id='word_1_110' title='bbox 1738 1817 1838 1872; x_wconf 86' lang='lat' dir='ltr'>hoc</span> <span class='ocrx_word' id='word_1_111' title='bbox 1882 1832 1967 1870; x_wconf 88' lang='lat' dir='ltr'>re-</span> 
     </span>
    </p>
   </div>
   <div class='ocr_carea' id='block_1_19' title="bbox 316 1902 1811 1974">
    <p class='ocr_par' dir='ltr' id='par_1_19' title="bbox 316 1902 1811 1974">
     <span class='ocr_line' id='line_1_19' title="bbox 316 1902 1811 1974; baseline 0.003 -18"><span class='ocrx_word' id='word_1_112' title='bbox 316 1902 564 1972; x_wconf 81' lang='lat' dir='ltr'>portabit</span> <span class='ocrx_word' id='word_1_113' title='bbox 593 1919 627 1956; x_wconf 89' lang='lat' dir='ltr'>a</span> <span class='ocrx_word' id='word_1_114' title='bbox 662 1904 912 1970; x_wconf 89' lang='lat' dir='ltr'>Domino,</span> <span class='ocrx_word' id='word_1_115' title='bbox 943 1905 1053 1958; x_wconf 87' lang='lat' dir='ltr'>sive</span> <span class='ocrx_word' id='word_1_116' title='bbox 1080 1921 1264 1960; x_wconf 81' lang='lat' dir='ltr'>servus</span> <span class='ocrx_word' id='word_1_117' title='bbox 1291 1908 1487 1974; x_wconf 86' lang='lat' dir='ltr'>fuerit,</span> <span class='ocrx_word' id='word_1_118' title='bbox 1516 1908 1628 1961; x_wconf 85' lang='lat' dir='ltr'>sive</span> <span class='ocrx_word' id='word_1_119' title='bbox 1659 1906 1811 1961; x_wconf 82' lang='lat' dir='ltr'>liber.</span> 
     </span>
    </p>
   </div>
   <div class='ocr_carea' id='block_1_20' title="bbox 401 2070 1975 2157">
    <p class='ocr_par' dir='ltr' id='par_1_20' title="bbox 401 2070 1975 2157">
     <span class='ocr_line' id='line_1_20' title="bbox 401 2070 1975 2157; baseline 0.003 -22"><span class='ocrx_word' id='word_1_120' title='bbox 401 2082 607 2136; x_wconf 88' lang='lat' dir='ltr'>Servos</span> <span class='ocrx_word' id='word_1_121' title='bbox 639 2080 837 2152; x_wconf 85' lang='lat' dir='ltr'>posuit</span> <span class='ocrx_word' id='word_1_122' title='bbox 864 2082 1215 2139; x_wconf 87' lang='lat' dir='ltr'>novissimos</span> <span class='ocrx_word' id='word_1_123' title='bbox 1241 2101 1254 2137; x_wconf 91' lang='lat'><em>:</em></span> <span class='ocrx_word' id='word_1_124' title='bbox 1288 2070 1773 2157; x_wconf 80' lang='lat' dir='ltr'>quandoquidem</span> <span class='ocrx_word' id='word_1_125' title='bbox 1828 2085 1975 2141; x_wconf 83' lang='lat' dir='ltr'>tales</span> 
     </span>
    </p>
   </div>
   <div class='ocr_carea' id='block_1_21' title="bbox 329 2170 1976 2244">
    <p class='ocr_par' dir='ltr' id='par_1_21' title="bbox 329 2170 1976 2244">
     <span class='ocr_line' id='line_1_21' title="bbox 329 2170 1976 2244; baseline 0.002 -18"><span class='ocrx_word' id='word_1_126' title='bbox 329 2176 469 2226; x_wconf 92' lang='lat' dir='ltr'>sunt</span> <span class='ocrx_word' id='word_1_127' title='bbox 491 2170 667 2225; x_wconf 90' lang='lat' dir='ltr'>etiam</span> <span class='ocrx_word' id='word_1_128' title='bbox 692 2171 751 2225; x_wconf 90' lang='lat' dir='ltr'>in</span> <span class='ocrx_word' id='word_1_129' title='bbox 775 2171 1059 2244; x_wconf 81' lang='lat' dir='ltr'>dignitate</span> <span class='ocrx_word' id='word_1_130' title='bbox 1081 2173 1173 2227; x_wconf 87' lang='lat' dir='ltr'>vel</span> <span class='ocrx_word' id='word_1_131' title='bbox 1196 2173 1438 2230; x_wconf 87' lang='lat' dir='ltr'>honore.</span> <span class='ocrx_word' id='word_1_132' title='bbox 1463 2176 1590 2230; x_wconf 79' lang='lat' dir='ltr'>lam</span> <span class='ocrx_word' id='word_1_133' title='bbox 1611 2182 1810 2231; x_wconf 86' lang='lat' dir='ltr'>autem</span> <span class='ocrx_word' id='word_1_134' title='bbox 1841 2192 1976 2231; x_wconf 88' lang='lat' dir='ltr'>cum</span> 
     </span>
    </p>
   </div>
   <div class='ocr_carea' id='block_1_22' title="bbox 335 2261 1978 2337">
    <p class='ocr_par' dir='ltr' id='par_1_22' title="bbox 335 2261 1978 2337">
     <span class='ocr_line' id='line_1_22' title="bbox 335 2261 1978 2337; baseline 0.004 -22"><span class='ocrx_word' id='word_1_135' title='bbox 335 2261 419 2315; x_wconf 89' lang='lat' dir='ltr'>eis</span> <span class='ocrx_word' id='word_1_136' title='bbox 443 2277 563 2316; x_wconf 91' lang='lat' dir='ltr'>non</span> <span class='ocrx_word' id='word_1_137' title='bbox 586 2266 652 2316; x_wconf 87' lang='lat' dir='ltr'>ut</span> <span class='ocrx_word' id='word_1_138' title='bbox 675 2277 809 2315; x_wconf 87' lang='lat' dir='ltr'>cum</span> <span class='ocrx_word' id='word_1_139' title='bbox 831 2261 1031 2333; x_wconf 90' lang='lat' dir='ltr'>pueris</span> <span class='ocrx_word' id='word_1_140' title='bbox 1053 2262 1426 2330; x_wconf 87' lang='lat' dir='ltr'>disserit,sed</span> <span class='ocrx_word' id='word_1_141' title='bbox 1448 2265 1706 2337; x_wconf 81' lang='lat' dir='ltr'>perfecte</span> <span class='ocrx_word' id='word_1_142' title='bbox 1734 2271 1793 2321; x_wconf 90' lang='lat' dir='ltr'>et</span> <span class='ocrx_word' id='word_1_143' title='bbox 1811 2267 1978 2321; x_wconf 56' lang='lat' dir='ltr'>abso-</span> 
     </span>
    </p>
   </div>
   <div class='ocr_carea' id='block_1_23' title="bbox 332 2349 1979 2428">
    <p class='ocr_par' dir='ltr' id='par_1_23' title="bbox 332 2349 1979 2428">
     <span class='ocr_line' id='line_1_23' title="bbox 332 2349 1979 2428; baseline 0.002 -20"><span class='ocrx_word' id='word_1_144' title='bbox 332 2349 772 2408; x_wconf 90' lang='lat' dir='ltr'>lute.Dominus</span> <span class='ocrx_word' id='word_1_145' title='bbox 793 2351 1063 2423; x_wconf 88' lang='lat' dir='ltr'>aitjuxta</span> <span class='ocrx_word' id='word_1_146' title='bbox 1084 2370 1345 2416; x_wconf 85' lang='lat' dir='ltr'>carnem.</span> <span class='ocrx_word' id='word_1_147' title='bbox 1371 2355 1481 2411; x_wconf 88' lang='lat' dir='ltr'>hoc</span> <span class='ocrx_word' id='word_1_148' title='bbox 1505 2361 1596 2411; x_wconf 89' lang='lat' dir='ltr'>est</span> <span class='ocrx_word' id='word_1_149' title='bbox 1634 2356 1979 2428; x_wconf 83' lang='lat' dir='ltr'>temporali-</span> 
     </span>
    </p>
   </div>
   <div class='ocr_carea' id='block_1_24' title="bbox 334 2440 1982 2513">
    <p class='ocr_par' dir='ltr' id='par_1_24' title="bbox 334 2440 1982 2513">
     <span class='ocr_line' id='line_1_24' title="bbox 334 2440 1982 2513; baseline 0.004 -18"><span class='ocrx_word' id='word_1_150' title='bbox 334 2440 474 2496; x_wconf 85' lang='lat' dir='ltr'>bus:</span> <span class='ocrx_word' id='word_1_151' title='bbox 500 2445 559 2495; x_wconf 89' lang='lat' dir='ltr'>et</span> <span class='ocrx_word' id='word_1_152' title='bbox 581 2457 647 2495; x_wconf 84' lang='lat' dir='ltr'>ex</span> <span class='ocrx_word' id='word_1_153' title='bbox 671 2440 783 2495; x_wconf 90' lang='lat' dir='ltr'>hoc</span> <span class='ocrx_word' id='word_1_154' title='bbox 804 2441 1155 2513; x_wconf 87' lang='lat' dir='ltr'>etiamipsos</span> <span class='ocrx_word' id='word_1_155' title='bbox 1176 2444 1535 2499; x_wconf 68' lang='lat' dir='ltr'>consolatur</span> <span class='ocrx_word' id='word_1_156' title='bbox 1554 2470 1573 2494; x_wconf 74' lang='grc' dir='ltr'>α</span> <span class='ocrx_word' id='word_1_157' title='bbox 1599 2446 1741 2501; x_wconf 88' lang='lat' dir='ltr'>Cum</span> <span class='ocrx_word' id='word_1_158' title='bbox 1765 2446 1982 2501; x_wconf 81' lang='lat' dir='ltr'>timore</span> 
     </span>
    </p>
   </div>
   <div class='ocr_carea' id='block_1_25' title="bbox 337 2530 1983 2591">
    <p class='ocr_par' dir='ltr' id='par_1_25' title="bbox 337 2530 1983 2591">
     <span class='ocr_line' id='line_1_25' title="bbox 337 2530 1983 2591; baseline 0.002 -4"><span class='ocrx_word' id='word_1_159' title='bbox 337 2547 405 2587; x_wconf 89' lang='lat' dir='ltr'>ac</span> <span class='ocrx_word' id='word_1_160' title='bbox 422 2535 700 2586; x_wconf 85' lang='lat' dir='ltr'>tremore.</span> <span class='ocrx_word' id='word_1_161' title='bbox 732 2553 758 2580; x_wconf 70' lang='grc' dir='ltr'><strong><em>κ</em></strong></span> <span class='ocrx_word' id='word_1_162' title='bbox 787 2530 843 2584; x_wconf 91' lang='lat' dir='ltr'>Si</span> <span class='ocrx_word' id='word_1_163' title='bbox 863 2531 1022 2585; x_wconf 90' lang='lat' dir='ltr'>enim</span> <span class='ocrx_word' id='word_1_164' title='bbox 1045 2531 1265 2588; x_wconf 89' lang='lat' dir='ltr'>liberos</span> <span class='ocrx_word' id='word_1_165' title='bbox 1282 2534 1533 2589; x_wconf 90' lang='lat' dir='ltr'>invicem</span> <span class='ocrx_word' id='word_1_166' title='bbox 1575 2552 1761 2591; x_wconf 88' lang='lat' dir='ltr'>unum</span> <span class='ocrx_word' id='word_1_167' title='bbox 1811 2536 1983 2591; x_wconf 82' lang='lat' dir='ltr'>alteri</span> 
     </span>
    </p>
   </div>
   <div class='ocr_carea' id='block_1_26' title="bbox 337 2618 1983 2695">
    <p class='ocr_par' dir='ltr' id='par_1_26' title="bbox 337 2618 1983 2695">
     <span class='ocr_line' id='line_1_26' title="bbox 337 2618 1983 2695; baseline 0.002 -20"><span class='ocrx_word' id='word_1_168' title='bbox 337 2618 600 2689; x_wconf 87' lang='lat' dir='ltr'>subjicit,</span> <span class='ocrx_word' id='word_1_169' title='bbox 635 2624 855 2689; x_wconf 89' lang='lat' dir='ltr'>quanto</span> <span class='ocrx_word' id='word_1_170' title='bbox 888 2620 1073 2692; x_wconf 86' lang='lat' dir='ltr'>magis</span> <span class='ocrx_word' id='word_1_171' title='bbox 1104 2622 1210 2676; x_wconf 90' lang='lat' dir='ltr'>hos</span> <span class='ocrx_word' id='word_1_172' title='bbox 1232 2622 1260 2678; x_wconf 85' lang='lat'><strong>?</strong></span> <span class='ocrx_word' id='word_1_173' title='bbox 1292 2623 1644 2695; x_wconf 84' lang='lat' dir='ltr'>Hujusmodi</span> <span class='ocrx_word' id='word_1_174' title='bbox 1675 2630 1875 2680; x_wconf 88' lang='lat' dir='ltr'>autem</span> <span class='ocrx_word' id='word_1_175' title='bbox 1909 2625 1983 2679; x_wconf 86' lang='lat' dir='ltr'>ti-</span> 
     </span>
    </p>
   </div>
   <div class='ocr_carea' id='block_1_27' title="bbox 340 2708 1986 2783">
    <p class='ocr_par' dir='ltr' id='par_1_27' title="bbox 340 2708 1986 2783">
     <span class='ocr_line' id='line_1_27' title="bbox 340 2708 1986 2783; baseline 0.003 -19"><span class='ocrx_word' id='word_1_176' title='bbox 340 2723 568 2765; x_wconf 83' lang='lat' dir='ltr'>morem</span> <span class='ocrx_word' id='word_1_177' title='bbox 591 2724 712 2763; x_wconf 90' lang='lat' dir='ltr'>non</span> <span class='ocrx_word' id='word_1_178' title='bbox 735 2708 956 2779; x_wconf 85' lang='lat' dir='ltr'>expetit</span> <span class='ocrx_word' id='word_1_179' title='bbox 969 2708 1041 2764; x_wconf 87' lang='lat' dir='ltr'>ab</span> <span class='ocrx_word' id='word_1_180' title='bbox 1055 2711 1851 2783; x_wconf 84' lang='lat' dir='ltr'>uxoribus,quandoquidem</span> <span class='ocrx_word' id='word_1_181' title='bbox 1865 2731 1986 2769; x_wconf 90' lang='lat' dir='ltr'>non</span> 
     </span>
    </p>
   </div>
   <div class='ocr_carea' id='block_1_28' title="bbox 345 2797 1991 2863">
    <p class='ocr_par' dir='ltr' id='par_1_28' title="bbox 345 2797 1991 2863">
     <span class='ocr_line' id='line_1_28' title="bbox 345 2797 1991 2863; baseline 0.004 -10"><span class='ocrx_word' id='word_1_182' title='bbox 345 2803 484 2853; x_wconf 90' lang='lat' dir='ltr'>sunt</span> <span class='ocrx_word' id='word_1_183' title='bbox 504 2797 866 2863; x_wconf 69' lang='lat' dir='ltr'>ancillm,sed</span> <span class='ocrx_word' id='word_1_184' title='bbox 892 2797 1142 2854; x_wconf 64' lang='lat' dir='ltr'>subdita:</span> <span class='ocrx_word' id='word_1_185' title='bbox 1165 2805 1222 2854; x_wconf 92' lang='lat' dir='ltr'>et</span> <span class='ocrx_word' id='word_1_186' title='bbox 1242 2800 1610 2860; x_wconf 88' lang='lat' dir='ltr'>obedientes.</span> <span class='ocrx_word' id='word_1_187' title='bbox 1661 2805 1837 2859; x_wconf 81' lang='lat' dir='ltr'>Recte</span> <span class='ocrx_word' id='word_1_188' title='bbox 1893 2821 1991 2859; x_wconf 87' lang='lat' dir='ltr'>au-</span> 
     </span>
    </p>
   </div>
   <div class='ocr_carea' id='block_1_29' title="bbox 342 2886 1989 2965">
    <p class='ocr_par' dir='ltr' id='par_1_29' title="bbox 342 2886 1989 2965">
     <span class='ocr_line' id='line_1_29' title="bbox 342 2886 1989 2965; baseline 0.004 -23"><span class='ocrx_word' id='word_1_189' title='bbox 342 2894 461 2943; x_wconf 87' lang='lat' dir='ltr'>tem</span> <span class='ocrx_word' id='word_1_190' title='bbox 486 2886 668 2943; x_wconf 88' lang='lat' dir='ltr'>addit:</span> <span class='ocrx_word' id='word_1_191' title='bbox 697 2888 811 2941; x_wconf 87' lang='lat' dir='ltr'>«In</span> <span class='ocrx_word' id='word_1_192' title='bbox 836 2887 1216 2959; x_wconf 82' lang='lat' dir='ltr'>simplicitate</span> <span class='ocrx_word' id='word_1_193' title='bbox 1235 2891 1487 2947; x_wconf 79' lang='lat' dir='ltr'>cordis.»</span> <span class='ocrx_word' id='word_1_194' title='bbox 1507 2893 1805 2965; x_wconf 87' lang='lat' dir='ltr'>Contingit</span> <span class='ocrx_word' id='word_1_195' title='bbox 1831 2895 1989 2949; x_wconf 86' lang='lat' dir='ltr'>enim</span> 
     </span>
    </p>
   </div>
   <div class='ocr_carea' id='block_1_30' title="bbox 345 2977 1989 3051">
    <p class='ocr_par' dir='ltr' id='par_1_30' title="bbox 345 2977 1989 3051">
     <span class='ocr_line' id='line_1_30' title="bbox 345 2977 1989 3051; baseline 0.004 -19"><span class='ocrx_word' id='word_1_196' title='bbox 345 2994 481 3032; x_wconf 89' lang='lat' dir='ltr'>cum</span> <span class='ocrx_word' id='word_1_197' title='bbox 515 2977 727 3032; x_wconf 86' lang='lat' dir='ltr'>timore</span> <span class='ocrx_word' id='word_1_198' title='bbox 759 2977 996 3046; x_wconf 81' lang='lat' dir='ltr'>servire,</span> <span class='ocrx_word' id='word_1_199' title='bbox 1023 2984 1083 3033; x_wconf 87' lang='lat' dir='ltr'>et</span> <span class='ocrx_word' id='word_1_200' title='bbox 1110 2997 1229 3035; x_wconf 91' lang='lat' dir='ltr'>non</span> <span class='ocrx_word' id='word_1_201' title='bbox 1263 2998 1333 3036; x_wconf 83' lang='lat' dir='ltr'>ex</span> <span class='ocrx_word' id='word_1_202' title='bbox 1390 2981 1825 3051; x_wconf 88' lang='lat' dir='ltr'>benevolentia,</span> <span class='ocrx_word' id='word_1_203' title='bbox 1887 2984 1989 3039; x_wconf 78' lang='lat' dir='ltr'>sed</span> 
     </span>
    </p>
   </div>
   <div class='ocr_carea' id='block_1_31' title="bbox 344 3066 1991 3129">
    <p class='ocr_par' dir='ltr' id='par_1_31' title="bbox 344 3066 1991 3129">
     <span class='ocr_line' id='line_1_31' title="bbox 344 3066 1991 3129; baseline 0.005 -8"><span class='ocrx_word' id='word_1_204' title='bbox 344 3066 504 3122; x_wconf 86' lang='lat' dir='ltr'>malo</span> <span class='ocrx_word' id='word_1_205' title='bbox 530 3084 598 3122; x_wconf 90' lang='lat' dir='ltr'>ac</span> <span class='ocrx_word' id='word_1_206' title='bbox 629 3066 876 3122; x_wconf 90' lang='lat' dir='ltr'>subdolo</span> <span class='ocrx_word' id='word_1_207' title='bbox 908 3068 1131 3124; x_wconf 89' lang='lat' dir='ltr'>animo.</span> <span class='ocrx_word' id='word_1_208' title='bbox 1168 3093 1188 3119; x_wconf 74' lang='grc' dir='ltr'>ε</span> <span class='ocrx_word' id='word_1_209' title='bbox 1225 3071 1353 3126; x_wconf 87' lang='lat' dir='ltr'>Non</span> <span class='ocrx_word' id='word_1_210' title='bbox 1372 3071 1443 3126; x_wconf 88' lang='lat' dir='ltr'>ad</span> <span class='ocrx_word' id='word_1_211' title='bbox 1468 3072 1706 3128; x_wconf 86' lang='lat' dir='ltr'>oculum</span> <span class='ocrx_word' id='word_1_212' title='bbox 1733 3073 1991 3129; x_wconf 87' lang='lat' dir='ltr'>servien-</span> 
     </span>
    </p>
   </div>
   <div class='ocr_carea' id='block_1_32' title="bbox 346 3155 1990 3229">
    <p class='ocr_par' dir='ltr' id='par_1_32' title="bbox 346 3155 1990 3229">
     <span class='ocr_line' id='line_1_32' title="bbox 346 3155 1990 3229; baseline 0.005 -21"><span class='ocrx_word' id='word_1_213' title='bbox 346 3159 455 3209; x_wconf 89' lang='lat' dir='ltr'>tes.</span> <span class='ocrx_word' id='word_1_214' title='bbox 493 3172 524 3206; x_wconf 72' lang='grc' dir='ltr'>ι)</span> <span class='ocrx_word' id='word_1_215' title='bbox 554 3155 681 3209; x_wconf 84' lang='lat' dir='ltr'>Non</span> <span class='ocrx_word' id='word_1_216' title='bbox 713 3159 799 3221; x_wconf 89' lang='lat' dir='ltr'>ut,</span> <span class='ocrx_word' id='word_1_217' title='bbox 826 3171 962 3210; x_wconf 89' lang='lat' dir='ltr'>cum</span> <span class='ocrx_word' id='word_1_218' title='bbox 992 3156 1214 3212; x_wconf 89' lang='lat' dir='ltr'>adsunt</span> <span class='ocrx_word' id='word_1_219' title='bbox 1244 3158 1469 3215; x_wconf 88' lang='lat' dir='ltr'>domini</span> <span class='ocrx_word' id='word_1_220' title='bbox 1503 3178 1571 3216; x_wconf 91' lang='lat' dir='ltr'>ac</span> <span class='ocrx_word' id='word_1_221' title='bbox 1623 3162 1848 3229; x_wconf 89' lang='lat' dir='ltr'>vident,</span> <span class='ocrx_word' id='word_1_222' title='bbox 1889 3163 1990 3217; x_wconf 91' lang='lat' dir='ltr'>sed</span> 
     </span>
    </p>
   </div>
   <div class='ocr_carea' id='block_1_33' title="bbox 348 3244 1995 3321">
    <p class='ocr_par' dir='ltr' id='par_1_33' title="bbox 348 3244 1995 3321">
     <span class='ocr_line' id='line_1_33' title="bbox 348 3244 1995 3321; baseline 0.007 -23"><span class='ocrx_word' id='word_1_223' title='bbox 348 3245 525 3299; x_wconf 88' lang='lat' dir='ltr'>etiam</span> <span class='ocrx_word' id='word_1_224' title='bbox 552 3261 688 3300; x_wconf 88' lang='lat' dir='ltr'>cum</span> <span class='ocrx_word' id='word_1_225' title='bbox 719 3244 954 3313; x_wconf 88' lang='lat' dir='ltr'>absunt,</span> <span class='ocrx_word' id='word_1_226' title='bbox 987 3246 1205 3303; x_wconf 88' lang='lat' dir='ltr'>faciant</span> <span class='ocrx_word' id='word_1_227' title='bbox 1230 3266 1298 3304; x_wconf 90' lang='lat' dir='ltr'>ea</span> <span class='ocrx_word' id='word_1_228' title='bbox 1328 3267 1461 3321; x_wconf 63' lang='lat' dir='ltr'>quas</span> <span class='ocrx_word' id='word_1_229' title='bbox 1518 3252 1749 3308; x_wconf 89' lang='lat' dir='ltr'>decent.</span> <span class='ocrx_word' id='word_1_230' title='bbox 1802 3277 1821 3301; x_wconf 80' lang='grc' dir='ltr'>ι</span> <span class='ocrx_word' id='word_1_231' title='bbox 1882 3253 1995 3308; x_wconf 92' lang='lat' dir='ltr'>Sed</span> 
     </span>
    </p>
   </div>
   <div class='ocr_carea' id='block_1_34' title="bbox 2062 645 3718 722">
    <p class='ocr_par' dir='ltr' id='par_1_34' title="bbox 2062 645 3718 722">
     <span class='ocr_line' id='line_1_34' title="bbox 2062 645 3718 722; baseline -0.001 -22"><span class='ocrx_word' id='word_1_232' title='bbox 2062 645 2198 716; x_wconf 80' lang='grc' dir='ltr'>ἐστι,</span> <span class='ocrx_word' id='word_1_233' title='bbox 2304 647 2399 717; x_wconf 72' lang='grc' dir='ltr'>Μὴ</span> <span class='ocrx_word' id='word_1_234' title='bbox 2504 646 3022 722; x_wconf 84' lang='grc' dir='ltr'>ἀποκληρονὸμους,</span> <span class='ocrx_word' id='word_1_235' title='bbox 3130 648 3206 719; x_wconf 82' lang='grc' dir='ltr'>μή</span> <span class='ocrx_word' id='word_1_236' title='bbox 3296 645 3718 720; x_wconf 70' lang='grc' dir='ltr'>ἀποκηρύκτους</span> 
     </span>
    </p>
   </div>
   <div class='ocr_carea' id='block_1_35' title="bbox 2063 732 3721 814">
    <p class='ocr_par' dir='ltr' id='par_1_35' title="bbox 2063 732 3721 814">
     <span class='ocr_line' id='line_1_35' title="bbox 2063 732 3721 814; baseline -0.001 -25"><span class='ocrx_word' id='word_1_237' title='bbox 2063 742 2295 804; x_wconf 78' lang='grc' dir='ltr'>ποιεῖτε,</span> <span class='ocrx_word' id='word_1_238' title='bbox 2356 738 2431 810; x_wconf 85' lang='grc' dir='ltr'>μή</span> <span class='ocrx_word' id='word_1_239' title='bbox 2493 737 2725 814; x_wconf 81' lang='grc' dir='ltr'>φορτικά</span> <span class='ocrx_word' id='word_1_240' title='bbox 2777 735 2866 792; x_wconf 90' lang='grc' dir='ltr'>καί</span> <span class='ocrx_word' id='word_1_241' title='bbox 2924 733 3149 797; x_wconf 87' lang='grc' dir='ltr'>δούλοις</span> <span class='ocrx_word' id='word_1_242' title='bbox 3205 732 3482 811; x_wconf 70' lang='grc' dir='ltr'>πρέποντα</span> <span class='ocrx_word' id='word_1_243' title='bbox 3530 733 3721 797; x_wconf 78' lang='grc' dir='ltr'>αὐτοῖς</span> 
     </span>
    </p>
   </div>
   <div class='ocr_carea' id='block_1_36' title="bbox 2066 822 3719 904">
    <p class='ocr_par' dir='ltr' id='par_1_36' title="bbox 2066 822 3719 904">
     <span class='ocr_line' id='line_1_36' title="bbox 2066 822 3719 904; baseline -0.003 -23"><span class='ocrx_word' id='word_1_244' title='bbox 2066 825 2399 893; x_wconf 78' lang='grc' dir='ltr'>ἐπιτάσσετε,</span> <span class='ocrx_word' id='word_1_245' title='bbox 2433 828 2524 881; x_wconf 79' lang='grc' dir='ltr'>καὶ</span> <span class='ocrx_word' id='word_1_246' title='bbox 2583 827 2720 901; x_wconf 84' lang='grc' dir='ltr'>πρὸς</span> <span class='ocrx_word' id='word_1_247' title='bbox 2776 824 2975 888; x_wconf 77' lang='grc' dir='ltr'>αὐτοὺς</span> <span class='ocrx_word' id='word_1_248' title='bbox 3015 825 3097 880; x_wconf 85' lang='grc' dir='ltr'>ἀεὶ</span> <span class='ocrx_word' id='word_1_249' title='bbox 3130 822 3536 904; x_wconf 84' lang='grc' dir='ltr'>δυσχεραίνετε.</span> <span class='ocrx_word' id='word_1_250' title='bbox 3569 847 3597 875; x_wconf 84' lang='grc'>››</span> <span class='ocrx_word' id='word_1_251' title='bbox 3629 826 3719 879; x_wconf 88' lang='grc' dir='ltr'>Ἐν</span> 
     </span>
    </p>
   </div>
   <div class='ocr_carea' id='block_1_37' title="bbox 2064 913 3726 991">
    <p class='ocr_par' dir='ltr' id='par_1_37' title="bbox 2064 913 3726 991">
     <span class='ocr_line' id='line_1_37' title="bbox 2064 913 3726 991; baseline -0.003 -20"><span class='ocrx_word' id='word_1_252' title='bbox 2064 913 2284 987; x_wconf 77' lang='grc' dir='ltr'>παιδείᾳ</span> <span class='ocrx_word' id='word_1_253' title='bbox 2324 915 2414 970; x_wconf 84' lang='grc' dir='ltr'>καὶ</span> <span class='ocrx_word' id='word_1_254' title='bbox 2471 917 2721 987; x_wconf 76' lang='grc' dir='ltr'>νουθεσίᾳ</span> <span class='ocrx_word' id='word_1_255' title='bbox 2776 913 2999 991; x_wconf 79' lang='grc' dir='ltr'>Κυρίου.</span> <span class='ocrx_word' id='word_1_256' title='bbox 3038 938 3066 966; x_wconf 85' lang='grc'><strong>››</strong></span> <span class='ocrx_word' id='word_1_257' title='bbox 3123 913 3300 972; x_wconf 77' lang='grc' dir='ltr'>Τοῦτο</span> <span class='ocrx_word' id='word_1_258' title='bbox 3330 920 3432 984; x_wconf 79' lang='grc' dir='ltr'>τῆς</span> <span class='ocrx_word' id='word_1_259' title='bbox 3463 913 3726 989; x_wconf 79' lang='grc' dir='ltr'>παραινέ-</span> 
     </span>
    </p>
   </div>
   <div class='ocr_carea' id='block_1_38' title="bbox 2067 1004 3725 1081">
    <p class='ocr_par' dir='ltr' id='par_1_38' title="bbox 2067 1004 3725 1081">
     <span class='ocr_line' id='line_1_38' title="bbox 2067 1004 3725 1081; baseline -0.003 -19"><span class='ocrx_word' id='word_1_260' title='bbox 2067 1027 2205 1069; x_wconf 89' lang='grc' dir='ltr'>σεως</span> <span class='ocrx_word' id='word_1_261' title='bbox 2231 1008 2294 1062; x_wconf 82' lang='grc' dir='ltr'>τὸ</span> <span class='ocrx_word' id='word_1_262' title='bbox 2322 1006 2645 1081; x_wconf 81' lang='grc' dir='ltr'>κεφάλαιον.</span> <span class='ocrx_word' id='word_1_263' title='bbox 2688 1009 2812 1064; x_wconf 92' lang='grc' dir='ltr'>Τῶν</span> <span class='ocrx_word' id='word_1_264' title='bbox 2859 1010 3239 1080; x_wconf 76' lang='grc' dir='ltr'>πνευματικῶν</span> <span class='ocrx_word' id='word_1_265' title='bbox 3268 1005 3375 1080; x_wconf 77' lang='grc' dir='ltr'>γάρ</span> <span class='ocrx_word' id='word_1_266' title='bbox 3408 1004 3602 1071; x_wconf 71' lang='grc' dir='ltr'>ὄντων,</span> <span class='ocrx_word' id='word_1_267' title='bbox 3630 1004 3725 1057; x_wconf 76' lang='grc' dir='ltr'>καὶ</span> 
     </span>
    </p>
   </div>
   <div class='ocr_carea' id='block_1_39' title="bbox 2066 1092 3727 1172">
    <p class='ocr_par' dir='ltr' id='par_1_39' title="bbox 2066 1092 3727 1172">
     <span class='ocr_line' id='line_1_39' title="bbox 2066 1092 3727 1172; baseline -0.004 -20"><span class='ocrx_word' id='word_1_268' title='bbox 2066 1095 2134 1152; x_wconf 68' lang='grc' dir='ltr'>τὰ</span> <span class='ocrx_word' id='word_1_269' title='bbox 2186 1097 2414 1172; x_wconf 76' lang='grc' dir='ltr'>σαρκικὰ</span> <span class='ocrx_word' id='word_1_270' title='bbox 2467 1093 2851 1167; x_wconf 73' lang='grc' dir='ltr'>ἀκολουθήσει.</span> <span class='ocrx_word' id='word_1_271' title='bbox 2906 1097 3086 1152; x_wconf 78' lang='grc' dir='ltr'>Τοῦτο</span> <span class='ocrx_word' id='word_1_272' title='bbox 3127 1095 3230 1170; x_wconf 78' lang='grc' dir='ltr'>γάρ</span> <span class='ocrx_word' id='word_1_273' title='bbox 3259 1092 3454 1157; x_wconf 75' lang='grc' dir='ltr'>αὐτοὺς</span> <span class='ocrx_word' id='word_1_274' title='bbox 3486 1094 3727 1167; x_wconf 63' lang='grc' dir='ltr'>μάλιστα</span> 
     </span>
    </p>
   </div>
   <div class='ocr_carea' id='block_1_40' title="bbox 2070 1187 2578 1256">
    <p class='ocr_par' dir='ltr' id='par_1_40' title="bbox 2070 1187 2578 1256">
     <span class='ocr_line' id='line_1_40' title="bbox 2070 1187 2578 1256; baseline 0 -13"><span class='ocrx_word' id='word_1_275' title='bbox 2070 1187 2381 1256; x_wconf 70' lang='grc' dir='ltr'>πειθηνίους</span> <span class='ocrx_word' id='word_1_276' title='bbox 2412 1191 2578 1243; x_wconf 85' lang='grc' dir='ltr'>ποιεῖ.</span> 
     </span>
    </p>
   </div>
   <div class='ocr_carea' id='block_1_41' title="bbox 2145 1274 3727 1350">
    <p class='ocr_par' dir='ltr' id='par_1_41' title="bbox 2145 1274 3727 1350">
     <span class='ocr_line' id='line_1_41' title="bbox 2145 1274 3727 1350; baseline -0.003 -16"><span class='ocrx_word' id='word_1_277' title='bbox 2145 1277 2213 1334; x_wconf 77' lang='lat' dir='ltr'>Ol.</span> <span class='ocrx_word' id='word_1_278' title='bbox 2273 1274 2488 1349; x_wconf 74' lang='grc' dir='ltr'>δοῦλαι,</span> <span class='ocrx_word' id='word_1_279' title='bbox 2549 1276 2844 1332; x_wconf 76' lang='grc' dir='ltr'>ὑπακούετε</span> <span class='ocrx_word' id='word_1_280' title='bbox 2896 1281 3012 1339; x_wconf 87' lang='grc' dir='ltr'>τοῖς</span> <span class='ocrx_word' id='word_1_281' title='bbox 3066 1278 3279 1350; x_wconf 79' lang='grc' dir='ltr'>κυρίοις</span> <span class='ocrx_word' id='word_1_282' title='bbox 3336 1275 3477 1332; x_wconf 84' lang='grc' dir='ltr'>κατά</span> <span class='ocrx_word' id='word_1_283' title='bbox 3532 1276 3727 1349; x_wconf 85' lang='grc' dir='ltr'>σάρκα,</span> 
     </span>
    </p>
   </div>
   <div class='ocr_carea' id='block_1_42' title="bbox 2075 1361 3732 1444">
    <p class='ocr_par' dir='ltr' id='par_1_42' title="bbox 2075 1361 3732 1444">
     <span class='ocr_line' id='line_1_42' title="bbox 2075 1361 3732 1444; baseline -0.004 -21"><span class='ocrx_word' id='word_1_284' title='bbox 2075 1369 2210 1441; x_wconf 84' lang='grc' dir='ltr'>μετά</span> <span class='ocrx_word' id='word_1_285' title='bbox 2239 1363 2413 1444; x_wconf 87' lang='grc' dir='ltr'>φόϐου</span> <span class='ocrx_word' id='word_1_286' title='bbox 2469 1366 2561 1421; x_wconf 86' lang='grc' dir='ltr'>καὶ</span> <span class='ocrx_word' id='word_1_287' title='bbox 2620 1366 2854 1441; x_wconf 83' lang='grc' dir='ltr'>τρόμου,</span> <span class='ocrx_word' id='word_1_288' title='bbox 2914 1363 2966 1420; x_wconf 79' lang='grc' dir='ltr'>ἐν</span> <span class='ocrx_word' id='word_1_289' title='bbox 3026 1362 3299 1433; x_wconf 78' lang='grc' dir='ltr'>ἁπλότητι</span> <span class='ocrx_word' id='word_1_290' title='bbox 3353 1365 3454 1433; x_wconf 75' lang='grc' dir='ltr'>τῆς</span> <span class='ocrx_word' id='word_1_291' title='bbox 3503 1361 3732 1438; x_wconf 75' lang='grc' dir='ltr'>καρδίας</span> 
     </span>
    </p>
   </div>
   <div class='ocr_carea' id='block_1_43' title="bbox 2075 1448 3732 1531">
    <p class='ocr_par' dir='ltr' id='par_1_43' title="bbox 2075 1448 3732 1531">
     <span class='ocr_line' id='line_1_43' title="bbox 2075 1448 3732 1531; baseline -0.005 -19"><span class='ocrx_word' id='word_1_292' title='bbox 2075 1457 2228 1531; x_wconf 84' lang='grc' dir='ltr'>ὑμῶν</span> <span class='ocrx_word' id='word_1_293' title='bbox 2289 1456 2364 1518; x_wconf 85' lang='grc' dir='ltr'>ὡς</span> <span class='ocrx_word' id='word_1_294' title='bbox 2417 1458 2497 1526; x_wconf 80' lang='grc' dir='ltr'>τῷ</span> <span class='ocrx_word' id='word_1_295' title='bbox 2570 1459 2819 1529; x_wconf 81' lang='grc' dir='ltr'>Χριστῷ,</span> <span class='ocrx_word' id='word_1_296' title='bbox 2900 1455 2976 1527; x_wconf 78' lang='grc' dir='ltr'>μὴ</span> <span class='ocrx_word' id='word_1_297' title='bbox 3053 1455 3171 1509; x_wconf 82' lang='grc' dir='ltr'>κατ’</span> <span class='ocrx_word' id='word_1_298' title='bbox 3246 1448 3732 1528; x_wconf 70' lang='grc' dir='ltr'>ὀφθαλμοδουλίαν</span> 
     </span>
    </p>
   </div>
   <div class='ocr_carea' id='block_1_44' title="bbox 2074 1540 3736 1619">
    <p class='ocr_par' dir='ltr' id='par_1_44' title="bbox 2074 1540 3736 1619">
     <span class='ocr_line' id='line_1_44' title="bbox 2074 1540 3736 1619; baseline -0.004 -19"><span class='ocrx_word' id='word_1_299' title='bbox 2074 1545 2149 1608; x_wconf 79' lang='grc' dir='ltr'>ὡς</span> <span class='ocrx_word' id='word_1_300' title='bbox 2248 1544 2714 1619; x_wconf 73' lang='grc' dir='ltr'>ἀνθρωπάρεσκοι,</span> <span class='ocrx_word' id='word_1_301' title='bbox 2806 1542 2932 1599; x_wconf 85' lang='grc' dir='ltr'>ἀλλ’</span> <span class='ocrx_word' id='word_1_302' title='bbox 3027 1544 3100 1604; x_wconf 85' lang='grc' dir='ltr'>ὡς</span> <span class='ocrx_word' id='word_1_303' title='bbox 3196 1540 3390 1597; x_wconf 76' lang='grc' dir='ltr'>δοῦλοι</span> <span class='ocrx_word' id='word_1_304' title='bbox 3465 1542 3736 1616; x_wconf 72' lang='grc' dir='ltr'>Χριστοῦ,</span> 
     </span>
    </p>
   </div>
   <div class='ocr_carea' id='block_1_45' title="bbox 2075 1629 3735 1706">
    <p class='ocr_par' dir='ltr' id='par_1_45' title="bbox 2075 1629 3735 1706">
     <span class='ocr_line' id='line_1_45' title="bbox 2075 1629 3735 1706; baseline -0.005 -14"><span class='ocrx_word' id='word_1_305' title='bbox 2075 1639 2362 1697; x_wconf 80' lang='grc' dir='ltr'>ποιοῦντες</span> <span class='ocrx_word' id='word_1_306' title='bbox 2413 1634 2478 1688; x_wconf 88' lang='grc' dir='ltr'>τὸ</span> <span class='ocrx_word' id='word_1_307' title='bbox 2538 1631 2757 1706; x_wconf 80' lang='grc' dir='ltr'>θέλημα</span> <span class='ocrx_word' id='word_1_308' title='bbox 2838 1636 2936 1688; x_wconf 78' lang='grc' dir='ltr'>τοῦ</span> <span class='ocrx_word' id='word_1_309' title='bbox 3016 1635 3176 1704; x_wconf 72' lang='grc' dir='ltr'>Θεοῦ,</span> <span class='ocrx_word' id='word_1_310' title='bbox 3237 1630 3297 1686; x_wconf 75' lang='grc' dir='ltr'>ἐκ</span> <span class='ocrx_word' id='word_1_311' title='bbox 3351 1635 3539 1706; x_wconf 80' lang='grc' dir='ltr'>ψυχῆς</span> <span class='ocrx_word' id='word_1_312' title='bbox 3619 1629 3735 1702; x_wconf 85' lang='grc' dir='ltr'>μετ’</span> 
     </span>
    </p>
   </div>
   <div class='ocr_carea' id='block_1_46' title="bbox 2078 1720 3736 1799">
    <p class='ocr_par' dir='ltr' id='par_1_46' title="bbox 2078 1720 3736 1799">
     <span class='ocr_line' id='line_1_46' title="bbox 2078 1720 3736 1799; baseline -0.005 -17"><span class='ocrx_word' id='word_1_313' title='bbox 2078 1724 2285 1787; x_wconf 83' lang='grc' dir='ltr'>εὐνοίας</span> <span class='ocrx_word' id='word_1_314' title='bbox 2354 1722 2705 1787; x_wconf 69' lang='grc' dir='ltr'>δουλεύοντες</span> <span class='ocrx_word' id='word_1_315' title='bbox 2769 1725 2849 1797; x_wconf 80' lang='grc' dir='ltr'>τῷ</span> <span class='ocrx_word' id='word_1_316' title='bbox 2938 1723 3123 1799; x_wconf 81' lang='grc' dir='ltr'>Κυρίῳ</span> <span class='ocrx_word' id='word_1_317' title='bbox 3187 1724 3279 1777; x_wconf 85' lang='grc' dir='ltr'>καὶ</span> <span class='ocrx_word' id='word_1_318' title='bbox 3348 1721 3448 1777; x_wconf 90' lang='grc' dir='ltr'>οὐκ</span> <span class='ocrx_word' id='word_1_319' title='bbox 3520 1720 3736 1795; x_wconf 76' lang='grc' dir='ltr'>ἀνθρώ-</span> 
     </span>
    </p>
   </div>
   <div class='ocr_carea' id='block_1_47' title="bbox 2085 1809 3737 1886">
    <p class='ocr_par' dir='ltr' id='par_1_47' title="bbox 2085 1809 3737 1886">
     <span class='ocr_line' id='line_1_47' title="bbox 2085 1809 3737 1886; baseline -0.006 -13"><span class='ocrx_word' id='word_1_320' title='bbox 2085 1838 2226 1886; x_wconf 86' lang='grc' dir='ltr'>ποις,</span> <span class='ocrx_word' id='word_1_321' title='bbox 2285 1812 2488 1877; x_wconf 81' lang='grc' dir='ltr'>είδότες</span> <span class='ocrx_word' id='word_1_322' title='bbox 2545 1815 2629 1869; x_wconf 80' lang='grc' dir='ltr'>ὅτι</span> <span class='ocrx_word' id='word_1_323' title='bbox 2687 1814 2718 1870; x_wconf 81' lang='grc' dir='ltr'>ὅ</span> <span class='ocrx_word' id='word_1_324' title='bbox 2765 1811 2852 1868; x_wconf 71' lang='grc' dir='ltr'>ἐάν</span> <span class='ocrx_word' id='word_1_325' title='bbox 2908 1834 2995 1877; x_wconf 89' lang='grc' dir='ltr'>τις</span> <span class='ocrx_word' id='word_1_326' title='bbox 3062 1809 3286 1873; x_wconf 72' lang='grc' dir='ltr'>ἕκαστος</span> <span class='ocrx_word' id='word_1_327' title='bbox 3342 1813 3550 1882; x_wconf 64' lang='grc' dir='ltr'>ποιήσᾳ</span> <span class='ocrx_word' id='word_1_328' title='bbox 3599 1811 3737 1886; x_wconf 86' lang='grc' dir='ltr'>ἀγα-</span> 
     </span>
    </p>
   </div>
   <div class='ocr_carea' id='block_1_48' title="bbox 2005 1896 3739 1998">
    <p class='ocr_par' dir='ltr' id='par_1_48' title="bbox 2005 1896 3739 1998">
     <span class='ocr_line' id='line_1_48' title="bbox 2005 1896 3739 1998; baseline -0.006 -36"><span class='ocrx_word' id='word_1_329' title='bbox 2005 1932 2051 1998; x_wconf 79' lang='lat' dir='ltr'><strong>B</strong></span> <span class='ocrx_word' id='word_1_330' title='bbox 2084 1908 2193 1977; x_wconf 73' lang='grc' dir='ltr'>θον,</span> <span class='ocrx_word' id='word_1_331' title='bbox 2225 1909 2388 1960; x_wconf 70' lang='grc' dir='ltr'>τοῦτο</span> <span class='ocrx_word' id='word_1_332' title='bbox 2435 1908 2715 1978; x_wconf 80' lang='grc' dir='ltr'>κομιεῖται</span> <span class='ocrx_word' id='word_1_333' title='bbox 2761 1901 2908 1977; x_wconf 82' lang='grc' dir='ltr'>παρά</span> <span class='ocrx_word' id='word_1_334' title='bbox 2958 1907 3057 1957; x_wconf 80' lang='grc' dir='ltr'>τοῦ</span> <span class='ocrx_word' id='word_1_335' title='bbox 3118 1901 3339 1976; x_wconf 82' lang='grc' dir='ltr'>Κυρίου,</span> <span class='ocrx_word' id='word_1_336' title='bbox 3373 1900 3479 1955; x_wconf 78' lang='grc' dir='ltr'>ε’ἶτε</span> <span class='ocrx_word' id='word_1_337' title='bbox 3511 1896 3739 1969; x_wconf 78' lang='grc' dir='ltr'>δοῦλος,</span> 
     </span>
    </p>
   </div>
   <div class='ocr_carea' id='block_1_49' title="bbox 2083 1993 2517 2069">
    <p class='ocr_par' dir='ltr' id='par_1_49' title="bbox 2083 1993 2517 2069">
     <span class='ocr_line' id='line_1_49' title="bbox 2083 1993 2517 2069; baseline -0.009 -17"><span class='ocrx_word' id='word_1_338' title='bbox 2083 1997 2192 2052; x_wconf 78' lang='grc' dir='ltr'>ε’ἰτε</span> <span class='ocrx_word' id='word_1_339' title='bbox 2215 1993 2517 2069; x_wconf 83' lang='grc' dir='ltr'>ἐλεύθερος.</span> 
     </span>
    </p>
   </div>
   <div class='ocr_carea' id='block_1_50' title="bbox 2153 2075 3742 2157">
    <p class='ocr_par' dir='ltr' id='par_1_50' title="bbox 2153 2075 3742 2157">
     <span class='ocr_line' id='line_1_50' title="bbox 2153 2075 3742 2157; baseline -0.005 -16"><span class='ocrx_word' id='word_1_340' title='bbox 2153 2086 2294 2149; x_wconf 76' lang='grc' dir='ltr'>Τοὺς</span> <span class='ocrx_word' id='word_1_341' title='bbox 2350 2081 2583 2144; x_wconf 78' lang='grc' dir='ltr'>δούλους</span> <span class='ocrx_word' id='word_1_342' title='bbox 2642 2080 2908 2157; x_wconf 73' lang='grc' dir='ltr'>ἐσχάτους</span> <span class='ocrx_word' id='word_1_343' title='bbox 2959 2080 3216 2148; x_wconf 70' lang='grc' dir='ltr'>τὲθεικεν,</span> <span class='ocrx_word' id='word_1_344' title='bbox 3278 2075 3463 2148; x_wconf 73' lang='grc' dir='ltr'>ἐπειδὴ</span> <span class='ocrx_word' id='word_1_345' title='bbox 3512 2079 3604 2133; x_wconf 85' lang='grc' dir='ltr'>καὶ</span> <span class='ocrx_word' id='word_1_346' title='bbox 3638 2075 3742 2133; x_wconf 75' lang='grc' dir='ltr'>εἶσὶ</span> 
     </span>
    </p>
   </div>
   <div class='ocr_carea' id='block_1_51' title="bbox 2083 2164 3752 2253">
    <p class='ocr_par' dir='ltr' id='par_1_51' title="bbox 2083 2164 3752 2247">
     <span class='ocr_line' id='line_1_51' title="bbox 2083 2164 3752 2247; baseline -0.006 -16"><span class='ocrx_word' id='word_1_347' title='bbox 2083 2177 2165 2247; x_wconf 80' lang='grc' dir='ltr'>τῷ</span> <span class='ocrx_word' id='word_1_348' title='bbox 2198 2174 2488 2247; x_wconf 80' lang='grc' dir='ltr'>ἀξιώματι.</span> <span class='ocrx_word' id='word_1_349' title='bbox 2521 2171 2637 2229; x_wconf 85' lang='grc' dir='ltr'>Οὐκ</span> <span class='ocrx_word' id='word_1_350' title='bbox 2676 2167 2756 2225; x_wconf 77' lang='grc' dir='ltr'>ἔτι</span> <span class='ocrx_word' id='word_1_351' title='bbox 2807 2167 2865 2226; x_wconf 74' lang='grc' dir='ltr'>δὲ</span> <span class='ocrx_word' id='word_1_352' title='bbox 2909 2170 3128 2232; x_wconf 85' lang='grc' dir='ltr'>τούτοις</span> <span class='ocrx_word' id='word_1_353' title='bbox 3175 2169 3252 2232; x_wconf 81' lang='grc' dir='ltr'>ὡς</span> <span class='ocrx_word' id='word_1_354' title='bbox 3300 2165 3542 2229; x_wconf 77' lang='grc' dir='ltr'>παιδίοις</span> <span class='ocrx_word' id='word_1_355' title='bbox 3568 2164 3752 2223; x_wconf 68' lang='grc' dir='ltr'>διαλέ-</span> 
     </span>
    </p>
   </div>
   <div class='ocr_carea' id='block_1_52' title="bbox 2086 2255 3753 2341">
    <p class='ocr_par' dir='ltr' id='par_1_52' title="bbox 2086 2255 3753 2341">
     <span class='ocr_line' id='line_1_52' title="bbox 2086 2255 3753 2341; baseline -0.006 -22"><span class='ocrx_word' id='word_1_356' title='bbox 2086 2285 2259 2341; x_wconf 84' lang='grc' dir='ltr'>γεται,</span> <span class='ocrx_word' id='word_1_357' title='bbox 2292 2262 2439 2318; x_wconf 81' lang='grc' dir='ltr'>ἀλλά</span> <span class='ocrx_word' id='word_1_358' title='bbox 2492 2259 2747 2331; x_wconf 78' lang='grc' dir='ltr'>τελείως,</span> <span class='ocrx_word' id='word_1_359' title='bbox 2803 2259 2941 2314; x_wconf 85' lang='grc' dir='ltr'>κατά</span> <span class='ocrx_word' id='word_1_360' title='bbox 2999 2258 3170 2335; x_wconf 75' lang='grc' dir='ltr'>σάρκα</span> <span class='ocrx_word' id='word_1_361' title='bbox 3222 2256 3304 2329; x_wconf 74' lang='grc' dir='ltr'>δὲ,</span> <span class='ocrx_word' id='word_1_362' title='bbox 3351 2255 3599 2313; x_wconf 71' lang='grc' dir='ltr'>τουτέστι</span> <span class='ocrx_word' id='word_1_363' title='bbox 3630 2260 3753 2317; x_wconf 85' lang='grc' dir='ltr'>τοῖς</span> 
     </span>
    </p>
   </div>
   <div class='ocr_carea' id='block_1_53' title="bbox 2089 2344 3757 2427">
    <p class='ocr_par' dir='ltr' id='par_1_53' title="bbox 2089 2344 3757 2427">
     <span class='ocr_line' id='line_1_53' title="bbox 2089 2344 3757 2427; baseline -0.007 -17"><span class='ocrx_word' id='word_1_364' title='bbox 2089 2351 2465 2427; x_wconf 77' lang='grc' dir='ltr'>προσκαίροις.</span> <span class='ocrx_word' id='word_1_365' title='bbox 2522 2353 2623 2407; x_wconf 82' lang='grc' dir='ltr'>Ἐκ</span> <span class='ocrx_word' id='word_1_366' title='bbox 2670 2349 2870 2404; x_wconf 88' lang='grc' dir='ltr'>τούτου</span> <span class='ocrx_word' id='word_1_367' title='bbox 2928 2346 2986 2404; x_wconf 71' lang='grc' dir='ltr'>δὲ</span> <span class='ocrx_word' id='word_1_368' title='bbox 3048 2349 3138 2403; x_wconf 86' lang='grc' dir='ltr'>καὶ</span> <span class='ocrx_word' id='word_1_369' title='bbox 3195 2349 3595 2424; x_wconf 85' lang='grc' dir='ltr'>παραμυθεῖται</span> <span class='ocrx_word' id='word_1_370' title='bbox 3651 2344 3757 2399; x_wconf 88' lang='grc' dir='ltr'>αὐ-</span> 
     </span>
    </p>
   </div>
   <div class='ocr_carea' id='block_1_54' title="bbox 2091 2435 3754 2517">
    <p class='ocr_par' dir='ltr' id='par_1_54' title="bbox 2091 2435 3754 2517">
     <span class='ocr_line' id='line_1_54' title="bbox 2091 2435 3754 2517; baseline -0.006 -16"><span class='ocrx_word' id='word_1_371' title='bbox 2091 2446 2239 2507; x_wconf 88' lang='grc' dir='ltr'>τούς.</span> <span class='ocrx_word' id='word_1_372' title='bbox 2302 2469 2331 2498; x_wconf 84' lang='grc'><strong>‹‹</strong></span> <span class='ocrx_word' id='word_1_373' title='bbox 2392 2441 2539 2499; x_wconf 82' lang='grc' dir='ltr'>Μετά</span> <span class='ocrx_word' id='word_1_374' title='bbox 2578 2437 2754 2516; x_wconf 74' lang='grc' dir='ltr'>φόϐου</span> <span class='ocrx_word' id='word_1_375' title='bbox 2810 2441 2901 2497; x_wconf 84' lang='grc' dir='ltr'>καὶ</span> <span class='ocrx_word' id='word_1_376' title='bbox 2959 2441 3197 2517; x_wconf 88' lang='grc' dir='ltr'>τρόμου.</span> <span class='ocrx_word' id='word_1_377' title='bbox 3251 2463 3280 2492; x_wconf 68' lang='grc' dir='ltr'>ιδ</span> <span class='ocrx_word' id='word_1_378' title='bbox 3342 2440 3405 2497; x_wconf 85' lang='grc' dir='ltr'><strong>Εἰ</strong></span> <span class='ocrx_word' id='word_1_379' title='bbox 3462 2440 3565 2514; x_wconf 87' lang='grc' dir='ltr'>γάρ</span> <span class='ocrx_word' id='word_1_380' title='bbox 3622 2435 3754 2498; x_wconf 72' lang='grc' dir='ltr'>τοὺς</span> 
     </span>
    </p>
   </div>
   <div class='ocr_carea' id='block_1_55' title="bbox 2092 2524 3759 2607">
    <p class='ocr_par' dir='ltr' id='par_1_55' title="bbox 2092 2524 3759 2607">
     <span class='ocr_line' id='line_1_55' title="bbox 2092 2524 3759 2607; baseline -0.006 -17"><span class='ocrx_word' id='word_1_381' title='bbox 2092 2534 2411 2607; x_wconf 73' lang='grc' dir='ltr'>ἐλευθέρους</span> <span class='ocrx_word' id='word_1_382' title='bbox 2464 2530 2744 2602; x_wconf 74' lang='grc' dir='ltr'>ἀλλήλοις</span> <span class='ocrx_word' id='word_1_383' title='bbox 2802 2530 3114 2600; x_wconf 80' lang='grc' dir='ltr'>ὑποτάσσει,</span> <span class='ocrx_word' id='word_1_384' title='bbox 3172 2524 3329 2602; x_wconf 84' lang='grc' dir='ltr'>πόσῳ</span> <span class='ocrx_word' id='word_1_385' title='bbox 3380 2526 3592 2601; x_wconf 81' lang='grc' dir='ltr'>μᾶλλον</span> <span class='ocrx_word' id='word_1_386' title='bbox 3623 2525 3759 2580; x_wconf 86' lang='grc' dir='ltr'>τού-</span> 
     </span>
    </p>
   </div>
   <div class='ocr_carea' id='block_1_56' title="bbox 2091 2617 3758 2693">
    <p class='ocr_par' dir='ltr' id='par_1_56' title="bbox 2091 2617 3758 2693">
     <span class='ocr_line' id='line_1_56' title="bbox 2091 2617 3758 2693; baseline -0.007 -14"><span class='ocrx_word' id='word_1_387' title='bbox 2091 2644 2223 2685; x_wconf 87' lang='grc' dir='ltr'>τους</span> <span class='ocrx_word' id='word_1_388' title='bbox 2252 2642 2265 2692; x_wconf 90' lang='grc'><strong>;</strong></span> <span class='ocrx_word' id='word_1_389' title='bbox 2294 2624 2400 2681; x_wconf 83' lang='grc' dir='ltr'>Τὸν</span> <span class='ocrx_word' id='word_1_390' title='bbox 2460 2619 2516 2677; x_wconf 74' lang='grc' dir='ltr'>δὲ</span> <span class='ocrx_word' id='word_1_391' title='bbox 2572 2624 2822 2675; x_wconf 76' lang='grc' dir='ltr'>τοιοῦτον</span> <span class='ocrx_word' id='word_1_392' title='bbox 2882 2618 2982 2675; x_wconf 91' lang='grc' dir='ltr'>οὐκ</span> <span class='ocrx_word' id='word_1_393' title='bbox 3040 2620 3261 2675; x_wconf 82' lang='grc' dir='ltr'>ἀπαιτεῖ</span> <span class='ocrx_word' id='word_1_394' title='bbox 3289 2617 3437 2693; x_wconf 84' lang='grc' dir='ltr'>παρά</span> <span class='ocrx_word' id='word_1_395' title='bbox 3480 2619 3758 2692; x_wconf 84' lang='grc' dir='ltr'>γυναικῶν</span> 
     </span>
    </p>
   </div>
   <div class='ocr_carea' id='block_1_57' title="bbox 2096 2703 3761 2792">
    <p class='ocr_par' dir='ltr' id='par_1_57' title="bbox 2096 2703 3761 2792">
     <span class='ocr_line' id='line_1_57' title="bbox 2096 2703 3761 2792; baseline -0.005 -24"><span class='ocrx_word' id='word_1_396' title='bbox 2096 2711 2289 2792; x_wconf 83' lang='grc' dir='ltr'>φόϐον,</span> <span class='ocrx_word' id='word_1_397' title='bbox 2320 2707 2509 2779; x_wconf 64' lang='grc' dir='ltr'>ἐπειδή</span> <span class='ocrx_word' id='word_1_398' title='bbox 2546 2711 2686 2783; x_wconf 72' lang='grc' dir='ltr'>μήτε</span> <span class='ocrx_word' id='word_1_399' title='bbox 2717 2707 2817 2764; x_wconf 81' lang='grc' dir='ltr'>είσὶ</span> <span class='ocrx_word' id='word_1_400' title='bbox 2854 2705 3076 2777; x_wconf 79' lang='grc' dir='ltr'>δοῦλοι,</span> <span class='ocrx_word' id='word_1_401' title='bbox 3108 2707 3238 2764; x_wconf 80' lang='grc' dir='ltr'>ἀλλ’</span> <span class='ocrx_word' id='word_1_402' title='bbox 3274 2707 3530 2778; x_wconf 77' lang='grc' dir='ltr'>ὑπήκοοι.</span> <span class='ocrx_word' id='word_1_403' title='bbox 3556 2703 3761 2765; x_wconf 86' lang='grc' dir='ltr'>Καλῶς</span> 
     </span>
    </p>
   </div>
   <div class='ocr_carea' id='block_1_58' title="bbox 2099 2794 3758 2872">
    <p class='ocr_par' dir='ltr' id='par_1_58' title="bbox 2099 2794 3758 2872">
     <span class='ocr_line' id='line_1_58' title="bbox 2099 2794 3758 2872; baseline -0.006 -15"><span class='ocrx_word' id='word_1_404' title='bbox 2099 2800 2156 2857; x_wconf 77' lang='grc' dir='ltr'>δὶ</span> <span class='ocrx_word' id='word_1_405' title='bbox 2184 2802 2269 2869; x_wconf 87' lang='grc' dir='ltr'>τὸ,</span> <span class='ocrx_word' id='word_1_406' title='bbox 2301 2824 2328 2853; x_wconf 79' lang='grc' dir='ltr'>ι(</span> <span class='ocrx_word' id='word_1_407' title='bbox 2358 2801 2445 2856; x_wconf 84' lang='grc' dir='ltr'>Ἐν</span> <span class='ocrx_word' id='word_1_408' title='bbox 2502 2795 2779 2867; x_wconf 76' lang='grc' dir='ltr'>ἁπλότητι</span> <span class='ocrx_word' id='word_1_409' title='bbox 2838 2794 3080 2872; x_wconf 80' lang='grc' dir='ltr'>καρδίας.</span> <span class='ocrx_word' id='word_1_410' title='bbox 3110 2821 3139 2847; x_wconf 71' lang='grc' dir='ltr'><strong>η</strong></span> <span class='ocrx_word' id='word_1_411' title='bbox 3200 2798 3318 2854; x_wconf 83' lang='grc' dir='ltr'>Ἒνι</span> <span class='ocrx_word' id='word_1_412' title='bbox 3354 2797 3457 2871; x_wconf 78' lang='grc' dir='ltr'>γάρ</span> <span class='ocrx_word' id='word_1_413' title='bbox 3496 2794 3584 2850; x_wconf 85' lang='grc' dir='ltr'>καὶ</span> <span class='ocrx_word' id='word_1_414' title='bbox 3622 2795 3758 2866; x_wconf 86' lang='grc' dir='ltr'>μετὰ</span> 
     </span>
    </p>
   </div>
   <div class='ocr_carea' id='block_1_59' title="bbox 2100 2880 3761 2970">
    <p class='ocr_par' dir='ltr' id='par_1_59' title="bbox 2100 2880 3761 2970">
     <span class='ocr_line' id='line_1_59' title="bbox 2100 2880 3761 2970; baseline -0.007 -23"><span class='ocrx_word' id='word_1_415' title='bbox 2100 2885 2274 2970; x_wconf 81' lang='grc' dir='ltr'>φόϐου</span> <span class='ocrx_word' id='word_1_416' title='bbox 2302 2889 2392 2944; x_wconf 84' lang='grc' dir='ltr'>καὶ</span> <span class='ocrx_word' id='word_1_417' title='bbox 2421 2888 2634 2962; x_wconf 87' lang='grc' dir='ltr'>τρόμου</span> <span class='ocrx_word' id='word_1_418' title='bbox 2665 2883 2968 2955; x_wconf 79' lang='grc' dir='ltr'>δουλεύειν,</span> <span class='ocrx_word' id='word_1_419' title='bbox 2990 2884 3119 2941; x_wconf 83' lang='grc' dir='ltr'>ἀλλ’</span> <span class='ocrx_word' id='word_1_420' title='bbox 3147 2884 3246 2941; x_wconf 88' lang='grc' dir='ltr'>οὐκ</span> <span class='ocrx_word' id='word_1_421' title='bbox 3270 2885 3318 2956; x_wconf 77' lang='grc' dir='ltr'>ἑξ</span> <span class='ocrx_word' id='word_1_422' title='bbox 3352 2883 3578 2952; x_wconf 77' lang='grc' dir='ltr'>εὐνοίας,</span> <span class='ocrx_word' id='word_1_423' title='bbox 3613 2880 3761 2937; x_wconf 83' lang='grc' dir='ltr'>ἀλλά</span> 
     </span>
    </p>
   </div>
   <div class='ocr_carea' id='block_1_60' title="bbox 2099 2972 3761 3055">
    <p class='ocr_par' dir='ltr' id='par_1_60' title="bbox 2099 2972 3761 3055">
     <span class='ocr_line' id='line_1_60' title="bbox 2099 2972 3761 3055; baseline -0.007 -18"><span class='ocrx_word' id='word_1_424' title='bbox 2099 2978 2442 3055; x_wconf 84' lang='grc' dir='ltr'>κακούργως.</span> <span class='ocrx_word' id='word_1_425' title='bbox 2476 3002 2503 3029; x_wconf 86' lang='grc'>‹‹</span> <span class='ocrx_word' id='word_1_426' title='bbox 2540 2977 2632 3046; x_wconf 82' lang='grc' dir='ltr'>Μὴ</span> <span class='ocrx_word' id='word_1_427' title='bbox 2690 2977 2809 3031; x_wconf 86' lang='grc' dir='ltr'>κατ’</span> <span class='ocrx_word' id='word_1_428' title='bbox 2864 2972 3382 3053; x_wconf 76' lang='grc' dir='ltr'>ὀφθαλμοδουλίαν,</span> <span class='ocrx_word' id='word_1_429' title='bbox 3417 2998 3445 3025; x_wconf 83' lang='grc'><strong>››</strong></span> <span class='ocrx_word' id='word_1_430' title='bbox 3488 2973 3600 3044; x_wconf 79' lang='grc' dir='ltr'>Μὴ,</span> <span class='ocrx_word' id='word_1_431' title='bbox 3633 2973 3761 3026; x_wconf 80' lang='grc' dir='ltr'>ὅταν</span> 
     </span>
    </p>
   </div>
   <div class='ocr_carea' id='block_1_61' title="bbox 2101 3061 3763 3145">
    <p class='ocr_par' dir='ltr' id='par_1_61' title="bbox 2101 3061 3763 3145">
     <span class='ocr_line' id='line_1_61' title="bbox 2101 3061 3763 3145; baseline -0.007 -19"><span class='ocrx_word' id='word_1_432' title='bbox 2101 3072 2356 3145; x_wconf 81' lang='grc' dir='ltr'>πάραισιν</span> <span class='ocrx_word' id='word_1_433' title='bbox 2386 3066 2437 3122; x_wconf 84' lang='grc' dir='ltr'>οί</span> <span class='ocrx_word' id='word_1_434' title='bbox 2468 3063 2722 3122; x_wconf 85' lang='grc' dir='ltr'>δεσπόται</span> <span class='ocrx_word' id='word_1_435' title='bbox 2782 3064 2872 3120; x_wconf 84' lang='grc' dir='ltr'>καὶ</span> <span class='ocrx_word' id='word_1_436' title='bbox 2932 3066 3156 3141; x_wconf 84' lang='grc' dir='ltr'>ὁρῶσιν,</span> <span class='ocrx_word' id='word_1_437' title='bbox 3206 3061 3353 3119; x_wconf 84' lang='grc' dir='ltr'>ἀλλά</span> <span class='ocrx_word' id='word_1_438' title='bbox 3390 3064 3478 3119; x_wconf 86' lang='grc' dir='ltr'>καὶ</span> <span class='ocrx_word' id='word_1_439' title='bbox 3514 3061 3763 3118; x_wconf 82' lang='grc' dir='ltr'>ἀπόντων</span> 
     </span>
    </p>
   </div>
   <div class='ocr_carea' id='block_1_62' title="bbox 2102 3149 3763 3228">
    <p class='ocr_par' dir='ltr' id='par_1_62' title="bbox 2102 3149 3763 3228">
     <span class='ocr_line' id='line_1_62' title="bbox 2102 3149 3763 3228; baseline -0.007 -11"><span class='ocrx_word' id='word_1_440' title='bbox 2102 3162 2301 3228; x_wconf 85' lang='grc' dir='ltr'>αὐτῶν,</span> <span class='ocrx_word' id='word_1_441' title='bbox 2355 3158 2443 3213; x_wconf 79' lang='grc' dir='ltr'>ἳνα</span> <span class='ocrx_word' id='word_1_442' title='bbox 2500 3158 2568 3212; x_wconf 78' lang='grc' dir='ltr'>τά</span> <span class='ocrx_word' id='word_1_443' title='bbox 2625 3154 2815 3211; x_wconf 81' lang='grc' dir='ltr'>δέοντα</span> <span class='ocrx_word' id='word_1_444' title='bbox 2869 3160 3123 3212; x_wconf 85' lang='grc' dir='ltr'>ποιῶσιν.</span> <span class='ocrx_word' id='word_1_445' title='bbox 3189 3176 3211 3206; x_wconf 82' lang='grc' dir='ltr'>ι</span> <span class='ocrx_word' id='word_1_446' title='bbox 3270 3151 3433 3210; x_wconf 85' lang='grc' dir='ltr'>Ἀλλ’</span> <span class='ocrx_word' id='word_1_447' title='bbox 3465 3154 3538 3214; x_wconf 85' lang='grc' dir='ltr'>ὡς</span> <span class='ocrx_word' id='word_1_448' title='bbox 3570 3149 3763 3207; x_wconf 67' lang='grc' dir='ltr'>δοῦλοι</span> 
     </span>
    </p>
   </div>
   <div class='ocr_carea' id='block_1_63' title="bbox 2105 3236 3765 3324">
    <p class='ocr_par' dir='ltr' id='par_1_63' title="bbox 2105 3236 3765 3324">
     <span class='ocr_line' id='line_1_63' title="bbox 2105 3236 3765 3324; baseline -0.007 -17"><span class='ocrx_word' id='word_1_449' title='bbox 2105 3255 2203 3307; x_wconf 75' lang='grc' dir='ltr'>τοῦ</span> <span class='ocrx_word' id='word_1_450' title='bbox 2260 3250 2511 3324; x_wconf 74' lang='grc' dir='ltr'>Χριστοῦ.</span> <span class='ocrx_word' id='word_1_451' title='bbox 2547 3270 2575 3299; x_wconf 84' lang='grc'><strong>››</strong></span> <span class='ocrx_word' id='word_1_452' title='bbox 2636 3247 2775 3321; x_wconf 79' lang='grc' dir='ltr'>Ἀρα</span> <span class='ocrx_word' id='word_1_453' title='bbox 2835 3243 2928 3300; x_wconf 77' lang='grc' dir='ltr'>οὖν</span> <span class='ocrx_word' id='word_1_454' title='bbox 2988 3244 3440 3320; x_wconf 81' lang='grc' dir='ltr'>ἀνθρωπάρεσκος</span> <span class='ocrx_word' id='word_1_455' title='bbox 3500 3240 3600 3297; x_wconf 85' lang='grc' dir='ltr'>οὐκ</span> <span class='ocrx_word' id='word_1_456' title='bbox 3652 3236 3765 3297; x_wconf 83' lang='grc' dir='ltr'>ἔστι</span> 
     </span>
    </p>
   </div>
   <div class='ocr_carea' id='block_1_64' title="bbox 350 3300 1992 3413">
    <p class='ocr_par' dir='ltr' id='par_1_64' title="bbox 350 3300 1992 3411">
     <span class='ocr_line' id='line_1_64' title="bbox 350 3300 1992 3411; baseline 0.005 -22"><span class='ocrx_word' id='word_1_457' title='bbox 350 3340 636 3405; x_wconf 88' lang='lat' dir='ltr'>tanquam</span> <span class='ocrx_word' id='word_1_458' title='bbox 660 3335 808 3390; x_wconf 88' lang='lat' dir='ltr'>servi</span> <span class='ocrx_word' id='word_1_459' title='bbox 833 3300 1071 3393; x_wconf 72' lang='lat' dir='ltr'>Christi.</span> <span class='ocrx_word' id='word_1_460' title='bbox 1099 3360 1127 3387; x_wconf 85' lang='lat'>»</span> <span class='ocrx_word' id='word_1_461' title='bbox 1156 3300 1361 3411; x_wconf 61' lang='lat' dir='ltr'>Itaqu;</span> <span class='ocrx_word' id='word_1_462' title='bbox 1382 3342 1481 3411; x_wconf 87' lang='lat' dir='ltr'>qui</span> <span class='ocrx_word' id='word_1_463' title='bbox 1510 3343 1708 3398; x_wconf 88' lang='lat' dir='ltr'>studet</span> <span class='ocrx_word' id='word_1_464' title='bbox 1750 3343 1992 3398; x_wconf 87' lang='lat' dir='ltr'>homini-</span> 
     </span>
    </p>
   </div>
   <div class='ocr_carea' id='block_1_65' title="bbox 2108 3300 3767 3413">
    <p class='ocr_par' dir='ltr' id='par_1_65' title="bbox 2110 3300 3767 3413">
     <span class='ocr_line' id='line_1_65' title="bbox 2110 3300 3767 3413; baseline -0.007 -16"><span class='ocrx_word' id='word_1_465' title='bbox 2110 3300 2315 3402; x_wconf 74' lang='grc' dir='ltr'>δοῦλος⁸</span> <span class='ocrx_word' id='word_1_466' title='bbox 2340 3339 2601 3413; x_wconf 75' lang='grc' dir='ltr'>Χριστοῦ.</span> <span class='ocrx_word' id='word_1_467' title='bbox 2637 3360 2665 3387; x_wconf 78' lang='grc'><strong>››</strong></span> <span class='ocrx_word' id='word_1_468' title='bbox 2699 3300 2795 3393; x_wconf 55' lang='grc' dir='ltr'>ίΕκ</span> <span class='ocrx_word' id='word_1_469' title='bbox 2822 3338 3010 3410; x_wconf 81' lang='grc' dir='ltr'>ψυχῆς</span> <span class='ocrx_word' id='word_1_470' title='bbox 3045 3335 3160 3407; x_wconf 87' lang='grc' dir='ltr'>μετ’</span> <span class='ocrx_word' id='word_1_471' title='bbox 3193 3300 3428 3396; x_wconf 59' lang='grc' dir='ltr'>εὐνοίας.</span> <span class='ocrx_word' id='word_1_472' title='bbox 3450 3354 3477 3386; x_wconf 70' lang='grc' dir='ltr'><strong><em>ι</em></strong></span> <span class='ocrx_word' id='word_1_473' title='bbox 3515 3334 3633 3388; x_wconf 61' lang='lat' dir='ltr'>&quot;Evr</span> <span class='ocrx_word' id='word_1_474' title='bbox 3663 3332 3767 3407; x_wconf 76' lang='grc' dir='ltr'>γάρ</span> 
     </span>
    </p>
   </div>
   <div class='ocr_carea' id='block_1_66' title="bbox 351 3422 1997 3494">
    <p class='ocr_par' dir='ltr' id='par_1_66' title="bbox 351 3422 1997 3494">
     <span class='ocr_line' id='line_1_66' title="bbox 351 3422 1997 3494; baseline 0.007 -17"><span class='ocrx_word' id='word_1_475' title='bbox 351 3422 734 3494; x_wconf 84' lang='lat' dir='ltr'>husplacere,</span> <span class='ocrx_word' id='word_1_476' title='bbox 756 3441 877 3479; x_wconf 91' lang='lat' dir='ltr'>non</span> <span class='ocrx_word' id='word_1_477' title='bbox 921 3431 1011 3480; x_wconf 88' lang='lat' dir='ltr'>est</span> <span class='ocrx_word' id='word_1_478' title='bbox 1060 3443 1260 3483; x_wconf 89' lang='lat' dir='ltr'>servus</span> <span class='ocrx_word' id='word_1_479' title='bbox 1309 3428 1545 3486; x_wconf 85' lang='lat' dir='ltr'>Christi.</span> <span class='ocrx_word' id='word_1_480' title='bbox 1592 3454 1621 3481; x_wconf 83' lang='lat'><strong>«</strong></span> <span class='ocrx_word' id='word_1_481' title='bbox 1682 3434 1765 3487; x_wconf 85' lang='lat' dir='ltr'>Ex</span> <span class='ocrx_word' id='word_1_482' title='bbox 1796 3432 1997 3488; x_wconf 87' lang='lat' dir='ltr'>animo</span> 
     </span>
    </p>
   </div>
   <div class='ocr_carea' id='block_1_67' title="bbox 354 3510 1998 3594">
    <p class='ocr_par' dir='ltr' id='par_1_67' title="bbox 354 3510 1998 3594">
     <span class='ocr_line' id='line_1_67' title="bbox 354 3510 1998 3594; baseline 0.006 -28"><span class='ocrx_word' id='word_1_483' title='bbox 354 3528 488 3567; x_wconf 86' lang='lat' dir='ltr'>cum</span> <span class='ocrx_word' id='word_1_484' title='bbox 510 3510 942 3568; x_wconf 87' lang='lat' dir='ltr'>benevolentia.</span> <span class='ocrx_word' id='word_1_485' title='bbox 967 3536 995 3565; x_wconf 68' lang='grc' dir='ltr'>ι)</span> <span class='ocrx_word' id='word_1_486' title='bbox 1024 3516 1321 3590; x_wconf 89' lang='lat' dir='ltr'>Contingit</span> <span class='ocrx_word' id='word_1_487' title='bbox 1339 3520 1516 3575; x_wconf 86' lang='lat' dir='ltr'>etiam</span> <span class='ocrx_word' id='word_1_488' title='bbox 1540 3520 1600 3575; x_wconf 90' lang='lat' dir='ltr'>in</span> <span class='ocrx_word' id='word_1_489' title='bbox 1618 3521 1998 3594; x_wconf 85' lang='lat' dir='ltr'>simplicitate</span> 
     </span>
    </p>
   </div>
   <div class='ocr_carea' id='block_1_68' title="bbox 356 3601 1998 3685">
    <p class='ocr_par' dir='ltr' id='par_1_68' title="bbox 356 3601 1998 3685">
     <span class='ocr_line' id='line_1_68' title="bbox 356 3601 1998 3685; baseline 0.007 -30"><span class='ocrx_word' id='word_1_490' title='bbox 356 3601 560 3656; x_wconf 81' lang='lat' dir='ltr'>dolose</span> <span class='ocrx_word' id='word_1_491' title='bbox 577 3602 957 3672; x_wconf 89' lang='lat' dir='ltr'>operari,non</span> <span class='ocrx_word' id='word_1_492' title='bbox 970 3611 1257 3675; x_wconf 89' lang='lat' dir='ltr'>quantum</span> <span class='ocrx_word' id='word_1_493' title='bbox 1276 3611 1599 3679; x_wconf 90' lang='lat' dir='ltr'>potest,sed</span> <span class='ocrx_word' id='word_1_494' title='bbox 1614 3617 1829 3667; x_wconf 87' lang='lat' dir='ltr'>tantum</span> <span class='ocrx_word' id='word_1_495' title='bbox 1843 3613 1998 3685; x_wconf 87' lang='lat' dir='ltr'>quod</span> 
     </span>
    </p>
   </div>
   <div class='ocr_carea' id='block_1_69' title="bbox 359 3690 2002 3758">
    <p class='ocr_par' dir='ltr' id='par_1_69' title="bbox 359 3690 2002 3758">
     <span class='ocr_line' id='line_1_69' title="bbox 359 3690 2002 3758; baseline 0.008 -13"><span class='ocrx_word' id='word_1_496' title='bbox 359 3690 673 3745; x_wconf 84' lang='lat' dir='ltr'>deﬁnitum</span> <span class='ocrx_word' id='word_1_497' title='bbox 696 3696 804 3748; x_wconf 89' lang='lat' dir='ltr'>est.</span> <span class='ocrx_word' id='word_1_498' title='bbox 826 3714 855 3741; x_wconf 87' lang='lat'><strong><em>«</em></strong></span> <span class='ocrx_word' id='word_1_499' title='bbox 880 3694 1130 3749; x_wconf 90' lang='lat' dir='ltr'>Domino</span> <span class='ocrx_word' id='word_1_500' title='bbox 1157 3702 1215 3751; x_wconf 90' lang='lat' dir='ltr'>et</span> <span class='ocrx_word' id='word_1_501' title='bbox 1272 3714 1390 3753; x_wconf 92' lang='lat' dir='ltr'>non</span> <span class='ocrx_word' id='word_1_502' title='bbox 1422 3699 1780 3757; x_wconf 83' lang='lat' dir='ltr'>hominibus.</span> <span class='ocrx_word' id='word_1_503' title='bbox 1818 3727 1839 3755; x_wconf 77' lang='grc' dir='ltr'>ι</span> <span class='ocrx_word' id='word_1_504' title='bbox 1876 3704 2002 3758; x_wconf 78' lang='lat' dir='ltr'>Non</span> 
     </span>
    </p>
   </div>
   <div class='ocr_carea' id='block_1_70' title="bbox 358 3780 2005 3863">
    <p class='ocr_par' dir='ltr' id='par_1_70' title="bbox 358 3780 2005 3863">
     <span class='ocr_line' id='line_1_70' title="bbox 358 3780 2005 3863; baseline 0.006 -26"><span class='ocrx_word' id='word_1_505' title='bbox 358 3787 581 3846; x_wconf 84' lang='lat' dir='ltr'>coacte,</span> <span class='ocrx_word' id='word_1_506' title='bbox 612 3780 716 3836; x_wconf 91' lang='lat' dir='ltr'>sed</span> <span class='ocrx_word' id='word_1_507' title='bbox 752 3798 821 3837; x_wconf 86' lang='lat' dir='ltr'>ex</span> <span class='ocrx_word' id='word_1_508' title='bbox 852 3782 1151 3840; x_wconf 86' lang='lat' dir='ltr'>voluntate</span> <span class='ocrx_word' id='word_1_509' title='bbox 1182 3787 1389 3843; x_wconf 88' lang='lat' dir='ltr'>libera.</span> <span class='ocrx_word' id='word_1_510' title='bbox 1426 3811 1453 3839; x_wconf 83' lang='lat'>«</span> <span class='ocrx_word' id='word_1_511' title='bbox 1511 3792 1629 3847; x_wconf 85' lang='lat' dir='ltr'>Hoc</span> <span class='ocrx_word' id='word_1_512' title='bbox 1675 3792 2005 3863; x_wconf 83' lang='lat' dir='ltr'>reportabit</span> 
     </span>
    </p>
   </div>
   <div class='ocr_carea' id='block_1_71' title="bbox 357 3870 2003 3953">
    <p class='ocr_par' dir='ltr' id='par_1_71' title="bbox 357 3870 2003 3953">
     <span class='ocr_line' id='line_1_71' title="bbox 357 3870 2003 3953; baseline 0.005 -27"><span class='ocrx_word' id='word_1_513' title='bbox 357 3887 393 3926; x_wconf 86' lang='lat' dir='ltr'>a</span> <span class='ocrx_word' id='word_1_514' title='bbox 422 3870 693 3926; x_wconf 90' lang='lat' dir='ltr'>Domino.</span> <span class='ocrx_word' id='word_1_515' title='bbox 728 3890 756 3920; x_wconf 71' lang='grc' dir='ltr'>ι)</span> <span class='ocrx_word' id='word_1_516' title='bbox 783 3872 1073 3937; x_wconf 88' lang='lat' dir='ltr'>Quoniam</span> <span class='ocrx_word' id='word_1_517' title='bbox 1104 3876 1429 3934; x_wconf 89' lang='lat' dir='ltr'>verisimile</span> <span class='ocrx_word' id='word_1_518' title='bbox 1451 3885 1540 3934; x_wconf 92' lang='lat' dir='ltr'>est</span> <span class='ocrx_word' id='word_1_519' title='bbox 1570 3881 1726 3951; x_wconf 91' lang='lat' dir='ltr'>quod</span> <span class='ocrx_word' id='word_1_520' title='bbox 1761 3881 2003 3953; x_wconf 88' lang='lat' dir='ltr'>plurimi</span> 
     </span>
    </p>
   </div>
   <div class='ocr_carea' id='block_1_72' title="bbox 363 3960 2008 4037">
    <p class='ocr_par' dir='ltr' id='par_1_72' title="bbox 363 3960 2008 4037">
     <span class='ocr_line' id='line_1_72' title="bbox 363 3960 2008 4037; baseline 0.009 -23"><span class='ocrx_word' id='word_1_521' title='bbox 363 3960 741 4016; x_wconf 86' lang='lat' dir='ltr'>dominorum</span> <span class='ocrx_word' id='word_1_522' title='bbox 776 3962 958 4018; x_wconf 87' lang='lat' dir='ltr'>servis</span> <span class='ocrx_word' id='word_1_523' title='bbox 988 3980 1110 4019; x_wconf 91' lang='lat' dir='ltr'>non</span> <span class='ocrx_word' id='word_1_524' title='bbox 1135 3966 1549 4037; x_wconf 87' lang='lat' dir='ltr'>rependebant</span> <span class='ocrx_word' id='word_1_525' title='bbox 1577 3971 1730 4026; x_wconf 80' lang='lat' dir='ltr'>vices</span> <span class='ocrx_word' id='word_1_526' title='bbox 1789 3988 1857 4027; x_wconf 90' lang='lat' dir='ltr'>ac</span> <span class='ocrx_word' id='word_1_527' title='bbox 1912 3971 2008 4027; x_wconf 87' lang='lat' dir='ltr'>be-</span> 
     </span>
    </p>
   </div>
   <div class='ocr_carea' id='block_1_73' title="bbox 361 4050 2007 4126">
    <p class='ocr_par' dir='ltr' id='par_1_73' title="bbox 361 4050 2007 4126">
     <span class='ocr_line' id='line_1_73' title="bbox 361 4050 2007 4126; baseline 0.01 -20"><span class='ocrx_word' id='word_1_528' title='bbox 361 4050 851 4117; x_wconf 84' lang='lat' dir='ltr'>nevolentiam,in</span> <span class='ocrx_word' id='word_1_529' title='bbox 880 4054 1077 4110; x_wconf 85' lang='lat' dir='ltr'>futuro</span> <span class='ocrx_word' id='word_1_530' title='bbox 1107 4058 1401 4126; x_wconf 86' lang='lat' dir='ltr'>promittit</span> <span class='ocrx_word' id='word_1_531' title='bbox 1421 4059 1505 4114; x_wconf 88' lang='lat' dir='ltr'>eis</span> <span class='ocrx_word' id='word_1_532' title='bbox 1528 4061 2007 4122; x_wconf 88' lang='lat' dir='ltr'>retributionem.</span> 
     </span>
    </p>
   </div>
   <div class='ocr_carea' id='block_1_74' title="bbox 438 4141 2008 4220">
    <p class='ocr_par' dir='ltr' id='par_1_74' title="bbox 438 4141 2008 4220">
     <span class='ocr_line' id='line_1_74' title="bbox 438 4141 2008 4220; baseline 0.008 -27"><span class='ocrx_word' id='word_1_533' title='bbox 438 4141 529 4207; x_wconf 85' lang='lat' dir='ltr'>VI,</span> <span class='ocrx_word' id='word_1_534' title='bbox 563 4143 615 4195; x_wconf 82' lang='lat'>9.</span> <span class='ocrx_word' id='word_1_535' title='bbox 648 4143 718 4195; x_wconf 87' lang='lat' dir='ltr'>Et</span> <span class='ocrx_word' id='word_1_536' title='bbox 749 4157 858 4205; x_wconf 73' lang='lat' dir='ltr'>vos,</span> <span class='ocrx_word' id='word_1_537' title='bbox 891 4143 1120 4211; x_wconf 84' lang='lat' dir='ltr'>domini,</span> <span class='ocrx_word' id='word_1_538' title='bbox 1155 4146 1342 4201; x_wconf 86' lang='lat' dir='ltr'>eadem</span> <span class='ocrx_word' id='word_1_539' title='bbox 1370 4149 1540 4214; x_wconf 82' lang='lat' dir='ltr'>facile</span> <span class='ocrx_word' id='word_1_540' title='bbox 1564 4167 1695 4220; x_wconf 86' lang='lat' dir='ltr'>erga</span> <span class='ocrx_word' id='word_1_541' title='bbox 1734 4151 1880 4216; x_wconf 88' lang='lat' dir='ltr'>illos,</span> <span class='ocrx_word' id='word_1_542' title='bbox 1905 4151 2008 4208; x_wconf 75' lang='lat'>56</span> 
     </span>
    </p>
   </div>
   <div class='ocr_carea' id='block_1_75' title="bbox 364 4229 2009 4309">
    <p class='ocr_par' dir='ltr' id='par_1_75' title="bbox 364 4229 2009 4309">
     <span class='ocr_line' id='line_1_75' title="bbox 364 4229 2009 4309; baseline 0.005 -23"><span class='ocrx_word' id='word_1_543' title='bbox 364 4229 698 4287; x_wconf 80' lang='lat' dir='ltr'>remittentes</span> <span class='ocrx_word' id='word_1_544' title='bbox 724 4232 904 4286; x_wconf 88' lang='lat' dir='ltr'>minas</span> <span class='ocrx_word' id='word_1_545' title='bbox 927 4248 945 4284; x_wconf 87' lang='lat'><strong><em>:</em></strong></span> <span class='ocrx_word' id='word_1_546' title='bbox 972 4234 1200 4289; x_wconf 82' lang='lat' dir='ltr'>scientes</span> <span class='ocrx_word' id='word_1_547' title='bbox 1229 4236 1378 4305; x_wconf 88' lang='lat' dir='ltr'>quod</span> <span class='ocrx_word' id='word_1_548' title='bbox 1407 4244 1459 4291; x_wconf 86' lang='lat' dir='ltr'>et</span> <span class='ocrx_word' id='word_1_549' title='bbox 1513 4246 1708 4309; x_wconf 81' lang='lat' dir='ltr'>vester,</span> <span class='ocrx_word' id='word_1_550' title='bbox 1765 4241 2009 4308; x_wconf 85' lang='lat' dir='ltr'>ipsorum</span> 
     </span>
    </p>
   </div>
   <div class='ocr_carea' id='block_1_76' title="bbox 368 4320 2013 4396">
    <p class='ocr_par' dir='ltr' id='par_1_76' title="bbox 368 4320 2013 4396">
     <span class='ocr_line' id='line_1_76' title="bbox 368 4320 2013 4396; baseline 0.005 -22"><span class='ocrx_word' id='word_1_551' title='bbox 368 4321 638 4374; x_wconf 87' lang='lat' dir='ltr'>Dominus</span> <span class='ocrx_word' id='word_1_552' title='bbox 668 4324 744 4373; x_wconf 83' lang='lat' dir='ltr'>est</span> <span class='ocrx_word' id='word_1_553' title='bbox 798 4320 857 4372; x_wconf 87' lang='lat' dir='ltr'>in</span> <span class='ocrx_word' id='word_1_554' title='bbox 914 4321 1106 4376; x_wconf 68' lang='lat' dir='ltr'>caelis:</span> <span class='ocrx_word' id='word_1_555' title='bbox 1162 4339 1259 4377; x_wconf 88' lang='lat' dir='ltr'>nec</span> <span class='ocrx_word' id='word_1_556' title='bbox 1308 4340 1558 4393; x_wconf 55' lang='lat' dir='ltr'>persona</span> <span class='ocrx_word' id='word_1_557' title='bbox 1611 4333 1883 4396; x_wconf 77' lang='lat' dir='ltr'>respectus</span> <span class='ocrx_word' id='word_1_558' title='bbox 1939 4335 2013 4382; x_wconf 88' lang='lat' dir='ltr'>est</span> 
     </span>
    </p>
   </div>
   <div class='ocr_carea' id='block_1_77' title="bbox 364 4408 725 4479">
    <p class='ocr_par' dir='ltr' id='par_1_77' title="bbox 364 4408 725 4479">
     <span class='ocr_line' id='line_1_77' title="bbox 364 4408 725 4479; baseline 0 -17"><span class='ocrx_word' id='word_1_559' title='bbox 364 4408 515 4479; x_wconf 86' lang='lat' dir='ltr'>apud</span> <span class='ocrx_word' id='word_1_560' title='bbox 543 4409 725 4463; x_wconf 85' lang='lat' dir='ltr'>illum.</span> 
     </span>
    </p>
   </div>
   <div class='ocr_carea' id='block_1_78' title="bbox 440 4496 2011 4572">
    <p class='ocr_par' dir='ltr' id='par_1_78' title="bbox 440 4496 2011 4572">
     <span class='ocr_line' id='line_1_78' title="bbox 440 4496 2011 4572; baseline 0.006 -21"><span class='ocrx_word' id='word_1_561' title='bbox 440 4496 1161 4563; x_wconf 79' lang='lat' dir='ltr'>Eadem.Qumnam?Cum</span> <span class='ocrx_word' id='word_1_562' title='bbox 1201 4500 1617 4558; x_wconf 84' lang='lat' dir='ltr'>benevolentia</span> <span class='ocrx_word' id='word_1_563' title='bbox 1629 4503 1859 4572; x_wconf 85' lang='lat' dir='ltr'>servite,</span> <span class='ocrx_word' id='word_1_564' title='bbox 1894 4522 2011 4560; x_wconf 91' lang='lat' dir='ltr'>non</span> 
     </span>
    </p>
   </div>
   <div class='ocr_carea' id='block_1_79' title="bbox 373 4586 2015 4660">
    <p class='ocr_par' dir='ltr' id='par_1_79' title="bbox 373 4586 2015 4660">
     <span class='ocr_line' id='line_1_79' title="bbox 373 4586 2015 4660; baseline 0.007 -20"><span class='ocrx_word' id='word_1_565' title='bbox 373 4586 535 4641; x_wconf 88' lang='lat' dir='ltr'>velut</span> <span class='ocrx_word' id='word_1_566' title='bbox 565 4586 909 4643; x_wconf 89' lang='lat' dir='ltr'>hominibus</span> <span class='ocrx_word' id='word_1_567' title='bbox 940 4588 1169 4660; x_wconf 88' lang='lat' dir='ltr'>placere</span> <span class='ocrx_word' id='word_1_568' title='bbox 1200 4591 1527 4649; x_wconf 86' lang='lat' dir='ltr'>studentes.</span> <span class='ocrx_word' id='word_1_569' title='bbox 1563 4595 1675 4649; x_wconf 86' lang='lat' dir='ltr'>Sed</span> <span class='ocrx_word' id='word_1_570' title='bbox 1716 4595 1841 4651; x_wconf 70' lang='lat' dir='ltr'>haec</span> <span class='ocrx_word' id='word_1_571' title='bbox 1894 4612 2015 4650; x_wconf 92' lang='lat' dir='ltr'>non</span> 
     </span>
    </p>
   </div>
   <div class='ocr_carea' id='block_1_80' title="bbox 2107 3420 3768 3500">
    <p class='ocr_par' dir='ltr' id='par_1_80' title="bbox 2107 3420 3768 3500">
     <span class='ocr_line' id='line_1_80' title="bbox 2107 3420 3768 3500; baseline -0.008 -14"><span class='ocrx_word' id='word_1_572' title='bbox 2107 3431 2199 3487; x_wconf 85' lang='grc' dir='ltr'>καὶ</span> <span class='ocrx_word' id='word_1_573' title='bbox 2265 3428 2320 3485; x_wconf 76' lang='grc' dir='ltr'>ἐν</span> <span class='ocrx_word' id='word_1_574' title='bbox 2388 3424 2664 3496; x_wconf 72' lang='grc' dir='ltr'>ἁπλότητι</span> <span class='ocrx_word' id='word_1_575' title='bbox 2731 3424 3049 3500; x_wconf 87' lang='grc' dir='ltr'>κακούργως</span> <span class='ocrx_word' id='word_1_576' title='bbox 3106 3423 3446 3500; x_wconf 79' lang='grc' dir='ltr'>ἐργάζεσθαι,</span> <span class='ocrx_word' id='word_1_577' title='bbox 3520 3422 3596 3495; x_wconf 79' lang='grc' dir='ltr'>μὴ</span> <span class='ocrx_word' id='word_1_578' title='bbox 3661 3420 3768 3493; x_wconf 71' lang='grc' dir='ltr'>μὴν</span> 
     </span>
    </p>
   </div>
   <div class='ocr_carea' id='block_1_81' title="bbox 2110 3509 3768 3589">
    <p class='ocr_par' dir='ltr' id='par_1_81' title="bbox 2110 3509 3768 3589">
     <span class='ocr_line' id='line_1_81' title="bbox 2110 3509 3768 3589; baseline -0.007 -13"><span class='ocrx_word' id='word_1_579' title='bbox 2110 3520 2211 3589; x_wconf 81' lang='grc' dir='ltr'>ὅση</span> <span class='ocrx_word' id='word_1_580' title='bbox 2275 3515 2507 3589; x_wconf 88' lang='grc' dir='ltr'>δύναμις</span> <span class='ocrx_word' id='word_1_581' title='bbox 2565 3513 2845 3589; x_wconf 78' lang='grc' dir='ltr'>πάρεστιν,</span> <span class='ocrx_word' id='word_1_582' title='bbox 2903 3511 3051 3568; x_wconf 83' lang='grc' dir='ltr'>ἀλλᾶ</span> <span class='ocrx_word' id='word_1_583' title='bbox 3107 3514 3171 3568; x_wconf 84' lang='grc' dir='ltr'>τὸ</span> <span class='ocrx_word' id='word_1_584' title='bbox 3230 3509 3534 3585; x_wconf 75' lang='grc' dir='ltr'>ὡρισμένον</span> <span class='ocrx_word' id='word_1_585' title='bbox 3583 3509 3768 3582; x_wconf 85' lang='grc' dir='ltr'>μόνον.</span> 
     </span>
    </p>
   </div>
   <div class='ocr_carea' id='block_1_82' title="bbox 2113 3597 3772 3681">
    <p class='ocr_par' dir='ltr' id='par_1_82' title="bbox 2113 3597 3772 3681">
     <span class='ocr_line' id='line_1_82' title="bbox 2113 3597 3772 3681; baseline -0.006 -20"><span class='ocrx_word' id='word_1_586' title='bbox 2113 3632 2140 3661; x_wconf 85' lang='grc'>‹‹</span> <span class='ocrx_word' id='word_1_587' title='bbox 2173 3611 2265 3680; x_wconf 82' lang='grc' dir='ltr'>Τῷ</span> <span class='ocrx_word' id='word_1_588' title='bbox 2297 3605 2503 3681; x_wconf 83' lang='grc' dir='ltr'>Κυρίῳ,</span> <span class='ocrx_word' id='word_1_589' title='bbox 2534 3603 2625 3659; x_wconf 85' lang='grc' dir='ltr'>καὶ</span> <span class='ocrx_word' id='word_1_590' title='bbox 2668 3602 2767 3659; x_wconf 89' lang='grc' dir='ltr'>οὐκ</span> <span class='ocrx_word' id='word_1_591' title='bbox 2799 3602 3138 3675; x_wconf 85' lang='grc' dir='ltr'>ἀνθρώποις.</span> <span class='ocrx_word' id='word_1_592' title='bbox 3190 3625 3218 3653; x_wconf 82' lang='grc'><strong>››</strong></span> <span class='ocrx_word' id='word_1_593' title='bbox 3281 3600 3376 3669; x_wconf 75' lang='grc' dir='ltr'>Μή</span> <span class='ocrx_word' id='word_1_594' title='bbox 3435 3600 3571 3654; x_wconf 81' lang='grc' dir='ltr'>κατά</span> <span class='ocrx_word' id='word_1_595' title='bbox 3626 3597 3772 3673; x_wconf 82' lang='grc' dir='ltr'>βίαν,</span> 
     </span>
    </p>
   </div>
   <div class='ocr_carea' id='block_1_83' title="bbox 2112 3688 3773 3770">
    <p class='ocr_par' dir='ltr' id='par_1_83' title="bbox 2112 3688 3773 3770">
     <span class='ocr_line' id='line_1_83' title="bbox 2112 3688 3773 3770; baseline -0.008 -16"><span class='ocrx_word' id='word_1_596' title='bbox 2112 3696 2240 3755; x_wconf 79' lang='grc' dir='ltr'>ἀλλ’</span> <span class='ocrx_word' id='word_1_597' title='bbox 2301 3695 2362 3752; x_wconf 79' lang='grc' dir='ltr'>ἐκ</span> <span class='ocrx_word' id='word_1_598' title='bbox 2415 3693 2805 3770; x_wconf 68' lang='grc' dir='ltr'>προαιρέσεως.</span> <span class='ocrx_word' id='word_1_599' title='bbox 2868 3718 2894 3745; x_wconf 85' lang='grc'>‹‹</span> <span class='ocrx_word' id='word_1_600' title='bbox 2941 3696 3114 3748; x_wconf 79' lang='grc' dir='ltr'>Τοῦτο</span> <span class='ocrx_word' id='word_1_601' title='bbox 3170 3695 3451 3763; x_wconf 82' lang='grc' dir='ltr'>κομιεῖται</span> <span class='ocrx_word' id='word_1_602' title='bbox 3500 3688 3773 3763; x_wconf 83' lang='grc' dir='ltr'>παράτοῦ</span> 
     </span>
    </p>
   </div>
   <div class='ocr_carea' id='block_1_84' title="bbox 2114 3774 3771 3861">
    <p class='ocr_par' dir='ltr' id='par_1_84' title="bbox 2114 3774 3771 3861">
     <span class='ocr_line' id='line_1_84' title="bbox 2114 3774 3771 3861; baseline -0.007 -20"><span class='ocrx_word' id='word_1_603' title='bbox 2114 3787 2339 3861; x_wconf 85' lang='grc' dir='ltr'>Κυρίου.</span> <span class='ocrx_word' id='word_1_604' title='bbox 2374 3809 2402 3837; x_wconf 86' lang='grc'><strong>››</strong></span> <span class='ocrx_word' id='word_1_605' title='bbox 2436 3780 2662 3854; x_wconf 82' lang='grc' dir='ltr'>Ἐπειδή</span> <span class='ocrx_word' id='word_1_606' title='bbox 2696 3782 2840 3843; x_wconf 86' lang='grc' dir='ltr'>εἰκός</span> <span class='ocrx_word' id='word_1_607' title='bbox 2870 3780 2982 3837; x_wconf 74' lang='grc' dir='ltr'>ἐστι</span> <span class='ocrx_word' id='word_1_608' title='bbox 3016 3778 3263 3840; x_wconf 79' lang='grc' dir='ltr'>πολλοὺς</span> <span class='ocrx_word' id='word_1_609' title='bbox 3317 3782 3428 3834; x_wconf 86' lang='grc' dir='ltr'>τῶν</span> <span class='ocrx_word' id='word_1_610' title='bbox 3471 3774 3771 3846; x_wconf 79' lang='grc' dir='ltr'>δεσποτῶν,</span> 
     </span>
    </p>
   </div>
   <div class='ocr_carea' id='block_1_85' title="bbox 2119 3865 3773 3952">
    <p class='ocr_par' dir='ltr' id='par_1_85' title="bbox 2119 3865 3773 3952">
     <span class='ocr_line' id='line_1_85' title="bbox 2119 3865 3773 3952; baseline -0.007 -21"><span class='ocrx_word' id='word_1_611' title='bbox 2119 3878 2195 3952; x_wconf 79' lang='grc' dir='ltr'>μὴ</span> <span class='ocrx_word' id='word_1_612' title='bbox 2229 3870 2548 3949; x_wconf 88' lang='grc' dir='ltr'>ἀμείϐεσθαι</span> <span class='ocrx_word' id='word_1_613' title='bbox 2576 3876 2676 3938; x_wconf 81' lang='grc' dir='ltr'>τῆς</span> <span class='ocrx_word' id='word_1_614' title='bbox 2708 3870 2920 3934; x_wconf 76' lang='grc' dir='ltr'>εὐνοίας</span> <span class='ocrx_word' id='word_1_615' title='bbox 2970 3870 3098 3933; x_wconf 79' lang='grc' dir='ltr'>τοὺς</span> <span class='ocrx_word' id='word_1_616' title='bbox 3146 3867 3398 3939; x_wconf 84' lang='grc' dir='ltr'>δούλους,</span> <span class='ocrx_word' id='word_1_617' title='bbox 3450 3870 3560 3923; x_wconf 79' lang='grc' dir='ltr'>ἐκεῖ</span> <span class='ocrx_word' id='word_1_618' title='bbox 3590 3865 3773 3929; x_wconf 81' lang='grc' dir='ltr'>αὐτοῖς</span> 
     </span>
    </p>
   </div>
   <div class='ocr_carea' id='block_1_86' title="bbox 2120 3954 2894 4040">
    <p class='ocr_par' dir='ltr' id='par_1_86' title="bbox 2120 3954 2894 4040">
     <span class='ocr_line' id='line_1_86' title="bbox 2120 3954 2894 4040; baseline -0.012 -18"><span class='ocrx_word' id='word_1_619' title='bbox 2120 3968 2465 4040; x_wconf 70' lang='grc' dir='ltr'>ὑπισχνεῖται</span> <span class='ocrx_word' id='word_1_620' title='bbox 2496 3962 2595 4031; x_wconf 73' lang='grc' dir='ltr'>τὴν</span> <span class='ocrx_word' id='word_1_621' title='bbox 2627 3954 2894 4035; x_wconf 73' lang='grc' dir='ltr'>ἀμοιϐήν.</span> 
     </span>
    </p>
   </div>
   <div class='ocr_carea' id='block_1_87' title="bbox 2189 4134 3777 4215">
    <p class='ocr_par' dir='ltr' id='par_1_87' title="bbox 2189 4134 3777 4215">
     <span class='ocr_line' id='line_1_87' title="bbox 2189 4134 3777 4215; baseline -0.007 -15"><span class='ocrx_word' id='word_1_622' title='bbox 2189 4144 2297 4201; x_wconf 80' lang='grc' dir='ltr'>Καὶ</span> <span class='ocrx_word' id='word_1_623' title='bbox 2373 4142 2425 4197; x_wconf 72' lang='lat' dir='ltr'>ot</span> <span class='ocrx_word' id='word_1_624' title='bbox 2500 4140 2682 4215; x_wconf 85' lang='grc' dir='ltr'>κύριοι</span> <span class='ocrx_word' id='word_1_625' title='bbox 2755 4140 2822 4194; x_wconf 84' lang='grc' dir='ltr'>τὰ</span> <span class='ocrx_word' id='word_1_626' title='bbox 2889 4139 3024 4195; x_wconf 86' lang='grc' dir='ltr'>αὐτὰ</span> <span class='ocrx_word' id='word_1_627' title='bbox 3091 4143 3302 4194; x_wconf 81' lang='grc' dir='ltr'>ποιεῖτε</span> <span class='ocrx_word' id='word_1_628' title='bbox 3366 4136 3503 4213; x_wconf 80' lang='grc' dir='ltr'>πρὸς</span> <span class='ocrx_word' id='word_1_629' title='bbox 3557 4134 3777 4197; x_wconf 75' lang='grc' dir='ltr'>αὐτοὺς’</span> 
     </span>
    </p>
   </div>
   <div class='ocr_carea' id='block_1_88' title="bbox 2121 4226 3779 4301">
    <p class='ocr_par' dir='ltr' id='par_1_88' title="bbox 2121 4226 3779 4301">
     <span class='ocr_line' id='line_1_88' title="bbox 2121 4226 3779 4301; baseline -0.007 -11"><span class='ocrx_word' id='word_1_630' title='bbox 2121 4235 2353 4295; x_wconf 80' lang='grc' dir='ltr'>ἀνιὲντες</span> <span class='ocrx_word' id='word_1_631' title='bbox 2400 4233 2501 4301; x_wconf 61' lang='grc' dir='ltr'>τὴν</span> <span class='ocrx_word' id='word_1_632' title='bbox 2561 4228 2820 4301; x_wconf 71' lang='grc' dir='ltr'>ἀπειλὴν,</span> <span class='ocrx_word' id='word_1_633' title='bbox 2871 4226 3076 4291; x_wconf 76' lang='grc' dir='ltr'>εἰδότες</span> <span class='ocrx_word' id='word_1_634' title='bbox 3129 4228 3216 4284; x_wconf 80' lang='grc' dir='ltr'>ὅτι</span> <span class='ocrx_word' id='word_1_635' title='bbox 3273 4229 3363 4283; x_wconf 81' lang='grc' dir='ltr'>καὶ</span> <span class='ocrx_word' id='word_1_636' title='bbox 3419 4227 3570 4301; x_wconf 81' lang='grc' dir='ltr'>ὑμῶν</span> <span class='ocrx_word' id='word_1_637' title='bbox 3601 4226 3779 4281; x_wconf 80' lang='grc' dir='ltr'>αὐτῶν</span> 
     </span>
    </p>
   </div>
   <div class='ocr_carea' id='block_1_89' title="bbox 2121 4314 3783 4396">
    <p class='ocr_par' dir='ltr' id='par_1_89' title="bbox 2121 4314 3783 4396">
     <span class='ocr_line' id='line_1_89' title="bbox 2121 4314 3783 4396; baseline -0.006 -16"><span class='ocrx_word' id='word_1_638' title='bbox 2121 4327 2150 4381; x_wconf 84' lang='grc' dir='ltr'>ὁ</span> <span class='ocrx_word' id='word_1_639' title='bbox 2185 4323 2380 4396; x_wconf 84' lang='grc' dir='ltr'>Κύριός</span> <span class='ocrx_word' id='word_1_640' title='bbox 2415 4322 2557 4378; x_wconf 78' lang='grc' dir='ltr'>ἐστιν</span> <span class='ocrx_word' id='word_1_641' title='bbox 2607 4321 2661 4376; x_wconf 83' lang='grc' dir='ltr'>ἐν</span> <span class='ocrx_word' id='word_1_642' title='bbox 2716 4321 2989 4394; x_wconf 84' lang='grc' dir='ltr'>οὐρανοῖς.</span> <span class='ocrx_word' id='word_1_643' title='bbox 3048 4320 3154 4377; x_wconf 83' lang='grc' dir='ltr'>Καὶ</span> <span class='ocrx_word' id='word_1_644' title='bbox 3212 4314 3654 4394; x_wconf 81' lang='grc' dir='ltr'>προσωποληψίο.</span> <span class='ocrx_word' id='word_1_645' title='bbox 3687 4314 3783 4370; x_wconf 83' lang='grc' dir='ltr'>οὐκ</span> 
     </span>
    </p>
   </div>
   <div class='ocr_carea' id='block_1_90' title="bbox 2122 4408 2591 4487">
    <p class='ocr_par' dir='ltr' id='par_1_90' title="bbox 2122 4408 2591 4487">
     <span class='ocr_line' id='line_1_90' title="bbox 2122 4408 2591 4487; baseline -0.006 -18"><span class='ocrx_word' id='word_1_646' title='bbox 2122 4408 2237 4470; x_wconf 68' lang='grc' dir='ltr'>ἔστι</span> <span class='ocrx_word' id='word_1_647' title='bbox 2266 4413 2393 4487; x_wconf 86' lang='grc' dir='ltr'>παρ’</span> <span class='ocrx_word' id='word_1_648' title='bbox 2424 4410 2591 4480; x_wconf 84' lang='grc' dir='ltr'>αὐτῷ.</span> 
     </span>
    </p>
   </div>
   <div class='ocr_carea' id='block_1_91' title="bbox 2197 4495 3785 4570">
    <p class='ocr_par' dir='ltr' id='par_1_91' title="bbox 2197 4495 3785 4570">
     <span class='ocr_line' id='line_1_91' title="bbox 2197 4495 3785 4570; baseline -0.008 -8"><span class='ocrx_word' id='word_1_649' title='bbox 2197 4504 2274 4562; x_wconf 70' lang='grc' dir='ltr'>Τὰ</span> <span class='ocrx_word' id='word_1_650' title='bbox 2324 4503 2479 4561; x_wconf 82' lang='grc' dir='ltr'>αὐτά.</span> <span class='ocrx_word' id='word_1_651' title='bbox 2540 4504 2719 4570; x_wconf 85' lang='grc' dir='ltr'>ΙΙοῖα;</span> <span class='ocrx_word' id='word_1_652' title='bbox 2777 4502 2910 4559; x_wconf 82' lang='grc' dir='ltr'>Μετ’</span> <span class='ocrx_word' id='word_1_653' title='bbox 2965 4500 3179 4561; x_wconf 86' lang='grc' dir='ltr'>εὐνοιας</span> <span class='ocrx_word' id='word_1_654' title='bbox 3241 4495 3549 4567; x_wconf 82' lang='grc' dir='ltr'>δουλεύετε,</span> <span class='ocrx_word' id='word_1_655' title='bbox 3598 4502 3676 4564; x_wconf 74' lang='grc' dir='ltr'>πή</span> <span class='ocrx_word' id='word_1_656' title='bbox 3711 4495 3785 4558; x_wconf 84' lang='grc' dir='ltr'>ῶς</span> 
     </span>
    </p>
   </div>
   <div class='ocr_carea' id='block_1_92' title="bbox 2131 4584 3785 4670">
    <p class='ocr_par' dir='ltr' id='par_1_92' title="bbox 2131 4584 3785 4670">
     <span class='ocr_line' id='line_1_92' title="bbox 2131 4584 3785 4670; baseline -0.007 -20"><span class='ocrx_word' id='word_1_657' title='bbox 2131 4594 2597 4670; x_wconf 70' lang='grc' dir='ltr'>ἀνθρωπάρεσκοι.</span> <span class='ocrx_word' id='word_1_658' title='bbox 2632 4588 2813 4647; x_wconf 81' lang='grc' dir='ltr'>Ἀλλά</span> <span class='ocrx_word' id='word_1_659' title='bbox 2859 4593 3027 4645; x_wconf 78' lang='grc' dir='ltr'>ταῦτα</span> <span class='ocrx_word' id='word_1_660' title='bbox 3070 4587 3136 4643; x_wconf 91' lang='grc' dir='ltr'>οὐ</span> <span class='ocrx_word' id='word_1_661' title='bbox 3170 4586 3322 4664; x_wconf 69' lang='grc' dir='ltr'>λέγει</span> <span class='ocrx_word' id='word_1_662' title='bbox 3372 4590 3634 4666; x_wconf 81' lang='grc' dir='ltr'>φανερῶς,</span> <span class='ocrx_word' id='word_1_663' title='bbox 3673 4584 3785 4640; x_wconf 82' lang='grc' dir='ltr'>καί·</span> 
     </span>
    </p>
   </div>
   <div class='ocr_carea' id='block_1_93' title="bbox 375 4654 1992 4756">
    <p class='ocr_par' dir='ltr' id='par_1_93' title="bbox 375 4654 1992 4756">
     <span class='ocr_line' id='line_1_93' title="bbox 375 4654 1992 4756; baseline 0.006 -23"><span class='ocrx_word' id='word_1_664' title='bbox 375 4683 576 4749; x_wconf 86' lang='lat' dir='ltr'>aperte</span> <span class='ocrx_word' id='word_1_665' title='bbox 600 4677 743 4732; x_wconf 89' lang='lat' dir='ltr'>dicit</span> <span class='ocrx_word' id='word_1_666' title='bbox 763 4654 1105 4750; x_wconf 82' lang='lat' dir='ltr'>quanquam</span> <span class='ocrx_word' id='word_1_667' title='bbox 1130 4698 1196 4735; x_wconf 87' lang='lat' dir='ltr'>ea</span> <span class='ocrx_word' id='word_1_668' title='bbox 1218 4681 1754 4756; x_wconf 85' lang='lat' dir='ltr'>intelligit.Etenim</span> <span class='ocrx_word' id='word_1_669' title='bbox 1790 4686 1992 4741; x_wconf 86' lang='lat' dir='ltr'>Domin</span> 
     </span>
    </p>
   </div>
   <div class='ocr_carea' id='block_1_94' title="bbox 2108 4654 3784 4756">
    <p class='ocr_par' dir='ltr' id='par_1_94' title="bbox 2132 4673 3784 4755">
     <span class='ocr_line' id='line_1_94' title="bbox 2132 4673 3784 4755; baseline -0.007 -14"><span class='ocrx_word' id='word_1_670' title='bbox 2132 4707 2220 4741; x_wconf 88' lang='grc' dir='ltr'>τοι</span> <span class='ocrx_word' id='word_1_671' title='bbox 2248 4685 2317 4741; x_wconf 82' lang='grc' dir='ltr'>τά</span> <span class='ocrx_word' id='word_1_672' title='bbox 2344 4684 2482 4739; x_wconf 78' lang='grc' dir='ltr'>αὐτὰ</span> <span class='ocrx_word' id='word_1_673' title='bbox 2540 4679 2866 4752; x_wconf 78' lang='grc' dir='ltr'>διανοηθείς.</span> <span class='ocrx_word' id='word_1_674' title='bbox 2922 4680 3026 4738; x_wconf 85' lang='grc' dir='ltr'>Καὶ</span> <span class='ocrx_word' id='word_1_675' title='bbox 3084 4681 3189 4755; x_wconf 71' lang='grc' dir='ltr'>γὰρ</span> <span class='ocrx_word' id='word_1_676' title='bbox 3232 4679 3323 4734; x_wconf 81' lang='grc' dir='ltr'>καὶ</span> <span class='ocrx_word' id='word_1_677' title='bbox 3355 4678 3408 4734; x_wconf 78' lang='grc' dir='ltr'>οἱ</span> <span class='ocrx_word' id='word_1_678' title='bbox 3437 4677 3618 4753; x_wconf 90' lang='grc' dir='ltr'>κύριοι</span> <span class='ocrx_word' id='word_1_679' title='bbox 3649 4673 3784 4731; x_wconf 81' lang='grc' dir='ltr'>δου-</span> 
     </span>
    </p>
   </div>
   <div class='ocr_carea' id='block_1_95' title="bbox 375 4769 2020 4846">
    <p class='ocr_par' dir='ltr' id='par_1_95' title="bbox 375 4769 2020 4846">
     <span class='ocr_line' id='line_1_95' title="bbox 375 4769 2020 4846; baseline 0.007 -25"><span class='ocrx_word' id='word_1_680' title='bbox 375 4784 612 4840; x_wconf 88' lang='lat' dir='ltr'>quoque</span> <span class='ocrx_word' id='word_1_681' title='bbox 639 4769 902 4824; x_wconf 91' lang='lat' dir='ltr'>serviunt</span> <span class='ocrx_word' id='word_1_682' title='bbox 931 4771 1114 4826; x_wconf 82' lang='lat' dir='ltr'>servis</span> <span class='ocrx_word' id='word_1_683' title='bbox 1161 4773 1461 4844; x_wconf 89' lang='lat' dir='ltr'>Siquidem</span> <span class='ocrx_word' id='word_1_684' title='bbox 1487 4775 1724 4846; x_wconf 86' lang='lat' dir='ltr'>quando</span> <span class='ocrx_word' id='word_1_685' title='bbox 1752 4776 1854 4831; x_wconf 91' lang='lat' dir='ltr'>illo</span> <span class='ocrx_word' id='word_1_686' title='bbox 1882 4777 2020 4832; x_wconf 90' lang='lat' dir='ltr'>dor—</span> 
     </span>
    </p>
   </div>
   <div class='ocr_carea' id='block_1_96' title="bbox 373 4859 2022 4930">
    <p class='ocr_par' dir='ltr' id='par_1_96' title="bbox 373 4859 2022 4930">
     <span class='ocr_line' id='line_1_96' title="bbox 373 4859 2022 4930; baseline 0.005 -16"><span class='ocrx_word' id='word_1_687' title='bbox 373 4859 596 4915; x_wconf 89' lang='lat' dir='ltr'>miente</span> <span class='ocrx_word' id='word_1_688' title='bbox 625 4876 694 4915; x_wconf 90' lang='lat' dir='ltr'>ac</span> <span class='ocrx_word' id='word_1_689' title='bbox 723 4866 1033 4930; x_wconf 88' lang='lat' dir='ltr'>stertente,</span> <span class='ocrx_word' id='word_1_690' title='bbox 1066 4863 1353 4919; x_wconf 87' lang='lat' dir='ltr'>Dominus</span> <span class='ocrx_word' id='word_1_691' title='bbox 1382 4864 1455 4920; x_wconf 91' lang='lat' dir='ltr'>de</span> <span class='ocrx_word' id='word_1_692' title='bbox 1487 4865 1788 4922; x_wconf 83' lang='lat' dir='ltr'>alimentis</span> <span class='ocrx_word' id='word_1_693' title='bbox 1818 4884 1885 4923; x_wconf 88' lang='lat' dir='ltr'>ac</span> <span class='ocrx_word' id='word_1_694' title='bbox 1904 4884 2022 4923; x_wconf 85' lang='lat' dir='ltr'>ves-</span> 
     </span>
    </p>
   </div>
   <div class='ocr_carea' id='block_1_97' title="bbox 377 4949 2022 5020">
    <p class='ocr_par' dir='ltr' id='par_1_97' title="bbox 377 4949 2022 5020">
     <span class='ocr_line' id='line_1_97' title="bbox 377 4949 2022 5020; baseline 0.005 -18"><span class='ocrx_word' id='word_1_695' title='bbox 377 4949 645 5005; x_wconf 85' lang='lat' dir='ltr'>timentis</span> <span class='ocrx_word' id='word_1_696' title='bbox 674 4950 836 5006; x_wconf 89' lang='lat' dir='ltr'>illius</span> <span class='ocrx_word' id='word_1_697' title='bbox 867 4968 1071 5007; x_wconf 84' lang='lat' dir='ltr'>curam</span> <span class='ocrx_word' id='word_1_698' title='bbox 1099 4953 1327 5010; x_wconf 77' lang='lat' dir='ltr'>habens</span> <span class='ocrx_word' id='word_1_699' title='bbox 1358 4971 1479 5009; x_wconf 92' lang='lat' dir='ltr'>non</span> <span class='ocrx_word' id='word_1_700' title='bbox 1525 4955 1766 5020; x_wconf 87' lang='lat' dir='ltr'>dormit,</span> <span class='ocrx_word' id='word_1_701' title='bbox 1822 4973 2022 5012; x_wconf 88' lang='lat' dir='ltr'>annon</span> 
     </span>
    </p>
   </div>
   <div class='ocr_carea' id='block_1_98' title="bbox 378 5039 2021 5111">
    <p class='ocr_par' dir='ltr' id='par_1_98' title="bbox 378 5039 2021 5111">
     <span class='ocr_line' id='line_1_98' title="bbox 378 5039 2021 5111; baseline 0.004 -19"><span class='ocrx_word' id='word_1_702' title='bbox 378 5039 503 5110; x_wconf 89' lang='lat' dir='ltr'>ipse</span> <span class='ocrx_word' id='word_1_703' title='bbox 525 5039 745 5094; x_wconf 81' lang='lat' dir='ltr'>servit?</span> <span class='ocrx_word' id='word_1_704' title='bbox 766 5040 965 5096; x_wconf 90' lang='lat' dir='ltr'>Potest</span> <span class='ocrx_word' id='word_1_705' title='bbox 984 5047 1204 5103; x_wconf 87' lang='lat' dir='ltr'>autem.</span> <span class='ocrx_word' id='word_1_706' title='bbox 1229 5043 1373 5098; x_wconf 88' lang='lat' dir='ltr'>Cum</span> <span class='ocrx_word' id='word_1_707' title='bbox 1395 5044 1607 5100; x_wconf 85' lang='lat' dir='ltr'>timore</span> <span class='ocrx_word' id='word_1_708' title='bbox 1647 5051 1706 5099; x_wconf 90' lang='lat' dir='ltr'>et</span> <span class='ocrx_word' id='word_1_709' title='bbox 1744 5051 2021 5111; x_wconf 82' lang='lat' dir='ltr'>tremore,</span> 
     </span>
    </p>
   </div>
   <div class='ocr_carea' id='block_1_99' title="bbox 381 5127 2027 5203">
    <p class='ocr_par' dir='ltr' id='par_1_99' title="bbox 381 5127 2027 5203">
     <span class='ocr_line' id='line_1_99' title="bbox 381 5127 2027 5203; baseline 0.004 -22"><span class='ocrx_word' id='word_1_710' title='bbox 381 5127 561 5181; x_wconf 87' lang='lat' dir='ltr'>etiam</span> <span class='ocrx_word' id='word_1_711' title='bbox 580 5127 839 5184; x_wconf 88' lang='lat' dir='ltr'>dominis</span> <span class='ocrx_word' id='word_1_712' title='bbox 861 5130 1295 5203; x_wconf 76' lang='lat' dir='ltr'>aptari,nempe</span> <span class='ocrx_word' id='word_1_713' title='bbox 1326 5148 1463 5203; x_wconf 86' lang='lat' dir='ltr'>erga</span> <span class='ocrx_word' id='word_1_714' title='bbox 1484 5134 1687 5188; x_wconf 90' lang='lat' dir='ltr'>Deum.</span> <span class='ocrx_word' id='word_1_715' title='bbox 1719 5156 1746 5183; x_wconf 85' lang='grc'>‹‹</span> <span class='ocrx_word' id='word_1_716' title='bbox 1803 5133 2027 5190; x_wconf 75' lang='lat' dir='ltr'>Remit—</span> 
     </span>
    </p>
   </div>
   <div class='ocr_carea' id='block_1_100' title="bbox 384 5218 2028 5293">
    <p class='ocr_par' dir='ltr' id='par_1_100' title="bbox 384 5218 2028 5293">
     <span class='ocr_line' id='line_1_100' title="bbox 384 5218 2028 5293; baseline 0.005 -24"><span class='ocrx_word' id='word_1_717' title='bbox 384 5221 577 5271; x_wconf 86' lang='lat' dir='ltr'>tentes</span> <span class='ocrx_word' id='word_1_718' title='bbox 607 5218 818 5272; x_wconf 87' lang='lat' dir='ltr'>minas.</span> <span class='ocrx_word' id='word_1_719' title='bbox 853 5240 879 5268; x_wconf 71' lang='grc' dir='ltr'>υ</span> <span class='ocrx_word' id='word_1_720' title='bbox 908 5220 1035 5273; x_wconf 79' lang='lat' dir='ltr'>Non</span> <span class='ocrx_word' id='word_1_721' title='bbox 1066 5237 1292 5291; x_wconf 79' lang='lat' dir='ltr'>graves,</span> <span class='ocrx_word' id='word_1_722' title='bbox 1325 5221 1538 5293; x_wconf 86' lang='lat' dir='ltr'>inquit,</span> <span class='ocrx_word' id='word_1_723' title='bbox 1571 5229 1629 5278; x_wconf 91' lang='lat' dir='ltr'>et</span> <span class='ocrx_word' id='word_1_724' title='bbox 1660 5222 1892 5278; x_wconf 88' lang='lat' dir='ltr'>molesti</span> <span class='ocrx_word' id='word_1_725' title='bbox 1943 5223 2028 5277; x_wconf 81' lang='lat' dir='ltr'>eis</span> 
     </span>
    </p>
   </div>
   <div class='ocr_carea' id='block_1_101' title="bbox 387 5306 2030 5383">
    <p class='ocr_par' dir='ltr' id='par_1_101' title="bbox 387 5306 2030 5383">
     <span class='ocr_line' id='line_1_101' title="bbox 387 5306 2030 5383; baseline 0.003 -22"><span class='ocrx_word' id='word_1_726' title='bbox 387 5307 539 5361; x_wconf 87' lang='lat' dir='ltr'>sitis.</span> <span class='ocrx_word' id='word_1_727' title='bbox 565 5330 591 5356; x_wconf 80' lang='grc' dir='ltr'>α</span> <span class='ocrx_word' id='word_1_728' title='bbox 618 5306 882 5363; x_wconf 85' lang='lat' dir='ltr'>Scientes</span> <span class='ocrx_word' id='word_1_729' title='bbox 909 5309 1068 5379; x_wconf 88' lang='lat' dir='ltr'>quod</span> <span class='ocrx_word' id='word_1_730' title='bbox 1090 5316 1147 5364; x_wconf 90' lang='lat' dir='ltr'>et</span> <span class='ocrx_word' id='word_1_731' title='bbox 1181 5316 1392 5377; x_wconf 88' lang='lat' dir='ltr'>vester,</span> <span class='ocrx_word' id='word_1_732' title='bbox 1442 5312 1707 5383; x_wconf 83' lang='lat' dir='ltr'>ipsorum</span> <span class='ocrx_word' id='word_1_733' title='bbox 1743 5311 2030 5367; x_wconf 89' lang='lat' dir='ltr'>Dominus</span> 
     </span>
    </p>
   </div>
   <div class='ocr_carea' id='block_1_102' title="bbox 389 5396 2033 5471">
    <p class='ocr_par' dir='ltr' id='par_1_102' title="bbox 389 5396 2033 5471">
     <span class='ocr_line' id='line_1_102' title="bbox 389 5396 2033 5471; baseline 0.004 -20"><span class='ocrx_word' id='word_1_734' title='bbox 389 5402 498 5451; x_wconf 86' lang='lat' dir='ltr'>est.</span> <span class='ocrx_word' id='word_1_735' title='bbox 524 5419 544 5445; x_wconf 75' lang='grc' dir='ltr'>ι</span> <span class='ocrx_word' id='word_1_736' title='bbox 567 5427 636 5436; x_wconf 87' lang='lat'>-—-</span> <span class='ocrx_word' id='word_1_737' title='bbox 659 5396 783 5460; x_wconf 89' lang='lat' dir='ltr'>Qua</span> <span class='ocrx_word' id='word_1_738' title='bbox 802 5397 963 5452; x_wconf 86' lang='lat' dir='ltr'>enim</span> <span class='ocrx_word' id='word_1_739' title='bbox 1011 5414 1292 5455; x_wconf 86' lang='lat' dir='ltr'>mensura</span> <span class='ocrx_word' id='word_1_740' title='bbox 1338 5401 1657 5471; x_wconf 87' lang='lat' dir='ltr'>metimini,</span> <span class='ocrx_word' id='word_1_741' title='bbox 1717 5401 2033 5457; x_wconf 84' lang='lat' dir='ltr'>remetien-</span> 
     </span>
    </p>
   </div>
   <div class='ocr_carea' id='block_1_103' title="bbox 389 5485 2034 5554">
    <p class='ocr_par' dir='ltr' id='par_1_103' title="bbox 389 5485 2034 5554">
     <span class='ocr_line' id='line_1_103' title="bbox 389 5485 2034 5554; baseline 0.004 -14"><span class='ocrx_word' id='word_1_742' title='bbox 389 5491 486 5543; x_wconf 89' lang='lat' dir='ltr'>tur</span> <span class='ocrx_word' id='word_1_743' title='bbox 515 5485 615 5542; x_wconf 85' lang='lat' dir='ltr'>alii</span> <span class='ocrx_word' id='word_1_744' title='bbox 648 5485 815 5541; x_wconf 87' lang='lat' dir='ltr'>vobis</span> <span class='ocrx_word' id='word_1_745' title='bbox 843 5486 909 5554; x_wconf 74' lang='grc'>³⁸,</span> <span class='ocrx_word' id='word_1_746' title='bbox 946 5505 1019 5543; x_wconf 90' lang='lat' dir='ltr'>ne</span> <span class='ocrx_word' id='word_1_747' title='bbox 1047 5495 1103 5543; x_wconf 85' lang='lat' dir='ltr'>et</span> <span class='ocrx_word' id='word_1_748' title='bbox 1137 5494 1197 5543; x_wconf 88' lang='lat' dir='ltr'>tu</span> <span class='ocrx_word' id='word_1_749' title='bbox 1227 5489 1475 5546; x_wconf 84' lang='lat' dir='ltr'>audias:</span> <span class='ocrx_word' id='word_1_750' title='bbox 1536 5513 1563 5541; x_wconf 87' lang='grc'>‹‹</span> <span class='ocrx_word' id='word_1_751' title='bbox 1618 5492 1789 5547; x_wconf 89' lang='lat' dir='ltr'>Serve</span> <span class='ocrx_word' id='word_1_752' title='bbox 1847 5491 2034 5547; x_wconf 85' lang='lat' dir='ltr'>scele-</span> 
     </span>
    </p>
   </div>
   <div class='ocr_carea' id='block_1_104' title="bbox 391 5578 2034 5652">
    <p class='ocr_par' dir='ltr' id='par_1_104' title="bbox 391 5578 2034 5652">
     <span class='ocr_line' id='line_1_104' title="bbox 391 5578 2034 5652; baseline 0.004 -21"><span class='ocrx_word' id='word_1_753' title='bbox 391 5584 500 5649; x_wconf 88' lang='lat' dir='ltr'>ste,</span> <span class='ocrx_word' id='word_1_754' title='bbox 533 5584 722 5635; x_wconf 88' lang='lat' dir='ltr'>totum</span> <span class='ocrx_word' id='word_1_755' title='bbox 754 5578 1019 5635; x_wconf 87' lang='lat' dir='ltr'>debitum</span> <span class='ocrx_word' id='word_1_756' title='bbox 1053 5579 1202 5634; x_wconf 91' lang='lat' dir='ltr'>illud</span> <span class='ocrx_word' id='word_1_757' title='bbox 1232 5581 1435 5636; x_wconf 89' lang='lat' dir='ltr'>remisi</span> <span class='ocrx_word' id='word_1_758' title='bbox 1467 5582 1576 5638; x_wconf 88' lang='lat' dir='ltr'>tibi</span> <span class='ocrx_word' id='word_1_759' title='bbox 1605 5581 1670 5649; x_wconf 80' lang='grc'>³⁷,</span> <span class='ocrx_word' id='word_1_760' title='bbox 1704 5606 1732 5633; x_wconf 82' lang='grc'>››</span> <span class='ocrx_word' id='word_1_761' title='bbox 1791 5588 1849 5637; x_wconf 84' lang='lat' dir='ltr'>et</span> <span class='ocrx_word' id='word_1_762' title='bbox 1904 5598 2034 5652; x_wconf 62' lang='lat' dir='ltr'>qua:</span> 
     </span>
    </p>
   </div>
   <div class='ocr_carea' id='block_1_105' title="bbox 465 5726 1559 5795">
    <p class='ocr_par' dir='ltr' id='par_1_105' title="bbox 465 5726 1559 5795">
     <span class='ocr_line' id='line_1_105' title="bbox 465 5726 1559 5795; baseline 0.003 -13"><span class='ocrx_word' id='word_1_763' title='bbox 465 5728 509 5763; x_wconf 81' lang='grc'>³⁸</span> <span class='ocrx_word' id='word_1_764' title='bbox 536 5728 735 5783; x_wconf 82' lang='lat' dir='ltr'>Matth.</span> <span class='ocrx_word' id='word_1_765' title='bbox 769 5729 860 5786; x_wconf 85' lang='lat' dir='ltr'>vil.</span> <span class='ocrx_word' id='word_1_766' title='bbox 896 5732 947 5783; x_wconf 83' lang='lat'>&#39;2.</span> <span class='ocrx_word' id='word_1_767' title='bbox 981 5726 1028 5766; x_wconf 79' lang='grc'>³⁷</span> <span class='ocrx_word' id='word_1_768' title='bbox 1060 5730 1259 5786; x_wconf 84' lang='lat' dir='ltr'>Matth.</span> <span class='ocrx_word' id='word_1_769' title='bbox 1293 5746 1447 5795; x_wconf 76' lang='lat' dir='ltr'>xvm,</span> <span class='ocrx_word' id='word_1_770' title='bbox 1472 5734 1559 5785; x_wconf 79' lang='lat'>32.</span> 
     </span>
    </p>
   </div>
   <div class='ocr_carea' id='block_1_106' title="bbox 2131 4765 3785 4844">
    <p class='ocr_par' dir='ltr' id='par_1_106' title="bbox 2131 4765 3785 4844">
     <span class='ocr_line' id='line_1_106' title="bbox 2131 4765 3785 4844; baseline -0.007 -14"><span class='ocrx_word' id='word_1_771' title='bbox 2131 4775 2353 4833; x_wconf 77' lang='grc' dir='ltr'>λεύουσι</span> <span class='ocrx_word' id='word_1_772' title='bbox 2380 4777 2499 4833; x_wconf 83' lang='grc' dir='ltr'>τοῖς</span> <span class='ocrx_word' id='word_1_773' title='bbox 2531 4768 2777 4832; x_wconf 87' lang='grc' dir='ltr'>δούλοις.</span> <span class='ocrx_word' id='word_1_774' title='bbox 2809 4772 2976 4827; x_wconf 71' lang='grc' dir='ltr'>’Ὀταν</span> <span class='ocrx_word' id='word_1_775' title='bbox 3032 4769 3136 4844; x_wconf 78' lang='grc' dir='ltr'>γάρ</span> <span class='ocrx_word' id='word_1_776' title='bbox 3196 4766 3402 4823; x_wconf 77' lang='grc' dir='ltr'>ἐκείνου</span> <span class='ocrx_word' id='word_1_777' title='bbox 3430 4765 3785 4839; x_wconf 67' lang='grc' dir='ltr'>κοιμωμένου</span> 
     </span>
    </p>
   </div>
   <div class='ocr_carea' id='block_1_107' title="bbox 2130 4852 3784 4938">
    <p class='ocr_par' dir='ltr' id='par_1_107' title="bbox 2130 4852 3784 4938">
     <span class='ocr_line' id='line_1_107' title="bbox 2130 4852 3784 4938; baseline -0.007 -19"><span class='ocrx_word' id='word_1_778' title='bbox 2130 4864 2220 4919; x_wconf 77' lang='grc' dir='ltr'>καὶ</span> <span class='ocrx_word' id='word_1_779' title='bbox 2254 4863 2574 4938; x_wconf 79' lang='grc' dir='ltr'>ῥέγχοντος,</span> <span class='ocrx_word' id='word_1_780' title='bbox 2634 4861 2662 4916; x_wconf 87' lang='grc' dir='ltr'>ὁ</span> <span class='ocrx_word' id='word_1_781' title='bbox 2714 4856 2986 4928; x_wconf 80' lang='grc' dir='ltr'>δεσπότης</span> <span class='ocrx_word' id='word_1_782' title='bbox 3034 4858 3160 4932; x_wconf 75' lang='grc' dir='ltr'>περὶ</span> <span class='ocrx_word' id='word_1_783' title='bbox 3199 4860 3441 4933; x_wconf 75' lang='grc' dir='ltr'>τροφῶν,</span> <span class='ocrx_word' id='word_1_784' title='bbox 3472 4856 3595 4930; x_wconf 79' lang='grc' dir='ltr'>περὶ</span> <span class='ocrx_word' id='word_1_785' title='bbox 3631 4852 3784 4910; x_wconf 81' lang='grc' dir='ltr'>ἐνδύ-</span> 
     </span>
    </p>
   </div>
   <div class='ocr_carea' id='block_1_108' title="bbox 2137 4940 3789 5026">
    <p class='ocr_par' dir='ltr' id='par_1_108' title="bbox 2137 4940 3789 5026">
     <span class='ocr_line' id='line_1_108' title="bbox 2137 4940 3789 5026; baseline -0.022 0"><span class='ocrx_word' id='word_1_786' title='bbox 2137 4971 2308 5026; x_wconf 77' lang='grc' dir='ltr'>ματος</span> <span class='ocrx_word' id='word_1_787' title='bbox 2341 4951 2620 5023; x_wconf 75' lang='grc' dir='ltr'>μεριμνῶν</span> <span class='ocrx_word' id='word_1_788' title='bbox 2662 4945 2724 5002; x_wconf 80' lang='grc' dir='ltr'>οὐ</span> <span class='ocrx_word' id='word_1_789' title='bbox 2755 4942 3026 5013; x_wconf 73' lang='grc' dir='ltr'>καθεύδει,</span> <span class='ocrx_word' id='word_1_790' title='bbox 3058 4942 3163 5018; x_wconf 73' lang='grc' dir='ltr'>ἄρα</span> <span class='ocrx_word' id='word_1_791' title='bbox 3203 4943 3265 4999; x_wconf 85' lang='grc' dir='ltr'>οὐ</span> <span class='ocrx_word' id='word_1_792' title='bbox 3317 4940 3562 4999; x_wconf 81' lang='grc' dir='ltr'>δουλεύει</span> <span class='ocrx_word' id='word_1_793' title='bbox 3591 4962 3604 5011; x_wconf 85' lang='grc'><strong>;</strong></span> <span class='ocrx_word' id='word_1_794' title='bbox 3637 4943 3789 5000; x_wconf 72' lang='grc' dir='ltr'>Ἐστι</span> 
     </span>
    </p>
   </div>
   <div class='ocr_carea' id='block_1_109' title="bbox 2136 5036 3792 5121">
    <p class='ocr_par' dir='ltr' id='par_1_109' title="bbox 2136 5036 3792 5121">
     <span class='ocr_line' id='line_1_109' title="bbox 2136 5036 3792 5121; baseline -0.006 -16"><span class='ocrx_word' id='word_1_795' title='bbox 2136 5047 2193 5105; x_wconf 71' lang='grc' dir='ltr'>δὲ</span> <span class='ocrx_word' id='word_1_796' title='bbox 2245 5046 2335 5103; x_wconf 81' lang='grc' dir='ltr'>καὶ</span> <span class='ocrx_word' id='word_1_797' title='bbox 2391 5046 2480 5101; x_wconf 67' lang='grc' dir='ltr'>επὶ</span> <span class='ocrx_word' id='word_1_798' title='bbox 2537 5051 2646 5100; x_wconf 85' lang='grc' dir='ltr'>τῶν</span> <span class='ocrx_word' id='word_1_799' title='bbox 2695 5043 2901 5119; x_wconf 86' lang='grc' dir='ltr'>κυρίων</span> <span class='ocrx_word' id='word_1_800' title='bbox 2952 5044 3037 5111; x_wconf 86' lang='grc' dir='ltr'>τὸ,</span> <span class='ocrx_word' id='word_1_801' title='bbox 3084 5041 3234 5099; x_wconf 85' lang='grc' dir='ltr'>Μετά</span> <span class='ocrx_word' id='word_1_802' title='bbox 3263 5036 3439 5121; x_wconf 86' lang='grc' dir='ltr'>φόϐου</span> <span class='ocrx_word' id='word_1_803' title='bbox 3466 5041 3555 5096; x_wconf 80' lang='grc' dir='ltr'>καὶ</span> <span class='ocrx_word' id='word_1_804' title='bbox 3584 5039 3792 5115; x_wconf 82' lang='grc' dir='ltr'>τρόμου</span> 
     </span>
    </p>
   </div>
   <div class='ocr_carea' id='block_1_110' title="bbox 2136 5127 3792 5210">
    <p class='ocr_par' dir='ltr' id='par_1_110' title="bbox 2136 5127 3792 5210">
     <span class='ocr_line' id='line_1_110' title="bbox 2136 5127 3792 5210; baseline -0.006 -19"><span class='ocrx_word' id='word_1_805' title='bbox 2136 5135 2397 5210; x_wconf 79' lang='grc' dir='ltr'>ἁρμόσαι,</span> <span class='ocrx_word' id='word_1_806' title='bbox 2430 5137 2526 5189; x_wconf 80' lang='grc' dir='ltr'>τοῦ</span> <span class='ocrx_word' id='word_1_807' title='bbox 2586 5133 2724 5209; x_wconf 86' lang='grc' dir='ltr'>πρὸς</span> <span class='ocrx_word' id='word_1_808' title='bbox 2782 5131 2912 5186; x_wconf 80' lang='grc' dir='ltr'>Θεὸν</span> <span class='ocrx_word' id='word_1_809' title='bbox 2976 5128 3260 5201; x_wconf 82' lang='grc' dir='ltr'>δηλονότι.</span> <span class='ocrx_word' id='word_1_810' title='bbox 3313 5152 3342 5181; x_wconf 75' lang='grc' dir='ltr'>α</span> <span class='ocrx_word' id='word_1_811' title='bbox 3387 5127 3650 5191; x_wconf 77' lang='grc' dir='ltr'>’Δνιὲντες</span> <span class='ocrx_word' id='word_1_812' title='bbox 3695 5129 3792 5196; x_wconf 71' lang='grc' dir='ltr'>τὴν</span> 
     </span>
    </p>
   </div>
   <div class='ocr_carea' id='block_1_111' title="bbox 2136 5217 3799 5299">
    <p class='ocr_par' dir='ltr' id='par_1_111' title="bbox 2136 5217 3799 5299">
     <span class='ocr_line' id='line_1_111' title="bbox 2136 5217 3799 5299; baseline -0.009 -18"><span class='ocrx_word' id='word_1_813' title='bbox 2136 5223 2391 5295; x_wconf 70' lang='grc' dir='ltr'>ἀπειλὴν.</span> <span class='ocrx_word' id='word_1_814' title='bbox 2428 5249 2449 5277; x_wconf 72' lang='grc' dir='ltr'>ο</span> <span class='ocrx_word' id='word_1_815' title='bbox 2490 5223 2584 5291; x_wconf 81' lang='grc' dir='ltr'>Μὴ</span> <span class='ocrx_word' id='word_1_816' title='bbox 2638 5219 2911 5299; x_wconf 84' lang='grc' dir='ltr'>φορτικοὶ,</span> <span class='ocrx_word' id='word_1_817' title='bbox 2973 5220 3131 5296; x_wconf 81' lang='grc' dir='ltr'>φησὶ,</span> <span class='ocrx_word' id='word_1_818' title='bbox 3194 5220 3270 5292; x_wconf 81' lang='grc' dir='ltr'>μή</span> <span class='ocrx_word' id='word_1_819' title='bbox 3331 5219 3610 5293; x_wconf 65' lang='grc' dir='ltr'>ἐπαχθεῖς.</span> <span class='ocrx_word' id='word_1_820' title='bbox 3644 5241 3671 5269; x_wconf 86' lang='grc'>‹‹</span> <span class='ocrx_word' id='word_1_821' title='bbox 3704 5217 3799 5274; x_wconf 80' lang='grc' dir='ltr'>Εἱ-</span> 
     </span>
    </p>
   </div>
   <div class='ocr_carea' id='block_1_112' title="bbox 2141 5305 3796 5386">
    <p class='ocr_par' dir='ltr' id='par_1_112' title="bbox 2141 5305 3796 5386">
     <span class='ocr_line' id='line_1_112' title="bbox 2141 5305 3796 5386; baseline -0.005 -17"><span class='ocrx_word' id='word_1_822' title='bbox 2141 5313 2292 5376; x_wconf 76' lang='grc' dir='ltr'>δὸτες</span> <span class='ocrx_word' id='word_1_823' title='bbox 2323 5312 2407 5368; x_wconf 77' lang='grc' dir='ltr'>ὅτι</span> <span class='ocrx_word' id='word_1_824' title='bbox 2455 5312 2547 5367; x_wconf 83' lang='grc' dir='ltr'>καὶ</span> <span class='ocrx_word' id='word_1_825' title='bbox 2610 5313 2763 5385; x_wconf 81' lang='grc' dir='ltr'>ὑμῶν</span> <span class='ocrx_word' id='word_1_826' title='bbox 2824 5311 2852 5365; x_wconf 86' lang='grc' dir='ltr'>ὁ</span> <span class='ocrx_word' id='word_1_827' title='bbox 2912 5310 3136 5382; x_wconf 81' lang='grc' dir='ltr'>Κύριος.</span> <span class='ocrx_word' id='word_1_828' title='bbox 3173 5333 3195 5363; x_wconf 73' lang='grc' dir='ltr'>ι</span> <span class='ocrx_word' id='word_1_829' title='bbox 3258 5313 3323 5386; x_wconf 80' lang='grc' dir='ltr'>ᾯ</span> <span class='ocrx_word' id='word_1_830' title='bbox 3353 5306 3458 5384; x_wconf 78' lang='grc' dir='ltr'>γὰρ</span> <span class='ocrx_word' id='word_1_831' title='bbox 3491 5305 3672 5381; x_wconf 72' lang='grc' dir='ltr'>μέτρῳ</span> <span class='ocrx_word' id='word_1_832' title='bbox 3705 5327 3796 5379; x_wconf 81' lang='grc' dir='ltr'>με·</span> 
     </span>
    </p>
   </div>
   <div class='ocr_carea' id='block_1_113' title="bbox 2142 5395 3800 5479">
    <p class='ocr_par' dir='ltr' id='par_1_113' title="bbox 2142 5395 3800 5479">
     <span class='ocr_line' id='line_1_113' title="bbox 2142 5395 3800 5479; baseline -0.007 -19"><span class='ocrx_word' id='word_1_833' title='bbox 2142 5408 2338 5479; x_wconf 74' lang='grc' dir='ltr'>τρεῖ-τε,</span> <span class='ocrx_word' id='word_1_834' title='bbox 2394 5401 2922 5474; x_wconf 69' lang='grc' dir='ltr'>ἀντιμετρηθήσεται</span> <span class='ocrx_word' id='word_1_835' title='bbox 2984 5399 3135 5471; x_wconf 76' lang='grc' dir='ltr'>ὑμῖν,</span> <span class='ocrx_word' id='word_1_836' title='bbox 3196 5396 3352 5476; x_wconf 67' lang='grc' dir='ltr'>φησί.</span> <span class='ocrx_word' id='word_1_837' title='bbox 3415 5397 3504 5463; x_wconf 72' lang='grc' dir='ltr'>Μή</span> <span class='ocrx_word' id='word_1_838' title='bbox 3566 5395 3800 5470; x_wconf 76' lang='grc' dir='ltr'>ἀκούσῃς</span> 
     </span>
    </p>
   </div>
   <div class='ocr_carea' id='block_1_114' title="bbox 2143 5481 3795 5562">
    <p class='ocr_par' dir='ltr' id='par_1_114' title="bbox 2143 5481 3795 5562">
     <span class='ocr_line' id='line_1_114' title="bbox 2143 5481 3795 5562; baseline -0.007 -13"><span class='ocrx_word' id='word_1_839' title='bbox 2143 5493 2233 5549; x_wconf 81' lang='grc' dir='ltr'>καὶ</span> <span class='ocrx_word' id='word_1_840' title='bbox 2266 5490 2351 5562; x_wconf 79' lang='grc' dir='ltr'>σὺ,</span> <span class='ocrx_word' id='word_1_841' title='bbox 2387 5514 2416 5544; x_wconf 72' lang='grc' dir='ltr'><strong><em>ι</em></strong></span> <span class='ocrx_word' id='word_1_842' title='bbox 2465 5487 2639 5546; x_wconf 79' lang='grc' dir='ltr'>Δοῦλε</span> <span class='ocrx_word' id='word_1_843' title='bbox 2680 5489 2909 5562; x_wconf 69' lang='grc' dir='ltr'>πονηρὲ,</span> <span class='ocrx_word' id='word_1_844' title='bbox 2959 5491 3131 5542; x_wconf 80' lang='grc' dir='ltr'>πᾶσαν</span> <span class='ocrx_word' id='word_1_845' title='bbox 3186 5485 3396 5554; x_wconf 71' lang='grc' dir='ltr'>εκείνην</span> <span class='ocrx_word' id='word_1_846' title='bbox 3435 5485 3536 5554; x_wconf 78' lang='grc' dir='ltr'>τὴν</span> <span class='ocrx_word' id='word_1_847' title='bbox 3569 5481 3795 5562; x_wconf 72' lang='grc' dir='ltr'>ὀφειλήν</span> 
     </span>
    </p>
   </div>
   <div class='ocr_carea' id='block_1_115' title="bbox 2145 5574 3799 5659">
    <p class='ocr_par' dir='ltr' id='par_1_115' title="bbox 2145 5574 3799 5659">
     <span class='ocr_line' id='line_1_115' title="bbox 2145 5574 3799 5659; baseline -0.005 -24"><span class='ocrx_word' id='word_1_848' title='bbox 2145 5581 2329 5659; x_wconf 75' lang='grc' dir='ltr'>ἀφῆκά</span> <span class='ocrx_word' id='word_1_849' title='bbox 2359 5601 2466 5652; x_wconf 82' lang='grc' dir='ltr'>σοι,</span> <span class='ocrx_word' id='word_1_850' title='bbox 2502 5604 2531 5631; x_wconf 86' lang='grc'><strong>››</strong></span> <span class='ocrx_word' id='word_1_851' title='bbox 2590 5578 2681 5633; x_wconf 79' lang='grc' dir='ltr'>καὶ</span> <span class='ocrx_word' id='word_1_852' title='bbox 2739 5578 2805 5632; x_wconf 76' lang='grc' dir='ltr'>τὰ</span> <span class='ocrx_word' id='word_1_853' title='bbox 2860 5575 3067 5632; x_wconf 88' lang='grc' dir='ltr'>τούτων</span> <span class='ocrx_word' id='word_1_854' title='bbox 3128 5576 3271 5645; x_wconf 74' lang='grc' dir='ltr'>ἑξῆς.</span> <span class='ocrx_word' id='word_1_855' title='bbox 3317 5600 3344 5625; x_wconf 90' lang='grc'><em>‹‹</em></span> <span class='ocrx_word' id='word_1_856' title='bbox 3379 5574 3482 5631; x_wconf 86' lang='grc' dir='ltr'>Καὶ</span> <span class='ocrx_word' id='word_1_857' title='bbox 3511 5593 3799 5648; x_wconf 86' lang='grc' dir='ltr'>προσωπο-</span> 
     </span>
    </p>
   </div>
  </div>
