4108 6386
352 402 504 462 1249

1346 401 1761 463 COMMENT.
1807 398 1887 460 IN
1935 394 2185 457 EPIST.
2220 394 2275 455 II
2309 397 2412 456 AD
2459 397 2733 458 EPHES.

3606 405 3766 465 1250

352 534 528 608 ληψία
558 535 660 591 οὐκ
688 534 802 591 ἔστι
842 535 969 610 παρ’
1026 535 1190 608 αὐτῷ.
1227 559 1255 587 ››
1315 536 1403 604 Μὴ
1461 532 1695 607 νομίσῃς
1754 530 1837 587 ὅτι
1892 532 1999 584 τῶν

2135 528 2394 602 leinceps
2424 536 2775 604 sequuntur.
2809 555 2837 581 «
2870 534 2988 590 Nec
3012 551 3282 607 personae
3339 547 3643 611 respectus
3674 548 3765 598 est

357 624 432 686 εἷς
467 625 557 680 τὸν
590 622 787 680 δοὺλον
835 624 1141 701 γινομένων
1194 625 1371 681 κακῶν
1421 627 1751 704 καταφρονεῖ
1805 617 1895 675 διὰ
1939 619 2003 674 τὸ

350 718 447 770 τοῦ
477 715 777 788 προσώπου
835 710 1070 778 εὐτελές.
1130 713 1239 770 Οὐκ
1295 709 1369 769 ἔνι
1428 714 1574 790 παρὰ
1629 715 1745 784 Θεῷ
1804 706 2003 771 δοῦλος

346 802 437 859 καὶ
466 800 756 875 δεσπότης.

997 912 1261 970 ΚΕΦΔΛ.
1305 913 1361 969 Ι’.

356 1018 446 1075 Ἐν
513 1020 765 1094 σχήματι
841 1017 1152 1094 ὁπλίσεωςΔ
1189 1018 1314 1093 περὶ
1388 1020 1488 1087 τῆς
1553 1014 1689 1072 κατᾶ
1778 1013 2008 1090 Χριστὸν

1026 1089 1328 1166 δυνάμεως.

426 1209 505 1264 Τὸ
579 1207 802 1278 λοιπὸν,
916 1205 1142 1288 ἀδελφοί
1257 1228 1385 1280 μου,
1496 1201 1886 1278 ἱνδυναμοῦσθε
1959 1199 2010 1256 ἐν

357 1295 540 1372 Κυρίῳ
597 1296 688 1351 καὶ
740 1296 792 1351 ἐν
845 1301 926 1369 τῷ
975 1298 1160 1373 κράτει
1214 1302 1317 1366 τῆς
1376 1293 1570 1371 ἰσχύος
1632 1291 1818 1348 αὐτοῦ.
1886 1291 2008 1347 Ἐν-

354 1383 578 1440 ὃόσασθε
663 1386 762 1454 τήν
844 1384 1153 1442 πανοπλίαν
1213 1389 1312 1440 τοῦ
1380 1388 1537 1453 Θεοῦ,
1595 1382 1732 1457 πρὸς
1789 1380 1853 1436 τὸ
1914 1377 2010 1434 δύ-

355 1476 543 1529 νασθαι
619 1475 762 1548 ὑμᾶς
840 1478 1029 1544 στῆναι
1103 1475 1242 1550 πρὸς
1331 1475 1432 1536 τὰς
1536 1468 1818 1546 μεθοδείας
1911 1472 2009 1523 τοῦ

358 1559 645 1621 διαϐόλου.
721 1566 843 1623 Ὀτι
920 1565 1021 1620 οὑκ
1092 1559 1235 1620 ἔστιν
1327 1565 1463 1638 ἡμῖν
1536 1564 1571 1631 ἡ
1647 1558 1798 1629 πάλη
1875 1557 2012 1633 πρὸς

360 1655 499 1727 αἷμα
527 1652 617 1710 καὶ
658 1654 851 1729 σάρκα,
908 1652 1054 1710 ἀλλὰ
1117 1655 1256 1730 πρὸς
1312 1674 1406 1716 τας
1465 1651 1663 1731 ἀρχὰς,
1721 1649 1859 1724 πρὸς
1912 1648 2009 1710 τὰς

362 1741 630 1813 ἐξουσίας,
689 1743 825 1819 πρὸς
881 1743 1013 1805 τοὺς
1096 1743 1545 1819 κοσμοκράτορας
1626 1745 1723 1795 τοῦ
1783 1737 2009 1799 σκύτους

358 1837 455 1887 τοῦ
529 1832 729 1895 αἰῶνος
829 1832 1048 1900 τούτου,
1124 1832 1261 1909 πρὸς
1333 1832 1402 1886 τα
1472 1828 1811 1903 πνευματικᾶ
1910 1832 2011 1894 τῆς

2113 620 2271 693 apud
2297 621 2485 677 illum.
2513 644 2541 672 »
2571 624 2653 679 Ne
2684 624 2986 681 existimes
3017 628 3177 697 quod
3199 637 3534 702 perpetrata
3554 633 3614 689 in
3638 651 3767 690 ser-

2113 728 2217 768 vos
2240 711 2401 767 mala
2430 718 2671 785 propter
2697 730 2968 786 persona)
2999 716 3395 789 abjectionem
3453 721 3764 794 despiciet.

2114 803 2242 858 Non
2274 807 2364 858 est
2395 802 2553 874 apud
2582 804 2770 859 Deum
2803 821 3003 861 servus
3034 813 3137 864 aut
3175 806 3475 870 dominus.

2766 913 2994 971 CAPUT
3032 918 3106 971 X.

2120 1018 2191 1074 De
2212 1018 2473 1090 potentia
2500 1036 2622 1090 qua:
2639 1021 2945 1100 secundum
2979 1023 3264 1081 Christum
3292 1034 3387 1098 est,
3409 1046 3514 1100 per
3543 1033 3761 1089 modum

2596 1097 2649 1147 et
2677 1093 2925 1149 habitum
2953 1103 3271 1154 armaturae.

2188 1202 2281 1267 Vl,
2315 1203 2494 1256 {0-13.
2527 1223 2555 1251 ‹‹
2589 1201 2753 1267 Quod
2787 1210 3077 1276 superest,
3111 1206 3324 1265 fratres
3355 1212 3492 1277 mei,
3545 1215 3764 1269 conﬁr-

2123 1309 2151 1341 «
2182 1290 2429 1345 memini
2462 1290 2523 1345 in
2551 1291 2820 1357 Domino,
2855 1298 2913 1349 et
2942 1294 3001 1349 in
3033 1297 3298 1367 potentia
3327 1299 3559 1356 roboris
3581 1302 3763 1360 illius.

2120 1401 2148 1428 ‹‹
2186 1378 2413 1436 induite
2443 1380 2788 1452 panopliam
2844 1382 2927 1453 (id
2976 1391 3084 1451 est,
3141 1391 3323 1443 totam
3383 1378 3770 1463 armaturam)

2119 1490 2148 1519 «
2180 1469 2306 1534 Dei,
2333 1474 2397 1523 ut
2429 1469 2669 1540 possitis
2700 1476 2857 1526 stare
2886 1471 3167 1529 adversus
3196 1476 3456 1533 assultus
3505 1480 3726 1535 diaboli
3754 1497 3769 1536 :

2121 1579 2149 1606 ‹‹
2183 1557 2465 1629 quoniam
2497 1574 2618 1613 non
2650 1565 2741 1614 est
2770 1559 2945 1616 nobis
2965 1561 3125 1618 lucta
3145 1564 3426 1623 adversus
3447 1584 3689 1626 carnem
3713 1575 3772 1626 et

2122 1667 2150 1695 «
2184 1647 2561 1719 sanguinem,
2594 1648 2697 1703 sed
2730 1648 3012 1706 adversus
3043 1653 3431 1725 principatus,
3484 1658 3768 1715 adversus

2123 1758 2150 1785 ‹‹
2179 1740 2522 1808 potestates,
2555 1737 2834 1793 adversus
2856 1739 3061 1795 mundi
3086 1741 3361 1799 dominos
3389 1747 3774 1806 tenebrarum

2123 1847 2152 1875 «
2187 1824 2387 1880 saeculi
2438 1826 2638 1898 hujus,
2699 1827 2979 1884 adversus
3036 1832 3369 1902 spiritualia
3416 1837 3660 1893 malitias
3708 1839 3773 1894 in

357 1921 621 1997 πονηρίας
685 1921 737 1977 ἐν
800 1927 918 1985 τοῖς
982 1904 1345 1997 ἐπουρανίοις.
1414 1919 1513 1975 Διὰ
1574 1922 1737 1973 τοῦτο
1812 1913 2006 1970 ἀναλά-

2135 1934 2150 1964 ‹
2182 1914 2539 1969 cualestibus.
2573 1916 2943 1989 Quapropter
2971 1922 3256 1978 assumite
3282 1926 3625 1998 panopliam
3648 1928 3773 2001 Dei,

355 2005 476 2066 ϐετε
573 2012 675 2079 τήν
774 2009 1082 2067 πανοπλίαν
1155 2013 1252 2065 τοῦ
1329 2012 1491 2076 Θεοῦ,
1561 2004 1655 2062 τίνα
1738 2002 2011 2074 δυνηθῆτε

357 2098 668 2170 ἀντιστῆναι
725 2097 778 2153 ἐν
837 2103 907 2174 τῇ
965 2096 1149 2174 ἡμέρᾳ
1203 2102 1273 2173 τῇ
1333 2100 1570 2173 πονηρᾷ,
1632 2094 1725 2150 καὶ
1804 2094 2012 2148 ἁπαντα

354 2187 817 2266 κατεργασάμενοι
849 2194 1061 2258 στῆναι.

430 2279 586 2336 Μετὰ
614 2279 677 2334 τὸ
708 2276 976 2349 διατάξαι,
1008 2278 1163 2357 φησὶ,
1193 2278 1262 2332 τὰ
1303 2275 1506 2345 εἰκότα,
1555 2279 1717 2330 τοῦτο
1766 2271 2008 2329 ἀκόλου-

356 2370 448 2423 θον
482 2368 574 2422 καὶ
607 2365 938 2436 ὑπόλοιπον,
993 2369 1056 2422 τὸ
1109 2365 1533 2440 ἐνδυναμοῦσθαι
1594 2365 1735 2439 ὑμᾶς
1794 2361 1846 2417 ἐν
1907 2369 2010 2417 Κυ-

362 2458 486 2532 ρίῳ,
527 2457 770 2512 τουτέστι
799 2461 869 2530 τῇ
898 2457 976 2520 εἰς
1004 2456 1164 2511 αὐτὸν
1194 2453 1398 2513 ἐλπίδι.
1448 2477 1469 2507 ι
1503 2452 1600 2512 Καὶ
1644 2452 1696 2508 ἐν
1744 2453 1825 2525 τῷ
1877 2451 2013 2526 κρά-

354 2567 435 2602 τει
466 2552 566 2616 τῆς
600 2545 792 2619 ἰσχύος
823 2545 1004 2601 αὐτοῦ.
1043 2569 1071 2596 ››
1104 2545 1202 2601 Διὰ
1230 2545 1338 2622 γὰη
1388 2551 1488 2614 τῆς
1533 2544 1701 2598 αὐτοῦ
1754 2541 2010 2617 βοηθείας

356 2634 499 2690 ἐστὶν
532 2637 670 2707 ἡμῖν
696 2636 759 2690 τὸ
790 2632 1030 2705 ἐλπίζειν
1060 2633 1136 2697 εἵς
1186 2633 1370 2690 αὐτόν.
1420 2633 1673 2709 Ἰσχυρὸς
1720 2631 1823 2708 γά)
1877 2630 2011 2699 ἐστι,

354 2723 510 2802 φησὶ,
543 2723 636 2780 καὶ
694 2725 878 2788 ἱκανὸς
943 2722 1115 2780 πάντα
1166 2729 1532 2800 κατορθῶσαι.
1594 2746 1623 2775 ‹‹
1680 2718 2013 2783 Ἐνδύσασθε

356 2817 457 2885 τὴν
490 2814 792 2871 πανοπλίαν
824 2819 922 2871 τοῦ
949 2820 1103 2872 Θεοῦ.
1140 2838 1168 2867 ››
1222 2815 1373 2873 Μετὰ
1428 2815 1492 2870 τὸ
1549 2810 1828 2882 διοικῆσαι
1877 2811 2013 2865 πάν-

359 2925 455 2966 τας
485 2905 624 2959 κατὰ
651 2904 817 2975 τάξιν,
852 2902 1046 2959 λοιπὸν
1103 2903 1195 2960 καὶ
1256 2902 1469 2974 ὁπλίζει
1519 2900 1714 2963 αὐτοὺς
1762 2901 1837 2960 ὡς
1879 2900 2015 2976 πρὸς

359 2991 624 3067 πόλεμον.
657 3016 687 3045 ‹‹
723 2993 867 3068 Πρὸς
896 2997 994 3055 τας
1029 2990 1312 3066 μεθοδείας
1351 2989 1448 3047 τοῖ’)
1499 2986 1785 3046 διαϐόλου.
1822 3015 1843 3044 ι
1903 2989 2019 3054 Οὐκ

365 3084 502 3154 εἶπε,
533 3083 753 3162 Μάχας,
786 3082 953 3153 ἀλλὰ,
1013 3078 1331 3151 Μεθοδείας,
1391 3082 1522 3154 ὅπερ
1580 3080 1692 3135 ἐστὶ
1752 3078 2016 3158 χαλεπώ-

364 3192 546 3245 τερον,
579 3174 697 3227 οἷον
727 3174 862 3248 πρὸς
902 3171 997 3233 τὰς
1056 3166 1377 3244 ἐπιϐουλὰς,
1433 3169 1573 3243 πρὸς
1626 3170 1721 3230 τὰς
1779 3166 2017 3243 ἐνέδρας,

2121 2026 2147 2053 ‹‹
2180 2009 2248 2059 ut
2276 2003 2519 2075 possitis
2562 2005 2840 2061 resistere
2893 2008 2957 2062 in
3011 2008 3106 2065 die
3154 2012 3334 2084 malo,
3386 2020 3443 2070 et
3495 2017 3775 2073 omnibus

2120 2115 2147 2145 «
2181 2093 2426 2149 devictis
2456 2099 2616 2150 stare
2649 2118 2700 2151 ››.

2191 2276 2536 2345 Postquam,
2569 2275 2788 2347 inquit,
2824 2277 2960 2334 data
2985 2286 3123 2336 sunt
3152 2281 3428 2342 decentia
3456 2293 3772 2360 prmcepta,

2120 2364 2231 2419 hoc
2262 2380 2634 2436 consequens
2665 2382 2732 2421 ac
2764 2366 3062 2438 reliquum
3095 2376 3202 2441 est,
3243 2378 3309 2427 ut
3334 2373 3519 2431 fortes
3549 2376 3679 2432 sitis
3710 2377 3774 2432 in

2120 2454 2391 2519 Domino,
2426 2455 2537 2509 hoc
2571 2461 2662 2509 est
2691 2472 2794 2527 spe
2826 2458 2920 2514 57
2961 2475 3091 2529 qua)
3119 2458 3180 2516 in
3213 2461 3407 2534 ipsum
3441 2469 3547 2520 est.
3570 2488 3598 2515 ‹‹
3622 2467 3691 2520 Et
3712 2466 3774 2521 in

2121 2542 2385 2615 potentia
2405 2544 2638 2600 roboris
2668 2544 2852 2620 illius.
2886 2569 2913 2597 ››
2949 2549 3092 2605 Nam
3124 2568 3232 2623 per
3269 2551 3432 2608 illius
3489 2555 3774 2611 auxilium

2122 2632 2413 2705 contingit
2436 2650 2545 2689 nos
2567 2633 2630 2689 in
2653 2651 2722 2690 eo
2746 2652 3007 2707 sperare.
3032 2639 3134 2693 Est
3154 2640 3317 2696 enim
3340 2642 3529 2713 fortis,
3562 2644 3778 2717 inquit,

2123 2728 2181 2778 et
2210 2722 2516 2779 sufﬁciens
2547 2722 2646 2794 qui
2680 2725 2883 2781 omnia
2918 2743 3202 2800 prospere
3235 2738 3612 2803 exsequatur.
3638 2756 3666 2783 ‹‹
3692 2734 3781 2790 In-

2123 2811 2285 2867 duite
2303 2812 2645 2884 panopliam
2667 2814 2792 2869 Dei.
2817 2836 2844 2865 »
2869 2817 3190 2888 Postquam
3217 2836 3425 2876 omnes
3443 2838 3549 2877 suo
3569 2823 3777 2878 ordine

2124 2901 2439 2973 disposuit,
2480 2901 2765 2974 deinceps
2797 2904 2975 2959 etiam
3006 2908 3378 2979 armatipsos
3403 2916 3683 2981 tanquam
3702 2912 3777 2968 ad

2124 2992 2369 3048 bellum.
2409 3016 2429 3040 ι
2465 2992 2758 3049 Adversus
2789 2996 3049 3052 assultus
3078 2997 3314 3054 diaboli.
3353 3023 3380 3050 »
3422 3003 3548 3057 Non
3579 3002 3729 3058 dixit
3762 3021 3776 3059 :

2125 3083 2376 3153 Pugnas,
2414 3082 2536 3146 sed,
2572 3083 2865 3153 Assultus,
2900 3085 3057 3156 quod
3082 3088 3356 3144 miserius
3379 3096 3470 3145 est
3497 3107 3510 3158 ;
3535 3092 3644 3148 hoc
3666 3099 3780 3161 est,

2125 3169 2404 3225 adversus
2430 3169 2699 3237 insidias,
2719 3171 3001 3229 adversus
3023 3174 3571 3246 fraudes,adversus
3588 3179 3779 3238 dolos.

367 3261 505 3336 πρὸς
533 3260 659 3322 τοὺς
692 3258 913 3324 δόλους.
949 3284 978 3313 ‹‹
1009 3261 1125 3319 Οὐκ
1176 3258 1320 3316 ἔστιν
1377 3261 1512 3333 ἡμῖν
1573 3261 1608 3328 ἡ
1670 3255 1820 3327 πάλη
1880 3257 2018 3333 πρὸς

2135 3280 2153 3309 ι
2191 3260 2315 3313 Non
2349 3264 2437 3315 est
2468 3259 2641 3315 nobis
2692 3261 3032 3319 colluctatio
3092 3265 3374 3323 adversus
3426 3286 3667 3326 carnem
3723 3277 3782 3327 et

368 3350 505 3425 αἷμα
533 3351 624 3406 καὶ
656 3351 845 3427 σάρκα.
890 3375 918 3402 ››
949 3352 1129 3409 Ταῦτά
1194 3371 1326 3431 φησι
1387 3345 1600 3411 δεικνὺς
1665 3347 1747 3403 ὅτι
1803 3349 2018 3422 νήψεως

367 3440 528 3516 χρεία
556 3440 646 3495 καὶ
677 3442 1075 3516 γρηγορήσεως
1103 3441 1241 3514 πρὸς
1295 3440 1387 3495 τὸν
1446 3436 1715 3512 πόλεμον,
1774 3435 1836 3492 οὐ
1884 3456 2021 3491 πτο-

367 3535 497 3599 ῆσαι
530 3529 888 3606 βουλόμενος.
923 3531 985 3589 Ὀ
1023 3531 1125 3606 γὰρ
1184 3526 1451 3585 διδάσκων
1507 3532 1604 3583 τοῦ
1662 3527 1866 3606 ἐχθροῦ
1920 3527 2019 3595 τὴν

369 3614 615 3690 δύναμιν,
645 3615 1087 3693 ἄσφαλεστὲρους
1126 3624 1276 3674 ποιεῖ
1329 3617 1461 3680 τοὺς
1511 3616 1765 3678 οἰκείους.
1818 3639 1845 3667 ‹‹
1882 3614 2023 3690 Πρὸς

365 3707 462 3770 τὰς
493 3706 688 3786 ἀρχάς.
720 3732 748 3761 ››
782 3707 916 3783 Περὶ
949 3705 1229 3781 δαιμόνων
1259 3706 1432 3782 λέγει,
1466 3706 1561 3769 οὕς
1608 3709 1771 3780 ἡμεῖς
1820 3704 2024 3759 ὲαοτῶν

364 3799 747 3871 πεποιήκαμεν
832 3794 1126 3875 ἄρχοντας,
1213 3797 1427 3857 ἑκόντες
1488 3794 1672 3858 αὐτοῖς
1732 3792 2025 3849 ὑποκλινό-

373 3908 548 3959 μενοι.
581 3888 659 3945 Οὐ
688 3888 790 3964 γὰρ
824 3883 1028 3963 ἔλαχον
1059 3892 1156 3943 τοῦ
1182 3886 1372 3963 ἄρχειν
1413 3889 1596 3960 ἡμῶν,
1644 3882 1793 3940 ἀλλὰ
1837 3888 2025 3939 πατεῖ-

371 3988 492 4041 σθαι
525 3977 614 4056 ὑφ’
668 3979 854 4050 ἡμῶν.
924 3974 1067 4034 Ἰδοὺ
1134 3976 1239 4052 γὰρ
1310 3973 1521 4031 δέδωκα
1591 3974 1719 4048 ὑμῖν
1786 3971 2025 4043 ἐξουσίαν

378 4070 565 4122 πατεῖν
620 4064 802 4122 ἐπάνω
857 4063 1032 4143 ὄφεων
1089 4067 1180 4122 καὶ
1240 4065 1533 4142 σκορπίων.
1622 4088 1649 4117 ι(
1718 4064 1859 4139 Πρὸς
1931 4063 2029 4126 τὰς

374 4154 646 4231 ἐξουσίας,
720 4155 857 4230 πρὸς
923 4155 1049 4218 τοὺς
1139 4158 1611 4231 κοσμοκράτορας.
1675 4176 1703 4204 ι)
1760 4150 2032 4223 Ἐξουσίαι

379 4242 659 4323 λέγονται,
692 4244 765 4307 ὡς
796 4242 886 4299 διὰ
930 4246 1095 4318 μόνον
1142 4251 1250 4301 τῶν
1298 4249 1485 4310 παθῶν
1536 4242 2036 4317 κατεξουσιάζοντες

375 4332 561 4405 ἡμῶν.
621 4329 1072 4405 Κοσμοκράτορες
1130 4328 1208 4403 δὲ,
1262 4331 1342 4394 ’ὡς
1413 4330 1873 4405 κατακρατοῦντες
1928 4332 2034 4384 τῶν

378 4421 448 4476 τά
503 4420 743 4494 κοσμικὰ
821 4421 1186 4498 φρονούντων.
1247 4418 1324 4477 Οὐ
1404 4420 1506 4495 γάρ
1559 4419 1665 4491 ἓξει
1734 4415 2037 4495 περαιτέρω

378 4522 476 4574 τοῦ
505 4520 718 4593 κόσμου
750 4519 962 4595 χώραν,
1011 4517 1228 4593 κόσμου
1278 4514 1421 4572 οἶδεν
1455 4519 1489 4587 ἡ
1524 4519 1737 4594 Γραφή,
1790 4516 1888 4578 τὰς
1934 4536 2036 4571 πο-

2131 3351 2503 3423 sanguinem.
2541 3371 2565 3402 ι
2599 3356 2731 3408 Haec
2763 3352 2907 3409 dicit
2930 3358 3250 3413 ostendens
3282 3359 3442 3431 quod
3465 3360 3783 3417 sobrietate

2125 3456 2192 3495 ac
2225 3439 2434 3512 vigiliis
2465 3457 2613 3511 opus
2643 3441 2721 3495 sit
2750 3442 2823 3497 ad
2855 3442 3103 3510 bellum,
3135 3462 3254 3503 non
3288 3455 3510 3504 terrere
3556 3448 3779 3505 volens.

2128 3530 2269 3583 Nam
2293 3528 2394 3600 qui
2417 3528 2642 3584 inimici
2663 3529 2837 3587 docet
2856 3536 3186 3604 potentiam
3218 3554 3358 3593 suos
3388 3538 3585 3594 reddit
3613 3554 3783 3594 secu-

2126 3618 2335 3673 riores.
2371 3640 2398 3667 ‹‹
2434 3618 2725 3674 Adversus
2780 3621 3169 3694 principatus.
3210 3647 3236 3675 »
3289 3627 3367 3681 De
3412 3626 3784 3683 daemonibus

2129 3707 2275 3762 dicit
2305 3725 2454 3779 quos
2486 3708 2660 3764 nobis
2692 3709 2837 3781 ipsis
2859 3714 3280 3771 constituimus
3303 3717 3785 3791 principes,ultro

2131 3797 2275 3869 ipsis
2304 3797 2556 3868 subjecti
2584 3814 2596 3852 :
2619 3815 2814 3871 neque
2843 3803 3002 3857 enim
3025 3806 3219 3860 sortiti
3244 3812 3411 3862 erant
3431 3813 3500 3862 ut
3521 3807 3790 3864 domina—

2132 3891 2340 3941 rentur
2370 3885 2562 3954 nobis,
2597 3888 2700 3943 sed
2731 3894 2795 3944 ut
2824 3892 3321 3950 conculcarentur
3345 3912 3379 3950 a
3400 3896 3592 3952 nobis.
3616 3898 3787 3963 Ecce,

2133 3975 2350 4047 inquit,
2382 3975 2518 4031 dedi
2549 3976 2709 4032 vobis
2741 3985 3096 4050 potestatem
3128 3984 3397 4040 calcandi
3431 4002 3612 4058 super
3663 4003 3790 4042 ser-

2134 4072 2341 4140 pentes
2399 4071 2457 4121 et
2518 4068 2864 4140 scorpiones
2918 4070 2986 4126 ³⁸.
3066 4073 3359 4131 Adversus
3445 4082 3789 4148 potestates,

2136 4156 2418 4212 adversus
2447 4156 2654 4212 mundi
2683 4156 2977 4216 dominos.
3002 4183 3031 4211 »
3051 4164 3380 4221 Potestates
3402 4164 3705 4231 dicuntur,
3726 4170 3796 4220 ut

2139 4245 2239 4318 qui
2270 4262 2376 4317 per
2405 4245 2563 4301 solos
2592 4247 2839 4304 affectus
2870 4249 3183 4308 adversum
3215 4270 3324 4310 nos
3355 4254 3576 4312 habent
3626 4260 3795 4327 pote-

2141 4341 2391 4392 statem:
2422 4337 2627 4392 mundi
2654 4344 2853 4394 autem
2902 4342 3159 4409 Domini,
3210 4351 3275 4399 ut
3324 4346 3424 4417 qui
3474 4346 3800 4418 praevalent

2142 4424 2421 4480 adversus
2455 4441 2553 4481 eos
2584 4427 2685 4498 qui
2717 4428 3021 4487 mundana
3051 4433 3338 4489 sentiunt.
3389 4436 3588 4507 Neque
3639 4435 3798 4491 enim

2140 4514 2341 4569 locum
2364 4513 2607 4570 habebit
2628 4516 2785 4572 ultra
2805 4520 3405 4580 mundum.Mundum
3430 4524 3578 4580 solet
3596 4524 3800 4597 appel-

379 4609 551 4683 νηρὰς
608 4609 827 4683 πράξεις
885 4604 1093 4663 καλεῖν.
1153 4607 1315 4664 Οὕτω
1369 4605 1465 4661 καὶ
1523 4606 1551 4660 ὁ
1607 4606 1843 4679 Χριστὸς
1901 4605 2022 4677 πρὸς

2146 4601 2269 4657 lare
2301 4603 2605 4673 Scriptura
2634 4622 2842 4676 pravas
2868 4610 3153 4666 actiones.
3189 4613 3283 4668 Sic
3314 4618 3373 4669 et
3401 4613 3668 4669 Christus
3724 4612 3799 4669 ad

378 4698 507 4760 τοὺς
559 4704 826 4770 μαθητάς·
886 4698 1069 4770 Ὑμεῖς
1128 4692 1227 4751 οῧκ
1284 4694 1421 4765 ἐστε,
1474 4694 1630 4773 φησί,
1683 4697 1781 4749 τοῦ
1823 4694 2034 4766 κόσμου

380 4787 599 4859 τούτου,
655 4787 840 4841 καίτοι
897 4786 1053 4854 ἦσαν,
1118 4783 1294 4842 Ἀλλά
1345 4786 1442 4846 τὰς
1493 4783 1739 4857 πονηρὰς
1815 4784 2034 4856 πράξεις

385 4874 590 4954 λέγων,
624 4877 803 4940 οὕτως
858 4876 991 4931 εἶπε·
1054 4875 1504 4949 κοσμκοράτορας
1562 4871 1655 4927 οὖν
1717 4893 1849 4947 φησι
1913 4871 2041 4934 τοὺς

390 4963 678 5038 δαίμονας,
729 4964 805 5027 ὠς
863 4968 968 5019 τῶν
1027 4967 1284 5039 ποοηρῶν
1343 4963 1586 5039 πράξεων
1639 4959 2040 5036 καθηγεμόνας.

399 5079 419 5105 ι
454 5058 563 5108 ’1ὀῦ
594 5056 821 5115 σκότους
851 5057 948 5108 του
979 5051 1171 5114 αἰῶνος
1200 5050 1413 5107 τούτου.
1452 5074 1479 5103 ››
1509 5053 1623 5107 Ἵνα
1656 5052 1731 5124 μή
1795 5044 2042 5127 φοϐηθῇς

395 5142 607 5199 ἀκούων
685 5144 1153 5217 κοσμοκράτορας,
1234 5138 1471 5216 ἐπήγαγε
1553 5138 1703 5201 τίνος
1788 5138 2042 5214 ἄρχουσι.

391 5236 501 5303 Τῆς
533 5232 794 5307 πονηρίας
825 5230 979 5312 φησί.
1016 5231 1220 5292 Σκότος
1279 5230 1384 5306 γάρ
1432 5233 1531 5285 τοῦ
1580 5229 1779 5291 αἰῶνος
1825 5228 2044 5295 τούτου,

391 5321 458 5377 τά
482 5323 726 5396 πονηράς
758 5321 906 5401 λέγει
955 5321 1193 5396 πράξεις.
1254 5345 1280 5373 (ί
1314 5321 1458 5395 Πρὸς
1504 5321 1574 5375 τὰ
1619 5319 1979 5392 πνευματικά.
2017 5342 2045 5370 ››

393 5412 655 5470 Τουτὲστι
687 5413 751 5467 τά
777 5410 1031 5486 δαιμόνῖα
1059 5412 1126 5467 τὰ
1182 5408 1310 5468 ὅντα
1361 5409 1397 5480 ἢ
1445 5414 1546 5476 τῆς
1592 5409 1882 5484 πονηρίας,
1938 5408 2048 5463 οἷον

393 5506 492 5557 τοῦ
523 5498 786 5557 διαϐόλου
818 5502 931 5576 (ὑπ’
971 5500 1130 5557 αὐτὸν
1187 5500 1287 5577 γὰρ
1344 5498 1638 5573 τελοῦσιν,)
1688 5499 1727 5569 ’ἢ
1786 5502 1896 5554 τῶν
1948 5518 2048 5552 πο-

389 5596 573 5665 νηρῶν
592 5591 835 5666 πράξεων
866 5590 1196 5666 καθηγηταί.
1231 5613 1259 5643 ι(
1292 5591 1379 5647 Ἐν
1420 5594 1537 5652 τοῖς
1580 5588 1977 5666 ἐπουρανοίοις.
2019 5612 2047 5640 η

462 5718 508 5754 ³⁸
544 5719 680 5776 Luc.
717 5738 769 5791 ι,
808 5723 893 5790 19,
969 5719 1014 5754 ³ο
1042 5719 1211 5775 Joan.
1245 5735 1334 5785 xv,
1365 5722 1448 5774 49.

2146 4689 2493 4762 discipulos.
2531 4694 2641 4748 Vos
2672 4711 2792 4749 non
2826 4696 2988 4765 estis,
3018 4698 3236 4770 inquit,
3272 4703 3477 4758 mundi
3519 4703 3699 4774 hujus
3730 4699 3798 4759 3°.

2150 4780 2327 4850 Atqui
2348 4785 2535 4836 erant.
2560 4781 2671 4836 Sed
2695 4799 2900 4853 pravas
2927 4786 3271 4861 intelligens
3302 4791 3568 4847 actiones
3599 4792 3681 4847 ita
3710 4792 3803 4846 lo-

2153 4873 2323 4924 cutus
2347 4873 2454 4925 est.
2480 4871 2678 4925 Mundi
2701 4888 2837 4945 ergo
2864 4873 3136 4932 dominos
3158 4878 3299 4933 dicit
3321 4879 3643 4946 dmmones,
3670 4887 3806 4938 tan-

2154 4974 2333 5031 quam
2363 4975 2675 5030 pravarum
2735 4962 2915 5019 duces
2966 4967 3290 5023 actionum.
3345 4971 3803 5027 «Tenebrarum

2156 5048 2357 5104 saeculi
2388 5047 2588 5121 hujus.
2615 5071 2642 5099 »
2674 5051 2753 5106 Ne
2786 5052 3068 5110 formides
3089 5056 3338 5113 audiens
3361 5075 3462 5115 eos
3484 5059 3808 5116 mundido—

2155 5137 2351 5193 minos
2382 5137 2691 5209 subjunxit
2722 5140 2815 5195 cui
2848 5144 3251 5213 prmsideant:
3287 5149 3552 5218 malitiie,
3585 5150 3804 5221 inquit.

2156 5225 2452 5281 Tenebras
2474 5226 2633 5282 enim
2657 5229 2859 5284 saeculi
2883 5230 3081 5303 hujus.
3108 5251 3313 5305 pravas
3345 5236 3491 5293 dicit
3519 5238 3806 5295 actiones.

2160 5338 2188 5365 ‹‹
2223 5315 2513 5371 Adversus
2545 5317 2880 5387 spiritualia
2911 5321 3172 5380 malitia).
3211 5326 3329 5381 Hoc
3377 5332 3465 5383 est
3513 5326 3812 5382 dmmonia

2161 5422 2291 5478 qum
2320 5410 2458 5460 sunt
2484 5405 2746 5475 malitiae,
2768 5407 2828 5463 id
2850 5415 2961 5478 est,
2998 5410 3215 5468 diaboli
3241 5431 3253 5468 :
3289 5432 3427 5471 nam
3453 5416 3581 5488 ejus
3602 5414 3813 5470 instin-

2160 5503 2258 5552 ctu
2279 5494 2676 5567 perﬁciuntur
2699 5512 2712 5550 :
2737 5504 2839 5553 aut
2859 5516 3171 5571 pravarum
3195 5505 3495 5560 actionum
3519 5503 3808 5577 magistri.

2162 5609 2189 5636 ‹‹
2223 5587 2289 5641 In
2321 5582 2682 5641 cmlestibus.
2718 5607 2745 5635 ι»
2777 5587 3081 5660 Tanquam
3129 5591 3356 5649 diceret
3394 5608 3407 5648 :
3454 5595 3556 5651 Est
3611 5598 3810 5651 autem
