4108 6404
354 408 508 468 1251

1512 397 1928 462 (ΕΟΗΜΕΝΙΙ
1970 397 2275 461 TRICL‘E
2317 398 2672 462 EPISCOPI

3625 400 3783 459 1252

345 539 520 597 nobis
537 537 819 595 adversus
845 536 951 591 hos
975 535 1156 601 lucta,
1178 547 1299 589 non
1321 532 1393 589 de
1415 533 1611 605 parvis
1643 531 1995 604 quibusdam

2111 530 2255 586 Ὦσεὶ
2310 525 2514 607 ἔλεγεν.
2571 533 2725 589 Ἔστι
2786 530 2844 586 δὶ
2901 530 2990 586 καί
3047 532 3184 602 ἡμῖν
3243 532 3279 600 ὴ
3338 530 3479 603 πρὸς
3548 529 3779 592 τούτους

345 629 545 695 rebus,
572 627 674 684 sed
706 643 813 699 pro
840 625 1020 681 rebus
1051 640 1184 696 quae
1216 628 1357 679 sunt
1386 624 1448 678 in
1478 622 1819 679 coelestibus
1845 639 1858 677 :
1892 623 2002 677 hoc

350 724 438 776 est
454 735 557 791 pro
579 733 760 789 regno
782 715 1065 772 ccelorum
1086 720 1144 768 et
1163 713 1504 784 adoptione.
1530 712 1753 768 Idcirco
1777 711 2006 766 sobrios

349 825 481 865 esse
513 824 581 863 ac
607 805 847 879 vigilare
881 808 1135 875 Oportet.
1168 804 1269 858 Est
1301 808 1499 859 autem
1532 801 1775 873 propria
1794 801 2010 856 dictio-

352 914 497 954 num
512 891 1610 967 correspoudentia.Propterccelestia,
1630 890 1842 961 inquit.
1866 892 2008 945 Nam

351 984 429 1058 ἐν,
463 986 522 1041 id
546 992 635 1041 est
664 987 745 1051 in,
779 984 1011 1055 capitur
1037 999 1141 1055 pro
1174 978 1282 1049 διά,
1317 981 1376 1037 id
1409 987 1498 1036 est
1520 992 1771 1053 propter.
1802 1003 1829 1030 ‹‹
1854 981 2010 1044 Qua-

353 1081 598 1148 pr0pter
637 1074 943 1130 assumite.
979 1094 1007 1123 »
1063 1072 1376 1137 Quoniam,
1424 1068 1638 1140 inquit,
1690 1068 2007 1141 periculosi

354 1171 496 1222 sunt
526 1165 747 1221 hostes.
785 1184 813 1212 «
849 1163 915 1218 In
947 1161 1040 1217 die
1076 1160 1253 1216 malo.
1293 1184 1311 1209 ι
1348 1160 1514 1214 Diem
1572 1159 1794 1215 malum
1842 1163 2007 1215 vocat

352 1259 708 1329 praesentem
743 1252 939 1320 vitam,
973 1256 1215 1323 propter
1247 1266 1451 1320 pravas
1483 1249 1747 1304 actiones
1780 1266 1910 1320 qua:
1943 1247 2004 1302 in

352 1361 421 1401 ea
452 1350 627 1400 sunt:
664 1343 761 1399 58
792 1341 1115 1396 ostendens
1146 1340 1320 1394 breve
1381 1355 1510 1394 esse
1554 1338 1698 1392 belli
1749 1344 2000 1410 tempus,

352 1437 530 1493 etiam
563 1437 674 1492 hoc
704 1435 882 1492 modo
914 1439 1256 1506 promptum
1288 1432 1410 1487 illis
1440 1431 1664 1488 addens
1711 1431 2001 1487 animum.

351 1550 372 1578 α
408 1530 477 1585 Et
526 1527 804 1584 omnibus
859 1525 1104 1581 devictis
1157 1529 1336 1581 stare.
1371 1547 1393 1576 ι
1449 1522 1737 1578 Omnibus
1786 1538 2003 1592 nempe

347 1614 1357 1688 aﬂ‘ectionibus,concupiscentiis.u
1379 1612 1691 1669 Devictis.»
1712 1613 1856 1666 Nam
1882 1629 2006 1664 κατ-

346 1704 705 1781 εργασάμενοι
763 1705 995 1776 capitur
1052 1721 1158 1775 pro
1245 1700 1824 1771 καταπολεμήσαντες,
1893 1699 2003 1755 hoc

345 1801 456 1866 est,
487 1795 754 1852 confecto
785 1793 942 1849 bello
966 1810 1034 1849 ac
1067 1792 1309 1847 devictis
1358 1790 1628 1846 hostibus
1662 1795 1839 1856 stare,
1872 1795 2001 1845 tan-

2114 619 2290 690 ποὶλη,
2325 618 2386 676 οἷ)
2416 621 2539 697 περὶ
2576 627 2784 695 μικρῶν
2810 640 2996 689 τινων,
3035 617 3163 676 ἀλλ’
3214 620 3350 694 ὑπὲρ
3400 625 3508 676 τῶν
3556 619 3609 676 ἄν
3654 625 3773 682 τοῖς

2115 707 2462 785 ἐπουρανίοις
2519 710 2885 787 πραγμάτων,
2937 711 3054 765 οἷον
3141 707 3421 785 βασιλείας
3507 706 3769 785 οὓρανῶν,

2121 801 2212 854 καὶ
2269 799 2557 865 υἱοθεσίας.
2622 800 2715 857 Διὸ
2788 802 2977 879 νήφειν
3061 800 3198 878 χρή.
3276 800 3339 856 Ἡ
3389 796 3447 855 δὶ
3501 798 3771 870 ἀντίλεξις

2120 887 2329 955 ίδικῶς.
2392 889 2488 947 Διᾶ
2541 891 2608 944 τὰ
2690 887 3162 969 ἐπουράνιά·ιρησι.
3247 891 3326 947 Τὸ
3382 890 3487 964 γὰρ
3542 888 3621 960 ἐν,
3684 886 3776 944 διὰ

2119 976 2282 1036 ὶστίν.
2340 1003 2368 1030 ‹‹
2425 978 2523 1036 Διὰ
2565 983 2727 1034 τοῦτο
2812 974 3133 1036 ἀναλάϐετε.
3190 1001 3218 1029 »
3275 975 3524 1048 Ἐπειδὴ,
3610 979 3768 1049 φησὶ,

2118 1066 2359 1142 χαλεποὶ
2390 1070 2441 1123 o't
2500 1066 2713 1143 ἐχθροί.
2774 1093 2801 1120 ‹‹
2845 1068 2930 1124 Ἐν
2987 1071 3056 1141 τῇ
3110 1068 3293 1142 ἡμέρᾳ
3348 1065 3415 1141 τῇ
3471 1072 3706 1139 πονηρᾷ.
3741 1090 3769 1117 ››

2117 1158 2355 1233 Ἠμὲραν
2397 1157 2636 1233 πονηρὰν
2695 1158 2785 1214 τὸν
2844 1158 3086 1233 παρόντα
3136 1155 3298 1211 καλεῖ
3351 1156 3497 1232 βίον,
3557 1153 3645 1211 διὰ
3701 1157 3772 1211 τὰ

2118 1245 2171 1302 ἐν
2202 1242 2349 1319 αὒτῷ
2378 1246 2594 1320 πονηρὰ
2646 1244 2963 1321 πράγματα,
3024 1240 3234 1308 δεικνὺς
3296 1244 3505 1321 βραχὺν
3554 1245 3616 1299 τὸ
3671 1248 3770 1300 τοῦ

2115 1334 2366 1409 πολέμου
2395 1335 2604 1411 καιρὸν,
2636 1332 2724 1390 καὶ
2757 1335 2927 1410 ταύτῃ
2958 1332 3266 1409 προθυμίαν
3324 1332 3507 1395 αὺτοῖς
3561 1330 3768 1397 διδούς.

2115 1423 2291 1481 «Καὶ
2352 1417 2561 1480 ἅπαντα
2616 1426 3078 1500 κατεργασάμενοι
3139 1430 3352 1494 στῆναι.
3414 1449 3442 1475 ‹‹
3500 1426 3767 1493 Ἃπαντα,

2115 1515 2235 1571 οἷον
2301 1514 2396 1577 τὰς
2463 1513 2630 1584 πάθη,
2701 1513 2795 1574 τὰς
2863 1510 3175 1587 ἐπιθυμίας.
3272 1513 3766 1590 Κατεργασοὶμενοι,

2114 1606 2257 1673 οἷον,
2398 1602 2968 1675 Καταπολεμησαντες
3109 1610 3325 1674 στῆναι,
3471 1602 3767 1681 νικηφόροι

2110 1697 2250 1758 τινες
2277 1696 2366 1751 καὶ
2400 1694 2648 1770 λαμπροί
2677 1699 2757 1769 τῷ
2782 1693 3050 1771 τροπαίῳ.
3108 1694 3324 1752 Ηολλοὶ
3367 1698 3470 1773 γὰρ
3520 1697 3658 1769 μετὰ
3701 1697 3765 1754 τὸ

2110 1793 2353 1857 νικῆσαι,
2383 1784 2549 1841 πάλιν
2583 1779 2792 1842 ἔπεσον.
2854 1783 3013 1845 Ἀλλ’
3070 1784 3159 1841 ἳνα
3215 1784 3437 1856 ἐνστῆτε
3502 1789 3571 1861 τῇ
3620 1786 3766 1863 νίκῃ.

343 1902 523 1958 quam
555 1884 616 1941 hi
649 1885 749 1957 qui
781 1883 1086 1940 victoriam
1116 1885 1522 1955 reportarunt,
1553 1885 1611 1935 et
1643 1879 1904 1951 trephaco
1933 1878 2075 1935 clari
2128 1883 2288 1936 sunt.
2346 1878 2510 1935 Multi
2559 1879 2721 1937 enim
2764 1881 3081 1952 postquam
3134 1878 3464 1949 vincerunt,
3526 1896 3767 1938 rursum

342 1975 707 2032 ceciderunt.
742 1973 853 2030 Sed
884 1973 1034 2029 utin
1066 1972 1309 2028 victoria
1341 1970 1695 2043 persistatis.

414 2063 509 2129 VI,
544 2064 735 2118 14-18.
796 2064 947 2119 State
996 2062 1173 2132 igitur
1225 2060 1423 2116 lumbis
1452 2058 1645 2115 vestris
1675 2061 1999 2114 circumcin-
2035 2064 2083 2127 Β

343 2156 445 2211 etis
476 2153 706 2209 baltheo
729 2169 835 2223 per
862 2154 1167 2218 veritatem,
1201 2156 1251 2205 et
1282 2149 1471 2204 induti
1502 2150 1775 2204 thoracem
1821 2148 1999 2218 justi-

342 2248 454 2309 τίκ,
487 2251 540 2300 et
570 2245 801 2300 calceati
821 2244 1078 2314 pedibus,
1110 2248 1171 2297 ut
1192 2242 1387 2312 parati
1403 2242 1522 2296 sitis
1543 2241 1618 2294 ad
1646 2240 2005 2310 Evangelium

332 2329 514 2402 pacis,
546 2345 710 2400 super
739 2330 924 2385 omnia
952 2333 1230 2397 assumpto
1259 2334 1413 2382 scuto
1443 2326 1593 2395 ﬁdei,
1626 2341 1734 2396 quo
1779 2323 2003 2396 possitis

342 2418 529 2475 omnia
548 2420 745 2490 jacula
775 2418 911 2473 mali
940 2417 1091 2473 illius
1120 2417 1301 2486 ignita
1331 2418 1681 2486 etrstinguere
1710 2431 1727 2469 :
1754 2415 2000 2485 galeam-

343 2525 447 2580 que
475 2508 738 2565 salutaris
764 2507 1105 2579 accipiendo,
1131 2512 1183 2562 et
1206 2504 1460 2576 gladium
1491 2506 1719 2576 spiritus
1749 2506 1899 2576 quod
1927 2509 2004 2560 est

342 2599 567 2655 verbum
598 2601 717 2665 Dei,
750 2601 807 2655 in
838 2597 990 2653 omni
1017 2598 1401 2668 deprecatione
1431 2603 1481 2651 et
1512 2595 1908 2652 obsecratione.

2184 2062 2359 2126 Στῆτε
2416 2056 2513 2111 οὖν
2570 2056 3007 2132 περιζωσάμενοι
3090 2058 3191 2128 τὴν
3251 2056 3416 2136 ὀσφὺν
3498 2055 3653 2131 ὑμῶν
3711 2056 3765 2114 ἂν

2115 2145 2366 2216 ἀληθείᾳ,
2426 2144 2517 2201 καὶ
2598 2143 2952 2220 ἐνδυσάμενοι
3037 2147 3127 2202 τὸν
3226 2145 3445 2223 θώρακα
3508 2153 3607 2217 τῆς
3686 2145 3771 2203 δι-

2112 2235 2428 2305 καιοσύνης,
2506 2234 2596 2291 καὶ
2700 2233 3101 2309 υποδυσάμενοι
3205 2236 3335 2299 τοῦς
3436 2233 3609 2300 πόδας
3716 2235 3770 2291 ἐν

2114 2324 2405 2398 ἑτοιμασίᾳ
2476 2328 2574 2380 τοῦ
2648 2322 2988 2402 Εὺαγγελίου
3085 2332 3188 2396 τῆς
3290 2326 3541 2402 εἰρήνης’
3649 2327 3777 2385 Ἐπὶ

2110 2419 2269 2470 πᾶσιν
2359 2410 2723 2478 ἀναλαϐόντες
2813 2415 2907 2471 τὸν
2985 2416 3175 2491 θυρεὸν
3232 2422 3334 2487 τῆς
3388 2416 3646 2484 πίστεως,
3717 2414 3770 2471 ἐν

2111 2504 2157 2577 ᾧ
2234 2502 2524 2575 δυνήσεσθε
2598 2506 2768 2562 πάντα
2840 2505 2908 2562 τὰ
2987 2505 3125 2582 βὲλη
3200 2510 3298 2562 τοῦ
3388 2508 3633 2581 πονηροῦ
3706 2505 3777 2562 τὰ

2111 2595 2479 2669 πεπυρωμένα
2544 2592 2751 2664 σϐέσαι,
2814 2595 2905 2651 καὶ
2970 2597 3071 2665 τὴν
3165 2593 3589 2676 περικεφαλαίαν
3675 2600 3774 2650 τοῦ

339 2686 618 2761 σωτηρίου
686 2681 954 2756 δέξασθαι,
1011 2684 1101 2740 καὶ
1154 2684 1252 2753 τήν
1316 2682 1594 2758 μάχαιραν
1649 2686 1748 2739 τοῦ
1802 2681 2137 2757 πνεύματος,
2222 2685 2251 2739 ὅ
2339 2705 2453 2740 εστι
2544 2684 2698 2760 ῥῆμα
2782 2688 2941 2758 Θεοῦ,
3020 2682 3111 2741 διὰ
3193 2684 3372 2756 πάσης
3455 2691 3776 2762 προσευχῆς

339 2775 431 2831 καὶ
465 2772 719 2847 δεήσεως,

412 2864 500 2924 Ad
534 2866 758 2923 bellum
790 2866 1135 2935 exhortans,
1169 2864 1428 2938 primum
1460 2864 1745 2921 admonet
1767 2881 2002 2937 compo-

344 2955 455 3013 site
486 2974 553 3012 ac
584 2955 781 3012 debito
815 2955 1022 3013 ordine
1054 2956 1115 3011 in
1148 2956 1273 3011 acie
1306 2959 1484 3011 stare.
1526 2954 1749 3010 Deinde
1792 2971 1998 3010 conse-

344 3053 595 3119 quenter
612 3052 803 3103 armat
822 3063 834 3102 :
853 3063 920 3102 ac
933 3045 1125 3118 primo
1149 3045 1331 3119 cingit
1352 3045 1603 3101 militem
1629 3044 2000 3101 difﬂuentem

341 3152 407 3192 ac
440 3135 723 3193 diffusum
740 3133 1264 3208 concupiscentiis,
1287 3140 1345 3190 et
1364 3134 1685 3190 habentem
1703 3134 2003 3207 cogitatio-

340 3243 446 3283 nes
468 3226 531 3283 in
550 3227 797 3283 humum
824 3226 1140 3293 detractas,
1164 3242 1230 3281 ac
1261 3225 1534 3298 reprimit
1564 3224 1855 3297 spirituali
1889 3226 2000 3282 hoc

2183 2860 2306 2919 Ἐπί
2338 2863 2581 2938 πόλεμον
2610 2865 2958 2940 προτρέπων,
3013 2864 3073 2920 τὸ
3129 2868 3348 2940 πρῶτον
3403 2863 3457 2919 ἐν
3516 2870 3631 2926 τοῖς
3659 2884 3766 2919 τα-

2111 2958 2322 3015 κτικοῖς
2354 2960 2605 3029 παραινεῖ
2648 2953 2711 3010 τὸ
2771 2961 2962 3025 στῆναι
3021 2950 3315 3016 εὒτάκτως.
3375 2955 3511 3010 Εἶτα
3569 2949 3766 3009 λοιπὸν

2109 3041 2454 3115 καθοπλίζει,
2512 3043 2604 3099 καὶ
2660 3048 2880 3119 πρῶτον
2940 3044 3169 3115 ζώννυσι
3246 3044 3337 3100 τὸν
3425 3040 3768 3118 διαρῥὲοντα,

2111 3131 2198 3187 καὶ
2239 3128 2634 3210 διακεχυμένον
2700 3138 2819 3195 ταῖς
2878 3132 3190 3206 ἐπιθυμίαις
3255 3133 3343 3188 καὶ
3403 3133 3583 3208 χαμαὶ
3636 3130 3767 3196 τοὺς

2111 3218 2412 3297 λογισμοὺς
2441 3220 2773 3296 συρομένους
2824 3218 3024 3300 ἔχοντα
3072 3222 3430 3299 στρατιώτην,
3484 3220 3574 3278 καὶ
3629 3221 3762 3278 ἀνα-

340 3314 600 3372 baltbeo.
636 3340 663 3367 «
697 3315 935 3371 Lumbis
966 3314 1195 3372 vestris.
1228 3336 1256 3363 ››
1279 3297 1788 3380 Quemadmodum
1814 3314 1874 3369 in
1898 3331 1995 3371 na-

2109 3309 2325 3367 στέλλει
2355 3315 2424 3385 τῇ
2454 3316 2628 3383 νοητῆ
2661 3312 2832 3389 ταύτῃ
2866 3314 3049 3385 ζώσει.
3085 3338 3113 3367 α
3146 3314 3257 3382 Τὴν
3307 3311 3471 3390 ὀσφὺν
3520 3312 3696 3388 ὓμῶν.
3733 3333 3759 3367 υ

339 3404 509 3462 vibus
540 3404 745 3461 carina
774 3422 907 3476 qua)
939 3403 1069 3461 loco
1100 3402 1475 3459 fundamenti
1519 3404 1832 3475 cujusdam
1884 3410 1992 3472 est,

338 3492 655 3550 mdiﬁcium
682 3511 855 3550 omne
878 3493 1165 3558 continet,
1191 3493 1272 3548 ita
1292 3499 1351 3548 et
1371 3492 1558 3549 lumbi
1583 3493 1643 3548 in
1664 3492 1845 3549 vobis.
1879 3494 1995 3549 lta.

335 3600 450 3657 que
477 3583 575 3657 qui
602 3581 802 3641 labore
826 3582 1127 3656 defatigati
1154 3586 1314 3647 sunt,
1341 3581 1687 3657 frequenter
1711 3583 1996 3654 appositis

336 3672 419 3731 ibi
452 3673 734 3731 manibus
769 3681 1053 3744 tanquam
1082 3672 1154 3729 ad
1186 3671 1640 3728 fundamentum
1674 3672 1994 3745 quoddam,

334 3762 721 3837 requiescunt
764 3765 1040 3819 Nostrum
1064 3761 1243 3833 igitur
1269 3761 1625 3833 principium
1652 3762 1843 3832 primo
1860 3777 1998 3816 cou-

335 3851 591 3925 stringit,
623 3859 909 3923 tanquam
942 3851 1161 3907 animas
1191 3852 1449 3923 vigorem
1484 3850 1584 3921 qui
1619 3850 1679 3905 in
1711 3850 1883 3905 nobis
1906 3856 1995 3906 est

334 3941 493 4014 quod
525 3942 771 4016 figurate
804 3941 1040 3999 lumbos
1072 3940 1409 4014 appellavit,
1445 3940 1551 3998 hos
1598 3940 1844 3997 veritate
1878 3941 1996 3996 cir-

330 4032 672 4106 cumcingit.
708 4035 892 4089 Porro
936 4031 1152 4086 veritas
1215 4029 1289 4086 ad
1352 4029 1542 4086 multa
1599 4030 1989 4101 intelligitur:

326 4122 548 4178 veritas
565 4122 930 4195 dogmatum,
955 4120 1171 4176 veritas
1191 4120 1323 4175 vita:
1348 4119 1564 4174 Christi
1598 4126 1885 4190 separatm
1918 4117 1990 4174 ab

325 4211 627 4283 hypocrisi
687 4211 805 4266 sive
864 4209 1268 4274 simulatione,
1357 4209 1572 4263 veritas
1645 4224 1985 4261 sermonum

326 4299 796 4356 fraudulentiam
830 4318 897 4356 ac
927 4298 1131 4354 dolum
1154 4296 1816 4367 abnegautiam,veritas
1838 4295 1991 4368 cogi-

331 4388 575 4446 tationis
613 4405 744 4461 qum
778 4389 932 4443 nihil
964 4386 1143 4443 habet
1172 4385 1494 4440 adulterini
1528 4390 1628 4439 aut
1659 4384 1839 4439 fucati
1870 4385 1988 4440 dae-

332 4495 574 4535 monum
600 4479 1050 4534 seminis.Potes
1072 4482 1270 4533 autem
1290 4481 1572 4545 tanquam
1595 4476 1668 4531 ad
1687 4476 1985 4533 Christum

327 4566 550 4624 referre
582 4567 681 4640 qui
714 4585 848 4624 vero
882 4568 1094 4623 veritas
1154 4570 1261 4621 est.
1302 4588 1327 4618 αι
1376 4567 1491 4638 Ego
1550 4584 1705 4634 sum,
1767 4567 1980 4638 inquit,

2106 3403 2310 3476 Ὥσπερ
2341 3399 2427 3457 ἐπὶ
2460 3406 2567 3456 τῶν
2599 3407 2743 3473 νηῶν
2786 3405 2820 3473 ἡ
2861 3404 3055 3475 τρόπις
3112 3403 3173 3459 τὸ
3227 3407 3331 3458 πᾶν
3384 3401 3619 3477 συνέχει,
3672 3406 3763 3457 θε-

2111 3488 2303 3563 μέλιός
2334 3512 2417 3552 τις
2450 3490 2602 3561 οὖσα,
2636 3491 2811 3555 οὕτως
2866 3492 2947 3572 ἐφ’
2983 3493 3133 3566 ὑμῶν
3184 3494 3218 3560 ἡ
3276 3492 3461 3570 ὀσφύς,
3514 3491 3581 3549 Οἱ
3629 3494 3761 3567 γοῦν

2106 3578 2483 3652 ἀποταμόντες
2558 3577 2834 3640 πολλάκις
2908 3578 3091 3657 ὥσπερ
3167 3580 3246 3645 εἶ’ς
3318 3602 3436 3638 τινα
3486 3577 3762 3654 θεμέλιον,

2106 3666 2218 3724 ἐκεῖ
2271 3669 2368 3734 τὰς
2418 3675 2612 3749 χεῖρας
2671 3668 3020 3741 ἰπιτιθέντες,
3116 3670 3573 3727 ἒπαναπαύονται.
3640 3672 3759 3741 Τὴν

2104 3757 2283 3814 τοίνυν
2312 3758 2493 3838 ἀργήν
2546 3761 2706 3834 ἡμῶν
2766 3764 2984 3836 πρῶτον
3037 3761 3350 3839 συσφίγγει,
3396 3761 3515 3815 οἷον
3564 3760 3657 3815 τὸν
3708 3758 3763 3813 ἂν

2104 3849 2242 3920 ἡμῖν
2272 3847 2427 3904 τόνον
2460 3857 2562 3920 τῆς
2595 3853 2805 3924 ψυχῆς,
2846 3849 2905 3905 δν
2964 3852 3243 3924 τροπικῶς
3302 3849 3467 3926 ὀσφῦν
3514 3847 3758 3905 ἐκάλεσε.

2102 3940 2305 3992 Τοῦτον
2366 3941 2434 4011 τῇ
2488 3937 2725 4010 ἀληθείᾳ
2779 3939 3188 4014 περιζώννυσιν.
3276 3941 3339 3996 Ἠ
3402 3935 3459 3993 δὲ
3535 3935 3766 4008 ἀλήθεια

2104 4025 2179 4089 εἰς
2209 4024 2397 4082 πολλὰ
2419 4033 2647 4083 νοεῖται.
2683 4026 2948 4098 ’Λλγςθεια
2979 4025 3299 4102 δογμάτων,
3349 4025 3584 4098 ἀλήθεια
3634 4026 3760 4103 βίου

2104 4119 2371 4193 χρηστοῦ,
2406 4116 2744 4192 ὑποκρίσεως
2777 4117 3214 4196 κεχωρισμένου.
3258 4118 3518 4186 Ἀλήθεια
3550 4115 3760 4194 λόγων,

2101 4204 2162 4260 τὸ
2195 4200 2420 4278 δολερὸν
2451 4205 2813 4279 ἀρνουμένων.
2866 4206 3128 4277 Ἀλήθεια
3175 4207 3544 4280 ἐνθυμήσεως,
3598 4203 3755 4261 οῦδὲν

2101 4290 2338 4368 ἐχούσης
2365 4297 2462 4349 τοῦ
2493 4295 2656 4350 νόθου
2686 4295 2779 4350 καί
2810 4290 3083 4367 κιϐδήλου
3132 4299 3241 4352 τῶν
3293 4291 3568 4369 δαιμόνων
3623 4294 3762 4350 σπό-

2100 4402 2220 4457 ρου.
2255 4382 2391 4459 Δῦνῃ
2427 4380 2484 4439 δὲ
2515 4384 2591 4447 ὡς
2624 4386 2760 4461 πρὸς
2791 4386 2883 4441 τὸν
2918 4386 3151 4461 Χριστὸν
3176 4392 3396 4457 νοῆσαι,
3446 4386 3540 4443 τὸν
3586 4384 3760 4449 ὅντως

2098 4470 2379 4543 ἀλήθειαν.
2407 4498 2435 4526 ‹‹
2459 4474 2605 4550 Ἐγὼ
2627 4474 2730 4551 γάρ
2758 4476 2897 4550 εἶμι,
2920 4475 3109 4556 φησὶν,
3141 4477 3176 4545 ἡ
3208 4473 3461 4547 ἀλήθεια,
3489 4499 3516 4526 ››
3539 4477 3638 4533 "Ov
3668 4474 3760 4528 καὶ

3670 4562 3693 4582 Ν

2098 4561 2428 4634 ἐνδεδῦσθαι,
2460 4562 2526 4620 οῦ
2559 4565 2718 4639 μόνον
2753 4568 3113 4642 περιεζῶσθαι
3142 4571 3265 4628 τοῖς
3306 4566 3615 4640 ἀνθρώποις
3666 4562 3757 4620 δε-

324 4656 542 4714 veritas
574 4658 640 4725 ‘°,
676 4681 704 4707 ν
738 4674 915 4731 quem
940 4657 1119 4713 etiam
1148 4655 1312 4711 indui
1338 4672 1459 4711 non
1482 4655 1864 4729 circumcingi
1887 4657 1990 4712 da-

2109 4651 2367 4731 δώρηται.
2404 4679 2430 4711 α
2453 4658 2611 4713 Ὃσοι
2637 4658 2765 4734 γὰρ,
2789 4659 2980 4733 φησὶν,
3014 4656 3090 4720 εἷς
3118 4656 3348 4729 Χριστὸν
3378 4651 3759 4726 ἐϐαπτίσθητε,

326 4753 454 4803 tum
489 4754 577 4804 est
608 4748 972 4805 hominibus.
1004 4770 1031 4798 ‹‹
1068 4748 1211 4802 Nam
1246 4752 1555 4818 quotquot,
1591 4747 1692 4812 ait,
1718 4746 1778 4801 in
1810 4746 1986 4802 Chri-

328 4841 487 4894 stum
516 4838 795 4911 baptizati
847 4838 1011 4906 estis,
1070 4836 1368 4891 Christum
1425 4834 1705 4891 induistis
1752 4835 1821 4889 ⁴¹.
1858 4856 1885 4885 ››
1922 4867 1986 4878 -

329 4948 359 4979 ι(
391 4926 996 4999 Thoracemjustitizn.
1036 4948 1057 4975 ι
1090 4926 1185 4981 59
1212 4926 1398 4980 Vitam
1425 4924 1985 4996 dicitundequaque

329 5014 599 5091 probam.
651 5017 752 5071 Est
806 5023 1005 5071 autem
1061 5014 1268 5069 thorax
1325 5014 1519 5068 ferrea
1574 5014 1794 5068 tunica.
1857 5037 1883 5062 α
1918 5016 1988 5069 Ει

331 5103 577 5160 calceati
608 5105 878 5176 pedibus.
919 5130 939 5154 ι
976 5108 1091 5159 Aut
1148 5104 1259 5159 hoc
1311 5102 1456 5157 dicit
1508 5103 1668 5173 quod
1717 5108 1985 5174 oporteat

328 5191 512 5266 pedes
543 5199 779 5249 nostros
806 5200 1042 5266 paratos
1074 5210 1205 5249 esse
1234 5192 1307 5247 ad
1331 5192 1775 5263 praedicandum
1798 5193 1983 5248 Evan-

323 5282 566 5356 gelium.
600 5282 698 5338 Ait
728 5282 888 5337 enim
914 5298 926 5335 :
965 5305 985 5331 ι
1022 5282 1205 5347 Quam
1231 5281 1464 5353 pulchri
1484 5282 1666 5352 pedes
1690 5281 1983 5354 evangeli-

323 5371 581 5428 zantium
616 5387 822 5444 pacem
853 5369 922 5424 43.
954 5392 983 5420 ››
1018 5376 1134 5428 Aut
1167 5369 1323 5441 quod
1354 5370 1608 5441 prompti
1644 5386 1774 5425 esse
1799 5369 1978 5427 debe-

325 5477 480 5527 mus,
512 5460 813 5531 vitamque
854 5458 1072 5514 habere
1105 5459 1258 5516 sicut
1288 5459 1976 5531 hortatur-Evangelium.

326 5570 353 5600 ‹‹
416 5550 919 5622 Prmparationem
981 5547 1178 5604 cordis
1238 5564 1464 5617 eorum,
1523 5547 1607 5602 ait
1663 5547 1977 5620 Propheta,

396 5729 443 5767 ⁴⁰
470 5732 636 5787 Joan.
668 5749 783 5798 xw,
815 5732 866 5784 6.
945 5730 988 5767 ⁴ι
1021 5727 1207 5784 Galat.
1246 5744 1324 5795 In,
1360 5729 1447 5781 27.

2099 4746 2336 4819 Χριστὸν
2369 4744 2698 4803 ἐνεδύσασθε.
2736 4771 2762 4798 ››
2792 4779 2864 4789 -
2898 4772 2918 4798 ι
2956 4747 3059 4804 Τὸν
3093 4746 3311 4822 θώρακα
3338 4752 3438 4815 τῆς
3478 4742 3757 4800 δικαιοσῦο

2097 4857 2251 4906 νης.ν
2271 4835 2377 4892 Τὸν
2390 4833 2629 4891 καθόλου
2653 4835 2816 4913 φησὶν
2841 4833 3090 4910 ἐνάρετον
3121 4834 3263 4910 βίον.
3299 4836 3485 4910 Θώραξ
3508 4830 3564 4890 δὲ
3593 4832 3756 4902 ἐστιν,

2098 4923 2126 4977 ὀ
2155 4920 2415 4998 σιδηροῦς
2436 4924 2632 5004 χιτών.
2661 4950 2687 4975 ‹‹
2719 4924 2822 4983 Καὶ
2848 4921 3244 4998 ὑποδυσάμενοι
3265 4925 3393 4988 τοὺς
3413 4921 3602 4985 πόδας.
3630 4946 3654 4975 α
3678 4923 3750 4979 ’Ἠ

2094 5013 2255 5069 τοῦτό
2278 5035 2465 5088 φησιν,
2498 5013 2583 5070 ὅτι
2614 5013 2727 5088 χρὴ
2757 5015 2885 5078 τοὺς
2916 5011 3086 5077 πόδας
3117 5017 3277 5088 ἡμῶν
3311 5014 3566 5086 ἑτοίμους
3612 5013 3751 5067 εἶναι

2095 5102 2229 5174 πρὸς
2250 5103 2312 5159 τὸ
2337 5101 2793 5180 εῦαγγελίζεσθαι.
2829 5129 2855 5156 ιι
2882 5104 2970 5166 Ὠς
2998 5104 3192 5179 ὡραῖοι
3213 5104 3338 5179 γὰρ.
3362 5103 3544 5182 φησὶν,
3578 5102 3629 5157 οἱ
3652 5101 3754 5155 πό-

2095 5188 2181 5253 δες
2209 5195 2317 5248 τῶν
2348 5191 2849 5269 εὐαγγελιζομένων
2877 5192 3119 5269 εἰρήνην.
3159 5218 3181 5244 ι
3216 5195 3281 5248 Ἣ
3316 5188 3399 5247 ὅτι
3448 5191 3498 5246 ἐν
3546 5190 3753 5264 ἑτοίμῳ

2094 5279 2390 5357 ὀφείλομεν
2420 5281 2681 5336 εἶναικαὶ
2742 5281 2863 5356 βίον
2926 5278 3100 5356 ἔχειν,
3160 5281 3234 5343 ὡς
3290 5281 3353 5337 τὸ
3412 5278 3754 5357 Εὔαγγέλιον

2092 5370 2399 5448 ὓφηγεῖται.
2432 5396 2459 5424 (ι
2512 5373 2622 5441 Τὴν
2680 5371 2780 5446 γὰρ
2838 5372 3154 5443 ἒτοιμασίαν
3215 5376 3316 5441 τῆς
3374 5366 3601 5443 καρδίας
3659 5366 3758 5424 αὺ-

2088 5465 2222 5529 τῶν,
2270 5459 2435 5539 φησὶν
2491 5462 2518 5516 ὁ
2578 5463 2898 5539 Προφήτης,
2957 5462 3249 5537 προσέσχε,
3306 5462 3369 5516 τὸ
3418 5458 3509 5523 οῦς
3568 5481 3686 5516 σου.
3724 5482 3752 5509 ››

2088 5581 2158 5591 -
2190 5573 2217 5603 ‹‹
2252 5553 2359 5606 Τοῦ
2391 5548 2727 5628 Εὐαγγελίου
2757 5554 2856 5617 τῆς
2889 5550 3127 5627 εἰρήνης.
3166 5574 3188 5605 ι
3225 5550 3302 5608 Τὸ
3360 5551 3466 5626 γὰρ
3516 5545 3756 5625 Εῦαγγὲ-
