4108 6390
327 356 485 418 1353

1372 348 1786 414 COMMENT.
1833 346 1911 413 IN
1960 345 2213 407 EPIST.
2257 348 2361 408 AD
2404 348 2681 413 EPHES.

3593 350 3744 413 19M

342 484 484 554 λιον,
517 485 740 558 εἰρήνην
772 485 867 558 μὶν
894 484 1034 558 πρὸς
1064 483 1157 539 τὸν
1212 482 1344 540 Θεὸν
1410 485 1580 548 ποιεῖ,
1630 477 1877 552 πόλεμον
1931 472 1989 533 δὲ

2104 478 2326 535 audivit
2344 480 2506 538 auris
2538 486 2638 541 tua
2658 481 2726 543 ⁸³,
2750 503 2774 529 ιι
2795 513 2867 526 -
2888 505 2917 534 ιι
2937 484 3316 557 Evangelium
3340 485 3527 556 pacis.
3552 505 3581 535 ››
3610 485 3757 543 Nam

338 575 474 651 πρὸς
531 573 659 636 τοὺς
717 570 1001 648 δαίμονας.
1063 597 1092 626 ιι
1152 573 1278 633 Ἐπὶ
1334 576 1493 631 πᾶσιν
1550 563 1930 629 ἀναλαϐόντες.
1963 589 1992 618 ››

338 669 431 725 Δεῖ
480 664 585 742 γὰρ
635 662 809 721 ἐκεῖνα
867 664 1257 740 προηγεῖσθαι.
1325 665 1519 719 Πίστιν
1579 656 1635 715 δὲ
1686 679 1842 737 φησι.
1897 654 1997 724 τήν

344 752 616 828 εἰλικρινῆ
669 752 761 808 καὶ
819 748 1107 827 διάπυρον,
1164 750 1289 826 περὶ
1347 752 1416 820 ἦς
1468 750 1496 807 ὁ
1555 748 1748 821 Κύριός
1808 766 1995 824 φησιν,

340 867 363 897 ι
426 842 550 899 Ἐάν
609 835 778 917 ἔχητε
830 841 1012 899 πίστιν
1074 839 1150 903 ὡς
1202 841 1400 897 κόκκον
1458 838 1750 904 σινάπεως,
1828 835 1998 909 ἐρεῖτε

333 936 412 1003 τῷ
443 925 558 1001 ὄρει
584 930 791 1003 τούτῳ,
824 924 1133 1000 Μετάϐηθι,
1164 930 1256 987 καὶ
1291 924 1675 1003 μεταϐήσεται.
1712 949 1741 978 ››
1774 958 1843 967 -——
1874 950 1901 978 ιι
1924 924 2000 980 Τά

344 1018 483 1096 βὲλη
560 1024 659 1077 τοῦ
696 1022 964 1094 πονηροῦ.
1029 1045 1052 1074 ι
1099 1016 1247 1089 Βέλη
1316 1017 1471 1098 φησί,
1528 1016 1622 1078 τὰς
1682 1013 1997 1087 ἐπιθυμίας,

343 1107 471 1171 τοὺς
554 1105 882 1183 λογισμοὺς.
939 1108 1067 1169 τοὺς
1123 1104 1485 1180 πειρασμοός.
1551 1108 1743 1168 Καλῶς
1805 1100 1862 1161 δὲ
1913 1101 1999 1172 τὸ,

338 1193 733 1271 Πεπυρωμένα.
804 1198 1072 1254 Τοιαῦται
1137 1194 1241 1272 γάρ
1308 1194 1364 1250 αἱ
1432 1190 1628 1250 ἄτοποι
1690 1190 1996 1265 ἐπιθυμίαι.

338 1312 367 1340 ιι
411 1286 515 1346 Καὶ
546 1287 643 1355 τήν
678 1284 1103 1362 περικεφαλαίαν
1160 1281 1258 1341 τοῦ
1309 1283 1606 1360 σωτηρίου.
1636 1306 1665 1337 ››
1729 1285 1841 1352 Τῆς
1890 1302 2001 1336 σω-

330 1374 525 1450 τηρίας
557 1376 735 1449 ὓμῶν,
766 1373 1037 1445 τουτέστι,
1096 1381 1199 1444 τῆς
1258 1370 1504 1437 ἐλπίδος.
1561 1373 1632 1429 Τὸ
1692 1369 1771 1445 δὲ,
1834 1394 1862 1423 ιι
1897 1369 1995 1426 Δὶ-

337 1467 546 1538 ξασθαι,
607 1487 636 1517 »
697 1465 818 1521 οἷον
878 1465 1103 1542 φορέσαι
1160 1462 1253 1519 καὶ
1313 1459 1557 1532 δέξασθαι
1631 1464 1702 1535 τῇ
1759 1459 1992 1538 κεφαλῇ.

334 1579 363 1607 ιι
395 1551 503 1612 Καὶ
531 1553 631 1622 τὴν
666 1552 943 1627 μάχαιραν
982 1555 1082 1607 τοῦ
1138 1550 1472 1624 πνεύματος.
1508 1572 1538 1602 ››
1594 1550 1663 1606 “ll
1721 1548 1784 1603 τὸ
1834 1552 1998 1604 πνεῦ-

341 1664 417 1718 μα
443 1645 881 1723 περιφραπικῶς
934 1637 1144 1717 ε’ίρηκε,
1204 1637 1293 1695 διὰ
1351 1640 1414 1695 τὸ
1471 1639 1636 1713 τεμὸν
1694 1638 1785 1694 καὶ
1835 1657 1995 1715 μεριο

336 1732 522 1790 στικὸν
588 1735 696 1788 τῶν
762 1729 1014 1789 ἰναντίων
1082 1728 1266 1799 ἕξεων,
1328 1726 1366 1798 ἤ
1441 1729 1540 1797 τὴν
1619 1728 1992 1802 πνευματικὴν

2098 570 2480 644 Evangelium
2502 590 2709 646 pacem
2735 575 2977 649 quidem
3001 592 3139 649 erga
3154 577 3339 634 Deum
3364 576 3757 639 facit.bellum

2101 676 2234 716 vero
2256 661 2569 721 adversum
2592 664 2952 723 daemonum
2978 666 3755 739 Superomniaassumpto.»

2103 749 2346 822 Oportet
2359 752 2520 809 enim
2540 753 2643 810 illa
2655 756 3011 826 praecedere.
3044 756 3247 813 Fidem
3263 763 3460 814 autem
3476 756 3619 813 dicit
3636 757 3760 814 sin-

2101 856 2296 897 ceram
2312 858 2380 901 ac
2391 843 2819 913 ferventem,de
2838 861 2954 917 qua
2966 846 3050 905 ait
3064 845 3377 905 Dominus:
3408 870 3435 898 «
3458 847 3518 904 Si
3541 845 3760 903 habea-

2104 928 2177 985 tis
2190 929 2369 988 fidem
2391 933 2546 990 sicut
2569 950 2823 1006 granum
2846 936 3094 1007 sinapis,
3117 936 3326 992 dicetis
3355 936 3542 993 monti
3574 935 3713 993 huic
3739 952 3755 992 :

2100 1020 2753 1087 Transi,ettransibit“.
2775 1047 2796 1074 ι
2818 1054 2882 1066 -—-
2896 1046 2923 1076 ιι
2938 1024 3142 1083 iacula
3153 1024 3295 1082 mali
3309 1024 3490 1081 illius.
3510 1046 3537 1075 n
3553 1024 3758 1082 iacula

2102 1113 2268 1163 vocat
2323 1111 2857 1183 concupiscentias,
2905 1113 3316 1186 cogitationes,
3377 1112 3754 1170 tentationes.

2100 1198 2170 1252 Et
2198 1204 2358 1254 recte
2389 1200 2493 1266 ait,
2524 1201 2737 1273 Ignita.
2769 1202 2938 1259 Tales
2969 1202 3131 1259 enim
3162 1209 3303 1258 sunt
3322 1203 3594 1259 absurdae
3616 1218 3760 1259 con-

2098 1287 2537 1358 cupiscentiae.«
2559 1290 2920 1363 Galeamque
2935 1291 3271 1349 salutaris.»
3288 1292 3507 1349 Salutis
3520 1296 3759 1361 nostra),

2101 1375 2211 1433 hoc
2243 1383 2334 1434 est
2350 1378 2498 1450 spei.
2523 1380 2689 1445 Quod
2721 1386 2919 1437 autem
2941 1381 3044 1447 ait,
3083 1403 3104 1431 ιι
3144 1381 3555 1452 Suscipiendo,
3586 1404 3615 1434 ››
3650 1381 3763 1438 hoc

2100 1472 2210 1534 est,
2242 1468 2589 1539 accipiendo
2619 1476 2679 1525 et
2706 1471 2991 1542 gestando
3024 1472 3086 1526 in
3106 1471 3319 1542 capite.
3348 1493 3375 1520 «
3409 1472 3477 1526 Et
3497 1470 3761 1543 gladium

2101 1556 2367 1626 spiritus.
2402 1579 2432 1608 ››
2471 1563 2584 1614 Aut
2628 1560 2963 1631 periphrasi
3008 1560 3159 1616 dixit
3215 1560 3491 1632 spiritum
3541 1560 3762 1631 ipsum,

2102 1653 2344 1717 propter
2372 1647 2725 1706 incisionem
2773 1665 2878 1707 seu
2920 1649 3275 1707 divisionem
3325 1650 3762 1706 contrariorum

2103 1734 2414 1790 habitum:
2447 1740 2552 1792 aut
2600 1737 2972 1809 spiritualem
3019 1738 3200 1795 vitam
3252 1754 3320 1794 ac
3375 1738 3772 1797 conversatio-

340 1823 485 1892 ζωὴν
542 1820 634 1877 καὶ
688 1818 991 1890 πολιτείαν,
1048 1819 1170 1889 ἣτις
1230 1818 1308 1883 ὡς
1366 1818 1616 1893 μάχαιρα
1692 1815 1990 1891 ἐνεργήσει,

2105 1839 2407 1895 nem,quae
2430 1825 2592 1882 velut
2610 1826 2846 1899 gladius
2864 1827 3193 1884 efﬁcaciam
3216 1827 3463 1885 habebit
3483 1826 3772 1886 adversus

338 1911 494 1990 φησί,
523 1911 660 1967 κατὰ
687 1914 1034 1982 τῶν-νοητῶν
1067 1908 1302 1985 ἐχθρῶν.
1353 1913 1423 1963 "ll
1478 1908 1563 1963 ὅτι
1612 1907 1679 1961 τὰ
1746 1926 1991 1980 πνευμα-

334 2003 481 2070 τικὰ,
513 2000 671 2080 φησί,
704 2000 1044 2081 χαρίσματα,
1084 2000 1219 2073 ἅπερ
1272 1996 1387 2053 ἐστὶ
1447 1994 1539 2052 διὰ
1596 1997 1841 2072 ῥήματος
1898 1996 1989 2052 καὶ

333 2091 757 2168 προστάγματος
790 2096 947 2147 Θεοῦ.
981 2122 1048 2135 —-
1104 2090 1441 2163 [ΟΙΚΟΥΜ.]
1473 2093 1545 2144 "ll
1576 2087 1659 2154 τὸ,
1680 2088 1846 2162 Ὃπερ
1874 2085 1988 2143 ἐστὶ

339 2180 494 2257 ῥῆμα
520 2185 678 2249 Θεοῦ,
707 2184 790 2253 τῷ
815 2182 964 2237 κατω
989 2178 1322 2250 συζευκτέον,
1349 2176 1443 2233 ’ίνα
1570 2172 1764 2247 οὕτως,
1813 2178 1986 2253 ’Ὀπερ

331 2269 442 2326 ἐστὶ
473 2270 630 2345 ῥῆμα
667 2273 806 2327 Θεοῦ
854 2270 945 2325 καὶ
1010 2269 1360 2344 πρόσταγμα,
1417 2270 1602 2335 τοῦτο,
1655 2266 1809 2345 φησί,
1864 2285 1987 2322 ποι-

334 2363 465 2416 εῖτε.
524 2360 692 2417 Ποῖον
746 2377 762 2429 ;
833 2360 931 2415 Διά
987 2360 1168 2430 πάσης
1223 2363 1543 2432 προσευχῆς
1599 2356 1690 2412 καί
1749 2353 1988 2425 δεήσεως

329 2448 773 2524 προσευχόμενοι
802 2448 895 2503 ἳνα
922 2448 1041 2517 ἦτε,
1084 2448 1270 2526 φησὶν.
1324 2449 1395 2507 Ἤ
1451 2447 1587 2503 κατά
1640 2446 1702 2502 τὸ
1753 2443 1989 2522 ἐνεργεῖν

324 2538 412 2595 καὶ
465 2539 679 2611 τιμνειν
735 2538 801 2593 τὰ
858 2538 1200 2611 πνευματικά
1258 2538 1597 2615 χαρίσματα,
1665 2536 1819 2610 ῥῆμα
1875 2534 1987 2590 ἐστι

325 2632 481 2685 Θεοῦ.
517 2628 795 2702 Τμητικὸν
824 2628 929 2703 γαρ
961 2627 1029 2684 τὸ
1061 2627 1216 2704 ῥῆμα
1243 2631 1343 2683 τοῦ
1393 2631 1550 2683 Θεοῦ.
1603 2626 1794 2688 Οὕτως
1845 2623 1990 2698 μᾶλ-

330 2714 431 2773 λον
490 2718 582 2774 καὶ
638 2718 669 2773 ὁ
726 2717 992 2793 μακάριος
1078 2717 1358 2789 Ἰωάννης.
1425 2717 1524 2773 Διά
1579 2716 1681 2792 γὰρ
1740 2714 1988 2791 ῥήματος

330 2814 370 2864 Θ
436 2807 463 2842 Γ
531 2805 556 2862 ἐ
690 2804 779 2862 λ“
941 2806 954 2825 ‘
1140 2805 1151 2826 '
1535 2810 1558 2820 '
1702 2805 1713 2822 ‘
1822 2800 1847 2821 ”
1936 2805 1950 2822 ‘

376 2827 466 2862 eo.)
560 2827 686 2864 πετε
729 2827 841 2863 ειτο
898 2826 966 2861 τα
1018 2825 1361 2883 χαρισματα,
1420 2829 1449 2858 ιι
1482 2811 1590 2861 Παν
1652 2824 1758 2881 γαρ
1819 2826 1847 2859 ο
1899 2804 1986 2860 ίαν

332 2894 616 2967 αἰτήσητε,
647 2897 836 2975 φησὶν,
869 2894 922 2951 ἐν
948 2900 1028 2970 τῷ
1087 2895 1315 2971 ὀνόματι
1378 2916 1508 2968 μου,
1557 2891 1722 2950 δώσει
1779 2894 1926 2968 ὑμῖν,
1958 2916 1985 2948 ι

332 2986 497 3062 φησὶν
528 2985 557 3039 ὁ
589 2984 846 3059 Χριστός.

406 3074 846 3150 Προσευχόμενοι
931 3072 983 3129 ἐν
1076 3074 1236 3130 παντὶ
1329 3078 1505 3148 καιρῷ
1571 3072 1625 3129 ἐν
1701 3074 1988 3156 πνεύματι,

330 3163 423 3218 καὶ
480 3161 562 3226 εἰς
620 3163 749 3220 αὐτὸ
801 3169 964 3220 τοῦτο
1023 3164 1424 3241 ἀγρυπνοῦντες
1484 3161 1534 3217 ἐν
1598 3161 1743 3238 πάσῃ
1813 3184 1983 3238 προσ-

332 3255 655 3329 καρτερήσει
727 3254 820 3309 καὶ
897 3251 1077 3325 δεήσει
1144 3254 1270 3329 περὶ
1343 3253 1558 3308 πάντων
1632 3257 1739 3308 τῶν
1819 3252 1988 3329 ἁγίων

332 3344 425 3398 καὶ
476 3343 609 3419 ὑπὲρ
661 3341 821 3416 ἐμοῦ,
877 3342 967 3398 ἳνα
1027 3364 1121 3415 μοι
1181 3340 1365 3413 δοθείη
1437 3341 1602 3416 λόγος
1667 3340 1719 3396 ἐν
1787 3341 1986 3412 ἀνοίξει

328 3436 427 3488 τοῦ
486 3432 758 3506 στόματός
815 3451 920 3505 μου
978 3431 1031 3487 ἐν
1105 3430 1383 3509 παρρησίᾳ
1433 3429 1692 3507 γνωρίσαι
1750 3430 1816 3487 τὸ
1886 3451 1989 3506 μυο

330 3523 553 3598 στήριον
619 3525 716 3576 τοῦ
782 3515 1153 3595 Εὒαγγελίου,
1223 3519 1354 3595 ὑπὲρ
1447 3519 1509 3574 οὗ
1593 3514 1874 3595 πρεσϐεύω
1938 3516 1989 3574 ἐν

330 3608 698 3682 ἀλύσει,.“ἰνα
763 3609 816 3664 ἐν
885 3608 1032 3680 αὐτῷ
1104 3607 1572 3685 παρρησιάσωμαι
1630 3608 1704 3671 ὡς
1770 3606 1855 3663 δεῖ
1923 3629 1989 3681 με

336 3698 601 3770 λαλῆσαμ

406 3789 557 3847 Μετά
601 3788 664 3845 τὸ
704 3786 1032 3845 καθοπλίσαι
1064 3789 1154 3843 τὸν
1193 3786 1420 3861 βασιλέα
1452 3784 1649 3845 λοιπὸν
1695 3785 1854 3844 καλεῖ
1894 3784 1989 3844 ’ίνα

331 3876 410 3952 δῷ
441 3884 620 3955 χεῖρα.
685 3902 714 3931 ιι
750 3879 835 3933 Ἐν
894 3876 1185 3951 πνεύματι.
1235 3900 1255 3928 ι
1320 3878 1410 3946 Μή
1468 3873 1520 3931 ἐν
1581 3873 1984 3953 βαττολογίαις.

420 3974 435 3987 ν
481 3968 494 3987 \
586 3966 601 3987 ν
743 3967 756 3987 υ
807 3967 821 3985 \
882 3968 896 3985 9
1126 3970 1148 3981 υ
1494 3990 1499 3994 δ
1696 3988 1701 3993 _
1796 3966 1808 3982 ι
1906 3966 1919 3983 ο

340 3994 361 4020 ιι
398 3974 497 4023 ha:
558 3988 637 4030 εις
695 3988 831 4023 αυτο
871 3984 1294 4041 αγρυπνουντες.
1345 3995 1370 4020 π
1429 3962 1636 4037 Μηδὲν,
1678 3986 1835 4044 φησι,
1892 3964 1989 4043 ρᾲ.

341 4053 984 4130 θυμονῆἠμελημένον.
1042 4080 1071 4107 ιι
1105 4053 1202 4109 Καὶ
1260 4051 1394 4130 ὓπερ
1451 4052 1607 4127 ἐμοῦ.
1639 4079 1667 4106 ›)
1725 4054 1829 4111 Καὶ
1884 4054 1988 4131 γάρ

338 4146 430 4202 καὶ
461 4146 553 4202 τὸν
588 4148 808 4221 Ιιὲτρον,
851 4146 1035 4224 φησὶν,
1070 4146 1105 4214 ἡ
1134 4142 1273 4220 εὺχὴ
1323 4146 1422 4213 τῆς
1454 4144 1783 4215 Ἐκκλησίας
1835 4144 1993 4200 ἔλυσε

340 4239 448 4291 τῶν
509 4233 745 4308 δεσμῶν.
806 4259 835 4287 ‹‹
894 4235 981 4291 Ἐν
1040 4233 1233 4304 ἀνοίξει
1289 4237 1386 4289 τοῦ
1460 4232 1730 4308 στόματός
1792 4256 1917 4308 μου.
1964 4258 1991 4287 ››

336 4325 533 4389 Καλῶς
590 4326 676 4395 τὸ,
730 4324 978 4393 Ἀνοίξει.
1031 4321 1168 4379 Οἰδδὲ
1219 4323 1323 4398 γὰρ
1380 4322 1724 4399 προεμελὲτα
1786 4323 1836 4379 τί
1894 4323 1990 4381 λα-

331 4414 513 4486 λήσει,
546 4415 764 4491 Χριστῷ
799 4411 1149 4485 πειθόμενος,
1204 4410 1335 4467 ἀλλ’
1380 4410 1433 4483 ἐξ
1483 4413 1751 4488 ὑπογυίου
1797 4413 1888 4469 καί
1937 4414 1988 4469 ἐν

332 4504 477 4577 αὖτῷ
503 4508 585 4578 τῷ
623 4503 830 4575 ἀνοῖξαι
859 4502 924 4559 τὸ
957 4497 1157 4573 στόμα,
1188 4500 1219 4554 ὁ
1246 4497 1416 4577 λόγος
1445 4500 1665 4574 προῄει.
1688 4525 1717 4552 ιι
1736 4502 1826 4559 Ἐν
1852 4501 1988 4580 παῤ.

2107 1914 2451 1985 spirituales
2482 1916 2800 1973 inimicos:
2834 1923 2938 1973 aut
2968 1917 3303 1989 spiritualia
3345 1917 3541 1989 inquit
3588 1916 3768 1979 dona.

2100 2019 2233 2075 quae
2264 2010 2405 2060 sunt
2432 2021 2540 2077 per
2570 2006 2813 2064 verbum
2845 2023 2914 2064 ac
2935 2008 3173 2080 jussum
3203 2008 3331 2063 Dei.
3356 2038 3422 2049 —
3444 2009 3575 2064 Aut.
3598 2006 3766 2072 Quod

2098 2101 2189 2152 est
2216 2098 2460 2153 verbum
2492 2100 2617 2163 Dei,
2646 2098 3023 2171 jungendum
3051 2108 3143 2156 est
3162 2099 3571 2171 sequentibus,
3589 2103 3656 2156 ut
3678 2099 3758 2155 sit

2097 2201 2310 2243 sensus
2340 2203 2354 2243 :
2387 2187 2553 2253 Quod
2580 2194 2674 2244 est
2703 2188 2947 2247 verbum
2978 2205 3047 2245 ac
3076 2195 3438 2262 praeceptum
3479 2188 3604 2256 Dei,
3636 2188 3752 2246 hoc

2094 2275 2605 2342 facite.Quodnam
2627 2278 2778 2333 illud
2800 2278 2926 2334 est?
2958 2280 3031 2335 Ut
3060 2279 3189 2335 sitis
3219 2283 3459 2335 orantes
3486 2294 3593 2350 per
3621 2294 3755 2335 om-

2095 2381 2235 2422 nem
2274 2367 2755 2437 deprecationem
2788 2373 2848 2423 et
2875 2369 3230 2425 orationem.
3263 2369 3378 2426 Aut
3405 2366 3467 2423 in
3492 2385 3561 2424 eo
3592 2367 3755 2439 quod

2096 2460 2187 2511 est
2215 2454 2542 2512 efficaciam
2581 2457 2797 2513 habere
2827 2474 2895 2513 ac
2941 2474 3141 2514 secare
3190 2457 3527 2529 spiritualia
3573 2456 3752 2524 dona,

2095 2543 2339 2601 verbum
2360 2550 2452 2602 est
2470 2546 2604 2602 Dei:
2629 2552 2719 2619 est
2738 2548 2898 2603 enim
2920 2546 3162 2603 verbum
3184 2547 3289 2604 Dei
3313 2546 3645 2603 divisivum.
3672 2548 3759 2603 Ita

2096 2633 2294 2704 potius
2334 2634 2614 2708 intelligit
2645 2652 2881 2708 quoque
2912 2636 3122 2693 beatus
3152 2637 3431 2693 Joannes.
3474 2638 3621 2692 Nam
3650 2651 3759 2708 per

2095 2723 2341 2779 verbum
2365 2725 2471 2781 Dei
2491 2725 2956 2797 perﬁciebantur
2974 2726 3153 2783 dona.
3180 2748 3209 2778 ιι
3236 2726 3293 2782 Si
3317 2726 3559 2798 quidem
3582 2725 3757 2798 quid-

2097 2812 2241 2883 quid
2272 2813 2563 2885 petieritis
2592 2831 2700 2889 per
2729 2832 2950 2873 nomen
2980 2832 3182 2873 meum
3214 2815 3379 2873 dabit
3398 2815 3587 2884 vobis,
3623 2838 3646 2866 ι
3673 2815 3761 2871 ait

2099 2902 2366 2959 Christus
2396 2905 2462 2960 “.

2171 3065 2263 3130 VI,
2304 3066 2481 3121 18-20.
2515 3088 2543 3116 ιι
2576 3067 2826 3124 Orantes
2856 3068 3020 3123 omni
3054 3073 3320 3140 tempore
3351 3068 3414 3123 in
3441 3067 3675 3140 spiritu,
3699 3072 3759 3125 et

2100 3174 2127 3202 ιι
2162 3154 2236 3209 ad
2269 3154 2380 3210 hoc
2410 3155 2606 3228 ipsum
2637 3157 2946 3227 vigilantes
2977 3175 3113 3213 cum
3144 3158 3308 3214 omni
3350 3157 3666 3213 sedulitate
3701 3162 3760 3213 et

2029 3208 2074 3278 (ἶ
2102 3263 2132 3294 ιι
2162 3241 2582 3315 deprecatione
2612 3263 2719 3317 pro
2745 3246 3022 3303 omnibus
3053 3247 3276 3303 sanctis
3307 3253 3366 3302 et
3394 3264 3499 3318 pro
3546 3263 3661 3313 me,
3688 3251 3759 3302 ut

2100 3353 2129 3380 «
2158 3331 2304 3387 mihi
2335 3333 2509 3389 detur
2538 3351 2734 3391 sermo
2765 3336 2829 3391 in
2860 3336 3166 3408 apertione
3198 3336 3317 3392 oris
3350 3336 3502 3391 mei:
3533 3341 3754 3391 utcum

2102 3443 2127 3476 ι
2158 3421 2434 3479 libertate
2460 3424 2563 3480 σο
2584 3430 2792 3481 notum
2816 3424 3031 3482 faciam
3054 3425 3405 3498 mysterium
3430 3424 3755 3497 Evangelii,

2100 3533 2129 3563 ιι
2160 3526 2266 3584 pro
2298 3528 2415 3585 quo
2472 3511 2768 3584 legatione
2811 3514 3027 3587 fungor
3067 3514 3132 3571 in
3177 3520 3408 3583 catena,
3460 3520 3526 3570 ut
3571 3515 3635 3570 in
3687 3531 3755 3570 eo

2100 3624 2126 3651 ιι
2162 3601 2347 3657 libere
2379 3602 2593 3675 loquar
2622 3604 2776 3660 sicut
2806 3609 3040 3676 oportet
3067 3621 3163 3661 me
3194 3605 3356 3677 loqui
3392 3627 3443 3662 ››.

2170 3766 2492 3837 Postquam
2523 3767 2772 3825 armavit
2801 3784 3019 3840 regem,
3045 3772 3485 3839 consequenter
3504 3771 3672 3822 vocat
3696 3772 3764 3824 ut

2097 3851 2198 3908 det
2229 3868 2491 3911 manum.
2528 3878 2557 3905 ιι
2589 3856 2656 3911 In
2690 3857 2922 3927 spiritu.
2961 3877 2983 3907 ι
3018 3858 3146 3912 Non
3179 3857 3239 3911 in
3270 3855 3628 3928 battologiis,
3657 3861 3762 3912 aut

2098 3943 2411 4001 verborum
2442 3944 2845 4015 multiloquio.
2871 3968 2899 3997 «
2931 3947 3001 4003 Et
3030 3945 3104 4001 ad
3135 3946 3247 4001 hoc
3278 3945 3472 4016 ipsum
3522 3943 3759 4016 vigilan-

2101 4036 2209 4089 tes.
2248 4053 2275 4084 ιι
2298 4033 2477 4099 Nihil,
2507 4033 2722 4105 inquit,
2748 4051 2928 4107 segne
2958 4041 3061 4091 aut
3092 4035 3449 4108 neglectum.
3485 4056 3513 4084 «
3551 4035 3621 4088 Et
3649 4049 3755 4105 pro

2100 4139 2215 4178 me.
2250 4144 2277 4172 ››
2313 4123 2545 4178 Etenim
2576 4125 2816 4179 Petrum
2849 4141 3087 4196 quoque
3117 4122 3393 4179 Ecclesia:
3419 4122 3606 4177 oratio
3639 4121 3760 4177 sol-

2100 4212 2183 4266 vit
2211 4229 2245 4267 a
2273 4212 2522 4268 vinculis
2551 4212 2617 4268 ⁴⁶.
2654 4235 2683 4262 ιι
2718 4215 2784 4268 In
2816 4215 3124 4285 apertione
3156 4214 3276 4269 oris
3323 4212 3462 4267 mei.
3499 4234 3527 4262 »
3582 4213 3760 4267 Recte

2102 4302 2217 4358 ait:
2241 4302 2306 4355 In
2329 4302 2860 4374 apertione.Neque
2884 4304 3043 4358 enim
3066 4301 3595 4374 prmmeditabatur
3616 4299 3760 4371 quid

2101 4390 2411 4447 locuturus
2442 4397 2619 4458 esset,
2651 4392 2881 4448 Christo
2937 4391 3360 4463 obtemperans
3390 4390 3436 4426 ⁴⁷
3471 4406 3485 4446 :
3537 4389 3641 4446 sed
3689 4407 3762 4445 ex

2102 4483 2370 4553 proximo
2401 4488 2463 4539 et
2491 4483 2553 4538 in
2585 4499 2654 4539 eo
2686 4482 2814 4554 ipso
2844 4498 2961 4554 quo
2995 4499 3061 4538 os
3091 4481 3370 4553 aperiret,
3398 4497 3594 4537 sermo
3616 4496 3760 4552 pro-

331 4570 496 4670 ρησίᾳ
521 4570 805 4671 γνωρίσαι.
842 4615 864 4644 ι
918 4592 989 4649 ’Ἠ
1040 4570 1128 4645 ’ίνα
1185 4588 1236 4644 ἐν
1278 4570 1574 4665 παρρησία.
1615 4570 1985 4665 ἀπολογήσωο

2104 4570 2366 4627 cedebat.
2405 4590 2432 4624 ι
2461 4572 2533 4627 Ut
2561 4588 2698 4627 cum
2729 4571 3005 4628 libertate
3037 4577 3244 4627 notum
3286 4570 3524 4626 faciam.
3562 4591 3584 4618 ι
3618 4571 3757 4637 Aut,

335 4704 455 4757 μαι.
542 4684 614 4742 ’Ἠ
687 4680 777 4738 ’ίνα
859 4679 1321 4756 εὐαγγελίζωμαι.
1410 4700 1441 4732 ιι
1496 4678 1655 4753 Ὑπὶρ
1738 4679 1800 4734 οὗ
1858 4699 1988 4753 πρε-

329 4768 530 4830 σϐεύω.
568 4795 595 4825 u
625 4772 782 4846 Ὑπὲρ
826 4770 891 4826 οὗ
943 4766 1282 4845 Εὐαγγελίου
1331 4761 1617 4841 πρεσϐεύω
1670 4766 1807 4843 πρὸς
1853 4766 1987 4830 τοὺς

328 4862 679 4939 ἀνθρώπους,
748 4858 863 4929 ἵνα,
939 4858 1125 4936 φησὶν,
1203 4854 1350 4930 αὒτῷ
1423 4856 1511 4911 καὶ
1588 4860 1708 4919 τοῖς
1749 4854 1801 4912 ἐν
1842 4855 1988 4931 αὐτῷ

327 4949 775 5029 καταλλαγᾶηιν.
830 4972 859 5002 ιι
921 4948 1079 5023 Ὑπὲρ
1138 4949 1378 5021 Χριστοῦ
1435 4947 1563 5021 γὰρ,
1642 4946 1796 5024 φησὶ,
1855 4966 1989 5022 πρε..

329 5036 619 5117 σδεόομεν,
653 5063 682 5092 η
716 5073 784 5082 -
817 5063 846 5091 ιι
877 5040 995 5096 Ἵνα
1031 5037 1086 5092 ἐν
1118 5035 1268 5108 αὖτῷ
1296 5035 1786 5110 παρρησιάσωμαι,
1824 5060 1846 5087 ι
1896 5037 1987 5114 Ἐν

330 5130 556 5205 δεσμοῖς
583 5130 675 5202 ἦν,
705 5129 795 5184 καὶ
829 5125 1218 5201 ἀπολογεῖσθαι
1247 5118 1481 5199 ἔμελλεν
1526 5120 1616 5178 ’ἰνα
1662 5124 1777 5195 οῦν,
1828 5126 1986 5202 φησί,

333 5222 468 5295 μετά
498 5219 828 5294 παρρησίας,
855 5215 944 5273 καὶ
975 5214 1149 5278 οὕτως
1207 5215 1282 5276 ὼς
1330 5213 1444 5289 χρὴ
1492 5212 1588 5268 τὸν
1631 5213 1765 5289 ὑπὲρ
1820 5213 1986 5286 τηλι-

321 5311 532 5367 κοῦτων
561 5305 1040 5384 ἀπολογούμενου,
1081 5302 1556 5380 ἀπολογήσωμαι,

394 5487 508 5541 Ἵνα
538 5480 594 5539 δὲ
625 5480 807 5552 εἰδῆτε
834 5480 924 5536 καί
958 5479 1117 5552 ὑμεῖς
1172 5477 1240 5532 τὰ
1292 5477 1409 5530 κατ’
1466 5471 1564 5549 ἰμὶ
1616 5473 1673 5529 τί
1727 5478 1975 5552 πράσων,

392 5599 441 5637 *³
479 5596 632 5658 l’sal.
666 5617 722 5670 ι,
754 5603 806 5655 7.
883 5595 930 5632 ⁴⁴
961 5595 1160 5652 Matth.
1191 5609 1323 5663 xvn,
1359 5595 1443 5648 19.
1531 5591 1575 5626 ⁸⁸
1599 5592 1767 5651 Joan.
1802 5613 1917 5666 1m,
1951 5601 2040 5655 23.

324 5688 377 5742 v,
409 5676 500 5730 20.

2101 4660 2173 4715 Ut
2202 4676 2339 4716 cum
2371 4659 2647 4717 libertate
2678 4677 2783 4731 pro
2813 4677 2907 4716 me
2936 4675 3178 4720 causam
3227 4659 3422 4715 dicam
3454 4675 3467 4712 :
3513 4662 3652 4724 aut;
3686 4658 3760 4713 Ut

2097 4748 2418 4819 praedicem
2448 4748 2853 4820 Evangelium.
2889 4770 2917 4799 ιι
2949 4750 3061 4805 Pro
3103 4766 3219 4822 quo
3258 4748 3558 4822 legatione
3610 4746 3757 4804 fun-

2096 4838 2229 4895 hor.
2263 4860 2292 4889 »
2325 4840 2431 4895 Pro
2460 4855 2578 4909 quo
2611 4839 2925 4912 Evangelia
2958 4837 3253 4911 legatione
3282 4839 3498 4911 iungor
3526 4836 3600 4893 ad
3650 4836 3762 4893 ho-

2097 4927 2292 4984 mines
2321 4931 2387 4984 ut
2412 4927 2525 4998 ipsi
2556 4932 2618 4984 et
2649 4928 2743 4985 his
2773 4945 2905 5000 quas
2936 4928 2999 4984 iu
3030 4945 3098 4985 eo
3132 4928 3449 4994 habentur,
3489 4925 3763 4983 reconci-

2096 5016 2338 5073 lientur.
2398 5039 2427 5067 ιι
2483 5018 2631 5075 Nam
2688 5033 2794 5087 pro
2849 5017 3104 5085 Christo,
3190 5017 3405 5089 inquit,
3464 5015 3760 5089 legatione

2096 5105 2401 5179 fungimur
2430 5106 2494 5163 δε.
2530 5128 2559 5157 ››
2591 5136 2659 5149 -
2691 5127 2716 5159 ι
2755 5108 2826 5162 Ut
2855 5106 2918 5163 in
2958 5122 3027 5162 eo
3076 5106 3263 5163 libere
3318 5107 3551 5178 loquar.
3605 5127 3638 5157 »
3691 5106 3757 5162 in

2096 5195 2349 5253 vinculis
2380 5201 2507 5254 erat
2534 5202 2591 5252 et
2622 5213 2730 5270 pro
2762 5212 2826 5252 se
2856 5211 3277 5268 responsurus.
3312 5198 3384 5254 Ut
3411 5195 3591 5268 igitur
3619 5211 3755 5253 cum

2096 5285 2391 5353 libertate,
2424 5285 2641 5356 inquit,
2672 5301 2769 5343 me
2802 5300 3069 5358 purgem,
3093 5291 3153 5341 et
3178 5285 3345 5344 itaut
3366 5291 3755 5358 Oporteteum

2096 5376 2199 5447 qui
2229 5375 2572 5449 hujusmodi
2607 5374 2680 5430 de
2710 5374 2888 5432 rebus
2917 5391 3161 5432 causam
3186 5375 3456 5432 dicturus
3487 5381 3598 5432 est.

2165 5482 2259 5552 VI,
2292 5484 2482 5537 21434.
2521 5503 2548 5531 ιι
2586 5482 2658 5537 Ut
2686 5488 2887 5537 autem
2922 5482 3122 5537 sciatis
3152 5488 3211 5537 ct
3240 5498 3343 5538 vos
3388 5497 3522 5552 quae
3555 5481 3630 5537 ad
3663 5495 3759 5537 me

2142 5597 2191 5634 ⁴⁰
2220 5598 2346 5655 Act.
2387 5614 2491 5665 χιι,
2528 5598 2610 5653 it.
2718 5595 2762 5632 ‘7
2796 5596 2934 5654 Luc.
2971 5614 3084 5666 xxi,
3122 5599 3186 5653 14
3215 5614 3380 5671 seqq.
3471 5594 3516 5631 ⁴⁸
3545 5594 3594 5651 II
3626 5594 3758 5652 Cor.
