4108 6418
352 359 511 421 1215

1475 305 1893 411 (ECUMENIl
1939 348 2249 411 TRICCIE
2292 351 2646 415 EPISCOPI

3614 354 3779 416 1256

349 516 379 545 ‹‹
413 493 715 565 pertinent
745 487 888 561 quid
918 501 1107 560 agam,
1142 484 1215 540 de
1247 483 1525 540 omnibus
1569 483 1850 538 certiores
1898 499 1997 538 vos

2116 481 2282 539 πάντα
2341 484 2467 558 ὑμῖν
2525 485 2780 562 γνωρίσει
2836 485 3075 563 Τυχικὸς
3144 486 3173 540 ὁ
3251 486 3540 560 ἀγαπητὸς
3603 485 3815 543 ἀδελ-μ

349 605 378 635 ‹‹
414 582 624 638 reddet
652 578 939 651 Tychicus
996 575 1247 630 dilectus
1278 574 1460 630 frater
1490 578 1549 628 et
1577 572 1772 627 fidelis
1794 572 2000 627 minis-

355 694 381 725 ι
418 678 509 727 ter
539 672 601 726 in
633 670 883 725 Domino
913 685 927 722 :
962 682 1140 738 quem
1171 665 1307 721 misi
1339 664 1414 720 ad
1440 681 1541 720 vos
1571 663 1632 718 in
1665 664 1776 719 hoc
1807 664 2002 735 ipsum

352 785 381 811 «
410 767 477 817 ut
507 757 944 833 cognosceretis
975 756 1048 811 de
1077 755 1256 810 rebus
1280 755 1521 819 nostris,
1556 760 1614 808 et
1665 753 2005 809 consolare-

362 872 382 900 ι
420 856 519 905 tur
547 848 731 905 corda
758 851 971 902 vestra.
1003 847 1124 900 Pax
1154 843 1437 899 fratribus
1464 848 1526 905 et
1554 843 1811 898 charitas
1867 858 2003 897 cum

348 960 377 987 ‹‹
416 935 530 992 ﬁde
564 952 599 990 a
628 935 747 991 Deo
779 935 952 988 Patre
984 936 1044 988 et
1071 931 1323 987 Domino
1353 931 1490 985 Jesu
1519 929 1771 985 Christo.
1808 928 2005 985 Gratia

354 1045 375 1075 ι
412 1027 491 1082 sit
520 1042 655 1082 cum
678 1023 959 1080 omnibus
984 1021 1371 1094 diligentibus
1392 1021 1708 1075 Dominum
1731 1024 2003 1075 nostrum

350 1138 381 1166 ‹‹
409 1118 433 1171 1
445 1132 613 1173 esum
644 1114 947 1170 Christum
979 1128 1113 1168 cum
1146 1111 1507 1167 sinceritate.
1538 1115 1730 1167 Amen
1761 1132 1813 1165 ».

422 1208 563 1271 Quae
595 1203 1019 1260 exhortationis
1052 1206 1221 1257 erant
1247 1205 1304 1256 et
1335 1201 1696 1274 dogmatum,
1729 1200 2001 1273 scripsit:

354 1311 487 1366 qua:
512 1311 648 1349 vero
682 1293 755 1349 ad
789 1308 851 1348 se
882 1291 1279 1363 pertinebant,
1318 1290 1631 1362 epistolam
1681 1290 2001 1363 perferenti

346 1382 512 1454 loqui
536 1382 827 1453 permisit.
854 1402 883 1432 ‹‹
907 1382 975 1435 Et
996 1378 1190 1434 fidelis
1212 1379 1505 1435 minister.
1534 1402 1563 1429 ››
1598 1380 1654 1434 Si
1678 1380 1870 1435 fidelis
1893 1380 2000 1434 ita-

348 1488 467 1545 que
499 1472 678 1528 etiam
708 1472 1016 1526 veritatem
1047 1469 1344 1541 loquetur.
1394 1492 1422 1519 ‹‹
1458 1469 1530 1525 Ut
1567 1468 2002 1541 cognosceretis

349 1561 422 1616 de
452 1561 632 1616 rebus
666 1560 907 1616 uostris.
935 1583 956 1611 ι
996 1560 1115 1614 Hoc
1137 1563 1197 1614 et
1216 1558 1554 1614 dilectionis
1577 1559 1745 1613 Pauli
1764 1558 2002 1631 signum

346 1654 478 1705 erat
508 1656 568 1705 et
596 1650 859 1717 illorum,
890 1648 1043 1704 velle
1066 1648 1312 1704 omnino
1341 1647 1413 1703 ab
1447 1647 1564 1702 illis
1595 1664 1663 1703 ea
1693 1648 1755 1703 in
1784 1647 2002 1719 quibus

351 1744 475 1795 erat
507 1739 802 1809 cognosci.
859 1761 878 1785 ι
915 1740 985 1794 Ει
1032 1737 1444 1794 consolaretur
1501 1738 1682 1793 corda
1727 1743 1934 1793 vestra.
1974 1758 2002 1787 ››

2115 575 2216 654 φὸς
2281 575 2370 630 καὶ
2433 578 2623 638 πιστὸς
2689 574 2943 641 διάκονος
3007 576 3059 632 ἐν
3126 577 3330 652 Κυρίῳ,
3407 578 3465 632 ὅν
3550 575 3774 653 ἔπεμψα

2114 667 2251 739 πρὸς
2317 666 2457 739 ὑμᾶς
2542 666 2619 728 είς
2701 665 2832 722 αότὸ
2889 670 3074 734 τοῦτο,
3135 663 3231 721 ’ίνα
3281 670 3453 741 γνῶτε
3514 667 3580 723 τά
3645 669 3776 742 περὶ

2117 756 2306 826 ἡμῶν,
2368 756 2459 811 καὶ
2550 754 2902 831 παρακαλέσῃ
2990 757 3088 811 τάξ
3154 753 3378 831 καρδίας
3436 757 3614 829 ὓμῶν.
3675 759 3776 813 Εἰ-

2118 845 2256 919 ρήνη
2291 850 2407 905 τοῖς
2464 842 2723 925 ἀδελφοῖς
2782 846 2874 901 καὶ
2932 846 3118 920 ἀγάπη
3176 846 3312 917 μετά
3370 846 3606 908 πίστεως
3662 847 3775 903 ἀπὸ

2117 936 2251 988 Θεοῦ
2326 934 2537 1010 Πατρὸς
2611 935 2701 989 καὶ
2777 934 2982 1011 Κυρίου
3073 936 3259 1004 Ἰησοῦ
3350 936 3609 1009 Χριστοῦ.
3705 937 3776 993 Ἡ

2119 1023 2283 1097 χάρις
2333 1023 2467 1096 μετά
2513 1025 2732 1079 πάντων
2806 1029 2915 1079 τῶν
2988 1024 3325 1099 ἀγαπώντων
3403 1023 3497 1079 τὸν
3574 1024 3774 1101 Κύριον

2118 1113 2279 1186 ἡμῶν
2307 1113 2516 1184 Ἰησοῦν
2545 1113 2775 1188 Χριστὸν
2806 1113 2857 1169 ἐν
2888 1114 3175 1192 ἀφθαρσίᾳ.
3203 1113 3400 1187 Ἀμήν.

2188 1205 2360 1278 "Amp
2421 1204 2486 1272 ἧν
2568 1202 2936 1278 παραινέσεως
3011 1202 3102 1258 καὶ
3162 1199 3479 1278 δογμάτων,
3547 1198 3776 1278 ἔγραψε,

2116 1291 2183 1346 τὰ
2215 1288 2273 1345 δὶ
2301 1291 2418 1347 κατ’
2451 1290 2635 1361 αὐτὸν,
2666 1296 2746 1365 τῷ
2787 1292 3001 1369 φέροντι
3031 1293 3132 1359 τήν
3177 1289 3474 1361 ἐπιστολὴν
3527 1290 3773 1361 λαλῆσαι

2120 1378 2403 1457 ἐπέτρεψε,
2474 1380 2635 1437 «Κιὶ
2709 1381 2902 1444 πιστὸς
2980 1378 3248 1444 διάκονος.
3310 1405 3340 1435 »ι
3416 1381 3483 1438 Εἴ
3556 1382 3773 1445 πιστὸς,

2120 1469 2315 1527 ούκοῦν
2347 1471 2435 1526 καὶ
2462 1471 2774 1542 ἀληθεύσει.
2814 1495 2840 1526 α
2865 1474 2984 1529 Ἵνα
3011 1477 3185 1548 γνῶτε
3235 1471 3302 1528 τὰ
3347 1471 3477 1548 περὶ
3525 1475 3710 1546 ἡμῶν.
3747 1499 3770 1527 ι

2120 1564 2296 1617 Τοῦτο
2354 1560 2447 1616 καὶ
2503 1568 2606 1632 τῆς
2662 1560 2885 1617 Παύλου
2942 1560 3182 1639 ἀγάπης,
3255 1561 3346 1618 καὶ
3403 1569 3502 1631 τῆς
3561 1562 3781 1617 ἐκείνων

2124 1655 2352 1724 σημεῖον
2408 1650 2499 1719 ἧν,
2558 1650 2641 1720 τὸ,
2703 1648 2909 1706 ἐθέλειν
2963 1650 3123 1705 παντὶ
3188 1650 3379 1725 ἆρόπῳ
3464 1654 3780 1726 γνωσθῆναι

2120 1738 2413 1809 αύτοῖς,ἐν
2474 1739 2554 1800 οἷς
2612 1738 2702 1808 ἦν.
2766 1764 2792 1791 α
2828 1739 2935 1795 Καὶ
2993 1737 3346 1814 παρακαλέσῃ
3403 1739 3498 1800 τὰς
3550 1737 3780 1815 καρδίας

349 1826 657 1899 Siquidem
690 1827 832 1899 quia
853 1826 913 1882 in
934 1826 1188 1882 vinculis
1209 1825 2001 1898 eratprmceptorﬁiscipulis

2126 1828 2308 1918 ύμῶν.
2345 1851 2373 1879 ››
2402 1825 2629 1897 Ἐπειδή
2661 1827 2764 1903 γάρ
2795 1826 2848 1883 ἐν
2907 1826 3156 1883 ἀλύσεσιν
3205 1829 3272 1897 ἦν
3334 1829 3364 1883 ὁ
3420 1825 3775 1900 διδάσκαλος,

349 1933 498 1990 opus
531 1923 659 1973 erat
687 1916 1120 1981 consolatione,
1156 1932 1231 1970 ne
1263 1915 1622 1971 exciderent.
1675 1917 1766 1971 6|
1829 1938 1857 1965 ‹‹
1892 1918 2011 1971 Pax

344 2005 651 2062 fratribus.
684 2027 712 2056 »
747 2007 1030 2060 Precatur
1059 2004 1144 2060 eis
1174 2021 1381 2076 pacem
1415 2010 1473 2060 et
1493 2004 1840 2060 charitatem
1872 2020 2008 2060 cum

350 2094 507 2151 fide:
546 2112 622 2150 ne
653 2111 790 2165 erga
829 2112 930 2151 eos
959 2110 1166 2167 pacem
1200 2094 1458 2149 habeant
1487 2095 1585 2166 qui
1619 2095 1753 2150 aliis
1810 2094 2007 2150 adhaa-

350 2192 487 2242 rent
516 2186 922 2259 opinionibus,
958 2185 1061 2241 sed
1118 2202 1256 2258 erga
1303 2186 1461 2241 solos
1509 2186 1859 2242 credentes:
1907 2190 2010 2240 aut

349 2276 509 2347 quod
540 2275 773 2331 nullum
816 2276 1027 2331 afferat
1080 2275 1339 2332 charitas
1386 2275 1643 2344 lucrum,
1691 2275 1808 2331 nisi
1860 2274 2006 2331 fides

350 2381 585 2437 quoque
618 2364 792 2421 adsit.
852 2386 876 2417 α
912 2366 1022 2431 Qui
1072 2364 1327 2438 diligunt
1369 2365 1684 2420 Dominum
1733 2370 2006 2420 nostrum

346 2456 548 2510 Jesum
579 2455 879 2509 Christum
917 2471 1053 2511 cum
1081 2453 1421 2510 sinceritate
1477 2474 1502 2506 ι
1537 2456 1720 2510 Amor
1746 2454 1905 2510 enim
1943 2454 2005 2510 in

351 2543 651 2598 Christum
683 2544 1066 2615 incorruptus
1092 2549 1153 2599 et
1174 2544 1419 2616 integer,
1444 2544 1561 2600 imo
1581 2545 1777 2616 potius
1804 2561 2007 2602 cumu-

348 2630 529 2687 latior
557 2632 620 2687 in
651 2632 776 2687 dies
809 2649 941 2687 esse
969 2631 1233 2688 deberet.

350 2722 530 2786 Finis,
556 2721 747 2777 divino
777 2724 1001 2790 favente
1025 2722 1261 2788 auxilio,
1290 2723 1559 2794 Epistolas
1604 2725 1679 2780 ad
1722 2727 2000 2796 Ephesios.

459 2827 688 2898 Scripta
722 2833 811 2883 est
839 2827 913 2883 ab
943 2828 1089 2884 urbe
1120 2830 1304 2885 Roma
1332 2846 1439 2901 per
1467 2830 1805 2902 Tychicum.

2124 1913 2358 1992 ἔχρῃξον
2389 1917 2440 1972 οἱ
2483 1915 2722 1989 μαθηταὶ
2778 1914 3200 1990 παρακλήσεως,
3251 1920 3349 1971 τοῦ
3409 1918 3486 1989 μή
3540 1938 3777 1974 καταπε-

2120 2012 2252 2062 σεῖν.
2292 2030 2313 2055 ι
2358 2004 2570 2078 Εῗρήνη
2629 2010 2753 2070 τοῖς
2804 2002 3150 2084 ἀδελφοῖς.»
3205 2006 3529 2085 Ἐπεύχεται
3585 2006 3778 2070 αὐτοῖς

2118 2095 2337 2169 εἰρήνην
2365 2095 2453 2150 καὶ
2483 2097 2584 2166 την
2617 2095 2750 2168 μετά
2780 2093 3015 2156 πίστεως
3063 2094 3304 2169 ἀγάπην,
3359 2091 3455 2148 ’ίνα
3504 2094 3580 2168 μὴ
3633 2095 3775 2168 πρὸς

2116 2184 2463 2260 ἒτεροόόεους
2506 2187 2565 2259 ᾖ,
2622 2185 2768 2241 ἀλλὰ
2830 2186 3030 2259 μόνους
3084 2183 3215 2247 τοὺς
3265 2185 3513 2246 πιστούς.
3564 2186 3631 2241 Ἥ
3689 2184 3777 2241 ὅτι

2116 2273 2269 2331 οὐδέν
2328 2275 2440 2331 ἐστι
2486 2282 2586 2345 τῆς
2646 2275 2863 2350 ἀγάπης
2902 2270 3135 2349 ’κέρδος,
3205 2277 3281 2348 μή
3338 2274 3430 2329 καὶ
3490 2275 3626 2348 μετά
3680 2275 3778 2331 πί·-

2116 2385 2283 2423 στεως
2313 2361 2505 2436 οὔσης.
2565 2388 2593 2416 κ
2627 2366 2752 2421 Τῶν
2810 2365 3146 2441 ἀγαπώντων
3204 2364 3296 2420 τὸν
3355 2364 3556 2439 Κύριον
3610 2366 3775 2436 ἡμῶν

2116 2455 2326 2525 Ἰησοῦν
2387 2455 2617 2528 Χριστὸν
2695 2452 2747 2509 ἐν
2822 2453 3107 2531 ἀφθαρσίᾳ.
3169 2473 3197 2506 ι
3259 2453 3322 2511 Ἡ
3379 2454 3483 2531 γὰρ
3544 2452 3619 2514 εἰς
3674 2452 3768 2508 τὸν

2115 2544 2346 2620 Χριστὸν
2380 2544 2590 2619 ἀγάπη,
2630 2542 2905 2620 ἄφθαρτος
2950 2543 3042 2599 καὶ
3097 2543 3391 2617 ἀμείωτος,
3450 2542 3661 2618 μᾶλλον
3715 2541 3775 2598 δί

2111 2635 2231 2698 καθ’
2262 2632 2491 2705 ἑκάστην
2546 2630 2863 2689 ἐπιδιδοῢσα
2916 2634 3017 2703 τήν
3071 2632 3280 2707 ἡμέραν
3327 2630 3559 2710 ᾣιρειλεν
3611 2633 3773 2691 εἶναι.

2185 2720 2382 2794 Τέλος,
2416 2721 2508 2777 σὺν
2536 2727 2674 2795 Θεῷ,
2705 2729 2807 2791 τῆς
2836 2722 2974 2798 πρὸς
3003 2721 3285 2796 Ἐφεσίους
3313 2719 3668 2791 Ἐπιστολῆς.

2406 2831 2653 2909 Ἐγράερη
2687 2829 2794 2885 ἀπὸ
2823 2829 3046 2903 Ῥώμης
3078 2827 3167 2884 διὰ
3204 2833 3473 2905 Τυχικοῦ.

1419 2982 3768 3023 mw

1424 3011 1627 3020 ιε’-ψ...

1629 3206 2519 3338 ΥΠΟΘΕΣΙΣ

811 3443 1054 3538 ΤΗΣ
1136 3441 1465 3537 ΠΡΟΣ
1550 3437 2472 3534 ΦΙΛΙΠΠΗΣΙΟΥΣ
2557 3435 3317 3533 ΕΙἸΙΣΤΟΛΗΣ.

1433 3772 2639 3898 ARGUMENTUM

1110 3968 1751 4066 EPISTOLZE
1820 3969 1986 4063 AD
2054 3968 2987 4065 PHILIPPENSES.

2017 4226 2089 4237 -

408 4399 510 4454 62
561 4398 723 4453 Hanc
756 4396 965 4452 scribit
993 4394 1066 4451 ab
1098 4393 1244 4450 urbe
1276 4395 1484 4460 Roma,
1520 4408 1654 4447 cum
1677 4393 1805 4465 jam
1836 4392 1998 4463 ipsos

2171 4389 2384 4460 Ταύτην
2436 4387 2748 4446 ἐπιστέλλει
2796 4389 2904 4445 ἀπὸ
2947 4391 3196 4465 Ῥώμης,
3255 4391 3513 4467 ἑωρακὼς
3566 4387 3767 4451 αὐτοὺς

337 4486 580 4542 vidisset
603 4485 781 4540 simul
810 4490 868 4540 et
889 4482 1208 4539 docuisset.
1240 4481 1480 4538 Occasio
1499 4487 1697 4536 autem
1731 4479 1998 4552 epistolas

335 4577 632 4633 fuithaec:
663 4576 809 4630 Cum
830 4574 1135 4629 misissent
1171 4570 1580 4642 Pbilippenses
1613 4570 1794 4625 Paulo
1826 4569 2001 4624 mini-

2112 4476 2229 4553 ἅμα
2282 4479 2373 4535 καὶ
2434 4475 2674 4550 διδάξας.
2730 4480 2793 4537 ἸΙ
2855 4477 2912 4535 δὲ
2976 4480 3246 4557 πρόφασις
3296 4486 3399 4550 τῆς
3465 4476 3769 4547 ἐπιστολῆς

2110 4565 2272 4639 αὕτη.
2309 4571 2645 4644 Πεμψάντων
2675 4565 3070 4638 Φιλιππησίων
3105 4565 3380 4624 διακονίαν
3409 4571 3491 4641 τῷ
3540 4565 3771 4639 Παύλῳ,

338 4666 611 4732 sterium,
646 4669 705 4719 et
733 4662 977 4735 quidam
1007 4660 1331 4718 circuirent
1361 4676 1430 4716 ac
1458 4660 1776 4716 inﬁcerent
1822 4676 1998 4715 aures

2116 4657 2196 4713 ιαί
2251 4678 2413 4712 τινων
2472 4654 2920 4732 περιερχομένων
2988 4657 3081 4711 καὶ
3169 4653 3589 4733 διαφθειρόντων
3671 4654 3771 4716 τὰς

339 4753 704 4826 simplicium
735 4758 1024 4826 praetextu
1055 4750 1285 4807 umbra:
1315 4748 1464 4818 legis
1494 4767 1563 4805 ac
1591 4748 1997 4805 circumcisio-

336 4844 455 4910 nis,
491 4844 592 4914 qui
625 4843 755 4898 sine
784 4842 896 4897 hac
918 4841 1188 4897 dicerent
1210 4839 1443 4894 nullum
1467 4855 1640 4910 posse
1654 4838 1998 4910 justiﬁcari.

341 4934 488 4988 Cum
518 4933 645 4987 haec
676 4930 944 4987 audisset
973 4928 1311 5001 Apostolus,
1345 4928 1553 4983 scribit
1595 4927 1999 4999 Philippensi—

341 5021 473 5076 bus.
507 5023 573 5075 Et
605 5021 867 5093 primum
898 5019 1141 5092 quidem
1170 5035 1377 5075 eorum
1405 5018 1704 5073 collaudat
1726 5017 2001 5081 fidem,ac

343 5108 642 5181 significat
670 5124 731 5164 se
781 5109 1049 5180 ipsorum
1098 5108 1293 5164 facere
1348 5107 1719 5162 memoriam.
1780 5106 1998 5161 Deinde

340 5201 545 5251 narrat
574 5196 873 5267 quomodo
906 5198 1104 5251 Roma:
1134 5212 1241 5266 pro
1269 5211 1331 5250 se
1362 5194 1776 5266 responderit:
1811 5194 1997 5264 quod-

342 5299 458 5356 que
489 5283 790 5347 nonnulli,
822 5300 1028 5356 graves
1057 5283 1171 5355 ipsi
1202 5283 1427 5340 fuerint
1454 5283 1517 5338 in
1548 5281 1823 5346 vinculis,
1856 5282 2001 5337 invi-

341 5373 503 5430 diam
537 5372 589 5429 ei
621 5377 946 5427 moventes.
977 5374 1119 5427 Post
1150 5372 1276 5427 haec
1306 5371 1443 5427 illos
1474 5371 1822 5426 exhortatur
1852 5376 1917 5426 ut
1937 5387 1999 5428 se

340 5468 548 5519 mutuo
591 5461 862 5533 diligant,
896 5460 1162 5515 referens
1193 5460 1510 5516 Salvatoris
1544 5459 1996 5532 benignitatem,

342 5553 467 5625 qui,
491 5568 626 5609 cum
678 5550 835 5607 Deus
861 5553 1036 5613 esset,
1060 5554 1303 5621 propter
1325 5565 1434 5603 nos
1458 5548 1637 5605 homo
1666 5548 1858 5604 factus
1888 5555 1997 5605 est.

338 5641 566 5699 Deinde
587 5641 659 5699 de
691 5636 1151 5696 circumcisione
1188 5654 1256 5694 ac
1286 5636 1412 5709 lege
1444 5637 1764 5706 disserens,
1799 5644 1994 5695 osten-

2107 4745 2269 4808 ἀκοὰς
2298 4750 2408 4801 τῶν
2465 4745 2728 4821 ἀκεραίων
2787 4745 3055 4821 προφάσει
3100 4751 3200 4816 τῆς
3252 4750 3405 4809 σκιᾶς
3450 4749 3547 4800 τοῦ
3594 4743 3769 4817 νόμου

2107 4836 2197 4891 καὶ
2227 4843 2328 4905 τῆς
2359 4842 2690 4910 περιτομῆς,
2722 4834 2815 4889 καὶ
2875 4833 3147 4910 λεγόντων
3204 4834 3382 4914 χωρίς
3436 4833 3637 4905 ταύτης
3685 4832 3766 4905 μὴ

2109 4922 2362 4980 δύνασθαι
2421 4923 2801 4995 δικαιωσῆναι,
2855 4922 3040 4996 μαθὼν
3093 4923 3122 4978 ὁ
3164 4923 3527 4992 Ἀπόστολος,
3568 4923 3770 4997 γράφει

2109 5012 2528 5085 Φιλιππησίοις·
2592 5013 2690 5068 Καὶ
2742 5018 2959 5085 πρῶτον
3030 5013 3125 5086 μὲν
3206 5009 3536 5088 ἀποδέχεται
3592 5010 3768 5066 αὐτῶν

2106 5105 2204 5173 τήν
2234 5103 2412 5159 πίστιν
2468 5102 2558 5158 καὶ
2612 5102 2869 5177 σημαίνει
2930 5102 3300 5174 μνημονεὺειν
3366 5102 3571 5157 αὐτῶν.
3631 5101 3771 5157 ’Ἑπ-

2109 5213 2224 5248 ειτα
2263 5190 2533 5267 διηγεῖται
2575 5190 2649 5252 ὠς
2708 5189 3099 5266 ἀπελογήσατο
3158 5189 3210 5245 ἐν
3261 5190 3481 5266 Ῥώμῃ,
3538 5190 3631 5245 καὶ
3688 5189 3775 5245 ὅτι

2108 5282 2249 5343 τινες
2279 5282 2429 5353 αύτῴ
2460 5281 2643 5356 βαρεῖς
2674 5281 2957 5356 γεγόνασιν
2990 5279 3043 5334 ἐν
3103 5285 3223 5342 τοῖς
3275 5276 3523 5352 δεσμοῖς,
3579 5278 3772 5357 εοόνον

2109 5373 2261 5443 αύτῷ
2304 5375 2595 5432 κινοῦντες.
2642 5373 2873 5427 Ἔπειτα
2926 5367 3123 5432 αὒτοὺς
3173 5368 3535 5445 προτρέπεται
3588 5368 3769 5438 ἀλλή-

2113 5458 2245 5522 λους
2275 5459 2504 5533 ἀγαπᾷν,
2546 5459 2911 5536 ἐξηγούμενος
2961 5460 3062 5530 τήν
3112 5463 3210 5514 τοῦ
3265 5466 3525 5532 Σωτῆρος
3574 5458 3773 5536 φιλαν-

2112 5548 2382 5622 Θρωπίαν,
2415 5549 2658 5611 ’ὅτιθεὸς
2724 5544 2821 5617 ὧν,
2882 5546 3167 5623 ἄνθρωπος
3226 5546 3411 5623 γέγονε
3469 5546 3540 5602 δι’
3595 5549 3769 5620 ⁸ἕζμεῑις.

2112 5638 2250 5695 Εἶτα
2299 5637 2422 5715 περὶ
2479 5644 2580 5709 τῆς
2631 5644 2938 5711 περιτομῆς
3005 5638 3096 5692 καὶ
3153 5641 3250 5692 τοῦ
3305 5636 3541 5692 παλοιοῦ
3599 5637 3777 5708 νόμου
