4108 6390
334 386 494 445 1287

1344 393 1756 455 ΟΟΜΜΕΝΤ.
1804 392 1884 453 ΙΝ
1930 389 2178 453 EPIST.
2224 392 2327 453 AD
2374 394 2666 455 PHILIP.

3605 403 3763 465 1258

330 513 633 591 διαλαϐὼν,
666 520 1009 579 ἀποδεικνύει
1044 525 1218 599 ἀργήν
1250 527 1570 601 γεγενῆσθαι
1627 523 1830 581 λοιπὸν
1880 525 1976 595 τήν

2100 525 2188 581 dit
2217 526 2463 599 posthac
2494 529 2744 585 otiosam
2774 529 2992 606 factam
3027 548 3156 589 esse
3215 534 3759 607 circumcisionem,

328 612 659 686 περιτομὴν,
692 607 989 683 λαμϐάνων
1017 614 1108 692 ἀφ’
1137 615 1332 670 ἑαυτοῦ
1367 615 1430 670 τὸ
1498 612 1847 689 παράδειγμα
1893 611 1984 669 καὶ

330 698 532 775 λέγων,
563 698 669 765 δτι,
700 703 880 757 Ταῦτα
933 702 1111 757 πάντα
1167 700 1386 777 ἥγημαι
1447 701 1536 759 διὰ
1591 704 1685 759 τὸν
1747 704 1983 779 Χριστὸν

333 789 557 859 ζημίαν,
592 789 685 843 Διὸ
714 789 805 844 καὶ
834 789 961 851 τοὺς
995 791 1088 863 μὲν
1149 788 1499 847 διδάσκοντας
1548 790 1628 847 ἔτι
1679 793 1983 866 περιτομήν

326 877 417 932 καὶ
450 875 704 941 θέλοντας
761 878 958 943 αὐτοὺς
1008 879 1279 950 ἀπατῆσαι
1345 881 1703 955 μεμψάμενος
1757 881 1848 936 καὶ
1907 881 1988 935 εί·-

328 965 446 1021 πὼν
473 965 709 1044 ἐχθροὺς
752 966 948 1030 αὐτοὺς
1000 971 1143 1024 εἶναι
1196 967 1295 1024 τοῦ
1336 971 1595 1045 Χριστοῦ,
1654 966 1983 1044 ἀποδέχεται

328 1053 744 1126 Φιλιππησίους
777 1053 866 1111 διὰ
892 1059 993 1127 τὴν
1026 1058 1163 1133 πρὸς
1193 1058 1354 1114 αὐτὸν
1411 1065 1512 1128 τῆς
1561 1058 1848 1120 κοινωνίας
1898 1055 1986 1112 δό-

324 1165 429 1201 σιν.
462 1145 568 1202 Καὶ
624 1146 1069 1222 προτρεψάμενος
1117 1149 1286 1204 πάλιν
1345 1148 1421 1212 εἰς
1472 1148 1544 1203 τὰ
1598 1147 1704 1219 ἤθη
1764 1148 1981 1216 αὐτοὺς,

326 1232 537 1291 τελειοῖ
561 1234 665 1303 τὴν
697 1234 1055 1307 Ἐπιστολήν.

912 1355 1388 1414 ΘΕΟΔΩΡΗΤΟΥ.

398 1474 466 1531 Οἳ
497 1471 868 1544 Φιλιππήσιοι
899 1479 998 1544 τῆς
1027 1470 1369 1539 Μακεδονίας
1399 1475 1560 1545 ἦσαν,
1613 1473 1716 1529 ὑπὸ
1770 1474 1979 1549 μητρό-

324 1562 489 1619 πολιν
544 1560 971 1635 Θεσσαλοτίκην.
1060 1561 1253 1619 Πολλᾶ
1311 1562 1370 1618 δὲ
1428 1563 1613 1623 αὐτοῖς
1678 1564 1706 1618 ὁ
1760 1564 1978 1625 Παῦλος

327 1652 542 1728 χρηστα
602 1657 883 1727 μαρτυρεῖ.
942 1655 1030 1709 Ἐν
1088 1649 1312 1725 δεσμοῖς
1368 1649 1425 1708 δὲ
1481 1649 1578 1720 ὢν,
1639 1646 1841 1729 ἔγραψε
1879 1652 1979 1721 τὴν

321 1738 684 1812 Ἐπιστολήν.
715 1741 859 1795 Μετὰ
918 1742 1023 1815 γὰρ
1108 1742 1209 1811 τήν
1262 1743 1488 1816 πρώτην
1570 1737 1867 1815 ἀπολογίαν
1912 1740 1978 1807 ἧς

322 1827 567 1903 ἐμνήσθη
599 1827 653 1934 é‘v
684 1835 754 1905 τῇ
813 1829 950 1906 πρὸς
981 1830 1299 1934 κΤιμόθεον,
1358 1829 1512 1934 αῦθις
1573 1826 1750 1934 ἐδέθη.
1770 1917 1784 1934 ι
1810 1830 1979 1934 Ἦσαν
2008 1868 2056 1934 Β

323 1916 379 1974 δὲ
428 1919 479 1973 οἱ
540 1915 918 1990 Φιλιππήσιοι
978 1917 1047 1974 δι’
1104 1916 1505 1997 Ἐπαφροδίτου
1562 1919 1632 1974 τὰ
1688 1917 1823 1994 πρὸς
1879 1919 1977 1988 τήν

322 2008 514 2084 χρείαν
557 2009 867 2085 πέμψαντες
919 2010 1091 2083 αὐτῷ,
1146 2008 1197 2065 ἐν
1247 2014 1428 2083 ταυτῷ
1485 2010 1573 2064 καὶ
1638 2010 1976 2085 γνωσόμενοι

321 2098 388 2153 τὰ
416 2100 534 2153 κατ’
564 2097 743 2157 αὐτόν.
778 2096 997 2169 Ἐπειδὴ
1055 2095 1112 2154 δὲ
1167 2094 1529 2174 ἐθορυϐοῦντο
1580 2099 1868 2160 ἀκούοντες
1926 2095 1979 2152 ἐν

323 2186 545 2260 δεσμοῖς
575 2189 715 2242 εἶναι
747 2189 840 2244 τὸν
873 2186 1224 2259 διδάσκαλον,
1256 2186 1387 2243 αἰ)τό
1419 2191 1582 2243 τοῦτο
1641 2187 1834 2267 γράφει
1882 2186 1977 2242 αὖ·

316 2280 452 2345 τοῖς,
485 2274 560 2335 ὡς
612 2275 681 2328 τὰ
737 2272 915 2348 δεσμᾶ
973 2275 1035 2330 οὐ
1086 2270 1321 2350 θορύϐου
1382 2274 1633 2350 πρόξενα,
1691 2279 1867 2348 χαρᾶς
1921 2269 1979 2332 δὶ

323 2361 539 2437 μᾶλλον
569 2358 799 2441 ὤφειλεν
860 2365 1019 2437 εἶναι,
1079 2361 1166 2418 διὰ
1213 2365 1275 2418 τὸ
1333 2363 1466 2440 ὑπὲρ
1525 2367 1766 2438 Χριστσῦ
1820 2363 1975 2420 εἶναι.

318 2453 660 2511 Καθαπτεται
702 2451 884 2509 δὲκαὶ
943 2459 1050 2508 τῶν
1113 2451 1417 2523 Ἰουδαίων,
1467 2451 1663 2516 οἵτινες
1723 2451 1775 2507 ἐν
1831 2455 1977 2529 σχή-

320 2563 450 2615 ματι
497 2545 947 2617 Χριστιανισμοῦ,
1010 2541 1317 2621 διέφθειρον
1371 2542 1436 2599 τὸ
1491 2544 1772 2619 κήρυγμα.
1829 2542 1979 2599 Μετὰ

310 2641 481 2706 τιμῆς
528 2631 586 2689 δὶ
642 2634 883 2714 φαίνεται
942 2634 1166 2711 γράφων
1226 2640 1342 2699 τοῖς
1403 2631 1832 2704 Φιλιππησίοις,
1886 2632 1978 2688 ἒν-

315 2723 499 2800 άρετοι
558 2725 663 2803 γὰρ
720 2727 880 2796 ἦσαν.
958 2727 1218 2790 Ἐνταῦθα
1294 2726 1362 2795 ἦν
1420 2726 1456 2795 ἡ
1517 2722 1974 2799 πορφυροπῶλις.

315 2815 579 2871 Ἐνταῦθα
664 2816 694 2870 ὁ
770 2814 1228 2892 ἀρχισυνάγωγος
1304 2812 1637 2870 ἐπίστευσεν.
1717 2815 1980 2878 Ἐνταῦθα

315 2901 591 2975 ἐτυπτήθη
627 2903 763 2977 μετᾶ
789 2909 887 2959 τοῦ
949 2904 1090 2960 Σίλα
1121 2905 1150 2959 ὁ
1183 2901 1402 2966 Παῦλος
1467 2903 1573 2959 ὑπὸ
1620 2907 1729 2957 τῶν
1781 2921 1978 2978 στρατ-

317 2996 488 3067 ηγῶν,
520 2991 574 3047 ο’ί
630 2992 689 3048 ἐκ
746 2999 1097 3071 συναρπαγῆς
1150 2992 1311 3048 αὐτὸν
1370 2994 1758 3062 τυπτήσαντες,
1816 2989 1977 3055 τέλος

312 3079 754 3159 ἀπελογήσαντο.
832 3081 1096 3147 Ἐνταῦθα
1169 3083 1198 3137 ὁ
1273 3078 1620 3160 δεσμοφύλαξ
1683 3079 1971 3143 πιστεύσας

310 3169 404 3225 σὺν
460 3174 542 3245 τῷ
601 3168 737 3246 οἴκῳ
794 3172 962 3228 αὐτοῦ
1028 3166 1349 3243 ἐϐαπτίσθη.
1438 3172 1623 3227 Ταῦτα
1679 3170 1854 3224 πάντα
1911 3168 1968 3223 αἱ

308 3259 534 3335 Πραξεις
565 3261 713 3340 φασί.
764 3265 1043 3337 Μαρτυρεῖ
1099 3258 1158 3316 δὲ
1209 3259 1395 3321 αὐτοῖς
1450 3259 1657 3330 πίστιν,
1710 3257 1800 3313 καὶ
1860 3278 1970 3312 κιν-

2102 616 2444 688 exemplum
2471 634 2505 672 a
2544 618 2738 689 seipso
2772 637 3014 675 sumens
3044 638 3113 676 ac
3135 621 3375 678 dicens:
3407 625 3539 680 Haec
3557 627 3761 682 omnia

2102 711 2344 776 propter
2391 706 2689 762 Christum
2735 708 2873 763 duxi
2923 726 3052 765 esse
3110 710 3556 770 detrimentum.
3618 715 3756 770 Ideo

2101 793 2281 849 etiam
2312 793 2410 849 ubi
2444 797 2791 867 perstrinxit
2830 796 2930 853 eos
2961 799 3059 871 qui
3094 800 3286 856 adhuc
3347 802 3752 859 circumcisio-

2100 897 2238 936 nem
2269 881 2580 951 docebant,
2614 891 2673 939 et
2698 885 2971 941 volebant
3002 886 3162 956 ipsos
3212 889 3519 957 seducere,
3575 890 3756 946 dixit-

2099 987 2214 1041 que
2244 970 2378 1026 illos
2404 988 2532 1027 esse
2583 973 2800 1029 Christi
2851 975 3073 1040 hostes,
3125 977 3537 1048 Philippenses
3589 997 3753 1036 com-

2098 1060 2339 1116 mendat
2365 1067 2609 1133 propter
2639 1061 2862 1119 donum
2893 1065 3453 1123 communicationis
3494 1084 3629 1141 erga
3658 1069 3752 1141 ip-

2097 1164 2268 1204 sum:
2301 1166 2658 1222 rursumque
2689 1168 2789 1207 eos
2820 1152 2896 1207 ad
2940 1169 3138 1210 mores
3190 1155 3556 1224 exhortatus,
3607 1175 3751 1214 con-

2095 1237 2284 1293 cludit
2312 1238 2655 1310 Epistolam.

2679 1358 3148 1417 THEODORETI.

2165 1472 2265 1527 03
2282 1471 2693 1545 Philippenses
2712 1476 2897 1547 partis
2916 1477 3455 1534 erantMacedoniaa
3469 1481 3749 1553 Metropo-

2092 1560 2197 1615 lim
2215 1561 2504 1617 habentes
2520 1562 3416 1622 Thessalonican1.Multaautem
3433 1567 3591 1624 bona
3602 1571 3747 1626 Pau-

2093 1651 2185 1704 lus
2200 1650 2270 1705 de
2284 1651 2429 1722 ipsis
2445 1654 2862 1709 testatur.Cum
2879 1671 3016 1725 ergo
3033 1654 3094 1711 in
3111 1655 3363 1711 vinculis
3379 1663 3556 1721 esset,
3589 1660 3745 1714 scri-

2092 1741 2211 1810 psit
2229 1740 2572 1811 Epistolam.
2600 1743 2743 1797 Nam
2766 1749 2899 1813 post
2915 1743 3161 1815 primam
3193 1744 3284 1799 sui
3310 1743 3743 1813 defensionem,

2093 1827 2264 1899 cujus
2297 1829 2569 1884 meminit
2599 1830 2658 1884 in
2691 1830 2953 1902 Epistola
2982 1831 3057 1888 ad
3086 1833 3481 1893 Timotheum.
3506 1852 3745 1892 rursum

2087 1916 2301 1989 ligatus
2333 1923 2439 1973 est.
2470 1919 2750 1975 Miserant
2777 1926 2976 1977 autem
3020 1922 3131 1994 ipsi
3166 1923 3581 1996 Philippenses
3612 1942 3743 1996 quas

2087 2006 2199 2079 ipsi
2230 2009 2569 2065 necessaria
2627 2016 2797 2066 erant
2856 2029 2962 2083 per
3018 2013 3503 2085 Epaphroditum,
3567 2016 3743 2072 simul

2087 2096 2266 2152 etiam
2298 2102 2361 2151 ut
2403 2105 2831 2170 cognoscerent
2889 2118 3021 2172 quas
3078 2102 3236 2157 circa
3292 2103 3487 2174 ipsum
3548 2109 3739 2159 erant.

2085 2187 2374 2252 Quoniam
2409 2204 2540 2243 vero
2565 2189 2956 2246 turbabantur
2972 2192 3283 2248 audientes
3313 2200 3741 2265 praeceptorem

2086 2291 2259 2330 suum
2291 2293 2421 2331 esse
2448 2276 2509 2332 in
2541 2277 2813 2348 vinculis,
2846 2279 2959 2336 hoc
2989 2281 3185 2352 ipsum
3213 2281 3419 2337 scribit
3449 2282 3555 2349 eis,
3580 2282 3739 2355 quod

2085 2363 2316 2421 vincula
2345 2382 2465 2421 non
2500 2366 2900 2423 turbationein
2932 2370 3341 2438 conciliarent,
3400 2371 3503 2427 sed
3541 2372 3738 2444 potius

2085 2454 2364 2526 gaudium
2395 2456 2606 2511 afferre
2638 2456 2944 2523 deberent,
2979 2475 3047 2514 eo
3079 2460 3237 2530 quod
3274 2466 3519 2533 propter
3567 2461 3741 2518 Chri-

2086 2547 2242 2598 stum
2278 2545 2694 2601 tolerarentur.
2724 2546 3010 2621 Objurgat
3033 2555 3231 2605 autem
3265 2555 3324 2604 et
3349 2550 3603 2616 Judaeos,
3635 2551 3738 2621 qui

2087 2632 2195 2688 sub
2226 2633 2662 2690 Christianismi
2688 2624 2828 2692 fuco
2855 2637 3344 2708 praedicationem
3393 2655 3742 2710 corrumpe-

2084 2721 2247 2777 bant.
2283 2725 2536 2795 Apparet
2562 2730 2761 2781 autem
2794 2742 2927 2781 cum
2961 2727 3187 2783 honore
3212 2727 3473 2783 scribere
3514 2727 3742 2800 Philip-

2085 2811 2370 2884 pensibus
2395 2829 2408 2879 ;
2442 2829 2582 2869 nam
2613 2814 2782 2885 probi
2817 2821 2987 2871 erant
3015 2832 3084 2871 ac
3103 2816 3303 2872 virtuti
3331 2816 3609 2873 dediti.in
3630 2818 3742 2874 hac

2086 2902 2322 2958 civitate
2364 2909 2491 2959 erat
2546 2922 2945 2977 purpurarum
3003 2907 3319 2963 venditrix.
3381 2909 3500 2963 Hoc
3559 2908 3738 2963 etiam

2083 2989 2216 3046 loco
2246 2992 2746 3067 archisynagogus
2777 2994 3051 3050 credidit.
3104 2996 3208 3051 llic
3256 2997 3597 3052 verberatus
3650 3001 3741 3051 est

2084 3095 2219 3133 cum
2252 3079 2371 3135 Sila
2402 3081 2619 3136 Paulus
2650 3099 2684 3137 a
2717 3083 3182 3156 magistratibus,
3215 3086 3317 3156 qui
3348 3084 3449 3140 ubi
3499 3090 3734 3157 raptum

2081 3167 2278 3239 ipsum
2304 3169 2738 3238 verberassent,
2764 3172 3006 3229 tandem
3025 3190 3158 3229 cum
3184 3174 3738 3246 excusationeipsos

2080 3258 2479 3314 absolverunt.
2532 3262 2636 3316 Hic
2667 3268 2865 3318 custos
2897 3264 3152 3319 carceris
3198 3270 3510 3336 postquam
3545 3262 3736 3319 credi-

306 3345 497 3411 δ·3νους
560 3351 693 3426 ὑπὲρ
754 3350 945 3421 αὐτῆς,
1002 3352 1093 3406 καὶ
1152 3351 1289 3427 πρὸς
1349 3348 1598 3405 εὐποιίαν
1659 3347 1969 3421 ἐπιρῥεπῶς

2090 3346 2264 3402 iisset
2292 3364 2428 3403 cum
2455 3349 2682 3406 familia
2711 3368 2815 3407 sua
2848 3351 3176 3423 baptizatus
3208 3358 3316 3408 est.
3353 3354 3486 3408 Haec
3536 3353 3740 3408 omnia

305 3437 479 3518 ἔχειν.
531 3440 609 3495 Δι’
639 3439 673 3495 ἆ
703 3441 877 3495 πάντα
933 3437 1142 3519 σφόδρα
1180 3440 1376 3518 ’φιλῶν
1432 3437 1630 3500 αὐτοὺς
1698 3437 1963 3516 φαίνεται.

2076 3435 2259 3492 refert
2288 3440 2569 3494 Actorum
2603 3439 2772 3495 liber.
2806 3442 3078 3496 Testatur
3106 3449 3305 3497 autem
3357 3442 3431 3497 de
3480 3442 3596 3497 fide
3648 3442 3737 3513 ip-

311 3548 537 3597 sorum,
570 3538 628 3588 et
657 3531 941 3604 periculis
971 3548 1077 3604 pro
1109 3532 1239 3604 ipsa
1270 3531 1561 3603 susceptis
1606 3536 1665 3587 et
1694 3526 1853 3600 quod
1898 3525 1974 3582 ad
2020 3525 2473 3583 beneﬁcentiam
2526 3530 2803 3601 propensi
2858 3531 3013 3585 sint:
3063 3537 3304 3604 propter
3355 3549 3486 3604 qum
3537 3532 3740 3589 omnia

312 3620 546 3677 videtur
576 3621 735 3693 ipsos
767 3622 1152 3678 vehementer
1180 3637 1402 3677 amare.

495 3736 816 3793 ΚΕΦΛΛΙΑ
854 3738 999 3793 ΤΗΣ
1045 3738 1224 3795 ΠΡΟΣ
1261 3736 1774 3793 ΦΙΛΙΠΠΗΣΙΟΥΣ

922 3809 1273 3866 ΕΠΙΣΤΟΛΗ
1286 3815 1347 3863 Σ.

308 3924 377 3980 α’.
438 3922 778 3999 Εὐχαριστία
856 3923 990 3999 ὑπὲρ
1076 3929 1178 3993 τῆς
1265 3921 1661 3994 Φιλιππησιων
1745 3921 1965 3996 ἀρετῆς,

382 4012 469 4067 καὶ
506 4013 644 4089 εὐχὴ
679 4012 1038 4076 τελειώσεως.

314 4104 383 4179 β’.
443 4105 712 4181 Διήγησις
762 4107 862 4174 τῆς
946 4106 1142 4161 ἑαυτοῦ
1210 4102 1488 4183 διαγωγῆς
1578 4103 1965 4178 ἀγωνιστικῆς,

381 4193 472 4248 καὶ
503 4196 602 4259 τῆς
632 4195 961 4270 προθυμίας.

306 4285 373 4357 εί.
443 4282 765 4357 Παραίνεσις
816 4290 919 4353 τῆς
976 4287 1114 4345 κατὰ
1169 4287 1298 4343 Θεὸν
1355 4283 1663 4356 πολιτείας,
1715 4283 1807 4338 καὶ
1861 4289 1964 4352 τῆς

379 4370 565 4427 ἐνθέου
596 4377 769 4442 ζωῆς.

305 4458 349 4517 δ’
429 4461 562 4534 Περὶ
663 4462 943 4535 Τιμοθέου
1016 4463 1109 4517 καὶ
1182 4460 1606 4541 Ἐπαφροδίτου,

375 4550 583 4607 ἐστειλε
611 4557 755 4627 πρὸς
785 4550 1007 4616 αὐτοὺς.

304 4642 364 4699 ε’.
427 4640 557 4718 Περὶ
625 4646 995 4715 πνευματικοῦ
1053 4642 1179 4717 βίου
1232 4647 1330 4700 τοῦ
1391 4646 1467 4719 μή
1527 4645 1601 4707 ὡς
1657 4643 1711 4699 ἂν
1779 4642 1961 4717 σαρκὶ,

377 4729 437 4795 ὅς
460 4729 573 4787 ἐστι
608 4730 844 4804 μίμησις
882 4731 1116 4797 θανάτου
1142 4736 1403 4808 Χριστοῦ.

305 4826 370 4885 ς’.
405 4821 751 4895 Παραινὲσεις
778 4817 909 4876 ἴδιαι
941 4825 1104 4877 τινῶν
1131 4821 1222 4877 καὶ
1250 4822 1428 4878 κοιναὶ
1459 4823 1699 4879 πάντων.

1692 4459 1785 4525 οὕς
1860 4462 1964 4517 ἀπ-

632 5801 860 5859 ΡΑΤιιιιί
885 5842 898 5857 .
944 5797 1056 5857 GR.
1104 5796 1361 5857 (LXVIII.

2374 3736 2738 3791 EPISTOLxE
2768 3735 3440 3864 gfpglzILIPPENSES

2081 3923 2183 3978 64
2217 3923 2265 3976 1.
2300 3922 2619 3980 Gratiarum
2653 3925 2801 3978 actio
2823 3940 2931 3994 pro
2959 3924 3398 3995 Philippensium
3428 3926 3650 3993 virtute,
3683 3932 3735 3981 et

2153 4014 2331 4067 oratio
2356 4028 2460 4083 pro
2485 4014 2847 4082 perfectione.

2080 4106 2132 4159 2.
2169 4105 2428 4158 Narratio
2456 4118 2574 4160 sua?
2630 4102 2691 4158 in
2748 4102 3045 4158 certamine
3092 4106 3515 4160 conversationis
3546 4121 3734 4176 prom-

2146 4194 2343 4263 ptique
2371 4194 2565 4247 animi.

2080 4285 2132 4338 3.
2164 4281 2503 4338 Exhortatio
2558 4281 2632 4337 ad
2684 4284 3145 4337 conum-sationem
3200 4282 3495 4338 secundum
3559 4284 3734 4339 Deum

2149 4371 2431 4442 vitamque
2461 4371 2730 4427 divinam.

2078 4464 2132 4516 4.
2165 4462 2241 4515 De
2300 4461 2576 4516 Timotheo
2631 4467 2683 4516 et
2749 4458 3150 4531 Epaphrodito,
3237 4476 3373 4530 quos
3452 4460 3604 4516 misit
3659 4460 3734 4516 ad

2148 4551 2295 4607 illos.

2076 4642 2130 4695 5.
2164 4643 2240 4697 De
2267 4640 2554 4711 spirituali
2608 4643 2725 4695 vita
2757 4655 2886 4710 quae
2923 4657 3035 4695 non
3082 4640 3303 4711 degitur
3356 4647 3625 4711 tanquam
3671 4641 3731 4694 in

2150 4746 2338 4797 carne,
2371 4745 2502 4801 quae
2530 4736 2606 4785 est
2637 4730 2880 4784 imitatio
2910 4727 3104 4785 mortis
3144 4728 3371 4787 Christi.

1984 4796 2032 4862 D
2066 4825 2119 4877 6.
2152 4796 2405 4890 Propriae
2435 4819 2510 4874 ad
2555 4818 2824 4891 quosdam
2876 4818 3283 4875 exhortationes
3333 4826 3383 4875 et
3427 4836 3733 4876 communes

2138 4911 2211 4966 ad
2251 4925 2433 4966 omnes
2446 4949 2458 4965 .

3416 5784 3499 5844 40
