4108 6394
293 416 446 479 1261

1348 407 1768 473 ΟΟΜΜΕΝΤ.
1817 406 1893 467 lN
1937 404 2186 469 EPIST.
2219 407 2322 469 AD
2354 407 2644 471 PHlLlP.

3570 409 3596 467 i
3608 405 3725 469 262

289 547 392 616 τὴν
423 540 635 625 χρείαν.
672 566 701 597 ι(
733 539 1028 612 Κοινωνίᾳ.
1065 563 1087 592 ι
1112 536 1252 613 Ποίᾳ
1279 556 1293 609 ;
1327 540 1412 613 Τῇ
1443 538 1551 594 ἀπὸ
1579 533 1953 613 πρώτηςὴμὲ-

2082 538 2215 595 mihi
2251 555 2487 611 semper
2517 542 2865 613 praesentes,
2886 536 3101 609 inquit,
3138 536 3448 595 mittentes
3465 554 3597 613 quas
3630 555 3729 596 ne-

290 657 386 714 ρας
461 634 511 705 ἐξ
562 634 630 704 ἧς
685 631 1052 701 ἐπιστεύσατε,
1154 629 1346 710 φησὶν,
1451 625 1584 704 ἄχρι
1678 630 1778 683 τοῦ
1836 630 1953 682 νῦν.

292 749 320 779 (ι
385 725 511 783 Ἐπὶ
570 729 641 800 τῇ
700 725 796 788 εἶς’
853 722 917 778 τὸ
977 718 1319 795 Εὐαγγέλιον
1373 718 1632 790 κοινωνίᾳ
1691 719 1864 791 ὑμῶν.
1932 740 1952 766 ι

294 848 361 859 -
394 817 611 892 [ΦΩΤ.]
651 816 730 874 Τὸ
764 811 843 884 δὲ,
872 809 1015 868 Ἀπὸ
1054 811 1281 885 πρώτης
1333 806 1568 883 ἡμέρας,
1600 807 1661 878 ἢ,
1692 809 1820 864 ’Ότι
1851 805 1958 861 ἀπὸ

299 904 529 980 πρώτης
559 902 772 977 ἡμέρας
817 900 905 980 ἀφ’
956 898 1019 954 οὗ
1067 897 1415 955 ἐπιστεύσατε
1473 894 1639 971 μέχρι
1693 898 1789 951 τοῦ
1844 897 1957 962 νῦν,

300 992 611 1069 εὐχαριστῶ
666 996 747 1065 τῷ
806 994 922 1063 Θεῷ
959 1009 1087 1062 μου,
1146 987 1278 1059 ὗπὶρ
1335 985 1550 1042 πάντων
1604 982 1781 1056 ὑμῶν,
1825 982 1961 1056 μετὰ

302 1086 478 1159 χαρᾶς
506 1082 607 1152 τήν
637 1077 817 1152 δέησιν
850 1077 1211 1151 ποιούμενος·
1244 1072 1305 1146 ἤ,
1339 1075 1462 1132 Ἐπὶ
1484 1077 1553 1148 τῇ
1582 1073 1658 1136 είς
1686 1074 1749 1128 τὸ
1781 1072 1959 1149 Εὐαγ-

296 1170 485 1248 γέλιον
514 1168 773 1241 κοινωνίᾳ
814 1169 990 1243 ὑμῶν,
1039 1171 1109 1242 τῇ
1168 1165 1273 1223 ἀπὸ
1330 1165 1556 1240 πρώτης
1594 1162 1803 1237 ἡμέρας
1862 1164 1962 1236 μέ..

298 1278 394 1337 χρι
425 1264 525 1316 τοῦ
551 1263 643 1314 νῦν
677 1254 1087 1330 διακονουμένῃ.
1121 1258 1312 1314 "Rome
1342 1250 1401 1309 δὲ
1439 1253 1502 1309 τὸ
1561 1251 1751 1332 ἐφεξῆς
1813 1250 1960 1324 μᾶλ-

297 1347 393 1406 λον
414 1352 485 1423 τῇ
515 1344 755 1425 προτέρᾳ
787 1342 1000 1421 ἐκδοχῇ
1030 1349 1365 1421 συμφωνεῖν.
1399 1347 1523 1405 Πῶς
1555 1342 1659 1419 γὰρ
1717 1340 1810 1397 ἀπ’
1860 1340 1958 1416 ἀρ-

295 1445 406 1515 χῆς
439 1437 821 1517 ηὐχαρίστεις,
857 1438 1027 1509 μήπω
1062 1428 1457 1511 βεϐαιωθὲντας
1507 1430 1597 1488 ἐπὶ
1654 1434 1724 1505 τῇ
1759 1450 1958 1486 κοινω-

291 1528 382 1601 νίᾳ
412 1525 542 1583 ἰδών
580 1546 595 1596 ;
631 1525 939 1597 Πεποιθὼς,
972 1524 1158 1601 φησὶν,
1219 1521 1304 1578 ὅτι
1364 1522 1393 1577 6
1445 1521 1703 1592 τοιαύτην
1754 1519 1959 1592 πρόθυ-

299 1640 403 1693 μον
432 1618 524 1674 καὶ
556 1617 764 1694 θέρμης
796 1617 1074 1693 γέμουσαν
1117 1612 1299 1689 ἀρχὴν
1332 1611 1522 1680 ἐνθεὶς,
1567 1609 1726 1670 αὐτὸς
1758 1608 1848 1665 καὶ
1882 1608 1957 1674 εἷς

291 1706 617 1777 τελειότητα
647 1700 809 1780 ἔργου
838 1701 1040 1773 ταύτην
1072 1699 1407 1778 προαγάγοι.

2067 627 2329 684 cessaris.
2359 632 2549 683 erant.
2581 652 2599 675 ε
2628 624 3261 685 Communicationem.
3288 646 3316 674 ››
3339 626 3518 692 Quam
3541 626 3568 681 ‘2
3590 627 3728 693 Quae

2069 715 2200 784 fuit,
2233 716 2448 791 inquit,
2480 733 2516 773 a
2552 715 2744 791 primo
2776 715 2871 771 die
2900 732 3017 791 quo
3048 714 3387 773 credidistis
3420 732 3608 788 usque
3652 716 3726 773 ad

2070 806 2182 861 hoc
2213 811 2467 879 tempus.
2501 828 2529 855 «‹
2572 806 2655 862 Ob
2712 811 2968 862 vestram
3017 803 3620 863 communicationem
3650 805 3727 861 ad

2070 896 2474 969 Evangelium.
2528 921 2548 949 ι
2600 896 2765 963 Quod
2795 900 2993 952 autem
3034 895 3118 950 ait
3163 911 3199 951 a
3233 895 3426 967 primo
3477 895 3594 963 dic,
3625 900 3730 951 aut

2072 1002 2285 1043 sensus
2316 993 2405 1043 est
2437 984 2595 1059 quod
2618 1003 2652 1040 a
2683 986 2874 1060 primo
2898 984 2993 1041 die
3026 1002 3140 1057 quo
3167 984 3505 1040 credidistis
3533 1002 3723 1058 usque

2071 1075 2145 1133 ad
2174 1075 2285 1132 hoc
2340 1081 2577 1148 tempus
2633 1076 2853 1151 gratias
2910 1090 3037 1149 ago,
3090 1090 3195 1147 pro
3228 1074 3503 1131 omnibus
3559 1074 3724 1131 vobis

2071 1183 2205 1221 cum
2235 1167 2447 1240 gaudio
2482 1167 2889 1240 procationem
2923 1166 3185 1223 faciens:
3219 1171 3340 1232 aut,
3365 1165 3438 1221 ob
3467 1171 3727 1222 vestram

2070 1256 2674 1314 communicationem
2716 1256 2789 1311 ad
2822 1254 3203 1329 Evangelium
3235 1272 3367 1326 quae
3400 1254 3727 1312 subminis-

2070 1349 2261 1401 tratur
2291 1361 2325 1401 a
2354 1345 2546 1419 primo
2588 1344 2683 1404 die
2713 1361 2901 1417 usque
2932 1344 3006 1401 ad
3037 1345 3148 1400 hoc
3198 1349 3452 1415 tempus.
3487 1345 3732 1401 Videtur

2068 1438 2269 1489 autem
2317 1433 2377 1489 id
2434 1434 2595 1505 quod
2641 1434 2913 1507 sequitur
2969 1432 3155 1507 magis
3212 1449 3538 1489 consonum
3600 1450 3731 1491 esse

2067 1522 2253 1594 priori
2288 1522 2668 1595 expositioni.
2701 1524 2847 1579 Nam
2880 1522 3179 1595 quomodo
3213 1538 3248 1578 a
3275 1521 3566 1595 principio
3596 1539 3730 1597 ενδ.-

2070 1612 2182 1668 tias
2213 1612 2449 1686 agebas,
2481 1612 2750 1670 nondum
2782 1613 3165 1671 confirmatos
3217 1612 3291 1668 ob
3326 1613 3730 1671 communica-

2070 1701 2296 1758 tionem
2330 1703 2630 1761 intuitus?
2684 1702 3024 1771 Contldens,
3076 1703 3292 1774 inquit,
3335 1703 3496 1774 quod
3545 1703 3594 1758 is
3624 1703 3727 1775 qui

294 1793 480 1853 talem
511 1794 699 1851 animi
728 1790 1264 1866 promptitudinem
1294 1790 1391 1845 61
1423 1805 1492 1846 ac
1522 1785 1763 1844 initium
1794 1784 2021 1842 fervore
2049 1787 2297 1859 plenum
2329 1790 2651 1859 indiderat,
2683 1788 2812 1864 ipse
2842 1805 3080 1863 quoque
3110 1789 3223 1845 hoc
3252 1787 3328 1845 ad
3356 1791 3554 1863 operis
3590 1807 3724 1862 per-

295 1884 621 1941 factionem
652 1882 1047 1954 perducturus
1076 1883 1253 1936 esset.

374 1973 660 2035 Ηεποιθὼς
693 1966 751 2025 δὲ
777 1968 911 2025 αὐτὸ
935 1972 1124 2039 τοῦτο,
1157 1966 1240 2021 ὅτι
1271 1966 1298 2022 ὁ
1324 1963 1683 2039 ἐναρξάμενος
1741 1961 1793 2020 ἐν
1829 1964 1955 2037 ὑμῖν
1986 1967 2034 2032 Β

300 2058 457 2137 ἔργον
488 2058 692 2134 ἀγαθὸν
723 2056 1021 2113 ἐπιτελέσει
1052 2052 1217 2131 ἄχρις
1247 2055 1458 2128 ἡμερας
1485 2054 1666 2124 Ἰησοῦ
1700 2055 1962 2128 Χριστοῦ,

301 2150 480 2211 καθώς
518 2147 632 2203 ἐστι
665 2144 872 2202 δίκαιον
904 2144 1033 2219 ἐμοὶ
1063 2148 1225 2201 τοῦτο
1267 2148 1481 2218 φρονεῖν
1552 2142 1686 2216 ὑπερ
1745 2142 1962 2196 πάντων

305 2239 458 2314 ὑμῶν
491 2235 581 2294 διὰ
610 2242 674 2292 τό
701 2233 852 2316 ἔχειν
887 2255 957 2309 με
988 2232 1040 2290 ἐν
1067 2237 1135 2309 τῇ
1161 2229 1359 2306 καρδίᾳ
1417 2232 1580 2306 ὑμᾶς,
1602 2315 1616 2318 Δ
1639 2225 1691 2285 ἔν
1732 2250 1791 2286 τε
1846 2234 1964 2318 τοῖς

306 2327 530 2403 δεσμοῖς
564 2348 691 2402 μου,
722 2315 813 2382 καὶ
845 2325 896 2382 ἐν
923 2328 995 2400 τῇ
1024 2323 1307 2398 ἀπολογίᾳ
1360 2321 1453 2378 καὶ
1523 2315 1812 2397 βεϐαιώσει
1865 2315 1963 2375 τοῦ

303 2413 1100 2495 Εὐαγγελίου,συγκοινωνούς
1150 2433 1256 2487 μου
1310 2416 1413 2481 τῆς
1473 2410 1701 2485 χάριτος
1759 2408 1962 2470 πάντας

303 2506 444 2584 ὑμᾶς
478 2500 657 2570 ὄντας.

380 2594 710 2671 Εὖχαριστιῖ)
743 2590 802 2649 δὲ
828 2593 907 2666 τῷ
939 2596 1055 2664 Θεῷ
1091 2589 1178 2646 ἐπὶ
1233 2592 1303 2665 τῇ
1362 2589 1627 2661 κοινωνίᾳ
1657 2586 1834 2662 ὑμῶν,
1866 2606 1962 2643 πε-

312 2684 522 2746 ποιθὼς
585 2684 770 2752 τοῦτο,
833 2682 917 2737 ὅτι
977 2681 1004 2736 6
1063 2678 1421 2754 ἐναρξάμενος
1479 2677 1532 2733 ἐν
1604 2677 1733 2751 ὑμῖν
1814 2672 1967 2752 ἔργον

306 2773 511 2847 ἀγαθὸν
557 2776 753 2839 ποιεῖν,
808 2774 971 2825 τοῦτο
1030 2767 1121 2823 καὶ
1180 2764 1480 2824 ἐπιτελὲσει
1536 2764 1627 2821 καὶ
1682 2762 1965 2839 πληρώσει

309 2862 444 2939 ἄχρι
484 2867 586 2931 τῆς
641 2856 975 2921 συντελείας.
1028 2858 1169 2932 Ὃρα
1227 2853 1284 2911 δὲ
1332 2860 1450 2917 πῶς
1500 2855 1677 2910 πάντα
1734 2852 1823 2908 ἐπὶ
1872 2852 1965 2907 τὸν

305 2953 437 3007 Θεὸν
493 2951 784 3021 ἀνέθηκεν,
838 2945 931 3003 ’ίνα
992 2948 1069 3021 μὴ
1127 2948 1365 3024 φρονῶσι
1430 2943 1612 3021 μέγα,
1672 2944 1825 3018 ὅμως
1879 2943 1969 2998 καὶ

312 3039 489 3103 οὕτως
520 3038 801 3119 ἐγκώμιον
835 3036 978 3113 μέγα
1008 3038 1070 3091 τὸ
1100 3033 1250 3098 ὅλως
1300 3035 1521 3114 ἰσχῦσαι
1580 3033 1969 3090 ἐπισπάσασθαι

304 3131 395 3187 τὸν
447 3129 580 3185 Θεὸν
646 3126 726 3191 εἲς
779 3126 844 3183 τὸ
904 3125 1139 3201 ἐνεργεῖν
1196 3123 1274 3186 είς
1359 3123 1579 3186 αὐτούς.
1633 3125 1807 3177 Τοῦτο
1864 3120 1969 3197 γὰρ

309 3218 433 3277 ἄνευ
496 3217 757 3293 μεγίστης
815 3214 1013 3291 ἀρετῆς
1074 3212 1175 3270 οὐκ
1226 3210 1288 3268 ἂν
1366 3209 1602 3290 ἐγένετο.
1665 3235 1686 3265 ι
1766 3211 1969 3286 Ἀχρις

305 3310 519 3386 ἡμέρας
560 3311 741 3380 Ἰησοῦ
766 3308 1020 3382 Χριστοῦ.
1067 3328 1094 3356 ››
1127 3303 1204 3363 Οὐ
1261 3303 1386 3379 περὶ
1444 3303 1598 3377 ὑμῶν
1649 3303 1779 3379 γὰρ,
1808 3301 1965 3381 φησὶ,

314 3400 480 3475 μόνον
519 3395 902 3476 θαρῥῶ,ἁλλᾶ
929 3396 1020 3450 καὶ
1051 3394 1175 3469 περὶ
1206 3397 1316 3449 τῶν
1358 3391 1408 3467 ἐξ
1473 3394 1645 3466 ὑμῶν.
1684 3415 1712 3445 ιι
1767 3390 1962 3476 Καθώς

308 3487 421 3543 ἐστι
454 3475 686 3541 δίκαιον.
723 3507 752 3535 ››
803 3482 1096 3543 Πεποιθὼς
1154 3480 1284 3536 αὐτὸ
1313 3484 1500 3548 τοῦτο,
1529 3479 1708 3541 καθώς
1741 3477 1856 3535 ἐστι
1886 3475 1964 3534 δί-

309 3598 487 3644 καιον,
562 3575 859 3644 τουτέστιν,
921 3568 1109 3642 ἐπειδή
1169 3569 1375 3626 δίκαιόν
1460 3569 1602 3625 ἐστιν
1688 3567 1812 3642 ἐμοὶ
1890 3572 1969 3640 τῷ

310 3661 556 3742 ἀκριϐῶς
613 3661 780 3720 εἰδότι
832 3661 900 3717 τὰ
954 3662 1071 3726 καθ’
1131 3663 1302 3734 ἡμᾶς,
1353 3663 1518 3715 τοῦτο
1560 3663 1776 3738 φρονεῖν
1836 3656 1971 3729 ὑπὲρ

314 3759 532 3815 πάντων
567 3757 741 3832 ὑμῶν.
787 3758 1003 3823 Ποῖον;
1062 3756 1185 3811 Ὅτι
1239 3752 1267 3806 6
1325 3750 1682 3826 ἐναρξάμενος
1739 3747 1790 3804 ἐν
1844 3749 1972 3821 ὑμῖν

320 3844 479 3924 ἔργον
509 3846 732 3924 ἀγαθὸν,
774 3843 1077 3900 ἐπιτελὲσει
1136 3840 1267 3898 αὐτὸ
1328 3837 1490 3917 ἄχρις
1546 3840 1758 3915 ἡμερας
1790 3840 1973 3907 Ἰησοῦ

320 3939 592 4014 Χριστοῦ.
657 3960 683 3987 ι(
742 3938 918 3991 Τοῦτο
980 3936 1197 4010 φρονεῖν
1267 3930 1399 4004 ὑπὲρ
1462 3926 1677 3985 πάντων
1734 3928 1909 4001 ὑμῶν.
1944 3949 1973 3979 ››

317 4011 519 4103 Φρονεῖ
576 4025 679 4101 γὰρ
737 4024 830 4079 καὶ
898 4020 1175 4099 λογίζεται
1233 4017 1405 4098 ἀγαθᾶ
1451 4018 1542 4074 καὶ
1605 4014 1821 4097 μεγάλα
1889 4011 1973 4070 δι-

318 4114 490 4171 ανῦειν
519 4113 646 4176 τοὺς
681 4112 951 4187 μαθητὰς,
984 4111 1012 4166 6
1057 4108 1307 4189 μεγάλην
1370 4103 1610 4176 σπουδὴν
1640 4107 1727 4162 καὶ
1786 4103 1974 4178 ἐπιμὲ·

321 4204 473 4261 λειαν
531 4202 607 4266 εἰς
667 4202 866 4264 αὐτοὺς
920 4193 1371 4270 καταϐεϐληκώς.
1431 4199 1504 4252 ’Ἠ
1589 4195 1794 4253 δίκαιον
1853 4193 1979 4269 ἐμοὶ

323 4295 486 4349 τοῦτο
519 4289 865 4368 λογίψεσθαι,
917 4293 998 4362 τῷ
1051 4285 1310 4359 τοιαύτην
1379 4280 1565 4363 ἔχοντι
1597 4283 1834 4350 διάθεσιν
1860 4284 1981 4360 περὶ

330 4382 491 4455 ὑμᾶς,
527 4378 663 4435 ὥστε
698 4374 840 4453 μηδὲ
871 4377 921 4431 ἐν
949 4382 1067 4437 τοῖς
1100 4374 1323 4448 δεσμοῖς
1367 4396 1473 4448 μου
1532 4370 1981 4439 ἐπιλανθάνεσθαι

330 4471 509 4544 ὑμῶν,
563 4466 692 4525 ἀλλ’
751 4462 1073 4542 ἐγκαρδίους
1131 4464 1212 4519 ἀεὶ
1289 4461 1617 4541 περιφέρειν.
1680 4462 1747 4519 Τί
1803 4461 1863 4519 δὲ
1920 4464 1982 4517 τὸ

331 4559 505 4617 α’ίτιον
533 4559 596 4615 τὸ
619 4553 933 4635 ἐγκαρδίους
976 4552 1175 4615 αὐτοὺς
1231 4552 1322 4608 καὶ
1352 4549 1751 4624 ἀνεπιλὴστους
1783 4547 1931 4605 ἔχειν
1967 4570 1983 4621 ;

328 4652 449 4704 "Ott
501 4643 864 4727 συγκοινιυνοί
928 4664 1054 4718 μου,
1114 4640 1270 4721 φησὶ,
1328 4646 1428 4711 τῆς
1470 4637 1697 4719 χάριτός
1730 4637 1884 4693 εἰσιν·
1945 4638 1981 4709 ἢ

327 4745 430 4810 τῆς
492 4735 580 4795 διὰ
636 4736 869 4797 πίστεως
925 4728 1440 4808 ἐπιχορηγουμένης
1508 4728 1692 4791 αὐτοῖς
1740 4750 1982 4801 πνευμα-

326 4834 489 4899 τικῆς
555 4822 781 4902 δωρεᾶς,
865 4821 1113 4887 ποκίλως
1168 4819 1355 4884 αὐτοῖς
1413 4814 1799 4895 ἐνεργουμένης
1836 4818 1977 4876 τότε.

324 4920 397 4971 ’Ἡ
430 4914 622 4981 ἁπλῶς
650 4913 904 4991 χάριτος,
931 4918 1031 4981 τῆς
1076 4907 1165 4966 διὰ
1219 4912 1316 4964 τοῦ
1375 4905 1749 4983 βαπτίσματος
1782 4906 1983 4991 παλιγ-

322 5002 567 5080 γενεσίας
598 4989 691 5058 καί
721 4989 1011 5062 υἱοθεσίας.
1039 5000 1111 5057 "H
1166 4996 1219 5053 ἐν
1273 5000 1343 5072 τῇ
1382 4993 1580 5071 καρδίᾳ
1609 4996 1761 5051 εἶπον
1815 4989 1982 5073 ἔχειν,

328 5089 732 5167 συγκοινιυνούς
766 5110 872 5165 μου
906 5085 1064 5153 ὄντας
1095 5088 1236 5160 ὑμᾶς
1267 5081 1318 5139 ἐν
1358 5106 1418 5141 τε
1446 5088 1561 5147 τοῖς
1594 5081 1817 5158 δεσμοῖς
1878 5107 1983 5159 μου

324 5181 417 5238 καὶ
448 5179 504 5237 ἐν
535 5184 605 5256 τῇ
635 5176 913 5254 ἀπολογίᾳ
942 5173 1032 5232 καὶ
1072 5170 1384 5251 βεϐαιώσει.
1442 5174 1515 5230 Τὸ
1574 5170 1632 5229 δὲ
1684 5181 1785 5242 τῆς
1821 5175 1985 5251 χάρις

326 5291 448 5341 τος,
477 5269 597 5327 ἀντὶ
636 5274 757 5339 τοῦ,
797 5264 887 5323 διὰ
930 5273 1031 5336 τῆς
1087 5265 1343 5340 χάρίτθς’
1376 5263 1541 5319 Ἀπ’)
1578 5262 1679 5339 γὰρ
1714 5262 1856 5328 θείας
1887 5263 1984 5343 χέ’

335 5380 511 5437 ριτος,
543 5354 720 5421 οὐδεὶς
750 5355 989 5431 ἀξιοῦται
1020 5362 1120 5424 τῆς
1151 5351 1411 5423 τοιανετης
1440 5351 1743 5414 κοινωνίας.

412 5448 562 5504 «Διά
588 5446 650 5502 τὸ
673 5440 820 5521 ἔχειν
853 5465 919 5520 με
951 5442 1112 5519 ὑμᾶς.
1175 5466 1203 5494 ››
1266 5439 1400 5498 Eine
1455 5441 1555 5510 τήν
1610 5440 1807 5514 αἰτίαν,
1866 5449 1986 5508 καθ’

331 5538 399 5609 ἣν
430 5533 639 5592 δίκαιον
668 5534 736 5605 ἦν
769 5532 915 5605 αὐτῷ
943 5534 1106 5588 τοῦτο
1138 5536 1377 5614 ξρονεῖν,
1412 5528 1494 5584 ὅτι
1545 5529 1573 5584 ὁ
1633 5528 1985 5605 ἐναρξάμενος

332 5626 464 5690 Θεὸς
496 5622 586 5681 καὶ
613 5621 924 5699 πληρώσει,
958 5616 1047 5676 διὰ
1075 5620 1136 5675 τὸ
1167 5615 1314 5696 ἔχειν
1342 5639 1430 5692 με,
1464 5618 1646 5696 φησὶν,
1756 5624 1822 5695 τῇ
1854 5643 1986 5697 καρ-

332 5716 423 5791 δίᾳ
454 5717 613 5791 ὑμᾶς.
649 5740 678 5769 ‹‹
728 5716 818 5772 Ἐν
866 5716 948 5785 τῷ
1005 5709 1202 5788 καρδίᾳ
1263 5711 1424 5784 ὑμᾶς.
1470 5734 1497 5763 ››
1557 5715 1626 5766 ’Ὠ
1686 5710 1985 5789 ἐγκιθμιον,

2013 4700 2059 4765 D

2134 1968 2178 2037 Ι,
2220 1970 2274 2035 6,
2310 1972 2361 2023 7.
2397 1969 2681 2038 Conﬁdens
2711 1969 2810 2026 hoc
2840 1971 3018 2041 ipsum
3061 1968 3211 2040 qnod
3256 1967 3303 2025 is
3343 1970 3441 2040 qui
3469 1967 3633 2040 capit
3662 1970 3722 2023 in

2071 2056 2225 2112 vobis
2267 2074 2400 2128 opus
2460 2058 2683 2127 bonum,
2734 2060 2988 2130 perﬁciet
3043 2073 3213 2129 usque
3267 2058 3341 2113 ad
3396 2058 3540 2115 diem
3596 2060 3726 2114 Iesu

2072 2145 2319 2203 Christi:
2348 2148 2490 2203 sicut
2542 2163 2766 2221 aequum
2823 2154 2902 2204 est
2932 2148 3069 2203 mihi
3123 2153 3183 2202 ut
3239 2148 3341 2202 hoc
3385 2150 3621 2205 sentiam
3658 2150 3725 2204 de

2071 2234 2321 2291 omnibus
2350 2237 2535 2293 vobis:
2574 2243 2873 2308 propterea
2905 2237 3055 2308 quod
3105 2237 3334 2291 habeam
3362 2252 3453 2293 vos
3483 2237 3542 2292 in
3568 2237 3728 2291 corde

2070 2331 2122 2379 et
2150 2326 2209 2381 in
2242 2327 2475 2382 vinculis
2504 2328 2657 2396 meis,
2701 2332 2752 2381 et
2781 2326 2842 2383 in
2867 2327 3182 2396 defensione
3228 2331 3278 2382 et
3309 2328 3731 2395 conﬁrmatione

2071 2414 2362 2485 Evangelii
2383 2433 2403 2469 :
2432 2433 2555 2472 cum
2582 2417 2703 2472 sitis
2734 2431 2914 2472 omnes
2943 2416 3079 2469 mihi
3107 2422 3377 2471 consortes
3406 2413 3625 2484 gratia.

2145 2594 2375 2652 Gratias
2407 2598 2606 2651 autem
2637 2610 2744 2667 ago
2775 2596 2894 2651 Deo
2927 2592 3000 2650 ob
3041 2598 3294 2650 vestram
3328 2595 3736 2650 communica-

2076 2683 2321 2749 tionem,
2346 2683 2458 2740 hoc
2489 2684 2800 2740 conﬁdens
2828 2682 2988 2756 quod
3020 2683 3070 2739 is
3103 2683 3202 2754 qui
3234 2683 3410 2755 ccepit
3446 2683 3642 2740 facere
3674 2682 3736 2736 in

2076 2772 2241 2828 vobis
2270 2773 2494 2831 bonum
2526 2790 2697 2845 opus,
2730 2774 2909 2831 etiam
2942 2774 3051 2830 hoc
3082 2772 3355 2845 perﬁciet
3383 2776 3441 2826 et
3482 2771 3738 2845 comple.

2076 2862 2165 2917 bit
2184 2879 2375 2934 usque
2394 2861 2466 2919 ad
2490 2861 3522 2920 consummationem.Animadverte
3534 2867 3734 2917 autem

2079 2952 2378 3022 quomodo
2410 2952 2612 3009 omnia
2640 2953 2715 3008 ad
2746 2953 2932 3008 Deum
2971 2950 3323 3007 retuleritne
3368 2949 3577 3007 cristas
3609 2951 3733 3005 eri-

2076 3047 2240 3114 gant.
2271 3043 2618 3112 Quanquam
2652 3042 2831 3101 etiam
2872 3043 2987 3099 hoc
3028 3040 3205 3097 modo
3248 3058 3460 3113 magna
3489 3040 3615 3097 laus
3647 3047 3736 3097 est

2079 3130 2240 3199 quod
2268 3131 2514 3186 omnino
2545 3132 2725 3187 Deum
2758 3130 3064 3202 potuerint
3084 3130 3402 3198 attrahere,
3436 3134 3502 3184 ut
3531 3129 3617 3186 eis
3648 3147 3736 3186 es-

2079 3224 2171 3275 set
2199 3219 2442 3276 auxilio.
2475 3222 2622 3277 Nam
2671 3220 2784 3276 hoc
2829 3220 2959 3277 sine
3004 3236 3218 3293 magna
3264 3218 3479 3275 virtute
3509 3236 3733 3291 nequa-

2005 3330 2051 3398 ρ
2079 3325 2260 3380 quam
2285 3314 2461 3366 esset.
2498 3331 2526 3361 α
2560 3311 2756 3383 Usque
2795 3310 2871 3366 ad
2901 3310 3062 3367 diem
3100 3312 3238 3366 Jesu
3267 3309 3505 3375 Christi,
3542 3332 3569 3360 ››
3611 3312 3738 3368 Non

2080 3398 2240 3455 enim
2263 3399 2333 3453 de
2366 3399 2550 3467 vobis,
2578 3400 2794 3472 inquit,
2816 3400 2956 3456 solis
2978 3398 3237 3469 conﬁdo,
3255 3400 3643 3456 verumetiam
3667 3399 3739 3454 de

2076 3486 2149 3542 iis
2163 3488 2263 3559 qui
2287 3487 2497 3543 avobis
2513 3487 2898 3544 descendent.
2933 3509 2956 3542 ιι
2979 3489 3142 3544 Sicut
3158 3504 3396 3559 arquum
3417 3493 3528 3544 est.
3552 3510 3579 3538 »
3599 3490 3744 3543 Con-

2079 3577 2273 3633 fidens
2296 3579 2409 3634 hoc
2429 3579 2649 3651 ipsum.
2672 3579 2828 3635 sicut
2848 3596 3084 3651 mquum
3108 3584 3229 3636 est:
3257 3579 3369 3635 hoc
3389 3584 3480 3635 est
3500 3596 3511 3633 :
3541 3581 3738 3646 Quan-

2079 3666 2399 3737 doquidem
2444 3685 2680 3739 mquam
2731 3673 2839 3732 est,
2890 3674 2957 3723 ut
2984 3686 3089 3741 ego
3138 3669 3239 3740 qui
3290 3674 3493 3724 exacte
3536 3669 3739 3726 omnia

2078 3756 2214 3811 novi
2255 3773 2386 3829 qum
2417 3756 2574 3829 apud
2605 3774 2705 3815 vos
2732 3762 2893 3826 sunt,
2923 3758 3037 3815 hoc
3062 3757 3314 3815 sentiam
3344 3758 3418 3813 de
3457 3757 3734 3815 omnibus

2077 3845 2266 3902 vobis.
2298 3845 2593 3910 Quidnam
2614 3846 2641 3901 ‘2
2670 3846 2836 3914 Quod
2866 3847 2919 3903 is
2950 3846 3050 3918 qui
3082 3846 3258 3918 ccepit
3286 3847 3350 3903 in
3381 3846 3547 3903 vobis
3586 3863 3734 3918 opus

2080 3934 2325 3997 bonum,
2353 3934 2622 4007 perﬁciet
2637 3936 2835 4008 ipsum
2852 3952 3042 4007 usque
3060 3936 3135 3992 ad
3157 3936 3313 3991 diem
3333 3937 3472 3992 Jesu
3493 3936 3732 3993 Christi.

2086 4044 2110 4076 α
2140 4024 2211 4080 Ut
2235 4023 2343 4079 hoc
2373 4024 2627 4081 sentiam
2658 4024 2729 4080 de
2756 4025 3034 4081 omnibus
3065 4024 3247 4081 vobis.
3280 4046 3307 4074 η
3342 4024 3533 4080 Sentit
3574 4024 3737 4083 enim

2084 4129 2151 4169 ac
2181 4112 2503 4168 arbitratur
2527 4110 2684 4171 bona
2713 4120 2768 4169 et
2809 4130 3023 4187 magna
3066 4110 3351 4186 perficere
3391 4113 3741 4185 discipulos,

2086 4203 2188 4274 qui
2221 4218 2500 4276 magnum
2534 4203 2796 4259 studium
2842 4209 2900 4257 et
2944 4220 3149 4261 curam
3180 4219 3319 4277 erga
3364 4220 3466 4259 eos
3490 4202 3742 4259 remisit.

2088 4295 2205 4348 Aut
2234 4308 2475 4365 aequum
2504 4298 2596 4347 est
2623 4292 2771 4349 mihi
2822 4293 2934 4351 hoc
2972 4292 3248 4349 arbitrari
3279 4292 3380 4364 qui
3430 4290 3615 4349 talem
3640 4291 3751 4347 ha-
3780 4338 3789 4351 .

2089 4381 2260 4437 beam
2295 4398 2434 4453 erga
2463 4399 2564 4437 vos
2586 4383 2886 4449 allectum,
2920 4387 2986 4437 ut
3016 4399 3208 4453 neque
3243 4382 3303 4436 in
3327 4380 3580 4435 vinculis
3602 4379 3753 4435 meis

2088 4471 2265 4527 vestri
2297 4471 2629 4539 obliviscar,
2664 4471 2768 4528 sed
2818 4472 3018 4529 animo
3070 4471 3312 4529 intimos
3360 4487 3598 4543 semper
3626 4470 3751 4525 cir-

2090 4560 2440 4619 cumferam.
2474 4562 2613 4628 Qum
2645 4566 2735 4618 est
2764 4568 2964 4618 autem
2989 4578 3171 4618 causa
3196 4561 3352 4633 quod
3378 4560 3578 4619 animo
3610 4558 3751 4615 inti-

2090 4664 2222 4704 mos
2250 4653 2310 4705 et
2328 4665 2706 4721 nequaquam
2738 4649 3019 4705 oblivioni
3048 4650 3295 4709 traditos
3321 4649 3536 4705 habeat
3554 4648 3582 4705 ?
3601 4648 3744 4715 Quia

2095 4740 2253 4801 sunt,
2283 4736 2452 4806 mihi,
2486 4736 2703 4811 inquit,
2738 4755 2859 4795 una
2888 4744 3196 4795 consortes
3212 4739 3414 4813 gratia:
3441 4755 3454 4794 :
3481 4742 3582 4793 aut
3602 4753 3744 4808 sup-

2091 4824 2353 4897 peditato
2385 4825 2530 4899 ipsis
2561 4844 2667 4899 per
2696 4826 2871 4885 ﬁdem
2897 4828 3193 4899 spirituali
3215 4828 3394 4895 dono,
3417 4824 3576 4901 quod
3598 4830 3742 4881 tunc

2091 4914 2251 4970 vario
2284 4914 2459 4971 modo
2489 4915 2603 4971 vim
2638 4916 2696 4971 in
2727 4916 2872 4988 ipsis
2899 4917 3228 4973 exercebat.
3255 4922 3367 4972 Aut
3390 4915 3744 4988 simpliciter

2090 5004 2279 5076 gratia
2325 5021 2430 5075 per
2456 5004 2735 5079 baptismi
2788 5006 3301 5077 regenerationem
3355 5011 3413 5061 et
3462 5005 3743 5078 adoptio—

2094 5110 2231 5149 ncm
2264 5093 2721 5151 communicata.
2774 5096 2892 5150 Aut
2940 5093 3080 5161 dixi,
3124 5094 3339 5169 inquit,
3388 5112 3484 5151 me
3532 5111 3634 5151 vos
3687 5094 3749 5150 in

2096 5182 2271 5238 corde
2297 5183 2540 5251 habere,
2572 5182 2730 5254 quod
2770 5200 2869 5240 vos
2918 5199 3037 5239 una
3065 5183 3213 5238 mihi
3266 5190 3574 5240 consortes
3622 5183 3752 5239 sitis

2097 5273 2157 5327 in
2185 5270 2437 5327 vinculis
2459 5272 2609 5329 meis
2639 5271 2776 5328 etin
2808 5270 3156 5329 defensione
3177 5290 3242 5328 ac
3275 5272 3753 5331 confirmatione.

2098 5360 2308 5417 Gratia:
2339 5377 2499 5429 vero,
2521 5360 2581 5419 id
2607 5366 2716 5427 est,
2750 5378 2856 5434 per
2900 5362 3149 5435 gratiam
3201 5364 3345 5418 Nam
3401 5362 3527 5419 sine
3559 5361 3758 5417 divina

2097 5449 2285 5523 gratia
2315 5450 2513 5505 nullus
2544 5449 2756 5523 dignus
2789 5450 3040 5505 habetur
3072 5450 3756 5524 liujnsmodiconsortio.

2100 5538 2200 5595 68
2233 5562 2258 5583 ιι
2296 5540 2611 5611 Propterea
2641 5539 2799 5610 quod
2831 5538 3080 5594 habeam
3118 5557 3237 5595 vos.
3276 5564 3296 5593 ι
3326 5539 3575 5596 Causam
3609 5537 3763 5606 dixit

2100 5629 2172 5683 ob
2206 5644 2381 5699 quam
2419 5635 2573 5682 esset
2606 5628 2717 5699 ipsi
2769 5645 3007 5700 wquum
3055 5634 3119 5684 ut
3163 5630 3274 5684 hoc
3325 5627 3569 5684 sentiret
3601 5627 3763 5697 quod

2100 5718 2253 5773 Deus
2274 5717 2371 5788 qui
2400 5717 2677 5789 C(Ppisset
2698 5717 2877 5773 etiam
2891 5718 3205 5789 perficeret
3228 5734 3240 5773 :
3265 5740 3292 5768 ‹‹
3309 5720 3650 5788 PrOpterea,
3673 5715 3764 5772 in-
