  <div class='ocr_page' id='page_1' title='image "/cluster/home/n/w/nwhite01/storage/ocr_20150623/118:no.1/coo.31924054870229/653.png"; bbox 0 0 4108 6412; ppageno 0'>
   <div class='ocr_carea' id='block_1_1' title="bbox 360 544 511 602">
    <p class='ocr_par' dir='ltr' id='par_1_1' title="bbox 360 544 511 602">
     <span class='ocr_line' id='line_1_1' title="bbox 360 544 511 602; baseline -0.007 0"><span class='ocrx_word' id='word_1_1' title='bbox 360 546 378 602; x_wconf 93' lang='lat' dir='ltr'>l</span> <span class='ocrx_word' id='word_1_2' title='bbox 398 544 511 602; x_wconf 78' lang='lat'>:26&#39;1</span> 
     </span>
    </p>
   </div>
   <div class='ocr_carea' id='block_1_2' title="bbox 1477 537 2651 603">
    <p class='ocr_par' dir='ltr' id='par_1_2' title="bbox 1477 537 2651 603">
     <span class='ocr_line' id='line_1_2' title="bbox 1477 537 2651 603; baseline 0.002 -2"><span class='ocrx_word' id='word_1_3' title='bbox 1477 537 1897 602; x_wconf 79' lang='lat' dir='ltr'>(EGUMENII</span> <span class='ocrx_word' id='word_1_4' title='bbox 1939 538 2247 602; x_wconf 64' lang='lat' dir='ltr'>TRICCJE</span> <span class='ocrx_word' id='word_1_5' title='bbox 2297 540 2651 603; x_wconf 84' lang='lat' dir='ltr'>EPISCOPI</span> 
     </span>
    </p>
   </div>
   <div class='ocr_carea' id='block_1_3' title="bbox 3623 544 3784 606">
    <p class='ocr_par' dir='ltr' id='par_1_3' title="bbox 3623 544 3784 606">
     <span class='ocr_line' id='line_1_3' title="bbox 3623 544 3784 606; baseline -0.006 -2"><span class='ocrx_word' id='word_1_6' title='bbox 3623 546 3651 604; x_wconf 82' lang='grc'><strong>1</strong></span> <span class='ocrx_word' id='word_1_7' title='bbox 3665 544 3784 606; x_wconf 69' lang='lat' dir='ltr'>c268</span> 
     </span>
    </p>
   </div>
   <div class='ocr_carea' id='block_1_4' title="bbox 355 671 2013 759">
    <p class='ocr_par' dir='ltr' id='par_1_4' title="bbox 355 675 2013 749">
     <span class='ocr_line' id='line_1_4' title="bbox 355 675 2013 749; baseline 0 -19"><span class='ocrx_word' id='word_1_8' title='bbox 355 682 499 745; x_wconf 89' lang='lat' dir='ltr'>erat,</span> <span class='ocrx_word' id='word_1_9' title='bbox 528 676 860 749; x_wconf 79' lang='lat' dir='ltr'>significare</span> <span class='ocrx_word' id='word_1_10' title='bbox 894 692 1025 747; x_wconf 82' lang='lat' dir='ltr'>quae</span> <span class='ocrx_word' id='word_1_11' title='bbox 1057 675 1170 732; x_wconf 85' lang='lat' dir='ltr'>sibi</span> <span class='ocrx_word' id='word_1_12' title='bbox 1205 677 1599 748; x_wconf 75' lang='lat' dir='ltr'>contigerant.</span> <span class='ocrx_word' id='word_1_13' title='bbox 1637 676 1775 734; x_wconf 80' lang='lat' dir='ltr'>«Ita</span> <span class='ocrx_word' id='word_1_14' title='bbox 1804 679 1871 732; x_wconf 91' lang='lat' dir='ltr'>ut</span> <span class='ocrx_word' id='word_1_15' title='bbox 1892 677 2013 731; x_wconf 89' lang='lat' dir='ltr'>vin-</span> 
     </span>
    </p>
   </div>
   <div class='ocr_carea' id='block_1_5' title="bbox 2123 671 3782 759">
    <p class='ocr_par' dir='ltr' id='par_1_5' title="bbox 2130 671 3782 759">
     <span class='ocr_line' id='line_1_5' title="bbox 2130 671 3782 759; baseline 0.005 -31"><span class='ocrx_word' id='word_1_16' title='bbox 2130 694 2257 746; x_wconf 82' lang='grc' dir='ltr'>μου.</span> <span class='ocrx_word' id='word_1_17' title='bbox 2290 696 2317 726; x_wconf 71' lang='grc' dir='ltr'>ι)</span> <span class='ocrx_word' id='word_1_18' title='bbox 2352 671 2487 759; x_wconf 72' lang='grc' dir='ltr'>Οὔτε</span> <span class='ocrx_word' id='word_1_19' title='bbox 2516 675 2619 755; x_wconf 63' lang='grc' dir='ltr'>γὰρ</span> <span class='ocrx_word' id='word_1_20' title='bbox 2678 679 2730 733; x_wconf 72' lang='grc' dir='ltr'>οἱ</span> <span class='ocrx_word' id='word_1_21' title='bbox 2761 672 2955 750; x_wconf 80' lang='grc' dir='ltr'>δεσμοί</span> <span class='ocrx_word' id='word_1_22' title='bbox 3008 698 3136 755; x_wconf 86' lang='grc' dir='ltr'>μου,</span> <span class='ocrx_word' id='word_1_23' title='bbox 3169 679 3357 759; x_wconf 70' lang='grc' dir='ltr'>φησὶν,</span> <span class='ocrx_word' id='word_1_24' title='bbox 3392 681 3444 738; x_wconf 76' lang='grc' dir='ltr'><strong>οἱ</strong></span> <span class='ocrx_word' id='word_1_25' title='bbox 3474 687 3609 737; x_wconf 84' lang='grc' dir='ltr'>κατά</span> <span class='ocrx_word' id='word_1_26' title='bbox 3640 687 3782 758; x_wconf 82' lang='grc' dir='ltr'>Χρι-</span> 
     </span>
    </p>
   </div>
   <div class='ocr_carea' id='block_1_6' title="bbox 352 766 1996 841">
    <p class='ocr_par' dir='ltr' id='par_1_6' title="bbox 352 766 1996 841">
     <span class='ocr_line' id='line_1_6' title="bbox 352 766 1996 841; baseline 0.002 -20"><span class='ocrx_word' id='word_1_27' title='bbox 352 766 486 822; x_wconf 90' lang='lat' dir='ltr'>cula</span> <span class='ocrx_word' id='word_1_28' title='bbox 514 781 667 822; x_wconf 89' lang='lat' dir='ltr'>mea.</span> <span class='ocrx_word' id='word_1_29' title='bbox 719 787 748 815; x_wconf 83' lang='grc'><strong>››</strong></span> <span class='ocrx_word' id='word_1_30' title='bbox 780 768 979 839; x_wconf 85' lang='lat' dir='ltr'><strong>Neque</strong></span> <span class='ocrx_word' id='word_1_31' title='bbox 1029 768 1191 823; x_wconf 90' lang='lat' dir='ltr'>enim</span> <span class='ocrx_word' id='word_1_32' title='bbox 1247 767 1483 824; x_wconf 88' lang='lat' dir='ltr'>vincula</span> <span class='ocrx_word' id='word_1_33' title='bbox 1527 784 1681 838; x_wconf 89' lang='lat' dir='ltr'>mea,</span> <span class='ocrx_word' id='word_1_34' title='bbox 1730 784 1861 840; x_wconf 64' lang='lat' dir='ltr'>quae</span> <span class='ocrx_word' id='word_1_35' title='bbox 1892 784 1996 841; x_wconf 87' lang='lat' dir='ltr'>pro</span> 
     </span>
    </p>
   </div>
   <div class='ocr_carea' id='block_1_7' title="bbox 349 858 1996 930">
    <p class='ocr_par' dir='ltr' id='par_1_7' title="bbox 349 858 1996 930">
     <span class='ocr_line' id='line_1_7' title="bbox 349 858 1996 930; baseline 0.001 -18"><span class='ocrx_word' id='word_1_36' title='bbox 349 858 579 914; x_wconf 91' lang='lat' dir='ltr'>Christo</span> <span class='ocrx_word' id='word_1_37' title='bbox 599 860 863 913; x_wconf 79' lang='lat' dir='ltr'>sustineo</span> <span class='ocrx_word' id='word_1_38' title='bbox 886 859 1177 914; x_wconf 88' lang='lat' dir='ltr'>occultata</span> <span class='ocrx_word' id='word_1_39' title='bbox 1206 865 1365 927; x_wconf 90' lang='lat' dir='ltr'>sunt,</span> <span class='ocrx_word' id='word_1_40' title='bbox 1408 858 1623 930; x_wconf 77' lang='lat' dir='ltr'>inquit,</span> <span class='ocrx_word' id='word_1_41' title='bbox 1666 858 1769 914; x_wconf 89' lang='lat' dir='ltr'>sed</span> <span class='ocrx_word' id='word_1_42' title='bbox 1804 860 1996 915; x_wconf 84' lang='lat' dir='ltr'>mani-</span> 
     </span>
    </p>
   </div>
   <div class='ocr_carea' id='block_1_8' title="bbox 343 946 2001 1021">
    <p class='ocr_par' dir='ltr' id='par_1_8' title="bbox 343 946 2001 1021">
     <span class='ocr_line' id='line_1_8' title="bbox 343 946 2001 1021; baseline -0.001 -18"><span class='ocrx_word' id='word_1_43' title='bbox 343 947 558 1004; x_wconf 85' lang='lat' dir='ltr'>festata</span> <span class='ocrx_word' id='word_1_44' title='bbox 588 953 727 1003; x_wconf 91' lang='lat' dir='ltr'>sunt</span> <span class='ocrx_word' id='word_1_45' title='bbox 757 953 814 1003; x_wconf 90' lang='lat' dir='ltr'>ct</span> <span class='ocrx_word' id='word_1_46' title='bbox 862 949 924 1003; x_wconf 91' lang='lat' dir='ltr'>in</span> <span class='ocrx_word' id='word_1_47' title='bbox 973 949 1272 1019; x_wconf 85' lang='lat' dir='ltr'>praetorio,</span> <span class='ocrx_word' id='word_1_48' title='bbox 1302 946 1359 1003; x_wconf 93' lang='lat' dir='ltr'>id</span> <span class='ocrx_word' id='word_1_49' title='bbox 1411 954 1517 1017; x_wconf 90' lang='lat' dir='ltr'>est,</span> <span class='ocrx_word' id='word_1_50' title='bbox 1576 948 1816 1021; x_wconf 88' lang='lat' dir='ltr'>palatio,</span> <span class='ocrx_word' id='word_1_51' title='bbox 1849 954 1907 1004; x_wconf 91' lang='lat' dir='ltr'>et</span> <span class='ocrx_word' id='word_1_52' title='bbox 1938 948 2001 1003; x_wconf 91' lang='lat' dir='ltr'>in</span> 
     </span>
    </p>
   </div>
   <div class='ocr_carea' id='block_1_9' title="bbox 346 1036 2000 1110">
    <p class='ocr_par' dir='ltr' id='par_1_9' title="bbox 346 1036 2000 1110">
     <span class='ocr_line' id='line_1_9' title="bbox 346 1036 2000 1110; baseline 0.001 -19"><span class='ocrx_word' id='word_1_53' title='bbox 346 1037 575 1092; x_wconf 64' lang='lat' dir='ltr'>caeteris</span> <span class='ocrx_word' id='word_1_54' title='bbox 622 1036 786 1092; x_wconf 90' lang='lat' dir='ltr'>locis.</span> <span class='ocrx_word' id='word_1_55' title='bbox 814 1038 885 1093; x_wconf 89' lang='lat' dir='ltr'>Et</span> <span class='ocrx_word' id='word_1_56' title='bbox 923 1037 1066 1110; x_wconf 90' lang='lat' dir='ltr'>quid</span> <span class='ocrx_word' id='word_1_57' title='bbox 1089 1037 1226 1093; x_wconf 92' lang='lat' dir='ltr'>inde</span> <span class='ocrx_word' id='word_1_58' title='bbox 1270 1038 1655 1109; x_wconf 80' lang='lat' dir='ltr'>consequitur</span> <span class='ocrx_word' id='word_1_59' title='bbox 1676 1038 1703 1092; x_wconf 84' lang='lat'><strong>?</strong></span> <span class='ocrx_word' id='word_1_60' title='bbox 1732 1038 1898 1103; x_wconf 89' lang='lat' dir='ltr'>Quod</span> <span class='ocrx_word' id='word_1_61' title='bbox 1929 1054 2000 1093; x_wconf 83' lang='lat' dir='ltr'>ex</span> 
     </span>
    </p>
   </div>
   <div class='ocr_carea' id='block_1_10' title="bbox 346 1124 1999 1189">
    <p class='ocr_par' dir='ltr' id='par_1_10' title="bbox 346 1124 1999 1189">
     <span class='ocr_line' id='line_1_10' title="bbox 346 1124 1999 1189; baseline 0.001 -9"><span class='ocrx_word' id='word_1_62' title='bbox 346 1126 459 1180; x_wconf 90' lang='lat' dir='ltr'>hoc</span> <span class='ocrx_word' id='word_1_63' title='bbox 479 1125 735 1181; x_wconf 88' lang='lat' dir='ltr'>accrevit</span> <span class='ocrx_word' id='word_1_64' title='bbox 758 1124 1007 1182; x_wconf 80' lang='lat' dir='ltr'>audacia</span> <span class='ocrx_word' id='word_1_65' title='bbox 1038 1124 1335 1189; x_wconf 77' lang='lat' dir='ltr'>ﬁdelibus,</span> <span class='ocrx_word' id='word_1_66' title='bbox 1361 1132 1415 1181; x_wconf 89' lang='lat' dir='ltr'>et</span> <span class='ocrx_word' id='word_1_67' title='bbox 1447 1126 1538 1182; x_wconf 87' lang='lat' dir='ltr'>via</span> <span class='ocrx_word' id='word_1_68' title='bbox 1568 1125 1641 1183; x_wconf 93' lang='lat' dir='ltr'>ad</span> <span class='ocrx_word' id='word_1_69' title='bbox 1665 1127 1999 1183; x_wconf 88' lang='lat' dir='ltr'>conversio-</span> 
     </span>
    </p>
   </div>
   <div class='ocr_carea' id='block_1_11' title="bbox 347 1213 1999 1273">
    <p class='ocr_par' dir='ltr' id='par_1_11' title="bbox 347 1213 1999 1273">
     <span class='ocr_line' id='line_1_11' title="bbox 347 1213 1999 1273; baseline 0.002 -3"><span class='ocrx_word' id='word_1_70' title='bbox 347 1230 487 1270; x_wconf 87' lang='lat' dir='ltr'>nem</span> <span class='ocrx_word' id='word_1_71' title='bbox 517 1213 724 1270; x_wconf 88' lang='lat' dir='ltr'>multis</span> <span class='ocrx_word' id='word_1_72' title='bbox 753 1214 1108 1271; x_wconf 78' lang='lat' dir='ltr'>infidelibus.</span> <span class='ocrx_word' id='word_1_73' title='bbox 1142 1237 1169 1267; x_wconf 80' lang='grc' dir='ltr'>ιι</span> <span class='ocrx_word' id='word_1_74' title='bbox 1218 1216 1392 1271; x_wconf 89' lang='lat' dir='ltr'>Facta</span> <span class='ocrx_word' id='word_1_75' title='bbox 1422 1215 1544 1271; x_wconf 89' lang='lat' dir='ltr'>sint</span> <span class='ocrx_word' id='word_1_76' title='bbox 1574 1215 1637 1272; x_wconf 89' lang='lat' dir='ltr'>in</span> <span class='ocrx_word' id='word_1_77' title='bbox 1686 1213 1938 1273; x_wconf 84' lang='lat' dir='ltr'>Christo.</span> <span class='ocrx_word' id='word_1_78' title='bbox 1972 1236 1999 1266; x_wconf 69' lang='grc' dir='ltr'><strong>ι)</strong></span> 
     </span>
    </p>
   </div>
   <div class='ocr_carea' id='block_1_12' title="bbox 348 1302 2007 1378">
    <p class='ocr_par' dir='ltr' id='par_1_12' title="bbox 348 1302 2007 1378">
     <span class='ocr_line' id='line_1_12' title="bbox 348 1302 2007 1378; baseline 0.002 -20"><span class='ocrx_word' id='word_1_79' title='bbox 348 1306 465 1359; x_wconf 90' lang='lat' dir='ltr'>Aut</span> <span class='ocrx_word' id='word_1_80' title='bbox 494 1302 653 1375; x_wconf 89' lang='lat' dir='ltr'>quod</span> <span class='ocrx_word' id='word_1_81' title='bbox 675 1304 907 1360; x_wconf 88' lang='lat' dir='ltr'>vincula</span> <span class='ocrx_word' id='word_1_82' title='bbox 927 1302 1150 1359; x_wconf 81' lang='lat' dir='ltr'>fuerint</span> <span class='ocrx_word' id='word_1_83' title='bbox 1174 1304 1236 1360; x_wconf 91' lang='lat' dir='ltr'>in</span> <span class='ocrx_word' id='word_1_84' title='bbox 1254 1305 1506 1374; x_wconf 84' lang='lat' dir='ltr'>Christo,</span> <span class='ocrx_word' id='word_1_85' title='bbox 1542 1305 1601 1360; x_wconf 88' lang='lat' dir='ltr'>id</span> <span class='ocrx_word' id='word_1_86' title='bbox 1619 1311 1727 1374; x_wconf 90' lang='lat' dir='ltr'>est,</span> <span class='ocrx_word' id='word_1_87' title='bbox 1761 1309 2007 1378; x_wconf 82' lang='lat' dir='ltr'>propter</span> 
     </span>
    </p>
   </div>
   <div class='ocr_carea' id='block_1_13' title="bbox 348 1392 2006 1467">
    <p class='ocr_par' dir='ltr' id='par_1_13' title="bbox 348 1392 2006 1467">
     <span class='ocr_line' id='line_1_13' title="bbox 348 1392 2006 1467; baseline 0.001 -19"><span class='ocrx_word' id='word_1_88' title='bbox 348 1392 670 1455; x_wconf 86' lang='lat' dir='ltr'>Christum,</span> <span class='ocrx_word' id='word_1_89' title='bbox 703 1398 770 1449; x_wconf 90' lang='lat' dir='ltr'>ut</span> <span class='ocrx_word' id='word_1_90' title='bbox 798 1409 904 1466; x_wconf 88' lang='lat' dir='ltr'>per</span> <span class='ocrx_word' id='word_1_91' title='bbox 932 1392 1304 1467; x_wconf 83' lang='lat' dir='ltr'>hyperbaton</span> <span class='ocrx_word' id='word_1_92' title='bbox 1352 1395 1427 1450; x_wconf 86' lang='lat' dir='ltr'>sit</span> <span class='ocrx_word' id='word_1_93' title='bbox 1466 1395 1856 1467; x_wconf 87' lang='lat' dir='ltr'>compositio:</span> <span class='ocrx_word' id='word_1_94' title='bbox 1905 1398 2006 1450; x_wconf 88' lang='lat' dir='ltr'>aut</span> 
     </span>
    </p>
   </div>
   <div class='ocr_carea' id='block_1_14' title="bbox 347 1482 2003 1555">
    <p class='ocr_par' dir='ltr' id='par_1_14' title="bbox 347 1482 2003 1555">
     <span class='ocr_line' id='line_1_14' title="bbox 347 1482 2003 1555; baseline 0.001 -19"><span class='ocrx_word' id='word_1_95' title='bbox 347 1482 583 1538; x_wconf 88' lang='lat' dir='ltr'>vincula</span> <span class='ocrx_word' id='word_1_96' title='bbox 613 1483 756 1538; x_wconf 87' lang='lat' dir='ltr'>dicit</span> <span class='ocrx_word' id='word_1_97' title='bbox 801 1483 959 1539; x_wconf 89' lang='lat' dir='ltr'>facta</span> <span class='ocrx_word' id='word_1_98' title='bbox 996 1482 1057 1539; x_wconf 89' lang='lat' dir='ltr'>in</span> <span class='ocrx_word' id='word_1_99' title='bbox 1100 1483 1333 1540; x_wconf 87' lang='lat' dir='ltr'>Christo</span> <span class='ocrx_word' id='word_1_100' title='bbox 1366 1483 1704 1555; x_wconf 87' lang='lat' dir='ltr'>manifesta,</span> <span class='ocrx_word' id='word_1_101' title='bbox 1754 1485 1863 1540; x_wconf 91' lang='lat' dir='ltr'>hoc</span> <span class='ocrx_word' id='word_1_102' title='bbox 1894 1487 2003 1552; x_wconf 88' lang='lat' dir='ltr'>est,</span> 
     </span>
    </p>
   </div>
   <div class='ocr_carea' id='block_1_15' title="bbox 347 1568 2008 1646">
    <p class='ocr_par' dir='ltr' id='par_1_15' title="bbox 347 1568 2008 1646">
     <span class='ocr_line' id='line_1_15' title="bbox 347 1568 2008 1646; baseline 0.001 -20"><span class='ocrx_word' id='word_1_103' title='bbox 347 1589 454 1644; x_wconf 88' lang='lat' dir='ltr'>per</span> <span class='ocrx_word' id='word_1_104' title='bbox 483 1571 700 1627; x_wconf 88' lang='lat' dir='ltr'>Christi</span> <span class='ocrx_word' id='word_1_105' title='bbox 731 1568 1171 1646; x_wconf 89' lang='lat' dir='ltr'>beneplacitum</span> <span class='ocrx_word' id='word_1_106' title='bbox 1197 1579 1255 1629; x_wconf 89' lang='lat' dir='ltr'>et</span> <span class='ocrx_word' id='word_1_107' title='bbox 1275 1573 1787 1646; x_wconf 86' lang='lat' dir='ltr'>dispensationem</span> <span class='ocrx_word' id='word_1_108' title='bbox 1819 1573 2008 1629; x_wconf 85' lang='lat' dir='ltr'>mani-</span> 
     </span>
    </p>
   </div>
   <div class='ocr_carea' id='block_1_16' title="bbox 349 1662 2010 1737">
    <p class='ocr_par' dir='ltr' id='par_1_16' title="bbox 349 1662 2010 1737">
     <span class='ocr_line' id='line_1_16' title="bbox 349 1662 2010 1737; baseline 0.001 -20"><span class='ocrx_word' id='word_1_109' title='bbox 349 1662 585 1718; x_wconf 85' lang='lat' dir='ltr'>festata.</span> <span class='ocrx_word' id='word_1_110' title='bbox 629 1663 861 1718; x_wconf 86' lang='lat' dir='ltr'>Etenim</span> <span class='ocrx_word' id='word_1_111' title='bbox 910 1662 1060 1719; x_wconf 88' lang='lat' dir='ltr'>nihil</span> <span class='ocrx_word' id='word_1_112' title='bbox 1108 1664 1319 1720; x_wconf 77' lang='lat' dir='ltr'>fuisset</span> <span class='ocrx_word' id='word_1_113' title='bbox 1365 1664 1523 1736; x_wconf 90' lang='lat' dir='ltr'>quod</span> <span class='ocrx_word' id='word_1_114' title='bbox 1584 1664 1920 1737; x_wconf 89' lang='lat' dir='ltr'>patiebatur</span> <span class='ocrx_word' id='word_1_115' title='bbox 1951 1668 2010 1719; x_wconf 89' lang='lat' dir='ltr'>et</span> 
     </span>
    </p>
   </div>
   <div class='ocr_carea' id='block_1_17' title="bbox 349 1750 2008 1824">
    <p class='ocr_par' dir='ltr' id='par_1_17' title="bbox 349 1750 2008 1824">
     <span class='ocr_line' id='line_1_17' title="bbox 349 1750 2008 1824; baseline 0.001 -17"><span class='ocrx_word' id='word_1_116' title='bbox 349 1758 512 1807; x_wconf 89' lang='lat' dir='ltr'>recte</span> <span class='ocrx_word' id='word_1_117' title='bbox 543 1750 901 1824; x_wconf 81' lang='lat' dir='ltr'>operabatur</span> <span class='ocrx_word' id='word_1_118' title='bbox 923 1753 1163 1819; x_wconf 86' lang='lat' dir='ltr'>Paulus,</span> <span class='ocrx_word' id='word_1_119' title='bbox 1196 1754 1314 1809; x_wconf 90' lang='lat' dir='ltr'>nisi</span> <span class='ocrx_word' id='word_1_120' title='bbox 1346 1753 1422 1809; x_wconf 90' lang='lat' dir='ltr'>ad</span> <span class='ocrx_word' id='word_1_121' title='bbox 1442 1753 1740 1809; x_wconf 85' lang='lat' dir='ltr'>Christum</span> <span class='ocrx_word' id='word_1_122' title='bbox 1769 1753 2008 1809; x_wconf 90' lang='lat' dir='ltr'>retulis-</span> 
     </span>
    </p>
   </div>
   <div class='ocr_carea' id='block_1_18' title="bbox 353 1839 2007 1911">
    <p class='ocr_par' dir='ltr' id='par_1_18' title="bbox 353 1839 2007 1911">
     <span class='ocr_line' id='line_1_18' title="bbox 353 1839 2007 1911; baseline 0.001 -15"><span class='ocrx_word' id='word_1_123' title='bbox 353 1845 461 1896; x_wconf 88' lang='lat' dir='ltr'>set.</span> <span class='ocrx_word' id='word_1_124' title='bbox 488 1845 623 1909; x_wconf 87' lang='lat' dir='ltr'>Aut,</span> <span class='ocrx_word' id='word_1_125' title='bbox 647 1839 888 1896; x_wconf 89' lang='lat' dir='ltr'>illorum</span> <span class='ocrx_word' id='word_1_126' title='bbox 910 1841 971 1896; x_wconf 92' lang='lat' dir='ltr'>in</span> <span class='ocrx_word' id='word_1_127' title='bbox 1003 1841 1235 1897; x_wconf 88' lang='lat' dir='ltr'>Christo</span> <span class='ocrx_word' id='word_1_128' title='bbox 1265 1839 1499 1897; x_wconf 88' lang='lat' dir='ltr'>vincula</span> <span class='ocrx_word' id='word_1_129' title='bbox 1530 1842 2007 1911; x_wconf 90' lang='lat' dir='ltr'>manifestantur,</span> 
     </span>
    </p>
   </div>
   <div class='ocr_carea' id='block_1_19' title="bbox 356 1927 2013 2004">
    <p class='ocr_par' dir='ltr' id='par_1_19' title="bbox 356 1927 2013 2004">
     <span class='ocr_line' id='line_1_19' title="bbox 356 1927 2013 2004; baseline 0.002 -20"><span class='ocrx_word' id='word_1_130' title='bbox 356 1929 457 2002; x_wconf 87' lang='lat' dir='ltr'>qui</span> <span class='ocrx_word' id='word_1_131' title='bbox 490 1930 644 1985; x_wconf 88' lang='lat' dir='ltr'>nihil</span> <span class='ocrx_word' id='word_1_132' title='bbox 674 1927 748 1985; x_wconf 91' lang='lat' dir='ltr'>ad</span> <span class='ocrx_word' id='word_1_133' title='bbox 776 1931 1238 1986; x_wconf 87' lang='lat' dir='ltr'>ostentationem</span> <span class='ocrx_word' id='word_1_134' title='bbox 1271 1935 1472 2003; x_wconf 84' lang='lat' dir='ltr'>agunt,</span> <span class='ocrx_word' id='word_1_135' title='bbox 1493 1929 1597 1986; x_wconf 91' lang='lat' dir='ltr'>sed</span> <span class='ocrx_word' id='word_1_136' title='bbox 1621 1932 1702 1986; x_wconf 89' lang='lat' dir='ltr'>ita</span> <span class='ocrx_word' id='word_1_137' title='bbox 1731 1937 1917 2004; x_wconf 87' lang='lat' dir='ltr'>agunt</span> <span class='ocrx_word' id='word_1_138' title='bbox 1945 1937 2013 1987; x_wconf 87' lang='lat' dir='ltr'>ut</span> 
     </span>
    </p>
   </div>
   <div class='ocr_carea' id='block_1_20' title="bbox 355 2018 2009 2093">
    <p class='ocr_par' dir='ltr' id='par_1_20' title="bbox 355 2018 2009 2093">
     <span class='ocr_line' id='line_1_20' title="bbox 355 2018 2009 2093; baseline 0.001 -20"><span class='ocrx_word' id='word_1_139' title='bbox 355 2020 590 2091; x_wconf 89' lang='lat' dir='ltr'>prosint</span> <span class='ocrx_word' id='word_1_140' title='bbox 620 2019 1074 2091; x_wconf 88' lang='lat' dir='ltr'>aspicientibus,</span> <span class='ocrx_word' id='word_1_141' title='bbox 1108 2024 1167 2075; x_wconf 89' lang='lat' dir='ltr'>et</span> <span class='ocrx_word' id='word_1_142' title='bbox 1195 2018 1535 2093; x_wconf 80' lang='lat' dir='ltr'>glorificent</span> <span class='ocrx_word' id='word_1_143' title='bbox 1581 2022 1768 2075; x_wconf 90' lang='lat' dir='ltr'>Deum</span> <span class='ocrx_word' id='word_1_144' title='bbox 1817 2020 1917 2091; x_wconf 88' lang='lat' dir='ltr'>qui</span> <span class='ocrx_word' id='word_1_145' title='bbox 1948 2021 2009 2075; x_wconf 91' lang='lat' dir='ltr'>in</span> 
     </span>
    </p>
   </div>
   <div class='ocr_carea' id='block_1_21' title="bbox 352 2107 2005 2181">
    <p class='ocr_par' dir='ltr' id='par_1_21' title="bbox 352 2107 2005 2181">
     <span class='ocr_line' id='line_1_21' title="bbox 352 2107 2005 2181; baseline -0.002 -18"><span class='ocrx_word' id='word_1_146' title='bbox 352 2108 511 2164; x_wconf 70' lang='lat' dir='ltr'>caelis</span> <span class='ocrx_word' id='word_1_147' title='bbox 538 2114 644 2164; x_wconf 87' lang='lat' dir='ltr'>est.</span> <span class='ocrx_word' id='word_1_148' title='bbox 681 2133 707 2159; x_wconf 82' lang='grc'>‹‹</span> <span class='ocrx_word' id='word_1_149' title='bbox 736 2110 921 2181; x_wconf 88' lang='lat' dir='ltr'>thue</span> <span class='ocrx_word' id='word_1_150' title='bbox 954 2107 1156 2181; x_wconf 88' lang='lat' dir='ltr'>plures</span> <span class='ocrx_word' id='word_1_151' title='bbox 1189 2125 1261 2164; x_wconf 79' lang='lat' dir='ltr'>ex</span> <span class='ocrx_word' id='word_1_152' title='bbox 1290 2107 1571 2165; x_wconf 82' lang='lat' dir='ltr'>fratribus</span> <span class='ocrx_word' id='word_1_153' title='bbox 1596 2108 1657 2165; x_wconf 92' lang='lat' dir='ltr'>in</span> <span class='ocrx_word' id='word_1_154' title='bbox 1680 2109 1949 2166; x_wconf 81' lang='lat' dir='ltr'>Domino.</span> <span class='ocrx_word' id='word_1_155' title='bbox 1977 2131 2005 2160; x_wconf 86' lang='grc'>››</span> 
     </span>
    </p>
   </div>
   <div class='ocr_carea' id='block_1_22' title="bbox 348 2197 2006 2271">
    <p class='ocr_par' dir='ltr' id='par_1_22' title="bbox 348 2197 2006 2271">
     <span class='ocr_line' id='line_1_22' title="bbox 348 2197 2006 2271; baseline 0.001 -18"><span class='ocrx_word' id='word_1_156' title='bbox 348 2199 636 2265; x_wconf 89' lang='lat' dir='ltr'>Quoniam</span> <span class='ocrx_word' id='word_1_157' title='bbox 668 2197 819 2253; x_wconf 85' lang='lat' dir='ltr'>dixit</span> <span class='ocrx_word' id='word_1_158' title='bbox 867 2197 1103 2255; x_wconf 89' lang='lat' dir='ltr'>vincula</span> <span class='ocrx_word' id='word_1_159' title='bbox 1146 2198 1452 2255; x_wconf 85' lang='lat' dir='ltr'>audaciam</span> <span class='ocrx_word' id='word_1_160' title='bbox 1502 2198 1848 2271; x_wconf 67' lang='lat' dir='ltr'>praebuisse,</span> <span class='ocrx_word' id='word_1_161' title='bbox 1884 2215 2006 2255; x_wconf 89' lang='lat' dir='ltr'>ma-</span> 
     </span>
    </p>
   </div>
   <div class='ocr_carea' id='block_1_23' title="bbox 345 2286 2006 2362">
    <p class='ocr_par' dir='ltr' id='par_1_23' title="bbox 345 2286 2006 2362">
     <span class='ocr_line' id='line_1_23' title="bbox 345 2286 2006 2362; baseline 0.002 -20"><span class='ocrx_word' id='word_1_162' title='bbox 345 2304 527 2357; x_wconf 77' lang='lat' dir='ltr'>gnum</span> <span class='ocrx_word' id='word_1_163' title='bbox 558 2295 757 2344; x_wconf 87' lang='lat' dir='ltr'>autem</span> <span class='ocrx_word' id='word_1_164' title='bbox 790 2286 849 2342; x_wconf 91' lang='lat' dir='ltr'>id</span> <span class='ocrx_word' id='word_1_165' title='bbox 878 2287 1206 2357; x_wconf 84' lang='lat' dir='ltr'>videbatur,</span> <span class='ocrx_word' id='word_1_166' title='bbox 1261 2288 1601 2362; x_wconf 88' lang='lat' dir='ltr'>subjungit:</span> <span class='ocrx_word' id='word_1_167' title='bbox 1634 2290 1700 2344; x_wconf 90' lang='lat' dir='ltr'>In</span> <span class='ocrx_word' id='word_1_168' title='bbox 1732 2288 2006 2357; x_wconf 88' lang='lat' dir='ltr'>Domino,</span> 
     </span>
    </p>
   </div>
   <div class='ocr_carea' id='block_1_24' title="bbox 347 2375 2007 2449">
    <p class='ocr_par' dir='ltr' id='par_1_24' title="bbox 347 2375 2007 2449">
     <span class='ocr_line' id='line_1_24' title="bbox 347 2375 2007 2449; baseline 0.001 -17"><span class='ocrx_word' id='word_1_169' title='bbox 347 2375 407 2432; x_wconf 91' lang='lat' dir='ltr'>id</span> <span class='ocrx_word' id='word_1_170' title='bbox 439 2382 549 2445; x_wconf 90' lang='lat' dir='ltr'>est,</span> <span class='ocrx_word' id='word_1_171' title='bbox 580 2382 825 2449; x_wconf 82' lang='lat' dir='ltr'>prOpter</span> <span class='ocrx_word' id='word_1_172' title='bbox 854 2378 1194 2433; x_wconf 85' lang='lat' dir='ltr'>Dominum.</span> <span class='ocrx_word' id='word_1_173' title='bbox 1231 2400 1258 2429; x_wconf 77' lang='grc' dir='ltr'>α</span> <span class='ocrx_word' id='word_1_174' title='bbox 1306 2377 1459 2434; x_wconf 86' lang='lat' dir='ltr'>Freti</span> <span class='ocrx_word' id='word_1_175' title='bbox 1491 2376 1740 2433; x_wconf 83' lang='lat' dir='ltr'>vinculis</span> <span class='ocrx_word' id='word_1_176' title='bbox 1773 2379 1941 2434; x_wconf 89' lang='lat' dir='ltr'>meis.</span> <span class='ocrx_word' id='word_1_177' title='bbox 1979 2400 2007 2428; x_wconf 86' lang='lat'><strong>»</strong></span> 
     </span>
    </p>
   </div>
   <div class='ocr_carea' id='block_1_25' title="bbox 350 2465 2008 2538">
    <p class='ocr_par' dir='ltr' id='par_1_25' title="bbox 350 2465 2008 2538">
     <span class='ocr_line' id='line_1_25' title="bbox 350 2465 2008 2538; baseline 0.002 -18"><span class='ocrx_word' id='word_1_178' title='bbox 350 2467 743 2538; x_wconf 89' lang='lat' dir='ltr'>Sumpserunt</span> <span class='ocrx_word' id='word_1_179' title='bbox 793 2467 953 2522; x_wconf 85' lang='lat' dir='ltr'>enim</span> <span class='ocrx_word' id='word_1_180' title='bbox 1002 2465 1313 2523; x_wconf 85' lang='lat' dir='ltr'>audaciam</span> <span class='ocrx_word' id='word_1_181' title='bbox 1346 2467 1681 2523; x_wconf 77' lang='lat' dir='ltr'>confirmati</span> <span class='ocrx_word' id='word_1_182' title='bbox 1725 2466 1797 2523; x_wconf 90' lang='lat' dir='ltr'>ad</span> <span class='ocrx_word' id='word_1_183' title='bbox 1829 2466 2008 2523; x_wconf 80' lang='lat' dir='ltr'>ﬁdem</span> 
     </span>
    </p>
   </div>
   <div class='ocr_carea' id='block_1_26' title="bbox 349 2555 2013 2627">
    <p class='ocr_par' dir='ltr' id='par_1_26' title="bbox 349 2555 2013 2627">
     <span class='ocr_line' id='line_1_26' title="bbox 349 2555 2013 2627; baseline 0.002 -17"><span class='ocrx_word' id='word_1_184' title='bbox 349 2571 457 2627; x_wconf 90' lang='lat' dir='ltr'>per</span> <span class='ocrx_word' id='word_1_185' title='bbox 485 2555 650 2612; x_wconf 88' lang='lat' dir='ltr'>Pauli</span> <span class='ocrx_word' id='word_1_186' title='bbox 683 2555 935 2612; x_wconf 88' lang='lat' dir='ltr'>vincula.</span> <span class='ocrx_word' id='word_1_187' title='bbox 970 2558 1114 2612; x_wconf 85' lang='lat' dir='ltr'>Nam</span> <span class='ocrx_word' id='word_1_188' title='bbox 1147 2556 1423 2612; x_wconf 87' lang='lat' dir='ltr'>aiebant:</span> <span class='ocrx_word' id='word_1_189' title='bbox 1465 2558 1585 2612; x_wconf 84' lang='lat' dir='ltr'>Nisi</span> <span class='ocrx_word' id='word_1_190' title='bbox 1619 2557 1823 2613; x_wconf 88' lang='lat' dir='ltr'>divina</span> <span class='ocrx_word' id='word_1_191' title='bbox 1855 2561 2013 2614; x_wconf 90' lang='lat' dir='ltr'>esset</span> 
     </span>
    </p>
   </div>
   <div class='ocr_carea' id='block_1_27' title="bbox 349 2644 2012 2720">
    <p class='ocr_par' dir='ltr' id='par_1_27' title="bbox 349 2644 2012 2720">
     <span class='ocr_line' id='line_1_27' title="bbox 349 2644 2012 2720; baseline 0.002 -21"><span class='ocrx_word' id='word_1_192' title='bbox 349 2644 714 2717; x_wconf 71' lang='lat' dir='ltr'>praedicatio,</span> <span class='ocrx_word' id='word_1_193' title='bbox 748 2662 942 2717; x_wconf 90' lang='lat' dir='ltr'>neque</span> <span class='ocrx_word' id='word_1_194' title='bbox 972 2646 1195 2701; x_wconf 89' lang='lat' dir='ltr'>Paulus</span> <span class='ocrx_word' id='word_1_195' title='bbox 1229 2646 1552 2701; x_wconf 86' lang='lat' dir='ltr'>sustineret</span> <span class='ocrx_word' id='word_1_196' title='bbox 1582 2662 1688 2720; x_wconf 90' lang='lat' dir='ltr'>pro</span> <span class='ocrx_word' id='word_1_197' title='bbox 1722 2647 1849 2718; x_wconf 90' lang='lat' dir='ltr'>ipsa</span> <span class='ocrx_word' id='word_1_198' title='bbox 1888 2647 2012 2702; x_wconf 89' lang='lat' dir='ltr'>vin-</span> 
     </span>
    </p>
   </div>
   <div class='ocr_carea' id='block_1_28' title="bbox 349 2732 2011 2806">
    <p class='ocr_par' dir='ltr' id='par_1_28' title="bbox 349 2732 2011 2806">
     <span class='ocr_line' id='line_1_28' title="bbox 349 2732 2011 2806; baseline 0.001 -17"><span class='ocrx_word' id='word_1_199' title='bbox 349 2733 478 2789; x_wconf 90' lang='lat' dir='ltr'>ciri.</span> <span class='ocrx_word' id='word_1_200' title='bbox 514 2735 632 2790; x_wconf 87' lang='lat' dir='ltr'>Hoc</span> <span class='ocrx_word' id='word_1_201' title='bbox 667 2733 845 2789; x_wconf 86' lang='lat' dir='ltr'>etiam</span> <span class='ocrx_word' id='word_1_202' title='bbox 896 2732 1170 2806; x_wconf 89' lang='lat' dir='ltr'>superius</span> <span class='ocrx_word' id='word_1_203' title='bbox 1219 2734 1401 2790; x_wconf 88' lang='lat' dir='ltr'>dixit:</span> <span class='ocrx_word' id='word_1_204' title='bbox 1452 2734 1515 2790; x_wconf 91' lang='lat' dir='ltr'>ln</span> <span class='ocrx_word' id='word_1_205' title='bbox 1557 2734 2011 2792; x_wconf 76' lang='lat' dir='ltr'>confirmatione</span> 
     </span>
    </p>
   </div>
   <div class='ocr_carea' id='block_1_29' title="bbox 349 2822 2009 2896">
    <p class='ocr_par' dir='ltr' id='par_1_29' title="bbox 349 2822 2009 2896">
     <span class='ocr_line' id='line_1_29' title="bbox 349 2822 2009 2896; baseline 0.001 -19"><span class='ocrx_word' id='word_1_206' title='bbox 349 2822 670 2896; x_wconf 79' lang='lat' dir='ltr'>Evangelii.</span> <span class='ocrx_word' id='word_1_207' title='bbox 747 2823 1054 2896; x_wconf 90' lang='lat' dir='ltr'>Siquidem</span> <span class='ocrx_word' id='word_1_208' title='bbox 1114 2822 1559 2895; x_wconf 73' lang='lat' dir='ltr'>prmdicationis</span> <span class='ocrx_word' id='word_1_209' title='bbox 1631 2824 2009 2880; x_wconf 79' lang='lat' dir='ltr'>conﬁrmatio</span> 
     </span>
    </p>
   </div>
   <div class='ocr_carea' id='block_1_30' title="bbox 353 2910 2009 2969">
    <p class='ocr_par' dir='ltr' id='par_1_30' title="bbox 353 2910 2009 2969">
     <span class='ocr_line' id='line_1_30' title="bbox 353 2910 2009 2969; baseline 0.001 -1"><span class='ocrx_word' id='word_1_210' title='bbox 353 2919 519 2968; x_wconf 90' lang='lat' dir='ltr'>erant</span> <span class='ocrx_word' id='word_1_211' title='bbox 550 2910 802 2968; x_wconf 86' lang='lat' dir='ltr'>vincula.</span> <span class='ocrx_word' id='word_1_212' title='bbox 837 2936 865 2963; x_wconf 89' lang='grc'>‹‹</span> <span class='ocrx_word' id='word_1_213' title='bbox 902 2913 1151 2968; x_wconf 86' lang='lat' dir='ltr'>Uberius</span> <span class='ocrx_word' id='word_1_214' title='bbox 1169 2913 1478 2968; x_wconf 86' lang='lat' dir='ltr'>auderent.</span> <span class='ocrx_word' id='word_1_215' title='bbox 1516 2935 1543 2963; x_wconf 82' lang='lat'>»</span> <span class='ocrx_word' id='word_1_216' title='bbox 1576 2913 1807 2969; x_wconf 90' lang='lat' dir='ltr'>Etenim</span> <span class='ocrx_word' id='word_1_217' title='bbox 1833 2913 2009 2969; x_wconf 88' lang='lat' dir='ltr'>etiam</span> 
     </span>
    </p>
   </div>
   <div class='ocr_carea' id='block_1_31' title="bbox 352 3001 2009 3075">
    <p class='ocr_par' dir='ltr' id='par_1_31' title="bbox 352 3001 2009 3075">
     <span class='ocr_line' id='line_1_31' title="bbox 352 3001 2009 3075; baseline -0.001 -16"><span class='ocrx_word' id='word_1_218' title='bbox 352 3009 530 3059; x_wconf 88' lang='lat' dir='ltr'>antea</span> <span class='ocrx_word' id='word_1_219' title='bbox 571 3001 992 3074; x_wconf 87' lang='lat' dir='ltr'>loquebantur,</span> <span class='ocrx_word' id='word_1_220' title='bbox 1044 3019 1203 3058; x_wconf 89' lang='lat' dir='ltr'>nunc</span> <span class='ocrx_word' id='word_1_221' title='bbox 1252 3009 1450 3059; x_wconf 89' lang='lat' dir='ltr'>autem</span> <span class='ocrx_word' id='word_1_222' title='bbox 1478 3003 1752 3075; x_wconf 86' lang='lat' dir='ltr'>amplius.</span> <span class='ocrx_word' id='word_1_223' title='bbox 1793 3026 1821 3053; x_wconf 91' lang='grc'>‹‹</span> <span class='ocrx_word' id='word_1_224' title='bbox 1851 3004 2009 3058; x_wconf 89' lang='lat' dir='ltr'>Non-</span> 
     </span>
    </p>
   </div>
   <div class='ocr_carea' id='block_1_32' title="bbox 350 3090 2012 3165">
    <p class='ocr_par' dir='ltr' id='par_1_32' title="bbox 350 3090 2012 3165">
     <span class='ocr_line' id='line_1_32' title="bbox 350 3090 2012 3165; baseline 0 -17"><span class='ocrx_word' id='word_1_225' title='bbox 350 3092 502 3148; x_wconf 86' lang='lat' dir='ltr'>nulli</span> <span class='ocrx_word' id='word_1_226' title='bbox 536 3091 778 3164; x_wconf 89' lang='lat' dir='ltr'>quidem</span> <span class='ocrx_word' id='word_1_227' title='bbox 809 3110 917 3165; x_wconf 88' lang='lat' dir='ltr'>per</span> <span class='ocrx_word' id='word_1_228' title='bbox 948 3090 1248 3147; x_wconf 84' lang='lat' dir='ltr'>invidiam.</span> <span class='ocrx_word' id='word_1_229' title='bbox 1274 3116 1301 3141; x_wconf 75' lang='grc' dir='ltr'>υ</span> <span class='ocrx_word' id='word_1_230' title='bbox 1333 3092 1621 3158; x_wconf 89' lang='lat' dir='ltr'>Quoniam</span> <span class='ocrx_word' id='word_1_231' title='bbox 1647 3097 1853 3164; x_wconf 87' lang='lat' dir='ltr'>captus</span> <span class='ocrx_word' id='word_1_232' title='bbox 1886 3098 2012 3148; x_wconf 86' lang='lat' dir='ltr'>erat</span> 
     </span>
    </p>
   </div>
   <div class='ocr_carea' id='block_1_33' title="bbox 347 3181 2010 3257">
    <p class='ocr_par' dir='ltr' id='par_1_33' title="bbox 347 3181 2010 3257">
     <span class='ocr_line' id='line_1_33' title="bbox 347 3181 2010 3257; baseline 0.002 -21"><span class='ocrx_word' id='word_1_233' title='bbox 347 3181 587 3244; x_wconf 87' lang='lat' dir='ltr'>Paulus,</span> <span class='ocrx_word' id='word_1_234' title='bbox 613 3181 784 3237; x_wconf 90' lang='lat' dir='ltr'>multi</span> <span class='ocrx_word' id='word_1_235' title='bbox 818 3181 1109 3237; x_wconf 89' lang='lat' dir='ltr'>increduli</span> <span class='ocrx_word' id='word_1_236' title='bbox 1135 3182 1397 3238; x_wconf 89' lang='lat' dir='ltr'>volentes</span> <span class='ocrx_word' id='word_1_237' title='bbox 1420 3183 1491 3238; x_wconf 91' lang='lat' dir='ltr'>ad</span> <span class='ocrx_word' id='word_1_238' title='bbox 1516 3184 1666 3239; x_wconf 86' lang='lat' dir='ltr'>iram</span> <span class='ocrx_word' id='word_1_239' title='bbox 1692 3198 2010 3257; x_wconf 70' lang='lat' dir='ltr'>provocare</span> 
     </span>
    </p>
   </div>
   <div class='ocr_carea' id='block_1_34' title="bbox 350 3272 2010 3346">
    <p class='ocr_par' dir='ltr' id='par_1_34' title="bbox 350 3272 2010 3346">
     <span class='ocr_line' id='line_1_34' title="bbox 350 3272 2010 3346; baseline 0.001 -19"><span class='ocrx_word' id='word_1_240' title='bbox 350 3273 666 3341; x_wconf 86' lang='lat' dir='ltr'>Neronem,</span> <span class='ocrx_word' id='word_1_241' title='bbox 698 3276 765 3326; x_wconf 88' lang='lat' dir='ltr'>ut</span> <span class='ocrx_word' id='word_1_242' title='bbox 792 3273 1038 3327; x_wconf 91' lang='lat' dir='ltr'>omnino</span> <span class='ocrx_word' id='word_1_243' title='bbox 1071 3273 1320 3328; x_wconf 87' lang='lat' dir='ltr'>Paulum</span> <span class='ocrx_word' id='word_1_244' title='bbox 1354 3272 1670 3339; x_wconf 86' lang='lat' dir='ltr'>occideret,</span> <span class='ocrx_word' id='word_1_245' title='bbox 1723 3274 2010 3346; x_wconf 65' lang='lat' dir='ltr'>praedica-</span> 
     </span>
    </p>
   </div>
   <div class='ocr_carea' id='block_1_35' title="bbox 354 3360 2008 3436">
    <p class='ocr_par' dir='ltr' id='par_1_35' title="bbox 354 3360 2008 3436">
     <span class='ocr_line' id='line_1_35' title="bbox 354 3360 2008 3436; baseline 0.002 -21"><span class='ocrx_word' id='word_1_246' title='bbox 354 3360 499 3417; x_wconf 89' lang='lat' dir='ltr'>bant</span> <span class='ocrx_word' id='word_1_247' title='bbox 528 3360 848 3430; x_wconf 89' lang='lat' dir='ltr'>Christum,</span> <span class='ocrx_word' id='word_1_248' title='bbox 894 3368 961 3417; x_wconf 88' lang='lat' dir='ltr'>ut</span> <span class='ocrx_word' id='word_1_249' title='bbox 1007 3361 1145 3417; x_wconf 91' lang='lat' dir='ltr'>dum</span> <span class='ocrx_word' id='word_1_250' title='bbox 1195 3362 1427 3417; x_wconf 86' lang='lat' dir='ltr'>audiret</span> <span class='ocrx_word' id='word_1_251' title='bbox 1478 3363 1628 3418; x_wconf 84' lang='lat' dir='ltr'>Nero</span> <span class='ocrx_word' id='word_1_252' title='bbox 1680 3363 2008 3436; x_wconf 85' lang='lat' dir='ltr'>dispersam</span> 
     </span>
    </p>
   </div>
   <div class='ocr_carea' id='block_1_36' title="bbox 2107 758 3783 849">
    <p class='ocr_par' dir='ltr' id='par_1_36' title="bbox 2107 758 3783 849">
     <span class='ocr_line' id='line_1_36' title="bbox 2107 758 3783 849; baseline 0.007 -32"><span class='ocrx_word' id='word_1_253' title='bbox 2107 763 2232 818; x_wconf 85' lang='grc' dir='ltr'>στὸν</span> <span class='ocrx_word' id='word_1_254' title='bbox 2271 758 2598 840; x_wconf 75' lang='grc' dir='ltr'>ἐκρύϐησαν,</span> <span class='ocrx_word' id='word_1_255' title='bbox 2658 764 2807 823; x_wconf 78' lang='grc' dir='ltr'>ἀλλά</span> <span class='ocrx_word' id='word_1_256' title='bbox 2862 764 3026 838; x_wconf 79' lang='grc' dir='ltr'>δῆλοι</span> <span class='ocrx_word' id='word_1_257' title='bbox 3087 758 3373 848; x_wconf 82' lang='grc' dir='ltr'>γεγόνασιν</span> <span class='ocrx_word' id='word_1_258' title='bbox 3428 768 3480 827; x_wconf 79' lang='grc' dir='ltr'>ἔν</span> <span class='ocrx_word' id='word_1_259' title='bbox 3533 792 3593 827; x_wconf 90' lang='grc' dir='ltr'>τε</span> <span class='ocrx_word' id='word_1_260' title='bbox 3621 792 3783 849; x_wconf 80' lang='grc' dir='ltr'>πραι-</span> 
     </span>
    </p>
   </div>
   <div class='ocr_carea' id='block_1_37' title="bbox 2104 851 3782 933">
    <p class='ocr_par' dir='ltr' id='par_1_37' title="bbox 2104 851 3782 933">
     <span class='ocr_line' id='line_1_37' title="bbox 2104 851 3782 933; baseline 0.008 -27"><span class='ocrx_word' id='word_1_261' title='bbox 2104 853 2317 927; x_wconf 70' lang='grc' dir='ltr'>τωρίῳ,</span> <span class='ocrx_word' id='word_1_262' title='bbox 2349 851 2623 926; x_wconf 75' lang='grc' dir='ltr'>τουτέστι,</span> <span class='ocrx_word' id='word_1_263' title='bbox 2653 861 2733 932; x_wconf 78' lang='grc' dir='ltr'><strong>τῷ</strong></span> <span class='ocrx_word' id='word_1_264' title='bbox 2765 853 3037 933; x_wconf 82' lang='grc' dir='ltr'>παλατίῳ,</span> <span class='ocrx_word' id='word_1_265' title='bbox 3095 858 3187 915; x_wconf 80' lang='grc' dir='ltr'>καὶ</span> <span class='ocrx_word' id='word_1_266' title='bbox 3247 858 3301 917; x_wconf 71' lang='grc' dir='ltr'>ἓν</span> <span class='ocrx_word' id='word_1_267' title='bbox 3369 867 3487 924; x_wconf 84' lang='grc' dir='ltr'>τοῖς</span> <span class='ocrx_word' id='word_1_268' title='bbox 3537 859 3782 924; x_wconf 76' lang='grc' dir='ltr'>λοιποῖς.</span> 
     </span>
    </p>
   </div>
   <div class='ocr_carea' id='block_1_38' title="bbox 2111 941 3784 1026">
    <p class='ocr_par' dir='ltr' id='par_1_38' title="bbox 2111 941 3784 1026">
     <span class='ocr_line' id='line_1_38' title="bbox 2111 941 3784 1026; baseline 0.004 -27"><span class='ocrx_word' id='word_1_269' title='bbox 2111 941 2215 999; x_wconf 77' lang='grc' dir='ltr'>Καὶ</span> <span class='ocrx_word' id='word_1_270' title='bbox 2247 941 2296 997; x_wconf 88' lang='grc' dir='ltr'>τί</span> <span class='ocrx_word' id='word_1_271' title='bbox 2333 942 2470 1018; x_wconf 82' lang='grc' dir='ltr'>πρὸς</span> <span class='ocrx_word' id='word_1_272' title='bbox 2502 946 2667 1001; x_wconf 79' lang='grc' dir='ltr'>τοῦτο</span> <span class='ocrx_word' id='word_1_273' title='bbox 2704 965 2718 1020; x_wconf 82' lang='grc'><strong>;</strong></span> <span class='ocrx_word' id='word_1_274' title='bbox 2778 946 2928 1017; x_wconf 75' lang='grc' dir='ltr'>⁵Οτι,</span> <span class='ocrx_word' id='word_1_275' title='bbox 2984 948 3172 1026; x_wconf 68' lang='grc' dir='ltr'>φησὶν,</span> <span class='ocrx_word' id='word_1_276' title='bbox 3234 949 3293 1005; x_wconf 68' lang='grc' dir='ltr'>ἐκ</span> <span class='ocrx_word' id='word_1_277' title='bbox 3331 949 3527 1005; x_wconf 80' lang='grc' dir='ltr'><strong>τούτου</strong></span> <span class='ocrx_word' id='word_1_278' title='bbox 3587 950 3784 1024; x_wconf 74' lang='grc' dir='ltr'><strong>θάρσος</strong></span> 
     </span>
    </p>
   </div>
   <div class='ocr_carea' id='block_1_39' title="bbox 2099 1027 3785 1114">
    <p class='ocr_par' dir='ltr' id='par_1_39' title="bbox 2099 1027 3785 1114">
     <span class='ocr_line' id='line_1_39' title="bbox 2099 1027 3785 1114; baseline 0.007 -29"><span class='ocrx_word' id='word_1_279' title='bbox 2099 1027 2291 1107; x_wconf 77' lang='grc' dir='ltr'>γέγονε</span> <span class='ocrx_word' id='word_1_280' title='bbox 2340 1038 2456 1095; x_wconf 90' lang='grc' dir='ltr'>τοῖς</span> <span class='ocrx_word' id='word_1_281' title='bbox 2513 1039 2751 1103; x_wconf 75' lang='grc' dir='ltr'>πιστοῖς,</span> <span class='ocrx_word' id='word_1_282' title='bbox 2809 1034 2899 1091; x_wconf 70' lang='grc' dir='ltr'>καὶ</span> <span class='ocrx_word' id='word_1_283' title='bbox 2954 1033 3081 1102; x_wconf 85' lang='grc' dir='ltr'>ὁδὸς</span> <span class='ocrx_word' id='word_1_284' title='bbox 3132 1034 3472 1114; x_wconf 67' lang='grc' dir='ltr'>ἐπιστροφῆς</span> <span class='ocrx_word' id='word_1_285' title='bbox 3526 1038 3785 1097; x_wconf 71' lang='grc' dir='ltr'>πολλοῖς</span> 
     </span>
    </p>
   </div>
   <div class='ocr_carea' id='block_1_40' title="bbox 2105 1120 3786 1202">
    <p class='ocr_par' dir='ltr' id='par_1_40' title="bbox 2105 1120 3786 1202">
     <span class='ocr_line' id='line_1_40' title="bbox 2105 1120 3786 1202; baseline 0.005 -25"><span class='ocrx_word' id='word_1_286' title='bbox 2105 1125 2213 1177; x_wconf 81' lang='grc' dir='ltr'>τῶν</span> <span class='ocrx_word' id='word_1_287' title='bbox 2275 1120 2539 1181; x_wconf 83' lang='grc' dir='ltr'>ἀπίστων.</span> <span class='ocrx_word' id='word_1_288' title='bbox 2603 1150 2628 1176; x_wconf 88' lang='grc'><em>‹‹</em></span> <span class='ocrx_word' id='word_1_289' title='bbox 2694 1124 2780 1181; x_wconf 87' lang='grc' dir='ltr'>Ἐν</span> <span class='ocrx_word' id='word_1_290' title='bbox 2840 1125 3063 1201; x_wconf 76' lang='grc' dir='ltr'>Χριστῷ</span> <span class='ocrx_word' id='word_1_291' title='bbox 3124 1129 3393 1202; x_wconf 72' lang='grc' dir='ltr'>γενέσθαι·</span> <span class='ocrx_word' id='word_1_292' title='bbox 3457 1154 3486 1182; x_wconf 88' lang='grc'><strong>››</strong></span> <span class='ocrx_word' id='word_1_293' title='bbox 3547 1130 3582 1200; x_wconf 76' lang='grc' dir='ltr'><strong>ἢ</strong></span> <span class='ocrx_word' id='word_1_294' title='bbox 3657 1130 3786 1193; x_wconf 77' lang='grc' dir='ltr'>τοὺς</span> 
     </span>
    </p>
   </div>
   <div class='ocr_carea' id='block_1_41' title="bbox 2106 1206 3783 1293">
    <p class='ocr_par' dir='ltr' id='par_1_41' title="bbox 2106 1206 3783 1293">
     <span class='ocr_line' id='line_1_41' title="bbox 2106 1206 3783 1293; baseline 0.005 -28"><span class='ocrx_word' id='word_1_295' title='bbox 2106 1206 2159 1265; x_wconf 77' lang='grc' dir='ltr'>ἐν</span> <span class='ocrx_word' id='word_1_296' title='bbox 2190 1212 2415 1285; x_wconf 77' lang='grc' dir='ltr'>Χριστῷ</span> <span class='ocrx_word' id='word_1_297' title='bbox 2449 1208 2709 1286; x_wconf 71' lang='grc' dir='ltr'>δεσμοὺς,</span> <span class='ocrx_word' id='word_1_298' title='bbox 2741 1213 3014 1285; x_wconf 75' lang='grc' dir='ltr'>τουτέστι,</span> <span class='ocrx_word' id='word_1_299' title='bbox 3066 1213 3196 1278; x_wconf 74' lang='grc' dir='ltr'>τοὺς</span> <span class='ocrx_word' id='word_1_300' title='bbox 3249 1212 3339 1272; x_wconf 75' lang='grc' dir='ltr'>διὰ</span> <span class='ocrx_word' id='word_1_301' title='bbox 3370 1221 3632 1293; x_wconf 78' lang='grc' dir='ltr'>Χριστὸν,</span> <span class='ocrx_word' id='word_1_302' title='bbox 3689 1219 3783 1275; x_wconf 82' lang='grc' dir='ltr'>ἳνα</span> 
     </span>
    </p>
   </div>
   <div class='ocr_carea' id='block_1_42' title="bbox 2106 1293 3784 1388">
    <p class='ocr_par' dir='ltr' id='par_1_42' title="bbox 2106 1293 3784 1388">
     <span class='ocr_line' id='line_1_42' title="bbox 2106 1293 3784 1388; baseline 0.004 -33"><span class='ocrx_word' id='word_1_303' title='bbox 2106 1298 2293 1371; x_wconf 78' lang='grc' dir='ltr'>ᾗκαο’</span> <span class='ocrx_word' id='word_1_304' title='bbox 2325 1293 2690 1377; x_wconf 71' lang='grc' dir='ltr'>ὑπερϐατὸνὴ</span> <span class='ocrx_word' id='word_1_305' title='bbox 2746 1301 3011 1374; x_wconf 80' lang='grc' dir='ltr'>σύνταξις·</span> <span class='ocrx_word' id='word_1_306' title='bbox 3069 1302 3104 1374; x_wconf 76' lang='grc' dir='ltr'><strong>ἢ</strong></span> <span class='ocrx_word' id='word_1_307' title='bbox 3160 1304 3289 1368; x_wconf 74' lang='grc' dir='ltr'>τοὺς</span> <span class='ocrx_word' id='word_1_308' title='bbox 3348 1301 3578 1381; x_wconf 84' lang='grc' dir='ltr'>δεσμούς</span> <span class='ocrx_word' id='word_1_309' title='bbox 3629 1328 3784 1388; x_wconf 70' lang='grc' dir='ltr'>φησι,</span> 
     </span>
    </p>
   </div>
   <div class='ocr_carea' id='block_1_43' title="bbox 2112 1385 3785 1472">
    <p class='ocr_par' dir='ltr' id='par_1_43' title="bbox 2112 1385 3785 1472">
     <span class='ocr_line' id='line_1_43' title="bbox 2112 1385 3785 1472; baseline 0.005 -29"><span class='ocrx_word' id='word_1_310' title='bbox 2112 1385 2241 1451; x_wconf 71' lang='grc' dir='ltr'>τοὺς</span> <span class='ocrx_word' id='word_1_311' title='bbox 2296 1388 2347 1444; x_wconf 83' lang='grc' dir='ltr'>ἐν</span> <span class='ocrx_word' id='word_1_312' title='bbox 2406 1390 2625 1466; x_wconf 79' lang='grc' dir='ltr'><strong>Χριστῷ</strong></span> <span class='ocrx_word' id='word_1_313' title='bbox 2675 1392 2935 1472; x_wconf 74' lang='grc' dir='ltr'>φανεροὺς</span> <span class='ocrx_word' id='word_1_314' title='bbox 2995 1396 3413 1471; x_wconf 70' lang='grc' dir='ltr'>γεγενημένους.</span> <span class='ocrx_word' id='word_1_315' title='bbox 3471 1385 3785 1465; x_wconf 75' lang='grc' dir='ltr'><strong>Τουτέστιν,</strong></span> 
     </span>
    </p>
   </div>
   <div class='ocr_carea' id='block_1_44' title="bbox 2111 1473 3783 1563">
    <p class='ocr_par' dir='ltr' id='par_1_44' title="bbox 2111 1473 3783 1563">
     <span class='ocr_line' id='line_1_44' title="bbox 2111 1473 3783 1563; baseline 0.004 -31"><span class='ocrx_word' id='word_1_316' title='bbox 2111 1473 2340 1550; x_wconf 80' lang='grc' dir='ltr'>εύδοκίᾳ</span> <span class='ocrx_word' id='word_1_317' title='bbox 2395 1480 2487 1534; x_wconf 83' lang='grc' dir='ltr'>καὶ</span> <span class='ocrx_word' id='word_1_318' title='bbox 2548 1479 2839 1559; x_wconf 69' lang='grc' dir='ltr'>οἰκονομίᾳ</span> <span class='ocrx_word' id='word_1_319' title='bbox 2890 1480 3130 1559; x_wconf 73' lang='grc' dir='ltr'>Χριστοῦ</span> <span class='ocrx_word' id='word_1_320' title='bbox 3192 1484 3620 1563; x_wconf 70' lang='grc' dir='ltr'>φανερωθέντας.</span> <span class='ocrx_word' id='word_1_321' title='bbox 3683 1487 3783 1545; x_wconf 83' lang='grc' dir='ltr'>Καὶ</span> 
     </span>
    </p>
   </div>
   <div class='ocr_carea' id='block_1_45' title="bbox 2110 1565 3787 1651">
    <p class='ocr_par' dir='ltr' id='par_1_45' title="bbox 2110 1565 3787 1651">
     <span class='ocr_line' id='line_1_45' title="bbox 2110 1565 3787 1651; baseline 0.006 -30"><span class='ocrx_word' id='word_1_322' title='bbox 2110 1565 2214 1644; x_wconf 64' lang='grc' dir='ltr'>γὰρ</span> <span class='ocrx_word' id='word_1_323' title='bbox 2247 1565 2402 1624; x_wconf 71' lang='grc' dir='ltr'>οὐδὲν</span> <span class='ocrx_word' id='word_1_324' title='bbox 2430 1571 2495 1639; x_wconf 77' lang='grc' dir='ltr'>ἦν</span> <span class='ocrx_word' id='word_1_325' title='bbox 2531 1566 2562 1624; x_wconf 75' lang='grc' dir='ltr'>ὅ</span> <span class='ocrx_word' id='word_1_326' title='bbox 2594 1570 2820 1651; x_wconf 79' lang='grc' dir='ltr'>πάσχων</span> <span class='ocrx_word' id='word_1_327' title='bbox 2854 1572 2946 1628; x_wconf 77' lang='grc' dir='ltr'>καὶ</span> <span class='ocrx_word' id='word_1_328' title='bbox 2976 1574 3254 1651; x_wconf 75' lang='grc' dir='ltr'>κατορθῶν</span> <span class='ocrx_word' id='word_1_329' title='bbox 3313 1573 3553 1646; x_wconf 78' lang='grc' dir='ltr'>Παῦλος,</span> <span class='ocrx_word' id='word_1_330' title='bbox 3605 1575 3650 1631; x_wconf 77' lang='grc' dir='ltr'>εἰ</span> <span class='ocrx_word' id='word_1_331' title='bbox 3683 1574 3787 1631; x_wconf 80' lang='grc' dir='ltr'>οὐκ</span> 
     </span>
    </p>
   </div>
   <div class='ocr_carea' id='block_1_46' title="bbox 2112 1655 3785 1739">
    <p class='ocr_par' dir='ltr' id='par_1_46' title="bbox 2112 1655 3785 1739">
     <span class='ocr_line' id='line_1_46' title="bbox 2112 1655 3785 1739; baseline 0.006 -27"><span class='ocrx_word' id='word_1_332' title='bbox 2112 1655 2360 1734; x_wconf 69' lang='grc' dir='ltr'>ἀνέφερεν</span> <span class='ocrx_word' id='word_1_333' title='bbox 2393 1656 2468 1721; x_wconf 71' lang='grc' dir='ltr'>εἷς</span> <span class='ocrx_word' id='word_1_334' title='bbox 2502 1659 2757 1735; x_wconf 71' lang='grc' dir='ltr'>Χριστόν.</span> <span class='ocrx_word' id='word_1_335' title='bbox 2792 1662 2884 1733; x_wconf 84' lang='grc' dir='ltr'>Ἦ,</span> <span class='ocrx_word' id='word_1_336' title='bbox 2918 1661 3138 1719; x_wconf 78' lang='grc' dir='ltr'>ἐκείνων</span> <span class='ocrx_word' id='word_1_337' title='bbox 3204 1663 3256 1718; x_wconf 84' lang='grc' dir='ltr'>ἐν</span> <span class='ocrx_word' id='word_1_338' title='bbox 3290 1668 3520 1739; x_wconf 78' lang='grc' dir='ltr'>Χριστῷ</span> <span class='ocrx_word' id='word_1_339' title='bbox 3577 1666 3628 1720; x_wconf 75' lang='lat' dir='ltr'>0i</span> <span class='ocrx_word' id='word_1_340' title='bbox 3689 1662 3785 1722; x_wconf 74' lang='grc' dir='ltr'>δε-</span> 
     </span>
    </p>
   </div>
   <div class='ocr_carea' id='block_1_47' title="bbox 2118 1747 3786 1829">
    <p class='ocr_par' dir='ltr' id='par_1_47' title="bbox 2118 1747 3786 1829">
     <span class='ocr_line' id='line_1_47' title="bbox 2118 1747 3786 1829; baseline 0.006 -29"><span class='ocrx_word' id='word_1_341' title='bbox 2118 1747 2250 1819; x_wconf 84' lang='grc' dir='ltr'>σμοὶ</span> <span class='ocrx_word' id='word_1_342' title='bbox 2283 1752 2659 1826; x_wconf 73' lang='grc' dir='ltr'>φανεροῦνται,</span> <span class='ocrx_word' id='word_1_343' title='bbox 2711 1752 2818 1805; x_wconf 78' lang='grc' dir='ltr'>τῶν</span> <span class='ocrx_word' id='word_1_344' title='bbox 2879 1751 2957 1826; x_wconf 76' lang='grc' dir='ltr'>μὴ</span> <span class='ocrx_word' id='word_1_345' title='bbox 3017 1752 3133 1807; x_wconf 86' lang='grc' dir='ltr'>κατ’</span> <span class='ocrx_word' id='word_1_346' title='bbox 3193 1749 3447 1824; x_wconf 76' lang='grc' dir='ltr'>ἐπίδειξίν</span> <span class='ocrx_word' id='word_1_347' title='bbox 3503 1775 3555 1809; x_wconf 89' lang='grc' dir='ltr'>τι</span> <span class='ocrx_word' id='word_1_348' title='bbox 3607 1775 3786 1829; x_wconf 85' lang='grc' dir='ltr'>πρατ-</span> 
     </span>
    </p>
   </div>
   <div class='ocr_carea' id='block_1_48' title="bbox 2113 1833 3784 1919">
    <p class='ocr_par' dir='ltr' id='par_1_48' title="bbox 2113 1833 3784 1919">
     <span class='ocr_line' id='line_1_48' title="bbox 2113 1833 3784 1919; baseline 0.008 -30"><span class='ocrx_word' id='word_1_349' title='bbox 2113 1834 2339 1904; x_wconf 66' lang='grc' dir='ltr'>τόντων,</span> <span class='ocrx_word' id='word_1_350' title='bbox 2371 1833 2501 1891; x_wconf 69' lang='grc' dir='ltr'>ἁλλ’</span> <span class='ocrx_word' id='word_1_351' title='bbox 2538 1838 2714 1900; x_wconf 70' lang='grc' dir='ltr'>οὕτως</span> <span class='ocrx_word' id='word_1_352' title='bbox 2754 1839 3125 1915; x_wconf 71' lang='grc' dir='ltr'>πραττόντων,</span> <span class='ocrx_word' id='word_1_353' title='bbox 3184 1840 3324 1897; x_wconf 80' lang='grc' dir='ltr'>ὥστε</span> <span class='ocrx_word' id='word_1_354' title='bbox 3353 1844 3480 1905; x_wconf 74' lang='grc' dir='ltr'><strong>τοὺς</strong></span> <span class='ocrx_word' id='word_1_355' title='bbox 3540 1844 3784 1919; x_wconf 79' lang='grc' dir='ltr'>ὁρῶντας</span> 
     </span>
    </p>
   </div>
   <div class='ocr_carea' id='block_1_49' title="bbox 2117 1921 3783 2005">
    <p class='ocr_par' dir='ltr' id='par_1_49' title="bbox 2117 1921 3783 2005">
     <span class='ocr_line' id='line_1_49' title="bbox 2117 1921 3783 2005; baseline 0.007 -28"><span class='ocrx_word' id='word_1_356' title='bbox 2117 1921 2465 2003; x_wconf 76' lang='grc' dir='ltr'>ὠφελεῖσθαι,</span> <span class='ocrx_word' id='word_1_357' title='bbox 2497 1926 2585 1981; x_wconf 81' lang='grc' dir='ltr'>καὶ</span> <span class='ocrx_word' id='word_1_358' title='bbox 2616 1929 2708 1982; x_wconf 86' lang='grc' dir='ltr'>τὸν</span> <span class='ocrx_word' id='word_1_359' title='bbox 2743 1927 2795 1984; x_wconf 81' lang='grc' dir='ltr'><strong>ἒν</strong></span> <span class='ocrx_word' id='word_1_360' title='bbox 2829 1928 3083 2005; x_wconf 72' lang='grc' dir='ltr'>οὐρανοῖς</span> <span class='ocrx_word' id='word_1_361' title='bbox 3133 1926 3372 2002; x_wconf 79' lang='grc' dir='ltr'>δοξάζειν</span> <span class='ocrx_word' id='word_1_362' title='bbox 3428 1933 3577 1990; x_wconf 80' lang='grc' dir='ltr'>Θεὸν.</span> <span class='ocrx_word' id='word_1_363' title='bbox 3611 1957 3640 1986; x_wconf 80' lang='grc' dir='ltr'>ι(</span> <span class='ocrx_word' id='word_1_364' title='bbox 3683 1933 3783 1991; x_wconf 81' lang='grc' dir='ltr'>Καὶ</span> 
     </span>
    </p>
   </div>
   <div class='ocr_carea' id='block_1_50' title="bbox 2120 2010 3780 2098">
    <p class='ocr_par' dir='ltr' id='par_1_50' title="bbox 2120 2010 3780 2098">
     <span class='ocr_line' id='line_1_50' title="bbox 2120 2010 3780 2098; baseline 0.008 -31"><span class='ocrx_word' id='word_1_365' title='bbox 2120 2010 2249 2078; x_wconf 72' lang='grc' dir='ltr'>τοὺς</span> <span class='ocrx_word' id='word_1_366' title='bbox 2278 2013 2540 2078; x_wconf 87' lang='grc' dir='ltr'>πλείονας</span> <span class='ocrx_word' id='word_1_367' title='bbox 2564 2021 2674 2072; x_wconf 81' lang='grc' dir='ltr'>τῶν</span> <span class='ocrx_word' id='word_1_368' title='bbox 2702 2014 2953 2098; x_wconf 71' lang='grc' dir='ltr'>ἀδελςρῶν</span> <span class='ocrx_word' id='word_1_369' title='bbox 2988 2018 3038 2075; x_wconf 81' lang='grc' dir='ltr'><strong>ἐν</strong></span> <span class='ocrx_word' id='word_1_370' title='bbox 3071 2021 3277 2096; x_wconf 81' lang='grc' dir='ltr'>Κυρίῳ.</span> <span class='ocrx_word' id='word_1_371' title='bbox 3312 2044 3339 2072; x_wconf 86' lang='grc'><strong>››</strong></span> <span class='ocrx_word' id='word_1_372' title='bbox 3383 2017 3604 2093; x_wconf 79' lang='grc' dir='ltr'>Ἐπειδὴ</span> <span class='ocrx_word' id='word_1_373' title='bbox 3640 2024 3780 2091; x_wconf 72' lang='grc' dir='ltr'>εἶπε,</span> 
     </span>
    </p>
   </div>
   <div class='ocr_carea' id='block_1_51' title="bbox 2120 2101 3784 2189">
    <p class='ocr_par' dir='ltr' id='par_1_51' title="bbox 2120 2101 3784 2189">
     <span class='ocr_line' id='line_1_51' title="bbox 2120 2101 3784 2189; baseline 0.005 -32"><span class='ocrx_word' id='word_1_374' title='bbox 2120 2102 2329 2189; x_wconf 66' lang='grc' dir='ltr'>βάρσος</span> <span class='ocrx_word' id='word_1_375' title='bbox 2361 2105 2411 2159; x_wconf 73' lang='grc' dir='ltr'>οἱ</span> <span class='ocrx_word' id='word_1_376' title='bbox 2453 2101 2646 2180; x_wconf 77' lang='grc' dir='ltr'>δεσμοὶ</span> <span class='ocrx_word' id='word_1_377' title='bbox 2677 2104 2981 2184; x_wconf 78' lang='grc' dir='ltr'>παρέσχον,</span> <span class='ocrx_word' id='word_1_378' title='bbox 3038 2108 3175 2186; x_wconf 82' lang='grc' dir='ltr'>μέγα</span> <span class='ocrx_word' id='word_1_379' title='bbox 3207 2106 3264 2165; x_wconf 76' lang='grc' dir='ltr'>δὲ</span> <span class='ocrx_word' id='word_1_380' title='bbox 3295 2109 3357 2166; x_wconf 78' lang='grc' dir='ltr'>τὸ</span> <span class='ocrx_word' id='word_1_381' title='bbox 3389 2110 3543 2189; x_wconf 76' lang='grc' dir='ltr'>ῥῆμα</span> <span class='ocrx_word' id='word_1_382' title='bbox 3583 2108 3784 2182; x_wconf 76' lang='grc' dir='ltr'>ἐδόκει,</span> 
     </span>
    </p>
   </div>
   <div class='ocr_carea' id='block_1_52' title="bbox 2119 2184 3789 2275">
    <p class='ocr_par' dir='ltr' id='par_1_52' title="bbox 2119 2184 3789 2275">
     <span class='ocr_line' id='line_1_52' title="bbox 2119 2184 3789 2275; baseline 0.005 -29"><span class='ocrx_word' id='word_1_383' title='bbox 2119 2184 2327 2267; x_wconf 68' lang='grc' dir='ltr'>ἐπάγει,</span> <span class='ocrx_word' id='word_1_384' title='bbox 2363 2217 2392 2246; x_wconf 75' lang='grc' dir='ltr'>ι(</span> <span class='ocrx_word' id='word_1_385' title='bbox 2434 2194 2521 2251; x_wconf 86' lang='grc' dir='ltr'>Ἐν</span> <span class='ocrx_word' id='word_1_386' title='bbox 2554 2195 2793 2273; x_wconf 80' lang='grc' dir='ltr'>Κυρίῳ,››</span> <span class='ocrx_word' id='word_1_387' title='bbox 2824 2184 3094 2271; x_wconf 73' lang='grc' dir='ltr'>τουτέστι,</span> <span class='ocrx_word' id='word_1_388' title='bbox 3120 2184 3222 2253; x_wconf 39' lang='grc' dir='ltr'>-Διὰ</span> <span class='ocrx_word' id='word_1_389' title='bbox 3247 2199 3340 2254; x_wconf 86' lang='grc' dir='ltr'>τὸν</span> <span class='ocrx_word' id='word_1_390' title='bbox 3373 2184 3595 2275; x_wconf 72' lang='grc' dir='ltr'>Κύριον.</span> <span class='ocrx_word' id='word_1_391' title='bbox 3631 2224 3659 2252; x_wconf 78' lang='grc' dir='ltr'><strong>(ι</strong></span> <span class='ocrx_word' id='word_1_392' title='bbox 3686 2201 3789 2259; x_wconf 75' lang='lat' dir='ltr'>Iis-</span> 
     </span>
    </p>
   </div>
   <div class='ocr_carea' id='block_1_53' title="bbox 2121 2279 3793 2364">
    <p class='ocr_par' dir='ltr' id='par_1_53' title="bbox 2121 2279 3793 2364">
     <span class='ocr_line' id='line_1_53' title="bbox 2121 2279 3793 2364; baseline 0.004 -30"><span class='ocrx_word' id='word_1_393' title='bbox 2121 2279 2385 2336; x_wconf 70' lang='grc' dir='ltr'>ποιθότας</span> <span class='ocrx_word' id='word_1_394' title='bbox 2442 2287 2559 2346; x_wconf 88' lang='grc' dir='ltr'>τοῖς</span> <span class='ocrx_word' id='word_1_395' title='bbox 2619 2281 2843 2358; x_wconf 81' lang='grc' dir='ltr'>δεσμοῖς</span> <span class='ocrx_word' id='word_1_396' title='bbox 2905 2306 3031 2359; x_wconf 87' lang='grc' dir='ltr'>μου.</span> <span class='ocrx_word' id='word_1_397' title='bbox 3097 2310 3125 2338; x_wconf 90' lang='grc'><strong>››</strong></span> <span class='ocrx_word' id='word_1_398' title='bbox 3185 2287 3390 2362; x_wconf 77' lang='grc' dir='ltr'>Θάρσος</span> <span class='ocrx_word' id='word_1_399' title='bbox 3431 2288 3536 2364; x_wconf 82' lang='grc' dir='ltr'>γὰρ</span> <span class='ocrx_word' id='word_1_400' title='bbox 3593 2285 3793 2349; x_wconf 69' lang='grc' dir='ltr'>αὐτοὺς</span> 
     </span>
    </p>
   </div>
   <div class='ocr_carea' id='block_1_54' title="bbox 2120 2361 3782 2452">
    <p class='ocr_par' dir='ltr' id='par_1_54' title="bbox 2120 2361 3782 2452">
     <span class='ocr_line' id='line_1_54' title="bbox 2120 2361 3782 2452; baseline 0.006 -30"><span class='ocrx_word' id='word_1_401' title='bbox 2120 2361 2305 2440; x_wconf 71' lang='grc' dir='ltr'>ἔλαϐε,</span> <span class='ocrx_word' id='word_1_402' title='bbox 2344 2364 2738 2445; x_wconf 72' lang='grc' dir='ltr'>βεϐαιωθέντας</span> <span class='ocrx_word' id='word_1_403' title='bbox 2790 2370 2879 2428; x_wconf 78' lang='grc' dir='ltr'>διὰ</span> <span class='ocrx_word' id='word_1_404' title='bbox 2937 2379 3045 2430; x_wconf 82' lang='grc' dir='ltr'>τῶν</span> <span class='ocrx_word' id='word_1_405' title='bbox 3108 2374 3331 2433; x_wconf 87' lang='grc' dir='ltr'>ΙΙαύλου</span> <span class='ocrx_word' id='word_1_406' title='bbox 3390 2361 3604 2451; x_wconf 78' lang='grc' dir='ltr'>δεσμῶν</span> <span class='ocrx_word' id='word_1_407' title='bbox 3644 2377 3782 2452; x_wconf 84' lang='grc' dir='ltr'>πρὸς</span> 
     </span>
    </p>
   </div>
   <div class='ocr_carea' id='block_1_55' title="bbox 2118 2458 3800 2542">
    <p class='ocr_par' dir='ltr' id='par_1_55' title="bbox 2118 2458 3800 2542">
     <span class='ocr_line' id='line_1_55' title="bbox 2118 2458 3800 2542; baseline 0.005 -31"><span class='ocrx_word' id='word_1_408' title='bbox 2118 2458 2220 2526; x_wconf 77' lang='grc' dir='ltr'>τήν</span> <span class='ocrx_word' id='word_1_409' title='bbox 2249 2459 2462 2518; x_wconf 88' lang='grc' dir='ltr'>πίστιν.</span> <span class='ocrx_word' id='word_1_410' title='bbox 2504 2460 2565 2516; x_wconf 79' lang='grc' dir='ltr'>Εἰ</span> <span class='ocrx_word' id='word_1_411' title='bbox 2598 2460 2701 2540; x_wconf 76' lang='grc' dir='ltr'>γὰρ</span> <span class='ocrx_word' id='word_1_412' title='bbox 2738 2463 2813 2535; x_wconf 68' lang='grc' dir='ltr'>μὴ</span> <span class='ocrx_word' id='word_1_413' title='bbox 2849 2464 2994 2518; x_wconf 84' lang='grc' dir='ltr'>θεῖον</span> <span class='ocrx_word' id='word_1_414' title='bbox 3049 2462 3141 2535; x_wconf 75' lang='grc' dir='ltr'>ἦν,</span> <span class='ocrx_word' id='word_1_415' title='bbox 3202 2465 3357 2541; x_wconf 72' lang='grc' dir='ltr'>φησὶ,</span> <span class='ocrx_word' id='word_1_416' title='bbox 3413 2465 3478 2521; x_wconf 87' lang='grc' dir='ltr'><strong>τὸ</strong></span> <span class='ocrx_word' id='word_1_417' title='bbox 3534 2467 3800 2542; x_wconf 76' lang='grc' dir='ltr'>κήρυγμα</span> 
     </span>
    </p>
   </div>
   <div class='ocr_carea' id='block_1_56' title="bbox 2128 2545 3798 2631">
    <p class='ocr_par' dir='ltr' id='par_1_56' title="bbox 2128 2545 3798 2631">
     <span class='ocr_line' id='line_1_56' title="bbox 2128 2545 3798 2631; baseline 0.005 -31"><span class='ocrx_word' id='word_1_418' title='bbox 2128 2545 2232 2602; x_wconf 82' lang='grc' dir='ltr'>ούκ</span> <span class='ocrx_word' id='word_1_419' title='bbox 2262 2547 2321 2602; x_wconf 76' lang='grc' dir='ltr'>ἂν</span> <span class='ocrx_word' id='word_1_420' title='bbox 2347 2548 2375 2603; x_wconf 83' lang='grc' dir='ltr'>ὁ</span> <span class='ocrx_word' id='word_1_421' title='bbox 2406 2548 2628 2613; x_wconf 72' lang='grc' dir='ltr'>Παῦλος</span> <span class='ocrx_word' id='word_1_422' title='bbox 2655 2550 2909 2631; x_wconf 76' lang='grc' dir='ltr'>ἠνείχετο</span> <span class='ocrx_word' id='word_1_423' title='bbox 2943 2552 3079 2628; x_wconf 69' lang='grc' dir='ltr'>ὑπὲρ</span> <span class='ocrx_word' id='word_1_424' title='bbox 3110 2551 3276 2608; x_wconf 76' lang='grc' dir='ltr'>αὐτοῦ</span> <span class='ocrx_word' id='word_1_425' title='bbox 3318 2550 3583 2621; x_wconf 73' lang='grc' dir='ltr'>δεδέσθαι.</span> <span class='ocrx_word' id='word_1_426' title='bbox 3618 2554 3798 2612; x_wconf 67' lang='grc' dir='ltr'><strong>Τοῦτο</strong></span> 
     </span>
    </p>
   </div>
   <div class='ocr_carea' id='block_1_57' title="bbox 2121 2630 3801 2718">
    <p class='ocr_par' dir='ltr' id='par_1_57' title="bbox 2121 2630 3801 2718">
     <span class='ocr_line' id='line_1_57' title="bbox 2121 2630 3801 2718; baseline 0.005 -31"><span class='ocrx_word' id='word_1_427' title='bbox 2121 2632 2211 2688; x_wconf 71' lang='grc' dir='ltr'>καὶ</span> <span class='ocrx_word' id='word_1_428' title='bbox 2245 2631 2353 2689; x_wconf 70' lang='grc' dir='ltr'>ἂνω</span> <span class='ocrx_word' id='word_1_429' title='bbox 2387 2636 2523 2691; x_wconf 71' lang='grc' dir='ltr'>εἶπε.</span> <span class='ocrx_word' id='word_1_430' title='bbox 2549 2630 2871 2709; x_wconf 78' lang='grc' dir='ltr'>Βεϐαιώσει,</span> <span class='ocrx_word' id='word_1_431' title='bbox 2906 2637 3062 2717; x_wconf 75' lang='grc' dir='ltr'>φησὶ,</span> <span class='ocrx_word' id='word_1_432' title='bbox 3103 2642 3200 2695; x_wconf 80' lang='grc' dir='ltr'>τοῦ</span> <span class='ocrx_word' id='word_1_433' title='bbox 3253 2638 3619 2718; x_wconf 81' lang='grc' dir='ltr'>Εύαγγελίου.</span> <span class='ocrx_word' id='word_1_434' title='bbox 3682 2643 3801 2696; x_wconf 81' lang='grc' dir='ltr'>Βε-</span> 
     </span>
    </p>
   </div>
   <div class='ocr_carea' id='block_1_58' title="bbox 2122 2726 3797 2816">
    <p class='ocr_par' dir='ltr' id='par_1_58' title="bbox 2122 2726 3797 2816">
     <span class='ocr_line' id='line_1_58' title="bbox 2122 2726 3797 2816; baseline 0.005 -31"><span class='ocrx_word' id='word_1_435' title='bbox 2122 2726 2353 2794; x_wconf 81' lang='grc' dir='ltr'>6αίωσις</span> <span class='ocrx_word' id='word_1_436' title='bbox 2384 2735 2486 2808; x_wconf 76' lang='grc' dir='ltr'>γΞιρ</span> <span class='ocrx_word' id='word_1_437' title='bbox 2540 2739 2636 2790; x_wconf 76' lang='grc' dir='ltr'><strong>τοῦ</strong></span> <span class='ocrx_word' id='word_1_438' title='bbox 2688 2736 3065 2811; x_wconf 84' lang='grc' dir='ltr'>κηρύγματος,</span> <span class='ocrx_word' id='word_1_439' title='bbox 3126 2738 3193 2793; x_wconf 74' lang='grc' dir='ltr'>τὰ</span> <span class='ocrx_word' id='word_1_440' title='bbox 3250 2734 3422 2813; x_wconf 83' lang='grc' dir='ltr'>δεσμά</span> <span class='ocrx_word' id='word_1_441' title='bbox 3483 2742 3582 2796; x_wconf 74' lang='grc' dir='ltr'>τοῦ</span> <span class='ocrx_word' id='word_1_442' title='bbox 3641 2739 3797 2816; x_wconf 83' lang='grc' dir='ltr'>ἁγίου</span> 
     </span>
    </p>
   </div>
   <div class='ocr_carea' id='block_1_59' title="bbox 2125 2820 3796 2906">
    <p class='ocr_par' dir='ltr' id='par_1_59' title="bbox 2125 2820 3796 2906">
     <span class='ocr_line' id='line_1_59' title="bbox 2125 2820 3796 2906; baseline 0.004 -30"><span class='ocrx_word' id='word_1_443' title='bbox 2125 2820 2367 2879; x_wconf 83' lang='grc' dir='ltr'>Παύλου,</span> <span class='ocrx_word' id='word_1_444' title='bbox 2409 2844 2430 2873; x_wconf 72' lang='grc' dir='ltr'>ε</span> <span class='ocrx_word' id='word_1_445' title='bbox 2464 2825 2890 2903; x_wconf 78' lang='grc' dir='ltr'>Περισσοτὲρως,</span> <span class='ocrx_word' id='word_1_446' title='bbox 2920 2825 3154 2900; x_wconf 82' lang='grc' dir='ltr'>τολμᾷν.</span> <span class='ocrx_word' id='word_1_447' title='bbox 3190 2852 3218 2879; x_wconf 88' lang='grc'><strong>››</strong></span> <span class='ocrx_word' id='word_1_448' title='bbox 3248 2826 3346 2883; x_wconf 80' lang='grc' dir='ltr'>Καὶ</span> <span class='ocrx_word' id='word_1_449' title='bbox 3380 2827 3485 2906; x_wconf 78' lang='grc' dir='ltr'>γὰρ</span> <span class='ocrx_word' id='word_1_450' title='bbox 3520 2828 3796 2906; x_wconf 86' lang='grc' dir='ltr'>πρότερον</span> 
     </span>
    </p>
   </div>
   <div class='ocr_carea' id='block_1_60' title="bbox 2124 2909 3785 2998">
    <p class='ocr_par' dir='ltr' id='par_1_60' title="bbox 2124 2909 3785 2998">
     <span class='ocr_line' id='line_1_60' title="bbox 2124 2909 3785 2998; baseline 0.004 -33"><span class='ocrx_word' id='word_1_451' title='bbox 2124 2909 2383 2978; x_wconf 75' lang='grc' dir='ltr'>ἐλάλουν,</span> <span class='ocrx_word' id='word_1_452' title='bbox 2414 2916 2504 2967; x_wconf 71' lang='grc' dir='ltr'>νῦν</span> <span class='ocrx_word' id='word_1_453' title='bbox 2540 2909 2596 2967; x_wconf 72' lang='grc' dir='ltr'>δὲ</span> <span class='ocrx_word' id='word_1_454' title='bbox 2627 2912 2839 2973; x_wconf 86' lang='grc' dir='ltr'>πλεῖον.</span> <span class='ocrx_word' id='word_1_455' title='bbox 2873 2936 2903 2969; x_wconf 75' lang='grc' dir='ltr'>ι(</span> <span class='ocrx_word' id='word_1_456' title='bbox 2936 2915 3093 2978; x_wconf 70' lang='grc' dir='ltr'>Τινὲς</span> <span class='ocrx_word' id='word_1_457' title='bbox 3126 2916 3223 2990; x_wconf 75' lang='grc' dir='ltr'>μὶν</span> <span class='ocrx_word' id='word_1_458' title='bbox 3264 2916 3353 2972; x_wconf 77' lang='grc' dir='ltr'>καὶ</span> <span class='ocrx_word' id='word_1_459' title='bbox 3386 2913 3475 2973; x_wconf 76' lang='grc' dir='ltr'>διὰ</span> <span class='ocrx_word' id='word_1_460' title='bbox 3504 2919 3726 2998; x_wconf 71' lang='grc' dir='ltr'>φθόνον.</span> <span class='ocrx_word' id='word_1_461' title='bbox 3757 2939 3785 2971; x_wconf 76' lang='grc' dir='ltr'>ι</span> 
     </span>
    </p>
   </div>
   <div class='ocr_carea' id='block_1_61' title="bbox 2124 2998 3792 3077">
    <p class='ocr_par' dir='ltr' id='par_1_61' title="bbox 2124 2998 3792 3077">
     <span class='ocr_line' id='line_1_61' title="bbox 2124 2998 3792 3077; baseline 0.002 -21"><span class='ocrx_word' id='word_1_462' title='bbox 2124 2998 2348 3070; x_wconf 78' lang='grc' dir='ltr'>Ἐπειδὴ</span> <span class='ocrx_word' id='word_1_463' title='bbox 2392 2998 2696 3077; x_wconf 77' lang='grc' dir='ltr'>κατεσχέθη</span> <span class='ocrx_word' id='word_1_464' title='bbox 2753 3003 2780 3057; x_wconf 84' lang='grc' dir='ltr'>ὁ</span> <span class='ocrx_word' id='word_1_465' title='bbox 2842 3000 3082 3077; x_wconf 77' lang='grc' dir='ltr'>Παῦλος,</span> <span class='ocrx_word' id='word_1_466' title='bbox 3140 3003 3346 3061; x_wconf 86' lang='grc' dir='ltr'>πολλοὶ</span> <span class='ocrx_word' id='word_1_467' title='bbox 3394 3010 3502 3061; x_wconf 78' lang='grc' dir='ltr'><strong>τῶν</strong></span> <span class='ocrx_word' id='word_1_468' title='bbox 3544 3005 3792 3063; x_wconf 73' lang='grc' dir='ltr'>ἀπίστων</span> 
     </span>
    </p>
   </div>
   <div class='ocr_carea' id='block_1_62' title="bbox 2128 3085 3782 3171">
    <p class='ocr_par' dir='ltr' id='par_1_62' title="bbox 2128 3085 3782 3171">
     <span class='ocr_line' id='line_1_62' title="bbox 2128 3085 3782 3171; baseline 0.006 -29"><span class='ocrx_word' id='word_1_469' title='bbox 2128 3085 2457 3164; x_wconf 86' lang='grc' dir='ltr'>βουλόμενοι</span> <span class='ocrx_word' id='word_1_470' title='bbox 2514 3090 2588 3154; x_wconf 80' lang='grc' dir='ltr'>εἷς</span> <span class='ocrx_word' id='word_1_471' title='bbox 2639 3091 2809 3169; x_wconf 73' lang='grc' dir='ltr'>ὀργὴν</span> <span class='ocrx_word' id='word_1_472' title='bbox 2866 3094 3089 3170; x_wconf 78' lang='grc' dir='ltr'>ἀγαγεῖν</span> <span class='ocrx_word' id='word_1_473' title='bbox 3145 3095 3239 3149; x_wconf 90' lang='grc' dir='ltr'><strong>τὸν</strong></span> <span class='ocrx_word' id='word_1_474' title='bbox 3299 3096 3521 3171; x_wconf 73' lang='grc' dir='ltr'>Νέρωνα</span> <span class='ocrx_word' id='word_1_475' title='bbox 3589 3095 3663 3158; x_wconf 79' lang='grc' dir='ltr'>εἰς</span> <span class='ocrx_word' id='word_1_476' title='bbox 3716 3095 3782 3151; x_wconf 87' lang='grc' dir='ltr'>τὸ</span> 
     </span>
    </p>
   </div>
   <div class='ocr_carea' id='block_1_63' title="bbox 2122 3176 3778 3260">
    <p class='ocr_par' dir='ltr' id='par_1_63' title="bbox 2122 3176 3778 3260">
     <span class='ocr_line' id='line_1_63' title="bbox 2122 3176 3778 3260; baseline 0.005 -30"><span class='ocrx_word' id='word_1_477' title='bbox 2122 3176 2334 3241; x_wconf 78' lang='grc' dir='ltr'>πάντως</span> <span class='ocrx_word' id='word_1_478' title='bbox 2395 3177 2554 3235; x_wconf 70' lang='grc' dir='ltr'>αὐτὸν</span> <span class='ocrx_word' id='word_1_479' title='bbox 2613 3180 2891 3260; x_wconf 62' lang='grc' dir='ltr'>φονεῦσαι,</span> <span class='ocrx_word' id='word_1_480' title='bbox 2977 3179 3279 3259; x_wconf 75' lang='grc' dir='ltr'><strong>ἐκήρυσσον</strong></span> <span class='ocrx_word' id='word_1_481' title='bbox 3354 3185 3445 3240; x_wconf 74' lang='grc' dir='ltr'>τὸν</span> <span class='ocrx_word' id='word_1_482' title='bbox 3524 3187 3778 3260; x_wconf 84' lang='grc' dir='ltr'>Χριστὸν,</span> 
     </span>
    </p>
   </div>
   <div class='ocr_carea' id='block_1_64' title="bbox 2117 3265 3782 3351">
    <p class='ocr_par' dir='ltr' id='par_1_64' title="bbox 2117 3265 3782 3351">
     <span class='ocr_line' id='line_1_64' title="bbox 2117 3265 3782 3351; baseline 0.007 -31"><span class='ocrx_word' id='word_1_483' title='bbox 2117 3265 2211 3322; x_wconf 82' lang='grc' dir='ltr'>ἳνα</span> <span class='ocrx_word' id='word_1_484' title='bbox 2268 3267 2502 3331; x_wconf 73' lang='grc' dir='ltr'>ἀκούσας</span> <span class='ocrx_word' id='word_1_485' title='bbox 2570 3273 2596 3325; x_wconf 89' lang='grc' dir='ltr'><strong>ὁ</strong></span> <span class='ocrx_word' id='word_1_486' title='bbox 2671 3271 2862 3347; x_wconf 82' lang='grc' dir='ltr'>Νέρων</span> <span class='ocrx_word' id='word_1_487' title='bbox 2938 3273 3000 3329; x_wconf 84' lang='grc' dir='ltr'>τὸ</span> <span class='ocrx_word' id='word_1_488' title='bbox 3074 3275 3332 3351; x_wconf 77' lang='grc' dir='ltr'>κήρυγμα</span> <span class='ocrx_word' id='word_1_489' title='bbox 3386 3276 3782 3349; x_wconf 77' lang='grc' dir='ltr'>κατασπαρθὲν,</span> 
     </span>
    </p>
   </div>
   <div class='ocr_carea' id='block_1_65' title="bbox 2120 3355 3800 3438">
    <p class='ocr_par' dir='ltr' id='par_1_65' title="bbox 2120 3355 3800 3438">
     <span class='ocr_line' id='line_1_65' title="bbox 2120 3355 3800 3438; baseline 0.007 -29"><span class='ocrx_word' id='word_1_490' title='bbox 2120 3355 2213 3410; x_wconf 85' lang='grc' dir='ltr'>τὸν</span> <span class='ocrx_word' id='word_1_491' title='bbox 2245 3358 2442 3412; x_wconf 79' lang='grc' dir='ltr'>τούτου</span> <span class='ocrx_word' id='word_1_492' title='bbox 2478 3359 2666 3414; x_wconf 85' lang='grc' dir='ltr'>α’ἰτιον</span> <span class='ocrx_word' id='word_1_493' title='bbox 2702 3360 2920 3417; x_wconf 79' lang='grc' dir='ltr'>Παῦλον</span> <span class='ocrx_word' id='word_1_494' title='bbox 2951 3360 3266 3438; x_wconf 78' lang='grc' dir='ltr'>ἀποκτείνῃ.</span> <span class='ocrx_word' id='word_1_495' title='bbox 3291 3365 3381 3436; x_wconf 84' lang='grc' dir='ltr'>Ἠ,</span> <span class='ocrx_word' id='word_1_496' title='bbox 3415 3362 3497 3421; x_wconf 78' lang='grc' dir='ltr'>ὅτι</span> <span class='ocrx_word' id='word_1_497' title='bbox 3539 3365 3697 3423; x_wconf 77' lang='grc' dir='ltr'>αὐτοὶ</span> <span class='ocrx_word' id='word_1_498' title='bbox 3719 3380 3800 3420; x_wconf 84' lang='grc' dir='ltr'>τι·</span> 
     </span>
    </p>
   </div>
   <div class='ocr_carea' id='block_1_66' title="bbox 362 3424 2013 3529">
    <p class='ocr_par' dir='ltr' id='par_1_66' title="bbox 362 3448 2013 3529">
     <span class='ocr_line' id='line_1_66' title="bbox 362 3448 2013 3529; baseline 0.002 -25"><span class='ocrx_word' id='word_1_499' title='bbox 362 3448 876 3521; x_wconf 69' lang='lat' dir='ltr'>praedicationem,</span> <span class='ocrx_word' id='word_1_500' title='bbox 903 3451 1084 3521; x_wconf 84' lang='lat' dir='ltr'>hujus</span> <span class='ocrx_word' id='word_1_501' title='bbox 1121 3457 1421 3506; x_wconf 85' lang='lat' dir='ltr'>auctorem</span> <span class='ocrx_word' id='word_1_502' title='bbox 1451 3450 1698 3507; x_wconf 88' lang='lat' dir='ltr'>Paulum</span> <span class='ocrx_word' id='word_1_503' title='bbox 1722 3452 2013 3529; x_wconf 79' lang='lat' dir='ltr'>interime</span> 
     </span>
    </p>
   </div>
   <div class='ocr_carea' id='block_1_67' title="bbox 2123 3424 3795 3529">
    <p class='ocr_par' dir='ltr' id='par_1_67' title="bbox 2144 3424 3795 3529">
     <span class='ocr_line' id='line_1_67' title="bbox 2144 3424 3795 3529; baseline 0.005 -30"><span class='ocrx_word' id='word_1_504' title='bbox 2144 3450 2347 3517; x_wconf 80' lang='grc' dir='ltr'>μᾶσθαι</span> <span class='ocrx_word' id='word_1_505' title='bbox 2422 3446 2754 3523; x_wconf 84' lang='grc' dir='ltr'>βουλόμενοι</span> <span class='ocrx_word' id='word_1_506' title='bbox 2814 3448 3056 3526; x_wconf 74' lang='grc' dir='ltr'>(μεγάλη</span> <span class='ocrx_word' id='word_1_507' title='bbox 3123 3424 3241 3527; x_wconf 39' lang='grc' dir='ltr'>γὰρ.</span> <span class='ocrx_word' id='word_1_508' title='bbox 3282 3424 3444 3522; x_wconf 40' lang='grc' dir='ltr'>ἧνσή</span> <span class='ocrx_word' id='word_1_509' title='bbox 3501 3454 3638 3529; x_wconf 69' lang='grc' dir='ltr'>τιμὴ</span> <span class='ocrx_word' id='word_1_510' title='bbox 3693 3458 3795 3511; x_wconf 76' lang='grc' dir='ltr'>τοῦ</span> 
     </span>
    </p>
   </div>
   <div class='ocr_carea' id='block_1_68' title="bbox 364 3528 2034 3615">
    <p class='ocr_par' dir='ltr' id='par_1_68' title="bbox 364 3528 2034 3615">
     <span class='ocr_line' id='line_1_68' title="bbox 364 3528 2034 3615; baseline 0.002 -21"><span class='ocrx_word' id='word_1_511' title='bbox 364 3543 476 3594; x_wconf 90' lang='lat' dir='ltr'>ret.</span> <span class='ocrx_word' id='word_1_512' title='bbox 494 3542 628 3609; x_wconf 91' lang='lat' dir='ltr'>Aut,</span> <span class='ocrx_word' id='word_1_513' title='bbox 649 3539 808 3611; x_wconf 89' lang='lat' dir='ltr'>quod</span> <span class='ocrx_word' id='word_1_514' title='bbox 835 3538 945 3610; x_wconf 89' lang='lat' dir='ltr'>ipsi</span> <span class='ocrx_word' id='word_1_515' title='bbox 972 3539 1030 3594; x_wconf 90' lang='lat' dir='ltr'>in</span> <span class='ocrx_word' id='word_1_516' title='bbox 1056 3541 1242 3611; x_wconf 86' lang='lat' dir='ltr'>pretio</span> <span class='ocrx_word' id='word_1_517' title='bbox 1270 3538 1474 3595; x_wconf 89' lang='lat' dir='ltr'>haberi</span> <span class='ocrx_word' id='word_1_518' title='bbox 1495 3528 2034 3615; x_wconf 37' lang='lat' dir='ltr'>vellentﬂmagnus</span> 
     </span>
    </p>
   </div>
   <div class='ocr_carea' id='block_1_69' title="bbox 371 3628 2031 3702">
    <p class='ocr_par' dir='ltr' id='par_1_69' title="bbox 371 3628 2031 3702">
     <span class='ocr_line' id='line_1_69' title="bbox 371 3628 2031 3702; baseline 0 -16"><span class='ocrx_word' id='word_1_519' title='bbox 371 3629 668 3702; x_wconf 87' lang='lat' dir='ltr'>siquidem</span> <span class='ocrx_word' id='word_1_520' title='bbox 700 3634 826 3685; x_wconf 90' lang='lat' dir='ltr'>erat</span> <span class='ocrx_word' id='word_1_521' title='bbox 853 3628 1019 3685; x_wconf 87' lang='lat' dir='ltr'>Pauli</span> <span class='ocrx_word' id='word_1_522' title='bbox 1052 3628 1287 3701; x_wconf 82' lang='lat' dir='ltr'>honor,)</span> <span class='ocrx_word' id='word_1_523' title='bbox 1328 3630 1507 3687; x_wconf 88' lang='lat' dir='ltr'>etiam</span> <span class='ocrx_word' id='word_1_524' title='bbox 1553 3646 1687 3688; x_wconf 88' lang='lat' dir='ltr'>cum</span> <span class='ocrx_word' id='word_1_525' title='bbox 1738 3630 2031 3689; x_wconf 80' lang='lat' dir='ltr'>increduli</span> 
     </span>
    </p>
   </div>
   <div class='ocr_carea' id='block_1_70' title="bbox 369 3714 2032 3790">
    <p class='ocr_par' dir='ltr' id='par_1_70' title="bbox 369 3714 2032 3790">
     <span class='ocr_line' id='line_1_70' title="bbox 369 3714 2032 3790; baseline 0.001 -16"><span class='ocrx_word' id='word_1_526' title='bbox 369 3724 588 3784; x_wconf 90' lang='lat' dir='ltr'>essent,</span> <span class='ocrx_word' id='word_1_527' title='bbox 624 3716 1034 3790; x_wconf 67' lang='lat' dir='ltr'>praedicabant</span> <span class='ocrx_word' id='word_1_528' title='bbox 1058 3714 1380 3773; x_wconf 83' lang='lat' dir='ltr'>Christum.</span> <span class='ocrx_word' id='word_1_529' title='bbox 1416 3742 1443 3769; x_wconf 88' lang='lat'>«</span> <span class='ocrx_word' id='word_1_530' title='bbox 1479 3716 1761 3774; x_wconf 73' lang='lat' dir='ltr'>Nonnulli</span> <span class='ocrx_word' id='word_1_531' title='bbox 1808 3734 1942 3775; x_wconf 88' lang='lat' dir='ltr'>vero</span> <span class='ocrx_word' id='word_1_532' title='bbox 1974 3725 2032 3775; x_wconf 88' lang='lat' dir='ltr'>et</span> 
     </span>
    </p>
   </div>
   <div class='ocr_carea' id='block_1_71' title="bbox 374 3806 2025 3881">
    <p class='ocr_par' dir='ltr' id='par_1_71' title="bbox 374 3806 2025 3881">
     <span class='ocr_line' id='line_1_71' title="bbox 374 3806 2025 3881; baseline 0 -18"><span class='ocrx_word' id='word_1_533' title='bbox 374 3813 618 3881; x_wconf 87' lang='lat' dir='ltr'>propter</span> <span class='ocrx_word' id='word_1_534' title='bbox 642 3807 862 3863; x_wconf 89' lang='lat' dir='ltr'>bonam</span> <span class='ocrx_word' id='word_1_535' title='bbox 896 3806 1282 3862; x_wconf 85' lang='lat' dir='ltr'>voluntatem.</span> <span class='ocrx_word' id='word_1_536' title='bbox 1310 3826 1336 3857; x_wconf 72' lang='grc' dir='ltr'>ι</span> <span class='ocrx_word' id='word_1_537' title='bbox 1377 3809 1626 3879; x_wconf 88' lang='lat' dir='ltr'>Propter</span> <span class='ocrx_word' id='word_1_538' title='bbox 1656 3807 1855 3871; x_wconf 84' lang='lat' dir='ltr'>ﬁdem,</span> <span class='ocrx_word' id='word_1_539' title='bbox 1890 3826 2025 3880; x_wconf 86' lang='lat' dir='ltr'>pro-</span> 
     </span>
    </p>
   </div>
   <div class='ocr_carea' id='block_1_72' title="bbox 359 3896 2026 3970">
    <p class='ocr_par' dir='ltr' id='par_1_72' title="bbox 359 3896 2026 3970">
     <span class='ocr_line' id='line_1_72' title="bbox 359 3896 2026 3970; baseline 0 -17"><span class='ocrx_word' id='word_1_540' title='bbox 359 3903 493 3970; x_wconf 88' lang='lat' dir='ltr'>pter</span> <span class='ocrx_word' id='word_1_541' title='bbox 511 3897 881 3964; x_wconf 85' lang='lat' dir='ltr'>charitatem,</span> <span class='ocrx_word' id='word_1_542' title='bbox 904 3903 1149 3968; x_wconf 84' lang='lat' dir='ltr'>prOpter</span> <span class='ocrx_word' id='word_1_543' title='bbox 1179 3896 1395 3951; x_wconf 88' lang='lat' dir='ltr'>bonam</span> <span class='ocrx_word' id='word_1_544' title='bbox 1428 3901 1692 3952; x_wconf 87' lang='lat' dir='ltr'>mentem</span> <span class='ocrx_word' id='word_1_545' title='bbox 1723 3913 1792 3952; x_wconf 87' lang='lat' dir='ltr'>ac</span> <span class='ocrx_word' id='word_1_546' title='bbox 1819 3914 2026 3954; x_wconf 86' lang='lat' dir='ltr'>sanam</span> 
     </span>
    </p>
   </div>
   <div class='ocr_carea' id='block_1_73' title="bbox 358 3984 2031 4056">
    <p class='ocr_par' dir='ltr' id='par_1_73' title="bbox 358 3984 2031 4056">
     <span class='ocr_line' id='line_1_73' title="bbox 358 3984 2031 4056; baseline -0.001 -13"><span class='ocrx_word' id='word_1_547' title='bbox 358 3989 783 4043; x_wconf 87' lang='lat' dir='ltr'>intentionem.</span> <span class='ocrx_word' id='word_1_548' title='bbox 817 4009 845 4037; x_wconf 88' lang='grc'><em>‹‹</em></span> <span class='ocrx_word' id='word_1_549' title='bbox 877 3986 993 4040; x_wconf 87' lang='lat' dir='ltr'>Alii</span> <span class='ocrx_word' id='word_1_550' title='bbox 1026 3984 1266 4056; x_wconf 88' lang='lat' dir='ltr'>quidem</span> <span class='ocrx_word' id='word_1_551' title='bbox 1295 4003 1364 4039; x_wconf 86' lang='lat' dir='ltr'>ex</span> <span class='ocrx_word' id='word_1_552' title='bbox 1400 3986 1800 4042; x_wconf 84' lang='lat' dir='ltr'>contentione.</span> <span class='ocrx_word' id='word_1_553' title='bbox 1839 4009 1867 4037; x_wconf 89' lang='grc'><strong>››</strong></span> <span class='ocrx_word' id='word_1_554' title='bbox 1898 3989 2031 4042; x_wconf 89' lang='lat' dir='ltr'>Per—</span> 
     </span>
    </p>
   </div>
   <div class='ocr_carea' id='block_1_74' title="bbox 360 4074 2025 4147">
    <p class='ocr_par' dir='ltr' id='par_1_74' title="bbox 360 4074 2025 4147">
     <span class='ocr_line' id='line_1_74' title="bbox 360 4074 2025 4147; baseline 0 -15"><span class='ocrx_word' id='word_1_555' title='bbox 360 4078 600 4145; x_wconf 87' lang='lat' dir='ltr'>tinacia,</span> <span class='ocrx_word' id='word_1_556' title='bbox 634 4075 876 4143; x_wconf 81' lang='lat' dir='ltr'>invidia,</span> <span class='ocrx_word' id='word_1_557' title='bbox 909 4077 1060 4131; x_wconf 88' lang='lat' dir='ltr'>rixa.</span> <span class='ocrx_word' id='word_1_558' title='bbox 1112 4099 1138 4126; x_wconf 78' lang='grc' dir='ltr'>(ι</span> <span class='ocrx_word' id='word_1_559' title='bbox 1172 4077 1296 4131; x_wconf 88' lang='lat' dir='ltr'>Non</span> <span class='ocrx_word' id='word_1_560' title='bbox 1330 4092 1498 4147; x_wconf 86' lang='lat' dir='ltr'>pure.</span> <span class='ocrx_word' id='word_1_561' title='bbox 1530 4095 1561 4127; x_wconf 66' lang='grc' dir='ltr'>»ι</span> <span class='ocrx_word' id='word_1_562' title='bbox 1595 4074 1714 4132; x_wconf 79' lang='lat' dir='ltr'>Hoc</span> <span class='ocrx_word' id='word_1_563' title='bbox 1764 4079 1874 4146; x_wconf 84' lang='lat' dir='ltr'>est,</span> <span class='ocrx_word' id='word_1_564' title='bbox 1905 4092 2025 4132; x_wconf 90' lang='lat' dir='ltr'>non</span> 
     </span>
    </p>
   </div>
   <div class='ocr_carea' id='block_1_75' title="bbox 365 4165 2027 4239">
    <p class='ocr_par' dir='ltr' id='par_1_75' title="bbox 365 4165 2027 4239">
     <span class='ocr_line' id='line_1_75' title="bbox 365 4165 2027 4239; baseline -0.002 -17"><span class='ocrx_word' id='word_1_565' title='bbox 365 4183 433 4222; x_wconf 86' lang='lat' dir='ltr'>ex</span> <span class='ocrx_word' id='word_1_566' title='bbox 465 4184 612 4239; x_wconf 91' lang='lat' dir='ltr'>puro</span> <span class='ocrx_word' id='word_1_567' title='bbox 640 4166 837 4234; x_wconf 90' lang='lat' dir='ltr'>corde,</span> <span class='ocrx_word' id='word_1_568' title='bbox 886 4166 1298 4221; x_wconf 86' lang='lat' dir='ltr'>existimantes</span> <span class='ocrx_word' id='word_1_569' title='bbox 1345 4180 1475 4221; x_wconf 88' lang='lat' dir='ltr'>sese</span> <span class='ocrx_word' id='word_1_570' title='bbox 1504 4165 1580 4221; x_wconf 92' lang='lat' dir='ltr'>ad</span> <span class='ocrx_word' id='word_1_571' title='bbox 1633 4166 1829 4237; x_wconf 83' lang='lat' dir='ltr'>majus</span> <span class='ocrx_word' id='word_1_572' title='bbox 1874 4167 2027 4236; x_wconf 91' lang='lat' dir='ltr'>peri-</span> 
     </span>
    </p>
   </div>
   <div class='ocr_carea' id='block_1_76' title="bbox 363 4253 2023 4325">
    <p class='ocr_par' dir='ltr' id='par_1_76' title="bbox 363 4253 2023 4325">
     <span class='ocr_line' id='line_1_76' title="bbox 363 4253 2023 4325; baseline -0.002 -14"><span class='ocrx_word' id='word_1_573' title='bbox 363 4256 563 4311; x_wconf 89' lang='lat' dir='ltr'>culum</span> <span class='ocrx_word' id='word_1_574' title='bbox 596 4260 655 4311; x_wconf 90' lang='lat' dir='ltr'>et</span> <span class='ocrx_word' id='word_1_575' title='bbox 700 4254 1089 4310; x_wconf 83' lang='lat' dir='ltr'>afﬂictionem</span> <span class='ocrx_word' id='word_1_576' title='bbox 1143 4270 1211 4308; x_wconf 84' lang='lat' dir='ltr'>ex</span> <span class='ocrx_word' id='word_1_577' title='bbox 1238 4255 1349 4308; x_wconf 93' lang='lat' dir='ltr'>hoc</span> <span class='ocrx_word' id='word_1_578' title='bbox 1398 4254 1596 4325; x_wconf 89' lang='lat' dir='ltr'>ipsum</span> <span class='ocrx_word' id='word_1_579' title='bbox 1642 4253 2023 4323; x_wconf 86' lang='lat' dir='ltr'>deducturos,</span> 
     </span>
    </p>
   </div>
   <div class='ocr_carea' id='block_1_77' title="bbox 352 4342 2024 4415">
    <p class='ocr_par' dir='ltr' id='par_1_77' title="bbox 352 4342 2024 4415">
     <span class='ocr_line' id='line_1_77' title="bbox 352 4342 2024 4415; baseline -0.001 -16"><span class='ocrx_word' id='word_1_580' title='bbox 352 4345 526 4415; x_wconf 86' lang='lat' dir='ltr'>juxta</span> <span class='ocrx_word' id='word_1_581' title='bbox 558 4360 627 4399; x_wconf 88' lang='lat' dir='ltr'>ea</span> <span class='ocrx_word' id='word_1_582' title='bbox 657 4360 789 4415; x_wconf 83' lang='lat' dir='ltr'>quae</span> <span class='ocrx_word' id='word_1_583' title='bbox 813 4343 1088 4414; x_wconf 85' lang='lat' dir='ltr'>superius</span> <span class='ocrx_word' id='word_1_584' title='bbox 1115 4343 1336 4414; x_wconf 87' lang='lat' dir='ltr'>scripta</span> <span class='ocrx_word' id='word_1_585' title='bbox 1358 4346 1515 4397; x_wconf 88' lang='lat' dir='ltr'>sunt.</span> <span class='ocrx_word' id='word_1_586' title='bbox 1549 4361 1569 4389; x_wconf 74' lang='grc' dir='ltr'>ι</span> <span class='ocrx_word' id='word_1_587' title='bbox 1605 4342 2024 4397; x_wconf 83' lang='lat' dir='ltr'>Existimantes</span> 
     </span>
    </p>
   </div>
   <div class='ocr_carea' id='block_1_78' title="bbox 359 4428 2019 4502">
    <p class='ocr_par' dir='ltr' id='par_1_78' title="bbox 359 4428 2019 4502">
     <span class='ocr_line' id='line_1_78' title="bbox 359 4428 2019 4502; baseline -0.001 -15"><span class='ocrx_word' id='word_1_588' title='bbox 359 4431 768 4488; x_wconf 85' lang='lat' dir='ltr'>afﬂictionem.</span> <span class='ocrx_word' id='word_1_589' title='bbox 791 4452 819 4480; x_wconf 82' lang='lat'>»</span> <span class='ocrx_word' id='word_1_590' title='bbox 839 4433 964 4486; x_wconf 85' lang='lat' dir='ltr'>Non</span> <span class='ocrx_word' id='word_1_591' title='bbox 999 4431 1159 4485; x_wconf 91' lang='lat' dir='ltr'>enim</span> <span class='ocrx_word' id='word_1_592' title='bbox 1179 4431 1259 4485; x_wconf 88' lang='lat' dir='ltr'>ita</span> <span class='ocrx_word' id='word_1_593' title='bbox 1291 4428 1621 4502; x_wconf 83' lang='lat' dir='ltr'>contigitut</span> <span class='ocrx_word' id='word_1_594' title='bbox 1644 4430 1986 4485; x_wconf 86' lang='lat' dir='ltr'>arbitraban</span> <span class='ocrx_word' id='word_1_595' title='bbox 2004 4463 2019 4471; x_wconf 91' lang='lat'><strong>-</strong></span> 
     </span>
    </p>
   </div>
   <div class='ocr_carea' id='block_1_79' title="bbox 360 4517 2023 4593">
    <p class='ocr_par' dir='ltr' id='par_1_79' title="bbox 360 4517 2023 4593">
     <span class='ocr_line' id='line_1_79' title="bbox 360 4517 2023 4593; baseline -0.001 -17"><span class='ocrx_word' id='word_1_596' title='bbox 360 4526 477 4589; x_wconf 89' lang='lat' dir='ltr'>tur,</span> <span class='ocrx_word' id='word_1_597' title='bbox 504 4521 601 4578; x_wconf 72' lang='lat'><strong>72</strong></span> <span class='ocrx_word' id='word_1_598' title='bbox 632 4536 770 4576; x_wconf 89' lang='lat' dir='ltr'>nam</span> <span class='ocrx_word' id='word_1_599' title='bbox 802 4519 874 4575; x_wconf 93' lang='lat' dir='ltr'>ob</span> <span class='ocrx_word' id='word_1_600' title='bbox 897 4521 1021 4574; x_wconf 80' lang='lat' dir='ltr'>haec</span> <span class='ocrx_word' id='word_1_601' title='bbox 1047 4536 1152 4591; x_wconf 88' lang='lat' dir='ltr'>ego</span> <span class='ocrx_word' id='word_1_602' title='bbox 1184 4519 1438 4591; x_wconf 83' lang='lat' dir='ltr'>amplius</span> <span class='ocrx_word' id='word_1_603' title='bbox 1468 4517 1819 4593; x_wconf 86' lang='lat' dir='ltr'>gaudebam.</span> <span class='ocrx_word' id='word_1_604' title='bbox 1855 4543 1875 4570; x_wconf 77' lang='grc' dir='ltr'>ι</span> <span class='ocrx_word' id='word_1_605' title='bbox 1906 4518 2023 4574; x_wconf 83' lang='lat' dir='ltr'>Alii</span> 
     </span>
    </p>
   </div>
   <div class='ocr_carea' id='block_1_80' title="bbox 361 4606 2019 4681">
    <p class='ocr_par' dir='ltr' id='par_1_80' title="bbox 361 4606 2019 4681">
     <span class='ocr_line' id='line_1_80' title="bbox 361 4606 2019 4681; baseline -0.002 -13"><span class='ocrx_word' id='word_1_606' title='bbox 361 4627 599 4668; x_wconf 88' lang='lat' dir='ltr'>rursum</span> <span class='ocrx_word' id='word_1_607' title='bbox 623 4626 693 4666; x_wconf 87' lang='lat' dir='ltr'>ex</span> <span class='ocrx_word' id='word_1_608' title='bbox 719 4610 1027 4666; x_wconf 89' lang='lat' dir='ltr'>charitate.</span> <span class='ocrx_word' id='word_1_609' title='bbox 1054 4632 1079 4658; x_wconf 77' lang='grc' dir='ltr'>υ</span> <span class='ocrx_word' id='word_1_610' title='bbox 1102 4608 1242 4679; x_wconf 82' lang='lat' dir='ltr'>Alii,</span> <span class='ocrx_word' id='word_1_611' title='bbox 1272 4606 1488 4680; x_wconf 86' lang='lat' dir='ltr'>inquit,</span> <span class='ocrx_word' id='word_1_612' title='bbox 1525 4625 1592 4665; x_wconf 85' lang='lat' dir='ltr'>ex</span> <span class='ocrx_word' id='word_1_613' title='bbox 1615 4624 1819 4665; x_wconf 89' lang='lat' dir='ltr'>amore</span> <span class='ocrx_word' id='word_1_614' title='bbox 1841 4624 2019 4681; x_wconf 89' lang='lat' dir='ltr'>quem</span> 
     </span>
    </p>
   </div>
   <div class='ocr_carea' id='block_1_81' title="bbox 364 4698 2018 4775">
    <p class='ocr_par' dir='ltr' id='par_1_81' title="bbox 364 4698 2018 4775">
     <span class='ocr_line' id='line_1_81' title="bbox 364 4698 2018 4775; baseline -0.002 -16"><span class='ocrx_word' id='word_1_615' title='bbox 364 4718 502 4775; x_wconf 87' lang='lat' dir='ltr'>erga</span> <span class='ocrx_word' id='word_1_616' title='bbox 530 4700 845 4757; x_wconf 89' lang='lat' dir='ltr'>Dominum</span> <span class='ocrx_word' id='word_1_617' title='bbox 908 4707 966 4755; x_wconf 90' lang='lat' dir='ltr'>et</span> <span class='ocrx_word' id='word_1_618' title='bbox 995 4715 1133 4773; x_wconf 86' lang='lat' dir='ltr'>erga</span> <span class='ocrx_word' id='word_1_619' title='bbox 1186 4714 1280 4754; x_wconf 92' lang='lat' dir='ltr'>me</span> <span class='ocrx_word' id='word_1_620' title='bbox 1328 4698 1629 4772; x_wconf 87' lang='lat' dir='ltr'>gerebant.</span> <span class='ocrx_word' id='word_1_621' title='bbox 1670 4721 1697 4751; x_wconf 86' lang='grc'>‹‹</span> <span class='ocrx_word' id='word_1_622' title='bbox 1757 4700 2018 4755; x_wconf 88' lang='lat' dir='ltr'>Scientes</span> 
     </span>
    </p>
   </div>
   <div class='ocr_carea' id='block_1_82' title="bbox 2141 3533 3797 3618">
    <p class='ocr_par' dir='ltr' id='par_1_82' title="bbox 2141 3533 3797 3618">
     <span class='ocr_line' id='line_1_82' title="bbox 2141 3533 3797 3618; baseline 0.003 -26"><span class='ocrx_word' id='word_1_623' title='bbox 2141 3533 2403 3609; x_wconf 81' lang='grc' dir='ltr'>Παύλου),</span> <span class='ocrx_word' id='word_1_624' title='bbox 2459 3538 2550 3594; x_wconf 84' lang='grc' dir='ltr'>καὶ</span> <span class='ocrx_word' id='word_1_625' title='bbox 2608 3559 2773 3595; x_wconf 82' lang='grc' dir='ltr'>ταυτα</span> <span class='ocrx_word' id='word_1_626' title='bbox 2832 3539 3055 3596; x_wconf 76' lang='grc' dir='ltr'>’ἄπιστοι</span> <span class='ocrx_word' id='word_1_627' title='bbox 3110 3536 3286 3612; x_wconf 78' lang='grc' dir='ltr'>ὄντες,</span> <span class='ocrx_word' id='word_1_628' title='bbox 3345 3541 3643 3618; x_wconf 75' lang='grc' dir='ltr'>ἐκήρυσσον</span> <span class='ocrx_word' id='word_1_629' title='bbox 3699 3544 3797 3600; x_wconf 79' lang='grc' dir='ltr'>τὸν</span> 
     </span>
    </p>
   </div>
   <div class='ocr_carea' id='block_1_83' title="bbox 2139 3623 3797 3701">
    <p class='ocr_par' dir='ltr' id='par_1_83' title="bbox 2139 3623 3797 3701">
     <span class='ocr_line' id='line_1_83' title="bbox 2139 3623 3797 3701; baseline 0.005 -21"><span class='ocrx_word' id='word_1_630' title='bbox 2139 3623 2394 3699; x_wconf 87' lang='grc' dir='ltr'>Χριστόν.</span> <span class='ocrx_word' id='word_1_631' title='bbox 2429 3651 2456 3678; x_wconf 76' lang='grc' dir='ltr'>ι(</span> <span class='ocrx_word' id='word_1_632' title='bbox 2491 3628 2648 3689; x_wconf 77' lang='grc' dir='ltr'>Τινὲς</span> <span class='ocrx_word' id='word_1_633' title='bbox 2681 3624 2855 3683; x_wconf 76' lang='grc' dir='ltr'>δὲκαὶ</span> <span class='ocrx_word' id='word_1_634' title='bbox 2900 3625 2989 3684; x_wconf 77' lang='grc' dir='ltr'>8ιά</span> <span class='ocrx_word' id='word_1_635' title='bbox 3045 3625 3317 3686; x_wconf 77' lang='grc' dir='ltr'>εὐδοκίαν.</span> <span class='ocrx_word' id='word_1_636' title='bbox 3355 3654 3381 3681; x_wconf 84' lang='grc'><strong>››</strong></span> <span class='ocrx_word' id='word_1_637' title='bbox 3446 3631 3543 3686; x_wconf 85' lang='grc' dir='ltr'>Διὰ</span> <span class='ocrx_word' id='word_1_638' title='bbox 3594 3631 3797 3701; x_wconf 85' lang='grc' dir='ltr'>πίστιν,</span> 
     </span>
    </p>
   </div>
   <div class='ocr_carea' id='block_1_84' title="bbox 2138 3708 3798 3795">
    <p class='ocr_par' dir='ltr' id='par_1_84' title="bbox 2138 3708 3798 3795">
     <span class='ocr_line' id='line_1_84' title="bbox 2138 3708 3798 3795; baseline 0.005 -29"><span class='ocrx_word' id='word_1_639' title='bbox 2138 3708 2209 3767; x_wconf 82' lang='grc' dir='ltr'>δι’</span> <span class='ocrx_word' id='word_1_640' title='bbox 2239 3712 2478 3788; x_wconf 76' lang='grc' dir='ltr'>ἀγάπην,</span> <span class='ocrx_word' id='word_1_641' title='bbox 2514 3712 2605 3770; x_wconf 73' lang='grc' dir='ltr'>διὰ</span> <span class='ocrx_word' id='word_1_642' title='bbox 2635 3716 2869 3791; x_wconf 81' lang='grc' dir='ltr'>γνώμην</span> <span class='ocrx_word' id='word_1_643' title='bbox 2909 3716 3000 3771; x_wconf 85' lang='grc' dir='ltr'>καὶ</span> <span class='ocrx_word' id='word_1_644' title='bbox 3035 3717 3244 3794; x_wconf 71' lang='grc' dir='ltr'>βουλὴν</span> <span class='ocrx_word' id='word_1_645' title='bbox 3288 3718 3514 3795; x_wconf 73' lang='grc' dir='ltr'>ἀγαθήν.</span> <span class='ocrx_word' id='word_1_646' title='bbox 3544 3743 3571 3770; x_wconf 77' lang='grc' dir='ltr'>(ι</span> <span class='ocrx_word' id='word_1_647' title='bbox 3604 3720 3673 3777; x_wconf 75' lang='grc' dir='ltr'>Οἱ</span> <span class='ocrx_word' id='word_1_648' title='bbox 3698 3720 3798 3793; x_wconf 77' lang='grc' dir='ltr'>μὶν</span> 
     </span>
    </p>
   </div>
   <div class='ocr_carea' id='block_1_85' title="bbox 2136 3799 3797 3891">
    <p class='ocr_par' dir='ltr' id='par_1_85' title="bbox 2136 3799 3797 3891">
     <span class='ocr_line' id='line_1_85' title="bbox 2136 3799 3797 3891; baseline 0.006 -36"><span class='ocrx_word' id='word_1_649' title='bbox 2136 3799 2185 3874; x_wconf 78' lang='grc' dir='ltr'>ἐξ</span> <span class='ocrx_word' id='word_1_650' title='bbox 2219 3800 2477 3875; x_wconf 70' lang='grc' dir='ltr'>ἐριθείας,</span> <span class='ocrx_word' id='word_1_651' title='bbox 2516 3803 2577 3859; x_wconf 84' lang='grc' dir='ltr'>ἐκ</span> <span class='ocrx_word' id='word_1_652' title='bbox 2635 3804 2975 3883; x_wconf 75' lang='grc' dir='ltr'>φιλονεικίας</span> <span class='ocrx_word' id='word_1_653' title='bbox 3031 3805 3120 3861; x_wconf 80' lang='grc' dir='ltr'>καὶ</span> <span class='ocrx_word' id='word_1_654' title='bbox 3184 3806 3388 3891; x_wconf 71' lang='grc' dir='ltr'>φθόνου</span> <span class='ocrx_word' id='word_1_655' title='bbox 3446 3807 3537 3863; x_wconf 74' lang='grc' dir='ltr'>καὶ</span> <span class='ocrx_word' id='word_1_656' title='bbox 3595 3806 3797 3887; x_wconf 81' lang='grc' dir='ltr'>ἔριδος.</span> 
     </span>
    </p>
   </div>
   <div class='ocr_carea' id='block_1_86' title="bbox 2138 3892 3800 3975">
    <p class='ocr_par' dir='ltr' id='par_1_86' title="bbox 2138 3892 3800 3975">
     <span class='ocr_line' id='line_1_86' title="bbox 2138 3892 3800 3975; baseline 0.005 -30"><span class='ocrx_word' id='word_1_657' title='bbox 2138 3911 2166 3945; x_wconf 73' lang='grc' dir='ltr'>α</span> <span class='ocrx_word' id='word_1_658' title='bbox 2208 3892 2334 3971; x_wconf 86' lang='grc' dir='ltr'>Ούχ</span> <span class='ocrx_word' id='word_1_659' title='bbox 2381 3894 2585 3967; x_wconf 81' lang='grc' dir='ltr'>ἁγνῶς.</span> <span class='ocrx_word' id='word_1_660' title='bbox 2651 3917 2681 3946; x_wconf 87' lang='grc'><strong>››</strong></span> <span class='ocrx_word' id='word_1_661' title='bbox 2716 3895 3034 3967; x_wconf 74' lang='grc' dir='ltr'><strong>Τουτὲστιν,</strong></span> <span class='ocrx_word' id='word_1_662' title='bbox 3087 3895 3190 3952; x_wconf 81' lang='grc' dir='ltr'>οὐκ</span> <span class='ocrx_word' id='word_1_663' title='bbox 3248 3896 3353 3952; x_wconf 85' lang='grc' dir='ltr'>ἀπὸ</span> <span class='ocrx_word' id='word_1_664' title='bbox 3400 3903 3635 3975; x_wconf 80' lang='grc' dir='ltr'>καθαρᾶς</span> <span class='ocrx_word' id='word_1_665' title='bbox 3664 3918 3800 3974; x_wconf 83' lang='grc' dir='ltr'>καρ-</span> 
     </span>
    </p>
   </div>
   <div class='ocr_carea' id='block_1_87' title="bbox 2134 3977 3795 4061">
    <p class='ocr_par' dir='ltr' id='par_1_87' title="bbox 2134 3977 3795 4061">
     <span class='ocr_line' id='line_1_87' title="bbox 2134 3977 3795 4061; baseline 0.005 -26"><span class='ocrx_word' id='word_1_666' title='bbox 2134 3977 2271 4053; x_wconf 82' lang='grc' dir='ltr'>δίας,</span> <span class='ocrx_word' id='word_1_667' title='bbox 2355 3983 2665 4055; x_wconf 81' lang='grc' dir='ltr'>νομίζοντες</span> <span class='ocrx_word' id='word_1_668' title='bbox 2731 3983 2791 4039; x_wconf 79' lang='grc' dir='ltr'>ἐκ</span> <span class='ocrx_word' id='word_1_669' title='bbox 2837 3983 3033 4040; x_wconf 84' lang='grc' dir='ltr'><strong>τούτου</strong></span> <span class='ocrx_word' id='word_1_670' title='bbox 3094 3984 3173 4049; x_wconf 80' lang='grc' dir='ltr'>εἷς</span> <span class='ocrx_word' id='word_1_671' title='bbox 3258 3987 3478 4061; x_wconf 84' lang='grc' dir='ltr'>μείζονα</span> <span class='ocrx_word' id='word_1_672' title='bbox 3547 3985 3795 4044; x_wconf 86' lang='grc' dir='ltr'>κίνδυνον</span> 
     </span>
    </p>
   </div>
   <div class='ocr_carea' id='block_1_88' title="bbox 2130 4069 3795 4155">
    <p class='ocr_par' dir='ltr' id='par_1_88' title="bbox 2130 4069 3795 4155">
     <span class='ocr_line' id='line_1_88' title="bbox 2130 4069 3795 4155; baseline 0.005 -31"><span class='ocrx_word' id='word_1_673' title='bbox 2130 4069 2223 4124; x_wconf 83' lang='grc' dir='ltr'>καὶ</span> <span class='ocrx_word' id='word_1_674' title='bbox 2282 4069 2469 4147; x_wconf 80' lang='grc' dir='ltr'>θλίψιν</span> <span class='ocrx_word' id='word_1_675' title='bbox 2528 4078 2810 4145; x_wconf 82' lang='grc' dir='ltr'>καθιστᾷν,</span> <span class='ocrx_word' id='word_1_676' title='bbox 2892 4073 3032 4129; x_wconf 87' lang='grc' dir='ltr'>κατά</span> <span class='ocrx_word' id='word_1_677' title='bbox 3084 4074 3153 4130; x_wconf 80' lang='grc' dir='ltr'>τὰ</span> <span class='ocrx_word' id='word_1_678' title='bbox 3233 4074 3345 4130; x_wconf 79' lang='grc' dir='ltr'>ἄνω</span> <span class='ocrx_word' id='word_1_679' title='bbox 3402 4097 3795 4155; x_wconf 77' lang='grc' dir='ltr'>παραγεγραμο</span> 
     </span>
    </p>
   </div>
   <div class='ocr_carea' id='block_1_89' title="bbox 2135 4158 3796 4240">
    <p class='ocr_par' dir='ltr' id='par_1_89' title="bbox 2135 4158 3796 4240">
     <span class='ocr_line' id='line_1_89' title="bbox 2135 4158 3796 4240; baseline 0.006 -28"><span class='ocrx_word' id='word_1_680' title='bbox 2135 4158 2333 4231; x_wconf 52' lang='lat' dir='ltr'>niveum</span> <span class='ocrx_word' id='word_1_681' title='bbox 2356 4159 2620 4232; x_wconf 70' lang='grc' dir='ltr'>Οἳόμενοι</span> <span class='ocrx_word' id='word_1_682' title='bbox 2650 4160 2854 4236; x_wconf 79' lang='grc' dir='ltr'>θλίψιν.</span> <span class='ocrx_word' id='word_1_683' title='bbox 2892 4184 2919 4214; x_wconf 84' lang='grc'>››</span> <span class='ocrx_word' id='word_1_684' title='bbox 2951 4163 3028 4220; x_wconf 85' lang='grc' dir='ltr'>Ού</span> <span class='ocrx_word' id='word_1_685' title='bbox 3059 4163 3159 4240; x_wconf 80' lang='grc' dir='ltr'>γάρ</span> <span class='ocrx_word' id='word_1_686' title='bbox 3192 4162 3364 4228; x_wconf 72' lang='grc' dir='ltr'>οὕτως</span> <span class='ocrx_word' id='word_1_687' title='bbox 3396 4161 3685 4222; x_wconf 67' lang='grc' dir='ltr'>ἀπέϐαινεν</span> <span class='ocrx_word' id='word_1_688' title='bbox 3719 4167 3796 4229; x_wconf 84' lang='grc' dir='ltr'>ὡς</span> 
     </span>
    </p>
   </div>
   <div class='ocr_carea' id='block_1_90' title="bbox 2131 4246 3807 4331">
    <p class='ocr_par' dir='ltr' id='par_1_90' title="bbox 2131 4246 3807 4331">
     <span class='ocr_line' id='line_1_90' title="bbox 2131 4246 3807 4331; baseline 0.005 -29"><span class='ocrx_word' id='word_1_689' title='bbox 2131 4246 2401 4321; x_wconf 69' lang='grc' dir='ltr'>ἐνόμιζον.</span> <span class='ocrx_word' id='word_1_690' title='bbox 2433 4248 2574 4324; x_wconf 70' lang='grc' dir='ltr'>Ἐγὼ</span> <span class='ocrx_word' id='word_1_691' title='bbox 2606 4249 2709 4325; x_wconf 78' lang='grc' dir='ltr'>γὰρ</span> <span class='ocrx_word' id='word_1_692' title='bbox 2747 4249 2916 4306; x_wconf 74' lang='grc' dir='ltr'>πλέον</span> <span class='ocrx_word' id='word_1_693' title='bbox 2981 4250 3066 4307; x_wconf 75' lang='grc' dir='ltr'>ἐπὶ</span> <span class='ocrx_word' id='word_1_694' title='bbox 3128 4253 3347 4316; x_wconf 76' lang='grc' dir='ltr'>τούτοις</span> <span class='ocrx_word' id='word_1_695' title='bbox 3388 4252 3633 4331; x_wconf 82' lang='grc' dir='ltr'>ἔχαιρον.</span> <span class='ocrx_word' id='word_1_696' title='bbox 3669 4280 3697 4308; x_wconf 75' lang='grc' dir='ltr'>(ε</span> <span class='ocrx_word' id='word_1_697' title='bbox 3726 4254 3807 4314; x_wconf 73' lang='grc' dir='ltr'><strong>Οἳ</strong></span> 
     </span>
    </p>
   </div>
   <div class='ocr_carea' id='block_1_91' title="bbox 2129 4332 3800 4419">
    <p class='ocr_par' dir='ltr' id='par_1_91' title="bbox 2129 4332 3800 4419">
     <span class='ocr_line' id='line_1_91' title="bbox 2129 4332 3800 4419; baseline 0.007 -30"><span class='ocrx_word' id='word_1_698' title='bbox 2129 4332 2187 4390; x_wconf 65' lang='grc' dir='ltr'>δὲ</span> <span class='ocrx_word' id='word_1_699' title='bbox 2220 4335 2271 4407; x_wconf 78' lang='grc' dir='ltr'><strong>ἐξ</strong></span> <span class='ocrx_word' id='word_1_700' title='bbox 2310 4336 2548 4411; x_wconf 76' lang='grc' dir='ltr'>ἀγάπης.</span> <span class='ocrx_word' id='word_1_701' title='bbox 2581 4361 2609 4390; x_wconf 70' lang='grc' dir='ltr'><strong>ι)</strong></span> <span class='ocrx_word' id='word_1_702' title='bbox 2643 4340 2711 4397; x_wconf 78' lang='lat' dir='ltr'>Ol</span> <span class='ocrx_word' id='word_1_703' title='bbox 2779 4337 2860 4411; x_wconf 77' lang='grc' dir='ltr'>δὲ,</span> <span class='ocrx_word' id='word_1_704' title='bbox 2918 4342 3105 4415; x_wconf 77' lang='grc' dir='ltr'>φησὶν,</span> <span class='ocrx_word' id='word_1_705' title='bbox 3141 4341 3248 4398; x_wconf 75' lang='grc' dir='ltr'>ἀπὸ</span> <span class='ocrx_word' id='word_1_706' title='bbox 3305 4341 3525 4419; x_wconf 76' lang='grc' dir='ltr'>ἀγάπης</span> <span class='ocrx_word' id='word_1_707' title='bbox 3551 4350 3653 4414; x_wconf 82' lang='grc' dir='ltr'>τῆς</span> <span class='ocrx_word' id='word_1_708' title='bbox 3712 4345 3800 4410; x_wconf 79' lang='grc' dir='ltr'>εἰς</span> 
     </span>
    </p>
   </div>
   <div class='ocr_carea' id='block_1_92' title="bbox 2128 4425 3797 4513">
    <p class='ocr_par' dir='ltr' id='par_1_92' title="bbox 2128 4425 3797 4513">
     <span class='ocr_line' id='line_1_92' title="bbox 2128 4425 3797 4513; baseline 0.006 -33"><span class='ocrx_word' id='word_1_709' title='bbox 2128 4425 2222 4480; x_wconf 86' lang='grc' dir='ltr'>τὸν</span> <span class='ocrx_word' id='word_1_710' title='bbox 2255 4426 2450 4501; x_wconf 80' lang='grc' dir='ltr'>Κύριον</span> <span class='ocrx_word' id='word_1_711' title='bbox 2480 4429 2571 4484; x_wconf 82' lang='grc' dir='ltr'>καὶ</span> <span class='ocrx_word' id='word_1_712' title='bbox 2605 4429 2681 4492; x_wconf 76' lang='grc' dir='ltr'>εἷς</span> <span class='ocrx_word' id='word_1_713' title='bbox 2712 4427 2830 4503; x_wconf 79' lang='grc' dir='ltr'>ἐμέ.</span> <span class='ocrx_word' id='word_1_714' title='bbox 2864 4456 2891 4484; x_wconf 84' lang='grc'>‹‹</span> <span class='ocrx_word' id='word_1_715' title='bbox 2937 4427 3180 4500; x_wconf 77' lang='grc' dir='ltr'>Είδότες,</span> <span class='ocrx_word' id='word_1_716' title='bbox 3215 4433 3404 4513; x_wconf 69' lang='grc' dir='ltr'>φησὶν,</span> <span class='ocrx_word' id='word_1_717' title='bbox 3439 4433 3523 4489; x_wconf 78' lang='grc' dir='ltr'>ὅτι</span> <span class='ocrx_word' id='word_1_718' title='bbox 3554 4435 3630 4497; x_wconf 85' lang='grc' dir='ltr'>εἰς</span> <span class='ocrx_word' id='word_1_719' title='bbox 3659 4435 3797 4490; x_wconf 87' lang='grc' dir='ltr'>ἀπο-</span> 
     </span>
    </p>
   </div>
   <div class='ocr_carea' id='block_1_93' title="bbox 2129 4512 3799 4598">
    <p class='ocr_par' dir='ltr' id='par_1_93' title="bbox 2129 4512 3799 4598">
     <span class='ocr_line' id='line_1_93' title="bbox 2129 4512 3799 4598; baseline 0.004 -29"><span class='ocrx_word' id='word_1_720' title='bbox 2129 4512 2338 4590; x_wconf 78' lang='grc' dir='ltr'>λογίαν</span> <span class='ocrx_word' id='word_1_721' title='bbox 2386 4521 2485 4571; x_wconf 80' lang='grc' dir='ltr'>τοῦ</span> <span class='ocrx_word' id='word_1_722' title='bbox 2536 4515 2876 4593; x_wconf 86' lang='grc' dir='ltr'>Εύαγγελίου</span> <span class='ocrx_word' id='word_1_723' title='bbox 2958 4522 3169 4593; x_wconf 83' lang='grc' dir='ltr'>κεῖμαι.</span> <span class='ocrx_word' id='word_1_724' title='bbox 3212 4543 3242 4571; x_wconf 84' lang='grc'><strong>››</strong></span> <span class='ocrx_word' id='word_1_725' title='bbox 3330 4525 3527 4591; x_wconf 83' lang='grc' dir='ltr'>Ἵσασι,</span> <span class='ocrx_word' id='word_1_726' title='bbox 3608 4524 3799 4598; x_wconf 76' lang='grc' dir='ltr'>φησὶν,</span> 
     </span>
    </p>
   </div>
   <div class='ocr_carea' id='block_1_94' title="bbox 2127 4603 3799 4688">
    <p class='ocr_par' dir='ltr' id='par_1_94' title="bbox 2127 4603 3799 4688">
     <span class='ocr_line' id='line_1_94' title="bbox 2127 4603 3799 4688; baseline 0.004 -30"><span class='ocrx_word' id='word_1_727' title='bbox 2127 4605 2209 4659; x_wconf 83' lang='grc' dir='ltr'>ὅτι</span> <span class='ocrx_word' id='word_1_728' title='bbox 2264 4603 2522 4677; x_wconf 66' lang='grc' dir='ltr'>ἐνετείλθη</span> <span class='ocrx_word' id='word_1_729' title='bbox 2580 4606 2728 4684; x_wconf 80' lang='grc' dir='ltr'>παρὰ</span> <span class='ocrx_word' id='word_1_730' title='bbox 2785 4611 2943 4675; x_wconf 77' lang='grc' dir='ltr'>Θεοῦ,</span> <span class='ocrx_word' id='word_1_731' title='bbox 3000 4607 3232 4682; x_wconf 79' lang='grc' dir='ltr'>κηρῦξαι</span> <span class='ocrx_word' id='word_1_732' title='bbox 3298 4610 3361 4665; x_wconf 84' lang='grc' dir='ltr'>τὸ</span> <span class='ocrx_word' id='word_1_733' title='bbox 3429 4609 3799 4688; x_wconf 79' lang='grc' dir='ltr'>Εὐαγγέλιον,</span> 
     </span>
    </p>
   </div>
   <div class='ocr_carea' id='block_1_95' title="bbox 2122 4691 3800 4777">
    <p class='ocr_par' dir='ltr' id='par_1_95' title="bbox 2122 4691 3800 4777">
     <span class='ocr_line' id='line_1_95' title="bbox 2122 4691 3800 4777; baseline 0.005 -30"><span class='ocrx_word' id='word_1_734' title='bbox 2122 4693 2213 4748; x_wconf 78' lang='grc' dir='ltr'>καὶ</span> <span class='ocrx_word' id='word_1_735' title='bbox 2279 4691 2364 4749; x_wconf 76' lang='grc' dir='ltr'>ὅτι</span> <span class='ocrx_word' id='word_1_736' title='bbox 2430 4693 2648 4759; x_wconf 68' lang='grc' dir='ltr'>εὐθύνας</span> <span class='ocrx_word' id='word_1_737' title='bbox 2707 4696 2838 4771; x_wconf 72' lang='grc' dir='ltr'>ὑπὲρ</span> <span class='ocrx_word' id='word_1_738' title='bbox 2903 4694 3115 4752; x_wconf 87' lang='grc' dir='ltr'><strong>τούτου</strong></span> <span class='ocrx_word' id='word_1_739' title='bbox 3202 4694 3387 4753; x_wconf 82' lang='grc' dir='ltr'>δώσω·</span> <span class='ocrx_word' id='word_1_740' title='bbox 3457 4697 3800 4777; x_wconf 74' lang='grc' dir='ltr'>ἐπικουφίζει</span> 
     </span>
    </p>
   </div>
   <div class='ocr_carea' id='block_1_96' title="bbox 364 4776 2013 4866">
    <p class='ocr_par' dir='ltr' id='par_1_96' title="bbox 364 4782 2013 4866">
     <span class='ocr_line' id='line_1_96' title="bbox 364 4782 2013 4866; baseline -0.001 -18"><span class='ocrx_word' id='word_1_741' title='bbox 364 4792 489 4866; x_wconf 92' lang='lat' dir='ltr'>(ait)</span> <span class='ocrx_word' id='word_1_742' title='bbox 519 4793 677 4864; x_wconf 91' lang='lat' dir='ltr'>quod</span> <span class='ocrx_word' id='word_1_743' title='bbox 726 4792 787 4846; x_wconf 92' lang='lat' dir='ltr'>in</span> <span class='ocrx_word' id='word_1_744' title='bbox 845 4790 1257 4847; x_wconf 85' lang='lat' dir='ltr'>defensionem</span> <span class='ocrx_word' id='word_1_745' title='bbox 1312 4782 1611 4862; x_wconf 81' lang='lat' dir='ltr'>Evangelii</span> <span class='ocrx_word' id='word_1_746' title='bbox 1664 4792 2013 4847; x_wconf 80' lang='lat' dir='ltr'>constitutus</span> 
     </span>
    </p>
   </div>
   <div class='ocr_carea' id='block_1_97' title="bbox 2123 4776 3802 4866">
    <p class='ocr_par' dir='ltr' id='par_1_97' title="bbox 2135 4776 3802 4860">
     <span class='ocr_line' id='line_1_97' title="bbox 2135 4776 3802 4860; baseline 0.004 -24"><span class='ocrx_word' id='word_1_747' title='bbox 2135 4777 2193 4836; x_wconf 72' lang='grc' dir='ltr'><strong>δέ</strong></span> <span class='ocrx_word' id='word_1_748' title='bbox 2225 4802 2341 4855; x_wconf 85' lang='grc' dir='ltr'>μοι,</span> <span class='ocrx_word' id='word_1_749' title='bbox 2373 4785 2531 4860; x_wconf 73' lang='grc' dir='ltr'>φησί,</span> <span class='ocrx_word' id='word_1_750' title='bbox 2563 4784 2661 4846; x_wconf 84' lang='grc' dir='ltr'>τὰς</span> <span class='ocrx_word' id='word_1_751' title='bbox 2703 4782 2829 4859; x_wconf 78' lang='grc' dir='ltr'>περὶ</span> <span class='ocrx_word' id='word_1_752' title='bbox 2865 4783 3066 4840; x_wconf 84' lang='grc' dir='ltr'><strong>τούτου</strong></span> <span class='ocrx_word' id='word_1_753' title='bbox 3130 4784 3374 4856; x_wconf 80' lang='grc' dir='ltr'>εὐθύνας,</span> <span class='ocrx_word' id='word_1_754' title='bbox 3425 4788 3489 4843; x_wconf 86' lang='grc' dir='ltr'>τὸ</span> <span class='ocrx_word' id='word_1_755' title='bbox 3548 4776 3802 4852; x_wconf 57' lang='grc' dir='ltr'>πολλοὺς</span> 
     </span>
    </p>
   </div>
   <div class='ocr_carea' id='block_1_98' title="bbox 361 4879 2021 4953">
    <p class='ocr_par' dir='ltr' id='par_1_98' title="bbox 361 4879 2021 4953">
     <span class='ocr_line' id='line_1_98' title="bbox 361 4879 2021 4953; baseline -0.001 -16"><span class='ocrx_word' id='word_1_756' title='bbox 361 4883 494 4937; x_wconf 90' lang='lat' dir='ltr'>sim.</span> <span class='ocrx_word' id='word_1_757' title='bbox 531 4905 558 4931; x_wconf 87' lang='grc'><strong>››</strong></span> <span class='ocrx_word' id='word_1_758' title='bbox 590 4883 797 4937; x_wconf 90' lang='lat' dir='ltr'>Sciunt</span> <span class='ocrx_word' id='word_1_759' title='bbox 819 4879 975 4951; x_wconf 87' lang='lat' dir='ltr'>quod</span> <span class='ocrx_word' id='word_1_760' title='bbox 998 4887 1361 4952; x_wconf 65' lang='lat' dir='ltr'>prteceptuin</span> <span class='ocrx_word' id='word_1_761' title='bbox 1386 4897 1420 4934; x_wconf 93' lang='lat' dir='ltr'>a</span> <span class='ocrx_word' id='word_1_762' title='bbox 1448 4881 1566 4935; x_wconf 92' lang='lat' dir='ltr'>Deo</span> <span class='ocrx_word' id='word_1_763' title='bbox 1592 4881 1923 4953; x_wconf 87' lang='lat' dir='ltr'>acceperim</span> <span class='ocrx_word' id='word_1_764' title='bbox 1958 4886 2021 4936; x_wconf 90' lang='lat' dir='ltr'>ut</span> 
     </span>
    </p>
   </div>
   <div class='ocr_carea' id='block_1_99' title="bbox 358 4965 2019 5039">
    <p class='ocr_par' dir='ltr' id='par_1_99' title="bbox 358 4965 2019 5039">
     <span class='ocr_line' id='line_1_99' title="bbox 358 4965 2019 5039; baseline 0 -17"><span class='ocrx_word' id='word_1_765' title='bbox 358 4967 740 5039; x_wconf 82' lang='lat' dir='ltr'>Evangelium</span> <span class='ocrx_word' id='word_1_766' title='bbox 766 4965 1172 5038; x_wconf 65' lang='lat' dir='ltr'>prmdicarem,</span> <span class='ocrx_word' id='word_1_767' title='bbox 1195 4965 1472 5036; x_wconf 85' lang='lat' dir='ltr'>quodque</span> <span class='ocrx_word' id='word_1_768' title='bbox 1493 4966 1785 5021; x_wconf 89' lang='lat' dir='ltr'>rationem</span> <span class='ocrx_word' id='word_1_769' title='bbox 1808 4967 1891 5021; x_wconf 88' lang='lat' dir='ltr'>illi</span> <span class='ocrx_word' id='word_1_770' title='bbox 1917 4966 2019 5023; x_wconf 87' lang='lat' dir='ltr'>da-</span> 
     </span>
    </p>
   </div>
   <div class='ocr_carea' id='block_1_100' title="bbox 362 5055 2018 5128">
    <p class='ocr_par' dir='ltr' id='par_1_100' title="bbox 362 5055 2018 5128">
     <span class='ocr_line' id='line_1_100' title="bbox 362 5055 2018 5128; baseline 0.001 -16"><span class='ocrx_word' id='word_1_771' title='bbox 362 5064 532 5113; x_wconf 90' lang='lat' dir='ltr'>turus</span> <span class='ocrx_word' id='word_1_772' title='bbox 564 5057 715 5112; x_wconf 90' lang='lat' dir='ltr'>sim:</span> <span class='ocrx_word' id='word_1_773' title='bbox 751 5057 935 5111; x_wconf 84' lang='lat' dir='ltr'>levior</span> <span class='ocrx_word' id='word_1_774' title='bbox 963 5063 1161 5112; x_wconf 87' lang='lat' dir='ltr'>autem</span> <span class='ocrx_word' id='word_1_775' title='bbox 1195 5055 1462 5111; x_wconf 89' lang='lat' dir='ltr'>redditur</span> <span class='ocrx_word' id='word_1_776' title='bbox 1494 5056 1637 5111; x_wconf 90' lang='lat' dir='ltr'>mihi</span> <span class='ocrx_word' id='word_1_777' title='bbox 1683 5057 1805 5112; x_wconf 64' lang='lat' dir='ltr'>haec</span> <span class='ocrx_word' id='word_1_778' title='bbox 1848 5058 2018 5128; x_wconf 88' lang='lat' dir='ltr'>ratio,</span> 
     </span>
    </p>
   </div>
   <div class='ocr_carea' id='block_1_101' title="bbox 367 5144 2020 5216">
    <p class='ocr_par' dir='ltr' id='par_1_101' title="bbox 367 5144 2020 5216">
     <span class='ocr_line' id='line_1_101' title="bbox 367 5144 2020 5216; baseline 0.001 -16"><span class='ocrx_word' id='word_1_779' title='bbox 367 5146 415 5200; x_wconf 88' lang='lat' dir='ltr'>si</span> <span class='ocrx_word' id='word_1_780' title='bbox 448 5145 619 5199; x_wconf 92' lang='lat' dir='ltr'>multi</span> <span class='ocrx_word' id='word_1_781' title='bbox 650 5144 1021 5200; x_wconf 86' lang='lat' dir='ltr'>instruantur</span> <span class='ocrx_word' id='word_1_782' title='bbox 1066 5152 1121 5200; x_wconf 89' lang='lat' dir='ltr'>et</span> <span class='ocrx_word' id='word_1_783' title='bbox 1161 5144 1455 5199; x_wconf 85' lang='lat' dir='ltr'>discurrat</span> <span class='ocrx_word' id='word_1_784' title='bbox 1501 5145 1866 5216; x_wconf 59' lang='lat' dir='ltr'>praediéatio.</span> <span class='ocrx_word' id='word_1_785' title='bbox 1902 5148 2020 5202; x_wconf 84' lang='lat' dir='ltr'>Hoc</span> 
     </span>
    </p>
   </div>
   <div class='ocr_carea' id='block_1_102' title="bbox 364 5232 2021 5307">
    <p class='ocr_par' dir='ltr' id='par_1_102' title="bbox 364 5232 2021 5307">
     <span class='ocr_line' id='line_1_102' title="bbox 364 5232 2021 5307; baseline 0.001 -18"><span class='ocrx_word' id='word_1_786' title='bbox 364 5234 546 5307; x_wconf 88' lang='lat' dir='ltr'>igitur</span> <span class='ocrx_word' id='word_1_787' title='bbox 574 5232 661 5287; x_wconf 89' lang='lat' dir='ltr'>illi</span> <span class='ocrx_word' id='word_1_788' title='bbox 711 5233 985 5299; x_wconf 89' lang='lat' dir='ltr'>scientes,</span> <span class='ocrx_word' id='word_1_789' title='bbox 1016 5240 1083 5288; x_wconf 90' lang='lat' dir='ltr'>ut</span> <span class='ocrx_word' id='word_1_790' title='bbox 1129 5234 1422 5288; x_wconf 88' lang='lat' dir='ltr'>rationem</span> <span class='ocrx_word' id='word_1_791' title='bbox 1473 5233 1619 5288; x_wconf 89' lang='lat' dir='ltr'>mihi</span> <span class='ocrx_word' id='word_1_792' title='bbox 1652 5233 2021 5290; x_wconf 85' lang='lat' dir='ltr'>reddendam</span> 
     </span>
    </p>
   </div>
   <div class='ocr_carea' id='block_1_103' title="bbox 366 5321 2022 5395">
    <p class='ocr_par' dir='ltr' id='par_1_103' title="bbox 366 5321 2022 5395">
     <span class='ocr_line' id='line_1_103' title="bbox 366 5321 2022 5395; baseline -0.001 -15"><span class='ocrx_word' id='word_1_793' title='bbox 366 5322 525 5395; x_wconf 84' lang='lat' dir='ltr'>apud</span> <span class='ocrx_word' id='word_1_794' title='bbox 555 5323 737 5376; x_wconf 89' lang='lat' dir='ltr'>Deum</span> <span class='ocrx_word' id='word_1_795' title='bbox 780 5321 1059 5377; x_wconf 85' lang='lat' dir='ltr'>leviorem</span> <span class='ocrx_word' id='word_1_796' title='bbox 1094 5322 1419 5387; x_wconf 78' lang='lat' dir='ltr'>efficerent,</span> <span class='ocrx_word' id='word_1_797' title='bbox 1454 5322 1670 5378; x_wconf 88' lang='lat' dir='ltr'>multos</span> <span class='ocrx_word' id='word_1_798' title='bbox 1700 5323 2022 5379; x_wconf 88' lang='lat' dir='ltr'>instituunt</span> 
     </span>
    </p>
   </div>
   <div class='ocr_carea' id='block_1_104' title="bbox 362 5409 2019 5485">
    <p class='ocr_par' dir='ltr' id='par_1_104' title="bbox 362 5409 2019 5485">
     <span class='ocr_line' id='line_1_104' title="bbox 362 5409 2019 5485; baseline 0.001 -18"><span class='ocrx_word' id='word_1_799' title='bbox 362 5412 755 5485; x_wconf 64' lang='lat' dir='ltr'>praedicantes</span> <span class='ocrx_word' id='word_1_800' title='bbox 789 5425 1146 5465; x_wconf 83' lang='lat' dir='ltr'>sermonem.</span> <span class='ocrx_word' id='word_1_801' title='bbox 1197 5432 1224 5460; x_wconf 85' lang='lat'>«</span> <span class='ocrx_word' id='word_1_802' title='bbox 1258 5409 1405 5475; x_wconf 90' lang='lat' dir='ltr'>Quid</span> <span class='ocrx_word' id='word_1_803' title='bbox 1437 5411 1598 5466; x_wconf 91' lang='lat' dir='ltr'>enim</span> <span class='ocrx_word' id='word_1_804' title='bbox 1636 5436 1655 5460; x_wconf 76' lang='grc' dir='ltr'>ι</span> <span class='ocrx_word' id='word_1_805' title='bbox 1702 5415 1838 5479; x_wconf 89' lang='lat' dir='ltr'>Aut,</span> <span class='ocrx_word' id='word_1_806' title='bbox 1869 5413 2019 5478; x_wconf 89' lang='lat' dir='ltr'>Quid</span> 
     </span>
    </p>
   </div>
   <div class='ocr_carea' id='block_1_105' title="bbox 367 5498 2017 5572">
    <p class='ocr_par' dir='ltr' id='par_1_105' title="bbox 367 5498 2017 5572">
     <span class='ocr_line' id='line_1_105' title="bbox 367 5498 2017 5572; baseline 0 -14"><span class='ocrx_word' id='word_1_807' title='bbox 367 5501 525 5558; x_wconf 89' lang='lat' dir='ltr'>enim</span> <span class='ocrx_word' id='word_1_808' title='bbox 556 5502 719 5558; x_wconf 90' lang='lat' dir='ltr'>aliun</span> <span class='ocrx_word' id='word_1_809' title='bbox 753 5517 929 5572; x_wconf 88' lang='lat' dir='ltr'>quam</span> <span class='ocrx_word' id='word_1_810' title='bbox 962 5501 1072 5555; x_wconf 90' lang='lat' dir='ltr'>hoc</span> <span class='ocrx_word' id='word_1_811' title='bbox 1093 5500 1120 5553; x_wconf 69' lang='grc' dir='ltr'>*ἶ</span> <span class='ocrx_word' id='word_1_812' title='bbox 1151 5500 1261 5554; x_wconf 88' lang='lat' dir='ltr'>hoc</span> <span class='ocrx_word' id='word_1_813' title='bbox 1294 5505 1405 5568; x_wconf 88' lang='lat' dir='ltr'>est,</span> <span class='ocrx_word' id='word_1_814' title='bbox 1439 5500 1582 5572; x_wconf 91' lang='lat' dir='ltr'>quid</span> <span class='ocrx_word' id='word_1_815' title='bbox 1624 5498 1785 5556; x_wconf 86' lang='lat' dir='ltr'>aliud</span> <span class='ocrx_word' id='word_1_816' title='bbox 1812 5501 1925 5556; x_wconf 90' lang='lat' dir='ltr'>nisi</span> <span class='ocrx_word' id='word_1_817' title='bbox 1956 5503 2017 5558; x_wconf 92' lang='lat' dir='ltr'>in</span> 
     </span>
    </p>
   </div>
   <div class='ocr_carea' id='block_1_106' title="bbox 368 5589 2016 5662">
    <p class='ocr_par' dir='ltr' id='par_1_106' title="bbox 368 5589 2016 5662">
     <span class='ocr_line' id='line_1_106' title="bbox 368 5589 2016 5662; baseline 0 -15"><span class='ocrx_word' id='word_1_818' title='bbox 368 5592 775 5648; x_wconf 81' lang='lat' dir='ltr'>defensionem</span> <span class='ocrx_word' id='word_1_819' title='bbox 796 5589 1090 5662; x_wconf 81' lang='lat' dir='ltr'>Evangelii</span> <span class='ocrx_word' id='word_1_820' title='bbox 1116 5590 1470 5645; x_wconf 87' lang='lat' dir='ltr'>constitutus</span> <span class='ocrx_word' id='word_1_821' title='bbox 1495 5608 1625 5645; x_wconf 89' lang='lat' dir='ltr'>sum</span> <span class='ocrx_word' id='word_1_822' title='bbox 1647 5592 1675 5646; x_wconf 72' lang='lat' dir='ltr'>‘i</span> <span class='ocrx_word' id='word_1_823' title='bbox 1694 5590 1843 5656; x_wconf 89' lang='lat' dir='ltr'>Quid</span> <span class='ocrx_word' id='word_1_824' title='bbox 1856 5592 2016 5647; x_wconf 89' lang='lat' dir='ltr'>enim</span> 
     </span>
    </p>
   </div>
   <div class='ocr_carea' id='block_1_107' title="bbox 369 5676 2015 5753">
    <p class='ocr_par' dir='ltr' id='par_1_107' title="bbox 369 5676 2015 5753">
     <span class='ocr_line' id='line_1_107' title="bbox 369 5676 2015 5753; baseline 0 -16"><span class='ocrx_word' id='word_1_825' title='bbox 369 5682 561 5737; x_wconf 82' lang='lat' dir='ltr'>multa</span> <span class='ocrx_word' id='word_1_826' title='bbox 588 5679 847 5753; x_wconf 82' lang='lat' dir='ltr'>loquor?</span> <span class='ocrx_word' id='word_1_827' title='bbox 883 5679 1035 5745; x_wconf 88' lang='lat' dir='ltr'>Quid</span> <span class='ocrx_word' id='word_1_828' title='bbox 1057 5676 1202 5733; x_wconf 83' lang='lat' dir='ltr'>mihi</span> <span class='ocrx_word' id='word_1_829' title='bbox 1222 5694 1378 5734; x_wconf 70' lang='lat' dir='ltr'>curm</span> <span class='ocrx_word' id='word_1_830' title='bbox 1410 5685 1499 5734; x_wconf 86' lang='lat' dir='ltr'>est</span> <span class='ocrx_word' id='word_1_831' title='bbox 1529 5694 1643 5750; x_wconf 89' lang='lat' dir='ltr'>quo</span> <span class='ocrx_word' id='word_1_832' title='bbox 1675 5682 1807 5751; x_wconf 88' lang='lat' dir='ltr'>quis</span> <span class='ocrx_word' id='word_1_833' title='bbox 1838 5696 2015 5753; x_wconf 83' lang='lat' dir='ltr'>scopo</span> 
     </span>
    </p>
   </div>
   <div class='ocr_carea' id='block_1_108' title="bbox 370 5766 2017 5841">
    <p class='ocr_par' dir='ltr' id='par_1_108' title="bbox 370 5766 2017 5841">
     <span class='ocr_line' id='line_1_108' title="bbox 370 5766 2017 5841; baseline 0.002 -19"><span class='ocrx_word' id='word_1_834' title='bbox 370 5766 670 5840; x_wconf 74' lang='lat' dir='ltr'>prmdicet,</span> <span class='ocrx_word' id='word_1_835' title='bbox 697 5770 797 5840; x_wconf 71' lang='lat' dir='ltr'>qui</span> <span class='ocrx_word' id='word_1_836' title='bbox 820 5769 1057 5823; x_wconf 90' lang='lat' dir='ltr'>interim</span> <span class='ocrx_word' id='word_1_837' title='bbox 1080 5772 1237 5821; x_wconf 89' lang='lat' dir='ltr'>recte</span> <span class='ocrx_word' id='word_1_838' title='bbox 1255 5767 1582 5837; x_wconf 81' lang='lat' dir='ltr'>praedicat?</span> <span class='ocrx_word' id='word_1_839' title='bbox 1602 5791 1628 5819; x_wconf 86' lang='grc'>‹‹</span> <span class='ocrx_word' id='word_1_840' title='bbox 1651 5768 1778 5824; x_wconf 90' lang='lat' dir='ltr'>Sive</span> <span class='ocrx_word' id='word_1_841' title='bbox 1800 5785 1905 5841; x_wconf 88' lang='lat' dir='ltr'>per</span> <span class='ocrx_word' id='word_1_842' title='bbox 1927 5785 2017 5826; x_wconf 87' lang='lat' dir='ltr'>oc-</span> 
     </span>
    </p>
   </div>
   <div class='ocr_carea' id='block_1_109' title="bbox 369 5854 2013 5928">
    <p class='ocr_par' dir='ltr' id='par_1_109' title="bbox 369 5854 2013 5928">
     <span class='ocr_line' id='line_1_109' title="bbox 369 5854 2013 5928; baseline 0.002 -17"><span class='ocrx_word' id='word_1_843' title='bbox 369 5856 692 5913; x_wconf 79' lang='lat' dir='ltr'>casionem.</span> <span class='ocrx_word' id='word_1_844' title='bbox 718 5880 746 5907; x_wconf 87' lang='grc'>››</span> <span class='ocrx_word' id='word_1_845' title='bbox 772 5860 1020 5928; x_wconf 89' lang='lat' dir='ltr'>Propter</span> <span class='ocrx_word' id='word_1_846' title='bbox 1039 5854 1322 5912; x_wconf 84' lang='lat' dir='ltr'>invidiam</span> <span class='ocrx_word' id='word_1_847' title='bbox 1347 5855 1659 5911; x_wconf 86' lang='lat' dir='ltr'>adversum</span> <span class='ocrx_word' id='word_1_848' title='bbox 1689 5874 1804 5913; x_wconf 88' lang='lat' dir='ltr'>me.</span> <span class='ocrx_word' id='word_1_849' title='bbox 1836 5880 1862 5909; x_wconf 78' lang='grc' dir='ltr'>α</span> <span class='ocrx_word' id='word_1_850' title='bbox 1886 5860 2013 5915; x_wconf 86' lang='lat' dir='ltr'>Sive</span> 
     </span>
    </p>
   </div>
   <div class='ocr_carea' id='block_1_110' title="bbox 2128 4868 3799 4953">
    <p class='ocr_par' dir='ltr' id='par_1_110' title="bbox 2128 4868 3799 4953">
     <span class='ocr_line' id='line_1_110' title="bbox 2128 4868 3799 4953; baseline 0.004 -27"><span class='ocrx_word' id='word_1_851' title='bbox 2128 4879 2479 4948; x_wconf 73' lang='grc' dir='ltr'>κατηχῆσθαι</span> <span class='ocrx_word' id='word_1_852' title='bbox 2540 4873 2630 4928; x_wconf 82' lang='grc' dir='ltr'>καὶ</span> <span class='ocrx_word' id='word_1_853' title='bbox 2692 4868 3088 4948; x_wconf 80' lang='grc' dir='ltr'>δεδραμηκέναι</span> <span class='ocrx_word' id='word_1_854' title='bbox 3156 4875 3219 4930; x_wconf 84' lang='grc' dir='ltr'>τὸ</span> <span class='ocrx_word' id='word_1_855' title='bbox 3275 4875 3557 4953; x_wconf 69' lang='grc' dir='ltr'>κηρυγμα.</span> <span class='ocrx_word' id='word_1_856' title='bbox 3622 4880 3799 4933; x_wconf 73' lang='grc' dir='ltr'>Τοῦτο</span> 
     </span>
    </p>
   </div>
   <div class='ocr_carea' id='block_1_111' title="bbox 2133 4957 3799 5043">
    <p class='ocr_par' dir='ltr' id='par_1_111' title="bbox 2133 4957 3799 5043">
     <span class='ocr_line' id='line_1_111' title="bbox 2133 4957 3799 5043; baseline 0.005 -28"><span class='ocrx_word' id='word_1_857' title='bbox 2133 4959 2225 5015; x_wconf 73' lang='grc' dir='ltr'>οὗν</span> <span class='ocrx_word' id='word_1_858' title='bbox 2270 4957 2495 5031; x_wconf 75' lang='grc' dir='ltr'>εἰδότες,</span> <span class='ocrx_word' id='word_1_859' title='bbox 2532 4962 2714 5041; x_wconf 72' lang='grc' dir='ltr'>φησῒν,</span> <span class='ocrx_word' id='word_1_860' title='bbox 2764 4960 2983 5032; x_wconf 77' lang='grc' dir='ltr'>ἐκεῖνοι,</span> <span class='ocrx_word' id='word_1_861' title='bbox 3038 4960 3134 5017; x_wconf 59' lang='grc' dir='ltr'>τίνα</span> <span class='ocrx_word' id='word_1_862' title='bbox 3192 4983 3287 5036; x_wconf 91' lang='grc' dir='ltr'>μοι</span> <span class='ocrx_word' id='word_1_863' title='bbox 3344 4964 3440 5027; x_wconf 81' lang='grc' dir='ltr'>τὰς</span> <span class='ocrx_word' id='word_1_864' title='bbox 3500 4965 3634 5043; x_wconf 85' lang='grc' dir='ltr'>πρὸς</span> <span class='ocrx_word' id='word_1_865' title='bbox 3702 4969 3799 5023; x_wconf 85' lang='grc' dir='ltr'>τὸν</span> 
     </span>
    </p>
   </div>
   <div class='ocr_carea' id='block_1_112' title="bbox 2134 5049 3801 5131">
    <p class='ocr_par' dir='ltr' id='par_1_112' title="bbox 2134 5049 3801 5131">
     <span class='ocr_line' id='line_1_112' title="bbox 2134 5049 3801 5131; baseline 0.004 -26"><span class='ocrx_word' id='word_1_866' title='bbox 2134 5050 2267 5105; x_wconf 78' lang='grc' dir='ltr'>Θεὸν</span> <span class='ocrx_word' id='word_1_867' title='bbox 2302 5049 2526 5114; x_wconf 75' lang='grc' dir='ltr'>εὐθύνας</span> <span class='ocrx_word' id='word_1_868' title='bbox 2580 5049 2996 5127; x_wconf 71' lang='grc' dir='ltr'>ἑπικουφίσωσι,</span> <span class='ocrx_word' id='word_1_869' title='bbox 3027 5054 3335 5131; x_wconf 80' lang='grc' dir='ltr'>κατηχοῦσι</span> <span class='ocrx_word' id='word_1_870' title='bbox 3367 5050 3636 5128; x_wconf 71' lang='grc' dir='ltr'>πολλοὺς,</span> <span class='ocrx_word' id='word_1_871' title='bbox 3703 5057 3801 5111; x_wconf 85' lang='grc' dir='ltr'>τὸν</span> 
     </span>
    </p>
   </div>
   <div class='ocr_carea' id='block_1_113' title="bbox 2143 5137 3798 5225">
    <p class='ocr_par' dir='ltr' id='par_1_113' title="bbox 2143 5137 3798 5225">
     <span class='ocr_line' id='line_1_113' title="bbox 2143 5137 3798 5225; baseline 0.002 -30"><span class='ocrx_word' id='word_1_872' title='bbox 2143 5137 2310 5214; x_wconf 80' lang='grc' dir='ltr'>λόγον</span> <span class='ocrx_word' id='word_1_873' title='bbox 2341 5138 2729 5212; x_wconf 83' lang='grc' dir='ltr'>κηρύσσοντες.</span> <span class='ocrx_word' id='word_1_874' title='bbox 2764 5138 2824 5195; x_wconf 92' lang='grc' dir='ltr'>Τί</span> <span class='ocrx_word' id='word_1_875' title='bbox 2856 5139 2958 5217; x_wconf 83' lang='grc' dir='ltr'>γάρ</span> <span class='ocrx_word' id='word_1_876' title='bbox 2992 5157 3006 5210; x_wconf 88' lang='grc'>;</span> <span class='ocrx_word' id='word_1_877' title='bbox 3039 5140 3134 5209; x_wconf 74' lang='lat' dir='ltr'>&#39;H,</span> <span class='ocrx_word' id='word_1_878' title='bbox 3164 5140 3229 5196; x_wconf 84' lang='grc' dir='ltr'>Τί</span> <span class='ocrx_word' id='word_1_879' title='bbox 3262 5142 3365 5216; x_wconf 75' lang='grc' dir='ltr'>γὰρ</span> <span class='ocrx_word' id='word_1_880' title='bbox 3396 5138 3560 5212; x_wconf 76' lang='grc' dir='ltr'>ἄλλο,</span> <span class='ocrx_word' id='word_1_881' title='bbox 3608 5145 3798 5225; x_wconf 66' lang='grc' dir='ltr'>φησὶν,</span> 
     </span>
    </p>
   </div>
   <div class='ocr_carea' id='block_1_114' title="bbox 2131 5226 3802 5312">
    <p class='ocr_par' dir='ltr' id='par_1_114' title="bbox 2131 5226 3802 5312">
     <span class='ocr_line' id='line_1_114' title="bbox 2131 5226 3802 5312; baseline 0.002 -29"><span class='ocrx_word' id='word_1_882' title='bbox 2131 5228 2177 5283; x_wconf 79' lang='grc' dir='ltr'>εἰ</span> <span class='ocrx_word' id='word_1_883' title='bbox 2218 5230 2295 5301; x_wconf 77' lang='grc' dir='ltr'>μὴ</span> <span class='ocrx_word' id='word_1_884' title='bbox 2328 5232 2502 5282; x_wconf 79' lang='grc' dir='ltr'>τοῦτο</span> <span class='ocrx_word' id='word_1_885' title='bbox 2534 5246 2548 5297; x_wconf 73' lang='grc' dir='ltr'>ς</span> <span class='ocrx_word' id='word_1_886' title='bbox 2581 5229 2726 5296; x_wconf 77' lang='grc' dir='ltr'>οἷον,</span> <span class='ocrx_word' id='word_1_887' title='bbox 2758 5228 2829 5286; x_wconf 87' lang='grc' dir='ltr'>Τί</span> <span class='ocrx_word' id='word_1_888' title='bbox 2867 5226 3010 5285; x_wconf 82' lang='grc' dir='ltr'>ἃλλο</span> <span class='ocrx_word' id='word_1_889' title='bbox 3038 5229 3164 5305; x_wconf 87' lang='grc' dir='ltr'>γάρ,</span> <span class='ocrx_word' id='word_1_890' title='bbox 3196 5227 3242 5283; x_wconf 83' lang='grc' dir='ltr'>εί</span> <span class='ocrx_word' id='word_1_891' title='bbox 3278 5231 3354 5303; x_wconf 75' lang='grc' dir='ltr'>μὴ</span> <span class='ocrx_word' id='word_1_892' title='bbox 3387 5229 3465 5293; x_wconf 78' lang='grc' dir='ltr'>εἷς</span> <span class='ocrx_word' id='word_1_893' title='bbox 3497 5231 3802 5312; x_wconf 80' lang='grc' dir='ltr'>ἀπολογίαν</span> 
     </span>
    </p>
   </div>
   <div class='ocr_carea' id='block_1_115' title="bbox 2130 5316 3802 5397">
    <p class='ocr_par' dir='ltr' id='par_1_115' title="bbox 2130 5316 3802 5397">
     <span class='ocr_line' id='line_1_115' title="bbox 2130 5316 3802 5397; baseline 0.004 -24"><span class='ocrx_word' id='word_1_894' title='bbox 2130 5317 2233 5373; x_wconf 80' lang='grc' dir='ltr'>τοῦ</span> <span class='ocrx_word' id='word_1_895' title='bbox 2274 5317 2617 5393; x_wconf 85' lang='grc' dir='ltr'>Εύαγγελίου</span> <span class='ocrx_word' id='word_1_896' title='bbox 2655 5322 2847 5392; x_wconf 85' lang='grc' dir='ltr'>κεῖμαι</span> <span class='ocrx_word' id='word_1_897' title='bbox 2882 5336 2895 5386; x_wconf 91' lang='grc'><strong>;</strong></span> <span class='ocrx_word' id='word_1_898' title='bbox 2926 5316 2990 5372; x_wconf 90' lang='grc' dir='ltr'>Τί</span> <span class='ocrx_word' id='word_1_899' title='bbox 3035 5318 3161 5394; x_wconf 80' lang='grc' dir='ltr'>γὰρ,</span> <span class='ocrx_word' id='word_1_900' title='bbox 3222 5320 3378 5395; x_wconf 77' lang='grc' dir='ltr'>φησί,</span> <span class='ocrx_word' id='word_1_901' title='bbox 3417 5320 3621 5397; x_wconf 81' lang='grc' dir='ltr'>μακρο)</span> <span class='ocrx_word' id='word_1_902' title='bbox 3638 5329 3750 5397; x_wconf 79' lang='grc' dir='ltr'>ογῶ</span> <span class='ocrx_word' id='word_1_903' title='bbox 3786 5345 3802 5395; x_wconf 86' lang='grc'>;</span> 
     </span>
    </p>
   </div>
   <div class='ocr_carea' id='block_1_116' title="bbox 2129 5407 3800 5486">
    <p class='ocr_par' dir='ltr' id='par_1_116' title="bbox 2129 5407 3800 5486">
     <span class='ocr_line' id='line_1_116' title="bbox 2129 5407 3800 5486; baseline 0.005 -24"><span class='ocrx_word' id='word_1_904' title='bbox 2129 5408 2163 5478; x_wconf 76' lang='grc' dir='ltr'><strong>ἢ</strong></span> <span class='ocrx_word' id='word_1_905' title='bbox 2225 5407 2277 5463; x_wconf 85' lang='grc' dir='ltr'>τί</span> <span class='ocrx_word' id='word_1_906' title='bbox 2342 5429 2456 5479; x_wconf 73' lang='grc' dir='ltr'>μοι,</span> <span class='ocrx_word' id='word_1_907' title='bbox 2516 5407 2672 5485; x_wconf 75' lang='grc' dir='ltr'>φησὶ,</span> <span class='ocrx_word' id='word_1_908' title='bbox 2736 5407 2892 5481; x_wconf 73' lang='grc' dir='ltr'>μέλει</span> <span class='ocrx_word' id='word_1_909' title='bbox 2954 5407 3101 5480; x_wconf 85' lang='grc' dir='ltr'>ποίῳ</span> <span class='ocrx_word' id='word_1_910' title='bbox 3160 5413 3350 5482; x_wconf 78' lang='grc' dir='ltr'>σκοπῷ</span> <span class='ocrx_word' id='word_1_911' title='bbox 3400 5430 3485 5473; x_wconf 88' lang='grc' dir='ltr'>τις</span> <span class='ocrx_word' id='word_1_912' title='bbox 3513 5413 3800 5486; x_wconf 84' lang='grc' dir='ltr'>κηρύσσει,</span> 
     </span>
    </p>
   </div>
   <div class='ocr_carea' id='block_1_117' title="bbox 2143 5494 3800 5577">
    <p class='ocr_par' dir='ltr' id='par_1_117' title="bbox 2143 5494 3800 5577">
     <span class='ocr_line' id='line_1_117' title="bbox 2143 5494 3800 5577; baseline 0.004 -26"><span class='ocrx_word' id='word_1_913' title='bbox 2143 5494 2306 5551; x_wconf 82' lang='grc' dir='ltr'>ὁπότε</span> <span class='ocrx_word' id='word_1_914' title='bbox 2335 5498 2516 5571; x_wconf 79' lang='grc' dir='ltr'>ὀρθῶς</span> <span class='ocrx_word' id='word_1_915' title='bbox 2545 5496 2848 5572; x_wconf 84' lang='grc' dir='ltr'>κηρύσσει;</span> <span class='ocrx_word' id='word_1_916' title='bbox 2909 5520 2937 5548; x_wconf 75' lang='grc' dir='ltr'>α</span> <span class='ocrx_word' id='word_1_917' title='bbox 2986 5496 3114 5552; x_wconf 56' lang='grc' dir='ltr'>Εἴτε</span> <span class='ocrx_word' id='word_1_918' title='bbox 3170 5500 3459 5577; x_wconf 69' lang='grc' dir='ltr'>προφάσει,</span> <span class='ocrx_word' id='word_1_919' title='bbox 3495 5523 3524 5550; x_wconf 86' lang='grc'>››</span> <span class='ocrx_word' id='word_1_920' title='bbox 3557 5497 3645 5555; x_wconf 77' lang='grc' dir='ltr'>διὰ</span> <span class='ocrx_word' id='word_1_921' title='bbox 3705 5504 3800 5558; x_wconf 76' lang='grc' dir='ltr'>τὸν</span> 
     </span>
    </p>
   </div>
   <div class='ocr_carea' id='block_1_118' title="bbox 2131 5582 3799 5665">
    <p class='ocr_par' dir='ltr' id='par_1_118' title="bbox 2131 5582 3799 5665">
     <span class='ocr_line' id='line_1_118' title="bbox 2131 5582 3799 5665; baseline -0.002 -24"><span class='ocrx_word' id='word_1_922' title='bbox 2131 5587 2269 5660; x_wconf 81' lang='grc' dir='ltr'>πρὸς</span> <span class='ocrx_word' id='word_1_923' title='bbox 2304 5586 2401 5659; x_wconf 73' lang='grc' dir='ltr'>ἐμὲ</span> <span class='ocrx_word' id='word_1_924' title='bbox 2432 5585 2653 5663; x_wconf 71' lang='grc' dir='ltr'>φθόνον,</span> <span class='ocrx_word' id='word_1_925' title='bbox 2712 5609 2741 5637; x_wconf 87' lang='grc'><strong>‹‹</strong></span> <span class='ocrx_word' id='word_1_926' title='bbox 2805 5582 2912 5640; x_wconf 74' lang='grc' dir='ltr'>εἶ’τε</span> <span class='ocrx_word' id='word_1_927' title='bbox 2967 5583 3201 5657; x_wconf 78' lang='grc' dir='ltr'>ἀληθείᾳ</span> <span class='ocrx_word' id='word_1_928' title='bbox 3230 5586 3460 5661; x_wconf 83' lang='grc' dir='ltr'>Χριστὸς</span> <span class='ocrx_word' id='word_1_929' title='bbox 3491 5590 3799 5665; x_wconf 78' lang='grc' dir='ltr'>καταγγὲλ-</span> 
     </span>
    </p>
   </div>
   <div class='ocr_carea' id='block_1_119' title="bbox 2128 5672 3795 5757">
    <p class='ocr_par' dir='ltr' id='par_1_119' title="bbox 2128 5672 3795 5757">
     <span class='ocr_line' id='line_1_119' title="bbox 2128 5672 3795 5757; baseline 0.004 -27"><span class='ocrx_word' id='word_1_930' title='bbox 2128 5674 2302 5732; x_wconf 87' lang='grc' dir='ltr'>λεται,</span> <span class='ocrx_word' id='word_1_931' title='bbox 2366 5697 2393 5725; x_wconf 85' lang='grc'><strong>››</strong></span> <span class='ocrx_word' id='word_1_932' title='bbox 2447 5672 2542 5731; x_wconf 81' lang='grc' dir='ltr'>Ἐκ</span> <span class='ocrx_word' id='word_1_933' title='bbox 2597 5673 2805 5729; x_wconf 82' lang='grc' dir='ltr'>τούτων</span> <span class='ocrx_word' id='word_1_934' title='bbox 2863 5674 3006 5736; x_wconf 69' lang='grc' dir='ltr'>τινὲς</span> <span class='ocrx_word' id='word_1_935' title='bbox 3083 5673 3317 5753; x_wconf 70' lang='grc' dir='ltr'>ἄφρονες</span> <span class='ocrx_word' id='word_1_936' title='bbox 3404 5674 3795 5757; x_wconf 64' lang='grc' dir='ltr'>ὑπειλήφασιν,</span> 
     </span>
    </p>
   </div>
   <div class='ocr_carea' id='block_1_120' title="bbox 2127 5759 3794 5840">
    <p class='ocr_par' dir='ltr' id='par_1_120' title="bbox 2127 5759 3794 5840">
     <span class='ocr_line' id='line_1_120' title="bbox 2127 5759 3794 5840; baseline -0.001 -20"><span class='ocrx_word' id='word_1_937' title='bbox 2127 5763 2436 5825; x_wconf 75' lang='grc' dir='ltr'>ὅτιπάσαις</span> <span class='ocrx_word' id='word_1_938' title='bbox 2465 5767 2583 5825; x_wconf 87' lang='grc' dir='ltr'>ταῖς</span> <span class='ocrx_word' id='word_1_939' title='bbox 2630 5762 2865 5839; x_wconf 64' lang='grc' dir='ltr'>αἱρέσεσι</span> <span class='ocrx_word' id='word_1_940' title='bbox 2922 5760 3162 5840; x_wconf 73' lang='grc' dir='ltr'>πάροδον</span> <span class='ocrx_word' id='word_1_941' title='bbox 3216 5759 3416 5820; x_wconf 74' lang='grc' dir='ltr'>ἔδωκεν</span> <span class='ocrx_word' id='word_1_942' title='bbox 3446 5765 3474 5820; x_wconf 84' lang='grc' dir='ltr'>ὁ</span> <span class='ocrx_word' id='word_1_943' title='bbox 3521 5767 3794 5828; x_wconf 83' lang='grc' dir='ltr'>Ἀπόστο-</span> 
     </span>
    </p>
   </div>
   <div class='ocr_carea' id='block_1_121' title="bbox 2125 5850 3792 5932">
    <p class='ocr_par' dir='ltr' id='par_1_121' title="bbox 2125 5850 3792 5932">
     <span class='ocr_line' id='line_1_121' title="bbox 2125 5850 3792 5932; baseline -0.004 -22"><span class='ocrx_word' id='word_1_944' title='bbox 2125 5856 2247 5922; x_wconf 84' lang='grc' dir='ltr'>λος,</span> <span class='ocrx_word' id='word_1_945' title='bbox 2279 5857 2358 5926; x_wconf 79' lang='grc' dir='ltr'>τῷ</span> <span class='ocrx_word' id='word_1_946' title='bbox 2387 5850 2580 5908; x_wconf 73' lang='grc' dir='ltr'>εἰπεῖν*</span> <span class='ocrx_word' id='word_1_947' title='bbox 2614 5878 2642 5907; x_wconf 74' lang='grc' dir='ltr'>ιι</span> <span class='ocrx_word' id='word_1_948' title='bbox 2677 5851 2806 5909; x_wconf 69' lang='grc' dir='ltr'>Εἴτε</span> <span class='ocrx_word' id='word_1_949' title='bbox 2853 5853 3147 5932; x_wconf 73' lang='grc' dir='ltr'>προφάσει,</span> <span class='ocrx_word' id='word_1_950' title='bbox 3208 5850 3315 5908; x_wconf 77' lang='grc' dir='ltr'>εἷ’τε</span> <span class='ocrx_word' id='word_1_951' title='bbox 3372 5851 3604 5928; x_wconf 69' lang='grc' dir='ltr'>ἀληθείᾳ</span> <span class='ocrx_word' id='word_1_952' title='bbox 3656 5858 3792 5928; x_wconf 79' lang='grc' dir='ltr'>Χρι-</span> 
     </span>
    </p>
   </div>
  </div>
