4108 6400
332 483 489 545 1169

329 617 454 678 στὸς
484 613 937 691 καταγγέλλεται.
965 636 994 668 ιο
1032 613 1210 672 Ἀλλὶ
1248 612 1311 669 σὺ
1341 610 1604 688 πρόσχες.
1645 614 1868 681 Πρῶτον
1898 608 1994 682 μὲν

331 702 431 760 οὒκ
460 704 601 772 εἶπε,
634 701 1125 781 Καταγγελλέσθω,
1155 698 1252 758 ’ἵνα
1292 706 1456 758 τοῦτο
1504 698 1820 775 νομοθετεῖν
1853 717 2004 774 γνω-

331 795 505 864 σθείη,
564 793 712 850 ἀλλὰ
788 792 1257 871 Καταγγὲλλεται,
1314 793 1379 849 τὸ
1436 790 1722 868 γινόμενον
1780 788 2005 865 ἐξηγού-

336 904 516 959 μενος.
573 888 805 941 Ἔπειτα
860 882 908 939 εί
965 884 1058 939 καὶ
1117 884 1195 946 ὡς
1252 883 1567 957 νομοθετῶν
1625 878 1856 954 εἰρήκει,
1890 880 1999 951 (καὶ

333 971 436 1051 γὰρ
470 971 676 1029 πολλοὶ
703 974 814 1028 τῶν
870 971 1157 1048 αἱρετικῶν
1203 970 1583 1048 παρεποίησαν
1629 969 1729 1037 τὴν
1761 968 2001 1041 Γραφήν,

332 1063 407 1124 ὡς
469 1059 725 1138 ἔχουσαν,
789 1063 1025 1137 Χριστὸς
1083 1056 1595 1137 καταγγελλὲσοω,)
1642 1054 1769 1112 οῦδὲ
1825 1054 2001 1116 οὕτως

327 1149 568 1226 πάροδον
599 1155 717 1213 ταῖς
745 1150 981 1225 eripiam
1030 1147 1260 1209 δὲδωκε.
1326 1153 1454 1211 Πῶς
1484 1166 1498 1218 ;
1531 1149 1657 1205 ’Ότι
1689 1144 1843 1201 οὗτοι
1874 1151 2001 1218 περὶ

328 1242 400 1297 ὧν
432 1260 617 1322 φησιν,
666 1239 729 1296 ob
786 1241 919 1306 νόθα
976 1238 1230 1316 δόγματα
1292 1240 1625 1314 ἐκήρυσσον,
1656 1235 1789 1292 ἀλλ’
1822 1234 1999 1309 ὀρθῶς

331 1332 426 1406 μὶν
483 1331 546 1387 τὸ
596 1328 779 1407 δόγμα
839 1330 1164 1406 ἐκήρυσσον,
1230 1326 1442 1400 διανοίᾳ
1500 1326 1561 1383 δὲ
1616 1328 1854 1401 πονηρᾷ,
1923 1322 1998 1385 ὡς

330 1422 664 1502 βουλόμενοι
702 1425 1053 1496 ἤτιμᾶσθαι,
1112 1422 1148 1492 ἢ
1210 1422 1288 1486 εἷς
1348 1421 1570 1496 μείζονα
1622 1415 1871 1474 κίνδυνον
1902 1412 1995 1502 τὸγ

327 1491 662 1570 ὅΑπόστυλον
715 1491 989 1586 έγϐαλεῖν.
1042 1509 1109 1569 Οἱ
1138 1491 1217 1566 δὲ
1264 1491 1550 1586 αἶρπικοῖ,
1602 1500 1737 1581 μὶτᾶ
1775 1508 1875 1560 τοῦ
1904 1491 1997 1559 καἱ

327 1602 569 1660 διάνοιαν
629 1596 778 1681 ἔχειν
830 1603 1077 1678 πονηρὰν
1132 1602 1206 1675 (oi
1262 1603 1367 1678 γὰρ
1427 1598 1653 1660 πλείους
1701 1597 1994 1654 καὶτοῦτο

326 1689 564 1770 ἔχουσι),
610 1692 701 1749 καὶ
756 1691 1009 1768 δόγματα
1067 1694 1426 1766 εἷσημοῦνται
1469 1690 1622 1757 νόθα,
1663 1689 1716 1744 οἱ
1761 1687 1856 1763 μὶν
1885 1686 1997 1763 οὺχ

328 1781 739 1859 ὁμολογοῦντες
792 1780 885 1837 τὸν
945 1782 1323 1856 σταυρωθέντα
1375 1779 1530 1847 Θεὸν,
1572 1778 1625 1833 οἳ
1675 1773 1733 1832 δὶ
1764 1773 1862 1831 δύο
1894 1772 1994 1830 λι-

325 1890 511 1947 γοντες
571 1870 896 1933 ὑποστάσεις
957 1871 1095 1945 μετὰ
1147 1871 1250 1939 τήν
1304 1866 1524 1936 ἕνωσιν,
1583 1866 1635 1922 oi
1694 1864 1753 1921 δὶ
1783 1866 1858 1927 ὡς
1892 1863 1994 1921 οὒκ

323 1957 489 2017 ἔλαϐε
520 1962 690 2035 σάρκα
721 1958 1017 2033 ὀμοοῦσιον
1073 1961 1236 2035 ἡμῖν,
1294 1958 1346 2013 οἳ
1404 1954 1460 2012 δὲ
1508 1957 1709 2026 ἥττονα
1738 1956 1836 2010 τοῦ
1868 1959 1982 2009 Πα-

1375 476 1790 544 ΟΟΜΜΕΝΤ.
1838 476 1921 539 IN
1966 474 2218 540 EPIST.
2266 474 2370 539 AD
2414 476 2697 543 PHlLlP.

3608 492 3770 556 1270

2110 625 2217 682 per
2245 613 2553 669 veritatem
2584 610 2852 673 Christus
2874 621 3320 677 annuntiatur.»
3352 624 3436 679 Ex
3468 624 3582 689 his.
3607 640 3764 683 non-

2115 701 2265 756 nulli
2298 696 2648 773 insipientes
2679 708 2963 778 suspicati
2990 712 3317 782 sunt,quod
3332 715 3610 770 omnibus
3640 716 3761 772 hce-

2112 791 2316 846 rcticis
2369 804 2672 849 accessum
2733 794 2965 851 dederit
3010 799 3350 870 Apostolus,
3390 804 3532 873 quia
3561 801 3755 861 dixit:

2113 900 2141 930 «
2176 880 2301 935 Sive
2334 894 2439 952 per
2455 881 2852 949 occasionem,
2886 886 3004 941 sive
3027 901 3133 958 per
3152 889 3456 946 veritatem
3486 893 3755 948 Christus

2108 969 2521 1025 annuntiatur.
2534 990 2561 1020 ι)
2579 973 2788 1026 Verum
2803 974 3499 1035 animadverte.Primum
3512 982 3757 1052 quidem

2110 1073 2231 1113 non
2262 1059 2416 1113 dixit
2444 1059 2867 1127 Annuntietur,
2900 1069 2966 1118 ut
2993 1065 3104 1120 hoc
3134 1073 3393 1124 statuere
3424 1074 3754 1141 putaretur,

2111 1147 2215 1202 sed
2263 1149 2687 1216 Annuntiatur,
2722 1165 2976 1209 narrans
3035 1155 3180 1225 quid
3230 1156 3479 1214 accidat.
3530 1157 3754 1216 Deinde

2107 1252 2453 1309 quanquam
2485 1240 2663 1295 etiam
2693 1246 2756 1295 ut
2786 1246 3056 1298 statuens
3085 1245 3335 1302 dixisset
3360 1249 3525 1317 (nam
3581 1250 3756 1304 multi

2105 1341 2188 1398 qu
2206 1376 2209 1379 .
2230 1342 2345 1397 que
2375 1327 2791 1385 hmreticorum
2814 1332 3171 1404 scripturam
3196 1335 3749 1408 depraverunt,tan-

2106 1429 2284 1486 quam
2316 1417 2930 1486 habentem,Christus
2959 1425 3374 1497 annuntietur)
3405 1442 3480 1481 ne
3508 1427 3590 1483 ita
3618 1425 3753 1499 qui-

2102 1504 2240 1560 dem
2267 1520 2573 1562 accessum
2605 1507 2870 1566 dedisset
2897 1511 3526 1578 haareticis.Quomodo
3546 1514 3575 1572 τ
3605 1517 3754 1582 Quia

2101 1592 2162 1648 hi
2181 1591 2254 1649 de
2277 1595 2493 1665 quibus
2515 1595 2660 1651 dicit
2684 1613 2803 1652 non
2820 1597 3158 1658 adulterina
3175 1602 3449 1675 dogmata
3469 1604 3750 1676 prcedica-

2100 1683 2264 1749 bant,
2297 1683 2401 1740 sed
2430 1684 2609 1741 fidem
2665 1687 2908 1757 quidem
2940 1695 3099 1745 recte
3161 1691 3492 1761 tradebant,
3546 1700 3748 1750 mente

2100 1776 2300 1829 tamen
2331 1788 2546 1845 prava:
2571 1780 2854 1847 tanquam
2877 1779 3183 1850 cupientes
3213 1786 3316 1836 aut
3335 1781 3749 1849 honorari,aut

2098 1861 2449 1933 Apostolum
2480 1863 2543 1917 in
2568 1864 2765 1935 majus
2784 1866 3118 1937 periculum
3146 1869 3747 1940 conjicereiiiemtici

2097 1966 2234 2007 vero
2262 1956 2481 2023 praeter
2507 1953 2620 2008 hoc
2650 1954 2809 2024 quod
2841 1962 3105 2013 mentem
3145 1954 3323 2013 habet
3359 1976 3697 2032 perversam
3730 1976 3744 2016 :

317 2051 447 2126 τρός
476 2050 569 2106 τὸν
590 2022 916 2120 ⁸Υἶὸν,ἰιαθό
965 2047 1077 2104 ἑστι
1099 2022 1231 2103 ’καῖ’
1266 2051 1467 2102 νοεῖται
1500 2022 1648 2114 Θεὸς,
1682 2043 1733 2099 oi
1765 2040 1822 2098 δὲ
1852 2042 1977 2117 σύγ-

2093 2022 2418 2112 (Siquidem
2452 2041 2654 2112 plures
2668 2022 2915 2114 quoque
2940 2045 3000 2101 id
3022 2044 3264 2119 habent)
3297 2022 3574 2120 degmata
3595 2062 3746 2120 quo-

321 2156 483 2216 χυσιν
542 2137 628 2195 ἐπὶ
687 2139 792 2208 τῆς
848 2136 1007 2213 ἁγίας
1067 2133 1307 2213 Τριίιδος
1361 2135 1761 2210 τερατεύονται.
1819 2153 1840 2182 ι
1876 2130 1980 2216 Καὶ

317 2214 584 2301 ἐντούτῳ
613 2223 819 2302 χαίρω.
863 2245 891 2278 ν
952 2225 1185 2282 Ἐκεῖνοι
1243 2225 1361 2298 μὲν,
1423 2221 1580 2303 φησὶ,
1620 2223 1756 2298 πρὸς
1788 2220 1850 2275 τὸ
1881 2214 1982 2275 λυ-

316 2315 488 2386 πῆσαί
551 2335 639 2389 με,
690 2318 862 2370 ταῦτα
912 2318 1183 2383 ποιοῦσιν,
1244 2312 1352 2389 ἐγὼ
1398 2308 1456 2366 δὲ
1497 2310 1703 2387 χαίρω.
1735 2310 1803 2367 Τί
1837 2307 1980 2383 λέγω

316 2402 540 2482 χαίρως
575 2405 935 2478 Χαρησομαι,
968 2402 1124 2480 φησὶ,
1153 2402 1255 2471 τήν
1290 2400 1514 2456 αἰώνιον
1548 2400 1746 2478 χαράν.

2091 2144 2206 2201 que
2230 2129 2618 2186 introducunt
2643 2131 2981 2189 adulterina
3002 2148 3015 2188 :
3039 2134 3138 2190 alii
3165 2136 3406 2206 quidem
3422 2139 3610 2192 Deum
3625 2153 3747 2193 non

2091 2220 2356 2275 fatentur
2384 2218 2566 2275 fuisse
2599 2218 2970 2291 cruciﬁxum,
3002 2223 3101 2278 alii
3133 2228 3332 2279 autem
3362 2224 3511 2281 duas
3559 2226 3744 2282 fuisse

2092 2313 2369 2364 asserunt
2388 2324 2672 2381 personas
2694 2316 2830 2382 post
2846 2312 3132 2369 unionem
3152 2327 3164 2368 :
3184 2326 3423 2370 rursum
3448 2314 3550 2370 alii
3573 2315 3745 2387 quasi

2091 2412 2333 2455 carnem
2364 2413 2485 2454 non
2517 2401 2847 2471 accepisset
2876 2398 3147 2473 ejusdem
3198 2403 3547 2460 substantias
3605 2416 3744 2460 cum

317 2502 544 2567 nostra,
577 2496 640 2552 hi
672 2508 810 2551 vero
870 2495 1166 2550 minorem
1198 2495 1370 2549 Patre
1418 2492 1658 2561 Filium,
1718 2491 1896 2546 etiam
1953 2495 2248 2561 quatenus
2300 2494 2390 2544 est
2422 2495 2479 2545 et
2536 2488 2892 2563 intelligitur
2919 2494 3077 2548 Deus
3113 2507 3127 2548 :
3160 2491 3440 2550 nonnulli
3499 2509 3738 2566 quoque

319 2587 736 2643 confusionem
767 2586 829 2640 in
851 2589 1058 2641 sancta
1083 2583 1295 2639 Triade
1325 2587 1666 2655 portentose
1724 2579 2115 2635 mentiuntur.
2150 2602 2177 2629 α
2211 2581 2283 2635 Et
2309 2578 2372 2634 in
2438 2578 2551 2636 hoc
2581 2580 2829 2653 gaudeo.
2866 2603 2894 2633 »
2955 2581 3046 2638 illi
3077 2583 3320 2654 quidem
3372 2590 3439 2639 ut
3468 2598 3563 2641 me
3596 2598 3743 2640 cen-

318 2677 558 2733 tristent
590 2675 719 2730 haec
749 2677 953 2748 agunt,
987 2689 1092 2746 ego
1120 2677 1319 2728 autem
1350 2671 1599 2745 gaudeo.
1633 2673 1702 2725 Et
1731 2666 1875 2740 quid
1895 2668 2052 2737 dico,
2082 2668 2310 2741 gaudeo
2331 2669 2359 2723 ‘?
2388 2668 2690 2739 Gaudebo,
2723 2670 2938 2742 inquit,
2974 2679 3261 2743 perpetuo
3292 2674 3526 2745 gaudio.

389 2760 523 2821 Οἶδα
580 2762 681 2839 γὰρ
744 2761 829 2817 ὅτι
887 2761 1049 2817 τοῦτό
1114 2780 1207 2832 μοι
1266 2754 1602 2829 ἀποϐήσεται
1669 2758 1746 2820 εἵς
1796 2775 1980 2827 σωτη-

315 2852 432 2928 ρίαν
481 2846 573 2907 δια
629 2855 732 2921 τῆς
791 2851 945 2923 ὑμῶν
1018 2846 1278 2920 δεήσεως,
1337 2848 1430 2904 καὶ
1483 2846 1852 2924 ἐπιχορηγίας
1882 2850 1979 2902 τοῦ

314 2942 633 3017 Πνεῦματος
708 2942 894 3010 Ἰησοῦ
970 2941 1214 3012 Χριστοῦ
1302 2938 1438 2995 κατὰ
1526 2939 1625 3008 τὴν
1700 2936 1977 3012 ἀποκαραο

312 3030 496 3087 δοκέειν
553 3029 643 3087 καὶ
698 3025 900 3085 ἐλπίδα
989 3048 1120 3103 μου,
1180 3029 1265 3083 ὅτι
1324 3026 1377 3083 ὶν
1436 3025 1615 3082 οὒδενῖ
1670 3025 1974 3101 αἰσχυνθή-

315 3140 505 3190 σομαι,
562 3117 691 3176 ἀλλ’
748 3117 803 3173 ἐν
888 3117 1035 3192 πάσῃ
1120 3114 1402 3193 παρρησίᾳ
1459 3113 1536 3176 ὡς
1597 3114 1826 3169 πάντοτε
1882 3115 1973 3168 καὶ

309 3215 402 3265 νῦν
438 3207 909 3285 μεγαλυνθήσεται
941 3206 1182 3279 Χριστὸς
1239 3203 1293 3261 ἐν
1350 3208 1433 3277 τῷ
1465 3204 1696 3277 στόματί
1731 3220 1837 3277 μου
1866 3202 1975 3258 εἴτε

317 3297 406 3355 διὰ
441 3303 611 3368 ζωῆς,
643 3294 748 3352 ε’ίτε
781 3293 870 3351 διὰ
899 3293 1145 3352 θανάτου.

390 3411 418 3440 ‹‹
452 3390 653 3445 Τοῦτο.
685 3410 714 3438 υ
772 3389 843 3440 ’Ἠ
894 3385 958 3440 τὸ
1013 3380 1276 3450 δεδέσθαι,
1308 3380 1344 3452 ἢ
1376 3381 1439 3437 τὸ
1490 3382 1853 3456 κηρ·3σσεσθαι
1881 3381 1971 3435 τὸν

316 3472 549 3549 Χριστὸν
579 3472 706 3551 παρ’
735 3473 938 3542 αὐτῶν,
960 3473 996 3543 ἢ
1030 3472 1120 3527 καὶ
1151 3468 1213 3527 τὸ
1243 3460 1692 3527 ἐπιϐουλεύεσθαι
1723 3469 1848 3543 παρ’
1882 3469 1972 3524 αὒ-

316 3568 449 3623 τῶο.
514 3587 540 3616 ι(
578 3561 672 3625 Εἷς
731 3560 1029 3637 σωτηρίαν.
1066 3584 1094 3613 ››
1148 3559 1429 3632 Σωτηρίαν
1464 3556 1521 3614 δὲ
1564 3578 1718 3633 φησι,
1750 3558 1813 3614 τὸ
1845 3560 1970 3614 ὅσον

317 3651 536 3710 οὒδὲπω
594 3651 914 3729 μαρτυρίαν.
1002 3673 1030 3704 ‹‹
1089 3648 1187 3706 Διὰ
1236 3656 1339 3721 τῆς
1410 3649 1564 3725 ὑμῶν
1623 3646 1882 3721 δεήσεως.
1943 3673 1971 3701 ››

306 3745 446 3819 Ὃρα
475 3740 823 3798 ταπείνωσιν
885 3735 1026 3796 Ἀπὸ
1082 3738 1294 3812 μυρίων
1352 3738 1794 3812 κατορθωμάτων
1824 3732 1970 3813 ἔχων

312 3830 679 3911 ὀφειλομένην
712 3830 812 3902 τὴν
846 3826 1146 3904 σωτηρίαν,
1175 3827 1330 3905 φησὶ,
1367 3825 1459 3883 διὰ
1510 3834 1611 3897 τῆς
1661 3826 1818 3901 ὑμῶν
1851 3823 1974 3898 δεή-

309 3942 466 3984 σεως.
528 3920 593 3977 Εί
647 3919 751 3997 γὰρ
836 3919 970 3997 φησὶ
1027 3918 1133 3973 τῶν
1191 3915 1371 3992 εὐχῶν
1430 3916 1583 3989 ὑμῶν
1653 3915 1968 3990 εὖπορήσω,

307 4010 456 4068 ἔσται
491 4031 588 4084 μοι
646 4004 904 4084 δαψίλεια
962 4003 1054 4062 καὶ
1114 4005 1238 4061 οἷον
1293 4005 1583 4080 προσθήκη
1634 4005 1965 4077 πνεύματος.

222 4138 239 4149 ι
306 4127 335 4156 ‹‹
369 4101 520 4159 Κατὰ
563 4101 663 4169 τήν
711 4094 1058 4174 καραδοκίαν.
1094 4119 1123 4149 »
1184 4090 1656 4169 ’Λποκαραδοκίαν
1699 4095 1831 4169 φησῖ
1866 4096 1966 4164 τήν

309 4185 545 4271 σφοδρὶν
575 4184 667 4244 καὶ
698 4184 1087 4261 ἐπιτεταμένην
1142 4182 1363 4271 ἑλπίδα,
1420 4183 1482 4253 ἣν
1541 4203 1649 4253 τις,
1679 4182 1769 4238 καὶ
1803 4181 1970 4254 αὐτὴν

306 4269 565 4334 ἐπικινῶν
632 4274 733 4343 τήν
803 4275 1072 4351 κεφαλὴν,
1162 4269 1373 4328 δοκεύει
1449 4272 1540 4327 καὶ
1626 4274 1966 4349 περισκοπεῖ.

308 4393 336 4421 ‹‹
370 4366 474 4425 Καὶ
507 4362 706 4422 ἐλπίδα
767 4381 893 4437 μου.
930 4383 958 4412 »
1017 4358 1113 4417 Ἐκ
1168 4362 1378 4416 τούτων
1443 4357 1683 4415 διδάσκει
1746 4363 1822 4434 μή
1857 4359 1968 4416 δεῖν

306 4454 394 4513 ἐπὶ
431 4455 623 4530 μόναις
676 4456 798 4514 ταῖς
851 4444 1049 4524 ἑτέρων
1112 4446 1304 4527 εὔχαῖς
1364 4447 1607 4525 θαῤῥεῖν,
1665 4448 1713 4504 εί
1773 4450 1850 4523 μή
1877 4450 1969 4505 καὶ

306 4543 516 4601 οἳκοθεν
575 4540 951 4617 συνεισενέγκῃ
1005 4558 1112 4603 τις.
1166 4540 1498 4615 Τοιγαροῦν,
1553 4537 1710 4614 φησὶ,
1741 4539 1831 4592 καὶ
1862 4538 1969 4615 ἐγὼ

302 4628 639 4714 συνεισφὲρω
685 4634 786 4701 τὴν
811 4625 1065 4732 ἐλπίδα,
1120 4626 1192 4732 ᾖς
1252 4630 1455 4732 μεῖζον,
1497 4622 1836 4732 οὖδὲν;’«,”Η
1861 4622 1967 4732 γὲρ
2002 4669 2045 4732 D

302 4721 483 4793 ἐλπὶς,
507 4713 702 4796 γφησέν,
736 4717 1020 4793 ὰλλαχαῦ,
1078 4716 1140 4772 οὐ
1187 4713 1562 4789 καταισχύνει.
1600 4737 1627 4766 ››
1661 4713 1780 4777 Καὶ,
1815 4738 1841 4765 (ι
1875 4715 1966 4769 Γὲ-

300 4831 474 4877 verto,
511 4809 698 4886 Κύριε,
727 4808 791 4865 τὸ
824 4804 980 4869 ἔλεός
1011 4820 1111 4861 σου
1170 4805 1250 4881 ἐφ’
1304 4806 1476 4875 ἡμᾶς,
1517 4804 1760 4877 καθάπερ
1791 4798 1966 4873 ἠλπῖ-

303 4920 472 4975 σαμεν
504 4897 592 4955 ἐπὶ
624 4897 728 4954 σοί.
763 4918 786 4950 s
821 4930 890 4939 —
923 4920 951 4948 «
982 4894 1106 4951 ’Ότι
1142 4892 1193 4948 ἐν
1228 4889 1405 4947 οὺδειὶ
1436 4891 1897 4967 αἰσχυνθήσομαι.
1932 4916 1962 4945 ››

298 4991 444 5060 “Ott,
480 4987 667 5069 φησὶν,
721 4986 783 5044 οἷ)
839 4981 1194 5062 περίϐουλοι.
1256 4983 1310 5037 οἱ
1368 4978 1677 5038 ἐπίϐουλοι.
1731 4982 1822 5039 ’Ᾱν
1857 4983 1961 5059 γὰρ

300 5077 686 5146 ἀποκτείνωσι,
742 5075 867 5132 τότε
928 5072 1167 5149 μάλιστα
1219 5071 1557 5148 περιγέγονα.
1618 5096 1644 5122 ‹‹
1706 5069 1863 5126 Ἀλλ’
1907 5071 1960 5127 ἐν

299 5166 446 5239 πάσῃ
501 5165 801 5242 παρρησίᾳ,
836 5185 865 5215 ››
925 5163 1074 5232 Οῐον,
1139 5162 1347 5235 σαφῶς,
1404 5163 1671 5240 φανερῶς,
1732 5158 1799 5214 οὐ
1840 5181 1962 5215 συν-

298 5256 691 5330 ασκιασμὲνως.
748 5286 819 5297 --
888 5275 912 5307 ι
968 5252 1067 5307 Καὶ
1143 5253 1236 5304 νῦν
1297 5247 1759 5323 μεγαλυνθήσεται
1825 5251 1958 5323 Χρι·

296 5345 445 5408 στός.
472 5366 500 5397 ››
534 5375 599 5388 -
631 5344 841 5419 [ΦΩΤ.]
868 5342 1103 5398 Πάντοτε
1134 5337 1499 5416 ἐμεγαλύνετο
1528 5338 1764 5409 Χριστὸς
1795 5337 1847 5394 ἐν
1879 5343 1959 5412 τῷ

292 5433 525 5506 ΙῙαυΑῳ,
583 5431 674 5487 καὶ
734 5429 824 5486 ὅτε
875 5429 1192 5505 παρεχώρει
1251 5425 1411 5482 αὐτὸν
1464 5431 1581 5488 τοῖς
1614 5424 1838 5498 δεσμοῖς
1866 5428 1956 5484 καὶ

291 5528 413 5584 τοῖς
475 5521 719 5595 μάστιξιν
787 5516 1235 5591 ἐνταλαιπωρεῖν.
1302 5517 1395 5571 καὶ
1455 5516 1545 5571 ὅτε
1602 5513 1809 5586 ἐξεῖλκε
1865 5518 1956 5573 καὶ

295 5609 594 5686 ἱλυτροῦτο
652 5607 836 5666 αὒτόν.
899 5607 996 5663 Διὰ
1068 5607 1162 5679 μὲν
1213 5606 1315 5680 γὰρ
1375 5605 1581 5660 ἐκείνου
1641 5601 1955 5662 ἐϐεϐαιοῦτο

292 5700 385 5758 γαὶ
414 5698 732 5775 ἐκρατύνετο
752 5698 814 5754 τὸ
842 5699 1126 5775 κήρυγμα,
1158 5693 1536 5770 λογιζομένων
1559 5700 1668 5750 τῶν
1697 5695 1953 5771 ὁρώντων

366 5819 390 5853 ³
422 5820 585 5874 Rom.
623 5835 674 5885 v,
838 5816 860 5850 ⁸
890 5813 1044 5869 Psal.
1079 5828 1245 5880 xxx",
1273 5814 1363 5867 22.

2161 2758 2392 2813 1.19.20.
2427 2780 2455 2808 ‹‹
2489 2759 2627 2814 Novi
2665 2760 2825 2815 enim
2857 2758 3017 2832 quod
3040 2762 3151 2817 hoc
3181 2762 3329 2818 mihi
3361 2763 3615 2819 cedetin
3641 2764 3739 2820 78

2094 2868 2117 2897 ι
2150 2848 2403 2904 salutem
2426 2864 2534 2920 per
2554 2853 2808 2905 vestram
2839 2849 3323 2922 deprecationem
3346 2857 3405 2907 et
3419 2852 3740 2908 subminis-

2090 2959 2117 2987 ‹‹
2151 2938 2471 2992 irationem
2503 2935 2755 3008 Spiritus
2782 2937 2921 2993 Jesu
2952 2936 3168 2995 Christi
3228 2941 3558 2997 secundum
3598 2955 3740 2996 exs-

2087 3049 2116 3078 ‹‹
2154 3028 2549 3098 pectationem
2582 3033 2640 3082 et
2670 3039 2838 3099 Spem
2870 3029 3259 3100 meam,quod
3277 3031 3449 3087 nulla
3468 3030 3529 3086 in
3555 3044 3619 3085 re
3640 3044 3745 3102 pu-

2085 3138 2115 3165 ‹‹
2148 3117 2388 3183 deﬁam,
2424 3115 2525 3171 sed
2578 3128 2714 3172 cum
2767 3118 2931 3172 omni
2962 3118 3239 3175 libertate
3268 3120 3336 3175 ut
3366 3134 3626 3193 semper,
3659 3120 3745 3176 ita

2084 3226 2113 3254 «
2142 3220 2301 3260 nunc
2333 3217 2571 3276 quoque
2606 3206 3089 3275 magniﬁcabitur
3109 3208 3381 3264 Christus
3413 3209 3471 3263 in
3495 3222 3742 3281 corpore

2018 3296 2058 3361 C
2092 3314 2120 3344 ‹‹
2154 3308 2306 3361 meo,
2340 3294 2460 3350 sive
2491 3308 2599 3366 per
2626 3295 2826 3360 vitam,
2860 3296 2982 3351 sive
3014 3311 3119 3368 per
3149 3302 3402 3352 mortem
3434 3317 3486 3353 ω.

2158 3406 2185 3432 ‹‹
2220 3385 2355 3438 Hoc.
2391 3404 2414 3433 ιι
2451 3386 2565 3438 Aut
2594 3383 2881 3456 illigatum
2914 3400 3068 3451 esse,
3102 3391 3206 3441 aut
3236 3385 3309 3441 ab
3340 3386 3485 3459 ipsis
3514 3385 3737 3459 prtedi-

2082 3473 2202 3527 cari
2237 3469 2559 3538 Christum,
2594 3478 2696 3529 aut
2725 3474 2906 3530 etiam
2937 3472 3172 3532 insidiis
3231 3474 3430 3548 appeti
3462 3474 3535 3533 ab
3590 3474 3732 3547 illis,

2088 3581 2109 3609 ι
2142 3564 2206 3618 in
2238 3562 2546 3618 salutem.»
2587 3564 2848 3620 Salutem
2881 3570 3079 3620 autem
3111 3565 3255 3622 dicit
3283 3563 3443 3638 quod
3465 3567 3732 3623 nondum

2082 3658 2386 3723 pateretur
2414 3653 2785 3724 martyrium.
2845 3674 2872 3703 ‹‹
2902 3655 3015 3710 Per
3041 3660 3297 3711 vestram
3358 3655 3729 3727 deprecatio-

2082 3756 2240 3796 nem.
2288 3764 2309 3794 ι
2349 3741 2491 3797 Vide
2523 3748 2721 3797 autem
2753 3747 3043 3814 quantum
3074 3758 3204 3799 sese
3236 3742 3529 3800 demittat.
3581 3746 3727 3799 Cum

2081 3830 2155 3885 ob
2213 3831 2527 3886 innumera
2585 3831 2872 3902 prmclara
2927 3832 3193 3888 facinora
3248 3832 3568 3889 deberetur
3617 3834 3730 3889 sibi

2078 3919 2351 3988 salus,ait
2385 3937 2396 3974 :
2429 3921 2542 3975 Per
2573 3924 2820 3976 vestram
2854 3921 3358 3993 deprecationem.
3395 3923 3453 3977 Si
3506 3928 3730 3979 vestras

2080 4009 2291 4079 inquit,
2353 4009 2806 4080 deprecationes
2858 4008 3111 4082 adeptus
3166 4010 3356 4079 fuero,
3413 4011 3526 4069 erit
3582 4011 3728 4066 mihi

2077 4097 2445 4153 abundantia
2476 4103 2534 4152 et
2566 4099 2741 4154 veluti
2775 4105 3219 4155 accrementum
3251 4101 3517 4171 spiritus.
3562 4122 3591 4150 ‹‹
3623 4100 3729 4154 Se—

2078 4187 2337 4243 cundum
2371 4189 2898 4258 exspectationem.
2933 4209 2961 4239 ››
3012 4188 3525 4261 Exspectationem
3584 4189 3729 4244 dicit

2077 4277 2488 4331 vehementem
2524 4283 2581 4331 et
2611 4278 2913 4331 intensam
2946 4292 3137 4347 spem,
3169 4289 3349 4347 quam
3380 4276 3516 4347 quis
3544 4276 3727 4331 etiam

2079 4366 2270 4437 capite
2294 4366 2423 4437 ipso
2446 4371 2604 4420 moto
2629 4366 2898 4421 observat
2917 4383 2985 4421 ac
3007 4365 3392 4436 concupiscit.
3423 4388 3442 4412 ι
3468 4367 3538 4419 Et
3558 4378 3726 4437 spem

2080 4470 2332 4509 meam.»
2355 4457 2435 4509 Ex
2454 4455 2544 4509 his
2572 4453 2741 4509 docet
2765 4470 2884 4510 non
2919 4460 3193 4525 Oportere
3221 4455 3285 4509 in
3310 4453 3454 4509 solis
3471 4450 3726 4509 aliorum

2077 4542 2354 4613 precibus
2400 4541 2722 4611 confidere,
2774 4544 2891 4598 nisi
2943 4544 3123 4598 etiam
3172 4552 3208 4598 a
3254 4543 3449 4615 seipse
3496 4538 3727 4614 aliquid

2076 4631 2363 4686 conferat.
2396 4632 2602 4701 Itaque
2635 4637 2693 4686 et
2722 4633 3074 4704 ego,inquit,
3105 4645 3275 4704 spem
3308 4632 3484 4687 simul
3516 4630 3721 4699 ail‘ero,

2077 4732 2194 4789 qua
2223 4717 2373 4772 nihil
2406 4721 2599 4791 majus
2632 4727 2739 4775 est.
2774 4742 2802 4769 ‹‹
2838 4722 2984 4792 Spes
3012 4722 3197 4786 enim,
3230 4716 3377 4776 dicit
3403 4717 3567 4789 alibi,
3601 4734 3725 4776 non

2068 4806 2466 4877 pudefacita.»
2500 4806 2570 4862 Et
2602 4825 2615 4862 :
2651 4828 2680 4857 ‹‹
2714 4807 2842 4864 Fiat
2875 4808 3289 4865 misericordia
3321 4809 3721 4875 tua,Domine,

2076 4906 2254 4965 super
2302 4906 2433 4958 nos,
2492 4895 2995 4966 quemadmodum
3048 4898 3414 4969 speravimus
3463 4899 3522 4953 in
3575 4904 3629 4952 te
3679 4899 3720 4954 ‘.

2075 5006 2102 5033 «
2136 4984 2301 5049 Quod
2333 4983 2499 5039 nulla
2554 4985 2615 5039 in
2651 5001 2711 5040 re
2766 4984 3088 5057 pudeﬁam.
3126 5009 3153 5036 ››
3181 4988 3329 5052 Quia
3386 4987 3724 5059 superiores

2072 5088 2193 5128 non
2226 5078 2402 5129 exunt
2432 5072 2813 5130 insidiatores
2842 5092 2854 5129 :
2887 5090 3025 5131 nam
3058 5076 3108 5130 si
3139 5076 3488 5145 occiderint,
3516 5077 3579 5131 in
3610 5077 3722 5131 hoc

2072 5163 2329 5217 maxime
2360 5163 2573 5218 vicero.
2614 5185 2641 5213 α
2676 5162 2788 5219 Sed
2845 5176 2981 5219 cum
3013 5165 3174 5219 omni
3208 5164 3502 5220 libertate.
3537 5186 3564 5215 ι)
3600 5166 3721 5221 Hoc

2072 5256 2181 5320 est,
2212 5251 2902 5323 perspicue.aperte,non
2928 5251 3163 5308 obtecto
3196 5251 3469 5311 modo.-——
3492 5275 3519 5305 ‹‹
3554 5256 3721 5310 Nunc

2071 5354 2307 5412 quoque
2334 5339 2812 5414 magniﬁcabitur
2832 5341 3158 5397 Christus.»
3186 5343 3434 5415 Semper
3454 5345 3513 5399 in
3533 5344 3718 5398 Paulo

2069 5427 2564 5501 magniﬁcabatur
2591 5429 2881 5498 Christus,
2914 5437 2973 5486 et
3003 5430 3241 5503 quando
3273 5432 3467 5502 ipsum
3518 5430 3719 5487 trade-

2070 5518 2187 5587 bat,
2220 5526 2284 5575 ut
2314 5520 2569 5575 vinculis
2599 5536 2667 5575 ac
2698 5519 2949 5593 ﬂagellis
2984 5534 3201 5577 misere
3241 5518 3624 5594 afﬂigeretur,
3658 5525 3717 5575 et

2068 5606 2306 5680 quando
2331 5606 2619 5665 educebat
2642 5626 2778 5665 eum
2801 5626 2868 5665 ac
2887 5608 3194 5666 liberabat.
3218 5613 3333 5665 Per
3351 5608 3500 5665 illud
3543 5622 3713 5664 nam-

2067 5713 2181 5771 que
2212 5695 2701 5765 confirmabatur,
2730 5700 3001 5773 viresque
3025 5700 3297 5756 sumebat
3328 5698 3669 5772 prtedicatio
3696 5717 3709 5754 :
