4108 6408
387 461 537 522 1271

1473 454 1901 525 OECUMENlI
1949 450 2255 515 TBICCE
2296 453 2678 518 EPISCOPI.

3651 452 3811 514 12⁸12

386 594 528 651 dum
560 593 621 647 hi
653 590 755 663 qui
789 588 955 645 Pauli
987 587 1225 644 vincula
1254 593 1312 642 et
1343 587 1697 644 afﬂictiones
1728 587 2037 643 intueban-

2158 586 2214 640 τὰ
2244 585 2463 642 Παύλου
2513 586 2686 663 δεσμᾶ
2733 587 2824 644 καὶ
2872 588 2969 652 τὰς
3018 585 3254 662 θλίψεις,
3290 587 3365 650 ὡς
3394 586 3440 643 εἴ
3471 588 3548 660 μή
3582 587 3725 643 θεῖόν
3752 609 3811 643 τι

385 692 501 749 tur,
535 682 595 737 id
626 680 783 752 apud
816 696 879 734 se
909 677 1264 750 cogitabant,
1313 678 1472 749 quod
1502 678 1620 734 nisi
1652 677 1852 733 divina
1880 682 2038 733 esset

386 789 454 828 ac
481 770 796 827 verissima
827 767 958 839 ejus
986 766 1740 838 praedicatiomequaquam
1772 766 2036 839 gaudens

385 860 718 919 innumeris
751 859 1015 929 seipsum
1047 864 1372 929 exponeret
1401 858 1597 928 malis,
1640 875 1773 913 cum
1831 858 2037 912 liceret

391 949 690 1007 cessando
747 947 1015 1003 lirebari.
1076 946 1214 1002 ldeo
1276 947 1490 1002 merito
1548 947 2041 1020 magniﬁcabatur

386 1041 655 1097 Christus
687 1038 1037 1094 confirmato
1060 1037 1655 1111 Evangeliollursum
1673 1044 1873 1093 autem
1898 1037 2038 1093 dum

387 1128 740 1187 extrahebat
769 1145 839 1183 ac
872 1127 1162 1198 eripiebat
1218 1128 1410 1198 ipsum
1447 1144 1477 1182 e
1508 1127 1812 1199 periculis,
1860 1127 2039 1182 etiam

387 1221 527 1276 inde
558 1218 1068 1291 magniﬁcahatur.
1104 1217 1222 1272 Nisi
1257 1217 1414 1271 enim
1449 1217 1647 1272 divina
1677 1216 1950 1289 quasdam
1983 1223 2041 1271 et

392 1326 572 1380 super
594 1307 900 1363 hominem
927 1312 1081 1362 esset
1099 1306 1288 1378 gratia
1306 1324 1435 1377 quas
1458 1307 1708 1362 Paulum
1733 1307 2038 1375 liberaret,

393 1400 491 1453 74
522 1395 819 1468 quomodo
854 1395 1047 1450 soluta
1091 1394 1347 1450 fuissent
1397 1395 1633 1451 vincula
1661 1395 1688 1450 ‘2
1736 1395 2040 1459 Quomodo

387 1492 593 1558 aperta
622 1486 775 1539 ostia
803 1483 872 1539 ⁵⁸2
905 1483 1203 1555 quomodo
1236 1485 1551 1539 innumera
1582 1484 1685 1540 illa
1714 1484 1869 1540 facta
1894 1484 2040 1540 fuis-

389 1581 522 1630 sent
551 1573 842 1630 miracula
863 1572 891 1627 εἴ
920 1573 1347 1628 Testimonium
1379 1574 1578 1644 itaque
1619 1573 1842 1628 ferebat
1874 1573 2045 1629 Chri-

390 1671 518 1719 stus
549 1664 731 1719 Paulo
762 1678 832 1717 ex
867 1679 934 1717 eo
966 1661 1125 1734 quod
1156 1678 1187 1717 e
1218 1662 1503 1734 periculis
1534 1662 1864 1718 liberabat:
1918 1680 2045 1717 rur—

393 1771 644 1826 sumque
705 1751 923 1808 Paulus
983 1768 1053 1806 ex
1111 1768 1180 1806 eo
1238 1750 1398 1822 quod
1451 1757 1732 1807 constans
1798 1756 1925 1806 erat
1980 1751 2042 1805 in

392 1841 1259 1909 afﬂictionibus,testimonium
1274 1840 1501 1896 ferebat
1520 1841 1957 1913 prtedicationi:
1984 1847 2044 1897 et

2142 675 2234 730 καὶ
2291 675 2604 748 παναληθες
2664 678 2833 733 αὐτοῦ
2888 677 2953 733 τὸ
3010 678 3291 751 κήρυγμα,
3347 677 3450 733 οὐκ
3507 676 3566 732 ἂν
3618 678 3813 733 ἑαυτὸν

2149 764 2363 835 μυρίοις
2423 766 2634 842 χαίρων
2692 763 2933 837 ἐξεδίδου
2988 771 3201 833 κακοῖς,
3263 764 3378 821 ἐνὸν
3451 768 3805 840 παυσάμενον

2145 853 2610 912 ἀπαλλάττεσθαι.
2645 858 2738 913 Διὸ
2798 856 3028 918 εἰκότως
3087 857 3454 931 ἐμεγαλύνετο
3486 858 3513 912 ὁ
3546 857 3804 931 Χριστὸς,

2144 948 2241 998 τοῦ
2271 945 2621 1020 κηρύγματος
2684 941 3097 1022 βεϐαιουμένου.
3160 943 3332 1001 Πάλιν
3366 942 3424 1000 δὲ
3464 946 3552 1001 ὅτε
3593 943 3807 1016 ἑξεῖλγε

2144 1033 2235 1089 καὶ
2294 1033 2587 1110 ἐξήρπαξεν
2677 1035 2840 1091 αὐτὸν
2922 1033 2984 1091 ἒκ
3063 1040 3171 1090 τῶν
3230 1032 3520 1104 κινδύνων,
3579 1035 3809 1099 αὐτόθεν

2148 1122 2529 1196 ἐμεγαλύνετο.
2568 1124 2631 1181 Εἴ
2698 1126 2776 1197 μή
2832 1125 2933 1201 γὰρ
2975 1123 3094 1180 θεία
3121 1145 3206 1186 τις
3233 1124 3324 1180 καὶ
3358 1124 3490 1199 ὑπὲρ
3520 1122 3808 1199 ἄνθρωπον

2145 1213 2276 1282 ἦνὴ
2311 1213 2551 1287 ῥυομένη
2616 1214 2708 1268 τὸν
2782 1213 2995 1269 Παῦλον
3067 1213 3258 1288 χάρις,
3324 1217 3441 1275 πῶς
3502 1212 3692 1268 ἐλύετο
3739 1216 3809 1269 τᾶ

2149 1300 2361 1374 δεσμάς
2419 1308 2542 1365 Πῶς
2600 1304 2938 1380 ἀνεῴγνυντο
2993 1304 3049 1358 αἱ
3105 1304 3304 1378 θύραις
3366 1307 3489 1365 Πῶς
3543 1303 3610 1357 τὰ
3643 1303 3813 1379 μυρία

2149 1392 2397 1464 θαύματα
2443 1390 2620 1447 ἐκεῖνα
2678 1390 2969 1469 ἐγεγόνει;
3050 1392 3378 1467 Ἐμαρτύρει
3453 1393 3546 1447 οὗν
3594 1393 3623 1447 6
3674 1394 3815 1467 Χρι-

2150 1480 2276 1542 στὸς
2326 1477 2396 1534 δι’
2453 1482 2529 1535 ὧν
2584 1479 2805 1556 ἐρρύετο
2844 1486 2951 1536 τῶν
2997 1479 3257 1537 κινδύνων
3287 1479 3512 1555 Παύλῳ,
3542 1481 3632 1536 καὶ
3664 1485 3815 1536 Παῦ-

2153 1569 2250 1632 λος
2310 1570 2498 1642 πάλιν,
2565 1568 2635 1626 δι’
2710 1571 2785 1626 ὧν
2864 1571 3193 1647 ἐνεκαρτέρει
3267 1576 3384 1633 τοῖς
3458 1577 3813 1648 πειρασμοῖς,

2153 1658 2443 1735 ἐμαρτύρει
2482 1665 2562 1732 τῷ
2613 1667 2951 1736 κηρύγματι,
3008 1662 3099 1716 καὶ
3159 1658 3231 1716 δι’
3285 1662 3487 1739 ἀμφοῖν
3522 1661 3815 1735 ὁΧριστὸς

2153 1748 2542 1825 ἐμεγαλύνετο·
2601 1749 2791 1812 Οὕτως
2846 1750 2937 1805 οὗν
2996 1750 3088 1805 καὶ
3145 1754 3237 1804 νῦν
3278 1771 3463 1829 φησιν·
3499 1749 3624 1807 Ε’ἰτε
3655 1750 3811 1820 ἐξαι-

2154 1838 2327 1912 ρεῖταί
2361 1861 2428 1911 με
2456 1844 2555 1895 τοῦ
2612 1839 2865 1911 θανάτου,
2920 1841 3029 1896 ε’ἰτε
3084 1843 3158 1915 μὴ
3221 1842 3248 1895 6
3305 1841 3563 1915 Χριστὸς,
3597 1840 3652 1896 ἐν
3679 1841 3808 1914 ἐμοὶ

390 1942 649 2005 utroque
676 1929 847 1985 modo
866 1929 1133 1984 Christus
1153 1930 1877 2000 mrgnificabaturltaque
1906 1946 2041 2002 ergo

2158 1926 2643 2003 μεγαλυνθήσεται.
2706 1930 2852 2004 Ἐγὼ
2905 1931 3012 2007 (pip
3068 1931 3159 1985 καὶ
3219 1935 3342 2000 ζῶν,
3395 1937 3496 2001 τῆς
3550 1932 3682 2007 ὑπὲρ
3709 1934 3815 1986 τοῦ

394 2031 452 2082 et
479 2040 635 2079 nunc
665 2022 746 2076 ait
780 2036 792 2074 :
856 2019 982 2074 Sive
1015 2018 1244 2074 leberet
1299 2036 1394 2074 me
1426 2020 1695 2075 Christus
1751 2036 1785 2075 a
1833 2025 2045 2084 morte,

391 2115 511 2169 sive
543 2128 684 2177 non,
705 2111 766 2165 in
798 2124 893 2164 me
924 2107 1426 2180 magniﬁcabitur.
1452 2108 1568 2181 Ego
1587 2109 1747 2163 enim
1764 2114 1824 2163 et
1849 2108 2046 2163 vivens

393 2221 427 2260 a
456 2198 818 2275 prmdicandi
852 2197 1128 2253 libertate
1155 2214 1277 2252 non
1307 2197 1608 2252 discedam
1646 2214 1658 2251 :
1698 2204 1756 2253 et
1811 2199 1861 2253 si
1895 2198 2046 2253 mori

394 2308 490 2348 me
521 2294 953 2362 oporteat,cum
983 2286 1093 2342 hac
1116 2286 1355 2342 moriar.
1386 2306 1412 2338 ι
1445 2288 1510 2342 In
1543 2303 1789 2359 corpore
1823 2303 1975 2345 meo.
2025 2309 2044 2334 ι

398 2381 491 2437 Illi
523 2396 630 2451 per
667 2379 781 2434 hoc
813 2376 971 2447 quod
993 2376 1292 2431 Christum
1326 2392 1394 2430 ex
1426 2376 1809 2432 contentione
1840 2376 2049 2448 praedi-

398 2465 1087 2531 cabant,arbitrabantur
1114 2464 1313 2535 ipsum
1345 2464 1555 2520 tollere
1581 2482 1592 2520 :
1628 2464 1685 2519 id
1708 2470 2047 2520 autemnon

396 2558 482 2612 ita
512 2551 982 2625 erit,inquit,sed
1011 2551 1493 2624 magniﬁcabitur
1522 2552 1789 2607 Christus
1824 2553 1885 2607 in
1919 2569 2052 2607 cor-

395 2662 539 2717 pore
570 2649 798 2709 meo,ut
830 2642 930 2712 qui
963 2657 1199 2713 semper
1229 2658 1323 2696 me
1348 2641 1563 2712 eripiat
1592 2648 1769 2712 atque
1796 2641 2053 2697 redimat

395 2738 574 2806 prout
603 2732 716 2804 ipsi
741 2731 927 2787 moris
959 2737 1067 2785 est.
1088 2729 1310 2785 Deinde
1343 2730 1443 2784 ubi
1476 2730 1669 2801 prima
1701 2730 2049 2787 defensione

397 2822 728 2889 absolutus,
779 2836 1019 2875 rursum
1076 2818 1311 2874 ablatus
1361 2824 1539 2885 esset,
1600 2819 1778 2874 etiam
1829 2820 1891 2874 in
1940 2820 2052 2875 hoc

396 2910 824 2984 magniﬁcavit,
872 2909 974 2977 ait,
1033 2908 1319 2963 Christus.
1357 2931 1383 2955 ‹‹
1438 2908 1565 2963 Sive
1626 2925 1733 2980 per
1762 2909 1991 2965 avitam.
2026 2931 2051 2958 ››

397 3000 687 3065 Quoniam
722 2997 939 3069 eripuit
998 3013 1091 3051 me
1124 2996 1196 3051 de
1229 3013 1331 3051 ore
1388 2997 1660 3051 Neronis.
1695 3020 1722 3045 ‹‹
1784 2997 1907 3051 Sive
1950 3015 2056 3069 per

398 3094 676 3145 mortem.
715 3110 741 3136 »
772 3086 1064 3152 Quoniam
1098 3086 1253 3141 vires
1307 3086 1453 3141 mihi
1508 3087 1807 3158 praestitit,
1855 3093 1922 3141 ut
1953 3086 2052 3142 de-

404 3178 696 3250 spicerem
729 3183 1003 3232 mortem.
1041 3177 1158 3231 Hoc
1190 3181 1390 3232 autem
1422 3174 1585 3238 dicit,
1615 3194 1737 3232 non
1768 3182 2053 3248 tanquam

401 3267 717 3324 confestim
753 3267 1113 3322 moriturus:
1149 3264 1254 3321 sed
1286 3266 1448 3336 ipsos
1479 3266 1925 3333 confortansme
1952 3266 2054 3321 ubi

401 3357 514 3411 hoc
543 3355 843 3412 accideret
870 3353 1273 3409 turbarentur.

471 3446 515 3499 Ι.
534 3447 720 3498 21ο26.
745 3467 771 3493 ‹‹
798 3445 945 3499 Nam
964 3442 1113 3498 mihi
1136 3442 1252 3497 vita
1268 3442 1537 3498 Christus
1557 3446 1667 3510 est,
1691 3449 1750 3497 et
1769 3459 1928 3498 mors
1959 3443 2048 3498 lu-

400 3556 429 3584 «
462 3531 820 3598 crum.Quod
838 3531 885 3585 si
901 3531 1203 3604 contingat
1222 3530 1409 3585 vivere
1425 3530 1882 3596 incarne,eares
1905 3532 2050 3587 mihi

408 3643 430 3668 ε
463 3622 691 3679 fructus
714 3627 805 3677 est
824 3620 1112 3692 operis,et
1128 3620 1271 3691 quid
1290 3620 1502 3693 eligam
1528 3622 1753 3693 ignoro.
1773 3623 2052 3679 Coarctor

402 3736 429 3762 ι(
464 3712 625 3768 enim
640 3711 817 3766 exhis
830 3709 1440 3778 duobus,desiderans
1455 3709 1695 3765 dissolvi
1709 3715 1768 3765 et
1780 3728 1909 3766 esse
1923 3729 2050 3768 cum

403 3824 430 3851 ‹‹
465 3794 882 3872 Christo,quod
911 3798 1630 3871 multolongequemelius
1644 3800 2049 3857 est.Czeterum

403 3913 431 3940 ‹‹
461 3906 705 3947 manere
718 3891 778 3944 in
793 3906 969 3945 carne
986 3889 1171 3961 magis
1184 3889 1588 3944 necessarium
1603 3895 1845 3961 propter
1858 3892 2055 3945 vosEt

404 4002 431 4031 ‹‹
465 3982 574 4036 hoc
588 3996 908 4052 persuasus
921 3980 1043 4034 scio
1059 3979 1216 4050 quod
1231 3996 1549 4034 mansurus
1563 3979 1764 4047 sim,et
1780 3998 1915 4035 cum
1932 3998 2054 4036 om-

405 4093 433 4121 ‹‹
465 4071 643 4126 nibus
660 4069 823 4126 vobis
844 4085 1267 4141 permansurus
1288 4070 1363 4124 ad
1379 4075 1634 4125 vestrum
1653 4071 1981 4141 profectum
1997 4077 2056 4126 et

403 4184 431 4211 ‹‹
462 4162 741 4233 gaudium
759 4160 920 4227 fidei,
946 4165 1010 4215 ut
1030 4161 1217 4230 gloria
1242 4165 1430 4215 vestra
1460 4160 1742 4216 exuberet
1762 4178 1868 4232 per
1887 4163 2053 4217 Chri~

402 4271 429 4300 ‹‹
465 4256 621 4306 stum
646 4253 847 4306 Jesum
872 4251 933 4304 in
957 4267 1186 4321 me,per
1204 4267 1403 4304 meum
1432 4250 1711 4305 iteratum
1735 4250 1805 4304 ad
1831 4268 1931 4306 vos
1956 4251 2054 4306 ad-

399 4362 428 4389 ‹‹
463 4347 723 4396 ventum.
757 4362 786 4389 θ)

470 4428 632 4483 Alibi
655 4430 738 4482 ait
763 4444 775 4481 :
805 4428 971 4493 Quod
991 4432 1189 4482 autem
1216 4442 1374 4480 nunc
1398 4426 1521 4481 vivo
1549 4426 1829 4494 in'carne,
1856 4428 1917 4482 in
1938 4427 2052 4483 [ide

397 4516 524 4571 νίνυ
554 4516 688 4570 Filii
718 4517 845 4582 Dei,
868 4516 967 4587 qui
1001 4514 1201 4570 dilexit
1232 4530 1323 4569 me
1341 4513 1384 4581 ⁸,
1411 4522 1469 4570 et
1494 4516 1604 4571 hoc
1629 4533 1787 4571 nunc
1816 4533 2053 4589 quoque

399 4606 562 4675 dicit,
598 4606 796 4678 Ipsum
830 4605 1021 4661 habeo
1054 4605 1231 4659 vitam
1270 4620 1282 4658 :
1315 4621 1507 4675 neque
1541 4605 1700 4660 enim
1733 4606 1834 4676 qui
1877 4623 2050 4663 mun-

2150 2018 2504 2091 κηρύγματος
2560 2017 2872 2093 παρρησίας
2932 2019 3031 2075 ούκ
3082 2021 3491 2094 ἀποστήσομαι,
3549 2019 3644 2075 κᾶν
3707 2018 3813 2095 δύῃ

2156 2127 2224 2180 με
2283 2109 2551 2177 τεθνάναι,
2614 2110 2749 2182 μετὰ
2802 2109 3008 2181 ταύτης
3083 2112 3437 2184 τεθνήξομαι,
3495 2134 3523 2162 ι(
3585 2112 3672 2167 Ἐν
3732 2115 3819 2183 τῷ

2155 2196 2369 2269 σώματί
2403 2218 2528 2269 μου.
2562 2222 2584 2252 ι
2616 2199 2843 2253 Ἐκεῖνοι
2887 2195 2977 2254 διὰ
3027 2203 3125 2254 τοῦ
3182 2198 3232 2273 ἐξ
3293 2198 3524 2274 ἐριθείας
3554 2199 3646 2254 τὸν
3677 2201 3823 2273 X91-

2155 2286 2278 2341 στὸν
2309 2284 2728 2363 καταγγέλλειν,
2779 2285 2955 2359 ᾤοντο
3013 2288 3179 2343 αὐτὸν
3219 2288 3474 2362 ἀναιρεῖν.
3507 2288 3586 2345 Τὸ
3617 2285 3675 2344 δὲ
3705 2286 3824 2364 οὐχ

2155 2374 2330 2436 οὕτως
2382 2372 2555 2445 ἔσται,
2611 2374 2758 2432 ἀλλᾶ
2828 2375 3291 2451 μεγαλυνθήσεται
3324 2378 3353 2432 ὁ
3392 2377 3620 2452 Χριστὸς
3648 2376 3702 2433 ἐν
3731 2382 3820 2449 τῷ

2156 2462 2372 2536 σώματί
2433 2487 2559 2536 μου,
2618 2465 2694 2528 ὡς
2748 2467 2981 2521 πάντοτε
3038 2465 3418 2540 ἐξαιρούμενός
3464 2486 3553 2539 με,
3585 2467 3658 2530 ὡς
3689 2465 3819 2532 ἔθος

2155 2554 2325 2627 αύτῷ,
2355 2556 2446 2611 καὶ
2480 2553 2876 2630 λυτρούμετος.
2911 2558 3041 2614 Εἶτα
3089 2554 3278 2627 ἐπειδὴ
3322 2558 3424 2628 τήν
3459 2559 3553 2631 μὶν
3585 2559 3819 2632 πρώτην

2155 2644 2460 2718 ἀπολογίαν
2497 2641 2777 2723 διαφυγὼν
2832 2645 2988 2711 αὖθις
3044 2646 3296 2720 ἀνῃρέθη,
3351 2648 3507 2720 φησὶ,
3570 2644 3817 2722 μεγαλύ-

2155 2754 2300 2789 νεται
2331 2735 2588 2808 Χριστός.
2625 2758 2654 2788 ιι
2690 2734 2817 2791 Ε’ἰτε
2872 2733 2961 2791 διὰ
3023 2742 3190 2805 ζωῆς.
3227 2760 3255 2788 ››
3286 2733 3509 2805 Ἐπειδὴ
3541 2734 3817 2811 ἐξήρπασέ

2161 2844 2228 2895 με
2266 2823 2325 2878 ἐκ
2376 2827 2475 2879 τοῦ
2534 2823 2807 2897 στόματος
2863 2829 2962 2881 τοῦ
3009 2831 3276 2898 Νὲρωνος.
3310 2848 3340 2877 ‹‹
3371 2825 3497 2882 Εἲτε
3527 2824 3616 2881 διὰ
3644 2827 3819 2881 θανά-

2155 2933 2274 2967 του’
2312 2937 2334 2966 ι
2373 2910 2594 2982 Ἐπειδὴ
2642 2913 2905 2989 ἐνεύρωσέ
2959 2935 3026 2987 με
3056 2914 3194 2970 ὥστε
3235 2912 3306 2970 δι’
3350 2915 3511 2970 αὐτὸν
3539 2935 3820 2990 καταφρο-

2156 3009 2316 3071 νῆσαι
2344 3000 2593 3066 θανάτοῢ.
2628 3005 2808 3060 Τοῦτο
2841 3000 2898 3059 δέ.
2956 3025 3140 3080 φησιν,
3201 3004 3309 3083 οὐχ
3347 3005 3422 3059 ὡς
3450 3003 3647 3069 εὐθέως
3675 3004 3821 3060 ἀπο-

2160 3089 2510 3163 θανούμενος,
2570 3089 2698 3148 ἀλλ’
2756 3092 3192 3170 ἀσφαλιζόμενος
3247 3093 3469 3166 αὐτοὺς,
3531 3096 3609 3168 μὴ
3651 3105 3819 3171 θορυ-

2160 3176 2374 3235 ϐεῖσθαι
2402 3180 2601 3236 τούτου
2632 3181 2948 3258 γινομένου.

2229 3436 2392 3508 Ἐμοὶ
2449 3436 2552 3512 γὰρ
2619 3437 2682 3493 τὸ
2722 3441 2818 3511 ζῇν
2891 3439 3143 3512 Χριστὸς,
3219 3440 3308 3495 καὶ
3382 3439 3446 3495 τὸ
3520 3439 3819 3495 ἀποθανεῖν

2155 3520 2368 3599 κέρδος.
2428 3524 2497 3581 Εἴ
2554 3521 2613 3580 δὲ
2665 3527 2728 3580 τὸ
2791 3524 2883 3599 ζῇν
2938 3524 2990 3580 ἐν
3050 3527 3230 3602 σαρκὶ,
3260 3528 3417 3583 τεῦτό
3461 3548 3557 3601 μοι
3606 3528 3818 3604 καρπὸς

2156 3608 2335 3689 ἔργου,
2391 3613 2481 3668 καὶ
2548 3613 2598 3669 τί
2665 3612 2971 3691 αἱρήσομαι
3036 3614 3098 3671 οὐ
3165 3614 3436 3692 γνωρίζω.
3499 3624 3818 3692 Συνὲχομαι

2158 3700 2216 3758 δὲ
2273 3703 2333 3758 ὲκ
2384 3707 2494 3758 τῶν
2555 3700 2676 3775 δύο,
2724 3704 2822 3772 τὴν
2883 3703 3172 3777 ἐπιθυμίαν
3218 3702 3364 3780 ἔχων
3422 3703 3498 3768 εἷς
3562 3706 3626 3761 τὸ
3683 3706 3817 3761 ἀνα-

2158 3790 2316 3848 λῦσαι
2390 3791 2481 3847 καὶ
2558 3790 2650 3847 σὺν
2727 3794 2953 3864 Χριστῷ
3036 3793 3186 3863 εἶναι,
3289 3792 3489 3866 πολλῷ
3594 3793 3814 3869 μᾶλλον

2155 3887 2429 3954 κρεῖσσον.
2516 3883 2588 3936 Τὸ
2681 3878 2739 3936 δὲ
2805 3881 3077 3954 ἐπιμένειν
3149 3883 3203 3938 ὲν
3265 3885 3335 3956 τῇ
3403 3885 3583 3958 σαρκὶ,
3650 3885 3819 3962 ἂναγο

2156 3971 2437 4046 καιότερον
2499 3967 2570 4025 δι’
2631 3972 2791 4043 ὑμᾶς.
2854 3972 2958 4027 Καὶ
3015 3976 3178 4028 τοῦτο
3233 3974 3511 4037 πεποιθὼς
3572 3970 3696 4028 οἶδα
3730 3977 3819 4030 δτι

2162 4060 2307 4134 μένω
2363 4061 2453 4115 καὶ
2513 4065 2924 4136 συμπαραμενῶ
2979 4064 3141 4117 πᾶσιν
3201 4063 3350 4135 ὑμῖν,
3392 4060 3471 4125 εἷς
3526 4063 3627 4132 τὴν
3662 4064 3817 4138 ὑμῶν

2155 4150 2443 4224 προκοπὴν
2475 4149 2565 4203 καὶ
2623 4150 2799 4224 χαρὰν
2844 4156 2947 4219 τῆς
3004 4152 3262 4222 πίστεως,
3313 4151 3403 4206 ἳνα
3431 4152 3495 4207 τὸ
3546 4152 3820 4227 καύχημα

2161 4237 2314 4309 ὑμῶν
2379 4237 2669 4311 περισσεύῃ
2740 4237 2793 4292 ἓν
2866 4240 3080 4313 Χριστῷ
3152 4242 3338 4311 Ἰησοῦ
3397 4240 3449 4295 ἓν
3510 4240 3658 4313 ἐμοὶ,
3723 4239 3817 4295 διὰ

2156 4332 2257 4395 τῆς
2289 4325 2429 4398 ἐμῆς
2459 4325 2755 4402 παρουσίας
2786 4327 2950 4382 πάλιν
2980 4329 3116 4403 πρὸς
3152 4328 3310 4401 ὑμᾶς.

2232 4413 2519 4490 ’Δλλαχοῦ
2548 4436 2735 4495 φησιν,
2771 4417 2838 4474 *Ο
2887 4415 2943 4472 δὲ
2996 4421 3089 4472 ν’ύν
3141 4422 3219 4488 ζῶ
3250 4416 3303 4472 ἐν
3336 4419 3516 4493 σαρκὶ,
3551 4420 3601 4474 ὲν
3635 4417 3820 4474 πίστει

2160 4509 2237 4574 ζῶ
2287 4507 2356 4578 τῇ
2412 4508 2509 4559 τοῦ
2567 4503 2693 4560 Υἱοῦ
2761 4510 2861 4560 τοῦ
2940 4511 3073 4562 Θεοῦ
3126 4510 3225 4562 τοῦ
3283 4508 3659 4583 ἀγαπήσαντός
3722 4530 3814 4583 με.

2159 4596 2336 4650 Τοῦτο
2367 4594 2457 4649 καὶ
2489 4597 2580 4648 νῦν
2614 4593 2782 4670 λέγει’
2818 4595 2994 4651 Δύτὸν
3045 4593 3163 4670 ἔχω
3206 4598 3305 4665 τὴν
3345 4598 3512 4667 ζωήν.
3546 4596 3686 4655 Οὐδὲ
3713 4600 3819 4674 γὰρ

398 4696 539 4750 dum
571 4694 955 4766 despiciebat,
989 4693 1351 4749 mundanam
1398 4693 1625 4750 vivebat
1681 4694 1883 4764 vitam,
1945 4695 2047 4750 sed

2161 4683 2189 4737 6
2220 4687 2317 4736 τοῦ
2347 4682 2558 4755 κόσμου
2615 4689 2986 4758 καταφρονῶν,
3040 4686 3142 4753 τὴν
3201 4687 3472 4759 κοσμικῆν
3514 4681 3607 4755 ἔζη
3645 4692 3815 4754 ζωὲν,

397 4784 634 4847 Christi,
669 4782 729 4837 id
780 4789 890 4849 est,
944 4799 1125 4853 quam
1174 4782 1441 4837 Christus
1485 4779 1738 4838 volebat.
1796 4784 2047 4839 Lucrum

396 4880 533 4919 vero
558 4864 703 4919 dicit
732 4864 978 4931 mori,ut
1001 4863 1078 4917 sit
1107 4878 1243 4917 cum
1265 4863 1497 4917 Christo
1526 4868 1583 4917 et
1613 4880 1864 4919 coronas
1887 4880 2047 4919 asse-

400 4957 632 5021 quatur.
681 4952 775 5007 75
808 4976 833 5001 ‹‹
869 4950 1035 5016 Quod
1068 4951 1114 5005 si
1148 4952 1454 5024 contingat
1483 4952 1674 5006 vivere
1707 4953 1768 5007 in
1803 4967 1999 5007 carne.
2022 4976 2049 5003 ››

401 5040 559 5093 Dixit
592 5040 739 5093 mori
773 5057 901 5095 esse
936 5039 1191 5094 lucrum.
1239 5041 1316 5092 Ne
1343 5038 1478 5109 quis
1518 5045 1716 5093 autem
1751 5040 2053 5094 existimet

399 5127 559 5197 quod
591 5127 764 5181 vitam
800 5144 968 5182 suam
1000 5132 1261 5189 accuset,
1289 5127 1419 5180 vide
1452 5126 1593 5197 quid
1625 5128 1785 5181 dicat
1812 5146 1824 5182 :
1885 5129 2053 5193 Quod

400 5215 449 5270 si
481 5215 785 5285 contingat
814 5216 1023 5272 vivere.
1058 5215 1577 5286 Quandoquidem,
1610 5216 1826 5286 inquit,
1859 5218 2052 5274 vivere

400 5305 463 5358 in
492 5318 669 5358 carne
703 5303 926 5358 fructus
958 5304 1154 5375 operis
1185 5312 1291 5358 est.
1328 5303 1658 5374 (Siquidem
1699 5311 1892 5376 potest
1917 5307 2051 5377 quis

399 5394 512 5449 hac
530 5392 648 5446 vita
670 5393 753 5445 uti
779 5391 851 5446 ad
880 5392 1137 5447 fructum
1164 5391 1457 5449 bonorum
1477 5410 1723 5464 operum
1738 5395 1849 5449 .Ait
1867 5397 2047 5451 enim:

398 5481 847 5538 Fructiﬁcantes
879 5486 936 5536 et
965 5487 1299 5537 crescentes
1327 5481 1686 5552 7.)Quoniam
1701 5484 1868 5555 ergoi
1878 5501 2047 5554 psum

404 5588 640 5642 quoque
664 5571 854 5626 vivere
881 5568 956 5624 ad
979 5570 1457 5625 fructiﬁcandum
1482 5571 2050 5638 conducit,uondum

398 5660 544 5714 mihi
572 5659 876 5715 decretum
911 5665 1021 5727 est,
1055 5674 1249 5729 neque
1282 5659 1424 5714 satis
1478 5660 1610 5714 novi
1645 5660 1788 5731 quid
1848 5662 2047 5717 malim

470 5773 493 5805 ⁵
525 5776 647 5827 Act.
684 5791 794 5842 xw,
828 5776 851 5827 Ι
883 5791 1047 5843 seqq.
1125 5775 1147 5809 θ
1177 5773 1364 5829 Galat.
1400 5791 1460 5838 ιι,
1492 5777 1581 5829 20.

1660 5774 1679 5809 ⁷
1710 5776 1937 5834 Coloss.
1973 5795 2029 5848 ιι,
2063 5784 2147 5835 10.

2160 4769 2307 4826 ἀλλὰ
2336 4773 2435 4841 τὴν
2470 4769 2726 4845 Χριστοῦ,
2785 4770 2852 4842 ἤν
2915 4774 2943 4827 6
3000 4774 3229 4848 Χριστὸς
3282 4772 3578 4844 ἠϐούλετο.
3612 4773 3820 4851 Κέρδος

2163 4857 2220 4914 δὲ
2243 4860 2306 4914 τὸ
2338 4861 2628 4915 ἀποθανεῖν
2661 4881 2817 4937 φησι,
2879 4858 2970 4916 διὰ
3023 4861 3087 4917 τὸ
3140 4862 3232 4917 σὺν
3291 4862 3510 4938 Χριστῷ
3559 4864 3821 4919 εἶναικαὶ

2159 4954 2267 5003 τῶν
2298 4949 2573 5028 στεφάνων
2632 4950 2936 5028 ἐπιτυχεῖν.
2994 4975 3021 5001 ‹‹
3059 4951 3119 5007 Εἰ
3167 4948 3224 5006 δὲ
3272 4952 3335 5006 τὸ
3361 4956 3463 5024 ζῇν
3493 4952 3544 5007 ἐν
3575 4953 3753 5027 σαρκί.
3791 4978 3821 5005 ι)

2162 5040 2296 5094 Εἶπε
2351 5043 2414 5095 τὸ
2473 5041 2764 5104 ἀποθανεῖν
2825 5037 3040 5115 κέρδος.
3097 5044 3207 5100 Ἵνα
3266 5038 3323 5097 δὲ
3382 5044 3458 5114 μή
3512 5064 3596 5106 τις
3621 5044 3823 5118 νομίσῃ

2159 5130 2259 5196 τήν
2296 5131 2440 5199 ζωήν
2473 5128 2634 5183 αὐτὸν
2679 5124 3024 5201 διαϐάλλειν,
3074 5132 3173 5205 ὅρα
3220 5131 3272 5185 τί
3322 5153 3478 5205 φησι·
3516 5156 3543 5187 α
3575 5132 3638 5189 Εἰ
3670 5131 3728 5187 δὲ
3753 5135 3822 5188 τὸ

2166 5221 2281 5289 ζῇν.
2320 5241 2346 5268 ι)
2381 5215 2604 5286 Ἐπειδή
2641 5215 2719 5287 δὲ,
2753 5218 2909 5297 φησὶ,
2963 5220 3027 5274 τὸ
3062 5223 3160 5293 ζῇν
3190 5219 3242 5274 ἐν
3301 5221 3459 5295 σαρκὶ
3490 5222 3697 5297 καρπὸς
3727 5220 3821 5297 ἕρ-

2160 5325 2260 5381 γου
2316 5306 2451 5361 ἔστί.
2513 5304 2758 5378 (δύναται
2811 5308 2911 5381 γάρ
2970 5328 3054 5370 τις
3105 5313 3175 5383 τῇ
3236 5313 3349 5382 ζωῇ
3401 5314 3711 5385 χρήσασθαι
3742 5313 3822 5375 εἰς

2162 5396 2369 5468 καρπὸν
2428 5394 2603 5469 ἔργων
2663 5396 2906 5471 ἀγαθῶν.
2970 5399 3454 5474 Καρποφοροῦντες
3506 5400 3630 5475 γὰρ,
3662 5403 3824 5478 φησὶ,

2160 5485 2252 5540 καὶ
2309 5483 2708 5558 αὐξανόμενοι).
2770 5486 2885 5540 ἐπεὶ
2963 5484 3055 5541 οὖν
3130 5487 3221 5542 καὶ
3276 5489 3339 5543 τὸ
3393 5492 3491 5562 ζῇν
3557 5491 3693 5564 πρὸς
3756 5494 3823 5546 τὸ

2160 5579 2577 5653 καρποφορῆσαι
2637 5575 2905 5643 συντελεῖ,
2963 5576 3063 5630 οὐκ
3120 5573 3260 5641 οἶδα,
3322 5576 3448 5632 οὐδὲ
3484 5579 3735 5654 γνωρίζω
3765 5582 3825 5637 τί

2162 5664 2464 5737 αἱρήσομαι
2495 5664 2585 5718 καὶ
2618 5661 2961 5735 ὲπιλέξομαι,
3007 5666 3069 5720 τὸ
3125 5669 3244 5739 ζῇν,
3294 5667 3449 5745 φησί,
3487 5668 3576 5722 καὶ
3609 5690 3821 5744 καρπο-
