4108 6436
408 461 565 522 1273

1495 462 1909 525 COMMENT.
1955 463 2033 524 IN
2079 463 2327 526 EPIST.
2365 466 2471 525 AD
2512 464 2799 525 PBlLll’.

3670 465 3841 524 1274

395 598 580 672 φορεῖν
611 597 690 664 τῷ
720 593 859 665 Θεῷ,
887 593 924 664 ἢ
954 593 1016 648 τὸ
1050 593 1359 666 ἀποθανεῖν,
1390 596 1481 650 καὶ
1514 596 1605 650 σὺν
1642 597 1868 669 Χριστῷ
1899 594 2058 652 εἶναι.

2178 605 2280 653 aut
2311 597 2452 669 quid
2489 597 2809 669 eligam,an
2839 598 3031 652 vivere
3091 613 3158 653 ac
3193 596 3556 653 fructiﬁcare
3591 598 3728 667 Deo,
3769 613 3846 653 an

400 686 541 759 Ὅρα
573 681 652 752 δὲ,
685 684 770 739 ’ὁτι
800 682 993 758 ἔδειξεν
1024 684 1211 739 ἑαυτὸν
1254 685 1452 759 Κύριον
1509 690 1607 741 τοῦ
1664 690 1762 760 ζῇν
1818 686 1910 741 καὶ
1964 687 2064 759 μή.

407 798 435 827 ‹‹
470 772 782 850 Συνέχομαι
815 771 873 829 δὲ
902 774 962 829 ἐκ
987 779 1092 829 τῶν
1124 771 1237 831 δύο.
1280 799 1307 827 »
1358 776 1507 832 Ἐπεὶ
1559 777 1651 831 οὖν
1681 778 1735 831 τί
1767 777 2068 853 αἱρήσομαι

410 863 474 919 ού
502 862 779 937 γνωρίζω,
841 862 1067 924 εἰκότως
1122 862 1421 939 συνέχομαι
1482 864 1542 922 ἐκ
1590 870 1698 921 τῶν
1733 863 1851 933 δύο,
1881 871 1983 921 τοῦ
2011 888 2070 923 τε

406 952 693 1024 ἀναλῦσαι,
753 952 842 1008 καὶ
899 950 998 1008 τοῦ
1052 959 1381 1028 προσμεῖναι
1455 959 1525 1028 τῇ
1584 960 1724 1030 ζωῇ.
1795 956 1951 1024 Εἶτα,
2022 957 2067 1011 ὧ

407 1039 612 1110 Παῦλε,
647 1044 674 1097 ὁ
706 1046 964 1097 τοσοῦτον
1024 1042 1255 1118 Χριστὸν
1312 1044 1562 1120 ἀγαπῶν,
1596 1043 1743 1107 ὅλως
1798 1042 2067 1115 διατάξεις

399 1132 492 1188 καὶ
525 1127 900 1213 ἀμφιϐάλλεις
945 1133 995 1188 τί
1049 1154 1107 1188 σε
1161 1131 1243 1188 δεῖ
1297 1133 1604 1209 αἰρεῖσραι;
1664 1135 1861 1191 Καίτοι
1891 1137 2067 1208 ἀναμι-

402 1216 633 1299 φίόολόν
696 1243 783 1277 σοι
841 1221 1072 1300 ὤφειλεν
1134 1222 1268 1278 εἶναι
1327 1222 1520 1293 καλὸν,
1567 1224 1631 1279 τὸ
1681 1224 1941 1280 ἀναλύσαι
1973 1226 2065 1279 καὶ

400 1311 493 1366 σὺν
523 1315 749 1386 Χριστῷ
804 1311 959 1367 εἶναι.
1022 1310 1183 1381 Οἶδα,
1244 1313 1402 1391 φησὶ,
1457 1317 1620 1368 τοῦτο
1663 1314 1839 1390 κάγὼ,
1869 1313 2065 1388 ἀμέλει

399 1402 501 1470 τήν
534 1399 824 1473 ἐπιθυμίαν
877 1397 1022 1475 ἔχων
1064 1400 1140 1463 εἷς
1185 1402 1249 1456 τὸ
1298 1401 1565 1456 ἀναλῦσαι
1602 1402 1693 1457 καὶ
1728 1403 1820 1456 σὺν
1855 1405 2067 1478 Χριστῷ

404 1489 565 1559 εἶναι,
598 1489 689 1544 καὶ
720 1488 920 1559 ταύτην
952 1486 1153 1562 πολλῶ
1189 1488 1403 1562 μᾶλλον
1452 1490 1737 1564 κρείσσονά
1771 1513 1867 1565 μοι
1899 1491 2064 1547 οὖσαν

406 1575 588 1647 εἰδὼς,
650 1578 801 1634 εἷπον
858 1578 942 1633 ὅτι
996 1579 1301 1654 συνέχομαι
1358 1579 1419 1634 ἐκ
1471 1585 1581 1635 τῶν
1644 1577 1761 1636 δύο.
1813 1580 1966 1637 Διατί
2010 1579 2067 1636 δὲ

396 1674 601 1737 τοῦτο;
661 1666 750 1723 διὰ
805 1671 905 1738 τήν
966 1669 1229 1744 ὑμετέραν
1292 1670 1587 1745 σωτηρίαν,
1645 1671 1801 1748 φησὶ,
1846 1672 1936 1726 καὶ
1996 1668 2067 1726 δι’

394 1757 559 1831 ὑμᾶς,
613 1758 748 1832 ὅπερ
806 1757 1229 1834 ἀναγκαιότερον
1289 1761 1551 1833 ἡγοῦμαι,
1615 1756 1805 1828 ἐπειδὴ
1866 1760 1929 1815 οὐ
2002 1761 2064 1815 τὸ

391 1846 524 1918 ἇμὸτι
557 1850 770 1912 σκοπῶ,
815 1843 964 1901 ἀλλὰ
1019 1847 1084 1902 τὸ
1143 1847 1297 1921 ὑμῶν
1356 1846 1651 1926 συμφέρον.
1685 1850 1850 1924 Ὀρᾷς
1874 1849 2064 1928 ψυχὴν

396 1939 756 2009 προτιμῶσαν
815 1939 914 1990 τοῦ
972 1935 1177 1991 οἰκείου
1236 1938 1606 2012 συμφέροντος
1662 1939 1762 2008 τήν
1812 1942 1922 1993 τῶν
1954 1958 2136 2037 μοι-Β

401 2029 582 2097 θητῶν
640 2024 950 2095 ὠφέλειαν;
1013 2024 1316 2099 Ἐπιμὲνων
1375 2028 1500 2104 γὰρ,
1561 2028 1690 2090 τούς
1731 2049 1790 2083 τε
1817 2048 2059 2098 προκατ-

397 2122 711 2191 ηχηθέντας
732 2108 981 2170 ἐϐεϐαίου
999 2116 1089 2170 καὶ
1114 2113 1319 2178 ἄλλους
1342 2111 1781 2190 προσελάμϐανε.
1803 2141 1829 2168 ››
1855 2116 2061 2190 Πολλῷ

398 2205 613 2277 μᾶλλον
643 2209 916 2278 κρεῖσσον.
952 2229 979 2256 ››
1011 2205 1111 2272 Τὸ,
1164 2203 1334 2280 ἔχων,
1395 2206 1502 2259 ἀπὸ
1555 2210 1766 2274 κοινοῦ,
1799 2207 1919 2260 οἷον
1947 2207 2060 2274 Τὴν

390 2293 683 2366 ἐπιθυμίαν
739 2288 885 2373 ἔχων
940 2292 1022 2356 εἷς
1081 2295 1145 2349 τὸ
1205 2291 1492 2363 ἀναλῦσαι,
1554 2294 1643 2349 καὶ
1686 2289 1833 2370 ἔχων
1862 2294 2062 2367 πολλῷ

394 2380 610 2457 μᾶλλον
635 2388 911 2457 κρεῖσσον,
944 2383 1008 2438 τὸ
1051 2381 1144 2436 συν
1179 2383 1397 2456 Χτιστῷ
1425 2383 1579 2439 εἶναι.
1614 2408 1643 2435 ιι
1678 2383 2060 2461 Ἀναγκαιότε·

394 2493 485 2547 ρον
517 2470 586 2528 δι’
618 2473 779 2546 ὑμᾶς.
814 2496 841 2523 ››
876 2472 981 2530 Καὶ
1033 2473 1151 2527 κατ’
1204 2470 1348 2528 ἄλλο
1407 2472 1854 2548 ἀναγκαιότερον,
1883 2475 1966 2528 ὅτι
1997 2474 2058 2528 τὸ

394 2562 687 2638 προσάγειν
716 2566 833 2633 Θεῷ
886 2558 978 2616 διὰ
1032 2563 1267 2624 πίστεως
1324 2561 1604 2629 πλείονας,
1663 2561 1856 2617 πλεῖον
1898 2563 2058 2618 αὐτὸν

394 2650 597 2706 οἷκειοῖ
646 2655 727 2723 τῷ
784 2655 1025 2726 Χριστῷ.
1064 2673 1091 2705 α
1124 2650 1228 2708 Καὶ
1286 2655 1450 2706 τοῦτο
1485 2649 1699 2726 θαρῥῶν
1734 2648 1879 2720 οἶδα,
1916 2676 1944 2703 ››
1975 2651 2061 2723 τὸ,

392 2741 525 2796 εἶναι
590 2736 1012 2816 ἀναγκαιοτέραν
1080 2741 1180 2806 τὴν
1250 2739 1304 2795 ἐν
1370 2740 1528 2814 σαρκὶ
1578 2742 1924 2815 προσμονήν.
1992 2773 2059 2784 -—-

399 2852 421 2881 ι
445 2829 548 2886 Καὶ
571 2833 735 2884 τοῦτο
758 2828 1038 2892 πεποιθὼς
1062 2825 1209 2887 οῖδα.
1240 2852 1266 2882 ιδ
1288 2863 1359 2872 ——
1380 2831 1594 2904 [ΦΩΤ.]
1625 2831 1772 2887 Ἀντὶ
1803 2834 1921 2898 τοῦ,
1958 2831 2063 2885 Καὶ

392 2922 554 2973 τοῦτο
583 2916 936 2994 τεθαρρηκὼς
987 2916 1077 2971 καὶ
1138 2916 1200 2972 ού
1256 2914 1519 2987 διστάζων
1556 2914 1703 2975 οἴδα.
1737 2918 1803 2976 Τί
1836 2915 1895 2973 δέ
1920 2916 2061 2973 ἐστιν

397 3006 426 3062 ὅ
456 3005 671 3081 θαῤῥῶν
704 3005 795 3061 καὶ
827 3006 892 3060 οὐ
927 3002 1196 3076 διστάζων
1255 3003 1440 3075 οἶδενς
1489 3008 1615 3064 "Oti
1647 3007 2065 3083 ἀναγκαιότερον

393 3095 458 3151 τὸ
489 3093 558 3151 δι’
589 3093 786 3156 αύτους
816 3093 1086 3165 ἐπιμένειν
1116 3098 1186 3168 τῇ
1240 3094 1416 3169 σαρκί.
1462 3097 1597 3150 Εἶτα
1626 3093 1768 3152 Οἶδα
1798 3094 1883 3150 ὅτι
1916 3100 2064 3170 μενῶ

389 3184 480 3239 καὶ
534 3186 966 3258 συμπαραμενῶ.
1033 3183 1170 3239 Ἀπὸ
1225 3186 1416 3237 κοινοῦ
1474 3182 1578 3258 γάρ
1638 3183 1728 3253 τὸ,
1787 3180 1931 3242 οἶδα.
1991 3185 2062 3240 ’Ἡ

389 3272 481 3328 καὶ
511 3273 598 3343 τὸ,
630 3271 763 3328 ὅλον
795 3271 901 3326 ἀπὸ
960 3275 1164 3326 κοινοῦ
1227 3274 1342 3326 οἷον
1402 3271 1485 3326 ὃτι
1558 3270 1770 3347 θαρρῶν
1816 3268 1963 3342 οἶδα,
1995 3271 2058 3326 οὐ

2176 688 2329 742 mori
2353 692 2413 742 et
2434 704 2563 741 esse
2583 703 2717 741 cum
2749 686 3432 742 Christo.Animadverte
3460 692 3659 741 autem
3683 687 3843 759 quod

2177 777 2240 830 in
2272 793 2453 832 manu
2485 793 2593 831 sua
2622 791 2752 831 esse
2784 775 3115 831 ostenderit
3144 780 3250 831 aut
3278 776 3468 831 vivere
3501 780 3604 830 aut
3660 778 3835 834 mori.

2178 889 2205 914 α
2235 868 2515 921 Coarctor
2545 866 2705 921 enim
2740 882 2806 919 ex
2835 864 2930 920 his
2962 864 3213 921 duobus.
3250 887 3277 915 »
3309 865 3598 930 Quoniam
3656 865 3838 938 igitur

2177 953 2318 1025 quid
2349 953 3043 1027 eligam,ignoro,merito
3069 958 3339 1009 coarctor
3361 970 3431 1008 ex
3455 954 3549 1008 his
3580 953 3837 1020 duobus,

2178 1059 2397 1114 nempe
2428 1050 2530 1099 aut
2561 1043 2804 1098 dissolvi
2838 1047 2943 1098 aut
2972 1059 3216 1098 manere
3248 1042 3308 1096 in
3335 1043 3549 1097 vita.At
3571 1043 3836 1112 interim,

2177 1149 2210 1186 ο
2244 1132 2446 1199 Paulo,
2483 1149 2616 1186 cum
2649 1132 2796 1187 adeo
2852 1131 3153 1186 Christum
3187 1130 3423 1204 diligas,
3483 1148 3560 1186 an
3593 1132 3838 1187 omnino

2176 1222 2414 1278 dubitas
2445 1240 2513 1278 ac
2544 1223 2782 1277 haesitas
2808 1221 2950 1293 quid
2980 1228 3036 1276 te
3070 1221 3288 1295 eligere
3316 1222 3637 1294 oporteat?
3664 1223 3844 1294 Atqui

2176 1309 2579 1365 indubitatum
2638 1309 2740 1364 tibi
2779 1325 2906 1363 esse
2967 1308 3212 1363 deberet
3243 1307 3403 1378 quod
3461 1308 3681 1364 melius
3730 1313 3842 1378 est,

2176 1414 2395 1470 nempe
2428 1398 2669 1453 dissolvi
2700 1404 2759 1453 et
2790 1414 2920 1453 esse
2950 1414 3087 1452 cum
3126 1397 3383 1455 Christo.
3418 1398 3582 1465 Novi,
3615 1399 3847 1468 inquit,

2175 1488 2287 1543 hoc
2321 1494 2380 1543 et
2437 1504 2566 1555 ego,
2601 1487 2968 1541 desiderium
3027 1491 3186 1541 certe
3223 1484 3450 1541 habens
3505 1486 3756 1541 dissolvi
3791 1494 3851 1543 et

2176 1593 2310 1631 esse
2341 1592 2476 1630 cum
2509 1575 2741 1631 Christo
2778 1592 2792 1629 :
2824 1590 3081 1645 cumque
3130 1574 3283 1629 hanc
3328 1580 3560 1646 partem
3616 1575 3832 1630 scirem

2178 1666 2366 1720 multo
2399 1665 2692 1737 longeque
2723 1680 2853 1720 esse
2884 1664 3327 1736 potiorem,dixi
3356 1664 3511 1735 quod
3546 1681 3577 1719 e
3600 1664 3834 1720 duobus

2176 1756 2660 1821 coarcter.Quare
2680 1761 2881 1810 autem
2902 1755 3012 1809 hoc
3030 1755 3313 1826 ?propter
3332 1755 3834 1826 vestram,inquit,

2177 1845 2457 1912 salutem,
2488 1850 2548 1899 et
2576 1850 2821 1916 prOpter
2849 1862 2973 1910 vos,
3006 1850 3391 1915 vestrumque
3422 1845 3828 1910 commodum,

2176 1950 2354 2006 quam
2384 1949 2512 1989 rem
2546 1932 2733 2005 magis
2762 1932 3162 1987 necessariam
3197 1931 3389 1987 duco:
3442 1932 3823 2003 quandoqui-

2166 2023 2303 2078 dem
2334 2038 2453 2077 non
2493 2019 2653 2092 quod
2680 2037 2880 2076 meum
2911 2026 3003 2076 est
3043 2021 3298 2088 intueor,
3332 2020 3435 2076 sed
3467 2020 3625 2091 quod
3657 2020 3820 2075 vobis

2167 2110 2613 2183 expedit.Vides
2635 2110 2900 2165 animum
2919 2116 3365 2182 praeponentem
3387 2110 3820 2181 discipulorum

2165 2200 2485 2255 utilitatem
2508 2216 2614 2255 suo
2632 2199 2873 2270 proprio
2890 2198 3200 2253 commodo
3221 2198 3248 2253 ‘2
3270 2201 3633 2255 Permanens
3658 2200 3819 2254 enim

2168 2305 2271 2345 eos
2308 2289 2407 2360 qui
2442 2289 2699 2360 primum
2732 2288 3005 2343 instructi
3036 2288 3272 2343 fuerant
3320 2287 3732 2355 confirmabat,
3767 2293 3827 2342 et

2167 2379 2316 2434 alios
2348 2377 2706 2433 assumebat.
2765 2376 2944 2432 Multo
2975 2375 3257 2449 longique
3286 2377 3504 2432 melius
3565 2383 3655 2432 est
3711 2377 3823 2433 hoc

2169 2467 2397 2523 habens
2425 2483 2459 2522 a
2488 2483 2811 2522 communa
2843 2482 3044 2532 sensu,
3079 2465 3139 2520 id
3171 2471 3279 2531 est,
3314 2465 3682 2522 desiderium
3712 2467 3824 2521 ha-

2171 2558 2322 2614 bens
2354 2557 2617 2623 dissolvi,
2644 2557 2871 2614 habens
2901 2557 3089 2612 multo
3122 2557 3414 2630 longeque
3445 2558 3661 2613 melius
3693 2574 3823 2614 esse

2170 2665 2306 2704 cum
2336 2648 2594 2704 Christo.
2630 2670 2657 2697 ‹‹
2699 2647 2876 2721 Magis
2907 2647 3315 2702 necessarium
3347 2653 3591 2718 propter
3634 2664 3757 2703 vos.
3791 2669 3818 2701 ο

2170 2737 2361 2792 Etiam
2395 2753 2465 2791 ex
2494 2736 2612 2792 alio
2637 2736 2826 2809 magis
2858 2736 3263 2791 necessarium
3295 2742 3420 2791 est:
3458 2737 3598 2808 quia
3628 2737 3827 2808 plures

2169 2843 2277 2898 per
2308 2826 2486 2881 ﬁdem
2518 2826 2636 2882 Deo
2668 2824 2985 2893 adducere,
3018 2825 3207 2897 magis
3238 2825 3631 2881 domesticum
3686 2827 3831 2882 facit

2173 2915 2369 2986 ipsum
2401 2914 2655 2970 Christo.
2687 2938 2715 2964 «
2751 2916 2819 2969 Et
2849 2914 2961 2969 hoc
2992 2930 3334 2985 persuasus.
3373 2937 3399 2962 »
3430 2918 3577 2970 Cum
3610 2914 3828 2971 fiducia

2171 3005 2328 3068 novi,
2361 3004 2579 3077 inquit,
2614 3004 2774 3076 quod
2803 3005 2991 3077 magis
3023 3005 3360 3060 necessaria
3391 3009 3482 3059 est
3534 3005 3594 3060 in
3648 3021 3825 3062 carne

2171 3094 2607 3166 permanentia.
2644 3116 2672 3143 ‹‹
2705 3096 2773 3148 Et
2799 3094 2911 3149 hoc
2940 3110 3262 3165 persuasus
3313 3094 3456 3149 scio.
3492 3116 3519 3144 ››
3574 3095 3692 3150 Hoc
3735 3101 3824 3150 est

2173 3190 2232 3239 et
2262 3185 2371 3239 hoc
2402 3189 2563 3238 certo
2617 3200 2685 3239 ac
2716 3183 3127 3239 indubitanter
3176 3183 3358 3238 novit.
3391 3182 3540 3249 Quid
3571 3190 3661 3239 est
3716 3201 3825 3240 au—

2174 3279 2294 3327 tem
2328 3271 2484 3342 quod
2517 3278 2676 3326 certo
2737 3271 3147 3328 indubitanter
3177 3272 3386 3327 novit?
3416 3272 3573 3344 quod
3634 3275 3822 3347 magis

526 3325 598 3343 77;
642 3325 809 3328 7
1011 3325 1014 3326 7
1451 3325 1455 3326 7
1562 3325 1672 3347 νγ.
1825 3325 2015 3342 77

395 3362 557 3436 μόνον
597 3363 683 3417 ’ὁτι
731 3360 1153 3438 ἀναγκαιότερον
1202 3361 1265 3416 τὸ
1313 3358 1585 3433 ἐπιμένειν
1641 3382 1706 3434 με
1753 3364 1823 3434 τῇ
1875 3361 2054 3434 σαρκὶ,

2177 3361 2582 3417 necessarium
2635 3367 2724 3415 est
2782 3366 3024 3434 prOpter
3056 3379 3155 3417 vos
3213 3377 3458 3418 manere
3508 3363 3569 3417 in
3622 3380 3822 3420 carne.

393 3449 523 3506 ἀλλ’
552 3451 635 3506 ’ὁτι
667 3449 758 3505 καὶ
817 3447 1058 3522 ἐπιμενῶ
1105 3451 1199 3504 καὶ
1256 3453 1691 3524 συμπαραμενῶ.
1720 3450 1783 3507 Ὀ
1815 3450 1921 3527 γὰρ
1949 3454 2057 3505 τῶν

392 3540 723 3616 ἀποῤῥήτων
791 3539 882 3594 καὶ
955 3537 1360 3613 ὑπερουρανίων
1459 3538 1690 3612 μύστης,
1769 3537 1895 3594 οὐδὲ
1960 3539 2058 3607 τήν

393 3632 585 3686 ἑαυτοῦ
654 3630 802 3699 ζωὴν
874 3625 926 3683 ἐν
994 3625 1285 3701 δισταγμῷ
1352 3625 1497 3698 ἤδει,
1566 3632 1659 3683 καὶ
1724 3629 1807 3683 ’ὁτι
1859 3622 2056 3684 ἕτινῦν

393 3713 763 3774 ἐπιϐιώσεται.
819 3716 1054 3772 Δύναται
1118 3713 1176 3771 δέ
1231 3738 1314 3780 τις
1374 3717 1465 3773 καὶ
1526 3715 1720 3791 ἑτέρως
1773 3718 1836 3773 τὸ
1892 3717 2055 3793 ῥῆτὸν

391 3807 671 3877 συντάξας,
732 3805 909 3861 οὕτως
966 3801 1217 3861 ἐκλαϐεῖν
1289 3805 1662 3881 ἑτοιμότερον
1725 3807 1804 3864 Τὸ
1865 3804 2056 3880 ἐπιμέ-

395 3917 530 3966 νειν,
588 3896 774 3974 φησὶν,
822 3893 1242 3970 ἀναγκαιότερον
1303 3891 1373 3948 δι’
1428 3895 1589 3968 ὑμᾶς.
1641 3897 1795 3965 Εἶτα,
1831 3895 1933 3952 Καὶ
1980 3896 2059 3958 εἰς

399 3991 564 4043 τοῦτο
621 3984 834 4061 θαρρῶν
895 3985 978 4040 ὅτι
1036 3982 1454 4060 ἀναγκαιότερόν
1513 3982 1648 4053 ἐστι,
1688 3985 1875 4056 φησὶν,
1938 3981 2058 4040 οἶδα

397 4074 484 4130 ὅτι
547 4079 693 4147 μενῶ
749 4073 840 4129 καὶ
902 4078 1333 4149 συμπαραμενῶ,
1395 4073 1485 4129 καὶ
1545 4074 1680 4147 ἑξῆς.
1722 4100 1749 4125 ‹‹
1782 4074 1886 4131 Καὶ
1918 4095 2057 4148 συμ-

395 4168 695 4239 παραμενῶ
738 4169 901 4219 πᾶσιν
958 4164 1107 4237 ὑμῖν,
1146 4188 1174 4217 ››
1229 4161 1392 4233 Οἶδα,
1451 4164 1639 4240 φησὶν,
1672 4164 1755 4219 ὅτι
1790 4163 1937 4236 μένω
1969 4165 2058 4219 καὶ

393 4259 801 4329 συμπαραμενῶ
860 4259 1018 4309 πᾶσιν
1072 4255 1220 4327 υμῖν.
1289 4252 1512 4325 Ἐπειδή
1546 4255 1651 4330 γὰρ
1685 4255 1869 4331 θαρῥῶ
1898 4254 2057 4329 ἀναγ-

387 4345 670 4416 καιότερον
704 4343 844 4398 εἶναι
894 4343 955 4397 τὸ
1016 4345 1223 4414 μένειν,
1280 4341 1402 4399 οἶδα
1463 4343 1549 4399 δτι
1584 4349 1754 4417 μενῶ,
1786 4345 1849 4400 ού
1887 4345 2057 4418 μόνον

390 4431 445 4488 ἐν
487 4430 733 4504 δεσμοῖς,
787 4428 934 4486 ἀλλά
982 4434 1074 4487 καὶ
1134 4433 1228 4485 συν
1292 4433 1444 4503 ὑμῖν,
1499 4432 1591 4487 καὶ
1651 4429 1859 4507 ὄψομαι
1897 4435 2057 4507 ὑμᾶς.

392 4526 554 4578 Μενῶ
587 4517 665 4589 δῖε,
699 4520 888 4597 φησὶν,
941 4519 1017 4582 εἷς
1076 4521 1173 4587 τήν
1235 4519 1386 4592 ὑμῶν
1442 4522 1732 4594 προκοπήν
1763 4522 1853 4575 καὶ
1885 4521 2058 4597 χαρὰν

390 4618 493 4681 τῆς
527 4611 781 4672 πίστεως.
832 4611 952 4665 "liv:
1003 4609 1105 4683 γὰρ
1158 4606 1210 4663 ἐν
1265 4608 1443 4664 πίστει
1494 4609 1796 4682 προκόψαι,
1828 4610 1887 4664 τὸ
1923 4608 2059 4682 μᾶλ-

2169 3448 2396 3505 Deinde
2424 3449 2545 3504 scio
2579 3449 2739 3520 quod
2773 3465 3091 3504 mansurus
3124 3451 3236 3504 sim
3267 3456 3325 3505 et
3357 3466 3492 3506 cum
3547 3451 3827 3507 omnibus

2167 3539 2336 3595 vobis
2362 3554 2810 3611 permansurus.
2848 3540 2992 3594 Nam
3025 3555 3060 3594 a
3090 3539 3393 3595 communi
3425 3556 3605 3595 sensu
3653 3557 3828 3613 repe-

2168 3628 2415 3685 tendum
2448 3634 2560 3693 est,
2593 3629 2737 3684 scio.
2774 3631 2889 3682 Aut
2921 3629 3099 3683 etiam
3131 3628 3193 3683 in
3226 3634 3415 3685 totum
3447 3646 3482 3685 a
3521 3632 3823 3686 communi

2168 3734 2349 3773 sensu
2384 3716 2674 3784 sumatur,
2709 3733 2926 3788 nempe
2958 3733 3280 3788 persuasus
3312 3718 3431 3773 scio
3462 3734 3584 3774 non
3630 3720 3823 3776 solum

2170 3805 2331 3877 quod
2364 3806 2549 3878 magis
2582 3806 2988 3861 necessarium
3018 3807 3095 3860 sit
3123 3822 3217 3861 me
3249 3807 3309 3861 in
3371 3823 3546 3862 carne
3596 3824 3826 3880 perma-

2167 3911 2330 3960 nere,
2361 3895 2463 3950 sed
2492 3894 2652 3966 quod
2681 3894 2861 3950 etiam
2888 3911 3206 3950 mansurus
3239 3895 3352 3950 sim
3386 3903 3443 3951 et
3472 3913 3605 3951 cum
3638 3898 3829 3954 omni-

2168 3985 2278 4040 bus
2335 3984 2500 4039 vobis
2549 4000 2995 4056 permansurus.
3059 3984 3203 4039 Cum
3263 3985 3426 4040 enim
3475 3987 3710 4042 arcanis
3759 4004 3827 4043 ac

2169 4074 2514 4131 caelestibus
2547 4074 2850 4146 mysteriis
2884 4074 3156 4129 initiatus
3215 4081 3392 4142 esset,
3429 4076 3527 4132 76
3584 4084 3831 4133 noverat

2168 4164 2350 4219 vitam
2383 4179 2551 4218 suam
2584 4178 2704 4217 non
2739 4163 2796 4217 in
2833 4162 3108 4232 ambiguo
3142 4179 3271 4219 esse
3303 4164 3500 4230 sitam,
3535 4165 3637 4221 sed
3668 4167 3828 4237 quod

2168 4270 2326 4308 nano
2350 4251 2545 4307 adhuc
2580 4258 2885 4323 superstes
2917 4268 3343 4323 pel-mansurus
3392 4259 3567 4309 esset.
3628 4256 3829 4311 Potest

2170 4348 2373 4398 antem
2406 4342 2541 4412 quis
2574 4341 2690 4396 alio
2724 4340 2900 4396 modo
2933 4342 3043 4396 hac
3074 4343 3371 4398 sententia
3402 4342 3696 4409 ordinata,
3742 4345 3826 4401 ita

2136 4432 2143 4439 ’
2168 4431 2503 4504 promptius
2539 4431 3697 4506 intelligere.Permanere,inquit,magis
3726 4451 3826 4490 ne-

2169 4521 2498 4575 cessarium
2540 4528 2630 4575 est
2663 4526 2907 4592 prOpter
2936 4537 3036 4575 vos
3061 4537 3073 4574 :
3107 4521 3421 4583 deinde.Et
3449 4522 3524 4577 ad
3549 4524 3673 4578 hanc
3698 4540 3828 4595 per-

2171 4610 2625 4680 suasus,inquit,
2637 4609 2796 4679 quod
2812 4611 3001 4683 magis
3019 4613 3423 4666 necessarium
3439 4611 3515 4666 sit
3532 4612 3652 4668 scio
3667 4614 3825 4684 quod

401 4698 498 4756 λον
529 4698 605 4762 εἷς
637 4698 807 4766 αὐτὴν
867 4691 1232 4773 βεϐαιωθῆναι
1291 4697 1383 4752 καὶ
1437 4697 1652 4773 χαίρειν
1688 4698 1788 4766 τήν
1815 4719 2060 4770 πνευμα-

2171 4714 2491 4752 mansurus
2515 4699 2645 4755 sim.
2683 4698 2981 4769 simulque
3015 4717 3151 4755 cum
3185 4700 3466 4756 omnibus
3501 4701 3665 4757 vobis
3697 4719 3827 4774 per-

398 4790 557 4858 τικήν
589 4787 788 4863 χαράν.
837 4791 1008 4842 Τοῦτο
1062 4784 1119 4841 δὲ
1170 4786 1354 4861 ἠρέμα
1407 4787 1498 4841 καὶ
1552 4781 1850 4864 φοϐοῦντός
1893 4786 2059 4844 ἐστιν.

400 4876 465 4933 Εἰ
496 4875 601 4951 γὰρ
632 4871 705 4929 δι’
738 4874 878 4946 ὑμᾶς
938 4878 1107 4946 μενῶ,
1168 4874 1328 4949 ὁρᾶτε
1391 4874 1469 4948 μή
1526 4873 1924 4950 καταισχύνητέ
1957 4896 2062 4947 μου

397 4966 497 5034 τήν
532 4962 822 5037 ἐπιμονήν.
854 4986 881 5014 ιι
918 4964 1029 5020 Ἰνα
1057 4963 1119 5017 τὸ
1164 4962 1434 5037 καύχημα
1491 4963 1666 5035 ὑμῶν.
1702 4988 1729 5015 ››
1766 4967 1888 5025 Πῶς
1921 4960 1977 5023 δ’,
2000 4962 2061 5018 ἂν

395 5055 573 5111 αὐτῶν
627 5055 971 5129 περισσεύσοι
1018 5055 1081 5109 τὸ
1146 5054 1450 5128 καύχημας
1520 5054 1617 5109 Διὰ
1681 5058 1779 5108 τοῦ
1844 5053 2058 5130 ἐστηρί-

399 5156 532 5219 χθαι
570 5141 622 5198 ἐν
652 5145 723 5216 τῇ
754 5142 956 5208 πίστει,
1015 5142 1104 5196 καὶ
1163 5140 1338 5216 ὀρθῶς
1399 5142 1553 5217 βιοῦν
1596 5138 1879 5213 δηλονότι.
1914 5166 1943 5196 ι(
1971 5145 2057 5200 Ἑν

397 5234 618 5308 Χριστῷ
650 5232 833 5302 Ἰησοῦ
880 5228 936 5285 ἐν
982 5228 1127 5303 ἐμοί.
1163 5253 1192 5281 »
1242 5227 1467 5299 Ἐπειδὴ
1506 5232 1626 5286 εἷπε
1662 5232 1761 5301 τήν
1795 5230 2060 5304 ἐπιμονήν

397 5321 564 5376 αὐτοῦ
594 5320 679 5398 ἐἰς
727 5320 826 5387 τήν
876 5317 1094 5374 ἐκείνων
1148 5319 1390 5394 γενέσθαι
1447 5320 1760 5389 προκοπήν,
1793 5325 1879 5375 νῦν
1914 5319 2059 5376 θέλει

394 5408 561 5481 δεῖξαι
610 5408 694 5464 ὅτι
745 5410 780 5478 ἡ
835 5410 1091 5480 προκοπὴ
1162 5407 1360 5479 αὐτῶν,
1429 5408 1517 5463 καὶ
1589 5408 1664 5471 είς
1728 5410 1827 5478 τήν
1895 5406 2059 5464 αὐτοῦ

400 5498 666 5579 ὠφέλειαν
701 5498 978 5565 συντείνει,
1031 5498 1117 5551 ἳνα
1174 5500 1249 5571 μή
1312 5494 1440 5572 δόξῃ
1499 5499 1681 5573 βαρεῖν
1731 5498 1950 5567 αὐτοὺς,
1985 5499 2061 5563 ὡς

401 5586 471 5643 δι’
521 5587 719 5648 αὐτοὺς
766 5590 866 5641 τοῦ
916 5585 1122 5641 οἰκείου
1170 5590 1443 5663 περιορῶν
1497 5589 1891 5667 συμφέροντος,
1948 5589 2055 5659 ὅτι,

399 5678 555 5752 φησὶ.
615 5677 691 5734 Τὸ
753 5677 907 5748 ὑμῶν
969 5675 1256 5753 καύχημα,
1310 5675 1400 5732 καὶ
1458 5675 1510 5731 ἐν
1570 5676 1693 5751 ἐμοὶ
1727 5678 2055 5754 περισσεύει.

877 5764 905 5784 ν

393 5771 496 5826 "Av
529 5768 631 5843 γὰρ
661 5766 816 5839 ὑμεῖς
868 5764 967 5834 ἤτε
1019 5762 1263 5838 δόκιμοι,
1325 5769 1357 5836 ἡ
1415 5766 1689 5843 καυχτισις
1729 5768 1819 5824 καὶ
1854 5768 1933 5834 εἷς
1961 5766 2057 5842 ἐμὲ

2172 4802 2491 4841 mansurus
2523 4808 2549 4834 ‹‹
2578 4789 2647 4840 Et
2675 4803 2810 4842 cum
2841 4788 3120 4844 omnibus
3150 4788 3313 4844 vobis
3335 4806 3819 4861 permansurus.»

2172 4874 2324 4941 Scio,
2359 4875 2743 4946 iuquit,quod
2776 4893 3095 4932 mansurus
3128 4878 3260 4943 sim,
3286 4884 3343 4934 et
3373 4896 3506 4933 cum
3539 4880 3820 4937 omnibus

2170 4965 2336 5021 vobis
2349 4968 3294 5040 permansurus.Quandoquidem
3317 4971 3476 5025 enim
3497 4987 3819 5041 persuasus

2172 5073 2304 5111 sum
2342 5055 2528 5127 magis
2559 5057 2966 5111 necessarium
3027 5074 3155 5114 esse
3190 5075 3451 5126 manere,
3488 5061 3608 5116 scio
3662 5063 3821 5134 quod

2169 5161 2487 5199 mansurus
2519 5145 2633 5199 sim
2665 5161 2784 5199 non
2817 5145 3009 5200 solum
3045 5146 3105 5201 in
3138 5147 3407 5215 vinculis,
3436 5151 3823 5207 verumetiam

2171 5251 2291 5289 una
2321 5233 2623 5289 vobiscum
2658 5239 2715 5288 et
2740 5251 2841 5289 vos
2871 5235 3105 5290 visurus
3138 5237 3272 5293 sim.
3305 5239 3551 5294 Manebo
3599 5247 3821 5308 autem,

2170 5323 2272 5389 ait,
2301 5322 2373 5377 ad
2410 5329 2663 5377 vestrum
2695 5323 3023 5394 profectum
3060 5331 3119 5379 et
3147 5325 3430 5397 gaudium
3480 5326 3638 5382 ﬁdei.
3672 5330 3822 5384 Con-

2171 5412 2344 5483 tingit
2375 5412 2536 5467 enim
2567 5411 2629 5465 in
2662 5411 2777 5467 fide
2809 5414 3212 5483 procedendo,
3256 5417 3444 5488 magis
3476 5417 3535 5470 in
3567 5433 3636 5472 ea
3675 5435 3820 5473 con-

2170 5501 2417 5570 firmari,
2451 5508 2510 5555 et
2539 5500 2796 5572 gaudere
2829 5502 3123 5573 spirituali
3154 5504 3390 5576 gaudio.
3444 5506 3562 5560 Hoc
3620 5513 3819 5561 autem

2169 5590 2349 5645 etiam
2409 5595 2500 5644 est
2541 5590 2732 5644 obiter
2779 5591 3078 5648 terrentis.
3127 5594 3274 5669 Nam
3325 5593 3373 5647 si
3421 5600 3665 5665 propter
3716 5613 3819 5652 vos

2170 5696 2491 5735 mansurus
2524 5695 2677 5745 sum,
2710 5680 2926 5749 videte,
2959 5681 3174 5752 inquit.
3206 5698 3280 5737 ne
3308 5698 3406 5736 vos
3437 5698 3634 5738 meam
3683 5702 3817 5756 per-

2173 5769 2560 5825 severantiam
2592 5769 3038 5840 pudefacialis.u
3078 5771 3146 5823 Ut
3174 5770 3359 5841 gloria
3388 5776 3637 5826 vestra.»
3669 5774 3819 5839 Quo-

2640 5956 2667 5979 ιλ
