  <div class='ocr_page' id='page_1' title='image "/cluster/home/n/w/nwhite01/storage/ocr_20150623/118:no.1/coo.31924054870229/657.png"; bbox 0 0 4108 6442; ppageno 0'>
   <div class='ocr_carea' id='block_1_1' title="bbox 308 415 3729 491">
    <p class='ocr_par' dir='ltr' id='par_1_1' title="bbox 308 415 3729 491">
     <span class='ocr_line' id='line_1_1' title="bbox 308 415 3729 491; baseline 0.003 -18"><span class='ocrx_word' id='word_1_1' title='bbox 308 415 463 475; x_wconf 77' lang='grc'><strong>1275</strong></span> <span class='ocrx_word' id='word_1_2' title='bbox 1429 423 1860 487; x_wconf 66' lang='lat' dir='ltr'><strong>mCUMENlI</strong></span> <span class='ocrx_word' id='word_1_3' title='bbox 1903 425 2212 489; x_wconf 66' lang='lat' dir='ltr'><strong>TRICCJE</strong></span> <span class='ocrx_word' id='word_1_4' title='bbox 2254 426 2613 491; x_wconf 80' lang='lat' dir='ltr'><strong>EPISCOPI</strong></span> <span class='ocrx_word' id='word_1_5' title='bbox 3565 425 3729 486; x_wconf 65' lang='lat'><strong>4276</strong></span> 
     </span>
    </p>
   </div>
   <div class='ocr_carea' id='block_1_2' title="bbox 310 548 1958 635">
    <p class='ocr_par' dir='ltr' id='par_1_2' title="bbox 310 548 1957 627">
     <span class='ocr_line' id='line_1_2' title="bbox 310 548 1957 627; baseline 0.007 -24"><span class='ocrx_word' id='word_1_6' title='bbox 310 548 487 604; x_wconf 88' lang='lat' dir='ltr'><strong>modo</strong></span> <span class='ocrx_word' id='word_1_7' title='bbox 536 556 735 608; x_wconf 88' lang='lat' dir='ltr'><strong>autem</strong></span> <span class='ocrx_word' id='word_1_8' title='bbox 788 554 1007 624; x_wconf 89' lang='lat' dir='ltr'><strong>poterit</strong></span> <span class='ocrx_word' id='word_1_9' title='bbox 1050 553 1238 627; x_wconf 84' lang='lat' dir='ltr'><strong>gloria</strong></span> <span class='ocrx_word' id='word_1_10' title='bbox 1276 555 1649 614; x_wconf 78' lang='lat' dir='ltr'><strong>exuberare?</strong></span> <span class='ocrx_word' id='word_1_11' title='bbox 1692 560 1805 615; x_wconf 90' lang='lat' dir='ltr'><strong>Per</strong></span> <span class='ocrx_word' id='word_1_12' title='bbox 1844 558 1957 615; x_wconf 89' lang='lat' dir='ltr'><strong>hoc</strong></span> 
     </span>
    </p>
   </div>
   <div class='ocr_carea' id='block_1_3' title="bbox 2070 548 3719 635">
    <p class='ocr_par' dir='ltr' id='par_1_3' title="bbox 2070 555 3719 635">
     <span class='ocr_line' id='line_1_3' title="bbox 2070 555 3719 635; baseline -0.002 -21"><span class='ocrx_word' id='word_1_13' title='bbox 2070 556 2354 635; x_wconf 63' lang='grc' dir='ltr'>ἀνατρέχει</span> <span class='ocrx_word' id='word_1_14' title='bbox 2382 559 2475 615; x_wconf 84' lang='grc' dir='ltr'>τὸν</span> <span class='ocrx_word' id='word_1_15' title='bbox 2504 556 2854 616; x_wconf 76' lang='grc' dir='ltr'>διδάσκαλον.</span> <span class='ocrx_word' id='word_1_16' title='bbox 2880 582 2908 611; x_wconf 83' lang='grc' dir='ltr'>ι(</span> <span class='ocrx_word' id='word_1_17' title='bbox 2932 557 3032 615; x_wconf 81' lang='grc' dir='ltr'>Διὰ</span> <span class='ocrx_word' id='word_1_18' title='bbox 3049 562 3151 628; x_wconf 71' lang='grc' dir='ltr'>τῆς</span> <span class='ocrx_word' id='word_1_19' title='bbox 3173 555 3313 629; x_wconf 71' lang='grc' dir='ltr'>ἆμῆς</span> <span class='ocrx_word' id='word_1_20' title='bbox 3341 556 3665 627; x_wconf 80' lang='grc' dir='ltr'>παρουσίας.</span> <span class='ocrx_word' id='word_1_21' title='bbox 3687 577 3719 611; x_wconf 72' lang='grc' dir='ltr'><strong>ο</strong></span> 
     </span>
    </p>
   </div>
   <div class='ocr_carea' id='block_1_4' title="bbox 306 638 1958 725">
    <p class='ocr_par' dir='ltr' id='par_1_4' title="bbox 306 638 1947 712">
     <span class='ocr_line' id='line_1_4' title="bbox 306 638 1947 712; baseline 0.007 -20"><span class='ocrx_word' id='word_1_22' title='bbox 306 638 464 711; x_wconf 90' lang='lat' dir='ltr'><strong>quod</strong></span> <span class='ocrx_word' id='word_1_23' title='bbox 496 640 616 694; x_wconf 88' lang='lat' dir='ltr'><strong>sint</strong></span> <span class='ocrx_word' id='word_1_24' title='bbox 647 641 706 695; x_wconf 91' lang='lat' dir='ltr'><strong>in</strong></span> <span class='ocrx_word' id='word_1_25' title='bbox 735 640 851 697; x_wconf 82' lang='lat' dir='ltr'><strong>fide</strong></span> <span class='ocrx_word' id='word_1_26' title='bbox 883 642 1241 712; x_wconf 80' lang='lat' dir='ltr'><strong>conﬁrmati,</strong></span> <span class='ocrx_word' id='word_1_27' title='bbox 1285 652 1344 701; x_wconf 85' lang='lat' dir='ltr'><strong>et</strong></span> <span class='ocrx_word' id='word_1_28' title='bbox 1371 650 1531 703; x_wconf 87' lang='lat' dir='ltr'><strong>recte</strong></span> <span class='ocrx_word' id='word_1_29' title='bbox 1565 647 1840 704; x_wconf 78' lang='lat' dir='ltr'><strong>videlicet</strong></span> <span class='ocrx_word' id='word_1_30' title='bbox 1868 648 1947 704; x_wconf 86' lang='lat' dir='ltr'><strong>vi-</strong></span> 
     </span>
    </p>
   </div>
   <div class='ocr_carea' id='block_1_5' title="bbox 2070 638 3723 725">
    <p class='ocr_par' dir='ltr' id='par_1_5' title="bbox 2070 644 3723 725">
     <span class='ocr_line' id='line_1_5' title="bbox 2070 644 3723 725; baseline -0.001 -21"><span class='ocrx_word' id='word_1_31' title='bbox 2070 648 2127 704; x_wconf 70' lang='grc' dir='ltr'>Ἠ</span> <span class='ocrx_word' id='word_1_32' title='bbox 2155 648 2258 723; x_wconf 80' lang='grc' dir='ltr'><strong>γὰρ</strong></span> <span class='ocrx_word' id='word_1_33' title='bbox 2291 646 2513 705; x_wconf 78' lang='grc' dir='ltr'><strong>Παύλου</strong></span> <span class='ocrx_word' id='word_1_34' title='bbox 2561 648 2853 723; x_wconf 74' lang='grc' dir='ltr'><strong>παρουσία,</strong></span> <span class='ocrx_word' id='word_1_35' title='bbox 2904 644 3143 725; x_wconf 71' lang='grc' dir='ltr'>ὠφέλεια</span> <span class='ocrx_word' id='word_1_36' title='bbox 3191 648 3259 715; x_wconf 69' lang='grc' dir='ltr'>ἦν</span> <span class='ocrx_word' id='word_1_37' title='bbox 3301 644 3409 699; x_wconf 82' lang='grc' dir='ltr'><strong>τῶν</strong></span> <span class='ocrx_word' id='word_1_38' title='bbox 3441 645 3723 704; x_wconf 78' lang='grc' dir='ltr'>ἁπάντων.</span> 
     </span>
    </p>
   </div>
   <div class='ocr_carea' id='block_1_6' title="bbox 302 730 1958 811">
    <p class='ocr_par' dir='ltr' id='par_1_6' title="bbox 302 730 1951 804">
     <span class='ocr_line' id='line_1_6' title="bbox 302 730 1951 804; baseline 0.007 -22"><span class='ocrx_word' id='word_1_39' title='bbox 302 733 458 783; x_wconf 87' lang='lat' dir='ltr'><strong>vant.</strong></span> <span class='ocrx_word' id='word_1_40' title='bbox 494 752 521 779; x_wconf 85' lang='lat'><strong><em>«</em></strong></span> <span class='ocrx_word' id='word_1_41' title='bbox 554 731 667 785; x_wconf 89' lang='lat' dir='ltr'><strong>Per</strong></span> <span class='ocrx_word' id='word_1_42' title='bbox 710 730 1012 788; x_wconf 78' lang='lat' dir='ltr'><strong>Christum</strong></span> <span class='ocrx_word' id='word_1_43' title='bbox 1072 735 1270 791; x_wconf 85' lang='lat' dir='ltr'><strong>Jesum</strong></span> <span class='ocrx_word' id='word_1_44' title='bbox 1305 736 1364 792; x_wconf 90' lang='lat' dir='ltr'><strong>in</strong></span> <span class='ocrx_word' id='word_1_45' title='bbox 1424 753 1537 792; x_wconf 88' lang='lat' dir='ltr'><strong>me.</strong></span> <span class='ocrx_word' id='word_1_46' title='bbox 1574 759 1602 788; x_wconf 85' lang='lat'>»</span> <span class='ocrx_word' id='word_1_47' title='bbox 1661 739 1951 804; x_wconf 85' lang='lat' dir='ltr'><strong>Quoniam</strong></span> 
     </span>
    </p>
   </div>
   <div class='ocr_carea' id='block_1_7' title="bbox 2070 730 2877 811">
    <p class='ocr_par' dir='ltr' id='par_1_7' title="bbox 2070 733 2877 811">
     <span class='ocr_line' id='line_1_7' title="bbox 2070 733 2877 811; baseline -0.004 -17"><span class='ocrx_word' id='word_1_48' title='bbox 2070 733 2270 811; x_wconf 75' lang='grc' dir='ltr'>Ἐδειξε</span> <span class='ocrx_word' id='word_1_49' title='bbox 2301 735 2379 808; x_wconf 77' lang='grc' dir='ltr'><strong>δὲ,</strong></span> <span class='ocrx_word' id='word_1_50' title='bbox 2414 736 2498 794; x_wconf 76' lang='grc' dir='ltr'><strong>ὅτι</strong></span> <span class='ocrx_word' id='word_1_51' title='bbox 2529 736 2877 794; x_wconf 79' lang='grc' dir='ltr'>ἀπελύσεται.</span> 
     </span>
    </p>
   </div>
   <div class='ocr_carea' id='block_1_8' title="bbox 303 815 3724 900">
    <p class='ocr_par' dir='ltr' id='par_1_8' title="bbox 303 815 3724 900">
     <span class='ocr_line' id='line_1_8' title="bbox 303 815 3724 900; baseline 0.003 -27"><span class='ocrx_word' id='word_1_52' title='bbox 303 815 454 873; x_wconf 88' lang='lat' dir='ltr'><strong>dixit</strong></span> <span class='ocrx_word' id='word_1_53' title='bbox 484 835 651 874; x_wconf 85' lang='lat' dir='ltr'><strong>suam</strong></span> <span class='ocrx_word' id='word_1_54' title='bbox 701 823 1182 891; x_wconf 85' lang='lat' dir='ltr'><strong>permanentiam</strong></span> <span class='ocrx_word' id='word_1_55' title='bbox 1214 824 1289 880; x_wconf 88' lang='lat' dir='ltr'><strong>ad</strong></span> <span class='ocrx_word' id='word_1_56' title='bbox 1348 825 1588 883; x_wconf 82' lang='lat' dir='ltr'><strong>illorum</strong></span> <span class='ocrx_word' id='word_1_57' title='bbox 1621 826 1749 882; x_wconf 84' lang='lat' dir='ltr'><strong>ﬁeri</strong></span> <span class='ocrx_word' id='word_1_58' title='bbox 1807 828 2161 897; x_wconf 81' lang='lat' dir='ltr'><strong>profectum,</strong></span> <span class='ocrx_word' id='word_1_59' title='bbox 2193 825 2316 884; x_wconf 87' lang='lat' dir='ltr'><strong>vult</strong></span> <span class='ocrx_word' id='word_1_60' title='bbox 2368 845 2528 885; x_wconf 86' lang='lat' dir='ltr'><strong>nunc</strong></span> <span class='ocrx_word' id='word_1_61' title='bbox 2559 828 2874 885; x_wconf 83' lang='lat' dir='ltr'><strong>ostendere</strong></span> <span class='ocrx_word' id='word_1_62' title='bbox 2905 827 3063 900; x_wconf 90' lang='lat' dir='ltr'><strong>quod</strong></span> <span class='ocrx_word' id='word_1_63' title='bbox 3120 827 3388 899; x_wconf 87' lang='lat' dir='ltr'><strong>ipsorum</strong></span> <span class='ocrx_word' id='word_1_64' title='bbox 3420 827 3724 898; x_wconf 85' lang='lat' dir='ltr'><strong>profectus</strong></span> 
     </span>
    </p>
   </div>
   <div class='ocr_carea' id='block_1_9' title="bbox 303 907 3725 990">
    <p class='ocr_par' dir='ltr' id='par_1_9' title="bbox 303 907 3725 990">
     <span class='ocr_line' id='line_1_9' title="bbox 303 907 3725 990; baseline 0.003 -29"><span class='ocrx_word' id='word_1_65' title='bbox 303 907 363 961; x_wconf 90' lang='lat' dir='ltr'><strong>in</strong></span> <span class='ocrx_word' id='word_1_66' title='bbox 395 923 569 963; x_wconf 90' lang='lat' dir='ltr'><strong>suum</strong></span> <span class='ocrx_word' id='word_1_67' title='bbox 632 907 819 980; x_wconf 88' lang='lat' dir='ltr'>ipsius</span> <span class='ocrx_word' id='word_1_68' title='bbox 871 916 1071 983; x_wconf 78' lang='lat' dir='ltr'><strong>vergat</strong></span> <span class='ocrx_word' id='word_1_69' title='bbox 1123 914 1552 971; x_wconf 86' lang='lat' dir='ltr'><strong>commodum:</strong></span> <span class='ocrx_word' id='word_1_70' title='bbox 1609 933 1682 972; x_wconf 90' lang='lat' dir='ltr'><strong>ne</strong></span> <span class='ocrx_word' id='word_1_71' title='bbox 1714 933 1953 989; x_wconf 85' lang='lat' dir='ltr'><strong>gravare</strong></span> <span class='ocrx_word' id='word_1_72' title='bbox 2012 933 2112 972; x_wconf 87' lang='lat' dir='ltr'><strong>eos</strong></span> <span class='ocrx_word' id='word_1_73' title='bbox 2168 917 2456 987; x_wconf 87' lang='lat' dir='ltr'><strong>videatur,</strong></span> <span class='ocrx_word' id='word_1_74' title='bbox 2490 917 2653 990; x_wconf 85' lang='lat' dir='ltr'><strong>quod</strong></span> <span class='ocrx_word' id='word_1_75' title='bbox 2707 922 2950 989; x_wconf 84' lang='lat' dir='ltr'><strong>propter</strong></span> <span class='ocrx_word' id='word_1_76' title='bbox 3000 916 3165 988; x_wconf 85' lang='lat' dir='ltr'><strong>ipsos</strong></span> <span class='ocrx_word' id='word_1_77' title='bbox 3222 914 3531 987; x_wconf 85' lang='lat' dir='ltr'><strong>preprium</strong></span> <span class='ocrx_word' id='word_1_78' title='bbox 3593 915 3725 970; x_wconf 85' lang='lat' dir='ltr'><strong>des-</strong></span> 
     </span>
    </p>
   </div>
   <div class='ocr_carea' id='block_1_10' title="bbox 302 997 3704 1077">
    <p class='ocr_par' dir='ltr' id='par_1_10' title="bbox 302 997 3704 1077">
     <span class='ocr_line' id='line_1_10' title="bbox 302 997 3704 1077; baseline 0.002 -27"><span class='ocrx_word' id='word_1_79' title='bbox 302 997 540 1069; x_wconf 90' lang='lat' dir='ltr'><strong>pexerit</strong></span> <span class='ocrx_word' id='word_1_80' title='bbox 596 998 1001 1055; x_wconf 89' lang='lat' dir='ltr'><strong>commodum.</strong></span> <span class='ocrx_word' id='word_1_81' title='bbox 1032 1000 1181 1056; x_wconf 86' lang='lat' dir='ltr'><strong>Nam</strong></span> <span class='ocrx_word' id='word_1_82' title='bbox 1209 1009 1423 1070; x_wconf 82' lang='lat' dir='ltr'><strong>vestra,</strong></span> <span class='ocrx_word' id='word_1_83' title='bbox 1457 1004 1672 1075; x_wconf 87' lang='lat' dir='ltr'><strong>inquit,</strong></span> <span class='ocrx_word' id='word_1_84' title='bbox 1701 1005 1889 1077; x_wconf 79' lang='lat' dir='ltr'><strong>gloria</strong></span> <span class='ocrx_word' id='word_1_85' title='bbox 1941 1005 2120 1062; x_wconf 87' lang='lat' dir='ltr'><strong>etiam</strong></span> <span class='ocrx_word' id='word_1_86' title='bbox 2151 1005 2215 1062; x_wconf 92' lang='lat' dir='ltr'><strong>in</strong></span> <span class='ocrx_word' id='word_1_87' title='bbox 2250 1022 2343 1062; x_wconf 88' lang='lat' dir='ltr'><strong>me</strong></span> <span class='ocrx_word' id='word_1_88' title='bbox 2408 1007 2710 1063; x_wconf 84' lang='lat' dir='ltr'><strong>exuberat.</strong></span> <span class='ocrx_word' id='word_1_89' title='bbox 2743 1006 2801 1062; x_wconf 90' lang='lat' dir='ltr'>Si</span> <span class='ocrx_word' id='word_1_90' title='bbox 2833 1006 2995 1061; x_wconf 86' lang='lat' dir='ltr'><strong>enim</strong></span> <span class='ocrx_word' id='word_1_91' title='bbox 3054 1020 3156 1059; x_wconf 87' lang='lat' dir='ltr'><strong>vos</strong></span> <span class='ocrx_word' id='word_1_92' title='bbox 3186 1003 3417 1076; x_wconf 87' lang='lat' dir='ltr'><strong>probati</strong></span> <span class='ocrx_word' id='word_1_93' title='bbox 3450 1003 3704 1068; x_wconf 81' lang='lat' dir='ltr'><strong>fueritis.</strong></span> 
     </span>
    </p>
   </div>
   <div class='ocr_carea' id='block_1_11' title="bbox 307 1084 3723 1164">
    <p class='ocr_par' dir='ltr' id='par_1_11' title="bbox 307 1084 3723 1164">
     <span class='ocr_line' id='line_1_11' title="bbox 307 1084 3723 1164; baseline 0.003 -25"><span class='ocrx_word' id='word_1_94' title='bbox 307 1084 497 1159; x_wconf 82' lang='lat' dir='ltr'><strong>gloria</strong></span> <span class='ocrx_word' id='word_1_95' title='bbox 524 1085 596 1141; x_wconf 88' lang='lat' dir='ltr'><strong>ad</strong></span> <span class='ocrx_word' id='word_1_96' title='bbox 628 1103 722 1140; x_wconf 90' lang='lat' dir='ltr'><strong>me</strong></span> <span class='ocrx_word' id='word_1_97' title='bbox 755 1103 991 1158; x_wconf 88' lang='lat' dir='ltr'><strong>quoque</strong></span> <span class='ocrx_word' id='word_1_98' title='bbox 1024 1097 1445 1162; x_wconf 67' lang='lat' dir='ltr'><strong>praeceptorem</strong></span> <span class='ocrx_word' id='word_1_99' title='bbox 1508 1100 1772 1149; x_wconf 83' lang='lat' dir='ltr'><strong>recurret</strong></span> <span class='ocrx_word' id='word_1_100' title='bbox 1819 1117 1847 1145; x_wconf 85' lang='lat'><strong>«</strong></span> <span class='ocrx_word' id='word_1_101' title='bbox 1880 1095 1993 1149; x_wconf 89' lang='lat' dir='ltr'><strong>Per</strong></span> <span class='ocrx_word' id='word_1_102' title='bbox 2022 1112 2221 1151; x_wconf 87' lang='lat' dir='ltr'><strong>meum</strong></span> <span class='ocrx_word' id='word_1_103' title='bbox 2279 1096 2625 1154; x_wconf 78' lang='lat' dir='ltr'><strong>adventum.</strong></span> <span class='ocrx_word' id='word_1_104' title='bbox 2667 1119 2694 1145; x_wconf 77' lang='grc' dir='ltr'>»ι</span> <span class='ocrx_word' id='word_1_105' title='bbox 2727 1094 2895 1151; x_wconf 88' lang='lat' dir='ltr'><strong>Pauli</strong></span> <span class='ocrx_word' id='word_1_106' title='bbox 2956 1095 3114 1150; x_wconf 90' lang='lat' dir='ltr'><strong>enim</strong></span> <span class='ocrx_word' id='word_1_107' title='bbox 3144 1092 3433 1151; x_wconf 82' lang='lat' dir='ltr'><strong>adventus</strong></span> <span class='ocrx_word' id='word_1_108' title='bbox 3464 1109 3530 1149; x_wconf 89' lang='lat' dir='ltr'><strong>ac</strong></span> <span class='ocrx_word' id='word_1_109' title='bbox 3576 1109 3723 1164; x_wconf 64' lang='lat' dir='ltr'><strong>pre-</strong></span> 
     </span>
    </p>
   </div>
   <div class='ocr_carea' id='block_1_12' title="bbox 308 1176 2484 1259">
    <p class='ocr_par' dir='ltr' id='par_1_12' title="bbox 308 1176 2484 1259">
     <span class='ocr_line' id='line_1_12' title="bbox 308 1176 2484 1259; baseline 0.005 -26"><span class='ocrx_word' id='word_1_110' title='bbox 308 1177 502 1234; x_wconf 84' lang='lat' dir='ltr'><strong>sentia</strong></span> <span class='ocrx_word' id='word_1_111' title='bbox 528 1176 797 1232; x_wconf 88' lang='lat' dir='ltr'><strong>omnium</strong></span> <span class='ocrx_word' id='word_1_112' title='bbox 831 1183 957 1234; x_wconf 82' lang='lat' dir='ltr'><strong>erat</strong></span> <span class='ocrx_word' id='word_1_113' title='bbox 984 1178 1230 1237; x_wconf 81' lang='lat' dir='ltr'><strong>utilitas.</strong></span> <span class='ocrx_word' id='word_1_114' title='bbox 1261 1183 1530 1239; x_wconf 86' lang='lat' dir='ltr'><strong>Ostendit</strong></span> <span class='ocrx_word' id='word_1_115' title='bbox 1559 1190 1756 1240; x_wconf 84' lang='lat' dir='ltr'><strong>autem</strong></span> <span class='ocrx_word' id='word_1_116' title='bbox 1786 1184 1948 1256; x_wconf 91' lang='lat' dir='ltr'><strong>quod</strong></span> <span class='ocrx_word' id='word_1_117' title='bbox 1977 1185 2277 1259; x_wconf 83' lang='lat' dir='ltr'><strong>rediturus</strong></span> <span class='ocrx_word' id='word_1_118' title='bbox 2308 1191 2484 1243; x_wconf 88' lang='lat' dir='ltr'><strong>esset.</strong></span> 
     </span>
    </p>
   </div>
   <div class='ocr_carea' id='block_1_13' title="bbox 960 1294 1302 1349">
    <p class='ocr_par' dir='ltr' id='par_1_13' title="bbox 960 1294 1302 1349">
     <span class='ocr_line' id='line_1_13' title="bbox 960 1294 1302 1349; baseline 0.003 -3"><span class='ocrx_word' id='word_1_119' title='bbox 960 1294 1189 1349; x_wconf 79' lang='lat' dir='ltr'><strong>CAPUT</strong></span> <span class='ocrx_word' id='word_1_120' title='bbox 1228 1295 1302 1348; x_wconf 86' lang='lat' dir='ltr'><strong>Ill</strong></span> 
     </span>
    </p>
   </div>
   <div class='ocr_carea' id='block_1_14' title="bbox 306 1375 1954 1439">
    <p class='ocr_par' dir='ltr' id='par_1_14' title="bbox 306 1375 1954 1439">
     <span class='ocr_line' id='line_1_14' title="bbox 306 1375 1954 1439; baseline 0.004 -7"><span class='ocrx_word' id='word_1_121' title='bbox 306 1375 644 1433; x_wconf 63' lang='lat' dir='ltr'><strong>Exhortatio</strong></span> <span class='ocrx_word' id='word_1_122' title='bbox 682 1380 757 1434; x_wconf 87' lang='lat' dir='ltr'><strong>ad</strong></span> <span class='ocrx_word' id='word_1_123' title='bbox 811 1385 1276 1438; x_wconf 79' lang='lat' dir='ltr'><strong>conversationem</strong></span> <span class='ocrx_word' id='word_1_124' title='bbox 1303 1385 1598 1439; x_wconf 78' lang='lat' dir='ltr'><strong>secundum</strong></span> <span class='ocrx_word' id='word_1_125' title='bbox 1656 1385 1829 1438; x_wconf 81' lang='lat' dir='ltr'><strong>Deum</strong></span> <span class='ocrx_word' id='word_1_126' title='bbox 1868 1386 1954 1438; x_wconf 84' lang='lat' dir='ltr'><strong>vi—</strong></span> 
     </span>
    </p>
   </div>
   <div class='ocr_carea' id='block_1_15' title="bbox 872 1455 1400 1525">
    <p class='ocr_par' dir='ltr' id='par_1_15' title="bbox 872 1455 1400 1525">
     <span class='ocr_line' id='line_1_15' title="bbox 872 1455 1400 1525; baseline 0.011 -18"><span class='ocrx_word' id='word_1_127' title='bbox 872 1459 1094 1525; x_wconf 81' lang='lat' dir='ltr'><strong>tamque</strong></span> <span class='ocrx_word' id='word_1_128' title='bbox 1127 1455 1400 1513; x_wconf 81' lang='lat' dir='ltr'><strong>divinam.</strong></span> 
     </span>
    </p>
   </div>
   <div class='ocr_carea' id='block_1_16' title="bbox 382 1556 1958 1637">
    <p class='ocr_par' dir='ltr' id='par_1_16' title="bbox 382 1556 1958 1637">
     <span class='ocr_line' id='line_1_16' title="bbox 382 1556 1958 1637; baseline 0.006 -27"><span class='ocrx_word' id='word_1_129' title='bbox 382 1556 426 1621; x_wconf 82' lang='grc' dir='ltr'><strong>Ι.</strong></span> <span class='ocrx_word' id='word_1_130' title='bbox 458 1558 647 1614; x_wconf 69' lang='grc'>2729.</span> <span class='ocrx_word' id='word_1_131' title='bbox 679 1580 707 1609; x_wconf 72' lang='lat' dir='ltr'><strong>cc</strong></span> <span class='ocrx_word' id='word_1_132' title='bbox 768 1564 1020 1616; x_wconf 85' lang='lat' dir='ltr'><strong>Tantum</strong></span> <span class='ocrx_word' id='word_1_133' title='bbox 1075 1567 1143 1618; x_wconf 88' lang='lat' dir='ltr'><strong>ut</strong></span> <span class='ocrx_word' id='word_1_134' title='bbox 1191 1562 1437 1635; x_wconf 78' lang='lat' dir='ltr'><strong>dignum</strong></span> <span class='ocrx_word' id='word_1_135' title='bbox 1494 1567 1588 1621; x_wconf 81' lang='lat' dir='ltr'><strong>est</strong></span> <span class='ocrx_word' id='word_1_136' title='bbox 1642 1564 1958 1637; x_wconf 81' lang='lat' dir='ltr'><strong>Evangelia</strong></span> 
     </span>
    </p>
   </div>
   <div class='ocr_carea' id='block_1_17' title="bbox 313 1645 1953 1710">
    <p class='ocr_par' dir='ltr' id='par_1_17' title="bbox 313 1645 1953 1710">
     <span class='ocr_line' id='line_1_17' title="bbox 313 1645 1953 1710; baseline 0.01 -17"><span class='ocrx_word' id='word_1_137' title='bbox 313 1663 345 1693; x_wconf 86' lang='lat'>«</span> <span class='ocrx_word' id='word_1_138' title='bbox 375 1645 591 1702; x_wconf 85' lang='lat' dir='ltr'><strong>Christi</strong></span> <span class='ocrx_word' id='word_1_139' title='bbox 623 1650 1096 1707; x_wconf 87' lang='lat' dir='ltr'><strong>conversemini:</strong></span> <span class='ocrx_word' id='word_1_140' title='bbox 1130 1657 1196 1707; x_wconf 88' lang='lat' dir='ltr'><strong>ut</strong></span> <span class='ocrx_word' id='word_1_141' title='bbox 1225 1653 1344 1708; x_wconf 83' lang='lat' dir='ltr'><strong>sive</strong></span> <span class='ocrx_word' id='word_1_142' title='bbox 1371 1669 1506 1710; x_wconf 89' lang='lat' dir='ltr'><strong>cum</strong></span> <span class='ocrx_word' id='word_1_143' title='bbox 1532 1669 1747 1710; x_wconf 88' lang='lat' dir='ltr'><strong>venero</strong></span> <span class='ocrx_word' id='word_1_144' title='bbox 1777 1659 1837 1710; x_wconf 85' lang='lat' dir='ltr'><strong>et</strong></span> <span class='ocrx_word' id='word_1_145' title='bbox 1869 1655 1953 1709; x_wconf 87' lang='lat' dir='ltr'><strong>vi-</strong></span> 
     </span>
    </p>
   </div>
   <div class='ocr_carea' id='block_1_18' title="bbox 312 1734 1959 1811">
    <p class='ocr_par' dir='ltr' id='par_1_18' title="bbox 312 1734 1959 1811">
     <span class='ocr_line' id='line_1_18' title="bbox 312 1734 1959 1811; baseline 0.008 -24"><span class='ocrx_word' id='word_1_146' title='bbox 312 1756 342 1787; x_wconf 80' lang='grc' dir='ltr'>ι(</span> <span class='ocrx_word' id='word_1_147' title='bbox 371 1734 514 1791; x_wconf 88' lang='lat' dir='ltr'><strong>dero</strong></span> <span class='ocrx_word' id='word_1_148' title='bbox 546 1753 667 1807; x_wconf 91' lang='lat' dir='ltr'><strong>vos,</strong></span> <span class='ocrx_word' id='word_1_149' title='bbox 700 1738 819 1793; x_wconf 83' lang='lat' dir='ltr'><strong>sive</strong></span> <span class='ocrx_word' id='word_1_150' title='bbox 850 1739 1065 1796; x_wconf 91' lang='lat' dir='ltr'><strong>absens</strong></span> <span class='ocrx_word' id='word_1_151' title='bbox 1087 1742 1223 1811; x_wconf 81' lang='lat' dir='ltr'><strong>sim,</strong></span> <span class='ocrx_word' id='word_1_152' title='bbox 1256 1743 1497 1799; x_wconf 87' lang='lat' dir='ltr'><strong>audiam</strong></span> <span class='ocrx_word' id='word_1_153' title='bbox 1526 1745 1599 1799; x_wconf 91' lang='lat' dir='ltr'><strong>de</strong></span> <span class='ocrx_word' id='word_1_154' title='bbox 1628 1744 1809 1800; x_wconf 84' lang='lat' dir='ltr'><strong>rebus</strong></span> <span class='ocrx_word' id='word_1_155' title='bbox 1836 1760 1959 1800; x_wconf 87' lang='lat' dir='ltr'><strong>ves-</strong></span> 
     </span>
    </p>
   </div>
   <div class='ocr_carea' id='block_1_19' title="bbox 313 1824 1952 1903">
    <p class='ocr_par' dir='ltr' id='par_1_19' title="bbox 313 1824 1952 1903">
     <span class='ocr_line' id='line_1_19' title="bbox 313 1824 1952 1903; baseline 0.007 -26"><span class='ocrx_word' id='word_1_156' title='bbox 313 1843 344 1874; x_wconf 85' lang='grc'><strong>‹‹</strong></span> <span class='ocrx_word' id='word_1_157' title='bbox 380 1824 507 1892; x_wconf 89' lang='lat' dir='ltr'><strong>tris,</strong></span> <span class='ocrx_word' id='word_1_158' title='bbox 539 1826 698 1896; x_wconf 90' lang='lat' dir='ltr'><strong>quod</strong></span> <span class='ocrx_word' id='word_1_159' title='bbox 724 1826 880 1883; x_wconf 80' lang='lat' dir='ltr'><strong>ﬂetis</strong></span> <span class='ocrx_word' id='word_1_160' title='bbox 907 1829 969 1884; x_wconf 92' lang='lat' dir='ltr'><strong>in</strong></span> <span class='ocrx_word' id='word_1_161' title='bbox 1000 1846 1118 1886; x_wconf 91' lang='lat' dir='ltr'><strong>uno</strong></span> <span class='ocrx_word' id='word_1_162' title='bbox 1151 1832 1384 1903; x_wconf 81' lang='lat' dir='ltr'><strong>spiritu,</strong></span> <span class='ocrx_word' id='word_1_163' title='bbox 1417 1835 1511 1889; x_wconf 73' lang='grc' dir='ltr'>ἠ</span> <span class='ocrx_word' id='word_1_164' title='bbox 1552 1848 1677 1891; x_wconf 88' lang='lat' dir='ltr'><strong>una</strong></span> <span class='ocrx_word' id='word_1_165' title='bbox 1732 1834 1952 1903; x_wconf 83' lang='lat' dir='ltr'><strong>anima,</strong></span> 
     </span>
    </p>
   </div>
   <div class='ocr_carea' id='block_1_20' title="bbox 2706 1291 3071 1351">
    <p class='ocr_par' dir='ltr' id='par_1_20' title="bbox 2706 1291 3071 1351">
     <span class='ocr_line' id='line_1_20' title="bbox 2706 1291 3071 1351; baseline -0.003 -2"><span class='ocrx_word' id='word_1_166' title='bbox 2706 1295 2969 1351; x_wconf 74' lang='grc' dir='ltr'><strong>ΚΕΦΑΔ.</strong></span> <span class='ocrx_word' id='word_1_167' title='bbox 2998 1291 3071 1348; x_wconf 84' lang='grc' dir='ltr'><strong>Γ’.</strong></span> 
     </span>
    </p>
   </div>
   <div class='ocr_carea' id='block_1_21' title="bbox 2064 1376 3724 1457">
    <p class='ocr_par' dir='ltr' id='par_1_21' title="bbox 2064 1376 3724 1457">
     <span class='ocr_line' id='line_1_21' title="bbox 2064 1376 3724 1457; baseline -0.004 -19"><span class='ocrx_word' id='word_1_168' title='bbox 2064 1381 2382 1457; x_wconf 76' lang='grc' dir='ltr'><strong>Παραίνεσις</strong></span> <span class='ocrx_word' id='word_1_169' title='bbox 2454 1389 2557 1453; x_wconf 76' lang='grc' dir='ltr'>τῆς</span> <span class='ocrx_word' id='word_1_170' title='bbox 2631 1381 2808 1457; x_wconf 64' lang='grc' dir='ltr'><strong>διατιῖιΔ</strong></span> <span class='ocrx_word' id='word_1_171' title='bbox 2857 1381 2991 1437; x_wconf 80' lang='grc' dir='ltr'>Θεὸν</span> <span class='ocrx_word' id='word_1_172' title='bbox 3065 1376 3375 1447; x_wconf 76' lang='grc' dir='ltr'>πολιτείας,</span> <span class='ocrx_word' id='word_1_173' title='bbox 3450 1377 3541 1432; x_wconf 76' lang='grc' dir='ltr'>καὶ</span> <span class='ocrx_word' id='word_1_174' title='bbox 3618 1383 3724 1446; x_wconf 80' lang='grc' dir='ltr'><strong>τῆς</strong></span> 
     </span>
    </p>
   </div>
   <div class='ocr_carea' id='block_1_22' title="bbox 2699 1451 3083 1523">
    <p class='ocr_par' dir='ltr' id='par_1_22' title="bbox 2699 1451 3083 1523">
     <span class='ocr_line' id='line_1_22' title="bbox 2699 1451 3083 1523; baseline 0 -13"><span class='ocrx_word' id='word_1_175' title='bbox 2699 1453 2748 1510; x_wconf 80' lang='grc' dir='ltr'>ἐν</span> <span class='ocrx_word' id='word_1_176' title='bbox 2757 1451 2880 1518; x_wconf 70' lang='grc' dir='ltr'>ϐίου</span> <span class='ocrx_word' id='word_1_177' title='bbox 2911 1457 3083 1523; x_wconf 83' lang='grc' dir='ltr'>ζωῆς.</span> 
     </span>
    </p>
   </div>
   <div class='ocr_carea' id='block_1_23' title="bbox 2136 1558 3726 1638">
    <p class='ocr_par' dir='ltr' id='par_1_23' title="bbox 2136 1558 3726 1638">
     <span class='ocr_line' id='line_1_23' title="bbox 2136 1558 3726 1638; baseline -0.004 -18"><span class='ocrx_word' id='word_1_178' title='bbox 2136 1558 2315 1622; x_wconf 82' lang='grc' dir='ltr'>Μόνον</span> <span class='ocrx_word' id='word_1_179' title='bbox 2386 1562 2549 1633; x_wconf 80' lang='grc' dir='ltr'>ἀξίως</span> <span class='ocrx_word' id='word_1_180' title='bbox 2614 1567 2714 1618; x_wconf 76' lang='grc' dir='ltr'><strong>τοῦ</strong></span> <span class='ocrx_word' id='word_1_181' title='bbox 2779 1559 3120 1638; x_wconf 78' lang='grc' dir='ltr'>Εὖαγγελίου</span> <span class='ocrx_word' id='word_1_182' title='bbox 3175 1562 3275 1615; x_wconf 77' lang='grc' dir='ltr'><strong>τοῦ</strong></span> <span class='ocrx_word' id='word_1_183' title='bbox 3340 1559 3576 1633; x_wconf 76' lang='grc' dir='ltr'><strong>Χριστοῦ</strong></span> <span class='ocrx_word' id='word_1_184' title='bbox 3624 1577 3726 1613; x_wconf 87' lang='grc' dir='ltr'>πο-</span> 
     </span>
    </p>
   </div>
   <div class='ocr_carea' id='block_1_24' title="bbox 2066 1645 3725 1723">
    <p class='ocr_par' dir='ltr' id='par_1_24' title="bbox 2066 1645 3725 1723">
     <span class='ocr_line' id='line_1_24' title="bbox 2066 1645 3725 1723; baseline -0.006 -13"><span class='ocrx_word' id='word_1_185' title='bbox 2066 1651 2362 1723; x_wconf 81' lang='grc' dir='ltr'>λιτεύεσθε,</span> <span class='ocrx_word' id='word_1_186' title='bbox 2423 1651 2516 1708; x_wconf 73' lang='grc' dir='ltr'>’ίνα</span> <span class='ocrx_word' id='word_1_187' title='bbox 2582 1652 2692 1708; x_wconf 80' lang='grc' dir='ltr'>ε’ἰτε</span> <span class='ocrx_word' id='word_1_188' title='bbox 2757 1649 2931 1708; x_wconf 72' lang='grc' dir='ltr'>ὲλθὼν</span> <span class='ocrx_word' id='word_1_189' title='bbox 3006 1651 3098 1706; x_wconf 76' lang='grc' dir='ltr'><strong>καὶ</strong></span> <span class='ocrx_word' id='word_1_190' title='bbox 3178 1645 3309 1703; x_wconf 79' lang='grc' dir='ltr'>ἰδὼν</span> <span class='ocrx_word' id='word_1_191' title='bbox 3385 1647 3545 1722; x_wconf 80' lang='grc' dir='ltr'>ὑμᾶς,</span> <span class='ocrx_word' id='word_1_192' title='bbox 3612 1647 3725 1703; x_wconf 82' lang='grc' dir='ltr'>εἳτε</span> 
     </span>
    </p>
   </div>
   <div class='ocr_carea' id='block_1_25' title="bbox 2063 1736 3722 1817">
    <p class='ocr_par' dir='ltr' id='par_1_25' title="bbox 2063 1736 3722 1817">
     <span class='ocr_line' id='line_1_25' title="bbox 2063 1736 3722 1817; baseline -0.004 -19"><span class='ocrx_word' id='word_1_193' title='bbox 2063 1743 2241 1809; x_wconf 81' lang='grc' dir='ltr'>ἀπὼν,</span> <span class='ocrx_word' id='word_1_194' title='bbox 2298 1742 2517 1800; x_wconf 76' lang='grc' dir='ltr'>ἀκούσω</span> <span class='ocrx_word' id='word_1_195' title='bbox 2575 1742 2643 1800; x_wconf 77' lang='grc' dir='ltr'>τὰ</span> <span class='ocrx_word' id='word_1_196' title='bbox 2697 1742 2823 1817; x_wconf 84' lang='grc' dir='ltr'>περὶ</span> <span class='ocrx_word' id='word_1_197' title='bbox 2886 1741 3063 1815; x_wconf 74' lang='grc' dir='ltr'>ὑμῶν,</span> <span class='ocrx_word' id='word_1_198' title='bbox 3123 1739 3208 1795; x_wconf 73' lang='grc' dir='ltr'><strong>ὅτι</strong></span> <span class='ocrx_word' id='word_1_199' title='bbox 3264 1740 3491 1809; x_wconf 70' lang='grc' dir='ltr'>στήκετε</span> <span class='ocrx_word' id='word_1_200' title='bbox 3540 1736 3593 1793; x_wconf 72' lang='grc' dir='ltr'>ἐν</span> <span class='ocrx_word' id='word_1_201' title='bbox 3642 1736 3722 1793; x_wconf 61' lang='lat' dir='ltr'><strong>ivi</strong></span> 
     </span>
    </p>
   </div>
   <div class='ocr_carea' id='block_1_26' title="bbox 2063 1825 3722 1908">
    <p class='ocr_par' dir='ltr' id='par_1_26' title="bbox 2063 1825 3722 1908">
     <span class='ocr_line' id='line_1_26' title="bbox 2063 1825 3722 1908; baseline -0.005 -19"><span class='ocrx_word' id='word_1_202' title='bbox 2063 1831 2355 1906; x_wconf 84' lang='grc' dir='ltr'>πνεύματι,</span> <span class='ocrx_word' id='word_1_203' title='bbox 2434 1837 2533 1905; x_wconf 83' lang='grc' dir='ltr'><strong>μιᾷ</strong></span> <span class='ocrx_word' id='word_1_204' title='bbox 2622 1835 2808 1908; x_wconf 78' lang='grc' dir='ltr'>ψυχῇ,</span> <span class='ocrx_word' id='word_1_205' title='bbox 2881 1828 3271 1890; x_wconf 75' lang='grc' dir='ltr'><strong>συναθλοῦντες</strong></span> <span class='ocrx_word' id='word_1_206' title='bbox 3369 1831 3440 1901; x_wconf 76' lang='grc' dir='ltr'><strong>τῇ</strong></span> <span class='ocrx_word' id='word_1_207' title='bbox 3540 1825 3722 1882; x_wconf 83' lang='grc' dir='ltr'>πίστει</span> 
     </span>
    </p>
   </div>
   <div class='ocr_carea' id='block_1_27' title="bbox 312 1904 1958 1999">
    <p class='ocr_par' dir='ltr' id='par_1_27' title="bbox 312 1917 1950 1994">
     <span class='ocr_line' id='line_1_27' title="bbox 312 1917 1950 1994; baseline 0.009 -29"><span class='ocrx_word' id='word_1_208' title='bbox 312 1935 342 1965; x_wconf 78' lang='grc' dir='ltr'>ι(</span> <span class='ocrx_word' id='word_1_209' title='bbox 374 1917 673 1971; x_wconf 84' lang='lat' dir='ltr'><strong>certantes</strong></span> <span class='ocrx_word' id='word_1_210' title='bbox 704 1932 824 1972; x_wconf 90' lang='lat' dir='ltr'><strong>una</strong></span> <span class='ocrx_word' id='word_1_211' title='bbox 852 1934 987 1973; x_wconf 91' lang='lat' dir='ltr'><strong>cum</strong></span> <span class='ocrx_word' id='word_1_212' title='bbox 1020 1919 1134 1975; x_wconf 81' lang='lat' dir='ltr'><strong>ﬁde</strong></span> <span class='ocrx_word' id='word_1_213' title='bbox 1192 1922 1491 1994; x_wconf 85' lang='lat' dir='ltr'><strong>Evangelii</strong></span> <span class='ocrx_word' id='word_1_214' title='bbox 1526 1938 1540 1978; x_wconf 89' lang='lat'><strong>:</strong></span> <span class='ocrx_word' id='word_1_215' title='bbox 1570 1938 1681 1979; x_wconf 88' lang='lat' dir='ltr'><strong>nec</strong></span> <span class='ocrx_word' id='word_1_216' title='bbox 1712 1924 1774 1979; x_wconf 89' lang='lat' dir='ltr'><strong>in</strong></span> <span class='ocrx_word' id='word_1_217' title='bbox 1828 1924 1950 1980; x_wconf 92' lang='lat' dir='ltr'><strong>ullo</strong></span> 
     </span>
    </p>
   </div>
   <div class='ocr_carea' id='block_1_28' title="bbox 2070 1904 3722 1999">
    <p class='ocr_par' dir='ltr' id='par_1_28' title="bbox 2070 1904 3722 1999">
     <span class='ocr_line' id='line_1_28' title="bbox 2070 1904 3722 1999; baseline -0.005 -21"><span class='ocrx_word' id='word_1_218' title='bbox 2070 1924 2152 1978; x_wconf 70' lang='grc' dir='ltr'>τοῦ</span> <span class='ocrx_word' id='word_1_219' title='bbox 2205 1904 2593 1999; x_wconf 18' lang='grc' dir='ltr'>ἸΕὐαγγελίου,</span> <span class='ocrx_word' id='word_1_220' title='bbox 2839 1921 2917 1995; x_wconf 78' lang='grc' dir='ltr'>μὴ</span> <span class='ocrx_word' id='word_1_221' title='bbox 2990 1917 3327 1993; x_wconf 76' lang='grc' dir='ltr'>πτυρόμενοι</span> <span class='ocrx_word' id='word_1_222' title='bbox 3391 1915 3445 1972; x_wconf 70' lang='grc' dir='ltr'>ἐν</span> <span class='ocrx_word' id='word_1_223' title='bbox 3524 1912 3722 1990; x_wconf 78' lang='grc' dir='ltr'>μηδενὶ</span> 
     </span>
    </p>
   </div>
   <div class='ocr_carea' id='block_1_29' title="bbox 309 2005 1958 2085">
    <p class='ocr_par' dir='ltr' id='par_1_29' title="bbox 309 2005 1958 2085">
     <span class='ocr_line' id='line_1_29' title="bbox 309 2005 1958 2085; baseline 0.01 -32"><span class='ocrx_word' id='word_1_224' title='bbox 309 2023 340 2053; x_wconf 86' lang='grc'><strong>‹‹</strong></span> <span class='ocrx_word' id='word_1_225' title='bbox 370 2005 718 2060; x_wconf 89' lang='lat' dir='ltr'><strong>terreamini</strong></span> <span class='ocrx_word' id='word_1_226' title='bbox 751 2006 826 2061; x_wconf 92' lang='lat' dir='ltr'><strong>ad</strong></span> <span class='ocrx_word' id='word_1_227' title='bbox 855 2007 1207 2066; x_wconf 72' lang='lat' dir='ltr'><strong>adversariis</strong></span> <span class='ocrx_word' id='word_1_228' title='bbox 1239 2025 1254 2077; x_wconf 92' lang='lat'><strong>;</strong></span> <span class='ocrx_word' id='word_1_229' title='bbox 1287 2026 1419 2083; x_wconf 81' lang='lat' dir='ltr'><strong>quae</strong></span> <span class='ocrx_word' id='word_1_230' title='bbox 1452 2011 1568 2067; x_wconf 83' lang='lat' dir='ltr'><strong>illis</strong></span> <span class='ocrx_word' id='word_1_231' title='bbox 1594 2014 1837 2085; x_wconf 89' lang='lat' dir='ltr'><strong>quidem</strong></span> <span class='ocrx_word' id='word_1_232' title='bbox 1869 2019 1958 2069; x_wconf 88' lang='lat' dir='ltr'><strong>est</strong></span> 
     </span>
    </p>
   </div>
   <div class='ocr_carea' id='block_1_30' title="bbox 309 2093 1956 2166">
    <p class='ocr_par' dir='ltr' id='par_1_30' title="bbox 309 2093 1956 2166">
     <span class='ocr_line' id='line_1_30' title="bbox 309 2093 1956 2166; baseline 0.009 -21"><span class='ocrx_word' id='word_1_233' title='bbox 309 2112 340 2143; x_wconf 79' lang='grc' dir='ltr'><strong>ιι</strong></span> <span class='ocrx_word' id='word_1_234' title='bbox 372 2093 637 2148; x_wconf 84' lang='lat' dir='ltr'><strong>ostensio</strong></span> <span class='ocrx_word' id='word_1_235' title='bbox 670 2096 1215 2166; x_wconf 84' lang='lat' dir='ltr'><strong>perditionis,vobis</strong></span> <span class='ocrx_word' id='word_1_236' title='bbox 1245 2107 1446 2156; x_wconf 88' lang='lat' dir='ltr'><strong>autem</strong></span> <span class='ocrx_word' id='word_1_237' title='bbox 1474 2102 1684 2159; x_wconf 82' lang='lat' dir='ltr'><strong>salutis</strong></span> <span class='ocrx_word' id='word_1_238' title='bbox 1710 2116 1723 2157; x_wconf 88' lang='lat'><strong>:</strong></span> <span class='ocrx_word' id='word_1_239' title='bbox 1758 2109 1817 2158; x_wconf 90' lang='lat' dir='ltr'><strong>et</strong></span> <span class='ocrx_word' id='word_1_240' title='bbox 1844 2103 1956 2159; x_wconf 88' lang='lat' dir='ltr'><strong>hoc</strong></span> 
     </span>
    </p>
   </div>
   <div class='ocr_carea' id='block_1_31' title="bbox 310 2183 1954 2263">
    <p class='ocr_par' dir='ltr' id='par_1_31' title="bbox 310 2183 1954 2263">
     <span class='ocr_line' id='line_1_31' title="bbox 310 2183 1954 2263; baseline 0.009 -28"><span class='ocrx_word' id='word_1_241' title='bbox 310 2202 339 2232; x_wconf 76' lang='grc' dir='ltr'><strong>ιι</strong></span> <span class='ocrx_word' id='word_1_242' title='bbox 372 2198 406 2236; x_wconf 89' lang='lat' dir='ltr'><strong>a</strong></span> <span class='ocrx_word' id='word_1_243' title='bbox 434 2183 575 2252; x_wconf 93' lang='lat' dir='ltr'><strong>Deo,</strong></span> <span class='ocrx_word' id='word_1_244' title='bbox 611 2185 753 2255; x_wconf 88' lang='lat' dir='ltr'><strong>quia</strong></span> <span class='ocrx_word' id='word_1_245' title='bbox 782 2186 946 2242; x_wconf 87' lang='lat' dir='ltr'><strong>vobis</strong></span> <span class='ocrx_word' id='word_1_246' title='bbox 1004 2188 1289 2245; x_wconf 88' lang='lat' dir='ltr'><strong>donatum</strong></span> <span class='ocrx_word' id='word_1_247' title='bbox 1322 2198 1412 2246; x_wconf 90' lang='lat' dir='ltr'><strong>est</strong></span> <span class='ocrx_word' id='word_1_248' title='bbox 1442 2192 1553 2248; x_wconf 86' lang='lat' dir='ltr'><strong>hoc</strong></span> <span class='ocrx_word' id='word_1_249' title='bbox 1612 2208 1647 2248; x_wconf 89' lang='lat' dir='ltr'><strong>a</strong></span> <span class='ocrx_word' id='word_1_250' title='bbox 1699 2193 1954 2263; x_wconf 84' lang='lat' dir='ltr'><strong>Christo,</strong></span> 
     </span>
    </p>
   </div>
   <div class='ocr_carea' id='block_1_32' title="bbox 313 2271 1957 2347">
    <p class='ocr_par' dir='ltr' id='par_1_32' title="bbox 313 2271 1957 2347">
     <span class='ocr_line' id='line_1_32' title="bbox 313 2271 1957 2347; baseline 0.007 -22"><span class='ocrx_word' id='word_1_251' title='bbox 313 2291 343 2320; x_wconf 74' lang='grc' dir='ltr'><strong>ιι</strong></span> <span class='ocrx_word' id='word_1_252' title='bbox 377 2286 497 2326; x_wconf 92' lang='lat' dir='ltr'><strong>non</strong></span> <span class='ocrx_word' id='word_1_253' title='bbox 526 2271 722 2328; x_wconf 89' lang='lat' dir='ltr'><strong>solum</strong></span> <span class='ocrx_word' id='word_1_254' title='bbox 779 2280 845 2329; x_wconf 90' lang='lat' dir='ltr'><strong>ut</strong></span> <span class='ocrx_word' id='word_1_255' title='bbox 872 2275 935 2330; x_wconf 90' lang='lat' dir='ltr'><strong>in</strong></span> <span class='ocrx_word' id='word_1_256' title='bbox 967 2292 1104 2332; x_wconf 89' lang='lat' dir='ltr'><strong>eum</strong></span> <span class='ocrx_word' id='word_1_257' title='bbox 1157 2277 1434 2347; x_wconf 85' lang='lat' dir='ltr'><strong>credatis,</strong></span> <span class='ocrx_word' id='word_1_258' title='bbox 1467 2283 1855 2339; x_wconf 86' lang='lat' dir='ltr'><strong>verumetiam</strong></span> <span class='ocrx_word' id='word_1_259' title='bbox 1891 2289 1957 2339; x_wconf 86' lang='lat' dir='ltr'><strong>ut</strong></span> 
     </span>
    </p>
   </div>
   <div class='ocr_carea' id='block_1_33' title="bbox 312 2361 1034 2434">
    <p class='ocr_par' dir='ltr' id='par_1_33' title="bbox 312 2361 1034 2434">
     <span class='ocr_line' id='line_1_33' title="bbox 312 2361 1034 2434; baseline 0.015 -23"><span class='ocrx_word' id='word_1_260' title='bbox 312 2379 337 2411; x_wconf 82' lang='grc' dir='ltr'><strong>ε</strong></span> <span class='ocrx_word' id='word_1_261' title='bbox 372 2374 478 2431; x_wconf 90' lang='lat' dir='ltr'><strong>pro</strong></span> <span class='ocrx_word' id='word_1_262' title='bbox 510 2361 611 2416; x_wconf 93' lang='lat' dir='ltr'><strong>illo</strong></span> <span class='ocrx_word' id='word_1_263' title='bbox 641 2363 954 2434; x_wconf 84' lang='lat' dir='ltr'><strong>patiamini</strong></span> <span class='ocrx_word' id='word_1_264' title='bbox 982 2386 1034 2422; x_wconf 70' lang='grc' dir='ltr'><strong>κ.</strong></span> 
     </span>
    </p>
   </div>
   <div class='ocr_carea' id='block_1_34' title="bbox 380 2451 1957 2535">
    <p class='ocr_par' dir='ltr' id='par_1_34' title="bbox 380 2451 1957 2535">
     <span class='ocr_line' id='line_1_34' title="bbox 380 2451 1957 2535; baseline 0.012 -35"><span class='ocrx_word' id='word_1_265' title='bbox 380 2471 409 2500; x_wconf 88' lang='grc' dir='ltr'>ι(</span> <span class='ocrx_word' id='word_1_266' title='bbox 463 2451 715 2507; x_wconf 88' lang='lat' dir='ltr'><strong>Tantum</strong></span> <span class='ocrx_word' id='word_1_267' title='bbox 769 2459 836 2508; x_wconf 88' lang='lat' dir='ltr'><strong>ut</strong></span> <span class='ocrx_word' id='word_1_268' title='bbox 916 2454 1182 2528; x_wconf 81' lang='lat' dir='ltr'><strong>dignum.</strong></span> <span class='ocrx_word' id='word_1_269' title='bbox 1249 2477 1277 2511; x_wconf 75' lang='grc' dir='ltr'><strong>α</strong></span> <span class='ocrx_word' id='word_1_270' title='bbox 1332 2460 1538 2531; x_wconf 86' lang='lat' dir='ltr'><strong>Itaque</strong></span> <span class='ocrx_word' id='word_1_271' title='bbox 1609 2476 1715 2535; x_wconf 84' lang='lat' dir='ltr'><strong>ego</strong></span> <span class='ocrx_word' id='word_1_272' title='bbox 1777 2463 1957 2519; x_wconf 89' lang='lat' dir='ltr'><strong>simul</strong></span> 
     </span>
    </p>
   </div>
   <div class='ocr_carea' id='block_1_35' title="bbox 301 2540 1951 2624">
    <p class='ocr_par' dir='ltr' id='par_1_35' title="bbox 301 2540 1951 2624">
     <span class='ocr_line' id='line_1_35' title="bbox 301 2540 1951 2624; baseline 0.01 -31"><span class='ocrx_word' id='word_1_273' title='bbox 301 2540 664 2611; x_wconf 83' lang='lat' dir='ltr'><strong>permanebo</strong></span> <span class='ocrx_word' id='word_1_274' title='bbox 692 2542 765 2598; x_wconf 88' lang='lat' dir='ltr'><strong>ad</strong></span> <span class='ocrx_word' id='word_1_275' title='bbox 795 2545 1127 2614; x_wconf 83' lang='lat' dir='ltr'><strong>profectum</strong></span> <span class='ocrx_word' id='word_1_276' title='bbox 1152 2553 1432 2616; x_wconf 89' lang='lat' dir='ltr'><strong>vestrum,</strong></span> <span class='ocrx_word' id='word_1_277' title='bbox 1455 2555 1709 2621; x_wconf 87' lang='lat' dir='ltr'><strong>tantum,</strong></span> <span class='ocrx_word' id='word_1_278' title='bbox 1735 2553 1951 2624; x_wconf 88' lang='lat' dir='ltr'><strong>inquit,</strong></span> 
     </span>
    </p>
   </div>
   <div class='ocr_carea' id='block_1_36' title="bbox 300 2628 1952 2709">
    <p class='ocr_par' dir='ltr' id='par_1_36' title="bbox 300 2628 1952 2709">
     <span class='ocr_line' id='line_1_36' title="bbox 300 2628 1952 2709; baseline 0.01 -27"><span class='ocrx_word' id='word_1_279' title='bbox 300 2628 416 2684; x_wconf 90' lang='lat' dir='ltr'><strong>hoc</strong></span> <span class='ocrx_word' id='word_1_280' title='bbox 446 2630 619 2700; x_wconf 87' lang='lat' dir='ltr'><strong>agite,</strong></span> <span class='ocrx_word' id='word_1_281' title='bbox 652 2636 720 2686; x_wconf 88' lang='lat' dir='ltr'><strong>ut</strong></span> <span class='ocrx_word' id='word_1_282' title='bbox 750 2632 995 2704; x_wconf 84' lang='lat' dir='ltr'><strong>dignum</strong></span> <span class='ocrx_word' id='word_1_283' title='bbox 1014 2641 1106 2689; x_wconf 88' lang='lat' dir='ltr'><strong>est</strong></span> <span class='ocrx_word' id='word_1_284' title='bbox 1134 2637 1448 2709; x_wconf 83' lang='lat' dir='ltr'><strong>Evangelio</strong></span> <span class='ocrx_word' id='word_1_285' title='bbox 1470 2643 1903 2698; x_wconf 86' lang='lat' dir='ltr'><strong>conversemini</strong></span> <span class='ocrx_word' id='word_1_286' title='bbox 1939 2659 1952 2699; x_wconf 90' lang='lat'><strong>:</strong></span> 
     </span>
    </p>
   </div>
   <div class='ocr_carea' id='block_1_37' title="bbox 303 2716 1956 2786">
    <p class='ocr_par' dir='ltr' id='par_1_37' title="bbox 303 2716 1956 2786">
     <span class='ocr_line' id='line_1_37' title="bbox 303 2716 1956 2786; baseline 0.01 -15"><span class='ocrx_word' id='word_1_287' title='bbox 303 2716 418 2772; x_wconf 86' lang='lat' dir='ltr'><strong>hoc</strong></span> <span class='ocrx_word' id='word_1_288' title='bbox 449 2719 627 2785; x_wconf 88' lang='lat' dir='ltr'><strong>est,in</strong></span> <span class='ocrx_word' id='word_1_289' title='bbox 660 2720 872 2775; x_wconf 88' lang='lat' dir='ltr'><strong>virtute</strong></span> <span class='ocrx_word' id='word_1_290' title='bbox 906 2728 1179 2779; x_wconf 72' lang='lat' dir='ltr'><strong>crescnte.</strong></span> <span class='ocrx_word' id='word_1_291' title='bbox 1220 2746 1244 2777; x_wconf 79' lang='grc' dir='ltr'><strong>σι</strong></span> <span class='ocrx_word' id='word_1_292' title='bbox 1276 2728 1344 2781; x_wconf 85' lang='grc' dir='ltr'>Ει</span> <span class='ocrx_word' id='word_1_293' title='bbox 1376 2727 1576 2783; x_wconf 89' lang='lat' dir='ltr'><strong>videro</strong></span> <span class='ocrx_word' id='word_1_294' title='bbox 1607 2745 1727 2784; x_wconf 87' lang='lat' dir='ltr'><strong>vos.</strong></span> <span class='ocrx_word' id='word_1_295' title='bbox 1747 2753 1774 2779; x_wconf 74' lang='grc' dir='ltr'><strong>υ</strong></span> <span class='ocrx_word' id='word_1_296' title='bbox 1805 2731 1956 2786; x_wconf 90' lang='lat' dir='ltr'><strong>Sub-</strong></span> 
     </span>
    </p>
   </div>
   <div class='ocr_carea' id='block_1_38' title="bbox 308 2805 1957 2875">
    <p class='ocr_par' dir='ltr' id='par_1_38' title="bbox 308 2805 1957 2875">
     <span class='ocr_line' id='line_1_38' title="bbox 308 2805 1957 2875; baseline 0.009 -14"><span class='ocrx_word' id='word_1_297' title='bbox 308 2805 535 2873; x_wconf 86' lang='lat' dir='ltr'><strong>audito,</strong></span> <span class='ocrx_word' id='word_1_298' title='bbox 567 2808 886 2865; x_wconf 83' lang='lat' dir='ltr'><strong>Gandeam.</strong></span> <span class='ocrx_word' id='word_1_299' title='bbox 925 2811 1112 2867; x_wconf 82' lang='lat' dir='ltr'><strong>«Sive</strong></span> <span class='ocrx_word' id='word_1_300' title='bbox 1169 2813 1384 2870; x_wconf 89' lang='lat' dir='ltr'><strong>absens</strong></span> <span class='ocrx_word' id='word_1_301' title='bbox 1416 2816 1548 2871; x_wconf 88' lang='lat' dir='ltr'><strong>sim.</strong></span> <span class='ocrx_word' id='word_1_302' title='bbox 1598 2838 1626 2866; x_wconf 85' lang='lat'><strong>»</strong></span> <span class='ocrx_word' id='word_1_303' title='bbox 1672 2820 1796 2873; x_wconf 87' lang='lat' dir='ltr'><strong>Non</strong></span> <span class='ocrx_word' id='word_1_304' title='bbox 1845 2820 1957 2875; x_wconf 89' lang='lat' dir='ltr'><strong>hoc</strong></span> 
     </span>
    </p>
   </div>
   <div class='ocr_carea' id='block_1_39' title="bbox 307 2895 1956 2978">
    <p class='ocr_par' dir='ltr' id='par_1_39' title="bbox 307 2895 1956 2978">
     <span class='ocr_line' id='line_1_39' title="bbox 307 2895 1956 2978; baseline 0.008 -25"><span class='ocrx_word' id='word_1_305' title='bbox 307 2895 391 2953; x_wconf 88' lang='lat' dir='ltr'><strong>ait</strong></span> <span class='ocrx_word' id='word_1_306' title='bbox 422 2896 592 2967; x_wconf 88' lang='lat' dir='ltr'><strong>quasi</strong></span> <span class='ocrx_word' id='word_1_307' title='bbox 621 2905 995 2955; x_wconf 89' lang='lat' dir='ltr'><strong>commutans</strong></span> <span class='ocrx_word' id='word_1_308' title='bbox 1027 2901 1305 2976; x_wconf 85' lang='lat' dir='ltr'><strong>reditum,</strong></span> <span class='ocrx_word' id='word_1_309' title='bbox 1330 2906 1433 2960; x_wconf 90' lang='lat' dir='ltr'><strong>sed</strong></span> <span class='ocrx_word' id='word_1_310' title='bbox 1463 2906 1617 2962; x_wconf 83' lang='lat' dir='ltr'><strong>dixit</strong></span> <span class='ocrx_word' id='word_1_311' title='bbox 1643 2909 1785 2978; x_wconf 90' lang='lat' dir='ltr'><strong>quid</strong></span> <span class='ocrx_word' id='word_1_312' title='bbox 1816 2925 1956 2965; x_wconf 90' lang='lat' dir='ltr'><strong>con-</strong></span> 
     </span>
    </p>
   </div>
   <div class='ocr_carea' id='block_1_40' title="bbox 308 2985 1954 3071">
    <p class='ocr_par' dir='ltr' id='par_1_40' title="bbox 308 2985 1954 3071">
     <span class='ocr_line' id='line_1_40' title="bbox 308 2985 1954 3071; baseline 0.01 -31"><span class='ocrx_word' id='word_1_313' title='bbox 308 2985 580 3057; x_wconf 83' lang='lat' dir='ltr'><strong>tingeret.</strong></span> <span class='ocrx_word' id='word_1_314' title='bbox 621 2990 763 3046; x_wconf 86' lang='lat' dir='ltr'><strong>Nam</strong></span> <span class='ocrx_word' id='word_1_315' title='bbox 797 2990 845 3044; x_wconf 91' lang='lat' dir='ltr'>si</span> <span class='ocrx_word' id='word_1_316' title='bbox 877 2996 941 3044; x_wconf 85' lang='lat' dir='ltr'><strong>ut</strong></span> <span class='ocrx_word' id='word_1_317' title='bbox 972 2994 1282 3065; x_wconf 73' lang='lat' dir='ltr'><strong>Evangelia</strong></span> <span class='ocrx_word' id='word_1_318' title='bbox 1310 2995 1553 3068; x_wconf 87' lang='lat' dir='ltr'><strong>dignum</strong></span> <span class='ocrx_word' id='word_1_319' title='bbox 1596 3004 1706 3067; x_wconf 88' lang='lat' dir='ltr'><strong>est,</strong></span> <span class='ocrx_word' id='word_1_320' title='bbox 1738 2999 1954 3071; x_wconf 81' lang='lat' dir='ltr'><strong>inquit,</strong></span> 
     </span>
    </p>
   </div>
   <div class='ocr_carea' id='block_1_41' title="bbox 311 3078 1958 3162">
    <p class='ocr_par' dir='ltr' id='par_1_41' title="bbox 311 3078 1958 3162">
     <span class='ocr_line' id='line_1_41' title="bbox 311 3078 1958 3162; baseline 0.011 -33"><span class='ocrx_word' id='word_1_321' title='bbox 311 3078 769 3142; x_wconf 88' lang='lat' dir='ltr'><strong>conversemini,</strong></span> <span class='ocrx_word' id='word_1_322' title='bbox 804 3096 939 3135; x_wconf 90' lang='lat' dir='ltr'><strong>cum</strong></span> <span class='ocrx_word' id='word_1_323' title='bbox 970 3098 1184 3138; x_wconf 88' lang='lat' dir='ltr'><strong>venero</strong></span> <span class='ocrx_word' id='word_1_324' title='bbox 1217 3089 1273 3138; x_wconf 87' lang='lat' dir='ltr'><strong>et</strong></span> <span class='ocrx_word' id='word_1_325' title='bbox 1304 3084 1504 3141; x_wconf 82' lang='lat' dir='ltr'><strong>videro</strong></span> <span class='ocrx_word' id='word_1_326' title='bbox 1535 3104 1657 3158; x_wconf 89' lang='lat' dir='ltr'><strong>vos,</strong></span> <span class='ocrx_word' id='word_1_327' title='bbox 1690 3090 1958 3162; x_wconf 80' lang='lat' dir='ltr'><strong>gaudebo</strong></span> 
     </span>
    </p>
   </div>
   <div class='ocr_carea' id='block_1_42' title="bbox 311 3165 1962 3251">
    <p class='ocr_par' dir='ltr' id='par_1_42' title="bbox 311 3165 1962 3251">
     <span class='ocr_line' id='line_1_42' title="bbox 311 3165 1962 3251; baseline 0.01 -33"><span class='ocrx_word' id='word_1_328' title='bbox 311 3165 451 3234; x_wconf 87' lang='lat' dir='ltr'><strong>(hoc</strong></span> <span class='ocrx_word' id='word_1_329' title='bbox 509 3167 690 3234; x_wconf 89' lang='lat' dir='ltr'><strong>enim,</strong></span> <span class='ocrx_word' id='word_1_330' title='bbox 750 3173 813 3223; x_wconf 88' lang='lat' dir='ltr'><strong>ut</strong></span> <span class='ocrx_word' id='word_1_331' title='bbox 868 3168 1147 3234; x_wconf 86' lang='lat' dir='ltr'><strong>diximus.</strong></span> <span class='ocrx_word' id='word_1_332' title='bbox 1207 3173 1682 3233; x_wconf 86' lang='lat' dir='ltr'><strong>subaudiendum</strong></span> <span class='ocrx_word' id='word_1_333' title='bbox 1743 3177 1853 3251; x_wconf 87' lang='lat' dir='ltr'><strong>est)</strong></span> <span class='ocrx_word' id='word_1_334' title='bbox 1903 3184 1962 3235; x_wconf 85' lang='lat' dir='ltr'><strong>et</strong></span> 
     </span>
    </p>
   </div>
   <div class='ocr_carea' id='block_1_43' title="bbox 2065 2002 3723 2086">
    <p class='ocr_par' dir='ltr' id='par_1_43' title="bbox 2065 2002 3723 2086">
     <span class='ocr_line' id='line_1_43' title="bbox 2065 2002 3723 2086; baseline -0.004 -20"><span class='ocrx_word' id='word_1_335' title='bbox 2065 2012 2169 2067; x_wconf 84' lang='grc' dir='ltr'>ὑπὸ</span> <span class='ocrx_word' id='word_1_336' title='bbox 2242 2019 2350 2069; x_wconf 79' lang='grc' dir='ltr'><strong>τῶν</strong></span> <span class='ocrx_word' id='word_1_337' title='bbox 2422 2009 2827 2086; x_wconf 82' lang='grc' dir='ltr'>ἀντικειμένων,</span> <span class='ocrx_word' id='word_1_338' title='bbox 2901 2010 3027 2079; x_wconf 78' lang='grc' dir='ltr'>ἣτις</span> <span class='ocrx_word' id='word_1_339' title='bbox 3102 2006 3286 2069; x_wconf 77' lang='grc' dir='ltr'>αὐτοῖς</span> <span class='ocrx_word' id='word_1_340' title='bbox 3394 2004 3488 2079; x_wconf 72' lang='grc' dir='ltr'><strong>μίν</strong></span> <span class='ocrx_word' id='word_1_341' title='bbox 3575 2002 3723 2061; x_wconf 67' lang='grc' dir='ltr'>ιστιν</span> 
     </span>
    </p>
   </div>
   <div class='ocr_carea' id='block_1_44' title="bbox 2063 2094 3721 2173">
    <p class='ocr_par' dir='ltr' id='par_1_44' title="bbox 2063 2094 3721 2173">
     <span class='ocr_line' id='line_1_44' title="bbox 2063 2094 3721 2173; baseline -0.005 -16"><span class='ocrx_word' id='word_1_342' title='bbox 2063 2098 2287 2171; x_wconf 66' lang='grc' dir='ltr'>ἔνδειξις</span> <span class='ocrx_word' id='word_1_343' title='bbox 2343 2099 2643 2172; x_wconf 76' lang='grc' dir='ltr'><strong>ἀπωλείας,</strong></span> <span class='ocrx_word' id='word_1_344' title='bbox 2702 2100 2830 2173; x_wconf 82' lang='grc' dir='ltr'>ὑμῖν</span> <span class='ocrx_word' id='word_1_345' title='bbox 2903 2095 2962 2155; x_wconf 76' lang='grc' dir='ltr'><strong>δὶ</strong></span> <span class='ocrx_word' id='word_1_346' title='bbox 3037 2097 3334 2172; x_wconf 86' lang='grc' dir='ltr'>σωτηρίας.</span> <span class='ocrx_word' id='word_1_347' title='bbox 3393 2094 3497 2153; x_wconf 82' lang='grc' dir='ltr'><strong>Καὶ</strong></span> <span class='ocrx_word' id='word_1_348' title='bbox 3551 2098 3721 2150; x_wconf 73' lang='grc' dir='ltr'>τοῦτο</span> 
     </span>
    </p>
   </div>
   <div class='ocr_carea' id='block_1_45' title="bbox 2061 2184 3719 2264">
    <p class='ocr_par' dir='ltr' id='par_1_45' title="bbox 2061 2184 3719 2264">
     <span class='ocr_line' id='line_1_45' title="bbox 2061 2184 3719 2264; baseline -0.005 -17"><span class='ocrx_word' id='word_1_349' title='bbox 2061 2191 2170 2247; x_wconf 72' lang='grc' dir='ltr'>ὰπὸ</span> <span class='ocrx_word' id='word_1_350' title='bbox 2217 2194 2373 2259; x_wconf 82' lang='grc' dir='ltr'>Θεοῦ,</span> <span class='ocrx_word' id='word_1_351' title='bbox 2428 2191 2514 2246; x_wconf 78' lang='grc' dir='ltr'>ὃτι</span> <span class='ocrx_word' id='word_1_352' title='bbox 2596 2191 2724 2263; x_wconf 81' lang='grc' dir='ltr'>ὑμῖν</span> <span class='ocrx_word' id='word_1_353' title='bbox 2809 2187 3077 2264; x_wconf 70' lang='grc' dir='ltr'>ἑχιρισθη</span> <span class='ocrx_word' id='word_1_354' title='bbox 3143 2184 3208 2242; x_wconf 75' lang='grc' dir='ltr'>τὰ</span> <span class='ocrx_word' id='word_1_355' title='bbox 3266 2185 3399 2259; x_wconf 80' lang='grc' dir='ltr'>ὗπὶρ</span> <span class='ocrx_word' id='word_1_356' title='bbox 3454 2186 3719 2259; x_wconf 76' lang='grc' dir='ltr'>Χριστοῦ,</span> 
     </span>
    </p>
   </div>
   <div class='ocr_carea' id='block_1_46' title="bbox 2064 2271 3720 2352">
    <p class='ocr_par' dir='ltr' id='par_1_46' title="bbox 2064 2271 3720 2352">
     <span class='ocr_line' id='line_1_46' title="bbox 2064 2271 3720 2352; baseline -0.005 -18"><span class='ocrx_word' id='word_1_357' title='bbox 2064 2280 2128 2336; x_wconf 81' lang='grc' dir='ltr'>οὐ</span> <span class='ocrx_word' id='word_1_358' title='bbox 2162 2279 2330 2352; x_wconf 82' lang='grc' dir='ltr'>μόνον</span> <span class='ocrx_word' id='word_1_359' title='bbox 2370 2279 2434 2335; x_wconf 81' lang='grc' dir='ltr'><strong>τὸ</strong></span> <span class='ocrx_word' id='word_1_360' title='bbox 2483 2278 2561 2342; x_wconf 81' lang='grc' dir='ltr'><strong>είς</strong></span> <span class='ocrx_word' id='word_1_361' title='bbox 2620 2278 2784 2334; x_wconf 77' lang='grc' dir='ltr'>αὐτὸν</span> <span class='ocrx_word' id='word_1_362' title='bbox 2841 2274 3136 2346; x_wconf 73' lang='grc' dir='ltr'>πιστεύειν,</span> <span class='ocrx_word' id='word_1_363' title='bbox 3195 2272 3344 2330; x_wconf 77' lang='grc' dir='ltr'>ἀλλὰ</span> <span class='ocrx_word' id='word_1_364' title='bbox 3370 2272 3462 2328; x_wconf 81' lang='grc' dir='ltr'><strong>καὶ</strong></span> <span class='ocrx_word' id='word_1_365' title='bbox 3491 2272 3554 2328; x_wconf 85' lang='grc' dir='ltr'>τὸ</span> <span class='ocrx_word' id='word_1_366' title='bbox 3583 2271 3720 2345; x_wconf 67' lang='grc' dir='ltr'>ὑπὲρ</span> 
     </span>
    </p>
   </div>
   <div class='ocr_carea' id='block_1_47' title="bbox 2064 2367 2510 2444">
    <p class='ocr_par' dir='ltr' id='par_1_47' title="bbox 2064 2367 2510 2444">
     <span class='ocr_line' id='line_1_47' title="bbox 2064 2367 2510 2444; baseline 0.007 -20"><span class='ocrx_word' id='word_1_367' title='bbox 2064 2367 2227 2424; x_wconf 76' lang='grc' dir='ltr'>αὐτοῦ</span> <span class='ocrx_word' id='word_1_368' title='bbox 2256 2369 2510 2444; x_wconf 65' lang='grc' dir='ltr'>πάσχειν.</span> 
     </span>
    </p>
   </div>
   <div class='ocr_carea' id='block_1_48' title="bbox 2137 2451 3722 2530">
    <p class='ocr_par' dir='ltr' id='par_1_48' title="bbox 2137 2451 3722 2530">
     <span class='ocr_line' id='line_1_48' title="bbox 2137 2451 3722 2530; baseline -0.004 -19"><span class='ocrx_word' id='word_1_369' title='bbox 2137 2484 2164 2511; x_wconf 84' lang='grc' dir='ltr'>ι(</span> <span class='ocrx_word' id='word_1_370' title='bbox 2229 2459 2413 2516; x_wconf 88' lang='grc' dir='ltr'>Μόνον</span> <span class='ocrx_word' id='word_1_371' title='bbox 2471 2458 2655 2529; x_wconf 80' lang='grc' dir='ltr'>ἀξίως.</span> <span class='ocrx_word' id='word_1_372' title='bbox 2714 2481 2741 2508; x_wconf 86' lang='grc'><strong>››</strong></span> <span class='ocrx_word' id='word_1_373' title='bbox 2800 2456 2941 2530; x_wconf 83' lang='grc' dir='ltr'><strong>Ἐγὼ</strong></span> <span class='ocrx_word' id='word_1_374' title='bbox 3008 2455 3102 2528; x_wconf 76' lang='grc' dir='ltr'>μὶν</span> <span class='ocrx_word' id='word_1_375' title='bbox 3157 2451 3251 2508; x_wconf 78' lang='grc' dir='ltr'>οὖν</span> <span class='ocrx_word' id='word_1_376' title='bbox 3310 2454 3722 2526; x_wconf 80' lang='grc' dir='ltr'>συμπαραμενῶ</span> 
     </span>
    </p>
   </div>
   <div class='ocr_carea' id='block_1_49' title="bbox 2061 2540 3723 2625">
    <p class='ocr_par' dir='ltr' id='par_1_49' title="bbox 2061 2540 3723 2625">
     <span class='ocr_line' id='line_1_49' title="bbox 2061 2540 3723 2625; baseline -0.007 -20"><span class='ocrx_word' id='word_1_377' title='bbox 2061 2550 2199 2625; x_wconf 82' lang='grc' dir='ltr'>πρὸς</span> <span class='ocrx_word' id='word_1_378' title='bbox 2228 2550 2328 2618; x_wconf 80' lang='grc' dir='ltr'><strong>τήν</strong></span> <span class='ocrx_word' id='word_1_379' title='bbox 2358 2550 2644 2624; x_wconf 76' lang='grc' dir='ltr'>προκοπήν</span> <span class='ocrx_word' id='word_1_380' title='bbox 2690 2547 2865 2621; x_wconf 78' lang='grc' dir='ltr'>ὑμῶν,</span> <span class='ocrx_word' id='word_1_381' title='bbox 2918 2546 3108 2618; x_wconf 85' lang='grc' dir='ltr'>μόνον,</span> <span class='ocrx_word' id='word_1_382' title='bbox 3156 2541 3316 2623; x_wconf 70' lang='grc' dir='ltr'>φησὶ,</span> <span class='ocrx_word' id='word_1_383' title='bbox 3344 2545 3514 2597; x_wconf 74' lang='grc' dir='ltr'>τοῦτο</span> <span class='ocrx_word' id='word_1_384' title='bbox 3542 2540 3723 2609; x_wconf 73' lang='grc' dir='ltr'>ποιή-</span> 
     </span>
    </p>
   </div>
   <div class='ocr_carea' id='block_1_50' title="bbox 2065 2630 3720 2712">
    <p class='ocr_par' dir='ltr' id='par_1_50' title="bbox 2065 2630 3720 2712">
     <span class='ocr_line' id='line_1_50' title="bbox 2065 2630 3720 2712; baseline -0.008 -16"><span class='ocrx_word' id='word_1_385' title='bbox 2065 2659 2214 2709; x_wconf 87' lang='grc' dir='ltr'>σατε,</span> <span class='ocrx_word' id='word_1_386' title='bbox 2264 2636 2426 2708; x_wconf 78' lang='grc' dir='ltr'>ἀξίως</span> <span class='ocrx_word' id='word_1_387' title='bbox 2473 2642 2572 2693; x_wconf 77' lang='grc' dir='ltr'><strong>τοῦ</strong></span> <span class='ocrx_word' id='word_1_388' title='bbox 2621 2633 2970 2712; x_wconf 79' lang='grc' dir='ltr'>Εὐαγγελίου</span> <span class='ocrx_word' id='word_1_389' title='bbox 3014 2631 3387 2701; x_wconf 78' lang='grc' dir='ltr'>πολιτεύεσθε,</span> <span class='ocrx_word' id='word_1_390' title='bbox 3445 2630 3720 2695; x_wconf 70' lang='grc' dir='ltr'>τουτέστι,</span> 
     </span>
    </p>
   </div>
   <div class='ocr_carea' id='block_1_51' title="bbox 2063 2719 3721 2803">
    <p class='ocr_par' dir='ltr' id='par_1_51' title="bbox 2063 2719 3721 2803">
     <span class='ocr_line' id='line_1_51' title="bbox 2063 2719 3721 2803; baseline -0.007 -19"><span class='ocrx_word' id='word_1_391' title='bbox 2063 2729 2202 2803; x_wconf 88' lang='grc' dir='ltr'>πρὸς</span> <span class='ocrx_word' id='word_1_392' title='bbox 2229 2728 2425 2802; x_wconf 73' lang='grc' dir='ltr'>ἀρετὴν</span> <span class='ocrx_word' id='word_1_393' title='bbox 2456 2725 2692 2783; x_wconf 73' lang='grc' dir='ltr'>ἑπίδοτε.</span> <span class='ocrx_word' id='word_1_394' title='bbox 2739 2750 2759 2776; x_wconf 76' lang='grc' dir='ltr'><strong>ι</strong></span> <span class='ocrx_word' id='word_1_395' title='bbox 2810 2724 2914 2781; x_wconf 87' lang='grc' dir='ltr'>Καὶ</span> <span class='ocrx_word' id='word_1_396' title='bbox 2977 2719 3108 2778; x_wconf 84' lang='grc' dir='ltr'>ίδὼν</span> <span class='ocrx_word' id='word_1_397' title='bbox 3139 2722 3303 2795; x_wconf 81' lang='grc' dir='ltr'>ὑμᾶς.</span> <span class='ocrx_word' id='word_1_398' title='bbox 3341 2742 3365 2774; x_wconf 72' lang='grc' dir='ltr'><strong>ι</strong></span> <span class='ocrx_word' id='word_1_399' title='bbox 3402 2719 3721 2798; x_wconf 70' lang='grc' dir='ltr'>Εὐφρανθῶ,</span> 
     </span>
    </p>
   </div>
   <div class='ocr_carea' id='block_1_52' title="bbox 2066 2808 3724 2898">
    <p class='ocr_par' dir='ltr' id='par_1_52' title="bbox 2066 2808 3724 2898">
     <span class='ocr_line' id='line_1_52' title="bbox 2066 2808 3724 2898; baseline -0.006 -26"><span class='ocrx_word' id='word_1_400' title='bbox 2066 2818 2251 2898; x_wconf 73' lang='grc' dir='ltr'>φησίν.</span> <span class='ocrx_word' id='word_1_401' title='bbox 2287 2840 2313 2869; x_wconf 78' lang='grc' dir='ltr'>ι(</span> <span class='ocrx_word' id='word_1_402' title='bbox 2348 2815 2473 2873; x_wconf 70' lang='grc' dir='ltr'>Ε’ἰτε</span> <span class='ocrx_word' id='word_1_403' title='bbox 2530 2816 2703 2872; x_wconf 82' lang='grc' dir='ltr'>ἀπών.</span> <span class='ocrx_word' id='word_1_404' title='bbox 2740 2838 2768 2866; x_wconf 72' lang='grc' dir='ltr'>ιο</span> <span class='ocrx_word' id='word_1_405' title='bbox 2822 2813 2901 2871; x_wconf 77' lang='grc' dir='ltr'>Οὐ</span> <span class='ocrx_word' id='word_1_406' title='bbox 2930 2815 3094 2898; x_wconf 76' lang='grc' dir='ltr'>τοῦτο</span> <span class='ocrx_word' id='word_1_407' title='bbox 3124 2812 3275 2867; x_wconf 78' lang='grc' dir='ltr'>εἶπεν</span> <span class='ocrx_word' id='word_1_408' title='bbox 3310 2811 3386 2873; x_wconf 82' lang='grc' dir='ltr'>ὡς</span> <span class='ocrx_word' id='word_1_409' title='bbox 3420 2808 3724 2898; x_wconf 69' lang='grc' dir='ltr'>μεταθέμε-</span> 
     </span>
    </p>
   </div>
   <div class='ocr_carea' id='block_1_53' title="bbox 2064 2895 3722 2974">
    <p class='ocr_par' dir='ltr' id='par_1_53' title="bbox 2064 2895 3722 2974">
     <span class='ocr_line' id='line_1_53' title="bbox 2064 2895 3722 2974; baseline -0.007 -13"><span class='ocrx_word' id='word_1_410' title='bbox 2064 2895 2158 2969; x_wconf 80' lang='grc' dir='ltr'><strong>νος</strong></span> <span class='ocrx_word' id='word_1_411' title='bbox 2196 2907 2259 2962; x_wconf 83' lang='grc' dir='ltr'>τὸ</span> <span class='ocrx_word' id='word_1_412' title='bbox 2316 2902 2571 2969; x_wconf 78' lang='grc' dir='ltr'>ἀπελθεῖν</span> <span class='ocrx_word' id='word_1_413' title='bbox 2629 2902 2780 2959; x_wconf 81' lang='grc' dir='ltr'>ἀλλὰ</span> <span class='ocrx_word' id='word_1_414' title='bbox 2813 2903 2877 2958; x_wconf 89' lang='grc' dir='ltr'>τὸ</span> <span class='ocrx_word' id='word_1_415' title='bbox 2933 2895 3230 2974; x_wconf 77' lang='grc' dir='ltr'>συμϐαῖνον</span> <span class='ocrx_word' id='word_1_416' title='bbox 3264 2899 3435 2955; x_wconf 80' lang='grc' dir='ltr'>εἶπεν.</span> <span class='ocrx_word' id='word_1_417' title='bbox 3465 2896 3587 2953; x_wconf 75' lang='grc' dir='ltr'>Ἐὰν</span> <span class='ocrx_word' id='word_1_418' title='bbox 3616 2895 3722 2973; x_wconf 78' lang='grc' dir='ltr'><strong>γὰρ</strong></span> 
     </span>
    </p>
   </div>
   <div class='ocr_carea' id='block_1_54' title="bbox 2067 2987 3722 3076">
    <p class='ocr_par' dir='ltr' id='par_1_54' title="bbox 2067 2987 3722 3076">
     <span class='ocr_line' id='line_1_54' title="bbox 2067 2987 3722 3076; baseline -0.008 -23"><span class='ocrx_word' id='word_1_419' title='bbox 2067 2998 2251 3076; x_wconf 74' lang='grc' dir='ltr'>φησὶν,</span> <span class='ocrx_word' id='word_1_420' title='bbox 2280 2996 2442 3067; x_wconf 76' lang='grc' dir='ltr'>ἀξίως</span> <span class='ocrx_word' id='word_1_421' title='bbox 2470 2999 2568 3051; x_wconf 75' lang='grc' dir='ltr'><strong>τοῦ</strong></span> <span class='ocrx_word' id='word_1_422' title='bbox 2614 2991 2957 3068; x_wconf 77' lang='grc' dir='ltr'>Εὗαγγελίου</span> <span class='ocrx_word' id='word_1_423' title='bbox 3006 2988 3388 3060; x_wconf 74' lang='grc' dir='ltr'>πολιτεύησθε,</span> <span class='ocrx_word' id='word_1_424' title='bbox 3423 2987 3599 3044; x_wconf 73' lang='grc' dir='ltr'>ἐλθὼν</span> <span class='ocrx_word' id='word_1_425' title='bbox 3629 2987 3722 3042; x_wconf 78' lang='grc' dir='ltr'>καὶ</span> 
     </span>
    </p>
   </div>
   <div class='ocr_carea' id='block_1_55' title="bbox 2067 3080 3725 3164">
    <p class='ocr_par' dir='ltr' id='par_1_55' title="bbox 2067 3080 3725 3164">
     <span class='ocr_line' id='line_1_55' title="bbox 2067 3080 3725 3164; baseline -0.008 -21"><span class='ocrx_word' id='word_1_426' title='bbox 2067 3088 2211 3161; x_wconf 76' lang='grc' dir='ltr'>ὁρῶν</span> <span class='ocrx_word' id='word_1_427' title='bbox 2266 3086 2427 3159; x_wconf 80' lang='grc' dir='ltr'>ὑμᾶς,</span> <span class='ocrx_word' id='word_1_428' title='bbox 2459 3085 2904 3164; x_wconf 71' lang='grc' dir='ltr'>εὐφρανθήσομαι</span> <span class='ocrx_word' id='word_1_429' title='bbox 2952 3085 3137 3153; x_wconf 75' lang='grc' dir='ltr'>(τοῦτο</span> <span class='ocrx_word' id='word_1_430' title='bbox 3186 3080 3290 3155; x_wconf 72' lang='grc' dir='ltr'>γὰρ</span> <span class='ocrx_word' id='word_1_431' title='bbox 3337 3097 3725 3154; x_wconf 75' lang='grc' dir='ltr'>προσυπακου-</span> 
     </span>
    </p>
   </div>
   <div class='ocr_carea' id='block_1_56' title="bbox 2069 3167 3727 3250">
    <p class='ocr_par' dir='ltr' id='par_1_56' title="bbox 2069 3167 3727 3250">
     <span class='ocr_line' id='line_1_56' title="bbox 2069 3167 3727 3250; baseline -0.008 -18"><span class='ocrx_word' id='word_1_432' title='bbox 2069 3177 2268 3250; x_wconf 80' lang='grc' dir='ltr'>στὲον),</span> <span class='ocrx_word' id='word_1_433' title='bbox 2296 3175 2388 3231; x_wconf 74' lang='grc' dir='ltr'>καὶ</span> <span class='ocrx_word' id='word_1_434' title='bbox 2430 3174 2558 3249; x_wconf 88' lang='grc' dir='ltr'>πρὶν</span> <span class='ocrx_word' id='word_1_435' title='bbox 2616 3171 2816 3242; x_wconf 70' lang='grc' dir='ltr'>ἐλθεῖν,</span> <span class='ocrx_word' id='word_1_436' title='bbox 2871 3171 3022 3227; x_wconf 84' lang='grc' dir='ltr'>ἀπὼν</span> <span class='ocrx_word' id='word_1_437' title='bbox 3078 3170 3169 3224; x_wconf 80' lang='grc' dir='ltr'><strong>καὶ</strong></span> <span class='ocrx_word' id='word_1_438' title='bbox 3220 3168 3457 3236; x_wconf 73' lang='grc' dir='ltr'>ἀκούων,</span> <span class='ocrx_word' id='word_1_439' title='bbox 3491 3167 3727 3244; x_wconf 71' lang='grc' dir='ltr'>εὐφραν-</span> 
     </span>
    </p>
   </div>
   <div class='ocr_carea' id='block_1_57' title="bbox 313 3254 1958 3342">
    <p class='ocr_par' dir='ltr' id='par_1_57' title="bbox 313 3254 1958 3342">
     <span class='ocr_line' id='line_1_57' title="bbox 313 3254 1958 3342; baseline 0.012 -34"><span class='ocrx_word' id='word_1_440' title='bbox 313 3254 660 3326; x_wconf 88' lang='lat' dir='ltr'><strong>priusquam</strong></span> <span class='ocrx_word' id='word_1_441' title='bbox 694 3257 927 3313; x_wconf 89' lang='lat' dir='ltr'><strong>veniam</strong></span> <span class='ocrx_word' id='word_1_442' title='bbox 954 3259 1002 3314; x_wconf 88' lang='lat' dir='ltr'><strong>si</strong></span> <span class='ocrx_word' id='word_1_443' title='bbox 1036 3260 1250 3317; x_wconf 86' lang='lat' dir='ltr'><strong>absens</strong></span> <span class='ocrx_word' id='word_1_444' title='bbox 1281 3265 1544 3331; x_wconf 87' lang='lat' dir='ltr'><strong>audiero,</strong></span> <span class='ocrx_word' id='word_1_445' title='bbox 1584 3268 1764 3326; x_wconf 88' lang='lat' dir='ltr'><strong>etiam</strong></span> <span class='ocrx_word' id='word_1_446' title='bbox 1814 3285 1958 3342; x_wconf 75' lang='lat' dir='ltr'><strong>gau-</strong></span> 
     </span>
    </p>
   </div>
   <div class='ocr_carea' id='block_1_58' title="bbox 2070 3254 3726 3342">
    <p class='ocr_par' dir='ltr' id='par_1_58' title="bbox 2070 3255 3726 3339">
     <span class='ocr_line' id='line_1_58' title="bbox 2070 3255 3726 3339; baseline -0.008 -17"><span class='ocrx_word' id='word_1_447' title='bbox 2070 3269 2334 3339; x_wconf 83' lang='grc' dir='ltr'>θήσομαι.</span> <span class='ocrx_word' id='word_1_448' title='bbox 2399 3285 2428 3316; x_wconf 81' lang='grc' dir='ltr'><strong>ιι</strong></span> <span class='ocrx_word' id='word_1_449' title='bbox 2458 3262 2551 3320; x_wconf 83' lang='grc' dir='ltr'><strong>Ἐν</strong></span> <span class='ocrx_word' id='word_1_450' title='bbox 2611 3262 2690 3318; x_wconf 64' lang='lat' dir='ltr'><strong>ivi</strong></span> <span class='ocrx_word' id='word_1_451' title='bbox 2746 3259 3034 3334; x_wconf 75' lang='grc' dir='ltr'>πνεύματι.</span> <span class='ocrx_word' id='word_1_452' title='bbox 3071 3282 3100 3311; x_wconf 71' lang='grc' dir='ltr'>»ι</span> <span class='ocrx_word' id='word_1_453' title='bbox 3149 3259 3237 3315; x_wconf 84' lang='grc' dir='ltr'>Ἐν</span> <span class='ocrx_word' id='word_1_454' title='bbox 3285 3257 3364 3312; x_wconf 55' lang='lat' dir='ltr'><strong>{vi</strong></span> <span class='ocrx_word' id='word_1_455' title='bbox 3420 3255 3726 3332; x_wconf 77' lang='grc' dir='ltr'>χαρίσματι</span> 
     </span>
    </p>
   </div>
   <div class='ocr_carea' id='block_1_59' title="bbox 312 3343 1952 3419">
    <p class='ocr_par' dir='ltr' id='par_1_59' title="bbox 312 3343 1952 3419">
     <span class='ocr_line' id='line_1_59' title="bbox 312 3343 1952 3419; baseline 0.01 -21"><span class='ocrx_word' id='word_1_456' title='bbox 312 3343 486 3400; x_wconf 90' lang='lat' dir='ltr'><strong>debo.</strong></span> <span class='ocrx_word' id='word_1_457' title='bbox 522 3367 549 3394; x_wconf 92' lang='grc'><em>‹‹</em></span> <span class='ocrx_word' id='word_1_458' title='bbox 582 3346 649 3399; x_wconf 91' lang='lat' dir='ltr'><strong>In</strong></span> <span class='ocrx_word' id='word_1_459' title='bbox 680 3362 798 3401; x_wconf 92' lang='lat' dir='ltr'><strong>uno</strong></span> <span class='ocrx_word' id='word_1_460' title='bbox 833 3347 1104 3419; x_wconf 79' lang='lat' dir='ltr'><strong>spiritu.»</strong></span> <span class='ocrx_word' id='word_1_461' title='bbox 1137 3353 1201 3406; x_wconf 89' lang='lat' dir='ltr'><strong>In</strong></span> <span class='ocrx_word' id='word_1_462' title='bbox 1233 3367 1352 3408; x_wconf 86' lang='lat' dir='ltr'><strong>uno</strong></span> <span class='ocrx_word' id='word_1_463' title='bbox 1385 3354 1690 3412; x_wconf 78' lang='lat' dir='ltr'><strong>chan&#39;tatis</strong></span> <span class='ocrx_word' id='word_1_464' title='bbox 1722 3364 1780 3411; x_wconf 86' lang='lat' dir='ltr'><strong>et</strong></span> <span class='ocrx_word' id='word_1_465' title='bbox 1809 3374 1952 3414; x_wconf 83' lang='lat' dir='ltr'><strong>con-</strong></span> 
     </span>
    </p>
   </div>
   <div class='ocr_carea' id='block_1_60' title="bbox 312 3432 1957 3504">
    <p class='ocr_par' dir='ltr' id='par_1_60' title="bbox 312 3432 1957 3504">
     <span class='ocr_line' id='line_1_60' title="bbox 312 3432 1957 3504; baseline 0.009 -15"><span class='ocrx_word' id='word_1_466' title='bbox 312 3432 528 3489; x_wconf 70' lang='lat' dir='ltr'><strong>cordia:</strong></span> <span class='ocrx_word' id='word_1_467' title='bbox 561 3435 735 3490; x_wconf 91' lang='lat' dir='ltr'><strong>dono.</strong></span> <span class='ocrx_word' id='word_1_468' title='bbox 771 3457 798 3485; x_wconf 79' lang='grc' dir='ltr'><strong>α</strong></span> <span class='ocrx_word' id='word_1_469' title='bbox 834 3437 959 3491; x_wconf 90' lang='lat' dir='ltr'><strong>Una</strong></span> <span class='ocrx_word' id='word_1_470' title='bbox 980 3439 1200 3496; x_wconf 88' lang='lat' dir='ltr'><strong>anima.</strong></span> <span class='ocrx_word' id='word_1_471' title='bbox 1239 3463 1266 3491; x_wconf 77' lang='grc' dir='ltr'>α</span> <span class='ocrx_word' id='word_1_472' title='bbox 1293 3443 1452 3499; x_wconf 83' lang='lat' dir='ltr'><strong>Adeo</strong></span> <span class='ocrx_word' id='word_1_473' title='bbox 1484 3444 1772 3504; x_wconf 85' lang='lat' dir='ltr'><strong>charitate</strong></span> <span class='ocrx_word' id='word_1_474' title='bbox 1794 3447 1957 3503; x_wconf 88' lang='lat' dir='ltr'><strong>colli-</strong></span> 
     </span>
    </p>
   </div>
   <div class='ocr_carea' id='block_1_61' title="bbox 311 3521 1956 3602">
    <p class='ocr_par' dir='ltr' id='par_1_61' title="bbox 311 3521 1956 3602">
     <span class='ocr_line' id='line_1_61' title="bbox 311 3521 1956 3602; baseline 0.011 -26"><span class='ocrx_word' id='word_1_475' title='bbox 311 3521 499 3595; x_wconf 85' lang='lat' dir='ltr'><strong>ligati,</strong></span> <span class='ocrx_word' id='word_1_476' title='bbox 557 3528 623 3577; x_wconf 87' lang='lat' dir='ltr'><strong>ut</strong></span> <span class='ocrx_word' id='word_1_477' title='bbox 682 3540 862 3580; x_wconf 89' lang='lat' dir='ltr'><strong>unam</strong></span> <span class='ocrx_word' id='word_1_478' title='bbox 920 3527 1027 3582; x_wconf 90' lang='lat' dir='ltr'><strong>visi</strong></span> <span class='ocrx_word' id='word_1_479' title='bbox 1086 3527 1303 3586; x_wconf 84' lang='lat' dir='ltr'><strong>habere</strong></span> <span class='ocrx_word' id='word_1_480' title='bbox 1362 3533 1645 3602; x_wconf 87' lang='lat' dir='ltr'><strong>animam,</strong></span> <span class='ocrx_word' id='word_1_481' title='bbox 1702 3537 1956 3594; x_wconf 85' lang='lat' dir='ltr'><strong>invicem</strong></span> 
     </span>
    </p>
   </div>
   <div class='ocr_carea' id='block_1_62' title="bbox 313 3610 1958 3691">
    <p class='ocr_par' dir='ltr' id='par_1_62' title="bbox 313 3610 1958 3691">
     <span class='ocr_line' id='line_1_62' title="bbox 313 3610 1958 3691; baseline 0.01 -25"><span class='ocrx_word' id='word_1_482' title='bbox 313 3610 604 3683; x_wconf 81' lang='lat' dir='ltr'><strong>adjuvetis</strong></span> <span class='ocrx_word' id='word_1_483' title='bbox 635 3613 697 3667; x_wconf 89' lang='lat' dir='ltr'><strong>in</strong></span> <span class='ocrx_word' id='word_1_484' title='bbox 747 3616 1173 3673; x_wconf 87' lang='lat' dir='ltr'><strong>certaminibus</strong></span> <span class='ocrx_word' id='word_1_485' title='bbox 1224 3632 1293 3675; x_wconf 89' lang='lat' dir='ltr'><strong>ac</strong></span> <span class='ocrx_word' id='word_1_486' title='bbox 1324 3620 1625 3691; x_wconf 89' lang='lat' dir='ltr'><strong>periculis.</strong></span> <span class='ocrx_word' id='word_1_487' title='bbox 1657 3654 1729 3666; x_wconf 89' lang='lat'><strong>-—-</strong></span> <span class='ocrx_word' id='word_1_488' title='bbox 1758 3647 1786 3675; x_wconf 84' lang='grc'><em>‹‹</em></span> <span class='ocrx_word' id='word_1_489' title='bbox 1841 3627 1958 3682; x_wconf 87' lang='lat' dir='ltr'><strong>Nec</strong></span> 
     </span>
    </p>
   </div>
   <div class='ocr_carea' id='block_1_63' title="bbox 312 3701 1960 3780">
    <p class='ocr_par' dir='ltr' id='par_1_63' title="bbox 312 3701 1960 3780">
     <span class='ocr_line' id='line_1_63' title="bbox 312 3701 1960 3780; baseline 0.01 -25"><span class='ocrx_word' id='word_1_490' title='bbox 312 3701 679 3758; x_wconf 84' lang='lat' dir='ltr'><strong>terreamini.</strong></span> <span class='ocrx_word' id='word_1_491' title='bbox 718 3724 746 3752; x_wconf 73' lang='grc' dir='ltr'>η</span> <span class='ocrx_word' id='word_1_492' title='bbox 776 3704 903 3759; x_wconf 89' lang='lat' dir='ltr'><strong>Non</strong></span> <span class='ocrx_word' id='word_1_493' title='bbox 936 3705 1089 3775; x_wconf 86' lang='lat' dir='ltr'><strong>dico,</strong></span> <span class='ocrx_word' id='word_1_494' title='bbox 1140 3708 1354 3780; x_wconf 89' lang='lat' dir='ltr'><strong>inquit,</strong></span> <span class='ocrx_word' id='word_1_495' title='bbox 1388 3708 1463 3766; x_wconf 82' lang='lat' dir='ltr'><strong>ne</strong></span> <span class='ocrx_word' id='word_1_496' title='bbox 1507 3713 1811 3775; x_wconf 83' lang='lat' dir='ltr'><strong>exeidatis.</strong></span> <span class='ocrx_word' id='word_1_497' title='bbox 1855 3716 1960 3771; x_wconf 89' lang='lat' dir='ltr'><strong>sed</strong></span> 
     </span>
    </p>
   </div>
   <div class='ocr_carea' id='block_1_64' title="bbox 309 3790 1962 3867">
    <p class='ocr_par' dir='ltr' id='par_1_64' title="bbox 309 3790 1962 3867">
     <span class='ocr_line' id='line_1_64' title="bbox 309 3790 1962 3867; baseline 0.01 -21"><span class='ocrx_word' id='word_1_498' title='bbox 309 3806 421 3846; x_wconf 87' lang='lat' dir='ltr'><strong>nec</strong></span> <span class='ocrx_word' id='word_1_499' title='bbox 451 3790 651 3846; x_wconf 87' lang='lat' dir='ltr'><strong>animo</strong></span> <span class='ocrx_word' id='word_1_500' title='bbox 681 3797 1296 3862; x_wconf 88' lang='lat' dir='ltr'><strong>consternemini,hoc</strong></span> <span class='ocrx_word' id='word_1_501' title='bbox 1326 3805 1437 3867; x_wconf 91' lang='lat' dir='ltr'><strong>est,</strong></span> <span class='ocrx_word' id='word_1_502' title='bbox 1472 3801 1533 3856; x_wconf 85' lang='lat' dir='ltr'><strong>in</strong></span> <span class='ocrx_word' id='word_1_503' title='bbox 1565 3804 1734 3860; x_wconf 89' lang='lat' dir='ltr'><strong>nullo</strong></span> <span class='ocrx_word' id='word_1_504' title='bbox 1767 3806 1962 3862; x_wconf 88' lang='lat' dir='ltr'><strong>turbe-</strong></span> 
     </span>
    </p>
   </div>
   <div class='ocr_carea' id='block_1_65' title="bbox 308 3878 1959 3965">
    <p class='ocr_par' dir='ltr' id='par_1_65' title="bbox 308 3878 1959 3965">
     <span class='ocr_line' id='line_1_65' title="bbox 308 3878 1959 3965; baseline 0.008 -29"><span class='ocrx_word' id='word_1_505' title='bbox 308 3878 456 3936; x_wconf 83' lang='lat' dir='ltr'><strong>mlni</strong></span> <span class='ocrx_word' id='word_1_506' title='bbox 493 3897 506 3933; x_wconf 89' lang='lat'>:</span> <span class='ocrx_word' id='word_1_507' title='bbox 540 3897 880 3953; x_wconf 85' lang='lat' dir='ltr'><strong>quanquam</strong></span> <span class='ocrx_word' id='word_1_508' title='bbox 912 3893 1165 3942; x_wconf 89' lang='lat' dir='ltr'><strong>mortem</strong></span> <span class='ocrx_word' id='word_1_509' title='bbox 1218 3889 1573 3946; x_wconf 88' lang='lat' dir='ltr'><strong>minitentur</strong></span> <span class='ocrx_word' id='word_1_510' title='bbox 1615 3894 1959 3965; x_wconf 82' lang='lat' dir='ltr'><strong>adversarii,</strong></span> 
     </span>
    </p>
   </div>
   <div class='ocr_carea' id='block_1_66' title="bbox 313 3968 1962 4056">
    <p class='ocr_par' dir='ltr' id='par_1_66' title="bbox 313 3968 1962 4056">
     <span class='ocr_line' id='line_1_66' title="bbox 313 3968 1962 4056; baseline 0.01 -32"><span class='ocrx_word' id='word_1_511' title='bbox 313 3968 455 4026; x_wconf 87' lang='lat' dir='ltr'><strong>licet</strong></span> <span class='ocrx_word' id='word_1_512' title='bbox 483 3972 843 4043; x_wconf 83' lang='lat' dir='ltr'><strong>exprobrent</strong></span> <span class='ocrx_word' id='word_1_513' title='bbox 862 3976 1026 4031; x_wconf 88' lang='lat' dir='ltr'><strong>vobis</strong></span> <span class='ocrx_word' id='word_1_514' title='bbox 1056 3993 1189 4033; x_wconf 88' lang='lat' dir='ltr'><strong>mea</strong></span> <span class='ocrx_word' id='word_1_515' title='bbox 1213 3979 1507 4036; x_wconf 79' lang='lat' dir='ltr'><strong>viucula.«</strong></span> <span class='ocrx_word' id='word_1_516' title='bbox 1529 3983 1666 4046; x_wconf 77' lang='lat' dir='ltr'><strong>Quae</strong></span> <span class='ocrx_word' id='word_1_517' title='bbox 1699 3983 1816 4040; x_wconf 90' lang='lat' dir='ltr'><strong>illis</strong></span> <span class='ocrx_word' id='word_1_518' title='bbox 1834 3986 1962 4056; x_wconf 88' lang='lat' dir='ltr'><strong>qui-</strong></span> 
     </span>
    </p>
   </div>
   <div class='ocr_carea' id='block_1_67' title="bbox 312 4056 1959 4141">
    <p class='ocr_par' dir='ltr' id='par_1_67' title="bbox 312 4056 1959 4141">
     <span class='ocr_line' id='line_1_67' title="bbox 312 4056 1959 4141; baseline 0.01 -29"><span class='ocrx_word' id='word_1_519' title='bbox 312 4056 447 4112; x_wconf 91' lang='lat' dir='ltr'><strong>dem</strong></span> <span class='ocrx_word' id='word_1_520' title='bbox 481 4065 590 4114; x_wconf 87' lang='lat' dir='ltr'><strong>est.</strong></span> <span class='ocrx_word' id='word_1_521' title='bbox 628 4083 654 4109; x_wconf 86' lang='lat'><strong>»</strong></span> <span class='ocrx_word' id='word_1_522' title='bbox 688 4062 743 4115; x_wconf 90' lang='lat' dir='ltr'>Si</span> <span class='ocrx_word' id='word_1_523' title='bbox 781 4062 853 4117; x_wconf 89' lang='lat' dir='ltr'><strong>ab</strong></span> <span class='ocrx_word' id='word_1_524' title='bbox 885 4065 1241 4121; x_wconf 85' lang='lat' dir='ltr'><strong>adversariis</strong></span> <span class='ocrx_word' id='word_1_525' title='bbox 1281 4084 1400 4122; x_wconf 90' lang='lat' dir='ltr'><strong>non</strong></span> <span class='ocrx_word' id='word_1_526' title='bbox 1455 4069 1686 4127; x_wconf 86' lang='lat' dir='ltr'><strong>fueritis</strong></span> <span class='ocrx_word' id='word_1_527' title='bbox 1746 4076 1959 4141; x_wconf 86' lang='lat' dir='ltr'><strong>territi,</strong></span> 
     </span>
    </p>
   </div>
   <div class='ocr_carea' id='block_1_68' title="bbox 312 4146 1962 4235">
    <p class='ocr_par' dir='ltr' id='par_1_68' title="bbox 312 4146 1962 4235">
     <span class='ocr_line' id='line_1_68' title="bbox 312 4146 1962 4235; baseline 0.01 -33"><span class='ocrx_word' id='word_1_528' title='bbox 312 4146 671 4206; x_wconf 87' lang='lat' dir='ltr'><strong>insurrectio</strong></span> <span class='ocrx_word' id='word_1_529' title='bbox 692 4151 956 4223; x_wconf 88' lang='lat' dir='ltr'><strong>ipsorum</strong></span> <span class='ocrx_word' id='word_1_530' title='bbox 976 4156 1287 4212; x_wconf 87' lang='lat' dir='ltr'><strong>adversum</strong></span> <span class='ocrx_word' id='word_1_531' title='bbox 1306 4176 1404 4213; x_wconf 89' lang='lat' dir='ltr'><strong>vos</strong></span> <span class='ocrx_word' id='word_1_532' title='bbox 1428 4164 1962 4235; x_wconf 86' lang='lat' dir='ltr'><strong>converteturipsis</strong></span> 
     </span>
    </p>
   </div>
   <div class='ocr_carea' id='block_1_69' title="bbox 313 4235 1964 4321">
    <p class='ocr_par' dir='ltr' id='par_1_69' title="bbox 313 4235 1964 4321">
     <span class='ocr_line' id='line_1_69' title="bbox 313 4235 1964 4321; baseline 0.008 -29"><span class='ocrx_word' id='word_1_533' title='bbox 313 4235 388 4292; x_wconf 83' lang='lat' dir='ltr'><strong>ad</strong></span> <span class='ocrx_word' id='word_1_534' title='bbox 420 4240 826 4296; x_wconf 86' lang='lat' dir='ltr'><strong>ostensionem</strong></span> <span class='ocrx_word' id='word_1_535' title='bbox 856 4244 1228 4314; x_wconf 88' lang='lat' dir='ltr'><strong>perditionis.</strong></span> <span class='ocrx_word' id='word_1_536' title='bbox 1270 4248 1389 4302; x_wconf 89' lang='lat' dir='ltr'><strong>Hoc</strong></span> <span class='ocrx_word' id='word_1_537' title='bbox 1419 4256 1635 4315; x_wconf 85' lang='lat' dir='ltr'><strong>est,aut</strong></span> <span class='ocrx_word' id='word_1_538' title='bbox 1666 4251 1823 4321; x_wconf 88' lang='lat' dir='ltr'><strong>quod</strong></span> <span class='ocrx_word' id='word_1_539' title='bbox 1857 4266 1964 4321; x_wconf 88' lang='lat' dir='ltr'><strong>per</strong></span> 
     </span>
    </p>
   </div>
   <div class='ocr_carea' id='block_1_70' title="bbox 311 4329 1960 4394">
    <p class='ocr_par' dir='ltr' id='par_1_70' title="bbox 311 4329 1960 4394">
     <span class='ocr_line' id='line_1_70' title="bbox 311 4329 1960 4394; baseline 0.01 -17"><span class='ocrx_word' id='word_1_540' title='bbox 311 4332 569 4382; x_wconf 88' lang='lat' dir='ltr'><strong>vestram</strong></span> <span class='ocrx_word' id='word_1_541' title='bbox 602 4329 945 4388; x_wconf 78' lang='lat' dir='ltr'><strong>firmitatem</strong></span> <span class='ocrx_word' id='word_1_542' title='bbox 989 4335 1338 4390; x_wconf 87' lang='lat' dir='ltr'><strong>ostendetur</strong></span> <span class='ocrx_word' id='word_1_543' title='bbox 1377 4342 1436 4389; x_wconf 85' lang='lat' dir='ltr'><strong>et</strong></span> <span class='ocrx_word' id='word_1_544' title='bbox 1491 4339 1960 4394; x_wconf 83' lang='lat' dir='ltr'><strong>manifestabun-</strong></span> 
     </span>
    </p>
   </div>
   <div class='ocr_carea' id='block_1_71' title="bbox 314 4418 1975 4499">
    <p class='ocr_par' dir='ltr' id='par_1_71' title="bbox 314 4418 1975 4499">
     <span class='ocr_line' id='line_1_71' title="bbox 314 4418 1975 4499; baseline 0.008 -30"><span class='ocrx_word' id='word_1_545' title='bbox 314 4420 412 4470; x_wconf 91' lang='lat' dir='ltr'><strong>tur</strong></span> <span class='ocrx_word' id='word_1_546' title='bbox 442 4430 574 4486; x_wconf 67' lang='lat' dir='ltr'><strong>quaa</strong></span> <span class='ocrx_word' id='word_1_547' title='bbox 606 4426 744 4475; x_wconf 87' lang='lat' dir='ltr'><strong>sunt</strong></span> <span class='ocrx_word' id='word_1_548' title='bbox 802 4423 1157 4491; x_wconf 86' lang='lat' dir='ltr'><strong>perditionis</strong></span> <span class='ocrx_word' id='word_1_549' title='bbox 1193 4433 1251 4479; x_wconf 90' lang='lat' dir='ltr'><strong>et</strong></span> <span class='ocrx_word' id='word_1_550' title='bbox 1279 4440 1313 4479; x_wconf 87' lang='lat' dir='ltr'><strong>a</strong></span> <span class='ocrx_word' id='word_1_551' title='bbox 1364 4441 1513 4481; x_wconf 84' lang='lat' dir='ltr'><strong>vana</strong></span> <span class='ocrx_word' id='word_1_552' title='bbox 1559 4427 1749 4499; x_wconf 83' lang='lat' dir='ltr'><strong>gloria</strong></span> <span class='ocrx_word' id='word_1_553' title='bbox 1805 4418 1975 4483; x_wconf 53' lang='lat' dir='ltr'><strong>suis?</strong></span> 
     </span>
    </p>
   </div>
   <div class='ocr_carea' id='block_1_72' title="bbox 315 4506 1962 4587">
    <p class='ocr_par' dir='ltr' id='par_1_72' title="bbox 315 4506 1962 4587">
     <span class='ocr_line' id='line_1_72' title="bbox 315 4506 1962 4587; baseline 0.01 -29"><span class='ocrx_word' id='word_1_554' title='bbox 315 4521 430 4574; x_wconf 88' lang='lat' dir='ltr'><strong>que</strong></span> <span class='ocrx_word' id='word_1_555' title='bbox 463 4506 675 4561; x_wconf 90' lang='lat' dir='ltr'><strong>studiis</strong></span> <span class='ocrx_word' id='word_1_556' title='bbox 706 4507 1034 4580; x_wconf 88' lang='lat' dir='ltr'><strong>discedent,</strong></span> <span class='ocrx_word' id='word_1_557' title='bbox 1069 4519 1129 4567; x_wconf 92' lang='lat' dir='ltr'><strong>et</strong></span> <span class='ocrx_word' id='word_1_558' title='bbox 1156 4529 1227 4568; x_wconf 86' lang='lat' dir='ltr'><strong>ex</strong></span> <span class='ocrx_word' id='word_1_559' title='bbox 1258 4515 1367 4568; x_wconf 89' lang='lat' dir='ltr'><strong>hoc</strong></span> <span class='ocrx_word' id='word_1_560' title='bbox 1413 4518 1603 4587; x_wconf 85' lang='lat' dir='ltr'><strong>major</strong></span> <span class='ocrx_word' id='word_1_561' title='bbox 1643 4518 1757 4573; x_wconf 90' lang='lat' dir='ltr'><strong>erit</strong></span> <span class='ocrx_word' id='word_1_562' title='bbox 1799 4519 1962 4574; x_wconf 89' lang='lat' dir='ltr'><strong>vobis</strong></span> 
     </span>
    </p>
   </div>
   <div class='ocr_carea' id='block_1_73' title="bbox 317 4595 1962 4678">
    <p class='ocr_par' dir='ltr' id='par_1_73' title="bbox 317 4595 1962 4678">
     <span class='ocr_line' id='line_1_73' title="bbox 317 4595 1962 4678; baseline 0.01 -29"><span class='ocrx_word' id='word_1_563' title='bbox 317 4595 717 4653; x_wconf 88' lang='lat' dir='ltr'><strong>redundantia</strong></span> <span class='ocrx_word' id='word_1_564' title='bbox 773 4599 1000 4663; x_wconf 86' lang='lat' dir='ltr'><strong>salutis.</strong></span> <span class='ocrx_word' id='word_1_565' title='bbox 1053 4608 1119 4656; x_wconf 88' lang='lat' dir='ltr'><strong>ut</strong></span> <span class='ocrx_word' id='word_1_566' title='bbox 1167 4604 1266 4674; x_wconf 91' lang='lat' dir='ltr'><strong>qui</strong></span> <span class='ocrx_word' id='word_1_567' title='bbox 1316 4605 1447 4661; x_wconf 88' lang='lat' dir='ltr'><strong>aliis</strong></span> <span class='ocrx_word' id='word_1_568' title='bbox 1504 4620 1739 4678; x_wconf 87' lang='lat' dir='ltr'><strong>quoque</strong></span> <span class='ocrx_word' id='word_1_569' title='bbox 1784 4623 1962 4665; x_wconf 83' lang='lat' dir='ltr'><strong>causa</strong></span> 
     </span>
    </p>
   </div>
   <div class='ocr_carea' id='block_1_74' title="bbox 2064 3348 3724 3432">
    <p class='ocr_par' dir='ltr' id='par_1_74' title="bbox 2064 3348 3724 3432">
     <span class='ocr_line' id='line_1_74' title="bbox 2064 3348 3724 3432; baseline -0.007 -19"><span class='ocrx_word' id='word_1_570' title='bbox 2064 3356 2282 3432; x_wconf 71' lang='grc' dir='ltr'>ἀγάπης</span> <span class='ocrx_word' id='word_1_571' title='bbox 2331 3355 2423 3409; x_wconf 76' lang='grc' dir='ltr'>καὶ</span> <span class='ocrx_word' id='word_1_572' title='bbox 2463 3350 2745 3427; x_wconf 82' lang='grc' dir='ltr'>ὁμονοίας.</span> <span class='ocrx_word' id='word_1_573' title='bbox 2804 3376 2831 3403; x_wconf 79' lang='grc' dir='ltr'>ι(</span> <span class='ocrx_word' id='word_1_574' title='bbox 2871 3352 2985 3421; x_wconf 80' lang='grc' dir='ltr'>Μιᾷ</span> <span class='ocrx_word' id='word_1_575' title='bbox 3025 3352 3202 3424; x_wconf 80' lang='grc' dir='ltr'>ψυχῇ.</span> <span class='ocrx_word' id='word_1_576' title='bbox 3239 3371 3267 3399; x_wconf 75' lang='grc' dir='ltr'><strong>ιι</strong></span> <span class='ocrx_word' id='word_1_577' title='bbox 3326 3348 3594 3404; x_wconf 74' lang='grc' dir='ltr'>Τοσοῦτον</span> <span class='ocrx_word' id='word_1_578' title='bbox 3652 3348 3724 3420; x_wconf 74' lang='grc' dir='ltr'><strong>τῇ</strong></span> 
     </span>
    </p>
   </div>
   <div class='ocr_carea' id='block_1_75' title="bbox 2064 3434 3720 3523">
    <p class='ocr_par' dir='ltr' id='par_1_75' title="bbox 2064 3434 3720 3523">
     <span class='ocr_line' id='line_1_75' title="bbox 2064 3434 3720 3523; baseline -0.008 -22"><span class='ocrx_word' id='word_1_579' title='bbox 2064 3444 2248 3523; x_wconf 78' lang='grc' dir='ltr'>ἀγάπῃ</span> <span class='ocrx_word' id='word_1_580' title='bbox 2281 3439 2682 3516; x_wconf 71' lang='grc' dir='ltr'>συνδεδεμὲνοι,</span> <span class='ocrx_word' id='word_1_581' title='bbox 2714 3441 2790 3503; x_wconf 82' lang='grc' dir='ltr'>ὡς</span> <span class='ocrx_word' id='word_1_582' title='bbox 2827 3440 2952 3512; x_wconf 86' lang='grc' dir='ltr'>μίαν</span> <span class='ocrx_word' id='word_1_583' title='bbox 3004 3437 3152 3513; x_wconf 81' lang='grc' dir='ltr'>ἔχειν</span> <span class='ocrx_word' id='word_1_584' title='bbox 3193 3434 3479 3497; x_wconf 74' lang='grc' dir='ltr'>δοκοῦντες</span> <span class='ocrx_word' id='word_1_585' title='bbox 3509 3436 3720 3509; x_wconf 76' lang='grc' dir='ltr'>ψυχὴν,</span> 
     </span>
    </p>
   </div>
   <div class='ocr_carea' id='block_1_76' title="bbox 2068 3523 3726 3603">
    <p class='ocr_par' dir='ltr' id='par_1_76' title="bbox 2068 3523 3726 3603">
     <span class='ocr_line' id='line_1_76' title="bbox 2068 3523 3726 3603; baseline -0.008 -12"><span class='ocrx_word' id='word_1_586' title='bbox 2068 3528 2656 3603; x_wconf 76' lang='grc' dir='ltr'>συναντιλαμϐάνεσθαι</span> <span class='ocrx_word' id='word_1_587' title='bbox 2690 3528 2959 3600; x_wconf 76' lang='grc' dir='ltr'>ἀλλήλων</span> <span class='ocrx_word' id='word_1_588' title='bbox 2999 3526 3053 3583; x_wconf 72' lang='grc' dir='ltr'>ἂν</span> <span class='ocrx_word' id='word_1_589' title='bbox 3096 3533 3215 3588; x_wconf 81' lang='grc' dir='ltr'>τοῖς</span> <span class='ocrx_word' id='word_1_590' title='bbox 3243 3526 3378 3601; x_wconf 71' lang='grc' dir='ltr'>ὑπὲρ</span> <span class='ocrx_word' id='word_1_591' title='bbox 3403 3528 3503 3580; x_wconf 76' lang='grc' dir='ltr'><strong>τοῦ</strong></span> <span class='ocrx_word' id='word_1_592' title='bbox 3537 3523 3726 3598; x_wconf 78' lang='grc' dir='ltr'>Εὐαγ-</span> 
     </span>
    </p>
   </div>
   <div class='ocr_carea' id='block_1_77' title="bbox 2066 3616 3724 3703">
    <p class='ocr_par' dir='ltr' id='par_1_77' title="bbox 2066 3616 3724 3703">
     <span class='ocr_line' id='line_1_77' title="bbox 2066 3616 3724 3703; baseline -0.009 -23"><span class='ocrx_word' id='word_1_593' title='bbox 2066 3623 2259 3703; x_wconf 82' lang='grc' dir='ltr'>γελίου</span> <span class='ocrx_word' id='word_1_594' title='bbox 2290 3621 2487 3687; x_wconf 77' lang='grc' dir='ltr'>ἄθλοις</span> <span class='ocrx_word' id='word_1_595' title='bbox 2517 3620 2610 3676; x_wconf 81' lang='grc' dir='ltr'>καὶ</span> <span class='ocrx_word' id='word_1_596' title='bbox 2641 3620 2835 3694; x_wconf 80' lang='grc' dir='ltr'>ἀγῶσι.</span> <span class='ocrx_word' id='word_1_597' title='bbox 2879 3646 2942 3662; x_wconf 76' lang='lat'><strong>--</strong></span> <span class='ocrx_word' id='word_1_598' title='bbox 2996 3640 3024 3669; x_wconf 86' lang='lat'>«</span> <span class='ocrx_word' id='word_1_599' title='bbox 3060 3617 3160 3673; x_wconf 78' lang='grc' dir='ltr'>Καὶ</span> <span class='ocrx_word' id='word_1_600' title='bbox 3197 3620 3273 3688; x_wconf 86' lang='grc' dir='ltr'>μή</span> <span class='ocrx_word' id='word_1_601' title='bbox 3305 3616 3656 3703; x_wconf 82' lang='grc' dir='ltr'>πτυρόμενοι.</span> <span class='ocrx_word' id='word_1_602' title='bbox 3692 3637 3724 3665; x_wconf 84' lang='grc'><strong>»</strong></span> 
     </span>
    </p>
   </div>
   <div class='ocr_carea' id='block_1_78' title="bbox 2068 3702 3723 3789">
    <p class='ocr_par' dir='ltr' id='par_1_78' title="bbox 2068 3702 3723 3789">
     <span class='ocr_line' id='line_1_78' title="bbox 2068 3702 3723 3789; baseline -0.007 -21"><span class='ocrx_word' id='word_1_603' title='bbox 2068 3714 2284 3789; x_wconf 81' lang='grc' dir='ltr'><strong>[ΦΩΤ.]</strong></span> <span class='ocrx_word' id='word_1_604' title='bbox 2315 3711 2393 3770; x_wconf 81' lang='grc' dir='ltr'><strong>Οὐ</strong></span> <span class='ocrx_word' id='word_1_605' title='bbox 2442 3710 2609 3786; x_wconf 66' lang='grc' dir='ltr'>λέγω,</span> <span class='ocrx_word' id='word_1_606' title='bbox 2658 3708 2815 3789; x_wconf 75' lang='grc' dir='ltr'>φησὶ,</span> <span class='ocrx_word' id='word_1_607' title='bbox 2881 3708 2957 3781; x_wconf 70' lang='grc' dir='ltr'>μὴ</span> <span class='ocrx_word' id='word_1_608' title='bbox 3015 3705 3435 3783; x_wconf 75' lang='grc' dir='ltr'>καταπίπτοτες,</span> <span class='ocrx_word' id='word_1_609' title='bbox 3466 3702 3611 3759; x_wconf 80' lang='grc' dir='ltr'>ἀλλὰ</span> <span class='ocrx_word' id='word_1_610' title='bbox 3645 3704 3723 3776; x_wconf 86' lang='grc' dir='ltr'>μὴ</span> 
     </span>
    </p>
   </div>
   <div class='ocr_carea' id='block_1_79' title="bbox 2066 3791 3727 3878">
    <p class='ocr_par' dir='ltr' id='par_1_79' title="bbox 2066 3791 3727 3878">
     <span class='ocr_line' id='line_1_79' title="bbox 2066 3791 3727 3878; baseline -0.007 -19"><span class='ocrx_word' id='word_1_611' title='bbox 2066 3800 2425 3878; x_wconf 82' lang='grc' dir='ltr'>πτυρόμενοι,</span> <span class='ocrx_word' id='word_1_612' title='bbox 2472 3797 2741 3867; x_wconf 68' lang='grc' dir='ltr'>τουτέστι,</span> <span class='ocrx_word' id='word_1_613' title='bbox 2793 3791 3192 3870; x_wconf 75' lang='grc' dir='ltr'>Θορυϐοόμενοι</span> <span class='ocrx_word' id='word_1_614' title='bbox 3246 3792 3299 3848; x_wconf 65' lang='grc' dir='ltr'>ἓν</span> <span class='ocrx_word' id='word_1_615' title='bbox 3356 3791 3571 3866; x_wconf 79' lang='grc' dir='ltr'>μηδενὶ,</span> <span class='ocrx_word' id='word_1_616' title='bbox 3627 3791 3727 3847; x_wconf 69' lang='grc' dir='ltr'>κᾶν</span> 
     </span>
    </p>
   </div>
   <div class='ocr_carea' id='block_1_80' title="bbox 2068 3879 3725 3960">
    <p class='ocr_par' dir='ltr' id='par_1_80' title="bbox 2068 3879 3725 3960">
     <span class='ocr_line' id='line_1_80' title="bbox 2068 3879 3725 3960; baseline -0.007 -12"><span class='ocrx_word' id='word_1_617' title='bbox 2068 3894 2292 3959; x_wconf 81' lang='grc' dir='ltr'>θάνατον</span> <span class='ocrx_word' id='word_1_618' title='bbox 2349 3888 2652 3946; x_wconf 75' lang='grc' dir='ltr'>ἀπειλῶσιν</span> <span class='ocrx_word' id='word_1_619' title='bbox 2707 3888 2761 3943; x_wconf 74' lang='grc' dir='ltr'>οἱ</span> <span class='ocrx_word' id='word_1_620' title='bbox 2815 3886 3197 3960; x_wconf 75' lang='grc' dir='ltr'>ἀντικείμενοι,</span> <span class='ocrx_word' id='word_1_621' title='bbox 3244 3880 3341 3939; x_wconf 73' lang='grc' dir='ltr'><strong>κᾶν</strong></span> <span class='ocrx_word' id='word_1_622' title='bbox 3391 3879 3725 3952; x_wconf 72' lang='grc' dir='ltr'>ὀνειδίζωσιν</span> 
     </span>
    </p>
   </div>
   <div class='ocr_carea' id='block_1_81' title="bbox 2070 3970 3727 4055">
    <p class='ocr_par' dir='ltr' id='par_1_81' title="bbox 2070 3970 3727 4055">
     <span class='ocr_line' id='line_1_81' title="bbox 2070 3970 3727 4055; baseline -0.007 -18"><span class='ocrx_word' id='word_1_623' title='bbox 2070 3983 2210 4055; x_wconf 79' lang='grc' dir='ltr'>ὑμᾶς</span> <span class='ocrx_word' id='word_1_624' title='bbox 2235 3982 2301 4035; x_wconf 80' lang='grc' dir='ltr'>τὰ</span> <span class='ocrx_word' id='word_1_625' title='bbox 2331 3979 2437 4051; x_wconf 74' lang='grc' dir='ltr'>ἐμὰ</span> <span class='ocrx_word' id='word_1_626' title='bbox 2468 3977 2661 4051; x_wconf 80' lang='grc' dir='ltr'>δεσμά.</span> <span class='ocrx_word' id='word_1_627' title='bbox 2728 3996 2750 4027; x_wconf 83' lang='grc' dir='ltr'><strong>ε</strong></span> <span class='ocrx_word' id='word_1_628' title='bbox 2780 3978 2939 4037; x_wconf 84' lang='grc' dir='ltr'>’Ἠτις</span> <span class='ocrx_word' id='word_1_629' title='bbox 2994 3974 3180 4037; x_wconf 77' lang='grc' dir='ltr'>αὐτοῖς</span> <span class='ocrx_word' id='word_1_630' title='bbox 3213 3973 3306 4046; x_wconf 73' lang='grc' dir='ltr'>μὲν</span> <span class='ocrx_word' id='word_1_631' title='bbox 3340 3970 3501 4028; x_wconf 77' lang='grc' dir='ltr'>ἔστιν.</span> <span class='ocrx_word' id='word_1_632' title='bbox 3539 3993 3567 4023; x_wconf 71' lang='grc' dir='ltr'><strong>ιι</strong></span> <span class='ocrx_word' id='word_1_633' title='bbox 3598 3972 3727 4027; x_wconf 76' lang='grc' dir='ltr'>Ἐὰν</span> 
     </span>
    </p>
   </div>
   <div class='ocr_carea' id='block_1_82' title="bbox 2068 4058 3722 4149">
    <p class='ocr_par' dir='ltr' id='par_1_82' title="bbox 2068 4058 3722 4149">
     <span class='ocr_line' id='line_1_82' title="bbox 2068 4058 3722 4149; baseline -0.008 -24"><span class='ocrx_word' id='word_1_634' title='bbox 2068 4073 2187 4139; x_wconf 77' lang='grc' dir='ltr'>ἤτε,</span> <span class='ocrx_word' id='word_1_635' title='bbox 2216 4068 2372 4149; x_wconf 71' lang='grc' dir='ltr'>φησὶ,</span> <span class='ocrx_word' id='word_1_636' title='bbox 2420 4070 2494 4140; x_wconf 78' lang='grc' dir='ltr'>μή</span> <span class='ocrx_word' id='word_1_637' title='bbox 2550 4066 2883 4140; x_wconf 80' lang='grc' dir='ltr'>πτυρόμενοι</span> <span class='ocrx_word' id='word_1_638' title='bbox 2937 4064 3042 4118; x_wconf 82' lang='grc' dir='ltr'><strong>ὑπὸ</strong></span> <span class='ocrx_word' id='word_1_639' title='bbox 3091 4068 3198 4117; x_wconf 80' lang='grc' dir='ltr'><strong>τῶν</strong></span> <span class='ocrx_word' id='word_1_640' title='bbox 3253 4058 3655 4149; x_wconf 71' lang='grc' dir='ltr'>ἀντικειμένων,</span> <span class='ocrx_word' id='word_1_641' title='bbox 3685 4061 3722 4128; x_wconf 75' lang='grc' dir='ltr'>ὴ</span> 
     </span>
    </p>
   </div>
   <div class='ocr_carea' id='block_1_83' title="bbox 2071 4147 3728 4226">
    <p class='ocr_par' dir='ltr' id='par_1_83' title="bbox 2071 4147 3728 4226">
     <span class='ocr_line' id='line_1_83' title="bbox 2071 4147 3728 4226; baseline -0.008 -12"><span class='ocrx_word' id='word_1_642' title='bbox 2071 4147 2429 4218; x_wconf 72' lang='grc' dir='ltr'>ὶπανάστασις</span> <span class='ocrx_word' id='word_1_643' title='bbox 2463 4156 2640 4211; x_wconf 82' lang='grc' dir='ltr'>αὐτῶν</span> <span class='ocrx_word' id='word_1_644' title='bbox 2697 4157 2733 4223; x_wconf 82' lang='grc' dir='ltr'><strong>ἡ</strong></span> <span class='ocrx_word' id='word_1_645' title='bbox 2788 4154 2906 4216; x_wconf 85' lang='grc' dir='ltr'>καθ’</span> <span class='ocrx_word' id='word_1_646' title='bbox 2963 4152 3140 4223; x_wconf 81' lang='grc' dir='ltr'>ὑμῶν,</span> <span class='ocrx_word' id='word_1_647' title='bbox 3171 4151 3507 4226; x_wconf 70' lang='grc' dir='ltr'>τραπήσεται</span> <span class='ocrx_word' id='word_1_648' title='bbox 3536 4147 3728 4209; x_wconf 78' lang='grc' dir='ltr'>αὐτοῖς</span> 
     </span>
    </p>
   </div>
   <div class='ocr_carea' id='block_1_84' title="bbox 2072 4234 3727 4315">
    <p class='ocr_par' dir='ltr' id='par_1_84' title="bbox 2072 4234 3727 4315">
     <span class='ocr_line' id='line_1_84' title="bbox 2072 4234 3727 4315; baseline -0.007 -13"><span class='ocrx_word' id='word_1_649' title='bbox 2072 4249 2147 4308; x_wconf 78' lang='grc' dir='ltr'>εἷς</span> <span class='ocrx_word' id='word_1_650' title='bbox 2194 4241 2414 4315; x_wconf 70' lang='grc' dir='ltr'>ἔνδειξιν</span> <span class='ocrx_word' id='word_1_651' title='bbox 2470 4241 2770 4299; x_wconf 83' lang='grc' dir='ltr'>ἀπωλείας.</span> <span class='ocrx_word' id='word_1_652' title='bbox 2831 4242 2987 4309; x_wconf 82' lang='grc' dir='ltr'>Οἴον,</span> <span class='ocrx_word' id='word_1_653' title='bbox 3044 4236 3080 4307; x_wconf 73' lang='grc' dir='ltr'>ἤ</span> <span class='ocrx_word' id='word_1_654' title='bbox 3139 4240 3226 4293; x_wconf 79' lang='grc' dir='ltr'><strong>ὅτι</strong></span> <span class='ocrx_word' id='word_1_655' title='bbox 3281 4234 3727 4311; x_wconf 73' lang='grc' dir='ltr'>ἐπιδειχθήσεται</span> 
     </span>
    </p>
   </div>
   <div class='ocr_carea' id='block_1_85' title="bbox 2069 4322 3728 4411">
    <p class='ocr_par' dir='ltr' id='par_1_85' title="bbox 2069 4322 3728 4411">
     <span class='ocr_line' id='line_1_85' title="bbox 2069 4322 3728 4411; baseline -0.006 -22"><span class='ocrx_word' id='word_1_656' title='bbox 2069 4336 2257 4396; x_wconf 82' lang='grc' dir='ltr'>αὐτοῖς</span> <span class='ocrx_word' id='word_1_657' title='bbox 2287 4334 2377 4388; x_wconf 81' lang='grc' dir='ltr'><strong>καὶ</strong></span> <span class='ocrx_word' id='word_1_658' title='bbox 2408 4331 2847 4411; x_wconf 71' lang='grc' dir='ltr'>φανερωθήσεται</span> <span class='ocrx_word' id='word_1_659' title='bbox 2890 4325 2979 4383; x_wconf 73' lang='grc' dir='ltr'>διὰ</span> <span class='ocrx_word' id='word_1_660' title='bbox 3023 4336 3124 4397; x_wconf 87' lang='grc' dir='ltr'>τῆς</span> <span class='ocrx_word' id='word_1_661' title='bbox 3181 4327 3333 4399; x_wconf 80' lang='grc' dir='ltr'>ὑμῶν</span> <span class='ocrx_word' id='word_1_662' title='bbox 3368 4322 3728 4400; x_wconf 75' lang='grc' dir='ltr'>στεῤῥότητος</span> 
     </span>
    </p>
   </div>
   <div class='ocr_carea' id='block_1_86' title="bbox 2070 4413 3727 4494">
    <p class='ocr_par' dir='ltr' id='par_1_86' title="bbox 2070 4413 3727 4494">
     <span class='ocr_line' id='line_1_86' title="bbox 2070 4413 3727 4494; baseline -0.008 -13"><span class='ocrx_word' id='word_1_663' title='bbox 2070 4424 2137 4483; x_wconf 80' lang='grc' dir='ltr'><strong>τὰ</strong></span> <span class='ocrx_word' id='word_1_664' title='bbox 2165 4433 2265 4494; x_wconf 75' lang='grc' dir='ltr'>τῆς</span> <span class='ocrx_word' id='word_1_665' title='bbox 2291 4423 2590 4487; x_wconf 81' lang='grc' dir='ltr'>ἀπωλείας,</span> <span class='ocrx_word' id='word_1_666' title='bbox 2621 4424 2710 4476; x_wconf 77' lang='grc' dir='ltr'>καὶ</span> <span class='ocrx_word' id='word_1_667' title='bbox 2771 4420 3169 4489; x_wconf 70' lang='grc' dir='ltr'>ἀποστήσονται</span> <span class='ocrx_word' id='word_1_668' title='bbox 3201 4416 3309 4471; x_wconf 86' lang='grc' dir='ltr'>ἀπὸ</span> <span class='ocrx_word' id='word_1_669' title='bbox 3341 4422 3439 4485; x_wconf 77' lang='grc' dir='ltr'><strong>τῆς</strong></span> <span class='ocrx_word' id='word_1_670' title='bbox 3495 4413 3727 4488; x_wconf 78' lang='grc' dir='ltr'>ματαίας</span> 
     </span>
    </p>
   </div>
   <div class='ocr_carea' id='block_1_87' title="bbox 2070 4502 3726 4587">
    <p class='ocr_par' dir='ltr' id='par_1_87' title="bbox 2070 4502 3726 4587">
     <span class='ocr_line' id='line_1_87' title="bbox 2070 4502 3726 4587; baseline -0.008 -16"><span class='ocrx_word' id='word_1_671' title='bbox 2070 4515 2233 4587; x_wconf 78' lang='grc' dir='ltr'>δόξης</span> <span class='ocrx_word' id='word_1_672' title='bbox 2284 4518 2393 4569; x_wconf 80' lang='grc' dir='ltr'>τῶν</span> <span class='ocrx_word' id='word_1_673' title='bbox 2476 4508 2926 4584; x_wconf 69' lang='grc' dir='ltr'>ἐπιτηδευμάτων</span> <span class='ocrx_word' id='word_1_674' title='bbox 3009 4508 3211 4576; x_wconf 74' lang='grc' dir='ltr'>αὐτῶν,</span> <span class='ocrx_word' id='word_1_675' title='bbox 3270 4509 3360 4559; x_wconf 73' lang='grc' dir='ltr'>καὶ</span> <span class='ocrx_word' id='word_1_676' title='bbox 3419 4504 3481 4559; x_wconf 78' lang='grc' dir='ltr'>ἐκ</span> <span class='ocrx_word' id='word_1_677' title='bbox 3530 4502 3726 4558; x_wconf 79' lang='grc' dir='ltr'>τούτου</span> 
     </span>
    </p>
   </div>
   <div class='ocr_carea' id='block_1_88' title="bbox 2068 4594 3725 4681">
    <p class='ocr_par' dir='ltr' id='par_1_88' title="bbox 2068 4594 3725 4681">
     <span class='ocr_line' id='line_1_88' title="bbox 2068 4594 3725 4681; baseline -0.01 -16"><span class='ocrx_word' id='word_1_678' title='bbox 2068 4608 2218 4665; x_wconf 70' lang='grc' dir='ltr'>ἔσται</span> <span class='ocrx_word' id='word_1_679' title='bbox 2254 4611 2382 4681; x_wconf 82' lang='grc' dir='ltr'>ὑμῖν</span> <span class='ocrx_word' id='word_1_680' title='bbox 2419 4604 2635 4680; x_wconf 72' lang='grc' dir='ltr'>μᾶλλον</span> <span class='ocrx_word' id='word_1_681' title='bbox 2667 4602 2909 4663; x_wconf 74' lang='grc' dir='ltr'>πλοῦτος</span> <span class='ocrx_word' id='word_1_682' title='bbox 2960 4599 3257 4674; x_wconf 83' lang='grc' dir='ltr'>σωτηρίας,</span> <span class='ocrx_word' id='word_1_683' title='bbox 3290 4602 3364 4660; x_wconf 84' lang='grc' dir='ltr'>ὼς</span> <span class='ocrx_word' id='word_1_684' title='bbox 3414 4594 3473 4652; x_wconf 71' lang='grc' dir='ltr'>δὶ</span> <span class='ocrx_word' id='word_1_685' title='bbox 3520 4595 3725 4670; x_wconf 64' lang='grc' dir='ltr'>ἕτεροις</span> 
     </span>
    </p>
   </div>
   <div class='ocr_carea' id='block_1_89' title="bbox 315 4675 1958 4775">
    <p class='ocr_par' dir='ltr' id='par_1_89' title="bbox 315 4675 1958 4763">
     <span class='ocr_line' id='line_1_89' title="bbox 315 4675 1958 4763; baseline 0.01 -24"><span class='ocrx_word' id='word_1_686' title='bbox 315 4684 549 4741; x_wconf 84' lang='lat' dir='ltr'><strong>fueritis</strong></span> <span class='ocrx_word' id='word_1_687' title='bbox 578 4693 641 4741; x_wconf 91' lang='lat' dir='ltr'><strong>ut</strong></span> <span class='ocrx_word' id='word_1_688' title='bbox 671 4690 1002 4761; x_wconf 67' lang='lat' dir='ltr'><strong>effugerent</strong></span> <span class='ocrx_word' id='word_1_689' title='bbox 1032 4694 1427 4763; x_wconf 84' lang='lat' dir='ltr'><strong>perditionem</strong></span> <span class='ocrx_word' id='word_1_690' title='bbox 1477 4675 1536 4752; x_wconf 82' lang='lat' dir='ltr'><strong>et</strong></span> <span class='ocrx_word' id='word_1_691' title='bbox 1565 4675 1819 4755; x_wconf 79' lang='lat' dir='ltr'><strong>salutem</strong></span> <span class='ocrx_word' id='word_1_692' title='bbox 1870 4700 1958 4755; x_wconf 90' lang='lat' dir='ltr'><strong>lu-</strong></span> 
     </span>
    </p>
   </div>
   <div class='ocr_carea' id='block_1_90' title="bbox 2070 4675 3724 4775">
    <p class='ocr_par' dir='ltr' id='par_1_90' title="bbox 2070 4683 3724 4775">
     <span class='ocr_line' id='line_1_90' title="bbox 2070 4683 3724 4775; baseline -0.011 -19"><span class='ocrx_word' id='word_1_693' title='bbox 2070 4701 2428 4775; x_wconf 71' lang='grc' dir='ltr'>προξενήσασι</span> <span class='ocrx_word' id='word_1_694' title='bbox 2486 4701 2675 4774; x_wconf 75' lang='grc' dir='ltr'>φυγεῖν</span> <span class='ocrx_word' id='word_1_695' title='bbox 2754 4696 2854 4765; x_wconf 75' lang='grc' dir='ltr'>τὴν</span> <span class='ocrx_word' id='word_1_696' title='bbox 2940 4689 3244 4760; x_wconf 78' lang='grc' dir='ltr'>ἀπώλειαν,</span> <span class='ocrx_word' id='word_1_697' title='bbox 3317 4688 3409 4775; x_wconf 79' lang='grc' dir='ltr'>καὶ</span> <span class='ocrx_word' id='word_1_698' title='bbox 3460 4683 3724 4775; x_wconf 78' lang='grc' dir='ltr'>κερδῆσαι</span> 
     </span>
    </p>
   </div>
   <div class='ocr_carea' id='block_1_91' title="bbox 315 4775 1963 4858">
    <p class='ocr_par' dir='ltr' id='par_1_91' title="bbox 315 4775 1963 4858">
     <span class='ocr_line' id='line_1_91' title="bbox 315 4775 1963 4858; baseline 0.01 -30"><span class='ocrx_word' id='word_1_699' title='bbox 315 4775 686 4832; x_wconf 79' lang='lat' dir='ltr'><strong>crifacerent.</strong></span> <span class='ocrx_word' id='word_1_700' title='bbox 719 4780 836 4833; x_wconf 76' lang='lat' dir='ltr'><strong>Aut</strong></span> <span class='ocrx_word' id='word_1_701' title='bbox 866 4795 1004 4853; x_wconf 77' lang='lat' dir='ltr'><strong>ergo</strong></span> <span class='ocrx_word' id='word_1_702' title='bbox 1061 4782 1143 4837; x_wconf 87' lang='lat' dir='ltr'><strong>ita</strong></span> <span class='ocrx_word' id='word_1_703' title='bbox 1191 4783 1645 4857; x_wconf 84' lang='lat' dir='ltr'><strong>intelligendum</strong></span> <span class='ocrx_word' id='word_1_704' title='bbox 1692 4795 1800 4858; x_wconf 91' lang='lat' dir='ltr'><strong>est,</strong></span> <span class='ocrx_word' id='word_1_705' title='bbox 1859 4796 1963 4844; x_wconf 84' lang='lat' dir='ltr'><strong>aut</strong></span> 
     </span>
    </p>
   </div>
   <div class='ocr_carea' id='block_1_92' title="bbox 315 4865 1957 4945">
    <p class='ocr_par' dir='ltr' id='par_1_92' title="bbox 315 4865 1957 4945">
     <span class='ocr_line' id='line_1_92' title="bbox 315 4865 1957 4945; baseline 0.01 -28"><span class='ocrx_word' id='word_1_706' title='bbox 315 4865 830 4937; x_wconf 86' lang='lat' dir='ltr'><strong>simplicius,quod</strong></span> <span class='ocrx_word' id='word_1_707' title='bbox 853 4869 1166 4936; x_wconf 84' lang='lat' dir='ltr'><strong>invasio,et</strong></span> <span class='ocrx_word' id='word_1_708' title='bbox 1190 4887 1385 4945; x_wconf 85' lang='lat' dir='ltr'><strong>pugna</strong></span> <span class='ocrx_word' id='word_1_709' title='bbox 1406 4889 1611 4931; x_wconf 88' lang='lat' dir='ltr'><strong>eorum</strong></span> <span class='ocrx_word' id='word_1_710' title='bbox 1646 4872 1957 4933; x_wconf 81' lang='lat' dir='ltr'><strong>adversum</strong></span> 
     </span>
    </p>
   </div>
   <div class='ocr_carea' id='block_1_93' title="bbox 314 4960 1962 5026">
    <p class='ocr_par' dir='ltr' id='par_1_93' title="bbox 314 4960 1962 5026">
     <span class='ocr_line' id='line_1_93' title="bbox 314 4960 1962 5026; baseline 0.007 -18"><span class='ocrx_word' id='word_1_711' title='bbox 314 4970 578 5021; x_wconf 85' lang='lat' dir='ltr'><strong>vos,cum</strong></span> <span class='ocrx_word' id='word_1_712' title='bbox 609 4974 731 5012; x_wconf 88' lang='lat' dir='ltr'><strong>non</strong></span> <span class='ocrx_word' id='word_1_713' title='bbox 763 4960 1088 5026; x_wconf 86' lang='lat' dir='ltr'><strong>terremini,</strong></span> <span class='ocrx_word' id='word_1_714' title='bbox 1121 4962 1271 5016; x_wconf 84' lang='lat' dir='ltr'><strong>nihil</strong></span> <span class='ocrx_word' id='word_1_715' title='bbox 1303 4964 1467 5018; x_wconf 84' lang='lat' dir='ltr'><strong>aliud</strong></span> <span class='ocrx_word' id='word_1_716' title='bbox 1498 4965 1616 5021; x_wconf 87' lang='lat' dir='ltr'><strong>illis</strong></span> <span class='ocrx_word' id='word_1_717' title='bbox 1656 4967 1962 5022; x_wconf 82' lang='lat' dir='ltr'><strong>exhibebit</strong></span> 
     </span>
    </p>
   </div>
   <div class='ocr_carea' id='block_1_94' title="bbox 315 5045 1962 5123">
    <p class='ocr_par' dir='ltr' id='par_1_94' title="bbox 315 5045 1962 5123">
     <span class='ocr_line' id='line_1_94' title="bbox 315 5045 1962 5123; baseline 0.008 -25"><span class='ocrx_word' id='word_1_718' title='bbox 315 5048 419 5098; x_wconf 86' lang='lat' dir='ltr'><strong>aut</strong></span> <span class='ocrx_word' id='word_1_719' title='bbox 447 5045 993 5118; x_wconf 87' lang='lat' dir='ltr'><strong>conciliabit,quam</strong></span> <span class='ocrx_word' id='word_1_720' title='bbox 1027 5052 1328 5121; x_wconf 85' lang='lat' dir='ltr'><strong>propriam</strong></span> <span class='ocrx_word' id='word_1_721' title='bbox 1362 5054 1962 5123; x_wconf 81' lang='lat' dir='ltr'><strong>perditionem,vobis</strong></span> 
     </span>
    </p>
   </div>
   <div class='ocr_carea' id='block_1_95' title="bbox 315 5134 1958 5217">
    <p class='ocr_par' dir='ltr' id='par_1_95' title="bbox 315 5134 1958 5217">
     <span class='ocr_line' id='line_1_95' title="bbox 315 5134 1958 5217; baseline 0.007 -29"><span class='ocrx_word' id='word_1_722' title='bbox 315 5139 514 5188; x_wconf 89' lang='lat' dir='ltr'><strong>autem</strong></span> <span class='ocrx_word' id='word_1_723' title='bbox 550 5134 676 5190; x_wconf 86' lang='lat' dir='ltr'><strong>loco</strong></span> <span class='ocrx_word' id='word_1_724' title='bbox 699 5141 1041 5193; x_wconf 86' lang='lat' dir='ltr'><strong>nocumenti</strong></span> <span class='ocrx_word' id='word_1_725' title='bbox 1058 5140 1291 5196; x_wconf 86' lang='lat' dir='ltr'><strong>dicetur</strong></span> <span class='ocrx_word' id='word_1_726' title='bbox 1316 5143 1524 5198; x_wconf 86' lang='lat' dir='ltr'><strong>salutis</strong></span> <span class='ocrx_word' id='word_1_727' title='bbox 1546 5152 1958 5217; x_wconf 77' lang='lat' dir='ltr'><strong>argumentum</strong></span> 
     </span>
    </p>
   </div>
   <div class='ocr_carea' id='block_1_96' title="bbox 317 5223 1961 5305">
    <p class='ocr_par' dir='ltr' id='par_1_96' title="bbox 317 5223 1961 5305">
     <span class='ocr_line' id='line_1_96' title="bbox 317 5223 1961 5305; baseline 0.008 -28"><span class='ocrx_word' id='word_1_728' title='bbox 317 5227 376 5278; x_wconf 87' lang='lat' dir='ltr'><strong>et</strong></span> <span class='ocrx_word' id='word_1_729' title='bbox 403 5223 635 5279; x_wconf 83' lang='lat' dir='ltr'><strong>occasio</strong></span> <span class='ocrx_word' id='word_1_730' title='bbox 669 5228 1039 5296; x_wconf 82' lang='lat' dir='ltr'><strong>perfectioris</strong></span> <span class='ocrx_word' id='word_1_731' title='bbox 1069 5234 1323 5286; x_wconf 80' lang='lat' dir='ltr'><strong>virtutis.</strong></span> <span class='ocrx_word' id='word_1_732' title='bbox 1355 5254 1382 5282; x_wconf 82' lang='lat'>«</span> <span class='ocrx_word' id='word_1_733' title='bbox 1441 5235 1710 5290; x_wconf 86' lang='lat' dir='ltr'><strong>Ostensio</strong></span> <span class='ocrx_word' id='word_1_734' title='bbox 1762 5235 1961 5305; x_wconf 87' lang='lat' dir='ltr'><strong>perdi—</strong></span> 
     </span>
    </p>
   </div>
   <div class='ocr_carea' id='block_1_97' title="bbox 315 5311 1959 5386">
    <p class='ocr_par' dir='ltr' id='par_1_97' title="bbox 315 5311 1959 5386">
     <span class='ocr_line' id='line_1_97' title="bbox 315 5311 1959 5386; baseline 0.007 -20"><span class='ocrx_word' id='word_1_735' title='bbox 315 5311 514 5367; x_wconf 84' lang='lat' dir='ltr'><strong>tionis.</strong></span> <span class='ocrx_word' id='word_1_736' title='bbox 553 5334 579 5361; x_wconf 81' lang='lat'><em>»</em></span> <span class='ocrx_word' id='word_1_737' title='bbox 612 5314 750 5378; x_wconf 62' lang='lat' dir='ltr'><strong>Quae</strong></span> <span class='ocrx_word' id='word_1_738' title='bbox 786 5316 1047 5386; x_wconf 88' lang='lat' dir='ltr'><strong>ipsorum</strong></span> <span class='ocrx_word' id='word_1_739' title='bbox 1102 5319 1326 5375; x_wconf 86' lang='lat' dir='ltr'><strong>invasio</strong></span> <span class='ocrx_word' id='word_1_740' title='bbox 1367 5323 1478 5377; x_wconf 87' lang='lat' dir='ltr'><strong>erit</strong></span> <span class='ocrx_word' id='word_1_741' title='bbox 1536 5325 1623 5378; x_wconf 77' lang='lat' dir='ltr'><strong>eis</strong></span> <span class='ocrx_word' id='word_1_742' title='bbox 1672 5323 1959 5379; x_wconf 90' lang='lat' dir='ltr'><strong>indicium</strong></span> 
     </span>
    </p>
   </div>
   <div class='ocr_carea' id='block_1_98' title="bbox 312 5400 1962 5480">
    <p class='ocr_par' dir='ltr' id='par_1_98' title="bbox 312 5400 1962 5480">
     <span class='ocr_line' id='line_1_98' title="bbox 312 5400 1962 5480; baseline 0.008 -26"><span class='ocrx_word' id='word_1_743' title='bbox 312 5400 687 5470; x_wconf 84' lang='lat' dir='ltr'><strong>perditionis,</strong></span> <span class='ocrx_word' id='word_1_744' title='bbox 719 5403 766 5456; x_wconf 93' lang='lat' dir='ltr'><strong>si</strong></span> <span class='ocrx_word' id='word_1_745' title='bbox 800 5419 898 5458; x_wconf 91' lang='lat' dir='ltr'><strong>vos</strong></span> <span class='ocrx_word' id='word_1_746' title='bbox 930 5406 1098 5461; x_wconf 88' lang='lat' dir='ltr'><strong>stetis</strong></span> <span class='ocrx_word' id='word_1_747' title='bbox 1128 5409 1534 5480; x_wconf 84' lang='lat' dir='ltr'><strong>imperterriti.</strong></span> <span class='ocrx_word' id='word_1_748' title='bbox 1581 5414 1704 5477; x_wconf 87' lang='lat' dir='ltr'><strong>Quo</strong></span> <span class='ocrx_word' id='word_1_749' title='bbox 1735 5413 1912 5469; x_wconf 87' lang='lat' dir='ltr'><strong>modo</strong></span> <span class='ocrx_word' id='word_1_750' title='bbox 1934 5415 1962 5468; x_wconf 75' lang='lat'><strong>‘2</strong></span> 
     </span>
    </p>
   </div>
   <div class='ocr_carea' id='block_1_99' title="bbox 311 5489 1960 5564">
    <p class='ocr_par' dir='ltr' id='par_1_99' title="bbox 311 5489 1960 5564">
     <span class='ocr_line' id='line_1_99' title="bbox 311 5489 1960 5564; baseline 0.008 -20"><span class='ocrx_word' id='word_1_751' title='bbox 311 5489 459 5544; x_wconf 87' lang='lat' dir='ltr'><strong>Nam</strong></span> <span class='ocrx_word' id='word_1_752' title='bbox 492 5490 538 5545; x_wconf 91' lang='lat' dir='ltr'><strong>si</strong></span> <span class='ocrx_word' id='word_1_753' title='bbox 574 5493 750 5547; x_wconf 90' lang='lat' dir='ltr'><strong>motis</strong></span> <span class='ocrx_word' id='word_1_754' title='bbox 777 5494 1054 5549; x_wconf 87' lang='lat' dir='ltr'><strong>omnibus</strong></span> <span class='ocrx_word' id='word_1_755' title='bbox 1075 5499 1267 5553; x_wconf 76' lang='lat' dir='ltr'><strong>modis</strong></span> <span class='ocrx_word' id='word_1_756' title='bbox 1300 5500 1799 5564; x_wconf 87' lang='lat' dir='ltr'><strong>insidiarum,non</strong></span> <span class='ocrx_word' id='word_1_757' title='bbox 1830 5502 1960 5557; x_wconf 89' lang='lat' dir='ltr'><strong>dico</strong></span> 
     </span>
    </p>
   </div>
   <div class='ocr_carea' id='block_1_100' title="bbox 314 5580 1957 5659">
    <p class='ocr_par' dir='ltr' id='par_1_100' title="bbox 314 5580 1957 5659">
     <span class='ocr_line' id='line_1_100' title="bbox 314 5580 1957 5659; baseline 0.009 -26"><span class='ocrx_word' id='word_1_758' title='bbox 314 5595 432 5634; x_wconf 87' lang='lat' dir='ltr'><strong>non</strong></span> <span class='ocrx_word' id='word_1_759' title='bbox 466 5580 798 5652; x_wconf 87' lang='lat' dir='ltr'><strong>dejecerint</strong></span> <span class='ocrx_word' id='word_1_760' title='bbox 829 5587 1061 5649; x_wconf 78' lang='lat' dir='ltr'><strong>vos,sed</strong></span> <span class='ocrx_word' id='word_1_761' title='bbox 1089 5603 1281 5659; x_wconf 87' lang='lat' dir='ltr'><strong>neque</strong></span> <span class='ocrx_word' id='word_1_762' title='bbox 1314 5588 1376 5644; x_wconf 90' lang='lat' dir='ltr'><strong>in</strong></span> <span class='ocrx_word' id='word_1_763' title='bbox 1408 5590 1530 5645; x_wconf 89' lang='lat' dir='ltr'><strong>ullo</strong></span> <span class='ocrx_word' id='word_1_764' title='bbox 1564 5592 1957 5648; x_wconf 85' lang='lat' dir='ltr'><strong>turbaverint:</strong></span> 
     </span>
    </p>
   </div>
   <div class='ocr_carea' id='block_1_101' title="bbox 323 5669 1961 5746">
    <p class='ocr_par' dir='ltr' id='par_1_101' title="bbox 323 5669 1961 5746">
     <span class='ocr_line' id='line_1_101' title="bbox 323 5669 1961 5746; baseline 0.009 -23"><span class='ocrx_word' id='word_1_765' title='bbox 323 5669 418 5724; x_wconf 70' lang='lat'><strong>78</strong></span> <span class='ocrx_word' id='word_1_766' title='bbox 451 5681 808 5743; x_wconf 85' lang='lat' dir='ltr'><strong>cognoscent</strong></span> <span class='ocrx_word' id='word_1_767' title='bbox 837 5675 997 5746; x_wconf 90' lang='lat' dir='ltr'><strong>quod</strong></span> <span class='ocrx_word' id='word_1_768' title='bbox 1023 5692 1116 5731; x_wconf 82' lang='lat' dir='ltr'><strong>res</strong></span> <span class='ocrx_word' id='word_1_769' title='bbox 1146 5682 1353 5733; x_wconf 82' lang='lat' dir='ltr'><strong>vestrae</strong></span> <span class='ocrx_word' id='word_1_770' title='bbox 1384 5692 1535 5733; x_wconf 74' lang='lat' dir='ltr'><strong>verm</strong></span> <span class='ocrx_word' id='word_1_771' title='bbox 1567 5685 1705 5735; x_wconf 87' lang='lat' dir='ltr'><strong>sunt</strong></span> <span class='ocrx_word' id='word_1_772' title='bbox 1747 5694 1815 5737; x_wconf 91' lang='lat' dir='ltr'><strong>ac</strong></span> <span class='ocrx_word' id='word_1_773' title='bbox 1872 5681 1961 5737; x_wconf 89' lang='lat' dir='ltr'><strong>di-</strong></span> 
     </span>
    </p>
   </div>
   <div class='ocr_carea' id='block_1_102' title="bbox 310 5758 1959 5827">
    <p class='ocr_par' dir='ltr' id='par_1_102' title="bbox 310 5758 1959 5827">
     <span class='ocr_line' id='line_1_102' title="bbox 310 5758 1959 5827; baseline 0.01 -17"><span class='ocrx_word' id='word_1_774' title='bbox 310 5758 480 5827; x_wconf 65' lang='lat' dir='ltr'><strong>vinae,</strong></span> <span class='ocrx_word' id='word_1_775' title='bbox 517 5766 574 5813; x_wconf 81' lang='lat' dir='ltr'><strong>et</strong></span> <span class='ocrx_word' id='word_1_776' title='bbox 607 5763 856 5820; x_wconf 79' lang='lat' dir='ltr'><strong>salutem</strong></span> <span class='ocrx_word' id='word_1_777' title='bbox 890 5768 1315 5822; x_wconf 73' lang='lat' dir='ltr'><strong>conciliantos:</strong></span> <span class='ocrx_word' id='word_1_778' title='bbox 1356 5768 1593 5823; x_wconf 90' lang='lat' dir='ltr'><strong>illorum</strong></span> <span class='ocrx_word' id='word_1_779' title='bbox 1628 5787 1762 5826; x_wconf 77' lang='lat' dir='ltr'><strong>vero</strong></span> <span class='ocrx_word' id='word_1_780' title='bbox 1798 5772 1959 5827; x_wconf 79' lang='lat' dir='ltr'><strong>falsm</strong></span> 
     </span>
    </p>
   </div>
   <div class='ocr_carea' id='block_1_103' title="bbox 2068 4774 3727 4860">
    <p class='ocr_par' dir='ltr' id='par_1_103' title="bbox 2068 4774 3727 4860">
     <span class='ocr_line' id='line_1_103' title="bbox 2068 4774 3727 4860; baseline -0.01 -15"><span class='ocrx_word' id='word_1_781' title='bbox 2068 4774 2169 4860; x_wconf 77' lang='grc' dir='ltr'>τῆν</span> <span class='ocrx_word' id='word_1_782' title='bbox 2200 4784 2494 4860; x_wconf 79' lang='grc' dir='ltr'>σωτηρίαν.</span> <span class='ocrx_word' id='word_1_783' title='bbox 2552 4786 2622 4842; x_wconf 88' lang='grc' dir='ltr'>Ἤ</span> <span class='ocrx_word' id='word_1_784' title='bbox 2682 4780 2774 4838; x_wconf 77' lang='grc' dir='ltr'>οὖν</span> <span class='ocrx_word' id='word_1_785' title='bbox 2834 4783 3009 4842; x_wconf 77' lang='grc' dir='ltr'>οὓτως</span> <span class='ocrx_word' id='word_1_786' title='bbox 3068 4775 3317 4847; x_wconf 74' lang='grc' dir='ltr'>νοητέον,</span> <span class='ocrx_word' id='word_1_787' title='bbox 3351 4774 3387 4846; x_wconf 73' lang='grc' dir='ltr'>ἤ</span> <span class='ocrx_word' id='word_1_788' title='bbox 3419 4774 3727 4832; x_wconf 75' lang='grc' dir='ltr'>ἁπλούστε-</span> 
     </span>
    </p>
   </div>
   <div class='ocr_carea' id='block_1_104' title="bbox 2070 4864 3722 4954">
    <p class='ocr_par' dir='ltr' id='par_1_104' title="bbox 2070 4864 3722 4954">
     <span class='ocr_line' id='line_1_104' title="bbox 2070 4864 3722 4954; baseline -0.01 -20"><span class='ocrx_word' id='word_1_789' title='bbox 2070 4897 2188 4954; x_wconf 87' lang='grc' dir='ltr'>ρον,</span> <span class='ocrx_word' id='word_1_790' title='bbox 2222 4878 2305 4933; x_wconf 78' lang='grc' dir='ltr'><strong>ὅτι</strong></span> <span class='ocrx_word' id='word_1_791' title='bbox 2361 4879 2397 4945; x_wconf 82' lang='grc' dir='ltr'>ἡ</span> <span class='ocrx_word' id='word_1_792' title='bbox 2457 4874 2807 4949; x_wconf 70' lang='grc' dir='ltr'>ἐπιχείρησις</span> <span class='ocrx_word' id='word_1_793' title='bbox 2867 4869 3050 4925; x_wconf 79' lang='grc' dir='ltr'>αὐτῶν</span> <span class='ocrx_word' id='word_1_794' title='bbox 3080 4869 3168 4923; x_wconf 80' lang='grc' dir='ltr'>καὶ</span> <span class='ocrx_word' id='word_1_795' title='bbox 3203 4869 3231 4921; x_wconf 85' lang='grc' dir='ltr'>ὁ</span> <span class='ocrx_word' id='word_1_796' title='bbox 3266 4864 3512 4939; x_wconf 83' lang='grc' dir='ltr'>πόλεμος</span> <span class='ocrx_word' id='word_1_797' title='bbox 3547 4864 3722 4920; x_wconf 78' lang='grc' dir='ltr'>αὐτῶν</span> 
     </span>
    </p>
   </div>
   <div class='ocr_carea' id='block_1_105' title="bbox 2071 4954 3724 5038">
    <p class='ocr_par' dir='ltr' id='par_1_105' title="bbox 2071 4954 3724 5038">
     <span class='ocr_line' id='line_1_105' title="bbox 2071 4954 3724 5038; baseline -0.01 -15"><span class='ocrx_word' id='word_1_798' title='bbox 2071 4969 2099 5023; x_wconf 82' lang='grc' dir='ltr'>ὁ</span> <span class='ocrx_word' id='word_1_799' title='bbox 2154 4967 2274 5021; x_wconf 78' lang='grc' dir='ltr'>καθ’</span> <span class='ocrx_word' id='word_1_800' title='bbox 2332 4964 2510 5038; x_wconf 77' lang='grc' dir='ltr'>ὑμῶν,</span> <span class='ocrx_word' id='word_1_801' title='bbox 2571 4964 2724 5037; x_wconf 80' lang='grc' dir='ltr'>ὑμῶν</span> <span class='ocrx_word' id='word_1_802' title='bbox 2786 4961 2861 5031; x_wconf 85' lang='grc' dir='ltr'>μή</span> <span class='ocrx_word' id='word_1_803' title='bbox 2917 4954 3297 5033; x_wconf 71' lang='grc' dir='ltr'>πτυρομὲνων,</span> <span class='ocrx_word' id='word_1_804' title='bbox 3329 4954 3558 5016; x_wconf 70' lang='grc' dir='ltr'>ἐκείνοις</span> <span class='ocrx_word' id='word_1_805' title='bbox 3606 4954 3724 5026; x_wconf 73' lang='grc' dir='ltr'>μὲν,</span> 
     </span>
    </p>
   </div>
   <div class='ocr_carea' id='block_1_106' title="bbox 2069 5041 3723 5124">
    <p class='ocr_par' dir='ltr' id='par_1_106' title="bbox 2069 5041 3723 5124">
     <span class='ocr_line' id='line_1_106' title="bbox 2069 5041 3723 5124; baseline -0.01 -12"><span class='ocrx_word' id='word_1_806' title='bbox 2069 5056 2219 5124; x_wconf 79' lang='grc' dir='ltr'>πλὴν</span> <span class='ocrx_word' id='word_1_807' title='bbox 2275 5061 2376 5123; x_wconf 81' lang='grc' dir='ltr'><strong>τῆς</strong></span> <span class='ocrx_word' id='word_1_808' title='bbox 2425 5052 2567 5114; x_wconf 77' lang='grc' dir='ltr'>ἰδίας</span> <span class='ocrx_word' id='word_1_809' title='bbox 2651 5048 2949 5113; x_wconf 76' lang='grc' dir='ltr'>ἀπωλείας,</span> <span class='ocrx_word' id='word_1_810' title='bbox 3025 5043 3183 5101; x_wconf 74' lang='grc' dir='ltr'>οὐδὲν</span> <span class='ocrx_word' id='word_1_811' title='bbox 3238 5042 3381 5100; x_wconf 80' lang='grc' dir='ltr'>ἄλλο</span> <span class='ocrx_word' id='word_1_812' title='bbox 3443 5041 3723 5113; x_wconf 63' lang='grc' dir='ltr'>ἐνδείξεται</span> 
     </span>
    </p>
   </div>
   <div class='ocr_carea' id='block_1_107' title="bbox 2070 5128 3727 5220">
    <p class='ocr_par' dir='ltr' id='par_1_107' title="bbox 2070 5128 3727 5220">
     <span class='ocr_line' id='line_1_107' title="bbox 2070 5128 3727 5220; baseline -0.01 -19"><span class='ocrx_word' id='word_1_813' title='bbox 2070 5142 2199 5200; x_wconf 68' lang='grc' dir='ltr'><strong>οὐδὲ</strong></span> <span class='ocrx_word' id='word_1_814' title='bbox 2227 5143 2568 5220; x_wconf 76' lang='grc' dir='ltr'>προξενήσει,</span> <span class='ocrx_word' id='word_1_815' title='bbox 2628 5140 2758 5213; x_wconf 81' lang='grc' dir='ltr'>ὑμῖν</span> <span class='ocrx_word' id='word_1_816' title='bbox 2818 5135 2876 5193; x_wconf 71' lang='grc' dir='ltr'>δὲ</span> <span class='ocrx_word' id='word_1_817' title='bbox 2933 5135 3048 5190; x_wconf 81' lang='grc' dir='ltr'>ἀντὶ</span> <span class='ocrx_word' id='word_1_818' title='bbox 3112 5128 3351 5210; x_wconf 69' lang='grc' dir='ltr'>βλάϐης,</span> <span class='ocrx_word' id='word_1_819' title='bbox 3400 5132 3491 5188; x_wconf 75' lang='grc' dir='ltr'>καὶ</span> <span class='ocrx_word' id='word_1_820' title='bbox 3543 5150 3727 5202; x_wconf 78' lang='grc' dir='ltr'>σωτη-</span> 
     </span>
    </p>
   </div>
   <div class='ocr_carea' id='block_1_108' title="bbox 2072 5221 3724 5309">
    <p class='ocr_par' dir='ltr' id='par_1_108' title="bbox 2072 5221 3724 5309">
     <span class='ocr_line' id='line_1_108' title="bbox 2072 5221 3724 5309; baseline -0.01 -19"><span class='ocrx_word' id='word_1_821' title='bbox 2072 5234 2188 5309; x_wconf 82' lang='grc' dir='ltr'>ρίας</span> <span class='ocrx_word' id='word_1_822' title='bbox 2223 5232 2498 5297; x_wconf 82' lang='grc' dir='ltr'>ὑπόθεσις,</span> <span class='ocrx_word' id='word_1_823' title='bbox 2548 5229 2639 5284; x_wconf 72' lang='grc' dir='ltr'><strong>καὶ</strong></span> <span class='ocrx_word' id='word_1_824' title='bbox 2696 5226 2921 5302; x_wconf 71' lang='grc' dir='ltr'>ἀφορμὴ</span> <span class='ocrx_word' id='word_1_825' title='bbox 2981 5221 3322 5295; x_wconf 67' lang='grc' dir='ltr'>τελειοτέρας</span> <span class='ocrx_word' id='word_1_826' title='bbox 3354 5221 3552 5296; x_wconf 78' lang='grc' dir='ltr'>ἀρετῆς</span> <span class='ocrx_word' id='word_1_827' title='bbox 3579 5238 3724 5295; x_wconf 56' lang='grc' dir='ltr'>χρῖ-</span> 
     </span>
    </p>
   </div>
   <div class='ocr_carea' id='block_1_109' title="bbox 2074 5308 3725 5397">
    <p class='ocr_par' dir='ltr' id='par_1_109' title="bbox 2074 5308 3725 5397">
     <span class='ocr_line' id='line_1_109' title="bbox 2074 5308 3725 5397; baseline -0.009 -20"><span class='ocrx_word' id='word_1_828' title='bbox 2074 5308 2307 5397; x_wconf 87' lang='grc' dir='ltr'>ματίσει.</span> <span class='ocrx_word' id='word_1_829' title='bbox 2371 5316 2698 5389; x_wconf 67' lang='grc' dir='ltr'>«Ἔνδειξις</span> <span class='ocrx_word' id='word_1_830' title='bbox 2756 5313 3055 5374; x_wconf 79' lang='grc' dir='ltr'>ἀπωλείας.</span> <span class='ocrx_word' id='word_1_831' title='bbox 3098 5336 3117 5361; x_wconf 80' lang='grc' dir='ltr'><strong>ι</strong></span> <span class='ocrx_word' id='word_1_832' title='bbox 3174 5314 3335 5372; x_wconf 73' lang='grc' dir='ltr'>’Ἠτις</span> <span class='ocrx_word' id='word_1_833' title='bbox 3376 5308 3725 5389; x_wconf 72' lang='grc' dir='ltr'>ἐπιχείρησις</span> 
     </span>
    </p>
   </div>
   <div class='ocr_carea' id='block_1_110' title="bbox 2068 5398 3725 5481">
    <p class='ocr_par' dir='ltr' id='par_1_110' title="bbox 2068 5398 3725 5481">
     <span class='ocr_line' id='line_1_110' title="bbox 2068 5398 3725 5481; baseline -0.009 -14"><span class='ocrx_word' id='word_1_834' title='bbox 2068 5412 2269 5477; x_wconf 77' lang='grc' dir='ltr'>αὐτῶν,</span> <span class='ocrx_word' id='word_1_835' title='bbox 2302 5409 2451 5465; x_wconf 81' lang='grc' dir='ltr'>ἔσται</span> <span class='ocrx_word' id='word_1_836' title='bbox 2482 5407 2666 5468; x_wconf 78' lang='grc' dir='ltr'>αὐτοῖς</span> <span class='ocrx_word' id='word_1_837' title='bbox 2718 5402 2917 5481; x_wconf 76' lang='grc' dir='ltr'>δεῖγμα</span> <span class='ocrx_word' id='word_1_838' title='bbox 2968 5398 3268 5465; x_wconf 76' lang='grc' dir='ltr'>ἀπωλείας,</span> <span class='ocrx_word' id='word_1_839' title='bbox 3301 5398 3347 5453; x_wconf 75' lang='grc' dir='ltr'>εἶ</span> <span class='ocrx_word' id='word_1_840' title='bbox 3375 5399 3531 5472; x_wconf 79' lang='grc' dir='ltr'>ὑμεῖς</span> <span class='ocrx_word' id='word_1_841' title='bbox 3564 5401 3725 5465; x_wconf 75' lang='grc' dir='ltr'>στῆτε</span> 
     </span>
    </p>
   </div>
   <div class='ocr_carea' id='block_1_111' title="bbox 2069 5482 3723 5575">
    <p class='ocr_par' dir='ltr' id='par_1_111' title="bbox 2069 5482 3723 5575">
     <span class='ocr_line' id='line_1_111' title="bbox 2069 5482 3723 5575; baseline -0.013 -20"><span class='ocrx_word' id='word_1_842' title='bbox 2069 5494 2353 5575; x_wconf 72' lang='grc' dir='ltr'>ἀθόρυϐοι.</span> <span class='ocrx_word' id='word_1_843' title='bbox 2409 5522 2436 5549; x_wconf 85' lang='grc'><strong>‹‹</strong></span> <span class='ocrx_word' id='word_1_844' title='bbox 2470 5501 2637 5562; x_wconf 81' lang='grc' dir='ltr'>Πῶςς</span> <span class='ocrx_word' id='word_1_845' title='bbox 2687 5493 2752 5551; x_wconf 79' lang='grc' dir='ltr'><strong>Εἰ</strong></span> <span class='ocrx_word' id='word_1_846' title='bbox 2801 5492 2906 5568; x_wconf 77' lang='grc' dir='ltr'><strong>γὰρ</strong></span> <span class='ocrx_word' id='word_1_847' title='bbox 2956 5488 3121 5575; x_wconf 49' lang='lat' dir='ltr'><strong>nivea</strong></span> <span class='ocrx_word' id='word_1_848' title='bbox 3167 5488 3370 5562; x_wconf 75' lang='grc' dir='ltr'>τρόπον</span> <span class='ocrx_word' id='word_1_849' title='bbox 3418 5482 3723 5575; x_wconf 71' lang='grc' dir='ltr'>ἐπιϐουλῆς</span> 
     </span>
    </p>
   </div>
   <div class='ocr_carea' id='block_1_112' title="bbox 2068 5572 3725 5659">
    <p class='ocr_par' dir='ltr' id='par_1_112' title="bbox 2068 5572 3725 5659">
     <span class='ocr_line' id='line_1_112' title="bbox 2068 5572 3725 5659; baseline -0.008 -16"><span class='ocrx_word' id='word_1_850' title='bbox 2068 5572 2404 5658; x_wconf 55' lang='grc' dir='ltr'>κινήσαντες,</span> <span class='ocrx_word' id='word_1_851' title='bbox 2461 5585 2526 5639; x_wconf 84' lang='grc' dir='ltr'>οὐ</span> <span class='ocrx_word' id='word_1_852' title='bbox 2586 5582 2732 5659; x_wconf 73' lang='grc' dir='ltr'>λέγω</span> <span class='ocrx_word' id='word_1_853' title='bbox 2795 5583 2871 5654; x_wconf 79' lang='grc' dir='ltr'>μὴ</span> <span class='ocrx_word' id='word_1_854' title='bbox 2929 5572 3334 5639; x_wconf 66' lang='grc' dir='ltr'>καταϐάλωσιν,</span> <span class='ocrx_word' id='word_1_855' title='bbox 3387 5574 3532 5631; x_wconf 67' lang='grc' dir='ltr'>ἀλλὰ</span> <span class='ocrx_word' id='word_1_856' title='bbox 3584 5576 3725 5647; x_wconf 69' lang='grc' dir='ltr'>μήτε</span> 
     </span>
    </p>
   </div>
   <div class='ocr_carea' id='block_1_113' title="bbox 2071 5664 3726 5755">
    <p class='ocr_par' dir='ltr' id='par_1_113' title="bbox 2071 5664 3726 5755">
     <span class='ocr_line' id='line_1_113' title="bbox 2071 5664 3726 5755; baseline -0.01 -21"><span class='ocrx_word' id='word_1_857' title='bbox 2071 5673 2450 5755; x_wconf 76' lang='grc' dir='ltr'>θορυϐἠσωσιν</span> <span class='ocrx_word' id='word_1_858' title='bbox 2483 5675 2647 5747; x_wconf 79' lang='grc' dir='ltr'>ὑμᾶς,</span> <span class='ocrx_word' id='word_1_859' title='bbox 2684 5669 2983 5749; x_wconf 81' lang='grc' dir='ltr'>γνώσονται</span> <span class='ocrx_word' id='word_1_860' title='bbox 3032 5665 3117 5722; x_wconf 78' lang='grc' dir='ltr'>ὅτι</span> <span class='ocrx_word' id='word_1_861' title='bbox 3165 5665 3346 5755; x_wconf 68' lang='grc' dir='ltr'>ἀληρῆ</span> <span class='ocrx_word' id='word_1_862' title='bbox 3395 5664 3631 5755; x_wconf 57' lang='lat' dir='ltr'><strong>stulttia</strong></span> <span class='ocrx_word' id='word_1_863' title='bbox 3656 5666 3726 5719; x_wconf 75' lang='grc' dir='ltr'>τὰ</span> 
     </span>
    </p>
   </div>
   <div class='ocr_carea' id='block_1_114' title="bbox 2071 5751 3722 5842">
    <p class='ocr_par' dir='ltr' id='par_1_114' title="bbox 2071 5751 3722 5842">
     <span class='ocr_line' id='line_1_114' title="bbox 2071 5751 3722 5842; baseline -0.009 -18"><span class='ocrx_word' id='word_1_864' title='bbox 2071 5751 2252 5842; x_wconf 60' lang='grc' dir='ltr'>ἡμῶν,</span> <span class='ocrx_word' id='word_1_865' title='bbox 2307 5766 2395 5821; x_wconf 76' lang='grc' dir='ltr'>καὶ</span> <span class='ocrx_word' id='word_1_866' title='bbox 2447 5763 2721 5838; x_wconf 76' lang='grc' dir='ltr'>σωτηρίας</span> <span class='ocrx_word' id='word_1_867' title='bbox 2764 5760 3015 5834; x_wconf 74' lang='grc' dir='ltr'>πρόξενα,</span> <span class='ocrx_word' id='word_1_868' title='bbox 3066 5752 3237 5830; x_wconf 68' lang='grc' dir='ltr'>ψευδῆ</span> <span class='ocrx_word' id='word_1_869' title='bbox 3273 5751 3331 5810; x_wconf 65' lang='grc' dir='ltr'><strong>δὲ</strong></span> <span class='ocrx_word' id='word_1_870' title='bbox 3370 5754 3437 5810; x_wconf 74' lang='grc' dir='ltr'><strong>τὰ</strong></span> <span class='ocrx_word' id='word_1_871' title='bbox 3484 5754 3722 5825; x_wconf 70' lang='grc' dir='ltr'>ἐκείνων,</span> 
     </span>
    </p>
   </div>
  </div>
