4108 6448
394 499 551 557 1277

1442 492 1855 559 COMMENT.
1901 491 1979 553 ΙΝ
2029 489 2276 551 EPIST.
2322 492 2425 552 AD
2470 493 2756 554 PHlLlP.

3655 507 3680 565 1
3698 507 3810 565 278

386 626 478 684 καὶ
507 626 786 690 ἀπωλείας
818 628 985 685 αἳτια.
1034 629 1196 706 Λὲγιι
1255 626 1313 686 δὶ
1369 627 1492 700 περί
1551 622 1715 683 τινων
1772 624 2016 681 ἀπίστων

2158 629 2216 679 et
2236 641 2417 683 causa
2444 627 3111 701 perditionis.Loquitur
3128 636 3328 689 autem
3355 633 3429 690 de
3452 636 3813 707 quibusdam

388 715 770 794 ἀντικειμένων
799 723 880 792 τῷ
911 720 1249 795 κηρύγματι.
1288 741 1315 770 ι(
1343 719 1467 777 ’Ότι
1509 717 1637 791 ὑμῖν
1696 714 1982 790 ἆχαρῐσθη·
2019 735 2048 764 ››

386 813 528 881 Ὅρα
556 814 676 871 πῶς
702 809 803 864 οὒκ
833 806 950 864 οἶδε
979 806 1241 888 διαφορὰν
1299 811 1402 872 τῆς
1456 810 1554 862 τοῦ
1607 804 1816 880 ιιατρὸς
1864 800 1900 873 ἤ
1949 809 2051 872 τῆς

388 904 486 954 τοῦ
516 899 645 952 Υἱοῦ
678 897 911 973 βουλῆς.
946 897 1125 953 Εἰπὼν
1158 897 1264 974 γὰρ
1294 896 1377 952 ὅτι
1412 895 1503 951 καὶ
1533 899 1694 950 τοῦτο
1732 894 1839 949 ἀπὸ
1888 894 2046 958 Θεοῦ,

394 987 604 1063 ἐπάγει.
661 989 783 1044 *Οτι
842 987 971 1060 ὑμῖν
1044 986 1307 1062 ἐχαρίσθη
1371 984 1474 1040 ὑπὸ
1531 986 1787 1057 Χριστοῦ,
1854 981 2042 1048 κοινὴν

387 1073 593 1151 δωρεὰν
630 1076 838 1152 Πατρὸς
868 1076 954 1130 καὶ
991 1076 1118 1129 fio-3
1159 1074 1438 1147 τιθέμενος
1491 1073 1555 1129 τὸ
1603 1078 1847 1148 πρᾶγμαν
1881 1093 1908 1123 ››
1967 1070 2043 1127 Τὸ

388 1165 523 1241 ὑπὲρ
552 1165 819 1240 Χριστοῦ.
853 1188 881 1216 ιι
915 1169 1121 1234 Μεῖζον
1150 1162 1239 1218 καὶ
1272 1162 1700 1238 ἀξιολογώτερον
1754 1166 1928 1217 ποιῶν
1979 1158 2042 1215 τὸ

385 1254 489 1309 ὑπὸ
518 1257 628 1308 τῶν
670 1252 1051 1328 ἀντικειμένων
1111 1256 1191 1326 τῷ
1248 1252 1566 1326 κηρύγματι
1615 1248 2039 1325 διενοχλιῖσθαι,

384 1343 489 1397 ὑπὸ
521 1346 656 1397 Θεοῦ
720 1340 868 1418 λέγει
932 1341 1119 1404 αὐτοῖς
1177 1345 1339 1397 τοῦτο
1397 1337 1762 1414 δεδωρῆσθαι,
1816 1339 1880 1395 τὸ
1936 1358 2037 1395 πι-

380 1435 596 1486 στεῦσαι
628 1432 876 1506 Χριστῷ,
911 1429 998 1486 καῖ
1041 1431 1107 1487 τὸ
1164 1428 1406 1486 ἐναθλεῖν
1454 1425 1709 1493 δόνασθαι
1752 1432 1870 1490 τοῖς
1912 1447 2037 1485 πει-

383 1531 634 1595 ρασμοές,

446 1704 553 1759 Τὸν
611 1701 774 1758 αὐτὸν
833 1702 1020 1779 ἀγῶνα
1084 1696 1328 1778 ἔχοντες,
1392 1699 1511 1755 οἷον
1573 1697 1718 1755 ἴδετε
1772 1697 1825 1753 ἐν
1882 1696 2032 1772 ἐμοὶ,

374 1792 465 1847 καὶ
518 1795 611 1847 νῦν
668 1790 890 1847 ἀκούετε
938 1789 991 1846 ἒν
1052 1788 1201 1864 ἐμοί.
1263 1787 1329 1847 E'i
1388 1808 1474 1851 τις
1528 1788 1624 1844 οὖν
1681 1786 2032 1861 παράκλησις

381 1879 436 1936 ἐν
465 1882 708 1956 Χριστῷ,
767 1878 820 1934 ai’
863 1901 917 1934 τι
973 1877 1319 1955 παραμύθιον
1377 1875 1614 1954 ἀγάπης,
1668 1876 1716 1932 εἳ
1767 1894 1855 1938 τις
1911 1895 2033 1932 κοι-

370 1967 920 2066 νωνίαιΗνειςματος,
941 2059 956 2066 -
978 1968 1026 2024 εἳ
1081 1990 1192 2066 τις.
1225 1967 1522 2066 σπλάγχνα
1574 1967 1665 2066 καὶ
1697 1965 2029 2066 ιοίκτιρμοὶ,
2064 2000 2111 2066 Β

370 2055 706 2132 πληρώσατε
738 2079 844 2133 μου
897 2059 1000 2128 τήν
1060 2056 1259 2132 χαρὰν,
1318 2057 1410 2110 ἳνα
1468 2057 1533 2111 τὸ
1587 2055 1720 2111 αὐτὸ
1776 2061 2033 2134 φρονῆτε,

367 2150 468 2219 τήν
558 2149 728 2218 αὐτήν
820 2147 1047 2225 ἀγάπην
1137 2142 1385 2228 ἔχοντες,
1481 2144 1795 2221 σύμψυχοι,
1853 2145 1916 2200 τὸ
1980 2142 2033 2200 ἔν

284 2226 293 2233 ⁸
365 2243 718 2321 φρονοῦντες,
786 2234 956 2313 μηδὲν
1050 2226 1203 2292 κατὰ*
1254 2236 1507 2311 ἐρίθειαν,
1576 2232 1611 2305 ἤ
1679 2233 1818 2290 κατᾶ
1883 2253 2033 2290 κενο-

374 2328 579 2402 δοξίαν,
692 2326 837 2383 ἀλλά
944 2328 1014 2402 τῇ
1162 2324 1628 2405 ταπεινοφροσύνῃ
1742 2322 2037 2396 ἀλλήλου(

370 2419 679 2497 ἡγούμενοι
790 2416 1154 2493 ὑπερέχοντας
1229 2418 1430 2472 ἑαυτῶν
1508 2417 1586 2490 μὴ
1685 2415 1754 2471 τὰ
1828 2417 2035 2472 ἑαυτῶν

368 2509 596 2573 ἕκαστος
662 2514 936 2579 σκοπεῖτε,
1006 2507 1151 2564 ἀλλὰ
1216 2507 1307 2563 καὶ
1372 2508 1436 2562 τὸ
1504 2506 1719 2581 Δἑτέρων
1784 2503 2031 2570 ἕκαστοςο

439 2596 637 2670 Βαϐαῖ,
667 2599 782 2654 οἷόν
813 2597 1014 2655 ἔστιτὸ
1042 2599 1135 2654 τὸν
1167 2599 1355 2675 ἀγῶνα
1412 2595 1615 2670 Παύλῳ
1673 2594 1824 2677 ἔχειν
1857 2601 1869 2656 ι
1919 2597 2034 2656 Τύ-

372 2713 475 2755 πος
509 2690 613 2769 γὰρ
647 2691 834 2752 αὐτοῖς
879 2689 906 2746 ὁ
940 2688 1154 2752 Παῦλος
1187 2686 1393 2763 ἒγὲνετο
1423 2686 1668 2759 ἀθλήσας
1709 2688 1764 2743 ἐν
1822 2690 2035 2769 Φιλίπῖ

369 2802 521 2849 ποις,
552 2783 670 2843 πῶς
702 2777 786 2834 δεῖ
825 2779 957 2854 ὑπὲρ
1012 2786 1113 2851 τῆς
1170 2778 1406 2839 πίστεως
1464 2777 1847 2854 ἀγωνίζεσθαι.
1902 2802 1930 2831 ι(
1964 2762 2039 2837 Er

370 2893 454 2934 τις
485 2872 575 2926 οὖν
604 2867 973 2945 παράκλησις.
1008 2890 1035 2921 ι)
1073 2864 1148 2925 Ei’
1191 2888 1295 2931 τις,
1342 2868 1530 2946 φησὶν,
1581 2869 1708 2941 ὑμῖν
1759 2867 1897 2941 ἐμοῦ
1943 2870 2030 2944 γί-

367 2981 516 3017 νεται
549 2959 735 3035 λόγος,
768 2958 860 3014 καὶ
891 2955 946 3014 εἴ
967 2958 1086 3014 τινά
1115 2978 1207 3031 μοι
1255 2956 1525 3033 βούλεσθε
1578 2956 1926 3033 παράκλησιν
1973 2957 2027 3015 ἐν

363 3055 481 3111 τοῖς
513 3052 844 3124 πειρασμοῖς
899 3043 1107 3117 δοῦναι,
1156 3046 1249 3102 καὶ
1299 3044 1354 3102 εἶ’
1388 3066 1510 3101 τινα
1566 3047 1912 3122 παραμυθίαν
1976 3048 2028 3119 ἐξ

366 3138 587 3218 ἀγάπης
622 3136 962 3210 κινούμενοι,
988 3133 1322 3210 πληρώσατέ.
1355 3155 1462 3208 μου
1492 3138 1591 3206 τήν
1643 3136 1843 3215 χαράν.
1895 3160 1924 3189 (ι
1963 3136 2033 3194 Ei’

362 3250 445 3291 τις
477 3226 737 3284 κοινωνία
770 3225 1105 3301 Πνεῦματος.
1139 3248 1168 3277 ››
1205 3223 1269 3281 Ei’
1297 3221 1474 3300 ἔχετε,
1507 3225 1665 3304 φησὶ,
1717 3226 1833 3298 μετ’
1885 3225 2022 3299 ἐμοῦ

362 3317 647 3374 κοινωνίαν
681 3319 732 3372 ἐν
764 3318 844 3390 τῷ
875 3315 1017 3392 ἁγίῳ
1048 3313 1345 3388 Πνεῦματι,
1377 3311 1466 3367 καὶ
1498 3311 1545 3367 εἰ
1603 3310 1746 3368 ἔστιν
1791 3312 1844 3368 ἐν
1890 3315 2019 3387 ὑμῖν

2158 713 2615 789 incredulis,qui
2648 718 3056 789 prmdicationi
3081 721 3568 791 adversabantur,
3595 748 3623 776 «
3665 729 3814 794 Quia

2157 803 2320 860 vobis
2350 804 2635 862 donatum
2667 813 2776 864 est.
2800 829 2828 858 »
2860 809 3004 864 Vide
3034 811 3192 881 quod
3233 828 3353 867 non
3385 816 3615 870 noverit
3639 816 3810 873 dili'e-

2156 893 2411 948 rentiam
2465 895 2789 951 voluntatis
2828 898 3025 953 Patris
3082 916 3118 954 a
3147 900 3445 957 volontate
3479 902 3630 961 Filii.
3666 909 3809 961 Cum

2155 980 2315 1035 enim
2346 982 2596 1038 dixisset
2625 983 2781 1054 quod
2814 985 2923 1040 hoc
2955 1002 3193 1058 quoque
3228 1004 3263 1042 a
3293 990 3410 1046 Deo
3444 991 3538 1059 sit,
3563 991 3811 1064 subjun-

2153 1070 2236 1141 git
2266 1087 2279 1125 :
2316 1072 2463 1135 Quia
2486 1071 2654 1128 vobis
2677 1074 2964 1129 donatum
2996 1082 3088 1131 est
3130 1093 3166 1132 a
3194 1077 3444 1133 Christo.
3478 1080 3643 1150 (Nam
3674 1080 3806 1157 ὑπὶρ

2153 1159 2385 1231 capitur
2413 1178 2520 1232 pro
2543 1159 2669 1232 ὑπὸ,
2705 1161 2763 1216 id
2797 1170 2886 1218 est
2915 1164 2971 1235 a)
3003 1180 3131 1220 rem
3178 1182 3407 1238 ponens
3459 1185 3592 1239 quas
3642 1186 3806 1227 com-

2151 1261 2333 1302 mune
2365 1247 2443 1302 sit
2471 1248 2696 1304 donum
2722 1250 2918 1306 Patris
2938 1252 3173 1310 acFilii.
3213 1276 3240 1303 ‹‹
3275 1256 3394 1310 [loc
3425 1272 3460 1310 a
3489 1256 3739 1313 Christo.
3774 1281 3804 1310 ››

2149 1338 2337 1408 Majas
2383 1353 2453 1393 ac
2484 1338 2720 1411 dignius
2749 1340 3007 1396 reddens
3060 1343 3368 1399 molestias
3396 1345 3553 1401 ferre
3603 1345 3678 1403 ab
3708 1347 3804 1404 bis

2148 1427 2249 1497 qui
2282 1427 2693 1498 praadicationi
2717 1428 3124 1500 adversantur,
3147 1432 3346 1487 dicita
3379 1435 3493 1489 Deo
3520 1435 3631 1491 hoc
3650 1436 3800 1507 ipsis

2147 1514 2353 1569 datum
2391 1531 2545 1582 esse,
2578 1521 2702 1570 tum
2735 1522 2800 1571 ut
2830 1517 2891 1573 in
2922 1518 3221 1574 Christum
3252 1518 3716 1587 crederent,tum
3735 1528 3802 1578 ut

2146 1620 2282 1660 cum
2313 1605 2460 1677 ipsis
2498 1606 2923 1663 afﬂictionibus
2954 1607 3256 1666 decertare
3287 1616 3557 1682 possent.

2218 1702 2261 1769 Ι,
2295 1705 2397 1770 3ος
2424 1702 2656 1769 [Li-La
2667 1704 2829 1760 Idem
2852 1713 3156 1763 certamen
3174 1707 3463 1764 habentes
3484 1710 3695 1780 quales
3718 1709 3801 1765 vi-

2144 1814 2172 1842 ‹‹
2190 1790 2363 1847 distis
2382 1792 2444 1847 in
2468 1806 2584 1857 me,
2607 1800 2665 1849 et
2686 1810 2847 1850 nunc
2868 1794 3088 1851 auditis
3109 1797 3171 1851 in
3218 1812 3333 1853 me.
3370 1799 3426 1853 Si
3476 1814 3594 1870 qua
3621 1798 3802 1873 igitur

2145 1900 2172 1930 ιι
2195 1882 2526 1937 consolatio
2542 1883 2604 1938 in
2618 1883 2927 1951 Christo,si
2941 1886 3100 1956 quod
3122 1886 3479 1951 solatium,si
3497 1902 3615 1959 qua
3635 1904 3800 1945 com-

2144 1992 2172 2021 α
2190 1972 2396 2026 munio
2409 1971 2738 2044 Spiritus,si
2754 1990 2871 2045 qua
2883 1976 3109 2031 viscera
3120 1992 3189 2031 ac
3201 1976 3802 2046 miserationes,com-

2151 2080 2173 2108 ι
2192 2060 2350 2131 plete
2368 2077 2569 2116 meum
2583 2061 2884 2134 gaudium,
2901 2062 3255 2120 utsimiliter
3267 2066 3459 2121 effecti
3475 2066 3799 2137 sitis,eam-

2145 2172 2175 2201 α
2195 2149 2328 2205 dem
2342 2150 2504 2205 chari
2516 2156 2691 2207 tatem
2705 2148 3356 2221 habentes,unanimes,
3371 2156 3530 2212 idem
3545 2159 3805 2215 sentien-

2147 2245 2382 2306 «tes,ne
2414 2240 2558 2310 quid
2573 2240 3251 2312 fiatpercontentioncm
3282 2250 3386 2300 aut
3416 2261 3525 2317 per
3553 2247 3798 2305 inanem

2146 2326 2581 2401 «gloriam,‘sed
2597 2344 2702 2402 per
2712 2330 3111 2388 humilitatem
3126 2333 3311 2389 animi
3334 2334 3517 2390 alium
3546 2336 3801 2408 quisque

2145 2439 2173 2467 ‹‹
2191 2435 2253 2474 se
2274 2419 2751 2491 praestantiorem
2776 2419 3179 2486 existimet,ne
3211 2438 3318 2477 sua
3348 2424 3603 2495 quisque
3627 2440 3796 2498 spec-

2145 2528 2172 2557 «
2206 2507 2363 2574 tetis,
2396 2508 2501 2563 sed
2538 2510 2951 2580 unusquisque
2983 2526 3113 2580 quae
3146 2517 3284 2566 sunt
3312 2512 3586 2571 aliorum.
3621 2535 3651 2564 »

2213 2598 2387 2668 Papae
2419 2603 2821 2668 quantumest
2844 2599 3062 2655 habere
3102 2600 3261 2656 idem
3297 2618 3433 2658 cum
3456 2603 3640 2659 Paulo
3667 2620 3795 2660 cer-

2141 2694 2364 2744 tamen.
2406 2690 2617 2744 Factus
2674 2695 2765 2744 est
2802 2690 2964 2745 enim
3007 2691 3227 2747 Paulus
3289 2692 3437 2765 ipsis
3496 2695 3803 2768 exemplar

2142 2794 2277 2833 cum
2320 2777 2633 2851 Philippus
2688 2784 2964 2847 certaret,
3027 2782 3327 2851 quomodo
3385 2789 3661 2855 oporteat
3689 2801 3795 2856 pro

2143 2868 2258 2923 ﬁde
2287 2874 2535 2924 certare.
2563 2890 2591 2920 α
2618 2868 2673 2924 Si
2705 2884 2825 2941 qua
2855 2869 3034 2942 igitur
3063 2872 3414 2927 consolatio.
3451 2894 3479 2923 »
3537 2872 3593 2928 Si
3654 2888 3793 2944 qua,

2139 2954 2352 3027 inquit,
2416 2955 2583 3011 vobis
2633 2957 2748 3012 mei
2805 2957 2958 3013 ralio
3014 2957 3289 3025 habetur,
3352 2959 3460 3014 etsi
3519 2976 3698 3031 quam
3729 2959 3790 3015 in

2136 3044 2566 3100 afﬂictionibus
2587 3045 2735 3100 mihi
2760 3044 2901 3100 dare
2924 3045 3100 3102 vultis
3150 3047 3646 3116 consolationem,
3678 3049 3790 3104 etsi

2135 3130 2294 3202 quod
2325 3131 2605 3188 solatium
2636 3132 2781 3188 moti
2814 3149 2884 3189 ex
2924 3134 3233 3203 oharitate,
3262 3135 3554 3208 complete
3585 3150 3785 3192 meum

2133 3221 2435 3294 gaudium.
2461 3244 2488 3273 «
2519 3223 3060 3293 Siquacommunio
3096 3224 3402 3295 Spiritus.»
3439 3226 3496 3280 Si
3529 3225 3784 3294 habetis,

2134 3311 2594 3382 inquit,mecum
2623 3313 3228 3369 communicationem
3244 3315 3303 3368 in
3316 3314 3539 3386 Spiritu
3555 3321 3783 3374 sancto:

361 3404 698 3482 σπλάγχνων
729 3403 819 3461 καὶ
854 3404 1152 3477 οἰκτιρμῶν
1184 3422 1259 3471 τι,
1286 3401 1622 3477 πληρώσατὲ
1680 3423 1807 3477 μου,
1857 3403 2016 3483 φησὶ,

2139 3400 2247 3456 etsi
2280 3400 2423 3471 quid
2446 3401 2507 3455 in
2530 3399 2691 3456 vobis
2714 3407 2804 3456 est
2850 3402 3142 3457 viscerum
3191 3418 3260 3459 ac
3303 3398 3784 3475 miserationum,

348 3500 450 3568 τὴν
491 3496 694 3578 χαράνδ
724 3494 777 3552 εν
835 3494 916 3567 τῷ
976 3492 1267 3565 ἀλλήλους
1323 3492 1561 3567 ἀγαπᾷν,
1623 3492 1755 3548 ὠσιὶ
1813 3488 2020 3571 ἔλεγεν⁸

445 3566 847 3659 τίνα-ἀμοιϐήν
884 3566 977 3656 μοι
1011 3579 1195 3637 δοῦναι
1237 3566 1553 3658 ὲποφίεὶλετε
1611 3582 1742 3657 ὑπὲρ
1785 3586 1895 3638 τῶν
1921 3566 2024 3646 ἐἷς

357 3674 503 3746 ὑμᾶς
538 3672 721 3729 πόνων
756 3693 884 3746 μου,
910 3668 961 3726 ἐν
992 3669 1172 3743 τούτῳ
1215 3691 1309 3742 μοι
1368 3667 1625 3740 ἀπόδοτε,
1684 3668 1738 3725 ἐν
1785 3675 1866 3743 τῷ
1914 3671 2021 3728 ἀλ-

374 3762 588 3835 λήλους
618 3762 850 3842 ἀγαπᾷν.
905 3783 926 3813 ι
960 3763 1073 3816 ’Ἰνα
1127 3757 1190 3815 τι)
1250 3759 1385 3815 αὐτὸ
1443 3766 1700 3838 φρονῆτε.
1737 3784 1764 3811 ››
1815 3761 1913 3815 Καὶ
1970 3761 2023 3817 τί

372 3850 574 3907 ἐστινὸ
610 3848 801 3926 βούλει
832 3847 951 3905 ἀντὶ
1011 3847 1227 3903 πάντων
1284 3846 1696 3927 παρασχεθῆναί
1754 3869 1839 3904 σοι
1896 3851 2024 3926 παρ’

370 3944 530 4015 ἡμῶν
555 3959 568 4008 ;
598 3940 732 4009 Ἵνα,
760 3940 917 4019 φησὶ,
950 3937 1014 3994 τὸ
1045 3936 1175 3993 αὐτὸ
1208 3942 1467 4015 φρονῆτε,
1498 3938 1588 3992 καὶ
1641 3934 1833 4011 μηδεὶς
1884 3939 2022 4014 πρὸς

367 4032 460 4088 τὸν
487 4029 673 4106 ’ἕτερον
732 4029 1015 4104 στασιάζῃ·
1049 4027 1085 4097 ἢ
1116 4026 1208 4082 καὶ
1256 4027 1378 4102 περὶ
1438 4031 1535 4082 τοῦ
1595 4024 1870 4105 δόγματος
1922 4026 2022 4084 λέ-

370 4142 474 4199 γει,
507 4119 625 4175 ἀντὶ
655 4120 873 4175 πάντων
905 4120 1086 4188 ζητῶν
1145 4117 1231 4199 τὸ,
1257 4116 1592 4191 ὁμόγνωμον
1652 4117 1727 4179 εἰς
1783 4119 1882 4187 τήν
1930 4118 2025 4174 πί-

369 4198 503 4268 στιν,
541 4234 568 4262 ‹‹
598 4209 714 4279 Τῆν
746 4207 911 4275 αὐτην
956 4207 1174 4283 ἀγάπην
1208 4198 1449 4281 ἔχοντες.
1487 4229 1514 4256 ››
1547 4208 1638 4276 Μὴ
1680 4204 1756 4267 εἷς
1803 4206 2025 4277 πολλὴν

363 4298 454 4355 καὶ
482 4297 559 4362 εἷς
589 4296 809 4375 ὀλίγην,
842 4294 989 4351 ἆλλᾶ
1018 4297 1118 4365 τὴν
1171 4292 1296 4366 ἴσην
1349 4296 1439 4350 καὶ
1488 4296 1589 4366 τὴν
1638 4295 1807 4366 αὐτὴν
1851 4318 2027 4353 απαν-

365 4410 469 4451 τες.
506 4413 534 4439 ‹‹
566 4386 883 4462 Ὀμόψυχοι
913 4384 1218 4458 γινόμενοι.
1254 4406 1281 4434 ιι
1312 4385 1490 4439 Τοότο
1546 4384 1647 4460 γὰρ
1698 4385 1763 4440 τὸ
1808 4384 2027 4463 σῦμψυ-

368 4497 484 4554 χοι.
521 4472 696 4532 Πάλιν
722 4471 1067 4540 διπλασιάζει
1095 4471 1161 4525 τὸ
1192 4470 1547 4549 ὁμοφρονεῖν.
1592 4496 1619 4523 ‹‹
1654 4469 1841 4543 Μηδὲν
1886 4476 2026 4530 κατὰ

366 4567 619 4642 ἐρίοειαν.
654 4587 681 4617 »
719 4561 921 4619 Λοιπὸν
952 4562 1037 4616 καὶ
1071 4557 1334 4629 διδασκει,
1394 4564 1512 4622 πῶς
1564 4558 1640 4615 ἔνι
1696 4561 2028 4638 ὁμοψῦχους

366 4660 522 4715 εἶναι.
557 4654 757 4730 Μηδὲν,
817 4655 973 4735 φησί,
1032 4653 1152 4708 κατ’
1205 4650 1458 4727 ἐρίθειαν,
1520 4650 1792 4722 τουτέστι,
1857 4652 2029 4723 ζῆλον

2130 3488 2425 3560 complete
2447 3504 2645 3544 meum
2665 3488 2970 3562 gaudium,
2990 3490 3244 3546 invicem
3276 3491 3606 3565 diligendo,
3636 3508 3704 3549 ac
3734 3494 3786 3550 si

2129 3576 2355 3634 diceret
2386 3595 2398 3634 :
2437 3579 2484 3633 si
2511 3593 2690 3649 quam
2722 3580 2870 3634 mihi
2904 3580 3449 3637 remunerationem
3484 3582 3624 3638 dare
3680 3583 3785 3638 de-

2128 3667 2282 3722 betis
2316 3668 2390 3723 ob
2424 3683 2584 3723 meos
2608 3683 2745 3740 erga
2785 3684 2884 3723 vos
2906 3668 3160 3737 labores,
3218 3670 3279 3725 in
3329 3671 3441 3725 hoc
3482 3670 3626 3726 mihi
3682 3688 3786 3727 ex-

2129 3757 2335 3812 solvite
2365 3764 2432 3812 ut
2463 3757 2714 3812 invicem
2745 3757 3024 3830 diligatis.
3062 3780 3089 3810 ιι
3125 3761 3193 3814 Ut
3251 3758 3528 3815 similiter
3587 3760 3785 3816 affecti

2130 3848 2314 3904 sitis»
2351 3849 2419 3902 Et
2440 3848 2581 3919 quid
2612 3853 2703 3901 est
2731 3847 2890 3918 quod
2912 3863 3018 3919 pro
3046 3848 3138 3903 his
3183 3849 3462 3905 omnibus
3514 3850 3782 3905 exhiberi

2129 3937 2235 3992 tibi
2269 3937 2437 4008 cupis
2467 3953 2503 3992 a
2533 3933 2706 3991 nobis
2726 3937 2753 3992 ‘3
2776 3939 2844 3992 Ut
2874 3937 3595 4009 similiter,inquit,affecti
3628 3940 3780 4005 sitis,

2131 4033 2189 4081 et
2218 4027 2420 4082 nullus
2441 4026 2723 4082 adversus
2745 4026 2930 4082 alium
2962 4026 3315 4083 seditionem
3346 4034 3501 4101 agat,
3529 4034 3633 4085 aut
3656 4029 3784 4084 dis-

2130 4115 2474 4171 sentiat.Vel
2508 4115 2683 4170 etiam
2709 4115 2780 4171 de
2813 4114 3103 4186 dogmatis
3126 4115 3408 4187 loquitur,
3442 4123 3650 4189 petens
3671 4135 3779 4190 pro

2129 4204 2407 4259 omnibus
2436 4209 2505 4257 ut
2533 4203 2847 4258 unanimes
2880 4203 3001 4258 sint
3030 4204 3087 4258 in
3124 4203 3257 4259 fide.
3295 4205 3392 4259 79
3425 4228 3448 4256 ιι
3497 4205 3779 4261 Eamdem

2130 4293 2479 4349 charitatem
2549 4292 2855 4347 habentes.
2896 4310 2916 4343 ι
2950 4295 3076 4349 Non
3108 4294 3204 4349 hic
3257 4295 3505 4350 multam
3562 4300 3623 4350 et
3678 4294 3780 4350 ille

2130 4399 2393 4456 parvam,
2424 4383 2527 4438 sed
2551 4383 2841 4454 aequalem
2864 4388 2922 4437 et
2953 4383 3224 4438 eamdem
3246 4398 3474 4440 omnes.
3500 4407 3527 4435 ‹‹
3561 4385 3782 4440 Unani-

2131 4456 2279 4529 mes.
2316 4492 2342 4521 ››
2373 4472 2576 4526 Eti'ecti
2607 4472 2975 4528 videlicet.Et
3006 4488 3241 4527 rursum
3274 4474 3538 4545 geminat
3566 4488 3633 4529 ac
3664 4474 3779 4528 ite-

2131 4562 2402 4633 ratquod
2459 4561 2629 4631 dixit,
2692 4562 2969 4617 similiter
3020 4564 3213 4618 affecti
3276 4564 3425 4619 sitis.
3468 4586 3487 4613 ι
3522 4565 3602 4619 Ne
3633 4565 3778 4635 quid

2132 4651 2234 4706 fiat
2260 4666 2367 4722 per
2381 4651 3197 4731 contentionemmDeinceips
3227 4654 3404 4708 etiam
3436 4652 3609 4708 docet
3632 4668 3782 4724 quo-

363 4752 398 4823 ἤ
432 4729 790 4824 φιλονεικίαν,
884 4743 1019 4799 κατὰ
1057 4740 1364 4815 κενοδοξίαν
1422 4746 1725 4804 ποιοῦντες.
1784 4763 1807 4791 ιι
1841 4741 2022 4799 Ἀλλὰ

2139 4739 2308 4794 modo
2339 4738 2644 4810 contingat
2663 4755 2795 4794 esse
2852 4729 3188 4796 unanimes.
3221 4742 3395 4806 Nihil,
3438 4742 3652 4812 inquit,
3688 4740 3775 4796 fa-

361 4840 430 4913 τῇ
463 4835 949 4914 ταπεινοφροσύνῃ.
985 4858 1013 4885 n
1046 4827 1238 4900 Βαϐαὶ,
1266 4832 1384 4886 οἷον
1419 4829 1565 4907 λέγει
1593 4832 1606 4887 !
1665 4830 1763 4887 Διὰ
1792 4839 1894 4900 τῆς
1931 4852 2021 4888 τα-

364 4925 821 5004 πεινοφροσύνης,
872 4920 1060 5001 φησὶν,
1114 4917 1338 4983 ἕκαστος
1393 4918 1635 4997 ἡγείσθω
1688 4919 1783 4975 τὸν
1838 4916 2022 4995 ἕτερον

362 5014 670 5093 ὒπερὲχειν,
731 5012 821 5068 καὶ
886 5010 1109 5084 μείζονα
1164 5010 1302 5064 εἶναι
1357 5009 1494 5065 κατὰ
1575 5011 1752 5064 πάντα
1826 5010 2015 5067 αὐτοῦ.

362 5108 516 5180 Μέγα
551 5103 643 5178 μὲν
677 5102 803 5177 γὰρ,
834 5105 898 5156 τὸ
925 5098 1024 5157 κᾶν
1082 5100 1145 5155 τὸ
1202 5095 1257 5154 ἓν
1316 5098 1482 5174 μέρος
1537 5100 1814 5176 ἡγεῖσθαι,
1872 5100 1958 5155 ὃτι
1991 5101 2019 5155 ὁ

365 5190 514 5248 δεῖνά
546 5212 650 5266 μου
680 5190 929 5265 προάγει.
962 5188 1027 5245 Εἰ
1075 5188 1181 5263 γὰρ
1239 5192 1400 5243 τοῦτο
1457 5189 1744 5263 ἡγήσεται,
1792 5188 1882 5242 καὶ
1933 5208 2015 5244 τι-

365 5279 674 5357 μήσει,καί
733 5279 1177 5358 αἰσχυνθήσεται,
1239 5277 1331 5331 καὶ
1388 5276 1683 5353 ἀγαπήσει,
1740 5277 1829 5332 καὶ
1888 5275 2017 5334 οὐδὲ

361 5373 644 5453 φθονήσει·
706 5375 951 5441 κρεῖττον
1002 5368 1103 5445 γὰρ
1157 5367 1358 5444 φθόνου
1415 5367 1478 5421 τὸ
1546 5366 1839 5441 ὑπερέχοι),
1899 5366 2015 5422 ἐπεὶ

358 5452 495 5535 πρὸς
528 5460 621 5514 τὸν
680 5454 1003 5526 ἀντίπαλον,
1038 5458 1066 5512 ὁ
1097 5458 1293 5534 φθόνος
1342 5456 1581 5531 γίνεσθαι
1630 5455 1801 5534 φιλεῖ.
1844 5454 1907 5510 El
1958 5452 2016 5512 δὶ

356 5551 447 5604 καὶ
480 5550 540 5604 ἐκ
563 5550 672 5604 τῶν
704 5544 800 5602 δύο
846 5550 1023 5621 μερῶν
1071 5541 1221 5601 ἔσται
1274 5545 1412 5615 αὓτη
1446 5546 1481 5614 ἡ
1514 5541 1718 5615 οἷήσις,
1764 5544 1865 5620 δρα
1914 5547 2013 5615 τὴν

358 5639 581 5715 εἰρήνην
616 5636 738 5707 ὅση.
772 5636 910 5710 Ὅρα
960 5630 1034 5688 δὲ.
1092 5633 1207 5691 Οὐκ
1264 5635 1378 5690 εἶπε
1440 5634 1713 5706 μείζονας,
1771 5630 1923 5701 ἀλλ’,
1983 5634 2014 5688 ὅ

358 5725 526 5783 πλὲον
600 5726 690 5796 ἦν,
746 5724 1113 5799 ὑπερέχοντας
1171 5722 1359 5798 φησὶν,
1417 5723 1643 5778 ἑαυτῶν.
1705 5746 1733 5775 ι(
1795 5723 1889 5791 Μή
1946 5725 2013 5779 τὰ

355 5819 563 5874 ἒαοτῖυν
619 5815 865 5878 ἕκαστος.
940 5839 967 5864 ››
1020 5813 1187 5871 Ὅταν
1248 5813 1351 5889 γὰρ
1402 5811 1467 5868 τὸ
1521 5809 1665 5868 ’ἰδιον
1734 5811 2007 5891 συμφέρον

2131 4829 2340 4884 ciendo
2371 4844 2476 4900 per
2506 4829 2973 4897 contentionem,
3022 4831 3130 4885 hoc
3170 4836 3280 4898 est,
3331 4830 3777 4887 aemulationem

2130 4921 2249 4974 sive
2280 4918 2491 4987 rixam,
2524 4934 2718 4989 neque
2753 4935 2858 4990 per
2885 4919 3123 4975 inanem
3157 4921 3424 4993 gloriam.
3465 4945 3484 4971 ι
3524 4921 3633 4977 Sed
3671 4938 3780 4994 per

2129 5010 2529 5065 humilitatem
2560 5009 2765 5064 animi.
2801 5031 2828 5059 ››
2862 5010 3205 5083 Papze,quid
3244 5011 3374 5068 ait?
3403 5013 3514 5068 Per
3536 5012 3777 5068 humili-

2127 5105 2330 5164 tatem,
2350 5095 2765 5170 inquit,animi
2796 5097 2981 5154 alium
3014 5101 3266 5171 quisque
3297 5118 3360 5156 se
3392 5101 3777 5173 praestantio-

2128 5204 2254 5243 rem
2268 5187 2655 5255 cxistimet,et
2667 5186 2852 5242 alium
2866 5204 2972 5258 per
2988 5189 3189 5244 omnia
3202 5205 3332 5244 esse
3356 5207 3417 5245 se
3446 5192 3736 5263 majorem
3752 5234 3765 5249 .

2127 5279 2399 5350 Magnum
2430 5274 2724 5347 siquidem
2750 5282 2838 5331 est
2866 5281 2933 5331 ut
2959 5277 3049 5331 vel
3081 5277 3269 5333 altera
3303 5295 3435 5351 pars
3465 5281 3578 5336 hoc
3599 5279 3778 5337 ducat

2126 5374 2269 5438 puto
2295 5366 2395 5421 ille
2422 5382 2517 5420 me
2538 5365 2849 5436 praecellit.
2893 5366 3036 5420 Nam
3070 5367 3118 5422 si
3161 5368 3273 5423 hoc
3323 5370 3772 5437 existimaverit,

2125 5457 2303 5511 etiam
2330 5454 2646 5511 honorabit
2672 5471 2739 5509 ac
2768 5455 3133 5511 reverebitur
3159 5464 3216 5512 et
3236 5459 3475 5525 amabit,
3496 5474 3604 5514 nec
3632 5459 3776 5514 invi-

2123 5544 2289 5600 debit
2313 5560 2325 5600 :
2352 5544 2509 5616 quod
2528 5543 2687 5599 enim
2717 5542 3017 5600 excellens
3042 5553 3151 5612 est,
3174 5554 3416 5618 superat
3446 5547 3728 5603 invidiam
3752 5566 3768 5605 :

2122 5634 2343 5689 invidia
2372 5646 2629 5704 namque
2688 5635 2951 5688 exerceri
2999 5636 3161 5707 cupit
3198 5652 3335 5709 erga
3366 5636 3561 5691 ualem
3593 5650 3774 5693 aemu-

2120 5724 2439 5790 lum.Quod
2472 5725 2519 5779 si
2553 5724 2731 5779 fuerit
2761 5724 2886 5779 hmo
2917 5726 3122 5796 opinio
3175 5742 3245 5781 ex
3295 5733 3544 5799 utraque
3575 5733 3767 5800 parte,

2118 5814 2253 5871 vide
2284 5820 2508 5885 quanta
2536 5830 2672 5886 pars
2730 5819 3031 5886 sequetur.
3082 5814 3537 5872 Anidmadverte
3565 5820 3766 5876 autem
