4108 6432
350 462 504 520 1279

1482 459 1727 522 CECUM
1741 460 1895 520 ENll
1940 458 2248 519 TRICC/E
2292 458 2644 522 EPISCOPI

3611 460 3777 520 1980

351 596 512 668 quod
541 612 658 651 non
690 595 906 650 dixerit
931 612 945 650 :
972 596 1232 666 Quisque
1265 612 1326 651 se
1358 596 1650 667 majorem
1675 612 1687 649 :
1717 594 1820 650 sed
1844 593 2002 666 quod

2118 591 2339 655 ἕκαστος
2371 593 2549 673 ἀφεὶς,
2604 598 2704 649 τοῦ
2763 593 3133 672 συμφέροντος
3189 591 3402 666 γίνηται
3460 595 3556 647 τοῦ
3608 589 3779 647 ἀδελ-

347 686 482 758 plus
516 691 626 749 est,
650 685 1158 740 Praestantiorem.
1184 706 1212 735 ‹‹
1245 686 1325 740 Ne
1349 700 1457 739 sua
1487 684 1759 755 quisque.
1796 706 1823 733 »
1856 684 1999 738 Cum

351 775 512 830 enim
542 774 815 845 quisque.
850 774 1093 846 propria
1122 773 1379 829 utilitate
1421 773 1647 839 relicta,
1679 771 1754 829 ad
1800 772 2001 828 fratris

348 864 666 919 utilitatem
685 880 814 919 sese
827 863 1453 933 accommodaverit,ut
1475 869 1536 918 tu
1550 864 1790 934 quidem
1805 879 2000 917 meam

347 953 669 1008 utilitatem
693 959 945 1024 spectes,
981 969 1086 1024 ego
1121 970 1257 1007 vero
1284 960 1470 1017 tuam,
1501 951 1844 1023 hujusmodi
1871 951 1998 1022 jam

350 1058 471 1097 non
504 1041 788 1107 humana,
814 1042 919 1097 sed
949 1042 1216 1114 angelica
1244 1042 1363 1097 vita
1394 1046 1500 1096 est.

417 1132 490 1197 II,
522 1133 638 1185 5-8.
673 1154 693 1179 ι
732 1132 785 1186 Is
806 1132 965 1186 enim
991 1133 1235 1187 aﬂ'ectus
1274 1131 1351 1186 sit
1387 1131 1449 1185 in
1478 1130 1771 1202 vobis,qui
1801 1130 1915 1185 fuit
1943 1135 2001 1184 et

346 1241 377 1270 «
410 1219 472 1274 in
504 1219 735 1274 Christo
761 1221 898 1274 Jesu
922 1237 934 1275 :
959 1220 1061 1289 qui
1086 1236 1222 1275 cum
1246 1219 1308 1274 in
1329 1219 1520 1275 forma
1541 1219 1643 1274 Dei
1666 1223 1843 1286 esset,
1876 1235 1998 1274 non

348 1330 378 1358 α
409 1310 680 1381 rapinam
711 1309 1033 1364 arbitratus
1065 1314 1153 1364 est
1177 1314 1243 1364 ut
1272 1310 1688 1380 mqualisesset
1710 1309 1824 1363 Deo
1858 1308 1998 1363 :sed

348 1420 377 1447 ‹‹
404 1398 670 1469 seipsum
694 1398 1062 1465 eximanivit,
1078 1398 1269 1454 forma
1291 1399 1441 1453 servi
1460 1404 1697 1469 sumpta
1714 1397 1776 1452 in
1793 1397 1996 1452 simili-

348 1509 376 1536 α
415 1486 619 1541 tudine
643 1486 955 1542 hominum
971 1488 1415 1554 constitutus,et
1440 1487 1632 1542 forma
1647 1493 1918 1558 repertus
1935 1490 2001 1541 ut

348 1596 376 1625 ‹‹
413 1574 955 1645 homo,humiliavit
983 1576 1370 1648 semetipsum
1390 1577 1578 1631 factus
1608 1574 2001 1631 obediensus-

352 1685 374 1712 ι
412 1681 524 1735 que
556 1663 635 1719 ad
666 1670 941 1734 mortem,
976 1670 1231 1721 mortem
1262 1672 1461 1721 autem
1497 1666 1680 1720 cruci.
1718 1686 1747 1715 »

420 1754 501 1808 De
533 1753 717 1808 animi
749 1754 1039 1810 modestia
1067 1771 1408 1810 sermonem
1429 1756 1693 1810 facturus
1720 1760 1826 1809 est.
1848 1755 1999 1820 Quid

350 1841 510 1897 enim
534 1842 594 1896 in
616 1842 848 1897 Christo
891 1847 951 1897 et
981 1860 1088 1915 per
1129 1844 1430 1899 Christum
1453 1846 1701 1900 affectus
1723 1845 1997 1915 sumitur,

349 1930 466 1986 nisi
498 1935 764 1986 extrema
812 1931 1105 1988 modestia
1128 1938 1187 1989 et
1205 1933 1390 1988 animi
1422 1933 1729 1989 humilitas
1750 1934 1777 1989 ?
1809 1934 2001 1989 Vultis

349 2036 525 2075 nosse
559 2020 717 2091 quod
746 2021 934 2076 animi
974 2021 1268 2078 modestia
1301 2022 1453 2078 nihil
1473 2023 1638 2079 vobis
1669 2029 1864 2092 nocet,
1895 2040 2002 2080 ne-

349 2125 465 2180 que
495 2108 713 2164 damno
735 2109 1143 2181 afﬂcit,neque
1172 2111 1456 2182 deprimit
1485 2113 1851 2168 accidentem
1878 2113 2010 2169 sub-

346 2198 688 2263 limitatem,
740 2198 860 2253 imo
911 2199 1110 2271 potius
1152 2200 1281 2271 ejus
1332 2201 1589 2257 efficitur
1635 2202 1899 2258 ostensio
1940 2220 2008 2258 ac

348 2286 2006 2362 demonstratio‘?Christum,inquit,considerate.Maxime

354 2375 514 2431 enim
543 2377 603 2431 in
635 2376 748 2431 hoc
801 2377 1137 2434 ostenditur
1179 2380 1337 2450 quod
1396 2387 1611 2437 natura
1658 2384 1811 2439 Deus
1842 2384 2007 2439 sitex

350 2464 464 2520 hoc
490 2465 650 2535 quod
681 2482 812 2521 sese
842 2465 1152 2523 demiserit
1176 2484 1246 2523 ac
1278 2468 1709 2527 humanitatem
1742 2478 2006 2544 gestave-

351 2552 583 2608 rit.Non
617 2560 744 2610 erat
774 2555 935 2611 enim
957 2556 1115 2627 quod
1150 2574 1221 2612 ex
1245 2558 1353 2613 hac
1391 2559 1811 2616 humiliatione
1856 2562 2009 2617 nihil

356 2640 699 2698 detrimenti
725 2644 1056 2716 susciperet
1071 2647 1174 2701 80
1188 2664 1258 2702 ex
1286 2653 1500 2704 natura
1521 2649 1634 2703 sibi
1648 2651 2009 2707 conveniens

354 2730 683 2788 divinitatis
715 2733 1071 2792 sublimitas.
1107 2736 1164 2789 Si
1196 2752 1334 2791 vero
1375 2737 1529 2793 hanc
1559 2739 1844 2795 factitiam
1903 2742 2009 2797 ha-

352 2819 602 2891 buisset,
639 2823 936 2878 timuisset
964 2823 1171 2895 utique
1204 2826 1465 2897 seipsum
1499 2827 1836 2897 humiliare,
1868 2834 1942 2885 ne
1976 2848 2010 2887 a

357 2910 644 2981 dignitate
676 2912 769 2967 vix
792 2912 933 2968 dum
967 2913 1079 2968 sibi
1111 2915 1731 2986 acquisitaexcideret.
1767 2921 2010 2975 Humili-

359 3004 449 3055 tas
476 3016 612 3073 ergo
644 3000 1073 3058 demonstratio
1118 3002 1232 3058 fuit
1265 3005 1648 3063 sublimitatis
1683 3008 2009 3065 divinitatis

359 3090 648 3160 ejus,quae
680 3107 750 3145 ex
776 3096 989 3146 natura
1019 3092 1133 3163 ipsi
1163 3094 1633 3151 conveniebat.Si
1667 3098 1799 3168 quis
1832 3098 2011 3171 igitur

354 3178 569 3233 virtute
619 3179 891 3235 excelsus
947 3198 1015 3237 ac
1061 3199 1309 3255 magnus
1354 3185 1518 3256 cupit
1548 3203 1696 3255 esse,
1733 3186 2010 3243 humiliet

352 3283 483 3321 sese
511 3284 523 3321 :
553 3267 857 3324 humilitas
889 3270 1049 3325 enim
1084 3277 1172 3326 est
1202 3289 1334 3343 qua)
1365 3274 1628 3329 ostendit
1657 3293 1724 3331 ac
1754 3282 2005 3333 testatur

349 3356 581 3411 virtutis
620 3356 1095 3414 sublimitatem:
1158 3361 1428 3417 imitetur
1483 3363 1801 3432 Christum,
1855 3366 2005 3421 nihil

348 3444 558 3516 perdet
590 3446 691 3516 qui
726 3462 790 3501 se
823 3448 1324 3522 humiliat,majus
1356 3459 1555 3509 autem
1586 3470 1802 3527 magna
1828 3455 2009 3511 lucri-

349 3534 664 3600 faciet.Qui
692 3535 907 3592 virtute
937 3554 1163 3609 pauper
1190 3547 1421 3607 est,non
1444 3549 1638 3613 potest
1666 3545 2004 3600 humiliari:

353 3628 590 3678 veretur
619 3624 778 3678 enim
803 3640 877 3679 ne
903 3626 1136 3682 excidat
1157 3644 1191 3683 a
1232 3629 1439 3686 ﬁctilia
1469 3636 1527 3688 et
1557 3632 1839 3690 simulata
1868 3634 2009 3689 sub-

351 3712 625 3768 limitate.
656 3713 763 3778 Qui
795 3713 955 3770 dives
987 3721 1047 3771 et
1078 3717 1348 3774 excelsus
1399 3727 1491 3775 est
1550 3722 1790 3790 virtute,
1819 3723 2010 3780 humi-

352 3800 461 3856 liet
489 3817 584 3857 se:
620 3818 759 3856 nam
782 3802 844 3857 in
877 3803 989 3859 hoc
1038 3805 1226 3878 magis
1276 3807 1538 3879 seipsum
1597 3810 1859 3866 ostendit
1891 3829 2008 3883 quo

352 3907 486 3947 vere
509 3891 587 3947 sit
615 3892 908 3961 excelsus,
942 3895 1083 3965 quia
1116 3912 1236 3951 non
1262 3897 1462 3954 timuit
1486 3899 1791 3956 humiliari
1823 3907 1881 3957 et
1900 3918 2009 3957 no-

349 3981 431 4035 vit
455 3980 615 4052 quod
651 3982 861 4037 firmus
884 3984 1141 4048 sit.cQui
1162 4002 1296 4040 cum
1331 3987 1391 4041 in
1422 3988 1613 4044 forma
1634 3990 1737 4045 Dei
1770 3998 1944 4048 esset.
1985 4016 2004 4041 ι

354 4070 772 4126 Animadverte
795 4072 1094 4142 quomodo
1128 4092 1197 4129 ex
1256 4076 1349 4130 his
1382 4078 1584 4149 paucis
1610 4080 1798 4134 verbis
1828 4081 2006 4152 Spiri~

353 4162 448 4211 tus
480 4174 687 4213 omnes
720 4165 1064 4216 evertuntur
1105 4162 1383 4219 haereses.
1419 4165 1685 4221 Primum
1712 4167 2009 4237 siquidem

358 4244 563 4301 dicens
588 4264 600 4301 :
622 4248 767 4302 Cum
793 4255 1339 4315 esset,coa3ternum
1360 4253 1520 4308 Patri
1545 4255 1919 4326 signiﬁcavit,
1955 4262 2013 4310 ct

358 4335 565 4390 Arium
588 4336 833 4408 dejecit:
859 4338 1073 4395 deinde
1096 4342 1277 4395 etiam
1300 4343 1656 4399 Marcionem
1673 4345 2009 4402 Ponticum.

359 4423 416 4477 Si
440 4425 599 4479 enim
642 4426 911 4482 informa
940 4428 1041 4482 Dei
1068 4435 1214 4495 erat,
1249 4432 1549 4500 quomodo
1591 4438 1650 4487 tu
1673 4432 1822 4488 dicis
1853 4434 2009 4503 quod

359 4527 392 4566 a
424 4512 602 4567 Maria
633 4529 760 4568 esse
784 4517 1078 4586 coeperit?
1099 4518 1242 4572 Cum
1276 4519 1388 4574 hoc
1410 4526 1466 4575 et
1488 4521 1704 4577 Paulus
1729 4523 2010 4578 Samosa-

358 4600 545 4657 tensis
576 4603 858 4658 evertitur
889 4605 987 4676 qui
1030 4607 1347 4663 Dominum
1394 4611 1696 4667 asserebat
1747 4629 1875 4668 esse
1900 4630 2007 4669 nu-

357 4691 498 4746 dum
522 4691 824 4748 hominem
850 4696 1167 4751 formatum
1201 4714 1234 4753 a
1264 4700 1401 4755 Deo.
1427 4702 1656 4757 Etenim
1683 4704 2010 4774 poterimus
2047 4681 2088 4739 ll

358 4778 469 4851 ipsi
502 4780 699 4837 dicere
723 4800 736 4837 :
763 4785 1274 4848 Quemadmodum
1296 4789 1489 4845 forma
1508 4791 1899 4859 s'ervi,natura
1921 4801 2013 4847 Cal.

362 4869 511 4923 servi
540 4876 598 4924 et
626 4887 746 4926 non
772 4873 999 4929 factura
1035 4876 1122 4931 vel
1156 4893 1323 4947 opus,
1360 4878 1443 4933 ita
1466 4886 1523 4934 et
1552 4880 1740 4936 forma
1770 4883 1871 4937 Dei
1904 4899 2010 4938 na-

360 4961 494 5011 tura
522 4960 623 5012 Dei
658 4967 746 5014 est
777 4967 835 5016 et
875 4980 994 5018 non
1046 4965 1313 5022 effectus.
1346 4966 1611 5024 Nestoris
1643 4987 1877 5041 quoque
1910 4973 2010 5043 qui

363 5046 571 5101 eadem
603 5050 785 5103 sentit
814 5051 993 5107 simul
1022 5054 1321 5110 evertitur.
1344 5058 1593 5113 Cumhis
1625 5066 1681 5114 et
1703 5061 2013 5116 Marcellus

359 5134 591 5189 Galates
633 5142 692 5189 et
752 5138 1119 5210 Soplironius
1166 5160 1234 5198 ac
1269 5144 1557 5201 Photinus
1608 5149 1793 5203 eversi
1852 5156 2008 5204 sunt.

357 5222 499 5277 Vide
532 5230 728 5279 autem
763 5234 823 5282 et
851 5231 1263 5288 concidentem
1289 5234 1629 5291 Sabellium.
1655 5261 1679 5285 (ι
1707 5239 1834 5293 Non
1861 5240 2012 5309 rapi-

358 5327 521 5377 nam,
540 5312 757 5384 inquit,
782 5317 1105 5374 arbitratus
1137 5327 1227 5376 est
1256 5328 1322 5377 ut
1343 5325 1590 5394 aequalis
1612 5331 1767 5380 esset
1799 5326 1937 5382 Deo.
1982 5351 2008 5377 ››

357 5401 685 5471 [Εψιειιὶιαε
718 5404 879 5460 enim
912 5407 984 5462 de
1018 5425 1138 5464 una
1161 5427 1415 5480 persona
1448 5430 1569 5469 non
1619 5414 1855 5479 dicitur,
1908 5419 2012 5472 sed

364 5489 436 5544 de
471 5489 700 5546 duabus
731 5501 831 5548 aut
857 5495 1148 5565 pluribus.
1210 5501 1516 5564 Quomodo
1548 5519 1684 5575 ergo
1737 5511 1799 5560 tu
1853 5507 2012 5562 nuda

365 5576 515 5632 dicis
547 5595 674 5634 esse
706 5583 953 5637 nomina
984 5585 1174 5640 Patris
1196 5593 1256 5641 et
1274 5588 1405 5642 Filii
1447 5605 1514 5644 ac
1536 5591 1790 5663 Spiritus
1822 5596 2009 5649 sancti

365 5682 497 5736 quae
529 5667 602 5722 de
632 5686 751 5726 una
776 5672 1060 5728 dicuntur
1090 5691 1343 5745 persona
1362 5677 1390 5732 εἶ
1411 5677 1554 5735 Vide
1584 5698 1819 5739 rursum
1848 5685 2009 5739 feriri

366 5755 592 5808 Arium.
616 5760 757 5817 Nam
783 5766 1109 5836 poterimus
1144 5764 1251 5833 ipsi
1277 5764 1471 5821 dicere
1500 5786 1512 5821 :
1541 5769 1688 5832 Quid
1716 5772 1826 5827 sibi
1885 5774 2012 5829 vult

2111 687 2237 756 φοῦ,
2272 683 2347 747 ὡς
2376 687 2434 739 σὲ
2466 683 2564 758 μὶν
2593 684 2655 739 τὸ
2712 683 2843 758 ἐμὸν
2908 683 3185 763 συμφέρον
3244 688 3487 751 σκοπεῖν,
3548 681 3644 754 ἐμὲ
3712 681 3773 736 δὲ

2108 771 2173 826 τὸ
2202 770 2317 844 σὺν,
2350 771 2379 826 ὁ
2409 776 2662 834 τοιοῦτος
2695 771 2795 826 οὐκ
2827 769 2907 826 ἔτι
2938 770 3296 844 ἀνθρώπινος,
3324 766 3452 825 ἀλλ’
3474 766 3775 843 ἀγγελικὸς

2114 862 2254 936 βίος.

2181 1129 2358 1183 Τοῦτο
2397 1126 2501 1202 γὰρ
2531 1124 2831 1203 φρονείσθω
2882 1124 2933 1181 ἦν
2998 1127 3147 1198 ὑμῖν,
3206 1122 3238 1178 ὅ
3292 1124 3383 1178 καὶ
3437 1122 3488 1177 ἐν
3548 1125 3771 1193 Χριστῷ

2110 1218 2313 1288 Ἰησοῦ,
2345 1218 2404 1279 δς
2435 1215 2486 1270 ἐν
2529 1222 2713 1293 μορφῆ
2769 1219 2904 1270 Θεοῦ
2964 1213 3257 1292 ὑπάρχων,
3314 1212 3423 1288 οὐχ
3480 1209 3767 1287 ἀρπαγμέν

2109 1307 2358 1379 ἡγήσατο
2392 1307 2524 1359 εἶναι
2569 1301 2664 1358 ’ἶσα
2715 1307 2854 1373 Θεῷ,
2910 1300 3040 1357 ἀλλ’
3093 1302 3281 1357 ἑαυτὸν
3340 1299 3566 1356 ἐκὲνωσε
3620 1320 3768 1373 μορ-

2109 1395 2214 1473 φὴν
2271 1391 2475 1449 δούλου
2524 1387 2735 1459 λαϐὼν,
2793 1390 2846 1446 ἐν
2925 1390 3242 1465 ὁμοιώματι
3318 1389 3617 1465 ἀνθρώπων
3676 1408 3769 1462 γε-

2107 1484 2361 1557 νόμενος,
2435 1482 2525 1536 καὶ
2602 1483 2852 1557 σχήματι
2941 1479 3177 1555 εὑρεθεὶς
3280 1478 3354 1541 ὠς
3460 1476 3771 1553 ἅνθρωπος,

2108 1571 2458 1629 ἐταπείνωσεν
2544 1571 2757 1642 ἑαυτὸν,
2852 1564 3148 1646 γενόμενος
3250 1569 3494 1639 ὺπήκοος
3601 1565 3771 1642 μέχρι

2109 1662 2362 1731 θανάτου,
2393 1660 2620 1717 θανάτου
2649 1657 2706 1714 δὶ
2736 1663 2991 1734 σταυροῦ.

2183 1754 2311 1828 Περὶ
2373 1751 2877 1826 ταπεινοφροσύνης
2951 1743 3346 1821 διαλαμϐάνειν
3432 1746 3645 1822 μέλλει.
3703 1746 3774 1803 Τί

2109 1843 2215 1921 γὰρ
2247 1841 2299 1899 ἐν
2330 1844 2554 1916 Χριστῷ
2583 1841 2674 1895 καὶ
2706 1836 2798 1894 διὰ
2839 1842 3082 1914 Χριστοῦ
3140 1836 3416 1916 ἐφρονήθη
3444 1855 3459 1904 ς
3516 1837 3578 1891 Ἡ
3629 1832 3773 1910 ἄκρα

2107 1929 2618 2010 ταπεινοφροσύνης
2664 1961 2733 1972 -
2797 1929 3007 2001 [ΦΩΤ.]
3055 1925 3327 1990 Βούλεσθε
3373 1922 3566 1980 εἰδέναι
3615 1924 3702 1979 δτι
3734 1926 3769 1992 ἡ

2112 2016 2582 2094 ταπεινοφροσύνη
2637 2014 2792 2072 οὐδὲν
2851 2017 2991 2090 ὓμᾶς
3052 2013 3306 2091 βλάπτει,
3361 2011 3490 2069 οὐδὲ
3548 2017 3766 2085 ζημιοῖ,

2114 2110 2240 2168 οὐδὲ
2277 2105 2629 2180 καταϐιϐάζει
2659 2113 2758 2163 τοῦ
2788 2108 3086 2182 προσόντος
3116 2105 3309 2179 ὕψους,
3341 2101 3490 2159 ἆλλὰ
3550 2100 3770 2177 μᾶλλον

2112 2197 2386 2270 ἀπόδειξις
2413 2199 2548 2269 αὐτὴ
2576 2199 2819 2274 γίνεται;
2870 2196 2974 2254 Τὸν
3041 2195 3295 2271 Χριστὸν,
3345 2192 3533 2272 φησὶν,
3581 2190 3772 2261 ἐννοη-

2113 2305 2259 2348 σατε.
2292 2289 2551 2348 Μάλιστα
2579 2288 2682 2365 γὰρ
2741 2285 2794 2343 ἐν
2853 2287 3033 2358 τούτῳ
3094 2282 3368 2341 δείκνυται
3424 2281 3577 2362 φύσει
3640 2282 3773 2343 Θεὸς

2114 2383 2277 2449 εἶναι,
2310 2378 2362 2435 ἐν
2392 2380 2476 2452 τῷ
2505 2378 2906 2447 ταπεινωθῆναι
2935 2374 3024 2430 καὶ
3058 2373 3284 2454 φορέσαι
3323 2373 3415 2429 τὸν
3467 2370 3776 2445 ἄνθρωπον.

2113 2467 2267 2540 ᾝδει
2322 2470 2426 2544 γὰρ
2485 2468 2561 2531 ὡς
2620 2466 2682 2523 ἐκ
2729 2466 2934 2536 ταύτης
2990 2470 3092 2535 τῆς
3161 2463 3561 2530 ταπεινώσεως,
3622 2458 3778 2515 οὐδὲν

2116 2560 2534 2633 ζημιωθήσεται
2571 2561 2671 2612 τοῦ
2699 2555 3005 2626 προσόντος
3066 2552 3213 2626 αὐτῷ
3271 2552 3409 2608 κατὰ
3468 2550 3622 2628 φύσιν
3679 2557 3784 2619 τῆς

2113 2649 2373 2719 θεότητος
2397 2648 2587 2722 ὕψους.
2622 2645 2691 2702 Εἴ
2721 2642 2781 2700 δὲ
2846 2645 3048 2716 ταύτην
3090 2642 3382 2712 ἐπίκτητον
3432 2643 3605 2715 εἶχεν,
3653 2636 3777 2695 ἐδε-

2114 2736 2286 2793 δοίκει
2336 2737 2397 2793 ἄν
2461 2736 2651 2791 ἑαυτὸν
2707 2737 3061 2801 ταπεινῶσαι,
3123 2732 3213 2787 ἳνα
3273 2733 3349 2805 μὴ
3411 2729 3608 2804 ἐκπέσῃ
3677 2732 3777 2783 τοῦ

2118 2826 2283 2901 μόλις
2313 2825 2459 2899 αὐτῷ
2491 2825 2875 2893 ὲπικτηθὲντος
2932 2822 3261 2896 ἂξιώματος.
3322 2816 3629 2889 Ἀπόδειξις
3679 2818 3773 2872 οῦν

2115 2920 2149 2987 ἡ
2183 2914 2536 2986 ταπείνωσις,
2575 2916 2673 2969 τοῦ
2702 2913 2839 2968 κατὰ
2868 2912 3025 2990 φύσιν
3059 2910 3228 2985 ὕψους
3281 2908 3454 2965 αὐτοῦ
3502 2914 3602 2978 τῆς
3652 2908 3775 2964 Θεό-

2112 3027 2301 3076 τητος.
2337 3004 2402 3062 Εἴ
2450 3023 2536 3065 τις
2599 3004 2696 3058 οῦν
2755 2999 2968 3076 ὑψηλὸς
3024 3003 3146 3057 κατ’
3196 3000 3393 3074 ἀρετὴν
3456 2998 3545 3053 καὶ
3606 2998 3774 3072 μέγας

2113 3096 2319 3176 ἐφίεται
2383 3094 2541 3162 εἶναι,
2633 3095 3156 3167 ταπεινοφρονεῖτω,
3205 3091 3241 3159 ἡ
3300 3090 3406 3165 γὰρ
3453 3086 3775 3147 ταπείνωσίς

2112 3185 2252 3241 ἐστιν
2316 3187 2353 3254 ἡ
2412 3181 2730 3238 δεικνύουσα
2785 3180 2877 3235 καὶ
2940 3182 3288 3256 μαρτυροῦσα
3356 3178 3418 3232 τὸ
3478 3177 3613 3250 ὕψος
3670 3182 3775 3245 τῆς

2114 3276 2327 3351 ἀριτῆς.
2363 3273 2656 3347 Μιμείσθω
2697 3267 2787 3325 τόν
2846 3269 3099 3345 Χριστὸν,
3157 3264 3311 3323 σῦδὲν
3367 3263 3623 3322 ἀπολέσει
3677 3286 3778 3319 τα-

2114 3363 2493 3437 πεινούμενος,
2526 3359 2743 3435 μᾶλλον
2777 3356 2835 3414 δὲ
2897 3356 3111 3436 μεγάλα
3169 3354 3436 3432 κερδανεῖ.
3495 3356 3556 3413 Ὀ
3614 3355 3781 3424 πένης

2113 3455 2213 3523 τὴν
2237 3452 2457 3527 ἀρετὴν,
2488 3449 2551 3505 οὐ
2597 3447 2818 3504 δύναται
2887 3452 3312 3514 ταπεινωθῆναιο
3374 3439 3622 3523 φοϐεῖται
3673 3443 3779 3520 γὰρ

2119 3542 2198 3616 μή
2232 3540 2433 3614 ἐκπέσῃ
2490 3543 2588 3602 τοῦ
2644 3537 2986 3593 ἐπιπλάστου
3043 3534 3133 3591 καὶ
3189 3531 3781 3608 κατεσχηματισμένου

2116 3630 2311 3704 ὕψους.
2343 3629 2406 3686 Ὀ
2446 3625 2714 3691 πλούσιος
2742 3624 2831 3681 καὶ
2892 3622 3107 3697 ὑψηλὸς
3158 3624 3257 3693 τήν
3319 3621 3540 3696 ἀρετήν,
3597 3640 3783 3674 ταπει-

2116 3719 2347 3777 νούσθω.
2383 3719 2472 3775 Ἐν
2502 3715 2683 3789 τούτῳ
2730 3714 2835 3789 γὰρ
2897 3710 3114 3787 μᾶλλον
3173 3711 3363 3767 ἑαυτὸν
3422 3707 3655 3765 δείκνυσι
3701 3709 3779 3772 ὡς

2116 3808 2341 3878 ἀληθῶς
2374 3804 2612 3883 ὑψηλὸν,
2668 3804 2752 3860 ὅτι
2813 3804 2877 3858 οὐ
2939 3799 3150 3858 δέδοικε
3200 3806 3624 3868 ταπεινωθῆναι,
3683 3798 3779 3853 καὶ

2118 3894 2261 3953 οἶδεν
2295 3897 2377 3951 ὅτι
2411 3895 2702 3969 ἤδρασται.
2733 3914 2764 3948 ιι
2794 3894 2882 3954 Ὠς
2908 3891 2960 3947 ἐν
2995 3896 3181 3970 μορφῇ
3241 3894 3374 3947 Θεοῦ
3426 3889 3712 3963 ὑπάρχων.
3747 3912 3776 3938 ››

2115 3990 2256 4063 Ὅρα
2295 3991 2415 4051 πῶς
2444 3985 2504 4041 ἐκ
2531 3989 2639 4041 τῶν
2673 3982 2878 4060 ὀλίγων
2908 3981 3116 4039 τούτων
3151 3981 3413 4056 ῥημάτων
3441 3983 3540 4034 τοῦ
3596 3975 3776 4034 Ilvati-

2121 4098 2313 4152 ματος,
2346 4081 2513 4131 πᾶσαι
2560 4072 2921 4130 καταλύονται
2977 4075 3031 4128 αἱ
3088 4071 3342 4145 αἱρέσεις.
3401 4073 3627 4143 Πρῶτον
3684 4069 3782 4141 μὲν

2119 4167 2248 4243 γὰρ,
2278 4165 2566 4241 Ὑπάρχων
2599 4163 2789 4233 εἰπὼν,
2837 4163 2901 4217 τὸ
2958 4157 3227 4216 συναίδιον
3274 4164 3354 4232 τῷ
3402 4157 3570 4233 Πατρὶ
3615 4154 3782 4228 δεδή-

2120 4251 2287 4320 λωκε,
2320 4253 2410 4307 καὶ
2440 4247 2852 4321 καταϐέϐληκεν
2882 4252 3123 4324 Ἄρειον,
3175 4249 3290 4305 εἶτα
3346 4249 3435 4302 καὶ
3480 4247 3784 4321 Μαρκίωνα

2118 4343 2208 4397 τὸν
2245 4342 2526 4398 Ποντικόν.
2560 4339 2625 4398 El
2653 4340 2757 4416 γὰρ
2816 4340 2884 4410 ἦν
2945 4338 2997 4394 ἐν
3061 4341 3247 4415 μορφῇ
3315 4341 3469 4405 Θεοῦ,
3530 4340 3648 4397 πῶς
3716 4336 3781 4388 σῦ

2121 4431 2297 4508 λὲγεις
2332 4434 2415 4487 δτι
2446 4432 2553 4487 ἀπὸ
2585 4433 2803 4508 Μαρίας
2827 4429 3029 4506 ἤρξατο
3060 4449 3073 4499 ;
3103 4428 3211 4486 Σὺν
3264 4427 3444 4501 τούτῳ
3495 4426 3586 4482 καὶ
3636 4429 3785 4481 Παῦ-

2120 4522 2217 4587 λος
2250 4525 2277 4578 ὁ
2324 4522 2669 4598 Σαμοςατεῦς
2723 4522 3075 4587 καταλύεται,
3135 4519 3193 4582 ὅς
3260 4515 3360 4597 ἔφη
3423 4516 3587 4594 ψιλὸν
3644 4517 3782 4571 εἶναι

2121 4614 2209 4669 τὸν
2240 4613 2444 4689 Κύριον
2494 4613 2803 4689 ἄνθρωπον,
2856 4611 3243 4686 ἐνεργούμενον
3303 4610 3407 4664 ὑπὸ
3463 4611 3618 4665 Θεοῦ.
3679 4607 3783 4661 Καὲ

2122 4704 2226 4778 γὰρ
2276 4702 2525 4775 εἴποιμεν
2587 4701 2721 4775 πρὸς
2783 4699 2961 4756 αὐτόν.
3002 4701 3206 4774 Ὠσπερ
3236 4701 3270 4767 ἡ
3308 4699 3492 4773 μορφή
3552 4692 3783 4764 δούλου,

2125 4794 2284 4867 φύσις
2341 4788 2565 4860 δούλου,
2628 4790 2753 4847 ἀλλ’
2813 4789 2912 4844 οὐκ
3004 4786 3242 4862 ἐνέργειά
3298 4789 3434 4857 ἔστι,
3492 4784 3635 4840 οὕτω
3691 4786 3784 4839 καὶ

2127 4882 2312 4958 μορφὴ
2372 4884 2505 4937 Θεοῦ
2564 4880 2720 4957 φύσις
2782 4882 2938 4950 Θεοῦ,
2981 4876 3108 4932 ἀλλ’
3192 4876 3290 4930 οὒκ
3341 4873 3576 4950 ἐνέργειά
3643 4872 3781 4931 ἐσσι.

2123 4971 2226 5029 Καὶ
2259 4971 2548 5045 Νεστόριος
2590 4970 2659 5025 τὰ
2689 4968 2824 5025 αὖτᾶ
2878 4972 3112 5047 φρονῶν,
3169 4963 3617 5040 συγκαταλύεται.
3677 4962 3782 5017 Σὺν

2121 5062 2339 5123 τούτοις
2370 5060 2461 5115 καὶ
2494 5057 2826 5133 Μάρκελλος
2855 5058 2882 5112 ὁ
2914 5057 3189 5128 Γαλάτης,
3219 5055 3308 5111 καὶ
3352 5054 3666 5133 Σωφρόνιος
3695 5073 3785 5108 και

2123 5149 2402 5211 Φιιιτεινὸς
2462 5149 2864 5219 ἆνεοράπησαν.
2914 5148 3053 5220 Ὅρα
3098 5143 3155 5201 δὲ
3200 5145 3290 5200 καὶ
3350 5138 3655 5199 Σαϐὲλλιον
3695 5142 3789 5197 πί-

2121 5259 2343 5294 πτοντα.
2367 5263 2394 5288 ο‹
2431 5239 2558 5313 Οὐχ
2577 5238 2892 5312 ἁρπαγμὸν,
2925 5235 3115 5313 φησὶν,
3147 5235 3390 5309 ἡγήσατο
3421 5233 3485 5287 τὸ
3516 5234 3655 5287 εἶναι
3701 5230 3795 5328 ἴσα

2122 5332 2260 5398 Θεῷ.
2290 5351 2317 5378 ››
2349 5326 2492 5382 Ἴσον
2528 5327 2653 5401 γὰρ,
2688 5325 2775 5381 ἐπὶ
2816 5325 2934 5387 ἑνὸς
2976 5323 3037 5378 οὐ
3070 5321 3291 5399 λέγεται
3318 5322 3638 5396 προσώπου,
3663 5319 3775 5375 ἀλλ

2124 5418 2211 5473 ἐπὶ
2245 5414 2342 5472 δύο
2372 5417 2465 5471 καὶ
2494 5414 2790 5472 πλειόνων.
2822 5419 2944 5476 Πῶς
2980 5413 3074 5469 οὗν
3109 5415 3172 5466 σὺ
3203 5410 3346 5486 ψιλᾶ
3392 5410 3500 5488 qui}:
3550 5410 3795 5483 ὀνόματα

2119 5505 2207 5561 ἐπὶ
2271 5511 2404 5578 μιᾶς
2480 5504 2826 5566 ὑποστάσεως
2908 5502 3185 5578 λεγόμενα
3267 5502 3350 5568 τὸ,
3405 5501 3640 5575 Ματρὸς,
3700 5499 3793 5553 καὶ

2121 5598 2273 5668 Υέοῦ,
2302 5595 2394 5650 καὶ
2427 5595 2589 5669 ἁγίου
2648 5594 3007 5667 Πνεύματος;
3066 5594 3209 5667 ’Ὅρα
3267 5590 3326 5646 ἐκ
3385 5588 3639 5663 δευτέρου
3693 5589 3789 5643 τὸν

2119 5683 2341 5756 Ἀρειον
2370 5679 2780 5754 πληττόμενον.
2840 5680 3111 5752 Εἲποιμεν
3158 5678 3261 5753 γὰρ
3309 5674 3477 5749 αὐτῷ·
3529 5675 3598 5732 Τί
3651 5673 3789 5736 ἑστι,

2126 5771 2345 5848 μορφὴν
2376 5767 2578 5827 δούλου
2607 5764 2839 5839 ἕλαϐεν;
2889 5764 3142 5837 Εὔδηλον
3202 5765 3283 5821 ὅτι
3335 5762 3618 5840 ἄνθρωπος
3668 5760 3791 5838 ἐγέ,
