4108 6386
294 399 443 460 1281

1315 389 1734 454 COMMENT.
1782 386 1860 446 IN
1905 385 2159 447 EPIST.
2204 388 2310 449 AD
2356 390 2643 450 PHILIP.

3558 398 3714 457 1282

289 552 429 587 νετο.
465 530 675 589 Οὐκοῦν
706 529 796 585 καὶ
832 529 1050 608 μορφὴν
1081 530 1214 583 Θεοῦ
1239 524 1543 601 λεγόμενος
1587 516 1757 598 ἔχειν.
1808 520 1940 582 Θεὸς

2073 522 2309 580 'ormam
2349 527 2499 581 servi
2547 527 2778 599 accepit
2813 530 2842 582 ξ)
2867 529 3250 585 manifestum
3282 536 3371 586 est
3392 530 3550 588 idem
3580 550 3710 589 esse

292 621 387 690 ἧν.
452 620 575 676 Ἐπὶ
634 620 741 695 γὰρ
785 622 893 673 τῶν
954 615 1073 684 δύο,
1138 616 1321 692 μορφή
1386 619 1582 670 κεῖται.
1668 609 1844 668 Ἀλλᾶ
1899 608 1949 665 τί

294 712 561 786 ’Άρειοςς
625 708 808 774 Οὕτω,
865 705 1052 786 φησὶν,
1114 701 1498 778 ὑποδεέστερός
1559 702 1702 756 ἔστιν
1735 700 1763 754 6
1803 699 1952 771 Υἱὸς,

298 799 382 856 ὅτι
414 799 522 876 οὐχ
550 798 763 874 ἥρπασε
782 797 844 851 τὸ
874 798 1010 851 εἴναι
1039 793 1151 861 ἴσα,
1208 794 1387 876 φησὶ,
1415 794 1534 864 Θεῷ
1579 794 1660 862 τῷ
1707 786 1951 876 μεγάλω.

298 874 638 964 Ἐκεῖνοήγάρ
684 886 910 961 ἁρπάζει
963 905 1067 951 τις,
1126 883 1157 939 6'
1210 882 1308 938 οὐκ
1362 875 1504 956 ἕχει,
1563 878 1713 952 φησί.
1775 874 1956 934 Ἀλλὰ

296 977 350 1032 τί
379 979 543 1050 ἡμεῖς
574 975 713 1051 πρὸς
746 973 942 1042 adadv;
984 976 1207 1049 Πρῶτον
1267 971 1362 1045 μὶν
1421 966 1665 1042 οὐδαμοῦ
1715 968 1770 1021 αἱ
1817 971 1958 1041 Γρα-

296 1068 388 1144 φαὶ
427 1069 594 1141 μεγαν
625 1067 763 1138 ἡμῖν
790 1061 827 1133 ἠ¹
863 1063 1058 1138 μικρὸν
1114 1060 1460 1138 εἰσηγοῦνται
1513 1060 1667 1115 Θεόν.
1727 1059 1958 1113 Ἔπειτα

297 1157 327 1211 ὁ
378 1156 570 1230 μικρὸς
629 1155 766 1210 κατὰ
819 1155 911 1209 τὸν
975 1153 1129 1226 ὑμῶν
1190 1149 1386 1226 λόγον,
1445 1153 1564 1210 πῶς
1619 1146 1680 1202 ἄν
1740 1146 1957 1219 ἥρπασε

296 1245 360 1302 τὸ
388 1244 630 1322 γενέσθαι
660 1242 862 1317 μέγαςς
896 1242 974 1301 0'3
1031 1241 1136 1319 γὰρ
1193 1237 1433 1310 ἠδύνατο
1484 1240 1580 1294 κᾶν
1635 1232 1951 1307 ἠϐουλήθη.

294 1336 524 1390 Ἔπειτα
568 1334 597 1388 ὁ
649 1329 864 1395 Παῦλος
928 1330 1420 1407 ταπεινοφροσύνης
1477 1328 1734 1402 εἰσήγαγε
1780 1324 1959 1400 παρά-

296 1420 511 1500 δειγμα.
547 1421 662 1480 Οὐκ
692 1422 751 1476 ἄν
785 1419 880 1475 οὖν
910 1422 1085 1492 εἶπεν,
1117 1415 1342 1487 Ἐπειδὴ
1393 1419 1422 1473 ὁ
1474 1417 1670 1492 μικρὸς
1718 1420 1798 1487 τῷ
1856 1434 1953 1488 με·

298 1511 458 1589 γάλῳ
516 1510 616 1567 οὐκ
665 1509 927 1578 ἐπανέστη
989 1513 1129 1581 Θεῷ,
1179 1507 1432 1586 ἀφείλενε
1515 1500 1959 1562 ὑποκαταϐαίνειν

298 1595 607 1667 ἀλλήλους.
648 1593 830 1651 Ἀλλὰ
874 1592 1049 1666 δείξας
1091 1595 1154 1648 τὸ
1214 1591 1330 1649 ἴσον
1392 1592 1604 1667 Πατρὸς
1660 1591 1749 1647 καὶ
1805 1590 1956 1657 rio-3,

301 1684 450 1741 εἶπεν
480 1686 568 1741 ’ὀτι
622 1684 731 1740 ἀπὸ
783 1682 1287 1761 ταπεινοφροσύνης
1345 1682 1519 1758 σάρκα
1576 1680 1818 1758 ἐφόρεσε.
1880 1680 1960 1736 Τὸ

300 1776 406 1850 γὰρ
442 1775 519 1847 μή
568 1771 926 1843 ἐπαναστῆναι
982 1775 1061 1843 τῷ
1121 1770 1353 1844 μείζονι,
1410 1769 1544 1826 ποία
1597 1788 1960 1845 ταπεινοφροο

302 1863 469 1934 σόνης
501 1862 808 1924 Ἀσθενείας
860 1860 1074 1935 μᾶλλον
1132 1865 1297 1953 τοῦτο
1354 1859 1571 1953 ἦνϋκαὶ
1632 1857 1956 1932 ἀδυναμίας.
1989 1889 2036 1953 Β

302 1950 482 2009 Ἀλλὰ
508 1952 571 2007 τὸ
601 1951 692 2007 τὸν
724 1949 841 2006 ἴσον
890 1950 983 2006 καὶ
1033 1946 1384 2022 ὁμοὸὖναμον
1442 1943 1640 2023 ἔχοντα
1688 1967 1961 2002 ταπεινω-

299 2043 457 2112 ϐῆναι
484 2041 576 2096 καὶ
626 2042 908 2116 ἄνθρωπον
969 2041 1234 2116 γενέσθαι.
1294 2041 1473 2096 Τοῦτο
1528 2035 1962 2114 ταπεινοφροσύ-

299 2151 420 2202 νης.
451 2132 589 2206 ⁹ὐρα
614 2127 672 2185 δὲ
702 2129 872 2198 αὐτὴν
902 2131 1004 2199 τήν
1040 2124 1263 2203 βίϐλον.
1291 2125 1420 2183 Ὧδε
1449 2127 1554 2203 γὰρ
1583 2127 1660 2189 ὡς
1714 2124 1770 2180 ἐν
1820 2123 1962 2179 αἰνί-

300 2239 469 2297 γματι
507 2221 832 2297 γέγραπται⁶
893 2242 920 2270 α
952 2217 1077 2293 Οὐχ
1131 2216 1418 2294 ἁρπαγμὸν
1469 2218 1738 2292 ἡγήσατο.
1793 2217 1959 2269 Τοῦτ-

305 2310 442 2381 ἐστι,
473 2312 612 2365 κατὰ
641 2310 911 2385 ἁρπαγήν.
948 2332 976 2360 ‹‹
1008 2308 1085 2366 Τὸ
1117 2309 1258 2363 εἶναι
1293 2306 1381 2362 ἴσα
1415 2311 1552 2379 Θεῷ.
1590 2329 1618 2359 »
1666 2308 1832 2364 ’Ὀταν
1878 2324 1962 2368 τις

304 2399 520 2474 ἁρπάσῃ
550 2419 626 2468 τι,
662 2395 788 2453 οὐδὲ
818 2396 1109 2453 ὀιποθὲσθαι
1177 2397 1311 2452 αὐτὸ
1355 2395 1633 2472 βούλεται,
1683 2389 1959 2471 ιροϐούμε-

305 2512 398 2554 νος
421 2494 523 2562 τήν
554 2491 832 2547 ἀπώλειαν
865 2491 1054 2546 αὑτοῦ.
1086 2491 1257 2548 ⁸Οταν
1316 2487 1371 2545 δέ·
1427 2509 1511 2551 τις
1568 2481 1673 2563 ἔχῃ
1734 2485 1961 2565 φυσικὸν

309 2582 400 2639 καὶ
427 2581 595 2653 ἲδιον,
654 2583 897 2658 εὐχερῶς
954 2583 1088 2638 αὐτὸ
1142 2580 1473 2637 ἀποτίθεται.
1533 2577 1664 2637 Οἵδε
1716 2578 1821 2653 γὰρ
1877 2574 1962 2632 δτι

312 2671 437 2726 ὅταν
490 2671 647 2747 θέλῃ,
706 2671 872 2726 πάλιν
932 2665 1202 2744 λαμϐάνει
1258 2669 1414 2726 αὐτό.
1473 2667 1538 2725 Τί
1600 2668 1691 2722 οὗν
1750 2683 1959 2744 φησιν;

317 2766 358 2815 0
387 2760 515 2822 Υἱὸς
544 2766 643 2817 τοῦ
675 2764 810 2815 Θεοῦ
843 2759 942 2816 οὐκ
993 2754 1237 2838 ἐφοϐήθη
1293 2753 1597 2828 καταϐῆναι
1653 2760 1751 2811 τοῦ
1798 2754 1963 2824 ἀξιώ-

314 2869 503 2923 ματος.
538 2847 617 2907 Οὐ
646 2849 748 2925 γὰρ
790 2849 1078 2924 ἁρπαγμὸν
1131 2850 1375 2923 ἡγήσατο
1427 2849 1527 2917 τήν
1577 2847 1810 2916 θεότητα
1854 2845 1962 2899 αὐ-

309 2941 430 3009 τοῦ,
461 2937 761 3008 τουτὲστιν,
795 2938 859 2993 οὐ
888 2938 991 3015 γὰρ
1037 2934 1158 3013 ᾔδει
1216 2937 1354 2993 κατᾶ
1397 2936 1650 3012 ἁρπαγὴν
1702 2932 1849 3010 ἔχων
1898 2934 1962 2990 τὸ

309 3027 443 3082 εἶναι
494 3025 607 3089 ἴσος
659 3031 738 3098 τῷ
796 3028 990 3102 Πατρὶ,
1052 3023 1199 3082 ἀλλὰ
1245 3026 1383 3081 κατὰ
1439 3026 1665 3100 φυσικὸν
1725 3022 1959 3095 ἀξίωμά,

308 3136 465 3193 φησι.
501 3116 600 3171 Διὰ
644 3119 806 3171 τοῦτο
854 3115 1043 3172 ἑαυτὸν
1103 3112 1358 3170 ἐκένωσεν
1418 3112 1552 3188 ἃχρι
1602 3115 1699 3182 τῆς
1758 3109 1962 3166 δούλου

310 3212 532 3282 μορφῆς
588 3204 641 3260 ἐν
688 3204 1004 3278 ὁμοιώματι
1064 3204 1364 3278 ἀνθρώπων
1418 3203 1730 3279 γενόμενος.
1789 3198 1850 3257 Τί
1906 3197 1963 3255 δὲ

303 3291 448 3349 ἐστιν
479 3293 745 3368 ὁμοίωμα
801 3294 1129 3369 ἀνθρώπους
1190 3291 1457 3364 Δηλονότι
1520 3290 1692 3353 ἄλλος
1749 3289 1964 3365 ἄνθρω-

304 3403 427 3445 πος.
464 3384 615 3438 Διατί
648 3380 706 3439 δὲ
744 3385 893 3439 εἶπεν
955 3382 1217 3457 ὁμοίωμα
1277 3382 1604 3458 ἀνθρώπου;
1661 3382 1788 3438 Ὅτι
1846 3376 1967 3453 εἶχε

308 3492 432 3527 τινα
490 3472 623 3547 ὑπὲρ
679 3470 988 3547 ἄνθρωπον,
1050 3472 1113 3527 τὸ
1172 3471 1312 3526 εἶναι
1369 3471 1461 3525 καὶ
1521 3470 1672 3537 Θεὸς,
1728 3469 1791 3523 τὸ
1844 3469 1968 3522 ἄνευ

307 3561 591 3624 συνουσίας
619 3568 903 3637 τεχθῆναι.
941 3562 1034 3633 Τὸ,
1069 3562 1332 3636 Σχήματι
1373 3557 1609 3634 εὑρεθεὶς
1641 3556 1716 3620 ὡς
1758 3554 1969 3631 ἄνθρω-

307 3671 435 3720 πος,
468 3651 634 3729 φησὶν
666 3651 719 3705 οἱ
750 3649 1195 3726 Εὐτυχιανισταὶ,
1250 3646 1390 3706 Ἰδοὺ
1441 3648 1542 3703 οὐκ
1582 3650 1647 3717 ἦν
1690 3646 1844 3727 φύσει
1889 3644 1974 3706 ἅν-

312 3752 556 3814 θρωπος.
590 3739 765 3796 ’Λλλᾶ
793 3760 967 3819 φαμεν
999 3743 1159 3794 τοῦτο
1218 3738 1490 3815 εἲρῆσθαι,
1531 3735 1624 3792 ’ίνα
1680 3740 1756 3810 μὴ
1812 3757 1971 3809 νομι-

312 3832 413 3903 σθῇ
467 3829 544 3893 εἷς
599 3829 995 3904 ἆνθρωπότητα
1050 3828 1407 3906 τετράφθαιὴ
1442 3828 1656 3898 θεότης.
1712 3828 1973 3901 Σχήματι

314 3915 393 3990 δὲ,
426 3918 615 3996 φησὶν,
649 3920 770 3975 οἷον
802 3917 856 3973 ἐν
885 3919 1067 3993 σαρκί.
1103 3917 1312 3992 Σαρκὸς
1333 3916 1434 3993 γὰρ
1466 3914 1631 3985 ἴδιον,
1687 3917 1751 3970 τὸ
1798 3916 1971 3990 ἐσχη-

315 4007 673 4079 μπίσθαιὼς
705 4007 1014 4083 ἅνθρωπος.
1045 4008 1123 4062 Οὐ
1164 4007 1268 4083 γὰρ
1325 4007 1393 4075 ἦν
1438 4008 1517 4068 εἷς
1558 4010 1667 4062 τῶν
1719 4005 1974 4073 πολλῶν,

311 4094 457 4154 ἀλλὰ
486 4096 578 4152 καὶ
601 4095 1048 4172 παρηλλαγμένα
1082 4097 1254 4172 εἶχεν.
1288 4097 1354 4152 Ἠ
1403 4095 1488 4165 τὸ,
1545 4096 1620 4158 ὡς
1669 4091 1974 4172 ἅνθρωπος,

310 4187 399 4241 οἷα
456 4185 744 4259 ἄνθρωπός
805 4206 963 4259 φησι.
1028 4185 1132 4242 Καὶ
1189 4186 1294 4261 γὰρ
1349 4185 1440 4239 καὶ
1513 4184 1638 4258 περὶ
1700 4180 1974 4258 βασιλέως

313 4274 448 4348 μετὰ
478 4272 642 4346 δόξης
669 4273 1038 4349 προελθόντος
1065 4275 1268 4349 φαμὲν,
1291 4271 1552 4344 Ἐξῆλθεν
1577 4273 1654 4335 ὡς
1689 4272 1975 4348 βασιλεύς.

310 4365 469 4440 Λὲγει
501 4360 558 4419 δὲ
585 4364 677 4419 καὶ
708 4364 737 4418 ὁ
769 4361 1205 4438 Εὐαγγελιστής·
1231 4386 1261 4414 ‹‹
1297 4365 1395 4419 Καὶ
1418 4360 1617 4435 ’ἰδομεν
1663 4364 1766 4433 τήν
1817 4359 1977 4432 δόξαν

310 4454 477 4509 αὐτοῦ
508 4454 583 4516 ὡς
619 4454 962 4528 Μονογενοῦς
990 4452 1140 4524 παρᾶ
1196 4452 1444 4524 Πατρός;
1478 4476 1506 4503 ››
1545 4451 1842 4524 τουτέστιν,
1887 4454 1979 4507 οἶα

310 4545 644 4619 Μονογενοῦ.
703 4573 773 4585 —-
827 4541 1036 4614 [ΦΩΤ.]
1109 4540 1168 4595 Ὁ
1221 4540 1326 4616 γὰρ
1382 4540 1620 4614 Χριστὸς
1678 4538 1767 4594 καὶ
1845 4540 1978 4602 Θεὸς

314 4617 502 4704 ἡμῶν,
535 4630 601 4686 οὗ
630 4631 693 4685 τὸ
721 4630 912 4684 ἑαυτοῦ
944 4627 1266 4699 ἐσκόπησεν,
1299 4627 1443 4683 ἀλκὰ
1469 4628 1532 4683 τὸ
1568 4624 1780 4683 πάντων
1827 4649 1968 4700 συμ-
2007 4617 2052 4680 D

316 4721 479 4797 φέρον
510 4719 600 4775 καὶ
632 4720 927 4793 σωτήριον.
975 4718 1074 4773 Διὰ
1123 4721 1285 4773 τοῦτο
1339 4722 1592 4773 ταπεινοῖ
1646 4717 1833 4773 ἑαυτὸν
1887 4715 1977 4773 διὰ

317 4809 661 4884 σαρκώσεως,
692 4808 782 4863 καὶ
813 4807 944 4881 ὓψοὶ
991 4808 1193 4870 πάντας
1260 4809 1410 4880 ἡμᾶς
1471 4803 1562 4861 διὰ
1612 4813 1714 4876 τῆς
1771 4807 1976 4870 οἰκείας

314 4899 716 4959 ταπεινώσεως.
748 4898 811 4954 Ὁ
860 4898 953 4952 οὗν
1014 4897 1207 4953 ἑαυτὸν
1263 4901 1553 4966 ταπεινῶν,
1605 4900 1847 4972 Χριστοῦ
1890 4896 1973 4972 γί-

312 5009 461 5044 νεται
521 4990 795 5062 μιμητής.
863 4987 1045 5045 Καίτοι
1103 4987 1262 5049 αὐτὸς
1319 4987 1451 5052 Θεὸς
1516 4984 1590 5042 ὢν
1672 4986 1826 5067 φύσει
1883 4988 1974 5043 καὶ

319 5078 531 5152 ὑψηλύς
561 5080 678 5134 κατ’
707 5079 919 5136 οὐσίαν.
976 5078 1039 5131 0i.
1085 5075 1144 5133 δί
1189 5078 1337 5153 παρὰ
1378 5076 1686 5154 ἀνθρώποις
1743 5076 1972 5150 ὑψηλοὶ,

315 5166 367 5241 ἐξ
401 5169 678 5244 ἁρμαγῆς,
711 5166 773 5223 ἐκ
800 5165 1138 5238 πλεονεξίας,
1161 5168 1604 5241 προσεκτήσαντο
1657 5167 1720 5222 τὸ
1769 5165 1824 5222 ὲν
1875 5165 1974 5222 αὖ-

310 5262 428 5320 τοῖς
487 5256 725 5332 ὑψηλόν.
787 5256 937 5314 Ἐπεὶ
989 5256 1090 5333 ⁴ἥγε
1147 5256 1305 5335 φύσις
1363 5255 1524 5325 κοίνὴ
1573 5258 1663 5312 καὶ
1730 5254 1822 5328 ἴση
1880 5258 1971 5312 καὶ

313 5345 585 5420 ὁμότιμος
640 5346 942 5421 ἀνθρώπων
992 5346 1270 5405 ἁπάντων.
1322 5344 1385 5403 Εἰ
1445 5344 1593 5401 οὖνὸ
1634 5346 1788 5425 φύσει
1842 5348 1970 5410 Θεὸς

308 5434 400 5493 καὶ
432 5434 584 5509 φύσει
632 5429 847 5507 ὑψηλὸς
903 5432 1254 5489 ἐταπείνωσεν
1312 5432 1498 5489 ἑαυτὸν
1560 5430 1629 5488 δι’
1685 5435 1859 5506 ἡμᾶς,
1916 5436 1971 5490 οἱ

311 5524 467 5580 φύσει
499 5525 767 5598 ὁμότιμοι
797 5522 890 5579 καὶ
940 5523 1151 5597 ὁμοίως
1206 5522 1457 5580 ταπεινοὶ
1515 5525 1618 5579 οὐκ
1672 5522 1969 5603 ἀφείλομεν

384 5680 404 5717 ⁸
434 5682 599 5737 Joan.
638 5697 674 5748 ι,
712 5682 800 5737 14.

2062 612 2221 682 quod
2249 613 2429 668 homo
2450 614 2641 670 factus
2664 620 2773 670 est.
2794 616 2975 687 Igitur
2995 617 3093 688 qui
3120 623 3177 673 et
3193 619 3577 676 formamDei
3601 621 3708 677 ha-

2061 699 2201 756 bere
2231 702 2557 770 dicebatur,
2592 705 2747 760 Deus
2779 712 2905 761 erat
2925 724 2938 761 :
2958 723 3099 761 nam
3127 707 3187 762 in
3209 713 3462 780 utroque
3493 709 3712 764 dicitur

2060 788 2275 846 forma.
2323 792 2435 847 Sed
2466 792 2610 863 quid
2653 794 2827 851 Arius
2847 796 2991 864 ?Ita,
3026 797 3240 868 inquit,
3276 797 3473 854 minus
3530 799 3713 855 habet

2063 878 2413 952 Filius,quia
2433 899 2553 937 non
2573 884 2769 955 rapuit
2791 889 2854 939 ut
2875 885 3122 956 aequalis
3146 891 3300 941 esset
3323 886 3441 942 Deo
3464 903 3712 961 magno:

2023 984 2026 987 '
2063 967 2214 1023 illud
2246 970 2407 1025 enim
2441 971 2597 1042 rapit
2648 972 2945 1044 quispiam
2978 973 3137 1045 quod
3186 991 3308 1030 non
3367 975 3565 1031 habet.
3602 976 3716 1032 Sed

2063 1057 2205 1129 quid
2228 1074 2339 1115 nos
2361 1060 2450 1114 illi
2470 1060 2872 1117 ?81Primum
2894 1063 3139 1134 quidem
3158 1065 3475 1137 Scriptura;
3499 1083 3721 1138 nequa-

2064 1163 2242 1219 quam
2264 1165 2508 1221 parvum
2540 1156 2643 1206 aut
2670 1167 2952 1224 magnum
2986 1154 3279 1211 inducunt
3304 1156 3479 1211 nobis
3503 1158 3710 1214 Deum.

2063 1237 2287 1294 Deinde
2317 1240 2417 1310 qui
2440 1240 2613 1311 juxta
2653 1248 2913 1297 vestrum
2964 1261 3302 1301 sermonem
3357 1264 3572 1319 parvus
3602 1252 3713 1314 est,

2065 1329 2364 1397 quomodo
2386 1330 2685 1401 rapuisset
2713 1336 2777 1386 ut
2812 1348 3060 1405 magnus
3089 1335 3260 1390 ﬁeret
3281 1336 3309 1390 ‘I
3333 1352 3527 1407 neque
3553 1337 3713 1392 enim

2064 1416 2356 1485 potuisset
2382 1420 2561 1473 etiam
2593 1420 2640 1474 si
2674 1420 2975 1478 voluisset.
3007 1423 3096 1477 Ad
3119 1424 3244 1478 haec
3266 1424 3485 1480 Paulus
3515 1425 3718 1497 dejec-

2066 1506 2249 1561 tionis
2280 1507 2463 1562 animi
2498 1510 2836 1582 exemplum
2867 1510 3119 1567 induxit.
3153 1513 3357 1585 Itaque
3416 1532 3537 1570 non
3572 1515 3724 1570 dixit

2066 1597 2358 1662 Quoniam
2389 1615 2604 1669 parvus
2622 1617 2742 1656 non
2764 1601 3091 1656 insurrexit
3115 1603 3175 1658 in
3206 1621 3487 1676 magnum
3510 1606 3721 1672 Deum,

2070 1684 2297 1741 debetis
2330 1687 2586 1744 invicem
2615 1706 2722 1745 vos
2755 1690 3108 1747 submittere
3140 1711 3153 1748 :
3203 1693 3307 1749 sed
3338 1711 3473 1750 cum
3528 1694 3725 1750 Patris

2069 1780 2127 1830 et
2148 1774 2277 1829 Filii
2304 1775 2662 1833 ostendisset
2679 1779 3260 1850 mqualitatem,dixit
3280 1783 3439 1854 quod
3462 1784 3723 1839 exanimi

2068 1864 2407 1920 humilitato
2440 1882 2679 1922 carnem
2729 1870 2998 1941 gestavit.
3030 1872 3172 1926 Nam
3196 1870 3257 1925 in
3277 1872 3569 1943 majorem
3598 1867 3721 1928 nan

2066 1955 2673 2027 insurgere,quaanam
2691 1963 2782 2013 est
2802 1959 2982 2014 animi
3006 1960 3723 2034 humilitas‘ﬁmpotentim

2066 2043 2263 2114 potius
2278 2043 2489 2099 fuisset
2504 2062 2571 2101 ac
2610 2045 3042 2103 imbecillitatis
3077 2064 3091 2102 :
3124 2048 3227 2104 sed
3252 2065 3387 2104 eum
3414 2051 3727 2122 quimqua-

2068 2128 2140 2184 lis
2172 2136 2297 2185 erat
2319 2136 2376 2185 et
2396 2148 2564 2203 aeque
2587 2134 2982 2203 potens,ultro
3001 2134 3306 2190 humiliari
3329 2142 3388 2191 et
3416 2137 3723 2193 hominem

2067 2219 2218 2286 fieri,
2253 2220 2364 2276 hoc
2395 2222 2652 2278 modesti
2710 2229 2799 2279 est
2830 2225 3037 2280 animi.
3073 2226 3491 2283 Animadverte
3523 2234 3726 2284 autem

2067 2308 2259 2380 ipsam
2290 2310 2426 2365 libri
2461 2311 2992 2383 scripturam.Nam
3023 2315 3121 2370 hic
3141 2314 3377 2371 velutin
3409 2317 3725 2390 mnigmate

2069 2398 2355 2470 scriptum
2375 2406 2466 2455 est
2490 2401 2671 2456 :«Non
2685 2402 2957 2474 rapinam
2977 2403 3297 2460 arbitratus
3315 2411 3425 2474 est,
3449 2406 3591 2462 nhoc
3612 2411 3719 2474 est,

2069 2503 2197 2543 esse
2222 2488 2550 2544 secundum
2574 2490 2863 2561 rapinam.
2902 2514 2930 2542 ‹‹
2963 2494 3035 2548 Ut
3061 2494 3310 2565 aequalis
3330 2499 3487 2551 esset
3517 2495 3656 2551 Deo.
3694 2519 3722 2547 »

2069 2578 2174 2634 Ubi
2206 2578 2339 2650 quis
2360 2579 2588 2652 aliquid
2618 2583 3031 2653 rapuerit,non
3062 2584 3189 2640 vult
3216 2584 3366 2640 illud
3398 2586 3723 2658 deponere,

2067 2669 2290 2724 veritus
2315 2686 2389 2725 ne
2425 2670 2535 2726 sibi
2563 2677 2788 2743 pereat.
2822 2675 2898 2728 At
2926 2672 3027 2728 ubi
3059 2674 3192 2746 quis
3214 2676 3483 2731 naturale
3506 2676 3727 2733 habue-

2067 2757 2147 2812 rit
2178 2763 2236 2812 et
2265 2760 2597 2832 preprium,
2628 2761 2824 2817 libens
2855 2761 3003 2817 illud
3054 2763 3336 2836 deponit:
3378 2766 3512 2821 novi
3565 2767 3727 2822 enim

2069 2846 2226 2919 quod
2257 2848 2358 2903 ubi
2384 2848 2858 2918 libuerit,rursus
2883 2852 3078 2923 ipsum
3101 2854 3368 2925 accipiet.
3406 2855 3558 2920 Quid
3589 2872 3727 2928 ergo

2069 2935 2199 2991 ait?
2225 2937 2409 2993 Filius
2441 2939 2542 2993 Dei
2576 2955 2697 2994 non
2728 2939 2930 2997 timuit
2963 2957 2998 2996 a
3026 2941 3313 3014 dignitate
3370 2943 3676 3000 discedere
3703 2961 3717 2998 :

2070 3042 2191 3081 non
2241 3026 2399 3081 enim
2456 3028 2726 3100 rapinam
2787 3029 3142 3086 existimavit
3173 3048 3303 3087 esse
3354 3032 3722 3089 divinitatem

2069 3131 2236 3169 suam
2265 3130 2277 3169 :
2314 3116 2424 3171 hoc
2443 3117 2724 3180 est,novit
2747 3118 3040 3189 siquidem
3075 3120 3232 3191 quod
3267 3137 3337 3175 ex
3369 3122 3578 3194 rapina
3598 3139 3721 3179 non

2071 3202 2319 3259 haberet
2358 3210 2426 3259 ut
2454 3211 2611 3260 esset
2638 3206 2886 3278 aequalis
2910 3207 3200 3276 Patri,sed
3224 3211 3483 3265 naturali
3516 3211 3726 3266 divini-

2080 3293 2215 3348 taie.
2254 3296 2495 3365 Propter
2506 3294 2617 3350 hoc
2631 3295 2714 3350 sei
2722 3312 2894 3367 psum
2908 3297 3255 3353 eximanivit
3273 3316 3463 3370 usque
3481 3301 3555 3356 ad
3570 3303 3722 3356 servi

2074 3380 2330 3437 formam
2362 3383 2423 3438 in
2457 3382 2848 3440 similitudine
2880 3386 3190 3442 hominum
3214 3387 3423 3445 factus.
3458 3389 3608 3454 Quid
3635 3394 3728 3445 est

2079 3475 2278 3527 autem
2312 3471 2641 3528 similitudo
2662 3474 3116 3531 hominis?sane
3142 3477 3295 3533 alius
3326 3479 3730 3545 homo.Quaré

2082 3566 2280 3617 autem
2294 3563 2443 3617 dixit
2462 3564 2917 3621 similitudinem
2938 3567 3200 3623 hominis
3216 3569 3243 3623 ‘I
3257 3570 3403 3634 Quia
3420 3571 3735 3643 aliquaha-

2081 3651 2211 3705 buit
2240 3668 2419 3723 super
2438 3653 2766 3719 hominem,
2798 3672 3016 3728 nempe
3057 3658 3215 3729 quod
3239 3660 3392 3715 Deus
3426 3661 3605 3716 etiam
3640 3678 3734 3717 es—

2083 3745 2486 3816 set,quodque
2499 3746 2677 3802 etiam
2704 3747 2830 3804 sine
2854 3750 3269 3806 commistione
3293 3752 3528 3824 genitus
3554 3759 3730 3810 esset.

2085 3833 2162 3888 Ex
2196 3850 2263 3888 eo
2301 3841 2501 3890 autem
2555 3836 2715 3906 quod
2772 3839 3059 3909 sequitur,
3108 3840 3321 3896 Habitu
3360 3842 3636 3899 inventus
3666 3848 3735 3899 ut

2084 3921 2285 3990 homo,
2318 3923 2526 3979 dicunt
2551 3926 3014 3997 Eutychianista)
3040 3944 3053 3982 :
3085 3930 3232 3984 Ecce
3264 3946 3384 3985 non
3437 3937 3566 3987 erat
3623 3948 3736 3988 na-

2086 4018 2219 4069 tura
2248 4013 2448 4069 homo.
2483 4014 2595 4070 Sed
2626 4015 2882 4072 dicimus
2912 4017 3023 4073 hoc
3045 4017 3271 4073 dictum
3303 4037 3433 4077 esse
3465 4039 3543 4077 ne
3589 4021 3736 4077 divi-

2086 4103 2242 4158 nitas
2274 4103 2716 4160 existimaretur
2738 4112 3101 4164 commutata
3132 4125 3264 4165 esse
3296 4109 3358 4165 in
3399 4110 3741 4168 humanita-

2086 4197 2227 4248 tem.
2262 4192 2475 4248 Habitu
2506 4199 2703 4250 autem
2737 4195 2856 4251 sive
2899 4198 3108 4269 ﬁgura,
3142 4198 3253 4254 hoc
3286 4205 3395 4269 est,
3428 4201 3489 4257 in
3539 4219 3739 4261 carne.

2088 4284 2393 4356 Siquidem
2425 4286 2622 4342 carnis
2651 4288 2959 4359 praprium
3009 4295 3100 4345 est
3146 4291 3465 4362 ﬁguratum
3497 4311 3625 4351 esse
3674 4301 3745 4351 ut

2086 4373 2494 4445 homo.Neque
2515 4375 2673 4430 enim
2696 4392 2852 4433 unus
2869 4393 2900 4433 e
2920 4378 3089 4450 vulgo
3104 4386 3249 4447 erat,
3282 4398 3482 4438 verum
3507 4383 3742 4441 diversa

2089 4464 2267 4519 etiam
2298 4463 2534 4522 habeat.
2582 4468 2700 4521 Aut
2726 4472 2793 4522 ut
2821 4467 3020 4536 homo,
3049 4469 3111 4525 id
3143 4476 3250 4540 est,
3282 4477 3487 4544 utpote
3542 4474 3740 4531 homo.

2086 4551 2322 4608 Etenim
2352 4552 2424 4608 de
2454 4570 2589 4625 rege
2622 4571 2858 4626 quoque
2889 4575 3024 4613 cum
3048 4559 3236 4632 gloria
3257 4562 3618 4633 procedente
3651 4564 3741 4619 di-

2086 4640 2278 4695 cimus
2308 4641 2628 4712 :Egressus
2659 4648 2750 4697 est
2800 4650 3080 4716 tanquam
3140 4665 3267 4703 rex.
3301 4650 3399 4704 Ait
3453 4656 3653 4707 autem
3686 4657 3748 4708 et

2089 4728 2463 4800 Evangelista
2485 4746 2534 4783 ει(
2559 4730 2826 4788 Vidimus
2845 4733 3095 4805 gloriam
3128 4738 3278 4809 ejus,
3304 4738 3551 4811 gloriam
3575 4741 3747 4812 quasi

2088 4840 2116 4868 ιι
2153 4817 2449 4890 Unigeniti
2500 4835 2534 4874 a
2562 4821 2736 4874 Patre
2765 4820 2809 4888 ⁸,
2856 4822 2969 4878 hoc
3017 4832 3126 4891 est,
3159 4832 3363 4898 utpote
3424 4829 3743 4902 Unigeniti.

2087 4907 2230 4961 Nam
2252 4907 2406 4961 Deus
2429 4912 2489 4961 et
2517 4908 2785 4965 Christus
2806 4919 3012 4968 noster
3035 4931 3155 4970 non
3177 4916 3250 4971 ad
3282 4916 3341 4971 id
3373 4919 3533 4988 quod
3565 4936 3742 4976 suum

2086 5000 2175 5050 est
2205 4996 2485 5067 respexit,
2511 4997 2612 5054 82
2645 4999 2749 5053 sed
2779 5000 2854 5055 ad
2886 5001 2945 5057 id
2976 5003 3135 5074 quod
3165 5006 3443 5063 omnibus
3473 5009 3619 5064 utile
3651 5015 3743 5066 est

2086 5086 2145 5137 et
2172 5082 2451 5151 salutare,
2511 5092 2828 5158 propterea
2883 5090 3146 5163 seipsum
3197 5094 3478 5151 humiliat
3508 5114 3615 5168 per
3643 5098 3743 5153 in-

2081 5174 2513 5240 carnationem,
2546 5180 2605 5231 et
2649 5192 2759 5233 nos
2792 5195 3002 5236 omnes
3036 5182 3258 5238 exaltat
3287 5201 3394 5255 per
3425 5203 3594 5242 suam
3626 5187 3736 5243 hu-

2081 5261 2499 5320 miliationem.
2533 5265 2643 5330 Qui
2677 5282 2812 5340 ergo
2849 5269 3113 5341 seipsum
3160 5273 3458 5343 humiliat,
3520 5276 3738 5331 Christi

2081 5352 2147 5407 fit
2178 5352 2459 5408 imitator.
2502 5356 2678 5426 Atqui
2721 5357 2868 5429 ipse,
2903 5376 3038 5415 cum
3072 5366 3286 5418 natura
3315 5365 3470 5420 Deus
3493 5370 3649 5419 esset
3679 5371 3740 5421 et

2077 5441 2349 5497 excelsus
2388 5459 2496 5514 per
2526 5446 2880 5503 essentiam.
2923 5449 3030 5514 Qui
3063 5456 3262 5507 autem
3312 5452 3470 5510 inter
3526 5469 3744 5510 omnes

2078 5529 2294 5586 excelsi
2330 5536 2489 5602 sunt,
2516 5549 2584 5587 ex
2615 5535 2825 5606 rapina
2857 5542 2914 5592 et
2962 5554 3032 5593 ex
3089 5541 3337 5597 avaritia
3383 5541 3538 5596 nacti
3599 5548 3748 5598 sunt
