4108 6394
361 368 516 430 1283

1489 363 1900 429 CECUMENII
1941 361 2257 424 TRIGOA!
2295 332 2648 427 suscepi

3631 369 3793 426 1281

359 504 517 559 inter
548 518 650 558 eos
680 499 1121 557 celsitudinem.
1153 497 1649 571 Quandoquidem
1680 496 2014 555 communis

2128 492 2406 566 ἀλλήλοις
2437 498 2847 565 ταπεινοῦσθαι,
2885 494 2978 551 καὶ
3023 496 3095 551 τὰ
3140 494 3314 553 οἰκεῖα
3366 499 3789 554 συναπίστασθαι

361 598 574 648 natura
595 595 687 647 est
714 589 963 661 aequalis
992 593 1053 644 et
1112 587 1382 660 ejusdem
1441 587 1687 645 honoris
1744 586 2015 643 omnium

359 681 692 737 hominum.
725 679 782 734 Si
815 695 951 751 ergo
985 678 1037 733 is
1066 678 1168 750 qui
1190 684 1406 734 natura
1423 678 1576 734 Deus
1609 682 1698 733 est
1726 681 1787 731 et
1803 681 2018 731 natura

358 770 652 841 excelsus,
681 769 947 841 seipsum
979 773 1222 840 propter
1253 784 1362 821 nos
1390 765 1744 830 humiliavit,
1771 781 1881 820 nos
1912 763 2015 835 qui

357 866 572 917 natura
594 859 855 932 aequales
887 875 1095 915 sumus
1127 863 1188 914 et
1215 857 1527 929 aequaliter
1543 856 1803 913 humiles
1824 860 1884 910 et
1910 853 2016 909 ab-

349 950 518 1023 jecti,
553 966 756 1006 annon
788 948 1077 1005 debemus
1107 947 1359 1003 invicem
1390 945 1717 1012 humiliari,
1769 950 1829 1001 et
1874 960 2012 1015 pro~

356 1040 501 1111 prize
535 1056 834 1095 mensura:
864 1037 1237 1094 consciiesse
1258 1035 1284 1090 ‘2
1308 1036 1473 1101 Quod
1505 1036 1552 1091 si
1586 1052 1696 1093 nos
1726 1035 1886 1115 ipsos
1912 1034 2016 1089 hu-

355 1128 809 1195 miliaverimus,
847 1126 1247 1199 superexaltat
1268 1142 1376 1180 nos
1409 1126 1584 1192 Deus,
1617 1124 1873 1196 gratiose
1903 1123 2015 1178 lar-

360 1217 528 1290 giens
550 1234 682 1291 qum
714 1216 924 1272 oculus
955 1233 1075 1271 non
1106 1214 1269 1282 vidit,
1304 1231 1414 1270 nec
1444 1214 1606 1270 auris
1623 1213 1867 1281 audivit,
1900 1228 2013 1267 nec

356 1306 422 1363 in
481 1324 583 1363 cor
641 1307 902 1363 hominis
952 1304 1353 1365 ascenderunt
1388 1305 1431 1359 θ.
1493 1326 1520 1354 α
1554 1303 1737 1373 Beati,
1796 1301 2013 1373 inquit,

358 1412 653 1469 pauperes
683 1395 919 1468 spiritu,
980 1394 1264 1466 quoniam
1300 1395 1567 1466 ipsorum
1615 1397 1708 1448 est
1761 1407 2011 1464 regnum

359 1484 644 1541 caelorum
677 1482 743 1538 ¹⁰.
783 1508 802 1533 ι
839 1483 1020 1556 Atqui
1052 1483 1231 1540 etiam
1264 1483 1313 1539 si
1344 1483 1457 1538 hoc
1478 1499 1600 1538 non
1633 1486 1811 1548 esset,
1870 1479 2010 1536 inde

356 1573 650 1630 celsitudo
682 1578 771 1629 est
802 1579 860 1629 et
890 1572 1239 1647 magnitudo
1273 1569 1431 1644 quod
1464 1571 1632 1643 digni
1684 1570 2014 1627 habeamur

354 1669 422 1720 ut
451 1663 668 1719 Christi
719 1663 906 1719 simus
937 1662 1292 1720 imitatores.
1330 1682 1358 1712 «
1393 1661 1504 1717 Sed
1534 1661 1819 1733 seipsum.
1852 1682 1881 1709 »
1906 1658 2013 1715 Ubi

355 1757 497 1808 sunt
527 1752 630 1824 qui
660 1751 868 1808 dicunt
888 1750 1047 1827 quod
1078 1767 1147 1806 ex
1176 1750 1532 1806 necessitate
1564 1755 1624 1805 et
1659 1749 1851 1805 Patris
1874 1748 2014 1804 sub-

2127 584 2335 658 μέτρα;
2369 580 2494 643 Ἐὰν
2535 582 2593 640 δὲ
2648 588 3091 658 ταπεινωθῶμεν,
3156 584 3430 661 ὑπιρυψοῖ
3480 587 3574 642 καὶ
3631 589 3788 661 ἡμᾶς

2123 672 2151 726 ὁ
2183 672 2334 740 Θεὸς,
2369 674 2738 748 χαριζόμενος
2799 675 2934 747 ἡμῖν
2964 672 2996 729 ἃ
3023 672 3305 753 ὀφθαλμὸς
3357 673 3458 730 οὑκ
3507 673 3643 747 εἴδι,
3691 676 3785 732 καὶ

2123 758 2216 824 οὕς
2273 760 2374 819 οὐκ
2429 762 2653 836 ἢκουσε,
2710 763 2803 818 καὶ
2887 761 2975 818 ἐπὶ
3029 760 3251 839 καρδίαν
3337 765 3616 842 ἀνθρώπον
3682 769 3787 822 οὑκ

2120 846 2310 921 ἀνὲϐη.
2347 873 2377 903 «
2411 851 2709 924 Μακάριοι,
2741 853 2929 928 φησὶν,
2970 853 3023 907 οἱ
3071 852 3294 929 πτωχοὶ
3358 858 3439 926 τῷ
3487 852 3783 928 πνεύματι,

2121 939 2206 994 ’ὀτι
2238 939 2421 995 αὐτῶν
2452 940 2595 996 ἐστιν
2627 942 2663 1010 ἡ
2698 940 2947 1016 βασιλεία
2974 941 3089 996 τῶν
3120 941 3384 1017 οὐρανῶν.
3443 941 3633 1000 Καῖτοι
3686 942 3783 998 καὶ

2122 1027 2169 1082 εἰ
2204 1031 2281 1099 μή
2312 1032 2475 1085 τοῦτο
2504 1032 2593 1100 ἦν,
2626 1029 2847 1097 αὐτόθεν
2903 1030 3046 1087 ἐστὶν
3104 1030 3317 1105 ὑψηλὸν
3371 1032 3464 1087 καὶ
3532 1034 3670 1109 μέγα
3716 1033 3786 1089 τὸ

2118 1117 2418 1187 ἀξιωθῆναι
2471 1119 2719 1194 μιμητὰς
2770 1119 3017 1196 γενέσθαι
3069 1124 3334 1194 Χριστοῦ,
3386 1146 3413 1173 ιι
3452 1120 3610 1179 Ἀλλ’
3658 1120 3785 1178 ἑαυ-

2120 1205 2231 1261 τόν.
2266 1230 2296 1258 ››
2332 1210 2443 1265 11οὖ
2474 1208 2608 1263 εἰσιν
2653 1209 2707 1263 οἱ
2763 1207 3019 1284 λέγοντες
3067 1209 3153 1265 ὅτι
3210 1210 3349 1266 κατὰ.
3402 1210 3641 1286 ἀνάγκην
3689 1211 3782 1267 καὶ

2120 1294 2386 1372 ἐπιταγὴν
2436 1302 2538 1352 τοῦ
2595 1298 2807 1377 Πατρὸς
2860 1297 2995 1355 ἑκὼν
3042 1292 3506 1374 ἑνηνϐρώπησιν,
3574 1323 3601 1355 ιι
3631 1300 3783 1358 Ἐχέ-

2118 1405 2303 1441 νωσεν.
2339 1410 2367 1438 n
2401 1384 2628 1457 Ἐπειδή
2661 1387 2764 1462 γὰρ
2813 1388 2892 1461 μὴ
2950 1388 3088 1444 κατὰ
3145 1387 3402 1464 ἁρπαγὴν
3456 1385 3577 1464 ᾔδει
3631 1383 3778 1468 ἔχων

2117 1475 2180 1531 τὸ
2210 1472 2341 1530 εἶναι
2404 1474 2494 1530 ἴσα
2553 1479 2694 1548 Θεῷ,
2752 1474 2879 1535 ἀλλ’
2919 1477 3027 1532 ἀπὸ
3085 1478 3296 1553 φύσεως
3350 1477 3442 1537 καὶ
3500 1475 3779 1535 συναϊδίου

2120 1563 2455 1638 ἀξιώματος,
2489 1562 2581 1620 διὰ
2609 1570 2771 1620 τοῦτο
2805 1564 3019 1643 θαῤῥων
3048 1565 3304 1623 ἐκένωσεν
3357 1567 3568 1636 δαυτὸν,
3619 1588 3781 1626 τουτ-

2120 1653 2283 1724 έστιν,
2343 1651 2670 1710 ἐταπείνωσε
2725 1654 2816 1710 καὶ
2878 1654 3096 1732 γέγονεν
3152 1656 3461 1731 ἄνθρωπος,
3514 1657 3578 1713 τὸ
3643 1658 3780 1714 εἶναι

2120 1743 2250 1806 Θεὸς
2287 1742 2365 1816 μή
2404 1737 2728 1801 ἀποϐαλὼν.
2788 1744 2883 1809 Ὠς
2939 1742 2994 1799 εἴ
3041 1764 3108 1821 γι
3161 1741 3282 1819 ᾔδει
3334 1745 3470 1802 κατᾶ
3524 1745 3779 1823 ἁρπαγὴν

344 1840 615 1912 jectione
663 1840 882 1896 invitus
942 1846 1031 1896 est
1087 1839 1432 1895 incarnatus
1474 1838 1501 1894 ‘I
1533 1858 1559 1883 κ
1588 1837 1945 1893 Exinanivit.
1977 1855 2009 1890 ι»

2124 1828 2267 1907 ἔχων
2290 1832 2354 1888 τὸ
2385 1834 2519 1888 εἶναι
2558 1831 2649 1889 ἴσα
2704 1837 2884 1931 estin-
2904 1832 3008 1931 ἶῦκ
3069 1832 3129 1891 ἂν
3182 1854 3318 1891 ποτε
3368 1833 3777 1911 ἐνηνθρώπησι,

356 1929 649 1996 Quoniam
683 1930 845 1987 enim
872 1946 994 1985 non
1033 1945 1104 1984 ex
1132 1929 1345 2002 rapina
1371 1945 1433 1983 se
1486 1927 1706 1984 habere
1755 1926 1920 1983 novit
1947 1932 2015 1983 ut

357 2018 607 2092 mqualis
635 2023 792 2074 esset
817 2019 958 2087 Deo,
992 2017 1093 2073 sed
1128 2034 1161 2073 a
1221 2023 1438 2073 natura
1493 2022 1552 2071 et
1608 2017 2013 2073 comternitate

352 2106 1010 2183 dignitatis,propterea
1042 2107 1415 2163 conﬁdenter
1443 2105 1771 2162 exinanivit
1792 2110 2011 2161 semet-

354 2194 575 2268 ipsum,
608 2194 719 2250 hoc
745 2194 1198 2260 est,humiliavit
1229 2200 1287 2249 et
1308 2193 1501 2250 factus
1525 2198 1611 2249 est
1660 2193 1862 2261 homo,
1893 2208 2015 2247 non

349 2284 685 2357 abjiciendo
720 2285 877 2355 quod
908 2285 1063 2341 Deus
1095 2289 1269 2341 esset.
1296 2284 1476 2350 Quasi
1520 2283 1714 2340 dicat:
1741 2284 1803 2339 Si
1822 2283 2015 2339 novis-

350 2378 441 2430 set
470 2391 532 2431 se
565 2391 636 2430 ex
664 2375 878 2446 rapina
897 2373 1119 2431 habere
1161 2373 1322 2447 quod
1352 2375 1472 2430 Deo
1527 2372 1773 2446 mqualis
1835 2377 2016 2441 esset,

348 2479 659 2536 nunquam
696 2463 1039 2520 incarnatus
1062 2463 1300 2531 fuisset,
1332 2462 1556 2520 veritus
1585 2479 1661 2520 ne
1713 2463 2018 2536 deprime-

356 2558 546 2610 retur.
579 2574 607 2603 «
640 2554 854 2609 Forma
884 2551 1037 2608 servi
1086 2557 1342 2625 sumpta.
1379 2573 1407 2601 n
1459 2551 1787 2608 Considera
1842 2552 2013 2608 Pauli

352 2640 639 2713 loquendi
672 2641 937 2698 modum.
976 2641 1280 2712 Siquidem
1307 2640 1381 2696 de
1408 2640 1715 2697 divinitate
1738 2641 2016 2713 loquens,

355 2731 440 2787 ait
470 2748 483 2786 :
516 2731 663 2789 Cum
683 2736 860 2802 esset,
886 2730 1355 2787 coaeternitatem
1400 2730 1772 2804 signiﬁcans:
1808 2729 1885 2785 de
1906 2730 2018 2786 hu-

355 2820 645 2877 manitate
704 2835 864 2888 vero,
911 2820 1205 2892 Sumpta:
1270 2824 1329 2874 et
1382 2820 1615 2887 Factus,
1697 2818 2020 2877 ostendens

354 2910 516 2982 quod
545 2909 869 2967 adventitia
896 2915 1055 2965 esset
1102 2932 1129 2959 ‹‹
1156 2911 1440 2966 Inventus
1470 2914 1535 2968 ut
1592 2910 1792 2965 homo.
1832 2932 1861 2957 ››
1920 2911 2023 2964 L‘t—

354 3006 492 3072 pote
515 3000 715 3056 homo.
751 2998 893 3055 Vide
939 3005 1140 3055 autem
1171 2999 1515 3055 inferiorem
1544 3000 2018 3055 annota‘tionem.

355 3110 383 3139 «
419 3086 762 3145 Humiliavit
819 3087 1226 3159 semetipsum.
1264 3109 1291 3137 ››
1324 3087 1492 3151 Quod
1533 3086 1579 3142 si
1614 3087 1810 3143 nudus
1841 3088 2020 3144 homo

361 3181 579 3242 erat,ut
610 3176 841 3233 videtur
872 3176 1192 3245 haereticis,
1243 3176 1542 3249 quomodo
1592 3177 2023 3234 humiliabatur

359 3267 550 3325 factus
582 3266 742 3338 quod
772 3267 941 3322 erat?
965 3283 1201 3322 rursum
1225 3272 1424 3322 autem
1452 3266 1608 3339 quod
1633 3268 1718 3322 ait
1750 3284 1762 3322 :
1792 3268 2022 3325 Semet—

359 3356 581 3430 ipsum,
613 3355 1009 3412 voluntariam
1059 3356 1459 3430 dejectionem
1489 3357 1664 3413 nobis
1696 3356 2013 3430 significat.

2116 1920 2479 1993 πτοοὺμενος,
2556 1921 2634 1994 μὴ
2713 1916 3107 1995 καταῶϐασθῇ.
3196 1946 3217 1974 ι
3294 1925 3525 2000 Μορφήν
3571 1919 3777 1981 δούλου

2119 2005 2323 2069 λαϐών.
2357 2034 2387 2063 ››
2417 2012 2559 2085 Ὃρα
2588 2008 2881 2090 ἀσφίλιιαν
2909 2014 3008 2069 τοῦ
3056 2010 3299 2071 Παύλου.
3351 2013 3472 2071 Ἐπὶ
3526 2014 3622 2086 μὶν
3669 2014 3774 2091 γὰρ

2117 2107 2216 2169 τῆς
2246 2097 2528 2170 θεότητος,
2558 2101 2622 2156 τὸ
2654 2101 2919 2177 ὑπάρχων
2963 2100 3190 2173 τέθεικε,
3234 2105 3300 2159 τὸ
3347 2101 3618 2159 συναῒδιον
3669 2101 3774 2175 δη·

2119 2187 2253 2249 λῶν.
2278 2190 2398 2246 Ἐπὶ
2434 2186 2493 2244 δὲ
2519 2196 2622 2260 τῆς
2660 2191 3107 2266 ἀνθρωπάτητος,
3162 2192 3245 2262 τὸ,
3300 2187 3517 2263 Λαϐὼν,
3564 2194 3653 2249 καὶ
3685 2193 3773 2265 τὸ,

2119 2275 2432 2352 Γενόμενος,
2491 2276 2702 2345 δεικνὺς
2756 2279 2959 2352 ταύτης
3043 2280 3357 2353 ἐπίκτητον.
3419 2302 3451 2336 α
3508 2283 3775 2360 Εὑρηθεὶς

2120 2366 2196 2430 ὠς
2226 2368 2590 2443 ἅνθρωποςμ
2633 2369 2739 2430 Οἷα
2794 2368 3105 2444 ἅνθρωπος.
3159 2372 3301 2447 Ὅρα
3356 2369 3414 2427 δὲ
3466 2373 3565 2442 τήν
3624 2372 3780 2431 κάτω

2119 2460 2508 2537 παραγραφήν.
2571 2484 2600 2511 (ι
2640 2458 3028 2517 Ἐταπείνωσιν
3079 2460 3290 2517 ἑαυτόν.
3324 2484 3354 2514 n
3412 2461 3481 2520 El
3536 2461 3631 2518 οὖν
3688 2462 3785 2518 ἂν·

2122 2559 2342 2623 θρωπος
2372 2549 2437 2617 ἧν
2488 2547 2652 2623 ψιλὸς
2683 2547 2712 2603 δ
2744 2546 2895 2606 δοκεῖ
2948 2555 3065 2613 τοῖς
3116 2550 3439 2625 αἱρετικοῖς,
3479 2555 3597 2614 πῶς
3652 2549 3779 2607 ἆται

2118 2640 2374 2692 πεινοῦτο
2407 2637 2703 2714 γενόμενος
2733 2639 2762 2693 ’ὁ
2791 2639 2898 2710 ἦνς
2962 2637 3135 2696 Πάλιν
3193 2636 3252 2695 δὲ
3280 2640 3367 2711 τὸ,
3422 2641 3667 2709 Ἑαυτὸν,
3720 2642 3789 2697 τὸ

2122 2726 2368 2782 ἑκούσιον
2401 2729 2538 2800 ἡμῖν
2573 2724 2861 2784 δείκνυσιν.
2928 2752 2959 2781 α
2987 2728 3281 2803 Γενόμενος
3333 2729 3598 2801 ὑπήκοος.
3629 2754 3660 2786 ιθ
3693 2732 3786 2796 Ὡς

2125 2819 2272 2888 Υἱὸς,
2304 2820 2415 2899 οὐχ
2445 2819 2522 2882 ὡς
2551 2817 2777 2884 δοῦλος.
2809 2822 2911 2878 Διὰ
2938 2822 3137 2880 τούτου
3165 2823 3271 2899 γὰρ
3304 2821 3545 2898 μάλιστα
3594 2821 3789 2895 ἔδειξεν

2125 2910 2211 2964 δτι
2242 2905 2355 2964 ἔστι
2384 2911 2610 2985 γνήσιος
2649 2911 2797 2979 Υἱὸς,
2855 2912 2902 2984 ᾧ
2961 2912 3257 2983 ὑπήκουσε.
3309 2913 3407 2969 Διᾶ
3459 2918 3623 2971 τοῦτο
3678 2914 3787 2990 γὰρ

2127 2999 2299 3068 εἶπεν,
2329 2997 2724 3056 Ἐταπείνωσεν
2756 3001 2969 3071 ἑαυτὸν,
3016 3002 3106 3058 ἵνα
3165 3004 3245 3077 μή
3303 3000 3675 3080 δουλοπρεπὲς
3726 3024 3781 3061 τι

2125 3086 2461 3162 ἐνθυμηθῇς.
2496 3088 2593 3144 Διά
2621 3093 2783 3147 τοῦτο
2815 3087 2874 3147 ὂὶ
2904 3090 3147 3163 ὑπήκοος
3179 3091 3351 3159 εἶπεν,
3376 3090 3468 3151 ’ἕνα
3497 3094 3598 3163 τήν
3642 3093 3780 3168 πρὸς

2128 3178 2220 3236 τὸν
2251 3179 2461 3254 Πατέρα
2509 3178 2585 3245 ὡς
2635 3178 2813 3237 αἶ’τιον
2867 3178 3013 3255 δείξῃ
3067 3183 3260 3256 τιμήν.
3322 3208 3352 3237 α
3382 3187 3560 3259 Μέχρι
3614 3184 3780 3249 omi-

2128 3288 2247 3325 του.
2286 3293 2306 3319 ιι
2340 3267 2553 3325 Πολλαί
2588 3265 2889 3344 ὑπερϐολαὶ
2927 3272 3328 3344 ταπεινώσεως,
3382 3274 3444 3329 τὸ
3496 3273 3783 3349 ἄνθρωπον

2128 3355 2395 3434 γενέσθαι,
2426 3359 2489 3414 τὸ
2520 3358 2827 3431 ἀποθανεῖν,
2860 3360 2922 3419 τὸ
2948 3357 3039 3417 διὰ
3063 3366 3315 3435 σταυροῦ.

362 3464 389 3497 α
420 3446 632 3501 Factus
691 3444 994 3500 obediens.
1057 3467 1085 3496 ››
1134 3446 1443 3517 Tanquam
1496 3445 1702 3513 Filius,
1744 3463 1865 3503 non
1924 3454 2209 3520 tanquam
2270 3466 2493 3506 servus.
2546 3451 2659 3505 Per
2715 3450 2826 3507 hoc
2872 3451 3031 3511 enim
3090 3452 3469 3525 potissimum
3516 3454 3787 3512 ostendit

361 3535 520 3609 quod
551 3535 843 3592 naturalis
886 3541 1045 3592 esset
1089 3535 1293 3605 Filius,
1334 3537 1474 3607 quia
1509 3536 1785 3593 obedivit.
1845 3540 1990 3595 Nam
2038 3545 2355 3613 propterea
2410 3541 2593 3597 dixit:
2650 3542 2992 3599 Humiliavit
3049 3545 3458 3616 semetipsum,
3506 3562 3579 3602 ne
3638 3546 3787 3617 quid

362 3624 573 3680 servile
604 3623 863 3696 cogites:
892 3624 966 3679 ob
1019 3624 1080 3680 id
1138 3625 1306 3681 audit
1361 3625 1480 3681 ait:
1539 3625 1853 3695 Obediens,
1883 3633 1951 3682 ut
1998 3630 2273 3691 ostendat
2311 3630 2601 3687 honorem
2634 3647 2813 3703 quem
2843 3632 3001 3690 Patri
3037 3637 3318 3704 tanquam
3348 3648 3456 3691 suo
3487 3635 3785 3707 principio

354 3712 679 3771 deferebat.
714 3714 814 3770 83
847 3716 1094 3787 «Usque
1126 3714 1202 3771 ad
1235 3720 1507 3771 mortem.
1546 3736 1567 3765 ι
1596 3716 1790 3771 Multae
1811 3723 1951 3772 sunt
1982 3718 2418 3777 humiliationis
2441 3720 2807 3777 excellentiae
2842 3736 2857 3778 :
2890 3722 3192 3779 hominem
3232 3724 3383 3792 ﬁeri,
3411 3725 3781 3797 mori,idque

358 3820 466 3876 per
495 3818 727 3860 crucem
740 3845 752 3859 .

430 3902 567 3969 Il,9-
584 3904 605 3955 1
622 3905 643 3955 1
658 3902 1085 3973 .«Quapropter
1106 3906 1165 3957 et
1188 3903 1338 3958 Deus
1361 3902 1822 3974 superexaltavit
1842 3904 2013 3961 illum

361 4012 387 4040 ‹‹
409 4006 478 4046 ac
490 3989 730 4046 donavit
750 3990 835 4044 illi
865 4006 1082 4045 nomen
1098 3991 1256 4061 quod
1271 3996 1362 4047 est
1382 4009 1561 4064 super
1572 4009 1750 4048 omne
1768 4009 2011 4050 nomen:

361 4101 389 4130 ‹‹
406 4086 470 4135 ut
492 4077 553 4135 in
565 4078 809 4135 nomine
829 4081 968 4133 Jesu
988 4096 1166 4136 omne
1178 4097 1334 4153 genu
1346 4098 1409 4136 se
1427 4081 1647 4147 flectat,
1681 4080 2015 4139 cmlestium

362 4190 390 4219 «
418 4172 475 4223 et
498 4167 874 4223 terrestrium
905 4184 972 4224 ac
1006 4169 1410 4226 infernorum:
1446 4170 1760 4240 omnisque
1814 4176 2015 4243 lingua

363 4278 389 4305 α
418 4254 773 4312 conﬁteatur
802 4256 961 4328 quod
996 4257 1278 4315 Dominus
1306 4257 1382 4313 sit
1438 4258 1607 4313 Jesus
1636 4259 1905 4314 Christus
1940 4260 2015 4315 ad

366 4369 387 4395 ι
423 4346 673 4417 gloriam
704 4347 803 4402 Dei
835 4347 1048 4402 Patris.
1081 4368 1108 4395 ι

434 4433 540 4489 Ubi
601 4434 1074 4491 incarnationem
1130 4435 1478 4508 complexus
1534 4443 1621 4492 est
1681 4438 2016 4509 Apostolus,

2196 3906 2289 3962 Διὸ
2347 3907 2438 3962 καὶ
2488 3908 2518 3962 ὁ
2569 3907 2700 3970 Θεός
2776 3906 2936 3963 αὐτὸν
3025 3909 3365 3984 ὑπερύψωσε,
3423 3912 3514 3967 καὶ
3588 3911 3780 3992 ἐχαρῖ-

2125 4017 2255 4052 cato
2286 3996 2427 4072 αὑτῇ
2475 3992 2672 4071 ὄνομα,
2730 3998 2793 4053 τὸ
2850 3997 2983 4072 ὑπὶρ
3034 4003 3139 4054 πᾶν
3190 3997 3386 4073 ὄνομα,
3442 3999 3532 4054 ’ἱνα
3586 4001 3638 4057 ἄν
3697 4006 3779 4074 τῷ

2125 4085 2356 4159 ὀνόματι
2460 4086 2664 4157 Ἰησοῦ,
2762 4091 2866 4141 πᾶν
2937 4085 3065 4162 γόνυ
3137 4087 3335 4163 κάμψῃ
3437 4087 3776 4164 ἐπουρανίων

2124 4174 2215 4229 καὶ
2274 4172 2525 4249 ἐπιγείων
2581 4175 2674 4230 καὶ
2731 4176 3127 4250 καταχθονίων,
3194 4176 3288 4232 καὶ
3353 4178 3499 4233 πᾶσα
3552 4178 3779 4252 γλῶσσα

2126 4261 2608 4339 ἐξομολογήσηται
2711 4262 2797 4320 ὅτι
2899 4262 3102 4339 Κύριος
3203 4267 3417 4336 Ἰησοῦς
3544 4270 3781 4345 Χριστὸς

2126 4352 2203 4414 εἰς
2235 4349 2392 4422 δόξαν
2420 4356 2555 4408 Θεοῦ
2585 4352 2817 4425 Πατρός.

2194 4442 2359 4498 Ὅταν
2406 4448 2508 4511 τῆς
2592 4439 3045 4516 ἐνανθρωπιεσεως
3119 4439 3453 4514 ἐπιλάϐηται
3510 4448 3540 4502 ὁ
3611 4448 3785 4506 Ἀπό-

363 4523 563 4580 omnia
585 4523 866 4597 deinceps
899 4524 1191 4597 impavide
1232 4526 1626 4599 proloquitur,
1684 4546 1819 4583 cum
1877 4546 2014 4585 caro

2124 4531 2341 4602 στολος,
2375 4533 2551 4588 πάντα
2581 4530 2777 4588 λοιπὸν
2835 4533 2904 4588 τὰ
2959 4533 3188 4590 ταπεινὰ
3243 4532 3416 4600 ἀδεῶς
3473 4536 3779 4615 φθέγγεται,

361 4610 638 4671 admittat
668 4614 938 4682 humilia,
978 4634 1000 4663 ι
1035 4616 1116 4671 Ac
1145 4615 1387 4672 donavit
1415 4616 1503 4673 illi
1564 4634 1805 4674 nomen.
1842 4641 1870 4670 »
1930 4621 2012 4676 De

360 4721 535 4761 carne
559 4704 685 4760 hmo
708 4704 1367 4779 accipito,nequaquam
1382 4723 1697 4779 personam
1720 4707 2010 4767 dividens.

360 4792 669 4857 Quodnam
695 4799 785 4848 est
816 4800 1017 4849 autem
1048 4811 1267 4850 nomen
1325 4795 1485 4866 quod
1541 4797 1824 4853 donatum
1867 4804 1958 4855 est
1984 4799 2012 4855 ‘?

360 4879 648 4950 Christus,
681 4882 887 4948 Filius,
918 4884 1094 4938 Deus.
1130 4884 1229 4940 His
1262 4885 1423 4941 enim
1459 4886 1803 4943 nominibus
1833 4888 2011 4943 etiam

360 4986 496 5025 cum
549 4988 726 5027 carne
781 4973 1134 5043 appellatur.
1195 4974 1250 5029 Si
1322 4980 1456 5046 post
1536 4975 2011 5033 incarnationem

359 5064 601 5130 propter
633 5058 1284 5121 obedientiam.nomrn
1318 5063 1475 5133 quod
1497 5069 2012 5137 eratsuperomne

359 5162 581 5203 nomen
613 5149 786 5204 Pater
807 5150 953 5206 Filio
982 5152 1080 5222 qui
1107 5154 1403 5209 Dcuserat
1442 5151 1704 5220 donavit,
1734 5155 2013 5211 etomnis

360 5234 563 5308 lingua
577 5237 894 5293 Dominum
923 5240 1195 5296 confessa
1217 5246 1335 5296 est:
1362 5248 1499 5298 ante
1532 5242 2010 5300 incarnationem

359 5343 496 5384 vero
529 5343 721 5399 neque
782 5346 1000 5386 nomen
1055 5333 1215 5403 quod
1249 5341 1338 5405 est
1366 5352 1546 5408 super
1583 5356 1762 5395 omne
1790 5355 2011 5395 nomen

360 5415 839 5489 habebat,neque
864 5420 1298 5479 confessionem
1331 5425 1404 5481 ab
1422 5427 1698 5483 omnibus
1715 5427 1873 5500 quod
1895 5429 1977 5483 Do
1994 5460 2009 5470 -

360 5507 559 5563 minus
590 5514 766 5577 esset,
802 5510 994 5583 major
1024 5511 1136 5565 fuit
1165 5513 1342 5586 igitur
1361 5522 1497 5587 post
1540 5516 2011 5575 incarnationem

430 5686 451 5722 θ
481 5688 504 5741 Ι
535 5686 664 5743 Cor.
692 5706 750 5759 ιι,
783 5692 833 5746 9.
934 5690 979 5729 ¹⁰
1010 5690 1209 5747 Matth.
1245 5710 1293 5760 ν,
1316 5696 1366 5749 3.

2120 4628 2221 4692 τῆς
2256 4621 2453 4695 σαρκὸς
2483 4622 2551 4676 τὰ
2597 4621 2824 4677 ταπεινὰ
2880 4620 3214 4698 δεχομένης.
3271 4648 3299 4677 κ
3332 4625 3436 4682 Καὶ
3483 4625 3781 4704 ἐχαρίσατο

2122 4712 2271 4784 αὑτῳ
2303 4707 2494 4785 ὄνομα.
2519 4732 2544 4763 ι
2579 4711 2704 4787 Περὶ
2738 4714 2842 4776 τῆς
2890 4714 3088 4786 σαρκὸς
3142 4716 3312 4768 ταῦτα
3369 4711 3537 4786 δέξαι,
3597 4715 3783 4789 μηδα-

2126 4803 2231 4873 μοῦ
2263 4797 2507 4874 διαιρῶν.
2544 4803 2715 4854 Ποῖον
2745 4795 2805 4853 δὲ
2830 4800 2893 4854 τὸ
2933 4800 3194 4874 χαρισθὲν
3255 4798 3469 4875 (metu;
3527 4804 3592 4859 τὸ
3638 4808 3775 4879 X92-

2123 4889 2269 4955 στὸς,
2300 4889 2364 4943 τὸ
2388 4887 2534 4956 Υἱὸς,
2564 4887 2630 4943 τὸ
2676 4883 2826 4952 Θιός.
2872 4890 3055 4945 Ταῦτα
3099 4889 3201 4965 γὰρ
3259 4891 3349 4944 καὶ
3405 4893 3538 4964 μετὰ
3579 4896 3776 4965 σαρκὸς

2120 4978 2389 5035 καλεῖται.
2438 5009 2505 5020 -
2560 4979 2843 5051 [ΒΑΣΙΛ.]
2896 4976 2961 5035 Εἴ
3023 4979 3158 5051 μετὰ
3212 4981 3313 5049 τὴν
3372 4978 3774 5059 ἦνανθρώπτβιν

2123 5066 2213 5124 διὰ
2239 5069 2341 5136 τήν
2375 5068 2621 5136 ὑπακοῆν
2660 5068 2723 5122 τὸ
2778 5066 2913 5143 ὖπὶρ
2965 5074 3067 5125 πᾶν
3125 5067 3302 5146 ὄνομα
3357 5080 3435 5147 τῷ
3495 5078 3606 5149 Υἱῷ
3660 5080 3778 5150 Θεῷ

2122 5155 2236 5212 ὄντι
2266 5158 2296 5212 ὁ
2333 5157 2523 5231 Πατὴρ
2560 5154 2878 5231 ἐχαρίσατο,
2938 5158 3029 5213 καὶ
3088 5164 3233 5216 πᾶσα
3283 5161 3510 5238 γλῶσσα
3565 5165 3782 5239 ἐξωμο-

2121 5244 2402 5320 λογήσιτο
2501 5244 2721 5318 Κύριον,
2810 5245 2917 5319 πρό
3020 5255 3121 5317 τῆς
3179 5248 3635 5328 ἰνανθρωπῆσεως
3698 5252 3781 5323 δὲ,

2122 5332 2245 5390 οὔτε
2272 5336 2337 5390 τὸ
2365 5330 2540 5406 ὄνομα
2578 5334 2642 5389 τὸ
2691 5333 2825 5408 ὑπὶρ
2883 5338 2986 5389 πᾶν
3043 5332 3223 5411 ὄνομα
3279 5341 3454 5421 εἶχεν,
3514 5340 3639 5399 οὔτε
3694 5339 3787 5399 διὰ

2119 5425 2338 5479 πάντων
2394 5424 2496 5493 τὴν
2555 5421 2861 5498 ὁμολογξαν
2922 5427 3021 5478 τοῦ
3075 5426 3215 5481 εἶναι
3272 5431 3495 5505 Κύριος,
3580 5432 3787 5503 μείζων

2121 5513 2215 5569 οὗν
2246 5510 2454 5590 ἰγὲνιτο
2516 5511 2652 5585 μετὰ
2712 5511 2816 5581 τήν
2879 5511 3287 5590 ἑνανθρώπησιν
3345 5524 3444 5575 τοῦ
3509 5521 3617 5596 πρὸ
3680 5530 3788 5592 τῆς
