4108 6436
283 444 439 504 128ὄ

1323 430 1739 495 COMMENT.
1783 426 1861 487 IN
1907 424 2160 487 EPIST.
2208 424 2312 484 AD
2358 425 2637 487 GALAT.

3544 434 3708 493 1286

281 572 762 647 ἐνανθρωπήσεως.
795 569 966 642 Ὅπερ
997 565 1223 622 ἄτοπον.
1258 566 1527 622 Τοιοῦτον
1582 558 1640 616 δέ
1700 559 1814 615 ἐστι
1844 559 1937 647 καὶ

2076 573 2232 630 [nam
2255 563 2431 615 antea
2454 563 2630 629 esset,
2654 558 2811 631 quod
2836 559 3161 617 absurdum
3187 567 3294 618 est.
3348 564 3705 637 Hujusmodi

282 663 367 731 τὸ,
400 656 655 727 «Ἐδόθη
715 678 809 731 μοι
864 660 1011 712 πᾶσα
1067 646 1301 729 ἄξουσία
1342 673 1395 709 εν
1450 651 1670 726 οὐρανῷ
1726 648 1817 704 καὶ
1849 646 1940 702 ἐπὶ

285 759 408 829 γῆς.
446 773 478 801 η
508 748 604 812 Ei:
631 751 734 820 τὴν
762 747 1175 822 δναλθρώπησιν
1236 745 1353 819 οὖν,
1411 744 1503 799 καὶ
1556 741 1657 798 οόκ
1708 738 1787 803 εἲς
1840 740 1945 809 τὴν

280 844 510 914 θεότητα
540 845 706 897 ταῦτα
741 838 827 896 δεῖ
853 839 1073 896 ἐννοεῖν.
1120 863 1148 891 ιι
1186 843 1298 894 Πᾶν
1342 836 1476 911 γόνυ
1517 835 1730 909 κάμψῃ.
1768 856 1798 884 »
1850 829 1946 892 Εἷς

280 931 650 1007 προσιώνησιν
684 926 970 1001 δηλονότι.
1004 953 1032 979 ‹‹
1066 925 1440 1002 Ἐπουρανίων
1474 925 1565 980 καὶ
1608 920 1888 1000 ἐπιγείων.
1917 944 1944 972 ››

285 1019 593 1097 Ἀγγὲλων,
647 1018 739 1074 καὶ
797 1018 1121 1093 ἀνθρώπων,
1178 1015 1270 1071 καὶ
1325 1013 1626 1089 δαιμόνων.
1683 1011 1781 1097 Καὶ
1840 1010 1943 1087 γὰρ

285 1096 375 1165 καί
425 1107 681 1182 δαίμονες
747 1104 1068 1182 ἐπὲγνωσαν.
1134 1105 1252 1179 (Διό
1306 1122 1488 1183 φασινο
1551 1126 1575 1154 ι
1617 1096 1859 1173 Οἵδαμὲν
1890 1117 1948 1153 σε

281 1198 367 1262 τίς
396 1200 470 1267 εἴ,
503 1221 531 1250 η
585 1198 668 1253 δτι
724 1196 941 1274 δᾶγιος
969 1196 1067 1251 τοῦ
1125 1196 1309 1268 Θεοῦ.)
1366 1193 1471 1250 Καὶ
1529 1189 1947 1267 Ξπιγνώσονται,

290 1287 416 1343 ὅταν
446 1288 525 1351 ὡς
559 1290 754 1363 κριτὴς
811 1285 1034 1360 καθίσῃ.
1090 1287 1158 1340 Ἦ
1213 1283 1296 1338 ὅτι
1353 1281 1446 1337 καὶ
1502 1280 1553 1334 ot
1622 1277 1826 1334 δίκαιοι
1857 1277 1947 1332 καὶ

288 1378 346 1433 οἳ
371 1375 696 1452 ἁμαρτωλοί
707 1418 721 1433 .
754 1398 786 1427 ‹‹
816 1375 919 1433 Καί
952 1378 1095 1429 πᾶσα
1121 1370 1349 1450 γλῶσσα
1378 1367 1888 1445 ἆξομολογήσηται.
1910 1389 1944 1452 Α»)

290 1465 360 1526 Τί
417 1450 923 1543 ἐξομολογήσεται;
987 1464 1111 1520 Ὅτι
1181 1459 1384 1538 Κύριος
1442 1460 1654 1530 Ἰησοῦς
1713 1450 1951 1543 Χριστός

293 1554 370 1618 είς
401 1540 559 1628 δόξαν
602 1557 738 1610 Θεοῦ
797 1551 1031 1630 Πατρός.
1095 1551 1230 1625 Δόξα
1284 1549 1386 1631 γὰρ
1446 1548 1676 1623 ηατρὸς,
1709 1545 1773 1601 τὸ
1801 1540 1951 1620 ἔχειν

295 1649 549 1702 τοιοῦτον
571 1644 725 1714 Υὶὸν,
781 1642 993 1698 πάντων
1055 1641 1357 1712 Δεσπότην,
1413 1638 1504 1693 καὶ
1555 1636 1801 1707 Ποιητῆν
1860 1633 1949 1689 καὶ

256 1738 457 1806 ’Θεὸν,
514 1736 604 1793 καί
663 1737 709 1808 ᾧ
774 1733 945 1791 κλίνει
1004 1738 1111 1789 πᾶν
1162 1730 1336 1809 γόνυ,
1387 1730 1478 1786 καὶ
1535 1733 1683 1784 πᾶσα
1729 1725 1955 1803 γλῶσσα

291 1826 786 1904 ἐξομολογήσεται.

366 2007 527 2060 Ὥστε
560 2049 574 2074 ,
633 2001 905 2080 ἀγαπητοί
965 2022 1116 2075 μου,
1176 1998 1357 2062 καθὼς
1422 1997 1650 2054 πάντοτε
1704 1993 1941 2065 ὑπηκού-

291 2114 422 2151 σατε
455 2139 469 2166 ,
535 2095 611 2171 μὴ
670 2093 745 2155 ὡς
806 2092 857 2148 ἐν
910 2093 982 2163 τῇ
1029 2088 1300 2165 παρουσίᾳ
1386 2109 1492 2162 μου
1564 2082 1752 2160 μόνον,
1806 2083 1954 2140 ἀλλὰ

294 2191 393 2242 νῦν
438 2184 637 2257 πολλῷ
727 2182 945 2257 μᾶλλον
1028 2179 1082 2236 ἓν
1178 2184 1248 2254 τῇ
1336 2178 1575 2249 ἀπουσίᾳ
1638 2198 1764 2252 μου,
1819 2176 1953 2250 μετὰ

298 2270 476 2354 ιρόϐου
534 2273 624 2330 καὶ
681 2272 893 2349 τρόμου
959 2272 1060 2341 τήν
1143 2272 1348 2325 ἑαυτῶν
1434 2267 1706 2343 σωτηρίαν
1762 2286 1957 2341 κατερα

295 2365 553 2442 γάζησθεο
638 2363 667 2418 ὁ
746 2363 876 2424 Θεὸς
942 2360 1045 2438 γὰρ
1105 2357 1246 2414 ἐστιν
1305 2359 1333 2413 ὁ
1391 2357 1625 2433 ἐνεργῶν
1686 2354 1738 2411 ἐν
1802 2355 1955 2428 ὑμῖν,

293 2454 493 2511 καὶτὸ
567 2451 745 2509 θὲλειν
814 2449 908 2507 καὶ
979 2449 1042 2505 τὸ
1116 2447 1347 2527 ἐνεργεῖν
1421 2447 1552 2523 ὑπὲρ
1625 2446 1724 2516 τῆς
1800 2443 1957 2499 εὗδο-

298 2545 444 2606 κίας.

375 2636 487 2697 Τὰς
546 2634 650 2712 γὰρ
734 2633 851 2707 μετ’
929 2628 1224 2707 ἐγκωμίων
1288 2627 1654 2704 παραινέσεις,
1716 2624 1962 2703 εὐχερῶς

305 2720 528 2787 ἕκαστος
599 2719 839 2798 δέχεται.
904 2720 1157 2783 «Καθὼς
1215 2718 1445 2774 πάντοτε
1504 2718 1848 2789 ὑπηκούσατε
1881 2760 1896 2785 ,
1931 2739 1958 2767 ›)

309 2814 446 2869 ὡσεί
498 2809 706 2888 ἔλεγενσ
764 2810 1023 2871 Ἑαυτοὺς
1077 2810 1169 2864 καὶ
1225 2812 1316 2863 νῦν
1378 2807 1712 2882 μιμήσασθε,
1780 2805 1872 2862 καὶ
1928 2805 1961 2861 ἃ

306 2901 568 2974 ἐποιεῖτε,
604 2898 772 2955 πάλιν
829 2900 1118 2970 ποιήσατε.
1178 2921 1207 2951 (ι
1249 2899 1338 2967 Μή
1372 2896 1449 2960 ὡς
1482 2895 1532 2950 ἐν
1564 2899 1632 2970 τῇ
1690 2894 1965 2971 παρουσίᾳ

312 3012 419 3066 μου
453 2990 640 3064 μόνον.
679 2989 866 3045 ηΤότε
910 2988 1005 3063 μὲν
1056 2987 1159 3063 γὰρ
1219 2983 1351 3048 ἴσως
1407 2982 1665 3056 ἕδοκεῖτε,
1728 2982 1817 3040 διὰ
1864 2984 1966 3054 τὴν

312 3080 453 3156 πρὸς
491 3078 585 3153 ἐμὲ
642 3075 781 3133 αἰδῶ
838 3076 1015 3133 πάντα
1068 3076 1347 3151 πράττειν,
1379 3079 1470 3130 νῦν
1528 3072 1585 3129 δὲ
1639 3074 1726 3129 ἐὰν
1760 3073 1964 3129 ἐπιτεί-

309 3190 442 3241 νητε
493 3170 592 3240 τήν
649 3168 847 3243 ἀρετὴν
905 3164 993 3222 διὰ
1069 3165 1163 3220 τὸν
1223 3166 1351 3220 Θεὸν
1409 3161 1588 3233 δόξετε
1649 3164 1718 3219 τὰ
1775 3161 1966 3219 δέοντα

311 3264 513 3317 ποιεῖν.
563 3281 590 3313 ε
619 3257 766 3314 Μετᾶ
794 3251 971 3335 φόϐου
996 3255 1088 3311 καὶ
1130 3255 1363 3331 τρόμου.
1399 3277 1427 3305 ››
1471 3252 1550 3311 Οὐ
1597 3252 1701 3329 γὰρ
1734 3247 1808 3308 ἔνι
1840 3250 1963 3309 ἄνευ

310 3343 600 3412 εὐλαϐείας
652 3346 742 3402 καὶ
812 3349 908 3401 τοῦ
965 3341 1265 3399 δεδοικέναι
1321 3341 1413 3397 καὶ
1468 3343 1711 3416 τρέμειν,
1764 3342 1967 3420 ἀγαθόν

311 3460 367 3496 τι
420 3436 638 3514 πρᾶξαι.
690 3439 814 3501 Πῶς
855 3430 914 3489 δὲ
963 3432 1075 3488 ἐστι
1119 3433 1182 3487 τὸ
1233 3429 1503 3509 τρὲμειν;
1549 3429 1677 3486 Ὲᾶν
1722 3428 1965 3505 ἕνθυμώ-

315 3538 456 3602 μεθα
495 3527 580 3582 ὅτι
635 3527 918 3600 πανταχοῦ
956 3542 1211 3598 πτρεστιν
1238 3522 1266 3576 ό
1298 3520 1453 3589 Θεὸς,
1485 3520 1575 3574 καὶ
1632 3520 1811 3575 πάντα
1868 3520 1972 3595 ὁρᾷ

323 3616 416 3673 καὶ
449 3614 654 3684 ἀκούει,
693 3615 785 3670 καὶ
817 3613 901 3669 ὅτι
931 3611 1175 3688 χαλεπαὶ
1206 3612 1261 3666 αἱ
1297 3609 1531 3667 εὐθύνει.
1554 3634 1582 3662 ‹‹
1616 3608 1969 3683 Δουλεῦσατε,

319 3706 590 3785 φησὶ,τῷ
636 3702 827 3778 Κυρίῳ
880 3702 934 3757 ὲν
992 3696 1148 3780 φόϐῳ
1203 3700 1294 3755 καὶ
1353 3698 1688 3779 ἀγαλλιᾶσθε
1744 3700 1889 3772 αὐτῷ
1916 3695 1973 3754 ἐν

313 3795 531 3871 τρόμῳ,
569 3816 597 3846 η
628 3792 780 3852 Μετᾶ
812 3786 988 3871 φόϐου
1017 3791 1108 3846 καὶ
1134 3789 1369 3866 τρόμου.
1400 3822 1472 3831 -
1502 3790 1713 3862 [ΦΩΤ.]
1750 3787 1970 3851 Καλῶς.

321 3890 416 3943 Δεῖ
471 3883 572 3960 γὰρ
632 3877 915 3963 φοϐεῖσθαι
971 3879 1063 3935 καὶ
1139 3878 1358 3955 τρέμειν
1416 3876 1470 3933 ἔν
1523 3882 1605 3952 τῷ
1656 3877 1974 3956 ἑῷγάζεσθαι

312 3985 419 4047 τήν
453 3974 594 4032 ἰδίαν
618 3974 893 4050 σωτηρίαν
927 3971 1173 4044 ἕκαστον,
1220 3972 1297 4045 μή
1354 3991 1488 4026 ποτε
1543 3970 1973 4044 ὑποσκελισοεῖς,

319 4065 523 4140 ἐκπέσῃ
581 4064 806 4135 ταύτης.
860 4060 1076 4119 Πολλοὶ
1114 4059 1215 4138 γάρ
1269 4060 1401 4117 εἰσιν
1432 4062 1483 4116 οἳ
1514 4059 1831 4136 πειρασμοῖ,
1882 4061 1977 4117 καῖ

320 4152 536 4212 πολλοὶ
568 4153 620 4209 οἱ
652 4149 1121 4222 ἐπιϐουλεύοντες,
1172 4151 1373 4226 δπουγε
1427 4149 1518 4206 καὶ
1566 4148 1696 4207 αὐτὸ
1722 4152 1822 4221 τήν
1853 4151 1978 4226 ἀρε-

320 4244 425 4316 τῆν
455 4244 689 4314 ἀσκῆσαι
732 4241 894 4307 ἐνίοις
957 4241 1035 4305 είς
1089 4240 1402 4297 τούναντίον
1465 4235 1780 4312 ἐκϐέϐηκεν,
1841 4240 1982 4296 ἀπο-

315 4335 473 4397 νοίας
500 4334 592 4389 καὶ
634 4330 1005 4409 ὑπερηφανίας
1060 4331 1318 4396 ὑπόθεσις
1373 4332 1680 4408 γενόμενοι.
1746 4334 1839 4386 Δεῖ
1887 4330 1980 4385 οὖν

320 4422 414 4481 8ιᾶ
468 4426 636 4480 ταῦτα
693 4419 1006 4483 δεδοικότας
1089 4419 1181 4475 καὶ
1238 4418 1562 4495 τρέμοντας,
1621 4420 1720 4489 τήν
1776 4420 1981 4476 ἑαυτῶν

320 4511 607 4588 σωτηρίαν
662 4508 1087 4587 κατεργάζεσθαι
1120 4551 1135 4568 .
1192 4508 1257 4562 El
1319 4508 1396 4579 μὴ
1450 4508 1554 4583 γὰρ
1612 4509 1642 4563 ό
1701 4507 1836 4569 Θεὸς
1885 4508 1984 4563 τόν

323 4600 510 4677 ἆγῶνα
535 4599 628 4656 καί
655 4601 758 4669 τήν
794 4598 931 4674 μετᾶ
959 4592 1135 4672 φόϐου
1193 4593 1438 4665 πουδῆν
1499 4594 1725 4670 βλέπων
1785 4614 1978 4651 συναν-

2048 653 2138 703 est
2159 653 2356 704 autem
2375 653 2435 704 et
2459 649 2608 705 illud
2631 667 2643 705 :
2663 673 2689 699 σε
2718 652 2864 707 Data
2885 657 2976 708 est
3014 653 3159 707 mihi
3212 653 3408 709 omnis
3438 660 3703 726 potestas

2048 737 2109 792 in
2132 737 2279 794 ccelo
2312 743 2370 793 et
2399 738 2462 795 in
2492 743 2649 794 terra
2683 740 2747 795 ει.
2784 761 2813 789 »
2850 742 2935 797 Ad
2973 740 3451 799 incarnationem
3500 744 3705 817 igitur,

2051 831 2251 890 etnon
2274 828 2349 883 ad
2371 828 2744 885 divinitatem
2765 830 2891 885 haec
2914 831 3136 888 referre
3157 839 3409 905 oportet.
3436 857 3464 885 ‹‹
3517 836 3704 891 Omne

2048 933 2204 989 genu
2235 934 2298 973 se
2324 917 2543 973 ﬂectat.
2570 942 2591 969 ι
2620 919 2697 974 Ad
2727 920 3139 977 adorationem
3162 922 3454 979 videlicet.
3484 945 3513 973 ‹‹
3574 924 3705 980 Cm-

2052 1006 2292 1062 lestium
2330 1013 2388 1061 et
2418 1007 2805 1063 terrestrium.
2846 1031 2875 1059 »
2900 1009 3261 1082 Angelorum
3294 1017 3352 1067 et
3390 1011 3703 1068 hominum

2052 1110 2120 1150 ac
2141 1095 2501 1151 diemonum.
2529 1097 2838 1152 Daemones
2860 1097 3159 1170 siquidem
3183 1105 3239 1155 et
3280 1105 3701 1175 cognoverunt,

2054 1183 2277 1241 idcirco
2308 1185 2633 1241 dicebant:
2715 1208 2729 1235 ι
2788 1187 3066 1244 Novimus
3126 1193 3181 1244 te
3240 1190 3374 1262 quis
3435 1190 3516 1246 sis
3577 1191 3642 1259 “,
3678 1212 3709 1241 »

2055 1289 2271 1345 nempe
2298 1280 2541 1330 sanctus
2568 1274 2673 1330 ille
2702 1276 2828 1341 Dei,
2862 1281 2921 1331 et
2948 1284 3314 1350 cognoscent
3343 1280 3584 1351 quando
3644 1284 3711 1335 ut

2047 1364 2233 1436 judex
2262 1363 2657 1420 descenderit.
2692 1367 2766 1419 At
2794 1365 2935 1436 quia
2965 1371 3025 1421 et
3045 1366 3195 1439 justi
3228 1373 3287 1422 et
3342 1373 3704 1440 peccatores.

2061 1475 2090 1504 (ι
2122 1453 2446 1525 Omnisque
2494 1454 2657 1528 linga
2705 1455 3078 1511 conﬁteatur.
3144 1478 3172 1505 »
3224 1456 3376 1522 Quid
3401 1456 3710 1513 confitebi-

2058 1542 2200 1600 tur?
2227 1542 2394 1609 Quod
2423 1544 2709 1599 Dominus
2741 1543 2818 1599 sit
2853 1546 3022 1601 Jesus
3053 1544 3321 1601 Christus
3351 1546 3424 1602 ad
3454 1546 3707 1622 gloriam

2058 1633 2163 1688 Dei
2193 1632 2405 1691 Patris.
2437 1634 2541 1688 Est
2569 1634 2729 1688 enim
2758 1634 2952 1690 Patris
3008 1634 3196 1708 gloria
3249 1635 3433 1692 talem
3488 1636 3708 1692 habere

2059 1722 2229 1790 lium,
2262 1721 2531 1778 omnium
2561 1723 2880 1779 Dominum
2912 1727 2969 1778 et
2998 1723 3379 1782 Conditorem
3413 1742 3480 1781 ac
3502 1726 3711 1799 Deum,

2062 1825 2119 1875 et
2150 1819 2243 1875 cui
2280 1835 2342 1875 se
2373 1818 2572 1875 ﬂectat
2602 1836 2779 1876 omne
2808 1837 2988 1893 genu,
3022 1826 3079 1877 et
3109 1823 3304 1879 omnis
3334 1823 3538 1897 lingua
3570 1840 3711 1881 con-

1983 1939 2031 2004 B
2063 1913 2285 2004 teatur.

2136 1999 2205 2067 ΙΙ,
2238 2001 2326 2067 12,
2363 2000 2447 2056 t3.
2487 2021 2508 2048 ι
2544 1998 3031 2067 Proinde,dilecti
3060 2000 3714 2075 mei,quemadmodum

2063 2111 2092 2139 «
2126 2105 2365 2160 semper
2392 2088 2698 2158 obedistis,
2757 2106 2875 2144 non
2934 2096 3219 2163 tanquam
3278 2092 3341 2147 in
3396 2091 3717 2164 prmsentia

2065 2201 2093 2231 ‹‹
2127 2195 2261 2235 mea
2290 2179 2506 2247 solum,
2540 2179 2643 2235 sed
2675 2185 2817 2235 tunc
2846 2181 3030 2237 multo
3087 2182 3274 2255 magis
3332 2183 3393 2238 in
3447 2182 3719 2240 absentia

2068 2289 2098 2319 ‹‹
2128 2284 2261 2323 mea
2292 2284 2426 2323 cum
2457 2268 2674 2324 timore
2701 2284 2769 2325 ac
2824 2274 3080 2326 tremore
3138 2276 3395 2327 vestram
3446 2272 3714 2345 ipsorum

2066 2380 2093 2408 ‹.
2130 2357 2384 2414 salutem
2415 2359 2766 2430 operemini.
2799 2358 2903 2415 84
2935 2362 3077 2415 Nam
3107 2360 3262 2416 Deus
3286 2366 3377 2417 est
3398 2361 3448 2416 is
3472 2361 3573 2434 qui
3599 2363 3719 2435 agit

2066 2470 2096 2498 «
2130 2446 2191 2502 in
2217 2446 2385 2501 vobis
2418 2450 2477 2502 et
2504 2452 2574 2502 ut
2598 2447 2812 2516 velitis,
2846 2453 2904 2504 et
2933 2455 2999 2503 ut
3048 2448 3321 2506 efﬁciatis
3380 2467 3485 2522 pro
3530 2451 3719 2507 bene-

2073 2559 2094 2586 I
2130 2534 2370 2608 placito.
2410 2554 2435 2586 ι

2139 2628 2430 2693 Quoniam
2464 2627 2908 2687 exhortationes
2953 2646 3087 2687 cum
3143 2630 3432 2688 encomiis
3486 2631 3719 2690 facilius

2069 2718 2325 2789 quisque
2348 2718 2626 2787 admittit,
2662 2719 2795 2776 ideo
2817 2721 2933 2776 ait:
2959 2742 2987 2772 «
3011 2721 3523 2788 Quemadmodum
3564 2739 3720 2781 sem-

2071 2822 2179 2879 per
2196 2807 2498 2865 obedistis.
2527 2832 2555 2860 η
2576 2811 2659 2866 Ac
2682 2809 2730 2866 si
2753 2809 2978 2867 diceret
3001 2827 3017 2864 :
3037 2811 3145 2866 Vos
3171 2811 3333 2884 ipsos
3370 2829 3529 2868 nunc
3579 2831 3722 2887 quo-

2073 2912 2189 2969 que
2210 2898 2552 2969 imitemini,
2577 2904 2636 2955 et
2652 2916 2784 2971 quae
2800 2899 3107 2956 faciebatis
3129 2900 3324 2959 facite.
3351 2924 3380 2953 «
3420 2904 3547 2960 Non
3580 2907 3719 2959 tan-

2074 3002 2253 3057 quam
2285 2988 2695 3060 inpraesentia
2750 3005 2885 3045 mea
2942 2990 3156 3045 solum.
3218 3012 3247 3042 »
3304 2992 3538 3047 Etenim
3576 2997 3718 3048 tunc

2071 3074 2342 3133 fortassis
2369 3077 2729 3134 videbamini
2757 3079 2830 3135 ob
2862 3079 2977 3135 mei
3009 3078 3297 3151 pudorem
3329 3079 3532 3137 omnia
3563 3080 3724 3138 face-

2072 3182 2169 3221 re:
2209 3184 2369 3223 nunc
2398 3184 2533 3223 vero
2591 3168 2640 3224 si
2689 3167 2971 3225 auxeritis
3028 3169 3327 3239 virtutem,
3373 3170 3719 3226 videbimini

2076 3261 2321 3329 propter
2349 3258 2536 3313 Deum
2574 3258 2786 3314 fecisse
2816 3276 2948 3331 quas
2979 3264 3233 3332 oportet.
3267 3282 3296 3311 «
3326 3262 3470 3317 Cum
3512 3260 3725 3317 timore

2076 3350 2136 3401 et
2166 3351 2443 3402 tremore.
2478 3368 2506 3397 ι)
2536 3349 2661 3402 Non
2692 3346 2853 3402 enim
2881 3349 3312 3421 contingitsine
3326 3350 3731 3406 reverentiaet

2079 3434 2294 3490 timore
2325 3450 2393 3491 ac
2424 3439 2685 3492 tremore
2715 3437 2959 3511 aliquod
2983 3438 3208 3495 bonum
3267 3438 3520 3510 operari.
3573 3441 3728 3506 Quo-

2079 3521 2258 3577 modo
2281 3522 2444 3578 enim
2466 3524 2761 3598 contingit
2782 3529 3037 3581 tremere
3058 3525 3091 3582 7'
3118 3526 3176 3580 Si
3220 3526 3729 3584 consideravimus

2079 3609 2240 3681 quod
2261 3611 2484 3683 ubique
2506 3612 2676 3669 adest
2700 3613 2877 3680 Deus,
2906 3611 3227 3685 omniaque
3249 3615 3414 3672 audit
3436 3621 3495 3671 et
3541 3615 3733 3673 intue-

2080 3704 2179 3755 tur
2205 3715 2218 3754 :
2243 3700 2525 3772 quodque
2545 3717 2749 3774 graves
2773 3702 3089 3775 exiguntur
3111 3704 3375 3760 rationes
3398 3721 3466 3760 ac
3516 3721 3726 3777 poenas.

2082 3811 2110 3839 ‹‹
2136 3790 2610 3864 Servite,inquit,
2641 3792 2966 3849 Dominoin
2982 3794 3214 3865 timore,
3247 3799 3303 3850 et
3328 3795 3584 3852 exultate
3617 3796 3732 3870 ipsi

2081 3881 2144 3936 in
2167 3886 2424 3937 tremore
2447 3879 2514 3937 ⁸³.
2538 3902 2568 3932 »
2590 3884 2737 3939 Cum
2753 3885 2963 3940 timore
2989 3900 3059 3940 ac
3087 3890 3364 3940 tremore.
3402 3886 3577 3941 Recte
3603 3902 3615 3940 :
3650 3885 3737 3940 Si-

2083 3970 2326 4040 quidem
2340 3976 2573 4043 oportet
2589 3971 2801 4028 timere
2816 3990 2883 4030 ac
2896 3981 3153 4030 tremere
3167 3974 3306 4029 dum
3323 3975 3578 4046 quisque
3594 3992 3701 4049 pro
3717 4005 3735 4017 -

2082 4060 2275 4131 priam
2308 4067 2593 4132 operatur
2619 4062 3222 4135 salutem,nequando
3252 4064 3458 4120 fraude
3485 4065 3740 4121 circum-

2084 4155 2295 4207 ventus
2324 4151 2399 4207 ab
2427 4151 2537 4207 hac
2569 4152 2817 4209 excidat.
2855 4153 3045 4210 Varia;
3077 4160 3217 4210 sunt
3265 4155 3628 4213 tentationes
3680 4160 3742 4210 et

2085 4240 2760 4313 al'ilictiones,multique
2782 4242 3199 4300 insidiatores:
3224 4244 3327 4299 ubi
3346 4259 3486 4300 sane
3517 4245 3580 4299 in
3603 4243 3740 4316 qui—

2085 4330 2337 4386 busdam
2350 4330 2540 4402 ipsam
2555 4347 2793 4403 quoque
2803 4348 3077 4388 exercere
3090 4333 3240 4388 virtu
3250 4335 3741 4401 tem,contrarium

2088 4420 2315 4491 accepit
2333 4426 2609 4477 eventum
2631 4438 2644 4476 :
2669 4422 2810 4477 dum
2832 4423 3051 4478 factum
3079 4430 3167 4478 est
3197 4431 3613 4498 argumentum
3645 4441 3743 4480 ar-

2087 4509 2375 4581 rogantia
2402 4527 2471 4565 ac
2492 4510 2805 4583 superbius.
2834 4511 2918 4569 Ob
2942 4513 3069 4569 haec
3103 4520 3337 4585 oportet
3366 4531 3636 4587 quosque
3667 4514 3744 4569 ti-

2087 4600 2323 4652 mentes
2340 4614 2407 4653 ac
2422 4602 2744 4655 trementes
2755 4616 2923 4656 suam
2939 4604 3173 4674 operari
3185 4603 3571 4659 salutem.Nisi
3585 4603 3745 4660 enim

325 4683 650 4760 τιλάϐηται,
679 4685 773 4742 καὶ
795 4684 862 4741 τὸ
890 4684 1068 4741 θέλειν
1113 4683 1246 4739 αὐτὸ
1303 4683 1403 4737 οὐκ
1457 4680 1536 4745 εἴς
1593 4681 1797 4756 ἀγαθὸν
1846 4682 1966 4737 duo

2093 4686 2246 4741 Deus
2278 4686 2482 4742 ridens
2512 4694 2816 4745 certamen
2872 4690 3255 4764 studiumque
3313 4709 3449 4748 cum
3507 4692 3743 4761 timore,

330 4774 558 4850 ϐήσεται
611 4775 772 4839 τέλος
808 4820 823 4847 ,
910 4774 1001 4830 καὶ
1082 4773 1149 4829 τὸ
1211 4771 1446 4849 ἐνεργεῖν
1500 4770 1598 4826 οὔκ
1653 4769 1717 4826 ἂν
1767 4771 1981 4846 κριθείη

330 4869 527 4943 πρᾶξις
869 4862 1135 4934 Ἢθίλησε
1187 4861 1291 4941 γὰρ
1345 4862 1373 4916 ό
1426 4862 1561 4918 Κάϊν
1621 4859 1805 4925 θυσίαν
1867 4864 1985 4934 Θεῷ

334 4959 719 5038 προσαγαγεῖν,
768 4958 998 5031 πρᾶγμα
1064 4951 1302 5023 θελήσας
1355 4951 1479 5006 τότε
1536 4948 1791 5038 μᾷλιστα-
1831 4949 1986 5006 ἰπαι-

330 5036 501 5114 νετὸν,
549 5046 642 5102 καὶ
698 5043 1021 5119 ἔνήργησεν.
1085 5044 1284 5106 "Eoos:
1334 5039 1462 5115 γάρ*
1518 5037 1651 5094 ἀλλ’
1704 5036 1986 5113 οὐδέτερον

336 5133 617 5211 metm
878 5136 1032 5190 Θεοῦ.
1076 5132 1155 5190 Οὐ
1200 5130 1309 5206 γὰρ
1360 5131 1430 5200 ἦν
1474 5130 1609 5202 μετὰ
1665 5124 1842 5213 γόϐου
1895 5130 1987 5184 καὶ

333 5226 567 5301 τρόμου.
631 5224 724 5284 Διὸ
792 5219 924 5278 οὐδὲ
974 5215 1397 5277 σιηαντιλάϐετο
1422 5219 1487 5276 τὸ
1519 5223 1686 5290 θεῖον,
1736 5216 1853 5275 οὐδ’
1909 5219 1991 5282 εἷς

331 5313 495 5378 τέλος
524 5315 673 5387 αὐτῷ
701 5317 873 5369 ταῦτα
911 5307 1068 5387 ἐξέϐη
1118 5309 1386 5390 χρηστὸν.
1448 5307 1618 5373 Αὐτὸς
1658 5306 1714 5365 δὶ
1753 5306 1995 5387 ὶνεργεῖν

334 5426 471 5484 φησι
521 5407 615 5460 τὸν
660 5404 795 5460 Θεὸν
840 5403 1089 5466 εἰκότως.
1146 5401 1245 5457 Καὶ
1324 5402 1429 5478 γὰρ
1486 5394 1989 5473 συναντιλαμϐανό-

341 5516 501 5568 μενος
529 5497 709 5567 ἡμῶν,
752 5488 916 5555 αὐτός
973 5491 1123 5547 ἔστιν
1153 5491 1181 5546 ὃ
1211 5489 1437 5547 τελειῶν
1494 5489 1589 5545 καὶ
1643 5488 1813 5544 οἱονεὶ
1847 5506 1992 5563 μορο

337 5589 589 5661 ῳοποιῶν
641 5585 745 5654 τήν
783 5580 1059 5656 ἡμετέραν
1115 5581 1208 5636 καὶ
1263 5579 1486 5652 θέλησιν
1542 5577 1636 5635 καὶ
1693 5577 1990 5655 ἐνέργειαν.

2094 4773 2364 4849 adjuvet:
2386 4793 2497 4832 nec
2518 4777 2713 4850 ipsum
2742 4778 2916 4849 velle,
2950 4780 3131 4837 finem
3165 4781 3387 4837 bonum
3440 4781 3742 4848 sortietur,

2094 4879 2207 4920 nec
2227 4865 2425 4936 ipsum
2446 4867 2849 4938 operaribona
2866 4869 3018 4925 actio
3062 4870 3322 4942 judicari
3371 4869 3608 4942 poterit.
3642 4870 3749 4925 Vo-

2095 4951 2207 5007 luit
2220 4968 2477 5026 namque
2491 4955 2634 5012 Cain
2653 4957 3013 5014 sacrificium
3029 4960 3148 5015 Deo
3161 4960 3374 5015 oﬁ‘erre
3399 4958 3465 5028 Ν,
3497 4976 3624 5015 rem
3647 4976 3750 5015 vo-

2096 5041 2227 5097 lens
2249 5058 2385 5115 qum
2402 5050 2547 5101 tunc
2563 5045 2819 5101 maxime
2842 5045 3160 5103 laudabilis
3174 5054 3330 5115 erat;
3348 5053 3403 5104 et
3435 5052 3750 5105 exsecutus

2098 5132 2793 5199 est;sacriticavitcnim:
2827 5136 2933 5192 sed
2974 5142 3253 5193 neutrum
3295 5138 3414 5193 Deo
3438 5144 3747 5211 acceptum

2096 5219 2232 5289 fuit,
2265 5222 2561 5294 siquidem
2592 5240 2713 5281 non
2745 5231 2871 5281 erat
2899 5241 3037 5282 cum
3086 5227 3304 5283 timore
3353 5243 3421 5283 ac
3466 5234 3748 5284 tremore.

2098 5310 2238 5368 Ideo
2267 5328 2465 5384 neque
2485 5313 2749 5370 divinum
2780 5317 3010 5387 accepit
3038 5316 3351 5385 auxilium,
3400 5332 3600 5389 neque
3624 5318 3753 5373 hinc

2098 5400 2162 5456 in
2193 5404 2621 5460 commundum
2653 5406 2836 5461 ﬁnem
2868 5407 2956 5461 illi
2977 5407 3638 5478 processerunt.Merito
3652 5422 3754 5462 au-

2100 5494 2221 5546 tem
2250 5490 2438 5549 Deum
2468 5494 2551 5549 ait
2581 5496 2813 5567 operari
2843 5511 2859 5550 :
2895 5496 3195 5568 siquidem
3226 5497 3352 5569 ipse
3386 5501 3475 5552 est
3507 5494 3757 5551 auxilia-

2098 5585 2194 5636 tor
2220 5587 2445 5652 noster,
2468 5584 2600 5657 ipse
2619 5584 2721 5656 qui
2743 5586 2975 5658 perficit
2996 5591 3053 5641 et
3095 5586 3273 5642 veluti
3312 5585 3566 5642 formam
3590 5583 3759 5642 addit

407 5747 456 5788 α
480 5747 685 5810 Matth.
713 5763 909 5817 xum,
941 5748 1028 5811 18.
1059 5745 1107 5784 ﬂ
1134 5744 1341 5807 Matth.
1371 5761 1491 5817 νω,
1513 5743 1605 5805 29.
1640 5744 1688 5781 ¹³
1712 5742 1873 5805 Psal.
1904 5757 1966 5814 II,

2076 5783 2086 5798 -
2120 5742 2165 5783 “
2195 5745 2344 5807 Gen.
2374 5758 2453 5813 tv,
2486 5750 2515 5803 ι
2549 5764 2716 5821 seqq.
