4108 6416
339 383 494 444 1287

1461 379 1885 440 (ECUMENII
1933 377 2240 440 TRICC/E
2281 379 2636 442 EPISCOPI

3604 388 3628 444 1
3642 384 3759 443 298

338 526 559 576 nostras
582 526 639 576 et
659 520 943 576 voluntati
960 523 1018 574 et
1038 517 1389 591 operationi.
1412 519 1614 571 Potest
1637 530 1871 586 quoque
1905 512 1976 567 il-

2103 511 2416 570 Δύναταιδῖι
2454 515 2537 571 τό.
2599 516 2655 568 '0
2709 512 2839 576 Θεὸς
2901 516 3004 590 γάρ
3071 514 3212 570 ἐστιν
3273 516 3299 569 6
3354 513 3604 589 ἐνεργῶν,
3664 515 3755 570 καὶ

335 609 663 665 lud:Deus
694 610 864 665 estis
897 609 997 679 qui
1058 607 1196 681 agit,
1257 613 1393 674 etc.,
1447 606 1672 662 dictum
1730 620 1859 660 esse
1918 607 1986 659 ut

334 703 582 770 agantur
603 698 732 754 sine
759 695 1330 752 murmurationibus
1347 712 1415 750 ac
1428 692 1979 766 disceptationibus.

331 787 480 852 Quid
513 788 673 843 enim
705 804 1067 856 murmuras,
1096 787 1312 859 inquit,
1346 785 1516 857 quasi
1556 785 1760 840 labore
1817 801 1985 855 pres-

326 892 428 930 sus
448 876 476 929 ?
499 877 653 930 Deus
675 876 837 931 estis
858 877 958 948 qui
1008 882 1225 932 cuncta
1277 880 1575 945 operatur,
1610 878 1670 928 et
1718 872 1860 943 quid
1890 871 1983 927 id-

331 970 562 1036 sceptas
595 966 668 1020 de
699 964 936 1020 virtutis
962 964 1360 1021 difﬁcultate?
1389 964 1576 1021 Deum
1608 962 1786 1018 habet
1815 961 1985 1016 auxi-

329 1053 627 1109 ]iatorem.
656 1076 685 1104 «
720 1056 866 1109 Nam
894 1055 1050 1109 Deus
1081 1060 1171 1109 est
1198 1055 1247 1109 is
1279 1054 1380 1124 qui
1438 1053 1558 1125 agit
1611 1052 1672 1106 in
1732 1050 1916 1106 vobis.
1955 1073 1976 1101 ι

329 1144 623 1210 Quoniam
647 1143 875 1199 dixerat
898 1159 1033 1199 cum
1052 1143 1264 1198 timore
1302 1159 1369 1198 ac
1407 1147 1685 1209 tremore,
1723 1140 1822 1196 85
1856 1140 1978 1194 ait:

324 1234 399 1288 At
428 1249 503 1288 ne
537 1232 609 1288 ob
642 1233 754 1289 hoc
781 1232 1112 1288 terramini.
1167 1233 1322 1287 Deus
1381 1231 1544 1286 enim
1591 1235 1682 1286 est
1737 1229 1839 1300 qui
1865 1229 1984 1302 agit

324 1322 387 1377 in
413 1321 580 1377 vobis
612 1327 671 1376 et
696 1327 764 1377 ut
794 1320 982 1377 velitis
1014 1326 1073 1375 et
1126 1326 1194 1375 ut
1247 1320 1543 1385 efﬁciatis,
1601 1320 1714 1374 hoc
1754 1324 1864 1387 est,
1918 1325 1983 1373 ut

330 1411 659 1482 operemini
684 1410 1160 1481 bonumzitaque
1182 1428 1283 1465 vos
1302 1415 1502 1465 tamen
1544 1413 1779 1480 oportet
1821 1408 1981 1479 piam

331 1501 542 1555 aﬁ'erre
574 1506 858 1567 mentem,
891 1504 951 1554 et
978 1500 1134 1556 bona
1162 1498 1312 1555 velle
1343 1515 1479 1555 cum
1510 1499 1722 1554 timore
1754 1515 1820 1553 ac
1869 1504 1985 1553 tre-

332 1604 518 1644 more.
552 1590 696 1644 Nam
726 1589 828 1644 ubi
858 1588 921 1643 id
949 1588 1150 1656 fuerit,
1184 1594 1624 1661 consequenter
1671 1594 1730 1643 et
1784 1588 1981 1659 ipsum

330 1677 479 1733 velle
507 1679 655 1733 Deus
677 1677 1007 1750 angebit,ac
1033 1678 1252 1734 efﬁciet
1298 1684 1365 1733 ut
1406 1678 1563 1733 bona
1606 1678 1668 1733 in
1709 1694 1858 1749 Opus
1888 1678 1984 1733 de-

328 1765 640 1822 ducantur.
666 1769 781 1822 Aut
807 1767 964 1838 quod
980 1767 1199 1822 Paulus
1221 1766 1294 1821 ob
1330 1767 1582 1822 multam
1630 1768 1815 1822 animi
1846 1783 1981 1839 gra-

2090 601 2234 674 ἑξῆς,
2291 602 2384 658 καὶ
2436 604 2511 664 ὡς
2562 601 2710 658 αἴτια
2741 603 2989 677 εἰρῆσθαι
3044 610 3142 660 τοῦ
3203 605 3381 680 χωρὶς
3442 611 3739 680 γογγυσμῶ

2086 691 2178 745 καὶ
2208 688 2612 769 διαλογισμῶν.
2666 692 2726 747 Τί
2759 694 2865 770 γὰρ
2895 698 3205 770 γογγυζεις,
3266 693 3452 772 φησὶν,
3514 693 3590 754 ὡς
3647 713 3747 746 γο-

2089 786 2231 836 πιῶν
2263 801 2277 851 ;
2310 783 2371 840 Ὀ
2402 784 2536 844 Θεός
2557 780 2701 838 ἐστιν
2729 784 2757 838 6
2788 781 2964 839 πάντα
3009 782 3259 859 ἐνεργῶν,
3292 782 3383 838 καὶ
3447 784 3501 838 τί
3561 780 3749 837 διαλο-

2087 868 2211 943 γίζῃ
2234 872 2297 925 τὸ
2328 869 2584 926 ἐπίπονον
2614 878 2717 941 τῆς
2772 872 2993 948 ἀρετῆς,
3057 873 3185 928 Θεὸν
3241 866 3385 948 ἔχων
3448 872 3744 947 συνεργόν;

2094 981 2119 1011 α
2152 961 2213 1017 Ὁ
2245 962 2375 1025 Θεὸς
2418 962 2520 1040 γάρ
2569 962 2712 1018 ἐστιν
2764 964 2792 1018 6
2852 964 3108 1041 ἐνεργῶν.
3145 987 3174 1017 ι)
3235 960 3459 1031 Ἐπειδή
3512 965 3657 1019 εἶπεν
3690 960 3743 1017 ἐν

2090 1043 2246 1126 φόϐῳ
2305 1052 2392 1106 καὶ
2447 1052 2664 1127 τρόμῳ,
2721 1051 2906 1130 φησὶν,
2959 1049 3109 1107 ἀλλά
3168 1053 3245 1127 μή
3304 1058 3587 1122 πτοηθῆτε
3652 1049 3742 1106 διὰ

2089 1142 2273 1195 τοῦτο.
2314 1140 2376 1197 Ὁ
2406 1140 2534 1203 Θεὸς
2585 1141 2688 1217 γάρ
2747 1140 2886 1196 ἐστιν
2941 1141 2970 1195 6
3027 1139 3253 1218 ἐνεργῶν
3306 1140 3358 1197 ἑν
3392 1140 3520 1214 ὑμῖν
3559 1141 3651 1195 καὶ
3680 1140 3743 1196 τὸ

2090 1225 2264 1291 θέλειν
2320 1229 2411 1284 καὶ
2463 1230 2525 1285 τὸ
2583 1228 2845 1307 ἐνεργεῖν,
2904 1233 3173 1301 τουτέστι,
3238 1232 3302 1285 τὸ
3369 1229 3622 1305 πράττειν
3680 1229 3742 1285 τὸ

2087 1316 2308 1391 ἀγαθόν.
2386 1325 2545 1375 Ὥστε
2625 1320 2765 1394 ὑμᾶς
2821 1319 2935 1394 ’χρή
2998 1318 3160 1392 μόνον
3229 1320 3457 1397 γνώμην
3528 1315 3740 1387 εὐλαϐῆ

2087 1415 2488 1487 προσενεγκεῖν,
2519 1410 2610 1465 καὶ
2664 1410 2728 1467 τὸ
2782 1410 2957 1466 θέλειν
3020 1411 3089 1467 τὰ
3140 1410 3315 1488 ἀγαθά
3374 1411 3511 1484 μετά
3569 1404 3745 1485 φόϐου

2085 1499 2174 1552 καὶ
2203 1498 2435 1571 τρόμου.
2467 1500 2633 1557 Ὃταν
2676 1499 2779 1573 γὰρ
2838 1504 2874 1574 ῇ
2930 1503 3116 1569 τοῦτο,
3176 1497 3374 1555 λοιπὸν
3408 1500 3437 1555 6
3468 1499 3600 1560 Θεὸς
3649 1497 3745 1554 καὶ

2086 1587 2150 1641 τὸ
2203 1587 2377 1650 θέλειν
2465 1587 2596 1643 αὐτὸ
2684 1586 2851 1658 αὔξει,
2938 1589 3030 1644 καὶ
3089 1589 3153 1644 τὸ
3204 1588 3624 1663 κατεργάζεσθαι
3678 1588 3748 1643 τὰ

2089 1674 2261 1749 ἀγαθά
2291 1675 2587 1751 ἐνεργήσει.
2639 1678 2715 1734 ’ΊΙ
2746 1678 2839 1733 ’ὸτε
2893 1674 2983 1733 διὰ
3036 1675 3260 1746 πολλὴν
3319 1676 3745 1750 εὐγνωμοσύνην

2090 1765 2119 1818 6
2170 1762 2387 1828 Παῦλος
2445 1765 2537 1821 καὶ
2595 1764 2726 1822 αὐτὸ
2775 1766 2838 1821 τὸ
2896 1764 3073 1822 θέλειν
3131 1765 3276 1842 λέγει
3350 1772 3410 1822 έκ
3460 1770 3560 1822 τοῦ
3612 1764 3752 1822 Θεοῦ

322 1854 642 1911 titudinem
674 1856 872 1928 ipsum
907 1873 1146 1928 quoque
1175 1856 1325 1912 velle
1357 1856 1502 1911 dicit
1557 1873 1591 1911 a
1643 1858 1762 1913 Deo
1804 1858 1976 1927 efﬁci,

2090 1851 2442 1929 ἐνεργεῖσθαι,
2503 1854 2579 1918 ὡς
2631 1856 2757 1910 ἄταν
2811 1857 2880 1910 τὰ
2917 1855 3318 1931 κατορθώματα
3373 1856 3560 1925 αὐτοῦ,
3599 1853 3747 1910 πολ·

332 1946 484 2002 sicut
505 1945 743 2018 quando
765 1963 871 2002 sua
894 1947 1126 2020 egregia
1140 1946 1405 2003 facinora
1451 1946 1797 2018 frequenter
1826 1947 1982 2003 dona

328 2035 592 2107 appellat
623 2053 635 2089 :
675 2052 795 2091 non
819 2034 1075 2091 liberum
1107 2035 1324 2091 tollens
1378 2035 1711 2091 arbitrium.
1763 2036 1935 2091 Absit
1966 2036 1977 2091 !

327 2123 439 2179 Sed
472 2125 856 2181 vehementer
884 2131 1107 2197 gratus,
1143 2127 1463 2196 omniaque
1495 2125 1557 2180 in
1591 2126 1774 2181 Deum
1827 2126 1981 2181 refe-

324 2230 464 2270 rens
497 2230 510 2268 :
544 2219 610 2269 ut
637 2232 747 2270 nos
779 2216 958 2270 etiam
984 2232 1089 2287 pro
1123 2216 1215 2271 his
1278 2232 1409 2286 quas
1468 2232 1808 2287 operamur,
1862 2220 1977 2271 Deo

326 2303 545 2373 gratias
575 2320 838 2377 agamus.
874 2326 902 2354 «
930 2306 995 2359 In
1025 2304 1209 2361 vobis.
1244 2326 1273 2356 »
1304 2309 1367 2360 In
1398 2304 1560 2361 vobis
1592 2306 1693 2377 qui
1724 2311 1979 2361 vestram

325 2391 579 2447 salutem
610 2410 747 2450 cum
776 2394 988 2450 timore
1023 2399 1081 2450 et
1125 2401 1383 2451 tremore
1447 2395 1778 2468 operamini
1812 2410 1825 2450 :
1878 2412 1980 2450 eos

327 2499 585 2555 namque
612 2485 714 2555 qui
745 2484 895 2540 tales
926 2490 1065 2540 sunt
1094 2485 1351 2558 adjuvat.
1390 2510 1412 2535 ι
1462 2488 1575 2543 Pro
1634 2486 1979 2558 beneplaci-

329 2576 407 2627 to.
433 2594 461 2623 η
498 2574 570 2628 Ut
599 2574 970 2645 compleatur
1002 2575 1065 2630 in
1094 2575 1260 2631 vobis
1287 2575 1728 2649 beneplacitum
1777 2592 1844 2632 ac
1887 2593 1982 2632 vo-

332 2659 533 2717 luntas
564 2661 772 2734 ipsius.

398 2750 468 2815 Il,
506 2752 688 2806 14-16.
722 2751 919 2807 Omnia
946 2756 1119 2822 facite
1165 2752 1285 2809 sine
1340 2755 1873 2812 murmurationibus
1919 2773 1981 2812 ac

327 2839 911 2909 disceptationibus,ut
929 2858 1086 2897 nemo
1099 2842 1166 2897 de
1191 2843 1344 2899 vobis
1361 2847 1534 2915 quaeri
1573 2845 1770 2915 possit,
1804 2847 1984 2901 since-

326 2929 487 3000 rique
515 2930 652 2986 Filii
680 2932 800 2999 Dei,
834 2933 1335 3003 irreprehensibilcs
1391 2936 1451 2989 in
1508 2936 1691 2991 medio
1740 2939 1982 2992 nationis

318 3035 512 3089 pravae
542 3036 607 3075 ac
636 3026 911 3086 tortuosa,
945 3021 1092 3077 inter
1121 3040 1254 3094 quos
1286 3025 1473 3079 lucetis
1504 3032 1770 3098 tanquam
1818 3027 1982 3081 tinni-

328 3111 493 3164 naria
522 3111 581 3165 in
609 3112 814 3167 mundo
841 3128 1144 3168 sermonem
1173 3116 1298 3168 vita.o
1329 3114 1671 3170 continentes
1697 3131 1709 3169 :
1742 3123 1805 3170 ut
1861 3116 1980 3185 glo-

323 3202 466 3255 riari
484 3200 695 3271 possim
725 3204 784 3257 in
814 3203 959 3259 diem
989 3203 1212 3271 Christi,
1244 3206 1393 3275 quod
1420 3223 1531 3262 non
1561 3209 1620 3262 in
1649 3225 1853 3264 vanum
1881 3227 1981 3265 cu-

324 3293 614 3359 currerim,
648 3308 747 3348 nec
775 3294 835 3348 in
866 3310 1072 3349 vanum
1103 3295 1489 3353 laboraverim.

394 3403 422 3431 ‹‹
449 3380 589 3438 Sine
620 3383 1216 3441 murmurationibus.
1252 3408 1281 3437 ››
1310 3387 1457 3444 Nam
1490 3388 1591 3458 qui
1621 3396 1974 3458 murmurat,

321 3470 440 3525 Deo
470 3469 735 3543 ingratus
767 3477 857 3527 est
884 3489 897 3527 :
930 3473 1032 3544 qui
1063 3490 1198 3529 vero
1230 3475 1496 3548 ingratus
1518 3483 1627 3545 est,
1653 3478 1975 3536 maledicit.

319 3557 791 3630 Disceptationes
819 3576 958 3616 vero
990 3562 1134 3617 dicit
1190 3563 1613 3622 hmsitationes.
1668 3568 1976 3639 Proposito

320 3647 482 3703 enim
513 3648 618 3703 Dei
651 3655 971 3723 praecepto,
1004 3668 1124 3707 non
1155 3659 1389 3725 oportet
1417 3655 1742 3729 ambigere,
1776 3664 1976 3714 utrum

318 3736 514 3794 facere
544 3744 815 3810 oporteat
844 3757 1045 3797 annon
1074 3742 1294 3813 facere,
1336 3743 1442 3800 sed
1495 3746 1698 3802 omnia
1754 3746 1972 3804 facere.

320 3846 349 3874 «
384 3827 456 3882 Ut
485 3844 664 3883 nemo
696 3828 766 3884 de
797 3828 961 3885 vobis
993 3831 1181 3902 quaeri
1211 3832 1419 3903 possit.
1455 3856 1484 3883 ››
1508 3835 1579 3890 Ut
1597 3835 1971 3908 sitis,inquit,

318 3913 543 3987 absque
568 3915 701 3973 fuco
736 3922 796 3973 et
824 3918 1186 3976 offendicula
1218 3938 1285 3977 ac
1317 3923 1808 3994 reprehensione.
1848 3946 1872 3979 ι
1903 3928 1971 3981 In

318 4004 516 4060 medio
560 4006 820 4063 nationis
851 4025 1065 4080 pravaa.
1098 4010 1368 4066 Ostendit
1396 4012 1557 4084 quod
1590 4014 1764 4070 multi
1804 4020 1974 4071 erant

316 4092 756 4166 impugnantes.
789 4096 943 4152 etad
996 4100 1535 4156 murmurationem
1593 4102 1971 4158 inducentes.

318 4181 431 4237 Sed
452 4182 1172 4257 hoc,inquit,praaclarum
1195 4194 1286 4244 est
1323 4196 1390 4245 ut
1437 4190 1489 4246 is
1533 4190 1634 4261 qui
1665 4191 1976 4247 vellicatur

318 4287 441 4326 non
465 4281 1020 4347 murmuret,neque
1038 4277 1099 4332 in
1118 4277 1366 4333 dubium
1393 4284 1497 4334 aut
1535 4279 1972 4336 haesitationem

319 4360 510 4416 cadat.
538 4384 566 4411 «
584 4363 749 4419 Inter
766 4381 916 4436 quos
937 4365 1172 4423 lucetis.
1202 4387 1231 4417 »
1266 4368 1428 4423 Inter
1469 4384 1618 4438 quos
1666 4385 1876 4440 pravos
1907 4387 1974 4426 ac

318 4452 638 4520 tortuosos,
671 4457 959 4524 tanquam
990 4454 1313 4512 luminaria
1368 4456 1602 4513 lucetis.
1666 4459 1971 4531 Siquidem

2091 1940 2251 2005 λάκις
2304 1943 2621 2018 χαρίσματα
2677 1941 2875 2014 καλεῖ,
2929 1944 3029 1999 οὐκ
3081 1943 3317 2019 ἀναιρῶν
3376 1944 3439 2000 τὸ
3487 1943 3750 2015 αὐτεξού-

2090 2052 2240 2086 σιον.
2302 2032 2555 2109 ’Δπαγεί
2614 2031 2794 2088 Ἀλλά
2855 2030 3062 2112 σφόδρα
3118 2030 3193 2087 ὢν
3263 2033 3589 2111 εὐχάριστος
3644 2032 3736 2087 καὶ

2087 2122 2259 2177 πάντα
2305 2122 2572 2186 ἀνατιθεὶς
2619 2128 2700 2196 τῷ
2756 2128 2895 2196 Θεῷ,
2952 2123 3040 2179 ’ἱνα
3095 2124 3184 2179 καὶ
3249 2125 3382 2196 ὑπὲρ
3440 2125 3516 2179 ὧν
3575 2126 3743 2196 ἡμεῖς

2085 2210 2479 2286 κατορθοῦμεν,
2514 2212 2678 2287 χάριν
2719 2205 2937 2287 ἔχωμεν
2998 2216 3078 2286 τῷ
3133 2217 3270 2285 Θεῷ.
3332 2236 3360 2265 ‹‹
3392 2215 3480 2270 ’Ev
3532 2213 3680 2285 ὑμῖν.
3716 2236 3748 2264 η

2089 2302 2176 2357 Ἑν
2219 2301 2346 2374 ὑμῖν
2395 2306 2514 2363 τοῖς
2563 2301 2699 2375 μετά
2754 2301 2932 2381 φόλου
2982 2300 3072 2358 καί
3124 2302 3334 2379 τρόμου
3388 2305 3489 2373 τήν
3540 2304 3749 2358 ἑαυτῶν

2089 2390 2363 2463 σωτηρίαν
2394 2390 2907 2466 κατεργαζομένοις.
2957 2392 3089 2453 Τοῖς
3149 2390 3254 2468 γὰρ
3311 2390 3583 2451 τοιούτοις
3622 2411 3752 2445 συν-

2090 2483 2258 2553 εργεῖ.
2332 2502 2359 2531 ι(
2388 2478 2548 2554 Ὑπὲρ
2617 2485 2716 2549 σῆς
2772 2475 3047 2547 εὐδοκίας,
3098 2483 3198 2535 τοῦ
3248 2476 3611 2554 πληρωθῆναι
3669 2479 3751 2542 εἰς

2092 2567 2233 2641 ὑμᾶς
2254 2568 2353 2637 τὴν
2390 2563 2639 2623 εὐδοκίαν
2668 2567 2758 2623 καὶ
2789 2570 2890 2639 τήν
2924 2568 3135 2640 βουλὴν
3178 2567 3364 2625 αὐτοῦ.

2163 2748 2346 2803 Πάντα
2398 2753 2609 2803 ποιεῖτε
2700 2748 2878 2824 χωρὶς
2963 2754 3297 2826 γογγυσμῶν
3384 2750 3475 2805 καὶ
3555 2746 3751 2804 διαλο-

2089 2842 2321 2911 γισμῶν,
2401 2835 2495 2892 ἵνα
2577 2829 2807 2914 γένησθε
2889 2836 3170 2912 ἄμεμπτοι
3245 2840 3335 2893 καὶ
3440 2839 3747 2914 ἀκαέραιοι,

2089 2926 2248 2981 τέκνα
2301 2930 2435 2980 Θεοῦ
2511 2925 2815 2999 ἀμώμητα,
2901 2927 2953 2980 ἐν
3045 2925 3194 3002 μέσῳ
3277 2934 3459 3003 γενεᾶς
3521 2926 3750 2989 σκολιᾶς

2091 3015 2181 3070 καὶ
2239 3012 2671 3089 διεστραμμένης
2706 3060 2721 3086 ,
2780 3017 2835 3071 ὲν
2922 3018 3002 3080 οἶς
3061 3016 3305 3095 φαίνεσθε
3389 3017 3465 3078 ὡς
3523 3023 3753 3096 φωστῆ-

2093 3124 2179 3179 ρες
2212 3102 2263 3159 ἐν
2293 3104 2509 3177 κόσμῳ,
2575 3102 2743 3180 λόγον
2804 3111 2949 3175 ζωῆς
3009 3105 3321 3182 ἐπέχοντες,
3360 3105 3438 3169 είς
3483 3104 3752 3181 καύχημα

2092 3192 2269 3266 ἐμοὶ,
2318 3192 2394 3256 εἰς
2450 3192 2661 3268 ἡμέραν
2746 3196 2977 3271 Χριστοῦ
3015 3238 3031 3264 ,
3081 3194 3164 3251 δτι
3252 3196 3352 3252 οὐκ
3434 3194 3511 3265 εἲς
3594 3202 3751 3250 κενὸν

2091 3278 2348 3358 ἔδραμον,
2380 3280 2507 3338 οὐδὲ
2538 3282 2614 3346 εἷς
2647 3284 2794 3339 κενὸν
2829 3283 3114 3341 ἐκοπίασα.

2163 3395 2188 3426 ιι
2224 3371 2410 3445 Χωρῖς
2442 3378 2797 3447 γογγυσμῶν.
2835 3399 2857 3429 ι
2913 3374 2975 3432 Ὁ
3031 3375 3135 3449 γὰρ
3201 3376 3485 3450 γογγύζων
3547 3375 3751 3451 ἀχαρι-

2088 3466 2203 3517 στεῖ
2241 3466 2320 3535 τῷ
2376 3465 2512 3534 Θεῷ.
2573 3462 2634 3519 Ὀ
2692 3459 2751 3517 δὲ
2814 3464 3131 3539 ἀχαριστῶν
3190 3461 3487 3542 δυσφημεῖ.
3551 3461 3753 3519 Διαλοο

2084 3551 2314 3626 γισμοὺς
2369 3547 2447 3619 δὲ,
2539 3552 2696 3629 φησὶ,
2754 3552 2851 3616 τὰς
2897 3548 3257 3633 ἀμφιϐολίας.
3315 3551 3582 3623 Ἐντολῆς
3629 3554 3739 3628 γὰρ

2086 3644 2223 3696 Θεοῦ
2296 3640 2685 3713 προκειμένης,
2772 3639 2835 3695 οὐ
2915 3638 2998 3696 δεῖ
3053 3636 3453 3721 ἀμφισϐητεῖν,
3514 3641 3619 3716 ἄρα
3671 3638 3758 3697 δεῖ

2085 3731 2309 3799 ποιῆσαι
2343 3728 2378 3799 ἢ
2425 3730 2501 3803 μὴ
2560 3736 2814 3799 ποιῆσαι,
2874 3728 3022 3787 ἀλλά
3078 3732 3252 3787 πάντα
3310 3736 3513 3789 ποιεῖν.
3572 3756 3600 3783 (ι
3632 3733 3753 3789 Ἵνα

2082 3820 2310 3894 γένησθε
2366 3817 2670 3892 ἄμεμπτοι.
2704 3842 2733 3871 ››
2781 3821 2913 3897 ’Ἰνα-
2953 3820 3205 3894 γένησθε,
3259 3821 3446 3897 φησὶν,
3508 3820 3745 3897 είλικρι-

2083 3913 2190 3970 νεῖς
2234 3908 2325 3963 καὶ
2369 3906 2708 3983 ἀπρόσκοποι
2768 3908 2859 3964 καὶ
2887 3894 3167 3983 ’ἄψεκτομ
3226 3894 3279 3963 «ν
3309 3911 3399 3967 Ἐν
3455 3907 3605 3983 μέσῳ
3654 3894 3748 3986 γε-

2082 4001 2222 4059 νεᾶς,
2254 4020 2282 4048 ››
2323 3995 2599 4051 Δείκνυσιν
2641 3998 2723 4053 ὅτι
2773 3995 2982 4053 πολλοὶ
3044 3998 3180 4068 ἦσαν
3233 3999 3285 4054 οἱ
3342 3996 3750 4072 πολεμοῦντες,

2082 4090 2177 4140 καῖ
2231 4084 2372 4160 πρὸς
2429 4084 2748 4162 γογγυσμὸν
2808 4084 3119 4161 ἐπάγοντες.
3190 4084 3368 4144 ’Δλλά
3407 4090 3573 4142 τοῦτο
3623 4083 3750 4140 ἐνά-

2085 4193 2259 4249 ρετον,
2287 4174 2444 4248 φησὶ,
2473 4175 2537 4229 τὸ
2566 4176 3035 4249 παρακνιζόμενον
3087 4178 3228 4251 μήτε
3283 4178 3572 4254 γογγόσαι,
3607 4177 3751 4250 μήτε

2085 4262 2163 4325 εἲς
2225 4257 2564 4342 ἀμφιϐολίαν
2620 4266 2803 4319 πεσεῖν
2861 4266 2896 4336 ἢ
2955 4262 3275 4342 δισταγμόν.
3330 4267 3477 4323 «Ἐν
3508 4268 3591 4328 οἷς
3620 4264 3751 4342 φαί-

2083 4352 2252 4408 νεσθε.
2289 4375 2317 4403 ››
2373 4354 2465 4409 Ἐν
2524 4353 2610 4415 οἷς
2670 4350 2918 4417 σκολιοῖς
2970 4355 3059 4411 καὶ
3129 4353 3604 4429 διεστραμμένοις,
3666 4355 3746 4418 ὡς

2081 4456 2367 4530 φωστῆρες
2424 4449 2698 4527 φαίνεσθε.
2774 4452 2878 4509 Καὶ
2938 4452 3041 4527 γὰρ
3095 4450 3280 4528 ὥσπερ
3338 4453 3395 4508 οἱ
3454 4458 3745 4531 φωστῆρες

320 4540 826 4609 quemadmodum
861 4542 1181 4601 luminaria
1210 4546 1272 4601 in
1304 4547 1567 4603 tenebris
1591 4547 1771 4614 lucet,
1803 4549 1885 4606 ita
1915 4556 1974 4606 et

2088 4537 2132 4595 ἒν
2182 4539 2362 4595 σκότει
2423 4537 2730 4612 λάμπουσι,
2787 4540 2880 4596 καὶ
2939 4541 3095 4614 ὑμεῖς
3134 4540 3185 4597 ἐν
3247 4542 3395 4616 μέσῳ
3450 4546 3531 4614 τῷ
3562 4539 3746 4596 σκότει

318 4644 417 4683 vos
436 4628 495 4684 iu
519 4629 734 4688 mediis
752 4639 1133 4703 peccatorum
1155 4634 1395 4691 illorum
1426 4637 1691 4693 tenebris
1737 4638 1970 4695 lucetis.

320 4738 347 4767 «
379 4718 726 4776 Sermonem
750 4722 884 4779 vitas
908 4723 1305 4780 continentes.
1334 4747 1361 4776 ››
1388 4727 1506 4782 Hoc
1548 4732 1657 4792 est,
1707 4728 1809 4784 80
1841 4730 1975 4785 sub-

320 4806 471 4861 sidia
501 4824 568 4864 ac
600 4811 834 4867 semina
890 4812 1020 4867 vita:
1081 4813 1388 4870 habentes.
1450 4823 1532 4870 Ac
1591 4816 1639 4871 si
1699 4816 1970 4874 diceret:

320 4895 758 4969 Scientesquod
778 4918 879 4956 vos
902 4918 972 4957 ex
995 4901 1115 4957 illis
1166 4904 1307 4959 estis
1336 4905 1437 4976 qui
1480 4905 1598 4961 vita
1648 4905 1972 4964 immortali

318 4983 551 5039 vivent:
584 5004 724 5043 nam
755 4989 843 5044 illi
878 5006 950 5045 ex
980 4990 1101 5047 illis
1128 4998 1271 5047 sunt
1299 4994 1401 5064 qui
1435 4995 1973 5060 mortejmmortali

320 5072 674 5132 morientur.
706 5078 882 5135 Vides
914 5081 1094 5137 etiam
1126 5082 1265 5137 hinc
1288 5083 1488 5138 statim
1544 5084 1973 5142 retributiones

321 5171 573 5228 virtutis.
609 5197 637 5224 »
669 5178 739 5233 Ut
768 5179 1007 5251 gloriari
1040 5182 1284 5252 possim.
1318 5202 1344 5234 ο
1378 5183 1441 5238 Id
1473 5184 1632 5239 enim
1663 5200 1783 5239 non
1808 5185 1972 5241 vobis

322 5266 691 5332 tantum,sed
713 5273 772 5323 et
789 5270 936 5325 mihi
969 5271 1385 5343 gloriationem
1435 5272 1791 5345 aﬁ‘ert,quod
1823 5274 1973 5331 tales

321 5351 650 5410 docuerim.
687 5379 714 5407 «
750 5359 915 5423 Quod
946 5377 1067 5415 non
1108 5361 1170 5416 in
1220 5379 1436 5418 vanum
1481 5364 1905 5420 conrurrerim.
1941 5388 1969 5417 »

321 5441 508 5506 Quam
538 5443 722 5500 habes
752 5446 1192 5519 gloriationem,
1223 5468 1257 5506 ο
1286 5452 1461 5508 beata
1507 5451 1749 5507 anima?
1804 5453 1971 5518 Quod

321 5547 443 5588 non
474 5533 536 5588 in
568 5551 804 5605 vanum,
837 5537 1052 5610 inquit,
1086 5542 1493 5598 concurrerim
1513 5558 1707 5613 neque
1734 5542 1969 5600 labora-

320 5620 526 5678 verim.
561 5624 681 5680 Hoc
714 5631 823 5695 est,
854 5627 1012 5699 quod
1039 5646 1161 5685 non
1190 5647 1406 5688 vanum
1439 5636 1497 5685 et
1548 5630 1759 5687 inutile
1819 5633 1967 5689 mihi

323 5707 500 5766 fuerit
531 5713 690 5783 quod
719 5732 820 5771 vos
852 5716 1175 5773 docuerim.
1239 5719 1352 5774 Sed
1410 5719 1457 5774 si
1507 5719 1806 5788 immolor,
1856 5722 1967 5779 hoc

2081 4633 2192 4683 τῶν
2226 4629 2508 4704 ἁμαρτιῶν
2559 4627 2735 4684 αὐτῶν
2796 4627 3064 4704 λάμπετε.
3124 4653 3154 4683 κ
3215 4628 3391 4705 Λόγον
3453 4635 3600 4700 ζωῆς
3653 4627 3747 4684 ἰπὶ

2085 4717 2328 4796 έχοντες,
2364 4740 2393 4768 ››
2475 4715 2757 4785 Τουτέστι,
2848 4719 3133 4792 σπέρματα
3206 4721 3353 4788 ζωῆς
3406 4719 3498 4774 καὶ
3553 4714 3747 4797 ἐφόδια

2083 4804 2326 4882 ἔχοντες,
2375 4806 2504 4861 ὡσεὶ
2581 4800 2754 4882 ἔλεγε,
2818 4808 3224 4881 Γινωσκόμενοι
3281 4809 3368 4863 ’ὸτι
3418 4807 3577 4881 ὑμεῖς
3630 4811 3747 4862 τῶν

2086 4896 2397 4969 ζησομένων
2457 4893 2579 4951 ἐστὶ
2625 4896 2724 4964 τήν
2778 4896 3043 4952 ἀθάνατον
3107 4898 3273 4966 ζωήν.
3325 4897 3552 4954 Ἐκεῖνοι
3612 4897 3745 4971 γὰρ,

2079 4989 2189 5041 τῶν
2221 4983 2631 5058 τεθνηξομένων
2665 4983 2772 5041 είσὶ
2802 4986 2896 5042 τὸν
2948 4985 3215 5050 ἀθάνατον
3274 4985 3521 5051 θάνατον.
3578 4986 3747 5058 Ὁρᾷς

2081 5085 2171 5138 καί
2204 5081 2444 5147 ἐντεῦθεν
2479 5082 2632 5145 εὐθὺς
2688 5082 2782 5147 τάς
2838 5079 3076 5158 ἀμοιϐὰς
3123 5091 3225 5155 τῆς
3282 5084 3523 5160 ἆρετῆς;
3593 5082 3744 5141 «Εἷς

2079 5175 2349 5250 καύχημα
2379 5172 2523 5249 ἐμοί.
2564 5197 2591 5226 »
2633 5177 2806 5232 Τοῦτο
2864 5177 2968 5253 γὰρ
3023 5176 3086 5232 οὐ
3157 5176 3323 5249 μόνον
3385 5176 3534 5251 ὑμῖν,
3595 5173 3745 5231 ἀλλά

2079 5264 2170 5320 καὶ
2203 5262 2329 5338 ἐμοὶ
2388 5264 2539 5338 φέρει
2594 5264 2887 5340 καύχημα,
2942 5265 3027 5320 ὅτι
3083 5265 3371 5328 τοιούτους
3434 5262 3747 5322 ἐπαίδευσα.

2088 5374 2110 5403 ι
2146 5353 2271 5410 ’Ότι
2323 5352 2428 5407 οὐκ
2483 5350 2560 5414 εἷς
2639 5352 2792 5407 κενὸν
2874 5349 3135 5428 ἔδραμον.
3171 5377 3199 5405 ››
3256 5355 3423 5411 Ποῖον
3477 5351 3752 5427 καύχημα

2080 5436 2250 5518 ἔχεις,
2283 5439 2329 5495 ὦ
2363 5440 2602 5516 μακαρία
2645 5443 2797 5518 ψυχή
2836 5461 2850 5510 ;
2883 5443 3001 5497 Ὃτι
3034 5442 3138 5497 οὐκ
3185 5442 3262 5505 εἷς
3311 5443 3492 5513 κενὸν,
3554 5442 3747 5519 φησὶν,

2077 5525 2314 5607 ἔδραμον
2352 5574 2365 5599 ,
2427 5527 2552 5585 οὐδὲ
2612 5529 2894 5589 ἐκοπίασα.
2957 5529 3277 5604 Τουτὲστιν,
3322 5532 3407 5587 ὅτι
3439 5532 3502 5587 οὐ
3545 5530 3750 5604 ματαία

2077 5631 2169 5688 καὶ
2230 5626 2520 5706 ἀνωφελὴς
2574 5628 2767 5705 γέγονέ
2827 5650 2924 5703 μοι
2965 5632 3000 5699 ἠ
3058 5630 3136 5695 εἷς
3192 5630 3333 5704 ὑμᾶς
3387 5627 3739 5699 διδασκαλία.

2078 5717 2281 5789 Ἀλλὰ,
2339 5718 2386 5772 εἰ
2444 5715 2775 5791 σπένδομαι,
2833 5717 3132 5792 τουτέστιν,
3184 5719 3235 5775 εἲ
3270 5720 3359 5775 καὶ
3400 5710 3751 5791 ἀποθνήσκω,
