4108 6456
390 505 545 565 1291

1514 493 1927 560 (ΕΟΟΜΕΝΙῙ
1967 488 2279 552 ΤΗῙΟΟᾸΕ
2326 490 2671 555 EPISCOPI

3646 502 3810 565 1292

389 643 571 694 stram
601 644 885 708 tanquam
916 636 1275 693 sacriﬁcium
1307 641 1367 692 et
1397 634 1761 690 oblationem
1801 630 2017 686 Christc

2147 624 2324 679 πίστει
2358 625 2511 698 ὑμῶν
2548 626 2791 704 χαίρετε,
2848 627 2930 707 ἐφ’
2979 631 3066 694 οἷς
3124 627 3181 687 δὲ
3233 630 3551 698 σπένδεσθαι
3588 634 3809 710 μέλλω,

388 729 499 783 sim
531 726 860 783 oblaturus.
899 747 920 774 ι
956 727 1214 782 Gaudete
1247 732 1305 781 et
1335 723 1698 797 congaudete
1732 720 1879 778 mihi
1900 741 1928 768 ››
1952 717 2035 775 Ob

386 816 562 872 fidem
592 823 848 873 vestram
878 817 1130 889 gaudete
1168 833 1180 871 :
1216 816 1357 887 quia
1386 831 1521 870 vero
1539 811 1880 869 oilerendus
1902 823 2033 865 sum

384 906 753 975 congaudete
782 907 951 961 mihi.

1027 996 1259 1051 CAPUT
1298 996 1388 1049 IV.

452 1090 529 1143 De
561 1087 838 1153 Timotheo
867 1094 920 1143 et
950 1087 1351 1159 Epaphrodito,
1383 1101 1517 1156 quos
1544 1085 1693 1140 misit
1721 1082 1795 1138 ad
1816 1081 1960 1136 illos.

455 1270 522 1338 ll,
560 1274 625 1325 12
659 1273 747 1325 24.
783 1270 952 1341 Spero
983 1276 1167 1325 autem
1198 1271 1253 1323 in
1288 1269 1523 1323 Domino
1552 1267 1679 1320 Jesu
1710 1280 1790 1318 me
1850 1265 2032 1317 Timo-

384 1359 567 1415 theum
590 1361 739 1416 brevi
760 1363 1051 1416 missurum
1072 1361 1241 1427 vobis,
1289 1365 1350 1413 ut
1392 1364 1443 1412 et
1487 1374 1583 1426 ego
1632 1356 1755 1410 laeto
1774 1355 1877 1409 sim
1907 1353 2029 1407 ani-

378 1466 484 1517 mo,
519 1454 738 1521 cognito
759 1458 910 1507 statu
937 1457 1133 1506 vestro.
1167 1449 1269 1505 88
1322 1451 1598 1505 Neminem
1655 1447 1801 1501 enim
1858 1444 2031 1499 habeo

372 1542 508 1609 pari
533 1556 743 1595 mecum
767 1543 950 1596 animo
968 1540 1291 1610 praeditum,
1321 1540 1419 1608 qui
1472 1552 1731 1607 germane
1779 1549 1863 1588 res
1910 1548 2027 1587 res-

381 1631 496 1681 tras
544 1633 838 1684 curaturus
878 1627 974 1684 sit.
1034 1628 1172 1683 Nam
1228 1642 1410 1681 omnes
1462 1640 1583 1695 quae
1632 1639 1734 1679 sua
1789 1623 2031 1692 ipsorum

378 1720 509 1769 sunt
529 1724 812 1786 quaerunt,
830 1734 942 1771 non
960 1733 1081 1787 qua:
1110 1715 1314 1772 Christi
1332 1717 1476 1771 Iesu.
1529 1716 1705 1768 Porro
1742 1711 2028 1782 probatio-

380 1821 504 1859 nem
538 1808 655 1876 ejus
682 1808 871 1870 nostis,
905 1807 1055 1876 quod
1083 1822 1289 1860 mecum
1318 1804 1491 1860 veluti
1520 1820 1644 1858 cum
1666 1809 1832 1871 patre
1883 1801 2030 1870 ﬁlius

378 1896 630 1950 servierit
652 1896 710 1949 in
740 1897 1124 1965 Evangelium.
1156 1896 1315 1949 Hunc
1343 1896 1520 1962 igitur
1545 1906 1705 1962 spero
1760 1906 1844 1944 me
1897 1891 2029 1943 mis-

379 2004 569 2043 surum
600 2002 730 2041 mea:
759 1987 854 2039 ubi
886 1986 1075 2040 videro
1104 2001 1224 2039 mea
1264 1986 1508 2053 negotia.
1569 1980 1794 2049 Conﬁdo
1845 1984 2029 2034 autem

379 2079 438 2132 in
470 2079 701 2132 Domino
723 2076 873 2146 quod
893 2082 944 2130 et
973 2077 1086 2146 ipse
1117 2075 1266 2130 brevi
1295 2081 1556 2129 venturus
1582 2074 1704 2127 sim.

450 2168 644 2238 Ipsam
697 2180 933 2236 quoque
991 2164 1281 2220 Timothei
1340 2162 1691 2219 missionem
1740 2160 2028 2215 voluntati

380 2260 514 2313 Jesu
538 2256 754 2311 Christi
775 2255 1065 2311 attribuit.
1091 2257 1368 2328 Utetego
1406 2255 1538 2311 lzeto
1589 2254 1702 2308 sim
1743 2252 1962 2307 animo.
1999 2272 2027 2301 »

382 2344 1138 2415 Quemadmodum,inquit,
1170 2342 1285 2399 vos
1305 2343 1440 2398 laeto
1490 2343 1630 2397 estis
1687 2341 1887 2397 animo
1937 2357 2030 2395 co-

382 2435 561 2508 gnitis
583 2452 715 2506 quze
738 2435 896 2489 circa
913 2450 1007 2489 me
1037 2439 1313 2505 aguntur,
1356 2432 1513 2504 quod
1566 2432 1641 2487 ad
1696 2430 2026 2503 profectum

382 2524 611 2579 venerit
634 2523 1039 2596 Evangelium,
1060 2528 1117 2577 et
1138 2522 1296 2593 quod
1314 2521 1541 2576 inimici
1561 2521 1788 2592 pudore
1832 2518 2028 2575 aﬂ'ecti

383 2612 522 2679 sint,
554 2612 820 2668 subdolis
847 2628 1051 2667 eorum
1079 2611 1439 2666 commentis
1469 2610 1543 2665 ad
1601 2610 1822 2665 bonum
1881 2609 2027 2663 mihi

380 2702 797 2757 commutatis:
832 2707 897 2756 ut
917 2707 977 2756 et
999 2716 1105 2772 ego
1138 2700 1271 2755 ιωιυ
1303 2716 1371 2755 ac
1400 2700 1583 2755 alacri
1641 2699 1754 2753 sim
1802 2699 2026 2766 animo,

379 2791 628 2863 cognitis
667 2807 798 2862 quae
830 2790 987 2845 circa
1016 2806 1115 2844 vos
1147 2796 1421 2861 aguntur.
1464 2810 1489 2837 (ι
1528 2788 1835 2844 Neminem
1867 2788 2028 2842 enim

377 2880 566 2935 habeo
595 2879 723 2951 pari
753 2894 985 2934 mecum
1016 2877 1216 2933 animo
1251 2875 1585 2948 praeditum.
1645 2897 1672 2926 »ι
1730 2877 2024 2939 Poteram,

373 2971 589 3041 inquit,
623 2975 681 3025 et
705 2969 891 3025 alium
922 2969 1180 3033 mittere,
1203 2972 1466 3022 attamen
1494 2966 1593 3037 qui
1621 2966 1704 3019 ita
1732 2981 1833 3020 vos
1852 2964 2029 3033 adju-

371 3066 466 3114 vet
493 3067 553 3114 et
580 3064 745 3115 curet
776 3075 908 3129 qua)
941 3063 1135 3112 vestra
1165 3062 1325 3116 sunt.
1354 3055 1589 3111 nullum
1635 3054 1825 3110 habeo
1881 3054 2026 3109 alte-

369 3164 525 3204 rum.
560 3148 692 3203 Pari
724 3147 883 3201 enim
918 3146 1117 3201 animo
1151 3151 1277 3201 erat
1300 3151 1366 3198 ut
1390 3144 1631 3213 Paulus,
1656 3150 1715 3198 et
1747 3143 2026 3198 similiter

298 3310 301 3315 _
370 3237 637 3309 ipsorum
667 3253 871 3292 curam
902 3235 1161 3291 habebat
1188 3234 1368 3289 etiam
1399 3233 1763 3289 Timotheus.
1800 3254 1827 3278 u
1874 3233 2020 3287 Nam

369 3343 577 3382 omnes
607 3344 738 3399 quas
770 3342 877 3381 sua
906 3327 1171 3397 ipsorum
1203 3330 1340 3379 sunt
1370 3329 1661 3394 quierunt,
1702 3346 1727 3371 ›ι
1757 3324 1875 3378 Hoc
1907 3328 2013 3389 est,
2056 3364 2100 3431 ο

367 3416 669 3487 propriam
727 3415 1017 3487 quietem.
1070 3414 1278 3470 Nullus
1335 3414 1519 3478 enim,
1577 3413 1792 3482 inquit,
1856 3411 2016 3467 adid

369 3503 527 3574 quod
557 3504 791 3558 Christo
821 3509 1053 3576 gratum
1087 3509 1177 3557 est
1205 3501 1488 3573 vobisque
1534 3501 1792 3573 expedit,
1841 3500 2015 3556 facile

365 3593 509 3648 velit
539 3599 657 3648 tam
689 3592 867 3666 longa
896 3591 1050 3647 mitti
1085 3591 1507 3663 praedicatione
1537 3607 1729 3662 usque
1767 3590 1844 3645 ad
1890 3607 2011 3645 vos.

370 3683 488 3738 Hoc
513 3689 712 3738 autem
731 3682 875 3737 dicit
893 3698 1015 3736 non
1038 3687 1103 3735 ut
1122 3681 1271 3737 alios
1292 3681 1603 3753 vituperet,
1667 3680 1774 3735 sed
1817 3686 1884 3734 ut
1918 3680 2014 3734 Ti-

366 3772 675 3829 motheum
706 3771 1028 3836 collaudet,
1060 3786 1289 3843 nosque
1308 3769 1517 3825 doceat
1536 3785 1612 3824 ne
1633 3770 1693 3824 in
1727 3770 1894 3841 paria
1923 3769 2009 3825 in-

364 3861 654 3917 cidamus.
680 3859 1098 3916 Animadverte
1123 3866 1340 3925 tamen,
1365 3857 1524 3929 quod
1546 3859 1596 3913 is
1619 3858 1721 3928 qui
1742 3858 2010 3929 requiem

364 3954 579 4027 quierit
607 3960 711 4009 aut
736 3953 1040 4026 propriam
1098 3959 1327 4008 tantum
1383 3953 1725 4022 utilitatem,
1782 3953 1833 4007 is
1863 3969 2010 4021 ‘non

363 4044 577 4116 qumrit
605 4060 737 4115 quea
763 4042 979 4098 Christi
1011 4048 1168 4099 sunt.
1224 4064 1253 4093 ‹‹
1313 4043 1477 4108 Quod
1538 4059 1770 4098 merum
1828 4044 2008 4098 veluti

358 4132 519 4188 filius
547 4149 682 4188 cum
709 4138 897 4204 patre.
926 4153 953 4181 ››
975 4134 1103 4188 Non
1125 4137 1233 4196 est,
1286 4132 1502 4203 inquit,
1552 4132 1717 4188 vobis
1765 4149 1914 4203 opus
1943 4138 2012 4189 ut

357 4237 507 4278 ame
521 4222 766 4279 discetis
792 4239 804 4277 :
829 4229 1048 4295 printer
1069 4223 1181 4277 hoc
1202 4222 1364 4277 enim
1401 4222 1562 4293 quod
1610 4221 1758 4276 mihi
1806 4221 2009 4294 subje-

355 4318 487 4368 ctus
515 4312 648 4377 fuit,
678 4312 858 4368 etiam
889 4311 963 4368 ad
993 4310 1482 4384 prmdicationem
1514 4311 1770 4366 servivit.
1803 4311 2007 4367 Merito

356 4406 553 4458 autem
588 4402 781 4472 ipsum
809 4401 1191 4457 commendat
1223 4418 1235 4455 :
1270 4401 1449 4472 idque
1505 4401 1640 4457 ideo
1698 4407 1763 4455 ut
1809 4401 2005 4473 ipsum

355 4489 418 4545 in
477 4489 703 4545 honore
761 4490 1074 4553 habentes,
1136 4491 1323 4562 magis
1380 4489 1628 4545 audiant
1698 4490 2004 4563 magisque

353 4580 476 4636 illis
506 4580 714 4653 prosit.
749 4603 777 4631 ‹‹
811 4582 941 4636 Mox
968 4587 1035 4637 ut
1064 4580 1261 4636 videro
1292 4597 1424 4636 mea
1452 4583 1704 4655 negotia.
1754 4604 1783 4631 »
1840 4582 2002 4638 Con-

2147 715 2382 790 συγχαίρ
2391 714 2471 771 ετέ
2501 736 2619 788 μοι.

2784 983 3043 1039 ΚΕΦΑΛ.
3079 983 3152 1041 Δ’.

2142 1066 2271 1140 Περὶ
2298 1068 2573 1142 Τιμοθέου
2602 1070 2693 1125 καὶ
2735 1069 3161 1163 Ἐπαῗροδίτου,
3194 1072 3287 1137 οὕς
3343 1073 3632 1133 ἀπέστειλε
3658 1079 3798 1153 πρὸς

2855 1164 3076 1207 αυτούς.

2209 1243 2461 1316 Ἐλπίζω
2517 1245 2576 1304 δὲ
2627 1247 2680 1305 ἐν
2728 1252 2918 1326 Κυρίῳ
2985 1253 3192 1323 Ἰησοῦ,
3254 1255 3525 1327 Τιμόθεον
3583 1258 3807 1333 ταχέως

2138 1332 2353 1408 πέμψαι
2421 1338 2575 1409 ὑμῖν,
2639 1340 2732 1394 ἳνα
2788 1339 2939 1417 κάγὼ
2997 1342 3230 1422 εὐψυχῶ
3292 1342 3454 1422 γνοὺς
3537 1345 3604 1402 τὰ
3674 1332 3803 1421 περὶ

2141 1422 2316 1496 ὑμῶν.
2377 1423 2581 1483 Οὗδένα
2636 1429 2743 1504 γὰρ
2796 1426 2914 1504 ἔγω
2977 1429 3272 1507 ἰσόψυχον,
3354 1433 3505 1496 ὅστις
3561 1435 3800 1510 γνησίως

2135 1513 2204 1566 τὰ
2232 1516 2353 1588 περὶ
2392 1516 2547 1588 ὑμῶν
2571 1520 2922 1593 μεριμνήσει.
2968 1520 3039 1576 Οἱ
3097 1523 3292 1583 πάντες
3331 1522 3432 1598 γὰρ
3470 1522 3538 1578 τὰ
3593 1524 3800 1580 ἑαυτῶν

2141 1606 2418 1676 ζητοῦσιν,
2473 1605 2537 1661 οὐ
2620 1609 2688 1662 τὰ
2779 1609 3016 1682 Χριστοῦ
3075 1610 3278 1679 Ἰησοῦ.
3365 1612 3479 1681 Τὴν
3557 1610 3799 1686 δοκιμήν

2137 1693 2304 1750 αὐτοῦ
2361 1694 2677 1768 γινώσκετε,
2746 1698 2829 1752 ὅτι
2889 1698 2965 1761 ὡς
3025 1700 3189 1775 πατρὶ
3248 1701 3433 1757 τέκνον
3511 1703 3605 1757 σὺν
3669 1700 3801 1777 ἐμοὶ

2138 1780 2454 1839 ἐδούλευσεν
2510 1785 2586 1848 είς
2669 1786 2732 1841 τὸ
2816 1786 3173 1863 Εὐαγγὲλιον.
3256 1792 3462 1847 Τοῦτον
3546 1792 3642 1865 μὲν
3703 1790 3802 1848 οὖν

2138 1870 2347 1941 ἐλπίζω
2430 1875 2646 1949 πέμψαι
2732 1877 2808 1938 ὡς
2869 1877 2929 1931 ἄν
2988 1875 3170 1933 ἀπίδω
3226 1879 3293 1935 τὰ
3364 1880 3487 1955 περὶ
3554 1879 3652 1955 ἐμὲ
3747 1881 3799 1952 ἐξ

2061 2000 2107 2065 Β
2139 1960 2330 2065 αύτῐῆς.
2366 1962 2605 2019 Πὲποιθα
2645 1961 2704 2020 δὶ
2734 1963 2788 2020 ἐν
2849 1965 3037 2041 Κυρίῳ
3086 1965 3170 2022 ὅτι
3239 1967 3332 2024 καὶ
3381 1968 3543 2033 αὐτὸς
3580 1971 3802 2049 ταχέως

2140 2049 2455 2124 ἐλεύσομαι.

2213 2150 2312 2205 Καὶ
2340 2152 2402 2206 τὸ
2460 2151 2671 2228 πέμψαι
2729 2156 3027 2227 Τιμόθεον,
3085 2159 3154 2230 τῇ
3215 2158 3409 2235 γνώμῃ
3458 2163 3555 2214 τοῦ
3612 2160 3800 2229 Ἰησοῦ

2138 2238 2383 2315 Χριστοῦ
2414 2241 2753 2315 ἀνατίθησιν.
2786 2268 2815 2296 ‹‹
2875 2247 2991 2300 ’Ἱνα
3030 2244 3182 2319 κάγὼ
3213 2247 3464 2322 εὐψυχῶ.
3510 2272 3539 2300 ››
3572 2249 3796 2320 Καθὼς,

2137 2330 2325 2402 φησὶν,
2358 2332 2517 2404 ὑμεῖς
2575 2333 2869 2412 εὐψυχία
2928 2334 3185 2407 μαθόντες
3238 2335 3308 2391 τὰ
3361 2338 3479 2392 κατ’
3530 2338 3647 2411 ἐμὲ,
3707 2338 3797 2394 δτι

2136 2439 2197 2473 τε
2236 2419 2316 2483 εἷς
2369 2424 2660 2496 προγοπήν
2716 2420 2857 2492 ἦλθε
2905 2425 2967 2478 τὸ
3026 2423 3389 2502 Εὐαγγέλιον,
3446 2427 3533 2482 καὶ
3593 2427 3676 2483 δτι
3737 2429 3794 2483 οἱ

2136 2506 2329 2584 ἱχθροὶ
2398 2510 2875 2586 κατῃσχύνθησαν,
2941 2518 3050 2568 τῶν
3105 2534 3631 2589 κατασκευασματων
3691 2517 3799 2572 αὒ-

2133 2602 2243 2652 τῶν
2303 2599 2380 2660 ελς
2437 2599 2639 2677 ἀγαθὸν
2694 2599 2819 2673 ἐμοὶ
2905 2603 3364 2677 περιτραπέντων·

2137 2687 2388 2763 εὐψυχῶ,
2416 2689 2504 2743 καὶ
2539 2688 2780 2764 εὐθυμῶ,
2834 2690 2996 2766 γνοὺς
3054 2693 3120 2748 τὰ
3178 2695 3298 2757 καθ’
3330 2694 3492 2767 ὑμᾶς.
3527 2720 3557 2748 ι(
3582 2694 3800 2754 Οὐδένα

2133 2776 2234 2848 γὰρ
2293 2772 2411 2850 ἔχω
2463 2777 2754 2854 ἰσόψυχον,
2817 2803 2846 2831 ››
2901 2776 3218 2855 Ἠδυνάμην
3276 2782 3396 2855 μὲν,
3479 2786 3634 2855 φησὶ,
3701 2785 3799 2840 καὶ

2136 2866 2310 2923 ἄλλον
2340 2867 2576 2943 πέμψαι,
2616 2869 2765 2942 πλὴν
2821 2868 3000 2934 οὕτως
3058 2873 3211 2945 ὑμῶν
3244 2871 3794 2949 ἀντιλαμϐανόμενον

2135 2955 2171 3025 ἤ
2209 2963 2555 3031 μεριμνῶντα
2606 2960 2675 3014 τὰ
2722 2962 2842 3024 καθ’
2899 2964 3070 3035 ἡμᾶς,
3129 2960 3245 3018 οὐδ’
3275 2960 3362 3019 ἕνα
3417 2959 3537 3044 ἔχω
3585 2964 3792 3041 ἕτερον.

2137 3046 2456 3121 ’ἰσοψυχίας
2487 3049 2592 3123 γὰρ
2649 3050 2712 3105 τὸ
2765 3050 2978 3123 ὁμοίως
3020 3050 3241 3106 Παύλου
3298 3050 3557 3123 κήδεσθαι
3612 3055 3791 3112 αὐτῶν

2131 3137 2344 3191 καὶτὸν
2374 3139 2660 3208 Τιμόθεον.
2691 3162 2720 3190 ‹‹
2772 3141 2836 3194 Οἱ
2892 3140 3087 3203 πάντες
3145 3141 3249 3217 γὰρ
3278 3143 3345 3198 τὰ
3401 3144 3604 3199 ἑαυτῶν
3691 3151 3792 3215 ζη-

2128 3231 2303 3281 τοῦσι.
2342 3250 2369 3279 ››
2404 3227 2686 3298 Τουτέστι,
2717 3230 2817 3299 τὴν
2875 3227 3011 3285 ἰδίαν
3058 3230 3376 3291 ἀνάπαυσιν.
3410 3230 3604 3296 Οὐδεὶς
3654 3235 3787 3310 γὰρ,

2131 3315 2321 3394 φησὶν,
2353 3316 2599 3393 εὐχερῶς
2630 3318 2766 3394 πρός
2795 3338 2855 3373 τε
2884 3319 2946 3375 τὸ
3005 3324 3083 3392 τῷ
3112 3321 3330 3394 Χριστῷ
3377 3319 3571 3378 δοκοῦν
3598 3325 3689 3379 καὶ
3719 3326 3788 3380 τὸ

2133 3406 2288 3478 ὑμῶν
2319 3406 2614 3485 συμτέρον,
2640 3402 2824 3463 ἕλοιτο
2881 3408 3151 3479 τοσαύτην
3208 3408 3521 3487 ἀποδημίαν
3565 3412 3789 3470 στείλα-

2126 3515 2247 3568 σθαι
2279 3504 2380 3573 τήν
2411 3503 2574 3580 ἃχρις
2609 3506 2782 3579 ὑμῶν.
2816 3508 2996 3563 Τοῦτο
3029 3505 3086 3563 δὲ
3117 3529 3300 3588 φησιν,
3320 3510 3384 3565 οὐ
3412 3510 3541 3574 τοὺς
3575 3510 3787 3576 ἄλλους

2126 3594 2420 3672 λοιδορῶν,
2448 3596 2595 3654 ἀλλᾶ
2624 3599 2717 3654 τὸν
2751 3600 3024 3674 Τιμόθεον
3072 3599 3456 3675 ἐγκωμιάζων,
3514 3604 3603 3659 καὶ
3632 3607 3789 3677 ἡμᾶς

2123 3682 2390 3741 διδάσκων
2426 3688 2503 3760 μὴ
2534 3692 2652 3750 τοῖς
2688 3685 2833 3745 ἴσοις
2864 3695 3197 3762 περιπεσεῖν.
3243 3689 3394 3760 Πλὴν
3458 3690 3580 3767 ὅρα,
3638 3692 3726 3748 ὅτι
3756 3696 3788 3750 ὁ

2121 3772 2299 3831 ἄνεσιν
2332 3780 2534 3846 ζητῶν,
2582 3775 2617 3846 ἥ
2666 3777 2730 3832 τὸ
2785 3778 2989 3832 οἰκεῖον
3052 3778 3216 3851 μόνον
3247 3780 3541 3858 συμφέρον,
3591 3780 3654 3836 ού
3712 3783 3785 3838 τὰ

2118 3868 2365 3939 Χριστοῦ
2407 3870 2577 3935 ζητεῖ.
2612 3890 2640 3918 ‹‹
2666 3867 2789 3924 ’Ὁτι
2820 3867 2898 3929 ὡς
2930 3867 3095 3943 πατρὶ
3137 3869 3346 3925 τεκνον.
3377 3893 3404 3921 ι»
3439 3871 3519 3928 Ού
3582 3867 3787 3939 δεῖσθε,

2119 3955 2274 4032 φησί,
2307 3956 2433 4029 παρ’
2465 3954 2602 4027 ἐμοῦ
2671 3957 2879 4028 μαθεῖν,
2940 3957 3027 4012 δτι
3089 3958 3225 4030 μετὰ
3281 3961 3378 4014 τοῦ
3406 3956 3534 4033 ἐμοὶ
3582 3959 3784 4017 imbrs-

2115 4045 2339 4119 τάχθαι,
2373 4042 2691 4100 ἐδούλευσεν
2740 4045 2816 4108 εἷς
2846 4046 2909 4100 τὸ
2946 4049 3236 4122 κήρυγμα.
3306 4050 3660 4123 Παρατίθεται
3723 4048 3787 4107 δὲ

2116 4133 2282 4188 αὐτὸν
2341 4133 2572 4203 είκότες,
2655 4132 2747 4188 καὶ
2798 4138 2960 4190 τοῦτο
3044 4132 3135 4191 διὰ
3189 4135 3407 4191 ἐκείνων
3479 4140 3783 4216 συμφέρον,

2113 4220 2204 4275 ’ἱνα
2259 4215 2476 4294 ἔντιμον
2527 4218 2753 4296 ἔχοντες
2813 4223 2997 4291 αὐτὸν,
3078 4222 3248 4281 πλέον
3331 4215 3614 4282 ἀκούσωσι
3687 4225 3782 4282 καὶ

2114 4311 2286 4366 πλέον
2316 4309 2696 4386 ὠφεληθῶσιν.
2731 4333 2759 4364 ‹‹
2818 4316 2908 4373 Ὠς
2959 4310 3024 4367 ἃν
3081 4312 3263 4369 ἀπίδω
3318 4314 3385 4370 τὰ
3430 4315 3556 4389 περῖ
3586 4318 3711 4388 ἒμέ.
3749 4341 3779 4369 »ι

2112 4400 2274 4457 Ὅταν
2297 4397 2429 4468 ἳδω,
2462 4399 2650 4476 φησὶν,
2711 4398 2789 4462 εἰς
2846 4406 3006 4456 ποῖον
3034 4402 3153 4473 ἥξει
3211 4404 3277 4458 τᾶ
3306 4405 3424 4459 κατ’
3456 4404 3555 4477 ἐμὲ
3581 4405 3777 4479 πέρας.

2112 4490 2391 4561 Ἐξαυτῖς.
2428 4489 2661 4553 Εύθὲως.
2717 4513 2747 4541 ιι
2808 4492 3052 4547 Ιιέποιθα
3111 4489 3170 4547 δὲ
3233 4490 3285 4548 ἐν
3320 4492 3526 4568 Κυρίῳ.
3563 4517 3592 4546 ιι
3651 4494 3780 4570 Οὐχ

3446 2606 3555 2661 Ἵνα
3634 2607 3796 2681 κάγὼ

2112 4580 2188 4641 ὡς
2223 4580 2298 4654 μὴ
2327 4578 2646 4654 ἐρχόμενος,
2706 4580 2863 4654 φησὶ,
2921 4579 3014 4635 τὸν
3057 4581 3328 4655 Τιμόθεον
3359 4581 3586 4654 πέμπω,
3646 4581 3777 4639 ἀλλ’

350 4669 576 4732 festim.
607 4670 825 4743 inquit,
857 4676 923 4726 ut
950 4671 1149 4726 videro
1180 4688 1357 4743 quem
1389 4673 1715 4728 sortientur
1735 4688 1831 4728 res
1855 4690 2001 4730 mete

2130 4690 2198 4724 ,να
2226 4669 2279 4724 ἐν
2304 4674 2386 4740 τῷ
2418 4669 2568 4741 μέσῳ
2600 4669 2791 4747 χρόνῳ
2822 4667 3074 4744 εὐψυχῶ,
3103 4669 3267 4745 γνοὺς
3294 4671 3363 4725 τὰ
3413 4676 3543 4743 περὶ
3598 4672 3778 4745 ὑμῶν.

354 4760 704 4816 terminum.
737 4782 765 4810 ιι
799 4760 1048 4816 Confido
1082 4766 1281 4818 autem
1313 4761 1375 4815 in
1407 4760 1678 4817 Domino.
1715 4784 1743 4811 ››
1771 4764 1896 4819 Non
1917 4763 2000 4819 id-

2130 4762 2248 4833 Ὀρα
2279 4755 2337 4814 δὲ
2365 4761 2484 4819 πῶς
2516 4759 2690 4812 πάντα
2718 4760 2798 4830 τῷ
2830 4761 2948 4830 Θεῷ
2988 4756 3292 4832 ἀνατίθησι,
3324 4759 3418 4815 καὶ
3476 4756 3633 4816 οὐδὲν
3686 4761 3781 4839 ἀφ’

346 4847 503 4903 circo
526 4848 903 4905 Timotheum
921 4849 1093 4903 mitto
1116 4850 1283 4920 quasi
1304 4865 1426 4903 non
1450 4849 1564 4904 sim
1603 4849 1730 4921 ipse
1788 4856 1995 4907 ventu-

2130 4848 2300 4904 ,αυτοῦ
2331 4845 2515 4903 λαλεῖ.

346 4952 448 4990 rus
478 4935 583 4992 sed
613 4942 681 4991 ut
711 4937 954 4993 interim
987 4937 1121 4993 laeto
1155 4937 1266 4993 sim
1290 4937 1514 5008 animo,
1549 4940 1784 5011 cognito
1818 4946 1974 4996 statu
2004 4947 2223 4998 vestro.
2256 4937 2580 4994 Considera
2607 4953 2745 4992 vero
2775 4936 3075 5008 quomodo
3105 4938 3310 4995 omnia
3334 4938 3409 4996 ad
3443 4943 3625 4996 Deum
3677 4958 3779 4997 re-

343 5021 516 5087 ferat,
548 5029 607 5078 et
634 5025 785 5081 nihil
815 5041 849 5080 ει
878 5026 1074 5098 seipse
1107 5024 1406 5096 loquatur.

416 5110 515 5166 89
548 5112 618 5179 II,
649 5116 716 5168 25
756 5116 843 5168 27.
870 5116 979 5169 Sed
1007 5124 1187 5185 opera:
1238 5117 1486 5186 pretium
1534 5116 1840 5173 arbitratus
1875 5136 1991 5175 sum

2180 5118 2503 5193 Ἀναγκαῖον
2533 5110 2590 5169 δὲ
2620 5111 2924 5189 ἡγησέίμην
2957 5113 3356 5194 Ἐπαφρόδιτον
3410 5116 3503 5173 τὸν
3534 5115 3777 5196 ἀδελφὸν

345 5200 787 5271 Epaphroditum
810 5206 1045 5271 fratrem
1093 5212 1145 5259 et
1202 5205 1511 5275 adjutorem
1564 5221 1628 5261 ac
1677 5208 1998 5264 commilito-

2130 5207 2195 5262 ιαῖ
2274 5204 2531 5279 συνεργὸν
2604 5206 2696 5258 καὶ
2789 5209 3199 5279 συστρατιώτην
3286 5227 3416 5279 μου,
3491 5207 3645 5280 ὑμῶν
3710 5205 3775 5263 δὲ

343 5306 465 5344 nem
497 5306 692 5354 meum,
725 5298 965 5348 vestrum
994 5300 1175 5348 autem
1204 5294 1510 5363 apostolum
1560 5311 1624 5350 ac
1681 5295 1996 5353 ministrum

342 5380 401 5434 in
429 5381 750 5435 necessitate
778 5397 899 5435 mea
919 5385 1138 5437 mittere
1166 5384 1240 5438 ad
1269 5399 1384 5439 vos.
1416 5385 1871 5456 Quandoquidem
1900 5387 1994 5442 de-

338 5471 618 5527 siderabat
647 5486 830 5525 omnes
858 5487 971 5537 vos,
1012 5475 1214 5529 anxius
1271 5476 1445 5529 animi
1497 5483 1791 5546 prapterea
1847 5479 1998 5549 quod

338 5562 630 5616 audissetis
646 5563 825 5631 ipsum
855 5561 1193 5631 inﬁrmatam
1222 5565 1409 5631 fuisse.
1443 5565 1729 5635 Siquidem
1767 5566 1849 5622 ita
1896 5571 1994 5623 in-

336 5652 523 5719 ﬁrmas
571 5653 702 5719 fuit,
728 5657 789 5705 ut
814 5648 1029 5706 vicinus
1057 5658 1191 5707 esset
1219 5654 1386 5707 morti
1416 5670 1434 5708 :
1464 5655 1558 5710 sed
1613 5658 1754 5712 Deus
1811 5659 1996 5714 miser-

334 5741 419 5793 tus
450 5746 529 5793 est
559 5740 714 5796 illius
744 5756 759 5795 :
787 5746 839 5795 et
873 5755 981 5794 non
1008 5739 1160 5793 illius
1189 5746 1424 5806 tantum,
1484 5743 1578 5799 sed
1636 5750 1686 5798 et
1743 5748 1850 5801 mei
1879 5763 1899 5801 .'
1928 5763 1996 5802 ne

337 5842 619 5882 mmrorem
682 5846 844 5898 super
891 5845 1177 5883 maerorem
1210 5831 1481 5887 haberem.

2105 5291 2438 5363 ἀπόστολον,
2496 5291 2588 5347 καὶ
2665 5290 2982 5367 λειτουργὸν
3059 5296 3159 5362 τῆς
3217 5294 3408 5370 χρείας
3484 5316 3591 5368 μου
3666 5295 3773 5351 πέ-

2108 5386 2247 5457 μψαι
2321 5382 2457 5456 πρὸς
2535 5380 2696 5453 ὑμᾶς’
2773 5378 2961 5451 ἐπειδὴ
3042 5380 3322 5446 ἐπιποθῶν
3396 5383 3464 5453 ἧν
3555 5385 3773 5449 πάντας

2107 5472 2250 5547 ὑμᾶς
2280 5473 2369 5526 καὶ
2401 5467 2695 5544 ἀδημονῶν
2731 5467 2870 5526 διότι
2902 5472 3173 5541 ἠκούσατε
3227 5472 3311 5528 ὅτι
3357 5473 3621 5545 ἠσθένησε
3660 5495 3776 5531 πα-

2106 5562 2413 5636 ραπλήσιον
2442 5561 2680 5634 θανάτῳ,
2712 5560 2843 5616 ἀλλ’
2900 5562 2928 5616 ὁ
2969 5560 3099 5623 Θεὸς
3161 5562 3321 5618 αὑτὸν
3376 5559 3634 5633 ἠλέησεν,
3670 5564 3782 5621 οὐκ

2104 5651 2264 5708 αὐτὸν
2296 5647 2353 5707 δὶ
2386 5648 2575 5724 μόνον,
2597 5649 2746 5707 ἀλλᾶ
2772 5650 2863 5706 καὶ
2889 5650 3008 5724 ἐμὲ,
3039 5651 3128 5707 ἳνα
3152 5654 3227 5725 μὴ
3259 5650 3438 5720 λύπην
3467 5652 3556 5709 ἐπὶ
3584 5652 3775 5726 λύπην

2106 5760 2252 5816 σχω.
