4108 6398
294 544 454 607 1293

1338 526 1746 601 COMMENT.
1794 504 1876 597 ΙΝ
1920 534 2170 598 EPIST.
2235 536 2337 598 AD
2381 537 2668 601 PHlLlP.

3551 544 3706 605 I294

363 677 514 733 Μετά
542 675 776 732 ἱπαίνων
802 675 892 731 καὶ
928 678 1120 731 τοῦτον
1182 671 1508 728 ἀποστέλλει
1543 672 1618 733 ὡς
1649 671 1740 725 τὸν
1769 669 1945 742 Τιμό-

2131 671 2298 726 Hunc
2328 670 2508 727 etiam
2539 688 2675 728 cum
2699 672 2975 730 laudibus
2997 674 3182 730 mittit
3202 676 3707 747 quemadmodum

294 778 440 835 θεον,
482 764 575 821 διά
622 766 721 833 τήν
775 764 887 821 ἰκεῖ
940 763 1330 841 γεγραμμένην
1386 761 1586 817 αίτίαν.
1648 785 1675 811 ι(
1715 758 1819 817 Καὶ
1850 779 1948 813 συ-

297 856 640 931 στρατιώτην
674 876 802 928 μου.
831 878 860 906 υ
892 858 1067 910 Τοῦτο
1116 858 1300 926 μεῖζον
1360 855 1458 906 τοῦ
1506 853 1790 924 συνεργοῦ.
1832 849 1950 904 Ἐνι

296 945 398 1022 γὰρ
451 944 545 998 καὶ
595 942 648 998 ἰν
693 941 880 1017 ψιλοῖς
959 946 1252 1017 συνεργεῖνο
1318 941 1348 995 ό
1406 936 1465 993 δὲ
1523 936 1948 1022 συστρατιώτης,

298 1021 351 1090 ἰν
406 1029 673 1097 κινδύνοις
726 1031 816 1087 καὶ
872 1035 1202 1106 πειρασμοῖς
1263 1032 1524 1104 συνεργεῖ.
1583 1048 1608 1073 σι
1655 1027 1835 1097 ’Υμῶν
1894 1021 1951 1079 δὶ

298 1120 610 1184 ἀπόστολος
666 1121 756 1177 καὶ
844 1118 1158 1195 λειτουργὸς
1216 1126 1316 1188 τῆς
1374 1116 1565 1193 χρείας
1627 1136 1753 1189 μου.
1790 1139 1818 1165 ››
1873 1115 1950 1168 Δι’

299 1212 466 1268 αὐτοῦ
504 1211 606 1287 γάρ
664 1211 802 1280 ἦσαν
856 1208 1007 1281 αύτῷ
1059 1207 1126 1264 τά
1176 1208 1316 1284 πρὸς
1370 1206 1555 1282 χρείαν
1616 1203 1949 1277 πέμψαντες.

296 1302 392 1358 Διὸ
433 1299 769 1359 Ἀπόστολον
811 1299 1049 1366 ἐκείνων,
1081 1296 1173 1354 καὶ
1225 1304 1326 1368 τῆς
1358 1296 1562 1357 οἰκείας
1593 1294 1780 1371 χρείας
1811 1292 1954 1349 λειτ-

297 1395 497 1470 ουργὸν
545 1393 705 1449 αὐτὸν
736 1392 917 1450 καλεῖ.
972 1415 1001 1444 ι(
1032 1388 1257 1461 Ἐπειδὴ
1318 1389 1595 1454 ἑπιποθῶν
1630 1391 1719 1456 ἦν.
1754 1412 1783 1440 ››
1841 1388 1953 1455 Τὴν

294 1482 513 1561 ἀγάπην
542 1483 729 1551 αὐτοῦ,
789 1480 868 1547 είς
920 1481 1174 1536 σύστασιν
1218 1479 1566 1556 προῖσχεται.
1601 1500 1631 1529 ‹‹
1663 1477 1768 1534 Καὶ
1814 1473 1953 1546 ἀδη-

302 1577 504 1648 μονῶν.
540 1594 567 1627 ι
621 1570 920 1645 Ἤδημόνει
977 1567 1139 1632 εἰδὼς
1194 1569 1280 1625 ὅτι
1321 1567 1561 1646 φιλεῖται
1591 1568 1717 1643 παρ’
1772 1566 1950 1635 ὑμῶν,

296 1663 389 1719 καὶ
449 1659 540 1717 διά
599 1666 764 1717 τοῦτο
809 1662 1095 1736 γινώσκων
1156 1658 1239 1715 ὅτι
1291 1657 1672 1729 λυπηθήσεσθε
1735 1655 1822 1711 ἐπὶ
1882 1658 1952 1729 τῇ

301 1751 577 1829 ἀρῥωστίᾳ
634 1751 821 1808 αὐτοῦ.
873 1775 902 1803 ‹‹
936 1752 1041 1807 Καὶ
1096 1750 1198 1827 γὰρ
1254 1749 1541 1819 ἠσθένησε.
1576 1771 1605 1800 ››
1682 1745 1955 1802 Δείκνυσιν

299 1841 386 1899 ὅτι
417 1841 515 1898 οὐκ
544 1839 831 1915 ἀμελήσας
862 1838 1076 1916 ἤργησε
1113 1842 1326 1913 πέμψαι
1365 1838 1486 1894 τινὰ
1542 1837 1676 1913 πρὸς
1733 1834 1953 1904 αὐτοὺς,

297 1930 427 1989 ἀλλ’
482 1931 816 2005 ἠναγκάσθη.
902 1931 965 1988 Ὀ
1044 1930 1146 2005 γάρ
1216 1924 1613 2003 Ἐπαφρόδιτος
1662 1924 1953 2001 ἠρρώστει.

2057 764 2113 814 et
2144 758 2541 825 Timotheum,
2574 768 2818 834 pr0pter
2847 763 3128 835 scriptam
3165 764 3243 819 ibi
3278 782 3537 822 causam.
3571 790 3601 819 α
3628 771 3709 824 Ac

2057 849 2523 905 commilitonem
2558 867 2832 907 meum.»
2866 853 2985 907 Hoc
3014 853 3199 927 magis
3231 860 3340 924 est,
3365 873 3543 927 quam
3578 873 3709 913 esse

2058 937 2415 1009 adjutorem.
2448 940 2747 1013 Contingit
2771 942 2930 996 enim
2960 947 3027 997 ut
3052 943 3229 998 etiam
3255 944 3314 999 in
3337 946 3603 1002 minimis
3634 949 3710 1002 sit

2058 1026 2315 1099 adjutor.
2348 1030 2675 1085 commilito
2705 1046 2842 1085 vero
2872 1032 2933 1085 in
2968 1031 3248 1102 periculis
3279 1040 3338 1089 et
3376 1035 3712 1091 afﬂictioni-

2060 1118 2170 1173 bus
2200 1118 2271 1173 ad
2271 1119 2440 1190 jutor
2459 1125 2566 1174 est.
2589 1140 2617 1169 ››
2647 1121 2913 1175 Vestrum
2937 1128 3135 1176 autem
3157 1124 3492 1193 apostolum
3517 1141 3584 1180 ac
3604 1126 3713 1181 mi-

2060 1209 2315 1263 nistrum
2349 1208 2409 1263 in
2440 1209 2794 1264 necessitate
2824 1225 2953 1265 mea
2994 1232 3023 1260 »
3065 1213 3209 1267 Nam
3248 1229 3354 1282 per
3381 1214 3575 1285 ipsum
3609 1232 3714 1270 ne-

2060 1298 2316 1353 ressaria
2375 1297 2715 1352 miserant:
2775 1297 2910 1353 ideo
2968 1300 3306 1370 apostolum
3351 1301 3611 1367 illorum,
3646 1320 3714 1359 ac

2061 1386 2399 1442 ministrum
2432 1404 2553 1442 sua;
2585 1386 2959 1443 necessitatis
2998 1389 3278 1460 appellat.
3331 1391 3717 1464 Quandoqui-

2061 1475 2459 1531 desiderabat.
2494 1498 2522 1525 ››
2570 1476 2932 1533 Charitatem
2988 1477 3150 1534 illius
3209 1478 3273 1534 in
3332 1482 3715 1539 commenda-

2060 1566 2286 1620 tionem
2312 1565 2610 1637 pr0ponit.
2637 1587 2666 1615 ‹‹
2697 1566 2924 1622 Anxius
2944 1567 3151 1623 animi.
3177 1588 3205 1618 »
3231 1569 3476 1639 Anxius,
3498 1570 3713 1642 inquit,

2062 1656 2264 1711 animo
2292 1661 2418 1711 erat
2446 1656 2644 1712 sciens
2665 1656 2823 1728 quod
2854 1674 2889 1712 a
2912 1657 3077 1713 vobis
3121 1664 3445 1728 amaretur,
3497 1666 3559 1716 et
3576 1679 3717 1733 pro-

2063 1750 2268 1816 pterea
2287 1761 2656 1817 cognoscens
2677 1746 2837 1816 quod
2860 1762 3107 1802 maerore
3132 1747 3523 1805 afﬁceremini
3556 1749 3630 1806 ob
3652 1750 3718 1805 il-

2064 1834 2182 1890 lius
2212 1834 2644 1906 mgriiudinem.
2682 1856 2709 1879 σι
2744 1835 3047 1905 Siquidem
3088 1836 3169 1892 ita
3216 1837 3492 1894 infirmus
3520 1839 3650 1894 fuit.
3688 1861 3715 1888 ι»

2065 1923 2336 1981 Ostendit
2364 1922 2524 1994 quod
2554 1940 2674 1979 non
2703 1924 3061 1996 negligentia
3084 1928 3390 1997 torpuerit,
3424 1927 3563 1984 dum
3589 1927 3718 1985 nul-

294 2021 567 2093 Τιμόθεον
594 2016 651 2076 δὲ
689 2020 782 2074 τὸν
813 2019 906 2075 καὶ
967 2017 1144 2075 ἐλθεῖν
1208 2014 1527 2090 δυνάμενον,
1589 2014 1755 2088 μόνον
1816 2015 1953 2088 εἶχε,

2079 2016 2189 2069 lum
2220 2013 2292 2069 ad
2326 2014 2486 2085 ipsos
2519 2014 2798 2073 mitteret.
2824 2015 2927 2069 sed
2951 2016 3306 2071 necessitate
3322 2017 3598 2074 detentus
3620 2020 3716 2077 sit.

296 2115 416 2173 πῶς
444 2110 536 2165 οὗν
586 2108 902 2165 ἀπέστειλεν
953 2107 1015 2163 ἃν
1047 2107 1246 2176 αὖτόνς
1308 2134 1333 2158 σι
1364 2105 1524 2164 Ἀλλ’
1554 2107 1582 2161 ὁ
1614 2105 1744 2166 Θεὸς
1802 2102 1960 2159 αὐτὸν

297 2199 526 2271 ἠλέησε.
563 2223 592 2251 ››
646 2199 707 2254 Τί
739 2197 952 2267 ἐροῦσιν
1014 2198 1067 2254 οἱ
1124 2196 1411 2270 αἱρετικοὶ,
1472 2196 1523 2251 οἱ
1580 2194 1832 2270 λέγοντες
1862 2214 1957 2248 κα-

299 2290 395 2344 κὸν
427 2288 521 2344 τὸν
547 2287 756 2360 κόσμον
790 2307 805 2357 ς
839 2283 978 2342 Ἰδοὺ
1021 2286 1123 2361 γάρ
1154 2285 1184 2339 ὁ
1219 2283 1559 2345 Ἀπόστολος
1616 2277 1767 2338 ἔλεον
1827 2284 1962 2336 Θεοῦ

298 2373 482 2443 καλεῖ,
514 2374 579 2431 τὸ
611 2374 829 2444 ἒαθῆναι
870 2373 989 2428 τὸν.
1017 2368 1418 2450 Ἐπαφρόδιτον
1478 2368 1529 2425 ἂν
1687 2367 1822 2443 ζωῇ.
1865 2368 1964 2425 Διά

303 2485 336 2521 τ
391 2462 449 2520 δὲ
481 2463 629 2527 ὅλως
671 2467 856 2531 (τοῦτο
885 2463 985 2539 γάρ
1036 2462 1113 2524 ὡς
1169 2463 1306 2537 πρὸς
1363 2457 1729 2535 Χριστιανοὺς
1790 2464 1959 2529 ζητη-

305 2552 453 2620 τέον,
486 2552 530 2607 εί
582 2552 645 2608 τὸ
700 2550 963 2607 ἀναλῦσαι
1004 2551 1094 2605 καὶ
1162 2551 1257 2604 σὺν
1295 2550 1514 2623 Χριστῷ
1569 2548 1707 2601 εἶναι
1745 2543 1960 2618 καλόν),

309 2639 465 2697 ἔλεον
498 2639 650 2715 λέγει
680 2641 780 2708 τήν
808 2639 1028 2695 ἐνταῦθα
1086 2641 1231 2708 ζωήν
1267 2657 1281 2707 ;
1318 2639 1412 2693 Καὶ
1438 2657 1635 2714 φαμεν,
1668 2633 1752 2690 ὅτι
1783 2632 1852 2690 δι’
1895 2636 1963 2705 ἣν

308 2729 489 2787 αἰτίαν
523 2730 634 2785 ἄνω
662 2729 831 2800 εἶπεν,
864 2728 1311 2803 Ἀναγκαιότερον
1367 2723 1425 2782 δὲ
1472 2726 1534 2782 τὸ
1582 2724 1855 2798 ἐπιμεῖναι
1891 2728 1962 2798 τῇ

306 2819 468 2893 σαρκὶ
500 2817 573 2875 δι’
629 2821 793 2891 ὑμᾶς,
852 2817 941 2874 διὰ
998 2818 1201 2889 ταύτην
1256 2818 1344 2872 καὶ
1405 2820 1497 2870 νῦν
1552 2816 1717 2870 τοῦτό
1775 2835 1939 2893 φησιν

305 2933 334 2962 ‹‹
370 2907 527 2965 Αλλά
550 2909 642 2964 καὶ
674 2908 792 2982 ἐμέ.
828 2933 855 2960 η
886 2911 1028 2983 ’Ὅρα
1073 2911 1192 2968 πῶς
1238 2902 1520 2977 αῗδέσιμον
1574 2903 1735 2959 αὐτὸν
1794 2907 1962 2967 ποιεῖ,

308 2996 385 3060 ώς
414 3001 484 3069 τῇ
517 2996 723 3052 ἐκείνου
750 2996 925 3073 ὑγιείᾳ
953 2996 1142 3052 ἑαυτὸν
1200 2994 1471 3064 ἡλεῆσθαι
1528 2989 1733 3067 λέγειν.
1792 3014 1820 3043 a
1853 2992 1967 3047 Ἵνα

316 3090 392 3161 μή
427 3086 608 3157 λυπην
640 3085 729 3143 ἰπὶ
760 3086 943 3157 λύπην
974 3090 1118 3161 σχῶ,
1155 3108 1182 3136 ι»
1217 3083 1357 3158 Πρὸς
1386 3087 1455 3157 τῇ
1486 3082 1594 3137 ἀπὸ
1622 3083 1721 3149 τῆς
1752 3080 1964 3155 ἀρρωσο

305 3175 426 3237 τίας
460 3175 648 3243 αὐτοῦ,
679 3176 770 3231 καὶ
793 3178 893 3244 τήν
925 3175 1031 3231 ἀπὸ
1088 3177 1186 3229 τοῦ
1215 3173 1466 3243 θανάτου,
1520 3170 1822 3238 τουτέστιν,
1877 3169 1968 3225 ἳνα

310 3266 386 3337 μὴ
419 3261 600 3334 λύπην
632 3266 732 3334 τήν
764 3272 865 3335 τῆς
904 3262 1207 3339 ἀρρωστίας
1264 3262 1456 3332 αὐτοῦ,
1495 3259 1581 3315 ἐπὶ
1633 3259 1813 3329 λύπην
1866 3261 1966 3328 τήν

304 3358 404 3410 τοῦ
437 3356 663 3411 θανάτου
691 3357 971 3430 κρατήσω.

2072 2104 2216 2159 Nam
2241 2102 2675 2174 Epaphroditus
2696 2104 3054 2172 aegrotabat;
3079 2106 3472 2170 Timotheum,
3496 2114 3557 2162 et
3577 2109 3623 2162 si
3645 2108 3721 2164 ad

2071 2208 2174 2247 eos
2204 2191 2496 2262 proficisci
2530 2190 2840 2262 potuisset,
2873 2192 3062 2247 solum
3094 2193 3370 2259 habebat,
3422 2197 3719 2266 quomodo

2070 2293 2207 2351 ergo
2253 2278 2448 2349 ipsum
2481 2277 2713 2332 mittere
2745 2278 3076 2348 potuisset?
3098 2301 3125 2329 »
3168 2280 3224 2335 Si
3258 2281 3411 2336 Deus
3442 2282 3722 2339 misertus

2072 2368 2157 2422 esi
2190 2367 2371 2422 illius.
2397 2366 2593 2432 nQuid
2626 2367 2828 2422 dicent
2847 2369 3135 2429 haeretici.
3154 2369 3255 2439 qui
3287 2378 3566 2426 asserunt
3593 2388 3722 2428 ma-

2070 2457 2196 2512 lum
2214 2473 2343 2512 esse
2367 2456 2656 2512 mundum
2674 2457 2700 2512 ?
2717 2458 2860 2512 Ecce
2876 2458 3035 2513 enim
3054 2459 3372 2529 Apostolus
3389 2461 3724 2517 misericor.

2070 2547 2182 2603 dias
2214 2548 2316 2604 Dei
2357 2547 2540 2603 fuisse
2594 2548 2739 2617 dicit
2778 2548 2939 2619 quod
2995 2550 3431 2621 Epaphroditus
3488 2552 3551 2607 in
3609 2554 3728 2609 vita

2072 2637 2389 2694 sineretur.
2414 2637 2811 2703 Quamobrem
2843 2645 3039 2695 autem
3066 2646 3419 2711 praesentem
3436 2643 3612 2699 vitam
3645 2644 3728 2699 ait

2073 2727 2320 2783 omnino
2337 2743 2469 2783 esse
2493 2727 2916 2784 misericordiae
2938 2737 3095 2798 (nam
3120 2729 3234 2786 hoc
3256 2737 3538 2802 tanquam
3569 2733 3726 2805 apud

2071 2817 2438 2872 Christianos
2498 2817 2888 2889 quaerendum
2946 2820 3055 2883 est)
3092 2861 3105 2877 .
3149 2819 3195 2874 si
3235 2819 3476 2876 dissolvi
3507 2826 3568 2875 et
3596 2837 3726 2878 esse

2074 2924 2209 2963 cum
2255 2907 2488 2963 Christo
2545 2906 2762 2962 melius
2816 2907 2990 2962 erat?
3035 2909 3106 2961 Et
3133 2907 3409 2977 dicimus,
3443 2911 3601 2981 quod
3649 2913 3725 2970 ob

2075 3013 2316 3053 causam
2339 3013 2456 3067 qua
2478 2997 2754 3067 superius
2781 2996 2965 3051 dixit:
2998 3002 3233 3054 Manere
3252 2999 3313 3054 in
3343 3017 3521 3058 carne
3538 3004 3725 3077 magis

2074 3086 2480 3142 necessarium
2503 3090 2594 3140 est
2617 3091 2859 3156 propter
2874 3103 2995 3151 vos,
3021 3087 3094 3141 ob
3117 3087 3388 3144 eamdem
3411 3106 3570 3145 nunc
3586 3109 3729 3162 quo-

2076 3190 2191 3246 que
2222 3173 2379 3229 istud
2411 3172 2575 3227 dicit.
2639 3196 2667 3225 ι
2697 3173 2809 3228 Sed
2838 3179 2898 3228 et
2924 3174 3064 3230 mei.
3100 3196 3128 3224 »
3159 3175 3304 3232 Vide
3335 3193 3514 3248 quam
3563 3196 3728 3234 reve-

2075 3263 2322 3318 reddum
2367 3262 2534 3318 illum
2567 3262 2794 3331 reddat,
2822 3279 2957 3318 cum
2990 3263 3179 3335 ipsius
3237 3266 3487 3322 sanitate
3520 3268 3728 3323 Domi-

2078 3369 2222 3409 num
2254 3352 2345 3408 sui
2370 3351 2681 3407 misertum
2707 3350 2889 3407 fuisse
2920 3352 3083 3408 dicit.
3124 3376 3151 3403 ‹‹
3179 3356 3259 3409 Ne
3287 3372 3599 3414 mmrorem
3631 3375 3726 3414 su-

303 3462 414 3519 per
452 3463 766 3504 mmrorem
801 3446 1104 3503 haberem.
1141 3447 1359 3517 Nempe
1390 3444 1494 3500 90
1522 3449 1739 3516 printer
1768 3459 1902 3499 cum
1931 3444 2032 3516 qui
2065 3448 2230 3499 ontus
2261 3442 2460 3496 fuerat
2496 3440 2569 3496 ab
2602 3441 2765 3496 illius
2795 3442 3168 3512 aegritudine,
3224 3445 3404 3501 etiam
3461 3462 3592 3502 eum
3628 3455 3734 3519 qui

305 3552 341 3592 a
366 3541 555 3592 morte
588 3536 897 3609 processit.
927 3537 1046 3592 Hoc
1068 3541 1177 3601 est,
1212 3551 1287 3590 ne
1318 3533 1585 3590 dolorem
1618 3533 1720 3605 qui
1752 3533 1941 3589 fuerat
1983 3549 2055 3590 ex
2089 3533 2220 3606 ejus
2279 3529 2654 3604 aegritudine,
2706 3530 2990 3587 haberem
3020 3549 3145 3589 una
3196 3551 3332 3590 cum
3390 3535 3599 3593 dolore
3631 3530 3734 3609 qui

310 3631 663 3698 sequeretur
692 3642 763 3682 ex
792 3626 923 3697 ejus
946 3631 1157 3681 morte.

387 3711 841 3790 Σπουδαιοτέρως
926 3713 1021 3768 οὗν
1105 3711 1324 3787 ἔπεμψα
1411 3710 1575 3768 αὐτὸν
1652 3707 1745 3765 ’ίνα
1825 3707 1970 3765 ἰδόν-
2000 3712 2044 3779 C

309 3823 402 3867 τες
485 3802 646 3857 αὐτὸν
734 3800 901 3858 πάλιν
986 3808 1219 3877 χαρῆτε,
1300 3802 1452 3877 κάγὼ
1508 3797 1846 3873 ἀλυπότερος
1900 3799 1966 3855 ὦ.

316 3888 696 3967 Προσδέχεσθε
754 3891 849 3947 οὗν
927 3890 1084 3946 αὐτὸν
1162 3887 1215 3945 ἐν
1308 3889 1487 3964 Κυρῗῳ
1573 3889 1706 3962 μετά
1790 3888 1969 3957 πάσης

317 3987 514 4057 χαρᾶς,
598 3981 690 4037 καί
776 3980 904 4044 τοὺς
959 3981 1250 4043 τοιούτους
1331 3978 1580 4052 ἐντίμους
1649 3974 1826 4053 ἔχετε,
1885 3975 1969 4031 ὅτι

318 4067 409 4126 διὰ
456 4070 520 4126 τὸ
587 4063 742 4147 ἔργον
800 4074 897 4125 τοῦ
954 4072 1194 4144 Χριστοῦ
1250 4067 1418 4143 μέχρι
1475 4066 1702 4121 θανάτου
1758 4062 1972 4140 ἤγγισε,

322 4153 914 4233 παραϐουλευσάμενος
1021 4162 1092 4232 τῇ
1177 4157 1356 4233 ψυχῇ,
1436 4154 1522 4211 ἳνα
1588 4152 1864 4231 πληρώσῃ
1910 4155 1975 4210 τὸ

327 4249 483 4323 ὑμῶν
517 4247 817 4324 ὑστέρημα,
846 4250 947 4318 τῆς
977 4249 1117 4322 πρὸς
1147 4248 1213 4320 μὶ
1243 4245 1603 4323 λειτουργίας.

401 4362 429 4390 ‹‹
461 4337 635 4395 Πάλιν
685 4344 916 4413 χαρῆτε.
952 4361 982 4388 ››
1040 4339 1134 4406 Μὴ
1196 4338 1362 4410 μόνον
1417 4336 1477 4392 ἐκ
1529 4343 1630 4405 τῆς
1690 4336 1862 4406 ἀκοῆς
1892 4334 1975 4391 ὅτι

326 4426 566 4501 ὗγίανεν,
600 4425 747 4483 ἀλλά
775 4426 866 4482 καὶ
890 4425 951 4481 ἐκ
993 4432 1095 4494 τῆς
1150 4425 1296 4488 θίας.
1360 4449 1387 4479 ι(
1421 4423 1583 4499 Κάγὼ
1641 4423 1981 4497 ἀλυπότερος

322 4519 390 4574 ὦ.
422 4519 610 4573 »Ἐὰν
642 4517 748 4594 γὰρ
783 4517 940 4588 ὑμεῖς
998 4521 1231 4590 χαρῆτε,
1286 4512 1374 4569 καὶ
1428 4513 1535 4590 ἐγὼ
1595 4514 1803 4589 χαίρω,
1854 4511 1981 4569 ἀλλ’

326 4605 427 4663 οὐκ
502 4609 640 4673 εἷπε,
696 4604 905 4679 Χαίρω,
961 4602 1089 4661 ἀλλ’
1129 4600 1254 4660 ούὸὶ
1303 4599 1513 4665 ἄλυπος
1559 4599 1777 4675 ἔσομαι,
1837 4600 1983 4659 ἀλλά

325 4694 685 4770 ἀλυπότερος,
717 4692 927 4756 δεικνὺς
952 4692 1036 4749 ὅτι
1068 4689 1346 4748 οὐδέποτε
1371 4691 1641 4766 ἧνξχωρὶς
1669 4689 1851 4761 λύπης
1880 4696 1980 4759 τῆς

332 4784 462 4857 ὑπὲρ
491 4788 601 4839 τῶν
634 4784 914 4857 μαθητῶν,
971 4782 1061 4837 καὶ
1111 4788 1212 4850 τῆς
1269 4780 1401 4854 ὑπὲρ
1430 4784 1527 4835 τοῦ
1581 4777 1833 4853 πολέμου
1882 4786 1985 4848 τῆς

332 4872 588 4934 πίστεως.
617 4874 775 4948 ’Υπὲρ
805 4873 908 4947 γάρ
940 4878 1040 4941 τῆς
1071 4867 1296 4931 ἔλπίδος
1353 4868 1435 4925 ἀεὶ
1493 4862 1702 4943 ἔχαιρε.
1758 4890 1780 4919 ι
1818 4874 1985 4943 Προσ-

331 4960 558 5038 δὲχεσθε
617 4960 709 5018 οὖν
763 4962 928 5018 αὐτόν
968 5003 981 5018 .
1020 4985 1050 5012 ››
1106 4961 1332 5031 Δὲξασθε
1388 4960 1481 5015 οὖν
1541 4957 1727 5026 αὐτὸν,
1794 4957 1831 5028 ἢ
1896 4955 1986 5013 διὰ

326 5052 422 5108 τὸν
486 5052 684 5126 Κύριον
715 5097 732 5121 ,
788 5051 823 5121 ἢ
885 5055 1026 5107 Θεοῦ
1101 5048 1375 5114 θέλοντος.
1410 5078 1437 5108 α
1489 5047 1584 5103 Καὶ
1631 5045 1762 5110 τοὺς
1811 5046 1989 5103 τοιού-

325 5162 457 5203 τους
494 5140 745 5214 ἆντίμους
772 5138 947 5217 ἔχετε,
984 5163 1011 5191 ι)
1052 5140 1115 5196 ού
1169 5138 1240 5195 δι’
1289 5137 1485 5199 αὖτοὺς
1551 5135 1812 5203 ἐκείνους,
1838 5133 1986 5192 ἀλλὰ

331 5228 403 5287 δι’
465 5232 609 5305 ὑμᾶς
666 5231 796 5293 τοὺς
856 5227 1213 5305 δεχομένους,
1266 5229 1361 5283 ἳνα
1413 5225 1684 5302 πλεονάσῃ
1747 5226 1899 5299 ὑμῶν
1956 5226 1985 5281 ὁ

342 5320 556 5393 μισθός.
600 5344 627 5370 ι(
661 5322 786 5377 ’Ότι
827 5315 917 5374 8ιά
962 5319 1025 5374 τὸ
1073 5314 1232 5394 ἔργον
1288 5319 1386 5371 τοῦ
1442 5316 1697 5391 Χριστοῦ.
1733 5338 1762 5366 ››
1816 5314 1991 5377 Οὗτος

334 5408 592 5464 ἀπελθὼν
626 5408 678 5464 ἐν
728 5409 1018 5483 τῇῬώμῃ
1079 5406 1131 5463 ἰν
1182 5410 1261 5477 τῷ
1317 5403 1672 5479 ἀποκομίζειν
1731 5402 1800 5459 τά
1853 5402 1989 5478 πρὸς

335 5500 440 5567 τήν
486 5499 677 5572 χρείαν
761 5502 842 5570 τῷ
903 5495 1127 5569 Παύλῳ,
1170 5495 1314 5557 εἰκὸς
1366 5495 1451 5549 ὅτι
1508 5489 1658 5567 εὗρεν
1718 5490 1883 5547 αὐτὸν
1940 5490 1993 5546 ἐν

337 5586 541 5658 πολλῷ
569 5584 823 5659 κινδύνῳ,
856 5586 930 5645 ὡς
963 5583 1105 5658 μηόὶ
1141 5588 1205 5641 τὸ
1253 5585 1481 5659 ὶγγίζςιν
1528 5580 1694 5651 αύτῷ,
1752 5578 1991 5659 ἔφίεσθαί

336 5698 469 5747 τινι,
499 5674 648 5732 ἀλλά
686 5677 777 5731 καὶ
824 5673 1069 5731 κίνδυνον
1124 5677 1258 5731 εἶναι
1286 5680 1404 5736 τοῖς
1459 5666 1902 5747 ἕντυγχάνουσιν.
1934 5670 1994 5739 ὀ

341 5766 436 5823 οὗν
484 5763 887 5843 Ἐπαφρόδιτος
936 5764 1190 5822 τοιούτου
1247 5761 1507 5820 κινδύνου
1563 5762 1996 5840 καταφρονήσας,

342 5855 434 5912 καὶ
487 5857 764 5931 συνέτυχε,
825 5856 910 5910 καὶ
971 5856 1034 5909 τά
1091 5854 1226 5928 πρὸς
1272 5855 1372 5924 τήν
1429 5850 1617 5928 χρείαν
1679 5845 1866 5921 ἔδωκε,
1907 5852 1996 5907 καὶ

2153 3710 2226 3775 ΙΙ,
2256 3710 2444 3765 28-30.
2505 3710 2816 3765 Studiosius
2877 3713 3065 3780 itaque
3101 3712 3230 3768 misi
3282 3712 3463 3781 illum,
3522 3722 3734 3769 etcum

2074 3800 2335 3855 videretis
2368 3800 2529 3854 illum
2559 3800 2738 3855 denuo
2785 3800 3094 3870 gaudeatis,
3131 3808 3182 3856 et
3212 3818 3313 3871 ego
3343 3805 3520 3873 magis
3549 3819 3735 3859 vacem

2075 3906 2323 3945 maerore.
2364 3891 2616 3959 Excipite
2646 3891 2820 3959 igitur
2862 3889 3022 3945 illum
3054 3892 3111 3945 in
3154 3892 3378 3947 Domino
3430 3910 3552 3948 cum
3582 3893 3735 3949 omni

2077 3980 2280 4050 gaudio
2302 3996 2320 4033 :
2351 3984 2403 4034 et
2433 3980 2530 4050 qui
2561 3978 2831 4050 ejusmodi
2858 3987 3006 4047 sunt,
3034 3996 3122 4035 eos
3152 3982 3210 4035 in
3236 3984 3421 4051 pretio
3439 3982 3691 4037 habetote
3712 3998 3732 4037 :

2078 4070 2340 4140 quoniam
2362 4074 2592 4138 prapler
2635 4084 2768 4139 opus
2828 4068 3032 4123 Christi
3059 4086 3123 4124 eo
3150 4073 3392 4138 accessit,
3454 4078 3516 4126 ut
3568 4073 3734 4127 morti

2072 4159 2364 4229 promimus
2391 4158 2565 4225 fuerit
2592 4173 2605 4210 :
2636 4173 2749 4211 non
2778 4157 2970 4212 habita
2996 4160 3217 4214 ratione
3273 4161 3422 4219 vita.
3482 4168 3545 4215 ut
3597 4177 3734 4231 sup-

2073 4247 2252 4319 pleret
2282 4246 2340 4300 id
2358 4246 2508 4317 quod
2524 4248 2581 4299 in
2598 4252 2776 4301 vestro
2805 4263 2938 4315 erga
2955 4263 3039 4302 me
3052 4250 3233 4317 ofﬁcio
3243 4250 3357 4317 fuit
3371 4249 3732 4305 diminutum.

2155 4359 2183 4387 ι(
2212 4336 2415 4392 Denuo
2437 4335 2763 4409 gaudeatis.
2790 4358 2819 4386 ››
2838 4337 2966 4392 Non
2990 4354 3059 4391 ex
3084 4337 3292 4395 auditu
3317 4342 3545 4395 tantum
3576 4339 3738 4411 quod

2085 4432 2329 4483 sanatus
2361 4426 2458 4489 sit,
2489 4426 2879 4481 verumetiam
2910 4443 2983 4481 ex
3013 4432 3277 4499 aspectu.
3311 4449 3340 4478 ‹‹
3379 4430 3445 4483 Et
3474 4446 3579 4502 ego
3609 4445 3739 4487 ma-

2085 4518 2174 4590 gis
2204 4533 2402 4572 vacem
2437 4532 2706 4571 mmrore.
2746 4540 2766 4565 ι
2803 4517 2947 4573 Nam
2980 4518 3029 4573 si
3060 4534 3160 4572 vos
3188 4518 3482 4590 gaudetis,
3529 4526 3587 4575 et
3636 4537 3741 4593 ego

2086 4605 2313 4678 gaudeo
2345 4623 2358 4659 :
2392 4604 2494 4661 sed
2518 4622 2638 4662 non
2661 4604 2811 4660 dixit
2840 4606 3098 4672 Gaudeo,
3132 4606 3253 4663 imo
3284 4623 3476 4678 neque
3508 4608 3747 4679 simpli-

2088 4696 2237 4751 citer
2265 4694 2432 4763 dixit,
2484 4694 2621 4749 Sine
2673 4711 2923 4750 maerore
2975 4712 3095 4761 ero,
3148 4695 3251 4751 sed
3302 4697 3489 4769 magis
3546 4713 3747 4753 vacem

2091 4802 2363 4853 mazrore,
2408 4785 2732 4842 ostendens
2760 4786 2918 4857 quod
2950 4792 3193 4857 propter
3241 4787 3566 4859 discipulos
3594 4804 3751 4845 nun-

2091 4892 2271 4948 quam
2302 4876 2530 4931 doloris
2560 4892 2773 4947 expers
2804 4882 2952 4937 orat.
2979 4877 3079 4947 qui
3112 4876 3292 4933 etiam
3342 4877 3648 4934 oriebatur
3674 4877 3751 4934 ob

2091 4965 2314 5022 bellum
2347 4966 2629 5021 adversus
2654 4965 2851 5020 fidem.
2885 4965 3033 5021 Nam
3066 4971 3307 5037 propter
3330 4982 3493 5038 spem
3517 4982 3755 5039 semper

2091 5052 2406 5126 gaudebat.
2440 5075 2468 5103 ιι
2503 5053 2770 5125 Excipite
2798 5054 2978 5127 igitur
3010 5055 3180 5109 illum
3213 5055 3274 5110 in
3305 5054 3579 5112 Domino.
3615 5077 3644 5107 »
3673 5056 3753 5111 II-

2095 5145 2221 5200 lum
2253 5143 2453 5215 itaque
2495 5142 2778 5214 suscipite
2830 5148 2932 5199 aut
2988 5148 3230 5216 propter
3259 5144 3603 5213 Dominum,
3652 5150 3759 5203 aut

2098 5234 2239 5305 quia
2268 5233 2371 5288 Dei
2402 5232 2675 5288 voluntas
2707 5238 2815 5288 est.
2852 5255 2881 5283 ‹‹
2908 5234 2975 5288 Et
3004 5234 3105 5305 qui
3130 5233 3623 5306 ejusmodi‘sunt,
3655 5249 3758 5290 eos

2098 5321 2160 5376 in
2191 5322 2399 5394 praetio
2431 5320 2729 5376 habetote.
2764 5342 2794 5370 »
2827 5322 2953 5376 Non
2985 5326 3229 5393 propter
3257 5321 3394 5378 illos
3438 5322 3619 5393 ipsos,
3654 5320 3759 5376 sed

2098 5417 2343 5484 propter
2364 5427 2463 5465 vos
2492 5409 2593 5481 qui
2620 5409 2921 5481 suscipitis
2948 5416 3015 5466 ut
3036 5409 3320 5466 exuberet
3368 5416 3564 5467 vestra
3588 5426 3763 5467 men-

2100 5517 2269 5557 ces.«
2305 5499 2598 5567 Quoniam
2646 5506 2890 5573 propter
2932 5516 3083 5572 opus
3134 5500 3353 5556 Christi
3409 5521 3440 5550 ››
3471 5501 3617 5556 Cum
3665 5498 3762 5555 hic

2101 5590 2349 5646 abiisset
2367 5588 2438 5645 ad
2465 5589 2677 5646 urbem
2700 5591 2971 5654 Romam,
2995 5596 3061 5643 ut
3079 5606 3210 5661 quae
3232 5589 3571 5659 necessaria
3592 5594 3766 5644 erant

2101 5679 2287 5735 Paulo
2318 5678 2599 5742 deferret,
2623 5678 2942 5735 verisimile
2957 5684 3048 5734 est
3064 5678 3511 5750 quodipsumin
3550 5695 3763 5751 magno

2107 5769 2374 5842 periculo
2396 5770 2725 5837 invenerit,
2758 5786 2895 5827 cum
2925 5773 3126 5825 autem
3155 5785 3231 5825 ne
3255 5768 3330 5825 ad
3352 5784 3489 5825 eum
3521 5768 3764 5842 quidem

2108 5860 2391 5918 accedere
2452 5860 2731 5932 cuiquam
2783 5859 3014 5919 licitum
3044 5864 3147 5915 aut
3194 5858 3554 5931 permissum
3587 5863 3764 5918 esset.
