4108 6450
355 534 511 596 1295

1475 523 1901 586 (ECUMENII
1948 522 2254 584 TRICC£
2296 525 2652 589 EPISCOPI

3620 526 3781 586 {296

351 668 472 723 imo
513 669 572 722 et
599 660 931 735 periculum
984 659 1078 714 his
1128 662 1285 713 esset
1339 656 1442 728 qui
1501 660 1998 727 assequerentur:

2129 651 2369 725 διηκόνει
2400 655 2570 729 αὐτῷ.
2603 659 2802 732 Ἔργον
2837 652 2895 713 δὲ
2923 656 3132 729 Κυρίου
3186 653 3348 712 καλεῖ
3398 654 3461 711 τὸ
3508 654 3783 711 τοιόῦτον.

351 753 790 830 Epaphroditus
840 748 1169 822 postposito
1233 746 1575 815 huiusmodi
1635 746 1901 818 periculo
1952 751 2010 801 et

353 859 705 918 congressus
729 845 838 906 est,
864 845 922 893 et
944 838 1107 892 dedit
1132 853 1263 907 qua:
1281 835 1621 891 necessaria
1643 840 1831 901 erant,
1864 834 2010 906 ipsi-

355 952 467 1009 que
502 929 883 988 ministrabat
913 945 926 982 :
962 926 1018 981 id
1060 932 1261 981 autem
1293 930 1460 980 vocat
1516 940 1664 995 opus
1722 923 1958 979 Domini
1992 939 2007 989 ;

353 1024 514 1097 quod
550 1023 711 1078 enim
753 1036 867 1086 me,
901 1016 1115 1089 inquit,
1149 1015 1462 1078 refocillat,
1496 1031 1615 1069 non
1652 1020 1894 1085 propter
1914 1029 2009 1069 me

353 1126 466 1181 hoc
499 1124 658 1190 facit,
679 1121 781 1177 sed
816 1124 1057 1191 prepter
1089 1117 1423 1170 Dominum.
1460 1139 1566 1164 -α
1584 1117 1831 1185 Propter
1861 1131 2011 1185 opus

353 1213 591 1270 Christi.
634 1231 661 1262 ιι
714 1212 891 1264 Recte
937 1223 1085 1278 opus
1115 1205 1329 1261 Christi
1365 1210 1550 1260 vocat.
1584 1204 1639 1258 Si
1692 1204 1851 1257 enim
1908 1203 2008 1273 qui

354 1301 680 1373 discipulos
712 1298 981 1367 suscipit,
1025 1296 1221 1367 ipsum
1282 1294 1533 1365 suscipit
1585 1292 2015 1359 Christum,ait

353 1392 553 1448 enim:
590 1412 616 1439 ιι
650 1388 756 1454 Qui
783 1404 884 1441 vos
916 1384 1186 1455 suscipit,
1225 1399 1320 1438 me
1350 1383 1619 1454 suscipit.
1652 1384 1692 1417 ¹⁶
1725 1400 1738 1447 ;
1772 1402 1797 1425 η
1833 1382 2014 1436 etiam

353 1481 452 1553 qui
488 1481 547 1536 in
593 1478 794 1548 aliquo
854 1473 1163 1545 discipulis
1210 1471 1531 1533 ministrat.
1564 1472 1799 1527 Christo
1833 1470 2013 1525 mini-

353 1575 519 1626 strat.
541 1570 837 1624 Praeterea
867 1569 926 1620 et
953 1563 1071 1618 alio
1102 1561 1279 1617 modo
1307 1577 1458 1632 opus
1487 1560 1702 1616 Christi
1735 1566 1844 1629 est,
1877 1559 2017 1631 quia

354 1667 636 1743 praecepti
659 1663 875 1720 Christi
908 1668 999 1717 est
1022 1660 1326 1733 propriam
1357 1660 1622 1716 animam
1653 1678 1761 1732 pro
1806 1664 2015 1719 amicis

356 1772 615 1831 ponere:
649 1752 810 1826 quod
848 1753 899 1807 si
940 1769 1046 1823 pro
1107 1752 1338 1816 amicis,
1382 1756 1605 1821 quanto
1666 1752 1851 1823 magis
1906 1772 2013 1825 pro

359 1841 865 1919 prmeeptoribusl
904 1862 931 1892 ‹‹
964 1842 1090 1895 Non
1136 1838 1341 1895 habita
1395 1840 1628 1895 ratione
1677 1841 1828 1897 vita).
1866 1843 2009 1899 »οι

358 1935 511 2002 Quid
544 1930 957 2001 enim,inquit,
983 1934 1042 1985 et
1071 1929 1119 1983 si
1146 1930 1299 1983 Deus
1322 1928 1627 1999 inopinato
1649 1931 1825 1987 modo
1848 1931 2017 1989 illum

2114 744 2177 801 Ὁ
2233 746 2335 821 γὰρ
2403 745 2524 816 ἐμὲ,
2581 747 2771 824 φησὶν,
2839 746 3147 812 ἀναπαύων,
3211 744 3273 800 οὖ
3331 740 3400 800 δι’
3460 741 3559 817 ἐμὲ
3614 747 3780 799 τοῦτο

2116 841 2282 905 ποιεῖ,
2315 833 2465 891 ἀλλά
2494 833 2583 892 διὰ
2637 837 2729 892 τὸν
2790 836 3006 910 Κύριον.
3036 868 3101 878 --
3160 860 3187 887 ‹‹
3226 835 3324 891 Διὰ
3370 834 3432 889 τὸ
3491 827 3645 908 ἔργον
3675 836 3778 888 τοῦ

2118 939 2383 1009 Χριστοῦ.
2418 960 2447 988 »
2479 938 2688 1009 [ΦΩΤ]
2720 936 2919 997 Καλῶς
2964 934 3123 1012 ἔργον
3153 936 3288 991 αὐτὸ
3317 939 3562 1006 Χριστου
3591 934 3774 993 καλεῖ.

2119 1026 2183 1082 Εἰ
2232 1025 2332 1099 γὰρ
2394 1027 2422 1080 6
2478 1022 2781 1104 δεχόμενος
2824 1025 2953 1089 τοὺς
3013 1026 3283 1097 μαθητὰς,
3344 1024 3506 1080 αὐτὸν
3551 1023 3778 1100 δέχεται

2119 1116 2211 1170 τὸν
2272 1115 2522 1189 Χριστὸν,
2583 1141 2611 1167 ιι
2642 1116 2702 1173 'U
2731 1115 2832 1190 γὰρ
2863 1112 3166 1190 δεχόμενος
3222 1116 3388 1188 ὑμᾶς,
3440 1116 3626 1196 φησὶν,
3679 1113 3779 1188 ἐμὲ

2120 1202 2362 1281 δέχεται,
2394 1230 2419 1258 u
2481 1206 2570 1261 καὶ
2621 1207 2650 1261 6
2696 1207 2980 1280 ὑπηρετῶν
3039 1204 3091 1262 ἔν
3142 1227 3250 1262 τινι
3307 1212 3425 1269 τοῖς
3484 1212 3777 1279 μαθηταῖς,

2120 1298 2336 1367 Χριστῷ
2369 1297 2645 1365 ὑπηρετεῖ.
2695 1297 2791 1353 Καὶ
2850 1292 3038 1357 ἄλλως
3072 1292 3132 1351 δὲ
3160 1290 3323 1373 ἔργον
3373 1296 3485 1351 ἐστὶ
3517 1297 3784 1370 Χρισεοῦ,

2121 1389 2207 1443 ὅτι
2238 1385 2464 1456 ἐντολῆς
2496 1383 2610 1442 ἔστι
2653 1390 2916 1459 Χριστοῦ,
2969 1387 3031 1442 τὸ
3088 1384 3294 1441 τιθέναι
3359 1387 3492 1461 ὑπὲρ
3549 1390 3659 1441 τῶν
3688 1387 3782 1457 φί-

2123 1471 2234 1529 λων
2268 1475 2366 1542 τὴν
2397 1471 2536 1529 ἰδίαν
2593 1476 2804 1550 ψυχήν.
2847 1473 2910 1528 Εἰ
2969 1471 3028 1528 δὲ
3060 1473 3192 1548 ὑπὲρ
3226 1471 3430 1550 φίλων,
3456 1473 3612 1545 πόσῳ
3642 1471 3784 1544 μᾶλα

2123 1572 2219 1630 λον
2281 1574 2414 1648 ὑπὲρ
2505 1569 2897 1642 δεδασκάλων;
2964 1595 2992 1625 (ι
3053 1567 3647 1646 Παρειϐουλευσᾶμενος
3712 1575 3786 1646 τῇ

2122 1665 2299 1738 ψυχῇ.
2338 1687 2366 1714 ››
2397 1663 2464 1721 Τί
2509 1663 2616 1738 γὰρ
2674 1662 2720 1717 εἰ
2752 1663 2780 1718 6
2812 1662 2942 1724 Θεὸς
3002 1661 3191 1731 αὐτὸν,
3248 1662 3435 1739 φησὶν,
3493 1654 3692 1716 ἔσωσεν
3725 1658 3789 1715 ἐκ

2122 1749 2471 1828 παραδόξους
2533 1752 2685 1822 Πλὴν
2769 1751 2933 1815 αὐτὸς
2984 1746 3487 1827 παρεϐουλεύσατο,
3545 1752 3637 1806 καί
3696 1750 3786 1812 είς

2462 1836 2678 1917 ἔρῥιψεν
2751 1835 2959 1899 ἔαυτόν.
3048 1866 3077 1893 ‹‹
3111 1842 3225 1897 Ἵνα
3281 1838 3668 1914 ἀναπληρώσῃ
3725 1840 3790 1894 τὸ

2130 1933 2284 2007 ὑμῶν
2320 1930 2618 2007 ὑστέρημα.
2658 1956 2686 1984 ››
2737 1929 3124 1989 Ἀπεστείλατέ
3185 1951 3304 2005 μοι,
3336 1930 3492 2006 φησὶ,
3548 1930 3616 1984 τὰ
3647 1930 3786 2005 πρὸς

2123 1840 2366 1898 κίνδυνον

360 2025 628 2085 servavit.
662 2024 789 2094 ipse
810 2027 1008 2076 tamen
1035 2019 1166 2074 vitae
1186 2018 1477 2073 rationem
1509 2035 1631 2075 non
1651 2020 1879 2088 habuit,
1913 2023 2012 2079 sed

2124 2023 2221 2090 τήν
2281 2021 2492 2097 χρείαν,
2549 2020 2639 2077 καὶ
2694 2019 3002 2093 ἐμνήσθητέ
3055 2041 3161 2092 μου
3221 2019 3477 2087 ἀπόντος,
3534 2018 3626 2074 καὶ
3682 2019 3785 2087 τήν

359 2116 422 2171 in
453 2111 786 2187 periculum
818 2110 1081 2180 seipsum
1113 2106 1389 2177 conjecit.
1451 2130 1478 2158 ‹‹
1516 2108 1586 2163 Ut
1625 2110 1949 2181 suppleret.
1984 2133 2012 2164 »

363 2203 603 2261 Misistis
632 2202 734 2260 ait.
759 2216 891 2271 qua:
916 2197 991 2254 ad
1015 2214 1208 2254 meam
1230 2197 1646 2253 necessitatem
1680 2206 2015 2272 opportuna

360 2300 550 2359 erant,
586 2298 643 2346 et
671 2290 789 2346 mei
820 2289 919 2360 qui
953 2286 1171 2343 absens
1203 2303 1363 2342 eram
1397 2288 1771 2352 meministis,
1798 2293 2013 2347 etcha-

363 2385 601 2439 ritatem
655 2377 1100 2435 demonstratis.
1158 2375 1474 2447 Reliquum
1506 2377 1686 2445 igitur
1718 2380 1821 2435 toti
1855 2382 2021 2453 Operi

368 2482 500 2542 fuit,
534 2487 599 2536 ut
625 2495 728 2551 ego
743 2494 875 2549 qua)
907 2477 1090 2532 missa
1109 2481 1279 2531 erant
1309 2475 1659 2547 reciperem,
1693 2483 1753 2532 et
1782 2479 1895 2535 hoc
1925 2497 2020 2535 so-

370 2572 497 2627 lum
528 2569 736 2624 defuit.
770 2567 874 2621 Hic
930 2566 1130 2636 itaque
1188 2564 1486 2635 reliquum
1520 2565 1679 2636 quod
1736 2568 2022 2640 obsequio

373 2675 512 2732 erga
531 2674 626 2713 me
656 2655 1018 2710 diminutum
1050 2659 1197 2720 erat,
1216 2653 1526 2724 supplevit,
1557 2671 1673 2709 non
1695 2655 1896 2712 habita
1924 2675 2020 2713 ra-

374 2759 534 2813 tione
566 2755 716 2810 vitae.
750 2751 1022 2808 Ostendit
1045 2756 1243 2805 autem
1277 2750 1432 2821 quod
1466 2750 1556 2805 bis
1588 2751 1765 2807 etiam
1788 2756 1889 2825 qui
1921 2756 2026 2810 mi-

374 2851 602 2903 serunt.
624 2857 853 2898 merces
872 2840 1002 2906 erit,
1030 2839 1170 2895 licet
1188 2845 1253 2894 ut
1272 2838 1674 2910 compleretur
1694 2858 1841 2912 opus
1864 2845 2022 2914 quod

369 2932 700 2991 secundum
732 2931 917 2986 Deum
951 2933 1094 2983 erat.
1129 2926 1568 2998 Epaphroditus
1594 2929 1687 2985 hic
1709 2932 2018 3003 suppleve-

364 3025 462 3079 rit.
496 3026 640 3078 Cum
672 3026 867 3076 autem
902 3018 1154 3074 dixerit:
1205 3016 1371 3083 Quod
1396 3034 1467 3073 ex
1495 3018 1664 3074 vobis
1704 3021 1928 3089 deerat,
1964 3031 2021 3080 et

364 3114 647 3177 ofﬁcium,
673 3108 1096 3181 obligationem
1128 3106 1389 3161 ostendit
1435 3107 1750 3165 imminere
1795 3113 1887 3168 his
1918 3117 2018 3186 qui

2123 2111 2336 2186 ἀγάπην
2381 2107 2631 2181 ἐδείξατε,
2687 2110 2970 2167 Ἐλείπετο
3027 2110 3210 2165 τοίνυν
3266 2112 3346 2181 τῷ
3401 2110 3558 2164 παντὶ
3608 2106 3777 2182 ἔργῳ,

2124 2201 2215 2258 καὶ
2278 2201 2342 2257 τὸ
2395 2195 2693 2257 ἀπολαϐεῖν
2761 2221 2828 2274 με
2882 2202 2950 2256 τὰ
3013 2197 3407 2270 ἀποσταλέντα,
3467 2198 3555 2253 καὶ
3612 2201 3778 2254 τοῦτο

2133 2291 2377 2365 ὑστέρισε
2413 2291 2600 2363 μόνον.
2643 2290 2816 2353 Οὗτος
2873 2295 3137 2366 τοιγαροῦ
3186 2289 3250 2345 τὸ
3304 2289 3783 2364 περιλιμπανόμε-

2129 2404 2220 2438 νον
2261 2382 2540 2458 ὑστέρημα
2597 2382 2677 2444 εἷς
2731 2382 2832 2450 τὴν
2892 2380 3031 2453 ἐμήν
3088 2378 3432 2454 λειτουργίαν
3490 2377 3783 2448 ἐπλήρωσε

2130 2471 2719 2548 παραϐουλευσείμενος
2771 2474 2839 2541 τῇ
2883 2473 3061 2546 ψυχῇ.
3122 2470 3367 2525 Δείκνυσι
3420 2466 3478 2524 δὲ
3534 2467 3616 2522 ὅτι
3650 2468 3784 2543 ὑπὲρ

2129 2562 2327 2619 τούτου
2374 2562 2464 2618 καὶ
2508 2567 2628 2623 τοῖς
2677 2559 3061 2616 ἀποστείλασιν
3111 2554 3258 2614 ἔσται
3302 2558 3515 2631 μισθὸς,
3549 2554 3602 2612 εἷ’
3624 2577 3685 2633 γε
3721 2556 3786 2611 τὸ

2131 2650 2388 2708 ἐλλεῖπον
2413 2655 2510 2707 τοῦ
2537 2649 2933 2725 ἀπαρτισθῆναι
2963 2648 3025 2703 τὸ
3060 2648 3200 2702 κατά
3229 2647 3359 2702 Θεὸν
3408 2644 3590 2723 ἔργον,
3622 2645 3783 2706 οὗτος

2130 2740 2659 2818 προσανεπλήρωσεν
2720 2740 2748 2794 ὁ
2806 2734 3242 2814 Ἐπαφρόδιτος.
3304 2735 3507 2793 Ἐἰπὼν
3567 2732 3645 2802 δὲ,
3702 2738 3784 2793 Τὸ

2133 2832 2285 2904 ὑμῶν
2345 2831 2626 2903 ὑστέρημα
2676 2827 2766 2882 γαὶ
2824 2825 3188 2902 λειτουργίας,
3232 2820 3427 2899 ἔδειξεν
3486 2823 3785 2901 ὀφειλόμε-

2129 2941 2220 2975 νον
2252 2922 2314 2975 τὸ
2358 2916 2792 2974 ἀπιιστέλλεσθαί
2822 2916 2971 2992 παρὰ
3007 2920 3117 2971 τῶν
3149 2914 3200 2970 ἐν
3261 2913 3527 2994 ἀσφαλείᾳ
3584 2909 3781 2985 ὄντων,

2127 3026 2247 3082 τοῖς
2274 3018 2326 3075 ἔν
2352 3015 2627 3078 κινδύνοις
2678 3016 2820 3071 οὖσι.
2854 3017 3029 3072 Τοῦτο
3088 3011 3147 3069 δέ
3184 3033 3340 3094 φησι,
3398 3010 3785 3068 καταστέλλων

2128 3111 2328 3172 αὐτοὺς
2350 3107 2439 3164 καὶ
2474 3105 2680 3168 δεικνὺς
2711 3105 2876 3181 χρέος
2906 3102 3351 3178 πεπληρωκέναι,

360 3205 422 3259 in
454 3202 770 3258 securitate
814 3204 973 3261 sunt,
1005 3203 1071 3252 ut
1108 3196 1227 3251 illis
1256 3197 1500 3252 mittant
1528 3199 1630 3269 qui
1660 3207 1799 3257 sunt
1830 3204 1892 3259 in
1931 3205 2231 3278 periculis.
2269 3205 2387 3258 Hoc
2418 3205 2619 3256 autem
2643 3198 2729 3254 ait
2759 3198 2921 3270 ipsos
2970 3197 3033 3251 in
3090 3195 3286 3251 officio
3347 3193 3681 3262 continens,
3716 3208 3785 3248 ac

363 3292 687 3350 ostendens
716 3295 784 3345 ut
814 3287 973 3359 quod
1002 3286 1270 3341 debitum
1301 3292 1391 3342 est
1419 3288 1808 3360 compleatur.

1024 3375 1252 3431 CAPUT
1282 3376 1346 3430 ν.

365 3474 442 3527 De
470 3467 758 3540 spirituati
785 3467 1051 3534 cumquae
1079 3480 1188 3519 non
1210 3465 1431 3534 degitur
1446 3472 1712 3538 tanquam
1741 3472 1801 3525 in
1832 3487 2017 3541 carne,

437 3574 565 3631 qua?
593 3562 674 3613 est
702 3557 946 3611 imitatio
975 3556 1162 3609 mortis
1188 3553 1409 3610 Christi.

435 3649 687 3716 IlI,1-4.
722 3645 879 3711 Quod
923 3650 1187 3714 superest,
1244 3646 1447 3712 fratres
1500 3648 1627 3709 mei,
1694 3651 1932 3718 gaudete
1958 3653 2019 3707 in

365 3741 615 3795 Domino.
653 3735 850 3791 Eadem
881 3735 1118 3789 scribere
1152 3733 1323 3800 vobis,
1351 3751 1436 3789 me
1465 3737 1684 3805 quidem
1717 3746 1859 3795 certe
1908 3758 2019 3797 non

360 3832 520 3902 piget
550 3828 701 3883 vobis
726 3830 909 3880 autem
966 3830 1144 3878 tutum
1198 3829 1298 3879 est.
1366 3825 1559 3880 Videte
1605 3844 1787 3895 canes,
1843 3831 2020 3887 videte

365 3920 541 3973 malos
570 3917 872 3986 operarios,
904 3913 1087 3967 videte
1145 3914 1528 3969 concisionem.
1565 3919 1670 3971 Nos
1725 3922 1870 3975 enim
1919 3936 2015 3976 su-

364 4024 483 4063 mus
515 4006 881 4073 circumcisio,
925 4006 1023 4075 qui
1075 4005 1279 4073 spiritu
1326 4005 1493 4060 Deum
1548 4009 1793 4075 colimus,
1826 4020 1877 4067 et
1903 4013 2020 4084 glo-

361 4110 581 4161 riamur
608 4103 667 4159 in
695 4101 913 4159 Christo
936 4103 1085 4169 Jesu,
1117 4107 1168 4156 et
1197 4117 1311 4156 non
1348 4104 1673 4172 conﬁdimus
1710 4111 1768 4163 in
1803 4125 1969 4166 carne
2000 4127 2013 4166 :

358 4211 682 4266 quanquam
715 4202 766 4248 et
793 4207 893 4262 ego
923 4191 1096 4246 habeo
1128 4206 1236 4261 quo
1266 4192 1325 4244 in
1352 4207 1519 4247 carne
1547 4196 1836 4263 conﬁdam.

426 4358 573 4414 Nam
616 4355 664 4412 si
692 4370 820 4423 ego,
854 4352 1071 4423 inquit,
1105 4367 1265 4406 nunc
1295 4367 1414 4406 non
1469 4354 1708 4423 moriar,
1745 4362 1802 4411 et
1832 4358 2011 4413 Evan-

354 4446 572 4520 gelium
605 4443 680 4500 ad
721 4447 1107 4514 augmentum
1158 4441 1374 4498 veniat.
1407 4457 1475 4497 ac
1505 4442 1733 4500 inimici
1790 4446 2014 4517 pudore

354 4533 801 4600 suﬂ'undantur,
821 4529 1076 4602 gaudere
1105 4526 1334 4583 debetis
1348 4530 1406 4584 in
1432 4531 1700 4589 Domino.
1720 4535 1796 4589 Ne
1810 4552 1865 4589 m
1886 4553 2015 4608 quae

353 4623 655 4688 accidunt,
711 4620 787 4677 ad
864 4619 1113 4692 gloriam
1171 4625 1420 4691 vergunt
1470 4622 1702 4678 Domini
1758 4626 1913 4682 .lesu.
1948 4657 2017 4667 —

2768 3379 3024 3430 ΚΕΦΑΛ.
3063 3375 3131 3430 Ε“.

2126 3468 2256 3544 Περί
2286 3468 2658 3524 πνευματικοῦ
2710 3462 2833 3539 βίου
2885 3466 2982 3518 to?»
3018 3463 3093 3535 μὴ
3152 3458 3227 3522 ὠς
3285 3457 3338 3514 ἔν
3398 3458 3577 3534 σαρκὶ,
3611 3457 3784 3513 ὅέστι

2558 3555 2794 3627 μίμησις
2826 3551 3055 3618 θανάτου
3094 3551 3350 3617 Χριστοῦ.

2196 3644 2272 3700 Τὸ
2319 3642 2534 3711 λοιπὸν,
2597 3638 2825 3717 ἀδελφοί
2886 3660 3017 3712 μου,
3077 3637 3302 3713 χαίρετε
3359 3635 3414 3690 ἐν
3468 3635 3678 3710 Κυρίῳ,
3717 3635 3788 3689 τὰ

2127 3732 2261 3789 αὐτὰ
2319 3734 2544 3810 γράφειν
2602 3731 2729 3802 ὑμῖν
2763 3770 2778 3793 ,
2835 3727 2961 3801 ἐμοὶ
3040 3727 3136 3801 μὲν
3194 3724 3295 3781 οὐκ
3351 3723 3601 3797 ὀκνηρὸν,
3658 3723 3788 3797 ὑμῖν

2125 3822 2182 3878 δὲ
2243 3822 2504 3904 ἀσφαλὲς.
2589 3821 2824 3878 Βλέπετε
2905 3820 3034 3883 τοὺς
3116 3816 3297 3884 κόνας,
3370 3813 3600 3889 βλέπετε
3655 3815 3785 3876 τοὺς

2123 3912 2326 3976 κακοὺς
2388 3912 2619 3988 ἐργάτας
2654 3955 2669 3979 ,
2739 3908 2967 3985 βλέπετε
3021 3911 3121 3978 τήν
3189 3905 3535 3977 κατατομήν.
3590 3904 3786 3974 Ἡμεῖς

2121 4004 2225 4076 γάρ
2285 4002 2443 4074 ἔσμεν
2477 4003 2512 4071 ἡ
2544 4001 2847 4075 περιτομὴ,
2905 3999 2959 4053 o't
3016 3997 3286 4069 πνεύματι
3327 3999 3443 4068 Θεῷ
3489 3992 3783 4069 λατρεύον-

2119 4111 2228 4155 τες,
2287 4092 2376 4145 καὶ
2429 4090 2786 4169 καυχώμενοι
2844 4088 2896 4145 ἒν
2964 4090 3182 4161 Χριστῷ
3265 4088 3466 4157 Ἰησοῦ,
3530 4083 3619 4139 καὶ
3678 4082 3781 4138 οὐκ

2123 4179 2176 4234 ἐν
2247 4179 2403 4254 σαρκὶ
2461 4178 2803 4248 πεποιθότες,
2877 4177 3073 4252 καίπερ
3132 4175 3242 4251 ἐγὼ
3294 4171 3440 4254 ἔχων
3499 4183 3783 4243 πεποιθή-

2125 4288 2206 4323 σιν
2248 4266 2299 4322 ἔν
2333 4268 2510 4342 σαρκί.

2198 4356 2257 4412 Εἰ
2316 4357 2422 4433 γὰρ
2481 4356 2613 4436 ἐγὼ,
2667 4357 2854 4435 φησὶν,
2906 4356 2968 4412 οὐ
3015 4358 3348 4429 τεθνήξομαι
3396 4358 3509 4412 νῦν.
3568 4354 3660 4408 καὶ
3714 4354 3779 4408 τὸ

2122 4446 2456 4522 Εὐαγγέλιον
2500 4448 2577 4509 εἴς
2626 4444 2869 4503 ἐπίδοσιν
2923 4441 3073 4520 ἔλθῃ,
3134 4445 3225 4501 καὶ
3276 4446 3329 4500 οἳ
3368 4443 3560 4520 ἐχθροὶ
3590 4463 3787 4498 καται-

2122 4540 2548 4613 σχυνθήσονται,
2608 4536 2818 4613 χαίρειν
2884 4534 3133 4613 ὀφείλετε
3191 4534 3243 4589 ἓν
3302 4534 3506 4608 Κυρίῳ.
3563 4533 3780 4606 Tit-1&9

2120 4622 2423 4698 συμϐάντα,
2457 4625 2535 4688 είς
2569 4624 2724 4697 δόξαν
2760 4623 3140 4681 συντείνειτοῦ
3203 4624 3423 4698 Κυρίου.
3458 4655 3528 4666 -
3556 4624 3778 4695 [ΦΩΤ.]

352 4718 668 4781 Prmterea,
694 4712 743 4769 si
765 4709 1071 4783 apostolus
1102 4710 1542 4794 Epaphroditus
1572 4730 1673 4770 vos
1704 4717 2009 4783 recreavit,

2124 4717 2225 4773 Καὶ
2265 4710 2366 4785 ἔτι,
2419 4715 2467 4771 εί
2526 4717 2553 4771 ὁ
2605 4715 2914 4776 ἀπόστολος
2976 4715 3117 4786 ὑμᾶς
3174 4713 3468 4788 ἀνέῥρωσε,
3522 4712 3612 4767 καὶ
3668 4710 3774 4765 ἀπ-

350 4818 712 4874 rursumque
737 4800 812 4856 ad
838 4816 939 4853 vos
971 4796 1188 4851 missus
1218 4803 1328 4865 est,
1363 4805 1422 4853 et
1454 4815 1560 4873 ego
1592 4818 1627 4856 a
1656 4818 1909 4858 mmrore
1935 4804 2010 4859 ob

349 4892 548 4963 ipsum
579 4895 815 4962 sumpto
847 4888 1134 4943 liberatus
1161 4902 1293 4942 sum
1339 4896 1649 4962 vestraque
1687 4892 2003 4948 diminutio

351 4980 414 5036 in
445 4980 641 5037 ofﬁcio
673 4979 946 5051 suppleta
967 4984 1077 5045 est,
1106 4975 1210 5034 92
1241 4978 1498 5050 gaudere
1529 4980 1757 5037 debetis
1788 4982 2001 5054 gaudio

352 5068 648 5141 spirituali
680 5068 976 5141 dignoque
994 5071 1266 5128 Domino.
1304 5092 1332 5121 ‹‹
1367 5070 1589 5126 Videte.
1626 5089 1651 5119 ι
1690 5072 1873 5126 Erant
1900 5072 2001 5143 qui

350 5172 472 5213 non
498 5156 671 5211 facile
703 5159 975 5229 cognosci
1007 5165 1300 5230 poterant.
1326 5157 1462 5214 Ideo
1489 5159 1610 5214 ait:
1637 5159 1865 5229 Videte,
1890 5161 2002 5217 hoc

349 5252 457 5312 est,
508 5246 877 5317 investigate,
934 5250 1325 5321 vosmetipsos
1384 5252 1632 5303 servate.
1667 5271 1695 5296 ‹‹
1727 5250 1935 5306 Canes.
1973 5272 2001 5301 ι)

344 5338 529 5392 Erant
558 5335 833 5389 nonnulli
864 5352 935 5391 ex
967 5337 1207 5407 Judteis,
1265 5353 1481 5409 nempe
1534 5338 1864 5408 credentes,
1898 5340 1999 5410 qui

344 5443 463 5481 una
493 5441 629 5482 cum
671 5424 784 5479 ﬁde
817 5425 1187 5484 Judaismum
1219 5428 1397 5483 etiam
1446 5429 1915 5484 commiscebant
1944 5436 2002 5487 et

342 5514 830 5587 praedicationem
855 5516 1337 5588 corrumpebant.
1362 5534 1511 5590 quos
1531 5534 1710 5573 canes
1740 5518 2002 5590 appellat

339 5606 528 5662 Canes
560 5622 697 5660 vero
730 5604 1083 5662 dicebantur
1114 5606 1417 5663 interdum
1449 5607 1694 5675 ethnici,
1737 5624 1804 5662 eo
1839 5610 1998 5680 quod

343 5696 529 5753 Deum
562 5696 925 5769 ignorarent.
948 5695 1090 5750 Nam
1114 5700 1173 5751 et
1203 5712 1382 5752 canes
1402 5696 1463 5752 in
1486 5713 1620 5752 eum
1648 5713 1887 5769 quoque
1918 5698 1999 5754 la-

422 5845 465 5879 “
498 5845 700 5901 Matth.
738 5862 789 5911 Χ,
824 5848 910 5899 40.

2121 4805 2322 4876 εστάλη
2356 4804 2523 4862 πάλιν
2555 4806 2693 4876 πρὸς
2728 4806 2889 4877 ὑμᾶς,
2921 4805 3009 4860 καὶ
3036 4803 3142 4881 ἐγὼ
3174 4811 3273 4870 τῆς
3331 4802 3411 4858 ἐπ’
3471 4801 3619 4873 αὐτῷ
3671 4799 3778 4857 λῦ-

2117 4915 2224 4965 πης
2257 4892 2648 4970 ἀπήλλαγμαι,
2680 4894 2771 4949 καὶ
2803 4894 2865 4948 τὸ
2898 4894 3053 4968 ὑμῶν
3112 4893 3395 4968 ὑστέρημα
3453 4888 3774 4960 ἀναπεπλή-

2116 5003 2304 5060 ρωται,
2364 4985 2578 5063 χαίρειν
2672 4983 2922 5063 ἀφείλετε
3005 4984 3180 5058 χαρὰν
3249 4981 3625 5056 πνευματικὴν
3682 4980 3778 5035 καὶ

2111 5073 2260 5146 ἀξίαν
2322 5073 2529 5149 Κυρίου
2564 5116 2577 5130 .
2641 5097 2671 5125 ιι
2704 5072 2961 5130 Βλέπετε.
3003 5096 3031 5125 ››
3090 5074 3260 5131 Ἦσαν
3317 5069 3771 5147 δυσδιάγνωστοι.

2113 5164 2207 5218 Διό
2272 5184 2427 5240 φησι,
2487 5160 2749 5231 Βλέπετε,
2805 5164 3074 5232 τουτέστι,
3120 5166 3341 5234 τηρεῖτε
3390 5159 3611 5222 ἑαυτοὺς
3683 5161 3779 5214 καὶ

2110 5251 2463 5331 φυλάττεσθε.
2527 5277 2555 5304 ι(
2589 5254 2730 5314 Τοὺς
2785 5252 2968 5314 νώνας.
3024 5277 3050 5304 ››
3099 5253 3270 5308 Ἦσαν
3332 5250 3438 5305 ἀπὸ
3497 5246 3777 5305 Ἰουδαίων

2107 5341 2246 5396 τινες
2309 5338 2467 5410 δῆθεν
2510 5341 2717 5408 πιστοὶ,
2776 5342 2830 5396 οἳ
2892 5342 3027 5413 μετὰ
3082 5348 3183 5409 τῆς
3241 5340 3478 5401 πίστεως
3537 5338 3627 5392 καὶ
3680 5339 3777 5393 τὸν

2109 5429 2449 5504 Ἰουδαϊσμὸν
2482 5428 2815 5503 ἀνεμίγνυον,
2858 5430 2946 5486 καὶ
3010 5426 3312 5506 διέφθειρον
3371 5428 3433 5482 τὸ
3486 5430 3776 5502 κήρυγμα,

2109 5518 2200 5581 οὓς
2228 5521 2392 5582 κύνας
2431 5518 2612 5577 καλεῖ.
2642 5521 2810 5583 Κῦνες
2843 5519 2900 5575 δέ
2926 5540 3058 5576 ποτε
3115 5521 3167 5575 οἱ
3226 5518 3428 5582 ἐθνικοὶ
3487 5516 3772 5591 ἔλὲγοντο,

2109 5606 2197 5664 διὰ
2226 5609 2288 5664 τὸ
2320 5612 2535 5686 ἀγνοεῖν
2567 5612 2657 5665 τὸν
2716 5611 2866 5667 Θεόν.
2906 5610 3009 5667 Καὶ
3041 5609 3144 5685 γὰρ
3204 5609 3294 5664 καὶ
3356 5609 3408 5662 οἱ
3464 5606 3622 5668 κύνες
3678 5606 3777 5661 καὶ

2102 5699 2196 5754 τὸν
2229 5695 2448 5755 διδόντα
2478 5697 2801 5756 ὑλακτοῦσι.
2839 5701 2953 5757 Νῦν
2990 5696 3047 5754 δὶ
3100 5698 3255 5755 οὗτοι
3313 5696 3469 5757 κύνες
3536 5696 3608 5769 (οἱ
3667 5696 3781 5771 γὰρ
