4108 6390
367 456 522 518 1997

1441 461 1857 524 COMMENT.
1905 460 1990 520 IN
2039 456 2293 517 EPIST.
2340 458 2441 516 AD
2485 455 2780 517 PHILIP.

3630 451 3792 513 1298

361 589 452 643 τὸν
509 590 632 645 rm
720 590 1064 666 ἀρνούμενοι,
1126 590 1253 648 ούόὶ
1297 591 1392 648 τόν
1447 592 1663 669 Πατὲρα
1730 591 2005 668 ἴσασιν),·ί

2135 594 2297 645 trant
2327 590 2430 661 qui
2453 589 2681 662 aliquid
2711 589 2935 644 tribuit.
2968 590 3133 643 Nunc
3159 594 3359 644 autem
3390 587 3451 643 hi
3486 603 3665 645 canes
3696 587 3792 643 d1-

368 676 550 732 διὰτὸ
593 678 957 759 ἀναίσχυντον
1035 682 1071 752 ἢ
1130 681 1314 756 ὥσπερ
1372 680 1788 761 ἐπιστρέφοντες
1846 683 1924 744 εἰς
1961 682 2024 737 τὸ

364 763 504 822 ἴδιον
529 764 815 843 ἐξὲρισμα,
846 770 880 840 ἢ
925 767 1019 825 διὰ
1071 771 1134 826 τὸ
1185 770 1638 847 λαθραιὸδηκτον.
1701 797 1728 825 (ι
1763 771 1899 834 Τοὺς
1927 793 2022 827 κα-

362 856 493 917 κοὺς
535 854 786 932 ἐργάτας.
823 882 851 911 ››
910 860 1261 935 Ἐργαζονται
1325 862 1418 934 μὲν
1477 862 1609 937 γαρ,
1640 859 1768 916 ἀλΛ⁹
1800 861 1887 916 ἐπὶ
1943 865 2022 934 τῷ

358 949 534 1017 κακῷ.
591 946 671 1003 Τὰ
728 947 834 1024 γὰρ
892 947 1073 1011 καλῶς
1131 948 1461 1029 φυτευθέντα
1508 950 1810 1007 ἀνασπῶσι.
1846 974 1877 1004 ιι
1908 951 2019 1029 Τὴν

358 1022 758 1108 κατατομήνηι
819 1037 961 1100 Τοὺς
1044 1022 1549 1115 περ-ιτεμνομὲνους
1613 1040 1799 1118 φησίν.
1860 1022 2023 1095 Ἀλλ⁹

359 1121 547 1195 ἐπειδὴ
592 1125 695 1181 οὐκ
749 1119 829 1180 ἔτι
887 1128 1146 1201 νομίμως
1203 1127 1411 1202 ἐγίνετο
1467 1130 1615 1203 παρὰ
1670 1127 1957 1191 Ἰουδαίοις
1990 1130 2018 1184 ὁ

360 1217 635 1288 περιτομή
661 1218 720 1289 (ἠ
756 1216 854 1292 γὰρ
875 1218 1087 1291 νομίμη
1119 1223 1212 1273 νῦν
1248 1218 1359 1275 ἐστι
1417 1225 1496 1293 τῷ
1551 1219 1824 1293 πνεύματι
1864 1240 2020 1295 περι-

358 1308 646 1379 τεμνεσθαι
701 1307 800 1374 τήν
884 1309 1095 1383 ψυχὴν)
1179 1310 1495 1384 κατατομήν
1558 1309 1727 1380 αὐτὴν
1772 1308 2012 1379 ἐκάλεσε,

361 1391 551 1465 δηλῶν
578 1395 661 1450 ὃτι
693 1393 851 1452 οὐδὲν
908 1396 1092 1474 ἕτερόν
1152 1398 1294 1455 ἑστιν
1344 1400 1380 1470 ἠ
1422 1401 1721 1472 περιτομὴ,
1754 1401 1789 1471 ἢ
1823 1400 2013 1472 σώμα-

355 1505 450 1549 τος
488 1488 796 1560 κατατομή.
856 1489 965 1557 Τῆς
1019 1489 1125 1563 γὰρ
1173 1487 1436 1561 ἀληθείας
1495 1488 1765 1559 ἐλθούσης
1803 1489 2011 1565 ἀνάγκη

356 1574 490 1636 τοὺς
512 1574 716 1640 τύπους
750 1577 958 1652 ἀργεῖν.
1007 1580 1080 1636 ’Ἠ
1138 1578 1222 1635 ὅτι
1280 1581 1381 1649 τὴν
1440 1581 1748 1654 περιτομήν
1805 1579 2011 1655 κηρύτ-

354 1687 562 1731 τοντες,
620 1668 972 1741 κατατέμνειν
1027 1674 1327 1745 πειρῶνται
1395 1673 1460 1727 τὸ
1517 1676 1678 1746 σῶμα
1728 1675 1828 1736 τῆς
1887 1672 2011 1728 Ἐκ-

355 1756 607 1828 uligo-iac.
669 1782 699 1811 ι(
787 1759 856 1817 Οἳ
934 1780 1213 1833 πνεμματι
1251 1765 1383 1833 eaq.
1444 1760 1820 1837 λατρεύοντες.
1854 1785 1882 1815 ››
1943 1761 2009 1819 Οἱ

358 1851 736 1918 πνευματικῶς
784 1853 865 1920 τῷ
904 1854 1020 1922 θεῷ
1080 1848 1454 1924 λατρεύοντες,
1484 1852 1574 1906 καὶ
1631 1855 2011 1924 πνευματικῶς

2137 685 2354 735 cuntur
2382 680 2505 750 (qui
2556 680 2715 735 enim
2762 677 2976 735 Filium
3037 683 3256 751 negant
3313 694 3508 750 neque
3550 679 3789 734 Patrem

2134 775 2428 823 noverunt
2460 767 2526 839 '7)
2559 775 2661 824 aut
2686 774 2925 840 propter
2954 767 3408 840 impudentiam,
3451 774 3554 823 aut
3587 783 3790 838 quem-

2134 857 2453 913 admodum
2488 858 2547 913 hi
2580 861 2680 928 qui
2714 859 2788 914 ad
2827 858 3132 930 proprium
3189 863 3567 913 revertuntur
3608 858 3791 912 vomi-

2132 953 2280 1015 tum,
2319 953 2422 1003 aut
2450 965 2519 1003 eo
2545 948 2706 1019 quod
2737 948 2969 1003 occulte
2998 947 3333 1005 mordeant.
3366 970 3392 995 ‹‹
3429 948 3610 1003 Malos
3650 964 3791 1019 Ope-

2132 1037 2342 1091 rarios.
2378 1059 2407 1086 »
2441 1038 2674 1092 Etenim
2702 1044 3033 1110 operantur
3055 1037 3319 1108 quidem,
3339 1037 3442 1092 sed
3467 1038 3539 1092 ad
3566 1036 3791 1092 malum

2130 1127 2274 1180 Nam
2306 1142 2437 1197 qum
2470 1133 2627 1182 recte
2658 1127 2928 1199 plantata
2952 1132 3096 1183 sunt
3125 1127 3399 1182 evellant.
3439 1147 3467 1176 ‹‹
3491 1125 3790 1181 Concisio-

2128 1230 2287 1269 nem.
2320 1236 2347 1264 »
2380 1216 2773 1272 Circumcisos
2805 1217 2950 1272 dicit
3004 1216 3116 1272 Sed
3177 1216 3461 1287 quoniam
3521 1214 3789 1270 nondum

2125 1302 2287 1359 facta
2319 1310 2446 1359 erat
2467 1306 2626 1377 apud
2646 1306 2879 1362 Judaaos
2896 1322 3033 1361 vera
3063 1311 3121 1361 et
3143 1305 3409 1377 legitima
3438 1305 3792 1360 circuncisio

2124 1391 2447 1464 (siquidem
2495 1410 2564 1451 ea
2597 1401 2682 1450 est
2714 1411 2873 1451 nunc
2922 1395 3188 1468 legitima
3226 1400 3290 1450 ut
3346 1411 3453 1466 per
3502 1393 3789 1465 Spiritum

2124 1488 2324 1540 anima
2341 1485 2847 1557 circumcidatur),
2871 1486 3278 1541 concisionem
3299 1484 3489 1555 ipsam
3521 1483 3788 1555 appella-

2122 1573 2203 1628 vit
2221 1590 2234 1628 :
2252 1575 2524 1631 indicans
2539 1577 2689 1632 nihil
2703 1576 2867 1633 aliud
2887 1592 3018 1633 esse
3034 1575 3577 1638 circumcisionem,
3603 1590 3784 1646 quam

2122 1664 2388 1734 corporis
2419 1666 2844 1721 concisionem.
2895 1665 3261 1721 Adveniente
3321 1664 3482 1720 enim
3512 1665 3780 1732 veritate,

2120 1767 2366 1809 necesse
2396 1760 2487 1809 est
2516 1756 2733 1827 llguras
2776 1771 3009 1811 cessare
3068 1772 3136 1811 ac
3185 1755 3405 1810 otiosas
3464 1770 3618 1809 esse.
3667 1758 3783 1809 Aut

2120 1851 2259 1921 quia
2290 1851 2349 1906 hi
2397 1851 2498 1924 qui
2531 1854 3052 1910 circumcisionem
3104 1854 3451 1925 prmdicant,
3485 1858 3781 1908 conantur

358 1938 827 2013 περιτεμνόμενοι.
862 1937 1089 2001 Ἀλλως
1118 1940 1220 2015 γὰρ
1282 1940 1405 1996 οὔτε
1464 1939 1744 2017 λατρεύειν
1787 1937 2005 1996 δύναταί

2126 1943 2402 1999 Ecclesim
2430 1962 2644 2017 corpus
2677 1946 3011 2001 concidere.
3038 1969 3065 1995 «
3098 1945 3207 2010 Qui
3230 1945 3443 2016 spiritu
3468 1946 3653 1999 Deum
3686 1961 3782 1999 co-

355 2048 462 2092 τις.
514 2028 617 2086 Καὶ
696 2030 1052 2105 καυχώμενοι
1136 2029 1188 2086 ἐν
1273 2037 1491 2106 Χριστῷ
1548 2034 1805 2103 Ἰησοῦ.»
1871 2034 2007 2109 *Ορα

355 2122 473 2181 πῶς
520 2120 620 2187 τήν
675 2116 938 2195 διαφορὰν
996 2117 1179 2190 ἔδειξε.
1242 2127 1405 2176 Ποῖον
1436 2122 1536 2196 γὰρ
1568 2120 1813 2195 ἄμεινον,
1870 2124 2006 2199 Χρι-

356 2210 466 2282 στῷ
514 2205 854 2279 πεποιθέναι,
912 2211 949 2281 ἢ
1009 2211 1216 2285 capaci;
1315 2208 1573 2280 δηλονότι
1624 2215 1704 2283 τῷ
1762 2212 2001 2286 Χριστῷ.

354 2296 566 2355 Οὐκοῦν
594 2296 812 2369 ἀληθής
843 2297 983 2353 ἐστιν
1023 2302 1185 2372 ἡμῶν
1217 2301 1252 2369 ἡ
1282 2300 1581 2373 περιτομὴ,
1640 2304 1748 2355 τῶν
1779 2299 1829 2355 ἐν
1862 2304 2002 2376 Χρι-

350 2390 462 2458 στῷ
491 2388 896 2466 καυχωμένων,
951 2387 1043 2442 καὶ
1098 2386 1160 2443 ού
1207 2392 1315 2443 τῶν
1376 2387 1444 2444 ἐπ
1502 2388 1678 2463 σαρκί.
1738 2413 1767 2442 ‹‹
1801 2389 2002 2465 Καίπερ

346 2473 474 2550 ἐγώ.
510 2499 538 2527 ››
599 2476 664 2533 Εἰ
719 2472 1034 2550 ἐϐουλόμην
1072 2520 1086 2544 ,
1140 2478 1312 2555 φησὶ,
1385 2480 1763 2554 καυχήσασθαι
1823 2479 2005 2554 ὥσπερ

347 2561 570 2636 ἔκεῖνοι,
602 2558 717 2641 ἔχω
754 2564 970 2636 μᾶλλον
1008 2566 1335 2636 πεποίθησιν
1360 2569 1516 2643 κάγὼ
1571 2567 1624 2624 ἐν
1653 2570 1835 2643 σαρκί,
1876 2569 2006 2627 Οἷον

356 2650 644 2728 ἠδυνάμην
677 2655 828 2730 κάγὼ
859 2655 935 2719 ὡς
980 2655 1177 2711 ἐκεῖνοι
1217 2657 1304 2712 ἐπὶ
1362 2661 1429 2723 τῆ
1489 2664 1589 2727 τῆς
1641 2659 1838 2735 σαρκός
1899 2680 2004 2734 μου

348 2746 636 2817 περετομῇ
664 2746 1046 2823 καυχήσασθαι
1087 2745 1177 2801 καὶ
1233 2745 1403 2801 πλέον
1463 2747 1704 2804 ἐκείνων.
1768 2773 1788 2799 ι
1823 2749 2007 2824 Ἐχων

348 2832 697 2901 πεποίθησιν.
743 2856 771 2884 ››
817 2832 889 2890 Εἴ
916 2834 983 2902 ἦν
1017 2833 1067 2903 ἐξ
1100 2834 1268 2890 ἐθνῶν
1302 2837 1331 2890 ὁ
1359 2835 1727 2903 Ἀπόστολος,
1760 2839 1909 2914 εἶχεν
1945 2838 2003 2893 ἃν

345 2942 431 2983 τις
454 2922 622 2977 εἰπεῖν
670 2926 857 2987 τοῦτο,
919 2922 1273 2995 ἐζευτελίζειν
1330 2924 1491 2981 αὐτὸν
1555 2927 1655 2995 τῆν
1701 2929 2010 3001 περιτομὴν

352 3012 453 3080 τήν
505 3015 616 3067 τῶν
677 3009 997 3083 Ἰουδαίων,
1058 3013 1134 3077 ὡς
1179 3013 1621 3088 ἀπεστερημένον
1673 3023 1774 3086 τῆς
1832 3015 2006 3072 αὐτῶν

351 3101 643 3176 εὐγενείας.
701 3104 812 3159 Νῦν
872 3099 932 3157 δέ
984 3122 1144 3177 φησι·
1207 3102 1416 3179 Καίπερ
1474 3099 1620 3180 ἔχων
1681 3106 2010 3177 πεποίθησιν

346 3191 437 3247 καὶ
469 3190 521 3248 ἒν
550 3193 730 3266 σαρκὶ,
779 3197 947 3248 ταῦτα
1006 3193 1171 3268 λέγω,
1235 3193 1334 3248 οὐκ
1387 3192 1576 3264 ἐπειδὴ
1636 3195 1911 3271 καύχησις
1940 3197 2010 3266 ἦν

345 3284 494 3356 αὐτῷ
541 3282 700 3354 αὕτη·
787 3288 979 3357 (Τοῦτο
1043 3284 1145 3362 γὰρ
1202 3286 1236 3355 ἡ
1297 3284 1667 3359 πεποίθησις),
1725 3284 1871 3341 ἆλλᾶ
1920 3281 2012 3342 δι’

342 3374 579 3437 ἱκείνους
628 3373 800 3435 οὕτως
834 3374 974 3431 εἷπε.
1035 3400 1064 3428 ι(
1102 3374 1196 3430 Καὶ
1254 3374 1306 3429 ἐν
1357 3374 1534 3450 σαρκί.
1571 3399 1598 3426 n
1662 3377 1821 3455 Ἔχω
1882 3378 1998 3449 μεν’

343 3463 533 3543 φησὶν,
563 3462 615 3518 ἐν
670 3463 908 3537 Χριστῷ,
957 3461 1103 3519 ἀλλα
1140 3463 1229 3518 καὶ
1259 3465 1358 3532 τὴν
1419 3460 1683 3519 δοκοῦσαν
1741 3463 1793 3519 ἐν
1841 3464 1998 3538 σαρκὶ

345 3548 484 3627 ἔχω.
542 3553 635 3607 Διὸ
696 3553 757 3607 οὑ
815 3553 969 3630 ψέγω
1020 3553 1218 3616 αὐτοὺς
1277 3553 1353 3616 ὠς
1410 3554 1844 3629 ἀπεστερημένος
1894 3562 1994 3626 τῆς

343 3640 481 3696 κατᾶ
512 3661 681 3716 σαριια
711 3641 997 3716 εὐγενείας.

2123 2033 2323 2088 limus.
2360 2054 2388 2082 »
2420 2034 2820 2106 Spiritualiter
2850 2036 2966 2090 Deo
2997 2035 3285 2089 servimus
3307 2039 3367 2088 et
3396 2034 3785 2104 spiritualiter

2114 2122 2603 2178 circumcidimur
2634 2124 2778 2178 Nam
2807 2124 2922 2179 alio
2940 2123 3114 2179 modo
3129 2140 3248 2178 non
3263 2128 3459 2195 potest
3477 2123 3780 2193 quispiam

2116 2229 2249 2267 eum
2265 2211 2479 2267 colere.
2505 2236 2532 2262 ‹‹
2547 2213 2615 2266 Et
2636 2213 2964 2285 gloriamur
2987 2214 3045 2268 in
3062 2213 3293 2268 Christo
3326 2214 3481 2268 Jesu.
3511 2234 3539 2261 ››
3573 2212 3780 2266 Anim-

2113 2302 2348 2357 adverte
2381 2302 2673 2373 qurmodo
2720 2303 3137 2358 excellentiam
3180 2300 3534 2358 ostenderit.
3569 2302 3777 2356 Utrum

2113 2390 2274 2445 enim
2305 2390 2520 2446 melius
2552 2396 2640 2446 est
2667 2391 2728 2446 in
2755 2391 2986 2446 Christo
3012 2389 3313 2445 confidere
3343 2406 3418 2446 an
3452 2390 3512 2445 in
3544 2404 3722 2444 carne
3751 2389 3779 2443 ?

2115 2479 2500 2535 manifestum
2533 2486 2626 2536 est
2664 2481 2822 2553 quod
2872 2481 2934 2536 in
2965 2481 3238 2537 Christo:
3291 2497 3430 2535 vera
3477 2480 3657 2551 igitur
3687 2483 3777 2534 est

2116 2579 2714 2635 nostracircumcisio
2748 2578 2847 2650 qui
2905 2580 2969 2634 in
3029 2579 3261 2633 Christo
3321 2577 3684 2634 confidimus
3710 2580 3769 2631 et

2116 2667 2457 2742 gloriamur.
2492 2674 2550 2723 et
2572 2685 2693 2724 non
2709 2685 2915 2723 eorum
2946 2669 3047 2740 qui
3065 2669 3126 2723 in
3147 2683 3345 2724 carne.
3367 2690 3391 2714 ‹‹
3418 2668 3770 2738 Quanquam

2119 2763 2177 2813 et
2207 2773 2333 2829 ego.
2356 2779 2382 2804 »
2416 2756 2471 2811 Si
2509 2758 2705 2826 velim,
2738 2758 2957 2828 inquit.
2990 2756 3497 2828 quemadmodum
3527 2756 3614 2809 illi
3646 2755 3774 2828 glo-

2117 2845 2280 2913 riari,
2309 2845 2499 2918 magis
2520 2846 2708 2902 habeo
2731 2852 2789 2901 et
2809 2862 2915 2919 ego
2937 2862 3049 2918 quo
3076 2846 3137 2901 in
3163 2862 3340 2901 carne
3366 2843 3731 2900 confiderem
3756 2862 3770 2899 :

2120 2934 2233 2993 hoc
2262 2941 2373 2996 est.
2405 2951 2639 3006 possem
2673 2940 2731 2990 et
2762 2952 2868 3008 ego
2901 2935 3055 2990 sicut
3083 2934 3172 2989 illi
3204 2933 3265 2988 in
3318 2932 3773 2989 circumcisione

2121 3025 2316 3080 carnis
2347 3040 2496 3079 meae
2521 3024 2784 3097 gloriari,
2819 3028 2877 3080 et
2905 3023 3353 3095 ampliusquam
3385 3023 3497 3077 illi.
3526 3043 3552 3072 ‹‹
3578 3023 3776 3077 Habeo

2122 3129 2238 3183 quo
2270 3113 2588 3169 conﬁdam.
2618 3136 2646 3163 ››
2665 3114 2722 3169 Si
2757 3113 3075 3185 Apostolus
3098 3129 3167 3168 ex
3193 3112 3467 3185 gentibus
3489 3111 3779 3167 oriundus

2122 3203 2353 3266 fuisset,
2374 3210 2577 3275 posset
2594 3204 2890 3276 quispiam
2913 3205 3026 3260 hoc
3045 3204 3241 3259 dicere
3256 3203 3413 3275 quod
3433 3202 3771 3258 Iudaeorum

2125 3292 2644 3350 circumcisionem
2677 3294 2931 3350 elevaret
2962 3311 3067 3350 seu
3119 3298 3457 3349 attenuaret
3484 3298 3773 3364 tanquam

2117 3397 2325 3436 carens
2379 3383 2776 3454 generositate
2834 3384 3122 3455 ipsorum.
3177 3384 3344 3438 Nunc
3393 3388 3590 3437 autem
3638 3381 3768 3436 ait:

2108 3471 2458 3542 Quanquam
2500 3472 2749 3528 habeam
2782 3490 2898 3544 quo
2925 3473 3103 3528 etiam
3136 3473 3197 3528 in
3229 3488 3407 3528 carne
3440 3470 3763 3539 confidam,

2104 3560 2230 3614 haec
2261 3559 2412 3626 dico;
2442 3578 2558 3617 non
2582 3561 2739 3633 quod
2782 3562 2909 3618 haec
2932 3562 3110 3618 fuerit
3137 3562 3247 3634 ipsi
3272 3562 3546 3634 gloriatio
3594 3562 3758 3630 (nam

2106 3648 2217 3703 hoc
2248 3650 2473 3705 indicat
2520 3650 2864 3720 πεποίθησις,
2899 3653 3010 3707 hoc
3040 3656 3152 3719 est,
3186 3650 3451 3721 ﬁducia),
3483 3650 3586 3705 sed
3619 3666 3754 3721 pro-

343 3751 476 3817 pter
498 3744 634 3799 illos
666 3744 749 3800 ita
779 3744 1010 3800 locutus
1050 3752 1158 3802 est.
1191 3747 1294 3801 93
1327 3770 1352 3796 α
1384 3748 1576 3802 Etiam
1610 3748 1672 3802 in
1732 3763 1931 3802 carne.
1971 3769 1999 3797 »
2035 3746 2230 3804 Habeo
2265 3750 2325 3805 in
2357 3751 2615 3810 Christo.
2650 3751 2866 3823 inquit,
2901 3751 3005 3808 sed
3036 3756 3095 3808 et
3152 3768 3283 3807 eam
3345 3768 3477 3822 qua)
3535 3749 3767 3806 videtur

349 3850 479 3890 esse
511 3833 572 3890 in
602 3850 780 3890 carne
811 3834 1022 3892 habeo.
1056 3836 1183 3890 Non
1215 3852 1352 3911 ergo
1383 3837 1545 3909 ipsos
1576 3837 1840 3909 vitupero
1875 3837 2035 3908 quod
2065 3855 2299 3895 caream
2329 3842 2727 3911 generositate
2754 3859 2885 3913 qua)
2918 3841 3244 3897 secundum
3275 3857 3512 3896 carnem
3548 3845 3655 3895 est.

423 3920 485 3980 Εἳ
538 3944 619 3985 τις
702 3919 853 3977 δοκεῖ
921 3920 1096 3985 ἄλλος
1177 3924 1489 3979 πεποιθέναι
1549 3924 1602 3980 ἐν
1654 3925 1832 3999 σαρκὶ,
1891 3924 2003 4002 ἐγὼ

354 4011 587 4086 μᾶλλον,
651 4016 928 4089 περιτομῇ
987 4012 1335 4088 ἀκταῆμερος
1394 4013 1453 4071 ἐκ
1503 4016 1694 4090 γένους
1754 4012 1999 4087 Ἰσραὴλ,

349 4111 527 4191 φυλῆς
585 4114 885 4187 Βενιαμὶν,
953 4109 1208 4190 Ἐϐραῖος
1266 4112 1318 4185 ἐξ
1374 4109 1666 4190 Ἐϐραίων,
1726 4116 1861 4170 κατὰ
1911 4115 2001 4169 νό-

350 4224 451 4277 μον
517 4208 859 4279 Φαρισαῖος,
916 4205 1054 4260 κατᾶ
1102 4205 1271 4274 ζῆλον
1332 4202 1547 4260 διώκων
1603 4207 1702 4277 τὴν
1763 4205 2005 4274 Ἐκκλη-

342 4293 460 4349 σίαν
506 4338 520 4364 ,
578 4294 714 4349 κατᾶ
795 4292 1144 4366 δικαιοσύνην
1216 4296 1316 4365 τὴν
1369 4294 1422 4350 ἐν
1474 4295 1654 4370 νόμῳ,
1714 4296 2001 4372 γενόμενος

348 4383 661 4459 ἄμεμπτος.

417 4479 610 4542 Καλῶς
674 4478 761 4547 τό,
816 4484 992 4535 Δοκεῖ·
1066 4482 1102 4550 ἢ
1162 4481 1236 4542 ὡς
1294 4479 1393 4535 οὐκ
1440 4479 1677 4554 ἐχόντων
1733 4484 2001 4552 τοσαύτην

2184 3929 2279 3989 IlI.
2315 3932 2431 3985 4-6.
2464 3932 2525 3986 Si
2555 3934 2848 4002 quisquam
2902 3932 3045 3987 alius
3101 3932 3318 3986 videtur
3367 3931 3630 4002 ﬁduciam
3664 3929 3766 3985 ha-

2114 4019 2235 4073 bere
2262 4021 2317 4073 in
2349 4037 2534 4086 carne,
2596 4038 2691 4091 ego
2748 4022 2964 4091 magis:
3024 4019 3377 4097 circumcisus
3435 4025 3625 4074 octavo
3655 4018 3767 4085 die,

2112 4126 2180 4164 ea:
2208 4125 2404 4179 genere
2436 4111 2624 4177 Israel,
2684 4112 2750 4165 de
2808 4112 2957 4165 tribu
3016 4111 3309 4181 Benjamin
3334 4128 3352 4165 :
3408 4108 3667 4164 Hebraeus
3697 4125 3767 4163 ea:

2112 4199 2367 4255 Hebraeis.
2396 4201 2569 4270 juxta
2597 4201 2766 4270 legem
2814 4199 3163 4255 Phariszeus:
3187 4202 3363 4270 juxta
3416 4198 3591 4254 zelum
3635 4215 3763 4269 per-

2111 4304 2337 4359 sequens
2366 4289 2685 4355 Ecclesiam,
2709 4290 2883 4359 juxta
2928 4290 3220 4360 justitiam
3268 4304 3390 4359 quae
3428 4289 3487 4342 in
3519 4288 3636 4357 lege
3665 4294 3762 4358 est,

2112 4381 2296 4448 factus
2315 4380 2835 4449 irreprehensibilis.

2187 4480 2342 4534 Bene
2375 4478 2536 4544 dicit,
2573 4478 2835 4541 Videtur.
2869 4483 2971 4533 aut
3001 4478 3160 4550 quod
3206 4495 3326 4534 non
3375 4478 3623 4534 haberet
3677 4476 3765 4532 illi

345 4568 664 4635 πεποίθησιν
719 4566 954 4637 ἐκείνων,
1015 4568 1147 4637 ὅσην
1206 4565 1369 4629 αὐτὸς
1417 4562 1558 4642 ἔχει,
1603 4566 1638 4636 ἢ
1698 4568 1771 4629 ὡς
1806 4575 1908 4637 τῆς
1939 4568 1991 4624 ἐν

2119 4573 2339 4624 tantam
2390 4568 2612 4624 ﬁdendi
2664 4584 2903 4623 causam
2954 4574 3239 4639 quantam
3269 4568 3415 4639 ipse,
3450 4573 3553 4623 aut
3608 4566 3767 4638 quod

345 4657 504 4733 σαρκῖ
552 4659 932 4730 πεποιθήσεως
969 4702 982 4727 ,
1029 4655 1171 4731 μηδὲ
1231 4655 1397 4729 οὔσης
1455 4658 1660 4732 κυρίως
1718 4659 1996 4728 πεποιθή-

344 4768 500 4810 σεως.
530 4748 666 4803 Εἶπε
689 4744 765 4802 δὲ·
800 4744 1037 4817 νΑλλος,
1071 4744 1282 4809 δεικνὺς
1335 4747 1410 4810 ὡς
1460 4746 1561 4803 οὐκ
1615 4744 1676 4802 ἂν
1734 4768 1868 4803 ποτε
1921 4746 2001 4811 εἷς

341 4838 476 4900 τοὺς
509 4835 706 4912 λόγους
737 4836 965 4899 τούτους
998 4834 1291 4907 ἐλήλυθεν,
1332 4836 1379 4891 εἰ
1413 4838 1488 4909 μὴ
1534 4834 1702 4892 ἄλλοι
1760 4837 1836 4899 εἰς
1894 4838 1993 4907 τήν

345 4927 517 5001 σάρκα
555 4925 896 4993 πεποιθότες,
929 4924 1004 4987 εἷς
1051 4930 1214 4981 τοῦτο
1268 4924 1426 4980 αὐτὸν
1486 4921 1717 5001 ἤγαγον.
1769 4926 1906 5000 Ὅρα
1940 4924 1996 4981 δὲ

345 5031 463 5091 πῶς
518 5025 817 5099 ἀνωνύμως
875 5024 1054 5081 αὐτῶν
1112 5026 1461 5089 καθάπτεται,
1523 5018 1864 5104 φοϐούμενος
1918 5028 1992 5100 μή

344 5115 873 5189 ἀναισχυντοτέοόυς
905 5117 1135 5189 ποιήσῃ.
1179 5140 1206 5166 ‹‹
1243 5116 1526 5189 ΙΙεριτομῇ
1568 5115 1930 5191 ὀκταήμερος.
1969 5141 1995 5166 n

342 5206 421 5262 Τὸ
450 5205 635 5278 τίμιον
704 5206 831 5279 παρ’
892 5202 1077 5266 αὐτοῖς
1126 5206 1332 5265 τέθεικε
1388 5209 1627 5278 πρῶτον,
1687 5207 1784 5275 τὴν
1842 5226 1998 5280 περι-

339 5296 710 5368 τομήν.”ορα
767 5290 824 5348 δὲ
880 5292 1055 5364 πόσην
1118 5295 1436 5367 σωματικὴν
1494 5293 1760 5368 εὐγένειαν
1820 5293 1992 5368 λέγει,

336 5382 423 5438 ἳνα
460 5385 537 5456 μὴ
590 5382 887 5457 νομίσωσιν
942 5383 994 5438 οἱ
1026 5380 1302 5446 Ἰουδαῖοι,
1338 5382 1412 5442 ὡς
1448 5382 1658 5438 τούτων
1697 5383 1861 5437 αὐτὸν
1892 5385 1994 5440 ἁπ-

341 5475 722 5549 εστερημὲνον,
753 5471 930 5548 λέγειν
990 5472 1125 5546 ἅπερ
1184 5471 1415 5548 ε’ίρηκεν.
1474 5471 1698 5535 Ἄλλως
1729 5475 1829 5546 γὰρ
1863 5495 1992 5529 κατ-

345 5563 653 5644 ῃσχύνοντο
682 5606 697 5634 ,
753 5562 961 5618 ἐκείνου
1017 5564 1277 5637 ψέγοντος
1334 5562 1403 5618 τὰ
1439 5563 1566 5639 παρ’
1640 5562 1849 5636 αὐτοῖς,
1896 5570 1994 5620 τοῦ

350 5653 588 5730 μάλιστα
616 5653 789 5709 πάντα
818 5645 1067 5730 ἔχοντος,
1126 5650 1217 5707 καί
1248 5672 1403 5730 φησι,
1462 5656 1738 5730 περιτυμῇ
1794 5652 1991 5725 ὀκτοή.

422 5782 466 5820 ⁸⁷
498 5787 522 5841 Ι
549 5785 714 5840 Joan.
750 5799 814 5850 ιι,
844 5784 934 5837 23.

2110 4657 2331 4714 fiducia
2360 4676 2491 4730 quae
2523 4658 2583 4713 in
2615 4674 2791 4713 carne
2848 4661 2939 4712 est
2986 4673 3107 4711 non
3158 4656 3237 4711 sit
3257 4656 3495 4727 proprie
3526 4656 3765 4712 ﬁducia.

2109 4747 2267 4803 Dixit
2296 4754 2496 4804 autem
2521 4764 2533 4803 :
2563 4748 2748 4812 Alius,
2782 4746 3106 4802 ostendens
3136 4746 3295 4817 quod
3325 4762 3633 4817 nunquam
3689 4746 3765 4802 ad

2107 4847 2216 4901 hos
2248 4863 2554 4902 sermones
2578 4846 2932 4909 devenisset,
2966 4843 3082 4899 nisi
3114 4843 3215 4899 alii
3250 4844 3350 4916 qui
3384 4843 3446 4899 in
3478 4860 3656 4900 carne
3690 4845 3761 4900 ﬂ-

2107 4936 2343 4992 duciam
2366 4935 2684 5002 habebant,
2708 4936 2905 5007 ipsum
2935 4933 3009 4990 ad
3043 4933 3153 4989 hoc
3186 4934 3587 5005 impulissent.
3614 4935 3762 4989 Ani-

2109 5026 2408 5083 madverte
2442 5042 2574 5081 vero
2606 5024 2905 5097 quomodo
2940 5024 3133 5079 tacitis
3165 5040 3369 5079 eorum
3412 5025 3762 5080 nominibus

2105 5116 2625 5187 objurget,veratns
2648 5132 2721 5169 ne
2746 5114 3010 5168 nemium
3036 5113 3258 5185 pudore
3282 5113 3442 5185 ipsos
3470 5114 3758 5170 afﬁceret.

2108 5229 2135 5256 ‹‹
2161 5205 2557 5260 Circumcisus
2592 5210 2793 5259 octavo
2854 5203 2968 5258 die.
3006 5226 3033 5251 ››
3093 5201 3257 5268 Quod
3297 5203 3455 5274 apud
3513 5204 3674 5276 ipsos
3706 5204 3767 5259 in

2106 5296 2295 5369 pretio
2317 5302 2435 5350 erat
2450 5295 2735 5366 ,primum
2756 5294 2971 5365 posuit,
2993 5310 3126 5348 nem
3138 5309 3207 5364 pe
3221 5293 3764 5349 circumcisionem.

2106 5386 2430 5441 Considera
2458 5392 2655 5439 autem
2681 5390 2964 5454 quantam
2998 5390 3183 5454 ponat
3205 5383 3569 5453 corporalem
3604 5383 3769 5437 nobi-

2108 5477 2358 5542 litatem,
2391 5490 2466 5529 ne
2486 5471 3031 5529 existimentludmi
3061 5473 3256 5542 ipsum
3287 5471 3505 5526 dixisse
3535 5489 3603 5526 ea
3632 5489 3764 5542 quas

2107 5565 2282 5633 dixit,
2314 5581 2380 5620 eo
2414 5562 2574 5634 quod
2606 5561 2699 5617 his
2729 5567 2977 5617 careret.
3037 5560 3287 5615 Maxime
3318 5559 3476 5614 enim
3535 5561 3763 5631 pudore

2105 5653 2607 5711 suﬁ‘undebantur
2625 5651 2766 5708 dum
2793 5666 2860 5707 ea
2883 5666 3014 5722 quae
3031 5649 3188 5720 apud
3219 5649 3382 5720 ipsos
3411 5656 3583 5706 erant
3610 5652 3765 5712 vitu-
