4108 6400
318 424 475 486 1299

1398 422 1773 485 (ἘΟΟΜΕΝ
1783 424 1833 484 ll
1875 423 2188 486 TRICCE
2234 426 2589 491 EPISGOPI

3579 431 3739 494 £300

316 558 564 633 perabat
591 557 693 612 ille
727 556 828 629 qui
859 562 1075 613 cnncta
1096 556 1459 613 excellenter
1478 556 1736 614 habebat
1762 576 1773 613 :
1792 563 1852 614 et
1867 558 1969 627 ait,

2113 577 2277 634 ιερος.
2312 561 2461 623 Τέως
2491 557 2757 617 δείκνυσιν
2784 563 2870 618 ὅτι
2900 562 3002 619 οὐκ
3030 565 3095 633 ἦν
3150 560 3522 639 προσήλυτος.
3583 584 3613 618 ι
3640 566 3738 620 Ἐκ

320 648 717 704 Circumcisus
776 653 977 702 octavo
1034 645 1152 709 die,
1187 646 1510 702 ostendens
1539 647 1780 703 interim
1808 648 1968 719 quod

318 754 438 794 non
472 737 548 791 sit
578 736 912 807 proselytus
935 737 1057 791 sive
1075 734 1319 791 advena.
1347 738 1429 791 Ex
1461 752 1677 808 genere
1712 737 1911 792 Israel.
1939 755 1967 786 ››

320 824 590 883 Ostendit
611 825 767 896 quod
794 841 987 896 neque
1009 842 1079 879 ex
1108 824 1422 896 proselytis
1447 825 1810 896 parentibus.
1836 847 1864 875 ‹‹
1894 830 1969 880 Ue

319 915 482 971 tribu
506 914 837 984 Beniamin.
869 937 898 963 υ
929 916 1069 979 Qum
1107 914 1268 971 clara
1298 915 1629 970 habebatur
1684 915 1840 986 apud
1871 916 1972 970 Ju-

321 1005 503 1061 dmos.
528 1028 555 1055 «
583 1004 864 1060 Hebraeus
886 1019 957 1058 ex
980 1003 1261 1059 Hebraeis.
1287 1025 1316 1053 »
1333 1005 1378 1058 A
1402 1003 1752 1075 majoribus,
1779 1002 1974 1073 inquit

323 1111 393 1149 ex
425 1092 691 1165 probatis
714 1109 846 1148 sum
866 1092 1084 1148 Judmis
1114 1092 1437 1165 (Contingit
1466 1093 1627 1148 enim
1659 1109 1726 1148 ex
1755 1108 1972 1164 genere

318 1182 504 1239 Israel
532 1199 662 1238 esse
686 1188 743 1238 et
765 1198 885 1237 non
901 1198 1030 1237 esse
1060 1182 1370 1254 Judaaum).
1396 1181 1777 1237 «Hebraeus.»
1796 1181 1973 1247 Quasi

321 1272 479 1328 dicat
495 1280 652 1343 quod
677 1270 753 1327 ad
780 1271 1181 1343 cognitionem
1214 1271 1515 1327 Hebraicm
1545 1272 1759 1344 linguai
1792 1270 1975 1342 perti-

320 1361 490 1434 gerit.
525 1363 667 1415 Nam
698 1367 1013 1432 postquam
1038 1361 1195 1416 inter
1213 1367 1419 1433 gentes
1438 1360 1688 1432 dispersi
1716 1362 1974 1425 fuerunt,

321 1450 396 1507 ob
416 1449 662 1505 multam
681 1456 940 1522 paternae
958 1450 1174 1523 linguai
1192 1450 1609 1522 ignorantiam.
1628 1467 1749 1505 non
1776 1454 1977 1505 exacte

323 1547 611 1596 noverant
640 1541 968 1613 scripturas
992 1558 1124 1613 qua:
1151 1542 1307 1613 apud
1326 1542 1560 1597 Iudaeos
1590 1547 1762 1597 erant
1785 1556 1977 1611 neque

328 1630 517 1702 legem
548 1629 759 1701 ipsam.
779 1653 805 1679 ιι
830 1631 1205 1703 luxlalegem
1224 1631 1580 1687 Pharismns.
1600 1653 1628 1681 »
1662 1631 1794 1685 Haec
1819 1634 1981 1684 secta

329 1721 485 1793 apud
516 1721 748 1777 Judaaos
770 1723 931 1778 clara
955 1729 1099 1778 erat.
1133 1724 1582 1795 Consequenter
1605 1724 1783 1778 etiam
1805 1722 1980 1776 virtu-

333 1815 452 1865 tem
482 1810 665 1866 refert
694 1828 826 1882 quaa
857 1828 927 1867 ex
959 1812 1263 1868 voluntate
1294 1819 1418 1867 est:
1452 1812 1654 1883 priora
1684 1810 1981 1882 siquidem

2087 648 2278 722 γένους
2321 647 2564 725 Ἰσραήλ.
2596 671 2623 703 ι
2690 651 2960 707 Δείκνυσιν
3015 650 3100 707 ὅτι
3157 648 3288 708 οὐδὶ
3336 650 3398 708 ἐκ
3452 650 3738 727 προσηλύ-

2080 756 2188 791 των
2223 738 2451 812 γονέων.
2484 764 2510 792 ιι
2548 738 2741 810 Φυλῆς
2784 741 3054 816 Βενιαμίν.
3091 765 3119 793 ι)
3151 744 3267 811 Τῆς
3308 739 3736 816 εὐδοκιμοῦσης,

2081 825 2238 903 φησὶ,
2297 827 2443 902 παρὰ
2497 825 2807 893 Ἰουδαίοις.
2869 855 2898 882 κ
2954 825 3207 906 Ἐϐραῖος
3265 829 3318 902 ἐξ
3376 825 3669 904 Ἐϐραίων.
3706 854 3736 883 ι»

2081 919 2341 987 ”Ανιυθεν,
2399 916 2557 991 φησί,
2605 923 2713 974 τῶν
2752 916 3056 993 εὐδοκίμων
3106 916 3384 978 Ἰουδαίων
3435 919 3572 994 εἶμί,
3631 913 3735 993 (ἔνι

2080 1003 2183 1077 γὰρ
2223 1002 2353 1059 εἶναι
2412 1005 2473 1062 ἐκ
2510 1003 2697 1083 γένους
2744 1006 2987 1085 Ἰσραήλ,
3038 1008 3131 1065 καὶ
3182 1012 3259 1082 μή
3321 1003 3620 1085 Ἐϐραῖον),
3650 1009 3741 1080 τὸ,

2085 1117 2113 1145 ‹‹
2147 1089 2421 1170 Ἐϐραῖον,
2458 1119 2487 1149 ι)
2563 1098 2638 1161 ὼς
2669 1100 2806 1174 πρὸς
2865 1100 2971 1169 τὴν
3030 1096 3237 1171 ε’ίδησιν
3292 1105 3394 1169 τῆς
3456 1093 3741 1174 Ἐϐραΐδος

2082 1182 2339 1259 γλώσσης
2398 1183 2703 1261 δεξάμενος.
2756 1188 2910 1246 Μετὰ
2963 1189 3068 1265 γὰρ
3124 1190 3186 1246 τὸ
3240 1191 3651 1261 κατασπαρῆναι
3683 1186 3738 1242 ἑν

2085 1277 2203 1334 τοῖς
2250 1269 2444 1347 ἔθνεσι,
2484 1274 2674 1350 πολλῇ
2808 1277 2998 1352 ἀγνοίᾳ
3024 1283 3125 1347 τῆς
3175 1274 3410 1353 πατρίου
3458 1274 3739 1352 γλώσσης,

2085 1362 2185 1417 οὐκ
2213 1359 2529 1439 ἠκριϐὦντο
2557 1366 2652 1429 τὰς
2693 1367 2841 1441 παρὰ
2899 1366 3187 1431 Ἰουδαίοις
3215 1368 3425 1448 γραφὶς
3486 1365 3611 1424 οῦδὲ
3643 1369 3737 1423 τὸν

2085 1454 2251 1526 νόμον
2308 1455 2496 1512 αὐτόν.
2552 1479 2578 1510 ι
2624 1456 2765 1513 Κατὰ
2827 1458 2995 1530 νόμον
3055 1463 3379 1535 Φαρισαῖος.
3412 1481 3441 1511 ››
3489 1458 3553 1513 Ἦ
3586 1455 3747 1513 εὐδό-

2086 1561 2250 1613 κιμος
2282 1543 2429 1618 παρὰ
2487 1540 2771 1606 Ἰουδαίοις
2796 1542 3006 1620 αἵρεσις
3035 1544 3195 1616 αὕτη.
3248 1544 3458 1601 Λοιπὸν
3499 1546 3602 1620 γὰρ
3651 1543 3746 1599 καὶ

2087 1631 2186 1697 τήν
2218 1629 2279 1686 ἐκ
2334 1632 2704 1707 προαιρέσεως
2761 1633 2959 1709 ἀρετὴν
3018 1633 3189 1711 λέγει·
3251 1636 3319 1691 τὰ
3375 1634 3479 1711 γὰρ
3530 1638 3743 1705 πρῶτα,

2090 1720 2422 1795 ἀπροαίρετα
2450 1724 2538 1791 ἦν.
2577 1723 2673 1780 Ἐκ
2700 1725 3076 1797 προαιρέσεως
3116 1725 3144 1779 ὁ
3177 1722 3368 1795 ζῆλος,
3411 1722 3746 1800 ἀπροαίρετα

2092 1808 2150 1865 δὶ
2178 1813 2214 1880 ἡ
2245 1813 2543 1887 περιτομὴ,
2584 1811 2644 1869 ix
2681 1812 2871 1888 γὲνους
2923 1812 3177 1888 Ἰσραὴλ,
3234 1813 3413 1888 φυλῆς
3464 1797 3745 1885 Βενιαμίν,
3786 1797 3803 1811 ’

331 1917 453 1956 non
480 1907 650 1957 erant
677 1901 1030 1958 voluntaria.
1075 1902 1245 1957 Zelus
1277 1902 1396 1957 sive
1453 1902 1752 1958 aemulatio
1782 1918 1853 1956 ex
1882 1917 1982 1955 vo-

2113 1899 2184 1954 ιαῖ
2221 1899 2290 1954 τὰ
2317 1898 2461 1971 ἑξῆς,
2522 1924 2551 1954 ι(
2584 1903 2729 1957 Καεὰ
2782 1902 2972 1974 ζῆλον.
3008 1927 3037 1956 ››
3068 1904 3221 1960 Ἐστι
3282 1904 3388 1979 γὰρ
3446 1905 3587 1958 εῖναι
3643 1922 3742 1975 μεν

330 1990 560 2047 luntate
582 1997 692 2060 est,
720 2009 896 2063 porro
918 1992 1254 2048 voluntaria
1275 2010 1396 2049 non
1417 2001 1558 2048 sunt
1586 1991 1981 2059 circumcisio,

337 2094 465 2135 esse
494 2097 565 2136 ex
621 2097 837 2154 genere
893 2082 1096 2148 Israel,
1157 2082 1229 2137 de
1288 2082 1447 2137 tribu
1484 2081 1815 2154 Benjamin,
1872 2086 1986 2137 etc.

339 2191 367 2221 ‹‹
396 2172 567 2227 Juxta
592 2171 803 2227 zelum.
834 2192 863 2221 »
896 2172 1038 2227 Nam
1071 2172 1361 2245 contingit
1390 2189 1517 2227 esse
1540 2172 1904 2227 Pharisaaum
1932 2174 1991 2225 et

337 2276 461 2315 non
492 2260 922 2317 mmulatorem.
954 2262 1055 2315 94
1086 2262 1258 2317 Juxta
1280 2260 1579 2333 justitiam
1606 2277 1737 2332 quas
1770 2260 1831 2315 in
1862 2260 1990 2331 lege

336 2356 445 2405 est.
479 2351 769 2415 Quoniam
802 2367 945 2406 sane
976 2350 1161 2406 Judaii
1194 2367 1432 2423 quoque
1478 2349 1994 2422 persequebantur

333 2440 682 2509 Ecclesiam,
715 2457 835 2496 non
860 2448 1103 2512 prapter
1119 2441 1309 2497 zelum
1341 2441 1461 2507 Dei,
1482 2440 1587 2495 sed
1610 2447 1852 2512 propter
1874 2456 1996 2494 am-

2096 1993 2419 2062 Φαρισαῖον,
2451 1989 2514 2044 οὐ
2560 1992 2668 2063 μὴν
2719 1989 2999 2063 ζηλωτήν.
3052 1994 3198 2048 Κατά
3253 1989 3594 2063 δικαιοσύνην
3641 1992 3743 2059 τήν

2097 2074 2150 2130 ἰν
2188 2075 2367 2148 νόμῳ.
2401 2074 2621 2147 Ἐπειδή
2656 2078 2747 2133 καὶ
2784 2076 3040 2135 Ἰουδαῖοι
3071 2078 3298 2137 ἐδίωκον
3354 2082 3455 2149 τὴν
3511 2077 3753 2151 Ἐκκλη-

2099 2164 2239 2234 σίαν,
2275 2167 2341 2221 οὐ
2374 2162 2463 2221 διὰ
2511 2166 2678 2237 ζῆλον
2743 2173 2900 2237 Θεοῦ,
2960 2169 3106 2225 ἀλλὰ
3157 2168 3247 2225 διὰ
3303 2169 3629 2246 φιλαρχίαν,
3659 2168 3753 2224 καὶ

2098 2260 2259 2312 τοῦτο
2294 2255 2668 2334 ἀσραλίζεται.
2701 2259 2759 2313 Ὀ
2789 2260 2895 2335 γὰρ
2921 2262 3058 2316 κατὰ
3084 2260 3183 2331 τήν
3246 2259 3298 2316 ἓν
3328 2262 3486 2335 νόμῳ
3543 2258 3755 2315 δικαιο-

2102 2345 2267 2415 σύνην
2301 2344 2588 2420 ἄμεμπτος
2619 2343 2717 2417 ὢν,
2758 2352 2875 2410 πῶς
2934 2347 2995 2403 ἂν
3057 2346 3147 2405 διὰ
3194 2347 3499 2429 φιλαρχίαν
3553 2343 3761 2423 ἔμελλε

2104 2432 2341 2503 διώκειν,
2373 2438 2462 2491 καὶ
2501 2435 2565 2491 οὐ
2593 2436 2731 2492 κατᾶ
2755 2435 2925 2508 ζῆλον
2958 2443 3093 2494 Θεοῦ
3126 2457 3140 2508 ;

332 2538 609 2595 bitiosam
641 2538 1010 2610 principatus
1039 2537 1682 2608 aﬂ'ectationem,etiam
1715 2538 1825 2593 hac
1854 2542 2020 2609 parte
2043 2552 2104 2591 se
2136 2535 2349 2593 munit.
2373 2536 2481 2602 Qui
2514 2537 2675 2592 enim
2698 2538 2872 2609 juxta
2898 2538 3195 2611 justitiam
3228 2554 3360 2611 quas
3391 2539 3453 2594 in
3502 2538 3631 2611 lege
3662 2544 3756 2594 est

334 2627 881 2699 irreprehensibilis
935 2634 1079 2695 erat,
1113 2627 1413 2699 quomodo
1473 2628 1602 2683 ﬁeri
1660 2626 1969 2698 potuisset,
1999 2629 2067 2681 ut
2123 2625 2491 2698 principatus
2550 2642 2751 2682 amore
2793 2634 3253 2700 persequeretur
3307 2634 3366 2684 et
3397 2644 3517 2685 non
3548 2643 3620 2684 ex
3652 2627 3761 2683 Dei

339 2717 459 2773 zelo
488 2717 517 2773 ?

408 2807 506 2872 Ill,
541 2809 659 2862 7-9.
694 2806 802 2863 Sed
830 2822 952 2877 que
980 2806 1123 2860 mihi
1144 2812 1304 2862 erant
1334 2805 1512 2871 lucra,
1544 2806 1850 2860 arbitratus
1873 2820 1991 2859 sum

328 2904 565 2968 propter
595 2897 871 2955 Christum
905 2898 1172 2953 damnum
1203 2913 1331 2954 esse.
1385 2898 1705 2968 Quinetiam
1753 2896 1996 2950 arbitror

336 2990 524 3043 omnia
551 2986 817 3042 damnum
847 3003 977 3055 esse,
1015 2994 1252 3059 prapter
1306 2986 1689 3043 excellentiam
1717 2985 1992 3055 cognitio-

335 3079 422 3132 nis
453 3077 654 3134 Christi
681 3078 810 3133 Jesu
860 3079 1081 3132 Domini
1123 3079 1250 3145 mei,
1293 3084 1528 3148 prapter
1557 3092 1717 3147 quem
1746 3076 1996 3130 omnium

338 3168 453 3235 feci
489 3168 778 3237 jacturam
825 3167 1105 3239 habeoque
1127 3182 1233 3238 pro
1262 3168 1693 3239 rejectamentis,
1739 3172 1801 3220 ut
1833 3163 1995 3219 Chri-

339 3264 486 3313 stum
511 3257 882 3326 tucrifaciam,
914 3265 1082 3328 utque
1130 3259 1379 3327 reperiar
1409 3259 1467 3311 in
1518 3256 1617 3310 illo
1644 3271 1755 3311 non
1793 3254 1996 3310 habens

343 3362 519 3401 meam
553 3346 889 3416 justititi'am
936 3362 1065 3416 qua:
1092 3362 1161 3401 ea:
1193 3346 1307 3416 lege
1337 3353 1436 3414 est,
1468 3346 1560 3401 sed
1596 3362 1714 3400 eam
1772 3359 1894 3414 qum
1922 3347 1998 3397 est

335 3452 442 3507 per
473 3436 634 3505 [idem
666 3435 890 3491 Christi.

418 3525 672 3580 Lucrum
695 3524 840 3580 dicit
870 3541 1002 3595 quae
1035 3524 1145 3579 sibi
1177 3541 1212 3579 a
1244 3524 1368 3596 lege
1399 3524 1651 3579 collecta
1680 3527 1868 3578 erant.
1892 3523 2000 3575 Ita-

349 3632 464 3687 que
495 3632 615 3670 non
646 3614 908 3670 detrahit
954 3614 1095 3686 legi,
1145 3613 1320 3669 veluti
1367 3614 1626 3669 delirant
1673 3620 1733 3668 et
1763 3612 2002 3668 Marcio-

349 3705 523 3761 nistaa
579 3706 760 3759 Porro
783 3720 1123 3775 quanquam
1150 3704 1276 3775 ipsa
1305 3710 1549 3775 propter
1576 3703 1875 3758 Christum
1896 3701 2005 3757 du-

352 3801 567 3851 cantur
598 3811 725 3850 esse
758 3793 1065 3860 damnum,
1115 3810 1235 3848 non
1292 3793 1644 3865 simpliciter
1700 3795 1810 3849 hoc
1841 3792 2003 3859 dicit,

356 3885 517 3956 quod
547 3902 676 3940 esse
705 3890 909 3956 ppsset
929 3885 1006 3938 im
1014 3883 1320 3955 probantis
1346 3883 1536 3955 legem
1560 3899 1574 3940 :
1600 3882 1705 3938 sed
1719 3882 2006 3939 damnum

354 3974 488 4045 ipsa
517 3979 684 4027 vocat
707 3971 1027 4027 collatione
1071 3988 1175 4026 seu
1234 3972 1680 4042 comparatione
1733 3970 1806 4025 ad
1837 3969 2005 4024 Chri-

358 4068 536 4128 stum,
570 4060 729 4131 quod
759 4059 947 4132 magis
978 4059 1052 4114 ad
1079 4058 1317 4114 laudem
1350 4059 1497 4131 legis
1550 4058 1760 4124 tendit,
1792 4073 2009 4129 nempe

353 4150 512 4221 quod
543 4149 659 4205 alio
686 4149 862 4204 modo
915 4165 1036 4203 non
1074 4146 1289 4203 audeat
1320 4164 1451 4202 eam
1485 4164 1692 4203 vocare
1721 4145 2009 4201 damnum

352 4240 468 4295 nisi
508 4239 825 4295 collatione
902 4255 1008 4293 seu
1065 4237 1511 4309 comparatione
1567 4236 1642 4292 ad
1687 4237 2006 4291 Christum.

353 4352 381 4379 «
405 4330 541 4384 Huic
576 4329 896 4385 arbitratus
928 4344 1081 4383 sum.
1118 4350 1146 4376 »
1192 4327 1254 4382 Si
1293 4327 1495 4382 omnia
1543 4327 1828 4382 damnum
1881 4342 2010 4381 esse

359 4420 548 4486 ducis,
571 4437 604 4474 o
636 4419 840 4484 Paule,
863 4418 1043 4474 etiam
1062 4419 1191 4489 ipsa
1212 4434 1344 4488 qua:
1375 4417 1769 4490 corporaliter
1794 4418 1853 4472 in
1886 4417 2012 4490 lege

360 4515 671 4567 servantur
692 4514 934 4580 propter
954 4506 1365 4562 excellentiam
1388 4508 1741 4580 cognitionis
1763 4507 2007 4563 Christi:

362 4598 661 4672 quomodo
676 4598 875 4653 statim
897 4596 1066 4661 dicis,
1086 4598 1335 4668 Propter
1353 4614 1530 4669 quem
1554 4598 2017 4669 omniumjactu-

356 4706 487 4745 ram
503 4689 637 4745 feci.
654 4690 798 4744 Nam
815 4687 1014 4743 dicere
1029 4688 1324 4743 Jacturam
1344 4688 1601 4756 feci,non
1624 4694 1716 4743 est
1729 4688 2014 4744 damnum

2176 2798 2331 2859 Ἀλλ’
2373 2804 2406 2857 ἃ
2459 2800 2583 2858 τινᾶ
2642 2823 2738 2877 μοι
2788 2804 2856 2874 ἧν
2915 2802 3104 2881 κέρδη,
3161 2809 3331 2885 ταῦτα
3385 2805 3609 2884 ἥγημαι
3666 2804 3760 2863 διὰ

2103 2889 2195 2946 τὸν
2256 2891 2489 2967 Χριστὸν
2548 2891 2768 2966 ζημίαν.
2836 2892 3009 2951 Ἀλλὰ
3068 2894 3162 2968 μὶν
3219 2892 3310 2950 οὖν
3368 2895 3460 2951 καὶ
3513 2898 3758 2971 ἠγοῦμαι

2103 2982 2277 3035 πάντα
2308 2981 2509 3054 ζημίαν
2544 2983 2708 3050 εἶναι,
2763 2979 2855 3038 διὰ
2911 2985 2975 3039 τὸ
3035 2984 3302 3060 ὑπερέχον
3359 2991 3461 3055 τῆς
3504 2985 3754 3059 γνώσεως

2106 3073 2345 3144 Χριστοῦ
2376 3074 2556 3137 Ἰησοῦ
2604 3076 2701 3127 τοῦ
2757 3073 2957 3146 Κυρίου
3019 3094 3148 3146 μου,
3208 3071 3280 3128 δι’
3346 3074 3407 3129 ὃν
3463 3075 3532 3129 τὰ
3585 3074 3759 3129 πάντα

2105 3158 2467 3233 ἐζημιώθην,
2515 3161 2606 3216 καὶ
2667 3163 2914 3237 ἡγοῦμαι
2998 3158 3246 3219 σκύϐαλα
3296 3163 3434 3218 εἶναι
3489 3165 3583 3219 ἳνα
3631 3165 3764 3239 Χρι-

2106 3249 2229 3305 στὸν
2289 3247 2542 3321 κερδήσω
2579 3294 2593 3321 ,
2648 3250 2738 3306 καὶ
2824 3251 3027 3327 εὗρεθῶ
3110 3250 3161 3307 ἐν
3249 3250 3397 3325 αὖτῷ
3477 3254 3555 3327 μή
3611 3247 3762 3333 ἔχων

2106 3339 2245 3413 ἐμὴν
2308 3337 2656 3411 δικαιοσύνην
2739 3343 2839 3411 τὴν
2921 3341 2981 3397 ὲκ
3050 3342 3246 3416 νόμου,
3315 3340 3463 3398 ἀλλὰ
3518 3344 3619 3413 τὴν
3674 3339 3769 3399 διὰ

2107 3429 2341 3491 πίστεως
2362 3431 2629 3504 Χριστοῦ.

2188 3521 2403 3592 [ΦθἸ’.]
2433 3516 2637 3594 Κέρδος
2670 3521 2842 3594 λέγει,
2875 3520 2940 3575 τὰ
2967 3521 3073 3577 ἀπὸ
3092 3526 3190 3576 τοῦ
3219 3522 3395 3594 νόμου
3425 3520 3765 3598 συλλιγὲντα

2116 3608 2281 3680 αὐτῷ.
2311 3615 2468 3664 Ὥστε
2498 3607 2564 3664 οὐ
2594 3608 2802 3679 κακίζει
2858 3609 2952 3665 τὸν
3004 3612 3200 3684 νόμον,
3234 3612 3309 3675 ὡς
3367 3613 3419 3667 oi
3474 3612 3582 3668 ἀπὸ
3610 3618 3770 3687 Μαρ-

2114 3697 2313 3760 κίωνος
2345 3696 2632 3772 ληροῦσιν.
2669 3697 2729 3754 Εἰ
2770 3695 2829 3753 δί
2866 3698 2957 3754 καὶ
2988 3701 3203 3773 ἡγεῖται
3234 3701 3373 3756 αὐτὰ
3402 3702 3626 3774 ζημίαν,
3659 3700 3771 3781 οὐχ

2119 3785 2308 3848 ἁπλῶς
2348 3784 2498 3863 λέγει
2540 3792 2727 3856 νοῦτο,
2759 3786 2892 3863 ὅπερ
2925 3786 2985 3844 ἂν
3014 3789 3080 3858 ἦν
3112 3790 3432 3861 κακίζοντος
3455 3792 3546 3846 τὸν
3577 3791 3776 3865 νόμον,

2118 3874 2263 3934 ἀλλὰ
2299 3878 2503 3951 ζημίαν
2554 3877 2691 3932 αὐτά
2746 3877 2926 3945 καλεῖ,
2967 3882 3036 3953 τῇ
3067 3879 3204 3954 πρὸς
3234 3881 3462 3956 Χριστὸν
3493 3881 3776 3957 συγκρίσει

2117 3965 2207 4021 καὶ
2239 3967 2550 4042 παραθέσει,
2583 3966 2714 4039 ὅπερ
2763 3966 2977 4041 μᾶλλον
3012 3967 3085 4032 είς
3117 3968 3390 4046 ἐγκώμιον
3437 3974 3539 4026 τοῦ
3594 3973 3777 4044 νόμου

2117 4053 2286 4121 τελεῖ,
2334 4056 2397 4109 τὸ
2460 4056 2537 4129 μή
2570 4054 2758 4120 ἁλλως
2793 4055 3006 4132 τολμᾷν
3041 4059 3246 4131 ζημίαν
3284 4060 3447 4115 αὐτὸν
3476 4058 3687 4130 καλεῖν,
3727 4061 3777 4117 εί

2124 4162 2201 4217 μη
2258 4147 2327 4217 τῇ
2384 4145 2520 4219 πρὸς
2624 4145 2863 4219 Χριστὸν
2948 4148 3241 4224 παραθέσει
3298 4149 3387 4204 καί
3471 4150 3768 4224 συγκρίσει.

2120 4266 2191 4276 -
2226 4257 2251 4287 ι
2280 4237 2461 4288 Ταῦτα
2490 4229 2733 4307 ἥγημαι.
2770 4258 2799 4286 υ
2856 4236 3013 4309 [ΤΟΥ
3070 4238 3340 4313 ΑΥΤΟΥ.]
3373 4238 3437 4295 Εἰ
3634 4238 3777 4294 παν-

2120 4343 2185 4377 τα
2229 4321 2450 4395 ζημίαν,
2480 4321 2525 4375 ὦ
2550 4320 2751 4392 Παῦλε,
2782 4323 2875 4378 καὶ
2907 4323 3042 4379 αὐτᾶ
3088 4324 3156 4381 τὰ
3209 4331 3522 4399 σοματικῶς
3564 4325 3775 4404 φυλατ-

2120 4413 2326 4485 τόμενα
2361 4416 2459 4466 τοῦ
2511 4412 2708 4485 νόμου,
2768 4408 2857 4468 διὰ
2912 4414 2975 4469 τὸ
3010 4410 3355 4491 ὑπερϐάλλον
3384 4419 3484 4482 τῆς
3515 4419 3770 4494 γνώσεως

2123 4505 2388 4576 Χριστοῦ,
2429 4505 2546 4563 πῶς
2606 4500 2783 4579 λὲγεις
2836 4502 3016 4574 εὐθὺς,
3072 4501 3146 4559 δι’
3195 4506 3255 4561 ὃν
3305 4506 3476 4561 πάντα
3532 4505 3780 4580 ἐζημιώ-

2124 4596 2223 4664 θην
2255 4612 2268 4650 :
2304 4593 2366 4647 τὸ
2404 4592 2506 4667 γὰρ
2565 4591 2765 4670 λέγειν,
2827 4594 3202 4668 Ἐζημιώθην,
3268 4596 3368 4652 οὐκ
3405 4593 3517 4652 ἔστι
3576 4598 3780 4672 ζημίαν

2126 4677 2470 4755 ἀποϐαλεῖν,
2526 4685 2709 4757 (τοῦτο
2774 4684 2880 4759 γὰρ
2941 4683 3154 4758 μᾶλλον
3210 4684 3468 4762 κερδῆσαί
3524 4685 3659 4758 ἐστι,
3716 4688 3781 4743 τὸ

357 4778 616 4851 abjicere
639 4777 774 4851 (hoc
799 4777 960 4835 enim
992 4776 1191 4848 potius
1217 4782 1307 4832 est
1323 4771 1554 4833 lucrum
1576 4777 1999 4848 facere,nempe

2125 4770 2555 4848 ἐλευθερωθῆναι
2637 4772 2887 4847 ζημίας,)
2970 4774 3118 4831 ἀλλὰ
3177 4773 3392 4850 μᾶλλον
3447 4776 3781 4854 πραγμάτων

361 4869 624 4925 adamno
638 4867 925 4938 liberari);
944 4865 1047 4921 sed
1063 4867 1259 4938 potius
1276 4865 1670 4937 quarumdam
1702 4866 1906 4922 vilium
1930 4883 2019 4921 re-

363 4974 499 5014 rum
532 4957 929 5029 abjectionem
950 4954 1266 5027 significat.
1289 4955 1595 5021 Quomodo
1617 4972 1755 5029 ergo
1784 4973 1922 5012 cum
1951 4972 2023 5012 ea

372 5047 581 5120 abjicis
616 5063 748 5118 quae
777 5045 945 5101 ducis
1002 5061 1133 5100 esse
1193 5043 1498 5112 damnum,
1549 5046 1675 5101 ais:
1725 5047 2024 5102 iacturam

372 5136 485 5192 feci
504 5135 613 5190 ‘tEt
630 5134 884 5190 dicimus
899 5133 1055 5205 quod
1078 5149 1197 5188 non
1223 5133 1578 5205 simpliciter
1600 5134 1725 5190 hinc
1738 5134 2026 5189 damnum

375 5242 507 5282 e:se
538 5223 811 5283 dicebat.
844 5224 946 5279 sed
979 5223 1052 5277 ad
1092 5223 1598 5293 comparationem
1658 5222 2029 5295 perfectioris

374 5315 704 5373 secundum
729 5314 914 5368 Deum
940 5312 1295 5386 cognitionis
1322 5328 1335 5367 :
1360 5313 1842 5385 quandoquidem
1879 5313 1939 5368 in
1968 5329 2029 5368 se

374 5407 607 5463 lucrum
640 5420 709 5459 ea
730 5418 858 5458 esse
891 5401 1284 5456 existimabat.
1309 5403 1445 5457 ideo
1476 5402 1758 5458 damnum
1791 5402 2033 5474 quidem

381 5513 509 5553 esse
541 5494 800 5552 arbitror
827 5490 1271 5562 comparatione
1304 5492 1659 5548 meliorum:
1692 5494 1805 5548 feci
1835 5501 2036 5549 autem

374 5588 673 5660 jacturam
699 5584 757 5637 in
791 5598 854 5637 se
894 5587 953 5636 et
982 5579 1178 5652 quoad
1206 5580 1351 5652 legis
1383 5588 1678 5638 naturain.
1712 5586 1827 5637 Aut
1858 5582 2037 5637 etiam

385 5676 498 5733 hoc
527 5676 725 5731 dicere
749 5678 974 5745 oportet
1001 5670 1159 5742 quod
1192 5670 1319 5725 divo
1350 5672 1532 5727 Paulo
1572 5689 1713 5728 cura
1760 5690 1881 5728 non
1913 5678 2043 5728 erat

389 5766 461 5823 de
493 5765 786 5839 elegantia
818 5769 876 5817 et
917 5759 1279 5833 proprietate
1313 5762 1644 5817 Graecorum
1704 5764 2039 5833 nominum,

2128 4861 2431 4919 λυσιτελῶν
2489 4883 2651 4918 τινων
2719 4863 2973 4938 σημαίνει
3024 4859 3310 4937 ἀποϐολήν
3345 4910 3359 4924 .
3411 4871 3534 4928 Πῶς
3585 4864 3678 4922 οῦν
3739 4864 3774 4921 ἃ

2131 4951 2340 5029 ἥγησαι
2381 4951 2604 5028 ζημίαν,
2632 4957 2800 5010 ταῦτα
2831 4955 3222 5030 ἁποτιθὲμενος
3264 4955 3463 5034 λέγεις,
3489 4959 3610 5013 Ὅτι
3651 4955 3782 5026 ἐζη-

2138 5042 2334 5116 μιόθην
2371 5062 2385 5113 ;
2418 5043 2523 5099 Καὶ
2565 5063 2760 5122 φαμεν,
2822 5044 2905 5099 ὅτι
2959 5045 3069 5121 οὐχ
3124 5044 3315 5107 ἁπλῶς
3369 5050 3537 5102 ταῦτα
3594 5048 3787 5124 ἡγεῖτο

2139 5131 2363 5206 ζημίαν,
2396 5130 2702 5205 ἀλλὰπρὸς
2760 5133 3044 5208 σύγκρισιν
3102 5132 3443 5209 τελειοτέρας
3498 5142 3599 5205 τῆς
3655 5134 3792 5189 κατὰ

2138 5220 2380 5294 Χριστὸν
2435 5222 2687 5295 γνώσεως
2723 5265 2738 5291 ,
2798 5220 2913 5277 ἐπεὶ
3006 5223 3123 5278 καθ’
3189 5224 3344 5290 αὐτὸ,
3402 5221 3594 5300 κέρδος
3658 5223 3795 5278 αὐτὰ

2142 5311 2408 5385 ἱνόμιζεν.
2466 5312 2560 5367 Διὸ
2619 5313 2683 5367 τὸ
2738 5312 2854 5386 μὲν,
2909 5315 3151 5389 ἡγοῦμαι
3204 5313 3406 5387 ζημίαν
3466 5315 3602 5388 πρὸς
3661 5313 3795 5388 σῦγο

2140 5422 2317 5478 κρισιν
2347 5407 2455 5458 τῶν
2526 5401 2844 5480 βελτιόνων,
2890 5406 2953 5459 τὸ
2985 5402 3063 5475 δὲ,
3097 5398 3441 5479 ἔζημιὼθην,
3484 5406 3605 5470 καθ’
3665 5404 3798 5460 αὐτὸ

2143 5493 2283 5568 πρὸς
2312 5493 2410 5561 τήν
2464 5493 2622 5572 φύσιν
2652 5498 2747 5549 τοῦ
2777 5492 2973 5567 νόμου.
3034 5496 3101 5550 Ἦ
3150 5494 3240 5549 καὶ
3277 5500 3438 5551 τοῦτο
3483 5493 3565 5550 δεῖ
3607 5493 3807 5566 ε’πεῖν,

2146 5583 2223 5644 ὡς
2254 5581 2316 5638 οὐ
2352 5581 2506 5655 μέλει
2531 5588 2611 5655 τῷ
2653 5584 2919 5656 θεσπεσίῳ
2973 5582 3175 5657 Παύλῳ
3225 5585 3349 5659 περὶ
3407 5582 3640 5659 ἔκλογῆς
3674 5582 3811 5641 Ἐλ-

2150 5673 2392 5744 ληνικῶν
2430 5674 2732 5748 ὀνομάτων.
2796 5675 2976 5732 Μόνον
3035 5680 3097 5730 τὸ
3156 5674 3512 5748 ὑποκείμενον
3551 5673 3807 5745 δηλῶσαι

2151 5768 2365 5823 σκοπεῖ.
2407 5770 2607 5833 ’Ὠσπερ
2638 5761 2739 5837 γὰρ
2798 5756 3060 5835 ἀλλαχοῦ
3112 5761 3211 5832 τὴν
3259 5757 3502 5834 ἔξουσὶαν
3559 5764 3656 5815 τοῦ
3708 5762 3807 5817 Θα-
