4108 6400
339 444 489 506 1801

1378 445 1794 509 OOMMENT.
1846 446 1934 505 IN
1988 444 2228 506 EPIST.
2274 447 2379 506 AD
2438 446 2721 508 PHlLlP.

3609 441 3767 501 £302

334 578 494 634 νάτου
544 579 645 647 τὴν
699 578 863 651 ἡμῶν
919 575 1173 648 δηλῶσαι
1240 577 1437 650 θέλων,
1496 575 1655 635 οὐδὲν
1711 577 1837 653 περὶ
1892 579 1984 648 τὴν

2113 580 2215 636 sed
2240 580 2432 637 solum
2464 580 2724 638 intendit
2753 579 3086 653 signiﬁcare
3108 578 3267 649 quod
3307 576 3662 650 proponitur
3694 576 3760 631 ι’.

333 667 479 739 λέξιν
510 662 891 741 ἠκριϐώσατο,
924 666 1054 724 ἀλλ’
1084 668 1201 725 ἀντὶ
1260 673 1357 725 τοῦ
1409 670 1605 740 εἷπεῖν,
1656 669 2008 745 ἐτυράννησεν

334 755 369 827 ἥ
423 753 706 824 ἐϐιάσατο,
765 757 937 827 εἶπεν,
1000 752 1344 815 ἐϐασίλευσεν
1383 804 1398 828 ,
1457 759 1686 833 ὀνόματι
1761 757 1997 837 εὐφήμῳ

329 848 433 917 τήν
456 845 750 927 δύσφημον
780 846 952 917 αὐτῆς
982 845 1265 921 τυραννίδα
1333 851 1651 922 σημαίνων,
1711 848 1856 904 οὕτω
1913 832 2003 903 καἰ

328 959 448 997 νυν,
480 938 581 1007 τήν
634 931 923 1006 ἀποϐολὴν
983 942 1091 993 τῶν
1140 937 1450 1012 ἐπιζημίων
1514 939 1762 1019 εὔφημον
1817 936 2007 1008 οὖσαν,

336 1024 478 1097 λέξει
510 1022 908 1102 παρεδήλωσεν
962 1026 1062 1082 οὐκ
1120 1026 1376 1107 εὐφήμῳ,
1437 1027 1603 1084 είπὼν
1662 1027 2004 1101 ἐζημιώθην,

330 1139 359 1170 α
393 1116 626 1188 Ζημίαν.
657 1137 683 1168 ι
743 1115 1049 1179 Φασίτινες
1078 1122 1186 1172 τῶν
1235 1118 1545 1192 αἱρετικῶν,
1602 1114 1744 1174 Ἰδοὺ
1776 1118 1804 1173 ὁ
1833 1119 2002 1190 νόμος

335 1204 506 1278 ζημία
537 1202 649 1259 ἐστὶ
689 1203 784 1260 καί
837 1200 1118 1264 σκύϐαλα.
1180 1209 1303 1268 Πῶς
1371 1205 1465 1262 οῦν
1523 1228 1654 1286 φατε
1710 1207 1813 1262 ὑπὸ
1868 1212 2002 1263 Θεοῦ

338 1292 498 1349 αὐτὸν
534 1290 785 1349 δεδόσθαι
817 1315 833 1365 ;
870 1293 1030 1352 Ἀλλ’
1063 1294 1184 1372 ὅρα,
1241 1294 1340 1351 οὐκ
1396 1296 1535 1366 εἶπε,
1594 1295 1777 1371 Ζημία
1832 1295 2000 1369 ἐστιν,

332 1383 481 1455 ἀλλ’,
513 1386 766 1459 *Ηγημαι
799 1383 962 1442 αὐτὸν
995 1383 1217 1458 ζημίαν.
1271 1385 1369 1441 Καὶ
1415 1385 1517 1463 γαρ
1548 1391 1665 1450 τοῖς
1719 1390 1800 1460 τῷ
1828 1386 2001 1462 γράμ-

335 1496 465 1548 ματι
538 1473 1019 1549 παρακαθημένοις
1078 1478 1170 1531 καὶ
1251 1475 1637 1556 ἀφισταμένοις
1726 1480 1996 1551 Χριστοῦ,

333 1564 537 1639 ζημίας
568 1564 780 1638 γίνεται
810 1564 1090 1636 πρόξενος,
1127 1563 1188 1620 οὐ
1220 1566 1366 1639 παρὶ
1415 1565 1514 1635 τήν
1559 1564 1760 1621 οἰκείαν
1807 1565 1999 1645 φύσιν,

329 1652 479 1711 ἀλλᾶ
509 1655 657 1730 παρὰ
685 1656 786 1725 τήν
816 1653 1065 1727 ἀπειρίαν
1094 1659 1203 1710 τῶν
1248 1659 1431 1717 κακῶς
1484 1654 1628 1727 αὐτῷ
1659 1657 1992 1734 χρωμένων.

329 1744 432 1799 Καὶ
460 1742 564 1818 γάρ
591 1741 682 1798 καί
716 1747 933 1818 χρυσοῦ
991 1745 1079 1799 καὶ
1144 1739 1418 1818 μολίϐδου
1466 1742 1866 1819 προκειμένων,
1900 1744 1995 1799 καὶ

328 1831 567 1909 ἀνάγκης
593 1831 760 1904 οῧσης
793 1826 845 1888 ἔν
881 1838 990 1889 τῶν
1024 1830 1121 1889 δύο
1180 1828 1390 1902 λαϐεῖν,
1454 1833 1500 1889 εί
1550 1830 1857 1902 ἐπιλέξεταί
1908 1854 1993 1897 τις

2115 673 2624 738 Quemadmodum
2659 673 2819 728 enim
2849 670 2986 726 alibi
3020 673 3372 743 potestatem
3411 668 3624 724 mortis
3653 682 3764 723 no-

2114 767 2251 816 stra;
2301 762 2636 835 signiﬁcare
2688 761 2890 817 volens
2949 759 3100 814 nihil
3173 761 3445 814 accurate
3527 756 3763 812 locutus

2112 850 2211 905 95
2246 856 2334 907 est
2369 869 2382 907 :
2419 850 2523 907 sed
2554 867 2686 905 cum
2740 848 3055 904 dicendum
3108 847 3336 903 fuisset.
3371 845 3767 917 Tyrannidem

2113 942 2400 1003 exercuit.
2433 946 2535 997 aut
2564 943 2686 996 vim
2727 940 2940 995 intulit
2986 940 3105 995 ait:
3141 937 3425 1011 Regnavit
3454 938 3514 1004 ¹⁹,
3546 935 3771 1007 plausi-

2111 1029 2215 1085 bili
2249 1030 2492 1088 nomine
2523 1031 2847 1087 infaustam
2889 1030 3048 1085 illius
3097 1027 3441 1101 signiﬁcans
3501 1025 3767 1097 tyranni-

2111 1120 2360 1177 dem.lta
2381 1128 2442 1178 et
2470 1138 2629 1177 nunc
2646 1121 3046 1193 abjectionem
3076 1118 3419 1173 nocivorum
3451 1132 3582 1187 qua:
3605 1114 3763 1171 favo-

2110 1210 2315 1267 rabilis
2328 1211 2707 1269 est.dictione
2723 1227 2842 1265 non
2858 1207 3166 1265 favorabili
3181 1203 3761 1280 designavit,dicens:

2108 1300 2240 1355 Feci
2263 1301 2581 1372 jacturam.
2621 1325 2641 1349 σ
2686 1302 3051 1356 Damnum.»
3071 1298 3286 1354 Dicunt
3315 1296 3557 1368 quidam
3577 1295 3765 1350 haere-

2104 1389 2205 1445 tici
2241 1391 2429 1447 :Ecce
2454 1390 2549 1446 lex
2567 1390 2855 1446 damnum
2879 1395 2968 1445 est
2988 1394 3047 1444 et
3096 1389 3528 1461 rejectamenta
3561 1401 3574 1439 :
3610 1400 3760 1455 quo-

2107 1478 2282 1535 modo
2312 1496 2450 1553 ergo
2482 1480 2679 1537 dicitis
2728 1481 2917 1552 ipsam
2949 1495 2984 1535 a
3031 1479 3148 1534 Dco
3202 1476 3400 1533 datam
3432 1491 3560 1530 esse
3589 1473 3617 1529 τὶ
3648 1472 3761 1529 Sed

2104 1570 2507 1627 animadverte
2568 1571 2726 1643 quod
2785 1588 2908 1627 non
2965 1568 3203 1635 dixerit,
3277 1569 3570 1623 Damnum
3648 1570 3759 1630 est,

2103 1661 2227 1728 sed,
2260 1660 2598 1717 Arbitratus
2657 1677 2788 1716 sum
2822 1660 3108 1717 damnum
3171 1673 3320 1713 esse.
3380 1658 3614 1711 Etenim
3664 1654 3758 1710 his

2102 1750 2204 1820 qui
2258 1750 2472 1806 litterm
2531 1751 2842 1806 adhaerent
2898 1755 2956 1805 et
3019 1765 3052 1804 a
3129 1747 3361 1803 Christo
3421 1743 3757 1808 discedunt,

2101 1839 2377 1895 damnum
2409 1840 2873 1896 conciliat:non
2933 1855 3005 1895 ex
3058 1836 3300 1909 propria
3358 1839 3573 1890 natura
3653 1831 3758 1888 sed

326 1923 421 1978 τὸν
469 1919 768 1999 μόλιϐδον,
833 1925 1035 1999 ζημίαν
1095 1923 1383 1994 πέπονθεν,
1444 1926 1509 1980 οὐ
1561 1928 1660 1981 τοῦ
1722 1920 1984 1997 μολίϐδου

2101 1934 2343 2000 propter
2376 1929 2617 1985 illorum
2678 1928 2975 1984 inscitiam
3034 1927 3135 1998 qui
3193 1927 3322 1997 ipsa
3368 1923 3520 1979 male
3578 1927 3759 1979 utun-

329 2012 485 2090 φύσει
518 2013 725 2086 ζημίας
757 2010 949 2084 οὔσης,
979 2010 1128 2069 ἀλλά
1156 2017 1226 2088 τῇ
1257 2018 1355 2069 τοῦ
1415 2013 1700 2091 βελτίονος
1749 2014 1988 2070 ἀποστε-

334 2104 510 2179 ρήσει.

2100 2024 2210 2073 tur.
2248 2018 2552 2090 Siquidem
2583 2020 2761 2074 etiam
2792 2034 2937 2074 auro
2969 2023 3026 2072 et
3057 2014 3301 2088 plumbo
3344 2020 3479 2086 post
3520 2012 3754 2085 positis,

2097 2107 2197 2161 ubi
2230 2124 2473 2163 necesse
2504 2108 2582 2162 sit
2605 2106 2802 2179 Ianum
2844 2124 2874 2162 e
2922 2104 3154 2161 duobus
3211 2104 3445 2176 eligere,
3509 2103 3557 2156 si
3618 2102 3752 2173 quis

332 2191 644 2265 plumbum
676 2193 944 2267 elegerit,
978 2193 1264 2250 damnum
1295 2209 1503 2266 passus
1535 2201 1624 2251 est
1655 2211 1813 2252 :non
1846 2194 2006 2267 quod
2036 2194 2321 2251 damnum
2354 2196 2430 2252 sit
2451 2213 2521 2251 ex
2549 2202 2763 2252 natura
2793 2195 3066 2268 plumbit,
3101 2192 3204 2248 sed
3234 2192 3308 2247 ob
3361 2191 3749 2263 privationem

333 2282 463 2354 ejus
494 2282 653 2353 quod
685 2283 901 2339 melius
932 2290 1042 2339 est.

397 2371 594 2431 Τοίνυν
617 2373 706 2427 καὶ
737 2372 766 2427 ὁ
795 2371 992 2446 νόμος,
1024 2371 1070 2427 εί
1105 2373 1200 2447 μὲν
1228 2393 1312 2435 τις
1364 2371 1514 2445 αὒτῷ
1567 2375 1848 2448 χρήσαιτο
1906 2374 1984 2435 ὡς

327 2458 432 2531 δεῖ,
463 2458 657 2535 κέρδος
710 2459 842 2518 ἐστί.
900 2462 1120 2536 Χριστῷ
1173 2460 1275 2537 γάρ
1333 2459 1710 2537 παραπέμπει.
1768 2463 1830 2521 Ὀ
1880 2462 1985 2539 γάρ

326 2549 637 2622 νομοθέτης
670 2551 880 2618 Μωσῆς
909 2549 1034 2623 περὶ
1064 2554 1166 2606 τοῦ
1221 2555 1468 2622 Χριστοῦ
1526 2550 1692 2606 εἰπὼν
1724 2550 1807 2606 ’ὁτι
1838 2571 1984 2623 προ-

326 2643 508 2717 φήτην
543 2639 672 2711 ὑμῖν
704 2639 989 2711 ἀναστήσει
1048 2639 1124 2703 ὡς
1177 2638 1296 2714 ἐμὲ,
1355 2640 1429 2701 ὡς
1488 2640 1587 2714 ἐμὲ
1640 2637 1718 2709 δὲ,
1783 2637 1874 2695 διά
1928 2661 1986 2697 τε

325 2731 427 2797 τήν
489 2728 659 2802 σάρκα
715 2729 807 2785 καὶ
856 2730 957 2800 τήν
1033 2728 1322 2802 μεσιτείαν,
1381 2731 1529 2785 εἶπεν
1615 2729 1780 2785 αὐτοῦ
1874 2727 1983 2784 δεῖν

327 2817 564 2876 ἀκούειν.
625 2818 690 2874 Εἰ
743 2816 801 2873 δὲ
857 2823 938 2891 τῷ
993 2819 1281 2894 γράμματι
1338 2817 1719 2896 παρακαθίσει,
1779 2819 1983 2892 ζημίας

321 2905 435 2963 ἐστὶ
465 2907 753 2987 πρόφασις.
786 2911 970 2964 Ταῦτα
1023 2907 1116 2963 καὶ
1174 2906 1298 2982 περὶ
1354 2912 1473 2980 τοῦ,
1526 2909 1798 2984 Ἠγοῦμαι
1854 2908 1982 2963 σκύο

323 2991 470 3052 ϐσλα
501 2999 661 3066 εἶναι,
692 3001 836 3052 νοεῖν
860 2993 1030 3072 ἔχεις.
1084 2998 1187 3054 Καὶ
1241 3002 1458 3068 πρῶτον
1523 2999 1619 3071 μὲν
1679 2998 1846 3053 εἰπεῖν
1880 2994 1982 3067 ἔνι,

320 3085 402 3141 δτι
437 3087 503 3142 οὐ
534 3087 778 3162 περὶτοῦ
824 3086 995 3160 νόμου
1023 3087 1108 3156 τὸ,
1142 3081 1425 3157 Σκύϐαλα,
1459 3088 1631 3156 εἶπεν,
1689 3086 1835 3142 ἀλλᾶ
1891 3085 1981 3141 καὶ

321 3175 447 3247 περὶ
468 3179 576 3230 τῶν
607 3180 888 3248 κοσμικῶν
921 3174 1278 3252 πραγμάτων.
1339 3176 1409 3233 Εἴ
1466 3172 1523 3231 δὲ
1579 3175 1669 3230 καὶ
1723 3174 1979 3250 περὶτοῦ

320 3267 517 3341 νόμου,
574 3267 712 3323 κατὰ
761 3268 861 3335 τήν
905 3274 1005 3337 τῆς
1063 3267 1262 3340 ζημίας
1315 3266 1557 3322 διάνοιαν
1616 3269 1830 3337 νοήσεις
1887 3252 1978 3322 καὶ

317 3348 484 3412 τοῦτο
530 3354 717 3413 καλόν.
769 3351 1033 3412 Σκῦϐαλα
1086 3356 1188 3432 γὰρ
1247 3355 1459 3430 ε’ἰρηται
1508 3359 1544 3427 ἡ
1598 3356 1826 3429 καλάμη
1881 3361 1979 3412 τοῦ

320 3445 494 3500 σίτου.
528 3442 688 3502 Ἀλλ’
719 3444 851 3520 ἃχρι
887 3445 980 3519 μὲν
1011 3447 1084 3516 μή
1119 3466 1208 3501 πω
1257 3446 1397 3524 φανῇ
1429 3445 1457 3499 ὁ
1517 3450 1689 3515 σῖτος,
1719 3447 1979 3519 ἀναγκαῖα

316 3536 350 3604 ἡ
382 3532 610 3608 καλάμη
646 3534 722 3597 ὡς
754 3535 1131 3609 συντηρητική
1166 3534 1319 3605 οὗσα,
1351 3538 1452 3590 τοῦ
1500 3533 1762 3606 ἐσομένου
1794 3536 1975 3606 σίτου,

312 3624 576 3702 φανέντος
608 3620 687 3693 δὲ,
716 3625 995 3699 ἄχρηστος
1053 3624 1358 3696 ἀνθρώποις
1397 3626 1433 3694 ἡ
1500 3622 1754 3697 καλάμη.
1813 3622 1977 3682 Οὕτω

313 3711 405 3768 καὶ
432 3713 461 3767 ὁ
495 3712 687 3785 νόμος.
720 3717 892 3788 ’Ἄχρι
929 3712 1024 3786 μὶν
1075 3713 1151 3786 μὴ
1181 3714 1598 3787 ἐνηνθρωπήκει
1638 3713 1666 3767 ὁ
1722 3712 1975 3787 Χριστὸς,

317 3799 600 3881 χρειώδης
630 3803 719 3872 ἦν’
776 3800 926 3876 αὐτῷ
991 3801 1097 3878 γὰρ
1154 3803 1502 3876 παρέπεμπε.
1562 3804 1835 3865 Φανέντος
1895 3799 1977 3873 δὲ,

319 3892 574 3964 περιττὸς
607 3893 732 3947 ὅσον
788 3891 927 3966 πρὸς
982 3891 1046 3946 τὸ
1103 3897 1434 3964 σωματικῶς
1496 3890 1855 3971 φυλάττεσθαι
1912 3892 1980 3947 τὰ

321 3979 373 4035 ἐν
411 3979 580 4052 αὐτῷ.
613 3984 713 4038 Ἢν
744 3977 802 4036 δὲ
826 3980 917 4036 καὶ
951 3977 1110 4054 ἂλλῳ
1164 3980 1355 4056 τρόπῳ
1410 3980 1690 4060 χρειώδης
1723 3981 1751 4035 ὁ
1808 3979 1977 4055 νόμος

319 4071 429 4145 πρὸ
467 4071 729 4145 Χριστοῦ.
765 4068 1224 4149 Φιλοσοφώτερος
1286 4070 1380 4144 μὲν
1416 4070 1518 4145 γὰρ
1573 4073 1639 4141 ἦν
1692 4076 1801 4126 τῶν
1849 4070 1975 4127 Ἐλ-

321 4157 562 4231 ληνικῶν
647 4156 963 4234 δογμάτων,
1022 4158 1334 4236 παχύτερος
1384 4156 1443 4216 δὲ
1502 4154 1601 4225 τῆς
1658 4159 1709 4215 ἐν
1760 4162 1979 4236 Χριστῷ

316 4246 663 4328 φιλοσοφίας.
700 4249 880 4312 Μέσος
942 4247 1037 4304 οῦν
1095 4256 1195 4319 τῆς
1234 4247 1667 4325 εἰδωλολατρεία
1721 4250 1812 4306 καὶ
1876 4253 1977 4316 τῆς

319 4340 560 4413 Χριστοῦ
596 4338 830 4400 πίστεως
871 4339 1218 4410 παρεντεθεὶς
1269 4339 1547 4416 ὠφέλησε.
1607 4340 1745 4395 κατὰ
1780 4339 1975 4415 μικρὸν

322 4429 677 4505 ὑπεξαγαγὼν
744 4436 847 4499 τῆς
901 4425 1403 4504 εἷδωλολατρείας,
1463 4429 1553 4485 καὶ
1611 4435 1708 4486 τοῦ
1774 4431 1975 4495 ἐκεῖθεν

2164 2377 2371 2447 Itaque
2402 2380 2462 2431 et
2505 2375 2621 2440 lex,
2666 2374 2715 2430 si
2747 2375 2881 2445 quis
2928 2391 2997 2430 ea
3025 2380 3232 2430 utatur
3270 2378 3336 2429 ut
3360 2375 3615 2445 oportet.
3659 2369 3749 2427 lu—

2099 2482 2264 2521 crum
2291 2471 2382 2520 est
2415 2483 2428 2519 :
2463 2482 2601 2520 nam
2634 2463 2707 2520 ad
2738 2464 3038 2519 Christum
3086 2462 3459 2519 transmittit.
3495 2460 3755 2533 Legisla-

2096 2560 2190 2610 tor
2213 2556 2375 2610 enim
2406 2556 2600 2610 Moses
2629 2554 2700 2626 de
2758 2554 2991 2609 Christo
3032 2553 3270 2608 dicens:
3300 2556 3342 2624 ;‹‹
3396 2552 3754 2623 Prophetam

2097 2645 2410 2700 suscitabit
2440 2644 2602 2699 vobis
2635 2645 2788 2699 Deus
2819 2649 3103 2714 tanquam
3134 2659 3229 2697 me
3264 2641 3311 2677 ²⁰
3361 2664 3389 2692 ››
3447 2643 3754 2713 (tanquam

2096 2750 2190 2788 me
2221 2740 2465 2805 propter
2519 2749 2758 2789 carnem
2816 2738 2874 2787 et
2929 2732 3276 2788 mediatoris
3334 2731 3641 2798 ofﬁcium),
3669 2731 3753 2785 ait

2096 2829 2369 2894 oportere
2398 2824 2593 2894 ipsum
2626 2822 2863 2877 audire:
2887 2822 2945 2877 Si
2977 2838 3112 2877 vero
3167 2820 3380 2877 littera)
3437 2820 3749 2884 inhaereat,

2096 2912 2296 2967 damni
2329 2912 2561 2967 occasio
2575 2912 2825 2966 est.Htec
2848 2927 3086 2982 quoque
3110 2909 3182 2963 de
3197 2927 3266 2965 eo
3280 2909 3437 2981 quod
3460 2909 3752 2980 sequitur,

2096 3001 2293 3056 Habeo
2352 3017 2457 3072 pro
2508 2999 2976 3071 rejectamentis,
3034 2998 3363 3072 intelligere
3404 2998 3645 3070 poteris.
3680 2999 3752 3052 Et

2097 3090 2358 3160 primum
2382 3088 2623 3160 quidem
2646 3088 2762 3144 dici
2782 3094 2978 3160 potest
3004 3087 3162 3159 quod
3185 3105 3303 3142 non
3336 3088 3407 3143 de
3427 3087 3553 3153 lege
3595 3087 3753 3142 dixe-

2094 3180 2171 3234 rit
2203 3198 2216 3235 :
2243 3180 2708 3251 Rejectamenta,
2741 3178 2846 3234 sed
2868 3179 2938 3233 de.
2961 3178 3139 3234 rebus
3158 3178 3478 3233 mundanis
3513 3195 3525 3233 :
3584 3177 3748 3249 quod

2088 3269 2136 3323 si
2167 3269 2344 3324 etiam
2378 3269 2450 3324 de
2478 3268 2797 3341 lege,juxta
2818 3284 3060 3324 sensum
3083 3268 3183 3338 qui
3205 3267 3277 3323 de
3325 3267 3544 3323 damno
3565 3267 3741 3323 datus

2087 3362 2196 3417 est.
2230 3357 2562 3431 intelliges:
2599 3365 2657 3412 et
2686 3358 2798 3413 hoc
2829 3357 3145 3429 pulchrum
3178 3362 3286 3412 est.
3318 3358 3463 3413 Nam
3495 3360 3739 3428 rejecta.

2088 3454 2291 3502 menta
2320 3447 2479 3503 dicta
2508 3453 2645 3503 sunt
2670 3447 3096 3503 triticiculmus
3120 3446 3254 3503 :sed
3294 3447 3436 3503 dum
3468 3447 3737 3502 nondum

2087 3544 2333 3608 apparet
2368 3537 2650 3597 triticum.
2681 3537 3058 3593 necessarius
3080 3542 3170 3592 est
3189 3537 3737 3609 culmustanquam

2085 3629 2266 3684 futuri
2296 3628 2476 3684 tritici
2521 3630 2962 3685 conservativus
2997 3646 3011 3683 :
3042 3629 3143 3684 ubi
3200 3645 3335 3684 vero
3375 3631 3735 3702 apparuerit,

2088 3719 2316 3775 inutilis
2339 3727 2430 3775 est
2467 3719 2700 3775 culmus
2732 3720 3096 3776 hominibus.
3129 3721 3215 3775 Ita
3245 3720 3296 3774 ei
3357 3719 3490 3776 lex:
3550 3721 3737 3777 donec

2087 3810 2500 3866 incarnaretur
2540 3811 2808 3866 Christus
2867 3817 2992 3866 erat
3022 3810 3208 3878 utilis,
3242 3827 3382 3866 nam
3413 3811 3488 3866 ad
3537 3811 3736 3884 ipsum

2085 3899 2527 3955 transmittebat
2573 3917 2586 3955 :
2640 3917 2775 3955 cum
2836 3907 3037 3956 autem
3098 3900 3222 3971 jam
3282 3902 3577 3972 apparuit,
3627 3919 3734 3958 su-

2085 3989 2315 4061 perflua
2347 3995 2437 4045 est
2466 3995 2756 4061 quantum
2783 3990 2859 4046 ad
2889 3991 3000 4046 hoc
3031 3991 3190 4062 quod
3221 3996 3311 4047 est
3349 3992 3738 4063 corporaliter

2086 4078 2385 4134 observari
2408 4096 2540 4150 quae
2572 4079 2635 4134 in
2658 4095 2727 4134 ea
2752 4083 2910 4135 sunt.
2936 4083 3069 4134 Erat
3096 4084 3296 4135 autem
3327 4085 3385 4135 et
3415 4080 3528 4136 alio
3559 4081 3735 4137 modo

2085 4166 2247 4221 utilis
2270 4166 2366 4221 lex
2396 4173 2531 4221 ante
2570 4167 2890 4223 Christum.
2923 4168 3155 4222 Etenim
3184 4167 3315 4239 plus
3346 4167 3590 4239 quidem
3642 4185 3736 4225 sa-

2086 4256 2325 4327 pientiae
2356 4255 2613 4311 habebat
2654 4273 2834 4328 quam
2879 4257 3215 4312 Graecorum
3248 4257 3544 4331 dogmata,
3576 4276 3734 4316 cras-

2087 4345 2209 4400 sior
2237 4349 2436 4400 autem
2469 4351 2596 4400 erat
2625 4362 2801 4416 quam
2834 4345 3234 4417 philosophia,
3258 4362 3388 4418 quas
3422 4348 3485 4402 in
3502 4348 3735 4404 Christo

2088 4439 2194 4488 est.
2229 4433 2419 4488 Media
2468 4434 2668 4505 itaque
2719 4435 2874 4489 inter
2920 4434 3317 4491 idololatriam
3349 4441 3408 4491 et
3446 4436 3622 4493 ﬁdem
3673 4438 3737 4494 in

319 4518 560 4594 πάχους,
592 4519 682 4574 καὶ
722 4515 1193 4595 ἐπιτηδειοτέρους
1228 4523 1422 4587 ποιῶν,
1477 4522 1698 4593 Χριστῷ
1756 4520 1976 4596 φανέντι

2095 4522 2384 4577 Christum
2405 4522 3263 4594 interpositajuvabat,sensim
3303 4524 3375 4580 ab
3397 4525 3739 4582 idololatria

318 4612 625 4665 πιστεῦσαι.
714 4608 862 4665 Ἐπεὶ
924 4607 1017 4663 οὗν
1081 4608 1143 4663 τὸ
1203 4607 1402 4662 οἰκεῖον
1488 4607 1823 4681 πεπλήρωκε
1885 4608 1978 4663 καὶ

320 4702 546 4772 Χριστῷ
575 4699 919 4773 παρέπεμψε,
969 4696 1221 4772 περιττὸς
1273 4697 1467 4752 Λοιπὸν
1523 4697 1599 4760 εἷς
1666 4698 1729 4753 τὸ
1786 4717 1979 4770 σωμα-

313 4791 484 4850 τικῶς
553 4785 944 4863 φυλάττεσθαι,
1014 4786 1198 4860 ὥσπερ
1261 4787 1351 4842 καὶ
1436 4783 1590 4843 παιδὶ
1651 4787 1726 4849 εἷς
1782 4783 1978 4861 ἄνδρας

312 4873 596 4932 τελέσαντι
624 4879 660 4946 ἡ
704 4873 932 4946 παιδικὴ
988 4874 1151 4947 ἐσθὴς
1209 4876 1297 4930 καὶ
1366 4874 1580 4950 ἀγωγή.
1614 4909 1683 4918 —
1712 4876 1976 4950 [ΟΙΚΟΥ-

316 4966 634 5037 ΜΕΝΙΟΥ,]
669 4964 808 5040 Δῦνῃ
875 4961 931 5020 δέ
988 4965 1079 5020 καὶ
1138 4966 1255 5020 κατ’
1288 4963 1434 5020 ἄλλο
1478 4959 1727 5020 σκύϐαλα
1781 4969 1978 5032 νοῆσαι

313 5055 410 5110 τὸν
440 5054 631 5129 νόμον.
685 5054 766 5112 Τὸ
823 5054 927 5132 γὰρ
985 5047 1284 5123 σκύϐαλον,
1340 5050 1626 5126 κτηνώδης
1682 5053 1793 5110 ἐστὶ
1849 5075 1978 5130 τρο-

317 5145 416 5220 φή.
450 5143 553 5201 Καὶ
586 5145 614 5199 ὁ
671 5141 843 5218 νόμος
899 5144 1078 5198 τοίνυν
1141 5143 1276 5217 μετᾶ
1331 5145 1432 5214 τήν
1489 5144 1695 5215 πίστιν,
1755 5141 1976 5222 ἀλογω-

316 5232 501 5307 τὲροις
581 5232 897 5309 ἀνθρώποις
951 5231 1092 5289 ἐστὶν
1148 5231 1201 5288 ἐν
1261 5230 1655 5310 παραφυλακῇ.
1710 5234 1863 5290 Διστί
1921 5231 1979 5291 δὲ

315 5321 468 5384 ὅλως
498 5321 702 5396 ἥγησαι
732 5322 895 5378 αὐτὸν
961 5322 1162 5397 ζημίαν
1215 5324 1308 5377 καὶ
1353 5317 1622 5392 σκῦϐαλα,
1655 5323 1701 5378 ὧ
1747 5323 1927 5379 Παῦλε
1961 5343 1975 5393 ;

316 5413 402 5468 ὅτι
435 5411 525 5468 ἐπὶ
555 5410 730 5468 πολὺν
764 5412 967 5491 χρόνον
997 5412 1275 5486 ἐζημιωσὲ
1298 5433 1366 5485 με
1394 5415 1659 5484 Χριστοῦ,
1690 5416 1770 5484 τῷ
1797 5412 1977 5489 γράμ-

319 5522 452 5576 ματι
482 5503 960 5575 παρακαθήμενον,
1013 5500 1120 5581 οὐχ
1176 5502 1259 5558 ’ὀτι
1316 5505 1408 5557 νῦν
1469 5500 1766 5576 ἐζημιοῦτο
1799 5501 1847 5571 ἐξ
1879 5502 1978 5557 αὐ-

313 5594 435 5649 τοῦ.
469 5587 621 5661 ᾜδει
671 5590 775 5669 γὰρ
832 5589 980 5665 αὐτῷ
1031 5595 1414 5666 πνευματικῶς
1465 5591 1800 5670 χρήσασθαι,
1829 5588 1980 5647 ἀλλὰ

387 5802 437 5838 ¹⁸
467 5804 487 5859 l
513 5802 644 5859 Cor.
668 5803 714 5873 Ι,
744 5805 839 5873 22,
867 5801 956 5857 23.
1068 5799 1112 5839 ιθ
1142 5802 1310 5868 Rom,
1342 5816 1396 5870 ν,
1430 5803 1516 5857 tt.

2087 4610 2448 4671 subducens.
2501 4618 2560 4665 et
2605 4628 2640 4666 a
2697 4614 2967 4667 crassitie
3033 4630 3164 4684 quae
3224 4614 3362 4670 inde
3430 4622 3610 4671 erat:
3680 4622 3739 4672 et

2085 4700 2344 4770 aptiores
2374 4699 2629 4755 reddens
2659 4707 2722 4756 ut
2765 4703 3075 4772 apparenti
3129 4703 3360 4759 Christo
3400 4705 3732 4762 crederent.

2086 4788 2188 4842 96
2218 4787 2509 4852 Quoniam
2542 4804 2680 4860 ergo
2712 4789 2872 4860 quod
2905 4807 3080 4845 suum
3139 4797 3267 4847 erat
3305 4793 3642 4865 complevit,
3676 4799 3738 4850 et

2087 4876 2161 4932 ad
2191 4877 2490 4932 Christum
2522 4878 3163 4952 transmisit,deinceps
3188 4881 3415 4937 inutilis
3437 4889 3495 4938 et
3523 4900 3735 4956 super-

2086 4966 2209 5023 ﬂua
2237 4972 2328 5023 est
2347 4967 2421 5024 ad
2443 4968 2557 5024 hoc
2578 4974 2644 5024 ut
2658 4969 3048 5041 corporaliter
3067 4971 3440 5029 observetur:
3458 4976 3739 5045 quemad-

2088 5055 2333 5112 modum
2358 5060 2418 5112 et
2446 5074 2652 5129 puero,
2683 5057 2786 5114 ubi
2817 5058 2891 5114 ad
2922 5059 3155 5115 virilem
3205 5062 3539 5133 pervenerit
3594 5070 3736 5121 aela-

2086 5151 2230 5213 tem,
2262 5146 2490 5218 puerile
2533 5148 2956 5204 vestimentum
2987 5154 3089 5205 aut
3146 5149 3437 5209 educatio.
3469 5183 3537 5194 —
3560 5154 3737 5212 Potes

2087 5241 2287 5292 autem
2319 5240 2377 5291 et
2398 5235 2572 5304 juxta
2600 5235 2763 5292 aliud
2793 5237 3146 5310 intelligere,
3178 5238 3368 5312 legem
3413 5258 3544 5298 esse
3582 5244 3737 5316 reje-

2087 5330 2405 5381 ctamenta.
2437 5325 2581 5381 Nam
2607 5325 3102 5396 rejectamentum
3132 5334 3233 5385 aut
3259 5330 3429 5402 palea
3451 5330 3617 5387 cibus
3648 5337 3739 5389 est

2079 5416 2514 5488 jumentorum.
2546 5416 2615 5472 Et
2637 5416 2727 5472 lex
2762 5418 2962 5489 itaque
2994 5424 3130 5490 post
3158 5420 3339 5477 ﬁdem
3369 5422 3742 5480 irrationabi-

2085 5505 2246 5561 libus
2276 5504 2620 5560 hominibus
2652 5504 2713 5561 in
2743 5505 3117 5565 observantia
3146 5515 3255 5565 est.
3290 5511 3501 5568 Verum
3552 5530 3737 5584 quare

2086 5594 2332 5650 omnino
2359 5593 2576 5650 duxisti
2601 5611 2732 5652 eam
2745 5612 2876 5653 esse
2893 5595 3178 5655 damnum
3200 5600 3395 5673 autrej
3405 5604 3741 5662 ectamenta

1619 5800 1666 5835 ²⁰
1696 5802 1861 5857 Deut.
1889 5818 2041 5873 xvm,
2078 5803 2163 5858 15.
