4108 6420
319 463 484 525 1303

1417 467 1845 530 (ECUME‘NII
1897 462 2209 526 TRItLCAE
2258 461 2606 524 EPISCOPI

3602 465 3760 530 1304

325 615 357 654 ο
392 597 574 652 Paule
604 595 804 662 ?Quia
864 596 938 652 ad
993 598 1248 653 multum
1295 603 1528 672 tempus
1575 617 1711 656 cum
1771 599 1992 654 damno

2107 594 2224 666 περὶ
2253 597 2354 663 τῆς
2390 593 2592 668 ζημίας
2621 590 2830 663 ἐκείνης
2894 591 3050 671 φησὶ,
3106 599 3209 664 τῆς
3255 595 3362 670 πρὸ
3389 603 3494 667 τῆς
3519 597 3756 662 πίστεως

324 686 571 759 privavit
592 702 685 740 me
711 685 1187 742 ChristoJitterm
1209 688 1615 746 adhaerentem
1641 707 1654 745 :
1688 705 1810 744 non
1833 685 1992 760 quod

331 791 490 830 nunc
509 775 728 829 damno
753 791 823 828 ex
870 775 998 846 ipsa
1020 775 1394 832 afﬁceretur:
1426 785 1672 834 noverat
1701 779 1862 832 enim
1923 791 1992 830 ea

325 864 720 936 spiritualiter
750 865 870 922 uti:
908 866 1011 918 sed
1035 866 1106 920 de
1141 866 1358 922 damno
1403 868 1506 924 illo
1533 868 1799 939 loquitur
1829 863 1990 936 quod

325 955 667 1008 fueratante
692 953 870 1008 ﬁdem
891 957 1319 1012 suam.Elenim
1343 965 1658 1029 postquam
1681 961 1988 1028 pertrans-

330 1042 399 1097 iit
422 1042 706 1098 damnum
733 1043 892 1113 quod
915 1045 1278 1116 accepimus.
1321 1048 1779 1102 reminiscentes
1803 1044 1990 1116 ipsius

333 1147 612 1186 vocamus
679 1131 831 1186 illud
891 1132 1085 1188 adhuc
1117 1133 1424 1190 damnum.
1476 1134 1799 1190 Considera
1831 1133 1987 1188 enim

331 1220 629 1292 quomodo
663 1237 870 1276 secure
893 1221 1144 1277 dixerit:
1179 1223 1450 1279 Arbitror
1481 1225 1671 1296 ipsam
1703 1223 1987 1278 damnum

336 1326 465 1365 esse
486 1315 728 1381 propter
755 1309 1166 1366 excellentiam
1202 1314 1559 1386 cognitionis
1591 1311 1831 1378 Christi,
1857 1317 1990 1366 tan-

333 1415 512 1471 quam
546 1399 806 1454 diceret:
836 1405 1052 1458 Natura
1083 1403 1326 1473 quidem
1359 1404 1646 1460 damnum
1695 1419 1816 1458 non
1877 1405 1986 1468 est,

329 1491 432 1546 sed
467 1507 534 1544 eo
567 1496 726 1546 certe
761 1493 917 1562 quod
943 1493 1132 1564 ipsam
1158 1511 1396 1551 servans
1411 1513 1531 1551 non
1559 1492 1987 1567 cognoscebam

329 1583 718 1648 Christum,in
750 1581 1038 1640 damnum
1069 1585 1213 1641 mihi
1250 1587 1402 1643 facta
1424 1594 1534 1643 est.
1566 1611 1586 1636 ι
1623 1586 1774 1652 Quin
1807 1583 1986 1640 etiam

331 1673 606 1728 arbitror.
644 1695 670 1722 »ι
705 1674 996 1738 Quoniam
1025 1677 1636 1733 verbum.Arbilratus
1666 1690 1988 1746 sum,pra)-

334 1762 493 1818 teriti
553 1763 840 1832 temporis
897 1764 1015 1819 vim
1075 1765 1353 1833 habebat,
1385 1767 1510 1821 ait:
1559 1767 1722 1821 Nunc
1753 1779 1990 1834 quoque

331 1851 616 1908 arbitror.
634 1852 868 1906 Etenim
889 1853 1599 1926 multo,inquit.tempore
1631 1870 1726 1909 me
1757 1853 1989 1906 Christo

2095 680 2280 740 ain-05.
2317 684 2412 738 Καὶ
2444 683 2548 758 γὰρ
2599 683 2735 757 μετὰ
2785 685 2850 740 τὸ
2905 683 3198 759 παρελθεῖν
3255 685 3357 754 τήν
3391 687 3590 760 ζημίαν
3655 695 3750 759 ζηο

2098 773 2376 846 μιώσασαν
2408 775 2578 845 ἡμᾶς,
2612 767 2688 827 ἔτι
2722 773 2892 841 αὐτῆς
2955 775 3326 848 μεμνημένοι,
3384 779 3590 848 ζημίαν
3649 779 3754 834 αὐ-

2090 863 2190 932 τὴν
2227 859 2528 935 καλοῦμεν.
2560 861 2702 938 Ὅρα
2729 862 2830 936 γὰρ
2889 867 3008 926 πῶς
3053 861 3316 940 ἀσφαλῶς
3345 865 3514 934 εἶπεν,
3543 867 3752 942 ἹΙγοῦ-

2097 972 2193 1024 μαι
2225 950 2384 1006 αὐτὸν
2413 949 2636 1024 ζημίαν,
2673 947 2761 1006 διὰ
2805 951 2870 1006 τὸ
2929 947 3278 1027 ὑπερϐάλλον
3335 961 3436 1024 τῆς
3493 956 3751 1032 γνώσεως

2091 1046 2189 1096 τοῦ
2220 1042 2478 1117 Χριστοῦ,
2523 1041 2650 1096 ὡσεὶ
2683 1041 2822 1107 εἶπε,
2858 1040 3024 1096 Φύσει
3087 1043 3184 1114 μὲν
3243 1041 3342 1098 οὐκ
3399 1037 3512 1100 ἔστι
3554 1045 3750 1118 ζημία,

2095 1127 2223 1184 ἀλλ’
2252 1127 2442 1198 ἐπειδὴ
2477 1127 2638 1196 δῆθεν
2669 1128 2958 1208 φυλάττων
3016 1130 3176 1186 αὐτὸν
3231 1131 3332 1187 οὐκ
3387 1131 3754 1209 ἰπεγίνωσκον

2090 1219 2184 1274 τὸν
2215 1219 2468 1294 Χριστὸν,
2511 1218 2587 1281 εἰς
2629 1218 2832 1291 ζημίαν
2891 1241 2984 1292 μοι
3039 1219 3273 1294 ἐγένετο.
3334 1245 3363 1274 ‹‹
3419 1221 3601 1280 Ἀλλὰ
3660 1225 3754 1296 μὲν

2093 1308 2186 1363 οὖν
2222 1307 2312 1363 καὶ
2369 1309 2639 1384 ἡγοῦμαι.
2695 1331 2724 1360 ››
2781 1305 3004 1378 Ἐπειδή
3053 1311 3138 1378 τὸ,
3190 1313 3464 1386 ’Ἡγημαι,
3507 1309 3752 1386 παρελη.

2094 1396 2326 1459 λυθότος
2387 1396 2594 1476 χρόνου
2652 1395 2886 1474 ἔμφασιν
2939 1396 3077 1472 εἶχε,
3133 1399 3268 1476 φησί
3324 1401 3449 1458 Ὅτι
3503 1401 3592 1456 καὶ
3661 1405 3756 1456 νῦν

2094 1488 2359 1559 ἡγοῦματ.
2397 1485 2493 1540 Καὶ
2522 1486 2826 1566 γὰρ,ιρησί,
2887 1484 3064 1542 πολύν
3122 1507 3191 1560 με
3243 1489 3447 1564 χρόνον
3478 1487 3758 1564 ἐζημίωσε

2090 1580 2190 1630 τοῦ
2219 1578 2476 1651 Χριστοῦ,
2509 1575 2572 1631 οὐ
2604 1575 2749 1652 παρᾶ
2791 1578 2890 1645 τήν
2927 1575 3152 1648 οίκείαν,
3211 1579 3286 1639 ὡς
3344 1576 3406 1633 ἄν
3472 1599 3554 1641 τις
3585 1578 3756 1643 ε’ἲποι,

2095 1663 2513 1737 θέλησιν,ἀλλὰ
2559 1667 2708 1740 παρὰ
2755 1667 2855 1734 τήν
2912 1665 3052 1739 ἐμήν
3103 1668 3239 1740 πρὸς
3295 1667 3458 1723 αὐτὸν
3517 1667 3578 1724 οὐ
3635 1657 3758 1724 κατ’

2094 1752 2386 1830 ἐπίγνωσιν
2419 1756 2625 1829 σχέσιν.
2665 1777 2688 1805 ι
2751 1755 2930 1810 Πάντα
2989 1756 3192 1829 ζημίαν
3247 1758 3408 1812 εἶναι.
3444 1780 3474 1809 ››
3529 1757 3594 1815 Ei
3624 1760 3752 1834 γαρ,

2095 1844 2280 1918 φησὶν,
2323 1844 2712 1918 ἀντιπαραθείη
2772 1865 2856 1908 τις
2896 1845 2998 1914 τὴν
3045 1849 3144 1900 τοῦ
3200 1845 3378 1919 νόμου
3435 1849 3758 1921 σωματικὴν

331 1941 730 2013 privavit,nnn
763 1942 1002 2012 propria
1045 1943 1402 2010 intentione,
1437 1952 1501 1998 ut
1532 1943 1665 2015 quis
1698 1941 1983 2014 suspicari

2107 1931 2496 2013 παραφυλακὴν
2527 1935 2662 2008 πρὸς
2700 1936 2801 2004 τήν
2839 1939 2938 1990 τοῦ
2992 1937 3228 2010 Χριστοῦ
3293 1941 3515 2013 γνῶσιν,
3551 1937 3755 2009 ζημίαν

331 2029 663 2102 posset,sed
691 2029 764 2084 ob
789 2047 986 2086 meum
1009 2031 1083 2087 ad
1124 2032 1288 2088 illam
1321 2035 1598 2089 alTectum
1625 2049 1745 2088 non
1771 2047 1983 2087 secun~

332 2120 472 2174 dum
508 2120 843 2176 scientiam.
878 2143 904 2169 «
953 2122 1166 2178 Omnia
1195 2123 1482 2179 damnum
1516 2140 1664 2179 esse.
1701 2145 1729 2174 ››
1762 2123 1906 2177 Nam
1935 2121 1983 2176 si

331 2210 487 2282 quis,
522 2209 1007 2282 inquit,opponat
1035 2215 1406 2284 corporalem
1439 2214 1585 2286 legis
1623 2213 1985 2269 observatio-

334 2316 470 2354 nem
503 2299 575 2354 ad
610 2299 828 2354 Christi
886 2302 1310 2372 cognitionem.
1344 2304 1534 2368 legem
1567 2303 1831 2357 inveniet
1859 2317 1990 2356 esse

335 2387 622 2444 damnum
651 2405 663 2441 :
694 2393 860 2444 tanta
884 2396 972 2444 est
994 2391 1352 2462 cognitionis
1372 2393 1586 2448 Christi
1613 2390 1986 2447 excellentia.

335 2501 361 2527 ‹‹
394 2478 648 2548 Propter
677 2493 858 2548 quem
890 2480 1165 2534 omnium
1192 2480 1640 2551 fecijacturam.
1679 2508 1706 2528 ιι
1739 2482 1863 2536 Non
1893 2495 1986 2534 so-

332 2565 454 2621 lum
485 2565 693 2620 relicta
724 2566 851 2639 lege
877 2573 934 2622 et
965 2569 1242 2625 omnibus
1275 2587 1406 2642 quas
1437 2571 1498 2625 in
1531 2587 1602 2626 ea
1632 2577 1772 2626 sunt
1800 2585 1984 2640 quan-

334 2667 458 2717 tum
492 2663 564 2717 ad
591 2663 703 2718 hoc
727 2664 885 2734 quod
917 2673 1008 2720 est
1039 2666 1231 2737 ipsam
1262 2674 1322 2722 el.
1351 2685 1483 2738 quae
1515 2668 1576 2724 in
1607 2685 1678 2723 ea
1697 2673 1835 2722 sunt
1857 2683 1984 2722 cor-

331 2753 618 2824 poraliter
647 2753 972 2816 observari,
1005 2771 1209 2810 verum
1243 2757 1422 2811 etiam
1453 2757 1731 2812 omnibus
1763 2773 1895 2826 qua:
1924 2755 1988 2809 in

333 2840 556 2896 mundo
603 2847 761 2908 sunt,
797 2844 940 2897 Nam
995 2844 1192 2899 dicere
1238 2845 1534 2900 Jacturam
1567 2847 1702 2906 feci.
1737 2845 1847 2900 hoc
1877 2849 1986 2911 est,

332 2929 539 2985 Dimisi
573 2935 630 2984 et
660 2931 807 3002 ipsis
837 2931 1102 3002 privatus
1149 2949 1300 2989 sum.
1323 2955 1351 2984 ‹‹
1391 2936 1515 2989 Νοιι
1541 2933 1765 2989 habens
1797 2947 1988 2987 meam

323 3018 643 3090 justitiam.
681 3043 708 3068 »
737 3021 1123 3086 Meam,ait.id
1155 3029 1404 3094 est,quaa
1429 3030 1520 3078 est
1569 3041 1638 3079 ex
1670 3024 1818 3078 meis
1849 3037 1993 3093 ope-

2097 2025 2316 2098 εὑρήσει
2348 2025 2439 2080 τὸν
2486 2024 2680 2098 νόμον.
2739 2024 2985 2095 Τοσαύτη
3045 2022 3280 2102 διαφορᾶ
3333 2033 3436 2095 τῆς
3491 2027 3754 2103 Χριστοῦ,

2097 2113 2253 2192 φησὶ,
2280 2115 2552 2188 γνώσεως.
2587 2137 2616 2166 ‹‹
2641 2113 2722 2169 Δι’
2753 2112 2812 2168 ὅν
2869 2113 2937 2167 τὰ
2991 2113 3162 2168 πάντα
3207 2113 3552 2188 ἐζημιώθην.
3587 2139 3616 2169 θ)
3677 2115 3756 2173 Οῦ

2103 2204 2268 2277 μόνον
2301 2205 2470 2278 νόμον
2504 2204 2676 2266 ὲακὼς
2709 2202 2786 2266 εἷς
2813 2205 2877 2258 τὸ
2913 2205 2986 2276 μή
3019 2209 3354 2278 σωματικῶς
3377 2203 3540 2259 αὐτὸν
3571 2205 3662 2259 καὶ
3689 2205 3759 2259 τὰ

2100 2295 2152 2350 ἐν
2189 2294 2336 2366 αὐτῷ
2367 2300 2578 2367 τηρεῖν,
2616 2291 2765 2350 ἀλλὰ
2795 2293 2888 2347 καὶ
2910 2292 3086 2348 πάντα
3116 2293 3184 2349 τὰ
3213 2291 3267 2348 ἰν
3297 2298 3378 2367 τῷ
3407 2295 3622 2366 κόσμῳ.
3677 2294 3760 2350 Τὸ

2097 2384 2198 2461 γὰρ
2233 2383 2605 2456 minutim-qv,
2638 2384 2754 2438 οἷον
2786 2379 2938 2438 εἷάσα
2983 2383 3075 2437 καὶ
3134 2383 3514 2458 ἀπεστερήθην
3549 2381 3762 2454 αὐτῶν,

2101 2500 2127 2526 ‹‹
2164 2475 2256 2542 Μή
2291 2473 2436 2550 ἔχων
2467 2472 2604 2546 ἐμήν
2667 2469 3043 2542 δικαιοσύνην.
3101 2495 3129 2524 ››
3188 2472 3386 2545 Ἐμήν,
3444 2473 3602 2552 φησὶ,
3657 2474 3763 2542 τήν

2102 2568 2217 2620 οἷον
2249 2562 2299 2635 ἐξ
2332 2558 2507 2640 ἔργων
2541 2560 2688 2636 ἒμῶν
2721 2562 2812 2617 καὶ
2843 2563 3024 2618 πόνων
3050 2566 3161 2616 τῶν
3191 2562 3530 2635 Μτὰνόμον.
3565 2563 3629 2617 Ἣ
3652 2563 3757 2638 γὰρ

2097 2654 2348 2723 τοιαύτη,
2382 2653 2569 2730 φησίν,
2605 2649 2729 2707 οὐδὲ
2768 2648 2882 2707 ἔστι
2913 2651 3118 2727 κυρίως
3167 2648 3508 2721 δικαιοσύνη.
3541 2651 3629 2726 (Τί
3655 2652 3764 2726 γὰρ

2101 2744 2191 2798 καὶ
2223 2747 2442 2814 ποιήσει
2473 2744 2755 2817 ἄνθρωπος
2779 2745 2820 2815 ς)
2868 2739 2998 2796 ἀλλ’
3027 2743 3062 2810 ἡ
3121 2738 3212 2796 διὰ
3275 2739 3502 2816 χάριτος
3541 2741 3632 2795 καὶ
3662 2740 3761 2796 πί-

2103 2854 2268 2896 στεως
2301 2835 2557 2906 Χριστοῦ,
2589 2829 2700 2887 ἔστι
2726 2831 2930 2906 κυρίως
2962 2827 3299 2900 δικαιοσύνη.
3332 2829 3398 2886 Εἰ
3428 2829 3522 2885 οὗν
3551 2831 3578 2884 6
3608 2823 3758 2908 ἔχων

2100 2923 2152 2994 ἐξ
2191 2917 2366 2998 ἔργων
2399 2920 2771 2991 δικαιοσύνην,
2803 2916 3152 2994 προσέδραμε
3180 2923 3250 2992 τῇ
3301 2918 3362 2975 ἐκ
3402 2919 3635 2980 πίστεως
3657 2916 3754 2972 ’ίνα

2101 3017 2272 3084 σωθῇ,
2307 3014 2336 3068 6
2371 3009 2512 3086 μηδὲ
2539 3005 2684 3085 ἔχων
2717 3011 2804 3066 καὶ
2843 3009 2920 3082 μή
2953 3006 3335 3084 προστρέχων,
3378 3007 3434 3063 τί
3463 3006 3701 3063 πείσεται
3737 3025 3752 3075 ;

329 3108 495 3163 ribus
525 3115 582 3163 et
613 3109 1250 3182 laboribus.Siquidem
1277 3113 1415 3169 talis
1433 3129 1628 3184 neque
1657 3106 2148 3185 propriejustitia
2179 3108 2287 3164 est.
2319 3101 2516 3174 inquit
2571 3103 2733 3172 (nam
2793 3099 2936 3172 quid
2968 3105 3164 3173 potest
3195 3099 3375 3154 homo
3421 3099 3656 3155 efﬁcere
3682 3098 3756 3168 ?).

331 3197 434 3254 sed
460 3215 563 3269 per
608 3198 856 3270 gratiam
917 3207 973 3254 et
1032 3200 1213 3256 ﬁdem
1270 3203 1484 3257 Christi
1529 3209 1618 3258 est
1671 3201 1909 3274 proprie
1949 3196 2188 3272 justitia
2269 3193 2326 3246 Si
2386 3209 2524 3262 ergo
2573 3191 2674 3262 qui
2732 3190 2912 3245 habet
2967 3204 3036 3245 ex
3092 3189 3373 3260 operibus
3423 3188 3750 3260 justitiam,

331 3287 406 3343 ad
438 3303 506 3342 ea
531 3305 662 3358 quae
695 3305 762 3342 ex
788 3288 901 3343 fide
924 3295 1015 3344 est
1039 3291 1388 3346 accurrebat
1417 3299 1483 3347 ut
1523 3293 1720 3347 salvus
1748 3292 1937 3358 ﬁeret,
1971 3287 2072 3358 qui
2103 3299 2298 3354 neque
2330 3281 2588 3338 accurrit
2616 3279 2901 3351 quidnam
2930 3279 3188 3350 patietur
3213 3278 3241 3333 ‘2

405 3378 502 3432 97
562 3377 656 3440 ΙΙΙ,
695 3379 841 3433 9-14.
876 3381 1004 3444 Qum
1027 3388 1104 3434 est
1147 3397 1216 3434 ex
1243 3381 1593 3451 Deojustitia
1614 3383 1679 3436 ob
1708 3381 1870 3450 ﬁdem
1901 3395 1995 3434 co-
2029 3379 2072 3442 ί]

336 3468 616 3537 gnoscenti
647 3468 916 3536 ipsum,et
941 3469 1250 3538 potentiam
1282 3473 1702 3526 resurrectionis
1731 3471 1904 3538 illius,
1945 3477 1997 3524 et

341 3559 778 3614 communionem
836 3562 1210 3629 afﬂictionum
1263 3564 1482 3632 ipsius:
1514 3563 1645 3618 dum
1693 3564 1996 3631 conformis

335 3650 406 3716 ﬁo
435 3648 603 3702 morti
649 3649 768 3718 ejus
823 3651 871 3702 si
901 3665 1010 3718 quo
1054 3651 1216 3706 modo
1255 3654 1570 3722 pertingam
1619 3652 1694 3707 ad
1720 3667 1997 3708 resurrec-

342 3739 577 3792 ctionem
604 3743 964 3792 mortuorum.
994 3740 1110 3794 Non
1128 3741 1278 3810 quod
1311 3741 1434 3811 jam
1448 3743 1574 3812 jam
1619 3741 1997 3812 apprehende-

342 3831 453 3880 rz'm
485 3833 583 3881 aut
625 3827 748 3895 jam
793 3833 1042 3884 mortuus
1071 3829 1176 3884 sim
1207 3847 1220 3884 :
1283 3831 1378 3886 sed
1405 3837 1596 3896 sector,
1619 3832 1668 3886 si
1697 3830 1869 3886 etiam
1895 3847 2000 3902 ap-

335 3917 678 3988 prehendam
737 3921 798 3972 in
859 3918 943 3973 his
995 3921 1060 3973 ob
1110 3936 1232 3990 qua:
1279 3927 1330 3976 et
1385 3923 1755 3993 apprehensus
1809 3938 1928 3977 sum
1965 3939 2000 3976 a

346 4006 563 4061 Christo
592 4007 740 4064 Jesu.
773 4008 1017 4076 Fratres,
1053 4025 1152 4078 ego
1182 4013 1446 4080 meipsum
1485 4011 1730 4067 nondum
1759 4013 2002 4067 arbitror

345 4103 651 4151 assecutum
709 4112 836 4152 esse.
895 4098 1071 4154 Unum
1126 4105 1326 4168 autem,
1391 4118 1455 4157 ea
1505 4103 1726 4172 quidem
1795 4117 1916 4172 qua
1968 4118 2003 4156 a

343 4181 498 4252 tergo
557 4191 682 4238 sunt
713 4185 1056 4255 Oblivisceris,
1107 4188 1181 4243 ad
1237 4204 1300 4243 ea
1325 4205 1454 4258 quae
1483 4207 1517 4244 α
1544 4193 1729 4258 fronte
1757 4196 1882 4244 sunt
1912 4205 2004 4244 ea:-

349 4278 564 4337 teudor,
610 4277 784 4346 justo
839 4281 1134 4348 praeﬁxum
1186 4279 1407 4347 signum
1472 4281 1751 4349 insequor,
1783 4281 1856 4333 ad
1876 4280 2000 4349 pal-

349 4381 493 4419 mam
527 4382 776 4435 supemae
805 4369 1110 4422 rocatz’onis
1143 4370 1241 4422 Dei
1276 4385 1381 4439 per
1418 4369 1696 4426 Christum
1724 4373 1928 4426 Iesum.

422 4455 597 4519 «Quae
619 4462 710 4508 est
725 4473 793 4509 ex
809 4457 926 4510 Deo
943 4457 1200 4526 justitia,
1215 4460 1386 4512 »λέπη
1405 4476 1536 4530 qua)
1553 4465 1721 4516 estex
1739 4459 2002 4515 ﬁdeChri

351 4541 521 4605 sti,ex
541 4544 656 4598 Deo
671 4547 780 4606 est,
812 4559 928 4599 non
965 4562 1030 4600 ex
1053 4545 1238 4616 lege.“
1264 4547 1347 4603 Ob
1370 4547 1546 4603 ﬁdem
1580 4550 1883 4614 »Jnstitia,
1910 4550 2004 4604 in-

349 4631 636 4704 quit,qum
649 4639 816 4689 estex
827 4634 1040 4701 Deo,oh
1057 4635 1231 4690 fidem
1246 4643 1414 4693 estex
1430 4639 1787 4710 praecedenti
1805 4639 2007 4695 volun-

2182 3372 2298 3440 Τἡν
2333 3369 2393 3424 ἐκ
2421 3371 2557 3423 Θεοῦ
2587 3365 2940 3435 ὂικαιοσὸνην
2997 3363 3086 3420 ἐπὶ
3137 3367 3206 3439 τῇ
3263 3365 3440 3420 πίστει
3493 3367 3590 3420 τοῦ
3615 3367 3760 3439 γνῶ-

2106 3481 2193 3515 ναι
2297 3458 2494 3524 αὐτὸν,
2569 3455 2664 3512 καὶ
2737 3457 2837 3526 τήν
2933 3453 3160 3528 δύναμιν
3251 3461 3352 3522 τῆς
3425 3451 3769 3514 ἀναστάσεως

2105 3551 2296 3617 αὐτοῦ,
2357 3546 2448 3604 καί
2504 3549 2605 3618 τήν
2661 3546 2950 3602 κοινωνίαν
3010 3551 3118 3600 τῶν
3177 3544 3518 3618 παθημάτων
3573 3541 3768 3616 αὐτοῦ,

2107 3639 2608 3718 σ·)μμορφοῦμενος
2673 3641 2756 3710 τῷ
2829 3636 3044 3708 θανάτῳ
3099 3635 3292 3704 αὐτοῦ,
3352 3633 3406 3690 εἶ’
3452 3654 3570 3697 πως
3635 3653 3764 3688 κατ-

2105 3732 2324 3801 αντήσω
2385 3727 2462 3791 εἷς
2539 3728 2640 3794 τῆν
2728 3725 3068 3796 ἐξανάστασιν
3123 3729 3236 3780 τῶν
3309 3727 3513 3798 νεκρῶν
3549 3743 3564 3760 ο
3637 3723 3771 3797 Οὐχ

2107 3817 2321 3889 δτι-ἢδη
2370 3811 2568 3873 ἔλαϐον
2599 3817 2634 3886 ἢ
2688 3812 2797 3886 ἤδη
2837 3813 3157 3887 τελείωμαι.
3217 3815 3412 3868 Διώκω
3470 3809 3528 3868 δὲ
3581 3810 3628 3866 εί
3674 3811 3768 3866 καὶ

2107 3902 2430 3976 καταλάϐω,
2469 3905 2626 3985 ἐφἰἷι
2681 3905 2772 3960 καὶ
2831 3901 3184 3980 κατελῆφοην
3237 3903 3340 3958 ὑπὸ
3373 3905 3470 3957 τοῦ
3529 3902 3768 3976 Χριστοῦ

2108 3999 2312 4070 Ἰησοῦ.
2351 3995 2637 4069 Ἀδελφοὶ,
2669 3994 2774 4070 ἐγὼ
2805 3993 3040 4068 ἐμαυτὸν
3061 3990 3215 4048 οὔπω
3249 3989 3551 4066 λογίζομαι
3578 4009 3764 4045 κατει-

2110 4089 2366 4166 ληοξέναι.
2397 4089 2494 4142 Ἓν
2530 4083 2609 4154 δὲ,
2640 4085 2708 4139 τὰ
2741 4085 2836 4158 μὲν
2879 4083 3058 4140 ὀπίσω
3087 4079 3604 4154 ἐπιλανθανόμενος,
3644 4083 3770 4142 τοῖς

2112 4176 2170 4234 δὲ
2199 4177 2502 4252 ἔμπροσθεν
2535 4173 3002 4246 ἐπεκτεινόμενος,
3033 4172 3170 4228 κατὰ
3200 4172 3405 4227 σκοπὸν
3435 4166 3621 4226 διώκω
3675 4166 3769 4224 ἐπὶ

2109 4268 2172 4322 τὸ
2209 4261 2462 4342 βραϐεῖον
2490 4269 2589 4334 τῆς
2621 4260 2733 4318 ἂνω
2780 4262 3034 4334 κλήσεως
3093 4266 3192 4318 τοῦ
3250 4263 3386 4317 Θεοῦ
3447 4258 3498 4314 ἐν
3549 4259 3772 4333 Χριστῷ

2113 4358 2316 4428 Ἰησοῦ.

2188 4490 2216 4516 ‹‹
2249 4466 2366 4534 Τὴν
2399 4463 2457 4520 ἐκ
2513 4467 2649 4520 Θεοῦ
2681 4460 3056 4530 δικαιοσύνην.
3097 4485 3118 4511 ιι
3152 4463 3213 4518 Ἦ
3257 4459 3360 4535 γὰρ
3399 4455 3492 4512 διὰ
3533 4458 3774 4518 πίστεως

2115 4557 2375 4629 Χριστοῦ,
2409 4553 2469 4608 ἐκ
2515 4556 2649 4608 Θεοῦ
2708 4552 2870 4620 ἐστιν,
2922 4549 3022 4606 οὐκ
3079 4547 3140 4606 ἒκ
3195 4549 3392 4622 νόμου.
3447 4571 3476 4599 ‹‹
3526 4546 3649 4603 Ἐπί

2116 4643 2368 4701 πίστει.»
2427 4645 2588 4704 ἽΙτις
2647 4640 2707 4696 ἐκ
2764 4643 2919 4706 Θεοῦ,
2952 4639 3107 4710 φησὶ,
3159 4635 3504 4706 δικαιοσύνη,
3554 4637 3624 4708 τῇ
3683 4632 3774 4688 ἐπὶ

349 4727 468 4778 tate
483 4723 879 4796 cognoscendi
895 4725 1086 4796 ipsum
1103 4771 1112 4788 ,
1133 4749 1160 4777 «
1183 4729 1322 4783 Nam
1339 4731 1438 4799 qui
1451 4729 1664 4790 Filium
1681 4729 1995 4803 cognoscit,

2110 4736 2286 4792 πίστει
2347 4731 2458 4789 ἐστῖ
2512 4731 2602 4787 καὶ
2660 4729 2972 4806 ἔρήρεισται
3031 4731 3130 4784 τοῦ
3183 4730 3384 4801 γνῶναι
3433 4724 3618 4780 αὐτόν.
3651 4745 3682 4774 ‹‹
3713 4723 3774 4776 '0

353 4811 530 4866 etiam
548 4813 786 4868 Patrem
809 4816 1194 4886 cognoscit,et
1219 4833 1250 4871 e
1269 4816 1618 4872 diverso".»
1641 4851 1710 4859 -—
1733 4841 1762 4870 «
1789 4822 1869 4874 Ac
1900 4836 2003 4891 po.

352 4901 599 4956 tentiam
615 4903 1070 4959 resurrectionis
1091 4904 1312 4960 illius.»
1335 4907 1453 4961 Nisi
1471 4909 1628 4962 enim
1653 4907 1800 4964 fides
1821 4908 2006 4964 mani-

352 4989 656 5045 festaverit
687 4992 1014 5062 potentiam
1046 4996 1524 5060 resurrectionis,
1555 4998 1687 5068 quis
1719 5014 1915 5054 sermo
1946 4996 2007 5052 id

352 5079 708 5150 praestabit?
731 5104 758 5129 ‹‹
785 5081 855 5135 Et
883 5083 1368 5140 communionem
1399 5085 1740 5142 afﬂictionis
1761 5086 2008 5157 ipsius.»

354 5167 661 5238 Siquidem
679 5171 836 5240 quod
869 5179 1140 5243 oporteat
1171 5175 1347 5230 etiam
1381 5178 1824 5233 communicare
1853 5177 2010 5232 afﬂi-

352 5257 652 5312 ctionibus
683 5259 896 5315 Christi
929 5280 1034 5333 per
1067 5263 1241 5318 fidem
1269 5269 1324 5318 et
1355 5267 1740 5338 cognovimus
1771 5273 1831 5321 et
1861 5284 2009 5338 prm-

353 5353 600 5403 stamus.
627 5349 732 5413 Qui
761 5350 917 5404 enim
943 5370 1057 5407 non
1085 5353 1273 5408 credit
1307 5355 1465 5426 quod
1499 5357 1547 5410 is
1578 5357 1679 5428 qui
1727 5357 2010 5427 compati-

349 5441 448 5491 tur
481 5438 660 5492 etiam
684 5455 804 5494 una
834 5441 1104 5512 regnabit
1159 5460 1464 5516 nunquam
1487 5446 1743 5518 compali
1777 5448 2011 5518 poterit.

349 5547 377 5576 «
410 5527 563 5582 Dum
597 5528 924 5585 conformis
959 5532 1052 5593 lio,
1077 5555 1104 5582 ιι
1139 5533 1251 5588 hoc
1283 5539 1372 5590 est
1401 5536 2017 5602 assimilor.Quemad-

349 5619 595 5676 modum
629 5621 793 5678 enim
823 5623 948 5696 ipse
999 5641 1104 5697 pro
1137 5626 1398 5698 peccatis
1429 5627 1762 5700 hominum,
1795 5627 2014 5702 inquit,

421 5794 464 5832 ²¹
491 5798 657 5854 Joan.
694 5815 806 5867 xw,
840 5802 893 5858 9.

2117 4827 2220 4902 γὰρ
2252 4824 2342 4881 τὸν
2375 4822 2498 4878 Υἳὸν
2546 4821 2854 4896 γινώσκων,
2913 4819 3169 4894 γινώσκει
3225 4817 3319 4872 τὸν
3378 4813 3614 4889 Πατέρα,
3678 4811 3774 4866 καὶ

2116 4911 2376 4988 ἔμπαλιν.
2415 4939 2434 4966 ι
2483 4944 2550 4954 -—
2587 4932 2613 4964 σι
2671 4910 2771 4967 Καὶ
2832 4910 2934 4977 τήν
2991 4905 3217 4980 8-3ναμιν
3271 4911 3373 4976 τῆς
3427 4902 3772 4962 ἀναστάσεως

2117 5003 2300 5062 αὐτοῦ.
2333 5027 2361 5056 ››
2393 5001 2456 5060 Εί
2487 5001 2594 5080 γὰρ
2627 5001 2702 5073 μή
2735 5000 2917 5060 πίστις
2944 5001 3080 5070 ἡμῖν
3146 4992 3390 5068 δηλώσει
3419 4995 3521 5064 τὴν
3545 4989 3770 5065 δύναμιν

2115 5100 2216 5163 τῆς
2272 5091 2634 5161 ἀναστάσεως,
2692 5094 2852 5153 ποῖος
2901 5088 3239 5162 παραστήσει
3297 5083 3518 5161 λόγοςς
3579 5106 3608 5134 ‹‹
3669 5081 3775 5138 Καὶ

2116 5183 2216 5249 τήν
2240 5180 2524 5236 κοινωνίαν
2550 5183 2660 5236 τῶν
2700 5177 3040 5249 παθημάτων
3069 5175 3256 5230 αὐτοῦ.
3298 5200 3324 5224 ι,
3376 5171 3476 5228 Καὶ
3533 5171 3634 5244 γὰρ
3683 5169 3777 5224 καὶ

2117 5269 2180 5324 τὸ
2221 5265 2330 5324 δεῖν
2361 5271 2641 5323 κοινωνεῖν
2673 5271 2780 5321 τῶν
2811 5265 3153 5338 παθημάτων
3201 5265 3301 5317 τοῦ
3359 5261 3628 5334 Χριστοῦ,
3688 5254 3783 5310 διὰ

2120 5360 2354 5421 πίστεως
2407 5355 2650 5433 ἔγνωμεν
2710 5377 2766 5410 τε
2823 5353 2914 5410 καὶ
2973 5351 3357 5423 ἐπιτελοῦμεν.
3415 5351 3480 5406 Ὁ
3535 5349 3636 5424 γάρ
3699 5347 3779 5419 μὴ

2123 5449 2389 5504 πιστεύων
2431 5447 2516 5504 ὅτι
2578 5448 2926 5520 συμπάσχων
2981 5445 3069 5499 καὶ
3143 5437 3590 5514 συμϐασιλεῦσει,
3650 5434 3784 5492 οὐδὲ

2123 5559 2255 5595 ποτε
2275 5539 2573 5612 συμπάθοι.
2609 5563 2638 5590 ‹‹
2669 5534 3202 5615 Συμμορφοῦμενος,
3257 5557 3284 5584 ›ι
3343 5531 3638 5588 Τουτὲστιν
3697 5526 3786 5597 ἐξ-

2125 5627 2510 5707 ομοιούμενος.
2541 5651 2570 5681 »ι
2600 5630 2806 5704 Ὥσπερ
2849 5627 2951 5704 γάρ
3013 5622 3194 5694 αὐτὸς,
3255 5620 3446 5698 φησὶν,
3497 5619 3631 5696 ὁπὶρ
3687 5615 3786 5673 ἀν·-
