4108 6418
262 468 414 528 13οἸ

1380 455 1800 520 CECUMENll
1845 455 2151 519 ΤιιιοοΑι
2194 457 2554 520 EPISCOPI

3528 458 3685 520 1308

260 607 459 656 autem
492 597 650 670 quod
698 613 792 652 me
823 599 1161 650 assecutum
1192 610 1321 649 esse
1372 594 1646 649 existimo
1669 593 1697 647 ?
1752 592 1911 664 quod

2046 612 2139 654 νος.
2176 595 2415 651 »Τοῦτο
2444 592 2549 671 γὰρ
2607 592 2769 648 αὐτὸν
2824 593 2997 649 ἐποίει
3052 598 3169 654 τοῖς
3225 591 3534 668 ἔμπροσθεν
3592 593 3687 650 ἐπ-

262 707 331 747 ea
362 708 492 760 quae
536 705 571 743 a
630 693 789 760 tergo
848 691 985 740 sunt
1031 684 1412 749 obliviscens,
1474 683 1550 739 ad
1607 700 1678 739 ea
1722 700 1854 754 quae
1884 699 1921 738 a

260 779 457 834 fronte
516 783 655 832 sunt
711 774 1018 839 extendor,
1088 772 1257 845 juxta
1315 773 1620 844 prmfixum
1684 773 1918 836 signum

2030 683 2379 754 εκτείνεσθαι,
2431 683 2489 738 τὸ
2546 686 2656 739 τῶν
2718 680 2938 738 ὄπισθεν
2996 682 3437 748 ἐπιλανθάνεσθαι
3491 704 3689 760 κατορ-

2034 784 2112 837 οτι)
2120 775 2192 846 μά
2201 796 2304 829 των
2320 831 2323 834 _

262 867 568 937 insequor,
602 871 712 920 etc.
774 864 1095 935 Oportebat
1152 863 1312 917 enim
1364 862 1559 932 ipsum
1615 863 2143 933 comprehendisse
2183 866 2342 938 quod
2392 868 2568 940 juxta
2623 866 2937 939 praeﬁxum
2970 867 3203 940 signum
3238 867 3675 938 insequeretur.

262 973 336 1011 ne
369 972 553 1012 vanus
581 960 738 1010 esset
768 954 820 1009 ei
851 969 1080 1008 cursus.
1115 952 1250 1006 Ideo
1278 968 1515 1022 quoque
1546 951 1688 1006 alibi
1719 952 1839 1007 ait:
1868 953 1970 1009 99
1999 978 2026 1006 ι(
2057 955 2152 1011 Sic
2190 974 2386 1025 curro,
2438 963 2505 1013 ut
2533 974 2654 1013 non
2686 957 2747 1011 in
2779 957 3072 1012 incertum
3098 974 3111 1012 :
3147 957 3233 1013 sic
3260 957 3522 1030 pugilem
3554 973 3684 1030 ago,

265 1063 385 1102 non
417 1045 575 1100 velut
605 1059 802 1099 aerem
834 1043 1057 1097 feriens
1087 1043 1151 1095 ".
1186 1063 1214 1091 »
1242 1043 1617 1112 Rursumque
1645 1057 1658 1096 :
1700 1062 1722 1090 ι
1756 1042 1851 1099 Sic
1878 1044 2121 1111 currite,
2171 1051 2239 1101 ut
2290 1046 2812 1119 comprehendatis
2851 1045 2920 1103 ³⁵.
2956 1068 2984 1096 ι»
3015 1077 3085 1088 -
3111 1069 3138 1096 ‹‹
3170 1047 3252 1101 Ea
3281 1046 3524 1117 quidem
3556 1062 3688 1117 qua)

266 1152 299 1191 a
329 1141 490 1195 tergo
521 1139 663 1189 sunt
687 1132 1063 1188 obliviscens.
1100 1153 1127 1182 ιι
1163 1133 1305 1187 Nam
1340 1130 1399 1185 id
1431 1146 1567 1186 eum
1599 1129 1855 1186 faciebat
1882 1132 1955 1188 ad
1986 1149 2057 1189 ea
2086 1151 2217 1205 qua)
2248 1152 2283 1192 a
2313 1136 2506 1192 fronte
2539 1142 2709 1193 erant
2738 1136 2907 1204 eniti,
2943 1137 2991 1191 si
3024 1134 3493 1192 obliviscebatur
3525 1151 3692 1209 egre-

265 1227 498 1298 giorum
530 1222 860 1278 facinorum
893 1238 1024 1292 quas
1055 1238 1090 1276 a
1120 1225 1281 1293 tergo
1311 1226 1500 1276 erant.

339 1314 437 1369 Ait
482 1318 717 1370 autem:
764 1311 854 1366 Ad
886 1328 955 1367 ea
994 1327 1125 1381 quae
1156 1328 1192 1365 a
1234 1311 1427 1365 fronte
1468 1314 1610 1365 sunt
1638 1310 1813 1366 veluti
1847 1311 1922 1367 ad

264 1404 589 1475 repositum
620 1402 912 1457 bravium.
942 1401 1187 1471 Semper
1207 1401 1367 1454 enim
1398 1405 1534 1454 ante
1561 1415 1679 1469 me,
1704 1401 1918 1472 inquit,

264 1493 412 1548 illud
446 1493 798 1549 existimans
857 1498 917 1547 et
946 1490 1119 1562 longe
1148 1508 1184 1547 a
1233 1508 1329 1546 me
1359 1492 1587 1555 abesse,
1640 1507 1816 1547 curro
1846 1491 1922 1548 ad

264 1582 482 1654 ipsum.
518 1605 546 1632 ‹‹
581 1582 667 1636 Ad
698 1598 768 1637 ea
799 1598 930 1652 quae
961 1596 995 1635 a
1017 1582 1207 1636 fronte
1230 1587 1368 1636 sunt
1388 1580 1692 1636 extendor.
1720 1603 1748 1630 »
1771 1581 1919 1637 Con-

264 1672 499 1727 tinuum
531 1688 771 1728 cursum
822 1670 1120 1744 signiﬁcat
1165 1670 1345 1725 dictio
1395 1671 1712 1739 Extendor,
1762 1687 1830 1725 ac
1871 1670 1919 1726 si

266 1763 544 1818 dixisset:
580 1762 787 1818 Adhuc
817 1762 879 1816 in
913 1778 1090 1817 cursu
1140 1779 1297 1829 sum,
1332 1767 1616 1832 tanquam
1662 1761 1921 1817 distante

266 1852 440 1925 longe
462 1851 684 1907 bravio.
706 1852 814 1906 Ille
836 1850 1133 1921 siquidem
1156 1850 1516 1917 extenditur,
1540 1851 1641 1922 qui
1664 1850 1918 1923 pedibus

2046 1846 2314 1926 3pa65iou.
2393 1854 2626 1915 Ἐκεῖνος
2695 1854 2799 1929 γὰρ
2874 1850 3252 1917 ἐπεκτείνεται,

268 1942 595 1998 etiamnum
646 1940 1044 2008 currentibus,
1070 1940 1197 2012 jam
1245 1955 1493 2011 corpore
1526 1939 1824 2011 prominet
1851 1939 1926 1995 ad

269 2048 536 2103 scopum,
569 2036 628 2085 et
656 2046 840 2102 penes
870 2030 1057 2085 ferme
1089 2030 1407 2085 antevertit
1428 2030 1816 2085 inclinatione
1839 2046 1929 2085 re-

274 2121 423 2192 liqui
450 2121 737 2192 corporis.
771 2121 891 2175 Hoc
921 2126 1119 2176 autem
1161 2137 1232 2176 ex
1259 2136 1473 2193 magna
1503 2120 1689 2176 animi
1720 2136 1925 2192 prom-

272 2211 570 2283 ptitudiue
619 2216 679 2266 et
733 2209 960 2266 fervore
992 2211 1283 2281 provenit.
1331 2233 1356 2260 «
1396 2211 1568 2265 Juxta
1615 2209 1926 2281 praefixum

273 2302 508 2375 signum
532 2301 835 2372 insequor.
867 2322 894 2351 »
921 2300 1085 2367 Quod
1130 2307 1220 2356 est
1249 2307 1445 2357 autem
1480 2300 1668 2372 ipsius
1717 2316 1928 2357 cursus

270 2390 581 2461 praeﬁxum
606 2389 841 2462 signum
866 2389 893 2444 ‘1
923 2391 1189 2462 Regnum
1221 2389 1529 2459 caelorum,
1561 2388 1720 2461 quod
1748 2390 1929 2445 etiam

271 2479 538 2535 bravium
571 2495 675 2534 seu
707 2478 970 2550 palmam
1004 2484 1188 2533 vocat.
1222 2479 1497 2550 Seipsum
1553 2478 1709 2535 enim
1741 2480 1928 2535 inter—

272 2571 534 2637 pretans,
569 2564 735 2630 Quod
765 2570 875 2633 est,
907 2564 1010 2631 ait,
1034 2565 1342 2635 praefixum
1379 2566 1614 2638 signum
1639 2565 1763 2621 sive
1795 2581 1929 2620 sco-

272 2654 433 2727 pus?
480 2654 634 2725 Ipsa,
694 2655 911 2725 inquit,
975 2655 1175 2726 palma
1244 2672 1517 2726 supernas
1582 2655 1928 2722 vocationis.

280 2766 307 2795 ι(
341 2746 452 2798 Per
480 2744 776 2799 Christum
809 2746 1031 2799 Iesum.
1066 2766 1094 2793 »
1119 2746 1330 2800 Omnia
1359 2745 1592 2800 Christo
1638 2745 1928 2801 attribuit.

279 2832 581 2904 Siquidem
640 2850 746 2905 per
799 2833 1118 2899 Christum,
1176 2834 1279 2902 ait,
1337 2850 1532 2890 curro.
1600 2837 1746 2891 Nam
1803 2835 1933 2892 sine

278 2923 510 2979 Christo
542 2923 847 2995 ipsiusque
878 2923 1100 2979 auxilio
1128 2941 1247 2979 non
1280 2923 1524 2980 daretur
1546 2925 1706 2981 hunc
1744 2923 1930 2997 perﬁ-

276 3029 409 3068 cere
450 3028 713 3083 cursum,
748 3013 929 3069 etiam
960 3013 1007 3068 si
1038 3012 1347 3070 vellemus.

347 3103 445 3168 lll,
480 3105 685 3169 15,16.
738 3105 1015 3174 Quotquot
1059 3106 1248 3175 itaque
1292 3107 1528 3175 perfecti
1566 3120 1770 3175 sumus,
1830 3105 1932 3162 hoc

2103 1314 2446 1389 Ἐμπροσθεν
2492 1312 2571 1384 δέ,
2631 1334 2820 1393 φησιν,
2881 1314 2956 1376 ὡς
3014 1314 3152 1388 πρὸς
3208 1313 3271 1368 τὸ
3329 1312 3690 1386 ἀποκείμενον

2034 1397 2289 1478 βραϐεῖον
2382 1403 2491 1461 Ἀεὶ
2549 1406 2649 1477 γὰρ
2710 1396 3015 1473 ἕμπνοσθὲν
3077 1422 3183 1475 μου
3256 1403 3501 1476 νομίζων
3559 1401 3692 1457 αὐτὸ

2028 1491 2117 1545 καὶ
2151 1490 2297 1546 πολὺ
2332 1513 2438 1565 μου
2497 1490 2731 1571 ἀπέχον,
2792 1494 2980 1571 τρέχω
3036 1489 3121 1547 ἐπ’
3170 1488 3323 1546 αὐτό·
3384 1515 3413 1543 (ι
3445 1492 3578 1552 Τοῖς
3634 1488 3693 1546 δὲ

2029 1578 2335 1656 ἔμπροσθεν
2393 1580 2858 1655 ἐπεκτεινόμενος.
2927 1606 2948 1633 ι
3020 1582 3131 1639 Τὸν
3187 1580 3461 1654 σύντομον
3523 1578 3695 1651 δηλοῖ

2030 1668 2234 1745 δρόμον
2259 1674 2340 1737 τὸ,
2373 1669 2839 1745 ἐπεκτεινόμενος,
2892 1670 3021 1726 ὡσεὶ
3084 1670 3253 1724 εἶπεν·
3303 1671 3425 1726 Ἔτι
3481 1663 3689 1745 ἔχομαι

2029 1766 2126 1817 τοῦ
2156 1759 2389 1834 δρόμου,
2417 1762 2491 1824 ὡς
2522 1757 2825 1837 ἔμπροσθεν
2875 1761 2967 1817 καὶ
3023 1758 3169 1816 πολὺ
3227 1761 3531 1835 ἀπέχοντος
3587 1762 3687 1814 τοῦ

3349 1849 3519 1921 ὅστις,
3596 1850 3685 1905 καὶ

2031 1946 2140 1997 τῶν
2168 1940 2352 1998 ποδῶν
2401 1944 2739 2019 τρεχόκτων,
2792 1943 2856 1998 τὸ
2915 1939 3112 1997 λοιπὸν
3169 1939 3470 1996 ἐπινένευκε
3530 1945 3691 2013 σῶμα

2032 2032 2170 2106 πρὸς
2201 2034 2291 2088 τὸν
2336 2034 2559 2097 σκοπὸν,
2619 2033 2709 2087 καὶ
2772 2034 2971 2105 μικροῦ
3027 2029 3158 2093 τοὺς
3214 2027 3384 2092 πόδας
3435 2027 3696 2106 προλαμ-

2032 2117 2211 2177 ϐάνων
2245 2122 2297 2177 ἐν
2320 2126 2389 2195 τῇ
2431 2119 2702 2178 ἐπικλίσει
2753 2125 2853 2177 τοῦ
2910 2119 3115 2176 λοιποῦ
3173 2120 3449 2193 σώματος.
3511 2120 3693 2176 Τοῦτο

2034 2210 2091 2268 δὶ
2128 2212 2236 2267 ἀπὸ
2266 2211 2487 2281 πολλῆς
2544 2212 2743 2288 γίνεται
2802 2210 3113 2285 προθυμίας
3169 2208 3260 2266 καὶ
3318 2208 3690 2285 θερμότητος.

2034 2327 2063 2355 ‹‹
2097 2303 2248 2360 Κατὰ
2279 2304 2480 2358 σκοπὸν
2541 2300 2748 2359 διώκω.
2786 2326 2814 2354 ››
2852 2300 2948 2363 ἰ’ίς
3001 2297 3060 2355 δὶ
3114 2303 3212 2356 τοῦ
3262 2296 3473 2375 δρόμου
3527 2297 3694 2354 αὐτοῦ

2035 2394 2238 2455 σκόπός
2268 2411 2281 2461 ;
2312 2393 2378 2449 Ἥ
2414 2390 2669 2467 βασιλεία
2712 2394 2820 2446 τῶν
2867 2391 3134 2466 οὐρανῶν,
3183 2388 3249 2459 ἢν
3297 2389 3388 2445 καὶ
3442 2382 3698 2463 βραϐεῖον

2033 2479 2211 2537 καλεῖ.
2272 2480 2691 2558 Ἐφερμηνεύων
2752 2479 2855 2556 γὰρ
2914 2479 3101 2535 ἑαυτὸν
3169 2499 3326 2557 φησι.
3387 2476 3486 2540 Τίς
3546 2474 3605 2533 δὶ
3660 2477 3691 2532 δ

2035 2571 2279 2640 σκοπόςς
2312 2569 2386 2626 Τὸ
2429 2564 2707 2645 βραϐεῖον,
2742 2569 2899 2647 φησὶ,
2930 2574 3031 2637 τῆς
3062 2566 3176 2622 ἅνω
3224 2564 3498 2637 κλήσεως.
3543 2589 3571 2618 (ι
3602 2566 3697 2622 Ἐν

2036 2662 2257 2735 Χριστῷ
2313 2660 2582 2729 Ἰησοῦ.»
2640 2657 2785 2716 Ὅλα
2836 2662 2917 2730 τῷ
2972 2661 3201 2731 Χριστῷ
3258 2655 3588 2725 ἀνατίθησιν*
3638 2654 3695 2709 ἐν

2038 2753 2259 2821 Χριστῷ
2285 2749 2412 2823 γὰρ,
2459 2747 2615 2827 φησί,
2673 2749 2879 2825 τρέχω.
2946 2750 3108 2805 ’Ἄνευ
3168 2747 3273 2822 γὰρ
3329 2746 3565 2819 Χριστοῦ
3603 2744 3698 2800 καὶ

2035 2844 2135 2906 τῆς
2167 2836 2373 2893 ἐκείνου
2404 2837 2581 2911 ῥοπῆς
2625 2836 2730 2892 οὐκ
2781 2829 2858 2891 ἔνι
2912 2839 3105 2891 τοῦτον
3163 2834 3353 2890 ἁνύσαι
3408 2834 3499 2889 τὸν
3569 2829 3698 2906 δρό-

2041 2926 2166 3001 μόν,
2198 2923 2294 2982 κᾶν
2331 2926 2591 3002 βουκηθῶ
2599 2945 2715 2999 μεν.

2107 3108 2266 3163 Ὃσοι
2326 3105 2418 3160 οὗν
2472 3103 2685 3160 τέλειον
2760 3107 2922 3160 τοῦτο
3010 3106 3339 3180 φρονοῦμεν,
3398 3102 3485 3158 καὶ
3542 3100 3589 3158 ε’ί
3640 3122 3697 3157 τι

274 3192 571 3247 sentiamus
596 3209 609 3247 :
641 3199 693 3247 et
723 3195 771 3247 si
800 3193 939 3263 quid
966 3193 1132 3248 aliter
1169 3196 1405 3263 sensitis,
1439 3195 1539 3250 hoc
1586 3210 1804 3265 quoque
1831 3212 1929 3250 υοο

2046 3192 2236 3271 ἐτὶίρως
2300 3197 2567 3271 φρονεῖτε,
2626 3192 2719 3248 καὶ
2771 3189 2934 3248 τοῦτο
3000 3192 3030 3247 ὁ
3096 3190 3226 3254 Θεὸς
3300 3191 3429 3265 ὑμῖν
3496 3190 3700 3246 ἆποκα..

277 3280 357 3336 bis
388 3281 523 3336 Deus
553 3282 833 3337 reuelabit.
880 3284 1144 3337 Attamen
1182 3282 1257 3337 ad
1285 3282 1346 3337 id
1389 3283 1540 3354 quod
1566 3285 1801 3339 assecuti
1822 3299 1925 3338 su-

277 3386 394 3426 mus
423 3372 613 3426 eadem
632 3372 996 3441 persistamus
1019 3372 1234 3440 regula,
1262 3373 1407 3427 idem
1434 3375 1751 3428 sentiamus.

352 3483 379 3510 ‹‹
416 3460 533 3515 Hoc
557 3460 906 3516 sentiamus.
942 3482 970 3510 »
993 3460 1288 3525 Quidnam
1310 3460 1339 3515 ?
1368 3461 1534 3527 Quod
1563 3466 1835 3533 oporteat
1866 3477 1935 3518 ea

282 3549 524 3620 quidem
556 3566 688 3620 quae
720 3565 752 3604 a
785 3555 945 3619 tergo
969 3556 1104 3605 sunt
1128 3550 1417 3617 oblivisci,
1453 3550 1527 3606 ad
1554 3567 1625 3606 ea
1642 3567 1778 3606 vero
1801 3567 1934 3621 qua;

280 3656 313 3695 a
343 3638 537 3693 fronte
569 3644 709 3694 sunt
745 3639 1002 3694 extendi.
1054 3638 1200 3695 Nam
1235 3641 1346 3695 hoc
1393 3640 1685 3711 perfectos
1718 3640 1932 3704 reddit,

278 3729 537 3802 cogitare
568 3730 723 3799 quod
757 3728 1007 3784 absinta
1036 3729 1254 3799 palma.
1295 3751 1317 3781 ι
1351 3731 1422 3784 Ει
1450 3730 1498 3783 si
1521 3729 1665 3801 quid
1688 3729 1881 3785 aliter.
1903 3751 1933 3781 »

278 3817 334 3872 Si
368 3816 511 3888 quid
543 3817 659 3872 alio
710 3817 886 3873 modo
935 3818 1193 3873 assecuti
1245 3818 1412 3886 estis,
1463 3824 1744 3889 putantes
1774 3817 1935 3889 quod

276 3924 395 3962 non
428 3906 636 3962 absitis
665 3923 700 3961 a
737 3906 955 3978 palma,
992 3906 1096 3962 sed
1119 3907 1286 3963 illam
1311 3909 1567 3964 assecuti
1599 3908 1750 3977 sitis,
1782 3910 1936 3963 Deus

278 3996 442 4052 vobis
473 3995 760 4051 revelabit
788 3995 947 4067 quod
980 4013 1101 4051 non
1134 4003 1291 4053 recte
1343 3997 1452 4053 hoc
1502 3998 1793 4054 sentiatis.
1826 3998 1935 4064 Qui

282 4085 439 4140 enim
490 4086 573 4140 ita
603 4085 805 4153 sentit,
856 4085 1115 4140 efﬁcitur
1152 4087 1407 4159 segnior.
1441 4087 1537 4141 Ait
1565 4094 1785 4152 autem,
1820 4088 1939 4142 Hoc

283 4192 538 4248 quoque,
573 4175 1077 4246 quemadmodum
1126 4182 1185 4231 et
1208 4177 1327 4232 alia
1368 4177 1589 4233 omnia.
1632 4176 1938 4249 Siquidem

283 4264 584 4336 propriam
616 4263 950 4319 doctrinam
970 4265 1086 4319 Deo
1113 4264 1403 4319 ottribuit.
1426 4287 1453 4314 «
1479 4267 1755 4319 Attamen
1777 4263 1847 4318 ad
1881 4263 1941 4319 id

286 4353 443 4425 quod
474 4354 728 4409 assecuti
762 4369 986 4409 sumus.
1022 4375 1051 4403 »
1082 4354 1329 4408 Interim
1361 4358 1561 4408 autem
1593 4352 1736 4407 dum
1768 4351 1940 4421 illud,

287 4442 504 4512 inquit,
536 4442 691 4497 Deus
720 4442 962 4507 revelat,
987 4441 1049 4495 in
1080 4457 1363 4497 mensura
1383 4447 1610 4497 stemus
1640 4457 1708 4497 ac
1739 4441 1945 4514 regula

291 4531 363 4587 ad
398 4548 575 4603 quam
620 4532 1011 4603 pertigimus:
1063 4532 1219 4587 100
1266 4532 1379 4587 hoc
1425 4538 1536 4601 est,
1576 4549 1652 4587 ne
1696 4535 1944 4604 pereant

291 4595 432 4690 qua;
472 4595 639 4692 prius
696 4595 936 4691 peracta
986 4625 1144 4676 sunt.
1191 4624 1448 4697 Στοιχεῖν
1497 4595 1715 4676 είιιὶιεῐῐι⁸
1753 4618 1937 4691 (quod
1968 4595 2015 4657 D

288 4710 611 4766 Persistere
642 4710 946 4781 vertimus)
979 4716 1069 4765 est
1088 4717 1431 4767 contentum
1454 4727 1606 4776 esse,
1630 4710 1938 4782 obtempe-

287 4815 443 4868 rare,
473 4806 649 4855 stare.
683 4802 800 4855 Aut
824 4816 1118 4856 canonem
1142 4816 1248 4855 seu
1279 4800 1546 4874 regulam
1572 4800 1717 4856 dicit
1741 4799 1941 4855 fidem.

288 4889 801 4954 Quemadmodum
820 4889 980 4945 enim
996 4890 1056 4944 in
1080 4889 1286 4962 regula
1298 4890 1416 4944 sive
1429 4889 1749 4945 abstuleris
1766 4888 1940 4961 quid-

289 4978 448 5050 piam
475 4978 596 5033 sive
617 4978 940 5045 addideris,
965 4984 1153 5034 totum
1180 4979 1513 5051 perdidisti,
1538 4980 1621 5036 ita
1641 4980 1778 5035 etin
1801 4978 1941 5034 fide.

291 5096 361 5107 ——
389 5068 657 5133 Interim,
690 5068 906 5139 inquit,
947 5068 1137 5125 donec
1161 5069 1325 5125 vobis
1374 5069 1680 5125 veritatem
1711 5067 1943 5124 revela-

291 5157 460 5223 verit,
483 5156 642 5226 quod
671 5158 926 5213 assecuti
953 5174 1161 5213 sumus
1181 5175 1255 5213 ne
1279 5157 1616 5229 perdamus.
1641 5154 1944 5223 Quomodo

292 5251 489 5300 autem
519 5245 829 5316 perditur?
851 5246 906 5302 Si
928 5246 1294 5319 negligentes
1325 5247 1541 5307 effecti.
1565 5263 1599 5301 a
1620 5243 1801 5317 priori
1821 5250 1949 5301 stu-

295 5335 393 5389 dio
415 5340 474 5389 et
491 5349 672 5389 cursu
702 5334 1097 5403 discedamus,
1121 5335 1226 5391 sed
1247 5342 1479 5407 oportet
1509 5334 1717 5391 eadem
1745 5335 1949 5406 regula

293 5424 593 5489 incedere,
626 5423 737 5478 hoc
770 5428 877 5489 est,
901 5423 1060 5478 idem
1090 5431 1393 5479 certamen
1421 5440 1794 5491 conservare,
1817 5439 1946 5479 eos-

297 5514 431 5569 dem
463 5513 746 5570 exhibere
779 5528 1001 5576 moees,
1026 5512 1183 5568 idem
1216 5530 1423 5585 sapere
1446 5520 1505 5570 et
1533 5513 1692 5570 circa
1711 5528 1951 5570 conver-

297 5605 589 5661 sationem
619 5609 678 5659 et
706 5603 866 5659 circa
895 5602 1189 5675 dogmata.
1237 5603 1749 5669 Quemadmodum
1788 5602 1949 5659 enim

368 5786 415 5822 ²⁸
444 5787 468 5840 Ι
499 5791 625 5843 Cor.
663 5803 738 5853 Ix,
765 5790 852 5841 26.
932 5788 977 5824 2⁸
1006 5785 1150 5841 ibid.

2041 3286 2223 3359 λύψει.
2284 3282 2437 3352 Πλὴν
2498 3281 2576 3347 είς
2631 3280 2662 3336 ὅ
2713 3279 3041 3359 ἐφθάσαμεν,
3097 3284 3180 3353 τῷ
3236 3278 3384 3352 αὐτῷ
3449 3284 3692 3355 στοιχεῖν

2039 3374 2244 3445 κανόνι,
2275 3374 2338 3429 τὸ
2368 3370 2500 3428 αὐτὸ
2532 3375 2772 3450 φρονεῖν.

2114 3487 2142 3515 ‹‹
2166 3466 2339 3518 Τοῦτο
2371 3463 2693 3539 φρονοῦμεν.
2729 3482 2757 3511 ››
2780 3459 2859 3517 Τὸ
2890 3463 3088 3529 ποῖονς
3127 3460 3254 3517 ’Ὁτι
3309 3454 3393 3512 δεῖ
3438 3461 3547 3513 τῶν
3603 3458 3697 3529 μὲν

2042 3553 2222 3608 ὀπίσω
2280 3549 2755 3617 ἐπιλανθάνεσθαι,
2802 3553 2921 3611 τοῖς
2978 3544 3036 3603 δὲ
3093 3543 3395 3624 ἔμπροσθεν
3457 3542 3702 3602 ἐπεκτεί-

2040 3643 2242 3699 νεσθαι.
2272 3643 2445 3698 Τοῦτο
2476 3639 2583 3716 γὰρ
2611 3642 2761 3693 ποιεῖ
2818 3635 3088 3702 τελείους,
3143 3637 3207 3692 τὸ
3258 3634 3501 3709 νομίζειν
3561 3635 3704 3691 ἀπο-

2042 3731 2320 3788 λείπεσθαι
2351 3732 2450 3785 τοῦ
2484 3722 2761 3804 βραϐείου.
2795 3752 2825 3780 κ
2857 3727 2961 3784 Καὶ
3018 3725 3065 3782 ε“ί
3110 3746 3164 3781 τι
3222 3726 3439 3800 ἐτὲρως,
3475 3749 3505 3778 ››
3560 3723 3623 3782 Ηί
3650 3746 3705 3781 τι

2042 3817 2260 3893 ἐτὲρως,
2334 3816 2490 3891 φησὶ,
2548 3815 2967 3886 κατωρθώσατε,
3024 3815 3112 3870 ὃτι
3190 3812 3289 3869 οὐκ
3344 3811 3709 3878 ἀπολείπεσθε

2040 3912 2139 3964 τοῦ
2170 3900 2452 3982 βραϐείου,
2485 3900 2614 3959 ἀλλ’
2671 3900 2780 3975 ἤδη
2840 3903 3103 3981 ἐφθάσατε
3154 3901 3307 3972 αὐτὸ,
3342 3903 3368 3957 ὁ
3411 3902 3542 3965 Θεὸς
3573 3902 3702 3974 ὑμῖν

2044 3993 2410 4068 ἀποκαλύψει,
2458 3992 2567 4062 ὅτι,
2627 3992 2812 4070 φησὶν,
2872 3990 2935 4047 ού
2991 3991 3180 4055 καλῶς
3232 3990 3376 4046 οὕτω
3436 3995 3706 4068 φρονεῖτε.

2043 4089 2105 4146 Ὀ
2133 4086 2235 4163 γὰρ
2294 4083 2466 4146 οὕτως
2507 4086 2745 4160 φρονῶν,
2803 4081 3173 4156 ῥᾳθυμότερος
3228 4079 3454 4158 γίνεται.
3510 4082 3588 4137 Τὸ
3648 4078 3707 4136 δὶ

2042 4171 2453 4237 καὶτοῦτο,ὡς
2479 4172 2570 4225 γαί
2622 4171 2688 4224 τὰ
2745 4168 2890 4225 ἃλλα
2946 4172 3141 4239 πάντα,
3200 4170 3355 4248 φησί.
3423 4169 3543 4238 Τὴν
3601 4169 3704 4245 γὰρ

2045 4263 2248 4319 οῗκείαν
2278 4257 2631 4316 διδασκαλίαν
2661 4263 2741 4332 τῷ
2779 4263 2899 4332 Θεῷ
2948 4258 3254 4328 ἀνατίθησι.
3306 4282 3336 4311 ‹‹
3368 4258 3523 4329 Πλὴν
3570 4258 3647 4321 εἷς
3674 4259 3706 4314 ὃ

2045 4352 2366 4432 ἐφθάσαμεν.
2400 4373 2428 4403 n
2471 4347 2614 4412 Τέως
2673 4345 2753 4417 δὲ,
2812 4349 2998 4425 φησὶν,
3052 4347 3105 4403 ἐν
3158 4348 3273 4422 ὅσῳ
3341 4346 3515 4404 ἐκεῖνο
3567 4349 3709 4403 ἀπο-

2044 4439 2311 4498 καλύπτει
2342 4441 2373 4496 ὁ
2403 4440 2551 4509 Θεὸς,
2579 4437 2656 4501 εἷς
2686 4437 2716 4493 ὅ
2746 4436 3053 4516 ἐφθάσαμεν
3089 4437 3285 4512 μέτρον
3345 4439 3433 4494 καὶ
3483 4437 3708 4506 κανόνα,

2047 4532 2124 4594 είς
2199 4530 2390 4586 τοῦτον
2467 4531 2701 4601 στῶμεν,
2776 4526 3039 4595 τουνέστι,
3078 4526 3143 4583 τὸ
3222 4528 3298 4601 μὴ
3340 4525 3603 4584 ἀπολέσαι
3642 4528 3711 4581 τὰ

2045 4617 2448 4695 προηνυσμένα,
2526 4618 2606 4676 Τὸ
2681 4615 2759 4683 δὲ,
2838 4621 3106 4691 στοιχεῖν,
3183 4616 3307 4671 οἷον
3401 4616 3706 4690 ἀρκεῖσθαι,

2047 4710 2344 4782 πείθεσθαι,
2421 4705 2653 4764 ἒστᾶναι.
2730 4708 2808 4765 ’Ἡ
2879 4706 3077 4762 κανόνα
3148 4706 3249 4775 τήν
3333 4704 3515 4761 πίστιν
3600 4726 3707 4782 φη-

2052 4801 2156 4860 σίν.
2231 4803 2437 4873 Ὥσπερ
2510 4798 2614 4874 γὰρ
2690 4796 2781 4851 ἰπὶ
2851 4800 2953 4851 τοῦ
3026 4795 3251 4857 κανόνος
3323 4792 3420 4851 κᾶἱν
3498 4793 3707 4870 ἀφέλῃς

2049 4889 2148 4947 κᾶν
2223 4891 2490 4965 προσθῇς,
2568 4885 2828 4959 ἐλυμήνω
2899 4884 2964 4940 τὸ
3030 4888 3158 4955 πᾶν,
3234 4884 3378 4941 οὕτω
3450 4884 3540 4940 καὶ
3619 4882 3710 4940 ἐπὶ

2050 4986 2152 5050 τῆς
2226 4979 2586 5047 πίστεως,-
2635 4975 2850 5048 [ΦΩΤ.]
2925 4974 3107 5043 Τέως,
3184 4973 3373 5050 φησὶν,
3446 4967 3552 5034 ἕως
3646 4970 3708 5029 ἄν

2057 5070 2181 5142 ὑμῖν
2250 5063 2580 5139 ἀποκαλύψῃ
2638 5063 2701 5118 τὸ
2757 5062 2981 5133 ἀληθὲς,
3054 5060 3085 5116 ὅ
3149 5056 3548 5135 κατελάϐομεν,
3629 5061 3705 5133 μὴ

2055 5154 2436 5227 ἀπολέσωμεν.
2516 5150 2854 5210 Ἀπόλλυται
2884 5148 2942 5206 δὲ
3013 5154 3168 5219 πῶς;
3209 5151 3311 5207 Ἀν
3339 5147 3712 5222 ἀμελήσωμεν

2052 5252 2155 5316 τῆς
2182 5243 2450 5319 προτέρας
2484 5238 2727 5311 σπουδῆς
2763 5240 2855 5295 καὶ
2911 5243 3009 5295 τοῦ
3068 5236 3279 5312 δρόμου
3336 5236 3712 5309 παρατραπῶ-

2059 5356 2173 5407 μεν.
2208 5331 2384 5389 Ἀλλᾶ
2415 5330 2498 5387 δεῖ
2543 5336 2624 5403 τῷ
2680 5329 2827 5401 αὐτῷ
2880 5328 3064 5385 κανόνι
3125 5333 3390 5403 στοιχεῖν,
3439 5327 3710 5397 τουτέστι,

2054 5422 2150 5478 τὸν
2176 5419 2339 5476 αὐτὸν
2368 5419 2552 5493 ἀγῶνα
2579 5420 2887 5487 συντηρεῖν,
2943 5415 3035 5470 τὸν
3091 5413 3250 5470 αὐτὸν
3312 5411 3714 5469 ἐπιδείκνυσθαι

2056 5511 2278 5586 τρόπον,
2339 5508 2402 5564 τὸ
2451 5507 2584 5563 αὐτὸ
2641 5510 2880 5584 φρονεῖν,
2947 5503 3072 5579 περί
3117 5523 3179 5560 τε
3230 5505 3333 5566 τίς
3403 5500 3714 5571 πολιτείας,

2059 5599 2183 5676 περί
2209 5619 2267 5654 τε
2322 5602 2432 5653 τῶν
2481 5592 2789 5672 δογμάτων.
2848 5594 3051 5669 Ὥσπερ
3102 5593 3204 5669 γὰρ
3262 5590 3293 5647 ὅ
3345 5611 3398 5647 τι
3452 5595 3565 5648 τῶν
3624 5587 3720 5647 δο-
