4108 6390
364 426 518 490 1309

1399 422 1803 488 COMMENT.
1852 417 1928 480 ΙΝ
1973 417 2221 480 EPIST.
2290 419 2398 480 AD
2440 419 2727 483 PHILIP.

3625 424 3784 484 1310

359 560 588 637 γμάτων
621 559 963 627 ἀλλοιώσας,
994 556 1198 615 ἃπαντα
1236 556 1499 613 κατέλυσε
1552 554 1644 613 καὶ
1695 553 1762 611 τά
1807 551 2020 628 ἔμπρο-

2136 552 2182 609 is
2204 555 2305 626 qui
2326 554 2555 628 aliquid
2575 556 2917 629 dogmatum
2931 555 3285 622 immutavit,
3310 557 3488 613 etiam
3508 556 3786 614 universa

363 653 503 717 σθεν,
535 650 686 706 οὓτω
716 650 938 718 καὶτῆς
985 646 1268 704 πολιτείας
1309 646 1340 703 ὅ
1393 669 1446 702 τι
1509 645 1871 720 μεταθέμενος
1929 641 2020 698 καὶ

361 739 622 817 καθυφεὶς
684 738 777 794 καὶ
839 739 915 810 μή
971 759 1071 808 την
1139 737 1307 808 αὐτὴν
1369 735 1660 815 φυλάττων
1722 727 2021 808 ἀκρίϐειαν,

362 829 457 885 καὶ
485 830 556 883 ut
610 822 965 905 προλαϐόντα
1022 826 1355 901 ἐλυμήνατο.
1418 824 1546 883 Εἶτα
1598 824 1690 879 ’ἱνα
1752 824 1829 896 μὴ
1889 818 2017 895 δόξῃ

367 915 814 993 δυσκατέρθιυτον
845 916 935 973 καὶ
966 915 1232 973 δύσκολον
1274 914 1596 982 ἐπιτάττειν,
1656 913 1719 967 τὸ
1766 908 1836 966 δι’
1884 907 2022 965 ὅλου

364 1012 462 1064 τοῦ
498 1007 622 1083 βίου
654 1007 869 1084 ἀρεταῖς
917 1007 1007 1063 καὶ
1066 1002 1309 1077 εὐσεϐείᾳ
1366 1004 1757 1072 συνασκεῖσθαι,
1810 999 2018 1075 ἐπάγει.

365 1096 621 1169 Μιμηταί
656 1117 764 1169 μου
786 1097 1018 1173 γίνεσθε.
1080 1096 1329 1167 Ῥᾷστον,
1370 1092 1557 1172 φησὶν,
1613 1087 1770 1146 οὐδὲν
1826 1086 2023 1144 ἀδύνα-

360 1202 456 1238 τον
490 1182 727 1250 ἀπαιτῶ,
776 1181 1067 1257 ἄνθρωπος
1115 1182 1270 1259 κάγὼ
1319 1179 1691 1255 ὁμοιοπαθὴς,
1732 1176 1806 1239 ὡς
1864 1174 2023 1250 ὁρᾶτέ

366 1292 455 1346 με,
489 1271 633 1327 οὕτω
665 1270 753 1326 καί
810 1270 965 1327 αὐτοὶ
1024 1271 1368 1345 ἀγωνίζεσθε.
1439 1274 1527 1342 Τῷ
1579 1267 1727 1340 αὐτῷ
1783 1269 2024 1344 στοιχεῖν

359 1357 569 1419 κανόνι.
631 1361 711 1418 Τὸ
773 1360 983 1437 χωρίον
1042 1365 1228 1431 τοῦτο,
1282 1362 1318 1429 ἢ
1379 1363 1696 1435 προτροπῆς
1761 1354 1926 1424 ἐστιν,
1984 1350 2022 1423 ἤ

361 1451 559 1526 εὐχῆς.
593 1448 752 1506 Ἀλλ’
808 1448 854 1504 εί
904 1451 1001 1522 μὶν
1049 1456 1398 1527 προτροπῆς,
1446 1445 1624 1502 λείπει
1671 1445 1732 1500 τὸ
1782 1440 1883 1501 δεῖ.
1934 1451 2025 1505 Δεῖ

361 1538 503 1611 ὑμᾶς
565 1543 808 1613 στοιχεῖν
862 1544 942 1611 τῷ
996 1540 1149 1613 αὐτῴ
1204 1539 1415 1608 κανόνι,
1466 1537 1531 1592 τὸ
1589 1534 1723 1591 αὐτὸ
1781 1537 2021 1611 φρονεῖν,

357 1627 704 1706 Εἰότείλετε
735 1634 980 1705 στοιχεῖν
1040 1634 1121 1702 τῷ
1177 1630 1328 1698 αὑτῷ
1383 1628 1592 1698 κανόνι,
1649 1623 1896 1703 όιέείλετε
1960 1624 2023 1679 τὸ

361 1717 495 1773 αὐτὸ
523 1722 763 1798 φρονεῖν.
822 1717 886 1774 Ei
947 1715 1004 1775 δὶ
1060 1719 1224 1794 εὐχὴ,
1278 1719 1388 1775 ἀπὸ
1433 1720 1624 1773 κοινοῦ
1681 1711 2022 1794 ληφθήσεται

360 1807 448 1877 τὸ,
515 1805 888 1881 ἀποκαλύψει,
946 1809 1079 1865 οἷον
1138 1806 1485 1881 ἀποκαλύψει
1545 1804 1674 1877 ὑμῖν
1723 1807 1803 1875 τῷ
1877 1802 2026 1873 αὐτῷ

2129 644 2531 714 praecedentia
2576 645 2875 701 dissolvit:
2910 645 2993 701 ita
3023 652 3082 701 et
3110 646 3172 702 in
3199 646 3653 701 conversatione
3682 646 3786 718 qui

2128 734 2357 805 aliquid
2385 741 2792 809 transgressus
2814 743 2873 792 et
2903 737 3319 808 pra-varicatus
3341 745 3451 801 est,
3476 753 3596 791 non
3623 753 3784 791 eam-

2127 823 2265 879 dem
2296 824 2666 882 observando
2712 827 3102 899 diligentiam.
3156 828 3335 882 etiam
3386 825 3787 898 praecedentia

2128 914 2411 985 corrupit.
2466 916 2687 971 Deinde
2717 932 2792 971 ne
2841 933 2967 971 rem
3017 915 3321 972 difﬁcilem
3363 922 3421 971 et
3464 932 3596 987 qua:
3629 932 3782 987 {egre

2127 1003 2334 1075 perfici
2366 1005 2558 1076 possit
2601 1004 2871 1061 videatur
2918 1005 3260 1078 prmcipere,
3302 1022 3517 1077 nempe
3566 1010 3632 1060 ut
3664 1009 3785 1059 tota

2128 1094 2245 1149 vita
2266 1101 2654 1150 exerceantur
2674 1095 2736 1150 in
2759 1095 3072 1150 virtutibus
3095 1101 3153 1150 et
3176 1095 3417 1166 pietate,
3438 1094 3746 1166 subjungit
3771 1100 3785 1139 ε

2127 1183 2462 1239 imitatores
2493 1183 2610 1240 mei
2637 1189 2845 1239 estote.
2871 1184 3036 1250 Quod
3060 1183 3413 1239 facillimum
3437 1188 3544 1251 est,
3566 1181 3784 1254 inquit,

2130 1272 2318 1344 exigo.
2352 1273 2623 1343 nihilque
2645 1273 3036 1345 impossibile,
3069 1290 3202 1329 cum
3238 1279 3297 1329 et
3326 1289 3431 1346 ego
3462 1273 3639 1327 homo
3672 1270 3785 1325 sim

2129 1360 2407 1417 similiter
2434 1363 2744 1418 aﬂ'ectibus
2775 1363 3087 1418 obnoxius.
3121 1363 3631 1429 Quemadmodum
3666 1376 3789 1415 cer-

2128 1456 2354 1506 tantem
2387 1467 2482 1506 me
2503 1452 2734 1521 videtis,
2765 1453 2847 1508 ita
2868 1460 2926 1508 et
2947 1453 3056 1525 ipsi
3082 1459 3325 1509 certate.
3357 1453 3453 1521 Τῷ
3483 1448 3629 1520 αὐτῷ
3660 1468 3783 1503 στο-

2128 1544 2247 1613 χεῖν
2280 1539 2484 1610 κανόνι,
2515 1540 2576 1595 τὸ
2617 1541 2750 1596 αὐτὸ
2781 1546 3016 1618 φρονεῖν.
3072 1544 3290 1599 Eadem
3342 1541 3660 1613 persistere
3689 1556 3784 1594 re-

2128 1629 2286 1701 gula,
2339 1629 2497 1686 idem
2555 1632 2799 1688 sentire.
2860 1634 2994 1693 (Pro
3048 1648 3165 1703 quo
3225 1631 3530 1697 vertimus,
3563 1628 3784 1684 Eadem

2132 1720 2524 1791 persistamus
2544 1721 2768 1794 regula,
2785 1721 2943 1777 idem
2956 1720 3331 1792 sentiamus.)
3349 1721 3481 1775 Haec
3495 1717 3788 1791 particula

2131 1814 2234 1863 aut
2280 1809 2709 1866 exhortationis
2755 1817 2844 1867 est
2895 1818 2998 1867 aut
3052 1810 3449 1883 precationis:
3502 1823 3704 1863 verum
3736 1806 3786 1861 si

359 1897 548 1952 κανόνι
581 1902 849 1972 στοιχεῖν,
875 1898 967 1953 καὶ
1004 1897 1145 1970 ἑξῆς.
1208 1894 1340 1955 Οἵδε
1387 1896 1489 1972 γὰρ
1543 1894 1663 1949 ἀνευ
1713 1898 1815 1961 τῆς
1874 1891 2019 1956 θείας

2136 1897 2563 1954 exhortationis
2595 1901 2692 1968 sit,
2723 1900 2927 1955 deficit
2964 1901 3226 1972 Oportet.
3276 1900 3537 1971 Oportet,
3571 1896 3789 1968 inquit,

365 1984 565 2062 ῥοπῆς,
645 1985 816 2060 μηδὲν
889 1987 1345 2063 κατορθούμενον·
1412 1984 1492 2042 Τὸ
1576 1980 1707 2037 αὐτὸ
1770 1985 2014 2059 φρονεῖν,

358 2076 554 2152 φησὶν,
589 2075 666 2137 εἷς
697 2075 1058 2155 ὅὲφθασαμεν
1090 2077 1144 2132 ἐν
1191 2080 1261 2152 τῇ
1309 2077 1510 2145 πίστει,
1566 2073 1642 2146 μὴ
1693 2072 1884 2141 πλέον,
1936 2070 2015 2144 μή

356 2160 609 2223 ἔλαττον.

2128 2004 2228 2042 vos
2258 1986 2468 2043 eadem
2499 1989 2819 2060 persistere
2850 1989 3073 2063 regula,
3106 1989 3266 2044 idem
3305 1988 3569 2043 sentire:
3605 1987 3651 2041 si
3686 2001 3787 2040 ea-

2127 2075 2262 2131 dem
2280 2076 2511 2133 debetis
2529 2078 2849 2149 persistere
2871 2078 3332 2150 regula,debetis
3364 2076 3521 2132 idem
3539 2075 3785 2130 sentire.

2126 2165 2182 2219 Si
2206 2182 2341 2220 vero
2371 2167 2632 2238 precatio
2689 2174 2799 2237 est,
2855 2174 3186 2223 sumetura
3242 2164 3546 2222 communi
3605 2179 3787 2218 sensu

360 2256 683 2323 Revelabit,
716 2263 782 2314 ut
810 2259 888 2314 sit
913 2274 1161 2319 sensus:
1214 2259 1514 2317 Revelabit
1545 2261 1708 2317 vobis
1764 2264 1831 2315 ut
1860 2254 2071 2312 eadem
2128 2254 2333 2325 regula
2386 2256 2741 2328 persistatis,
2770 2264 2833 2312 ut
2891 2256 3049 2313 idem
3080 2256 3371 2312 sentiatis.
3426 2253 3593 2310 Novit
3622 2252 3785 2307 enim

359 2346 509 2401 nihil
541 2347 766 2419 absque
797 2348 994 2404 divino
1026 2348 1230 2420 perfici
1275 2350 1516 2407 auxilio.
1568 2351 1754 2418 Idem,
1779 2346 1997 2418 inquit,
2030 2344 2252 2400 sentire
2285 2344 2347 2400 in
2380 2361 2450 2401 eo
2480 2346 2641 2418 quod
2672 2346 2733 2402 in
2764 2346 2880 2403 ﬁde
2910 2346 3168 2404 assecuti
3216 2361 3446 2410 sumus,
3477 2359 3597 2398 non
3628 2341 3784 2413 plus,

357 2452 478 2492 non
504 2437 728 2493 minus.

427 2524 794 2598 Συμμιμηταί
873 2545 979 2598 μου
1052 2524 1283 2601 γίνεσθε,
1362 2524 1617 2606 ἀδελφοὶ,
1691 2525 1783 2582 καὶ
1887 2544 2017 2580 σκο-

364 2618 517 2668 πεῖτε
588 2613 716 2675 τοὺς
793 2612 967 2678 οὕτως
1052 2621 1502 2691 περιπατοῦντας,
1593 2617 1771 2679 καθὼς
1864 2609 2021 2689 ἔχετε

362 2703 534 2759 τύπον
610 2706 783 2777 ἡμᾶς.
889 2703 1101 2761 Πολλοὶ
1204 2706 1310 2783 γὰρ
1407 2712 1823 2784 περιπατοῦσιν,
1924 2705 2019 2768 οὓς

367 2791 641 2855 πολλάκις
699 2786 887 2869 ἔλεγον
944 2793 1093 2868 ὑμῖν.
1153 2796 1263 2851 Νῦν
1323 2792 1381 2851 δε
1433 2797 1525 2852 καὶ
1582 2797 1793 2852 κλαίων
1852 2794 2018 2872 λέγω,

362 2879 491 2940 τοὺς
544 2877 777 2954 ἰχθροὺς
833 2882 934 2934 τοῦ
992 2886 1228 2955 σταυροῦ
1310 2886 1409 2938 τοῦ
1490 2884 1749 2959 Χριστοῦ,
1820 2884 1896 2937 ὧν
1956 2885 2019 2939 τὸ

360 2966 522 3030 τελος
552 2966 825 3036 ἀπώλεια,
885 2969 960 3023 ὧν
1020 2970 1050 3024 ὁ
1105 2970 1239 3034 Θεὸς
1295 2974 1330 3042 ἡ
1386 2973 1596 3040 κοιλία,
1654 2975 1745 3030 καὶ
1802 2976 1838 3044 ἠ
1894 2972 2021 3044 δόξα

361 3055 415 3112 ἐν
492 3061 560 3132 τῇ
638 3057 871 3135 αἰσχύνῃ
952 3058 1154 3129 αὐτῶν,
1218 3061 1270 3115 oi.
1334 3062 1402 3117 τὰ
1490 3062 1700 3140 ἐπίγεια
1766 3067 2024 3142 φρονοῦν-

363 3167 476 3210 τις.

438 3261 467 3289 ‹‹
493 3236 869 3347 ’ξυμμιμηῖαί
906 3258 1012 3311 μου
1043 3238 1274 3346 γίνεσθε.
1310 3264 1338 3291 ››
1371 3241 1444 3296 Οὐ
1473 3243 1574 3319 γὰρ
1598 3239 1688 3298 διά
1713 3244 1899 3319 λόγων
1926 3244 2023 3320 μό·
2051 3283 2095 3347 C

367 3347 457 3382 vov
490 3323 766 3381 ἐδίδασκεν
798 3326 827 3381 ὁ
861 3328 1131 3403 μακάριος
1172 3326 1356 3395 οὗτος,
1389 3328 1536 3386 ἀλλά
1585 3333 1676 3387 καὶ
1726 3331 1779 3387 ὲν
1824 3332 2018 3411 ἔργοιςλ

366 3416 537 3477 τύπος
600 3416 781 3471 αὐτῶν
840 3415 1069 3493 ίγίνετο.
1141 3441 1170 3471 ‹‹
1219 3420 1316 3474 Καὶ
1360 3424 1628 3476 σκοπεῖτε.
1674 3444 1703 3473 ››
1743 3426 1888 3482 ’Ἀνω
1931 3404 2027 3502 μ.ὶᾷ

373 3506 556 3594 ἔλεγε,
581 3507 820 3564 Βλέπετε
846 3508 975 3573 τοὺς
1000 3508 1164 3575 κύνας
1219 3510 1310 3565 καί
1357 3511 1484 3574 τοὺς
1533 3514 1730 3579 κακοὺς
1781 3517 2029 3594 ἐργάτας,

369 3596 499 3659 τοὺς
530 3590 609 3651 ἔτι
641 3597 730 3651 καὶ
766 3597 901 3672 μετά
925 3600 1024 3668 τήν
1079 3600 1261 3655 πίστιν
1322 3598 1733 3673 Ἰουδα“ίζοντας.
1948 3590 2028 3681 δί,

368 3689 560 3757 κοινὴν
594 3685 781 3749 αὐτοῖς
813 3684 1003 3742 δίδωσι
1036 3691 1439 3764 παρατήρησιν,
1470 3691 1561 3747 ’ἱνα
1580 3694 1817 3767 τοότοις,
1840 3700 2029 3771 φησὶν,

362 3774 748 3852 ἀναμίγνυσθε,
814 3777 934 3830 οῖον
1012 3776 1184 3831 τύπον
1255 3779 1479 3858 φέρουσι
1537 3789 1638 3852 τῆς
1695 3782 1834 3856 ἐμῆς
1891 3788 2030 3863 πρὸς

370 3865 511 3939 ὑμᾶς
539 3863 904 3945 ἀναστροφῆς.
934 3897 1000 3907 --
1033 3889 1062 3918 ‹‹
1096 3866 1240 3931 Τοὺς
1295 3867 1470 3932 οὕτως
1514 3878 1969 3948 περιπατοῦντας.
2002 3901 2030 3931 ι)

364 3956 575 4028 [ΦΩΐο]
608 3960 928 4029 Περιπατεῖν
961 3954 1213 4025 ἐνταῦθα,
1245 3958 1307 4013 τὸ
1343 3960 1498 4034 βιοῦν
1529 3963 1619 4016 καὶ
1648 3962 2031 4026 πολιτεύεσθαι

358 4038 631 4116 λαμϐάνει
696 4043 920 4106 ἁπλῶς.
981 4042 1237 4114 Ἐπειδὴ,
1307 4049 1466 4122 φησί,
1527 4049 1742 4109 πολλοὶ
1797 4075 2029 4131 περιπα-

364 4138 572 4204 τοῦσιν,
649 4133 726 4196 είς
803 4131 1075 4209 διάκρισιν
1150 4139 1261 4192 τῶν
1337 4138 1513 4213 ὀρθῶς
1563 4145 2031 4218 περιπατούντων,

366 4226 457 4280 καὶ
492 4225 569 4299 μὴ
602 4229 852 4280 σκοπεῖτε
896 4224 1036 4288 τίνες
1094 4231 1453 4303 περιπατοῦσι
1508 4233 1645 4287 κατά
1694 4235 1785 4289 τὸν
1837 4235 2030 4309 τύπον,

372 4314 431 4370 ὅν
534 4316 1021 4389 περιεπατήσαμον
1098 4318 1286 4390 ἡμεῖς,
1363 4321 1453 4375 καὶ
1530 4322 1747 4387 τούτοις
1822 4320 2034 4399 ἔπεσθε,

376 4401 653 4460 «Πολλοὶ
730 4403 833 4480 γὰρ
890 4410 1272 4478 περιπατοῦσι.
1327 4431 1355 4459 ››
1400 4411 1588 4473 Κακῶς
1647 4406 1834 4491 φησὶν,
1892 4418 2032 4489 ἢπερ

371 4493 497 4571 ἰγώ.
537 4518 562 4549 ε
598 4500 702 4549 Νῦν
738 4491 796 4549 δὲ
829 4493 916 4549 καὶ
947 4491 1159 4549 κλαίων
1194 4494 1359 4570 λέγω.
1390 4521 1419 4551 ››
1450 4501 1591 4574 ’Ὀρα
1619 4501 1687 4555 τὰ
1743 4507 2035 4581 σπλάγχνα

369 4583 617 4651 Παύλου,
661 4582 749 4639 επὶ
807 4587 924 4645 τοῖς
982 4582 1181 4658 ἑτέρων
1221 4583 1481 4643 κλαίοντα
1534 4594 1748 4651 κακοῖς.
1806 4591 2030 4663 Ἐπειδή

370 4673 474 4749 γαρ
551 4672 738 4737 αὐτοῖς
810 4670 1043 4727 ἐπέτεινε
1115 4673 1178 4728 τὸ
1253 4673 1491 4748 νόσημα,
1568 4684 1754 4743 πενθεῖ
1810 4680 2029 4744 αὐτούς.

370 4788 398 4815 ι(
426 4763 564 4825 Τοὺς
603 4762 835 4838 ἐχθροὺς
876 4765 973 4817 τοῦ
1014 4767 1248 4838 σταυροῦ
1287 4768 1385 4819 τοῦ
1434 4768 1694 4841 Χριστοῦ·
1739 4793 1766 4821 n
1829 4771 2028 4834 ῐιοίόυς

371 4852 602 4915 τούτους
667 4850 909 4914 κελεύεις
982 4854 1131 4925 ἡμᾶς
1228 4854 1805 4932 παραφυλάττεσθαις
1889 4860 2027 4924 Τοὺς

366 4940 623 5022 ἐχθροὺς,
691 4947 851 5021 φησι,
908 4945 1007 4997 τοῦ
1073 4947 1308 5017 σταυροῦ
1371 4948 1470 5000 τοῦ
1531 4947 1790 5022 Χριστοῦ.
1860 4951 2026 5006 Ἦσαν

367 5033 471 5107 γάρ
500 5051 637 5093 τινες
676 5030 989 5106 Χριστιανοὶ
1033 5030 1129 5104 μὶν
1197 5029 1376 5102 δῆθεν,
1447 5034 1501 5089 ἐν
1567 5041 1747 5114 τρυφῇ
1815 5035 1873 5093 δὶ
1935 5040 2023 5095 καὶ

371 5121 543 5176 ἀνέσει
622 5125 842 5190 ζῶντες,
921 5120 1012 5182 οὕς
1089 5119 1322 5196 ἐχθροὺς
1396 5127 1495 5178 τοῦ
1546 5131 1780 5199 σταυροῦ
1836 5150 2024 5208 φησιν.

373 5210 615 5267 Ἑναντία
651 5211 753 5287 γάρ
821 5209 969 5282 αὐτῷ
1024 5210 1372 5284 πράττουσι-ι’
1436 5212 1464 5267 ὁ
1527 5214 1622 5287 μὲν
1676 5216 1782 5292 γαρ
1837 5222 2025 5293 ψυχῆς

372 5298 546 5356 δεῖται
647 5299 909 5376 γενναίας,
1004 5301 1485 5374 παρατεταγμένῃς
1560 5303 1638 5367 εἰς
1715 5303 2023 5376 κινδύνους,

369 5391 460 5445 καὶ
504 5389 852 5464 μιμουμένης
891 5389 984 5444 τὸν
1054 5385 1193 5443 ἴδιον
1252 5391 1550 5464 Δεσπότην,
1611 5394 1663 5449 al
1724 5392 1781 5450 δὶ
1831 5396 2022 5471 γάστρῖ

365 5477 739 5537 δουλεύουσιν.
774 5499 803 5528 α
853 5483 946 5532 Ὧν
1007 5478 1071 5533 τὸ
1109 5475 1269 5541 τέλος
1334 5481 1662 5538 ἀπώλεια.»
1718 5483 1913 5547 Καλῶς
1959 5487 2024 5541 τὸ

364 5566 522 5629 τέλος
590 5568 742 5621 εἶπεν
808 5564 1112 5635 ἀπώλειαν,
1183 5567 1271 5622 ὲάν
1341 5567 1476 5645 ἄχρι
1532 5570 1728 5636 τὲλους
1798 5574 2024 5647 μείνωσι

365 5662 634 5715 τοιοῦτοι.
695 5655 856 5718 Εἰκὸς
921 5655 1023 5731 γάρ
1086 5656 1155 5725 ἧν
1218 5658 1311 5714 καὶ
1380 5657 1813 5733 μεταϐληθῆναι.
1871 5669 2025 5720 «Ὧν

370 5750 397 5807 ὁ
430 5748 547 5812 θεὸς
588 5751 622 5818 ἡ
662 5743 869 5802 κοιλία.
906 5769 929 5801 α
971 5749 1059 5808 Ὡς
1100 5742 1356 5825 δεσποίνῃ
1402 5752 1525 5827 γὰρ,
1577 5751 1796 5829 μᾶλλον
1853 5751 1910 5811 δὲ
1951 5755 2025 5819 ὡς

2198 2522 2295 2589 III,
2329 2526 2508 2582 17-19.
2532 2524 2840 2582 Imitatores
2868 2528 2975 2581 mei
3004 2532 3189 2594 estote,
3218 2526 3437 2595 fratris,
3460 2529 3511 2578 et
3542 2521 3787 2577 conside-

2127 2618 2247 2667 rate
2274 2630 2362 2669 eos
2390 2613 2490 2685 qui
2518 2618 2595 2671 sic
2623 2616 2931 2681 ambulant,
2965 2615 3422 2686 quemadmodum
3451 2611 3659 2668 habetis
3688 2625 3787 2665 nos

2122 2717 2230 2772 pro
2259 2709 2413 2773 typo.
2445 2706 2585 2760 Nam
2630 2704 2931 2776 complures
2973 2705 3261 2760 ambulant
3289 2704 3356 2759 de
3402 2704 3600 2775 quibus
3645 2716 3787 2773 saepe

2130 2794 2253 2849 dixi
2285 2795 2460 2850 vobis:
2493 2813 2640 2853 nunc
2668 2805 2855 2853 autem
2883 2803 2937 2853 et
2966 2800 3100 2867 ﬂens
3128 2797 3291 2852 dico:
3320 2796 3576 2851 inimscos
3607 2791 3787 2848 crucis

2132 2883 2361 2954 Christi,
2421 2902 2653 2957 quorum
2708 2888 2835 2955 ﬁnis
2893 2886 3143 2957 perditio
3194 2892 3293 2952 est,
3360 2899 3593 2954 quorum
3648 2883 3788 2936 Deus

2132 2981 2322 3029 venter
2347 2982 2446 3044 est,
2478 2982 2530 3031 et
2554 2976 2741 3047 gloria
2786 2978 2845 3031 in
2875 2977 3135 3032 dedecore
3183 2974 3430 3046 ipsorum
3459 2974 3559 3044 qui
3590 2979 3788 3027 terres-

2135 3061 2247 3117 tria
2269 3070 2488 3120 curant.

2206 3244 2243 3297 ‘l
2256 3243 2308 3297 θ
2323 3246 2358 3298 1
2375 3266 2401 3293 ‹‹
2420 3243 2756 3299 lmitatores
2769 3244 2885 3299 mei
2900 3247 3108 3301 estote.
3126 3264 3153 3293 ››
3168 3244 3368 3314 Neque
3382 3240 3539 3297 enim
3556 3237 3791 3295 divinus

2139 3330 2235 3386 hic
2264 3332 2352 3386 vir
2376 3332 2519 3388 solis
2547 3332 2800 3389 docebat
2830 3334 3230 3400 sermonibus,
3256 3330 3358 3387 sed
3389 3337 3448 3386 et
3470 3346 3573 3401 pro
3598 3344 3792 3383 exem-

2138 3420 2285 3492 plari
2319 3422 2462 3494 ipsis
2510 3423 2954 3495 proponebatur
2992 3423 3053 3477 in
3087 3421 3388 3495 operibus.
3428 3444 3447 3469 σ
3486 3422 3555 3475 Et
3594 3418 3789 3474 consi-

2138 3510 2361 3568 derate.
2394 3533 2423 3562 »
2484 3513 2547 3567 In
2607 3513 3015 3584 superioribus
3064 3512 3307 3584 quidem
3361 3510 3529 3579 dixit,
3591 3509 3792 3562 Videte

2138 3617 2337 3671 canes,
2399 3602 2589 3658 videte
2650 3603 2838 3659 malos
2894 3603 3235 3675 operarios:
3282 3617 3497 3673 nempe
3547 3616 3647 3654 eos
3691 3597 3793 3668 qui

2137 3697 2271 3761 post
2295 3697 2631 3763 susceptam
2659 3692 2837 3748 fidem
2860 3693 3051 3749 adhuc
3081 3691 3450 3747 Judaismum
3483 3687 3794 3744 sectaban-

2139 3787 2253 3836 tur.
2286 3781 2453 3836 Nunc
2491 3787 2690 3838 autem
2736 3798 3114 3838 communem
3162 3782 3264 3836 dat
3293 3780 3379 3834 eis
3427 3776 3793 3833 observatio-

2138 3886 2310 3926 nem:
2345 3877 2409 3927 ut
2438 3872 2581 3939 illis,
2632 3874 2848 3945 inquit,
2895 3870 3404 3929 commisceamini
3456 3869 3557 3941 qui
3587 3874 3793 3940 typum

2137 3966 2352 4032 gerunt
2377 3976 2526 4016 mea:
2557 3962 2715 4033 apud
2745 3980 2845 4019 vos
2874 3959 3360 4019 conversationis.
3387 3983 3413 4009 υ
3444 3961 3556 4015 Eos
3584 3958 3684 4029 qui
3709 3958 3794 4013 sic

2138 4050 2468 4106 ambulant.
2503 4073 2530 4101 η
2566 4052 2891 4109 Ambulare
2941 4052 3124 4108 sumit
3153 4052 3249 4107 hic
3304 4050 3658 4122 simpliciter
3684 4065 3792 4119 pro

2138 4139 2331 4195 vivere
2357 4147 2416 4195 et
2443 4142 2801 4199 conversari.
2833 4142 3346 4213 Quandoquidem,
3371 4139 3589 4210 inquit,
3621 4138 3791 4193 multi

2140 4230 2491 4287 ambulant:
2525 4232 2598 4287 ad
2624 4231 3151 4288 internoscendum
3176 4232 3418 4303 quinam
3457 4234 3616 4285 recte
3666 4244 3791 4282 am-

2142 4319 2374 4386 bulant,
2407 4326 2465 4377 et
2487 4321 2587 4392 qui
2617 4337 2759 4390 non,
2782 4321 3156 4377 considerate
3177 4321 3279 4392 qui
3300 4318 3609 4375 ambulent
3621 4318 3797 4388 juxta

2141 4411 2385 4482 vestigia
2415 4416 2472 4466 et
2506 4418 2711 4483 typum
2741 4428 2859 4482 quo
2885 4428 2994 4466 nos
3025 4410 3460 4466 ambulavimus
3491 4413 3549 4462 et
3574 4423 3675 4462 eos
3708 4420 3797 4461 se-

2141 4499 2417 4571 quimini.
2454 4522 2481 4550 ‹‹
2517 4502 2660 4555 Nam
2690 4500 3031 4572 complures
3061 4498 3391 4556 ambulant.
3427 4519 3455 4547 »
3488 4495 3656 4563 Male,
3709 4494 3798 4549 in-

2141 4589 2291 4658 quit,
2323 4594 2383 4644 et
2428 4589 2603 4644 aliter
2632 4605 2812 4659 quam
2860 4606 2987 4661 ego.
3026 4613 3046 4639 ι
3080 4590 3248 4644 Nunc
3294 4593 3494 4644 autem
3541 4591 3599 4641 et
3643 4585 3795 4639 ﬂens

2140 4677 2296 4736 dico.
2328 4698 2355 4731 ε
2383 4677 2799 4734 Animadverte
2834 4678 3001 4734 Pauli
3034 4679 3261 4734 viscera
3298 4677 3398 4749 qui
3433 4676 3505 4730 ob
3538 4675 3793 4730 aliorum

2141 4767 2336 4839 plorat
2363 4774 2577 4824 errata.
2612 4767 2915 4840 Siquidem
2948 4768 3089 4839 quia
3116 4766 3360 4823 morbus
3391 4766 3536 4837 ipsis
3556 4769 3794 4838 proten-

2139 4856 2409 4922 debetur,
2443 4857 2605 4931 luget
2651 4859 2833 4929 ipsos.
2868 4880 2897 4909 (ε
2926 4857 3210 4913 Inimicos
3253 4857 3446 4913 crucis
3489 4855 3727 4911 Christi.
3763 4877 3791 4904 ››

2137 4949 2392 5015 Quinam
2419 4949 2629 5007 sunthi
2649 4967 2799 5021 quos
2812 4949 2995 5023 jubes
3007 4966 3116 5005 nos
3129 4948 3470 5004 observare“?
3494 4948 3792 5017 Inimicos,

2138 5041 2240 5109 ait,
2274 5042 2468 5097 crucis
2515 5042 2754 5097 Christi.
2787 5042 2967 5096 Erant
3014 5042 3175 5098 enim
3216 5041 3461 5113 quidam
3509 5047 3795 5111 tanquam

2136 5146 2280 5185 sane
2309 5130 2653 5199 Christiani,
2687 5131 2788 5203 qui
2814 5136 3013 5186 tamen
3043 5131 3104 5186 in
3127 5130 3359 5187 deliciis
3391 5135 3449 5186 et
3466 5131 3665 5203 quiete
3692 5128 3797 5185 de-

2134 5217 2390 5291 gebant:
2426 5234 2573 5290 quos
2595 5219 2740 5274 dicit
2769 5219 2960 5274 crucis
2984 5218 3259 5274 inimicos
3288 5236 3302 5286 ;
3327 5235 3467 5275 nam
3494 5219 3793 5274 contrario

2139 5308 2312 5364 modo
2343 5308 2417 5364 ad
2449 5309 2635 5376 illam,
2670 5310 2884 5380 inquit,
2920 5318 3264 5382 operantur,
3317 5311 3447 5382 ipsa
3495 5310 3794 5381 siquidem

2134 5412 2491 5469 generosum
2522 5397 2777 5468 requirit
2807 5399 3096 5464 animum,
3132 5400 3231 5469 qui
3273 5417 3336 5454 se
3371 5399 3651 5470 periculis
3682 5414 3792 5453 ex-

2134 5491 2336 5558 ponat,
2370 5493 2430 5542 et
2457 5486 2761 5558 proprium
2797 5487 3066 5543 imitetur
3092 5488 3408 5543 Dominum
3436 5505 3448 5542 :
3484 5488 3544 5542 hi
3592 5492 3793 5545 aulem

2134 5576 2320 5632 ventri
2381 5579 2665 5632 serviunt.
2707 5597 2736 5625 «
2793 5576 3056 5640 Quorum
3114 5578 3252 5633 ﬁnis
3307 5577 3564 5650 perditio
3603 5583 3712 5633 est.
3764 5601 3787 5627 ι

2135 5666 2313 5721 Recte
2342 5666 2524 5721 finem
2556 5664 2705 5720 dixit
2729 5664 3149 5736 perditionem,
3184 5654 3230 5722 si
3264 5667 3337 5722 ad
3369 5668 3550 5724 finem
3600 5685 3791 5739 usque

2134 5756 2283 5814 tales
2313 5756 2754 5828 permanserint
2778 5773 2791 5811 :
2825 5764 2951 5813 erat
2976 5759 3137 5814 enim
3166 5760 3488 5816 verisimile
3518 5777 3621 5817 eos
3651 5775 3793 5832 qua-
