  <div class='ocr_page' id='page_1' title='image "/cluster/home/n/w/nwhite01/storage/ocr_20150623/118:no.1/coo.31924054870229/675.png"; bbox 0 0 4108 6396; ppageno 0'>
   <div class='ocr_carea' id='block_1_1' title="bbox 319 444 471 503">
    <p class='ocr_par' dir='ltr' id='par_1_1' title="bbox 319 444 471 503">
     <span class='ocr_line' id='line_1_1' title="bbox 319 444 471 503; baseline 0.007 -1"><span class='ocrx_word' id='word_1_1' title='bbox 319 444 471 503; x_wconf 78' lang='grc'><strong>1311</strong></span> 
     </span>
    </p>
   </div>
   <div class='ocr_carea' id='block_1_2' title="bbox 309 661 1973 734">
    <p class='ocr_par' dir='ltr' id='par_1_2' title="bbox 309 661 1973 734">
     <span class='ocr_line' id='line_1_2' title="bbox 309 661 1973 734; baseline -0.002 -16"><span class='ocrx_word' id='word_1_2' title='bbox 309 664 608 734; x_wconf 83' lang='lat' dir='ltr'>Siquidem</span> <span class='ocrx_word' id='word_1_3' title='bbox 642 663 837 734; x_wconf 88' lang='lat' dir='ltr'>ipsum</span> <span class='ocrx_word' id='word_1_4' title='bbox 872 667 1155 732; x_wconf 77' lang='lat' dir='ltr'>tanquam</span> <span class='ocrx_word' id='word_1_5' title='bbox 1192 677 1411 733; x_wconf 83' lang='lat' dir='ltr'>regem.</span> <span class='ocrx_word' id='word_1_6' title='bbox 1444 662 1564 716; x_wconf 92' lang='lat' dir='ltr'>imo</span> <span class='ocrx_word' id='word_1_7' title='bbox 1597 661 1794 732; x_wconf 92' lang='lat' dir='ltr'>potius</span> <span class='ocrx_word' id='word_1_8' title='bbox 1837 666 1973 716; x_wconf 89' lang='lat' dir='ltr'>tan-</span> 
     </span>
    </p>
   </div>
   <div class='ocr_carea' id='block_1_3' title="bbox 314 749 1971 824">
    <p class='ocr_par' dir='ltr' id='par_1_3' title="bbox 314 749 1971 824">
     <span class='ocr_line' id='line_1_3' title="bbox 314 749 1971 824; baseline -0.001 -17"><span class='ocrx_word' id='word_1_9' title='bbox 314 769 491 824; x_wconf 91' lang='lat' dir='ltr'>quam</span> <span class='ocrx_word' id='word_1_10' title='bbox 525 753 702 807; x_wconf 85' lang='lat' dir='ltr'>deum</span> <span class='ocrx_word' id='word_1_11' title='bbox 734 752 957 806; x_wconf 90' lang='lat' dir='ltr'>colunt.</span> <span class='ocrx_word' id='word_1_12' title='bbox 993 752 1071 806; x_wconf 87' lang='lat' dir='ltr'>De</span> <span class='ocrx_word' id='word_1_13' title='bbox 1104 750 1320 821; x_wconf 81' lang='lat' dir='ltr'>quibus</span> <span class='ocrx_word' id='word_1_14' title='bbox 1352 751 1491 806; x_wconf 82' lang='lat' dir='ltr'>alibi</span> <span class='ocrx_word' id='word_1_15' title='bbox 1547 750 1728 816; x_wconf 86' lang='lat' dir='ltr'>dicit;</span> <span class='ocrx_word' id='word_1_16' title='bbox 1761 774 1789 799; x_wconf 90' lang='grc'><strong>‹‹</strong></span> <span class='ocrx_word' id='word_1_17' title='bbox 1824 749 1971 805; x_wconf 83' lang='lat' dir='ltr'>Eda-</span> 
     </span>
    </p>
   </div>
   <div class='ocr_carea' id='block_1_4' title="bbox 314 841 1973 909">
    <p class='ocr_par' dir='ltr' id='par_1_4' title="bbox 314 841 1973 909">
     <span class='ocr_line' id='line_1_4' title="bbox 314 841 1973 909; baseline -0.002 -11"><span class='ocrx_word' id='word_1_18' title='bbox 314 861 447 898; x_wconf 89' lang='lat' dir='ltr'>mus</span> <span class='ocrx_word' id='word_1_19' title='bbox 481 849 539 898; x_wconf 89' lang='lat' dir='ltr'>et</span> <span class='ocrx_word' id='word_1_20' title='bbox 570 843 865 909; x_wconf 83' lang='lat' dir='ltr'>bibamus,</span> <span class='ocrx_word' id='word_1_21' title='bbox 898 860 1029 897; x_wconf 85' lang='lat' dir='ltr'>eras</span> <span class='ocrx_word' id='word_1_22' title='bbox 1053 843 1212 897; x_wconf 91' lang='lat' dir='ltr'>enim</span> <span class='ocrx_word' id='word_1_23' title='bbox 1240 842 1649 897; x_wconf 67' lang='lat' dir='ltr'>moriemur&quot;.</span> <span class='ocrx_word' id='word_1_24' title='bbox 1687 864 1713 890; x_wconf 76' lang='grc' dir='ltr'>ι)</span> <span class='ocrx_word' id='word_1_25' title='bbox 1740 841 1973 896; x_wconf 77' lang='lat' dir='ltr'>Etenim</span> 
     </span>
    </p>
   </div>
   <div class='ocr_carea' id='block_1_5' title="bbox 316 931 1973 1003">
    <p class='ocr_par' dir='ltr' id='par_1_5' title="bbox 316 931 1973 1003">
     <span class='ocr_line' id='line_1_5' title="bbox 316 931 1973 1003; baseline -0.001 -16"><span class='ocrx_word' id='word_1_26' title='bbox 316 934 394 987; x_wconf 92' lang='lat' dir='ltr'>ibi</span> <span class='ocrx_word' id='word_1_27' title='bbox 426 948 662 1003; x_wconf 90' lang='lat' dir='ltr'>quoque</span> <span class='ocrx_word' id='word_1_28' title='bbox 695 933 767 987; x_wconf 91' lang='lat' dir='ltr'>de</span> <span class='ocrx_word' id='word_1_29' title='bbox 801 932 1054 987; x_wconf 83' lang='lat' dir='ltr'>addictis</span> <span class='ocrx_word' id='word_1_30' title='bbox 1082 932 1274 986; x_wconf 81' lang='lat' dir='ltr'>ventri</span> <span class='ocrx_word' id='word_1_31' title='bbox 1311 949 1378 986; x_wconf 90' lang='lat' dir='ltr'>ac</span> <span class='ocrx_word' id='word_1_32' title='bbox 1403 931 1556 1003; x_wconf 67' lang='lat' dir='ltr'>gula:</span> <span class='ocrx_word' id='word_1_33' title='bbox 1597 931 1973 1002; x_wconf 84' lang='lat' dir='ltr'>loquebatur.</span> 
     </span>
    </p>
   </div>
   <div class='ocr_carea' id='block_1_6' title="bbox 312 1021 1976 1094">
    <p class='ocr_par' dir='ltr' id='par_1_6' title="bbox 312 1021 1976 1094">
     <span class='ocr_line' id='line_1_6' title="bbox 312 1021 1976 1094; baseline -0.001 -20"><span class='ocrx_word' id='word_1_34' title='bbox 312 1045 339 1073; x_wconf 81' lang='grc'>‹‹</span> <span class='ocrx_word' id='word_1_35' title='bbox 366 1025 435 1076; x_wconf 87' lang='lat' dir='ltr'>Et</span> <span class='ocrx_word' id='word_1_36' title='bbox 461 1022 649 1094; x_wconf 89' lang='lat' dir='ltr'>gloria</span> <span class='ocrx_word' id='word_1_37' title='bbox 678 1022 741 1077; x_wconf 90' lang='lat' dir='ltr'>in</span> <span class='ocrx_word' id='word_1_38' title='bbox 771 1022 1065 1077; x_wconf 83' lang='lat' dir='ltr'>dedecore</span> <span class='ocrx_word' id='word_1_39' title='bbox 1096 1022 1382 1093; x_wconf 90' lang='lat' dir='ltr'>ipsorum.</span> <span class='ocrx_word' id='word_1_40' title='bbox 1420 1044 1444 1070; x_wconf 72' lang='grc' dir='ltr'>»ι</span> <span class='ocrx_word' id='word_1_41' title='bbox 1482 1021 1643 1076; x_wconf 87' lang='lat' dir='ltr'>Multi</span> <span class='ocrx_word' id='word_1_42' title='bbox 1685 1022 1855 1077; x_wconf 90' lang='lat' dir='ltr'>aiunt</span> <span class='ocrx_word' id='word_1_43' title='bbox 1885 1021 1976 1091; x_wconf 88' lang='lat' dir='ltr'>ip-</span> 
     </span>
    </p>
   </div>
   <div class='ocr_carea' id='block_1_7' title="bbox 313 1109 1975 1183">
    <p class='ocr_par' dir='ltr' id='par_1_7' title="bbox 313 1109 1975 1183">
     <span class='ocr_line' id='line_1_7' title="bbox 313 1109 1975 1183; baseline -0.003 -16"><span class='ocrx_word' id='word_1_44' title='bbox 313 1129 447 1167; x_wconf 90' lang='lat' dir='ltr'>sum</span> <span class='ocrx_word' id='word_1_45' title='bbox 480 1128 589 1183; x_wconf 92' lang='lat' dir='ltr'>per</span> <span class='ocrx_word' id='word_1_46' title='bbox 617 1112 743 1167; x_wconf 62' lang='lat' dir='ltr'>huic</span> <span class='ocrx_word' id='word_1_47' title='bbox 773 1110 1291 1166; x_wconf 89' lang='lat' dir='ltr'>circumcisionem</span> <span class='ocrx_word' id='word_1_48' title='bbox 1324 1110 1612 1173; x_wconf 84' lang='lat' dir='ltr'>innuisse,</span> <span class='ocrx_word' id='word_1_49' title='bbox 1645 1116 1705 1165; x_wconf 86' lang='lat' dir='ltr'>at</span> <span class='ocrx_word' id='word_1_50' title='bbox 1737 1127 1858 1164; x_wconf 92' lang='lat' dir='ltr'>non</span> <span class='ocrx_word' id='word_1_51' title='bbox 1893 1109 1975 1163; x_wconf 92' lang='lat' dir='ltr'>ita</span> 
     </span>
    </p>
   </div>
   <div class='ocr_carea' id='block_1_8' title="bbox 312 1200 1978 1273">
    <p class='ocr_par' dir='ltr' id='par_1_8' title="bbox 312 1200 1978 1273">
     <span class='ocr_line' id='line_1_8' title="bbox 312 1200 1978 1273; baseline -0.001 -17"><span class='ocrx_word' id='word_1_52' title='bbox 312 1207 438 1256; x_wconf 88' lang='lat' dir='ltr'>est:</span> <span class='ocrx_word' id='word_1_53' title='bbox 476 1201 582 1256; x_wconf 92' lang='lat' dir='ltr'>sed</span> <span class='ocrx_word' id='word_1_54' title='bbox 608 1201 682 1256; x_wconf 91' lang='lat' dir='ltr'>ob</span> <span class='ocrx_word' id='word_1_55' title='bbox 708 1218 797 1267; x_wconf 89' lang='lat' dir='ltr'>ea,</span> <span class='ocrx_word' id='word_1_56' title='bbox 832 1201 1048 1271; x_wconf 86' lang='lat' dir='ltr'>inquit,</span> <span class='ocrx_word' id='word_1_57' title='bbox 1082 1200 1416 1273; x_wconf 81' lang='lat' dir='ltr'>gloriantur</span> <span class='ocrx_word' id='word_1_58' title='bbox 1445 1207 1690 1271; x_wconf 83' lang='lat' dir='ltr'>propter</span> <span class='ocrx_word' id='word_1_59' title='bbox 1720 1215 1851 1270; x_wconf 66' lang='lat' dir='ltr'>quas</span> <span class='ocrx_word' id='word_1_60' title='bbox 1884 1215 1978 1254; x_wconf 86' lang='lat' dir='ltr'>oc-</span> 
     </span>
    </p>
   </div>
   <div class='ocr_carea' id='block_1_9' title="bbox 308 1288 1977 1362">
    <p class='ocr_par' dir='ltr' id='par_1_9' title="bbox 308 1288 1977 1362">
     <span class='ocr_line' id='line_1_9' title="bbox 308 1288 1977 1362; baseline -0.002 -17"><span class='ocrx_word' id='word_1_61' title='bbox 308 1290 523 1345; x_wconf 90' lang='lat' dir='ltr'>cultari</span> <span class='ocrx_word' id='word_1_62' title='bbox 555 1297 615 1346; x_wconf 90' lang='lat' dir='ltr'>et</span> <span class='ocrx_word' id='word_1_63' title='bbox 644 1290 869 1361; x_wconf 89' lang='lat' dir='ltr'>pudore</span> <span class='ocrx_word' id='word_1_64' title='bbox 899 1290 1055 1346; x_wconf 80' lang='lat' dir='ltr'>affici</span> <span class='ocrx_word' id='word_1_65' title='bbox 1088 1291 1371 1362; x_wconf 82' lang='lat' dir='ltr'>oportuit.</span> <span class='ocrx_word' id='word_1_66' title='bbox 1404 1312 1433 1339; x_wconf 86' lang='grc'>‹‹</span> <span class='ocrx_word' id='word_1_67' title='bbox 1464 1290 1613 1355; x_wconf 91' lang='lat' dir='ltr'>Quia</span> <span class='ocrx_word' id='word_1_68' title='bbox 1667 1288 1977 1345; x_wconf 82' lang='lat' dir='ltr'>terrestria</span> 
     </span>
    </p>
   </div>
   <div class='ocr_carea' id='block_1_10' title="bbox 314 1377 1976 1450">
    <p class='ocr_par' dir='ltr' id='par_1_10' title="bbox 314 1377 1976 1450">
     <span class='ocr_line' id='line_1_10' title="bbox 314 1377 1976 1450; baseline -0.002 -16"><span class='ocrx_word' id='word_1_69' title='bbox 314 1384 543 1434; x_wconf 85' lang='lat' dir='ltr'>curant.</span> <span class='ocrx_word' id='word_1_70' title='bbox 576 1400 605 1429; x_wconf 86' lang='lat'>»</span> <span class='ocrx_word' id='word_1_71' title='bbox 641 1380 783 1434; x_wconf 86' lang='lat' dir='ltr'>Nam</span> <span class='ocrx_word' id='word_1_72' title='bbox 815 1380 917 1450; x_wconf 89' lang='lat' dir='ltr'>qui</span> <span class='ocrx_word' id='word_1_73' title='bbox 947 1379 1216 1450; x_wconf 86' lang='lat' dir='ltr'>requiem</span> <span class='ocrx_word' id='word_1_74' title='bbox 1247 1395 1315 1435; x_wconf 86' lang='lat' dir='ltr'>ac</span> <span class='ocrx_word' id='word_1_75' title='bbox 1345 1377 1594 1433; x_wconf 79' lang='lat' dir='ltr'>delicias</span> <span class='ocrx_word' id='word_1_76' title='bbox 1634 1377 1976 1449; x_wconf 88' lang='lat' dir='ltr'>requirunt,</span> 
     </span>
    </p>
   </div>
   <div class='ocr_carea' id='block_1_11' title="bbox 319 1468 978 1524">
    <p class='ocr_par' dir='ltr' id='par_1_11' title="bbox 319 1468 978 1524">
     <span class='ocr_line' id='line_1_11' title="bbox 319 1468 978 1524; baseline 0 -2"><span class='ocrx_word' id='word_1_77' title='bbox 319 1468 376 1523; x_wconf 90' lang='lat' dir='ltr'>hi</span> <span class='ocrx_word' id='word_1_78' title='bbox 412 1469 718 1524; x_wconf 86' lang='lat' dir='ltr'>terrestria</span> <span class='ocrx_word' id='word_1_79' title='bbox 747 1474 978 1524; x_wconf 87' lang='lat' dir='ltr'>curant.</span> 
     </span>
    </p>
   </div>
   <div class='ocr_carea' id='block_1_12' title="bbox 390 1621 1978 1693">
    <p class='ocr_par' dir='ltr' id='par_1_12' title="bbox 390 1621 1978 1693">
     <span class='ocr_line' id='line_1_12' title="bbox 390 1621 1978 1693; baseline -0.002 -15"><span class='ocrx_word' id='word_1_80' title='bbox 390 1625 488 1693; x_wconf 82' lang='lat' dir='ltr'>lli,</span> <span class='ocrx_word' id='word_1_81' title='bbox 521 1626 612 1692; x_wconf 87' lang='lat'>20,</span> <span class='ocrx_word' id='word_1_82' title='bbox 643 1627 731 1678; x_wconf 80' lang='grc'>21.</span> <span class='ocrx_word' id='word_1_83' title='bbox 784 1624 985 1680; x_wconf 81' lang='lat' dir='ltr'>Nostra</span> <span class='ocrx_word' id='word_1_84' title='bbox 1009 1625 1156 1679; x_wconf 79' lang='lat' dir='ltr'>enim</span> <span class='ocrx_word' id='word_1_85' title='bbox 1197 1624 1539 1679; x_wconf 79' lang='lat' dir='ltr'>conversatio</span> <span class='ocrx_word' id='word_1_86' title='bbox 1582 1624 1641 1677; x_wconf 82' lang='lat' dir='ltr'>in</span> <span class='ocrx_word' id='word_1_87' title='bbox 1691 1621 1837 1678; x_wconf 66' lang='lat' dir='ltr'>caelis</span> <span class='ocrx_word' id='word_1_88' title='bbox 1877 1628 1978 1686; x_wconf 84' lang='lat' dir='ltr'>est,</span> 
     </span>
    </p>
   </div>
   <div class='ocr_carea' id='block_1_13' title="bbox 323 1713 1978 1784">
    <p class='ocr_par' dir='ltr' id='par_1_13' title="bbox 323 1713 1978 1784">
     <span class='ocr_line' id='line_1_13' title="bbox 323 1713 1978 1784; baseline -0.002 -15"><span class='ocrx_word' id='word_1_89' title='bbox 323 1731 387 1769; x_wconf 81' lang='lat' dir='ltr'>ex</span> <span class='ocrx_word' id='word_1_90' title='bbox 419 1731 529 1784; x_wconf 86' lang='lat' dir='ltr'>quo</span> <span class='ocrx_word' id='word_1_91' title='bbox 554 1716 720 1768; x_wconf 83' lang='lat' dir='ltr'>etiam</span> <span class='ocrx_word' id='word_1_92' title='bbox 761 1713 1103 1769; x_wconf 73' lang='lat' dir='ltr'>Salvatorem</span> <span class='ocrx_word' id='word_1_93' title='bbox 1151 1720 1526 1783; x_wconf 71' lang='lat' dir='ltr'>exspectamus</span> <span class='ocrx_word' id='word_1_94' title='bbox 1575 1714 1860 1767; x_wconf 87' lang='lat' dir='ltr'>Dominum</span> <span class='ocrx_word' id='word_1_95' title='bbox 1889 1714 1978 1766; x_wconf 82' lang='lat' dir='ltr'>Je-</span> 
     </span>
    </p>
   </div>
   <div class='ocr_carea' id='block_1_14' title="bbox 324 1803 1981 1873">
    <p class='ocr_par' dir='ltr' id='par_1_14' title="bbox 324 1803 1981 1873">
     <span class='ocr_line' id='line_1_14' title="bbox 324 1803 1981 1873; baseline -0.002 -14"><span class='ocrx_word' id='word_1_96' title='bbox 324 1820 442 1859; x_wconf 83' lang='lat' dir='ltr'>sum</span> <span class='ocrx_word' id='word_1_97' title='bbox 502 1804 799 1867; x_wconf 82' lang='lat' dir='ltr'>Christum,</span> <span class='ocrx_word' id='word_1_98' title='bbox 859 1805 958 1873; x_wconf 83' lang='lat' dir='ltr'>qui</span> <span class='ocrx_word' id='word_1_99' title='bbox 1014 1803 1431 1872; x_wconf 78' lang='lat' dir='ltr'>transﬁgurabzt</span> <span class='ocrx_word' id='word_1_100' title='bbox 1488 1819 1686 1871; x_wconf 80' lang='lat' dir='ltr'>corpus</span> <span class='ocrx_word' id='word_1_101' title='bbox 1731 1808 1981 1857; x_wconf 82' lang='lat' dir='ltr'>nostrum</span> 
     </span>
    </p>
   </div>
   <div class='ocr_carea' id='block_1_15' title="bbox 321 1890 1983 1963">
    <p class='ocr_par' dir='ltr' id='par_1_15' title="bbox 321 1890 1983 1963">
     <span class='ocr_line' id='line_1_15' title="bbox 321 1890 1983 1963; baseline -0.001 -15"><span class='ocrx_word' id='word_1_102' title='bbox 321 1894 618 1963; x_wconf 81' lang='lat' dir='ltr'>abjectum,</span> <span class='ocrx_word' id='word_1_103' title='bbox 646 1900 707 1947; x_wconf 82' lang='lat' dir='ltr'>ut</span> <span class='ocrx_word' id='word_1_104' title='bbox 740 1895 922 1962; x_wconf 73' lang='lat' dir='ltr'>ipsum</span> <span class='ocrx_word' id='word_1_105' title='bbox 952 1896 1232 1960; x_wconf 86' lang='lat' dir='ltr'>conforme</span> <span class='ocrx_word' id='word_1_106' title='bbox 1260 1893 1359 1961; x_wconf 80' lang='lat' dir='ltr'>ﬁat</span> <span class='ocrx_word' id='word_1_107' title='bbox 1390 1894 1609 1961; x_wconf 75' lang='lat' dir='ltr'>corpori</span> <span class='ocrx_word' id='word_1_108' title='bbox 1641 1892 1794 1946; x_wconf 72' lang='lat'>102</span> <span class='ocrx_word' id='word_1_109' title='bbox 1828 1890 1983 1946; x_wconf 81' lang='lat' dir='ltr'>illius</span> 
     </span>
    </p>
   </div>
   <div class='ocr_carea' id='block_1_16' title="bbox 322 1982 1983 2053">
    <p class='ocr_par' dir='ltr' id='par_1_16' title="bbox 322 1982 1983 2053">
     <span class='ocr_line' id='line_1_16' title="bbox 322 1982 1983 2053; baseline -0.001 -17"><span class='ocrx_word' id='word_1_110' title='bbox 322 1982 583 2053; x_wconf 83' lang='lat' dir='ltr'>glorioso,</span> <span class='ocrx_word' id='word_1_111' title='bbox 615 1984 913 2038; x_wconf 81' lang='lat' dir='ltr'>secundum</span> <span class='ocrx_word' id='word_1_112' title='bbox 940 1983 1262 2050; x_wconf 80' lang='lat' dir='ltr'>efﬁcaciam,</span> <span class='ocrx_word' id='word_1_113' title='bbox 1304 1998 1417 2051; x_wconf 89' lang='lat' dir='ltr'>qua</span> <span class='ocrx_word' id='word_1_114' title='bbox 1458 1987 1639 2052; x_wconf 81' lang='lat' dir='ltr'>potest</span> <span class='ocrx_word' id='word_1_115' title='bbox 1669 1983 1834 2037; x_wconf 76' lang='lat' dir='ltr'>etiam</span> <span class='ocrx_word' id='word_1_116' title='bbox 1863 1982 1983 2036; x_wconf 84' lang='lat' dir='ltr'>sub-</span> 
     </span>
    </p>
   </div>
   <div class='ocr_carea' id='block_1_17' title="bbox 314 2073 861 2142">
    <p class='ocr_par' dir='ltr' id='par_1_17' title="bbox 314 2073 861 2142">
     <span class='ocr_line' id='line_1_17' title="bbox 314 2073 861 2142; baseline 0.002 -15"><span class='ocrx_word' id='word_1_117' title='bbox 314 2073 493 2142; x_wconf 78' lang='lat' dir='ltr'>jicere</span> <span class='ocrx_word' id='word_1_118' title='bbox 518 2073 629 2129; x_wconf 81' lang='lat' dir='ltr'>sibi</span> <span class='ocrx_word' id='word_1_119' title='bbox 656 2074 861 2128; x_wconf 83' lang='lat' dir='ltr'>omnia.</span> 
     </span>
    </p>
   </div>
   <div class='ocr_carea' id='block_1_18' title="bbox 396 2336 1981 2410">
    <p class='ocr_par' dir='ltr' id='par_1_18' title="bbox 396 2336 1981 2410">
     <span class='ocr_line' id='line_1_18' title="bbox 396 2336 1981 2410; baseline -0.001 -18"><span class='ocrx_word' id='word_1_120' title='bbox 396 2338 639 2409; x_wconf 85' lang='lat' dir='ltr'>Oportet</span> <span class='ocrx_word' id='word_1_121' title='bbox 667 2338 867 2409; x_wconf 82' lang='lat' dir='ltr'>itaque</span> <span class='ocrx_word' id='word_1_122' title='bbox 899 2354 1031 2410; x_wconf 80' lang='lat' dir='ltr'>qum</span> <span class='ocrx_word' id='word_1_123' title='bbox 1063 2339 1126 2392; x_wconf 91' lang='lat' dir='ltr'>in</span> <span class='ocrx_word' id='word_1_124' title='bbox 1166 2337 1328 2394; x_wconf 68' lang='lat' dir='ltr'>caelis</span> <span class='ocrx_word' id='word_1_125' title='bbox 1375 2344 1511 2393; x_wconf 91' lang='lat' dir='ltr'>sunt</span> <span class='ocrx_word' id='word_1_126' title='bbox 1558 2354 1847 2410; x_wconf 66' lang='lat' dir='ltr'>quaerere,</span> <span class='ocrx_word' id='word_1_127' title='bbox 1881 2336 1981 2391; x_wconf 89' lang='lat' dir='ltr'>ubi</span> 
     </span>
    </p>
   </div>
   <div class='ocr_carea' id='block_1_19' title="bbox 318 2425 1980 2497">
    <p class='ocr_par' dir='ltr' id='par_1_19' title="bbox 318 2425 1980 2497">
     <span class='ocr_line' id='line_1_19' title="bbox 318 2425 1980 2497; baseline 0 -17"><span class='ocrx_word' id='word_1_128' title='bbox 318 2432 523 2480; x_wconf 88' lang='lat' dir='ltr'>nostra</span> <span class='ocrx_word' id='word_1_129' title='bbox 556 2432 646 2480; x_wconf 82' lang='lat' dir='ltr'>est</span> <span class='ocrx_word' id='word_1_130' title='bbox 690 2427 1061 2481; x_wconf 83' lang='lat' dir='ltr'>conversatio</span> <span class='ocrx_word' id='word_1_131' title='bbox 1100 2433 1203 2483; x_wconf 89' lang='lat' dir='ltr'>aut</span> <span class='ocrx_word' id='word_1_132' title='bbox 1233 2433 1451 2481; x_wconf 67' lang='lat' dir='ltr'>nostra:</span> <span class='ocrx_word' id='word_1_133' title='bbox 1504 2426 1849 2497; x_wconf 64' lang='lat' dir='ltr'>reipublicae</span> <span class='ocrx_word' id='word_1_134' title='bbox 1876 2425 1980 2481; x_wconf 89' lang='lat' dir='ltr'>ad—</span> 
     </span>
    </p>
   </div>
   <div class='ocr_carea' id='block_1_20' title="bbox 319 2513 1983 2588">
    <p class='ocr_par' dir='ltr' id='par_1_20' title="bbox 319 2513 1983 2588">
     <span class='ocr_line' id='line_1_20' title="bbox 319 2513 1983 2588; baseline 0.001 -20"><span class='ocrx_word' id='word_1_135' title='bbox 319 2513 704 2570; x_wconf 87' lang='lat' dir='ltr'>ministratio.</span> <span class='ocrx_word' id='word_1_136' title='bbox 738 2515 822 2570; x_wconf 86' lang='lat' dir='ltr'>Ibi</span> <span class='ocrx_word' id='word_1_137' title='bbox 854 2532 1114 2586; x_wconf 80' lang='lat' dir='ltr'>namque</span> <span class='ocrx_word' id='word_1_138' title='bbox 1164 2516 1516 2583; x_wconf 88' lang='lat' dir='ltr'>militamus,</span> <span class='ocrx_word' id='word_1_139' title='bbox 1564 2515 1644 2571; x_wconf 91' lang='lat' dir='ltr'>ibi</span> <span class='ocrx_word' id='word_1_140' title='bbox 1694 2515 1983 2588; x_wconf 84' lang='lat' dir='ltr'>guberna—</span> 
     </span>
    </p>
   </div>
   <div class='ocr_carea' id='block_1_21' title="bbox 324 2603 1979 2673">
    <p class='ocr_par' dir='ltr' id='par_1_21' title="bbox 324 2603 1979 2673">
     <span class='ocr_line' id='line_1_21' title="bbox 324 2603 1979 2673; baseline 0.001 -18"><span class='ocrx_word' id='word_1_141' title='bbox 324 2619 479 2666; x_wconf 85' lang='lat' dir='ltr'>mur,</span> <span class='ocrx_word' id='word_1_142' title='bbox 520 2627 539 2650; x_wconf 79' lang='grc' dir='ltr'>ι</span> <span class='ocrx_word' id='word_1_143' title='bbox 577 2604 661 2657; x_wconf 85' lang='lat' dir='ltr'><strong>Ex</strong></span> <span class='ocrx_word' id='word_1_144' title='bbox 691 2619 807 2673; x_wconf 90' lang='lat' dir='ltr'>quo</span> <span class='ocrx_word' id='word_1_145' title='bbox 840 2603 1018 2657; x_wconf 90' lang='lat' dir='ltr'>etiam</span> <span class='ocrx_word' id='word_1_146' title='bbox 1045 2604 1427 2660; x_wconf 87' lang='lat' dir='ltr'>Salvatorem.</span> <span class='ocrx_word' id='word_1_147' title='bbox 1465 2607 1558 2658; x_wconf 85' lang='grc' dir='ltr'>»Ε</span> <span class='ocrx_word' id='word_1_148' title='bbox 1607 2604 1754 2660; x_wconf 69' lang='lat' dir='ltr'>caelo</span> <span class='ocrx_word' id='word_1_149' title='bbox 1785 2604 1979 2659; x_wconf 87' lang='lat' dir='ltr'>domi-</span> 
     </span>
    </p>
   </div>
   <div class='ocr_carea' id='block_1_22' title="bbox 325 2692 1983 2764">
    <p class='ocr_par' dir='ltr' id='par_1_22' title="bbox 325 2692 1983 2764">
     <span class='ocr_line' id='line_1_22' title="bbox 325 2692 1983 2764; baseline 0.002 -19"><span class='ocrx_word' id='word_1_150' title='bbox 325 2707 471 2745; x_wconf 90' lang='lat' dir='ltr'>num</span> <span class='ocrx_word' id='word_1_151' title='bbox 504 2698 772 2746; x_wconf 88' lang='lat' dir='ltr'>nostrum</span> <span class='ocrx_word' id='word_1_152' title='bbox 806 2709 873 2746; x_wconf 93' lang='lat' dir='ltr'>ac</span> <span class='ocrx_word' id='word_1_153' title='bbox 917 2692 1276 2747; x_wconf 79' lang='lat' dir='ltr'>Salvatorem</span> <span class='ocrx_word' id='word_1_154' title='bbox 1310 2699 1747 2763; x_wconf 85' lang='lat' dir='ltr'>exspectamus,</span> <span class='ocrx_word' id='word_1_155' title='bbox 1779 2693 1881 2764; x_wconf 86' lang='lat' dir='ltr'>qui</span> <span class='ocrx_word' id='word_1_156' title='bbox 1922 2692 1983 2748; x_wconf 88' lang='lat' dir='ltr'>in</span> 
     </span>
    </p>
   </div>
   <div class='ocr_carea' id='block_1_23' title="bbox 329 2781 1983 2852">
    <p class='ocr_par' dir='ltr' id='par_1_23' title="bbox 329 2781 1983 2852">
     <span class='ocr_line' id='line_1_23' title="bbox 329 2781 1983 2852; baseline 0.002 -17"><span class='ocrx_word' id='word_1_157' title='bbox 329 2786 581 2851; x_wconf 89' lang='lat' dir='ltr'>paterna</span> <span class='ocrx_word' id='word_1_158' title='bbox 610 2781 917 2852; x_wconf 85' lang='lat' dir='ltr'>apparebit</span> <span class='ocrx_word' id='word_1_159' title='bbox 940 2781 1127 2851; x_wconf 80' lang='lat' dir='ltr'>gloria</span> <span class='ocrx_word' id='word_1_160' title='bbox 1159 2783 1218 2836; x_wconf 88' lang='lat' dir='ltr'>in</span> <span class='ocrx_word' id='word_1_161' title='bbox 1252 2782 1513 2838; x_wconf 88' lang='lat' dir='ltr'>secundo</span> <span class='ocrx_word' id='word_1_162' title='bbox 1544 2782 1796 2837; x_wconf 87' lang='lat' dir='ltr'>adventu</span> <span class='ocrx_word' id='word_1_163' title='bbox 1846 2798 1983 2838; x_wconf 92' lang='lat' dir='ltr'>cum</span> 
     </span>
    </p>
   </div>
   <div class='ocr_carea' id='block_1_24' title="bbox 331 2870 1983 2943">
    <p class='ocr_par' dir='ltr' id='par_1_24' title="bbox 331 2870 1983 2943">
     <span class='ocr_line' id='line_1_24' title="bbox 331 2870 1983 2943; baseline 0.001 -19"><span class='ocrx_word' id='word_1_164' title='bbox 331 2871 555 2925; x_wconf 86' lang='lat' dir='ltr'>sanctis</span> <span class='ocrx_word' id='word_1_165' title='bbox 586 2871 811 2941; x_wconf 76' lang='lat' dir='ltr'>angelis</span> <span class='ocrx_word' id='word_1_166' title='bbox 841 2871 984 2925; x_wconf 84' lang='lat' dir='ltr'>suis.</span> <span class='ocrx_word' id='word_1_167' title='bbox 1019 2871 1355 2936; x_wconf 88' lang='lat' dir='ltr'>Quinetiam</span> <span class='ocrx_word' id='word_1_168' title='bbox 1390 2870 1858 2943; x_wconf 79' lang='lat' dir='ltr'>transfigurabit,</span> <span class='ocrx_word' id='word_1_169' title='bbox 1892 2871 1983 2925; x_wconf 88' lang='lat' dir='ltr'>in-</span> 
     </span>
    </p>
   </div>
   <div class='ocr_carea' id='block_1_25' title="bbox 331 2958 1984 3031">
    <p class='ocr_par' dir='ltr' id='par_1_25' title="bbox 331 2958 1984 3031">
     <span class='ocr_line' id='line_1_25' title="bbox 331 2958 1984 3031; baseline 0.001 -18"><span class='ocrx_word' id='word_1_170' title='bbox 331 2958 480 3029; x_wconf 89' lang='lat' dir='ltr'>quit,</span> <span class='ocrx_word' id='word_1_171' title='bbox 516 2975 583 3014; x_wconf 93' lang='lat' dir='ltr'>ac</span> <span class='ocrx_word' id='word_1_172' title='bbox 604 2959 997 3013; x_wconf 87' lang='lat' dir='ltr'>commutabit</span> <span class='ocrx_word' id='word_1_173' title='bbox 1026 2977 1291 3030; x_wconf 67' lang='lat' dir='ltr'>praesens</span> <span class='ocrx_word' id='word_1_174' title='bbox 1332 2977 1565 3031; x_wconf 87' lang='lat' dir='ltr'>corpus.</span> <span class='ocrx_word' id='word_1_175' title='bbox 1600 2960 1838 3014; x_wconf 89' lang='lat' dir='ltr'>Vocavit</span> <span class='ocrx_word' id='word_1_176' title='bbox 1878 2976 1984 3014; x_wconf 87' lang='lat' dir='ltr'>au-</span> 
     </span>
    </p>
   </div>
   <div class='ocr_carea' id='block_1_26' title="bbox 333 3046 1984 3120">
    <p class='ocr_par' dir='ltr' id='par_1_26' title="bbox 333 3046 1984 3120">
     <span class='ocr_line' id='line_1_26' title="bbox 333 3046 1984 3120; baseline 0.001 -20"><span class='ocrx_word' id='word_1_177' title='bbox 333 3052 451 3100; x_wconf 87' lang='lat' dir='ltr'>tem</span> <span class='ocrx_word' id='word_1_178' title='bbox 484 3046 680 3117; x_wconf 88' lang='lat' dir='ltr'>ipsum</span> <span class='ocrx_word' id='word_1_179' title='bbox 710 3047 1030 3119; x_wconf 81' lang='lat' dir='ltr'>abjectum.</span> <span class='ocrx_word' id='word_1_180' title='bbox 1084 3065 1152 3103; x_wconf 91' lang='lat' dir='ltr'>eo</span> <span class='ocrx_word' id='word_1_181' title='bbox 1185 3049 1342 3117; x_wconf 91' lang='lat' dir='ltr'>quod</span> <span class='ocrx_word' id='word_1_182' title='bbox 1388 3048 1723 3120; x_wconf 85' lang='lat' dir='ltr'>subjectum</span> <span class='ocrx_word' id='word_1_183' title='bbox 1749 3050 1825 3104; x_wconf 89' lang='lat' dir='ltr'>sit</span> <span class='ocrx_word' id='word_1_184' title='bbox 1854 3066 1984 3104; x_wconf 87' lang='lat' dir='ltr'>cor-</span> 
     </span>
    </p>
   </div>
   <div class='ocr_carea' id='block_1_27' title="bbox 332 3136 1983 3210">
    <p class='ocr_par' dir='ltr' id='par_1_27' title="bbox 332 3136 1983 3210">
     <span class='ocr_line' id='line_1_27' title="bbox 332 3136 1983 3210; baseline 0.002 -21"><span class='ocrx_word' id='word_1_185' title='bbox 332 3136 594 3207; x_wconf 88' lang='lat' dir='ltr'>ruptioni</span> <span class='ocrx_word' id='word_1_186' title='bbox 645 3142 704 3191; x_wconf 92' lang='lat' dir='ltr'>et</span> <span class='ocrx_word' id='word_1_187' title='bbox 753 3137 1135 3208; x_wconf 88' lang='lat' dir='ltr'>passionibus</span> <span class='ocrx_word' id='word_1_188' title='bbox 1191 3154 1258 3192; x_wconf 91' lang='lat' dir='ltr'>ac</span> <span class='ocrx_word' id='word_1_189' title='bbox 1290 3137 1614 3194; x_wconf 90' lang='lat' dir='ltr'>doloribus.</span> <span class='ocrx_word' id='word_1_190' title='bbox 1667 3140 1736 3191; x_wconf 90' lang='lat' dir='ltr'>Et</span> <span class='ocrx_word' id='word_1_191' title='bbox 1788 3138 1983 3210; x_wconf 82' lang='lat' dir='ltr'>faciet,</span> 
     </span>
    </p>
   </div>
   <div class='ocr_carea' id='block_1_28' title="bbox 331 3225 1989 3299">
    <p class='ocr_par' dir='ltr' id='par_1_28' title="bbox 331 3225 1989 3299">
     <span class='ocr_line' id='line_1_28' title="bbox 331 3225 1989 3299; baseline -0.001 -18"><span class='ocrx_word' id='word_1_192' title='bbox 331 3225 547 3297; x_wconf 81' lang='lat' dir='ltr'>inquit,</span> <span class='ocrx_word' id='word_1_193' title='bbox 577 3226 771 3280; x_wconf 84' lang='lat' dir='ltr'>simile</span> <span class='ocrx_word' id='word_1_194' title='bbox 804 3226 891 3281; x_wconf 92' lang='lat' dir='ltr'>illi</span> <span class='ocrx_word' id='word_1_195' title='bbox 924 3244 1030 3282; x_wconf 89' lang='lat' dir='ltr'>suo</span> <span class='ocrx_word' id='word_1_196' title='bbox 1053 3228 1284 3299; x_wconf 86' lang='lat' dir='ltr'>corpori</span> <span class='ocrx_word' id='word_1_197' title='bbox 1320 3228 1479 3299; x_wconf 89' lang='lat' dir='ltr'>quod</span> <span class='ocrx_word' id='word_1_198' title='bbox 1510 3246 1542 3283; x_wconf 88' lang='lat' dir='ltr'>a</span> <span class='ocrx_word' id='word_1_199' title='bbox 1573 3228 1795 3284; x_wconf 84' lang='lat' dir='ltr'>dextris</span> <span class='ocrx_word' id='word_1_200' title='bbox 1820 3228 1989 3284; x_wconf 89' lang='lat' dir='ltr'>sedet</span> 
     </span>
    </p>
   </div>
   <div class='ocr_carea' id='block_1_29' title="bbox 1442 438 2595 502">
    <p class='ocr_par' dir='ltr' id='par_1_29' title="bbox 1442 438 2595 502">
     <span class='ocr_line' id='line_1_29' title="bbox 1442 438 2595 502; baseline 0.001 -2"><span class='ocrx_word' id='word_1_201' title='bbox 1442 438 1852 501; x_wconf 74' lang='lat' dir='ltr'>(ECUMENII</span> <span class='ocrx_word' id='word_1_202' title='bbox 1898 438 2205 499; x_wconf 66' lang='lat' dir='ltr'>TllICCE</span> <span class='ocrx_word' id='word_1_203' title='bbox 2252 438 2595 502; x_wconf 79' lang='lat' dir='ltr'>EPISCOPl</span> 
     </span>
    </p>
   </div>
   <div class='ocr_carea' id='block_1_30' title="bbox 310 565 1991 646">
    <p class='ocr_par' dir='ltr' id='par_1_30' title="bbox 310 570 1964 646">
     <span class='ocr_line' id='line_1_30' title="bbox 310 570 1964 646; baseline -0.001 -17"><span class='ocrx_word' id='word_1_204' title='bbox 310 590 427 646; x_wconf 90' lang='lat' dir='ltr'>que</span> <span class='ocrx_word' id='word_1_205' title='bbox 480 571 903 629; x_wconf 89' lang='lat' dir='ltr'>immutandos.</span> <span class='ocrx_word' id='word_1_206' title='bbox 935 594 958 620; x_wconf 77' lang='grc' dir='ltr'>«ι</span> <span class='ocrx_word' id='word_1_207' title='bbox 1021 572 1284 636; x_wconf 88' lang='lat' dir='ltr'>Quorum</span> <span class='ocrx_word' id='word_1_208' title='bbox 1342 570 1489 626; x_wconf 85' lang='lat' dir='ltr'>deus</span> <span class='ocrx_word' id='word_1_209' title='bbox 1539 576 1742 627; x_wconf 86' lang='lat' dir='ltr'>venter</span> <span class='ocrx_word' id='word_1_210' title='bbox 1793 576 1899 627; x_wconf 89' lang='lat' dir='ltr'>est.</span> <span class='ocrx_word' id='word_1_211' title='bbox 1937 592 1964 619; x_wconf 87' lang='grc'><strong>››</strong></span> 
     </span>
    </p>
   </div>
   <div class='ocr_carea' id='block_1_31' title="bbox 2101 565 2838 646">
    <p class='ocr_par' dir='ltr' id='par_1_31' title="bbox 2101 565 2838 643">
     <span class='ocr_line' id='line_1_31' title="bbox 2101 565 2838 643; baseline 0.007 -23"><span class='ocrx_word' id='word_1_212' title='bbox 2101 571 2184 640; x_wconf 62' lang='grc' dir='ltr'>νεῷ</span> <span class='ocrx_word' id='word_1_213' title='bbox 2260 565 2610 624; x_wconf 78' lang='grc' dir='ltr'>δουλεύουσιν</span> <span class='ocrx_word' id='word_1_214' title='bbox 2675 570 2838 643; x_wconf 72' lang='grc' dir='ltr'>αὐτῇ.</span> 
     </span>
    </p>
   </div>
   <div class='ocr_carea' id='block_1_32' title="bbox 3583 440 3740 501">
    <p class='ocr_par' dir='ltr' id='par_1_32' title="bbox 3583 440 3740 501">
     <span class='ocr_line' id='line_1_32' title="bbox 3583 440 3740 501; baseline 0 -2"><span class='ocrx_word' id='word_1_215' title='bbox 3583 440 3740 501; x_wconf 63' lang='grc'>1312</span> 
     </span>
    </p>
   </div>
   <div class='ocr_carea' id='block_1_33' title="bbox 2915 567 3737 648">
    <p class='ocr_par' dir='ltr' id='par_1_33' title="bbox 2915 567 3737 648">
     <span class='ocr_line' id='line_1_33' title="bbox 2915 567 3737 648; baseline -0.001 -24"><span class='ocrx_word' id='word_1_216' title='bbox 2915 570 3043 645; x_wconf 82' lang='grc' dir='ltr'>Πιρῖ</span> <span class='ocrx_word' id='word_1_217' title='bbox 3117 571 3191 623; x_wconf 78' lang='grc' dir='ltr'>ὧν</span> <span class='ocrx_word' id='word_1_218' title='bbox 3261 567 3516 644; x_wconf 82' lang='grc' dir='ltr'>ἀλλαχοῦ</span> <span class='ocrx_word' id='word_1_219' title='bbox 3582 569 3737 648; x_wconf 69' lang='grc' dir='ltr'>φησί·</span> 
     </span>
    </p>
   </div>
   <div class='ocr_carea' id='block_1_34' title="bbox 2078 656 3733 733">
    <p class='ocr_par' dir='ltr' id='par_1_34' title="bbox 2078 656 3733 733">
     <span class='ocr_line' id='line_1_34' title="bbox 2078 656 3733 733; baseline -0.001 -23"><span class='ocrx_word' id='word_1_220' title='bbox 2078 682 2107 711; x_wconf 77' lang='grc' dir='ltr'>(ι</span> <span class='ocrx_word' id='word_1_221' title='bbox 2141 659 2412 733; x_wconf 64' lang='grc' dir='ltr'>ψέγωμεν</span> <span class='ocrx_word' id='word_1_222' title='bbox 2445 658 2536 715; x_wconf 80' lang='grc' dir='ltr'>καὶ</span> <span class='ocrx_word' id='word_1_223' title='bbox 2567 658 2805 733; x_wconf 76' lang='grc' dir='ltr'>πίωμεν,</span> <span class='ocrx_word' id='word_1_224' title='bbox 2840 656 3029 733; x_wconf 67' lang='grc' dir='ltr'>αὔριον</span> <span class='ocrx_word' id='word_1_225' title='bbox 3081 660 3182 732; x_wconf 67' lang='grc' dir='ltr'>γὰρ</span> <span class='ocrx_word' id='word_1_226' title='bbox 3224 659 3659 731; x_wconf 73' lang='grc' dir='ltr'>ἀποθνήσκομεν.</span> <span class='ocrx_word' id='word_1_227' title='bbox 3705 681 3733 708; x_wconf 76' lang='grc' dir='ltr'>η</span> 
     </span>
    </p>
   </div>
   <div class='ocr_carea' id='block_1_35' title="bbox 2081 744 3731 825">
    <p class='ocr_par' dir='ltr' id='par_1_35' title="bbox 2081 744 3731 825">
     <span class='ocr_line' id='line_1_35' title="bbox 2081 744 3731 825; baseline -0.003 -19"><span class='ocrx_word' id='word_1_228' title='bbox 2081 748 2182 806; x_wconf 82' lang='grc' dir='ltr'>Καὶ</span> <span class='ocrx_word' id='word_1_229' title='bbox 2214 749 2317 824; x_wconf 67' lang='grc' dir='ltr'>γὰρ</span> <span class='ocrx_word' id='word_1_230' title='bbox 2363 748 2517 803; x_wconf 81' lang='grc' dir='ltr'>κάκεῖ</span> <span class='ocrx_word' id='word_1_231' title='bbox 2582 749 2706 825; x_wconf 78' lang='grc' dir='ltr'>περὶ</span> <span class='ocrx_word' id='word_1_232' title='bbox 2763 752 3187 825; x_wconf 60' lang='grc' dir='ltr'>γαστριμάργῶν</span> <span class='ocrx_word' id='word_1_233' title='bbox 3255 744 3425 822; x_wconf 74' lang='grc' dir='ltr'>ἔλεγε·</span> <span class='ocrx_word' id='word_1_234' title='bbox 3487 773 3514 799; x_wconf 82' lang='grc' dir='ltr'>(ι</span> <span class='ocrx_word' id='word_1_235' title='bbox 3552 747 3654 804; x_wconf 77' lang='grc' dir='ltr'>Καὶ</span> <span class='ocrx_word' id='word_1_236' title='bbox 3694 750 3731 818; x_wconf 80' lang='grc' dir='ltr'><strong>ἠ</strong></span> 
     </span>
    </p>
   </div>
   <div class='ocr_carea' id='block_1_36' title="bbox 2080 834 3736 917">
    <p class='ocr_par' dir='ltr' id='par_1_36' title="bbox 2080 834 3736 917">
     <span class='ocr_line' id='line_1_36' title="bbox 2080 834 3736 917; baseline 0 -26"><span class='ocrx_word' id='word_1_237' title='bbox 2080 834 2208 907; x_wconf 78' lang='grc' dir='ltr'>δόξα</span> <span class='ocrx_word' id='word_1_238' title='bbox 2237 836 2288 892; x_wconf 82' lang='grc' dir='ltr'>ἐν</span> <span class='ocrx_word' id='word_1_239' title='bbox 2314 841 2382 911; x_wconf 81' lang='grc' dir='ltr'>τῇ</span> <span class='ocrx_word' id='word_1_240' title='bbox 2414 838 2645 917; x_wconf 63' lang='grc' dir='ltr'>αἰσχύνῃ</span> <span class='ocrx_word' id='word_1_241' title='bbox 2680 837 2878 893; x_wconf 78' lang='grc' dir='ltr'>αὐτῶν.</span> <span class='ocrx_word' id='word_1_242' title='bbox 2911 863 2940 890; x_wconf 70' lang='grc' dir='ltr'><strong>υ</strong></span> <span class='ocrx_word' id='word_1_243' title='bbox 2976 836 3187 895; x_wconf 79' lang='grc' dir='ltr'>Ηολλοὶ</span> <span class='ocrx_word' id='word_1_244' title='bbox 3224 838 3375 915; x_wconf 70' lang='grc' dir='ltr'>φασὶ,</span> <span class='ocrx_word' id='word_1_245' title='bbox 3430 838 3529 905; x_wconf 76' lang='grc' dir='ltr'>τήν</span> <span class='ocrx_word' id='word_1_246' title='bbox 3582 855 3736 912; x_wconf 74' lang='grc' dir='ltr'>περι·</span> 
     </span>
    </p>
   </div>
   <div class='ocr_carea' id='block_1_37' title="bbox 2080 922 3736 1002">
    <p class='ocr_par' dir='ltr' id='par_1_37' title="bbox 2080 922 3736 1002">
     <span class='ocr_line' id='line_1_37' title="bbox 2080 922 3736 1002; baseline 0.001 -22"><span class='ocrx_word' id='word_1_247' title='bbox 2080 929 2257 1000; x_wconf 73' lang='grc' dir='ltr'>τςμῆν</span> <span class='ocrx_word' id='word_1_248' title='bbox 2288 928 2445 983; x_wconf 82' lang='grc' dir='ltr'>αὐτὸν</span> <span class='ocrx_word' id='word_1_249' title='bbox 2477 926 2566 982; x_wconf 79' lang='grc' dir='ltr'>διὰ</span> <span class='ocrx_word' id='word_1_250' title='bbox 2613 926 2822 984; x_wconf 69' lang='grc' dir='ltr'>τούτων</span> <span class='ocrx_word' id='word_1_251' title='bbox 2883 927 3181 1002; x_wconf 58' lang='grc' dir='ltr'>εἷρηκὲναι,</span> <span class='ocrx_word' id='word_1_252' title='bbox 3240 925 3368 982; x_wconf 85' lang='grc' dir='ltr'>ἀλλ’</span> <span class='ocrx_word' id='word_1_253' title='bbox 3411 927 3513 982; x_wconf 76' lang='grc' dir='ltr'>οὐκ</span> <span class='ocrx_word' id='word_1_254' title='bbox 3567 922 3736 983; x_wconf 74' lang='grc' dir='ltr'>ἔστιν.</span> 
     </span>
    </p>
   </div>
   <div class='ocr_carea' id='block_1_38' title="bbox 2083 1014 3742 1096">
    <p class='ocr_par' dir='ltr' id='par_1_38' title="bbox 2083 1014 3742 1096">
     <span class='ocr_line' id='line_1_38' title="bbox 2083 1014 3742 1096; baseline -0.001 -25"><span class='ocrx_word' id='word_1_255' title='bbox 2083 1014 2247 1071; x_wconf 85' lang='grc' dir='ltr'>Ἀλλ’</span> <span class='ocrx_word' id='word_1_256' title='bbox 2278 1018 2384 1086; x_wconf 83' lang='grc' dir='ltr'>ὃτι,</span> <span class='ocrx_word' id='word_1_257' title='bbox 2414 1017 2600 1096; x_wconf 74' lang='grc' dir='ltr'>φησῖν,</span> <span class='ocrx_word' id='word_1_258' title='bbox 2631 1015 2714 1094; x_wconf 70' lang='grc' dir='ltr'>ἐφ’</span> <span class='ocrx_word' id='word_1_259' title='bbox 2772 1016 2856 1078; x_wconf 71' lang='grc' dir='ltr'>οἷς</span> <span class='ocrx_word' id='word_1_260' title='bbox 2915 1015 3348 1091; x_wconf 71' lang='grc' dir='ltr'>ἐγκαλύπτεσθαι</span> <span class='ocrx_word' id='word_1_261' title='bbox 3402 1015 3494 1070; x_wconf 76' lang='grc' dir='ltr'>καὶ</span> <span class='ocrx_word' id='word_1_262' title='bbox 3541 1014 3742 1090; x_wconf 76' lang='grc' dir='ltr'>αἶσχῦ-</span> 
     </span>
    </p>
   </div>
   <div class='ocr_carea' id='block_1_39' title="bbox 2081 1103 3739 1187">
    <p class='ocr_par' dir='ltr' id='par_1_39' title="bbox 2081 1103 3739 1187">
     <span class='ocr_line' id='line_1_39' title="bbox 2081 1103 3739 1187; baseline -0.001 -26"><span class='ocrx_word' id='word_1_263' title='bbox 2081 1108 2265 1162; x_wconf 82' lang='grc' dir='ltr'>νεσθαι</span> <span class='ocrx_word' id='word_1_264' title='bbox 2297 1103 2427 1178; x_wconf 79' lang='grc' dir='ltr'>ἔδει,</span> <span class='ocrx_word' id='word_1_265' title='bbox 2493 1107 2582 1164; x_wconf 80' lang='grc' dir='ltr'>ἐπὶ</span> <span class='ocrx_word' id='word_1_266' title='bbox 2647 1107 2865 1171; x_wconf 79' lang='grc' dir='ltr'>τούτοις</span> <span class='ocrx_word' id='word_1_267' title='bbox 2928 1111 3268 1187; x_wconf 84' lang='grc' dir='ltr'>καυχῶνται.</span> <span class='ocrx_word' id='word_1_268' title='bbox 3311 1130 3341 1159; x_wconf 85' lang='grc'><strong>‹‹</strong></span> <span class='ocrx_word' id='word_1_269' title='bbox 3378 1107 3446 1164; x_wconf 69' lang='grc' dir='ltr'>Οἱ</span> <span class='ocrx_word' id='word_1_270' title='bbox 3486 1106 3552 1161; x_wconf 82' lang='grc' dir='ltr'>τὰ</span> <span class='ocrx_word' id='word_1_271' title='bbox 3615 1105 3739 1160; x_wconf 76' lang='grc' dir='ltr'>ἐπί-</span> 
     </span>
    </p>
   </div>
   <div class='ocr_carea' id='block_1_40' title="bbox 2081 1195 3741 1279">
    <p class='ocr_par' dir='ltr' id='par_1_40' title="bbox 2081 1195 3741 1279">
     <span class='ocr_line' id='line_1_40' title="bbox 2081 1195 3741 1279; baseline -0.001 -26"><span class='ocrx_word' id='word_1_272' title='bbox 2081 1219 2200 1273; x_wconf 76' lang='grc' dir='ltr'>γεια</span> <span class='ocrx_word' id='word_1_273' title='bbox 2239 1203 2583 1279; x_wconf 66' lang='grc' dir='ltr'>φρονοῦντες,</span> <span class='ocrx_word' id='word_1_274' title='bbox 2620 1224 2647 1251; x_wconf 89' lang='grc'><strong>››</strong></span> <span class='ocrx_word' id='word_1_275' title='bbox 2707 1199 2775 1256; x_wconf 74' lang='grc' dir='ltr'>Οἱ</span> <span class='ocrx_word' id='word_1_276' title='bbox 2831 1200 2933 1274; x_wconf 72' lang='grc' dir='ltr'>γὰρ</span> <span class='ocrx_word' id='word_1_277' title='bbox 2991 1196 3170 1253; x_wconf 77' lang='grc' dir='ltr'>ἄνεσιν</span> <span class='ocrx_word' id='word_1_278' title='bbox 3224 1197 3314 1253; x_wconf 81' lang='grc' dir='ltr'>καὶ</span> <span class='ocrx_word' id='word_1_279' title='bbox 3373 1198 3585 1273; x_wconf 69' lang='grc' dir='ltr'>τρυφήν</span> <span class='ocrx_word' id='word_1_280' title='bbox 3620 1195 3741 1252; x_wconf 72' lang='grc' dir='ltr'>ἐπι-</span> 
     </span>
    </p>
   </div>
   <div class='ocr_carea' id='block_1_41' title="bbox 2087 1287 3089 1365">
    <p class='ocr_par' dir='ltr' id='par_1_41' title="bbox 2087 1287 3089 1365">
     <span class='ocr_line' id='line_1_41' title="bbox 2087 1287 3089 1365; baseline 0.001 -23"><span class='ocrx_word' id='word_1_281' title='bbox 2087 1292 2404 1360; x_wconf 75' lang='grc' dir='ltr'>ζητοῦντες,</span> <span class='ocrx_word' id='word_1_282' title='bbox 2435 1288 2501 1344; x_wconf 83' lang='grc' dir='ltr'>τὰ</span> <span class='ocrx_word' id='word_1_283' title='bbox 2532 1287 2747 1365; x_wconf 72' lang='grc' dir='ltr'>ἰπίγεια</span> <span class='ocrx_word' id='word_1_284' title='bbox 2778 1291 3089 1364; x_wconf 74' lang='grc' dir='ltr'>φρονοῦσιν.</span> 
     </span>
    </p>
   </div>
   <div class='ocr_carea' id='block_1_42' title="bbox 2792 624 2801 643">
    <p class='ocr_par' dir='ltr' id='par_1_42' title="bbox 2792 624 2801 643">
     <span class='ocr_line' id='line_1_42' title="bbox 2792 624 2801 643; baseline 0 0"><span class='ocrx_word' id='word_1_285' title='bbox 2792 624 2801 643; x_wconf 75' lang='grc' dir='ltr'>δ</span> 
     </span>
    </p>
   </div>
   <div class='ocr_carea' id='block_1_43' title="bbox 2157 1609 3741 1690">
    <p class='ocr_par' dir='ltr' id='par_1_43' title="bbox 2157 1609 3741 1690">
     <span class='ocr_line' id='line_1_43' title="bbox 2157 1609 3741 1690; baseline -0.002 -23"><span class='ocrx_word' id='word_1_286' title='bbox 2157 1616 2348 1684; x_wconf 74' lang='grc' dir='ltr'>Ἦμῶν</span> <span class='ocrx_word' id='word_1_287' title='bbox 2404 1614 2508 1690; x_wconf 68' lang='grc' dir='ltr'>γὰρ</span> <span class='ocrx_word' id='word_1_288' title='bbox 2581 1611 2646 1667; x_wconf 84' lang='grc' dir='ltr'>τὸ</span> <span class='ocrx_word' id='word_1_289' title='bbox 2720 1611 3029 1685; x_wconf 77' lang='grc' dir='ltr'>πολίτευμα</span> <span class='ocrx_word' id='word_1_290' title='bbox 3104 1609 3155 1666; x_wconf 70' lang='grc' dir='ltr'>ἐν</span> <span class='ocrx_word' id='word_1_291' title='bbox 3234 1611 3493 1683; x_wconf 74' lang='grc' dir='ltr'>οὐρανοῖς</span> <span class='ocrx_word' id='word_1_292' title='bbox 3565 1610 3741 1682; x_wconf 80' lang='grc' dir='ltr'>ὑπαρ-</span> 
     </span>
    </p>
   </div>
   <div class='ocr_carea' id='block_1_44' title="bbox 2087 1698 3738 1777">
    <p class='ocr_par' dir='ltr' id='par_1_44' title="bbox 2087 1698 3738 1777">
     <span class='ocr_line' id='line_1_44' title="bbox 2087 1698 3738 1777; baseline -0.002 -20"><span class='ocrx_word' id='word_1_293' title='bbox 2087 1722 2198 1777; x_wconf 82' lang='grc' dir='ltr'>χει,</span> <span class='ocrx_word' id='word_1_294' title='bbox 2274 1699 2325 1773; x_wconf 78' lang='grc' dir='ltr'>ἐξ</span> <span class='ocrx_word' id='word_1_295' title='bbox 2401 1702 2466 1757; x_wconf 79' lang='grc' dir='ltr'>οὗ</span> <span class='ocrx_word' id='word_1_296' title='bbox 2541 1701 2632 1758; x_wconf 81' lang='grc' dir='ltr'>καὶ</span> <span class='ocrx_word' id='word_1_297' title='bbox 2707 1709 2944 1777; x_wconf 78' lang='grc' dir='ltr'>Σωτῆρα</span> <span class='ocrx_word' id='word_1_298' title='bbox 3018 1698 3439 1775; x_wconf 82' lang='grc' dir='ltr'>ἀπελδεχὸμεθα</span> <span class='ocrx_word' id='word_1_299' title='bbox 3539 1699 3738 1774; x_wconf 70' lang='grc' dir='ltr'>Κύριον</span> 
     </span>
    </p>
   </div>
   <div class='ocr_carea' id='block_1_45' title="bbox 2086 1789 3741 1866">
    <p class='ocr_par' dir='ltr' id='par_1_45' title="bbox 2086 1789 3741 1866">
     <span class='ocr_line' id='line_1_45' title="bbox 2086 1789 3741 1866; baseline -0.004 -17"><span class='ocrx_word' id='word_1_300' title='bbox 2086 1793 2296 1861; x_wconf 75' lang='grc' dir='ltr'>Ἰησοῦν</span> <span class='ocrx_word' id='word_1_301' title='bbox 2375 1791 2634 1866; x_wconf 83' lang='grc' dir='ltr'>Χρίστὸν,</span> <span class='ocrx_word' id='word_1_302' title='bbox 2708 1791 2770 1853; x_wconf 81' lang='grc' dir='ltr'>’ὀς</span> <span class='ocrx_word' id='word_1_303' title='bbox 2850 1790 3322 1866; x_wconf 81' lang='grc' dir='ltr'>μετασχηματίσει</span> <span class='ocrx_word' id='word_1_304' title='bbox 3424 1789 3488 1843; x_wconf 87' lang='grc' dir='ltr'>τὸ</span> <span class='ocrx_word' id='word_1_305' title='bbox 3578 1792 3741 1861; x_wconf 77' lang='grc' dir='ltr'>σῶμα</span> 
     </span>
    </p>
   </div>
   <div class='ocr_carea' id='block_1_46' title="bbox 2083 1876 3740 1954">
    <p class='ocr_par' dir='ltr' id='par_1_46' title="bbox 2083 1876 3740 1954">
     <span class='ocr_line' id='line_1_46' title="bbox 2083 1876 3740 1954; baseline -0.003 -17"><span class='ocrx_word' id='word_1_306' title='bbox 2083 1888 2185 1950; x_wconf 70' lang='grc' dir='ltr'>τῆς</span> <span class='ocrx_word' id='word_1_307' title='bbox 2260 1883 2635 1944; x_wconf 76' lang='grc' dir='ltr'>ταπεινώσεως</span> <span class='ocrx_word' id='word_1_308' title='bbox 2710 1883 2871 1952; x_wconf 80' lang='grc' dir='ltr'>ἡμῶν</span> <span class='ocrx_word' id='word_1_309' title='bbox 2947 1879 3024 1943; x_wconf 78' lang='grc' dir='ltr'>εἰς</span> <span class='ocrx_word' id='word_1_310' title='bbox 3116 1880 3178 1935; x_wconf 89' lang='grc' dir='ltr'>τὸ</span> <span class='ocrx_word' id='word_1_311' title='bbox 3266 1879 3514 1954; x_wconf 69' lang='grc' dir='ltr'>γενέσθαι</span> <span class='ocrx_word' id='word_1_312' title='bbox 3605 1876 3740 1933; x_wconf 81' lang='grc' dir='ltr'>αὐτὸ</span> 
     </span>
    </p>
   </div>
   <div class='ocr_carea' id='block_1_47' title="bbox 2090 1968 3747 2050">
    <p class='ocr_par' dir='ltr' id='par_1_47' title="bbox 2090 1968 3747 2050">
     <span class='ocr_line' id='line_1_47' title="bbox 2090 1968 3747 2050; baseline -0.004 -24"><span class='ocrx_word' id='word_1_313' title='bbox 2090 1973 2415 2050; x_wconf 68' lang='grc' dir='ltr'>σύμμορφον</span> <span class='ocrx_word' id='word_1_314' title='bbox 2452 1976 2531 2044; x_wconf 82' lang='grc' dir='ltr'>τῷ</span> <span class='ocrx_word' id='word_1_315' title='bbox 2570 1971 2784 2046; x_wconf 85' lang='grc' dir='ltr'>σώματι</span> <span class='ocrx_word' id='word_1_316' title='bbox 2841 1978 2941 2041; x_wconf 78' lang='grc' dir='ltr'>τῆς</span> <span class='ocrx_word' id='word_1_317' title='bbox 3003 1968 3165 2041; x_wconf 76' lang='grc' dir='ltr'>δόξης</span> <span class='ocrx_word' id='word_1_318' title='bbox 3222 1969 3389 2025; x_wconf 77' lang='grc' dir='ltr'>αὐτοῦ</span> <span class='ocrx_word' id='word_1_319' title='bbox 3445 1968 3581 2024; x_wconf 81' lang='grc' dir='ltr'>κατὰ</span> <span class='ocrx_word' id='word_1_320' title='bbox 3644 1969 3747 2035; x_wconf 74' lang='grc' dir='ltr'>τήν</span> 
     </span>
    </p>
   </div>
   <div class='ocr_carea' id='block_1_48' title="bbox 2091 2058 3747 2136">
    <p class='ocr_par' dir='ltr' id='par_1_48' title="bbox 2091 2058 3747 2136">
     <span class='ocr_line' id='line_1_48' title="bbox 2091 2058 3747 2136; baseline -0.002 -20"><span class='ocrx_word' id='word_1_321' title='bbox 2091 2061 2362 2136; x_wconf 73' lang='grc' dir='ltr'>ἐνέργειαν</span> <span class='ocrx_word' id='word_1_322' title='bbox 2462 2066 2559 2117; x_wconf 80' lang='grc' dir='ltr'>τοῦ</span> <span class='ocrx_word' id='word_1_323' title='bbox 2661 2059 2913 2127; x_wconf 80' lang='grc' dir='ltr'>δύνασθαι</span> <span class='ocrx_word' id='word_1_324' title='bbox 3034 2059 3193 2116; x_wconf 76' lang='grc' dir='ltr'>αὑτὸν</span> <span class='ocrx_word' id='word_1_325' title='bbox 3293 2060 3382 2115; x_wconf 83' lang='grc' dir='ltr'>καὶ</span> <span class='ocrx_word' id='word_1_326' title='bbox 3485 2058 3747 2130; x_wconf 80' lang='grc' dir='ltr'>ὑποτάξαι</span> 
     </span>
    </p>
   </div>
   <div class='ocr_carea' id='block_1_49' title="bbox 2090 2151 2580 2224">
    <p class='ocr_par' dir='ltr' id='par_1_49' title="bbox 2090 2151 2580 2224">
     <span class='ocr_line' id='line_1_49' title="bbox 2090 2151 2580 2224; baseline 0.006 -19"><span class='ocrx_word' id='word_1_327' title='bbox 2090 2152 2266 2224; x_wconf 65' lang='grc' dir='ltr'>ἑαυτῷ</span> <span class='ocrx_word' id='word_1_328' title='bbox 2294 2151 2360 2206; x_wconf 75' lang='grc' dir='ltr'>τὰ</span> <span class='ocrx_word' id='word_1_329' title='bbox 2389 2152 2580 2208; x_wconf 70' lang='grc' dir='ltr'>πάντα.</span> 
     </span>
    </p>
   </div>
   <div class='ocr_carea' id='block_1_50' title="bbox 3293 2060 3382 2115">
    <p class='ocr_par' dir='ltr' id='par_1_50' title="bbox 3293 2060 3382 2115">
     <span class='ocr_line' id='line_1_50' title="bbox 3293 2060 3382 2115; baseline -0.011 0"><span class='ocrx_word' id='word_1_330' title='bbox 3293 2060 3382 2115; x_wconf 83' lang='grc' dir='ltr'>καὶ</span> 
     </span>
    </p>
   </div>
   <div class='ocr_carea' id='block_1_51' title="bbox 2165 2322 3753 2405">
    <p class='ocr_par' dir='ltr' id='par_1_51' title="bbox 2165 2322 3753 2405">
     <span class='ocr_line' id='line_1_51' title="bbox 2165 2322 3753 2405; baseline -0.002 -21"><span class='ocrx_word' id='word_1_331' title='bbox 2165 2334 2253 2384; x_wconf 83' lang='grc' dir='ltr'>Δεῖ</span> <span class='ocrx_word' id='word_1_332' title='bbox 2285 2329 2376 2385; x_wconf 73' lang='grc' dir='ltr'>οὖν</span> <span class='ocrx_word' id='word_1_333' title='bbox 2408 2330 2474 2385; x_wconf 80' lang='grc' dir='ltr'>τὰ</span> <span class='ocrx_word' id='word_1_334' title='bbox 2505 2328 2557 2385; x_wconf 73' lang='grc' dir='ltr'>ἰν</span> <span class='ocrx_word' id='word_1_335' title='bbox 2590 2330 2810 2405; x_wconf 79' lang='grc' dir='ltr'>οὐρανῷ</span> <span class='ocrx_word' id='word_1_336' title='bbox 2842 2334 3044 2400; x_wconf 81' lang='grc' dir='ltr'>ζητεῖν,</span> <span class='ocrx_word' id='word_1_337' title='bbox 3096 2322 3219 2393; x_wconf 74' lang='grc' dir='ltr'>ἔνθα</span> <span class='ocrx_word' id='word_1_338' title='bbox 3268 2331 3430 2400; x_wconf 76' lang='grc' dir='ltr'>ἡμῶν</span> <span class='ocrx_word' id='word_1_339' title='bbox 3476 2328 3540 2382; x_wconf 86' lang='grc' dir='ltr'>τὸ</span> <span class='ocrx_word' id='word_1_340' title='bbox 3587 2325 3753 2382; x_wconf 80' lang='grc' dir='ltr'>πολι-</span> 
     </span>
    </p>
   </div>
   <div class='ocr_carea' id='block_1_52' title="bbox 2089 2416 3749 2494">
    <p class='ocr_par' dir='ltr' id='par_1_52' title="bbox 2089 2416 3749 2494">
     <span class='ocr_line' id='line_1_52' title="bbox 2089 2416 3749 2494; baseline -0.001 -20"><span class='ocrx_word' id='word_1_341' title='bbox 2089 2420 2264 2492; x_wconf 82' lang='grc' dir='ltr'>τευμά</span> <span class='ocrx_word' id='word_1_342' title='bbox 2314 2418 2473 2476; x_wconf 83' lang='grc' dir='ltr'>ἐστιν.</span> <span class='ocrx_word' id='word_1_343' title='bbox 2543 2420 2691 2476; x_wconf 83' lang='grc' dir='ltr'>Ἐκεῖ</span> <span class='ocrx_word' id='word_1_344' title='bbox 2756 2418 2859 2494; x_wconf 77' lang='grc' dir='ltr'>γὰρ</span> <span class='ocrx_word' id='word_1_345' title='bbox 2928 2418 3349 2491; x_wconf 78' lang='grc' dir='ltr'>στρατευόμεθα,</span> <span class='ocrx_word' id='word_1_346' title='bbox 3408 2416 3521 2473; x_wconf 78' lang='grc' dir='ltr'>ἐκεῖ</span> <span class='ocrx_word' id='word_1_347' title='bbox 3578 2416 3749 2473; x_wconf 88' lang='grc' dir='ltr'>πολι-</span> 
     </span>
    </p>
   </div>
   <div class='ocr_carea' id='block_1_53' title="bbox 2089 2506 3745 2583">
    <p class='ocr_par' dir='ltr' id='par_1_53' title="bbox 2089 2506 3745 2583">
     <span class='ocr_line' id='line_1_53' title="bbox 2089 2506 3745 2583; baseline -0.002 -19"><span class='ocrx_word' id='word_1_348' title='bbox 2089 2510 2378 2582; x_wconf 80' lang='grc' dir='ltr'>τευόμεθα.</span> <span class='ocrx_word' id='word_1_349' title='bbox 2413 2533 2441 2561; x_wconf 90' lang='grc'>‹‹</span> <span class='ocrx_word' id='word_1_350' title='bbox 2474 2509 2558 2579; x_wconf 81' lang='grc' dir='ltr'>Ἐξ</span> <span class='ocrx_word' id='word_1_351' title='bbox 2597 2508 2653 2563; x_wconf 75' lang='grc' dir='ltr'>οὗ</span> <span class='ocrx_word' id='word_1_352' title='bbox 2682 2508 2774 2563; x_wconf 84' lang='grc' dir='ltr'>καὶ</span> <span class='ocrx_word' id='word_1_353' title='bbox 2834 2510 3088 2582; x_wconf 70' lang='grc' dir='ltr'>Σωτῆρα.</span> <span class='ocrx_word' id='word_1_354' title='bbox 3122 2531 3152 2559; x_wconf 86' lang='grc'><strong>››</strong></span> <span class='ocrx_word' id='word_1_355' title='bbox 3360 2506 3597 2583; x_wconf 73' lang='grc' dir='ltr'>οὐρανοῦ</span> <span class='ocrx_word' id='word_1_356' title='bbox 3651 2508 3745 2562; x_wconf 86' lang='grc' dir='ltr'>τὸν</span> 
     </span>
    </p>
   </div>
   <div class='ocr_carea' id='block_1_54' title="bbox 2094 2593 3749 2674">
    <p class='ocr_par' dir='ltr' id='par_1_54' title="bbox 2094 2593 3749 2674">
     <span class='ocr_line' id='line_1_54' title="bbox 2094 2593 3749 2674; baseline -0.003 -18"><span class='ocrx_word' id='word_1_357' title='bbox 2094 2599 2292 2674; x_wconf 76' lang='grc' dir='ltr'>Κύριον</span> <span class='ocrx_word' id='word_1_358' title='bbox 2326 2599 2487 2671; x_wconf 74' lang='grc' dir='ltr'>ἡμῶν</span> <span class='ocrx_word' id='word_1_359' title='bbox 2517 2599 2606 2653; x_wconf 76' lang='grc' dir='ltr'>καὶ</span> <span class='ocrx_word' id='word_1_360' title='bbox 2642 2604 2875 2665; x_wconf 66' lang='grc' dir='ltr'>Σωτῆρα</span> <span class='ocrx_word' id='word_1_361' title='bbox 2922 2593 3360 2671; x_wconf 53' lang='grc' dir='ltr'>ἀπεκΡεγὸμεθα,</span> <span class='ocrx_word' id='word_1_362' title='bbox 3419 2594 3471 2652; x_wconf 71' lang='grc' dir='ltr'>ἐν</span> <span class='ocrx_word' id='word_1_363' title='bbox 3530 2599 3598 2670; x_wconf 76' lang='grc' dir='ltr'>τῇ</span> <span class='ocrx_word' id='word_1_364' title='bbox 3648 2617 3749 2651; x_wconf 69' lang='grc' dir='ltr'>παι</span> 
     </span>
    </p>
   </div>
   <div class='ocr_carea' id='block_1_55' title="bbox 2093 2683 3753 2765">
    <p class='ocr_par' dir='ltr' id='par_1_55' title="bbox 2093 2683 3753 2765">
     <span class='ocr_line' id='line_1_55' title="bbox 2093 2683 3753 2765; baseline -0.002 -22"><span class='ocrx_word' id='word_1_365' title='bbox 2093 2689 2236 2763; x_wconf 77' lang='grc' dir='ltr'>ερῴᾳ</span> <span class='ocrx_word' id='word_1_366' title='bbox 2294 2687 2672 2765; x_wconf 73' lang='grc' dir='ltr'>φανησόμενον</span> <span class='ocrx_word' id='word_1_367' title='bbox 2730 2683 2878 2762; x_wconf 75' lang='grc' dir='ltr'>δόξῃ,</span> <span class='ocrx_word' id='word_1_368' title='bbox 2935 2685 2987 2742; x_wconf 74' lang='grc' dir='ltr'>ἐν</span> <span class='ocrx_word' id='word_1_369' title='bbox 3046 2690 3116 2762; x_wconf 77' lang='grc' dir='ltr'>τῇ</span> <span class='ocrx_word' id='word_1_370' title='bbox 3176 2685 3399 2761; x_wconf 77' lang='grc' dir='ltr'>δευτέρᾳ</span> <span class='ocrx_word' id='word_1_371' title='bbox 3479 2686 3753 2760; x_wconf 75' lang='grc' dir='ltr'>παρουσίᾳ</span> 
     </span>
    </p>
   </div>
   <div class='ocr_carea' id='block_1_56' title="bbox 2096 2774 3751 2853">
    <p class='ocr_par' dir='ltr' id='par_1_56' title="bbox 2096 2774 3751 2853">
     <span class='ocr_line' id='line_1_56' title="bbox 2096 2774 3751 2853; baseline -0.001 -22"><span class='ocrx_word' id='word_1_372' title='bbox 2096 2778 2233 2850; x_wconf 83' lang='grc' dir='ltr'>μετᾶ</span> <span class='ocrx_word' id='word_1_373' title='bbox 2262 2781 2369 2832; x_wconf 81' lang='grc' dir='ltr'>τῶν</span> <span class='ocrx_word' id='word_1_374' title='bbox 2403 2776 2573 2851; x_wconf 81' lang='grc' dir='ltr'>ἁγίων</span> <span class='ocrx_word' id='word_1_375' title='bbox 2601 2776 2769 2832; x_wconf 77' lang='grc' dir='ltr'>αὐτοῦ</span> <span class='ocrx_word' id='word_1_376' title='bbox 2799 2774 3064 2852; x_wconf 83' lang='grc' dir='ltr'>ἀγγέλων,</span> <span class='ocrx_word' id='word_1_377' title='bbox 3116 2775 3195 2845; x_wconf 79' lang='grc' dir='ltr'>ὅς,</span> <span class='ocrx_word' id='word_1_378' title='bbox 3246 2776 3403 2853; x_wconf 74' lang='grc' dir='ltr'>φησὶ,</span> <span class='ocrx_word' id='word_1_379' title='bbox 3435 2774 3524 2830; x_wconf 87' lang='grc' dir='ltr'>καὶ</span> <span class='ocrx_word' id='word_1_380' title='bbox 3589 2795 3751 2849; x_wconf 60' lang='grc' dir='ltr'>μετα-</span> 
     </span>
    </p>
   </div>
   <div class='ocr_carea' id='block_1_57' title="bbox 2095 2864 3749 2948">
    <p class='ocr_par' dir='ltr' id='par_1_57' title="bbox 2095 2864 3749 2948">
     <span class='ocr_line' id='line_1_57' title="bbox 2095 2864 3749 2948; baseline -0.001 -25"><span class='ocrx_word' id='word_1_381' title='bbox 2095 2868 2552 2948; x_wconf 77' lang='grc' dir='ltr'>σχηματίσεικαί</span> <span class='ocrx_word' id='word_1_382' title='bbox 2597 2864 2897 2941; x_wconf 78' lang='grc' dir='ltr'>μεταϐαλεῖ</span> <span class='ocrx_word' id='word_1_383' title='bbox 2950 2870 3014 2924; x_wconf 82' lang='grc' dir='ltr'>τὸ</span> <span class='ocrx_word' id='word_1_384' title='bbox 3078 2873 3170 2924; x_wconf 83' lang='grc' dir='ltr'>νῦν</span> <span class='ocrx_word' id='word_1_385' title='bbox 3230 2873 3409 2942; x_wconf 78' lang='grc' dir='ltr'>σῶμα.</span> <span class='ocrx_word' id='word_1_386' title='bbox 3469 2869 3749 2925; x_wconf 85' lang='grc' dir='ltr'>Ταπεινώ-</span> 
     </span>
    </p>
   </div>
   <div class='ocr_carea' id='block_1_58' title="bbox 2095 2953 3756 3033">
    <p class='ocr_par' dir='ltr' id='par_1_58' title="bbox 2095 2953 3756 3033">
     <span class='ocr_line' id='line_1_58' title="bbox 2095 2953 3756 3033; baseline -0.002 -21"><span class='ocrx_word' id='word_1_387' title='bbox 2095 2978 2230 3019; x_wconf 85' lang='grc' dir='ltr'>σεως</span> <span class='ocrx_word' id='word_1_388' title='bbox 2299 2953 2357 3013; x_wconf 71' lang='grc' dir='ltr'>δὲ</span> <span class='ocrx_word' id='word_1_389' title='bbox 2402 2956 2534 3012; x_wconf 79' lang='grc' dir='ltr'>αὐτὸ</span> <span class='ocrx_word' id='word_1_390' title='bbox 2620 2953 2863 3021; x_wconf 73' lang='grc' dir='ltr'>ἐκάλεσε,</span> <span class='ocrx_word' id='word_1_391' title='bbox 2924 2954 3017 3011; x_wconf 81' lang='grc' dir='ltr'>διὰ</span> <span class='ocrx_word' id='word_1_392' title='bbox 3070 2960 3133 3011; x_wconf 87' lang='grc' dir='ltr'>τὸ</span> <span class='ocrx_word' id='word_1_393' title='bbox 3192 2958 3511 3021; x_wconf 79' lang='grc' dir='ltr'>ὑποκεῖσθαι</span> <span class='ocrx_word' id='word_1_394' title='bbox 3578 2957 3756 3033; x_wconf 74' lang='grc' dir='ltr'>φθορᾷ</span> 
     </span>
    </p>
   </div>
   <div class='ocr_carea' id='block_1_59' title="bbox 2093 3042 3755 3122">
    <p class='ocr_par' dir='ltr' id='par_1_59' title="bbox 2093 3042 3755 3122">
     <span class='ocr_line' id='line_1_59' title="bbox 2093 3042 3755 3122; baseline -0.003 -19"><span class='ocrx_word' id='word_1_395' title='bbox 2093 3044 2797 3112; x_wconf 76' lang='grc' dir='ltr'>καὶπάθεσικαίὀδύναις.</span> <span class='ocrx_word' id='word_1_396' title='bbox 2855 3046 2953 3101; x_wconf 81' lang='grc' dir='ltr'>Καὶ</span> <span class='ocrx_word' id='word_1_397' title='bbox 3011 3048 3255 3117; x_wconf 73' lang='grc' dir='ltr'>ποιήσει,</span> <span class='ocrx_word' id='word_1_398' title='bbox 3315 3047 3500 3122; x_wconf 76' lang='grc' dir='ltr'>φησὶν,</span> <span class='ocrx_word' id='word_1_399' title='bbox 3560 3042 3755 3117; x_wconf 82' lang='grc' dir='ltr'>ὅμοιον</span> 
     </span>
    </p>
   </div>
   <div class='ocr_carea' id='block_1_60' title="bbox 2094 3132 3833 3210">
    <p class='ocr_par' dir='ltr' id='par_1_60' title="bbox 2094 3132 3833 3210">
     <span class='ocr_line' id='line_1_60' title="bbox 2094 3132 3833 3210; baseline -0.001 -18"><span class='ocrx_word' id='word_1_400' title='bbox 2094 3138 2287 3208; x_wconf 81' lang='grc' dir='ltr'>ἐκείνῳ</span> <span class='ocrx_word' id='word_1_401' title='bbox 2315 3140 2393 3209; x_wconf 78' lang='grc' dir='ltr'>τῷ</span> <span class='ocrx_word' id='word_1_402' title='bbox 2423 3138 2639 3210; x_wconf 88' lang='grc' dir='ltr'>σώματι</span> <span class='ocrx_word' id='word_1_403' title='bbox 2677 3134 2864 3205; x_wconf 72' lang='grc' dir='ltr'>αὐτοῦ,</span> <span class='ocrx_word' id='word_1_404' title='bbox 2916 3140 2996 3209; x_wconf 78' lang='grc' dir='ltr'>τῷ</span> <span class='ocrx_word' id='word_1_405' title='bbox 3047 3136 3107 3191; x_wconf 74' lang='grc' dir='ltr'>ὲκ</span> <span class='ocrx_word' id='word_1_406' title='bbox 3151 3132 3338 3206; x_wconf 81' lang='grc' dir='ltr'>δεξιῶν</span> <span class='ocrx_word' id='word_1_407' title='bbox 3386 3138 3485 3191; x_wconf 76' lang='grc' dir='ltr'>τοῦ</span> <span class='ocrx_word' id='word_1_408' title='bbox 3539 3135 3751 3208; x_wconf 84' lang='grc' dir='ltr'>Πατρὸς</span> <span class='ocrx_word' id='word_1_409' title='bbox 3816 3186 3833 3195; x_wconf 70' lang='grc'>,</span> 
     </span>
    </p>
   </div>
   <div class='ocr_carea' id='block_1_61' title="bbox 2096 3213 3755 3304">
    <p class='ocr_par' dir='ltr' id='par_1_61' title="bbox 2096 3213 3755 3304">
     <span class='ocr_line' id='line_1_61' title="bbox 2096 3213 3755 3304; baseline -0.002 -19"><span class='ocrx_word' id='word_1_410' title='bbox 2096 3213 2420 3304; x_wconf 69' lang='grc' dir='ltr'>καθημένῳ,</span> <span class='ocrx_word' id='word_1_411' title='bbox 2450 3233 2530 3301; x_wconf 78' lang='grc' dir='ltr'>τῷ</span> <span class='ocrx_word' id='word_1_412' title='bbox 2568 3229 3030 3303; x_wconf 76' lang='grc' dir='ltr'>προσκυνουμένῳ</span> <span class='ocrx_word' id='word_1_413' title='bbox 3085 3228 3231 3303; x_wconf 80' lang='grc' dir='ltr'>παρὰ</span> <span class='ocrx_word' id='word_1_414' title='bbox 3285 3232 3393 3283; x_wconf 82' lang='grc' dir='ltr'>τῶν</span> <span class='ocrx_word' id='word_1_415' title='bbox 3443 3227 3755 3301; x_wconf 66' lang='grc' dir='ltr'>ἀσωμάτων</span> 
     </span>
    </p>
   </div>
   <div class='ocr_carea' id='block_1_62' title="bbox 333 3302 1991 3396">
    <p class='ocr_par' dir='ltr' id='par_1_62' title="bbox 333 3312 1989 3388">
     <span class='ocr_line' id='line_1_62' title="bbox 333 3312 1989 3388; baseline 0.002 -21"><span class='ocrx_word' id='word_1_416' title='bbox 333 3312 546 3379; x_wconf 82' lang='lat' dir='ltr'>Patris,</span> <span class='ocrx_word' id='word_1_417' title='bbox 583 3319 641 3367; x_wconf 91' lang='lat' dir='ltr'>et</span> <span class='ocrx_word' id='word_1_418' title='bbox 688 3313 760 3368; x_wconf 90' lang='lat' dir='ltr'>ab</span> <span class='ocrx_word' id='word_1_419' title='bbox 819 3313 1187 3386; x_wconf 87' lang='lat' dir='ltr'>incorporeis</span> <span class='ocrx_word' id='word_1_420' title='bbox 1243 3316 1524 3371; x_wconf 87' lang='lat' dir='ltr'>adoratur</span> <span class='ocrx_word' id='word_1_421' title='bbox 1576 3316 1989 3388; x_wconf 84' lang='lat' dir='ltr'>potestatibus.</span> 
     </span>
    </p>
   </div>
   <div class='ocr_carea' id='block_1_63' title="bbox 2101 3302 3762 3396">
    <p class='ocr_par' dir='ltr' id='par_1_63' title="bbox 2106 3302 3762 3396">
     <span class='ocr_line' id='line_1_63' title="bbox 2106 3302 3762 3396; baseline -0.002 -23"><span class='ocrx_word' id='word_1_422' title='bbox 2106 3302 2407 3391; x_wconf 79' lang='grc' dir='ltr'>δυνάμεων.</span> <span class='ocrx_word' id='word_1_423' title='bbox 2445 3318 2549 3375; x_wconf 83' lang='grc' dir='ltr'>Καὶ</span> <span class='ocrx_word' id='word_1_424' title='bbox 2578 3302 2680 3393; x_wconf 75' lang='grc' dir='ltr'>γάρ</span> <span class='ocrx_word' id='word_1_425' title='bbox 2712 3318 2787 3380; x_wconf 82' lang='grc' dir='ltr'>εἰς</span> <span class='ocrx_word' id='word_1_426' title='bbox 2817 3316 3085 3396; x_wconf 74' lang='grc' dir='ltr'>ἃφθαρτον</span> <span class='ocrx_word' id='word_1_427' title='bbox 3125 3302 3217 3373; x_wconf 86' lang='grc' dir='ltr'>καὶ</span> <span class='ocrx_word' id='word_1_428' title='bbox 3268 3319 3332 3373; x_wconf 87' lang='grc' dir='ltr'><strong>τὸ</strong></span> <span class='ocrx_word' id='word_1_429' title='bbox 3379 3319 3541 3390; x_wconf 78' lang='grc' dir='ltr'>ἡμῶν</span> <span class='ocrx_word' id='word_1_430' title='bbox 3596 3337 3762 3391; x_wconf 87' lang='grc' dir='ltr'>μετα-</span> 
     </span>
    </p>
   </div>
   <div class='ocr_carea' id='block_1_64' title="bbox 336 3401 1999 3477">
    <p class='ocr_par' dir='ltr' id='par_1_64' title="bbox 336 3401 1999 3477">
     <span class='ocr_line' id='line_1_64' title="bbox 336 3401 1999 3477; baseline 0.004 -23"><span class='ocrx_word' id='word_1_431' title='bbox 336 3401 640 3471; x_wconf 88' lang='lat' dir='ltr'>Siquidem</span> <span class='ocrx_word' id='word_1_432' title='bbox 674 3407 944 3458; x_wconf 88' lang='lat' dir='ltr'>nostrum</span> <span class='ocrx_word' id='word_1_433' title='bbox 978 3420 1218 3474; x_wconf 88' lang='lat' dir='ltr'>quoque</span> <span class='ocrx_word' id='word_1_434' title='bbox 1248 3422 1463 3477; x_wconf 89' lang='lat' dir='ltr'>corpus</span> <span class='ocrx_word' id='word_1_435' title='bbox 1490 3404 1550 3459; x_wconf 92' lang='lat' dir='ltr'>in</span> <span class='ocrx_word' id='word_1_436' title='bbox 1593 3405 1999 3461; x_wconf 87' lang='lat' dir='ltr'>immortalita-</span> 
     </span>
    </p>
   </div>
   <div class='ocr_carea' id='block_1_65' title="bbox 339 3492 1996 3566">
    <p class='ocr_par' dir='ltr' id='par_1_65' title="bbox 339 3492 1996 3566">
     <span class='ocr_line' id='line_1_65' title="bbox 339 3492 1996 3566; baseline 0.003 -22"><span class='ocrx_word' id='word_1_437' title='bbox 339 3496 458 3545; x_wconf 88' lang='lat' dir='ltr'>tem</span> <span class='ocrx_word' id='word_1_438' title='bbox 492 3492 991 3548; x_wconf 85' lang='lat' dir='ltr'>transmutabitur</span> <span class='ocrx_word' id='word_1_439' title='bbox 1040 3511 1145 3564; x_wconf 87' lang='lat' dir='ltr'>per</span> <span class='ocrx_word' id='word_1_440' title='bbox 1173 3494 1422 3566; x_wconf 79' lang='lat' dir='ltr'>gratiam</span> <span class='ocrx_word' id='word_1_441' title='bbox 1476 3496 1578 3550; x_wconf 89' lang='lat' dir='ltr'>Dei</span> <span class='ocrx_word' id='word_1_442' title='bbox 1628 3495 1817 3551; x_wconf 87' lang='lat' dir='ltr'>nostri</span> <span class='ocrx_word' id='word_1_443' title='bbox 1859 3496 1996 3551; x_wconf 85' lang='lat' dir='ltr'>Jesu</span> 
     </span>
    </p>
   </div>
   <div class='ocr_carea' id='block_1_66' title="bbox 336 3579 1998 3655">
    <p class='ocr_par' dir='ltr' id='par_1_66' title="bbox 336 3579 1998 3655">
     <span class='ocr_line' id='line_1_66' title="bbox 336 3579 1998 3655; baseline 0.003 -22"><span class='ocrx_word' id='word_1_444' title='bbox 336 3579 571 3633; x_wconf 88' lang='lat' dir='ltr'>Christi.</span> <span class='ocrx_word' id='word_1_445' title='bbox 606 3582 698 3634; x_wconf 74' lang='lat' dir='ltr'>Vm</span> <span class='ocrx_word' id='word_1_446' title='bbox 732 3580 806 3634; x_wconf 90' lang='lat' dir='ltr'>iis</span> <span class='ocrx_word' id='word_1_447' title='bbox 837 3582 936 3652; x_wconf 91' lang='lat' dir='ltr'>qui</span> <span class='ocrx_word' id='word_1_448' title='bbox 971 3582 1041 3637; x_wconf 88' lang='lat' dir='ltr'>ab</span> <span class='ocrx_word' id='word_1_449' title='bbox 1070 3583 1180 3640; x_wconf 88' lang='lat' dir='ltr'>hac</span> <span class='ocrx_word' id='word_1_450' title='bbox 1205 3584 1489 3639; x_wconf 81' lang='lat' dir='ltr'>excidunt</span> <span class='ocrx_word' id='word_1_451' title='bbox 1517 3584 1726 3655; x_wconf 78' lang='lat' dir='ltr'>gloria,</span> <span class='ocrx_word' id='word_1_452' title='bbox 1758 3590 1815 3638; x_wconf 91' lang='lat' dir='ltr'>et</span> <span class='ocrx_word' id='word_1_453' title='bbox 1862 3600 1998 3640; x_wconf 90' lang='lat' dir='ltr'>cum</span> 
     </span>
    </p>
   </div>
   <div class='ocr_carea' id='block_1_67' title="bbox 337 3668 1998 3746">
    <p class='ocr_par' dir='ltr' id='par_1_67' title="bbox 337 3668 1998 3746">
     <span class='ocr_line' id='line_1_67' title="bbox 337 3668 1998 3746; baseline -0.001 -21"><span class='ocrx_word' id='word_1_454' title='bbox 337 3668 710 3726; x_wconf 73' lang='lat' dir='ltr'>dmmonibus</span> <span class='ocrx_word' id='word_1_455' title='bbox 758 3679 1169 3729; x_wconf 88' lang='lat' dir='ltr'>numerantur.</span> <span class='ocrx_word' id='word_1_456' title='bbox 1223 3695 1250 3723; x_wconf 83' lang='lat'><strong>«</strong></span> <span class='ocrx_word' id='word_1_457' title='bbox 1306 3674 1412 3739; x_wconf 90' lang='lat' dir='ltr'>Qui</span> <span class='ocrx_word' id='word_1_458' title='bbox 1467 3672 1932 3746; x_wconf 75' lang='lat' dir='ltr'>transfigurabit.</span> <span class='ocrx_word' id='word_1_459' title='bbox 1970 3696 1998 3723; x_wconf 85' lang='lat'>»</span> 
     </span>
    </p>
   </div>
   <div class='ocr_carea' id='block_1_68' title="bbox 338 3758 2001 3834">
    <p class='ocr_par' dir='ltr' id='par_1_68' title="bbox 338 3758 2001 3834">
     <span class='ocr_line' id='line_1_68' title="bbox 338 3758 2001 3834; baseline 0.004 -23"><span class='ocrx_word' id='word_1_460' title='bbox 338 3758 503 3812; x_wconf 87' lang='lat' dir='ltr'>Multi</span> <span class='ocrx_word' id='word_1_461' title='bbox 535 3759 881 3813; x_wconf 87' lang='lat' dir='ltr'>existimant</span> <span class='ocrx_word' id='word_1_462' title='bbox 909 3759 1070 3816; x_wconf 88' lang='lat' dir='ltr'>aliud</span> <span class='ocrx_word' id='word_1_463' title='bbox 1115 3762 1525 3817; x_wconf 87' lang='lat' dir='ltr'>suscitandum</span> <span class='ocrx_word' id='word_1_464' title='bbox 1576 3779 1789 3834; x_wconf 90' lang='lat' dir='ltr'>corpus</span> <span class='ocrx_word' id='word_1_465' title='bbox 1820 3762 1881 3816; x_wconf 92' lang='lat' dir='ltr'>in</span> <span class='ocrx_word' id='word_1_466' title='bbox 1912 3779 2001 3817; x_wconf 89' lang='lat' dir='ltr'>re-</span> 
     </span>
    </p>
   </div>
   <div class='ocr_carea' id='block_1_69' title="bbox 342 3847 1998 3915">
    <p class='ocr_par' dir='ltr' id='par_1_69' title="bbox 342 3847 1998 3915">
     <span class='ocr_line' id='line_1_69' title="bbox 342 3847 1998 3915; baseline 0.005 -16"><span class='ocrx_word' id='word_1_467' title='bbox 342 3847 734 3911; x_wconf 87' lang='lat' dir='ltr'>surrectione,</span> <span class='ocrx_word' id='word_1_468' title='bbox 770 3853 829 3903; x_wconf 90' lang='lat' dir='ltr'>et</span> <span class='ocrx_word' id='word_1_469' title='bbox 860 3865 980 3903; x_wconf 88' lang='lat' dir='ltr'>non</span> <span class='ocrx_word' id='word_1_470' title='bbox 1013 3850 1125 3905; x_wconf 88' lang='lat' dir='ltr'>hoc</span> <span class='ocrx_word' id='word_1_471' title='bbox 1155 3859 1271 3905; x_wconf 85' lang='lat' dir='ltr'>buo</span> <span class='ocrx_word' id='word_1_472' title='bbox 1322 3868 1484 3906; x_wconf 89' lang='lat' dir='ltr'>nunc</span> <span class='ocrx_word' id='word_1_473' title='bbox 1534 3850 1998 3915; x_wconf 87' lang='lat' dir='ltr'>circumdamur,</span> 
     </span>
    </p>
   </div>
   <div class='ocr_carea' id='block_1_70' title="bbox 339 3937 2001 4013">
    <p class='ocr_par' dir='ltr' id='par_1_70' title="bbox 339 3937 2001 4013">
     <span class='ocr_line' id='line_1_70' title="bbox 339 3937 2001 4013; baseline 0.004 -23"><span class='ocrx_word' id='word_1_474' title='bbox 339 3943 655 4007; x_wconf 85' lang='lat' dir='ltr'>propterea</span> <span class='ocrx_word' id='word_1_475' title='bbox 686 3937 846 4008; x_wconf 89' lang='lat' dir='ltr'>quod</span> <span class='ocrx_word' id='word_1_476' title='bbox 878 3939 1105 3995; x_wconf 89' lang='lat' dir='ltr'>dictum</span> <span class='ocrx_word' id='word_1_477' title='bbox 1138 3941 1234 4006; x_wconf 91' lang='lat' dir='ltr'>sit,</span> <span class='ocrx_word' id='word_1_478' title='bbox 1277 3941 1745 4013; x_wconf 79' lang='lat' dir='ltr'>Transﬂgurabit</span> <span class='ocrx_word' id='word_1_479' title='bbox 1785 3959 2001 4013; x_wconf 88' lang='lat' dir='ltr'>corpus</span> 
     </span>
    </p>
   </div>
   <div class='ocr_carea' id='block_1_71' title="bbox 343 4026 2003 4103">
    <p class='ocr_par' dir='ltr' id='par_1_71' title="bbox 343 4026 2003 4103">
     <span class='ocr_line' id='line_1_71' title="bbox 343 4026 2003 4103; baseline 0.003 -22"><span class='ocrx_word' id='word_1_480' title='bbox 343 4032 611 4081; x_wconf 84' lang='lat' dir='ltr'>nostrum</span> <span class='ocrx_word' id='word_1_481' title='bbox 646 4026 942 4098; x_wconf 84' lang='lat' dir='ltr'>abjectum</span> <span class='ocrx_word' id='word_1_482' title='bbox 976 4028 1039 4082; x_wconf 89' lang='lat' dir='ltr'>in</span> <span class='ocrx_word' id='word_1_483' title='bbox 1073 4046 1289 4101; x_wconf 88' lang='lat' dir='ltr'>corpus</span> <span class='ocrx_word' id='word_1_484' title='bbox 1321 4031 1522 4103; x_wconf 64' lang='lat' dir='ltr'>gloria:</span> <span class='ocrx_word' id='word_1_485' title='bbox 1556 4048 1699 4086; x_wconf 68' lang='lat' dir='ltr'>suae.</span> <span class='ocrx_word' id='word_1_486' title='bbox 1733 4030 1843 4086; x_wconf 88' lang='lat' dir='ltr'>Sed</span> <span class='ocrx_word' id='word_1_487' title='bbox 1873 4031 2003 4086; x_wconf 87' lang='lat' dir='ltr'>vide</span> 
     </span>
    </p>
   </div>
   <div class='ocr_carea' id='block_1_72' title="bbox 344 4114 2006 4185">
    <p class='ocr_par' dir='ltr' id='par_1_72' title="bbox 344 4114 2006 4185">
     <span class='ocr_line' id='line_1_72' title="bbox 344 4114 2006 4185; baseline 0.005 -17"><span class='ocrx_word' id='word_1_488' title='bbox 344 4114 489 4185; x_wconf 89' lang='lat' dir='ltr'>quid</span> <span class='ocrx_word' id='word_1_489' title='bbox 520 4115 678 4171; x_wconf 88' lang='lat' dir='ltr'>dicat</span> <span class='ocrx_word' id='word_1_490' title='bbox 704 4117 1035 4173; x_wconf 86' lang='lat' dir='ltr'>Methodius</span> <span class='ocrx_word' id='word_1_491' title='bbox 1057 4118 1209 4175; x_wconf 92' lang='lat' dir='ltr'>libro</span> <span class='ocrx_word' id='word_1_492' title='bbox 1234 4120 1304 4175; x_wconf 87' lang='lat' dir='ltr'>de</span> <span class='ocrx_word' id='word_1_493' title='bbox 1319 4123 1790 4177; x_wconf 82' lang='lat' dir='ltr'>Resurrectione.</span> <span class='ocrx_word' id='word_1_494' title='bbox 1822 4122 2006 4177; x_wconf 88' lang='lat' dir='ltr'>Etiam</span> 
     </span>
    </p>
   </div>
   <div class='ocr_carea' id='block_1_73' title="bbox 306 4204 2007 4282">
    <p class='ocr_par' dir='ltr' id='par_1_73' title="bbox 306 4204 2007 4282">
     <span class='ocr_line' id='line_1_73' title="bbox 306 4204 2007 4282; baseline 0.004 -22"><span class='ocrx_word' id='word_1_495' title='bbox 306 4204 458 4260; x_wconf 91' lang='lat' dir='ltr'>.hoc</span> <span class='ocrx_word' id='word_1_496' title='bbox 489 4205 730 4261; x_wconf 86' lang='lat' dir='ltr'>interim</span> <span class='ocrx_word' id='word_1_497' title='bbox 784 4224 1001 4278; x_wconf 88' lang='lat' dir='ltr'>corpus</span> <span class='ocrx_word' id='word_1_498' title='bbox 1046 4215 1217 4264; x_wconf 89' lang='lat' dir='ltr'>nostr</span> <span class='ocrx_word' id='word_1_499' title='bbox 1261 4228 1317 4264; x_wconf 92' lang='lat' dir='ltr'>m</span> <span class='ocrx_word' id='word_1_500' title='bbox 1369 4227 1583 4282; x_wconf 88' lang='lat' dir='ltr'>corpus</span> <span class='ocrx_word' id='word_1_501' title='bbox 1630 4211 1832 4282; x_wconf 80' lang='lat' dir='ltr'>gloriae</span> <span class='ocrx_word' id='word_1_502' title='bbox 1879 4217 2007 4266; x_wconf 83' lang='lat' dir='ltr'>erat</span> 
     </span>
    </p>
   </div>
   <div class='ocr_carea' id='block_1_74' title="bbox 346 4296 2007 4371">
    <p class='ocr_par' dir='ltr' id='par_1_74' title="bbox 346 4296 2007 4371">
     <span class='ocr_line' id='line_1_74' title="bbox 346 4296 2007 4371; baseline 0.005 -25"><span class='ocrx_word' id='word_1_503' title='bbox 346 4299 485 4348; x_wconf 87' lang='lat' dir='ltr'>ante</span> <span class='ocrx_word' id='word_1_504' title='bbox 516 4296 1069 4367; x_wconf 86' lang='lat' dir='ltr'>transgressionem,</span> <span class='ocrx_word' id='word_1_505' title='bbox 1106 4303 1163 4353; x_wconf 91' lang='lat' dir='ltr'>et</span> <span class='ocrx_word' id='word_1_506' title='bbox 1213 4298 1361 4354; x_wconf 88' lang='lat' dir='ltr'>adeo</span> <span class='ocrx_word' id='word_1_507' title='bbox 1411 4299 1735 4371; x_wconf 89' lang='lat' dir='ltr'>gloriosum</span> <span class='ocrx_word' id='word_1_508' title='bbox 1786 4306 1912 4355; x_wconf 88' lang='lat' dir='ltr'>erat</span> <span class='ocrx_word' id='word_1_509' title='bbox 1940 4306 2007 4355; x_wconf 92' lang='lat' dir='ltr'>ut</span> 
     </span>
    </p>
   </div>
   <div class='ocr_carea' id='block_1_75' title="bbox 341 4385 2004 4459">
    <p class='ocr_par' dir='ltr' id='par_1_75' title="bbox 341 4385 2004 4459">
     <span class='ocr_line' id='line_1_75' title="bbox 341 4385 2004 4459; baseline 0.004 -23"><span class='ocrx_word' id='word_1_510' title='bbox 341 4398 502 4437; x_wconf 87' lang='lat' dir='ltr'>nunc</span> <span class='ocrx_word' id='word_1_511' title='bbox 534 4390 667 4454; x_wconf 78' lang='lat' dir='ltr'>post</span> <span class='ocrx_word' id='word_1_512' title='bbox 691 4385 1228 4456; x_wconf 79' lang='lat' dir='ltr'>transgressionem</span> <span class='ocrx_word' id='word_1_513' title='bbox 1260 4404 1476 4459; x_wconf 89' lang='lat' dir='ltr'>corpus</span> <span class='ocrx_word' id='word_1_514' title='bbox 1510 4388 1809 4459; x_wconf 83' lang='lat' dir='ltr'>abjectum</span> <span class='ocrx_word' id='word_1_515' title='bbox 1840 4389 2004 4444; x_wconf 85' lang='lat' dir='ltr'>dica-</span> 
     </span>
    </p>
   </div>
   <div class='ocr_carea' id='block_1_76' title="bbox 299 4471 2001 4549">
    <p class='ocr_par' dir='ltr' id='par_1_76' title="bbox 299 4471 2001 4549">
     <span class='ocr_line' id='line_1_76' title="bbox 299 4471 2001 4549; baseline 0.004 -22"><span class='ocrx_word' id='word_1_516' title='bbox 299 4523 305 4527; x_wconf 91' lang='lat'><strong><em>_</em></strong></span> <span class='ocrx_word' id='word_1_517' title='bbox 343 4476 460 4527; x_wconf 88' lang='lat' dir='ltr'>tur.</span> <span class='ocrx_word' id='word_1_518' title='bbox 489 4471 795 4542; x_wconf 88' lang='lat' dir='ltr'>Siquidem</span> <span class='ocrx_word' id='word_1_519' title='bbox 828 4473 942 4527; x_wconf 89' lang='lat' dir='ltr'>nisi</span> <span class='ocrx_word' id='word_1_520' title='bbox 978 4474 1303 4546; x_wconf 87' lang='lat' dir='ltr'>gloriosum</span> <span class='ocrx_word' id='word_1_521' title='bbox 1336 4493 1405 4532; x_wconf 92' lang='lat' dir='ltr'>ac</span> <span class='ocrx_word' id='word_1_522' title='bbox 1436 4476 1722 4549; x_wconf 85' lang='lat' dir='ltr'>inclytum</span> <span class='ocrx_word' id='word_1_523' title='bbox 1772 4478 2001 4546; x_wconf 83' lang='lat' dir='ltr'>fuisset,</span> 
     </span>
    </p>
   </div>
   <div class='ocr_carea' id='block_1_77' title="bbox 345 4563 2006 4639">
    <p class='ocr_par' dir='ltr' id='par_1_77' title="bbox 345 4563 2006 4639">
     <span class='ocr_line' id='line_1_77' title="bbox 345 4563 2006 4639; baseline 0.005 -24"><span class='ocrx_word' id='word_1_524' title='bbox 345 4577 724 4633; x_wconf 89' lang='lat' dir='ltr'>nequaquam</span> <span class='ocrx_word' id='word_1_525' title='bbox 757 4578 917 4617; x_wconf 89' lang='lat' dir='ltr'>nunc</span> <span class='ocrx_word' id='word_1_526' title='bbox 936 4563 1233 4635; x_wconf 81' lang='lat' dir='ltr'>abjectum</span> <span class='ocrx_word' id='word_1_527' title='bbox 1253 4566 1675 4638; x_wconf 88' lang='lat' dir='ltr'>appellaretur.</span> <span class='ocrx_word' id='word_1_528' title='bbox 1711 4567 2006 4639; x_wconf 81' lang='lat' dir='ltr'>Abjicitur</span> 
     </span>
    </p>
   </div>
   <div class='ocr_carea' id='block_1_78' title="bbox 2103 3404 3767 3483">
    <p class='ocr_par' dir='ltr' id='par_1_78' title="bbox 2103 3404 3767 3483">
     <span class='ocr_line' id='line_1_78' title="bbox 2103 3404 3767 3483; baseline -0.003 -19"><span class='ocrx_word' id='word_1_529' title='bbox 2103 3404 2443 3479; x_wconf 71' lang='grc' dir='ltr'>ϐληθήσευαι</span> <span class='ocrx_word' id='word_1_530' title='bbox 2521 3411 2707 3481; x_wconf 80' lang='grc' dir='ltr'>σῶμα,</span> <span class='ocrx_word' id='word_1_531' title='bbox 2784 3408 2974 3483; x_wconf 79' lang='grc' dir='ltr'>χάριτι</span> <span class='ocrx_word' id='word_1_532' title='bbox 3046 3428 3143 3463; x_wconf 67' lang='grc' dir='ltr'>τοι»</span> <span class='ocrx_word' id='word_1_533' title='bbox 3187 3411 3324 3463; x_wconf 76' lang='grc' dir='ltr'>Θεοῦ</span> <span class='ocrx_word' id='word_1_534' title='bbox 3372 3409 3536 3479; x_wconf 72' lang='grc' dir='ltr'>ἡμῶν</span> <span class='ocrx_word' id='word_1_535' title='bbox 3580 3408 3767 3476; x_wconf 67' lang='grc' dir='ltr'>Ἰησοῦ</span> 
     </span>
    </p>
   </div>
   <div class='ocr_carea' id='block_1_79' title="bbox 2099 3491 3755 3571">
    <p class='ocr_par' dir='ltr' id='par_1_79' title="bbox 2099 3491 3755 3571">
     <span class='ocr_line' id='line_1_79' title="bbox 2099 3491 3755 3571; baseline -0.004 -17"><span class='ocrx_word' id='word_1_536' title='bbox 2099 3498 2355 3571; x_wconf 76' lang='grc' dir='ltr'>Χρισνοῢ.</span> <span class='ocrx_word' id='word_1_537' title='bbox 2401 3495 2538 3555; x_wconf 74' lang='grc' dir='ltr'>Οὐαὶ</span> <span class='ocrx_word' id='word_1_538' title='bbox 2603 3502 2720 3558; x_wconf 86' lang='grc' dir='ltr'>τοῖς</span> <span class='ocrx_word' id='word_1_539' title='bbox 2775 3494 3100 3552; x_wconf 65' lang='grc' dir='ltr'>ἐκπίπτουσι</span> <span class='ocrx_word' id='word_1_540' title='bbox 3154 3496 3358 3565; x_wconf 76' lang='grc' dir='ltr'>ταύτης</span> <span class='ocrx_word' id='word_1_541' title='bbox 3413 3502 3514 3565; x_wconf 76' lang='grc' dir='ltr'>τῆς</span> <span class='ocrx_word' id='word_1_542' title='bbox 3570 3491 3755 3565; x_wconf 80' lang='grc' dir='ltr'>δόξης,</span> 
     </span>
    </p>
   </div>
   <div class='ocr_carea' id='block_1_80' title="bbox 2101 3583 3760 3660">
    <p class='ocr_par' dir='ltr' id='par_1_80' title="bbox 2101 3583 3760 3660">
     <span class='ocr_line' id='line_1_80' title="bbox 2101 3583 3760 3660; baseline -0.002 -18"><span class='ocrx_word' id='word_1_543' title='bbox 2101 3587 2191 3642; x_wconf 78' lang='grc' dir='ltr'>καὶ</span> <span class='ocrx_word' id='word_1_544' title='bbox 2236 3588 2370 3659; x_wconf 85' lang='grc' dir='ltr'>μετά</span> <span class='ocrx_word' id='word_1_545' title='bbox 2402 3583 2675 3660; x_wconf 73' lang='grc' dir='ltr'>δαιμόνων</span> <span class='ocrx_word' id='word_1_546' title='bbox 2731 3585 3113 3658; x_wconf 69' lang='grc' dir='ltr'>τασσομένοις.</span> <span class='ocrx_word' id='word_1_547' title='bbox 3178 3611 3207 3639; x_wconf 81' lang='grc' dir='ltr'>ι(</span> <span class='ocrx_word' id='word_1_548' title='bbox 3240 3587 3336 3648; x_wconf 82' lang='grc' dir='ltr'>Ὃς</span> <span class='ocrx_word' id='word_1_549' title='bbox 3389 3604 3760 3660; x_wconf 82' lang='grc' dir='ltr'>μετασχημα-</span> 
     </span>
    </p>
   </div>
   <div class='ocr_carea' id='block_1_81' title="bbox 2100 3672 3764 3751">
    <p class='ocr_par' dir='ltr' id='par_1_81' title="bbox 2100 3672 3764 3751">
     <span class='ocr_line' id='line_1_81' title="bbox 2100 3672 3764 3751; baseline -0.003 -18"><span class='ocrx_word' id='word_1_550' title='bbox 2100 3675 2259 3734; x_wconf 80' lang='grc' dir='ltr'>τίσει.</span> <span class='ocrx_word' id='word_1_551' title='bbox 2298 3701 2323 3726; x_wconf 73' lang='grc' dir='ltr'>υ</span> <span class='ocrx_word' id='word_1_552' title='bbox 2357 3674 2569 3732; x_wconf 79' lang='grc' dir='ltr'>Πολλοὶ</span> <span class='ocrx_word' id='word_1_553' title='bbox 2600 3674 2920 3749; x_wconf 79' lang='grc' dir='ltr'>νομίζουσιν</span> <span class='ocrx_word' id='word_1_554' title='bbox 2952 3672 3136 3751; x_wconf 79' lang='grc' dir='ltr'>ἕτερον</span> <span class='ocrx_word' id='word_1_555' title='bbox 3174 3678 3335 3748; x_wconf 79' lang='grc' dir='ltr'>σῶμα</span> <span class='ocrx_word' id='word_1_556' title='bbox 3392 3676 3764 3749; x_wconf 82' lang='grc' dir='ltr'>πνευματικὸν</span> 
     </span>
    </p>
   </div>
   <div class='ocr_carea' id='block_1_82' title="bbox 2104 3763 3762 3844">
    <p class='ocr_par' dir='ltr' id='par_1_82' title="bbox 2104 3763 3762 3844">
     <span class='ocr_line' id='line_1_82' title="bbox 2104 3763 3762 3844; baseline -0.002 -24"><span class='ocrx_word' id='word_1_557' title='bbox 2104 3764 2407 3844; x_wconf 80' lang='grc' dir='ltr'>ἐγείρεσθαι</span> <span class='ocrx_word' id='word_1_558' title='bbox 2464 3763 2517 3821; x_wconf 80' lang='grc' dir='ltr'>ἐν</span> <span class='ocrx_word' id='word_1_559' title='bbox 2584 3768 2654 3838; x_wconf 80' lang='grc' dir='ltr'>τῇ</span> <span class='ocrx_word' id='word_1_560' title='bbox 2711 3765 3016 3833; x_wconf 73' lang='grc' dir='ltr'>ἀναστάσει,</span> <span class='ocrx_word' id='word_1_561' title='bbox 3106 3764 3197 3819; x_wconf 80' lang='grc' dir='ltr'>καὶ</span> <span class='ocrx_word' id='word_1_562' title='bbox 3252 3764 3314 3820; x_wconf 80' lang='grc' dir='ltr'>οὐ</span> <span class='ocrx_word' id='word_1_563' title='bbox 3369 3767 3532 3819; x_wconf 80' lang='grc' dir='ltr'>τοῦτο</span> <span class='ocrx_word' id='word_1_564' title='bbox 3588 3763 3619 3819; x_wconf 78' lang='grc' dir='ltr'>ὅ</span> <span class='ocrx_word' id='word_1_565' title='bbox 3670 3767 3762 3817; x_wconf 74' lang='grc' dir='ltr'>νῦν</span> 
     </span>
    </p>
   </div>
   <div class='ocr_carea' id='block_1_83' title="bbox 2102 3851 3767 3929">
    <p class='ocr_par' dir='ltr' id='par_1_83' title="bbox 2102 3851 3767 3929">
     <span class='ocr_line' id='line_1_83' title="bbox 2102 3851 3767 3929; baseline -0.002 -19"><span class='ocrx_word' id='word_1_566' title='bbox 2102 3856 2481 3929; x_wconf 76' lang='grc' dir='ltr'>περικείμεθα,</span> <span class='ocrx_word' id='word_1_567' title='bbox 2550 3851 2640 3909; x_wconf 72' lang='grc' dir='ltr'>διὰ</span> <span class='ocrx_word' id='word_1_568' title='bbox 2696 3855 2757 3909; x_wconf 86' lang='grc' dir='ltr'>τὸ</span> <span class='ocrx_word' id='word_1_569' title='bbox 2812 3855 3084 3929; x_wconf 78' lang='grc' dir='ltr'>εἰρῆσθαι,</span> <span class='ocrx_word' id='word_1_570' title='bbox 3175 3853 3642 3929; x_wconf 75' lang='grc' dir='ltr'>μετασχηματίσει</span> <span class='ocrx_word' id='word_1_571' title='bbox 3701 3854 3767 3909; x_wconf 88' lang='grc' dir='ltr'>τὸ</span> 
     </span>
    </p>
   </div>
   <div class='ocr_carea' id='block_1_84' title="bbox 2105 3942 3772 4018">
    <p class='ocr_par' dir='ltr' id='par_1_84' title="bbox 2105 3942 3772 4018">
     <span class='ocr_line' id='line_1_84' title="bbox 2105 3942 3772 4018; baseline -0.002 -18"><span class='ocrx_word' id='word_1_572' title='bbox 2105 3951 2266 4018; x_wconf 77' lang='grc' dir='ltr'>σῶμα</span> <span class='ocrx_word' id='word_1_573' title='bbox 2346 3946 2438 4013; x_wconf 73' lang='grc' dir='ltr'>τῆς</span> <span class='ocrx_word' id='word_1_574' title='bbox 2515 3944 2890 4006; x_wconf 76' lang='grc' dir='ltr'>ταπεινώσεως</span> <span class='ocrx_word' id='word_1_575' title='bbox 2966 3945 3150 4015; x_wconf 72' lang='grc' dir='ltr'>ἡμῶν,</span> <span class='ocrx_word' id='word_1_576' title='bbox 3230 3942 3305 4005; x_wconf 81' lang='grc' dir='ltr'>εἰς</span> <span class='ocrx_word' id='word_1_577' title='bbox 3365 3943 3428 3997; x_wconf 86' lang='grc' dir='ltr'>τὸ</span> <span class='ocrx_word' id='word_1_578' title='bbox 3468 3947 3630 4016; x_wconf 82' lang='grc' dir='ltr'>σῶμα</span> <span class='ocrx_word' id='word_1_579' title='bbox 3665 3949 3772 4013; x_wconf 79' lang='grc' dir='ltr'>τῆς</span> 
     </span>
    </p>
   </div>
   <div class='ocr_carea' id='block_1_85' title="bbox 2104 4029 3766 4111">
    <p class='ocr_par' dir='ltr' id='par_1_85' title="bbox 2104 4029 3766 4111">
     <span class='ocr_line' id='line_1_85' title="bbox 2104 4029 3766 4111; baseline -0.002 -22"><span class='ocrx_word' id='word_1_580' title='bbox 2104 4032 2266 4105; x_wconf 79' lang='grc' dir='ltr'>δόξης</span> <span class='ocrx_word' id='word_1_581' title='bbox 2339 4034 2530 4089; x_wconf 78' lang='grc' dir='ltr'>αὐτοῦ.</span> <span class='ocrx_word' id='word_1_582' title='bbox 2609 4030 2768 4090; x_wconf 85' lang='grc' dir='ltr'>Ἀλλ’</span> <span class='ocrx_word' id='word_1_583' title='bbox 2843 4031 2944 4108; x_wconf 77' lang='grc' dir='ltr'>ὅρα</span> <span class='ocrx_word' id='word_1_584' title='bbox 2979 4031 3033 4088; x_wconf 77' lang='grc' dir='ltr'>τί</span> <span class='ocrx_word' id='word_1_585' title='bbox 3073 4053 3209 4111; x_wconf 78' lang='grc' dir='ltr'>φησι</span> <span class='ocrx_word' id='word_1_586' title='bbox 3260 4029 3554 4095; x_wconf 77' lang='grc' dir='ltr'>Μιθόδειος</span> <span class='ocrx_word' id='word_1_587' title='bbox 3595 4031 3646 4086; x_wconf 74' lang='grc' dir='ltr'>ἓν</span> <span class='ocrx_word' id='word_1_588' title='bbox 3682 4036 3766 4105; x_wconf 79' lang='grc' dir='ltr'>τῷ</span> 
     </span>
    </p>
   </div>
   <div class='ocr_carea' id='block_1_86' title="bbox 2105 4119 3766 4198">
    <p class='ocr_par' dir='ltr' id='par_1_86' title="bbox 2105 4119 3766 4198">
     <span class='ocr_line' id='line_1_86' title="bbox 2105 4119 3766 4198; baseline -0.002 -18"><span class='ocrx_word' id='word_1_589' title='bbox 2105 4122 2229 4197; x_wconf 81' lang='grc' dir='ltr'>περὶ</span> <span class='ocrx_word' id='word_1_590' title='bbox 2269 4122 2607 4184; x_wconf 81' lang='grc' dir='ltr'>ἀναστάσεως</span> <span class='ocrx_word' id='word_1_591' title='bbox 2649 4119 2825 4198; x_wconf 77' lang='grc' dir='ltr'>λόγῳ.</span> <span class='ocrx_word' id='word_1_592' title='bbox 2885 4122 2983 4176; x_wconf 77' lang='grc' dir='ltr'>Καὶ</span> <span class='ocrx_word' id='word_1_593' title='bbox 3050 4123 3211 4176; x_wconf 76' lang='grc' dir='ltr'>τοῦτό</span> <span class='ocrx_word' id='word_1_594' title='bbox 3278 4142 3412 4177; x_wconf 89' lang='grc' dir='ltr'>ποτε</span> <span class='ocrx_word' id='word_1_595' title='bbox 3475 4122 3636 4193; x_wconf 75' lang='grc' dir='ltr'><strong>ἡμῶν</strong></span> <span class='ocrx_word' id='word_1_596' title='bbox 3701 4121 3766 4177; x_wconf 83' lang='grc' dir='ltr'>τὸ</span> 
     </span>
    </p>
   </div>
   <div class='ocr_carea' id='block_1_87' title="bbox 2107 4205 3763 4284">
    <p class='ocr_par' dir='ltr' id='par_1_87' title="bbox 2107 4205 3763 4284">
     <span class='ocr_line' id='line_1_87' title="bbox 2107 4205 3763 4284; baseline -0.001 -18"><span class='ocrx_word' id='word_1_597' title='bbox 2107 4216 2287 4284; x_wconf 76' lang='grc' dir='ltr'>σῶμα,</span> <span class='ocrx_word' id='word_1_598' title='bbox 2365 4214 2524 4282; x_wconf 81' lang='grc' dir='ltr'>σῶμα</span> <span class='ocrx_word' id='word_1_599' title='bbox 2600 4208 2761 4281; x_wconf 68' lang='grc' dir='ltr'>δνέξης</span> <span class='ocrx_word' id='word_1_600' title='bbox 2838 4210 2906 4279; x_wconf 76' lang='grc' dir='ltr'>ἦν</span> <span class='ocrx_word' id='word_1_601' title='bbox 2981 4210 3090 4282; x_wconf 80' lang='grc' dir='ltr'>πρὸ</span> <span class='ocrx_word' id='word_1_602' title='bbox 3172 4217 3276 4280; x_wconf 79' lang='grc' dir='ltr'>τῆς</span> <span class='ocrx_word' id='word_1_603' title='bbox 3375 4205 3763 4282; x_wconf 70' lang='grc' dir='ltr'>παραϐάσεως,</span> 
     </span>
    </p>
   </div>
   <div class='ocr_carea' id='block_1_88' title="bbox 2105 4295 3766 4375">
    <p class='ocr_par' dir='ltr' id='par_1_88' title="bbox 2105 4295 3766 4375">
     <span class='ocr_line' id='line_1_88' title="bbox 2105 4295 3766 4375; baseline -0.001 -19"><span class='ocrx_word' id='word_1_604' title='bbox 2105 4300 2201 4356; x_wconf 80' lang='grc' dir='ltr'>καὶ</span> <span class='ocrx_word' id='word_1_605' title='bbox 2229 4299 2403 4362; x_wconf 80' lang='grc' dir='ltr'>οὕτως</span> <span class='ocrx_word' id='word_1_606' title='bbox 2436 4295 2650 4370; x_wconf 74' lang='grc' dir='ltr'>ἔνδοξον</span> <span class='ocrx_word' id='word_1_607' title='bbox 2681 4299 2772 4369; x_wconf 78' lang='grc' dir='ltr'>ἦν,</span> <span class='ocrx_word' id='word_1_608' title='bbox 2834 4299 2917 4355; x_wconf 81' lang='grc' dir='ltr'>ὃτι</span> <span class='ocrx_word' id='word_1_609' title='bbox 2960 4304 3049 4354; x_wconf 74' lang='grc' dir='ltr'>νῦν</span> <span class='ocrx_word' id='word_1_610' title='bbox 3098 4301 3235 4373; x_wconf 84' lang='grc' dir='ltr'>μετᾶ</span> <span class='ocrx_word' id='word_1_611' title='bbox 3286 4302 3386 4371; x_wconf 74' lang='grc' dir='ltr'>τὴν</span> <span class='ocrx_word' id='word_1_612' title='bbox 3436 4295 3766 4375; x_wconf 67' lang='grc' dir='ltr'>παράϐασιν,</span> 
     </span>
    </p>
   </div>
   <div class='ocr_carea' id='block_1_89' title="bbox 2108 4387 3767 4465">
    <p class='ocr_par' dir='ltr' id='par_1_89' title="bbox 2108 4387 3767 4465">
     <span class='ocr_line' id='line_1_89' title="bbox 2108 4387 3767 4465; baseline 0 -20"><span class='ocrx_word' id='word_1_613' title='bbox 2108 4395 2267 4463; x_wconf 78' lang='grc' dir='ltr'>σῶμα</span> <span class='ocrx_word' id='word_1_614' title='bbox 2298 4389 2677 4450; x_wconf 83' lang='grc' dir='ltr'>ταπεινώσεως</span> <span class='ocrx_word' id='word_1_615' title='bbox 2709 4388 2945 4462; x_wconf 71' lang='grc' dir='ltr'>λέγεται.</span> <span class='ocrx_word' id='word_1_616' title='bbox 2995 4388 3072 4446; x_wconf 74' lang='grc' dir='ltr'>Οὐ</span> <span class='ocrx_word' id='word_1_617' title='bbox 3130 4389 3238 4465; x_wconf 81' lang='grc' dir='ltr'>γὰρ</span> <span class='ocrx_word' id='word_1_618' title='bbox 3284 4388 3345 4445; x_wconf 75' lang='grc' dir='ltr'>ἅν</span> <span class='ocrx_word' id='word_1_619' title='bbox 3387 4389 3432 4445; x_wconf 84' lang='grc' dir='ltr'>εἰ</span> <span class='ocrx_word' id='word_1_620' title='bbox 3486 4391 3564 4464; x_wconf 80' lang='grc' dir='ltr'>μὴ</span> <span class='ocrx_word' id='word_1_621' title='bbox 3612 4387 3767 4445; x_wconf 78' lang='grc' dir='ltr'>ἔνδο-</span> 
     </span>
    </p>
   </div>
   <div class='ocr_carea' id='block_1_90' title="bbox 2105 4476 3769 4557">
    <p class='ocr_par' dir='ltr' id='par_1_90' title="bbox 2105 4476 3769 4557">
     <span class='ocr_line' id='line_1_90' title="bbox 2105 4476 3769 4557; baseline -0.001 -23"><span class='ocrx_word' id='word_1_622' title='bbox 2105 4480 2193 4549; x_wconf 85' lang='grc' dir='ltr'>ξον</span> <span class='ocrx_word' id='word_1_623' title='bbox 2226 4480 2314 4550; x_wconf 77' lang='grc' dir='ltr'>ἦν,</span> <span class='ocrx_word' id='word_1_624' title='bbox 2372 4477 2753 4542; x_wconf 86' lang='grc' dir='ltr'>ταπεινώσεως</span> <span class='ocrx_word' id='word_1_625' title='bbox 2806 4482 2898 4533; x_wconf 79' lang='grc' dir='ltr'>νῦν</span> <span class='ocrx_word' id='word_1_626' title='bbox 2959 4476 3194 4549; x_wconf 72' lang='grc' dir='ltr'>ἐκλήθη.</span> <span class='ocrx_word' id='word_1_627' title='bbox 3254 4480 3611 4535; x_wconf 78' lang='grc' dir='ltr'>Ταπεινοῦται</span> <span class='ocrx_word' id='word_1_628' title='bbox 3664 4479 3769 4557; x_wconf 73' lang='grc' dir='ltr'>γὰρ</span> 
     </span>
    </p>
   </div>
   <div class='ocr_carea' id='block_1_91' title="bbox 2107 4565 3773 4646">
    <p class='ocr_par' dir='ltr' id='par_1_91' title="bbox 2107 4565 3773 4646">
     <span class='ocr_line' id='line_1_91' title="bbox 2107 4565 3773 4646; baseline 0 -23"><span class='ocrx_word' id='word_1_629' title='bbox 2107 4568 2213 4623; x_wconf 84' lang='grc' dir='ltr'>ἀπὸ</span> <span class='ocrx_word' id='word_1_630' title='bbox 2246 4566 2566 4646; x_wconf 75' lang='grc' dir='ltr'>σφάλματος</span> <span class='ocrx_word' id='word_1_631' title='bbox 2623 4568 2686 4624; x_wconf 88' lang='grc' dir='ltr'>τὸ</span> <span class='ocrx_word' id='word_1_632' title='bbox 2743 4565 2985 4638; x_wconf 81' lang='grc' dir='ltr'>ἔνδοξον.</span> <span class='ocrx_word' id='word_1_633' title='bbox 3057 4567 3136 4624; x_wconf 89' lang='grc' dir='ltr'>Τὸ</span> <span class='ocrx_word' id='word_1_634' title='bbox 3201 4571 3304 4643; x_wconf 82' lang='grc' dir='ltr'>γὰρ</span> <span class='ocrx_word' id='word_1_635' title='bbox 3371 4567 3453 4623; x_wconf 80' lang='grc' dir='ltr'>ἀεὶ</span> <span class='ocrx_word' id='word_1_636' title='bbox 3518 4570 3773 4624; x_wconf 78' lang='grc' dir='ltr'>ταπεινὸν</span> 
     </span>
    </p>
   </div>
   <div class='ocr_carea' id='block_1_92' title="bbox 342 4649 1991 4731">
    <p class='ocr_par' dir='ltr' id='par_1_92' title="bbox 342 4649 1991 4729">
     <span class='ocr_line' id='line_1_92' title="bbox 342 4649 1991 4729; baseline 0.005 -26"><span class='ocrx_word' id='word_1_637' title='bbox 342 4649 502 4704; x_wconf 89' lang='lat' dir='ltr'>enim</span> <span class='ocrx_word' id='word_1_638' title='bbox 535 4655 594 4704; x_wconf 90' lang='lat' dir='ltr'>et</span> <span class='ocrx_word' id='word_1_639' title='bbox 616 4650 971 4721; x_wconf 88' lang='lat' dir='ltr'>deprimitur</span> <span class='ocrx_word' id='word_1_640' title='bbox 996 4668 1102 4723; x_wconf 89' lang='lat' dir='ltr'>per</span> <span class='ocrx_word' id='word_1_641' title='bbox 1147 4651 1381 4725; x_wconf 90' lang='lat' dir='ltr'>lapsum</span> <span class='ocrx_word' id='word_1_642' title='bbox 1413 4654 1473 4709; x_wconf 89' lang='lat' dir='ltr'>id</span> <span class='ocrx_word' id='word_1_643' title='bbox 1518 4654 1678 4727; x_wconf 91' lang='lat' dir='ltr'>quod</span> <span class='ocrx_word' id='word_1_644' title='bbox 1709 4656 1991 4729; x_wconf 88' lang='lat' dir='ltr'>inclytum</span> 
     </span>
    </p>
   </div>
   <div class='ocr_carea' id='block_1_93' title="bbox 2101 4649 3766 4731">
    <p class='ocr_par' dir='ltr' id='par_1_93' title="bbox 2111 4650 3766 4731">
     <span class='ocr_line' id='line_1_93' title="bbox 2111 4650 3766 4731; baseline 0.001 -18"><span class='ocrx_word' id='word_1_645' title='bbox 2111 4657 2209 4713; x_wconf 80' lang='grc' dir='ltr'>οὐκ</span> <span class='ocrx_word' id='word_1_646' title='bbox 2240 4658 2297 4712; x_wconf 73' lang='grc' dir='ltr'>ἄν</span> <span class='ocrx_word' id='word_1_647' title='bbox 2332 4679 2415 4720; x_wconf 87' lang='grc' dir='ltr'>τις</span> <span class='ocrx_word' id='word_1_648' title='bbox 2446 4658 2591 4713; x_wconf 81' lang='grc' dir='ltr'>εἳποι</span> <span class='ocrx_word' id='word_1_649' title='bbox 2618 4656 2702 4712; x_wconf 75' lang='grc' dir='ltr'>δτι</span> <span class='ocrx_word' id='word_1_650' title='bbox 2735 4655 2827 4712; x_wconf 80' lang='grc' dir='ltr'>διὰ</span> <span class='ocrx_word' id='word_1_651' title='bbox 2874 4658 2976 4727; x_wconf 84' lang='grc' dir='ltr'>τήν</span> <span class='ocrx_word' id='word_1_652' title='bbox 3035 4650 3339 4731; x_wconf 70' lang='grc' dir='ltr'>παράϐασιν</span> <span class='ocrx_word' id='word_1_653' title='bbox 3402 4655 3766 4728; x_wconf 77' lang='grc' dir='ltr'>ἐταπεινώθη.</span> 
     </span>
    </p>
   </div>
   <div class='ocr_carea' id='block_1_94' title="bbox 338 4740 1998 4822">
    <p class='ocr_par' dir='ltr' id='par_1_94' title="bbox 338 4740 1998 4822">
     <span class='ocr_line' id='line_1_94' title="bbox 338 4740 1998 4822; baseline 0.005 -27"><span class='ocrx_word' id='word_1_654' title='bbox 338 4740 471 4797; x_wconf 86' lang='lat' dir='ltr'>fuit.</span> <span class='ocrx_word' id='word_1_655' title='bbox 505 4744 650 4797; x_wconf 79' lang='lat' dir='ltr'>Nam</span> <span class='ocrx_word' id='word_1_656' title='bbox 685 4743 841 4814; x_wconf 89' lang='lat' dir='ltr'>quod</span> <span class='ocrx_word' id='word_1_657' title='bbox 894 4761 1132 4817; x_wconf 89' lang='lat' dir='ltr'>semper</span> <span class='ocrx_word' id='word_1_658' title='bbox 1170 4746 1395 4803; x_wconf 90' lang='lat' dir='ltr'>humile</span> <span class='ocrx_word' id='word_1_659' title='bbox 1441 4747 1572 4816; x_wconf 81' lang='lat' dir='ltr'>fuit,</span> <span class='ocrx_word' id='word_1_660' title='bbox 1624 4766 1743 4804; x_wconf 91' lang='lat' dir='ltr'>non</span> <span class='ocrx_word' id='word_1_661' title='bbox 1795 4755 1998 4822; x_wconf 84' lang='lat' dir='ltr'>posset</span> 
     </span>
    </p>
   </div>
   <div class='ocr_carea' id='block_1_95' title="bbox 344 4830 1997 4906">
    <p class='ocr_par' dir='ltr' id='par_1_95' title="bbox 344 4830 1997 4906">
     <span class='ocr_line' id='line_1_95' title="bbox 344 4830 1997 4906; baseline 0.005 -20"><span class='ocrx_word' id='word_1_662' title='bbox 344 4830 459 4887; x_wconf 88' lang='lat' dir='ltr'>dici</span> <span class='ocrx_word' id='word_1_663' title='bbox 493 4848 597 4903; x_wconf 85' lang='lat' dir='ltr'>per</span> <span class='ocrx_word' id='word_1_664' title='bbox 615 4834 1119 4906; x_wconf 82' lang='lat' dir='ltr'>trangressionem</span> <span class='ocrx_word' id='word_1_665' title='bbox 1140 4835 1541 4893; x_wconf 87' lang='lat' dir='ltr'>humiliatnm.</span> <span class='ocrx_word' id='word_1_666' title='bbox 1566 4839 1797 4893; x_wconf 89' lang='lat' dir='ltr'>Etenim</span> <span class='ocrx_word' id='word_1_667' title='bbox 1816 4840 1997 4895; x_wconf 90' lang='lat' dir='ltr'>etiam</span> 
     </span>
    </p>
   </div>
   <div class='ocr_carea' id='block_1_96' title="bbox 345 4920 1997 5000">
    <p class='ocr_par' dir='ltr' id='par_1_96' title="bbox 345 4920 1997 5000">
     <span class='ocr_line' id='line_1_96' title="bbox 345 4920 1997 5000; baseline 0.006 -25"><span class='ocrx_word' id='word_1_668' title='bbox 345 4920 416 4976; x_wconf 90' lang='lat' dir='ltr'>de</span> <span class='ocrx_word' id='word_1_669' title='bbox 452 4938 519 4976; x_wconf 91' lang='lat' dir='ltr'>eo</span> <span class='ocrx_word' id='word_1_670' title='bbox 550 4923 650 4992; x_wconf 89' lang='lat' dir='ltr'>qui</span> <span class='ocrx_word' id='word_1_671' title='bbox 696 4922 908 4990; x_wconf 85' lang='lat' dir='ltr'>stabat,</span> <span class='ocrx_word' id='word_1_672' title='bbox 940 4924 989 4979; x_wconf 91' lang='lat' dir='ltr'>si</span> <span class='ocrx_word' id='word_1_673' title='bbox 1034 4924 1205 4980; x_wconf 83' lang='lat' dir='ltr'>cadat</span> <span class='ocrx_word' id='word_1_674' title='bbox 1251 4926 1507 4983; x_wconf 88' lang='lat' dir='ltr'>dicimus</span> <span class='ocrx_word' id='word_1_675' title='bbox 1555 4928 1714 5000; x_wconf 89' lang='lat' dir='ltr'>quod</span> <span class='ocrx_word' id='word_1_676' title='bbox 1744 4929 1997 4985; x_wconf 83' lang='lat' dir='ltr'>cecidit:</span> 
     </span>
    </p>
   </div>
   <div class='ocr_carea' id='block_1_97' title="bbox 347 5008 2002 5088">
    <p class='ocr_par' dir='ltr' id='par_1_97' title="bbox 347 5008 2002 5088">
     <span class='ocr_line' id='line_1_97' title="bbox 347 5008 2002 5088; baseline 0.007 -25"><span class='ocrx_word' id='word_1_677' title='bbox 347 5008 420 5064; x_wconf 91' lang='lat' dir='ltr'>de</span> <span class='ocrx_word' id='word_1_678' title='bbox 452 5026 520 5064; x_wconf 91' lang='lat' dir='ltr'>eo</span> <span class='ocrx_word' id='word_1_679' title='bbox 553 5027 689 5067; x_wconf 90' lang='lat' dir='ltr'>vero</span> <span class='ocrx_word' id='word_1_680' title='bbox 722 5012 822 5082; x_wconf 91' lang='lat' dir='ltr'>qui</span> <span class='ocrx_word' id='word_1_681' title='bbox 846 5029 1085 5085; x_wconf 89' lang='lat' dir='ltr'>semper</span> <span class='ocrx_word' id='word_1_682' title='bbox 1107 5013 1316 5083; x_wconf 81' lang='lat' dir='ltr'>jacuit.</span> <span class='ocrx_word' id='word_1_683' title='bbox 1344 5016 1548 5071; x_wconf 90' lang='lat' dir='ltr'>nullus</span> <span class='ocrx_word' id='word_1_684' title='bbox 1568 5019 1783 5088; x_wconf 87' lang='lat' dir='ltr'>poterit</span> <span class='ocrx_word' id='word_1_685' title='bbox 1804 5018 2002 5074; x_wconf 86' lang='lat' dir='ltr'>dicere</span> 
     </span>
    </p>
   </div>
   <div class='ocr_carea' id='block_1_98' title="bbox 352 5098 2003 5180">
    <p class='ocr_par' dir='ltr' id='par_1_98' title="bbox 352 5098 2003 5180">
     <span class='ocr_line' id='line_1_98' title="bbox 352 5098 2003 5180; baseline 0.007 -29"><span class='ocrx_word' id='word_1_686' title='bbox 352 5098 510 5169; x_wconf 91' lang='lat' dir='ltr'>quod</span> <span class='ocrx_word' id='word_1_687' title='bbox 543 5116 750 5155; x_wconf 89' lang='lat' dir='ltr'>errans</span> <span class='ocrx_word' id='word_1_688' title='bbox 782 5102 1082 5159; x_wconf 86' lang='lat' dir='ltr'>ceciderit.</span> <span class='ocrx_word' id='word_1_689' title='bbox 1120 5103 1239 5160; x_wconf 82' lang='lat' dir='ltr'>Hoc</span> <span class='ocrx_word' id='word_1_690' title='bbox 1286 5104 1487 5177; x_wconf 89' lang='lat' dir='ltr'>itaque</span> <span class='ocrx_word' id='word_1_691' title='bbox 1519 5124 1732 5180; x_wconf 89' lang='lat' dir='ltr'>corpus</span> <span class='ocrx_word' id='word_1_692' title='bbox 1781 5108 2003 5164; x_wconf 86' lang='lat' dir='ltr'>factum</span> 
     </span>
    </p>
   </div>
   <div class='ocr_carea' id='block_1_99' title="bbox 350 5186 2005 5266">
    <p class='ocr_par' dir='ltr' id='par_1_99' title="bbox 350 5186 2005 5266">
     <span class='ocr_line' id='line_1_99' title="bbox 350 5186 2005 5266; baseline 0.005 -24"><span class='ocrx_word' id='word_1_693' title='bbox 350 5186 577 5242; x_wconf 84' lang='lat' dir='ltr'>humile</span> <span class='ocrx_word' id='word_1_694' title='bbox 611 5194 667 5241; x_wconf 84' lang='lat' dir='ltr'>et</span> <span class='ocrx_word' id='word_1_695' title='bbox 713 5189 1036 5261; x_wconf 75' lang='lat' dir='ltr'>gloriosum</span> <span class='ocrx_word' id='word_1_696' title='bbox 1088 5200 1357 5266; x_wconf 87' lang='lat' dir='ltr'>resurget</span> <span class='ocrx_word' id='word_1_697' title='bbox 1394 5199 1454 5248; x_wconf 88' lang='lat' dir='ltr'>et</span> <span class='ocrx_word' id='word_1_698' title='bbox 1500 5212 1616 5250; x_wconf 91' lang='lat' dir='ltr'>non</span> <span class='ocrx_word' id='word_1_699' title='bbox 1659 5195 1842 5251; x_wconf 89' lang='lat' dir='ltr'>aliud.</span> <span class='ocrx_word' id='word_1_700' title='bbox 1872 5219 1899 5246; x_wconf 84' lang='lat'>«</span> <span class='ocrx_word' id='word_1_701' title='bbox 1935 5198 2005 5251; x_wconf 87' lang='lat' dir='ltr'>Ut</span> 
     </span>
    </p>
   </div>
   <div class='ocr_carea' id='block_1_100' title="bbox 350 5276 2010 5347">
    <p class='ocr_par' dir='ltr' id='par_1_100' title="bbox 350 5276 2010 5347">
     <span class='ocr_line' id='line_1_100' title="bbox 350 5276 2010 5347; baseline 0.006 -18"><span class='ocrx_word' id='word_1_702' title='bbox 350 5276 547 5347; x_wconf 88' lang='lat' dir='ltr'>ipsum</span> <span class='ocrx_word' id='word_1_703' title='bbox 576 5283 880 5336; x_wconf 87' lang='lat' dir='ltr'>cou&#39;orme</span> <span class='ocrx_word' id='word_1_704' title='bbox 907 5281 1026 5338; x_wconf 79' lang='lat' dir='ltr'>fiat.</span> <span class='ocrx_word' id='word_1_705' title='bbox 1053 5305 1081 5332; x_wconf 86' lang='grc'><strong>››</strong></span> <span class='ocrx_word' id='word_1_706' title='bbox 1105 5283 1338 5340; x_wconf 81' lang='lat' dir='ltr'>Fortem</span> <span class='ocrx_word' id='word_1_707' title='bbox 1362 5301 1429 5339; x_wconf 86' lang='lat' dir='ltr'>ac</span> <span class='ocrx_word' id='word_1_708' title='bbox 1450 5283 1843 5341; x_wconf 87' lang='lat' dir='ltr'>indubitatam</span> <span class='ocrx_word' id='word_1_709' title='bbox 1870 5285 2010 5341; x_wconf 85' lang='lat' dir='ltr'>facit</span> 
     </span>
    </p>
   </div>
   <div class='ocr_carea' id='block_1_101' title="bbox 352 5366 2008 5447">
    <p class='ocr_par' dir='ltr' id='par_1_101' title="bbox 352 5366 2008 5447">
     <span class='ocr_line' id='line_1_101' title="bbox 352 5366 2008 5447; baseline 0.007 -27"><span class='ocrx_word' id='word_1_710' title='bbox 352 5366 527 5421; x_wconf 84' lang='lat' dir='ltr'>ﬁdem</span> <span class='ocrx_word' id='word_1_711' title='bbox 572 5367 731 5438; x_wconf 89' lang='lat' dir='ltr'>quod</span> <span class='ocrx_word' id='word_1_712' title='bbox 774 5371 1018 5424; x_wconf 91' lang='lat' dir='ltr'>omnino</span> <span class='ocrx_word' id='word_1_713' title='bbox 1070 5374 1617 5445; x_wconf 80' lang='lat' dir='ltr'>transﬁgurandum</span> <span class='ocrx_word' id='word_1_714' title='bbox 1667 5375 1744 5430; x_wconf 89' lang='lat' dir='ltr'>sit</span> <span class='ocrx_word' id='word_1_715' title='bbox 1795 5392 2008 5447; x_wconf 88' lang='lat' dir='ltr'>corpus</span> 
     </span>
    </p>
   </div>
   <div class='ocr_carea' id='block_1_102' title="bbox 355 5457 2010 5537">
    <p class='ocr_par' dir='ltr' id='par_1_102' title="bbox 355 5457 2010 5537">
     <span class='ocr_line' id='line_1_102' title="bbox 355 5457 2010 5537; baseline 0.006 -26"><span class='ocrx_word' id='word_1_716' title='bbox 355 5464 625 5513; x_wconf 84' lang='lat' dir='ltr'>nostrum</span> <span class='ocrx_word' id='word_1_717' title='bbox 650 5457 947 5529; x_wconf 78' lang='lat' dir='ltr'>abjectum</span> <span class='ocrx_word' id='word_1_718' title='bbox 973 5461 1045 5532; x_wconf 82' lang='lat' dir='ltr'>(si</span> <span class='ocrx_word' id='word_1_719' title='bbox 1076 5463 1254 5517; x_wconf 83' lang='lat' dir='ltr'>modo</span> <span class='ocrx_word' id='word_1_720' title='bbox 1285 5465 1692 5534; x_wconf 84' lang='lat' dir='ltr'>voluerimus),</span> <span class='ocrx_word' id='word_1_721' title='bbox 1727 5471 1793 5520; x_wconf 90' lang='lat' dir='ltr'>ut</span> <span class='ocrx_word' id='word_1_722' title='bbox 1815 5465 2010 5537; x_wconf 87' lang='lat' dir='ltr'>ipsum</span> 
     </span>
    </p>
   </div>
   <div class='ocr_carea' id='block_1_103' title="bbox 354 5547 2013 5625">
    <p class='ocr_par' dir='ltr' id='par_1_103' title="bbox 354 5547 2013 5625">
     <span class='ocr_line' id='line_1_103' title="bbox 354 5547 2013 5625; baseline 0.005 -23"><span class='ocrx_word' id='word_1_723' title='bbox 354 5548 663 5604; x_wconf 86' lang='lat' dir='ltr'>conforme</span> <span class='ocrx_word' id='word_1_724' title='bbox 695 5548 799 5604; x_wconf 85' lang='lat' dir='ltr'>ﬁat</span> <span class='ocrx_word' id='word_1_725' title='bbox 826 5547 1028 5621; x_wconf 63' lang='lat' dir='ltr'>gloria:</span> <span class='ocrx_word' id='word_1_726' title='bbox 1058 5550 1265 5623; x_wconf 86' lang='lat' dir='ltr'>ipsius.</span> <span class='ocrx_word' id='word_1_727' title='bbox 1299 5552 1355 5607; x_wconf 92' lang='lat' dir='ltr'>Si</span> <span class='ocrx_word' id='word_1_728' title='bbox 1390 5553 1551 5610; x_wconf 89' lang='lat' dir='ltr'>enim</span> <span class='ocrx_word' id='word_1_729' title='bbox 1583 5554 1657 5610; x_wconf 84' lang='lat' dir='ltr'>ad</span> <span class='ocrx_word' id='word_1_730' title='bbox 1690 5555 1801 5612; x_wconf 92' lang='lat' dir='ltr'>hoc</span> <span class='ocrx_word' id='word_1_731' title='bbox 1831 5555 2013 5625; x_wconf 83' lang='lat' dir='ltr'>venit,</span> 
     </span>
    </p>
   </div>
   <div class='ocr_carea' id='block_1_104' title="bbox 356 5638 2014 5716">
    <p class='ocr_par' dir='ltr' id='par_1_104' title="bbox 356 5638 2014 5716">
     <span class='ocr_line' id='line_1_104' title="bbox 356 5638 2014 5716; baseline 0.004 -23"><span class='ocrx_word' id='word_1_732' title='bbox 356 5638 576 5710; x_wconf 87' lang='lat' dir='ltr'>inquit,</span> <span class='ocrx_word' id='word_1_733' title='bbox 608 5638 896 5695; x_wconf 88' lang='lat' dir='ltr'>Dominus</span> <span class='ocrx_word' id='word_1_734' title='bbox 936 5645 1141 5696; x_wconf 86' lang='lat' dir='ltr'>noster</span> <span class='ocrx_word' id='word_1_735' title='bbox 1166 5641 1335 5697; x_wconf 82' lang='lat' dir='ltr'>Jesus</span> <span class='ocrx_word' id='word_1_736' title='bbox 1355 5642 1644 5712; x_wconf 83' lang='lat' dir='ltr'>Christus,</span> <span class='ocrx_word' id='word_1_737' title='bbox 1667 5646 1803 5716; x_wconf 86' lang='lat' dir='ltr'>quis</span> <span class='ocrx_word' id='word_1_738' title='bbox 1825 5645 2014 5702; x_wconf 85' lang='lat' dir='ltr'>ambi-</span> 
     </span>
    </p>
   </div>
   <div class='ocr_carea' id='block_1_105' title="bbox 423 5755 921 5814">
    <p class='ocr_par' dir='ltr' id='par_1_105' title="bbox 423 5755 921 5814">
     <span class='ocr_line' id='line_1_105' title="bbox 423 5755 921 5814; baseline -0.002 -2"><span class='ocrx_word' id='word_1_739' title='bbox 423 5755 469 5791; x_wconf 77' lang='grc'>³⁸</span> <span class='ocrx_word' id='word_1_740' title='bbox 500 5757 525 5812; x_wconf 80' lang='grc' dir='ltr'><strong>Ι</strong></span> <span class='ocrx_word' id='word_1_741' title='bbox 550 5757 682 5814; x_wconf 84' lang='lat' dir='ltr'>Cor.</span> <span class='ocrx_word' id='word_1_742' title='bbox 714 5774 802 5813; x_wconf 78' lang='lat' dir='ltr'>xv.</span> <span class='ocrx_word' id='word_1_743' title='bbox 833 5760 921 5812; x_wconf 83' lang='lat'>32.</span> 
     </span>
    </p>
   </div>
   <div class='ocr_carea' id='block_1_106' title="bbox 2106 4743 3765 4822">
    <p class='ocr_par' dir='ltr' id='par_1_106' title="bbox 2106 4743 3765 4822">
     <span class='ocr_line' id='line_1_106' title="bbox 2106 4743 3765 4822; baseline -0.002 -18"><span class='ocrx_word' id='word_1_744' title='bbox 2106 4746 2210 4805; x_wconf 83' lang='grc' dir='ltr'>Καὶ</span> <span class='ocrx_word' id='word_1_745' title='bbox 2239 4747 2340 4822; x_wconf 77' lang='grc' dir='ltr'>γὰρ</span> <span class='ocrx_word' id='word_1_746' title='bbox 2372 4746 2461 4801; x_wconf 81' lang='grc' dir='ltr'>καὶ</span> <span class='ocrx_word' id='word_1_747' title='bbox 2506 4747 2630 4821; x_wconf 81' lang='grc' dir='ltr'>περὶ</span> <span class='ocrx_word' id='word_1_748' title='bbox 2683 4749 2781 4801; x_wconf 77' lang='grc' dir='ltr'>τοῦ</span> <span class='ocrx_word' id='word_1_749' title='bbox 2839 4746 3128 4819; x_wconf 69' lang='grc' dir='ltr'>ἱσταμένου</span> <span class='ocrx_word' id='word_1_750' title='bbox 3187 4745 3231 4800; x_wconf 85' lang='grc' dir='ltr'>εἰ</span> <span class='ocrx_word' id='word_1_751' title='bbox 3291 4743 3465 4814; x_wconf 80' lang='grc' dir='ltr'>πέσοι,</span> <span class='ocrx_word' id='word_1_752' title='bbox 3528 4744 3765 4822; x_wconf 74' lang='grc' dir='ltr'>λέγομεν</span> 
     </span>
    </p>
   </div>
   <div class='ocr_carea' id='block_1_107' title="bbox 2109 4830 3767 4912">
    <p class='ocr_par' dir='ltr' id='par_1_107' title="bbox 2109 4830 3767 4912">
     <span class='ocr_line' id='line_1_107' title="bbox 2109 4830 3767 4912; baseline -0.001 -20"><span class='ocrx_word' id='word_1_753' title='bbox 2109 4839 2193 4892; x_wconf 80' lang='grc' dir='ltr'>ὅτι</span> <span class='ocrx_word' id='word_1_754' title='bbox 2223 4830 2400 4907; x_wconf 78' lang='grc' dir='ltr'>ἔπεσε,</span> <span class='ocrx_word' id='word_1_755' title='bbox 2432 4835 2557 4912; x_wconf 80' lang='grc' dir='ltr'>περὶ</span> <span class='ocrx_word' id='word_1_756' title='bbox 2592 4832 2651 4891; x_wconf 74' lang='grc' dir='ltr'><strong>δὶ</strong></span> <span class='ocrx_word' id='word_1_757' title='bbox 2696 4839 2793 4892; x_wconf 76' lang='grc' dir='ltr'>τοῦ</span> <span class='ocrx_word' id='word_1_758' title='bbox 2842 4835 2925 4890; x_wconf 86' lang='grc' dir='ltr'>ἀεὶ</span> <span class='ocrx_word' id='word_1_759' title='bbox 2973 4834 3250 4908; x_wconf 71' lang='grc' dir='ltr'>κειμένου,</span> <span class='ocrx_word' id='word_1_760' title='bbox 3305 4835 3405 4892; x_wconf 83' lang='grc' dir='ltr'>οὐκ</span> <span class='ocrx_word' id='word_1_761' title='bbox 3444 4833 3503 4891; x_wconf 76' lang='grc' dir='ltr'>ἄν</span> <span class='ocrx_word' id='word_1_762' title='bbox 3552 4858 3636 4899; x_wconf 87' lang='grc' dir='ltr'>τις</span> <span class='ocrx_word' id='word_1_763' title='bbox 3684 4835 3767 4893; x_wconf 63' lang='grc' dir='ltr'>εἳ-</span> 
     </span>
    </p>
   </div>
   <div class='ocr_carea' id='block_1_108' title="bbox 2109 4920 3773 5000">
    <p class='ocr_par' dir='ltr' id='par_1_108' title="bbox 2109 4920 3773 5000">
     <span class='ocr_line' id='line_1_108' title="bbox 2109 4920 3773 5000; baseline -0.001 -18"><span class='ocrx_word' id='word_1_764' title='bbox 2109 4948 2205 4983; x_wconf 85' lang='grc' dir='ltr'>ποι</span> <span class='ocrx_word' id='word_1_765' title='bbox 2246 4926 2330 4982; x_wconf 80' lang='grc' dir='ltr'>ὅτι</span> <span class='ocrx_word' id='word_1_766' title='bbox 2369 4928 2690 5000; x_wconf 80' lang='grc' dir='ltr'>ἁμαρτήσας</span> <span class='ocrx_word' id='word_1_767' title='bbox 2756 4920 2962 4984; x_wconf 77' lang='grc' dir='ltr'>ἔπεσεν.</span> <span class='ocrx_word' id='word_1_768' title='bbox 3032 4927 3191 4981; x_wconf 76' lang='grc' dir='ltr'>Ὥστε</span> <span class='ocrx_word' id='word_1_769' title='bbox 3254 4930 3416 4982; x_wconf 76' lang='grc' dir='ltr'>τοῦτο</span> <span class='ocrx_word' id='word_1_770' title='bbox 3481 4927 3543 4982; x_wconf 87' lang='grc' dir='ltr'><strong>τὸ</strong></span> <span class='ocrx_word' id='word_1_771' title='bbox 3608 4931 3773 4999; x_wconf 78' lang='grc' dir='ltr'>σῶμα</span> 
     </span>
    </p>
   </div>
   <div class='ocr_carea' id='block_1_109' title="bbox 2112 5010 3773 5095">
    <p class='ocr_par' dir='ltr' id='par_1_109' title="bbox 2112 5010 3773 5095">
     <span class='ocr_line' id='line_1_109' title="bbox 2112 5010 3773 5095; baseline 0 -22"><span class='ocrx_word' id='word_1_772' title='bbox 2112 5016 2383 5095; x_wconf 71' lang='grc' dir='ltr'>ἄφθαρτον</span> <span class='ocrx_word' id='word_1_773' title='bbox 2413 5018 2502 5072; x_wconf 77' lang='grc' dir='ltr'>καὶ</span> <span class='ocrx_word' id='word_1_774' title='bbox 2532 5010 2748 5088; x_wconf 77' lang='grc' dir='ltr'>ἔνδοξον</span> <span class='ocrx_word' id='word_1_775' title='bbox 2805 5016 3115 5091; x_wconf 81' lang='grc' dir='ltr'>γινόμενον,</span> <span class='ocrx_word' id='word_1_776' title='bbox 3173 5016 3476 5087; x_wconf 70' lang='grc' dir='ltr'>ἀνίσταται,</span> <span class='ocrx_word' id='word_1_777' title='bbox 3523 5017 3612 5073; x_wconf 82' lang='grc' dir='ltr'>καὶ</span> <span class='ocrx_word' id='word_1_778' title='bbox 3655 5019 3773 5094; x_wconf 79' lang='grc' dir='ltr'>οὐχ</span> 
     </span>
    </p>
   </div>
   <div class='ocr_carea' id='block_1_110' title="bbox 2111 5102 3773 5184">
    <p class='ocr_par' dir='ltr' id='par_1_110' title="bbox 2111 5102 3773 5184">
     <span class='ocr_line' id='line_1_110' title="bbox 2111 5102 3773 5184; baseline -0.001 -21"><span class='ocrx_word' id='word_1_779' title='bbox 2111 5105 2314 5182; x_wconf 74' lang='grc' dir='ltr'>ἕτερον.</span> <span class='ocrx_word' id='word_1_780' title='bbox 2351 5134 2377 5160; x_wconf 84' lang='grc'>‹‹</span> <span class='ocrx_word' id='word_1_781' title='bbox 2414 5106 2504 5170; x_wconf 60' lang='grc' dir='ltr'>Εἲς</span> <span class='ocrx_word' id='word_1_782' title='bbox 2542 5110 2606 5162; x_wconf 83' lang='grc' dir='ltr'>τὸ</span> <span class='ocrx_word' id='word_1_783' title='bbox 2661 5102 2900 5182; x_wconf 79' lang='grc' dir='ltr'>γενέσθαι</span> <span class='ocrx_word' id='word_1_784' title='bbox 2942 5107 3076 5161; x_wconf 81' lang='grc' dir='ltr'>αὐτὸ</span> <span class='ocrx_word' id='word_1_785' title='bbox 3126 5106 3477 5184; x_wconf 70' lang='grc' dir='ltr'>σύμμορφον.</span> <span class='ocrx_word' id='word_1_786' title='bbox 3516 5132 3542 5157; x_wconf 86' lang='grc'><strong>››</strong></span> <span class='ocrx_word' id='word_1_787' title='bbox 3590 5110 3773 5183; x_wconf 81' lang='grc' dir='ltr'>Ἰσχυ-</span> 
     </span>
    </p>
   </div>
   <div class='ocr_carea' id='block_1_111' title="bbox 2119 5195 3774 5273">
    <p class='ocr_par' dir='ltr' id='par_1_111' title="bbox 2119 5195 3774 5273">
     <span class='ocr_line' id='line_1_111' title="bbox 2119 5195 3774 5273; baseline 0 -23"><span class='ocrx_word' id='word_1_788' title='bbox 2119 5199 2210 5273; x_wconf 76' lang='grc' dir='ltr'>ρᾶν</span> <span class='ocrx_word' id='word_1_789' title='bbox 2266 5195 2356 5251; x_wconf 80' lang='grc' dir='ltr'>καὶ</span> <span class='ocrx_word' id='word_1_790' title='bbox 2417 5196 2817 5272; x_wconf 62' lang='grc' dir='ltr'>ἀναμφίλεκτον</span> <span class='ocrx_word' id='word_1_791' title='bbox 2886 5196 3066 5251; x_wconf 76' lang='grc' dir='ltr'>πίστιν</span> <span class='ocrx_word' id='word_1_792' title='bbox 3156 5195 3337 5265; x_wconf 70' lang='grc' dir='ltr'>τίθησι</span> <span class='ocrx_word' id='word_1_793' title='bbox 3403 5201 3501 5250; x_wconf 72' lang='grc' dir='ltr'>τοῦ</span> <span class='ocrx_word' id='word_1_794' title='bbox 3561 5201 3774 5258; x_wconf 78' lang='grc' dir='ltr'>πάντως</span> 
     </span>
    </p>
   </div>
   <div class='ocr_carea' id='block_1_112' title="bbox 2123 5285 3771 5360">
    <p class='ocr_par' dir='ltr' id='par_1_112' title="bbox 2123 5285 3771 5360">
     <span class='ocr_line' id='line_1_112' title="bbox 2123 5285 3771 5360; baseline -0.001 -20"><span class='ocrx_word' id='word_1_795' title='bbox 2123 5286 2707 5360; x_wconf 69' lang='grc' dir='ltr'>μετασχηματισθῆναι</span> <span class='ocrx_word' id='word_1_796' title='bbox 2737 5285 2800 5339; x_wconf 85' lang='grc' dir='ltr'>τὸ</span> <span class='ocrx_word' id='word_1_797' title='bbox 2840 5287 3000 5359; x_wconf 75' lang='grc' dir='ltr'>σῶμα</span> <span class='ocrx_word' id='word_1_798' title='bbox 3028 5292 3131 5353; x_wconf 78' lang='grc' dir='ltr'>τῆς</span> <span class='ocrx_word' id='word_1_799' title='bbox 3186 5286 3565 5350; x_wconf 78' lang='grc' dir='ltr'>ταπεινώσεως</span> <span class='ocrx_word' id='word_1_800' title='bbox 3611 5288 3771 5358; x_wconf 67' lang='grc' dir='ltr'>ἡμῶν</span> 
     </span>
    </p>
   </div>
   <div class='ocr_carea' id='block_1_113' title="bbox 2120 5372 3775 5452">
    <p class='ocr_par' dir='ltr' id='par_1_113' title="bbox 2120 5372 3775 5452">
     <span class='ocr_line' id='line_1_113' title="bbox 2120 5372 3775 5452; baseline 0.001 -23"><span class='ocrx_word' id='word_1_801' title='bbox 2120 5372 2179 5430; x_wconf 72' lang='grc' dir='ltr'>ἄν</span> <span class='ocrx_word' id='word_1_802' title='bbox 2211 5375 2376 5448; x_wconf 67' lang='grc' dir='ltr'>μόνον</span> <span class='ocrx_word' id='word_1_803' title='bbox 2412 5372 2767 5449; x_wconf 79' lang='grc' dir='ltr'>βουλώμεθα,</span> <span class='ocrx_word' id='word_1_804' title='bbox 2810 5373 2886 5437; x_wconf 84' lang='grc' dir='ltr'>εἰς</span> <span class='ocrx_word' id='word_1_805' title='bbox 2931 5374 2993 5429; x_wconf 88' lang='grc' dir='ltr'>τὸ</span> <span class='ocrx_word' id='word_1_806' title='bbox 3038 5373 3282 5451; x_wconf 74' lang='grc' dir='ltr'>γενέσθαι</span> <span class='ocrx_word' id='word_1_807' title='bbox 3336 5373 3467 5430; x_wconf 81' lang='grc' dir='ltr'>αὐτὸ</span> <span class='ocrx_word' id='word_1_808' title='bbox 3515 5374 3775 5452; x_wconf 70' lang='grc' dir='ltr'>σύμμορ-</span> 
     </span>
    </p>
   </div>
   <div class='ocr_carea' id='block_1_114' title="bbox 2120 5463 3777 5543">
    <p class='ocr_par' dir='ltr' id='par_1_114' title="bbox 2120 5463 3777 5543">
     <span class='ocr_line' id='line_1_114' title="bbox 2120 5463 3777 5543; baseline 0.002 -23"><span class='ocrx_word' id='word_1_809' title='bbox 2120 5486 2221 5521; x_wconf 70' lang='grc' dir='ltr'>φον</span> <span class='ocrx_word' id='word_1_810' title='bbox 2297 5473 2397 5535; x_wconf 76' lang='grc' dir='ltr'>τῆς</span> <span class='ocrx_word' id='word_1_811' title='bbox 2476 5463 2637 5537; x_wconf 81' lang='grc' dir='ltr'>δόξης</span> <span class='ocrx_word' id='word_1_812' title='bbox 2715 5466 2901 5525; x_wconf 69' lang='grc' dir='ltr'>αὐτοῦ,</span> <span class='ocrx_word' id='word_1_813' title='bbox 2979 5464 3047 5524; x_wconf 74' lang='lat' dir='ltr'>Ei</span> <span class='ocrx_word' id='word_1_814' title='bbox 3095 5466 3224 5542; x_wconf 75' lang='grc' dir='ltr'>γὰρ,</span> <span class='ocrx_word' id='word_1_815' title='bbox 3273 5468 3461 5543; x_wconf 73' lang='grc' dir='ltr'>φησῖν,</span> <span class='ocrx_word' id='word_1_816' title='bbox 3510 5468 3540 5522; x_wconf 81' lang='grc' dir='ltr'>ὁ</span> <span class='ocrx_word' id='word_1_817' title='bbox 3581 5468 3777 5543; x_wconf 78' lang='grc' dir='ltr'>Κύριος</span> 
     </span>
    </p>
   </div>
   <div class='ocr_carea' id='block_1_115' title="bbox 2121 5553 3781 5632">
    <p class='ocr_par' dir='ltr' id='par_1_115' title="bbox 2121 5553 3781 5632">
     <span class='ocr_line' id='line_1_115' title="bbox 2121 5553 3781 5632; baseline 0.001 -22"><span class='ocrx_word' id='word_1_818' title='bbox 2121 5557 2285 5629; x_wconf 74' lang='grc' dir='ltr'>ἡμῶν</span> <span class='ocrx_word' id='word_1_819' title='bbox 2328 5555 2539 5626; x_wconf 79' lang='grc' dir='ltr'>Ἰησοῦς</span> <span class='ocrx_word' id='word_1_820' title='bbox 2606 5556 2635 5610; x_wconf 84' lang='grc' dir='ltr'>ὁ</span> <span class='ocrx_word' id='word_1_821' title='bbox 2702 5555 2934 5630; x_wconf 83' lang='grc' dir='ltr'>Χριστὸς</span> <span class='ocrx_word' id='word_1_822' title='bbox 3008 5553 3093 5610; x_wconf 73' lang='grc' dir='ltr'>ἐπὶ</span> <span class='ocrx_word' id='word_1_823' title='bbox 3160 5554 3340 5628; x_wconf 82' lang='grc' dir='ltr'>τούτῳ</span> <span class='ocrx_word' id='word_1_824' title='bbox 3405 5556 3781 5632; x_wconf 81' lang='grc' dir='ltr'>παραγίνεται,</span> 
     </span>
    </p>
   </div>
   <div class='ocr_carea' id='block_1_116' title="bbox 2122 5639 3779 5723">
    <p class='ocr_par' dir='ltr' id='par_1_116' title="bbox 2122 5639 3779 5723">
     <span class='ocr_line' id='line_1_116' title="bbox 2122 5639 3779 5723; baseline 0.002 -23"><span class='ocrx_word' id='word_1_825' title='bbox 2122 5643 2207 5709; x_wconf 79' lang='grc' dir='ltr'>τίς</span> <span class='ocrx_word' id='word_1_826' title='bbox 2284 5639 2692 5723; x_wconf 66' lang='grc' dir='ltr'>ἀμφισϐητήσει</span> <span class='ocrx_word' id='word_1_827' title='bbox 2768 5644 2853 5701; x_wconf 84' lang='grc' dir='ltr'>’ότι</span> <span class='ocrx_word' id='word_1_828' title='bbox 2929 5643 2993 5700; x_wconf 77' lang='grc' dir='ltr'>οὗ</span> <span class='ocrx_word' id='word_1_829' title='bbox 3069 5645 3281 5708; x_wconf 81' lang='grc' dir='ltr'>πάντως</span> <span class='ocrx_word' id='word_1_830' title='bbox 3352 5640 3500 5701; x_wconf 70' lang='grc' dir='ltr'>ἶσται</span> <span class='ocrx_word' id='word_1_831' title='bbox 3572 5651 3779 5717; x_wconf 79' lang='grc' dir='ltr'>τοῦτο;</span> 
     </span>
    </p>
   </div>
  </div>
