4108 6398
328 467 486 532 1315

1445 458 1879 522 cucumam!
1921 455 2235 519 τιιιοοιε
2278 438 2628 522 Episcom

3588 463 3748 524 1316

333 632 362 660 κ
395 614 591 665 mente
623 623 692 662 ac
721 604 952 661 cmteris
984 598 1473 673 cooperatorihus
1498 597 1673 663 meis,
1717 610 1973 667 quorum

2094 611 2178 654 ιός
2200 596 2291 648 καὶ
2321 596 2429 651 τῶν
2466 596 2678 653 λοιπῶν
2706 602 2981 674 συνεργῶν
3034 617 3160 669 μου,
3193 596 3270 652 ὧν
3318 597 3387 651 τὰ
3420 595 3662 669 ὀνόματα
3694 594 3747 651 ἐν

329 720 359 748 ‹‹
392 696 638 753 nomina
668 699 807 749 sunt
836 693 898 747 in
931 691 1083 746 libro
1114 691 1262 745 vita).
1301 712 1329 738 ››

396 789 601 859 Magna
630 789 769 840 sunt
802 782 1073 837 encomia
1102 779 1260 851 quod
1291 778 1457 834 Pauli
1501 777 1716 831 fratres
1769 774 1972 829 dican-

322 884 419 933 tur
451 894 462 931 :
503 893 611 931 nec
635 874 692 928 id
717 873 932 934 solum,
956 887 1156 926 verum
1182 869 1361 925 etiam
1398 866 1599 923 dilecti
1627 882 1693 920 ac
1741 863 1977 919 deside-

325 969 437 1022 rati
472 984 485 1021 :
521 967 639 1020 imo
663 980 736 1018 ne
759 963 871 1017 hoc
892 962 1134 1032 quidem
1160 965 1412 1025 tantum,
1462 956 1566 1011 sed
1605 962 1664 1010 et
1693 954 1975 1026 gaudium

330 1057 457 1128 ejus
489 1071 557 1111 ac
587 1069 827 1109 corona.
864 1073 888 1102 ι
924 1052 1018 1106 Slc
1048 1054 1219 1103 state.
1251 1070 1278 1097 »
1307 1047 1419 1109 Sic,
1454 1042 1792 1127 quomodo?
1822 1043 1973 1108 Que-

330 1143 718 1200 madmodum
778 1157 957 1206 nunc,
1018 1136 1231 1208 inquit,
1292 1124 1531 1190 immoti
1582 1150 1649 1188 ac
1707 1131 1864 1188 firmi
1913 1132 1974 1186 in

326 1235 443 1289 ﬁde
474 1232 715 1289 Christi.
750 1254 775 1279 «
811 1229 1085 1284 Evodiam
1119 1227 1366 1282 obsecro
1417 1229 1475 1279 et
1523 1222 1882 1294 Syntychen.
1946 1242 1974 1269 ι»

324 1325 423 1379 lla:
454 1337 671 1378 uxores
724 1324 891 1375 erant
947 1318 1206 1371 virorum
1255 1314 1579 1370 admodum
1626 1311 1971 1383 proborum.

322 1436 350 1464 ‹‹
387 1415 459 1468 Ut
506 1410 719 1465 eodem
776 1406 954 1463 modo
1010 1406 1241 1461 affectas
1295 1404 1418 1459 sint
1472 1402 1533 1457 in
1591 1400 1891 1457 Domino:
1947 1421 1973 1447 ιι

323 1498 834 1568 Quemadmodum
866 1512 1027 1551 nunc
1051 1496 1281 1549 affectas
1310 1498 1469 1547 sunt.
1505 1513 1533 1540 «ι
1566 1493 1725 1558 Rogo
1755 1494 1815 1543 et
1845 1494 1922 1544 te.
1946 1509 1975 1538 ιε

325 1586 839 1657 Quemadmodum
897 1585 1053 1651 illas,
1113 1582 1326 1652 inquit,
1397 1581 1480 1635 ita
1526 1584 1585 1632 et
1613 1584 1671 1633 te
1703 1576 1970 1632 obsecro.

323 1701 351 1729 ‹‹
381 1680 637 1748 Compar
661 1690 962 1747 germane.
1000 1694 1027 1721 ››
1060 1674 1137 1727 Ex
1172 1671 1283 1725 hoc
1334 1669 1464 1724 loco
1512 1665 1795 1739 suspicati
1836 1668 1976 1720 sunt

324 1765 602 1823 nonnulli
630 1763 790 1835 quod
811 1762 1027 1817 Paulus
1045 1775 1289 1815 uxorem
1339 1757 1588 1813 haberet
1635 1761 1695 1809 et
1737 1754 1811 1809 ad
1844 1769 1975 1807 eam

325 1854 616 1911 scriberet
680 1852 844 1923 (quia
908 1849 1180 1905 videlicet
1249 1849 1339 1901 ha)
1397 1845 1689 1901 dictiones
1783 1840 1974 1913 σῦζυγε

322 1946 513 2018 γνήσιε
544 1949 793 2016 possunt
824 1941 1001 1995 etiam
1059 1954 1188 1993 esse
1242 1937 1502 1997 feminas)
1558 1950 1762 1989 verum
1814 1932 1974 1988 fatua

325 2041 416 2092 est
436 2031 779 2105 hujusmodi
802 2028 1099 2101 cogitatio.
1125 2026 1233 2093 Qui
1275 2026 1435 2080 enim
1481 2024 1608 2078 fieri
1656 2027 1889 2093 poterat
1914 2027 1979 2075 ut

325 2126 518 2196 ipsam
544 2129 602 2177 et
617 2118 989 2192 peregrinam
1013 2123 1073 2172 et
1093 2115 1491 2185 alienigenam
1510 2112 1799 2183 Philippis
1844 2109 1979 2165 reli-

332 2211 579 2283 quisset,
604 2214 663 2263 et
694 2224 813 2262 non
866 2206 928 2260 in
971 2210 1151 2260 Tarso
1202 2202 1303 2259 ubi
1363 2207 1539 2256 natus
1587 2205 1732 2265 erat,
1784 2213 1979 2269 neque

331 2299 711 2370 Jerosolymis
740 2296 840 2351 ubi
894 2296 1088 2351 fuerat
1138 2289 1484 2348 enutritus?
1539 2288 1650 2345 Sed
1713 2288 1979 2343 dicemus

331 2388 489 2461 quod
513 2388 609 2442 hic
631 2393 733 2442 aut
749 2385 997 2440 maritus
1020 2389 1147 2438 erat
1165 2381 1344 2437 unius
1367 2397 1437 2434 ex
1459 2379 1687 2434 duabus
1727 2393 1979 2449 quarum

330 2477 507 2535 modo
529 2476 671 2532 fecit
696 2474 1089 2530 mentionem:
1113 2469 1393 2541 autquod
1418 2468 1719 2540 proprium
1766 2467 1843 2521 sit
1872 2482 1980 2521 no-

331 2584 469 2623 men
493 2564 801 2636 cujusdam
836 2561 1176 2635 approbrati
1194 2560 1323 2620 viri,
1348 2558 1440 2614 cui
1465 2557 1643 2613 etiam
1666 2555 1980 2627 prmdictas

331 2654 708 2712 commendat
743 2653 1047 2707 mulieres.
1084 2673 1110 2699 ιν
1140 2648 1367 2719 Adjuva
1402 2646 1555 2701 illas.
1590 2668 1618 2693 η
1650 2647 1980 2716 Cooperare

332 2747 406 2803 ad
436 2763 505 2802 ea
536 2762 666 2817 quas
697 2741 1027 2802 secundum
1060 2742 1244 2796 Deum
1293 2742 1451 2794 sunt.
1509 2757 1536 2789 α
1594 2738 1979 2791 Decertarunt

333 2852 588 2892 mecum.
610 2855 636 2885 ι
665 2831 937 2888 Pericula
957 2830 1247 2900 designat,
1280 2843 1411 2897 quae
1443 2825 1586 2896 ipsa:
1604 2840 1841 2896 quoque
1862 2840 1983 2878 una

330 2926 682 2980 tolerarunt.
716 2944 744 2971 ‹‹
776 2924 846 2976 Et
892 2919 1121 2976 caeteris
1176 2914 1661 2988 c00peratoribus
1718 2914 1889 2969 meis.
1951 2935 1979 2962 ››

328 3017 511 3071 Erant
531 3013 770 3085 quidem
795 3015 853 3065 et
873 3010 998 3076 alii,
1022 3007 1235 3078 inquit,
1260 3009 1676 3077 cooperatores
1708 3002 1781 3058 ad
1827 3019 1979 3074 pras-

326 3104 687 3160 dicationem
713 3118 726 3155 :
754 3107 1016 3156 attamen
1038 3098 1126 3152 has
1149 3110 1385 3167 quoque
1410 3093 1692 3149 mulieres
1726 3108 1847 3147 una
1875 3091 1980 3147 de-

2092 677 2277 756 βίϐλῳ
2311 689 2476 755 ζωῆς.

2157 773 2382 848 Μεγάλαι
2438 777 2505 833 “ci
2562 774 2835 851 ἐγκώμια,
2895 776 2959 833 τὸ
2992 776 3126 832 εἶναι
3188 776 3406 832 Παύλου
3451 773 3746 854 ἆδελγοῦς.

2090 861 2186 917 Καὶ
2220 865 2281 918 οὐ
2312 868 2475 919 τοῦτο
2541 864 2725 937 μόνον,
2788 862 2934 920 ἀλλᾶ
2991 864 3079 919 καὶ
3137 864 3476 939 ἀγαπητοὺς,
3508 864 3597 919 κατ
3626 863 3747 919 ἐπι-

2083 955 2380 1023 ποθήτους,
2432 954 2521 1009 καὶ
2553 954 2616 1010 οὐ
2654 956 2840 1027 μόνον,
2892 951 3042 1010 ἀλλὰ
3096 954 3186 1008 καὶ
3246 956 3418 1029 χαρὰν
3458 952 3624 1009 αὐτοῦ
3652 955 3745 1008 καὶ

2086 1038 2369 1118 στέφανον.
2409 1065 2430 1092 ι
2463 1043 2655 1107 Οὕτως
2708 1046 2954 1114 στήκετε.
2992 1068 3013 1096 ι
3075 1042 3289 1108 Οὕτως,
3321 1048 3476 1111 πῶς;
3509 1044 3598 1103 Ὠς
3628 1047 3743 1109 νῦν,

2085 1131 2272 1209 φησὶν,
2327 1129 2570 1191 ἀκλινεῖς
2618 1132 2707 1187 καὶ
2765 1130 2973 1207 ἑδραῖοι
3005 1131 3059 1187 ἓν
3104 1136 3174 1205 τῇ
3231 1132 3407 1187 πίστει
3467 1136 3734 1207 Χριστοῦ.

2085 1244 2111 1271 ‹‹
2151 1217 2380 1277 Εὐοδίαν
2414 1219 2718 1294 παρακαλῶ
2778 1220 2871 1275 καὶ
2934 1220 3235 1295 Συντύχην.
3273 1245 3300 1272 »ι
3332 1222 3504 1278 Αῦται
3556 1221 3611 1275 αἱ
3641 1242 3746 1297 γυ-

2082 1314 2284 1379 ναῖκες,
2315 1315 2425 1366 τῶν
2458 1307 2769 1382 εὐδοκίμων
2824 1312 2958 1380 ἦσαν
3014 1309 3242 1388 σφόδρα.
3278 1333 3304 1365 ιι
3334 1312 3412 1368 Τὸ
3443 1310 3576 1365 αὐτὸ
3605 1330 3746 1389 φρο-

2083 1405 2195 1453 νεῖν
2227 1398 2279 1454 ἐν
2314 1400 2517 1475 Κυρίῳ.
2554 1423 2582 1451 ››
2632 1401 2803 1474 Ὀπερ
2851 1404 2941 1454 νῦν
2992 1403 3303 1479 φρονοῦσιν.
3337 1424 3366 1452 (ι
3399 1400 3623 1474 Ἐρωτῶ
3652 1399 3746 1454 καί

2085 1509 2161 1545 σε.
2198 1512 2227 1539 ιι
2258 1486 2567 1563 Παρακαλῶ
2609 1490 2701 1543 καί
2751 1509 2829 1557 σε,
2886 1486 3069 1563 ὥσπερ
3102 1488 3330 1559 ἆκείνας,
3363 1488 3541 1567 φησίν.
3581 1512 3603 1539 ι
3641 1486 3747 1542 Σύ-

2086 1582 2215 1653 ζυγε
2245 1580 2460 1654 γνήσιε.
2492 1600 2521 1629 ιο
2551 1580 2653 1633 Ἐκ
2705 1578 2907 1632 τούτου
2958 1577 3102 1640 τινες
3155 1578 3481 1647 ὑπενόησαν,
3515 1583 3747 1654 γυναῖκα

2082 1665 2233 1742 ἔχειν
2264 1667 2354 1721 τὸν
2387 1665 2626 1735 Παῦλον,
2658 1667 2748 1721 καὶ
2780 1668 2922 1741 αὐτῇ
2968 1668 3217 1744 γράφειν.
3259 1665 3441 1726 Ἀλλὰ
3466 1667 3653 1742 μωρὸν
3682 1667 3747 1722 τὸ

2083 1760 2352 1813 τοιοῦτον.
2383 1759 2515 1813 Οἷον
2550 1757 2655 1830 γὰρ
2686 1759 2779 1825 ἦν,
2824 1755 2870 1811 εί
2920 1754 2971 1811 ἐν
3029 1754 3335 1818 Φιλίπποις
3365 1755 3442 1817 εθς
3472 1754 3627 1827 ξένην
3652 1754 3747 1811 καὶ

3324 1843 3353 1877 τε

2086 1842 2384 1918 ἀλλοτρίαν
2443 1843 2833 1901 καταλελοίπει
2893 1844 3086 1916 αὐτὴν,
3142 1845 3233 1900 καὶ
3292 1843 3416 1900 οὔτε
3453 1843 3507 1900 ἕν
3533 1849 3749 1919 Ταρσῷ,

2083 1929 2203 1990 ἔνθα
2263 1933 2574 2012 ἐγεγένητο,
2635 1932 2760 1989 οὔτε
2818 1934 2869 1989 ὲν
2930 1933 3317 2007 Ἰερουσαλὴμ.
3352 1929 3479 1990 ἔνθα
3530 1934 3752 2010 ἐτέθρα-

2088 2046 2192 2080 πτο
2222 2044 2235 2094 ;
2270 2022 2428 2082 Ἀλλ’
2461 2026 2712 2097 ἐροῦμεν,
2742 2026 2777 2095 ἦ
2812 2026 2895 2080 ὅτι
2926 2025 3062 2099 ἀνὴρ
3115 2030 3245 2096 μιᾶς
3286 2025 3356 2095 ἦν
3401 2029 3508 2080 τῶν
3543 2023 3638 2080 δόο
3669 2026 3749 2079 ὧν

2088 2112 2358 2185 ἐμνήσθη,
2418 2112 2453 2181 ἢ
2511 2108 2688 2184 ὄνομα
2715 2182 2721 2189 ,
2745 2115 2969 2186 Κυριον,
3028 2110 3324 2186 εὐδόκιμος
3356 2110 3412 2169 δέ
3439 2132 3542 2177 τις,
3575 2115 3621 2185 ᾧ
3653 2113 3747 2170 καὶ

2088 2200 2440 2275 παρατίθεται
2480 2202 2574 2263 τὰς
2605 2201 2899 2274 εἰρημένας
2948 2206 3227 2280 γυναῖκας,
3284 2227 3313 2255 ‹‹
3341 2198 3748 2275 Συλλαμϐἁνου

2090 2291 2295 2353 αὐταῖς.
2336 2313 2361 2344 ι
2415 2291 2745 2366 Σύμπραττε
2802 2291 2879 2354 είς
2934 2291 3001 2348 τὰ
3056 2293 3194 2365 πρὸς
3234 2293 3326 2347 τὸν
3355 2290 3507 2349 Θεόν.
3541 2316 3571 2345 ‹‹
3606 2299 3749 2347 Συν-

2087 2378 2337 2451 ήθλησάν
2398 2401 2515 2453 μοι.
2554 2402 2575 2432 ι
2636 2378 2920 2442 Κινδύνοις
2980 2380 3293 2451 αἰνίττεται,
3343 2381 3434 2443 οῦς
3464 2381 3553 2437 καὶ
3587 2378 3750 2436 αὗταῖ

2089 2468 2498 2543 συνυπέμειναν.
2552 2494 2580 2521 ιο
2638 2470 2737 2525 Καὶ
2794 2474 2903 2526 τῶν
2964 2469 3175 2526 λοιπῶν
3217 2477 3485 2547 συνεργῶν
3549 2493 3676 2546 μου.
3715 2496 3745 2524 »ι

2091 2561 2258 2614 Ἦσαν
2293 2560 2386 2632 μὶν
2420 2558 2575 2636 φησὶ,
2607 2558 2698 2613 καὶ
2727 2556 2905 2634 ἕτεροι
2953 2560 3090 2635 πρὸς
3147 2561 3209 2615 τὸ
3264 2562 3526 2637 κήρυγμα
3554 2581 3744 2636 συνερ-

2086 2649 2196 2725 γοὶ,
2228 2647 2377 2717 πλὴν
2408 2650 2497 2703 καὶ
2528 2649 2583 2703 αἱ
2612 2654 2860 2724 γυναῖκες
2894 2649 3052 2704 αὗται
3083 2649 3445 2720 συνήθλησαν·
3488 2675 3517 2701 ‹‹
3549 2652 3643 2705 Ὧν
3674 2652 3744 2706 τὰ

2090 2736 2335 2809 ὀνόματα
2365 2736 2418 2792 ἰν
2453 2731 2636 2812 βίϐλῳ
2695 2743 2864 2808 ζωῆς.
2902 2761 2928 2788 ι)
2987 2739 3152 2812 Ὅπερ
3215 2738 3463 2812 μέγιστον
3501 2740 3573 2794 ὧν
3602 2739 3749 2794 εἶπεν

2092 2826 2119 2880 6
2152 2824 2282 2887 θεὸς
2339 2831 2460 2888 τοῖς
2517 2826 2710 2881 ἑαυτοῦ
2771 2832 3065 2899 μαθηταῖς,
3124 2831 3288 2882 τοῦτο
3344 2829 3435 2883 καὶ
3469 2828 3496 2881 ὁ
3531 2827 3747 2892 Παῦλος

2089 2914 2213 2987 περὶ
2247 2913 2463 2970 ἐκείνων
2491 2913 2663 2992 λέγει.
2695 2916 2757 2970 Τί
2787 2916 2887 2991 γὰρ
2920 2916 2948 2970 6
2979 2922 3213 2990 Χριστος
3246 2935 3260 2983 ;
3312 2940 3340 2969 ‹‹
3377 2918 3465 2987 Μὴ
3499 2916 3746 2992 χαίρετε,

2091 3004 2279 3076 φησὶν,
2312 3005 2396 3059 ὅτι
2423 3006 2491 3059 τὰ
2521 3001 2781 3077 δαιμόνια
2812 3005 2941 3078 ὑμῖν
2978 3006 3359 3075 ὑποτάσσεται,
3389 3003 3519 3061 ἀλλ’
3563 3005 3645 3061 δτι
3676 3007 3747 3061 τὰ

2092 3092 2336 3165 ὀνόματα
2372 3094 2525 3166 ὑμῶν
2556 3094 2857 3171 γέγραπται
2898 3092 2951 3149 ἐν
2982 3088 3164 3170 βίϐλῳ
3192 3100 3357 3165 ζωῆς·
3394 3118 3423 3147 ι)

327 3197 652 3251 certarunt.
688 3215 714 3240 «ι
744 3192 1005 3257 Quorum
1038 3186 1284 3242 nomina
1314 3190 1457 3240 sunt
1488 3185 1549 3239 in
1581 3182 1733 3237 libro
1766 3183 1916 3236 vitm.
1957 3205 1978 3232 ι
2014 3185 2164 3243 105
2201 3185 2367 3251 Quod
2401 3186 2728 3241 maximum
2757 3191 2887 3241 erat
2916 3185 3071 3241 inter
3101 3202 3170 3241 ea
3200 3203 3332 3257 qua:
3364 3185 3512 3242 dixit
3558 3185 3756 3243 Domi-

330 3301 444 3339 nus
476 3283 600 3337 suis
630 3279 962 3351 discipulis,
998 3278 1109 3331 hoc
1139 3276 1316 3330 etiam
1350 3272 1569 3328 Paulus
1600 3272 1672 3327 de
1704 3271 1825 3326 illis
1853 3270 2018 3328 dicit.
2049 3273 2200 3339 Quid
2232 3275 2396 3331 enim
2430 3275 2513 3330 ait
2543 3275 2813 3331 Christus
2838 3274 2866 3331 ?
2896 3299 2922 3325 ‹‹
2957 3276 3037 3331 Ne
3068 3275 3374 3346 gaudeatis
3426 3277 3583 3347 quod
3633 3277 3759 3332 daa-

327 3373 529 3428 monio
561 3370 725 3425 vobis
755 3367 1171 3437 subjiciuntur,
1204 3363 1307 3418 sed
1339 3361 1498 3433 quod
1530 3362 1778 3417 nomina
1808 3362 2031 3433 scripta
2061 3370 2203 3418 sunt
2233 3364 2294 3418 in
2333 3363 2483 3419 libro
2515 3364 2645 3419 vitea
2674 3362 2738 3417 ⁸³.
2777 3386 2805 3412 »ι

400 3463 493 3527 lV,
514 3462 634 3515 4-8.
669 3481 696 3507 ‹‹
729 3457 988 3513 Gaudete
1021 3455 1080 3509 in
1115 3453 1364 3509 Domino
1388 3468 1651 3522 semper:
1685 3456 1745 3505 et
1764 3451 1980 3505 iterum

2166 3451 2397 3526 Χαίρετε
2446 3450 2502 3507 ἐν
2553 3452 2743 3527 Κυρίῳ
2803 3449 3056 3521 πάντοτε,
3101 3451 3269 3508 πάλιν
3328 3450 3457 3527 ἐρῶ,
3507 3455 3758 3529 χαίρετε.

338 3573 368 3603 ‹‹
401 3552 556 3617 dico,
579 3548 850 3620 gaudete.
881 3544 1165 3601 Modestia
1203 3548 1396 3597 vestra
1425 3546 1568 3596 nota
1597 3540 1673 3595 sit
1712 3539 1989 3596 omnibus

327 3663 359 3692 ιι
392 3638 765 3696 hominibus:
793 3635 1078 3691 Dominus
1111 3649 1290 3705 prope
1322 3630 1511 3693 est,de
1533 3630 1702 3685 nulla
1729 3646 1794 3685 re
1822 3629 1986 3685 solli-

330 3754 352 3783 σ
390 3731 495 3787 citi
524 3729 655 3784 sitis
683 3743 696 3781 :
731 3725 836 3781 sed
868 3726 930 3780 in
958 3724 1120 3780 omni
1146 3721 1491 3795 precatione
1505 3719 1988 3775 etobsecratione

326 3843 356 3872 ‹‹
385 3836 521 3877 cum
553 3818 877 3890 gratiarum
910 3814 1145 3869 actione
1179 3811 1501 3883 petitiones
1552 3814 1765 3863 vestra;
1819 3809 1987 3863 inno~

326 3931 355 3960 α
390 3914 621 3963 tescant
646 3903 803 3977 apud
836 3906 1041 3959 Deum.
1077 3903 1145 3955 Et
1176 3917 1286 3973 pax
1320 3899 1418 3954 Dei
1454 3915 1584 3969 quae
1617 3898 1985 3953 exceditom-

332 4019 356 4048 α
392 4013 530 4053 nem
561 3994 929 4051 intellectum
959 3990 1256 4046 custodiet
1287 3989 1467 4044 corda
1489 3994 1683 4043 vestra
1698 3992 1755 4042 et
1775 4002 1987 4043 sensus

328 4109 357 4137 ιι
394 4091 620 4142 vestros
647 4084 708 4138 in
739 4081 972 4136 Christo
1000 4081 1160 4135 Jesu.
1200 4100 1228 4127 »

399 4175 666 4231 Christus
687 4171 868 4226 dicit:
898 4193 925 4219 ιι
952 4169 1111 4225 Beati
1135 4168 1235 4239 qui
1271 4168 1478 4239 lugent
1524 4164 1612 4231 a4;
1665 4187 1693 4214 η
1740 4172 1798 4221 et
1827 4188 1855 4215 ‹‹
1891 4167 1986 4221 Vas

332 4266 427 4322 his
451 4263 552 4335 qui
578 4262 774 4317 rident
792 4259 872 4314 3‘:
901 4280 929 4309 »
952 4257 1253 4329 quomodo
1275 4273 1412 4329 ergo
1436 4256 1521 4310 ait
1569 4254 1788 4310 Paulus
1843 4255 1988 4309 Gau-

333 4354 468 4410 dete
483 4352 510 4407 ‘I
528 4353 729 4422 Neque
752 4349 1020 4404 Christus
1043 4346 1268 4401 luctum
1292 4343 1664 4398 mundanum
1683 4342 1987 4413 pra-cepit,

329 4442 443 4497 hoc
469 4446 578 4506 est,
610 4440 809 4509 lugere
842 4437 904 4489 in
936 4433 1260 4489 amissione
1290 4438 1676 4505 cognatorum
1708 4431 1795 4485 vel
1853 4430 1985 4487 afﬁ-

329 4531 529 4587 nium:
563 4527 667 4583 sed
719 4523 1049 4596 spiritalem
1112 4520 1276 4592 quod
1332 4527 1422 4575 est
1469 4520 1671 4589 lugere
1716 4527 1981 4592 peccata.

328 4622 527 4691 Neque
559 4615 775 4672 Paulus
828 4612 1200 4669 mundanum
1258 4609 1399 4664 dicit
1456 4609 1787 4683 gaudium:
1848 4609 1985 4666 ldro

330 4724 567 4781 quoque
601 4703 925 4776 subjungit,
971 4703 1035 4757 In
1087 4699 1352 4756 Domino.
1414 4700 1627 4755 Luctus
1673 4699 1855 4772 igitur
1884 4700 1984 4755 ille

2092 3539 2164 3595 Τὸ
2224 3539 2456 3603 ἐπιεικὶς
2517 3541 2671 3614 ὑμῶν
2728 3542 3033 3616 γνωσθήτω
3089 3544 3250 3596 πᾶσιν
3306 3540 3636 3616 ἀνθρώποις.
3685 3544 3751 3601 Ὀ

2094 3628 2298 3703 Κύριος
2355 3629 2533 3706 ἐγγὺς,
2592 3626 2762 3702 μηδὲν
2825 3634 3146 3703 μεριμνᾶτε,
3204 3628 3334 3685 ἀλλ’
3391 3629 3444 3686 ἐν
3498 3632 3658 3688 παντὶ
3687 3637 3758 3706 τῇ

2094 3722 2379 3794 προσευχῇ
2465 3716 2556 3773 καὶ
2643 3719 2715 3790 τῇ
2800 3715 2982 3787 δεήσει
3068 3720 3204 3789 μετὰ
3263 3717 3632 3794 εὐχαριστίας,
3691 3723 3761 3777 τὰ

2092 3808 2371 3879 αἰτήματα
2441 3808 2595 3881 ὑμῶν
2655 3807 3000 3883 γνωριζέσθω
3066 3808 3202 3883 πρὸς
3268 3807 3362 3863 τὸν
3431 3810 3583 3866 Θεόν.
3657 3811 3758 3867 Καὶ

2094 3901 2129 3967 ἡ
2206 3897 2393 3971 εἰρήνη
2472 3899 2572 3952 τοῦ
2645 3900 2784 3951 Θεοῦ
2858 3898 2893 3966 ἡ
2966 3895 3308 3972 ὑπερέχουσα
3357 3897 3536 3953 πάντα
3598 3903 3756 3970 νοῦν,

2094 3987 2392 4060 φρουρήσει
2463 3986 2562 4047 τὰς
2635 3981 2861 4059 καρδίας
2956 3985 3110 4058 ὑμῶν
3196 3983 3287 4041 καὶ
3361 3986 3429 4041 τὰ
3501 3989 3758 4060 νοήματα

2096 4075 2248 4149 ὑμῶν
2282 4074 2336 4130 ἐν
2369 4078 2599 4149 Χριστῷ
2628 4075 2831 4144 Ἰησοῦ.

2159 4178 2221 4227 Ὅ
2251 4169 2483 4246 Χριστός
2513 4191 2669 4249 φησι·
2701 4194 2729 4222 «
2778 4172 3052 4244 Μακάριοι
3096 4171 3148 4227 οἶ
3201 4172 3542 4239 πενθοῦντες,
3579 4197 3608 4226 ››
3640 4174 3753 4230 καί·

2097 4284 2124 4310 υ
2157 4257 2292 4313 Οὐαὶ
2342 4261 2459 4321 τοῖς
2511 4262 2740 4336 γελῶσι.
2793 4282 2823 4310 »
2874 4264 2999 4323 Πῶς
3054 4282 3218 4337 φησιν
3266 4263 3295 4317 6
3347 4261 3585 4333 Παῦλος,
3617 4264 3757 4321 Χαί-

2094 4368 2250 4423 ρετε;
2279 4344 2419 4406 Οὐδὶ
2449 4348 2478 4402 6
2508 4348 2738 4421 Χριστὸς
2791 4348 2852 4403 τὸ
2902 4348 3096 4411 πένθος
3151 4351 3215 4406 τὸ
3269 4353 3536 4424 κοσμικὸν
3567 4352 3755 4409 ἐπετα-

2092 4438 2192 4507 ξεν,
2230 4437 2344 4492 οἷον
2371 4438 2435 4493 τὸ
2464 4439 2678 4493 πενθεῖν
2708 4437 2796 4493 ἐπὶ
2846 4434 3107 4513 ἀποϐολῇ
3156 4442 3572 4513 προσηκόντων,
3605 4440 3753 4498 ἀλλὰ

2090 4528 2152 4582 τὸ
2209 4528 2596 4599 πνευματικὸν,
2654 4527 2717 4582 τὸ
2773 4529 2987 4583 πενθεῖν
3048 4528 3143 4590 τὰς
3194 4529 3478 4605 ἁμαρτίας.
3531 4528 3674 4588 Οὖδὶ
3722 4532 3752 4587 6

2090 4614 2306 4677 Παῦλος
2360 4618 2459 4685 τὴν
2505 4617 2781 4688 κοσμικὴν
2838 4614 2986 4692 λέγει
3044 4618 3244 4693 χαράν.
3297 4621 3392 4674 Διὸ
3422 4619 3511 4675 καὶ
3542 4619 3753 4695 ἐπάγει,

2087 4708 2177 4764 Ἐν
2210 4704 2408 4780 Κυρίῳ.
2444 4707 2606 4760 Ὥστε
2651 4706 2715 4759 τὸ
2763 4709 2953 4769 πὲντος
3004 4704 3199 4777 ἐκεῖνο,
3246 4728 3449 4778 ταυτης
3502 4716 3603 4778 τῆς
3650 4729 3759 4784 χα-

332 4802 512 4871 hujus
545 4798 742 4871 gaudii
777 4796 1010 4851 occasio
1042 4799 1149 4849 est.
1183 4795 1327 4848 Nam
1385 4792 1486 4863 qui
1532 4782 1784 4863 propria
1826 4791 1982 4865 luget

2098 4796 2430 4890 picjivstuat
2471 4794 2764 4871 πρόφασις.
2823 4796 2885 4852 Ὀ
2944 4794 3048 4873 γὰρ
3108 4796 3201 4858 τὰς
3256 4797 3461 4859 οἰκείας
3493 4782 3760 4874 ἁμαρτίας

333 4895 596 4961 peccata,
632 4881 1241 4953 habebitgaudinmin
1261 4880 1532 4946 Domino,
1554 4881 1655 4935 ubi
1680 4882 1788 4936 hoc
1815 4881 1988 4936 modo

336 4996 447 5051 por
468 4980 693 5034 luctum
713 4976 956 5047 propria
985 4973 1272 5029 deleverit
1291 4977 1554 5043 peccata,
1579 4977 1637 5026 et
1670 4989 1804 5027 cum
1829 4973 1993 5027 Chri-

337 5077 427 5125 sto
453 5068 551 5139 qni
577 5083 698 5122 una
718 5065 993 5121 conscius
1027 5069 1115 5119 est
1145 5060 1473 5117 secundum
1532 5061 1717 5116 Deum
1770 5060 1993 5132 gaude-

340 5159 444 5214 bit.
481 5157 631 5223 Quid
662 5162 858 5212 autem
916 5155 1027 5210 sibi
1086 5154 1213 5209 vult
1260 5152 1419 5225 quod
1470 5152 1550 5207 ita
1618 5151 1990 5223 reduplicat:

341 5272 366 5297 ι(
395 5251 617 5304 Iterum
643 5243 1100 5313 dico,gaudete?
1124 5243 1303 5298 Erant
1352 5242 1413 5295 in
1464 5256 1716 5296 mmrore
1761 5239 1836 5294 ob
1869 5247 1993 5296 ten-

348 5337 607 5393 tationes
638 5341 696 5389 et
726 5332 1079 5388 afﬂictiones
1110 5348 1258 5403 quas
1302 5329 1696 5385 sustinebant.
1728 5330 1999 5386 Ostendit

345 5442 483 5498 ergo
507 5422 666 5495 quod
691 5422 807 5493 pati
829 5438 897 5475 ac
944 5421 1142 5493 lugere
1193 5437 1297 5492 pro
1346 5419 1599 5485 Christo,
1635 5418 1753 5473 veri
1795 5419 1994 5490 gaudii

347 5515 791 5570 conciliativum
825 5510 923 5565 sit.
961 5516 1073 5566 Aut
1118 5509 1277 5580 quod
1335 5508 1508 5564 dolor
1560 5514 1835 5579 sumplus
1889 5526 1995 5580 pro

345 5602 578 5659 Christo
608 5618 643 5658 a
664 5598 1147 5675 persecutoribus
1177 5596 1553 5669 proveniens,
1609 5598 1802 5669 ipsum
1854 5614 1995 5671 gau-

421 5779 471 5817 ³²
502 5781 642 5839 Luc.
674 5797 731 5847 ι,
762 5781 852 5834 20.
885 5777 933 5813 ⁸³
964 5779 1165 5833 Matth.
1193 5793 1245 5840 ν,
1278 5780 1329 5829 5.
1363 5774 1411 5811 ³⁸
1442 5775 1577 5832 Luc.
1609 5793 1684 5843 vi,
1716 5776 1803 5831 25.

2099 4885 2327 4950 πενθῶν,
2359 4877 2461 4954 ἕξει
2514 4885 2613 4953 τήν
2672 4882 2725 4938 ἐν
2779 4882 2965 4960 Κυρίῳ
3017 4885 3218 4961 χαρὰν,
3248 4887 3418 4961 ταύτῃ
3451 4886 3760 4963 ἀπαλείψας

2096 4974 2194 5034 τὰς
2226 4972 2491 5047 ἁμαρτίας
2523 4969 2612 5027 διὰ
2666 4976 2763 5027 σοῦ
2812 4972 3072 5043 πένθους,
3104 4975 3195 5029 καὶ
3226 4979 3306 5047 τῷ
3336 4976 3556 5051 Χριστῷ
3588 4997 3758 5031 συνει-

2102 5061 2220 5116 δότι
2261 5061 2394 5116 κατά
2426 5061 2557 5116 Θεὸν
2593 5063 2821 5137 χαίρων.
2855 5063 2922 5119 Τί
2973 5059 3031 5118 δὲ
3085 5060 3345 5138 βούλεται
3374 5064 3436 5119 τὸ
3468 5062 3759 5120 ἐπιδιπλα-

2102 5148 2305 5219 σιάζειν
2333 5149 2514 5223 αὐτὸν,
2550 5173 2577 5200 α
2611 5149 2784 5205 Πάλιν
2814 5149 2943 5224 ἐρῶ,
2970 5151 3193 5227 χαίρετε
3218 5172 3231 5221 ;
3259 5176 3288 5205 ››
3320 5155 3490 5209 Ἦσαν
3522 5152 3576 5209 ἄν
3608 5152 3757 5229 λύπῃ

2105 5237 2194 5294 διὰ
2239 5238 2367 5301 τοὺς
2414 5240 2753 5314 πειρασμοὺς
2800 5241 2894 5296 καὶ
2937 5241 3036 5304 τὰς
3095 5240 3311 5315 θλίψεις
3358 5239 3422 5304 ἃς
3472 5242 3763 5316 ὑπέμενον,

2105 5328 2382 5385 Δείκνυσιν
2434 5329 2528 5384 οὖν
2576 5330 2639 5384 τὸ
2692 5330 2826 5406 ὑπὲρ
2875 5332 3112 5404 Χριστοῦ
3161 5332 3391 5407 πάσχειν
3443 5332 3533 5388 καὶ
3582 5339 3765 5388 Λυπεῖ-

2106 5422 2247 5492 σθαι,
2280 5422 2456 5498 χαρὰς
2494 5419 2553 5477 δν
2597 5428 2699 5490 τῆς
2756 5423 3001 5492 ἀληθοῦς
3053 5423 3327 5498 πρόξενον.
3359 5424 3428 5481 ’Ἡ
3457 5424 3541 5478 δτι
3567 5427 3603 5493 ἡ
3631 5424 3764 5497 ὑπὲρ

2107 5512 2346 5582 Χριστοῦ
2378 5509 2528 5583 λέπη
2560 5511 2668 5568 ἀπὸ
2717 5517 2827 5567 τῶν
2878 5510 3191 5569 διωκόντων
3236 5509 3631 5588 συμϐαίνουσα,
3663 5515 3763 5571 αῦ-

2106 5600 2320 5676 τοχάρα
2370 5600 2513 5657 ἐστὶν
2562 5600 3016 5674 ἱπισκοτιζούσης
3069 5602 3278 5678 τῆςιὲν
3330 5601 3633 5680 προσδοκίᾳ
3660 5624 3765 5681 χαι
