4108 6438
347 466 497 529 ιθιτ

1403 460 1807 523 GOMMENT.
1851 458 1930 519 IN
1977 456 2220 518 EPIST.
2267 458 2370 518 AD
2414 456 2710 520 PHILIP.

3608 461 3763 525 1318

345 605 441 677 ρᾶς
470 600 570 670 τὴν
602 596 750 675 παρᾶ
775 594 919 654 πόδα
950 596 1149 669 λύπην.
1186 620 1213 648 ‹‹
1241 596 1315 652 Τὸ
1356 593 1584 654 ἐπιεικὲς
1643 592 1795 664 ὑμῶν
1847 611 1995 677 γνωέ

2135 589 2277 645 lium
2300 589 2376 644 sit
2396 604 2613 661 nempe
2636 588 2989 646 obscurante
3014 596 3320 664 expectato
3341 592 3557 666 gaudio
3606 613 3761 668 prm-

348 674 534 760 σθήτω
564 674 726 744 πᾶσιν
768 688 1096 765 ἀνθρώποις.
1129 710 1159 740 ››
1204 681 1426 755 Ἐπειδὴ
1478 683 1733 758 ἀνωτέρω
1782 674 2002 736 διέϐαλέ

346 801 521 849 τινας,
553 780 628 834 ὧν
659 780 687 834 6
718 779 847 841 Θεὸς
880 780 915 848 ἡ
943 775 1150 847 κοιλία,
1184 774 1387 853 λέγων,
1417 775 1508 829 καὶ
1560 776 1596 843 ἡ
1653 767 1779 842 δόξα
1829 770 1881 825 έν
1930 771 2000 843 τῇ

348 868 581 945 αἰσχύνῃ
616 866 818 935 αὐτῶν,
875 866 1020 929 εἰκὸς
1067 868 1134 935 ἦν
1196 863 1286 921 διὰ
1338 868 1508 920 ταῦτα
1565 860 2002 935 ἐκπαλεμοῦσθαι

347 960 483 1035 πρὸς
512 958 751 1021 ἐκείνους
781 957 909 1022 τοὺς
936 961 1182 1019 πιστοῦς.
1217 958 1391 1028 Φησὶν
1421 956 1531 1011 οὗν·
1561 954 1650 1023 Μὴ
1709 953 1783 1015 ὡς
1833 953 2003 1007 πολε-

353 1051 500 1124 μίοις
534 1056 766 1124 χρῆσθε,
813 1046 940 1104 ἀλλ’
998 1048 1272 1117 ἐπιεικῶς,
1326 1047 1413 1102 καὶ
1474 1046 1537 1101 οὐ
1595 1044 1758 1118 μόνον
1792 1044 2002 1110 αὐτοῖς,

348 1138 497 1197 νλλᾶι
520 1140 610 1195 καὶ
641 1145 803 1195 πᾶσιν
864 1140 1192 1214 ἀνθρώποις.
1253 1164 1281 1191 ιι
1313 1138 1370 1190 ‘0
1402 1136 1602 1211 Κύριος
1651 1131 1832 1210 ἐγγὺς,
1896 1153 2004 1207 μη·

351 1227 435 1286 δὶν
476 1233 793 1304 μεριμνᾶτε.
830 1251 858 1279 ››
887 1229 953 1283 Τί
988 1228 1092 1303 γὰρ
1124 1224 1340 1297 ἀλύετε,
1390 1226 1545 1306 φησὶ,
1599 1222 1689 1280 διὰ
1733 1224 1829 1280 τὰς
1875 1218 2007 1277 ἐκεί-

348 1333 456 1374 νων
486 1314 807 1389 ἐπιϐουλὰς,
837 1317 872 1387 ἢ
902 1318 1031 1379 τοὺς
1064 1315 1270 1379 ἄλλους
1298 1312 1678 1390 πειρασμοῦςς
1708 1314 1771 1371 Ὀ
1805 1312 2005 1384 Κύριος

350 1407 534 1484 ἐγγὺς,
593 1407 777 1484 φησὶν,
808 1409 842 1476 ἡ
874 1407 1055 1479 κρίσις
1104 1403 1386 1484 ἒφέστηκε,
1426 1405 1516 1460 καὶ
1568 1404 1726 1477 ὑμεῖς
1764 1402 2006 1458 κάκεῖνοι

347 1483 443 1552 τὰς
473 1483 863 1544 ἀνταποδασεις
890 1486 1053 1558 ἕξετε.
1091 1483 1270 1557 Μηδὲν
1319 1486 1431 1554 οὖν,
1481 1484 1638 1565 φησί,
1689 1488 2005 1558 μεριμνᾶτε·

350 1601 380 1630 ι(
414 1575 568 1635 Ἀλλ’
601 1576 654 1632 ἐν
683 1577 863 1646 παντὶ,
898 1599 924 1630 ε
955 1573 1223 1645 τουτέστι,
1255 1573 1557 1650 πράγματι,
1598 1576 1668 1648 τῇ
1717 1574 2004 1646 προσευχῇ

349 1665 443 1723 καὶ
472 1670 542 1740 τῇ
572 1663 777 1737 δεήσει,
806 1663 1104 1741 κέχρησθε.
1146 1666 1299 1721 Ἔστι
1334 1664 1429 1737 μὲν
1476 1663 1565 1718 οὖν
1617 1667 1758 1732 τοῖς,
1813 1655 2006 1725 07460-

357 1755 540 1829 μένοις
570 1755 800 1832 μεγίστη
841 1753 1171 1828 παραψυχή,
1226 1753 1291 1808 τὸ
1348 1751 1510 1830 ἐγγὺς
1568 1751 1710 1807 εἶκαι
1759 1751 1850 1807 τὸν
1906 1750 2011 1807 Κύ-

356 1843 665 1921 ριον.ἰδοί›
696 1841 753 1900 δὲ
817 1845 907 1899 καὶ
959 1842 1103 1899 ἄλλο
1161 1842 1485 1916 προστίθησι
1544 1842 1850 1921 φάρμακον,
1908 1844 2007 1909 τὴν

2114 684 2344 736 sentem
2374 694 2688 734 maerorem
2721 685 2823 735 aut
2853 680 3139 736 dolorem.
3174 703 3204 732 «
3234 682 3520 740 Modestia
3571 690 3766 743 vestra

2113 778 2254 827 nota
2277 772 2354 826 sit
2382 771 2660 827 omnibus
2690 772 3054 828 hominibus.
3090 795 3119 822 »
3150 775 3442 839 Quoniam
3475 776 3535 831 in
3594 794 3766 851 supe-

2114 861 2373 916 rioribus
2403 860 2694 932 quosdam
2749 862 3120 933 vituperavit,
3180 863 3433 919 dicens:
3503 867 3764 930 Quorum

2119 951 2271 1007 Deus
2301 957 2509 1006 venter
2538 957 2626 1006 est
2656 957 2715 1006 et
2742 951 2931 1024 gloria
2990 954 3050 1007 in
3105 953 3394 1010 dedecore
3448 955 3715 1027 ipsorum
3752 975 3766 1013 :

2117 1040 2440 1096 verisimile
2471 1047 2597 1096 erat
2626 1041 2787 1112 quod
2821 1059 2960 1115 erga
2988 1043 3124 1100 illos
3181 1045 3446 1100 futurum
3507 1054 3664 1102 esset
3703 1053 3768 1103 ut

2118 1129 2414 1185 hostiliter
2445 1147 2507 1185 se
2536 1137 2810 1203 gererent
2841 1132 3074 1188 ﬁdeles.
3103 1134 3201 1188 Ait
3230 1151 3368 1205 ergo
3396 1152 3409 1190 :
3446 1137 3570 1191 Non
3630 1142 3767 1192 tan-

2117 1235 2295 1290 quam
2330 1235 2466 1275 cum
2497 1219 2770 1275 hostibus
2822 1237 2957 1276 cum
3017 1222 3102 1277 eis
3158 1225 3614 1287 conversemmi,
3665 1226 3770 1282 sed

2117 1314 2467 1365 mansuete:
2502 1325 2613 1364 nec
2643 1309 2704 1364 id
2736 1309 2930 1365 solum
2951 1328 3088 1366 cum
3112 1312 3282 1383 ipsis,
3307 1312 3411 1368 sed
3459 1329 3595 1369 cum
3641 1332 3772 1370 om-

2120 1398 2299 1454 nibus
2326 1398 2506 1454 etiam
2526 1398 2892 1454 hominibus.
2922 1421 2949 1450 ‹‹
2980 1400 3268 1456 Dominus
3304 1418 3488 1474 prope
3510 1409 3601 1458 est
3634 1420 3647 1458 :
3701 1405 3772 1460 de

2119 1487 2288 1543 nulla
2310 1504 2373 1543 re
2396 1487 2638 1543 solliciti
2662 1488 2812 1542 sitis.
2834 1509 2862 1538 ››
2880 1489 2997 1543 Cur
3035 1489 3216 1557 enim,
3250 1490 3353 1558 ait,
3395 1492 3597 1547 animo
3630 1509 3775 1548 con-

2121 1576 2320 1632 ciditis
2350 1581 2595 1647 prepter
2624 1576 2865 1631 illorum
2898 1575 3146 1634 insidias
3175 1584 3277 1634 aut
3323 1578 3473 1636 alias
3517 1580 3775 1636 aﬂictio-

2121 1669 2816 1739 nes?Dominus,inquit,
2848 1686 3032 1741 prope
3054 1676 3163 1740 est,
3204 1670 3505 1744 judicium
3547 1673 3771 1728 instat:

2123 1763 2180 1813 et
2210 1774 2311 1813 vos
2359 1765 2418 1813 et
2472 1758 2562 1812 illi
2621 1758 3043 1814 retributiones
3100 1760 3421 1815 habebitis.
3478 1763 3635 1817 108
3693 1764 3773 1819 De

2124 1845 2291 1901 nulla
2318 1846 2516 1917 itaque
2546 1863 2607 1901 re
2639 1846 2771 1901 sitis
2794 1846 3076 1901 solliciti:
3132 1868 3158 1898 ιι
3212 1848 3323 1903 Sed
3384 1850 3444 1904 in
3496 1851 3659 1905 omni
3695 1867 3709 1905 :
3746 1874 3774 1902 n

362 1936 499 2009 μετᾶ
527 1935 875 2011 εὐχαριστίας
908 1934 1102 2013 εὐχήν.
1129 1930 1277 2004 Αὕτη
1320 1934 1426 2023 γὰρ
1455 1932 1547 1988 καὶ
1593 1932 1797 2023 κυρίως
1832 1929 2007 2023 εὐχή.

2135 1941 2271 2007 puta
2301 1935 2536 2007 negotio
2568 1935 2896 2008 (Siquidem
2952 1933 3128 2001 παντί,
3188 1954 3325 1992 cum
3375 1955 3497 1994 non
3557 1940 3635 1994 sit
3693 1940 3779 1996 fe-

358 2024 456 2081 Διᾶ
484 2024 575 2079 οὖν
603 2031 704 2093 τῆς
763 2024 898 2098 μετὰ
961 2022 1311 2099 εὐχαριστίας
1368 2021 1541 2101 εὐχῆς
1597 2022 1685 2076 καὶ
1747 2018 2009 2091 δεήσεως,

357 2115 425 2168 τὰ
448 2112 730 2186 αἰτήματα
764 2114 918 2186 ὑμῶν
971 2112 1316 2188 γνωριζέσθω
1372 2112 1506 2187 πρὸς
1559 2112 1652 2165 τὸν
1711 2109 1862 2165 Θεόν.
1922 2109 2010 2170 Ὡς

362 2202 483 2280 α’ἰγε
517 2203 593 2274 μή
623 2197 852 2278 ἔχουσαι
894 2202 1246 2278 εὐχαριστίαν
1295 2200 1478 2275 εὐχαὶ,
1537 2198 1662 2256 οὕτε
1713 2198 2010 2274 -ιννωρίςονο

356 2312 447 2348 ται
476 2293 612 2369 πρὸς
641 2293 733 2347 τὸν
766 2292 916 2348 Θεόν.
949 2293 1011 2350 '0
1062 2292 1167 2365 γὰρ
1225 2292 1300 2365 μή
1362 2290 1702 2368 εὐχαριστῶν
1751 2287 1840 2344 ἐπὶ
1886 2287 2011 2349 τοῖς

356 2381 794 2456 παρεληλυθόσι,
825 2385 944 2442 πῶς
973 2381 1008 2450 ἥ
1043 2380 1254 2450 αἰτήσει
1287 2382 1322 2450 ἢ
1357 2377 1590 2452 λήψεται
1612 2378 1678 2434 τα
1702 2376 2011 2450 μέλλοντας

363 2469 518 2529 Ἀλλ’
557 2470 608 2526 ἐν
641 2469 800 2525 παντὶ
831 2468 1110 2544 πράγματι
1140 2472 1211 2543 τῇ
1241 2471 1526 2544 προσευχῇ
1566 2468 1658 2523 καὶ
1711 2471 1781 2541 τῇ
1832 2464 2014 2536 δεήσει

364 2560 658 2637 κέχρησθε,
692 2557 763 2616 δι’
804 2561 877 2614 ὧν
908 2559 976 2615 τὰ
1030 2559 1311 2631 αἰτήματα
1362 2559 1537 2633 ὑμῶν,
1601 2558 1737 2633 μετά
1791 2557 2011 2633 εὐχαρι-

362 2651 513 2715 στίας
548 2651 916 2726 γνωριζέσθω.
977 2673 1006 2703 ιι
1049 2649 1147 2706 Καὶ
1183 2651 1218 2718 ἡ
1249 2647 1442 2724 εἰρήνη
1498 2652 1597 2704 τοῦ
1652 2646 1809 2704 Θεοῦ.
1844 2671 1873 2699 »ι
1922 2645 2016 2704 Εἰ-

361 2742 533 2814 ρήνης
564 2740 737 2814 λέγει,
803 2741 905 2809 τὴν
962 2737 1320 2814 καταλλαγὴν
1378 2741 1477 2793 τοῦ
1532 2741 1667 2793 Θεοῦ
1721 2738 1821 2805 τήν
1877 2736 2014 2810 πρὸς

361 2830 532 2904 ἡμᾶς.
567 2826 764 2890 Καλῶς
797 2825 854 2883 δὲ
883 2828 1029 2882 εἶπεν
1061 2826 1303 2902 εἰρήνην.
1345 2829 1520 2900 Ἦμεν
1577 2826 1680 2903 γὰρ
1737 2825 1888 2898 αὐτῷ
1930 2825 2017 2880 έκ-

360 2919 846 2994 πεπολεμωμένοι,
882 2915 972 2974 διὰ
1002 2915 1061 2974 δὲ
1089 2923 1188 2973 τοῦ
1226 2919 1456 2992 αἳματος
1513 2923 1612 2975 τοῦ
1671 2921 2018 2994 Μονογενοῦς

366 3008 706 3082 κατήλλαξεν
735 3011 884 3083 ἡμᾶς
915 3010 1111 3080 ἑαυτῷ.
1161 3009 1360 3083 Ἢγουν
1409 3010 1533 3084 περὶ
1588 3008 1800 3077 ἐκείνης
1850 3008 2017 3083 λέγει,

363 3099 487 3175 περὶ
514 3099 582 3167 ἧς
613 3118 775 3175 φησιν
808 3098 837 3152 6
868 3097 1125 3171 Χριστός
1163 3119 1190 3147 ιι
1224 3096 1467 3172 Εἰρήνην
1497 3097 1600 3164 τήν
1625 3096 1763 3169 ἐμήν
1815 3092 2017 3169 δίδωμι

366 3188 526 3259 ὑμῖν,
558 3184 782 3260 εἰρήνην
815 3185 914 3252 τήν
958 3184 1098 3258 ἰμὴν
1156 3182 1357 3261 ἆφίημι
1421 3185 1571 3257 ὑμῖν.
1606 3208 1634 3236 »
1695 3185 1861 3241 ‘Otav
1916 3183 2018 3259 γὰρ

365 3274 506 3350 λέγῃ
538 3275 628 3329 καὶ
659 3275 795 3350 πρὸς
842 3274 973 3335 τοὺς
1030 3272 1265 3348 ἐχθροὺς
1319 3272 1636 3348 εῗρηνεόειν,
1699 3271 1799 3328 οὐκ
1856 3273 2019 3348 ὑπερ-

364 3360 538 3420 ϐαίνει
568 3362 743 3419 πάντα
770 3367 895 3417 νοῦν
925 3382 938 3434 ;
999 3386 1028 3415 ιι
1059 3364 1122 3418 Ἡ
1177 3363 1526 3437 ὒπερέχουσα
1577 3361 1753 3418 πάντα
1808 3365 1955 3417 νοῦν.
1988 3385 2017 3414 ι)

371 3453 438 3511 Εἰ
469 3450 529 3508 δὲ
558 3455 593 3521 ἡ
624 3451 813 3526 εἰρήνη
844 3456 942 3508 τοῦ
990 3456 1126 3508 Θεοῦ
1182 3446 1490 3526 ὑπερϐαίνει
1544 3450 1717 3507 πάντα
1771 3454 1917 3519 νοῦν,
1971 3448 2022 3506 τί

373 3540 519 3599 εἴποι
547 3562 634 3606 τις
662 3540 798 3617 πρὸς
827 3541 956 3603 τοὺς
981 3542 1081 3609 τήν
1138 3539 1320 3596 οὐσίαν
1380 3540 1546 3595 αὐτοῦ
1598 3538 2025 3616 περιεργαζομέ-

365 3651 530 3701 νουςς
565 3654 594 3683 ιι
627 3632 937 3706 Φρουρησει
985 3628 1081 3690 τὰς
1136 3627 1363 3704 καρδίας
1422 3630 1597 3702 ὑμῶν.
1639 3660 1664 3684 ι»
1724 3631 1888 3685 Ὥστε
1947 3628 2025 3701 μὴ

366 3720 473 3777 ὑπὸ
530 3723 851 3794 πειρασμῶν
906 3714 1419 3790 καταϐαπτίζεσθαι,
1471 3722 1614 3793 μήτε
1662 3717 1767 3773 ὑπὸ
1816 3717 2025 3789 ἀπάτης

370 3809 775 3887 περιφέρεσθαι.
811 3832 840 3860 ‹‹
877 3809 965 3865 Ἐν
992 3810 1211 3882 Χριστῷ
1242 3809 1443 3878 Ἰησοῦ.
1478 3832 1508 3860 ››
1538 3809 1608 3866 Ἦ
1639 3806 1690 3863 έν
1719 3806 1868 3879 αὖτῷ
1925 3828 2029 3884 φυ-

372 3897 543 3969 λάξει,
575 3895 718 3954 ὥστε
749 3896 925 3971 μένειν
953 3898 1044 3954 καὶ
1081 3899 1157 3971 μή
1216 3896 1459 3953 ἐκπεσεῖν
1516 3897 1705 3968 αὐτοῦ,
1737 3897 1772 3966 ἢ
1807 3893 1877 3952 δι’
1924 3897 2023 3952 αὐ-

367 3992 465 4045 τοῦ
497 3989 744 4065 (punget.

2127 2024 2665 2097 minimum.jungi
2700 2040 2822 2079 non
2879 2030 3076 2096 potest
3130 2026 3198 2097 τῇ
3255 2030 3540 2101 προσευχῇ
3590 2027 3678 2081 καὶ
3708 2033 3777 2103 τῇ

2127 2109 2699 2185 δεήσει),ρῐ·εοίιιὶοηο
2722 2119 2779 2168 et
2799 2114 3209 2169 obsecratione
3232 2117 3507 2171 utamini.
3530 2119 3781 2174 Maxima

2127 2219 2264 2275 ergo
2287 2202 2615 2257 consolatio
2634 2208 2723 2257 est
2746 2203 2841 2257 his
2862 2203 2962 2274 qui
3014 2203 3337 2276 aﬂiguntur
3367 2206 3529 2275 quod
3580 2209 3777 2262 Domi-

2126 2308 2240 2348 nus
2261 2308 2445 2363 prope
2463 2291 2557 2346 sit.
2583 2294 2730 2347 Ecce
2752 2298 2954 2347 autem
2994 2298 3053 2347 et
3099 2293 3260 2349 aliud
3303 2294 3467 2349 addit
3498 2296 3778 2368 pharma-

2126 2398 2284 2450 cum,
2316 2381 2722 2453 precationem
2754 2398 2888 2437 cum
2920 2382 3243 2454 gratiarum
3288 2384 3520 2440 actione
3555 2402 3568 2440 :
3632 2389 3777 2442 Nam

2127 2470 2249 2525 11330
2278 2470 2515 2542 proprie
2542 2471 2802 2542 precatio
2829 2477 2937 2527 est.
2975 2473 3175 2542 itaque
3207 2489 3313 2545 per
3372 2477 3778 2545 precationem

2128 2577 2263 2616 cum
2294 2561 2617 2632 gratiarum
2640 2560 2872 2633 actione
2906 2562 3224 2633 petitiones
3291 2569 3501 2619 vestrae
3541 2564 3778 2620 innote-

2129 2656 2296 2705 scant
2315 2650 2472 2721 apud
2494 2651 2678 2704 Deum
2704 2667 2717 2703 :
2746 2654 3029 2721 tanquam
3053 2651 3266 2707 innuat
3286 2652 3446 2723 quod
3493 2655 3780 2725 precatio-

2127 2756 2236 2794 nes
2266 2756 2399 2809 quaa
2428 2739 2753 2811 gratiarum
2811 2740 3109 2795 actionem
3168 2757 3290 2796 non
3344 2742 3585 2810 habent,
3628 2743 3780 2799 bene

2128 2829 2509 2884 innotescant
2527 2828 2790 2899 quidem.
2815 2829 2924 2894 Qui
2950 2829 3109 2884 enim
3126 2831 3348 2902 gratias
3386 2848 3510 2887 non
3558 2834 3678 2905 agit
3706 2834 3779 2890 de

2132 2918 2225 2973 his
2245 2934 2378 2988 quaa
2399 2919 2648 2988 accepit,
2678 2918 2977 2989 quomodo
3009 2923 3169 2990 petet
3197 2925 3301 2975 aut
3346 2922 3598 2993 accipiet
3645 2940 3778 2993 qua:

2130 3008 2329 3064 futura
2377 3007 2566 3062 sunt?
2598 3007 2710 3063 Sed
2759 3009 2821 3062 in
2862 3008 3025 3062 omni
3083 3024 3148 3064 re
3208 3010 3550 3080 precatione
3605 3011 3783 3068 obse-

2130 3097 2394 3151 oratione
2424 3096 2701 3159 utamini,
2732 3113 2840 3168 per
2869 3114 3017 3167 quas
3047 3098 3366 3168 petitiones
3406 3105 3616 3155 vestrm
3648 3118 3784 3156 cum

2130 3186 2481 3259 gratiarium
2512 3186 2746 3240 actione
2780 3185 3174 3241 innotescant.
3221 3208 3250 3236 ιι
3312 3188 3380 3242 Et
3437 3205 3551 3260 pax
3599 3190 3721 3244 Dei.
3761 3214 3783 3242 ι

2133 3276 2345 3329 Pacem
2367 3274 2513 3329 dicit
2548 3274 2649 3329 Dei
2691 3290 2831 3346 erga
2871 3290 2980 3329 nos
3028 3275 3599 3333 reconciliationem.
3633 3279 3790 3333 Bene

2132 3369 2330 3420 autem
2355 3362 2503 3418 dixit
2525 3379 2753 3434 pacem.
2777 3364 2922 3418 Nam
2945 3380 3185 3419 eramus
3205 3364 3343 3421 facti
3368 3366 3481 3437 ipsi
3533 3367 3784 3435 inimici,

2137 3452 2240 3508 sed
2264 3469 2371 3524 per
2387 3452 2735 3524 sanguinem
2763 3453 3058 3524 Unigeniti
3082 3455 3488 3510 reconciliavit
3529 3473 3640 3512 nos
3672 3456 3785 3511 sibi

2137 3541 2272 3612 ipsi.
2307 3542 2389 3596 De
2420 3540 2523 3596 illa
2553 3542 2733 3613 igitur
2763 3541 3030 3612 loquitur
3058 3541 3133 3598 de
3164 3559 3282 3614 qua
3339 3545 3423 3600 ait
3468 3545 3736 3601 Christus
3771 3561 3784 3600 :

2137 3636 2414 3689 «Pacem
2466 3650 2663 3689 meam
2714 3633 2791 3689 do
2847 3634 3034 3702 vobis,
3092 3652 3301 3708 pacem
3358 3636 3635 3709 relinquo
3692 3655 3789 3693 vo-

2139 3723 2231 3778 bis
2260 3722 2329 3778 35.
2364 3744 2393 3773 »
2423 3727 2566 3778 Cum
2598 3723 2757 3778 enim
2775 3722 2993 3778 dixerit
3021 3729 3086 3779 ut
3118 3724 3297 3780 etiam
3329 3742 3467 3799 erga
3513 3727 3794 3783 inimicos

2136 3827 2344 3884 pacem
2375 3810 2862 3881 habeant,annon
2883 3812 3113 3868 excedit
3133 3830 3373 3869 omnem
3392 3815 3795 3871 intellectum?

2136 3924 2162 3951 (ι
2197 3902 2337 3966 Quae
2354 3900 2587 3956 excedit
2608 3901 3262 3958 omnemintellectum.
3314 3924 3343 3953 ››
3384 3904 3551 3969 Quod
3598 3905 3645 3958 si
3682 3921 3793 3976 pax

2136 3991 2239 4045 Dei
2272 3989 2505 4045 excedit
2534 4005 2774 4045 omnem
2805 3990 3199 4049 intellectum.
3232 3992 3378 4062 quid
3420 3991 3579 4048 dicet
3634 3994 3793 4064 quis-

369 4079 530 4150 piam
561 4076 634 4133 de
666 4078 760 4133 his
790 4077 891 4148 qui
924 4077 1114 4149 ipsius
1140 4077 1506 4133 subtantiam
1534 4078 1770 4134 curiose
1800 4081 2142 4134 scrutantur
2161 4079 2188 4133 ‘2
2216 4100 2246 4129 «
2279 4078 2584 4133 Custodiet
2610 4077 2791 4133 corda
2816 4084 3046 4134 vestra:
3082 4100 3108 4127 »
3136 4080 3219 4134 Ne
3251 4080 3359 4135 sub
3375 4080 3793 4137 afﬂictiocibus

373 4166 799 4240 demergarnini
828 4171 931 4223 aut
960 4166 1069 4222 sub
1100 4166 1308 4222 fraude
1332 4167 1839 4223 eircumferamini
1871 4172 1930 4222 et
1960 4167 2191 4222 erretis.
2228 4190 2256 4216 ιι
2291 4168 2356 4222 In
2386 4167 2618 4222 Christo
2647 4169 2805 4223 Jesu.
2840 4188 2868 4218 »
2913 4170 3030 4222 Aut
3085 4168 3383 4225 custodiet
3433 4175 3500 4225 ut
3551 4170 3615 4225 in
3663 4170 3792 4241 ipso

370 4257 686 4321 maneatis,
715 4261 774 4311 et
802 4273 923 4312 non
956 4256 1244 4312 excidatis
1273 4256 1346 4313 ab
1376 4256 1506 4328 ipso
1532 4273 1545 4312 :
1573 4262 1676 4313 aut
1706 4274 1816 4329 per
1847 4256 2042 4328 ipsum
2077 4256 2393 4315 custodiet.

440 4344 514 4400 T6
626 4341 841 4411 λοιπὸν,
917 4341 1172 4418 ἀδελφοὶ,
1246 4344 1349 4399 ’ὀσα
1420 4342 1563 4400 ἐστὶν
1637 4343 1846 4414 ἀληθῆ,
1924 4345 2026 4399 ὅσα

373 4431 564 4503 σεμνὰ,
640 4430 742 4487 ὅσα
816 4429 1021 4501 δίκαια,
1097 4432 1198 4487 ὅσα
1270 4432 1425 4507 ἁγνὰ,
1531 4432 1630 4487 ὅσα
1714 4431 2022 4508 προσφιλῆ,

373 4520 474 4577 ὅσα
547 4517 788 4599 εὔφημα.
866 4519 937 4579 Εἴ
1003 4542 1087 4583 τις
1162 4520 1353 4596 ἀρετὴ,
1426 4523 1519 4577 καὶ
1558 4520 1606 4578 εἳ
1654 4543 1741 4584 τις
1780 4519 2023 4592 ἔπαινος,

373 4615 543 4667 ταῦτα
580 4610 879 4687 λογίζεσθε.
941 4612 1012 4670 ’Δ
1067 4611 1157 4666 καὶ
1216 4610 1461 4685 ἐμάθετε,
1521 4611 1614 4666 κιὶ
1672 4604 2030 4685 παρελάϐετε,

375 4699 467 4755 καὶ
542 4698 834 4771 ἠκούσατε,
911 4699 1003 4755 καὶ
1075 4697 1221 4756 ἴδετε
1294 4699 1347 4756 έν
1423 4700 1571 4774 ἐμοὶ,
1645 4702 1814 4755 ταῦτα
1860 4699 2034 4772 πράσ-

380 4808 520 4859 σετε,
550 4789 642 4844 καὶ
673 4791 702 4844 6
732 4788 862 4851 Θεὸς
895 4795 995 4859 τῆς
1028 4788 1250 4863 εἰρήνης
1282 4785 1430 4846 ἔσται
1465 4789 1583 4863 μεθ’
1609 4788 1786 4862 ὑμῶν.

453 4968 638 5024 Πάντα
675 4969 804 5042 ὑμῖν
837 4967 1073 5045 εἷ’ρηται,
1102 4972 1266 5025 τοῦτο
1320 4968 1564 5026 λείπεται
1617 4972 1731 5025 νῦν.
1789 4970 2040 5043 Ἐπειγό-

388 5057 550 5132 μένου
580 5054 640 5114 δὲ
684 5058 754 5114 τὰ
810 5057 1052 5134 ῥήματα.
1108 5058 1326 5129 Ἀληοῆ
1388 5056 1449 5115 δέ
1491 5079 1624 5138 ιιυησι
1680 5059 1749 5115 τὰ
1803 5057 2041 5133 ένάρετα,

385 5145 604 5211 Ψεῦδος
629 5148 731 5222 γὰρ
763 5150 798 5218 ἡ
826 5149 1007 5207 κακία,
1042 5148 1228 5223 Σεμνᾶ
1271 5145 1352 5219 δὲ,
1401 5148 1468 5204 τὰ
1508 5147 1608 5204 ὅσα
1655 5148 1708 5203 έν
1770 5150 2044 5224 σχήμασι,

385 5239 476 5294 καὶ
504 5235 718 5313 λόγοις,
758 5238 850 5293 καὶ
903 5235 1227 5314 βαδίσμασι,
1286 5238 1377 5293 καὶ
1435 5238 1710 5313 πράξεσιν.
1761 5239 1927 5312 Ἀγνᾶ
1966 5234 2044 5305 δὲ,

388 5328 465 5389 ὡς
502 5328 639 5401 πρὸς
693 5324 1114 5397 ἀντιδιαστολήν
1174 5331 1270 5384 τοῦ
1324 5329 1392 5384 τὰ
1445 5330 1608 5404 γήϊνα
1682 5326 2045 5404 φρονούντων.

391 5422 678 5494 προσφιλῆ
710 5412 790 5483 δὲ,
825 5415 860 5485 ἧ
891 5421 972 5489 τῷ
1019 5421 1158 5490 Θεῷ,
1216 5417 1252 5488 ἢ
1311 5422 1433 5480 τοῖς
1492 5422 1725 5482 πιστοῖς.
1785 5441 1813 5469 ιι
1848 5414 1913 5474 Εἲ
1966 5435 2049 5478 τις

390 5506 583 5579 ἀρετὴ,
610 5503 703 5560 καὶ
731 5503 882 5566 εἶ’τις
902 5500 1144 5568 ἔπαινος.
1177 5530 1206 5560 »ι
1262 5504 1531 5563 Βοόλεται
1589 5506 1764 5568 οὕτως
1805 5508 1904 5577 ζῇν
1952 5504 2051 5560 αὗ-

389 5593 539 5666 τοὺς,
616 5595 693 5657 ὡς
766 5595 860 5649 καὶ
932 5593 1245 5670 ἀνθρώποις
1321 5595 1589 5671 ἀρέσκειν.
1655 5594 2050 5669 (Ἀπρόσκοποι

465 5789 513 5825 ³⁸
539 5791 709 5848 Joan.
745 5808 857 5859 xw,
889 5794 977 5846 27.

2204 4347 2296 4410 ιν,
2325 4347 2380 4412 8,
2410 4348 2462 4400 9.
2501 4368 2523 4393 ι
2559 4345 2726 4411 Quod
2757 4345 3059 4417 reliquum
3090 4353 3201 4411 est,
3227 4348 3466 4412 fratres,
3508 4365 3793 4421 quaecun-

2137 4456 2166 4485 ι(
2198 4450 2313 4507 que
2343 4440 2484 4490 sunt
2508 4451 2666 4504 vera,
2698 4451 3074 4508 quaecunque
3107 4437 3379 4504 honesta,
3422 4454 3797 4509 quaecunque

2138 4548 2165 4575 «
2192 4524 2378 4596 justa,
2412 4540 2783 4595 quiscunque
2823 4542 2997 4596 pura.
3058 4543 3433 4599 quascunque
3490 4528 3798 4596 amabilia,

2143 4639 2171 4663 ι.
2207 4629 2579 4684 quaecunque
2612 4613 2754 4668 boni
2787 4615 2984 4669 omnis
3014 4631 3027 4669 :
3063 4615 3113 4670 si
3144 4632 3263 4686 qua
3292 4617 3478 4671 virtus
3510 4623 3568 4671 et
3599 4617 3647 4671 si
3679 4634 3799 4689 qua

2145 4724 2173 4751 ιι
2208 4700 2360 4770 laus,
2393 4701 2521 4757 hmo
2550 4701 2802 4772 cogitate
2829 4718 2843 4755 :
2877 4718 3009 4772 quas
3042 4709 3101 4757 et
3129 4703 3422 4759 didicistis
3453 4710 3512 4760 et
3542 4706 3801 4777 accepis-

2148 4810 2176 4838 ‹‹
2205 4789 2280 4844 tis
2311 4794 2371 4844 et
2394 4789 2648 4845 audistis
2679 4796 2737 4843 et
2766 4790 2996 4845 vidistis
3044 4791 3106 4846 in
3160 4808 3276 4861 me,
3336 4793 3464 4849 htec
3511 4793 3710 4863 facite,
3744 4799 3804 4849 et
3858 4782 3872 4799 λ

2148 4900 2177 4928 ‹‹
2213 4878 2366 4933 Deus
2397 4879 2558 4950 pacis
2593 4882 2705 4934 erit
2729 4878 3054 4935 vobiscum.
3086 4902 3116 4930 »

2221 4967 2433 5024 Omnia
2460 4968 2625 5023 vobis
2655 4967 2814 5024 dicta
2841 4975 3017 5025 sunt:
3053 4970 3115 5026 id
3144 4987 3304 5028 nunc
3360 4977 3548 5029 restat
3602 4977 3670 5029 ut
3730 4974 3808 5029 sit

2153 5056 2254 5128 qui
2286 5056 2465 5112 verba
2476 5057 2998 5114 sollicitet.Veram
3021 5065 3221 5115 autem
3244 5060 3391 5117 dicit
3415 5061 3686 5119 studiosa
3702 5080 3808 5119 seu

2154 5163 2285 5217 qum
2315 5144 2551 5200 virtutis
2583 5151 2758 5202 sunt:
2793 5148 3170 5204 mendacium
3221 5151 3382 5205 enim
3440 5151 3646 5207 vitium
3696 5158 3806 5208 est.

2157 5236 2417 5291 Honesta
2446 5250 2603 5299 vero,
2632 5234 2753 5289 sive
2775 5236 2835 5291 in
2861 5236 3086 5302 habitu,
3137 5240 3257 5295 sive
3306 5241 3367 5295 in
3407 5242 3808 5307 sermonibus,

2157 5325 2277 5380 sive
2301 5324 2636 5393 inincessu,
2661 5325 2780 5379 sive
2803 5327 3155 5384 actionibus.
3203 5330 3359 5385 Pura
3404 5336 3625 5398 autem,
3674 5337 3809 5386 tan-

2157 5432 2339 5487 quam
2370 5414 2445 5470 ad
2475 5414 2878 5470 ditTerentiam
2910 5433 3113 5474 eorum
3144 5420 3244 5492 qui
3297 5426 3528 5475 terrena
3577 5427 3810 5477 curant.

2159 5506 2305 5560 107
2345 5503 2643 5559 Amabilia
2667 5520 2827 5573 vero,
2862 5512 2963 5562 aut
2997 5508 3113 5562 Deo
3170 5515 3274 5565 aut
3330 5509 3628 5566 fidelibus.
3672 5532 3701 5559 ››
3756 5510 3811 5565 Si

2160 5610 2280 5667 qua
2308 5593 2495 5650 virtus
2528 5596 2588 5648 et
2619 5608 2738 5665 qua
2766 5593 2917 5651 laus.
2969 5619 2998 5645 »
3057 5598 3191 5654 Vult
3244 5599 3409 5671 ipsos
3459 5598 3545 5654 ita
3599 5598 3811 5669 vivere,
