4108 6408
307 457 461 517 1321

1369 456 1780 520 COMMENT.
1827 456 1905 517 IN
1953 453 2206 517 EPIST.
2253 454 2354 515 AD
2401 453 2686 516 PHILIP.

3580 458 3734 519 1322

303 586 831 666 γματισχολάζωνς
868 612 889 640 ι
922 586 1050 664 Οὐχ
1077 587 1161 644 ὅτι
1207 588 1324 644 καθ’
1382 587 1665 664 ὑστέρησιν
1722 583 1890 664 λέγω.
1930 609 1952 641 ι

2073 601 2188 660 quo
2219 586 2570 661 gloriantur,
2601 588 2821 660 inquit,
2852 588 3235 647 inveniantur
3287 587 3441 647 sicut
3470 595 3530 646 et
3573 606 3680 664 ego
3712 608 3731 646 ι

299 673 523 747 Ἐπειδὴ
609 679 790 752 ἡρέμα
868 677 1194 752 ἐπετίμησεν
1273 677 1461 740 αὐτοῖς
1545 677 1778 755 γράψας,
1846 671 1958 748 ἢδη

302 766 437 822 ποτὲ
468 808 484 834 ,
517 765 703 845 φησίν.
733 768 908 842 "Am?
950 766 1128 837 εἶπον,
1161 766 1224 823 οὐ
1259 762 1349 822 διὰ
1376 771 1541 823 τοῦτο
1597 770 1750 823 εἷπον
1805 766 1879 829 ὡς
1910 763 1965 820 ἐν

300 850 472 928 ἐνδείᾳ
515 852 614 925 ὢν,
683 852 833 912 ἀλλὰ
887 856 1024 931 πρὸς
1075 855 1140 911 τὸ
1203 855 1358 930 ὑμῶν
1410 857 1710 935 συμφέρον,
1770 854 1958 934 φησὶν,

296 943 474 1012 εἷπον,
526 942 614 997 ’ἶνα
676 945 755 1018 μὴ
810 941 1045 1019 ἄκαρποι
1103 945 1225 1017 ἦτε,
1283 945 1419 1021 ἅπερ
1474 944 1625 1000 κάτω
1683 943 1857 1020 λέγει.
1889 974 1961 987 -ο

304 1031 522 1108 [ΦΩΤ.]
547 1032 715 1089 Εἶπον
773 1032 858 1089 ὅτι
915 1032 1124 1109 ἐχάρην
1179 1032 1233 1090 ἓν
1294 1032 1500 1111 Κυρίῳ,
1561 1033 1837 1110 μεγάλως,
1871 1031 1958 1088 ὅτι

303 1118 592 1187 ἀνεθάλετε
618 1121 682 1179 τὸ
740 1120 873 1198 ὑπὲρ
924 1119 1066 1196 ἐμοῦ
1122 1124 1359 1201 φρονεῖν.
1415 1121 1599 1183 Ἀλλὰ
1660 1123 1736 1195 μή
1795 1121 1958 1195 νομί-

303 1230 457 1282 σητε,
488 1212 676 1290 φησὶν,
706 1210 877 1267 εἷ’πεῖν
932 1232 998 1285 με
1049 1215 1237 1280 τοῦτο,
1272 1208 1360 1266 διὰ
1407 1214 1508 1282 τὴν
1568 1208 1851 1290 ὑστέρήσιν
1891 1212 1958 1281 ἢν

305 1300 484 1377 εἶχον.
521 1301 665 1377 Ἐγὼ
696 1301 824 1377 γὰρ,
855 1303 1047 1382 φησὶν.
1096 1296 1322 1376 ἔμαθον,
1382 1302 1470 1357 καὶ
1503 1303 1649 1374 ἑξῆς.
1686 1307 1957 1377 Γεγυμνα-

306 1390 732 1467 σμένος,φησὶν,
781 1391 898 1466 είμί
930 1390 982 1446 ἐν
1036 1394 1189 1462 πᾶσι,
1246 1392 1334 1447 καὶ
1383 1388 1509 1448 οὐδε
1568 1391 1957 1465 ὑστερούμενος

306 1476 671 1560 δυσχεραίνω.
705 1480 949 1557 Ἐχάρην
1001 1478 1060 1537 δὲ
1083 1480 1238 1555 ὅμως
1297 1481 1382 1561 ἐφ’
1441 1480 1595 1556 ὑμῖν,
1636 1482 1721 1537 ὅτι
1772 1479 1956 1543 καλῶς

302 1564 617 1639 ἐποιήσατε.
678 1574 980 1632 Κοινωνους
1037 1568 1141 1647 γὰρ
1204 1568 1428 1633 ἑαυτοὺς
1481 1575 1585 1639 τῆς
1633 1567 1772 1643 ἐμῆς
1832 1567 1956 1633 θλί-

303 1659 451 1729 ψεως
505 1674 825 1726 ποιησαντες
861 1699 877 1725 ,
935 1658 1023 1712 καὶ
1079 1662 1188 1713 τῶν
1244 1653 1513 1735 βραϐείων
1572 1659 1956 1729 κοινωνήσετε.

291 1746 403 1803 Διὰ
456 1750 622 1803 τοῦτο
703 1745 910 1826 ἐχάρην
997 1745 1271 1821 μεγάλως.
1360 1744 1582 1816 Ἐπειδὴ
1643 1747 1811 1816 εἶπεν,
1872 1746 1955 1801 ὅτι

300 1833 542 1911 Ἐχάρην
634 1833 944 1911 μεγάλωςι,
1001 1831 1143 1893 διότι
1210 1835 1370 1911 ὑμεῖς
1412 1832 1600 1899 καλῶς
1663 1835 1959 1907 ἐποιήσατε

2072 677 2360 748 quoniam
2411 676 2745 750 accipiebat
2796 692 2919 734 non
2980 683 3216 734 tantum
3272 684 3518 752 propter
3562 695 3733 736 suam

2071 766 2498 823 necessitatem
2521 772 2813 839 quantum
2840 773 3084 841 propter
3142 783 3351 825 eorum
3409 769 3733 825 utilitatem

2074 855 2173 927 qui
2230 855 2597 927 praebebant.
2632 855 2796 913 Unde
2827 856 2987 913 enim
3016 857 3080 912 in
3119 855 3435 931 peregrina
3462 862 3623 913 terra
3648 856 3729 913 ali

2073 943 2386 1015 potuisset,
2416 960 2554 1001 cum
2583 960 2780 1018 neque
2830 943 3057 1018 aliquid
3102 943 3502 1018 importasset,
3535 958 3731 1017 neque

2073 1032 2339 1089 manuali
2366 1033 2560 1105 operi,
2600 1032 2705 1090 sed
2760 1032 3175 1107 prmdicationi
3223 1031 3514 1091 vacaret?
3546 1056 3567 1085 ε
3601 1033 3733 1091 Non

2073 1120 2233 1195 quod
2255 1123 2430 1195 juxta
2458 1123 2771 1196 penuriam
2784 1121 3016 1197 loquar.
3043 1145 3071 1174 »
3089 1121 3382 1191 Quoniam
3413 1121 3731 1181 scribendo

2072 1210 2226 1267 clam
2258 1226 2360 1268 eos
2390 1211 2738 1287 objurgavit,
2770 1228 2893 1270 non
2953 1211 3196 1272 tandem
3245 1214 3369 1270 ait:
3403 1211 3543 1280 Quae
3575 1210 3731 1280 dixi,

2073 1316 2195 1359 non
2219 1308 2463 1374 propter
2483 1318 2554 1359 ea
2582 1301 2704 1359 dixi
2735 1302 2894 1377 quod
2942 1303 3006 1360 in
3038 1304 3291 1376 penuria
3323 1303 3458 1371 sim,
3489 1302 3594 1359 sed
3649 1301 3728 1360 ad

2070 1397 2349 1461 vestram,
2377 1392 2595 1464 inquit,
2629 1392 2951 1451 utilitatem
2995 1391 3229 1450 locutus
3285 1409 3440 1459 sum,
3471 1407 3547 1450 ne
3596 1391 3728 1447 sine

2069 1481 2267 1538 fructu
2299 1482 2453 1548 sitis,
2482 1481 2665 1538 veluti
2695 1481 2946 1539 inferius
2988 1480 3156 1538 dixit.
3202 1482 3331 1538 Dixi
3385 1481 3545 1555 quod
3574 1481 3740 1555 gavi-

2074 1584 2176 1627 sus
2207 1569 2417 1644 simlin
2436 1570 2697 1645 Domino
2724 1586 3083 1645 magnopere
3130 1570 3289 1644 quod
3336 1569 3730 1628 reflorueritis

2070 1665 2138 1716 ut
2164 1676 2271 1733 pro
2303 1676 2399 1717 me
2425 1659 2664 1717 solliciti
2694 1661 2943 1718 essetis:
2978 1661 3083 1717 sed
3112 1677 3187 1717 ne
3212 1676 3331 1731 me,
3354 1660 3573 1732 inquit,
3600 1658 3729 1717 haec

2077 1748 2276 1806 dicere
2303 1749 2657 1806 existimetis
2687 1750 2847 1824 quod
2874 1750 2939 1806 in
2968 1749 3223 1824 penuria
3273 1750 3490 1807 fuerim
3514 1766 3533 1805 :
3580 1750 3733 1805 Nam

2074 1852 2199 1911 ego,
2229 1837 2334 1905 ait,
2367 1837 2571 1908 didici,
2603 1843 2717 1895 etc.
2747 1836 3118 1897 Exercitatus
3148 1855 3281 1896 sum
3313 1838 3377 1895 in
3405 1836 3683 1896 omnibus
3710 1857 3725 1895 :

295 1924 655 2000 συγκοινωνοὶ
696 1924 979 2000 γεγονότες
1039 1945 1145 2000 μου
1205 1927 1308 1995 τῆς
1362 1925 1626 2001 ολίψεως,
1687 1926 1954 1998 ἐπαναμιο

2072 1932 2130 1984 et
2158 1944 2233 1984 ne
2265 1932 2525 1998 egestate
2537 1926 2779 2000 quidem
2799 1944 3043 2001 pressus
3062 1927 3307 2004 indigne
3331 1926 3461 1985 fero
3485 1940 3730 1987 :verum

308 2015 534 2089 μνήσκει
586 2012 809 2083 αὐτοὺς,
863 2011 947 2071 ὅτι
1000 2015 1094 2072 ἀπ’
1129 2012 1315 2094 ἀρχῆς
1368 2012 1571 2085 ταύτην
1624 2014 1813 2077 αὐτοῖς
1859 2015 1959 2083 τήν

302 2101 467 2182 χάριν
495 2101 586 2157 καὶ
617 2102 721 2173 τὴν
779 2100 1084 2177 εὐεργεσίαν
1152 2102 1491 2172 κατετίθετο,
1546 2101 1611 2157 τὸ
1671 2099 1725 2172 ἐξ
1778 2100 1953 2159 αὐτῶν

301 2183 606 2264 λαμϐάνειν
632 2189 700 2245 τὰ
754 2190 893 2265 πρὸς
951 2191 1051 2260 τήν
1100 2188 1313 2265 χρείαν,
1372 2192 1459 2246 καὶ
1529 2188 1828 2253 κοινωνοὺς
1860 2190 1958 2244 αὐ-

302 2279 430 2341 τοὺς
463 2273 552 2336 διὰ
571 2277 772 2335 τούτου
803 2279 1228 2354 παρασκευάζειν
1277 2279 1369 2334 καὶ
1416 2279 1526 2334 τῶν
1572 2274 1662 2334 διὰ
1718 2279 1954 2353 Χριστὸν

300 2367 567 2442 θλίψεων,
607 2369 698 2424 καὶ
747 2373 855 2424 τῶν
918 2366 1006 2424 επὶ
1064 2369 1279 2431 τούτοις
1336 2369 1600 2442 κειμένων
1663 2363 1955 2444 βραϐείων.

299 2459 395 2524 Μὴ
425 2460 528 2535 γαρ
570 2460 856 2532 νομίσητε,
917 2459 1106 2534 φησὶν,
1138 2458 1222 2514 ὅτι
1251 2462 1339 2515 νῦν
1383 2455 1473 2513 διὰ
1526 2459 1619 2533 τὸ,
1646 2459 1854 2535 μακράν
1889 2480 1958 2534 με

295 2549 563 2622 γενέσθαι,
593 2549 684 2602 καὶ
717 2547 771 2603 ἐν
801 2549 960 2621 τόπῳ
1016 2545 1069 2603 ἐν
1135 2548 1182 2621 ᾧ
1238 2548 1302 2603 τὸ
1350 2550 1606 2624 κήρυγμα
1660 2544 1843 2623 ὥσπερ
1902 2549 1954 2603 ἐν

298 2638 426 2710 ὑμῖν
460 2637 559 2694 οὐκ
592 2636 903 2708 ἐπλατῦνθη
963 2633 1090 2693 οὐδὲ
1146 2637 1279 2693 εἶσιν
1345 2639 1397 2693 οἱ
1455 2637 1756 2713 προθύμως
1813 2637 1956 2694 οὕτω

300 2726 372 2782 τὰ
399 2727 537 2803 πρὸς
572 2727 765 2803 χρείαν
801 2725 1292 2803 ἔπιχορηγοῦντες,
1321 2723 1411 2782 διὰ
1438 2730 1605 2784 τοῦτο
1649 2729 1749 2797 τὴν
1805 2728 1954 2802 ὑμῶν

222 2824 241 2836 '
301 2817 579 2893 χορηγίαν
635 2813 981 2889 ἀπεδεξάμην
1050 2816 1141 2871 καὶ
1197 2817 1408 2887 ἠξίωσα
1462 2816 1602 2891 ὑμᾶς
1659 2817 1955 2880 κοινωνοὺς

300 2905 521 2976 καὶτῆς
549 2904 789 2979 θλίψεώς
852 2926 955 2978 μου
1014 2906 1105 2960 καὶ
1152 2912 1256 2976 τῆς
1324 2902 1754 2980 μισθαποδοσίας
1809 2908 1956 2983 γενέ·

306 3004 454 3058 σθαι,

2069 2016 2251 2073 etiam
2282 2016 2461 2072 vestri
2488 2032 2673 2073 causa
2700 2017 2937 2091 gavisus
2968 2032 3099 2073 sum
3134 2015 3293 2089 quod
3345 2022 3507 2075 recte
3561 2016 3726 2074 fece-

2067 2105 2198 2163 ritis
2228 2122 2244 2163 :
2278 2114 2414 2162 cum
2436 2104 2599 2165 enim
2626 2105 2948 2180 participes
2978 2121 3127 2164 mea
3151 2105 3498 2165 afilictionis
3526 2107 3726 2180 vosip-

2067 2210 2166 2252 sos
2193 2194 2479 2263 feceritis,
2520 2195 2699 2251 etiam
2728 2195 3115 2267 premiorum
3158 2194 3483 2269 participes
3509 2195 3722 2255 eritis:

2066 2289 2127 2342 et
2153 2289 2469 2357 propterea
2513 2299 2875 2358 magnOpere
2922 2285 3155 2359 gavisus
3187 2301 3339 2344 sum.
3397 2285 3724 2359 Postquam

2065 2373 2250 2431 dixit:
2308 2374 2554 2430 Gavisus
2602 2390 2733 2430 sum
2783 2387 3145 2449 magnopere
3193 2374 3355 2447 quod
3402 2391 3504 2431 vos
3562 2373 3723 2433 recte

2065 2463 2493 2533 feceritis,facti
2525 2464 2848 2537 participes
2877 2481 3026 2521 meas
3076 2463 3442 2535 afﬂictionis,
3466 2465 3728 2541 suggerit

2067 2552 2226 2624 quod
2257 2551 2331 2608 ab
2364 2553 2606 2609 exordio
2638 2552 2797 2631 hanc
2826 2554 3077 2628 gratiam
3111 2560 3170 2610 et
3196 2554 3310 2611 hoc
3338 2553 3726 2625 ,beneﬂcium

2066 2640 2141 2697 ad
2173 2641 2335 2713 ipsos
2364 2641 2658 2711 retulerit,
2692 2647 2759 2699 ut
2787 2642 2860 2700 ab
2892 2643 2981 2701 eis
3014 2644 3356 2701 necessaria
3407 2645 3722 2717 acciperet,

2067 2736 2126 2788 et
2156 2746 2262 2804 per
2279 2731 2392 2787 hoc
2417 2747 2520 2789 eos
2542 2748 2782 2804 quoque
2810 2730 3089 2791 redderet
3106 2734 3428 2807 participes
3450 2732 3727 2793 afﬂictio-

2066 2836 2213 2876 num
2242 2826 2487 2893 propter
2514 2821 2815 2880 Christum
2839 2821 3226 2890 indictarum,
3254 2828 3314 2880 et
3342 2823 3724 2895 praemiorum

2065 2925 2197 2981 qum
2227 2909 2323 2966 his
2351 2917 2746 2982 reponuntur.
2786 2911 2869 2967 Ne
2900 2911 3279 2983 existimetis,
3308 2912 3526 2985 inquit,
3560 2911 3721 2986 quod

2065 3014 2187 3054 non
2217 3015 2286 3054 eo
2317 2998 2478 3070 quod
2509 2999 2685 3073 longe
2707 3000 2898 3057 absim
2930 3005 2989 3056 et
3017 3000 3079 3057 in
3098 3001 3228 3057 loco
3246 2999 3347 3057 ubi
3372 3000 3717 3074 pradicatio

306 3101 429 3143 non
459 3085 606 3143 adeo
636 3085 822 3144 dilata
853 3092 944 3142 est
990 3087 1145 3143 sicut
1190 3086 1346 3143 inter
1397 3104 1519 3157 vos,
1567 3104 1678 3143 nec
1727 3093 1865 3143 sunt
1907 3088 2008 3159 qui
2058 3095 2332 3161 prompto
2384 3089 2585 3145 animo
2616 3091 2957 3146 necessaria
2986 3090 3348 3162 ministrent,
3382 3091 3535 3150 109
3583 3107 3725 3164 pro-

298 3182 502 3247 pterea
531 3181 832 3247 sumptum
861 3174 1075 3231 avobis
1097 3177 1450 3247 acceperim,
1483 3182 1542 3230 et
1571 3175 1861 3238 voluerim
1888 3193 1987 3232 vos
2016 3177 2210 3237 facere
2245 3178 2579 3255 participes.
2597 3194 2743 3234 mea
2792 3178 3137 3239 afﬂictionis
3185 3195 3253 3237 a3
3289 3180 3728 3237 remuneratio-

298 3266 418 3322 nis.

375 3354 480 3409 Καὶ
531 3353 631 3428 γὰρ
691 3351 781 3407 καὶ
840 3352 1001 3429 ἐγγυς
1054 3349 1133 3411 ἔτι
1184 3351 1282 3424 ὤν,
1352 3355 1442 3408 καὶ
1499 3351 1745 3417 πολλοὺς
1810 3348 1957 3429 ἔχων

2071 3357 2305 3414 Etenim
2325 3374 2467 3418 cum
2481 3358 2673 3416 adhuc
2687 3374 2872 3431 prope
2884 3374 3104 3429 essem,
3126 3358 3471 3432 multosque
3485 3356 3733 3436 habuiso

300 3438 460 3517 εἴπερ
514 3439 718 3513 ἤθελον
777 3441 905 3505 τοὺς
963 3445 1367 3519 χορηγοῦντας,
1446 3443 1588 3516 ὑμᾶς
1641 3444 1961 3519 προεκρινα.

303 3532 399 3585 Καὶ
436 3528 795 3607 ἐξερχόμενος
849 3532 952 3607 γὰρ
1009 3531 1114 3589 απὸ
1176 3529 1543 3604 Μακεδονίας,
1601 3532 1692 3587 καὶ
1748 3531 1800 3586 ἒν
1830 3538 1960 3587 Θεσ-

297 3613 591 3694 σαλονίκῃ,
646 3620 786 3694 ὑμᾶς
839 3622 1028 3692 ἠξίουν
1080 3621 1365 3701 χορηγοὺς
1422 3623 1556 3677 εἶναι
1588 3627 1714 3695 ⁵τῆς
1774 3620 1963 3697 χρείας

305 3728 432 3782 μου.
469 3710 564 3778 Μή
594 3710 863 3782 νομίσητε
908 3706 965 3764 δὲ
998 3714 1163 3765 ταῦτα
1218 3707 1398 3786 λέγειν
1463 3730 1529 3784 με
1582 3710 1671 3765 καὶ
1728 3709 1966 3785 ἐπαίρειν

301 3798 405 3867 τὴν
437 3800 629 3875 πρᾶξιν
666 3799 819 3871 ὑμῶν
851 3798 1077 3868 ταύτην,
1128 3798 1214 3854 ἳνα
1271 3797 1350 3854 ἔτι
1394 3800 1485 3854 καὶ
1542 3798 1621 3855 ἔτι
1655 3799 1961 3878 χορηγῆτε,

302 3886 393 3942 καὶ
424 3893 547 3950 ταῖς
608 3888 823 3963 χρείαις
881 3909 987 3962 μου
1040 3887 1333 3963 ἐπαργῆτε.
1402 3892 1669 3946 Τοσοῦτον
1720 3890 1822 3965 γὰρ
1857 3885 1964 3944 Sim

305 3973 394 4034 διὰ
423 3980 589 4041 τοῦτο
617 3976 786 4033 εἰπεῖν
819 3976 975 4046 αὐτὰ,
1008 3976 1092 4032 ὅτι
1126 3974 1243 4032 ἰδοὺ
1287 3977 1456 4053 λέγω.
1486 3978 1716 4055 Άπέχω
1765 3977 1962 4049 πάντα,

306 4066 423 4122 ἀντὶ
480 4068 579 4122 τοῦ
637 4064 1036 4143 Ἀπήλλαγμαι
1105 4068 1242 4144 πρὸς
1324 4068 1500 4123 πάντα
1553 4067 1622 4122 τὰ
1676 4067 1813 4142 πρὸς
1864 4069 1964 4137 τήν

307 4158 498 4232 χρείαν
558 4153 924 4231 ἀπήλλαγμαι
985 4153 1087 4228 δὲ,
1149 4156 1263 4212 οἷον
1315 4156 1412 4212 οὐκ
1463 4153 1543 4212 ἔτι
1600 4158 1788 4233 χρείαν
1845 4153 1964 4236 ἔχω

304 4244 531 4303 τούτων.
580 4247 714 4302 Εἶτα
761 4243 851 4301 ’ἱνα
911 4249 988 4320 μὴ
1050 4245 1273 4322 λυπήσῃ
1334 4247 1411 4310 ὡς
1470 4247 1733 4317 ἀπαξιῶν,
1792 4245 1962 4324 Οὐχὶ,

302 4339 489 4416 φησὶν,
547 4336 676 4394 ἀλλ’
729 4339 813 4394 ὅτι
870 4339 1195 4413 περισσεύω,
1246 4340 1335 4397 καὶ
1394 4338 1535 4408 ἑξῆς.
1598 4362 1626 4391 (ι
1660 4340 1805 4415 Ἐγὼ
1859 4340 1962 4414 γὰρ

300 4424 503 4498 ἔμαθον
549 4426 602 4481 ἐν
653 4428 735 4490 οἷς
773 4427 908 4500 εἶμι.
944 4451 973 4479 ι»
1029 4425 1276 4503 Διδαχῆς
1340 4424 1443 4501 ἄρα
1493 4428 1556 4482 τὸ
1612 4431 1843 4500 πρᾶγμα
1872 4426 1962 4480 καὶ

298 4514 626 4587 ἀσκήσεως.
683 4519 749 4575 Τί
811 4514 867 4571 δὲ
926 4511 1145 4590 ἔμαθες,
1201 4517 1246 4571 ὢ
1303 4516 1417 4571 θεία
1474 4517 1678 4593 ψυχῆς
1730 4516 1818 4572 'Ev
1878 4515 1962 4578 οἶς

300 4603 444 4677 εἰμι.
497 4606 786 4676 Ton-casti,
818 4609 940 4668 τοῖς
990 4609 1253 4683 παροῦσιν
1296 4605 1610 4682 ἀρχεῖσθαι,
1670 4604 1828 4684 φησὶ,
1869 4606 1960 4664 καὶ

302 4691 580 4772 αΰτέίρκης
639 4695 791 4755 εἶναι,
852 4721 880 4749 ‹‹
929 4693 1069 4754 Οἶδα
1125 4695 1216 4751 καὶ
1271 4694 1680 4753 ταπεινοῦσθαι.
1715 4719 1738 4750 ι
1802 4695 1961 4756 Ἴσως

300 4780 414 4856 ἐρεῖ
440 4801 543 4851 τις,
574 4784 637 4839 τὸ
670 4784 765 4858 μὲν
793 4781 990 4841 εἶδὲναι
1036 4784 1202 4859 λιμὸν
1257 4786 1455 4864 φερειν,
1513 4783 1733 4860 ἀρετῆς,
1795 4784 1858 4841 τὸ
1907 4781 1965 4841 ὃὶ

307 4871 670 4949 χορτάζεσθαι
705 4916 720 4941 ,
777 4874 939 4936 ποίας
998 4873 1240 4950 ἀρετῆς;
1323 4872 1422 4928 Καὶ
1478 4868 1687 4951 σφόδρα
1741 4872 1959 4950 ἀρετῆς.

300 4963 508 5030 Ὥσπερ
539 4961 644 5037 γὰρ
676 4964 711 5032 ἡ
745 4963 1111 5039 στενοχωρία,
1169 4962 1343 5024 οὕτως
1398 4962 1489 5017 καὶ
1542 4964 1578 5032 ἡ
1638 4956 1793 5017 ἄδεια
1846 4959 1964 5018 οἶδε

298 5051 501 5107 τίκτειν
533 5051 722 5109 πολλᾶ
775 5054 935 5109 κακά.
996 5051 1208 5115 Πολλοὶ
1249 5052 1356 5131 γὰρ
1415 5052 1470 5109 ἐν
1526 5051 1763 5130 ἀφθονίᾳ
1808 5052 1960 5129 γενό-

305 5158 481 5212 μενοι,
568 5140 937 5217 ῥᾳθυμότεροι
1019 5139 1326 5216 γεγένηται,
1408 5142 1501 5197 καὶ
1571 5140 1673 5197 οὐκ
1727 5141 1958 5218 ἴσχυσαν

299 5228 515 5309 ἂνὲγκαι
540 5230 758 5287 κοιλίαν
803 5232 1246 5309 κεχορτασμένη.
1308 5230 1414 5290 Καὶ
1455 5231 1558 5307 γὰρ
1623 5232 1653 5287 ὁ
1707 5231 1959 5308 Ἰσραὴλ,

301 5318 402 5377 οὐκ
446 5318 648 5399 ἤνεγκε
697 5323 790 5378 τὸν
845 5323 1034 5398 κόρον,
1071 5320 1200 5381 ἀλλ’
1231 5320 1613 5379 ἀπελάκτισεν.
1657 5320 1819 5378 Ἀλλ’
1849 5321 1959 5401 οὐχ

299 5409 331 5462 ὁ
365 5408 601 5474 Παῦλος.
637 5435 667 5464 (ι
697 5412 1111 5471 Ταπεινοῦσθαι,
1148 5437 1177 5469 ››
1228 5410 1353 5469 Οίον
1414 5410 1733 5485 λιμώττειν.
1794 5436 1821 5463 ‹‹
1854 5413 1956 5467 Πε-

302 5498 585 5574 ρισσεόειν.
640 5524 670 5553 ››
736 5500 894 5567 Οἶον,
956 5501 1330 5577 κορὲννυσθαι.
1382 5506 1469 5559 ’Ev
1535 5500 1697 5557 παντὶ
1757 5498 1847 5556 καὶ
1903 5498 1956 5554 ἐν

300 5593 431 5644 πᾶσι
487 5591 802 5667 μεμύημαι.
853 5593 941 5652 Ἐν
994 5592 1156 5649 παντῖ
1214 5592 1516 5671 πράγματι,
1575 5590 1732 5667 φησὶ,
1781 5590 1871 5656 καὶ
1903 5588 1961 5653 ἐν¹

365 5765 420 5802 ³⁸
448 5767 620 5824 Deut.
650 5784 830 5843 xxxii,
865 5772 893 5826 1
927 5784 1097 5843 seqq.

582 5887 849 5950 Pnaot.
896 5889 1011 5953 Gn.
1054 5886 1321 5961 CXVIII.

2077 3460 2204 3501 sem
2236 3446 2285 3503 si
2321 3443 2595 3503 libuisset
2626 3446 2728 3518 qui
2760 3451 3063 3519 sumptum
3095 3444 3594 3520 suppeditassent,
3627 3461 3734 3504 vos

2076 3534 2377 3608 praelegi.
2411 3537 2557 3592 Nam
2587 3542 2648 3593 et
2676 3553 2711 3592 a
2741 3535 3084 3593 Macedonia
3113 3552 3388 3611 egressus
3418 3543 3476 3594 et
3504 3553 3539 3593 a
3562 3536 3739 3594 Thes-

2078 3623 2362 3695 salonica,
2384 3641 2487 3681 vos
2517 3624 2728 3697 dignos
2753 3624 2892 3680 duxi
2924 3626 3027 3697 qui
3058 3626 3397 3684 necessaria
3426 3625 3575 3683 mihi
3599 3640 3736 3701 sup-

2074 3712 2528 3785 peditaretis.Ne
2560 3714 2915 3771 existimetis
2941 3720 3143 3772 autem
3173 3730 3271 3772 me
3299 3715 3427 3772 hazc
3450 3714 3737 3785 dicere,et

2074 3802 2229 3858 hanc
2259 3808 2516 3861 vestram
2537 3804 2833 3861 actionem
2850 3803 3230 3875 extollere,ut
3246 3806 3432 3878 magis
3454 3818 3523 3863 ac
3544 3803 3735 3878 magis

2075 3891 2488 3963 suppeditetis,
2511 3893 2782 3965 meisque
2807 3892 3267 3953 necessitatibus
3295 3892 3531 3951 faciatis
3560 3893 3732 3952 satis.

2073 3983 2325 4038 Tantum
2355 3980 2543 4049 abest,
2566 3987 2633 4039 ut
2660 3989 2977 4055 propterea
3007 3982 3135 4040 hac
3162 3981 3378 4051 dicam,
3400 3981 3561 4056 quod
3593 3997 3731 4041 ecce

2072 4069 2573 4142 recepiomnia,id
2592 4076 3020 4143 est,exemptus
3042 4087 3175 4129 sum
3199 4072 3359 4129 circa
3379 4071 3584 4128 omnia
3599 4087 3731 4144 quae

2073 4159 2491 4214 necessitatem
2514 4166 2923 4215 concernunt:
2950 4166 3266 4233 exemptus
3296 4159 3726 4232 sum,inquam,

2074 4248 2160 4304 sic
2175 4254 2240 4304 ut
2254 4250 2383 4322 jam
2409 4249 2507 4305 his
2526 4265 2648 4304 non
2671 4247 2993 4322 indigeam.
3008 4249 3231 4306 Deinde
3255 4265 3332 4306 ne
3352 4264 3608 4307 mmrore
3628 4264 3735 4305 eos

2073 4338 2295 4394 afﬁciat
2323 4345 2609 4409 tanquam
2631 4337 2958 4410 repudians
2990 4338 3402 4412 :Non,inquit,
3434 4337 3539 4395 sed
3570 4338 3733 4411 quod

2073 4426 2309 4483 abunde
2359 4427 2506 4483 mihi
2539 4427 2637 4493 sit,
2670 4434 2780 4483 etc.
2819 4427 3014 4483 «Nam
3047 4442 3152 4502 ego
3185 4426 3365 4484 didici
3392 4426 3456 4483 in
3514 4427 3733 4500 quibus

2074 4531 2227 4573 sum.
2258 4539 2286 4567 »
2318 4515 2612 4572 Doctrina
2665 4522 2825 4573 certe
2854 4516 2967 4573 hoc
3020 4524 3111 4573 est
3142 4522 3202 4573 et
3258 4515 3547 4574 exercitii.
3577 4514 3730 4583 Quid

2068 4611 2271 4662 autem
2303 4604 2764 4672 didicisti,beata
2785 4607 2989 4663 anima
3006 4605 3034 4661 ‘2
3055 4606 3157 4663 His
3177 4608 3239 4661 in
3270 4605 3486 4679 quibus
3508 4604 3731 4673 sum,id

2072 4701 2187 4763 est,
2236 4695 2657 4767 prmsentibus,
2705 4711 2835 4752 esse
2866 4701 3182 4753 contentus
3215 4701 3274 4754 et
3301 4694 3728 4762 sufficientiam

2075 4783 2317 4841 habere.
2350 4808 2378 4839 ι(
2407 4785 2549 4842 Novi
2578 4790 2639 4840 et
2702 4784 2945 4842 humilis
2993 4800 3143 4842 esse.
3176 4806 3206 4837 ››
3258 4783 3427 4842 Dicet
3479 4784 3730 4842 fortasse

2077 4874 2516 4946 aliquis:Scire
2547 4873 2790 4947 quidem
2811 4874 2968 4930 ferre
3010 4874 3251 4940 famem,
3310 4874 3545 4930 virtutis
3597 4879 3725 4932 est:

2076 4979 2253 5019 nosse
2282 4968 2486 5023 autem
2506 4964 2784 5031 saturari,
2819 4962 2991 5036 cujus
3022 4965 3134 5020 erit
3150 4964 3385 5021 virtutis
3414 4960 3444 5020 ?
3466 4962 3719 5021 Maxime

2074 5053 2254 5109 etiam
2284 5051 2518 5108 virtut-is
2548 5058 2658 5109 est.
2691 5051 3207 5118 Quemadmodum
3229 5052 3393 5109 enim
3424 5051 3721 5127 angustia,

2072 5144 2156 5199 ita
2184 5148 2245 5198 et
2264 5142 2553 5199 securitas
2575 5140 2765 5198 multa
2784 5142 2947 5198 novit
2965 5158 3176 5214 parare
3199 5140 3731 5215 mala.Complures

2072 5246 2334 5305 namque
2346 5232 2448 5303 qui
2468 5228 2545 5288 ad
2555 5228 2985 5287 abundantiam
2997 5231 3733 5304 pervenerunt,segniores

2065 5321 2208 5389 facti
2230 5326 2390 5391 sunt,
2414 5335 2524 5375 nec
2547 5326 2878 5376 saturatum
2894 5327 3162 5377 ventrem
3189 5318 3346 5377 ferre
3376 5325 3720 5393 potuerunt.

2070 5410 2304 5468 Etenim
2335 5407 2524 5466 Israel
2553 5409 2889 5465 satietatem
2913 5424 3036 5467 non
3064 5406 3338 5479 tulit,sed
3376 5408 3721 5468 recalcitra-

2067 5501 2150 5556 vit
2169 5498 2218 5536 ³⁸
2248 5517 2262 5556 :
2296 5504 2357 5555 at
2382 5514 2507 5557 non
2538 5498 2623 5556 ita
2652 5497 2891 5558 Paulus.
2921 5522 2949 5549 α
2973 5497 3226 5558 Humilis
3257 5514 3448 5569 esse,»
3478 5498 3593 5557 hoc
3612 5501 3731 5567 est,

2067 5590 2225 5648 hmo
2276 5589 2489 5662 premi;
2525 5610 2553 5640 ι(
2588 5586 2944 5658 Exuberaro,
2980 5610 3009 5638 ››
3038 5588 3101 5655 id
3132 5593 3243 5660 est,
3276 5586 3553 5658 saturni,
3588 5583 3731 5653 Ubii-

3367 5845 3450 5945 is
