4108 6446
416 462 573 524 i323

413 686 468 739 ὲν
502 688 630 738 πᾶσι
663 683 727 739 in
768 680 930 737 omni
963 696 1025 735 re
1058 684 1117 735 et
1145 678 1206 733 in
1239 676 1470 734 cunctis
1500 692 1632 747 quin
1683 673 2071 731 intercidunt.

415 775 728 834 Institutas
755 770 976 837 sum,id
1007 767 1392 839 est,omnium
1409 765 1600 822 habeo
1624 763 2073 836 experientiam.

413 890 433 916 α
459 866 673 924 Omnia
702 879 947 936 possum
978 878 1086 934 per
1105 861 1405 918 Christum
1427 858 1529 931 qui
1555 873 1650 915 me
1671 856 2065 914 corroborat.»

416 959 493 1011 Ne
530 955 601 1010 de
634 972 696 1010 se
709 954 939 1027 jactare
958 951 1229 1007 videatur
1250 966 1264 1006 :
1290 956 1580 1022 praeterea
1595 947 1848 1003 utetiam
1867 951 2071 1018 gratus

411 1045 509 1112 sit,
533 1043 739 1100 omnia
777 1042 1012 1098 Christo
1059 1040 1175 1097 fert
1220 1044 1481 1111 accepta.
1531 1037 1670 1103 Qua:
1722 1035 1880 1092 dicta
1911 1040 2071 1103 sunt,

412 1133 629 1206 inquit,
663 1148 784 1189 non
814 1146 1015 1188 meum
1050 1134 1189 1186 sunt
1215 1128 1470 1195 facinus,
1526 1124 1631 1182 sed
1679 1124 1919 1193 Christi,
1966 1123 2071 1197 qui

413 1215 565 1281 hanc
596 1221 743 1278 mihi
790 1219 997 1276 tribuit
1038 1218 1472 1276 fortitudinem.
1510 1240 1536 1265 ι(
1587 1218 1865 1271 Attamen
1910 1218 2068 1269 recte

417 1312 669 1368 fecistis.
702 1332 730 1361 ι’
766 1311 847 1366 Ne
879 1309 1038 1365 enim
1072 1308 1376 1383 segniores
1398 1304 1885 1375 ﬁant,audientes
1911 1302 2071 1376 quod

418 1401 584 1456 nullo
615 1398 918 1474 ergat,alio
943 1397 1120 1453 modo
1143 1402 1357 1453 tractat
1378 1410 1735 1452 sermonem.
1766 1391 2068 1465 Siquidem

415 1493 522 1561 per
540 1488 941 1561 praecedentia
970 1488 1187 1543 fastum
1212 1502 1418 1542 eorum
1441 1484 1513 1540 ad
1535 1483 1887 1540 modestiam
1904 1498 2072 1537 revod

420 1579 603 1635 cavit:
640 1594 745 1650 per
776 1578 886 1633 hoc
915 1593 1051 1632 vero
1074 1576 1473 1647 promptiores
1512 1573 1673 1629 facit.
1716 1572 1842 1628 Non
1874 1571 2027 1627 dixit
2054 1586 2068 1627 :

407 1667 664 1725 Dedistis
695 1684 761 1723 ac
781 1665 1162 1723 refocillastis
1190 1680 1391 1721 meum
1422 1678 1759 1730 mcerorem,
1783 1660 1889 1717 sed
1909 1659 2070 1733 quod

412 1758 627 1829 melius
644 1755 1256 1824 est,Communicastis
1269 1753 1579 1810 afﬂictioni
1598 1751 1935 1816 mem.Quan
1947 1755 2069 1807 tum

421 1853 512 1904 est
531 1853 727 1902 autem
764 1846 989 1900 socium
1032 1844 1164 1900 ﬁeri
1203 1842 1393 1911 Pauli,
1424 1840 1601 1913 idque
1638 1841 1702 1897 in
1743 1839 2069 1897 afﬂictione

411 1930 520 2009 pro
551 1936 786 1992 Christo
814 1935 1087 1991 tolerata.

481 2117 575 2186 IV,
608 2118 800 2174 45-19.
834 2115 1175 2172 110Nostis
1195 2119 1377 2169 autem
1409 2118 1461 2169 et
1509 2124 1624 2178 cos,
1664 2108 2068 2182 Philippenses,

410 2199 562 2280 quod
608 2210 667 2262 in
708 2208 992 2278 principio
1028 2204 1323 2274 Evangelii
1370 2217 1491 2260 cum
1539 2215 1782 2272 egressus
1821 2215 1988 2256 essem
2034 2214 2071 2252 α

414 2298 760 2365 Macedonia,
809 2296 967 2352 nulla
1022 2295 1194 2349 mihi"
1227 2293 1466 2349 Ecclesia
1528 2291 1953 2346 communicavit
2008 2289 2069 2343 in

414 2388 688 2443 rationem
726 2387 900 2442 dandi
929 2392 979 2440 et
1030 2383 1362 2455 accipiendi,
1402 2383 1513 2437 nisi
1540 2397 1639 2437 nos
1684 2379 1809 2436 soli.
1829 2381 1967 2435 Nam
2017 2384 2070 2432 et

420 2481 481 2531 in
515 2477 894 2533 Thessalonica
907 2491 1027 2531 cum
1054 2472 1415 2542 essem,semel
1434 2478 1485 2526 et
1507 2472 1710 2526 iterum
1748 2469 1823 2524 ad
1843 2467 1905 2523 id
1921 2466 2071 2538 quod

420 2579 556 2635 opus
586 2569 702 2617 erat
730 2564 872 2617 mihi
898 2562 1145 2617 misistis.
1178 2562 1299 2617 Non
1334 2558 1485 2629 quod
1511 2559 1793 2628 requiram
1841 2556 2068 2622 donum,

422 2654 516 2707 sed
568 2654 791 2721 requiro
828 2654 1071 2719 fructum
1125 2649 1514 2705 earuberantem
1569 2649 1629 2701 in
1680 2647 1947 2700 rationem
1976 2659 2069 2698 ve-

415 2747 604 2797 stram.
641 2742 833 2810 Recepi
854 2746 1035 2795 autem
1067 2740 1255 2793 omnia
1276 2744 1327 2791 et
1361 2736 1602 2791 abundo.
1652 2733 1925 2803 Empletus
1953 2748 2072 2788 sum

408 2839 705 2903 postquam
735 2832 803 2886 ab
833 2828 1213 2901 Epaphrodito
1243 2830 1433 2898 accepi
1461 2841 1584 2897 quae
1639 2842 1675 2881 a
1718 2823 1870 2881 vobis
1909 2825 2072 2879 missa

415 2928 559 2987 sunt,
611 2920 833 2975 odorem
892 2920 1044 2974 bona:
1097 2918 1458 2987 fragrantia,
1517 2914 1754 2970 hostiam
1798 2918 2071 2983 acceptam

414 3017 743 3081 gratamque
779 3009 1049 3064 Deo.Deus
1079 3013 1267 3062 autem
1314 3020 1463 3061 meus
1489 3003 1772 3076 supplebit
1802 2999 2076 3074 quidquid

419 3115 554 3173 opus
580 3101 753 3169 fuerit
798 3099 951 3155 vobis
977 3099 1274 3153 secundum
1331 3096 1560 3152 divitias
1606 3108 1752 3161 suas,
1782 3095 1845 3147 in
1891 3090 2076 3161 gloria

413 3207 513 3261 per
543 3189 819 3245 Christum
846 3189 1048 3243 Iesum.

486 3279 597 3331 Pro
631 3276 1004 3347 correptione
1038 3273 1379 3347 supradicta
1423 3288 1543 3343 qua
1591 3271 1711 3325 ait:
1767 3271 1892 3325 Jam
1944 3273 2074 3324 tan-

1540 449 1966 513 CECUMENII
2010 448 2316 513 TRICCJE
2357 453 2713 520 EPISCOPI
2759 518 2765 525 .

414 612 537 669 que
568 601 628 650 et
655 594 717 648 in
740 588 1348 662 omnibusinstitutus
1380 602 1532 642 sum.
1566 588 1683 642 Aut
1703 582 1760 638 ὶν
1789 581 1951 637 παντὶ
1978 582 2063 636 καὶ

2182 589 2314 639 πᾶσι
2387 593 2524 650 ’τοῖς
2593 590 3069 666 παρεμπίπτουσι,

2098 1968 2146 2033 Β

3681 463 3819 524 1324

3158 592 3470 666 μεμύημαι.
3555 596 3819 652 Τουτέστι.

2185 677 2383 751 Πεῖραν
2443 677 2692 736 ἁπάντων
2749 680 2888 756 ἔχω.
2964 702 2986 732 σ
3014 679 3194 737 Πάντα
3227 681 3406 758 ἰσχύω
3439 681 3491 737 ἐν
3522 688 3600 756 τῷ
3626 683 3822 741 ἐνδυνα-

2188 764 2379 835 μοῦντί
2440 787 2508 840 με
2562 770 2811 844 Χριστῷ.
2844 794 2873 822 »ι
2928 771 3041 826 Ἵνα
3094 771 3175 844 μή
3234 769 3362 846 δόξῃ
3416 771 3822 849 μεγαλοῤῥημε-

2180 858 2311 921 νεῖν,
2343 854 2532 920 ἄλλως
2561 878 2621 914 τε
2647 858 2738 915 καὶ
2773 860 2848 923 ὡς
2881 860 3231 936 εὐχάριστος,
3275 862 3447 919 πάντα
3502 867 3581 936 τῷ
3613 867 3825 940 Χριστῷ

2179 942 2490 1016 ἀνατίθησιν
2524 989 2539 1005 .
2598 948 2710 1005 Οὐκ
2754 950 2908 1024 ἐμὸν,
2967 951 3123 1030 φησὶ,
3186 951 3516 1026 κατόρθωμα
3573 954 3640 1009 τὰ
3690 953 3827 1030 ε”ρηο

2184 1032 2339 1106 μένα,
2373 1033 2519 1092 ἀλλὰ
2546 1042 2644 1093 τοῦ
2692 1040 2793 1110 τήν
2855 1038 3014 1115 ἶσχόν
3077 1061 3172 1113 μοι
3228 1040 3430 1112 ταύτην
3490 1043 3819 1118 παρέχοντος

2179 1124 2424 1195 Χριστοῦ
2458 1167 2472 1183 .
2530 1149 2560 1178 ι(
2621 1124 2775 1198 Πλὴν
2846 1126 3033 1192 καλῶς
3092 1125 3406 1201 ἐποιήσατε.
3462 1131 3569 1188 Καὶ
3628 1132 3820 1188 τούτων

2179 1209 2352 1275 οὕτως
2386 1212 2642 1290 ἐχόντων,
2678 1218 2833 1296 φησὶ,
2864 1216 2955 1273 καὶ
2986 1216 3123 1291 ἐμοῦ
3181 1217 3355 1275 πάντα
3383 1222 3561 1296 φερειν
3618 1220 3823 1297 ἰσχύον·

2176 1321 2290 1372 τος,
2348 1301 2534 1367 καλῶς
2568 1347 2581 1372 ,
2641 1306 2806 1382 φησὶν
2839 1352 2854 1376 ,
2913 1306 3208 1378 ἐποιήσατε
3311 1312 3824 1385 συγκοινωνήσαντὲς

2183 1412 2287 1463 μου
2318 1395 2386 1466 τῇ
2420 1392 2625 1468 θλίψει.
2674 1397 2787 1453 Ἰνα
2842 1396 2946 1471 γὰρ
3011 1397 3088 1469 μὴ
3149 1396 3512 1475 ῥᾳθυμότεροι
3570 1398 3821 1476 γένωνται

2179 1480 2526 1569 ἀκοόσαντες,
2558 1484 2644 1539 ὅτι
2675 1481 2906 1547 Οὐδενὸς
2940 1482 3155 1559 δέομαι,
3216 1486 3408 1553 ἄλλως
3458 1489 3820 1569 μεταχειρίζει

2178 1570 2270 1625 τὸν
2303 1568 2487 1646 λόγον.
2520 1574 2621 1629 Διὰ
2654 1573 2749 1646 μὲν
2779 1574 2879 1648 γὰρ
2910 1579 3019 1633 τῶν
3070 1572 3394 1652 ἔμπροσθεν,
3452 1579 3516 1632 τὸ
3573 1568 3821 1657 φρόνημα

2177 1658 2354 1715 αὐτῶν
2407 1659 2738 1734 κατέστειλε,
2798 1661 2887 1719 διὰ
2946 1660 3002 1719 δὲ
3057 1669 3166 1720 τῶν
3215 1670 3331 1736 νῦν,
3389 1668 3823 1744 προθυμοτέρους

2177 1754 2346 1810 ποιεῖ.
2379 1748 2491 1806 Οὐκ
2521 1753 2662 1820 εἷπε,
2701 1748 3008 1816 Δεδωκότες
3030 1754 3043 1765 ’
3071 1754 3163 1812 καὶ
3222 1754 3517 1819 παύσαντές
3577 1777 3684 1830 μου
3730 1759 3822 1826 τὴν

2179 1833 2386 1909 λύπην,
2438 1837 2586 1899 ἀλλ’.
2641 1840 2672 1896 ὃ
2702 1842 3025 1916 σεμνότερον
3056 1842 3148 1912 ἦν,
3211 1866 3241 1896 ‹‹
3296 1846 3824 1920 Συγκοινωνήσαντές

2182 1947 2289 2000 μου
2316 1930 2385 2005 τῇ
2416 1925 2624 2005 θλίψει.
2659 1954 2682 1985 ι
2748 1929 2879 1987 Οἷον
2914 1928 2971 1987 δέ
3000 1930 3113 1989 ἐστι
3141 1931 3234 1989 καὶ
3264 1935 3528 1997 κοινωνὸν
3587 1934 3834 2010 γενέσθαι

2176 2015 2421 2088 Παύλου,
2451 2018 2543 2075 καὶ
2570 2017 2625 2074 ἐν
2649 2021 2721 2094 τῇ
2755 2019 2889 2094 ὑπὲρ
2921 2021 3159 2098 Χριστοῦ
3191 2019 3399 2097 Θλίψει.

2247 2104 2448 2164 Οἲδατε
2478 2104 2537 2165 δὲ
2576 2106 2669 2163 καὶ
2732 2108 2913 2185 ὑμεῖς,
2972 2109 3370 2187 Φιλιππήσιοι,
3438 2112 3521 2173 ὅτι
3592 2111 3645 2170 ἐν
3680 2115 3824 2195 ἀρχῇ

2174 2199 2272 2251 τοῦ
2329 2195 2670 2275 Εὗαγγελίου
2753 2200 2845 2254 ὅτε
2924 2198 3150 2272 ἐξῆλθον
3230 2202 3338 2259 ἀπὸ
3442 2201 3778 2268 Μακεδονίας
3813 2244 3828 2270 ,

2178 2282 2410 2360 οὐδεμία
2496 2306 2589 2360 μοι
2668 2286 2975 2360 Ἐκκλησία
3047 2290 3406 2363 ἐκοινώνησεν
3480 2291 3557 2358 εἲς
3659 2292 3824 2372 λόγον

2179 2375 2379 2437 δόσεως
2428 2375 2518 2431 καὶ
2579 2375 2829 2452 λήψεως,
2888 2378 2934 2434 εἰ
2988 2380 3062 2453 μή
3129 2380 3285 2454 ὑμεῖς
3348 2380 3527 2455 μόνοι.
3557 2384 3686 2440 Ὅτι
3742 2381 3826 2437 καὶ

2175 2461 2230 2519 ἐν
2287 2462 2655 2542 Θεσσαλονίκῃ
2743 2461 2878 2537 ἅπαξ
2968 2468 3060 2523 καὶ
3161 2465 3267 2538 δὶς,
3327 2471 3428 2541 τὴν
3486 2472 3681 2546 χρείαν
3740 2491 3829 2544 μοι

2177 2549 2476 2627 ἐπέμψατε.
2510 2554 2631 2630 Οὐχ
2659 2553 2740 2611 ὅτι
2772 2555 3014 2628 ἐπιζητῷ
3063 2558 3125 2614 τὸ
3184 2555 3350 2633 δόμα,
3409 2558 3536 2616 ἀλλ’
3590 2560 3831 2632 ἐπιζητῶ

2177 2642 2271 2698 τὸν
2327 2644 2536 2719 καρπὸν
2621 2646 2716 2700 τὸν
2809 2644 3176 2717 πλεονάζοντα
3260 2649 3337 2710 εἰς
3418 2647 3582 2725 λόγον
3661 2653 3831 2727 ὑμῶν.

2181 2730 2407 2810 ’Δπέχω
2465 2729 2521 2787 δὲ
2602 2733 2778 2790 πάντα
2860 2735 2951 2790 καὶ
3036 2736 3362 2813 περισσεύω.
3449 2737 3830 2815 Ιιεπλήρωμαι

2182 2816 2472 2894 δεξάμενος
2564 2826 2710 2899 παρὰ
2785 2823 3185 2898 Ἐπαφροδίτου
3283 2828 3352 2883 τὰ
3452 2830 3579 2904 παρ’
3658 2829 3829 2905 ὑμῶν,

2182 2907 2360 2984 δσμήν
2454 2909 2705 2982 εὐωδίας,
2808 2916 2992 2971 θυσίαν
3071 2912 3268 2987 δεκτήν
3368 2917 3652 2995 εὐάρεστον
3757 2922 3831 2990 τῷ

2182 3003 2319 3072 Θεῷ.
2381 3002 2441 3058 Ὀ
2499 2998 2557 3056 δὲ
2613 3004 2744 3067 Θεός
2826 3024 2930 3077 μου
3019 3005 3304 3081 πληρώσει
3389 3013 3562 3063 πᾶσαν
3647 3008 3833 3083 χρείαν

2186 3088 2338 3160 ὑμῶν
2397 3089 2535 3146 κατᾶ
2585 3091 2680 3146 τὸν
2737 3090 2977 3149 πλοῦτον
3047 3092 3233 3166 αὐτοῦ,
3289 3093 3343 3149 ἐν
3401 3092 3529 3170 δόξῃ
3588 3095 3653 3152 ἐκ
3700 3100 3838 3172 Χρι-

2182 3181 2295 3249 στῷ
2325 3179 2529 3249 Ἰησοῦ.

2255 3266 2415 3342 Ὑπὲρ
2438 3273 2541 3336 τῆς
2599 3266 2711 3322 ἅνω
2770 3267 3065 3345 εἰρημένης
3125 3270 3475 3345 ἐπιπλήξεως
3538 3269 3665 3337 ἔνθα
3718 3276 3836 3339 ,εἷπε

413 3367 549 3423 dem
583 3366 958 3429 refloruistis,
985 3380 1145 3421 nunc
1196 3364 1427 3419 occulte
1466 3359 1809 3433 respondet.
1839 3358 1923 3413 Ne
1952 3372 2063 3424 me,

2184 3356 2272 3427 τὸ,
2298 3340 2443 3426 ’Ἤδη
2484 3356 2618 3413 ποτὲ
2645 3340 2954 3431 ἀνεθάλετε,
2986 3340 3078 3417 νῧν
3111 3363 3294 3436 ἡμέρα
3323 3340 3710 3438 απολογεῖται.
3745 3364 3833 3431 Μὴ

408 3456 633 3527 inquit,
658 3456 727 3510 ea
754 3454 973 3510 dixisse
1005 3453 1356 3509 existimetis
1404 3450 1563 3522 quod
1594 3464 1798 3522 egeam
1830 3452 1934 3504 aut
1953 3446 2071 3503 exi-

414 3544 691 3617 gam,sed
704 3544 862 3615 quod
892 3543 1171 3600 ﬁduciam
1197 3541 1445 3597 habeam
1486 3538 1558 3594 de
1590 3538 2069 3593 vobis.Utautem

414 3633 696 3690 fiduciam
722 3634 1134 3700 haberem,vos
1166 3647 1372 3687 ansam
1406 3627 1793 3699 dedistis,qui
1819 3627 1880 3682 in
1902 3625 2068 3698 prin-

412 3724 567 3795 cipio
597 3722 902 3794 Evangelii
936 3722 1275 3777 necessaria
1302 3718 1662 3791 prmbuistis.
1697 3738 1723 3767 ι(
1744 3718 1810 3771 In
1842 3715 2068 3787 princi-

410 3814 507 3884 pio
542 3812 856 3885 Evangelii.
894 3834 922 3862 ››
957 3815 1165 3879 Antea,
1203 3809 1420 3880 inquit,
1453 3806 1699 3863 omnino
1726 3804 2065 3861 conﬁrmati

331 3972 341 3989 δ
409 3903 625 3958 fuistis.
660 3925 687 3957 c
708 3904 854 3959 Cum
887 3917 1161 3975 egressus
1191 3914 1388 3956 essem
1420 3914 1454 3954 a
1483 3895 1842 3953 Macedonia.
1877 3917 1905 3947 »
1940 3897 2066 3951 Non

409 3988 608 4064 potest
637 3992 774 4059 dici,
808 3993 909 4059 ait,
943 3989 1103 4064 quod
1118 3989 1401 4046 dederitis
1425 3994 1707 4059 tanquam
1721 3985 1774 4040 ei
1792 3982 2064 4058 quiapud

410 4098 512 4138 vos
543 4083 841 4138 erat.Cum
865 4096 1139 4153 egressus
1161 4077 1598 4149 essem,inquit,
1627 4090 1749 4131 non
1780 4091 1853 4130 ex
1873 4079 2066 4131 vestra

412 4178 642 4229 tantum
669 4171 922 4241 civitate,
953 4186 1157 4225 verum
1179 4169 1357 4224 etiam
1390 4181 1459 4221 ex
1483 4166 1804 4238 provincia.
1845 4163 2064 4220 uNulla

390 4262 559 4317 ‘mihi
585 4255 867 4317 Ecclesia.
904 4283 924 4312 ι
961 4259 1089 4314 Νοιι
1120 4259 1203 4313 ait
1229 4275 1242 4311 :
1266 4256 1442 4312 Nulla
1470 4254 1618 4309 mihi
1649 4253 1914 4309 Ecclesia
1959 4252 2061 4308 de-

411 4352 516 4419 dit,
551 4350 676 4415 sed,
708 4347 1199 4404 Communicavit.
1242 4343 1545 4415 Siquidem
1598 4341 2061 4398 communicatio

409 4444 515 4495 est.
541 4438 764 4494 Dabam
797 4438 956 4493 enim
983 4433 1337 4507 spiritualia,
1372 4432 1588 4502 inquit,
1615 4428 2059 4501 etaccipiebam

404 4526 701 4583 carnalia:
738 4522 1239 4597 quemadmodum
1256 4520 1399 4576 alibi
1422 4535 1657 4592 quoque
1688 4520 1808 4574 ait:
1842 4518 2058 4575 «Sinos

399 4616 566 4672 vobis
592 4614 927 4688 spiritualia
949 4611 1390 4677 seminavimus,
1421 4624 1498 4665 an
1532 4624 1812 4683 magnum
1868 4613 1961 4665 est
2008 4607 2057 4665 si

2176 3448 2307 3523 γὰρ,
2347 3446 2534 3524 φησὶν,
2587 3446 2663 3511 ὡς
2696 3450 2984 3524 χρῄζοντα
3018 3470 3085 3524 με
3115 3449 3149 3520 ἢ
3182 3450 3517 3508 ἀπαιτοῦντα
3565 3452 3836 3526 νομίσητε

2176 3533 2475 3609 εἰρηκέναι,
2500 3534 2629 3591 ἀλλ’
2659 3536 2742 3594 ὅτι
2775 3537 2961 3615 0αρῥῶ
3003 3539 3153 3611 ὑμῖν,
3215 3540 3371 3619 ιρησί.
3422 3545 3531 3599 Τοῦ
3591 3539 3649 3596 δὲ
3707 3541 3835 3615 0αρ-

2175 3624 2287 3697 ῥεῖν
2350 3624 2506 3697 ὑμεῖς
2565 3620 2836 3682 δεδώκατε
2892 3627 2988 3690 τὰς
3046 3628 3324 3708 ἀφορμὰς,
3381 3628 3437 3684 ἐν
3521 3631 3675 3705 ἀρχῇ
3744 3634 3840 3685 τοῦ

2174 3713 2517 3791 Εὐαγγελίου
2550 3735 2648 3788 μοι
2676 3717 3073 3793 παρασχόντες.
3112 3743 3140 3769 ιι
3172 3720 3260 3776 Ἐν
3317 3719 3466 3795 ἀρχῇ
3495 3724 3594 3774 τοῦ
3654 3719 3833 3795 Εὕα-(-

2172 3802 2391 3878 γελίου.
2433 3827 2460 3855 ι)
2522 3803 2656 3877 Πρὶν
2703 3802 2873 3875 ὅλως,
2931 3807 3135 3881 φησὶν,
3197 3802 3583 3879 ἐϐεϐαιώθη-ξε.
3649 3810 3836 3864 «Ὅτε

2171 3888 2402 3965 ἐξῆλθον
2435 3892 2541 3948 ἀπό
2571 3890 2933 3959 Μακεδονίας.
2968 3918 2998 3950 ι)
3043 3895 3158 3955 Οὐκ
3215 3894 3352 3970 ἔστι,
3411 3899 3598 3979 φησέν,
3634 3898 3833 3968 εἰπεῖν,
3891 3918 3895 3921 ·

2171 3981 2360 4044 ὅτιώς
2392 3986 2520 4057 παρ’
2563 3983 2694 4058 ὑμῖν
2757 3979 2872 4041 ὄντι
2934 3981 3224 4042 δεδώκατε.
3256 3988 3386 4044 Ὅτε
3437 3988 3600 4064 φησὶν
3665 3986 3832 4059 ἐξῆλ-

2170 4072 2282 4141 Θον,
2317 4072 2382 4127 οὗ
2419 4070 2580 4146 μόνον
2606 4081 2707 4143 τῆς
2736 4074 2957 4138 πόλεως
2988 4075 3166 4149 ὑμῶν,
3209 4076 3357 4134 ἀλλά
3385 4077 3476 4133 καὶ
3506 4084 3608 4149 τῆς
3658 4077 3830 4153 ἐπαρ-

2170 4160 2316 4236 χίας.
2373 4185 2405 4214 ‹‹
2435 4159 2679 4236 Οὐδεμία
2749 4185 2846 4237 μοι
2903 4164 3173 4238 ἐκκλησία
3238 4165 3586 4238 ἐκοινώνησε.
3624 4193 3652 4220 υ
3705 4166 3823 4225 Οὐκ

2168 4249 2338 4306 εἶπεν.
2399 4246 2649 4325 Οὐδεμία
2669 4273 2764 4321 μοι
2785 4251 3087 4324 Ἐκκλησία
3117 4250 3371 4327 δέδωκεν,
3404 4253 3554 4326 ἀλλ’,
3579 4281 3608 4309 ‹‹
3633 4258 3822 4314 Έκοι-

2164 4340 2395 4409 νώνησε.
2433 4364 2460 4392 ››
2492 4340 2763 4400 Κοινωνία
2787 4343 2890 4419 γάρ
2922 4342 3035 4399 ἐστι
3064 4345 3128 4400 τὸ
3149 4349 3398 4423 πρᾶγμα.
3427 4342 3672 4402 Ἐδίδουν
3714 4346 3821 4426 γὰρ

2165 4430 2322 4504 φησί,
2376 4431 2741 4504 πνευματικὰ,
2797 4434 2890 4489 καὶ
2943 4428 3255 4507 ἐλάμϐανον
3318 4436 3568 4510 σαρκικὰ,
3615 4435 3690 4499 ὡς
3730 4434 3825 4489 καὶ

2163 4517 2423 4594 ἀλλαχοῦ
2488 4541 2674 4595 οησιν.
2738 4546 2768 4574 (ι
2816 4522 2881 4578 Εἰ
2937 4525 3103 4595 ἡμεῖς
3165 4524 3291 4596 ὑμῖν
3348 4524 3414 4579 τὰ
3479 4524 3826 4597 πνευματικᾶ

2161 4607 2508 4684 ἐσπείραμεν,
2546 4611 2681 4685 μέγα
2711 4610 2757 4666 εἷ
2815 4612 2981 4684 ἡμεῖς
3048 4614 3203 4686 ὑμῶν
3255 4614 3323 4668 τὰ
3382 4614 3613 4689 σαρκικὰ
3668 4613 3819 4689 θερί-

397 4721 507 4761 nos
538 4705 803 4761 carnalia
820 4711 1013 4759 vestra
1036 4708 1330 4757 metamus
1349 4698 1444 4755 3°?
1474 4720 1500 4748 η
1526 4697 1691 4763 Quod
1723 4699 2051 4768 tamen,ait,

2175 4717 2368 4772 τομεν;
2406 4690 2426 4748 ὲ
2464 4699 2538 4756 Τὸ
2568 4696 2648 4771 δὲ,
2682 4698 2774 4763 Εἰς
2807 4700 2973 4777 λόγον
3023 4697 3228 4766 δόσεως
3284 4701 3374 4757 καί
3431 4701 3679 4778 λήψεως,
3725 4704 3817 4758 καὶ

395 4796 469 4851 In
493 4797 787 4851 rationem
818 4793 998 4849 dandi
1030 4799 1089 4847 et
1132 4788 1486 4862 accipiendi,
1503 4789 1627 4843 alio
1660 4788 1841 4843 etiam
1871 4786 2049 4845 modo

397 4885 956 4940 condemnationem
980 4880 1309 4937 habet.Non
1332 4877 1628 4934 dederunt
1648 4877 1809 4932 enim
1836 4892 2049 4933 carna-

394 4972 496 5041 lia,
516 4973 621 5029 sed
650 4990 844 5045 neque
857 4973 1125 5043 accipere
1155 4969 1471 5025 voluerunt
1484 4966 1835 5038 spiritualia.
1859 4967 2049 5024 «Nam

396 5070 455 5118 et
478 5063 541 5116 in
569 5062 1008 5118 Thessalonica.
1040 5084 1068 5111 ››
1105 5061 1225 5114 Hoc
1256 5058 1443 5130 magis
1494 5055 1688 5112 adhuc
1728 5061 1837 5127 est,
1887 5056 2048 5128 quod

393 5168 529 5206 cum
559 5153 631 5207 in-
652 5153 915 5224 ipsorum
956 5148 1268 5221 metropoli
1300 5153 1652 5212 versaretur,
1679 5145 1751 5202 ab
1784 5145 1877 5202 his
1923 5146 2045 5203 ale-

394 5241 583 5295 batur.
608 5241 891 5313 Proptera
939 5241 1057 5295 ait:
1118 5237 1280 5305 Quod
1332 5252 1481 5309 opus
1507 5241 1655 5303 erat,
1705 5234 1765 5289 id
1796 5239 1906 5302 est,
1939 5252 2045 5292 ne-

394 5328 650 5386 cessario
682 5336 954 5401 sumptus
986 5336 1044 5385 et
1074 5345 1204 5400 quas
1236 5327 1370 5383 usui
1411 5323 1602 5381 erant.
1638 5346 1667 5375 «
1717 5324 1846 5380 Non
1886 5324 2044 5395 quod

392 5419 695 5492 requiram
715 5435 953 5477 munus.
989 5441 1017 5469 ››
1046 5417 1337 5485 Quoniam
1369 5430 1501 5471 sese
1552 5412 1922 5470 demittendo
1953 5414 2039 5470 lo-

391 5514 583 5579 cutus,
617 5508 822 5564 dicens
847 5524 859 5562 :
887 5506 972 5563 Ad
1002 5505 1062 5562 id
1094 5505 1253 5579 quod
1276 5504 1424 5561 mihi
1456 5501 1863 5560 necessarium
1890 5509 2040 5572 erat,

392 5612 466 5652 ne
490 5597 583 5652 illi
618 5612 691 5652 ex
713 5596 825 5653 hoc
853 5597 1224 5665 efferrentur,
1245 5592 1511 5650 ait-:-Non
1544 5589 1705 5662 quod
1735 5589 2039 5662 requiram

468 5780 822 5855 "100nm,
856 5788 945 5839 11.

2159 4787 2348 4851 ἄλλως
2378 4784 2495 4868 ἔχει
2545 4792 2645 4861 τήν
2706 4791 3063 4867 κατάγνωσιν.
3096 4793 3211 4851 Οὐκ
3265 4790 3472 4853 ἔδωκαν
3528 4798 3631 4873 γὰρ
3690 4815 3822 4871 σαρο

2157 4879 2307 4947 κικὲι,
2341 4878 2468 4937 ἀλλ’
2501 4877 2629 4936 οὐδὲ
2662 4875 2850 4937 λαϐεῖν
2882 4879 3159 4953 ἠθέλησαν
3210 4884 3567 4957 πνευματικά.
3628 4909 3656 4937 ‹‹
3690 4885 3818 4942 Ὀτι

2157 4966 2210 5024 ἐν
2239 4966 2630 5045 Θεσσαλονίκῃ.
2667 4993 2690 5023 ι
2727 4971 2906 5027 Τοῦτο
2934 4971 3106 5029 πλέον
3139 4970 3307 5043 ἐστὶν,
3341 4971 3427 5029 ὅτι
3460 4972 3512 5028 ἐν
3572 4972 3712 5047 αὖτῇ
3742 4975 3816 5045 τῇ

2160 5058 2504 5135 μητροπόλει
2542 5058 2720 5115 αὐτῶν
2781 5056 3005 5137 διάγων,
3067 5061 3214 5135 παρὰ
3270 5061 3479 5119 τούτων
3535 5061 3815 5140 ἐτρέιρετιλ

2154 5147 2251 5204 Διό
2307 5169 2496 5227 φησιν,
2546 5149 2629 5206 ὅτι
2715 5150 2803 5207 Ἐν
2867 5149 3234 5228 Θεσσαλονίκῃ
3310 5152 3388 5216 εἰς
3443 5155 3544 5223 τήν
3603 5152 3816 5228 χρείαν,

2154 5240 2269 5293 οἷον
2294 5237 2370 5301 εἷς
2396 5240 2464 5293 τὰ
2503 5236 2751 5320 χρειώδη
2806 5237 3191 5314 δαπανήματα.
3220 5265 3251 5295 ιι
3283 5241 3400 5300 Οὐκ
3422 5242 3508 5299 ὅτι
3567 5242 3819 5313 ἐπιζητῶ

2151 5327 2214 5383 τὸ
2245 5323 2410 5400 δόμα.
2448 5353 2469 5379 ι
2530 5327 2754 5399 Ἐπειδή
2811 5334 3078 5394 ταπεινῶς
3145 5329 3438 5410 ἐφθέγξατο
3506 5332 3670 5386 εἰπὼν
3735 5331 3817 5393 εἷς

2153 5416 2342 5497 χρείας
2397 5438 2528 5492 μου,
2584 5418 2677 5473 ἳνα
2710 5420 2787 5493 μὴ
2841 5417 2902 5476 ἐκ
2956 5419 3153 5478 τούτου
3221 5418 3529 5496 ἐπαρθῶσιν
3586 5419 3816 5491 ἐκεῖνοι,

2151 5505 2336 5583 φησίν.
2368 5507 2498 5583 Οὐχ
2542 5508 2629 5565 ὅτι
2681 5506 2926 5581 ἐπιζητῶ
2982 5509 3044 5565 τὸ
3106 5508 3256 5583 δόμα
3290 5509 3466 5585 ὑμῶν,
3505 5507 3595 5567 διὰ
3643 5512 3814 5565 τεέτο

2148 5595 2316 5653 ταῦτα
2346 5594 2513 5671 λέγω,
2546 5593 2675 5651 ἀλλ’
2701 5595 2963 5670 ,ἐπιζητῶ
3015 5597 3107 5659 τόν
3139 5599 3346 5677 καρπὸν
3386 5600 3564 5672 ὑμῶν,
3589 5600 3681 5660 τὸν
3734 5599 3814 5663 εἷς
