4108 6388
334 431 489 492 1325

1403 431 1807 496 COMMENT.
1852 429 1933 489 IN
1976 428 2229 490 EPIST.
2279 432 2385 490 AD
2428 429 2705 493 PHlLlP.

3562 528 3565 529 ν
3596 436 3753 507 1326

330 562 500 640 λόγον
535 564 714 638 ὑμῶν,
756 566 859 622 οὐκ
888 564 1050 641 ἐμοῦ,
1081 561 1472 636 πλεονάζοντα.
1502 565 1667 641 Ὁρᾷς
1698 560 1779 619 ὅτι
1832 561 1965 617 αὐτο

2105 578 2323 619 munus
2355 568 2612 620 vestrum
2646 573 2962 638 propterea
2984 569 3102 624 "hoc
3160 569 3312 636 dico,
3354 570 3469 625 sed
3514 572 3750 642 requiro

335 653 645 733 ὡᾳελοῦντο
704 654 765 711 ἐκ
825 660 921 711 τοῦ
975 657 1293 732 παρέχειν;
1353 655 1482 713 ὡσεὶ
1535 652 1714 731 ἔλεγε·
1759 652 1858 710 Διὰ
1930 651 1994 706 τὸ

341 744 492 817 ὑμῶν
556 743 853 825 συμῳὲρον,
911 750 1078 800 ταῦτα
1137 750 1313 817 ζητῶ,
1370 746 1464 801 ἳνα
1551 736 1711 821 ὖμεῖς
1786 742 1993 818 καρπὸν

337 832 615 913 ἐνέγκητε.
653 858 677 889 α
713 833 940 910 Ἀπὲχω
986 833 1044 891 δὲ
1101 836 1297 893 πάντα.
1333 860 1362 889 ››
1417 838 1514 894 Ἐκ
1568 835 1770 892 τούτου
1828 834 1994 891 πάλιν

339 923 791 1001 προθυμοτέρους
831 924 1029 989 αὐτοὺς
1087 930 1254 981 ποιεῖ.
1320 924 1567 1001 Ἀπὲχω,
1616 923 1772 998 φησὶ,
1821 924 1994 981 πάντα

333 1013 423 1067 καὶ
455 1015 778 1088 περισσεύω,
809 1014 1074 1085 τουτέστι,
1105 1015 1195 1070 καὶ
1251 1016 1317 1070 τὰ
1378 1016 1512 1085 ὑπὲρ
1567 1020 1666 1070 τοῦ
1721 1011 1990 1091 προτέρου

337 1102 566 1180 χρόνου,
597 1105 714 1159 καθ’
747 1102 805 1158 δν
853 1104 954 1160 οὐκ
1020 1103 1314 1177 ἐπέμψατε.
1351 1127 1381 1156 ‹‹
1440 1103 1543 1163 Καὶ
1599 1103 1922 1179 περισσεεέω.
1956 1125 1986 1155 »

336 1191 616 1260 Τουτὲστι,
649 1191 962 1259 πλείωτῶν
1014 1193 1484 1273 παραλειφοέντων
1542 1189 1795 1268 δεδέχθαι
1854 1190 1991 1267 ἥγη-

340 1302 458 1354 μαι.
495 1308 521 1334 ‹‹
557 1281 965 1360 Πεπλὴρωμαι.
1010 1308 1039 1335 ››
1081 1283 1279 1353 Πάντα,
1338 1283 1495 1361 φησὶ,
1551 1283 1620 1338 τὰ
1677 1300 1988 1358 χρειωστη-

332 1370 487 1425 θέντα
520 1392 635 1444 μοι.
689 1370 867 1445 Χρὲος
922 1373 1024 1449 γάρ
1089 1369 1204 1428 οἶδε
1259 1372 1321 1426 τὸ
1381 1371 1624 1449 πρᾶγμα,
1683 1370 1982 1442 πεπλῆρίὼ

334 1481 452 1532 μαι,
488 1462 644 1533 φησὶ,
680 1458 967 1534 δεξάμενος
1025 1461 1174 1533 παρὰ
1225 1458 1650 1540 Ἐπαφροδίτου.
1709 1459 1807 1517 Διὰ
1861 1459 1985 1515 τού·

329 1569 425 1604 του
458 1549 591 1618 ἦσαν
627 1548 1065 1614 ἀποστείλαντες.
1106 1575 1125 1601 ι
1182 1551 1395 1624 Ὂσμήν
1425 1547 1675 1611 εὐωδίας.
1710 1570 1740 1601 »
1773 1550 1983 1623 Ὀσμῆν

331 1634 562 1700 εὒωὸίας
594 1640 677 1693 καὶ
707 1638 889 1701 ουσίαν
920 1637 1113 1710 Eam-av
1159 1643 1238 1712 τῷ
1287 1643 1405 1710 Θεῷ
1463 1638 1778 1714 ὑπάρχοντά
1826 1660 1979 1717 φησι.

332 1722 505 1785 Βαϐαὶ
535 1732 642 1782 ποῦ
672 1728 738 1783 τὰ
781 1726 1005 1792 δοθέντα
1061 1728 1336 1802 ἀνήγαγεν
1372 1729 1384 1783 l
1446 1726 1561 1786 Οὐκ
1614 1727 1762 1800 ἐμοὶ,
1794 1729 1980 1806 φησὶν,

331 1813 478 1871 ἀλλὰ
533 1820 613 1889 τῷ
669 1822 785 1889 θεῷ
845 1813 1137 1875 δεδώκατε.
1199 1812 1510 1892 Ἐδεχόμην
1569 1817 1675 1892 γὰρ
1729 1815 1798 1871 τὰ
1853 1820 1981 1891 παρ’

328 1907 502 1980 ὑμῶν,
535 1904 718 1985 φησίν,
758 1905 935 1979 ὀσμὴν
969 1904 1198 1967 εὐωδίας
1251 1904 1342 1961 καὶ
1400 1905 1588 1961 θυσίαν
1628 1908 1744 1977 Θεῷ
1802 1905 1974 1981 iamip-

322 2016 514 2075 χοντα.
546 1996 650 2052 Καὶ
685 1995 789 2073 γὰρ
817 1994 1067 2069 θυμίαμά
1120 2016 1179 2051 τε
1233 1996 1324 2051 καὶ
1383 1994 1540 2061 ουσία
1594 1993 1799 2070 λογική
1860 1997 1976 2068 Θεῷ

325 2087 477 2159 μόνῳ
508 2085 859 2161 προσάγεται.
914 2085 1018 2143 Καὶ
1050 2084 1117 2140 τὰ
1168 2085 1297 2156 παρ’
1356 2085 1531 2159 ὑμῶν,
1589 2084 1744 2162 φησὶ,
1803 2081 1973 2160 δῶρα,

320 2180 437 2247 Θεῷ
474 2173 856 2250 προσαχθέντα
883 2174 1166 2253 τυγχάνει.
1208 2197 1237 2227 α
1286 2176 1348 2233 'O
1416 2171 1475 2230 δὲ
1531 2173 1661 2237 Θεός
1693 2195 1800 2248 μου
1834 2174 1977 2244 πλη-

319 2264 483 2338 ρώσει
538 2267 712 2318 πᾶσαν
771 2263 963 2337 χρείαν
1017 2262 1191 2335 ὑμῶν.
1252 2285 1282 2313 ››
1339 2258 1566 2331 Ἐπειδή
1627 2264 1772 2317 εἶπεν
1838 2260 1972 2330 ἂνω,

318 2377 342 2405 (ι
375 2352 716 2425 Ἠκαιρεῖσοε
746 2349 804 2405 δὲ
838 2375 865 2402 ››
894 2349 1190 2421 τουτέστιν,
1223 2350 1312 2407 Ἐν
1346 2345 1520 2421 ἐνδείᾳ
1547 2349 1666 2419 ἥτε,
1695 2346 1785 2405 νῦν
1814 2349 1973 2406 Enati-

317 2461 476 2517 χεται
533 2440 715 2502 αὐτοῖς
775 2441 873 2508 τὴν
954 2437 1294 2514 αὐτάρκειαν,
1354 2438 1431 2501 εἷς
1493 2438 1558 2494 τὸ
1612 2438 1702 2494 καὶ
1771 2439 1973 2515 ἑτέροις

322 2529 579 2594 δύνασθαι
620 2535 905 2606 χορηγεῖν.
967 2552 996 2581 ‹‹
1056 2529 1200 2583 Κατὰ
1256 2528 1350 2586 τὸν
1406 2526 1649 2584 πλοῦτον
1704 2527 1869 2584 αὐτοῦ
1921 2527 1975 2584 ἐν

321 2616 466 2695 δόξῃ,
502 2623 729 2673 »Τοῦτο
772 2618 911 2686 εἶπε,
980 2617 1191 2682 δεικνὺς
1245 2615 1329 2672 ὅτι
1385 2617 1477 2671 καὶ
1536 2614 1763 2673 εὔκολον
1824 2616 1971 2690 αὐτῷ

318 2706 525 2766 δοῦναι.
560 2705 836 2768 Πλούσιος
867 2708 972 2784 γάρ
1005 2704 1138 2763 ἐστι.
1175 2706 1346 2761 Δώσει
1405 2701 1463 2760 δὲ
1521 2706 1648 2778 ὑμῖν
1708 2704 1759 2761 ἐν
1816 2702 1969 2782 δόξῃ.

310 2801 591 2856 Τουτὲστιν
632 2800 770 2855 ὥστε
806 2797 882 2859 εἷς
918 2795 1075 2868 δόξαν
1110 2797 1278 2852 αὐτοῦ
1305 2797 1405 2865 τήν
1456 2797 1604 2852 δόσιν
1660 2804 1970 2873 προχωρῆ-

309 2911 420 2949 σκι,
445 2913 473 2943 ‹‹
511 2887 619 2944 Σὺν
652 2891 877 2964 Χριστῷ
940 2887 1147 2958 Ἰησοῦ.
1176 2909 1202 2937 ››
1233 2886 1306 2943 ’Ἠ
1360 2883 1449 2941 διὰ
1506 2886 1684 2957 Ἰησοῦ
1737 2888 1971 2962 Χριστοῦ

312 2976 496 3035 δώσει.
530 2979 592 3037 Ὁ
619 2978 722 3053 γὰρ
756 2975 1201 3053 πεπληρωμένος
1255 2980 1373 3037 τοῖς
1429 2972 1776 3051 χρειώδεσιν,
1809 2977 1974 3056 εὐχα-

310 3069 485 3141 ριστεῖ
512 3069 593 3138 τῷ
623 3059 915 3122 δεδωκότι.

2102 652 2360 710 fructum
2383 660 2642 710 vestrum
2656 656 2757 726 qui
2772 656 2831 711 in
2851 657 3143 712 rationem
3158 664 3410 714 vestram
3422 675 3541 715 non
3557 677 3752 717 meam

2102 741 2404 800 exuberat.
2438 746 2586 801 111
2628 745 2799 801 Vides
2829 746 2989 818 quod
3019 747 3132 819 ipsi
3152 748 3516 820 juvabantur
3538 766 3607 805 ex
3638 751 3751 806 hoc

2102 832 2260 904 quod
2284 834 2626 891 necessaria
2643 835 3022 907 prmberent?
3043 841 3125 893 Ac
3148 838 3196 892 si
3218 838 3443 895 diceret
3466 857 3477 893 :
3505 842 3753 912 Propter

2098 921 2420 979 utilitatem
2452 929 2706 979 vestram
2736 925 2864 981 haec
2894 928 3120 997 quaero,
3152 933 3217 982 ut
3248 946 3350 983 vos
3369 929 3639 989 fructum
3664 947 3752 984 re-

2095 1010 2322 1067 feratis.
2356 1034 2385 1062 «
2417 1014 2634 1085 Recepi
2668 1019 2867 1069 tamen
2900 1016 3123 1072 omnia.
3160 1036 3187 1065 »
3221 1019 3303 1073 Ex
3348 1018 3461 1073 hoc
3512 1035 3749 1074 rursum

2094 1102 2489 1173 promptiores
2520 1119 2622 1158 eos
2652 1103 2887 1158 reddit:
2922 1106 3160 1177 Recepi,
3195 1106 3411 1177 inquit,
3463 1108 3664 1164 omnia
3692 1115 3752 1164 et

2095 1190 2334 1253 abundo
2361 1207 2375 1245 :
2407 1190 2519 1248 hoc
2552 1196 2659 1253 cst,
2694 1193 2875 1248 etiam
2908 1210 2978 1250 ea
3008 1211 3142 1265 qum
3196 1197 3413 1267 prioris
3467 1198 3751 1269 temporis

2095 1285 2265 1336 erant
2280 1296 2415 1336 cum
2437 1297 2557 1337 non
2580 1281 2851 1337 misistis.
2881 1306 2906 1333 ιι
2929 1284 3001 1338 Et
3027 1284 3286 1340 abundo.
3313 1308 3340 1335 »
3363 1284 3426 1341 Id
3441 1292 3550 1353 est,
3580 1286 3753 1359 plura

2092 1386 2270 1440 quam
2303 1375 2579 1441 suscepta
2608 1376 2748 1427 sunt
2773 1387 2869 1425 me
2893 1372 3190 1445 recepisse
3213 1374 3384 1429 duco.
3419 1397 3445 1424 ‹‹
3467 1376 3749 1447 Expletus

2092 1474 2246 1515 sum.
2278 1476 2305 1500 ν»
2348 1459 2580 1521 Omnia.
2624 1460 2728 1525 ait,
2790 1478 2924 1532 quas
2980 1462 3126 1516 mihi
3185 1462 3589 1519 debebantur:
3639 1466 3751 1527 scit

2088 1547 2249 1602 enim
2273 1547 2401 1602 haec
2424 1548 2535 1602 sibi
2560 1548 2784 1604 deberi.
2814 1550 3095 1622 Expletus
3119 1553 3491 1623 sum,inquit.
3513 1558 3749 1625 postea-

2089 1653 2270 1710 quam
2293 1637 2493 1709 accepi
2512 1637 2584 1692 ab
2605 1639 3146 1711 Epaphrodito.Per
3166 1641 3424 1697 huncilli
3439 1642 3744 1700 miserant.

2091 1746 2115 1777 ιι
2150 1726 2406 1786 Odorem
2435 1726 2607 1781 bona:
2639 1728 2997 1801 fragrantim.
3040 1753 3059 1778 υ
3100 1730 3351 1787 Odorem
3404 1731 3573 1786 boum
3622 1730 3744 1787 fra-

2084 1815 2333 1889 grantiaa
2366 1820 2425 1870 et
2454 1815 2710 1871 hostiam
2744 1814 2862 1872 Deo
2904 1824 3209 1890 acceptam
3243 1819 3388 1875 dicit
3440 1820 3544 1875 illa
3590 1838 3741 1875 esse.

2086 1907 2257 1977 Papa:
2289 1905 2302 1960 l
2337 1905 2622 1977 quanium
2656 1907 2867 1962 extulit
2891 1925 3021 1979 qua:
3048 1908 3183 1964 data
3209 1909 3407 1964 erant!
3433 1912 3741 1975 Nonmihi,

2087 1993 2190 2063 ait,
2224 1994 2328 2050 sed
2358 1995 2475 2049 Deo
2504 1995 2772 2052 dedistis.
2805 1997 3020 2068 Accepi
3054 1998 3236 2064 enim,
3268 1999 3480 2070 inquit,
3517 2014 3550 2055 a
3580 2001 3744 2055 vobis

2086 2099 2219 2153 quas
2252 2088 2422 2140 erant
2452 2083 2600 2139 odor
2627 2083 2800 2140 bonae
2833 2085 3173 2158 fragrantiae
3207 2092 3264 2141 et
3285 2088 3480 2143 hostia
3508 2089 3745 2145 Deo.Et-

2086 2171 2248 2227 enim
2281 2172 2610 2243 thymiama
2637 2173 2688 2228 ei
2720 2173 2916 2230 hostia
2944 2176 3256 2231 rationalis
3288 2177 3397 2232 soli
3432 2179 3549 2233 Deo
3572 2181 3741 2235 olior-

2087 2265 2184 2316 tur
2210 2276 2223 2314 :
2259 2266 2317 2316 et
2345 2278 2477 2334 quas
2508 2277 2542 2318 a
2569 2262 2734 2318 vobis
2761 2264 2944 2319 missa
2974 2269 3115 2319 sunt
3157 2263 3332 2333 dona,
3393 2267 3494 2321 Dei
3543 2267 3743 2324 oblata

2085 2354 2245 2406 sunt.
2278 2372 2304 2399 ‹‹
2342 2351 2497 2406 Deus
2526 2356 2725 2407 autem
2751 2368 2921 2409 meus
2953 2352 3250 2424 supplevit
3278 2354 3571 2427 quidquid
3592 2374 3741 2429 opus

2082 2440 2262 2495 fuerit
2290 2438 2474 2496 vobis.
2510 2461 2539 2488 υ
2570 2438 2861 2506 Quoniam
2911 2442 3188 2514 superius
3247 2443 3435 2499 dixit:
3483 2443 3597 2501 Sed
3638 2446 3742 2502 de-

2084 2536 2211 2589 erat
2239 2532 2406 2589 vobis
2437 2533 2873 2605 opportunitas,
2898 2532 3009 2590 hoc
3031 2539 3141 2602 est,
3167 2536 3227 2592 in
3250 2534 3578 2609 indigentia
3605 2554 3740 2594 con-

2085 2620 2271 2677 stituti
2298 2622 2506 2677 eratis:
2532 2616 2693 2679 nunc
2713 2627 3007 2694 prmcatur
3028 2624 3149 2680 illis
3173 2624 3738 2699 sufﬁcientiam,quo

2078 2715 2141 2768 et
2165 2710 2301 2767 aliis
2328 2712 2562 2783 possint
2591 2712 2933 2769 necessaria
2959 2713 3321 2771 ministrare.
3350 2738 3375 2766 ‹‹
3403 2716 3737 2793 Secundum

2084 2799 2319 2856 divitias
2350 2817 2488 2855 suas
2519 2800 2581 2856 in
2611 2801 2820 2873 gloria.
2860 2824 2880 2851 ι
2918 2802 3037 2858 Ηοο
3068 2802 3217 2858 dixit
3247 2806 3406 2876 quod
3446 2807 3622 2861 etiam
3654 2806 3738 2862 fa-

2082 2887 2194 2945 cile
2228 2890 2306 2944 sit
2337 2890 2448 2961 ipsi
2471 2889 2634 2957 dare,
2660 2896 2749 2945 est
2771 2891 2929 2946 enim
2953 2891 3135 2946 dives.
3161 2892 3333 2947 Dabit
3359 2898 3557 2949 autem
3573 2895 3737 2951 vobis

2089 2978 2151 3033 in
2182 2977 2407 3051 gloria:
2439 2979 2552 3035 hoc
2583 2985 2692 3046 est,
2724 2984 2790 3034 ut
2814 2979 3039 3035 donum
3066 2981 3351 3052 producat
3381 2984 3456 3037 ad
3485 2983 3736 3055 gloriam

2086 3084 2274 3124 suam.
2311 3089 2339 3116 ‹‹
2373 3070 2487 3124 Per
2511 3068 2810 3124 Christum
2827 3069 3046 3125 Iesum.
3070 3091 3099 3119 »
3131 3072 3275 3126 Nam
3300 3067 3350 3123 ἐν
3373 3072 3605 3144 capitur
3630 3091 3734 3145 pro

305 3152 415 3223 διά,
448 3155 511 3212 id
541 3160 633 3212 est
658 3156 725 3211 In
755 3171 861 3228 pro
896 3155 1023 3210 Per.
1060 3153 1235 3211 Dabit
1262 3168 1401 3227 ergo
1446 3170 1555 3226 per
1611 3154 1913 3211 Christum
1954 3157 2176 3213 Iesum.
2237 3157 2347 3223 Qui
2397 3157 2557 3213 enim
2613 3158 2884 3231 expletus
2933 3162 3024 3215 est
3071 3159 3164 3216 his
3210 3177 3340 3231 qua:
3398 3165 3737 3221 necessaria

303 3251 493 3311 erant,
522 3245 710 3319 gratia
738 3244 858 3318 agit
887 3245 941 3300 ei
973 3244 1074 3316 qui
1106 3243 1293 3300 dedit.

280 3380 285 3387 .
370 3338 467 3406 Τῷ
515 3331 574 3390 δὲ
629 3337 748 3405 Θεῷ
802 3332 891 3388 καὶ
954 3331 1125 3407 Πατρὶ
1183 3332 1343 3403 ἡμῶν
1420 3333 1456 3401 ἡ
1516 3326 1643 3402 δόξα
1701 3331 1779 3395 εἷς
1836 3332 1965 3395 τοὺς
2004 3337 2049 3404 C

304 3424 507 3488 αἰῶνας
586 3426 695 3477 τῶν
771 3420 1011 3478 αῗώνων.
1098 3420 1303 3494 Ἀμήν.
1360 3419 1699 3486 Ἀσπάσασθε
1781 3422 1953 3479 πάντα

304 3516 457 3590 ἅγιον
514 3512 566 3569 ἐν
648 3514 874 3585 Χριστῷ
957 3511 1159 3581 Ἰησοῦ.
1231 3509 1595 3581 Ἀσπάζονται
1675 3511 1815 3584 ὑμᾶς
1901 3513 1953 3567 οἱ

305 3603 397 3661 σὺν
457 3600 584 3677 ἐμοὶ
658 3598 908 3681 ἀδελφοὶ,
990 3599 1324 3671 ἀσπάζονται
1409 3598 1548 3673 ὑμᾶς
1620 3600 1815 3664 πάντες
1902 3602 1953 3656 οἱ

298 3697 472 3770 ἅγιοι,
518 3691 757 3766 μάλιστα
787 3687 866 3761 δὲ,
898 3689 952 3744 οἱ
995 3686 1055 3744 ἐκ
1109 3695 1211 3759 τῆς
1268 3686 1540 3762 Καίσαρος
1595 3688 1819 3751 οἰκείας.
1886 3692 1951 3746 Ἡ

303 3785 467 3861 χάρις
496 3786 594 3839 τοῖ’)
624 3782 830 3858 Κυρίου
856 3782 1016 3853 ἡμῶν
1051 3781 1236 3850 Ἰησοῦ
1264 3779 1524 3854 Χριστοῦ,
1572 3781 1707 3853 μετᾶ
1736 3779 1950 3837 πάντιυν

301 3876 328 3930 ὑ
338 3878 472 3949 μῶν.
503 3874 556 3929 ’Λ
568 3874 677 3948 μήν
687 3915 699 3928 .

367 3960 592 4034 Ἐπειδή
635 3962 777 4027 εἶπε,
808 3958 906 4016 Διὰ
935 3961 1120 4029 Ἰησοῦ
1148 3959 1385 4034 Χριστοῦ
1437 3960 1725 4033 πληρώσει
1777 3966 1950 4018 πᾶσαν

299 4050 490 4130 χρείαν
526 4051 700 4126 ὑμῶν,
735 4047 1024 4125 δοξολογεῖ
1054 4049 1263 4104 καὶτὸν
1298 4047 1532 4126 Πατέρα,
1589 4052 1681 4106 τὸν
1743 4048 1832 4106 διά
1856 4056 1954 4107 τοῦ

308 4143 432 4199 rio?»
464 4138 685 4198 διδόντα
739 4140 841 4209 τὴν
900 4137 1240 4216 αὖτάριιειαν.
1301 4163 1330 4191 ιι
1396 4140 1755 4212 Ἀσπάζονται
1813 4141 1952 4215 ὑμᾶς

298 4234 350 4289 οἳ
381 4234 473 4288 σὺν
508 4230 655 4306 ἐμοί.
692 4254 719 4281 ››
754 4232 921 4289 Ἠταν
949 4228 1052 4307 γὰρ
1109 4228 1340 4292 πλείους
1395 4231 1517 4305 μετ’
1568 4230 1755 4299 αὐτοῦ,
1804 4231 1953 4299 πλὴν

297 4324 381 4380 ὅτι
439 4323 609 4397 μόνος
688 4319 956 4395 ἷσόψυχος
1017 4320 1045 4374 ὁ
1098 4319 1388 4391 Τιμόθεος,
1469 4321 1542 4383 ὡς
1599 4318 1711 4376 ἅνω
1769 4322 1954 4398 φησίν.

293 4415 490 4485 ’Ὅμως
523 4409 718 4487 δρατὰ
776 4408 1004 4466 Παύλου
1068 4406 1381 4483 σπλάγχνα,
1438 4408 1524 4465 ὅτι
1581 4409 1673 4465 καὶ
1730 4411 1959 4475 τοῦτους

299 4499 570 4580 ἀδελφοὺς
647 4497 827 4557 καλεῖ,
894 4522 913 4547 α
1004 4496 1367 4567 Ἀσπάζονται
1432 4498 1574 4570 ὑμᾶς
1633 4500 1829 4562 πάντες
1904 4504 1957 4557 οἱ

298 4594 469 4666 ἅγιοι.
503 4616 524 4644 ι
560 4596 634 4660 Ση
648 4593 800 4662 μεῖον
833 4588 901 4658 ἦν
929 4587 1015 4643 ’ὁτι
1052 4588 1080 4642 ὁ
1116 4583 1332 4648 Παῦλος
1372 4589 1504 4663 παρ’
1555 4587 1740 4652 αὐτοῖς
1767 4588 1958 4665 ἐπῄνει

299 4679 427 4744 τοὺς
518 4677 951 4748 Φιλιππησίους,
1013 4673 1100 4732 διὸ
1179 4676 1269 4730 καὶ
1353 4675 1681 4747 ἀσπάζονται
1739 4677 1956 4743 αὐτούς.
1990 4704 2038 4770 D

296 4797 325 4826 κ
353 4769 605 4827 Μέλιττα
633 4764 711 4835 δὲ,
772 4768 825 4823 οἱ
884 4766 944 4821 ἐκ
1000 4772 1100 4835 τῆς
1156 4763 1430 4842 Καίσαρος
1469 4765 1665 4831 οἰκίας.
1701 4791 1729 4820 n
1758 4768 1951 4845 ’Avép'-

294 4862 464 4938 ῥωσεν
498 4856 693 4919 αὐτοὺς
722 4855 807 4913 ὅτι
864 4856 958 4911 καὶ
1017 4856 1120 4924 τήν
1178 4852 1474 4932 βασιλικὴν
1531 4855 1704 4912 οἰκίαν
1761 4851 1958 4932 ἔφθασε

281 4951 367 5007 -τὸ
413 4953 696 5027 κήρυγμα.
752 4944 829 5005 Οὔ
888 4945 993 5021 γὰρ
1050 4941 1112 5001 ἂν
1175 4945 1250 5015 μὴ
1310 4943 1712 5010 πιστεύσαντες,
1770 4948 1952 5017 ἡαπά.

299 5061 462 5096 σαντο
486 5040 615 5101 τοὺς
673 5035 1111 5105 Φιλιππησίους.
1165 5035 1310 5111 Πρὸς
1365 5035 1583 5096 τούτοις
1640 5035 1730 5092 καὶ
1794 5041 1951 5094 τοῦτό

298 5129 562 5189 διδάσκει.
598 5128 660 5187 El
692 5128 746 5184 οἱ
776 5126 830 5181 ἐν
887 5129 1004 5189 τοῖς
1066 5123 1367 5202 βασιλείοις
1425 5126 1638 5184 πάντων
1696 5130 1955 5205 κατεφρό-

297 5243 469 5295 νησαν
525 5221 615 5277 καὶ
671 5224 752 5292 τῷ
808 5221 1038 5294 Χριστῷ
1095 5215 1435 5287 ἐπίστευσαν,
1505 5218 1660 5292 πόσῳ
1731 5217 1950 5295 μᾶλλον

295 5313 436 5386 ὑμᾶς
468 5309 595 5373 τοὺς
627 5307 861 5378 πένητας
887 5312 1052 5362 τοῦτο
1084 5304 1167 5362 δεῖ
1196 5312 1379 5362 ποιεῖν
1411 5326 1426 5377 ;
1461 5332 1491 5361 «
1538 5310 1601 5365 Ἦ
1633 5308 1799 5385 χάρις
1856 5314 1952 5364 τοῦ

295 5400 500 5477 Κυρίου
559 5399 739 5469 Ἰησοῦ
788 5399 1024 5471 Χριστοῦ
1085 5396 1222 5470 μετᾶ
1274 5396 1492 5452 πάντων
1554 5399 1728 5471 ὑμῶν.
1790 5421 1819 5451 ››
1875 5399 1952 5457 Τὸ

292 5490 514 5563 σ·5νηθες
547 5489 717 5561 αὐτῷ,
749 5486 891 5566 εὐχῇ
921 5486 1082 5542 παύει
1112 5488 1215 5557 τὴν
1254 5484 1587 5556 Ἐπιστολὴν
1640 5488 1733 5543 καὶ
1761 5492 1877 5549 νῦν.

506 5587 682 5653 Τέλος
715 5585 807 5643 σὺν
840 5589 958 5655 Θεῷ
986 5594 1088 5656 τῆς
1131 5587 1268 5658 πρὸς
1322 5584 1735 5658 Φιλιππησίους

937 5657 1292 5729 Ἐπιστολῆς.

507 5751 748 5828 Ἐγράφη
794 5747 902 5804 ἀπὸ
928 5748 1156 5823 Ῥώμης
1189 5746 1259 5803 δι’
1304 5745 1731 5828 Ἐπαφροδίτου.

2153 3337 2242 3401 lV,
2285 3339 2477 3393 20-23.
2525 3359 2546 3388 α
2584 3339 2700 3394 Deo
2727 3343 2926 3394 autem
2959 3344 3019 3394 et
3046 3340 3205 3395 Patri
3236 3345 3440 3396 nostro
3464 3342 3653 3414 gloria
3672 3345 3733 3401 in

2072 3447 2101 3476 ‹‹
2130 3427 2351 3484 saecula
2371 3428 2753 3484 saeculorum.
2782 3431 2995 3486 Amen.
3031 3429 3289 3485 Salutate
3313 3447 3550 3487 omnem
3573 3450 3738 3491 sanc-

2071 3537 2097 3566 «
2127 3519 2251 3572 tum
2275 3517 2336 3573 in
2355 3517 2586 3575 Christo
2615 3519 2773 3573 Jesu.
2799 3518 3073 3574 Salutant
3098 3536 3199 3574 vos
3226 3521 3324 3592 qui
3350 3538 3582 3578 mecum
3596 3531 3735 3580 sunt

2071 3626 2098 3655 ‹‹
2133 3605 2366 3662 fratres.
2392 3606 2663 3663 Salutant
2691 3624 2792 3663 vos
2819 3624 3029 3663 omnes
3062 3610 3271 3677 sancti,
3305 3611 3563 3669 maxime
3594 3631 3730 3671 vero

2071 3716 2099 3744 ‹‹
2135 3696 2236 3767 qui
2265 3701 2407 3752 sunt
2436 3712 2506 3752 ex
2529 3697 2779 3753 Caesaris
2800 3697 3050 3754 familia.
3073 3699 3269 3754 Gratia
3288 3701 3519 3757 Domini
3540 3691 3728 3759 nostri

2073 3805 2103 3833 ι’
2132 3784 2269 3841 Jesu
2300 3785 2516 3842 Christi
2550 3803 2684 3842 cum
2715 3787 2993 3858 omnibps
3017 3788 3201 3843 vobis.
3233 3791 3441 3846 Amen.
3472 3818 3496 3839 »

2142 3875 2433 3941 Quoniam
2466 3875 2718 3939 dixerat,
2751 3894 2858 3949 per
2884 3879 3083 3933 Jesum
3106 3878 3402 3935 Christum
3427 3883 3729 3954 supplebit

2065 3964 2361 4036 quidquid
2378 3983 2527 4038 opus
2545 3966 2723 4022 fuerit
2745 3967 2931 4028 vobis.
2955 3968 3248 4039 gloriﬁcat
3274 3970 3451 4025 etiam
3468 3973 3722 4039 Patrem,

2069 4054 2170 4126 qui
2201 4070 2310 4126 per
2338 4054 2552 4111 Filium
2583 4055 2750 4111 dedit
2777 4055 3214 4113 sufficientiam.
3248 4083 3274 4107 ιι
3311 4059 3581 4117 Salutant
3626 4079 3725 4119 vos

2069 4146 2172 4219 qui
2203 4163 2439 4203 mecum
2470 4152 2626 4204 sunt.
2664 4170 2691 4196 η
2723 4148 2932 4204 Plures
2958 4149 3119 4205 enim
3151 4166 3286 4204 cum
3347 4152 3475 4223 ipso
3531 4161 3722 4224 erant,

2068 4236 2184 4292 nisi
2210 4237 2373 4308 quod
2403 4236 2651 4308 aequalis
2691 4253 2828 4311 erga
2858 4238 3018 4309 ipsos
3045 4238 3230 4293 animi
3263 4240 3425 4295 solus
3470 4248 3595 4297 erat
3624 4244 3720 4297 Ti-

2072 4325 2367 4393 motheus,
2402 4325 2882 4398 sicuti'superius
2915 4326 3081 4382 dixit.
3112 4330 3388 4385 Attamen
3414 4331 3726 4389 considera

2069 4413 2237 4470 Pauli
2268 4414 2519 4478 viscera,
2550 4414 2710 4486 quod
2741 4415 2919 4470 etiam
2952 4415 3060 4471 hos
3093 4416 3306 4472 fratres
3338 4422 3521 4474 vocet.
3561 4440 3588 4469 ‹‹
3619 4421 3723 4477 Sa~

2068 4503 2263 4559 lutant
2291 4519 2391 4558 vos
2418 4519 2624 4558 omnes
2655 4504 2868 4559 sancti.
2902 4525 2929 4553 »
2965 4506 3051 4560 ’11
3070 4506 3116 4561 2
3149 4504 3392 4578 Signum
3420 4514 3547 4564 erat
3566 4509 3721 4581 quod

2070 4592 2290 4649 Paulus
2320 4593 2477 4665 apud
2508 4592 2643 4649 illos
2673 4593 3051 4650 collaudahat
3099 4594 3533 4668 Philippenses,
3587 4599 3720 4656 ideo

2070 4681 2248 4738 etiam
2282 4682 2443 4754 ipsos
2473 4681 2753 4737 salutant.
2788 4703 2818 4730 «
2850 4682 3096 4737 Maxime
3128 4698 3266 4738 vero
3299 4685 3400 4754 qui
3468 4691 3608 4740 sunt
3652 4702 3724 4743 ex

2062 4770 2308 4827 Caesaris
2366 4769 2674 4827 familia.»
2726 4771 2971 4826 Becreat
3023 4770 3184 4842 ipsos
3240 4772 3510 4830 indicans
3562 4775 3723 4845 quod

2066 4859 2290 4931 regiam
2328 4860 2617 4915 familiam
2674 4860 3033 4932 prmvencrit
3081 4860 3466 4932 praedicatio:
3525 4848 3720 4936 neque

2065 4948 2224 5005 enim
2244 4949 2659 5021 Philippenses
2682 4947 3042 5004 salutassent
3070 4948 3181 5004 nisi
3202 4949 3615 5006 credidissent.
3634 4952 3721 5009 Ad

2063 5038 2192 5094 hac
2221 5037 2280 5093 id
2314 5039 2494 5095 etiam
2526 5039 2717 5095 docet.
2751 5039 2811 5094 Si
2835 5038 2893 5093 hi
2919 5038 3019 5110 qui
3053 5039 3113 5094 in
3144 5039 3321 5110 regiis
3348 5046 3489 5096 sunt
3518 5045 3721 5100 omnia

2064 5130 2552 5201 contempserunt
2575 5136 2634 5184 et
2653 5128 2713 5183 in
2748 5128 3045 5184 Christum
3069 5128 3471 5197 crediderunt,
3496 5139 3717 5203 quanto

2062 5218 2250 5293 magis
2286 5236 2385 5274 vos
2419 5219 2521 5291 qui
2555 5236 2848 5291 pauperes
2879 5218 3025 5274 estis
3054 5219 3167 5275 hoc
3223 5218 3419 5276 facere
3461 5229 3713 5295 oportet.

2064 5330 2094 5361 ι(
2125 5310 2323 5366 Gratia
2353 5308 2590 5365 Domini
2622 5310 2811 5364 nostri
2841 5309 2978 5365 Jesu
3024 5308 3241 5364 Christi
3271 5326 3406 5366 cum
3437 5312 3715 5370 omnibus

2060 5398 2242 5455 vobis.
2286 5421 2314 5449 ››
2346 5399 2512 5465 Quod
2543 5399 2656 5471 ipsi
2688 5399 2874 5455 moris
2905 5405 3014 5464 est,
3066 5399 3245 5455 etiam
3301 5416 3455 5456 nunc
3503 5418 3711 5472 preca-

2060 5488 2220 5544 tione
2254 5487 2556 5545 concludit
2583 5488 2933 5561 Epistolam.

2058 5590 2232 5659 Finis,
2288 5589 2477 5645 divino
2526 5591 2746 5659 favente
2793 5588 3029 5655 manilio,
3081 5589 3341 5660 Epistolas
3379 5590 3454 5645 ad
3494 5591 3712 5666 Philip-

2778 5675 2992 5732 penses.

2130 5751 2361 5826 Scripta
2388 5759 2478 5811 est
2505 5752 2579 5808 ab
2610 5751 2755 5808 urbe
2786 5753 2971 5808 Roma
2986 5766 3092 5823 per
3121 5751 3607 5825 Epaphroditum.
