  <div class='ocr_page' id='page_1' title='image "/cluster/home/n/w/nwhite01/storage/ocr_20150623/118/mdp.39015078384297/013.png"; bbox 0 0 4098 6260; ppageno 0'>
   <div class='ocr_carea' id='block_1_1' title="bbox 377 260 3773 367">
    <p class='ocr_par' dir='ltr' id='par_1_1' title="bbox 377 260 3773 367">
     <span class='ocr_line' id='line_1_1' title="bbox 377 260 3773 367; baseline -0.001 -35"><span class='ocrx_word' id='word_1_1' title='bbox 377 266 440 332; x_wconf 78' lang='lat' dir='ltr'><strong>H</strong></span> <span class='ocrx_word' id='word_1_2' title='bbox 1330 362 1333 367; x_wconf 16' lang='grc' dir='ltr'><strong>η</strong></span> <span class='ocrx_word' id='word_1_3' title='bbox 1398 262 1895 328; x_wconf 78' lang='lat' dir='ltr'><strong>(EGUMENIUS</strong></span> <span class='ocrx_word' id='word_1_4' title='bbox 1939 260 2244 327; x_wconf 64' lang='lat' dir='ltr'><strong>TRICCJE</strong></span> <span class='ocrx_word' id='word_1_5' title='bbox 2289 261 2735 330; x_wconf 85' lang='lat' dir='ltr'><strong>EPISCOPUS.</strong></span> <span class='ocrx_word' id='word_1_6' title='bbox 3697 271 3773 333; x_wconf 73' lang='grc'><strong>12</strong></span> 
     </span>
    </p>
   </div>
   <div class='ocr_carea' id='block_1_2' title="bbox 373 398 3774 483">
    <p class='ocr_par' dir='ltr' id='par_1_2' title="bbox 373 398 3774 483">
     <span class='ocr_line' id='line_1_2' title="bbox 373 398 3774 483; baseline 0 -17"><span class='ocrx_word' id='word_1_7' title='bbox 373 424 512 466; x_wconf 88' lang='lat' dir='ltr'><strong>rum</strong></span> <span class='ocrx_word' id='word_1_8' title='bbox 546 401 853 473; x_wconf 85' lang='lat' dir='ltr'><strong>invenias,</strong></span> <span class='ocrx_word' id='word_1_9' title='bbox 886 400 1233 481; x_wconf 89' lang='lat' dir='ltr'><strong>prasertim</strong></span> <span class='ocrx_word' id='word_1_10' title='bbox 1267 401 1436 479; x_wconf 89' lang='lat' dir='ltr'><strong>apud</strong></span> <span class='ocrx_word' id='word_1_11' title='bbox 1479 402 1748 466; x_wconf 85' lang='lat' dir='ltr'><strong>Gracos.</strong></span> <span class='ocrx_word' id='word_1_12' title='bbox 1783 399 1892 478; x_wconf 91' lang='lat' dir='ltr'><strong>qui</strong></span> <span class='ocrx_word' id='word_1_13' title='bbox 1921 398 2329 478; x_wconf 77' lang='lat' dir='ltr'><strong>inscriptione</strong></span> <span class='ocrx_word' id='word_1_14' title='bbox 2359 401 2572 483; x_wconf 86' lang='lat' dir='ltr'><strong>aliqua</strong></span> <span class='ocrx_word' id='word_1_15' title='bbox 2595 419 2776 462; x_wconf 90' lang='lat' dir='ltr'><strong>suum</strong></span> <span class='ocrx_word' id='word_1_16' title='bbox 2810 419 3039 463; x_wconf 82' lang='lat' dir='ltr'><strong>nomen</strong></span> <span class='ocrx_word' id='word_1_17' title='bbox 3071 402 3551 479; x_wconf 81' lang='lat' dir='ltr'><strong>signiﬁcandum</strong></span> <span class='ocrx_word' id='word_1_18' title='bbox 3583 411 3774 483; x_wconf 89' lang='lat' dir='ltr'><strong>puta-</strong></span> 
     </span>
    </p>
   </div>
   <div class='ocr_carea' id='block_1_3' title="bbox 372 482 3775 563">
    <p class='ocr_par' dir='ltr' id='par_1_3' title="bbox 372 482 3775 563">
     <span class='ocr_line' id='line_1_3' title="bbox 372 482 3775 563; baseline 0.001 -19"><span class='ocrx_word' id='word_1_19' title='bbox 372 489 553 546; x_wconf 84' lang='lat' dir='ltr'><strong>verit.</strong></span> <span class='ocrx_word' id='word_1_20' title='bbox 587 487 805 561; x_wconf 87' lang='lat' dir='ltr'><strong>Itaque</strong></span> <span class='ocrx_word' id='word_1_21' title='bbox 843 488 903 542; x_wconf 91' lang='lat' dir='ltr'><strong>in</strong></span> <span class='ocrx_word' id='word_1_22' title='bbox 942 483 1061 543; x_wconf 89' lang='lat' dir='ltr'><strong>hoc</strong></span> <span class='ocrx_word' id='word_1_23' title='bbox 1092 502 1319 559; x_wconf 71' lang='lat' dir='ltr'><strong>genere</strong></span> <span class='ocrx_word' id='word_1_24' title='bbox 1350 498 1565 541; x_wconf 77' lang='lat' dir='ltr'><strong>omnes</strong></span> <span class='ocrx_word' id='word_1_25' title='bbox 1593 484 2048 563; x_wconf 84' lang='lat' dir='ltr'><strong>propemodum</strong></span> <span class='ocrx_word' id='word_1_26' title='bbox 2081 498 2290 541; x_wconf 82' lang='lat' dir='ltr'><strong>sacros</strong></span> <span class='ocrx_word' id='word_1_27' title='bbox 2320 482 2514 542; x_wconf 90' lang='lat' dir='ltr'><strong>hbros</strong></span> <span class='ocrx_word' id='word_1_28' title='bbox 2545 484 2777 561; x_wconf 79' lang='lat' dir='ltr'><strong>quique</strong></span> <span class='ocrx_word' id='word_1_29' title='bbox 2809 486 2885 543; x_wconf 90' lang='lat' dir='ltr'><strong>ad</strong></span> <span class='ocrx_word' id='word_1_30' title='bbox 2920 487 3187 553; x_wconf 72' lang='lat' dir='ltr'><strong>Novum,</strong></span> <span class='ocrx_word' id='word_1_31' title='bbox 3210 485 3445 563; x_wconf 86' lang='lat' dir='ltr'><strong>quique</strong></span> <span class='ocrx_word' id='word_1_32' title='bbox 3474 489 3550 545; x_wconf 86' lang='lat' dir='ltr'><strong>ad</strong></span> <span class='ocrx_word' id='word_1_33' title='bbox 3581 482 3775 548; x_wconf 76' lang='lat' dir='ltr'><strong>Vetus</strong></span> 
     </span>
    </p>
   </div>
   <div class='ocr_carea' id='block_1_4' title="bbox 372 559 3776 642">
    <p class='ocr_par' dir='ltr' id='par_1_4' title="bbox 372 559 3776 642">
     <span class='ocr_line' id='line_1_4' title="bbox 372 559 3776 642; baseline 0.001 -16"><span class='ocrx_word' id='word_1_34' title='bbox 372 559 873 627; x_wconf 80' lang='lat' dir='ltr'><strong>Instrumentum</strong></span> <span class='ocrx_word' id='word_1_35' title='bbox 912 584 967 640; x_wconf 69' lang='grc' dir='ltr'><strong>μί</strong></span> <span class='ocrx_word' id='word_1_36' title='bbox 993 565 1242 633; x_wconf 70' lang='grc' dir='ltr'><strong>τιίηεηὶ,</strong></span> <span class='ocrx_word' id='word_1_37' title='bbox 1269 566 1481 623; x_wconf 80' lang='lat' dir='ltr'><strong>Giace</strong></span> <span class='ocrx_word' id='word_1_38' title='bbox 1512 559 1817 620; x_wconf 63' lang='lat' dir='ltr'><strong>habemus</strong></span> <span class='ocrx_word' id='word_1_39' title='bbox 1839 562 2175 642; x_wconf 85' lang='lat' dir='ltr'><strong>expositos,</strong></span> <span class='ocrx_word' id='word_1_40' title='bbox 2208 562 2380 621; x_wconf 90' lang='lat' dir='ltr'><strong>nullo</strong></span> <span class='ocrx_word' id='word_1_41' title='bbox 2411 559 2919 642; x_wconf 24' lang='lat' dir='ltr'><strong>ejus‘prapOsito</strong></span> <span class='ocrx_word' id='word_1_42' title='bbox 2944 565 3195 624; x_wconf 66' lang='lat' dir='ltr'><strong>nomine</strong></span> <span class='ocrx_word' id='word_1_43' title='bbox 3233 559 3357 642; x_wconf 69' lang='lat' dir='ltr'><strong>qui</strong></span> <span class='ocrx_word' id='word_1_44' title='bbox 3398 567 3511 626; x_wconf 88' lang='lat' dir='ltr'><strong>tali</strong></span> <span class='ocrx_word' id='word_1_45' title='bbox 3561 567 3776 629; x_wconf 89' lang='lat' dir='ltr'><strong>labore</strong></span> 
     </span>
    </p>
   </div>
   <div class='ocr_carea' id='block_1_5' title="bbox 373 641 3776 723">
    <p class='ocr_par' dir='ltr' id='par_1_5' title="bbox 373 641 3776 723">
     <span class='ocr_line' id='line_1_5' title="bbox 373 641 3776 723; baseline 0 -16"><span class='ocrx_word' id='word_1_46' title='bbox 373 648 454 707; x_wconf 84' lang='lat' dir='ltr'><strong>sit.</strong></span> <span class='ocrx_word' id='word_1_47' title='bbox 486 649 756 716; x_wconf 79' lang='lat' dir='ltr'><strong>functus,</strong></span> <span class='ocrx_word' id='word_1_48' title='bbox 795 644 1039 703; x_wconf 67' lang='lat' dir='ltr'><strong>tametsi</strong></span> <span class='ocrx_word' id='word_1_49' title='bbox 1071 646 1129 702; x_wconf 92' lang='lat' dir='ltr'><strong>in</strong></span> <span class='ocrx_word' id='word_1_50' title='bbox 1167 647 1260 702; x_wconf 87' lang='lat' dir='ltr'><strong>his</strong></span> <span class='ocrx_word' id='word_1_51' title='bbox 1289 645 1440 722; x_wconf 80' lang='lat' dir='ltr'><strong>ipsis</strong></span> <span class='ocrx_word' id='word_1_52' title='bbox 1471 642 1578 718; x_wconf 89' lang='lat' dir='ltr'><strong>qui</strong></span> <span class='ocrx_word' id='word_1_53' title='bbox 1610 661 1773 700; x_wconf 89' lang='lat' dir='ltr'><strong>nunc</strong></span> <span class='ocrx_word' id='word_1_54' title='bbox 1805 642 1863 700; x_wconf 88' lang='lat' dir='ltr'><strong>in</strong></span> <span class='ocrx_word' id='word_1_55' title='bbox 1899 641 2185 723; x_wconf 63' lang='lat' dir='ltr'><strong>manilius</strong></span> <span class='ocrx_word' id='word_1_56' title='bbox 2213 650 2383 713; x_wconf 89' lang='lat' dir='ltr'><strong>sunt,</strong></span> <span class='ocrx_word' id='word_1_57' title='bbox 2415 652 2473 702; x_wconf 85' lang='lat' dir='ltr'><strong>et</strong></span> <span class='ocrx_word' id='word_1_58' title='bbox 2497 662 2657 721; x_wconf 89' lang='lat' dir='ltr'><strong>quos</strong></span> <span class='ocrx_word' id='word_1_59' title='bbox 2687 641 2853 704; x_wconf 80' lang='lat' dir='ltr'><strong>nunc</strong></span> <span class='ocrx_word' id='word_1_60' title='bbox 2882 647 3217 723; x_wconf 74' lang='lat' dir='ltr'><strong>impressus</strong></span> <span class='ocrx_word' id='word_1_61' title='bbox 3249 641 3397 706; x_wconf 86' lang='lat' dir='ltr'><strong>Tua</strong></span> <span class='ocrx_word' id='word_1_62' title='bbox 3442 649 3776 709; x_wconf 87' lang='lat' dir='ltr'><strong>Sanctitati</strong></span> 
     </span>
    </p>
   </div>
   <div class='ocr_carea' id='block_1_6' title="bbox 373 722 3775 802">
    <p class='ocr_par' dir='ltr' id='par_1_6' title="bbox 373 722 3775 802">
     <span class='ocr_line' id='line_1_6' title="bbox 373 722 3775 802; baseline 0.002 -17"><span class='ocrx_word' id='word_1_63' title='bbox 373 729 679 795; x_wconf 73' lang='lat' dir='ltr'><strong>dicamus,</strong></span> <span class='ocrx_word' id='word_1_64' title='bbox 718 727 1075 784; x_wconf 67' lang='lat' dir='ltr'><strong>lieatissinie</strong></span> <span class='ocrx_word' id='word_1_65' title='bbox 1106 724 1312 792; x_wconf 85' lang='lat' dir='ltr'><strong>Pater,</strong></span> <span class='ocrx_word' id='word_1_66' title='bbox 1350 734 1471 783; x_wconf 76' lang='lat' dir='ltr'><strong>auc‘</strong></span> <span class='ocrx_word' id='word_1_67' title='bbox 1498 742 1669 781; x_wconf 70' lang='lat' dir='ltr'><strong>orem</strong></span> <span class='ocrx_word' id='word_1_68' title='bbox 1706 740 1920 782; x_wconf 90' lang='lat' dir='ltr'><strong>unum.</strong></span> <span class='ocrx_word' id='word_1_69' title='bbox 1959 722 2404 783; x_wconf 75' lang='lat' dir='ltr'><strong>OEeumenium</strong></span> <span class='ocrx_word' id='word_1_70' title='bbox 2439 722 2990 802; x_wconf 72' lang='lat' dir='ltr'><strong>deprehendimus,</strong></span> <span class='ocrx_word' id='word_1_71' title='bbox 3026 735 3081 785; x_wconf 90' lang='lat' dir='ltr'><strong>et</strong></span> <span class='ocrx_word' id='word_1_72' title='bbox 3118 727 3261 784; x_wconf 89' lang='lat' dir='ltr'><strong>item</strong></span> <span class='ocrx_word' id='word_1_73' title='bbox 3295 730 3588 796; x_wconf 88' lang='lat' dir='ltr'><strong>alterum,</strong></span> <span class='ocrx_word' id='word_1_74' title='bbox 3620 732 3775 791; x_wconf 88' lang='lat' dir='ltr'><strong>Are-</strong></span> 
     </span>
    </p>
   </div>
   <div class='ocr_carea' id='block_1_7' title="bbox 373 803 3774 883">
    <p class='ocr_par' dir='ltr' id='par_1_7' title="bbox 373 803 3774 883">
     <span class='ocr_line' id='line_1_7' title="bbox 373 803 3774 883; baseline 0.001 -17"><span class='ocrx_word' id='word_1_75' title='bbox 373 808 576 867; x_wconf 88' lang='lat' dir='ltr'><strong>tham.</strong></span> <span class='ocrx_word' id='word_1_76' title='bbox 613 806 785 877; x_wconf 88' lang='lat' dir='ltr'><strong>Quod</strong></span> <span class='ocrx_word' id='word_1_77' title='bbox 821 806 1024 882; x_wconf 46' lang='lat' dir='ltr'><strong>ipsum</strong></span> <span class='ocrx_word' id='word_1_78' title='bbox 1061 823 1185 881; x_wconf 91' lang='lat' dir='ltr'><strong>qua</strong></span> <span class='ocrx_word' id='word_1_79' title='bbox 1212 805 1572 881; x_wconf 80' lang='lat' dir='ltr'><strong>conjectura</strong></span> <span class='ocrx_word' id='word_1_80' title='bbox 1599 808 1766 862; x_wconf 78' lang='lat' dir='ltr'><strong>ducti</strong></span> <span class='ocrx_word' id='word_1_81' title='bbox 1801 803 2117 862; x_wconf 72' lang='lat' dir='ltr'><strong>afﬁrmare</strong></span> <span class='ocrx_word' id='word_1_82' title='bbox 2138 806 2271 861; x_wconf 82' lang='lat' dir='ltr'><strong>ausi</strong></span> <span class='ocrx_word' id='word_1_83' title='bbox 2294 805 2510 875; x_wconf 77' lang='lat' dir='ltr'><strong>simus,</strong></span> <span class='ocrx_word' id='word_1_84' title='bbox 2544 806 2766 864; x_wconf 88' lang='lat' dir='ltr'><strong>melius</strong></span> <span class='ocrx_word' id='word_1_85' title='bbox 2794 806 3311 883; x_wconf 82' lang='lat' dir='ltr'><strong>commodiusque</strong></span> <span class='ocrx_word' id='word_1_86' title='bbox 3337 808 3534 867; x_wconf 88' lang='lat' dir='ltr'><strong>altera</strong></span> <span class='ocrx_word' id='word_1_87' title='bbox 3563 810 3774 870; x_wconf 77' lang='lat' dir='ltr'><strong>Grace</strong></span> 
     </span>
    </p>
   </div>
   <div class='ocr_carea' id='block_1_8' title="bbox 373 883 3772 967">
    <p class='ocr_par' dir='ltr' id='par_1_8' title="bbox 373 883 3772 967">
     <span class='ocr_line' id='line_1_8' title="bbox 373 883 3772 967; baseline 0.001 -23"><span class='ocrx_word' id='word_1_88' title='bbox 373 889 712 965; x_wconf 71' lang='lat' dir='ltr'><strong>praposita</strong></span> <span class='ocrx_word' id='word_1_89' title='bbox 748 886 1225 967; x_wconf 82' lang='lat' dir='ltr'><strong>prat‘atiuncula</strong></span> <span class='ocrx_word' id='word_1_90' title='bbox 1250 887 1652 967; x_wconf 76' lang='lat' dir='ltr'><strong>indicandum</strong></span> <span class='ocrx_word' id='word_1_91' title='bbox 1686 884 2019 967; x_wconf 79' lang='lat' dir='ltr'><strong>duximus:</strong></span> <span class='ocrx_word' id='word_1_92' title='bbox 2058 883 2203 967; x_wconf 82' lang='lat' dir='ltr'><strong>utsi</strong></span> <span class='ocrx_word' id='word_1_93' title='bbox 2233 885 2341 967; x_wconf 88' lang='lat' dir='ltr'><strong>qui</strong></span> <span class='ocrx_word' id='word_1_94' title='bbox 2372 884 2721 945; x_wconf 89' lang='lat' dir='ltr'><strong>litterarum</strong></span> <span class='ocrx_word' id='word_1_95' title='bbox 2751 894 3102 967; x_wconf 81' lang='lat' dir='ltr'><strong>nostrarum</strong></span> <span class='ocrx_word' id='word_1_96' title='bbox 3137 888 3337 963; x_wconf 85' lang='lat' dir='ltr'><strong>ignari</strong></span> <span class='ocrx_word' id='word_1_97' title='bbox 3361 889 3436 946; x_wconf 89' lang='lat' dir='ltr'><strong>ad</strong></span> <span class='ocrx_word' id='word_1_98' title='bbox 3473 888 3592 948; x_wconf 90' lang='lat' dir='ltr'><strong>hoc</strong></span> <span class='ocrx_word' id='word_1_99' title='bbox 3612 909 3772 967; x_wconf 89' lang='lat' dir='ltr'><strong>opus</strong></span> 
     </span>
    </p>
   </div>
   <div class='ocr_carea' id='block_1_9' title="bbox 375 963 3773 1045">
    <p class='ocr_par' dir='ltr' id='par_1_9' title="bbox 375 963 3773 1045">
     <span class='ocr_line' id='line_1_9' title="bbox 375 963 3773 1045; baseline 0.001 -18"><span class='ocrx_word' id='word_1_100' title='bbox 375 963 712 1045; x_wconf 81' lang='lat' dir='ltr'><strong>legendum</strong></span> <span class='ocrx_word' id='word_1_101' title='bbox 747 966 1147 1033; x_wconf 83' lang='lat' dir='ltr'><strong>accesserint.</strong></span> <span class='ocrx_word' id='word_1_102' title='bbox 1181 965 1456 1024; x_wconf 75' lang='lat' dir='ltr'><strong>habeant</strong></span> <span class='ocrx_word' id='word_1_103' title='bbox 1488 963 1609 1042; x_wconf 86' lang='lat' dir='ltr'><strong>ipsi</strong></span> <span class='ocrx_word' id='word_1_104' title='bbox 1637 982 1907 1045; x_wconf 82' lang='lat' dir='ltr'><strong>quoque</strong></span> <span class='ocrx_word' id='word_1_105' title='bbox 1946 964 2006 1022; x_wconf 90' lang='lat' dir='ltr'><strong>in</strong></span> <span class='ocrx_word' id='word_1_106' title='bbox 2044 963 2244 1041; x_wconf 87' lang='lat' dir='ltr'><strong>primo</strong></span> <span class='ocrx_word' id='word_1_107' title='bbox 2275 964 2557 1040; x_wconf 81' lang='lat' dir='ltr'><strong>ingressu</strong></span> <span class='ocrx_word' id='word_1_108' title='bbox 2590 966 2797 1043; x_wconf 90' lang='lat' dir='ltr'><strong>operis</strong></span> <span class='ocrx_word' id='word_1_109' title='bbox 2845 968 3081 1045; x_wconf 89' lang='lat' dir='ltr'><strong>aliquid</strong></span> <span class='ocrx_word' id='word_1_110' title='bbox 3116 967 3389 1037; x_wconf 90' lang='lat' dir='ltr'><strong>luminis,</strong></span> <span class='ocrx_word' id='word_1_111' title='bbox 3435 963 3773 1045; x_wconf 79' lang='lat' dir='ltr'><strong>qualecun-</strong></span> 
     </span>
    </p>
   </div>
   <div class='ocr_carea' id='block_1_10' title="bbox 372 1044 3767 1125">
    <p class='ocr_par' dir='ltr' id='par_1_10' title="bbox 372 1044 3767 1125">
     <span class='ocr_line' id='line_1_10' title="bbox 372 1044 3767 1125; baseline 0.001 -19"><span class='ocrx_word' id='word_1_112' title='bbox 372 1044 494 1125; x_wconf 86' lang='lat' dir='ltr'><strong>que</strong></span> <span class='ocrx_word' id='word_1_113' title='bbox 523 1047 585 1108; x_wconf 91' lang='lat' dir='ltr'><strong>id</strong></span> <span class='ocrx_word' id='word_1_114' title='bbox 618 1049 716 1117; x_wconf 89' lang='lat' dir='ltr'><strong>sit,</strong></span> <span class='ocrx_word' id='word_1_115' title='bbox 742 1047 914 1124; x_wconf 82' lang='lat' dir='ltr'><strong>quod</strong></span> <span class='ocrx_word' id='word_1_116' title='bbox 944 1061 1309 1125; x_wconf 84' lang='lat' dir='ltr'><strong>sequantur.</strong></span> <span class='ocrx_word' id='word_1_117' title='bbox 1345 1047 1422 1107; x_wconf 92' lang='lat' dir='ltr'><strong>Ut</strong></span> <span class='ocrx_word' id='word_1_118' title='bbox 1455 1063 1601 1103; x_wconf 85' lang='lat' dir='ltr'><strong>vero</strong></span> <span class='ocrx_word' id='word_1_119' title='bbox 1631 1044 1796 1103; x_wconf 87' lang='lat' dir='ltr'><strong>hanc</strong></span> <span class='ocrx_word' id='word_1_120' title='bbox 1817 1051 2061 1122; x_wconf 89' lang='lat' dir='ltr'><strong>purtem</strong></span> <span class='ocrx_word' id='word_1_121' title='bbox 2098 1045 2487 1125; x_wconf 81' lang='lat' dir='ltr'><strong>potissimum</strong></span> <span class='ocrx_word' id='word_1_122' title='bbox 2519 1046 2830 1115; x_wconf 87' lang='lat' dir='ltr'><strong>Gibertus,</strong></span> <span class='ocrx_word' id='word_1_123' title='bbox 2870 1044 2965 1106; x_wconf 13' lang='lat' dir='ltr'><strong>ex,</strong></span> <span class='ocrx_word' id='word_1_124' title='bbox 2986 1053 3163 1107; x_wconf 86' lang='lat' dir='ltr'><strong>tanta</strong></span> <span class='ocrx_word' id='word_1_125' title='bbox 3192 1050 3375 1124; x_wconf 82' lang='lat' dir='ltr'><strong>cupia</strong></span> <span class='ocrx_word' id='word_1_126' title='bbox 3396 1044 3767 1119; x_wconf 85' lang='lat' dir='ltr'><strong>imprimen-</strong></span> 
     </span>
    </p>
   </div>
   <div class='ocr_carea' id='block_1_11' title="bbox 369 1124 3761 1206">
    <p class='ocr_par' dir='ltr' id='par_1_11' title="bbox 369 1124 3761 1206">
     <span class='ocr_line' id='line_1_11' title="bbox 369 1124 3761 1206; baseline 0.001 -18"><span class='ocrx_word' id='word_1_127' title='bbox 369 1124 517 1188; x_wconf 87' lang='lat' dir='ltr'><strong>dam</strong></span> <span class='ocrx_word' id='word_1_128' title='bbox 552 1130 883 1201; x_wconf 73' lang='lat' dir='ltr'><strong>curaverit,</strong></span> <span class='ocrx_word' id='word_1_129' title='bbox 919 1145 995 1188; x_wconf 87' lang='lat' dir='ltr'><strong>ea</strong></span> <span class='ocrx_word' id='word_1_130' title='bbox 1024 1124 1266 1186; x_wconf 77' lang='lat' dir='ltr'><strong>ratione</strong></span> <span class='ocrx_word' id='word_1_131' title='bbox 1295 1127 1373 1206; x_wconf 90' lang='lat' dir='ltr'><strong>in</strong></span> <span class='ocrx_word' id='word_1_132' title='bbox 1394 1126 1613 1206; x_wconf 79' lang='lat' dir='ltr'><strong>primis</strong></span> <span class='ocrx_word' id='word_1_133' title='bbox 1640 1127 1865 1206; x_wconf 84' lang='lat' dir='ltr'><strong>ductus</strong></span> <span class='ocrx_word' id='word_1_134' title='bbox 1895 1131 2024 1184; x_wconf 89' lang='lat' dir='ltr'><strong>est:</strong></span> <span class='ocrx_word' id='word_1_135' title='bbox 2062 1128 2228 1201; x_wconf 84' lang='lat' dir='ltr'><strong>quod</strong></span> <span class='ocrx_word' id='word_1_136' title='bbox 2261 1124 2382 1185; x_wconf 89' lang='lat' dir='ltr'><strong>hoc</strong></span> <span class='ocrx_word' id='word_1_137' title='bbox 2414 1143 2607 1185; x_wconf 90' lang='lat' dir='ltr'><strong>unum</strong></span> <span class='ocrx_word' id='word_1_138' title='bbox 2639 1127 2819 1187; x_wconf 90' lang='lat' dir='ltr'><strong>nobis</strong></span> <span class='ocrx_word' id='word_1_139' title='bbox 2845 1127 2921 1186; x_wconf 86' lang='lat' dir='ltr'><strong>ad</strong></span> <span class='ocrx_word' id='word_1_140' title='bbox 2955 1126 3092 1204; x_wconf 91' lang='lat' dir='ltr'><strong>ejus</strong></span> <span class='ocrx_word' id='word_1_141' title='bbox 3147 1128 3346 1206; x_wconf 87' lang='lat' dir='ltr'><strong>partis</strong></span> <span class='ocrx_word' id='word_1_142' title='bbox 3402 1128 3761 1191; x_wconf 87' lang='lat' dir='ltr'><strong>divinorum</strong></span> 
     </span>
    </p>
   </div>
   <div class='ocr_carea' id='block_1_12' title="bbox 368 1204 3768 1286">
    <p class='ocr_par' dir='ltr' id='par_1_12' title="bbox 368 1204 3768 1286">
     <span class='ocr_line' id='line_1_12' title="bbox 368 1204 3768 1286; baseline 0.001 -18"><span class='ocrx_word' id='word_1_143' title='bbox 368 1208 675 1269; x_wconf 85' lang='lat' dir='ltr'><strong>librorum</strong></span> <span class='ocrx_word' id='word_1_144' title='bbox 710 1209 958 1286; x_wconf 90' lang='lat' dir='ltr'><strong>plenam</strong></span> <span class='ocrx_word' id='word_1_145' title='bbox 989 1205 1569 1286; x_wconf 89' lang='lat' dir='ltr'><strong>interpretationem</strong></span> <span class='ocrx_word' id='word_1_146' title='bbox 1598 1204 1985 1286; x_wconf 82' lang='lat' dir='ltr'><strong>habendam,</strong></span> <span class='ocrx_word' id='word_1_147' title='bbox 2002 1223 2204 1286; x_wconf 83' lang='lat' dir='ltr'><strong>quam</strong></span> <span class='ocrx_word' id='word_1_148' title='bbox 2238 1206 2488 1265; x_wconf 89' lang='lat' dir='ltr'><strong>Novum</strong></span> <span class='ocrx_word' id='word_1_149' title='bbox 2519 1208 2988 1266; x_wconf 85' lang='lat' dir='ltr'><strong>Testamentum</strong></span> <span class='ocrx_word' id='word_1_150' title='bbox 3020 1204 3274 1282; x_wconf 85' lang='lat' dir='ltr'><strong>vocnnt,</strong></span> <span class='ocrx_word' id='word_1_151' title='bbox 3308 1208 3524 1270; x_wconf 86' lang='lat' dir='ltr'><strong>deesse</strong></span> <span class='ocrx_word' id='word_1_152' title='bbox 3553 1226 3768 1270; x_wconf 88' lang='lat' dir='ltr'><strong>cerne-</strong></span> 
     </span>
    </p>
   </div>
   <div class='ocr_carea' id='block_1_13' title="bbox 347 1284 3766 1367">
    <p class='ocr_par' dir='ltr' id='par_1_13' title="bbox 347 1284 3766 1367">
     <span class='ocr_line' id='line_1_13' title="bbox 347 1284 3766 1367; baseline 0.001 -19"><span class='ocrx_word' id='word_1_153' title='bbox 347 1288 499 1349; x_wconf 86' lang='lat' dir='ltr'><strong>.bat.</strong></span> <span class='ocrx_word' id='word_1_154' title='bbox 532 1284 916 1349; x_wconf 25' lang='lat' dir='ltr'><strong>Nam‘divus</strong></span> <span class='ocrx_word' id='word_1_155' title='bbox 934 1284 1233 1359; x_wconf 79' lang='lat' dir='ltr'><strong>Thomas,</strong></span> <span class='ocrx_word' id='word_1_156' title='bbox 1270 1304 1433 1367; x_wconf 90' lang='lat' dir='ltr'><strong>unus</strong></span> <span class='ocrx_word' id='word_1_157' title='bbox 1455 1304 1529 1345; x_wconf 88' lang='lat' dir='ltr'><strong>ex</strong></span> <span class='ocrx_word' id='word_1_158' title='bbox 1560 1285 1731 1367; x_wconf 88' lang='lat' dir='ltr'><strong>hisce</strong></span> <span class='ocrx_word' id='word_1_159' title='bbox 1755 1284 2456 1367; x_wconf 73' lang='lat' dir='ltr'><strong>junioribustheologis</strong></span> <span class='ocrx_word' id='word_1_160' title='bbox 2488 1286 2758 1346; x_wconf 85' lang='lat' dir='ltr'><strong>maxime</strong></span> <span class='ocrx_word' id='word_1_161' title='bbox 2788 1286 3053 1347; x_wconf 82' lang='lat' dir='ltr'><strong>celebris</strong></span> <span class='ocrx_word' id='word_1_162' title='bbox 3081 1294 3272 1367; x_wconf 83' lang='lat' dir='ltr'><strong>atque</strong></span> <span class='ocrx_word' id='word_1_163' title='bbox 3319 1288 3602 1363; x_wconf 86' lang='lat' dir='ltr'><strong>illustris,</strong></span> <span class='ocrx_word' id='word_1_164' title='bbox 3637 1292 3766 1351; x_wconf 87' lang='lat' dir='ltr'><strong>sive</strong></span> 
     </span>
    </p>
   </div>
   <div class='ocr_carea' id='block_1_14' title="bbox 368 1365 3767 1448">
    <p class='ocr_par' dir='ltr' id='par_1_14' title="bbox 368 1365 3767 1448">
     <span class='ocr_line' id='line_1_14' title="bbox 368 1365 3767 1448; baseline 0.001 -18"><span class='ocrx_word' id='word_1_165' title='bbox 368 1371 616 1430; x_wconf 89' lang='lat' dir='ltr'><strong>Gracos</strong></span> <span class='ocrx_word' id='word_1_166' title='bbox 637 1370 990 1441; x_wconf 74' lang='lat' dir='ltr'><strong>amulatus,</strong></span> <span class='ocrx_word' id='word_1_167' title='bbox 1016 1386 1174 1445; x_wconf 90' lang='lat' dir='ltr'><strong>quos</strong></span> <span class='ocrx_word' id='word_1_168' title='bbox 1203 1366 1457 1448; x_wconf 83' lang='lat' dir='ltr'><strong>videbat</strong></span> <span class='ocrx_word' id='word_1_169' title='bbox 1485 1367 1548 1424; x_wconf 91' lang='lat' dir='ltr'><strong>in</strong></span> <span class='ocrx_word' id='word_1_170' title='bbox 1582 1366 1700 1425; x_wconf 89' lang='lat' dir='ltr'><strong>hoc</strong></span> <span class='ocrx_word' id='word_1_171' title='bbox 1720 1371 1969 1448; x_wconf 85' lang='lat' dir='ltr'><strong>tantum</strong></span> <span class='ocrx_word' id='word_1_172' title='bbox 1998 1365 2188 1424; x_wconf 87' lang='lat' dir='ltr'><strong>studii</strong></span> <span class='ocrx_word' id='word_1_173' title='bbox 2215 1367 2518 1448; x_wconf 83' lang='lat' dir='ltr'><strong>posuisse,</strong></span> <span class='ocrx_word' id='word_1_174' title='bbox 2549 1367 2678 1448; x_wconf 83' lang='lat' dir='ltr'><strong>sive</strong></span> <span class='ocrx_word' id='word_1_175' title='bbox 2707 1385 2821 1428; x_wconf 89' lang='lat' dir='ltr'><strong>suo</strong></span> <span class='ocrx_word' id='word_1_176' title='bbox 2851 1368 3125 1445; x_wconf 90' lang='lat' dir='ltr'><strong>quodam</strong></span> <span class='ocrx_word' id='word_1_177' title='bbox 3159 1365 3381 1448; x_wconf 79' lang='lat' dir='ltr'><strong>spiritu</strong></span> <span class='ocrx_word' id='word_1_178' title='bbox 3405 1370 3654 1443; x_wconf 89' lang='lat' dir='ltr'><strong>ductus,</strong></span> <span class='ocrx_word' id='word_1_179' title='bbox 3686 1388 3767 1432; x_wconf 87' lang='lat' dir='ltr'><strong>ne</strong></span> 
     </span>
    </p>
   </div>
   <div class='ocr_carea' id='block_1_15' title="bbox 370 1446 3769 1527">
    <p class='ocr_par' dir='ltr' id='par_1_15' title="bbox 370 1446 3769 1527">
     <span class='ocr_line' id='line_1_15' title="bbox 370 1446 3769 1527; baseline 0 -18"><span class='ocrx_word' id='word_1_180' title='bbox 370 1448 493 1510; x_wconf 89' lang='lat' dir='ltr'><strong>hoc</strong></span> <span class='ocrx_word' id='word_1_181' title='bbox 524 1450 780 1527; x_wconf 89' lang='lat' dir='ltr'><strong>quidem</strong></span> <span class='ocrx_word' id='word_1_182' title='bbox 805 1448 1038 1509; x_wconf 90' lang='lat' dir='ltr'><strong>laboris</strong></span> <span class='ocrx_word' id='word_1_183' title='bbox 1068 1465 1265 1525; x_wconf 89' lang='lat' dir='ltr'><strong>genus</strong></span> <span class='ocrx_word' id='word_1_184' title='bbox 1294 1447 1689 1527; x_wconf 88' lang='lat' dir='ltr'><strong>inexpertum</strong></span> <span class='ocrx_word' id='word_1_185' title='bbox 1717 1446 2103 1527; x_wconf 85' lang='lat' dir='ltr'><strong>intactumve</strong></span> <span class='ocrx_word' id='word_1_186' title='bbox 2150 1446 2443 1524; x_wconf 87' lang='lat' dir='ltr'><strong>reliquit:</strong></span> <span class='ocrx_word' id='word_1_187' title='bbox 2475 1447 2583 1507; x_wconf 88' lang='lat' dir='ltr'><strong>sed</strong></span> <span class='ocrx_word' id='word_1_188' title='bbox 2612 1448 2671 1507; x_wconf 90' lang='lat' dir='ltr'><strong>in</strong></span> <span class='ocrx_word' id='word_1_189' title='bbox 2704 1466 2898 1508; x_wconf 92' lang='lat' dir='ltr'><strong>unum</strong></span> <span class='ocrx_word' id='word_1_190' title='bbox 2932 1446 3500 1527; x_wconf 43' lang='lat' dir='ltr'><strong>collatis&#39;plurimis</strong></span> <span class='ocrx_word' id='word_1_191' title='bbox 3522 1469 3598 1510; x_wconf 83' lang='lat' dir='ltr'><strong>ex</strong></span> <span class='ocrx_word' id='word_1_192' title='bbox 3643 1451 3769 1511; x_wconf 89' lang='lat' dir='ltr'><strong>illis</strong></span> 
     </span>
    </p>
   </div>
   <div class='ocr_carea' id='block_1_16' title="bbox 367 1525 3766 1606">
    <p class='ocr_par' dir='ltr' id='par_1_16' title="bbox 367 1525 3766 1606">
     <span class='ocr_line' id='line_1_16' title="bbox 367 1525 3766 1606; baseline 0.001 -17"><span class='ocrx_word' id='word_1_193' title='bbox 367 1525 601 1589; x_wconf 84' lang='lat' dir='ltr'><strong>sanctis</strong></span> <span class='ocrx_word' id='word_1_194' title='bbox 652 1529 799 1590; x_wconf 86' lang='lat' dir='ltr'><strong>viris</strong></span> <span class='ocrx_word' id='word_1_195' title='bbox 848 1530 953 1606; x_wconf 90' lang='lat' dir='ltr'><strong>qui</strong></span> <span class='ocrx_word' id='word_1_196' title='bbox 1008 1528 1189 1587; x_wconf 89' lang='lat' dir='ltr'><strong>nobis</strong></span> <span class='ocrx_word' id='word_1_197' title='bbox 1241 1528 1320 1586; x_wconf 85' lang='lat' dir='ltr'><strong>ab</strong></span> <span class='ocrx_word' id='word_1_198' title='bbox 1363 1527 1540 1586; x_wconf 93' lang='lat' dir='ltr'><strong>initio</strong></span> <span class='ocrx_word' id='word_1_199' title='bbox 1601 1526 1845 1606; x_wconf 89' lang='lat' dir='ltr'><strong>divinas</strong></span> <span class='ocrx_word' id='word_1_200' title='bbox 1889 1525 2132 1606; x_wconf 83' lang='lat' dir='ltr'><strong>litteras</strong></span> <span class='ocrx_word' id='word_1_201' title='bbox 2186 1533 2635 1604; x_wconf 82' lang='lat' dir='ltr'><strong>exposuerunt,</strong></span> <span class='ocrx_word' id='word_1_202' title='bbox 2668 1546 2780 1588; x_wconf 83' lang='lat' dir='ltr'><strong>nec</strong></span> <span class='ocrx_word' id='word_1_203' title='bbox 2810 1530 2998 1590; x_wconf 90' lang='lat' dir='ltr'><strong>modo</strong></span> <span class='ocrx_word' id='word_1_204' title='bbox 3029 1525 3277 1601; x_wconf 77' lang='lat' dir='ltr'><strong>nostris,</strong></span> <span class='ocrx_word' id='word_1_205' title='bbox 3314 1549 3525 1592; x_wconf 89' lang='lat' dir='ltr'><strong>verum</strong></span> <span class='ocrx_word' id='word_1_206' title='bbox 3575 1534 3766 1592; x_wconf 89' lang='lat' dir='ltr'><strong>etiam</strong></span> 
     </span>
    </p>
   </div>
   <div class='ocr_carea' id='block_1_17' title="bbox 367 1605 3765 1690">
    <p class='ocr_par' dir='ltr' id='par_1_17' title="bbox 367 1605 3765 1690">
     <span class='ocr_line' id='line_1_17' title="bbox 367 1605 3765 1690; baseline 0 -19"><span class='ocrx_word' id='word_1_207' title='bbox 367 1613 625 1678; x_wconf 86' lang='lat' dir='ltr'><strong>Gracis,</strong></span> <span class='ocrx_word' id='word_1_208' title='bbox 666 1628 828 1687; x_wconf 89' lang='lat' dir='ltr'><strong>quos</strong></span> <span class='ocrx_word' id='word_1_209' title='bbox 856 1605 919 1668; x_wconf 88' lang='lat' dir='ltr'><strong>in</strong></span> <span class='ocrx_word' id='word_1_210' title='bbox 956 1608 1244 1668; x_wconf 87' lang='lat' dir='ltr'><strong>Latinum</strong></span> <span class='ocrx_word' id='word_1_211' title='bbox 1274 1625 1618 1690; x_wconf 82' lang='lat' dir='ltr'><strong>conversos</strong></span> <span class='ocrx_word' id='word_1_212' title='bbox 1649 1605 1947 1675; x_wconf 88' lang='lat' dir='ltr'><strong>habebat,</strong></span> <span class='ocrx_word' id='word_1_213' title='bbox 1982 1605 2044 1690; x_wconf 82' lang='lat' dir='ltr'><strong>in</strong></span> <span class='ocrx_word' id='word_1_214' title='bbox 2079 1615 2351 1690; x_wconf 86' lang='lat' dir='ltr'><strong>quatuor</strong></span> <span class='ocrx_word' id='word_1_215' title='bbox 2392 1608 2731 1690; x_wconf 73' lang='lat' dir='ltr'><strong>Evangelia</strong></span> <span class='ocrx_word' id='word_1_216' title='bbox 2761 1627 2921 1688; x_wconf 90' lang='lat' dir='ltr'><strong>opus</strong></span> <span class='ocrx_word' id='word_1_217' title='bbox 2948 1610 3296 1670; x_wconf 84' lang='lat' dir='ltr'><strong>elaboravit</strong></span> <span class='ocrx_word' id='word_1_218' title='bbox 3329 1628 3344 1684; x_wconf 93' lang='lat'><strong>;</strong></span> <span class='ocrx_word' id='word_1_219' title='bbox 3377 1610 3545 1690; x_wconf 86' lang='lat' dir='ltr'><strong>qucd</strong></span> <span class='ocrx_word' id='word_1_220' title='bbox 3576 1611 3765 1672; x_wconf 81' lang='lat' dir='ltr'><strong>etiam</strong></span> 
     </span>
    </p>
   </div>
   <div class='ocr_carea' id='block_1_18' title="bbox 366 1685 3766 1770">
    <p class='ocr_par' dir='ltr' id='par_1_18' title="bbox 366 1685 3766 1770">
     <span class='ocr_line' id='line_1_18' title="bbox 366 1685 3766 1770; baseline 0.001 -20"><span class='ocrx_word' id='word_1_221' title='bbox 366 1698 601 1769; x_wconf 75' lang='lat' dir='ltr'><strong>prater</strong></span> <span class='ocrx_word' id='word_1_222' title='bbox 633 1685 869 1749; x_wconf 80' lang='lat' dir='ltr'><strong>morem</strong></span> <span class='ocrx_word' id='word_1_223' title='bbox 906 1691 1268 1770; x_wconf 84' lang='lat' dir='ltr'><strong>Gracorum</strong></span> <span class='ocrx_word' id='word_1_224' title='bbox 1302 1707 1417 1748; x_wconf 90' lang='lat' dir='ltr'><strong>suo</strong></span> <span class='ocrx_word' id='word_1_225' title='bbox 1454 1686 1704 1770; x_wconf 84' lang='lat' dir='ltr'><strong>nomine</strong></span> <span class='ocrx_word' id='word_1_226' title='bbox 1738 1687 2075 1764; x_wconf 74' lang='lat' dir='ltr'><strong>praeposito</strong></span> <span class='ocrx_word' id='word_1_227' title='bbox 2107 1690 2183 1744; x_wconf 91' lang='lat' dir='ltr'><strong>ad</strong></span> <span class='ocrx_word' id='word_1_228' title='bbox 2233 1685 2371 1763; x_wconf 86' lang='lat' dir='ltr'><strong>ejus</strong></span> <span class='ocrx_word' id='word_1_229' title='bbox 2403 1685 2589 1770; x_wconf 89' lang='lat' dir='ltr'><strong>modi</strong></span> <span class='ocrx_word' id='word_1_230' title='bbox 2626 1685 2906 1749; x_wconf 67' lang='lat' dir='ltr'><strong>laborem</strong></span> <span class='ocrx_word' id='word_1_231' title='bbox 2956 1685 3426 1770; x_wconf 71' lang='lat' dir='ltr'><strong>illustrandum,</strong></span> <span class='ocrx_word' id='word_1_232' title='bbox 3484 1695 3766 1753; x_wconf 80' lang='lat' dir='ltr'><strong>Calenam</strong></span> 
     </span>
    </p>
   </div>
   <div class='ocr_carea' id='block_1_19' title="bbox 363 1768 3763 1851">
    <p class='ocr_par' dir='ltr' id='par_1_19' title="bbox 363 1768 3763 1851">
     <span class='ocr_line' id='line_1_19' title="bbox 363 1768 3763 1851; baseline 0 -19"><span class='ocrx_word' id='word_1_233' title='bbox 363 1768 627 1832; x_wconf 61' lang='lat' dir='ltr'><strong>Auream</strong></span> <span class='ocrx_word' id='word_1_234' title='bbox 650 1772 1032 1851; x_wconf 77' lang='lat' dir='ltr'><strong>appellavit:</strong></span> <span class='ocrx_word' id='word_1_235' title='bbox 1071 1768 1256 1846; x_wconf 89' lang='lat' dir='ltr'><strong>hujus</strong></span> <span class='ocrx_word' id='word_1_236' title='bbox 1290 1787 1435 1851; x_wconf 77' lang='lat' dir='ltr'><strong>vero</strong></span> <span class='ocrx_word' id='word_1_237' title='bbox 1469 1768 1863 1851; x_wconf 82' lang='lat' dir='ltr'><strong>partis._qua</strong></span> <span class='ocrx_word' id='word_1_238' title='bbox 1891 1778 2239 1851; x_wconf 70' lang='lat' dir='ltr'><strong>supererat,</strong></span> <span class='ocrx_word' id='word_1_239' title='bbox 2276 1769 2559 1851; x_wconf 80' lang='lat' dir='ltr'><strong>membra</strong></span> <span class='ocrx_word' id='word_1_240' title='bbox 2585 1777 2696 1851; x_wconf 81' lang='lat' dir='ltr'><strong>aut</strong></span> <span class='ocrx_word' id='word_1_241' title='bbox 2719 1788 2840 1829; x_wconf 91' lang='lat' dir='ltr'><strong>non</strong></span> <span class='ocrx_word' id='word_1_242' title='bbox 2875 1771 3107 1847; x_wconf 83' lang='lat' dir='ltr'><strong>attigit,</strong></span> <span class='ocrx_word' id='word_1_243' title='bbox 3155 1779 3267 1831; x_wconf 89' lang='lat' dir='ltr'><strong>aut</strong></span> <span class='ocrx_word' id='word_1_244' title='bbox 3313 1768 3442 1832; x_wconf 82' lang='lat' dir='ltr'><strong>suis</strong></span> <span class='ocrx_word' id='word_1_245' title='bbox 3490 1774 3763 1851; x_wconf 86' lang='lat' dir='ltr'><strong>propriis</strong></span> 
     </span>
    </p>
   </div>
   <div class='ocr_carea' id='block_1_20' title="bbox 368 1846 3760 1927">
    <p class='ocr_par' dir='ltr' id='par_1_20' title="bbox 368 1846 3760 1927">
     <span class='ocr_line' id='line_1_20' title="bbox 368 1846 3760 1927; baseline 0 -16"><span class='ocrx_word' id='word_1_246' title='bbox 368 1846 1005 1911; x_wconf 86' lang='lat' dir='ltr'><strong>commentationibus</strong></span> <span class='ocrx_word' id='word_1_247' title='bbox 1036 1849 1589 1927; x_wconf 77' lang='lat' dir='ltr'><strong>exposu1t.llaque</strong></span> <span class='ocrx_word' id='word_1_248' title='bbox 1615 1848 1928 1911; x_wconf 76' lang='lat' dir='ltr'><strong>Gibertus.</strong></span> <span class='ocrx_word' id='word_1_249' title='bbox 1966 1866 2042 1905; x_wconf 93' lang='lat' dir='ltr'><strong>ne</strong></span> <span class='ocrx_word' id='word_1_250' title='bbox 2073 1846 2306 1927; x_wconf 84' lang='lat' dir='ltr'><strong>diutius</strong></span> <span class='ocrx_word' id='word_1_251' title='bbox 2336 1849 2598 1908; x_wconf 91' lang='lat' dir='ltr'><strong>studiosi</strong></span> <span class='ocrx_word' id='word_1_252' title='bbox 2630 1867 2948 1909; x_wconf 80' lang='lat' dir='ltr'><strong>sacrarum</strong></span> <span class='ocrx_word' id='word_1_253' title='bbox 3000 1846 3348 1911; x_wconf 73' lang='lat' dir='ltr'><strong>litterarum</strong></span> <span class='ocrx_word' id='word_1_254' title='bbox 3398 1846 3627 1911; x_wconf 56' lang='lat' dir='ltr'><strong>similis</strong></span> <span class='ocrx_word' id='word_1_255' title='bbox 3665 1853 3760 1912; x_wconf 87' lang='lat' dir='ltr'><strong>la-</strong></span> 
     </span>
    </p>
   </div>
   <div class='ocr_carea' id='block_1_21' title="bbox 365 1926 3759 2009">
    <p class='ocr_par' dir='ltr' id='par_1_21' title="bbox 365 1926 3759 2009">
     <span class='ocr_line' id='line_1_21' title="bbox 365 1926 3759 2009; baseline 0.001 -20"><span class='ocrx_word' id='word_1_256' title='bbox 365 1932 535 1991; x_wconf 89' lang='lat' dir='ltr'><strong>boris</strong></span> <span class='ocrx_word' id='word_1_257' title='bbox 563 1933 750 1991; x_wconf 80' lang='lat' dir='ltr'><strong>etiam</strong></span> <span class='ocrx_word' id='word_1_258' title='bbox 785 1933 843 1989; x_wconf 92' lang='lat' dir='ltr'><strong>in</strong></span> <span class='ocrx_word' id='word_1_259' title='bbox 882 1932 1040 1988; x_wconf 88' lang='lat' dir='ltr'><strong>hanc</strong></span> <span class='ocrx_word' id='word_1_260' title='bbox 1074 1926 1312 2007; x_wconf 79' lang='lat' dir='ltr'><strong>partem</strong></span> <span class='ocrx_word' id='word_1_261' title='bbox 1349 1928 1657 1988; x_wconf 70' lang='lat' dir='ltr'><strong>desiderio</strong></span> <span class='ocrx_word' id='word_1_262' title='bbox 1690 1935 2069 1996; x_wconf 68' lang='lat' dir='ltr'><strong>tenerentur,</strong></span> <span class='ocrx_word' id='word_1_263' title='bbox 2107 1926 2268 2009; x_wconf 84' lang='lat' dir='ltr'><strong>hanc</strong></span> <span class='ocrx_word' id='word_1_264' title='bbox 2301 1931 2562 2003; x_wconf 86' lang='lat' dir='ltr'><strong>primam</strong></span> <span class='ocrx_word' id='word_1_265' title='bbox 2596 1931 2878 1989; x_wconf 86' lang='lat' dir='ltr'><strong>omnium</strong></span> <span class='ocrx_word' id='word_1_266' title='bbox 2912 1934 3169 2009; x_wconf 78' lang='lat' dir='ltr'><strong>aggredi</strong></span> <span class='ocrx_word' id='word_1_267' title='bbox 3216 1933 3432 1991; x_wconf 80' lang='lat' dir='ltr'><strong>statuit</strong></span> <span class='ocrx_word' id='word_1_268' title='bbox 3465 1954 3480 1991; x_wconf 88' lang='lat'><strong>:</strong></span> <span class='ocrx_word' id='word_1_269' title='bbox 3514 1952 3588 1993; x_wconf 89' lang='lat' dir='ltr'><strong>eo</strong></span> <span class='ocrx_word' id='word_1_270' title='bbox 3621 1951 3759 1992; x_wconf 89' lang='lat' dir='ltr'><strong>ma-</strong></span> 
     </span>
    </p>
   </div>
   <div class='ocr_carea' id='block_1_22' title="bbox 364 2007 3759 2089">
    <p class='ocr_par' dir='ltr' id='par_1_22' title="bbox 364 2007 3759 2089">
     <span class='ocr_line' id='line_1_22' title="bbox 364 2007 3759 2089; baseline 0.001 -20"><span class='ocrx_word' id='word_1_271' title='bbox 364 2012 457 2089; x_wconf 77' lang='lat' dir='ltr'><strong>gis</strong></span> <span class='ocrx_word' id='word_1_272' title='bbox 488 2013 655 2089; x_wconf 94' lang='lat' dir='ltr'><strong>quod</strong></span> <span class='ocrx_word' id='word_1_273' title='bbox 685 2021 910 2088; x_wconf 69' lang='lat' dir='ltr'><strong>prater</strong></span> <span class='ocrx_word' id='word_1_274' title='bbox 935 2009 1060 2069; x_wconf 91' lang='lat' dir='ltr'><strong>divi</strong></span> <span class='ocrx_word' id='word_1_275' title='bbox 1086 2010 1260 2069; x_wconf 81' lang='lat' dir='ltr'><strong>Pauli</strong></span> <span class='ocrx_word' id='word_1_276' title='bbox 1290 2009 1619 2085; x_wconf 80' lang='lat' dir='ltr'><strong>Epistolas,</strong></span> <span class='ocrx_word' id='word_1_277' title='bbox 1655 2010 1907 2089; x_wconf 68' lang='lat' dir='ltr'><strong>reliqua</strong></span> <span class='ocrx_word' id='word_1_278' title='bbox 1929 2026 2068 2089; x_wconf 85' lang='lat' dir='ltr'><strong>qua</strong></span> <span class='ocrx_word' id='word_1_279' title='bbox 2105 2007 2203 2066; x_wconf 92' lang='lat' dir='ltr'><strong>hic</strong></span> <span class='ocrx_word' id='word_1_280' title='bbox 2224 2007 2539 2067; x_wconf 79' lang='lat' dir='ltr'><strong>habentur</strong></span> <span class='ocrx_word' id='word_1_281' title='bbox 2567 2012 2871 2086; x_wconf 79' lang='lat' dir='ltr'><strong>eXposita,</strong></span> <span class='ocrx_word' id='word_1_282' title='bbox 2905 2007 3028 2070; x_wconf 83' lang='lat' dir='ltr'><strong>nou</strong></span> <span class='ocrx_word' id='word_1_283' title='bbox 3061 2012 3263 2072; x_wconf 88' lang='lat' dir='ltr'><strong>solum</strong></span> <span class='ocrx_word' id='word_1_284' title='bbox 3305 2014 3613 2086; x_wconf 72' lang='lat' dir='ltr'><strong>ejusmodi</strong></span> <span class='ocrx_word' id='word_1_285' title='bbox 3647 2019 3759 2074; x_wconf 70' lang='lat' dir='ltr'><strong>tia-</strong></span> 
     </span>
    </p>
   </div>
   <div class='ocr_carea' id='block_1_23' title="bbox 362 2088 3759 2170">
    <p class='ocr_par' dir='ltr' id='par_1_23' title="bbox 362 2088 3759 2170">
     <span class='ocr_line' id='line_1_23' title="bbox 362 2088 3759 2170; baseline 0.001 -20"><span class='ocrx_word' id='word_1_286' title='bbox 362 2088 570 2150; x_wconf 84' lang='lat' dir='ltr'><strong>tenam</strong></span> <span class='ocrx_word' id='word_1_287' title='bbox 605 2094 841 2150; x_wconf 88' lang='lat' dir='ltr'><strong>nullam</strong></span> <span class='ocrx_word' id='word_1_288' title='bbox 873 2092 1187 2149; x_wconf 75' lang='lat' dir='ltr'><strong>habrbant</strong></span> <span class='ocrx_word' id='word_1_289' title='bbox 1221 2092 1388 2166; x_wconf 89' lang='lat' dir='ltr'><strong>apud</strong></span> <span class='ocrx_word' id='word_1_290' title='bbox 1424 2108 1560 2159; x_wconf 89' lang='lat' dir='ltr'><strong>nos,</strong></span> <span class='ocrx_word' id='word_1_291' title='bbox 1592 2107 1716 2166; x_wconf 90' lang='lat' dir='ltr'><strong>qua</strong></span> <span class='ocrx_word' id='word_1_292' title='bbox 1747 2088 2217 2170; x_wconf 71' lang='lat' dir='ltr'><strong>percipieordm</strong></span> <span class='ocrx_word' id='word_1_293' title='bbox 2251 2106 2432 2170; x_wconf 87' lang='lat' dir='ltr'><strong>sensa</strong></span> <span class='ocrx_word' id='word_1_294' title='bbox 2464 2091 2786 2167; x_wconf 89' lang='lat' dir='ltr'><strong>tenerique</strong></span> <span class='ocrx_word' id='word_1_295' title='bbox 2819 2099 3094 2168; x_wconf 88' lang='lat' dir='ltr'><strong>possent,</strong></span> <span class='ocrx_word' id='word_1_296' title='bbox 3127 2093 3231 2152; x_wconf 87' lang='lat' dir='ltr'><strong>sed</strong></span> <span class='ocrx_word' id='word_1_297' title='bbox 3296 2111 3371 2152; x_wconf 88' lang='lat' dir='ltr'><strong>ne</strong></span> <span class='ocrx_word' id='word_1_298' title='bbox 3420 2094 3759 2170; x_wconf 83' lang='lat' dir='ltr'><strong>expositio-</strong></span> 
     </span>
    </p>
   </div>
   <div class='ocr_carea' id='block_1_24' title="bbox 359 2169 3759 2250">
    <p class='ocr_par' dir='ltr' id='par_1_24' title="bbox 359 2169 3759 2250">
     <span class='ocr_line' id='line_1_24' title="bbox 359 2169 3759 2250; baseline 0.001 -20"><span class='ocrx_word' id='word_1_299' title='bbox 359 2189 470 2231; x_wconf 88' lang='lat' dir='ltr'><strong>nes</strong></span> <span class='ocrx_word' id='word_1_300' title='bbox 501 2172 755 2250; x_wconf 87' lang='lat' dir='ltr'><strong>quidem</strong></span> <span class='ocrx_word' id='word_1_301' title='bbox 788 2173 1046 2230; x_wconf 89' lang='lat' dir='ltr'><strong>omnino</strong></span> <span class='ocrx_word' id='word_1_302' title='bbox 1078 2171 1343 2247; x_wconf 81' lang='lat' dir='ltr'><strong>ulicujus</strong></span> <span class='ocrx_word' id='word_1_303' title='bbox 1373 2170 1618 2246; x_wconf 81' lang='lat' dir='ltr'><strong>generis</strong></span> <span class='ocrx_word' id='word_1_304' title='bbox 1657 2170 1835 2250; x_wconf 86' lang='lat' dir='ltr'><strong>ullas.</strong></span> <span class='ocrx_word' id='word_1_305' title='bbox 1870 2169 2133 2227; x_wconf 87' lang='lat' dir='ltr'><strong>Multum</strong></span> <span class='ocrx_word' id='word_1_306' title='bbox 2168 2170 2354 2228; x_wconf 89' lang='lat' dir='ltr'><strong>etiam</strong></span> <span class='ocrx_word' id='word_1_307' title='bbox 2389 2169 2448 2227; x_wconf 93' lang='lat' dir='ltr'><strong>in</strong></span> <span class='ocrx_word' id='word_1_308' title='bbox 2483 2169 2602 2229; x_wconf 93' lang='lat' dir='ltr'><strong>hoc</strong></span> <span class='ocrx_word' id='word_1_309' title='bbox 2636 2170 3111 2232; x_wconf 82' lang='lat' dir='ltr'><strong>valuitJoannis</strong></span> <span class='ocrx_word' id='word_1_310' title='bbox 3145 2173 3421 2233; x_wconf 85' lang='lat' dir='ltr'><strong>Lascaris</strong></span> <span class='ocrx_word' id='word_1_311' title='bbox 3443 2192 3759 2233; x_wconf 88' lang='lat' dir='ltr'><strong>commen-</strong></span> 
     </span>
    </p>
   </div>
   <div class='ocr_carea' id='block_1_25' title="bbox 350 2249 3757 2331">
    <p class='ocr_par' dir='ltr' id='par_1_25' title="bbox 350 2249 3757 2331">
     <span class='ocr_line' id='line_1_25' title="bbox 350 2249 3757 2331; baseline 0.001 -22"><span class='ocrx_word' id='word_1_312' title='bbox 350 2249 533 2331; x_wconf 83' lang='lat' dir='ltr'><strong>datio</strong></span> <span class='ocrx_word' id='word_1_313' title='bbox 567 2272 581 2314; x_wconf 90' lang='lat'><strong>:</strong></span> <span class='ocrx_word' id='word_1_314' title='bbox 613 2253 720 2329; x_wconf 89' lang='lat' dir='ltr'><strong>qui</strong></span> <span class='ocrx_word' id='word_1_315' title='bbox 753 2253 845 2312; x_wconf 88' lang='lat' dir='ltr'><strong>vir</strong></span> <span class='ocrx_word' id='word_1_316' title='bbox 871 2270 942 2310; x_wconf 89' lang='lat' dir='ltr'><strong>ea</strong></span> <span class='ocrx_word' id='word_1_317' title='bbox 973 2252 1259 2311; x_wconf 78' lang='lat' dir='ltr'><strong>doctrina</strong></span> <span class='ocrx_word' id='word_1_318' title='bbox 1289 2260 1343 2309; x_wconf 92' lang='lat' dir='ltr'><strong>et</strong></span> <span class='ocrx_word' id='word_1_319' title='bbox 1380 2252 1664 2309; x_wconf 81' lang='lat' dir='ltr'><strong>claritate</strong></span> <span class='ocrx_word' id='word_1_320' title='bbox 1689 2249 1783 2307; x_wconf 88' lang='lat' dir='ltr'><strong>his</strong></span> <span class='ocrx_word' id='word_1_321' title='bbox 1816 2250 2202 2331; x_wconf 61' lang='lat' dir='ltr'><strong>temporibus</strong></span> <span class='ocrx_word' id='word_1_322' title='bbox 2238 2260 2565 2331; x_wconf 76' lang='lat' dir='ltr'><strong>praestans,</strong></span> <span class='ocrx_word' id='word_1_323' title='bbox 2599 2268 2790 2331; x_wconf 87' lang='lat' dir='ltr'><strong>quam</strong></span> <span class='ocrx_word' id='word_1_324' title='bbox 2813 2269 3031 2311; x_wconf 90' lang='lat' dir='ltr'><strong>omnes</strong></span> <span class='ocrx_word' id='word_1_325' title='bbox 3060 2262 3314 2323; x_wconf 88' lang='lat' dir='ltr'><strong>norunt,</strong></span> <span class='ocrx_word' id='word_1_326' title='bbox 3339 2253 3591 2314; x_wconf 88' lang='lat' dir='ltr'><strong>Giberto</strong></span> <span class='ocrx_word' id='word_1_327' title='bbox 3614 2272 3757 2315; x_wconf 88' lang='lat' dir='ltr'><strong>auc-</strong></span> 
     </span>
    </p>
   </div>
   <div class='ocr_carea' id='block_1_26' title="bbox 352 2328 3755 2412">
    <p class='ocr_par' dir='ltr' id='par_1_26' title="bbox 352 2328 3755 2412">
     <span class='ocr_line' id='line_1_26' title="bbox 352 2328 3755 2412; baseline 0.001 -22"><span class='ocrx_word' id='word_1_328' title='bbox 352 2328 454 2391; x_wconf 34' lang='lat' dir='ltr'><strong>‘tor</strong></span> <span class='ocrx_word' id='word_1_329' title='bbox 474 2339 609 2393; x_wconf 86' lang='lat' dir='ltr'><strong>erat</strong></span> <span class='ocrx_word' id='word_1_330' title='bbox 634 2328 709 2392; x_wconf 88' lang='lat' dir='ltr'><strong>ut</strong></span> <span class='ocrx_word' id='word_1_331' title='bbox 738 2332 875 2392; x_wconf 87' lang='lat' dir='ltr'><strong>hac</strong></span> <span class='ocrx_word' id='word_1_332' title='bbox 908 2332 1295 2412; x_wconf 50' lang='lat' dir='ltr'><strong>potissimum</strong></span> <span class='ocrx_word' id='word_1_333' title='bbox 1337 2349 1479 2406; x_wconf 89' lang='lat' dir='ltr'><strong>pars</strong></span> <span class='ocrx_word' id='word_1_334' title='bbox 1509 2331 1819 2389; x_wconf 85' lang='lat' dir='ltr'><strong>ederetur.</strong></span> <span class='ocrx_word' id='word_1_335' title='bbox 1854 2328 2007 2387; x_wconf 89' lang='lat' dir='ltr'><strong>Nam</strong></span> <span class='ocrx_word' id='word_1_336' title='bbox 2048 2330 2166 2388; x_wconf 90' lang='lat' dir='ltr'><strong>hoc</strong></span> <span class='ocrx_word' id='word_1_337' title='bbox 2195 2347 2448 2412; x_wconf 89' lang='lat' dir='ltr'><strong>quoque</strong></span> <span class='ocrx_word' id='word_1_338' title='bbox 2478 2329 2539 2388; x_wconf 90' lang='lat' dir='ltr'><strong>iu</strong></span> <span class='ocrx_word' id='word_1_339' title='bbox 2575 2330 2792 2412; x_wconf 87' lang='lat' dir='ltr'><strong>primis</strong></span> <span class='ocrx_word' id='word_1_340' title='bbox 2822 2333 2979 2412; x_wconf 89' lang='lat' dir='ltr'><strong>scire</strong></span> <span class='ocrx_word' id='word_1_341' title='bbox 3019 2341 3289 2411; x_wconf 77' lang='lat' dir='ltr'><strong>oportet.</strong></span> <span class='ocrx_word' id='word_1_342' title='bbox 3335 2351 3475 2394; x_wconf 89' lang='lat' dir='ltr'><strong>cum</strong></span> <span class='ocrx_word' id='word_1_343' title='bbox 3526 2334 3755 2412; x_wconf 90' lang='lat' dir='ltr'><strong>hujus-</strong></span> 
     </span>
    </p>
   </div>
   <div class='ocr_carea' id='block_1_27' title="bbox 353 2411 3756 2491">
    <p class='ocr_par' dir='ltr' id='par_1_27' title="bbox 353 2411 3756 2491">
     <span class='ocr_line' id='line_1_27' title="bbox 353 2411 3756 2491; baseline 0.001 -19"><span class='ocrx_word' id='word_1_344' title='bbox 353 2412 597 2472; x_wconf 75' lang='lat' dir='ltr'><strong>cemodi</strong></span> <span class='ocrx_word' id='word_1_345' title='bbox 621 2414 1086 2489; x_wconf 86' lang='lat' dir='ltr'><strong>expositionum</strong></span> <span class='ocrx_word' id='word_1_346' title='bbox 1122 2411 1355 2470; x_wconf 85' lang='lat' dir='ltr'><strong>Catena</strong></span> <span class='ocrx_word' id='word_1_347' title='bbox 1385 2429 1460 2491; x_wconf 79' lang='lat' dir='ltr'><strong>ex</strong></span> <span class='ocrx_word' id='word_1_348' title='bbox 1496 2411 1611 2469; x_wconf 91' lang='lat' dir='ltr'><strong>hac</strong></span> <span class='ocrx_word' id='word_1_349' title='bbox 1644 2422 1819 2491; x_wconf 86' lang='lat' dir='ltr'><strong>parte</strong></span> <span class='ocrx_word' id='word_1_350' title='bbox 1850 2427 2039 2486; x_wconf 88' lang='lat' dir='ltr'><strong>quam</strong></span> <span class='ocrx_word' id='word_1_351' title='bbox 2075 2428 2238 2469; x_wconf 93' lang='lat' dir='ltr'><strong>nunc</strong></span> <span class='ocrx_word' id='word_1_352' title='bbox 2262 2411 2514 2491; x_wconf 85' lang='lat' dir='ltr'><strong>damus,</strong></span> <span class='ocrx_word' id='word_1_353' title='bbox 2562 2429 2637 2470; x_wconf 87' lang='lat' dir='ltr'><strong>ea</strong></span> <span class='ocrx_word' id='word_1_354' title='bbox 2669 2411 2908 2470; x_wconf 91' lang='lat' dir='ltr'><strong>ratione</strong></span> <span class='ocrx_word' id='word_1_355' title='bbox 2962 2411 3348 2491; x_wconf 86' lang='lat' dir='ltr'><strong>interpositis</strong></span> <span class='ocrx_word' id='word_1_356' title='bbox 3397 2411 3756 2475; x_wconf 87' lang='lat' dir='ltr'><strong>nominibus</strong></span> 
     </span>
    </p>
   </div>
   <div class='ocr_carea' id='block_1_28' title="bbox 351 2489 3752 2571">
    <p class='ocr_par' dir='ltr' id='par_1_28' title="bbox 351 2489 3752 2571">
     <span class='ocr_line' id='line_1_28' title="bbox 351 2489 3752 2571; baseline 0.001 -20"><span class='ocrx_word' id='word_1_357' title='bbox 351 2511 537 2571; x_wconf 91' lang='lat' dir='ltr'><strong>quam</strong></span> <span class='ocrx_word' id='word_1_358' title='bbox 572 2494 793 2554; x_wconf 89' lang='lat' dir='ltr'><strong>Latine</strong></span> <span class='ocrx_word' id='word_1_359' title='bbox 824 2502 1106 2552; x_wconf 87' lang='lat' dir='ltr'><strong>secutum</strong></span> <span class='ocrx_word' id='word_1_360' title='bbox 1150 2493 1362 2550; x_wconf 87' lang='lat' dir='ltr'><strong>divum</strong></span> <span class='ocrx_word' id='word_1_361' title='bbox 1393 2489 1701 2571; x_wconf 80' lang='lat' dir='ltr'><strong>Thomam</strong></span> <span class='ocrx_word' id='word_1_362' title='bbox 1735 2490 2038 2571; x_wconf 83' lang='lat' dir='ltr'><strong>videmus,</strong></span> <span class='ocrx_word' id='word_1_363' title='bbox 2073 2490 2136 2548; x_wconf 92' lang='lat' dir='ltr'><strong>in</strong></span> <span class='ocrx_word' id='word_1_364' title='bbox 2183 2490 2350 2548; x_wconf 87' lang='lat' dir='ltr'><strong>solas</strong></span> <span class='ocrx_word' id='word_1_365' title='bbox 2382 2490 2506 2548; x_wconf 76' lang='lat' dir='ltr'><strong>divi</strong></span> <span class='ocrx_word' id='word_1_366' title='bbox 2536 2491 2731 2571; x_wconf 11' lang='lat' dir='ltr'><strong>Pauli!</strong></span> <span class='ocrx_word' id='word_1_367' title='bbox 2756 2492 3060 2569; x_wconf 68' lang='lat' dir='ltr'><strong>Epistolas</strong></span> <span class='ocrx_word' id='word_1_368' title='bbox 3115 2489 3284 2569; x_wconf 83' lang='lat' dir='ltr'><strong>apud</strong></span> <span class='ocrx_word' id='word_1_369' title='bbox 3326 2494 3573 2553; x_wconf 87' lang='lat' dir='ltr'><strong>Gracos</strong></span> <span class='ocrx_word' id='word_1_370' title='bbox 3628 2496 3752 2553; x_wconf 89' lang='lat' dir='ltr'><strong>cir-</strong></span> 
     </span>
    </p>
   </div>
   <div class='ocr_carea' id='block_1_29' title="bbox 351 2569 3754 2647">
    <p class='ocr_par' dir='ltr' id='par_1_29' title="bbox 351 2569 3754 2647">
     <span class='ocr_line' id='line_1_29' title="bbox 351 2569 3754 2647; baseline 0 -14"><span class='ocrx_word' id='word_1_371' title='bbox 351 2569 767 2633; x_wconf 81' lang='lat' dir='ltr'><strong>cumterretur</strong></span> <span class='ocrx_word' id='word_1_372' title='bbox 800 2590 814 2632; x_wconf 89' lang='lat'>:</span> <span class='ocrx_word' id='word_1_373' title='bbox 846 2574 1167 2633; x_wconf 87' lang='lat' dir='ltr'><strong>Gibertum</strong></span> <span class='ocrx_word' id='word_1_374' title='bbox 1202 2579 1408 2630; x_wconf 90' lang='lat' dir='ltr'><strong>tamen</strong></span> <span class='ocrx_word' id='word_1_375' title='bbox 1436 2571 1604 2629; x_wconf 91' lang='lat' dir='ltr'><strong>illius</strong></span> <span class='ocrx_word' id='word_1_376' title='bbox 1637 2570 1749 2628; x_wconf 81' lang='lat' dir='ltr'><strong>viri</strong></span> <span class='ocrx_word' id='word_1_377' title='bbox 1779 2570 2079 2627; x_wconf 83' lang='lat' dir='ltr'><strong>beneﬁcio</strong></span> <span class='ocrx_word' id='word_1_378' title='bbox 2111 2576 2167 2628; x_wconf 91' lang='lat' dir='ltr'><strong>et</strong></span> <span class='ocrx_word' id='word_1_379' title='bbox 2203 2586 2459 2627; x_wconf 86' lang='lat' dir='ltr'><strong>munere</strong></span> <span class='ocrx_word' id='word_1_380' title='bbox 2489 2569 2815 2647; x_wconf 85' lang='lat' dir='ltr'><strong>exemplar</strong></span> <span class='ocrx_word' id='word_1_381' title='bbox 2859 2581 3111 2629; x_wconf 89' lang='lat' dir='ltr'><strong>nactum</strong></span> <span class='ocrx_word' id='word_1_382' title='bbox 3148 2572 3306 2633; x_wconf 92' lang='lat' dir='ltr'><strong>miro</strong></span> <span class='ocrx_word' id='word_1_383' title='bbox 3336 2571 3572 2632; x_wconf 88' lang='lat' dir='ltr'><strong>librarii</strong></span> <span class='ocrx_word' id='word_1_384' title='bbox 3604 2574 3754 2633; x_wconf 86' lang='lat' dir='ltr'><strong>arti-</strong></span> 
     </span>
    </p>
   </div>
   <div class='ocr_carea' id='block_1_30' title="bbox 350 2647 3753 2730">
    <p class='ocr_par' dir='ltr' id='par_1_30' title="bbox 350 2647 3753 2730">
     <span class='ocr_line' id='line_1_30' title="bbox 350 2647 3753 2730; baseline 0.001 -18"><span class='ocrx_word' id='word_1_385' title='bbox 350 2654 494 2712; x_wconf 88' lang='lat' dir='ltr'><strong>ﬁcio</strong></span> <span class='ocrx_word' id='word_1_386' title='bbox 522 2660 904 2730; x_wconf 80' lang='lat' dir='ltr'><strong>sumptoque</strong></span> <span class='ocrx_word' id='word_1_387' title='bbox 954 2652 1335 2727; x_wconf 89' lang='lat' dir='ltr'><strong>descriptum</strong></span> <span class='ocrx_word' id='word_1_388' title='bbox 1389 2649 1800 2727; x_wconf 83' lang='lat' dir='ltr'><strong>apprimeque</strong></span> <span class='ocrx_word' id='word_1_389' title='bbox 1830 2655 2140 2730; x_wconf 85' lang='lat' dir='ltr'><strong>vetustum</strong></span> <span class='ocrx_word' id='word_1_390' title='bbox 2177 2647 2237 2705; x_wconf 89' lang='lat' dir='ltr'><strong>in</strong></span> <span class='ocrx_word' id='word_1_391' title='bbox 2271 2665 2397 2725; x_wconf 92' lang='lat' dir='ltr'><strong>quo</strong></span> <span class='ocrx_word' id='word_1_392' title='bbox 2426 2648 2607 2730; x_wconf 79' lang='lat' dir='ltr'><strong>Pauli</strong></span> <span class='ocrx_word' id='word_1_393' title='bbox 2637 2649 2890 2730; x_wconf 90' lang='lat' dir='ltr'><strong>quidem</strong></span> <span class='ocrx_word' id='word_1_394' title='bbox 2923 2651 3213 2728; x_wconf 79' lang='lat' dir='ltr'><strong>Epistula</strong></span> <span class='ocrx_word' id='word_1_395' title='bbox 3271 2651 3585 2729; x_wconf 88' lang='lat' dir='ltr'><strong>ejusmodi</strong></span> <span class='ocrx_word' id='word_1_396' title='bbox 3640 2673 3753 2714; x_wconf 89' lang='lat' dir='ltr'><strong>no-</strong></span> 
     </span>
    </p>
   </div>
   <div class='ocr_carea' id='block_1_31' title="bbox 352 2728 3751 2810">
    <p class='ocr_par' dir='ltr' id='par_1_31' title="bbox 352 2728 3751 2810">
     <span class='ocr_line' id='line_1_31' title="bbox 352 2728 3751 2810; baseline 0.001 -19"><span class='ocrx_word' id='word_1_397' title='bbox 352 2734 521 2792; x_wconf 90' lang='lat' dir='ltr'><strong>mina</strong></span> <span class='ocrx_word' id='word_1_398' title='bbox 556 2728 681 2792; x_wconf 16' lang='lat' dir='ltr'><strong>noni</strong></span> <span class='ocrx_word' id='word_1_399' title='bbox 704 2731 1096 2809; x_wconf 74' lang='lat' dir='ltr'><strong>interposita,</strong></span> <span class='ocrx_word' id='word_1_400' title='bbox 1133 2738 1200 2788; x_wconf 89' lang='lat' dir='ltr'><strong>ut</strong></span> <span class='ocrx_word' id='word_1_401' title='bbox 1231 2730 1290 2788; x_wconf 92' lang='lat' dir='ltr'><strong>in</strong></span> <span class='ocrx_word' id='word_1_402' title='bbox 1325 2730 1486 2801; x_wconf 88' lang='lat' dir='ltr'><strong>aliis,</strong></span> <span class='ocrx_word' id='word_1_403' title='bbox 1524 2729 1628 2787; x_wconf 89' lang='lat' dir='ltr'><strong>sed</strong></span> <span class='ocrx_word' id='word_1_404' title='bbox 1652 2808 1659 2810; x_wconf 14' lang='grc' dir='ltr'><strong>Α</strong></span> <span class='ocrx_word' id='word_1_405' title='bbox 1682 2732 1740 2786; x_wconf 89' lang='lat' dir='ltr'><strong>in</strong></span> <span class='ocrx_word' id='word_1_406' title='bbox 1777 2728 2060 2804; x_wconf 83' lang='lat' dir='ltr'><strong>margine</strong></span> <span class='ocrx_word' id='word_1_407' title='bbox 2090 2730 2400 2810; x_wconf 85' lang='lat' dir='ltr'><strong>asccripta</strong></span> <span class='ocrx_word' id='word_1_408' title='bbox 2433 2728 2703 2788; x_wconf 87' lang='lat' dir='ltr'><strong>habent:</strong></span> <span class='ocrx_word' id='word_1_409' title='bbox 2736 2729 2871 2808; x_wconf 89' lang='lat' dir='ltr'><strong>ipse</strong></span> <span class='ocrx_word' id='word_1_410' title='bbox 2902 2748 3049 2790; x_wconf 90' lang='lat' dir='ltr'><strong>vero</strong></span> <span class='ocrx_word' id='word_1_411' title='bbox 3081 2728 3542 2810; x_wconf 83' lang='lat' dir='ltr'><strong>expositionum</strong></span> <span class='ocrx_word' id='word_1_412' title='bbox 3603 2751 3751 2794; x_wconf 87' lang='lat' dir='ltr'><strong>cou-</strong></span> 
     </span>
    </p>
   </div>
   <div class='ocr_carea' id='block_1_32' title="bbox 348 2808 3751 2887">
    <p class='ocr_par' dir='ltr' id='par_1_32' title="bbox 348 2808 3751 2887">
     <span class='ocr_line' id='line_1_32' title="bbox 348 2808 3751 2887; baseline 0.001 -14"><span class='ocrx_word' id='word_1_413' title='bbox 348 2819 556 2873; x_wconf 84' lang='lat' dir='ltr'><strong>textus</strong></span> <span class='ocrx_word' id='word_1_414' title='bbox 590 2832 711 2871; x_wconf 89' lang='lat' dir='ltr'><strong>non</strong></span> <span class='ocrx_word' id='word_1_415' title='bbox 744 2808 921 2871; x_wconf 88' lang='lat' dir='ltr'><strong>secus</strong></span> <span class='ocrx_word' id='word_1_416' title='bbox 942 2811 1347 2871; x_wconf 90' lang='lat' dir='ltr'><strong>continuatur</strong></span> <span class='ocrx_word' id='word_1_417' title='bbox 1374 2827 1447 2868; x_wconf 86' lang='lat' dir='ltr'><strong>ac</strong></span> <span class='ocrx_word' id='word_1_418' title='bbox 1478 2810 1525 2867; x_wconf 87' lang='lat' dir='ltr'><strong>si</strong></span> <span class='ocrx_word' id='word_1_419' title='bbox 1560 2808 1781 2868; x_wconf 89' lang='lat' dir='ltr'><strong>unicus</strong></span> <span class='ocrx_word' id='word_1_420' title='bbox 1810 2816 1972 2867; x_wconf 88' lang='lat' dir='ltr'><strong>esset</strong></span> <span class='ocrx_word' id='word_1_421' title='bbox 2001 2808 2269 2884; x_wconf 76' lang='lat' dir='ltr'><strong>scriptor</strong></span> <span class='ocrx_word' id='word_1_422' title='bbox 2298 2808 2406 2885; x_wconf 87' lang='lat' dir='ltr'><strong>qui</strong></span> <span class='ocrx_word' id='word_1_423' title='bbox 2437 2826 2614 2867; x_wconf 84' lang='lat' dir='ltr'><strong>suam</strong></span> <span class='ocrx_word' id='word_1_424' title='bbox 2647 2810 2988 2887; x_wconf 88' lang='lat' dir='ltr'><strong>quamdam</strong></span> <span class='ocrx_word' id='word_1_425' title='bbox 3017 2808 3241 2872; x_wconf 79' lang='lat' dir='ltr'><strong>novam</strong></span> <span class='ocrx_word' id='word_1_426' title='bbox 3278 2815 3751 2876; x_wconf 89' lang='lat' dir='ltr'><strong>commentatio-</strong></span> 
     </span>
    </p>
   </div>
   <div class='ocr_carea' id='block_1_33' title="bbox 347 2888 3747 2973">
    <p class='ocr_par' dir='ltr' id='par_1_33' title="bbox 347 2888 3747 2973">
     <span class='ocr_line' id='line_1_33' title="bbox 347 2888 3747 2973; baseline 0.001 -21"><span class='ocrx_word' id='word_1_427' title='bbox 347 2912 489 2952; x_wconf 89' lang='lat' dir='ltr'><strong>nem</strong></span> <span class='ocrx_word' id='word_1_428' title='bbox 524 2892 584 2951; x_wconf 94' lang='lat' dir='ltr'><strong>in</strong></span> <span class='ocrx_word' id='word_1_429' title='bbox 612 2893 765 2952; x_wconf 89' lang='lat' dir='ltr'><strong>illud</strong></span> <span class='ocrx_word' id='word_1_430' title='bbox 795 2912 953 2969; x_wconf 88' lang='lat' dir='ltr'><strong>opus</strong></span> <span class='ocrx_word' id='word_1_431' title='bbox 983 2892 1252 2973; x_wconf 72' lang='lat' dir='ltr'><strong>atferret.</strong></span> <span class='ocrx_word' id='word_1_432' title='bbox 1293 2889 1567 2973; x_wconf 76' lang='lat' dir='ltr'><strong>Denique</strong></span> <span class='ocrx_word' id='word_1_433' title='bbox 1598 2893 1755 2948; x_wconf 81' lang='lat' dir='ltr'><strong>Acta</strong></span> <span class='ocrx_word' id='word_1_434' title='bbox 1786 2888 2137 2973; x_wconf 69' lang='lat' dir='ltr'><strong>apostolica</strong></span> <span class='ocrx_word' id='word_1_435' title='bbox 2161 2894 2226 2947; x_wconf 83' lang='lat' dir='ltr'><strong>et</strong></span> <span class='ocrx_word' id='word_1_436' title='bbox 2253 2888 2591 2949; x_wconf 87' lang='lat' dir='ltr'><strong>Catholica</strong></span> <span class='ocrx_word' id='word_1_437' title='bbox 2624 2908 2766 2968; x_wconf 90' lang='lat' dir='ltr'><strong>qua</strong></span> <span class='ocrx_word' id='word_1_438' title='bbox 2824 2892 3117 2951; x_wconf 85' lang='lat' dir='ltr'><strong>dicuntur</strong></span> <span class='ocrx_word' id='word_1_439' title='bbox 3176 2893 3469 2973; x_wconf 79' lang='lat' dir='ltr'><strong>Epistula</strong></span> <span class='ocrx_word' id='word_1_440' title='bbox 3556 2902 3747 2973; x_wconf 85' lang='lat' dir='ltr'><strong>atque</strong></span> 
     </span>
    </p>
   </div>
   <div class='ocr_carea' id='block_1_34' title="bbox 343 2968 3749 3051">
    <p class='ocr_par' dir='ltr' id='par_1_34' title="bbox 343 2968 3749 3051">
     <span class='ocr_line' id='line_1_34' title="bbox 343 2968 3749 3051; baseline 0.001 -19"><span class='ocrx_word' id='word_1_441' title='bbox 343 2973 492 3033; x_wconf 91' lang='lat' dir='ltr'><strong>item</strong></span> <span class='ocrx_word' id='word_1_442' title='bbox 520 2968 929 3051; x_wconf 52' lang='lat' dir='ltr'><strong>Apocalypsiis</strong></span> <span class='ocrx_word' id='word_1_443' title='bbox 956 2972 1113 3030; x_wconf 81' lang='lat' dir='ltr'><strong>nihil</strong></span> <span class='ocrx_word' id='word_1_444' title='bbox 1146 2970 1366 3051; x_wconf 70' lang='lat' dir='ltr'><strong>talium</strong></span> <span class='ocrx_word' id='word_1_445' title='bbox 1403 2969 1959 3051; x_wconf 12' lang='lat' dir='ltr'><strong>nominumgneque</strong></span> <span class='ocrx_word' id='word_1_446' title='bbox 1981 2968 2322 3046; x_wconf 89' lang='lat' dir='ltr'><strong>ascriptum</strong></span> <span class='ocrx_word' id='word_1_447' title='bbox 2360 2987 2612 3051; x_wconf 75' lang='lat' dir='ltr'><strong>pror~us</strong></span> <span class='ocrx_word' id='word_1_448' title='bbox 2652 2989 2853 3048; x_wconf 92' lang='lat' dir='ltr'><strong>neque</strong></span> <span class='ocrx_word' id='word_1_449' title='bbox 2893 2968 3329 3051; x_wconf 85' lang='lat' dir='ltr'><strong>interpositum</strong></span> <span class='ocrx_word' id='word_1_450' title='bbox 3367 2968 3749 3036; x_wconf 35' lang='lat' dir='ltr'><strong>habent-Ex</strong></span> 
     </span>
    </p>
   </div>
   <div class='ocr_carea' id='block_1_35' title="bbox 340 3048 3745 3133">
    <p class='ocr_par' dir='ltr' id='par_1_35' title="bbox 340 3048 3745 3133">
     <span class='ocr_line' id='line_1_35' title="bbox 340 3048 3745 3133; baseline 0.001 -20"><span class='ocrx_word' id='word_1_451' title='bbox 340 3052 463 3133; x_wconf 82' lang='lat' dir='ltr'><strong>hoc</strong></span> <span class='ocrx_word' id='word_1_452' title='bbox 492 3048 703 3114; x_wconf 82' lang='lat' dir='ltr'><strong>autem</strong></span> <span class='ocrx_word' id='word_1_453' title='bbox 735 3048 1104 3130; x_wconf 78' lang='lat' dir='ltr'><strong>examplari,</strong></span> <span class='ocrx_word' id='word_1_454' title='bbox 1136 3049 1380 3110; x_wconf 74' lang='lat' dir='ltr'><strong>collatis</strong></span> <span class='ocrx_word' id='word_1_455' title='bbox 1411 3057 1623 3133; x_wconf 81' lang='lat' dir='ltr'><strong>tamen</strong></span> <span class='ocrx_word' id='word_1_456' title='bbox 1651 3048 1791 3108; x_wconf 88' lang='lat' dir='ltr'><strong>aliis</strong></span> <span class='ocrx_word' id='word_1_457' title='bbox 1820 3066 2074 3127; x_wconf 89' lang='lat' dir='ltr'><strong>quoque</strong></span> <span class='ocrx_word' id='word_1_458' title='bbox 2103 3051 2422 3110; x_wconf 88' lang='lat' dir='ltr'><strong>nonnullis</strong></span> <span class='ocrx_word' id='word_1_459' title='bbox 2451 3050 2708 3111; x_wconf 88' lang='lat' dir='ltr'><strong>alterius</strong></span> <span class='ocrx_word' id='word_1_460' title='bbox 2738 3051 2907 3111; x_wconf 88' lang='lat' dir='ltr'><strong>illius</strong></span> <span class='ocrx_word' id='word_1_461' title='bbox 2936 3048 3206 3130; x_wconf 80' lang='lat' dir='ltr'><strong>generis,</strong></span> <span class='ocrx_word' id='word_1_462' title='bbox 3239 3055 3410 3133; x_wconf 92' lang='lat' dir='ltr'><strong>quod</strong></span> <span class='ocrx_word' id='word_1_463' title='bbox 3446 3055 3745 3130; x_wconf 86' lang='lat' dir='ltr'><strong>diximus,</strong></span> 
     </span>
    </p>
   </div>
   <div class='ocr_carea' id='block_1_36' title="bbox 339 3130 2355 3211">
    <p class='ocr_par' dir='ltr' id='par_1_36' title="bbox 339 3130 2355 3211">
     <span class='ocr_line' id='line_1_36' title="bbox 339 3130 2355 3211; baseline -0.003 -16"><span class='ocrx_word' id='word_1_464' title='bbox 339 3132 476 3195; x_wconf 80' lang='lat' dir='ltr'><strong>hac</strong></span> <span class='ocrx_word' id='word_1_465' title='bbox 499 3142 626 3194; x_wconf 89' lang='lat' dir='ltr'><strong>tam</strong></span> <span class='ocrx_word' id='word_1_466' title='bbox 658 3134 855 3194; x_wconf 85' lang='lat' dir='ltr'><strong>multa</strong></span> <span class='ocrx_word' id='word_1_467' title='bbox 884 3151 1030 3211; x_wconf 80' lang='lat' dir='ltr'><strong>qua</strong></span> <span class='ocrx_word' id='word_1_468' title='bbox 1061 3150 1228 3192; x_wconf 89' lang='lat' dir='ltr'><strong>nunc</strong></span> <span class='ocrx_word' id='word_1_469' title='bbox 1256 3137 1488 3192; x_wconf 84' lang='lat' dir='ltr'><strong>exeunt</strong></span> <span class='ocrx_word' id='word_1_470' title='bbox 1514 3131 1579 3190; x_wconf 89' lang='lat' dir='ltr'><strong>in</strong></span> <span class='ocrx_word' id='word_1_471' title='bbox 1610 3130 1839 3207; x_wconf 87' lang='lat' dir='ltr'><strong>lucem,</strong></span> <span class='ocrx_word' id='word_1_472' title='bbox 1871 3147 2167 3207; x_wconf 83' lang='lat' dir='ltr'><strong>expressa</strong></span> <span class='ocrx_word' id='word_1_473' title='bbox 2188 3135 2355 3190; x_wconf 84' lang='lat' dir='ltr'><strong>sunt.</strong></span> 
     </span>
    </p>
   </div>
   <div class='ocr_carea' id='block_1_37' title="bbox 1278 3494 2823 3543">
    <p class='ocr_par' dir='ltr' id='par_1_37' title="bbox 1278 3494 2823 3543">
     <span class='ocr_line' id='line_1_37' title="bbox 1278 3494 2823 3543; baseline -0.001 0"><span class='ocrx_word' id='word_1_474' title='bbox 1278 3496 1638 3543; x_wconf 77' lang='lat' dir='ltr'><strong>ILLUSTBISS.</strong></span> <span class='ocrx_word' id='word_1_475' title='bbox 1685 3494 1945 3542; x_wconf 74' lang='lat' dir='ltr'><strong>PBINCIPI</strong></span> <span class='ocrx_word' id='word_1_476' title='bbox 1984 3494 2064 3542; x_wconf 79' lang='lat' dir='ltr'><strong>AC</strong></span> <span class='ocrx_word' id='word_1_477' title='bbox 2107 3494 2536 3542; x_wconf 70' lang='lat' dir='ltr'><strong>REVERRNDISS.</strong></span> <span class='ocrx_word' id='word_1_478' title='bbox 2584 3495 2823 3543; x_wconf 80' lang='lat' dir='ltr'><strong>DOMINO</strong></span> 
     </span>
    </p>
   </div>
   <div class='ocr_carea' id='block_1_38' title="bbox 978 3652 3098 3717">
    <p class='ocr_par' dir='ltr' id='par_1_38' title="bbox 978 3652 3098 3717">
     <span class='ocr_line' id='line_1_38' title="bbox 978 3652 3098 3717; baseline 0 -15"><span class='ocrx_word' id='word_1_479' title='bbox 978 3656 1039 3702; x_wconf 73' lang='grc' dir='ltr'><strong>ι).</strong></span> <span class='ocrx_word' id='word_1_480' title='bbox 1085 3655 1342 3704; x_wconf 77' lang='lat' dir='ltr'><strong>GEORGIO</strong></span> <span class='ocrx_word' id='word_1_481' title='bbox 1384 3656 1461 3701; x_wconf 80' lang='lat' dir='ltr'><strong>AB</strong></span> <span class='ocrx_word' id='word_1_482' title='bbox 1504 3652 1786 3717; x_wconf 74' lang='lat' dir='ltr'><strong>AUSTBIA,</strong></span> <span class='ocrx_word' id='word_1_483' title='bbox 1833 3654 2107 3702; x_wconf 80' lang='lat' dir='ltr'><strong>EPISCOPO</strong></span> <span class='ocrx_word' id='word_1_484' title='bbox 2149 3654 2482 3712; x_wconf 78' lang='lat' dir='ltr'><strong>LEODIENSI,</strong></span> <span class='ocrx_word' id='word_1_485' title='bbox 2530 3655 2668 3702; x_wconf 82' lang='lat' dir='ltr'><strong>DUCI</strong></span> <span class='ocrx_word' id='word_1_486' title='bbox 2710 3653 3098 3717; x_wconf 75' lang='lat' dir='ltr'><strong>BULLONBNSI,</strong></span> 
     </span>
    </p>
   </div>
   <div class='ocr_carea' id='block_1_39' title="bbox 1147 3840 2916 3899">
    <p class='ocr_par' dir='ltr' id='par_1_39' title="bbox 1147 3840 2916 3899">
     <span class='ocr_line' id='line_1_39' title="bbox 1147 3840 2916 3899; baseline -0.001 -9"><span class='ocrx_word' id='word_1_487' title='bbox 1147 3845 1345 3892; x_wconf 79' lang='lat' dir='ltr'><strong>COMlTl</strong></span> <span class='ocrx_word' id='word_1_488' title='bbox 1388 3843 1670 3891; x_wconf 79' lang='lat' dir='ltr'><strong>LOSSENSI</strong></span> <span class='ocrx_word' id='word_1_489' title='bbox 1713 3841 1793 3889; x_wconf 74' lang='lat' dir='ltr'><strong>AC</strong></span> <span class='ocrx_word' id='word_1_490' title='bbox 1834 3841 2168 3889; x_wconf 74' lang='lat' dir='ltr'><strong>MARCHIONI</strong></span> <span class='ocrx_word' id='word_1_491' title='bbox 2209 3842 2733 3899; x_wconf 67' lang='lat' dir='ltr'><strong>FRANCIHONTANO,</strong></span> <span class='ocrx_word' id='word_1_492' title='bbox 2782 3840 2916 3890; x_wconf 80' lang='lat' dir='ltr'><strong>ETC.</strong></span> 
     </span>
    </p>
   </div>
   <div class='ocr_carea' id='block_1_40' title="bbox 889 4000 3187 4051">
    <p class='ocr_par' dir='ltr' id='par_1_40' title="bbox 889 4000 3187 4051">
     <span class='ocr_line' id='line_1_40' title="bbox 889 4000 3187 4051; baseline -0.001 -2"><span class='ocrx_word' id='word_1_493' title='bbox 889 4000 1147 4050; x_wconf 71' lang='lat' dir='ltr'><strong>JOANNEB</strong></span> <span class='ocrx_word' id='word_1_494' title='bbox 1188 4002 1536 4050; x_wconf 72' lang='lat' dir='ltr'><strong>BBNTENIUB</strong></span> <span class='ocrx_word' id='word_1_495' title='bbox 1577 4002 2055 4051; x_wconf 73' lang='lat' dir='ltr'><strong>MECHLINIENSIS</strong></span> <span class='ocrx_word' id='word_1_496' title='bbox 2098 4002 2431 4049; x_wconf 67' lang='lat' dir='ltr'><strong>HONACHUS</strong></span> <span class='ocrx_word' id='word_1_497' title='bbox 2476 4003 2982 4050; x_wconf 67' lang='lat' dir='ltr'><strong>BIERONYKIANUB.</strong></span> <span class='ocrx_word' id='word_1_498' title='bbox 3030 4006 3082 4049; x_wconf 85' lang='lat'><strong>8.</strong></span> <span class='ocrx_word' id='word_1_499' title='bbox 3128 4005 3187 4050; x_wconf 77' lang='grc' dir='ltr'><strong>ι).</strong></span> 
     </span>
    </p>
   </div>
   <div class='ocr_carea' id='block_1_41' title="bbox 1701 4364 2374 4460">
    <p class='ocr_par' dir='ltr' id='par_1_41' title="bbox 1701 4364 2374 4460">
     <span class='ocr_line' id='line_1_41' title="bbox 1701 4364 2374 4460; baseline 0.001 -1"><span class='ocrx_word' id='word_1_500' title='bbox 1701 4364 2374 4460; x_wconf 71' lang='lat' dir='ltr'><strong>PRZEFATIO.</strong></span> 
     </span>
    </p>
   </div>
   <div class='ocr_carea' id='block_1_42' title="bbox 409 4598 3734 4686">
    <p class='ocr_par' dir='ltr' id='par_1_42' title="bbox 409 4598 3734 4686">
     <span class='ocr_line' id='line_1_42' title="bbox 409 4598 3734 4686; baseline 0 -16"><span class='ocrx_word' id='word_1_501' title='bbox 409 4602 847 4683; x_wconf 86' lang='lat' dir='ltr'><strong>Haudinjuria</strong></span> <span class='ocrx_word' id='word_1_502' title='bbox 876 4601 1056 4663; x_wconf 86' lang='lat' dir='ltr'><strong>Plato</strong></span> <span class='ocrx_word' id='word_1_503' title='bbox 1087 4602 1248 4662; x_wconf 90' lang='lat' dir='ltr'><strong>libro</strong></span> <span class='ocrx_word' id='word_1_504' title='bbox 1282 4599 1371 4661; x_wconf 86' lang='lat' dir='ltr'><strong>De</strong></span> <span class='ocrx_word' id='word_1_505' title='bbox 1412 4599 1621 4686; x_wconf 69' lang='lat' dir='ltr'><strong>repud.</strong></span> <span class='ocrx_word' id='word_1_506' title='bbox 1655 4619 1693 4661; x_wconf 87' lang='lat' dir='ltr'><strong>a</strong></span> <span class='ocrx_word' id='word_1_507' title='bbox 1750 4609 2166 4686; x_wconf 72' lang='lat' dir='ltr'><strong>sacrosancta</strong></span> <span class='ocrx_word' id='word_1_508' title='bbox 2222 4598 2642 4679; x_wconf 87' lang='lat' dir='ltr'><strong>philosophia</strong></span> <span class='ocrx_word' id='word_1_509' title='bbox 2701 4599 2917 4686; x_wconf 75' lang='lat' dir='ltr'><strong>limine</strong></span> <span class='ocrx_word' id='word_1_510' title='bbox 2962 4602 3215 4686; x_wconf 76' lang='lat' dir='ltr'><strong>ablegat</strong></span> <span class='ocrx_word' id='word_1_511' title='bbox 3262 4624 3374 4668; x_wconf 86' lang='lat' dir='ltr'><strong>ceu</strong></span> <span class='ocrx_word' id='word_1_512' title='bbox 3435 4610 3734 4686; x_wconf 76' lang='lat' dir='ltr'><strong>profanos</strong></span> 
     </span>
    </p>
   </div>
   <div class='ocr_carea' id='block_1_43' title="bbox 327 4679 3733 4770">
    <p class='ocr_par' dir='ltr' id='par_1_43' title="bbox 327 4679 3733 4770">
     <span class='ocr_line' id='line_1_43' title="bbox 327 4679 3733 4770; baseline 0 -21"><span class='ocrx_word' id='word_1_513' title='bbox 327 4679 887 4770; x_wconf 37' lang='lat' dir='ltr'><strong>quosdamfatque</strong></span> <span class='ocrx_word' id='word_1_514' title='bbox 935 4686 1012 4744; x_wconf 93' lang='lat' dir='ltr'><strong>ad</strong></span> <span class='ocrx_word' id='word_1_515' title='bbox 1063 4702 1200 4744; x_wconf 87' lang='lat' dir='ltr'><strong>eam</strong></span> <span class='ocrx_word' id='word_1_516' title='bbox 1258 4679 1706 4770; x_wconf 69' lang='lat' dir='ltr'><strong>capessendam</strong></span> <span class='ocrx_word' id='word_1_517' title='bbox 1757 4681 2012 4770; x_wconf 79' lang='lat' dir='ltr'><strong>minime</strong></span> <span class='ocrx_word' id='word_1_518' title='bbox 2041 4682 2339 4770; x_wconf 73' lang='lat' dir='ltr'><strong>idoneos,</strong></span> <span class='ocrx_word' id='word_1_519' title='bbox 2370 4679 3237 4770; x_wconf 48' lang='grc' dir='ltr'><strong>ηνὶησρρξ-ίίιτξςινιξεἰηιρ,ἀιιί</strong></span> <span class='ocrx_word' id='word_1_520' title='bbox 3289 4679 3557 4770; x_wconf 72' lang='lat' dir='ltr'><strong>angusto</strong></span> <span class='ocrx_word' id='word_1_521' title='bbox 3587 4696 3733 4750; x_wconf 89' lang='lat' dir='ltr'><strong>sunt</strong></span> 
     </span>
    </p>
   </div>
   <div class='ocr_carea' id='block_1_44' title="bbox 325 4761 3731 4845">
    <p class='ocr_par' dir='ltr' id='par_1_44' title="bbox 325 4761 3731 4845">
     <span class='ocr_line' id='line_1_44' title="bbox 325 4761 3731 4845; baseline -0.002 -14"><span class='ocrx_word' id='word_1_522' title='bbox 325 4761 537 4831; x_wconf 66' lang='lat' dir='ltr'><strong>animo</strong></span> <span class='ocrx_word' id='word_1_523' title='bbox 578 4761 654 4827; x_wconf 87' lang='lat' dir='ltr'><strong>ac</strong></span> <span class='ocrx_word' id='word_1_524' title='bbox 676 4761 955 4833; x_wconf 83' lang='lat' dir='ltr'><strong>sordido,</strong></span> <span class='ocrx_word' id='word_1_525' title='bbox 993 4781 1329 4840; x_wconf 87' lang='lat' dir='ltr'><strong>rerumque</strong></span> <span class='ocrx_word' id='word_1_526' title='bbox 1362 4762 1691 4845; x_wconf 80' lang='lat' dir='ltr'><strong>humilium</strong></span> <span class='ocrx_word' id='word_1_527' title='bbox 1727 4762 2178 4845; x_wconf 84' lang='lat' dir='ltr'><strong>cupiditatibus</strong></span> <span class='ocrx_word' id='word_1_528' title='bbox 2212 4762 2591 4845; x_wconf 84' lang='lat' dir='ltr'><strong>mancipato.</strong></span> <span class='ocrx_word' id='word_1_529' title='bbox 2626 4761 2803 4821; x_wconf 88' lang='lat' dir='ltr'><strong>Haud</strong></span> <span class='ocrx_word' id='word_1_530' title='bbox 2837 4767 2999 4823; x_wconf 92' lang='lat' dir='ltr'><strong>enim</strong></span> <span class='ocrx_word' id='word_1_531' title='bbox 3028 4761 3348 4843; x_wconf 84' lang='lat' dir='ltr'><strong>quaquam</strong></span> <span class='ocrx_word' id='word_1_532' title='bbox 3379 4761 3517 4827; x_wconf 64' lang='lat' dir='ltr'><strong>Feri</strong></span> <span class='ocrx_word' id='word_1_533' title='bbox 3553 4787 3731 4845; x_wconf 79' lang='lat' dir='ltr'><strong>posse</strong></span> 
     </span>
    </p>
   </div>
   <div class='ocr_carea' id='block_1_45' title="bbox 325 4841 3730 4923">
    <p class='ocr_par' dir='ltr' id='par_1_45' title="bbox 325 4841 3730 4923">
     <span class='ocr_line' id='line_1_45' title="bbox 325 4841 3730 4923; baseline -0 -12"><span class='ocrx_word' id='word_1_534' title='bbox 325 4853 666 4911; x_wconf 85' lang='lat' dir='ltr'><strong>arbitratus</strong></span> <span class='ocrx_word' id='word_1_535' title='bbox 695 4853 812 4908; x_wconf 79' lang='lat' dir='ltr'><strong>est.</strong></span> <span class='ocrx_word' id='word_1_536' title='bbox 846 4854 910 4903; x_wconf 92' lang='lat' dir='ltr'><strong>ut</strong></span> <span class='ocrx_word' id='word_1_537' title='bbox 939 4863 1125 4920; x_wconf 79' lang='lat' dir='ltr'><strong>quem</strong></span> <span class='ocrx_word' id='word_1_538' title='bbox 1159 4845 1436 4904; x_wconf 88' lang='lat' dir='ltr'><strong>animum</strong></span> <span class='ocrx_word' id='word_1_539' title='bbox 1476 4842 1725 4903; x_wconf 86' lang='lat' dir='ltr'><strong>sordida</strong></span> <span class='ocrx_word' id='word_1_540' title='bbox 1755 4842 1861 4902; x_wconf 79' lang='lat' dir='ltr'><strong>illa</strong></span> <span class='ocrx_word' id='word_1_541' title='bbox 1893 4861 2043 4903; x_wconf 86' lang='lat' dir='ltr'><strong>cura</strong></span> <span class='ocrx_word' id='word_1_542' title='bbox 2076 4862 2280 4903; x_wconf 90' lang='lat' dir='ltr'><strong>rerum</strong></span> <span class='ocrx_word' id='word_1_543' title='bbox 2327 4841 2655 4900; x_wconf 69' lang='lat' dir='ltr'><strong>humilium</strong></span> <span class='ocrx_word' id='word_1_544' title='bbox 2687 4841 3144 4919; x_wconf 22' lang='lat' dir='ltr'><strong>ocer&#39;parit,’eu</strong></span> <span class='ocrx_word' id='word_1_545' title='bbox 3181 4841 3319 4923; x_wconf 75' lang='lat' dir='ltr'><strong>ipso</strong></span> <span class='ocrx_word' id='word_1_546' title='bbox 3377 4841 3730 4910; x_wconf 56' lang='lat' dir='ltr'><strong>divinarum</strong></span> 
     </span>
    </p>
   </div>
   <div class='ocr_carea' id='block_1_46' title="bbox 323 4922 3731 5005">
    <p class='ocr_par' dir='ltr' id='par_1_46' title="bbox 323 4922 3731 5005">
     <span class='ocr_line' id='line_1_46' title="bbox 323 4922 3731 5005; baseline -0.001 -13"><span class='ocrx_word' id='word_1_547' title='bbox 323 4932 874 5005; x_wconf 87' lang='lat' dir='ltr'><strong>humanarumque</strong></span> <span class='ocrx_word' id='word_1_548' title='bbox 909 4943 1109 4983; x_wconf 90' lang='lat' dir='ltr'><strong>rerum</strong></span> <span class='ocrx_word' id='word_1_549' title='bbox 1142 4925 1401 4984; x_wconf 85' lang='lat' dir='ltr'><strong>scientia</strong></span> <span class='ocrx_word' id='word_1_550' title='bbox 1434 4923 2095 5005; x_wconf 88' lang='lat' dir='ltr'><strong>comprehenderetur.</strong></span> <span class='ocrx_word' id='word_1_551' title='bbox 2133 4928 2254 4983; x_wconf 83' lang='lat' dir='ltr'><strong>Nec</strong></span> <span class='ocrx_word' id='word_1_552' title='bbox 2283 4923 2343 4981; x_wconf 93' lang='lat' dir='ltr'><strong>id</strong></span> <span class='ocrx_word' id='word_1_553' title='bbox 2376 4922 2714 5005; x_wconf 81' lang='lat' dir='ltr'><strong>immerito.</strong></span> <span class='ocrx_word' id='word_1_554' title='bbox 2750 4928 3033 4993; x_wconf 84' lang='lat' dir='ltr'><strong>Uuonam</strong></span> <span class='ocrx_word' id='word_1_555' title='bbox 3065 4922 3227 4984; x_wconf 88' lang='lat' dir='ltr'><strong>enirn</strong></span> <span class='ocrx_word' id='word_1_556' title='bbox 3264 4929 3450 4987; x_wconf 92' lang='lat' dir='ltr'><strong>modo</strong></span> <span class='ocrx_word' id='word_1_557' title='bbox 3482 4929 3731 4990; x_wconf 89' lang='lat' dir='ltr'><strong>animus</strong></span> 
     </span>
    </p>
   </div>
   <div class='ocr_carea' id='block_1_47' title="bbox 324 5002 3729 5087">
    <p class='ocr_par' dir='ltr' id='par_1_47' title="bbox 324 5002 3729 5087">
     <span class='ocr_line' id='line_1_47' title="bbox 324 5002 3729 5087; baseline -0.001 -16"><span class='ocrx_word' id='word_1_558' title='bbox 324 5012 640 5078; x_wconf 90' lang='lat' dir='ltr'><strong>humanis,</strong></span> <span class='ocrx_word' id='word_1_559' title='bbox 674 5002 800 5087; x_wconf 81' lang='lat' dir='ltr'><strong>imo</strong></span> <span class='ocrx_word' id='word_1_560' title='bbox 832 5005 1274 5087; x_wconf 65' lang='lat' dir='ltr'><strong>etbrutalibus</strong></span> <span class='ocrx_word' id='word_1_561' title='bbox 1303 5005 1734 5063; x_wconf 65' lang='lat' dir='ltr'><strong>solTectiunibus</strong></span> <span class='ocrx_word' id='word_1_562' title='bbox 1762 5004 2029 5073; x_wconf 84' lang='lat' dir='ltr'><strong>deditus,</strong></span> <span class='ocrx_word' id='word_1_563' title='bbox 2057 5006 2598 5087; x_wconf 66' lang='lat' dir='ltr'><strong>poterit._repente</strong></span> <span class='ocrx_word' id='word_1_564' title='bbox 2633 5002 2777 5062; x_wconf 91' lang='lat' dir='ltr'><strong>hinc</strong></span> <span class='ocrx_word' id='word_1_565' title='bbox 2807 5006 3083 5070; x_wconf 80' lang='lat' dir='ltr'><strong>avulsus,</strong></span> <span class='ocrx_word' id='word_1_566' title='bbox 3138 5007 3346 5067; x_wconf 89' lang='lat' dir='ltr'><strong>subito</strong></span> <span class='ocrx_word' id='word_1_567' title='bbox 3376 5010 3452 5067; x_wconf 86' lang='lat' dir='ltr'><strong>ad</strong></span> <span class='ocrx_word' id='word_1_568' title='bbox 3487 5029 3557 5068; x_wconf 88' lang='lat' dir='ltr'><strong>ea</strong></span> <span class='ocrx_word' id='word_1_569' title='bbox 3586 5028 3729 5087; x_wconf 89' lang='lat' dir='ltr'><strong>qua</strong></span> 
     </span>
    </p>
   </div>
   <div class='ocr_carea' id='block_1_48' title="bbox 323 5083 1941 5171">
    <p class='ocr_par' dir='ltr' id='par_1_48' title="bbox 323 5083 1919 5171">
     <span class='ocr_line' id='line_1_48' title="bbox 323 5083 1919 5171; baseline -0.002 -23"><span class='ocrx_word' id='word_1_570' title='bbox 323 5093 465 5171; x_wconf 80' lang='lat' dir='ltr'><strong>plus</strong></span> <span class='ocrx_word' id='word_1_571' title='bbox 495 5109 683 5167; x_wconf 86' lang='lat' dir='ltr'><strong>quam</strong></span> <span class='ocrx_word' id='word_1_572' title='bbox 718 5084 804 5140; x_wconf 71' lang='grc' dir='ltr'>δῖα</span> <span class='ocrx_word' id='word_1_573' title='bbox 836 5083 924 5138; x_wconf 76' lang='grc' dir='ltr'><strong>διά</strong></span> <span class='ocrx_word' id='word_1_574' title='bbox 955 5087 1138 5171; x_wconf 64' lang='grc' dir='ltr'><strong>τςασῶν</strong></span> <span class='ocrx_word' id='word_1_575' title='bbox 1173 5087 1388 5144; x_wconf 90' lang='lat' dir='ltr'><strong>dissita</strong></span> <span class='ocrx_word' id='word_1_576' title='bbox 1419 5090 1820 5171; x_wconf 66' lang='lat' dir='ltr'><strong>sunt,_tuturn</strong></span> <span class='ocrx_word' id='word_1_577' title='bbox 1855 5104 1919 5171; x_wconf 71' lang='lat' dir='ltr'><strong>se</strong></span> 
     </span>
    </p>
   </div>
   <div class='ocr_carea' id='block_1_49' title="bbox 2107 5083 3725 5171">
    <p class='ocr_par' dir='ltr' id='par_1_49' title="bbox 2107 5083 3725 5171">
     <span class='ocr_line' id='line_1_49' title="bbox 2107 5083 3725 5171; baseline 0.013 -41"><span class='ocrx_word' id='word_1_578' title='bbox 2107 5086 2289 5171; x_wconf 55' lang='lat' dir='ltr'><strong>.i‘erre</strong></span> <span class='ocrx_word' id='word_1_579' title='bbox 2315 5083 2764 5171; x_wconf 37' lang='lat' dir='ltr'><strong>?Qu:&#39;pnr0pter</strong></span> <span class='ocrx_word' id='word_1_580' title='bbox 2797 5093 2959 5171; x_wconf 74' lang='lat' dir='ltr'><strong>recte</strong></span> <span class='ocrx_word' id='word_1_581' title='bbox 3000 5104 3253 5171; x_wconf 65' lang='lat' dir='ltr'><strong>quoque</strong></span> <span class='ocrx_word' id='word_1_582' title='bbox 3298 5089 3383 5147; x_wconf 85' lang='lat' dir='ltr'><strong>ait</strong></span> <span class='ocrx_word' id='word_1_583' title='bbox 3438 5083 3621 5148; x_wconf 46' lang='lat' dir='ltr'><strong>idem&#39;</strong></span> <span class='ocrx_word' id='word_1_584' title='bbox 3664 5092 3725 5150; x_wconf 91' lang='lat' dir='ltr'><strong>in</strong></span> 
     </span>
    </p>
   </div>
   <div class='ocr_carea' id='block_1_50' title="bbox 321 5162 3727 5247">
    <p class='ocr_par' dir='ltr' id='par_1_50' title="bbox 321 5162 3727 5247">
     <span class='ocr_line' id='line_1_50' title="bbox 321 5162 3727 5247; baseline -0.001 -14"><span class='ocrx_word' id='word_1_585' title='bbox 321 5162 646 5237; x_wconf 61' lang='lat' dir='ltr'><strong>Phaedone,</strong></span> <span class='ocrx_word' id='word_1_586' title='bbox 684 5188 799 5247; x_wconf 88' lang='lat' dir='ltr'><strong>par</strong></span> <span class='ocrx_word' id='word_1_587' title='bbox 826 5166 1080 5225; x_wconf 84' lang='lat' dir='ltr'><strong>omnino</strong></span> <span class='ocrx_word' id='word_1_588' title='bbox 1113 5186 1265 5234; x_wconf 85' lang='lat' dir='ltr'><strong>esse,</strong></span> <span class='ocrx_word' id='word_1_589' title='bbox 1304 5172 1370 5223; x_wconf 87' lang='lat' dir='ltr'><strong>ut</strong></span> <span class='ocrx_word' id='word_1_590' title='bbox 1401 5165 1507 5241; x_wconf 88' lang='lat' dir='ltr'><strong>qui</strong></span> <span class='ocrx_word' id='word_1_591' title='bbox 1539 5168 1613 5247; x_wconf 78' lang='lat' dir='ltr'><strong>ad</strong></span> <span class='ocrx_word' id='word_1_592' title='bbox 1650 5167 1973 5243; x_wconf 76' lang='lat' dir='ltr'><strong>sapientia</strong></span> <span class='ocrx_word' id='word_1_593' title='bbox 2004 5166 2279 5247; x_wconf 85' lang='lat' dir='ltr'><strong>studium</strong></span> <span class='ocrx_word' id='word_1_594' title='bbox 2313 5182 2377 5222; x_wconf 87' lang='lat' dir='ltr'><strong>se</strong></span> <span class='ocrx_word' id='word_1_595' title='bbox 2407 5162 2761 5231; x_wconf 83' lang='lat' dir='ltr'><strong>conferunt,</strong></span> <span class='ocrx_word' id='word_1_596' title='bbox 2799 5166 2970 5242; x_wconf 69' lang='lat' dir='ltr'><strong>prius</strong></span> <span class='ocrx_word' id='word_1_597' title='bbox 3009 5162 3259 5243; x_wconf 80' lang='lat' dir='ltr'><strong>quidem</strong></span> <span class='ocrx_word' id='word_1_598' title='bbox 3315 5172 3727 5245; x_wconf 74' lang='lat' dir='ltr'><strong>emoriantur,</strong></span> 
     </span>
    </p>
   </div>
   <div class='ocr_carea' id='block_1_51' title="bbox 322 5245 3726 5329">
    <p class='ocr_par' dir='ltr' id='par_1_51' title="bbox 322 5245 3726 5329">
     <span class='ocr_line' id='line_1_51' title="bbox 322 5245 3726 5329; baseline 0 -18"><span class='ocrx_word' id='word_1_599' title='bbox 322 5245 731 5326; x_wconf 82' lang='lat' dir='ltr'><strong>animumque</strong></span> <span class='ocrx_word' id='word_1_600' title='bbox 780 5249 981 5320; x_wconf 76' lang='lat' dir='ltr'><strong>ipsum</strong></span> <span class='ocrx_word' id='word_1_601' title='bbox 1035 5248 1113 5305; x_wconf 85' lang='lat' dir='ltr'><strong>ab</strong></span> <span class='ocrx_word' id='word_1_602' title='bbox 1163 5247 1332 5329; x_wconf 83' lang='lat' dir='ltr'><strong>omni</strong></span> <span class='ocrx_word' id='word_1_603' title='bbox 1366 5245 1645 5329; x_wconf 70' lang='lat' dir='ltr'><strong>corporis</strong></span> <span class='ocrx_word' id='word_1_604' title='bbox 1685 5265 1868 5307; x_wconf 40' lang='lat' dir='ltr'><strong>sensu</strong></span> <span class='ocrx_word' id='word_1_605' title='bbox 1902 5246 2409 5329; x_wconf 79' lang='lat' dir='ltr'><strong>cogitationeque</strong></span> <span class='ocrx_word' id='word_1_606' title='bbox 2442 5252 2750 5329; x_wconf 78' lang='lat' dir='ltr'><strong>av_ertant.</strong></span> <span class='ocrx_word' id='word_1_607' title='bbox 2789 5254 2847 5304; x_wconf 91' lang='lat' dir='ltr'><strong>et</strong></span> <span class='ocrx_word' id='word_1_608' title='bbox 2876 5249 3050 5329; x_wconf 84' lang='lat' dir='ltr'><strong>quasi</strong></span> <span class='ocrx_word' id='word_1_609' title='bbox 3082 5248 3144 5329; x_wconf 85' lang='lat' dir='ltr'><strong>in</strong></span> <span class='ocrx_word' id='word_1_610' title='bbox 3173 5267 3352 5307; x_wconf 91' lang='lat' dir='ltr'><strong>suum</strong></span> <span class='ocrx_word' id='word_1_611' title='bbox 3381 5254 3483 5329; x_wconf 86' lang='lat' dir='ltr'><strong>jus</strong></span> <span class='ocrx_word' id='word_1_612' title='bbox 3512 5269 3726 5311; x_wconf 83' lang='lat' dir='ltr'><strong>suam-</strong></span> 
     </span>
    </p>
   </div>
   <div class='ocr_carea' id='block_1_52' title="bbox 320 5325 3725 5410">
    <p class='ocr_par' dir='ltr' id='par_1_52' title="bbox 320 5325 3725 5410">
     <span class='ocr_line' id='line_1_52' title="bbox 320 5325 3725 5410; baseline -0 -20"><span class='ocrx_word' id='word_1_613' title='bbox 320 5351 443 5410; x_wconf 86' lang='lat' dir='ltr'><strong>que</strong></span> <span class='ocrx_word' id='word_1_614' title='bbox 482 5325 831 5391; x_wconf 15' lang='lat' dir='ltr'><strong>liber’tatem</strong></span> <span class='ocrx_word' id='word_1_615' title='bbox 866 5329 1203 5388; x_wconf 84' lang='lat' dir='ltr'><strong>vindicent.</strong></span> <span class='ocrx_word' id='word_1_616' title='bbox 1238 5327 1486 5410; x_wconf 71' lang='lat' dir='ltr'><strong>Alioqui</strong></span> <span class='ocrx_word' id='word_1_617' title='bbox 1519 5327 1681 5410; x_wconf 76' lang='lat' dir='ltr'><strong>enim</strong></span> <span class='ocrx_word' id='word_1_618' title='bbox 1716 5327 2252 5410; x_wconf 76' lang='lat' dir='ltr'><strong>quemadmodum</strong></span> <span class='ocrx_word' id='word_1_619' title='bbox 2286 5325 2477 5410; x_wconf 78' lang='lat' dir='ltr'><strong>habet</strong></span> <span class='ocrx_word' id='word_1_620' title='bbox 2509 5326 2735 5410; x_wconf 75' lang='lat' dir='ltr'><strong>Lysias</strong></span> <span class='ocrx_word' id='word_1_621' title='bbox 2760 5328 3210 5410; x_wconf 60' lang='lat' dir='ltr'><strong>Pythagoricus</strong></span> <span class='ocrx_word' id='word_1_622' title='bbox 3242 5329 3302 5388; x_wconf 93' lang='lat' dir='ltr'><strong>in</strong></span> <span class='ocrx_word' id='word_1_623' title='bbox 3349 5325 3615 5403; x_wconf 78' lang='lat' dir='ltr'><strong>epistola</strong></span> <span class='ocrx_word' id='word_1_624' title='bbox 3646 5333 3725 5393; x_wconf 83' lang='lat' dir='ltr'><strong>ad</strong></span> 
     </span>
    </p>
   </div>
   <div class='ocr_carea' id='block_1_53' title="bbox 318 5405 3721 5493">
    <p class='ocr_par' dir='ltr' id='par_1_53' title="bbox 318 5405 3721 5493">
     <span class='ocr_line' id='line_1_53' title="bbox 318 5405 3721 5493; baseline -0 -19"><span class='ocrx_word' id='word_1_625' title='bbox 318 5405 775 5493; x_wconf 77' lang='lat' dir='ltr'><strong>Hipparchum,</strong></span> <span class='ocrx_word' id='word_1_626' title='bbox 811 5411 862 5470; x_wconf 91' lang='lat' dir='ltr'><strong>is</strong></span> <span class='ocrx_word' id='word_1_627' title='bbox 892 5410 998 5488; x_wconf 90' lang='lat' dir='ltr'><strong>qui</strong></span> <span class='ocrx_word' id='word_1_628' title='bbox 1030 5408 1346 5493; x_wconf 85' lang='lat' dir='ltr'><strong>corruptis</strong></span> <span class='ocrx_word' id='word_1_629' title='bbox 1376 5405 2632 5493; x_wconf 57' lang='lat' dir='ltr'><strong>obscenisque_moribus_specu_lationes</strong></span> <span class='ocrx_word' id='word_1_630' title='bbox 2661 5405 2738 5464; x_wconf 88' lang='lat' dir='ltr'><strong>ad</strong></span> <span class='ocrx_word' id='word_1_631' title='bbox 2763 5406 3007 5467; x_wconf 92' lang='lat' dir='ltr'><strong>divinos</strong></span> <span class='ocrx_word' id='word_1_632' title='bbox 3036 5426 3356 5470; x_wconf 90' lang='lat' dir='ltr'><strong>sermones</strong></span> <span class='ocrx_word' id='word_1_633' title='bbox 3391 5412 3721 5487; x_wconf 79' lang='lat' dir='ltr'><strong>immisret,</strong></span> 
     </span>
    </p>
   </div>
   <div class='ocr_carea' id='block_1_54' title="bbox 316 5484 3722 5569">
    <p class='ocr_par' dir='ltr' id='par_1_54' title="bbox 316 5484 3722 5569">
     <span class='ocr_line' id='line_1_54' title="bbox 316 5484 3722 5569; baseline -0.001 -13"><span class='ocrx_word' id='word_1_634' title='bbox 316 5484 653 5556; x_wconf 43' lang='lat' dir='ltr'><strong>non-secus</strong></span> <span class='ocrx_word' id='word_1_635' title='bbox 683 5484 812 5569; x_wconf 81' lang='lat' dir='ltr'><strong>agit</strong></span> <span class='ocrx_word' id='word_1_636' title='bbox 842 5484 1029 5566; x_wconf 81' lang='lat' dir='ltr'><strong>quam</strong></span> <span class='ocrx_word' id='word_1_637' title='bbox 1056 5491 1105 5549; x_wconf 89' lang='lat' dir='ltr'><strong>si</strong></span> <span class='ocrx_word' id='word_1_638' title='bbox 1127 5484 1380 5551; x_wconf 80' lang='lat' dir='ltr'><strong>canoso</strong></span> <span class='ocrx_word' id='word_1_639' title='bbox 1413 5498 1601 5565; x_wconf 92' lang='lat' dir='ltr'><strong>puteo</strong></span> <span class='ocrx_word' id='word_1_640' title='bbox 1635 5484 2113 5564; x_wconf 73' lang='lat' dir='ltr'><strong>liquidissimum</strong></span> <span class='ocrx_word' id='word_1_641' title='bbox 2147 5484 2440 5569; x_wconf 79' lang='lat' dir='ltr'><strong>infundat.</strong></span> <span class='ocrx_word' id='word_1_642' title='bbox 2475 5502 2732 5569; x_wconf 74' lang='lat' dir='ltr'><strong>aquam,</strong></span> <span class='ocrx_word' id='word_1_643' title='bbox 2775 5494 3012 5569; x_wconf 88' lang='lat' dir='ltr'><strong>quaet</strong></span> <span class='ocrx_word' id='word_1_644' title='bbox 3059 5505 3307 5549; x_wconf 83' lang='lat' dir='ltr'><strong>canum</strong></span> <span class='ocrx_word' id='word_1_645' title='bbox 3366 5484 3722 5567; x_wconf 79' lang='lat' dir='ltr'><strong>conturbet,</strong></span> 
     </span>
    </p>
   </div>
   <div class='ocr_carea' id='block_1_55' title="bbox 318 5564 3724 5652">
    <p class='ocr_par' dir='ltr' id='par_1_55' title="bbox 318 5564 3724 5652">
     <span class='ocr_line' id='line_1_55' title="bbox 318 5564 3724 5652; baseline -0.001 -15"><span class='ocrx_word' id='word_1_646' title='bbox 318 5582 382 5637; x_wconf 88' lang='lat' dir='ltr'><strong>et</strong></span> <span class='ocrx_word' id='word_1_647' title='bbox 411 5594 589 5637; x_wconf 88' lang='lat' dir='ltr'><strong>suam</strong></span> <span class='ocrx_word' id='word_1_648' title='bbox 621 5564 817 5652; x_wconf 74' lang='lat' dir='ltr'><strong>ipsius</strong></span> <span class='ocrx_word' id='word_1_649' title='bbox 850 5564 1237 5632; x_wconf 84' lang='lat' dir='ltr'><strong>contaminet</strong></span> <span class='ocrx_word' id='word_1_650' title='bbox 1269 5564 1839 5652; x_wconf 74' lang='lat' dir='ltr'><strong>puritatem._Quod</strong></span> <span class='ocrx_word' id='word_1_651' title='bbox 1868 5569 2188 5652; x_wconf 85' lang='lat' dir='ltr'><strong>sitantam</strong></span> <span class='ocrx_word' id='word_1_652' title='bbox 2225 5564 2592 5652; x_wconf 79' lang='lat' dir='ltr'><strong>munditiem</strong></span> <span class='ocrx_word' id='word_1_653' title='bbox 2625 5565 2707 5626; x_wconf 87' lang='lat' dir='ltr'><strong>ab</strong></span> <span class='ocrx_word' id='word_1_654' title='bbox 2735 5564 2809 5627; x_wconf 89' lang='lat' dir='ltr'><strong>eo</strong></span> <span class='ocrx_word' id='word_1_655' title='bbox 2848 5568 3187 5652; x_wconf 79' lang='lat' dir='ltr'><strong>exigebant</strong></span> <span class='ocrx_word' id='word_1_656' title='bbox 3226 5570 3335 5649; x_wconf 89' lang='lat' dir='ltr'><strong>qui</strong></span> <span class='ocrx_word' id='word_1_657' title='bbox 3374 5573 3452 5633; x_wconf 86' lang='lat' dir='ltr'><strong>ad</strong></span> <span class='ocrx_word' id='word_1_658' title='bbox 3499 5564 3724 5634; x_wconf 37' lang='lat' dir='ltr'><strong>humu-&#39;-</strong></span> 
     </span>
    </p>
   </div>
   <div class='ocr_carea' id='block_1_56' title="bbox 318 5646 3727 5736">
    <p class='ocr_par' dir='ltr' id='par_1_56' title="bbox 318 5646 3727 5736">
     <span class='ocr_line' id='line_1_56' title="bbox 318 5646 3727 5736; baseline -0.001 -16"><span class='ocrx_word' id='word_1_659' title='bbox 318 5675 466 5720; x_wconf 84' lang='lat' dir='ltr'><strong>nam</strong></span> <span class='ocrx_word' id='word_1_660' title='bbox 488 5646 800 5719; x_wconf 81' lang='lat' dir='ltr'><strong>duntaxat</strong></span> <span class='ocrx_word' id='word_1_661' title='bbox 829 5670 902 5713; x_wconf 80' lang='lat' dir='ltr'><strong>ac</strong></span> <span class='ocrx_word' id='word_1_662' title='bbox 932 5646 1286 5715; x_wconf 78' lang='lat' dir='ltr'><strong>naturalem</strong></span> <span class='ocrx_word' id='word_1_663' title='bbox 1320 5650 1557 5712; x_wconf 74' lang='lat' dir='ltr'><strong>accedit</strong></span> <span class='ocrx_word' id='word_1_664' title='bbox 1586 5649 2077 5730; x_wconf 80' lang='lat' dir='ltr'><strong>philosophiam,</strong></span> <span class='ocrx_word' id='word_1_665' title='bbox 2111 5653 2372 5727; x_wconf 88' lang='lat' dir='ltr'><strong>quanta,</strong></span> <span class='ocrx_word' id='word_1_666' title='bbox 2406 5646 2689 5720; x_wconf 84' lang='lat' dir='ltr'><strong>obsecro,</strong></span> <span class='ocrx_word' id='word_1_667' title='bbox 2723 5648 3080 5727; x_wconf 79' lang='lat' dir='ltr'><strong>requiratur</strong></span> <span class='ocrx_word' id='word_1_668' title='bbox 3106 5650 3187 5712; x_wconf 82' lang='lat' dir='ltr'><strong>ab</strong></span> <span class='ocrx_word' id='word_1_669' title='bbox 3217 5646 3290 5714; x_wconf 83' lang='lat' dir='ltr'><strong>eo</strong></span> <span class='ocrx_word' id='word_1_670' title='bbox 3341 5653 3450 5732; x_wconf 91' lang='lat' dir='ltr'><strong>qui</strong></span> <span class='ocrx_word' id='word_1_671' title='bbox 3503 5670 3727 5736; x_wconf 82' lang='lat' dir='ltr'><strong>supra-</strong></span> 
     </span>
    </p>
   </div>
  </div>
