4098 6260
270 280 331 341 13
1653 275 2289 351 PBOLEGOMENIA.
2552 348 2563 353 η
3605 277 3678 338 ii

266 412 542 476 mundana
570 429 642 471 ac
676 411 923 473 divina
954 415 1224 473 serutari
1255 411 1619 471 desiderat?
1652 413 1977 491 Siquidem
2011 414 2330 473 mundana
2362 420 2713 492 quaerentes
2743 415 2860 473 toti
2894 413 2991 473 his
3023 411 3433 485 involvimur,
3465 431 3581 474 nec
3610 415 3676 475 in

271 493 603 556 malevolam
634 493 939 553 animam
978 493 1325 564 ingreditur
1358 512 1635 569 unquam
1669 494 1995 570 sapientia,
2035 513 2147 553 nec
2181 494 2424 554 habitat
2456 498 2514 553 in
2568 513 2831 572 corpore
2874 495 3123 555 subdito
3158 496 3428 569 peccatis
3460 496 3505 554 ¹.
3534 496 3675 572 Spi-

267 578 399 638 ritus
418 576 573 635 enim
606 582 884 633 sanctus
909 575 1258 651 disciplinas
1290 573 1506 650 effugit
1537 575 1778 643 ﬁctum,
1812 581 1872 633 et
1904 576 2105 633 aufert
2137 594 2202 634 se
2236 594 2271 634 a
2302 576 2787 653 cogitationibus
2817 594 2959 653 quae
2992 585 3135 633 sunt
3156 576 3287 634 sine
3318 576 3669 649 intellectu,

269 666 317 718 et
339 676 373 716 a
399 655 889 733 superveniente
923 656 1256 733 iniquitate
1283 656 1637 728 Corripitur,
1675 655 1844 731 quod
1877 673 2173 731 expresse
2208 658 2359 715 satis
2392 657 2867 733 intelligendum
2901 656 3076 715 dedit
3107 656 3391 715 Christus
3417 656 3673 727 Judaais,

270 756 392 798 cum
426 746 511 795 ait
537 753 553 793 ε
593 735 907 808 Quomodo
935 755 1035 796 vos
1062 735 1299 815 potestis
1346 734 1609 806 credere,
1642 739 1750 813 qui
1774 736 2030 813 gloriam
2061 754 2097 796 a
2128 735 2294 795 vobis
2325 748 2527 795 mutuo
2556 739 2823 815 αιοισψὶίιε
2850 738 2894 794 ².
2930 739 3127 797 Porro
3162 742 3336 795 tauto
3388 736 3590 812 major
3615 736 3679 796 in

269 820 424 880 vobis
453 818 742 875 doctrina
776 816 1069 875 humana
1105 815 1461 893 requiritur,
1523 829 1760 892 quanto
1811 816 2059 892 longius
2080 818 2158 875 ab
2194 818 2309 876 hac
2343 818 2645 876 munditie
2676 836 3066 894 separamur,
3128 816 3456 894 sanctique
3512 815 3682 876 illius

272 898 529 975 Spiritus
559 897 791 955 auxilio
821 897 1251 964 destituimur,
1285 896 1392 972 qui
1424 897 1615 954 sacris
1646 894 1795 953 olim
1821 896 2125 974 apostolis
2155 915 2228 956 ac
2260 899 2585 975 prophetis
2618 906 2915 974 tanquam
2964 897 3178 956 electis
3235 902 3362 956 suis
3419 900 3677 975 organis

278 974 575 1037 indivntse
604 994 847 1052 semper
872 980 1118 1043 aderat,
1154 994 1498 1052 eorumque
1530 977 1810 1051 linguam
1846 994 1919 1037 ac
1954 974 2275 1037 calamum
2300 974 2391 1037 ad,
2413 979 2625 1038 omnia
2654 979 2990 1055 dirigebat,
3021 978 3208 1055 juxta
3237 975 3395 1037 illud
3448 974 3679 1037 Christi

283 1058 645 1138 promissum
674 1077 685 1116 :
724 1058 997 1136 Spiritus
1028 1056 1295 1116 veritatis
1324 1058 1493 1115 ducet
1528 1076 1623 1138 uos
1655 1057 1712 1114 ιή
1741 1075 1966 1116 onmem
2001 1057 2332 1117 veritatem.

352 1138 490 1196 Haec
519 1137 749 1196 idcirco
773 1135 1071 1198 dixerim.
1107 1140 1271 1214 Quid
1306 1147 1450 1195 ante
1483 1137 1723 1211 a-iquot
1753 1155 1954 1197 annos
1986 1140 2205 1197 videns
2235 1137 2733 1198 communicatm
2764 1154 2897 1197 esse
2929 1137 3107 1197 nobis
3138 1155 3175 1197 a
3207 1135 3436 1198 Grati-is
3466 1153 3679 1196 saeros

274 1216 384 1277 hos
405 1237 473 1277 ac
504 1218 872 1277 utilissimos
906 1217 1416 1287 commentarios,
1451 1217 1793 1294 plurimum
1826 1218 2182 1277 demirabar
2215 1221 2524 1280 neminem
2556 1218 2715 1277 inter
2740 1225 2832 1277 tot
2864 1220 3137 1277 virorum
3171 1218 3676 1277 doctissimorum

270 1299 517 1375 agmina
548 1298 713 1358 hanc
743 1298 863 1358 sibi
890 1298 1063 1375 provi
1095 1297 1269 1356 .rlam
1304 1299 1509 1375 suscip
1532 1316 1639 1363 Ire,
1677 1307 1742 1355 ut
1774 1298 1865 1357 vel
1897 1300 2249 1358 communis
2282 1299 2667 1376 potis~imum
2703 1299 2989 1358 utiitatis
3019 1298 3274 1365 intuitu,
3312 1298 3408 1356 vel
3443 1314 3677 1358 merce-

267 1378 351 1437 dis
382 1398 417 1437 a
452 1378 720 1438 Domino
752 1378 1194 1456 exspectandae
1227 1378 1453 1455 gratia,
1486 1390 1591 1436 aut
1621 1378 1671 1436 si
1706 1396 1827 1437 non
1856 1378 1936 1437 ob
1966 1379 2161 1448 aliud,
2200 1387 2366 1440 certe
2399 1380 2494 1438 vel
2527 1380 2623 1437 sui
2656 1378 2928 1439 nominis
2958 1380 3122 1453 apud
3155 1379 3450 1437 mortales
3508 1378 3674 1439 cele-

268 1459 552 1518 britatem
587 1477 900 1536 quaerens,
937 1477 1078 1537 quas
1110 1460 1169 1517 in
1206 1467 1323 1517 hoc
1355 1458 1689 1518 videbatur
1716 1476 1853 1518 esse
1886 1461 2181 1530 maxima,
2219 1460 2475 1520 Latinos
2506 1459 2685 1519 nobis
2713 1461 2884 1537 ipsos
2917 1460 3227 1519 redderet.
3266 1460 3495 1518 Verum
3530 1465 3670 1517 tan-

267 1540 398 1599 dem
434 1540 511 1597 ad
547 1557 648 1599 me
681 1540 955 1612 rediens,
989 1543 1075 1600 rei
1118 1539 1554 1598 difficultatem
1610 1539 1673 1596 in
1727 1557 1918 1599 causa
1948 1559 2081 1599 esse
2113 1540 2403 1617 cognovi,
2438 1558 2579 1618 quas
2608 1542 2891 1616 singulos
2921 1558 2958 1599 a
2988 1538 3423 1599 laudatissima
3483 1555 3675 1616 opere

263 1620 610 1680 retraheret
642 1637 657 1678 :
695 1620 799 1679 cui
830 1628 937 1679 aut
967 1638 1031 1678 se
1065 1638 1247 1697 pares
1275 1637 1408 1679 esse
1438 1619 1818 1691 difﬁderent,
1872 1627 1982 1680 aut
2039 1621 2285 1681 labores
2316 1625 2456 1699 plus
2486 1638 2677 1698 quam
2712 1620 3049 1680 Herculeos
3105 1619 3469 1697 fugitantes,
3524 1636 3673 1678 suos

263 1718 615 1777 supponere
648 1700 949 1760 humeros
980 1705 1365 1775 recusarent,
1403 1700 1709 1775 placidam
1742 1700 2016 1776 quietem
2050 1720 2123 1761 ac
2154 1701 2350 1760 otium
2386 1701 2636 1778 negotio
2670 1700 2834 1760 ultro
2867 1706 3156 1778 suscepto
3208 1706 3667 1777 praeponentes.

264 1783 392 1859 Ego
428 1798 599 1853 vero,
636 1799 999 1858 quanquam
1038 1799 1133 1839 me
1168 1780 1261 1838 his
1290 1781 1474 1857 longe
1504 1780 1861 1839 inferiorem
1900 1800 2032 1839 esse
2059 1782 2498 1860 perspicerem,
2530 1782 2909 1859 ingenioque
2939 1799 3012 1840 ac
3044 1780 3395 1840 eruditione
3450 1797 3673 1856 parum

262 1861 607 1921 admodum
646 1880 823 1938 posse
856 1868 1156 1936 praestare
1188 1860 1565 1919 confiderem
1594 1876 1607 1917 :
1638 1861 1855 1919 delens
1887 1870 2094 1921 tamen
2131 1862 2404 1922 maximo
2438 1862 2556 1921 hoc
2586 1862 2792 1920 fructu
2827 1869 2917 1921 tot
2948 1861 3129 1920 annis
3162 1862 3419 1921 Latinos
3449 1860 3670 1919 imme-

262 1943 373 2001 rito
409 1942 694 2000 fraudari
730 1960 743 2001 :
785 1944 1126 2000 multorum
1159 1960 1410 2017 quoque
1441 1940 1723 2017 pulsatus
1760 1942 2066 2017 precibus,
2128 1944 2357 2020 quibus
2413 1943 2713 2002 obsistere
2749 1942 3128 2019 impudentis
3188 1941 3397 2019 potius
3450 1940 3674 1999 fuisset

270 2040 444 2100 quam
484 2021 845 2095 verecundi,
882 2023 1220 2079 immensos
1251 2040 1399 2078 sane
1431 2022 1489 2078 in
1526 2022 1641 2079 hoc
1675 2022 1834 2080 subii
1873 2023 2117 2081 labores
2150 2040 2162 2081 :
2200 2041 2326 2099 quo
2359 2023 2457 2082 vel
2513 2023 2925 2082 eruditiorum
2956 2022 3198 2081 animos
3258 2038 3670 2097 provocarem

269 2121 333 2162 ac
359 2104 699 2163 irritarem.
734 2111 803 2160 ut
835 2101 930 2160 vel
963 2102 1048 2160 sic
1079 2101 1485 2175 exdimulati,
1521 2102 1692 2159 omni
1726 2104 1939 2178 procul
1974 2103 2100 2162 otio
2134 2104 2385 2178 rejeeto.
2423 2104 2736 2162 autetiam
2782 2104 3023 2180 privato
3056 2102 3309 2179 negotio
3362 2120 3487 2177 quo
3545 2117 3661 2159 sua

275 2184 525 2259 quisque
556 2184 810 2261 quaerit,
846 2200 918 2240 ea
951 2188 1193 2240 tantum
1218 2188 1506 2258 qumrant
1535 2200 1674 2256 quae
1705 2190 1849 2239 sunt
1880 2184 2024 2241 ἄθμι]
2061 2184 2307 2243 Christi.
2341 2186 2410 2242 Et
2437 2184 2550 2259 piis
2576 2186 2797 2261 emptis
2828 2184 2981 2242 satis
3039 2182 3193 2242 favit
3250 2182 3605 2241 Altissimus
3639 2195 3655 2239 :

275 2269 361 2335 ut,
393 2262 444 2320 si
470 2282 593 2320 non
624 2263 917 2321 omnibus
950 2264 1009 2319 in
1042 2262 1190 2320 locis
1212 2264 1488 2320 omnium
1519 2262 1767 2331 animis,
1800 2263 1926 2321 imo
1958 2282 2067 2322 nec
2103 2282 2238 2324 meo
2268 2264 2530 2322 subinde
2559 2265 2991 2335 satisfecerim,
3034 2266 3233 2322 rarius
3266 2269 3473 2320 tamen
3511 2278 3659 2338 pro-

282 2342 377 2399 cui
407 2361 443 2399 a
473 2359 664 2417 scopo
696 2360 785 2401 me
818 2342 1274 2400 hallucinatum
1309 2342 1679 2401 crediderim
1709 2361 1723 2401 :
1756 2351 1946 2419 atque
1979 2348 2185 2401 danda
2216 2350 2308 2402 est
2332 2344 2512 2401 venia
2558 2345 2607 2402 si
2630 2344 2778 2421 quid
2822 2344 2885 2402 in
2934 2345 3155 2402 horum
3218 2343 3502 2401 versione
3562 2357 3660 2399 me

282 2422 521 2498 fugerit,
560 2428 625 2480 ut
656 2421 882 2499 fugisse
917 2423 1115 2480 multo
1148 2442 1269 2481 non
1304 2423 1547 2491 dubito,
1583 2440 1723 2480 cum
1762 2423 1947 2480 variis
1980 2422 2254 2499 undique
2286 2424 2657 2482 Constrictus
2689 2423 2907 2482 fuerim
2968 2424 3296 2499 angustiis.
3331 2422 3446 2481 Vix
3495 2422 3663 2479 enim

277 2503 432 2561 credi
468 2510 655 2577 queat
682 2509 994 2577 quantum
1030 2503 1260 2561 laboris
1290 2506 1383 2561 vel
1415 2502 1475 2560 id
1515 2501 1668 2560 mihi
1698 2501 2031 2567 addiderit,
2069 2513 2134 2560 ut
2163 2510 2388 2562 caetera
2426 2504 2735 2569 omittam,
2764 2503 2928 2579 quod
2961 2502 3244 2573 Photius,
3278 2502 3362 2559 vir
3427 2519 3576 2559 sane
3607 2505 3670 2559 et

275 2600 510 2641 sensum
544 2583 885 2659 indagator
915 2582 1353 2659 sagacissimis,
1391 2590 1451 2641 et
1484 2581 1885 2640 flosculorum
1924 2583 2263 2642 rhetorices
2293 2583 2658 2641 observator
2697 2583 3232 2660 diligentissimus,
3268 2580 3550 2657 plurimis
3601 2580 3667 2638 in

272 2662 420 2722 locis
444 2666 703 2739 singula
739 2663 913 2722 Pauli
947 2664 1133 2721 verba
1162 2664 1374 2722 Graeca
1406 2680 1751 2738 eorumque
1783 2671 2215 2722 contexturam
2260 2664 2449 2723 veluti
2508 2664 2739 2722 trutina
2795 2665 3190 2739 ponderaret,
3252 2680 3392 2721 eum
3454 2668 3665 2720 tamen

271 2743 525 2802 Paulum
564 2744 783 2802 Latine
816 2745 1165 2805 reddentes.
1206 2744 1563 2816 huiusmodi
1594 2744 1925 2801 verborum
1959 2745 2241 2802 ordinem
2275 2745 2587 2821 simulque
2647 2745 2920 2803 Graec-am
2986 2744 3268 2803 Phrasim
3328 2741 3670 2800 immutare

273 2832 511 2883 coactus
538 2825 823 2892 fuissem,
855 2823 941 2881 sic
977 2824 1195 2900 utjam
1227 2824 1428 2882 Photii
1458 2823 1697 2882 scholia
1728 2823 1934 2882 locum
1968 2843 2089 2882 non
2126 2825 2450 2901 haberent,
2516 2826 2775 2901 proinde
2833 2825 3218 2897 ambigerem
3281 2823 3662 2899 frequenter,

272 2921 407 2962 num
445 2911 777 2981 praestaret
805 2921 946 2961 eam
977 2910 1573 2962 commentariorum
1608 2910 1846 2979 partem
1881 2904 1941 2961 in
1972 2912 2169 2962 totum
2203 2906 2578 2982 relinquere,
2613 2921 2801 2979 quam
2840 2907 3072 2965 Latinis
3115 2904 3428 2963 scabrosa.
3464 2902 3671 2960 nullo-

272 3001 385 3061 que
419 2990 621 3043 tructu
659 2984 933 3045 tradere.
971 2991 1038 3042 ut
1067 3002 1208 3060 quae
1241 2983 1387 3042 solis
1417 2983 1671 3042 serviret
1703 2986 1956 3051 Great-is,
1996 3003 2220 3061 nempe
2261 2987 2334 3044 de.
2369 2986 2554 3044 anxia
2596 2988 2956 3045 Graecarum
3018 3002 3237 3044 vocum
3292 2989 3673 3041 *contextura

268 3080 337 3122 ac
365 3064 741 3141 significato.
778 3063 1057 3123 Tandem
1094 3071 1299 3122 tamen
1336 3064 1546 3122 omnia
1576 3063 1841 3123 ﬁdeliter
1873 3065 2130 3123 reddere
2158 3066 2443 3124 decrevi:
2479 3085 2840 3143 quanquam
2877 3084 2971 3124 me
3006 3083 3126 3123 non
3165 3082 3381 3137 parum
3418 3077 3672 3139 quoque

268 3154 736 3203 remorarentur
761 3145 1146 3204 uniciGiaeci
1177 3143 1555 3221 exemplaris
1589 3164 1709 3203 non
1746 3163 1903 3203 rara:
1939 3149 2202 3220 mendas,
2236 3146 2362 3204 sive
2399 3142 2688 3204 librarius
2720 3145 2819 3204 hic
2842 3164 2899 3203 in
2934 3146 3119 3222 culpa
3150 3144 3358 3219 fuerit,
3392 3142 3519 3200 sive
3578 3150 3675 3218 ty-

270 3226 626 3301 pographus
660 3241 673 3283 :
713 3242 855 3301 quae
894 3242 990 3283 me
1026 3229 1392 3302 plerumque
1415 3225 1695 3283 divinare
1726 3236 2059 3301 cogerent:
2097 3226 2437 3285 feliciterne
2494 3245 2571 3284 an
2629 3243 2828 3291 secus.
2866 3226 2950 3293 id,
3012 3223 3549 3302 quomadmodum
3610 3226 3673 3302 et

270 3300 498 3362 caetera
524 3300 755 3371 omnia,
794 3300 1044 3364 lectoris
1080 3300 1307 3378 iudicio
1341 3306 1649 3380 relinquo.
1689 3306 1759 3363 Et
1790 3300 2155 3383 quanquam
2188 3306 2268 3365 ob
2295 3308 2425 3366 haec
2459 3325 2554 3365 me
2587 3325 2709 3364 non
2744 3306 2937 3365 lateat
2988 3300 3264 3382 phrasim
3326 3300 3671 3383 aliquando

276 3399 410 3464 esse
438 3384 499 3441 in
532 3384 841 3443 nonnullis
871 3385 1189 3444 duriorem
1229 3403 1240 3445 :
1281 3384 1471 3443 malui
1505 3392 1709 3443 tamen
1746 3384 1849 3442 fidi
1884 3381 2244 3463 interpretis
2277 3406 2464 3464 quam
2498 3388 2799 3464 elegantis
2827 3381 3260 3464 paraphrasim
3319 3383 3493 3459 fungi
3520 3381 3669 3464 offij

279 3463 397 3538 cio,
433 3464 665 3523 etiamsi
698 3464 818 3524 hoc
849 3466 1147 3542 consequi
1187 3466 1550 3542 potuissem.
1608 3483 1751 3523 eum
1787 3465 2028 3525 videam
2054 3459 2420 3536 nonnullos,
2447 3459 3023 3543 dum'nimis'politi
3056 3467 3115 3524 in
3143 3463 3442 3524 vertendo
3475 3459 3676 3543 videri

277 3548 486 3603 volunt
514 3545 593 3603 ab
625 3552 958 3604 auctorum
989 3541 1407 3605 etiamaniini
1439 3552 1747 3619 conceptu
1782 3563 2230 3623 nonnunquam
2258 3549 2580 3607 excidisse.
2617 3550 2743 3624 Ego
2777 3541 2922 3605 vero
2952 3547 3117 3605 intra
3143 3545 3282 3623 ipsa
3318 3541 3678 3619 interpretis

272 3635 449 3701 septa
482 3643 579 3684 me
609 3625 761 3684 satis
792 3625 1059 3685 inclusi:
1094 3626 1261 3702 quod
1300 3634 1365 3683 ut
1399 3631 1690 3701 tacerem,
1724 3626 1911 3684 etiam
1946 3628 2179 3704 ingenii
2212 3628 2483 3687 tenuitas
2516 3647 2611 3687 me
2641 3628 2866 3705 coegit.
2904 3628 3115 3704 Neque
3176 3625 3341 3683 enim
3378 3624 3535 3705 adeo
3567 3640 3674 3705 ex-

271 3707 516 3764 cellenti
554 3705 857 3779 praditus
888 3724 1025 3764 sum
1060 3706 1331 3783 ingenio,
1362 3712 1449 3773 ut,
1488 3707 1657 3764 velut
1694 3706 1942 3764 l’hidias
1972 3709 2194 3767 statuis
2227 3728 2347 3767 non
2382 3710 2582 3767 solum
2616 3704 2827 3784 aptam
2888 3709 3309 3766 membrorum
3364 3704 3680 3762 tribuebat

267 3784 697 3853 harmoniam,
732 3784 841 3843 sed
888 3787 1076 3845 etiam
1137 3786 1507 3863 dignitatem
1567 3794 1629 3843 et
1685 3788 2189 3860 amplitudinem,
2221 3788 2307 3846 ita
2340 3797 2399 3846 et
2430 3808 2546 3865 ego
2579 3788 2848 3847 veisioni
2880 3790 3274 3865 splendorem
3330 3786 3681 3865 adiungere

265 3867 497 3941 possim
536 3867 878 3943 lumenque
910 3867 1231 3925 orationis.
1269 3867 1395 3942 Ego
1422 3868 1630 3939 itaque
1667 3885 1801 3924 meo
1838 3887 1932 3924 me.
1966 3878 2120 3944 pelle
2155 3868 2414 3926 metior:
2468 3864 2576 3927 nec
2611 3888 2882 3942 unquam
2918 3864 3085 3925 aliud
3120 3885 3262 3943 ago,
3308 3883 3522 3942 quam,
3560 3864 3673 3920 el8i

261 3963 379 4004 non
413 3948 757 4005 verborum
789 3964 1139 4005 mensuram
1176 3964 1609 4007 annumerem.
1648 3954 1707 4003 et
1741 3948 1955 4005 saltem
1990 3952 2347 4008 Graecarum
2383 3952 2832 4007 sententiarum
2870 3950 3110 4025 pondus
3174 3946 3403 4004 Latinis
3464 3962 3679 4025 repens

260 4026 399 4106 dam
456 4045 471 4084 :
510 4028 799 4100 adeoque
833 4027 928 4083 his
961 4027 1069 4104 qui
1103 4035 1343 4085 tantum
1384 4027 1579 4083 Latini
1607 4035 1751 4085 sunt
1777 4029 2084 4097 consului,
2124 4040 2295 4087 utne
2328 4032 2582 4087 verbum
2618 4023 2882 4106 quidem
2928 4032 3240 4091 Graecum,
3276 4024 3487 4103 quoad
3532 4023 3677 4106 fieri

254 4105 465 4182 licuit,
504 4107 923 4183 relinquerem
960 4126 979 4164 :
1014 4109 1179 4183 quod
1219 4106 1320 4165 ubi
1380 4108 1614 4163 servari
1649 4109 1948 4182 nequixit,
2011 4110 2221 4166 addidi
2273 4118 2592 4176 Ουιιιιηηο,
2643 4104 2797 4185 quid
2862 4108 2949 4165 illi
3012 4109 3218 4166 Latine
3276 4104 3677 4178 respondeat.

251 4186 639 4263 Quanquam
678 4202 883 4244 tamen
915 4188 971 4245 id
1006 4188 1157 4246 satis
1180 4187 1324 4256 seio,
1356 4187 1506 4245 nihil
1542 4189 1699 4245 adeo
1726 4190 1853 4245 fore
1884 4208 1956 4246 ex
1993 4189 2159 4247 omni
2199 4197 2371 4265 parte
2396 4189 2669 4254 beatum,
2706 4196 2771 4246 ut
2805 4197 3118 4245 moreatnr
3141 4188 3419 4243 omnium
3458 4186 3679 4265 plausu

246 4269 465 4327 excioi
507 4283 521 4336 ;
558 4267 748 4339 idque
769 4267 927 4327 adeo
960 4286 1082 4326 non
1125 4281 1289 4343 peto,
1327 4275 1393 4325 ut
1423 4267 1606 4326 etiam
1672 4269 1871 4339 magis
1907 4274 2021 4327 hoc
2077 4264 2433 4344 suspectum
2499 4269 2816 4337 haberem,
2851 4270 2899 4327 si
2936 4286 3109 4325 mens
3142 4266 3320 4325 labor
3374 4264 3681 4323 universts

250 4348 465 4427 proba
482 4353 654 4405 retur
689 4364 703 4406 :
740 4366 879 4406 cum
916 4347 1105 4406 sciam
1139 4348 1301 4406 inter
1333 4356 1458 4406 tam
1492 4347 1664 4406 varia
1698 4349 2019 4408 hominum
2051 4350 2324 4421 ingenia,
2348 4368 2478 4409 esse
2513 4369 2633 4408 non
2672 4367 2894 4427 pauca,
2929 4348 3154 4424 quibus
3192 4364 3329 4404 mea
3359 4364 3481 4403 non
3535 4361 3680 4427 pro-

246 4426 388 4487 bari
422 4428 652 4487 malim
685 4446 873 4504 quam
913 4428 1185 4505 probari.
1219 4428 1538 4502 Siquidem
1569 4447 1688 4485 non
1723 4429 2037 4489 immerito
2077 4430 2373 4497 Phocion,
2400 4449 2586 4506 quem
2626 4425 3075 4489 Demosthenes
3127 4446 3379 4486 suarum
3444 4425 3678 4483 oratio-

249 4526 408 4567 num
441 4508 726 4567 securim
759 4526 893 4567 esse
923 4509 1188 4575 dicebat,
1223 4509 1332 4585 qui
1362 4513 1425 4568 et
1460 4515 1693 4567 tantam
1729 4510 1921 4568 animi
1951 4510 2366 4570 constantiam
2398 4529 2643 4587 semper
2696 4510 3026 4569 referebat.
3067 4515 3135 4567 ut
3191 4506 3368 4587 nulli
3402 4522 3679 4587 unquam

248 4590 424 4647 visus
462 4590 557 4646 sit
588 4604 701 4647 nec
726 4589 924 4647 ridere
957 4607 1067 4647 nec
1102 4584 1278 4646 ﬂeret
1307 4607 1446 4647 cum
1482 4588 1578 4646 die
1611 4589 1886 4666 quadam
1922 4590 2157 4660 dicens,
2183 4590 2422 4649 videret
2456 4584 2688 4666 pariter
2710 4590 2788 4647 ab
2811 4589 3102 4649 omnibus
3149 4584 3492 4666 approbari
3550 4601 3682 4666 ser-

252 4685 545 4734 monem.
582 4686 921 4728 conversus
946 4670 1022 4727 ad
1056 4669 1291 4726 amicos
1325 4687 1339 4725 :
1374 4668 1556 4739 Quid,
1586 4663 1815 4742 inpuit,
1852 4689 1998 4728 num
2029 4672 2174 4729 mali
2207 4663 2527 4748 quidpiam
2566 4670 2691 4729 dixi
2724 4670 3090 4746 imprudens
3118 4666 3148 4726 ?
3192 4663 3369 4737 Quod
3399 4664 3450 4723 si
3492 4663 3681 4723 etiam

241 4748 514 4828 aliquid
543 4749 907 4819 pol-tulerim
945 4749 1128 4808 laude
1155 4750 1439 4825 dignum,
1474 4749 1532 4807 id
1570 4758 1780 4808 tamen
1817 4751 1969 4808 mihi
2004 4771 2124 4809 non
2161 4751 2597 4810 ascribendnm
2629 4757 2743 4817 est,
2804 4750 2910 4808 sed
2972 4748 3261 4823 Domino,
3324 4764 3362 4805 a
3419 4763 3545 4823 quo
3594 4749 3689 4803 est

244 4832 462 4890 omnis
516 4828 772 4886 donatio
806 4830 990 4895 bona,
1026 4849 1337 4905 omneque
1368 4832 1602 4887 donum
1638 4834 1983 4907 perfectum
2022 4832 2064 4889 ‘.
2099 4832 2273 4900 Quod
2324 4850 2446 4890 non
2504 4830 2841 4890 Christiani
2900 4836 3142 4888 tantum
3195 4833 3525 4895 noverunt,
3588 4842 3691 4882 ve-

236 4927 388 4970 rum
426 4910 636 4967 etiam
668 4909 927 4979 ethnici,
964 4930 1064 4987 qui
1105 4911 1310 4968 nescio
1338 4910 1568 4986 quibus
1601 4911 1762 4968 lictis
1793 4929 1829 4969 a
1862 4930 1927 4969 se
1959 4912 2075 4967 diis
2113 4913 2464 4970 referebant
2493 4919 2849 4987 acceptum,
2882 4908 3187 4985 quidquid
3236 4927 3271 4967 a
3302 4925 3367 4966 se
3427 4921 3688 4987 perage-

243 5005 427 5050 retur
465 4990 651 5048 boni.
694 4991 765 5049 Et
797 4992 940 5048 liine
966 4986 1058 5049 est
1088 4992 1252 5066 quod
1292 4992 1633 5066 praeclarus
1665 4992 1769 5048 ille
1800 4994 1923 5051 dux
1958 4992 2189 5067 Pytho,
2224 4986 2706 5050 Atheniensibus
2738 5009 2807 5049 os
2840 5009 2936 5049 res
2960 4990 3220 5048 feliciter
3246 4992 3452 5065 gestas
3481 4986 3688 5067 ipsum

241 5069 759 5141 admirantibus,
796 5089 868 5129 ac
906 5064 1413 5144 praedicantibus,
1449 5070 1615 5147 qiod
1652 5074 1846 5149 Cotyn
1880 5064 2085 5149 regem
2114 5073 2552 5145 interemisset,
2586 5071 2735 5141 Diis,
2771 5071 2976 5147 inquit
3019 5064 3308 5128 habenda
3340 5073 3432 5126 est
3461 5064 3685 5143 gratia,

241 5154 502 5230 quibus
534 5152 900 5210 auctoribus
933 5151 1052 5209 hoc
1083 5151 1323 5210 facinus
1357 5160 1602 5228 gestum
1636 5159 1730 5211 est
1767 5169 1781 5225 ;
1820 5170 1963 5210 nam
1997 5152 2128 5228 ipse
2161 5153 2246 5212 nil
2289 5154 2459 5211 aliud
2493 5171 2682 5230 quam
2742 5170 2994 5211 manum
3053 5156 3117 5209 et
3171 5165 3429 5228 operam
3483 5163 3687 5205 meam

246 5232 699 5293 commodavi.
740 5301 749 5310 ο

328 5315 601 5384 Quanta
632 5303 843 5371 antem
880 5310 959 5369 sit
994 5309 1215 5367 horum
1255 5310 1851 5369 commentariorum
1885 5312 2149 5383 utilitas,
2178 5331 2255 5371 ne
2284 5313 2448 5371 diam
2486 5310 2844 5380 necessitas,
2884 5309 3062 5369 facile
3095 5307 3299 5385 quivis
3343 5303 3697 5384 perspicere

250 5397 524 5472 poterit.
562 5394 666 5468 qui
705 5394 797 5450 Vel
829 5393 948 5450 hoc
982 5410 1173 5448 unum
1210 5390 1726 5472 consideraverit,
1763 5396 1928 5469 quod
1966 5394 2025 5450 in
2066 5394 2176 5453 hos
2206 5394 2398 5452 divini
2432 5392 2860 5458 Instrumenti,
2895 5392 3049 5448 nihil
3090 5390 3406 5472 hactenus
3440 5385 3695 5472 prodiit,

247 5465 428 5555 quod
468 5465 622 5533 satis
652 5475 869 5534 animo
929 5472 1144 5531 facere
1198 5479 1427 5548 posset.
1483 5465 1805 5549 Siquidem
1852 5474 1914 5533 in
1945 5478 2099 5534 Acta
2138 5477 2345 5534 solum
2402 5473 2714 5535 habemus
2746 5474 3288 5551 Chrysostomum,
3321 5469 3373 5529 si
3406 5478 3617 5528 tamen
3649 5465 3702 5526 is

242 5608 273 5649 ς
326 5606 533 5683 {gap
565 5627 579 5665 ι
610 5626 733 5684 seq,
768 5611 789 5645 ι
825 5607 1015 5665 ann.
1048 5622 1108 5672 v,
1141 5605 1473 5663 115.3Joan.
1507 5622 1622 5683 xvi,
1653 5606 1738 5663 13.
1774 5608 1796 5642 ⁸
1825 5607 2027 5666 Jacob.
2064 5626 2080 5665 ι
2114 5626 2276 5685 seqq.
