4098 6260
3775 323 3784 346 ι

400 389 472 448 t5
1423 374 1915 440 GCUMENIUS
1964 348 2007 432 Τ

2196 346 2268 434 ιε
2308 347 2765 439 EDISCOPUS.
3738 387 3813 449 16

411 519 897 598 Clirysostomus
927 520 1041 592 est,
1077 513 1185 591 qui
1215 513 1400 573 etiam
1437 511 1757 598 ubiqueid
1791 508 2000 598 potius
2029 526 2216 598 agere
2246 509 2426 580 solet,
2464 516 2532 570 ut
2560 509 2847 598 homines
2878 509 3111 598 aJvitiis
3131 518 3456 598 revocaret
3485 513 3566 578 ad
3615 517 3814 582 virtu-

413 589 754 676 tesiquam
803 610 872 656 ut
903 589 1176 654 auctoris
1211 606 1478 655 mentem
1514 589 1806 676 aperiret.
1843 593 2035 650 Porro
2090 589 2175 676 in_
2211 607 2315 676 eas
2345 605 2534 676 quat
2565 593 3574 676 atholicadicuntnr,,hPiS‘Ol“:
3607 609 3718 661 θυι
3748 603 3812 662 in

411 671 855 758 Apocalypsim
893 679 1098 735 nullos
1141 676 1398 735 omnino
1433 674 1737 733 habemus
1767 673 2254 758 commentarios
2285 671 2444 758 lectu
2479 673 2727 758 dignos,
2760 673 2881 758 nisi
2918 676 3084 750 quod
3113 694 3187 758 eat
3223 671 3318 734 his
3349 695 3490 753 qua
3547 683 3810 742 nunc~in

415 753 616 820 lucem
650 753 896 822 damus,
933 763 1622 838 nuperdecerptumac
1652 753 2154 838 consarcinatum
2191 758 2301 810 est.
2338 753 2518 812 Pauli
2552 772 2698 838 vero
2734 757 3040 838 Epistolas
3068 755 3184 838 etsi
3245 758 3456 832 plures
3502 759 3808 838 interpre-

403 843 522 901 tari
555 841 763 901 conati
816 840 956 908 sint,
1020 831 1176 898 adeo
1210 831 1417 918 tamen
1478 836 1725 918 illarum
1789 834 1972 892 lectio
2001 831 2320 918 salebrosa
2353 841 2444 891 est
2496 853 2567 891 ac
2600 835 2780 918 plena
2816 836 3223 905 anfractibus,
3249 831 3542 897 lectorem
3579 831 3807 918 sapius

406 923 534 981 suis
568 921 942 996 longissimis
969 918 1238 994 periodis
1271 935 1342 976 ac
1372 916 1736 994 hyperbatis
1759 931 2128 996 suSpensum
2159 914 2448 996 retinens,
2471 915 3141 996 sesequeinaccessam
3174 925 3234 974 et
3257 919 3490 977 invnam
3511 914 3806 982 sensuum

407 993 836 1080 prolunditate
869 993 1155 1068 reddens,
1193 1008 1251 1056 nt
1286 993 1573 1076 nisiquis
1603 1014 1766 1067 eum,
1801 1013 1926 1074 quo
1953 994 2057 1054 ille
2087 993 2356 1071 scripsit,
2390 995 2677 1073 spiritum
2709 995 2933 1055 ducem
2987 997 3240 1072 habeat,
3297 1017 3621 1077 nunquam
3681 1001 3806 1063 illa

403 1083 554 1142 satis
583 1101 618 1140 a
651 1099 971 1158 quoquam
1005 1087 1392 1139 enarrentur.

492 1153 688 1223 Porro
725 1153 1050 1220 Paulinum
1086 1160 1282 1218 cuivis
1312 1159 1529 1217 adesse
1558 1155 1844 1233 spiritum
1879 1172 2002 1213 non
2033 1153 2214 1213 facile
2247 1153 2592 1232 credidero,
2626 1155 2898 1215 maxime
2939 1173 3079 1215 cum
3135 1157 3277 1217 illos
3329 1158 3676 1230 miserrime
3733 1181 3808 1223 ac

413 1242 770 1320 turpissime
805 1241 1047 1299 videam
1081 1240 1141 1298 in
1169 1241 1266 1298 his
1299 1237 1694 1307 ballucinari,
1727 1237 1837 1320 qui
1869 1253 2000 1295 sese
2032 1253 2190 1320 unos
2221 1235 2417 1320 Pauli
2448 1241 2656 1296 tenere
2715 1244 2985 1296 mentem
3030 1239 3442 1320 impudenter
3492 1251 3803 1314 asserunt,

404 1315 612 1382 nullos
644 1324 799 1382 alios
833 1329 1058 1398 prater
1085 1339 1264 1380 suum
1325 1319 1601 1397 ipsorum
1635 1319 1933 1398 animum
1962 1315 2287 1374 consulere
2321 1315 2599 1398 volentes
2631 1315 3149 1394 commentarios,
3172 1320 3297 1378 imo
3347 1321 3806 1384 calumniantes

403 1405 613 1481 potius
634 1403 775 1462 illos
797 1395 869 1462 ac
899 1395 1380 1461 subsannantes.
1415 1400 1634 1481 Itaque
1667 1404 1898 1481 prater
1922 1395 2088 1481 hunc
2117 1414 2295 1454 suum
2331 1397 2559 1455 erroris
2589 1398 2876 1481 spiritum
2910 1399 3146 1457 nullam
3197 1401 3461 1459 aliorum
3495 1403 3804 1481 recipiunt

409 1475 897 1557 enarrationem,
925 1483 1029 1542 sed
1064 1483 1277 1541 omnia
1317 1498 1430 1540 suo
1461 1479 1780 1562 explicant
1811 1475 2142 1544 arbitratu,
2177 1485 2286 1562 aut
2318 1481 2661 1562 depravant
2697 1477 2938 1562 potius:
2977 1498 3139 1553 quos
3171 1481 3296 1538 suis
3327 1484 3548 1542 Petrus
3580 1475 3802 1562 depin-

405 1565 499 1624 xit.
526 1564 864 1640 coloribus,
898 1566 1044 1621 dum
1086 1563 1375 1622 Paulinae
1407 1560 1716 1642 rEpi-tolas
1743 1559 1790 1632 ³,
1812 1563 2234 1642 non_certe-ut
2260 1557 2381 1642 isti,
2418 1557 2795 1642 clarissimas
2818 1559 2967 1617 dicit
2997 1579 3070 1620 ac
3094 1562 3464 1642 ifacillimas,
3500 1557 3802 1642 nulla-que

408 1663 570 1721 opus
602 1637 1278 1712 habere'enarratione,
1315 1641 1419 1701 sed
1457 1641 1761 1699 nonnulla
1792 1637 2113 1721 continere
2145 1638 2461 1721 intellectu
2495 1639 2792 1711 difficilia,
2830 1657 2971 1716 qua
3003 1641 3258 1708 indocti,
3294 1643 3519 1718 inquit,
3559 1637 3807 1721 parum-

406 1717 528 1803 que
561 1726 722 1783 lirmi
756 1725 1152 1800 detorquent,
1190 1724 1697 1782 sicutetcateras
1728 1717 2190 1803 scr_ipturas_ad
2226 1737 2400 1777 suam
2437 1719 2713 1795 ipsorum
2760 1721 3122 1803 perniciem.
3183 1717 3505 1798 Siquidem
3560 1717 3807 1786 divinas

403 1797 622 1865 omnes
651 1797 1008 1880 Scripturas
1042 1807 1200 1863 Deus
1232 1821 1462 1862 arcano
1493 1820 1607 1859 suo
1637 1800 1896 1859 consilio
1927 1797 2128 1880 noluit
2161 1817 2611 1880 usquequaque
2645 1800 2886 1877 pervias
2917 1819 3050 1860 esse
3076 1797 3457 1879 hominibus,
3494 1824 3572 1865 ne
3623 1808 3804 1866 facile

401 1887 614 1963 adepti
646 1878 888 1944 essent:
926 1885 1030 1943 sed
1065 1890 1129 1941 ut
1161 1885 1357 1942 multo
1393 1883 1604 1941 labore
1630 1880 1891 1963 subacta
1926 1878 2247 1963 hominum
2275 1879 2548 1963 ingenia,
2584 1883 2984 1957 primumque
3017 1881 3212 1959 ipsius
3242 1878 3579 1960 implorato
3614 1887 3799 1945 auxi-
3891 1889 3894 1892 ’

403 1959 796 2035 Ιὶοξιωιιάθῐη
823 1971 1149 2042 acceptum
1185 1965 1545 2022 thesaurum
1582 1967 1757 2019 tanto
1791 1959 2096 2018 haberent
2125 1959 2498 2030 chariorem,
2535 1967 2836 2038 tantoque
2867 1969 3188 2022 servarent
3236 1959 3500 2033 cautius,
3561 1973 3799 2042 quanto

405 2046 632 2122 majori
662 2048 866 2104 studio
897 2064 968 2104 ac
995 2045 1318 2121 diligentia
1347 2042 1752 2122 accepissent.
1789 2046 2119 2122 (Laterum,
2155 2041 2293 2115 quis
2323 2043 2541 2098 horum
2576 2042 2652 2099 sit
2685 2049 2904 2100 auctor
2934 2045 3549 2111 commentariorum.
3585 2041 3795 2106 mani-

404 2120 629 2185 festum
664 2134 757 2184 est
791 2144 912 2184 non
943 2120 1232 2183 eumdem
1266 2143 1396 2184 esse
1430 2121 1795 2194 primarium
1829 2120 2108 2178 omnium
2138 2128 2482 2192 auctorem,
2518 2139 2658 2180 cum
2693 2123 2751 2180 in
2784 2123 2953 2182 Actis
3009 2125 3371 2200 apostolicis
3422 2126 3604 2183 simul
3638 2136 3700 2185 et
3731 2127 3795 2186 in

403 2208 681 2267 Paulini~
709 2205 998 2283 Epistolis
1026 2206 1293 2282 plurima
1326 2205 1422 2262 hic
1453 2203 1512 2260 in
1539 2201 1976 2283 compendium
2014 2201 2264 2283 redacta
2294 2201 2439 2267 sint,
2472 2219 2614 2278 qua
2638 2203 2834 2262 fusius
2868 2211 3244 2263 tractaverat
3285 2204 3791 2280 Chrysostomus.

402 2280 798 2364 Rursumque.
833 2280 1244 2362 plurimorum
1274 2285 1540 2344 aliorum
1601 2280 1920 2364 sententia
1971 2281 2342 2364 referuntur,
2389 2301 2555 2342 nunc
2607 2283 2856 2360 quidem
2893 2285 3108 2360 positis
3140 2284 3197 2341 in
3233 2285 3366 2344 solo
3399 2286 3622 2346 littera
3655 2306 3798 2346 ion-

398 2374 570 2427 textu
609 2361 988 2435 nominibus,
1025 2384 1189 2424 nunc
1224 2385 1367 2423 vero
1399 2365 1629 2423 additis
1658 2363 1843 2421 etiam
1871 2363 1931 2421 in
1969 2361 2250 2436 margine
2284 2382 2297 2422 :
2334 2381 2473 2439 qua
2507 2372 2569 2423 et
2601 2382 2712 2422 nos
2744 2365 2959 2424 eodem
2999 2367 3184 2423 modo
3225 2374 3292 2424 ut
3344 2367 3402 2424 in
3453 2366 3803 2442 exemplari

397 2459 649 2524 rem,“
705 2455 849 2506 sunt
901 2450 1161 2506 omnino
1218 2446 1606 2522 reliquimus,
1654 2444 2240 2524 AdApocalypsim
2271 2452 2480 2502 autem
2516 2452 2722 2502 Certus
2753 2444 3100 2521 piatigitur
3155 2445 3511 2523 auctor(a).
3571 2448 3805 2508 additis

400 2523 586 2587 etiam
625 2530 682 2587 in
729 2527 905 2586 initio
949 2527 1304 2586 nominibus
1337 2544 1552 2585 eorum
1588 2545 1623 2583 a
1675 2523 1904 2601 quibus
1962 2524 2064 2580 ille
2125 2524 2427 2582 nonnulla
2483 2532 2895 2601 excerpserat.
2957 2527 3269 2584 Praterea
3300 2525 3678 2586 iuomnibus
3706 2528 3804 2587 his

396 2611 870 2669 commentariis
904 2609 1262 2681 frequenter
1294 2626 1543 2682 quoque
1571 2615 1891 2681 ponuntur
1919 2603 2235 2660 variorum
2269 2611 2599 2662 auctorum
2632 2605 2983 2672 sententia,
3019 2623 3353 2682 suppresso
3402 2606 3649 2665 illorum
3693 2627 3806 2667 no-

399 2691 590 2754 mine,
628 2689 835 2747 uescio
867 2707 942 2745 an
971 2687 1369 2745 librariorum
1404 2685 1755 2744 oscitantia.
1783 2682 2004 2740 Varios
2038 2693 2242 2740 tamen
2277 2701 2409 2742 esse
2442 2683 2536 2741 vel
2569 2703 2643 2744 ex
2684 2702 2758 2744 eo
2789 2685 3007 2760 liquet,
3042 2687 3209 2761 quod
3271 2685 3502 2762 sapius
3559 2694 3805 2749 contra-

401 2770 563 2828 rium
600 2769 878 2826 invenias
908 2767 1044 2841 ejus
1075 2767 1240 2840 quod
1279 2772 1703 2841 praeesset-at.
1736 2764 1940 2838 thue
1973 2780 2162 2819 unum
2199 2761 2370 2844 verbi
2401 2781 2590 2822 causa
2615 2768 3002 2841 proferamus
3030 2761 3388 2843 exemplum
3419 2785 3432 2828 :
3460 2786 3600 2826 cum
3629 2769 3804 2844 prius

397 2850 457 2908 in
493 2849 865 2926 Apocalypsi
901 2848 1126 2906 dixerit
1161 2848 1541 2922 Babylonem
1564 2862 1708 2926 esse,
1740 2842 2372 2926 Constantinopolim,
2403 2863 2525 2926 non
2561 2845 2863 2926 mundum
2897 2863 3008 2903 nec
3042 2842 3228 2904 aliam
3261 2848 3552 2922 quamvis
3585 2842 3808 2908 civita-

396 2922 562 2997 tem,
587 2922 984 3006 postmodum
1021 2929 1230 2984 multis
1264 2927 1320 2984 in
1359 2927 1506 2983 locis
1540 2925 1688 3006 dicit
1719 2942 1790 3006 ac
1818 2922 2042 2998 probat
2072 2942 2203 2979 esse
2230 2925 2554 3006 mundum,
2590 2933 2651 2983 et
2684 2925 2920 2983 nullam
2973 2927 3418 3006 particulareni
3454 2928 3802 2989 civitatem.

397 3004 731 3071 Caterum.
767 3027 1127 3086 quanquam
1163 3009 1222 3064 in
1259 3006 1568 3084 prioribus
1603 3004 1986 3086 Iibrisinemo
2020 3021 2200 3060 suum
2238 3004 2577 3086 pralixﬁerit
2600 3023 2824 3064 nomen
2852 3006 2895 3075 ο,
2922 3015 2990 3063 ut
3013 3014 3104 3064 est
3132 3005 3358 3066 Graecis
3385 3013 3802 3084 consuetudo,

395 3109 720 3163 nunquam
755 3085 864 3148 suo
900 3085 1148 3148 numine
1182 3091 1479 3166 ενυῑςετοξ
1504 3102 1646 3162 qua
1680 3085 1794 3161 ipsi
1829 3101 1941 3141 suo
1971 3101 2166 3142 marte
2194 3103 2314 3142 non
2342 3085 2770 3166 elaborarunt,
2801 3086 2907 3145 sed
2945 3087 3131 3146 veluti
3163 3106 3213 3144 co
3239 3096 3459 3147 ntones
3490 3093 3807 3166 quasdam

394 3188 470 3230 ex
507 3173 692 3230 variis
725 3171 1101 3246 collegerunt
1145 3185 1158 3227 :
1195 3165 1809 3227 eviden'ibustamen
1847 3171 2300 3246 propemodum
2335 3165 2713 3246 conjecturis
2743 3167 3098 3243 colligimus
3151 3165 3596 3228 (Ecumenium
3666 3190 3802 3232 esse

397 3253 624 3330 partim
661 3245 977 3311 auctorem
1028 3252 1278 3319 horum,
1317 3249 1540 3330 partim
1592 3247 1990 3305 colleclorem
2043 3245 2765 3330 quitamenginterdum,
2802 3247 2908 3306 ubi
2939 3267 3116 3307 suam
3154 3258 3292 3330 post
3341 3249 3495 3330 alios
3556 3253 3801 3328 profert

395 3325 795 3400 senteniiam,
829 3350 1006 3389 suum
1042 3348 1294 3407 quoque
1324 3329 1564 3386 addidit
1598 3345 1845 3393 nomen,
1886 3342 1960 3383 ne
1993 3327 2132 3399 quis
2164 3325 2332 3384 illam
2365 3327 2504 3385 aliis
2538 3329 2860 3398 tribueret,
2913 3346 3102 3404 qnam
3165 3329 3296 3406 ipse
3355 3325 3614 3406 dignam
3668 3351 3795 3394 non

396 3413 693 3472 censebat
723 3429 861 3488 qua
893 3429 1032 3470 cum
1066 3429 1280 3468 eorum
1315 3407 1637 3466 sententiis
1664 3412 2075 3489 conferretur.
2111 3407 2388 3489 Plurima
2422 3413 2628 3466 autem
2665 3409 2974 3484 excerpsit
3005 3427 3078 3468 ex
3111 3409 3586 3487 Chrysostomo,
3621 3415 3800 3489 cujus

396 3499 610 3551 tamen
648 3487 870 3550 nomen
907 3501 1053 3550 tunc
1084 3491 1285 3549 solum
1315 3489 1459 3548 addi
1491 3488 1760 3563 curavit,
1791 3505 1930 3544 cum
1965 3490 2102 3560 eius
2135 3487 2319 3543 verba
2356 3496 2727 3552 recenseret.
2763 3509 2880 3547 nan
2916 3497 3120 3548 autem
3155 3507 3294 3548 cum
3323 3491 3518 3566 ipsius
3548 3487 3802 3552 senten-

398 3573 544 3632 tiam
579 3572 1102 3630 contractioribus
1126 3571 1330 3628 verbis
1363 3569 1638 3628 referret.
1675 3567 2081 3650 Quodautem
2112 3566 2186 3650 sit
2205 3567 2620 3650 OEcumenius
2650 3569 2758 3646 qui
2788 3568 2923 3628 hac
2953 3570 3162 3628 omnia
3189 3578 3416 3646 prater
3437 3575 3798 3650 ApOcalyp-

397 3654 510 3711 sim
549 3654 751 3727 nobis,
781 3661 847 3710 ut
879 3669 1042 3710 nunc
1075 3651 1132 3708 in
1168 3651 1365 3709 lucem
1401 3651 1695 3716 eduntur,
1731 3646 2079 3712 tradiderit,
2116 3646 2212 3704 his
2243 3647 2598 3724 colligimus
2653 3650 3060 3725 argumentis.
3123 3651 3400 3708 Primum
3460 3646 3799 3726 postremis

397 3734 994 3793 commentariorum
1032 3731 1235 3789 verbis
1271 3731 1561 3806 Epistula
1593 3729 1668 3786 ad
1704 3727 2122 3797 (Tolossenses,
2160 3728 2416 3804 proprio
2449 3729 2634 3788 etiam
2669 3732 2918 3788 nomine.
2954 3730 3220 3803 margini
3259 3729 3544 3807 prafixo,
3583 3733 3802 3793 scribit

396 3815 460 3872 in
501 3813 670 3873 hunc
703 3815 953 3872 modum
994 3829 1007 3870 :
1041 3819 1192 3869 tium
1219 3811 1297 3868 ab
1329 3808 1672 3884 exemplati
1707 3808 2107 3890 nonintegre
2133 3807 2519 3890 invenissem,
2543 3810 2704 3868 beati
2739 3809 3000 3869 Joannis
3031 3810 3269 3870 SChUlla
3321 3810 3383 3868 in
3449 3812 3793 3890 Epistolam

399 3894 476 3952 ad
514 3896 933 3963 Colossenses,
967 3891 1303 3965 CODSCIipSl
1341 3892 1446 3948 illa
1484 3897 1549 3947 ut
1583 3889 1777 3966 potui.
1817 3889 1877 3947 Si
1913 3889 2060 3969 quid
2096 3887 2287 3963 igitur
2315 3890 2375 3946 in
2413 3889 2558 3966 lpSiS
2585 3891 2714 3948 leve
2741 3898 2848 3949 aut
2876 3890 3356 3966 reprehensione
3387 3887 3650 3969 dignum
3708 3894 3799 3952 in-

398 3979 653 4031 ventum
693 3974 896 4036 fuerit,
928 3973 1160 4030 noverit
1199 3973 1249 4029 is
1279 3972 1381 4046 qui
1412 3972 1581 4046 legit,
1615 3987 1819 4027 meum
1854 3987 1983 4026 esse
2020 3967 2382 4042 huiusmodi
2415 3971 2683 4046 lapsum.
2723 3995 2750 4025 π
2789 3974 3052 4030 ltursum
3087 3979 3314 4048 quarto
3355 3970 3434 4030 ad
3464 3967 3796 4049 iliphesios

401 4056 605 4129 capite
633 4053 820 4111 habet
857 4054 985 4112 hac
1019 4053 1230 4121 verba,
1257 4050 1400 4109 addi
1433 4073 1468 4106 o
1502 4053 1559 4108 in
1616 4052 1894 4126 margine
1938 4049 2019 4108 (Ε

2175 4050 2296 4107 enii
2330 4051 2627 4133 nomine:
2675 4059 2828 4133 V'Opg
2882 4078 2934 4111 τι
2991 4057 3139 4133 κγὰγὼ
3193 4057 3468 4133 ἐνόμισαχ
3514 4055 3637 4112 οὔτε
3691 4059 3791 4133 γὰρ

401 4139 643 4212 έγῶρισα
671 4139 738 4192 τὰ
766 4141 860 4190 τοῦ
894 4137 1163 4210 μακαρῖου
1195 4144 1407 4204 νοῆσαι.
1444 4133 1571 4188 1100
1602 4138 1694 4188 est
1729 4149 1743 4190 :
1780 4153 1806 4182 α
1845 4133 2019 4188 Amm

2172 4138 2284 4187 arte
2316 4132 2465 4205 quid
2498 4139 2556 4190 et
2582 4132 2732 4190 mihi
2765 4130 2958 4190 visum
2989 4132 3104 4190 sit:
3140 4150 3342 4208 neque
3373 4130 3536 4190 enim
3572 4130 3790 4194 datum

399 4213 517 4271 fuit
549 4230 691 4289 qua
727 4213 916 4289 ipsius
939 4215 1132 4272 sancti
1170 4231 1214 4269 δι
1247 4221 1304 4270 nt
1342 4212 1765 4271 considerate.
1805 4235 1830 4264 ιι
1866 4213 2378 4287 Chrysostomnm
2412 4212 2786 4289 intelligens,
2818 4221 3072 4290 propter
3102 4214 3268 4290 quod
3303 4221 3363 4272 et
3388 4213 3651 4273 Joannis
3687 4231 3793 4274 no-

401 4312 540 4350 men
575 4298 632 4351 in
673 4313 956 4369 marglne
985 4294 1351 4366 adiunctum
1387 4300 1540 4350 erat.
1581 4291 1742 4350 Satis
1773 4291 1984 4363 itaque
2011 4291 2282 4350 ostendit
2315 4291 2729 4353 OEcumenius
2760 4311 2824 4353 se
2855 4293 3252 4352 collectorem
3288 4311 3417 4354 esse
3468 4311 3794 4354 commen-

393 4373 695 4431 tariorum
723 4373 782 4430 in
819 4391 1036 4430 omnes
1074 4373 1396 4448 Epistolas.
1430 4389 1550 4430 non
1588 4379 1795 4429 tamen
1833 4371 2024 4429 ullam
2055 4370 2204 4429 alibi
2237 4373 2452 4432 fecisse
2493 4373 2762 4450 suipsius
2797 4376 3199 4443 mentionem,
3231 4392 3306 4433 eo
3329 4375 3497 4451 quod
3551 4375 3614 4433 in
3662 4375 3795 4434 illis

392 4459 614 4511 nactus
645 4461 805 4511 esset
836 4454 1146 4528 integrum
1181 4451 1606 4533 Chrysostomi
1637 4452 1982 4533 exemplar.
2022 4452 2282 4510 Rursum
2318 4452 2506 4528 huius
2533 4453 2848 4513 enarratio
2902 4456 3156 4533 ponitur
3206 4455 3598 4532 frequentius
3648 4460 3793 4533 post

391 4534 656 4593 aliorum
683 4533 1154 4606 explicationes,
1191 4532 1494 4590 reddento
1521 4531 1836 4588 interdum
1870 4549 2123 4590 causam
2153 4551 2366 4592 eorum
2392 4552 2534 4611 qua
2560 4537 2882 4611 pramissa
2903 4531 3102 4597 erant.
3132 4531 3422 4596 addendo
3449 4531 3792 4596 etiam‘non

390 4631 556 4680 raro,
597 4638 628 4668 ‹‹
653 4615 795 4672 Mihi
823 4629 1073 4691 quoque
1096 4613 1183 4671 ita
1209 4612 1451 4670 videtur
1474 4629 1651 4688 posse
1691 4611 1836 4693 dici.
1863 4632 1889 4666 ι)
1919 4611 2075 4693 Quid
2105 4613 2154 4671 si
2177 4619 2240 4672 et
2273 4614 2388 4672 hoc
2421 4621 2605 4674 modo
2647 4615 2912 4682 dicatur,
2961 4617 3145 4693 juxta
3194 4615 3362 4676 hunc
3403 4617 3790 4676 intellectum

387 4713 572 4769 quem
598 4694 857 4753 etdivus
879 4695 1148 4752 Joannes
1171 4693 1598 4769 suscipit:aut
1641 4691 1826 4750 etiam
1853 4692 2067 4768 Cyrilli
2106 4712 2212 4752 seu
2255 4694 2468 4754 Basilii
2513 4702 2621 4755 aut
2677 4691 3265 4766 cu;usvis'aliorum
3314 4697 3572 4756 nomina
3614 4699 3791 4758 citat.

386 4775 582 4834 Porro
609 4775 739 4834 hac
769 4773 1052 4844 plurimis
1077 4773 1228 4833 locis
1252 4773 1457 4832 videre
1481 4779 1594 4841 est,
1629 4790 1895 4852 quorum
1933 4779 2232 4832 nonnulla
2266 4774 2365 4833 hic
2398 4776 2880 4836 recensebimus.
2914 4779 3004 4837 Ad
3065 4782 3378 4836 Romanos
3426 4776 3648 4852 quinto
3705 4776 3783 4836 ad

383 4872 455 4914 ea
488 4855 704 4924 verba,
737 4853 1058 4914 Peccatum
1081 4874 1198 4914 non
1232 4853 1566 4932 imputatur
1594 4851 1698 4910 ubi.
1722 4873 1832 4910 non
1855 4863 1937 4910 est
1970 4855 2110 4925 lex;
2137 4855 2340 4931 capite
2373 4875 2540 4915 nono
2575 4858 2650 4915 ad
2678 4877 2752 4916 ea
2781 4859 2993 4927 verba,
3031 4857 3169 4917 Nisi
3201 4851 3487 4918 Dominus
3518 4853 3787 4915 Sabaoth

383 4937 724 5014 reliquisstt
756 4935 921 5016 nobis
942 4952 1168 5004 semen;
1202 4934 1421 5016 prima
1449 4934 1523 4990 ad
1552 4932 1910 5016 Corinthios
1943 4951 2021 4994 γι,
2051 4955 2189 4993 cum
2226 4935 2476 5016 dicitur,
2513 4936 2629 5011 Qui
2656 4948 2980 5003 scortntur,
3015 4939 3072 4997 in
3105 4957 3314 5016 corpus
3342 4956 3507 4995 suum
3540 4945 3780 5012 peccat;

382 5013 586 5080 capite
639 5032 751 5082 vu,
819 5015 902 5074 I)e
955 5013 1291 5091 virginibus
1343 5031 1698 5094 piaceptum
1766 5013 2004 5073 [)amini
2044 5035 2159 5074 non
2219 5014 2402 5074 habeo
2454 5037 2470 5092 ;
2527 5020 2732 5094 capite.
2785 5034 2881 5088 xv,
2949 5023 3097 5082 Cum
3161 5013 3486 5076 tradit/erit
3535 5035 3783 5092 regnum

387 5096 509 5156 DtO
557 5095 852 5162 efPatri,
906 5105 966 5154 et
1023 5099 1285 5165 eodem,
1351 5093 1431 5153 Ut
1487 5097 1542 5152 si
1602 5094 1752 5152 licus
1801 5100 1997 5153 omnia
2059 5097 2118 5153 in
2180 5095 2501 5162 οηιηιὺιιεξ
2557 5093 2631 5156 ad
2689 5099 2989 5174 Ephesios
3046 5115 3128 5169 ιῐ,
3205 5097 3396 5157 Juxta
3449 5097 3784 5174 principem

373 5181 683 5257 potestatis
738 5183 938 5250 aeris;
1001 5178 1205 5255 capite
1258 5191 1354 5244 ιν,
1421 5177 1470 5234 Α
1519 5195 1633 5254 quo
1689 5185 1879 5234 totum
1938 5193 2152 5255 corpus
2207 5180 2367 5256 quod
2417 5187 2731 5256 cca/Itatur
2786 5189 2842 5239 et
2901 5185 3311 5259 compingitur
3363 5197 3378 5251 ;
3438 5184 3501 5237 et
3564 5182 3784 5237 eodem

445 5422 470 5458 ⁴
497 5422 544 5478 ΙΙ
575 5421 724 5478 Petr.
758 5438 844 5491 ιιι,
877 5422 964 5480 15.

444 5629 522 5706 (α)
550 5630 791 5706 ᾼνεῐῇες
822 5629 1044 5686 scilicet
1070 5625 1668 5706 Caesariensis,rcuju_s
1699 5627 2157 5706 commentarius
2183 5630 2244 5706 in
2277 5629 2658 5706 Apocalypsin
2690 5635 2880 5688 exstat
2911 5628 3064 5706 apud
3100 5629 3318 5706 nos_ad
3371 5643 3588 5686 annum
3643 5624 3778 5702 910,

373 5699 528 5762 torno
563 5702 704 5772 CVI,
728 5709 862 5776 post
890 5719 1020 5759 eum
1053 5717 1226 5773 quem
1259 5699 1494 5772 scripsit
1528 5701 1785 5756 Andreas
1815 5701 1947 5756 item
1983 5700 2384 5772 Caesariensis,
2415 5699 2638 5760 Arctus
2673 5699 2979 5774 magister".
3022 5705 3182 5760 Enrr.
3216 5703 3456 5760 ΡΑτειοι.
