4098 6260
233 374 296 438 1⁵7
1641 377 1848 439 PROL

2033 379 2240 438 ΔΕΝΑ.
3578 378 3651 441 18

240 538 351 601 Sed
374 558 483 598 non
512 536 767 598 occidat
793 557 989 621 super
1008 540 1172 621 iz'ram
1202 548 1479 609 vestram,
1517 540 1619 599 ubi
1654 538 1741 598 ait
1773 556 1786 598 :
1826 562 1854 593 ‹‹
1890 539 2204 611 Quosdam
2239 540 2451 600 audivi
2480 542 2567 600 ita
2597 541 3119 619 interpretantes;
3154 563 3182 597 »
3221 542 3513 602 secundae
3563 545 3644 604 ad

235 621 820 681 Thessalonicenses
855 620 951 690 fil,
990 620 1186 680 Porro
1220 623 1498 680 I/ommus
1528 621 1760 699 dirigat
1793 627 1972 679 corda
2005 634 2196 680 vesrra
2218 639 2240 690 ,'
2272 624 2346 680 ad
2384 623 2674 681 Hebraeos
2714 640 2774 694 Χ,
2816 622 3098 683 Umbram
3149 621 3365 681 habens
3398 622 3494 683 [ex
3535 629 3642 699 /u-

238 714 485 762 (urorum
538 701 837 760 bonorum
868 720 891 773 ,'
925 704 1132 774 capite
1161 718 1269 769 xu,
1310 708 1427 776 Qui.
1451 720 1563 780 pro
1594 703 1816 779 gout/1'0
1841 699 1959 759 sibi
2004 702 2346 776 praposim,‘
2375 704 2513 761 aliis
2571 724 2821 779 quoque
2875 705 3021 762 locis
3080 704 3445 762 innumeris.
3482 705 3635 764 Cum

237 784 416 860 igitur
448 784 594 841 hinc
626 784 771 841 luce
807 784 1207 841 manifestius
1237 783 1314 841 sit
1363 782 1812 842 OEcumenium
1848 782 2256 841 Paulinarum
2316 784 2729 860 Epistolaer
2767 786 3091 859 collegisse
3123 788 3630 857 commentarios,

246 865 620 923 arbitramur
672 863 847 922 idem
905 864 1109 937 ipsum
1146 863 1361 923 fecisse
1392 866 1451 921 in
1499 866 1652 921 Acta
1684 864 2113 939 apostolorum
2147 872 2207 921 et
2238 865 2297 921 in
2358 866 2710 922 catholicas
2744 865 3071 940 Epistolas,
3133 884 3488 941 quanquam
3524 885 3637 927 nec

249 946 338 1005 ibi
366 962 545 1003 Suum
577 962 809 1003 nomen
838 944 1155 1003 addiderit
1186 964 1201 1003 ξ
1231 962 1373 1003 cum
1432 944 1708 1019 ejusdem
1744 942 2000 1002 omnino
2031 945 2153 1002 sint
2212 944 2476 1020 phrasis,
2512 946 2629 1003 nisi
2659 948 2824 1021 quod
2858 946 2943 1002 ibi
2993 945 3316 1021 pauciores
3350 947 3639 1007 habuerit

258 1044 414 1102 quos
439 1025 811 1091 imitaretur,
846 1042 1119 1102 quorum
1178 1026 1363 1083 etiam
1399 1025 1653 1083 nomina
1686 1024 1785 1081 vix
1819 1042 2097 1099 unquam
2148 1024 2208 1082 in
2243 1027 2456 1084 Graeco
2488 1026 2832 1103 exemplari
2872 1028 3084 1083 addita
3118 1028 3492 1098 invenimus,
3526 1046 3640 1087 nec

258 1107 320 1166 in
355 1109 573 1165 littera:
605 1113 902 1164 contextu
938 1122 1052 1164 nec
1083 1105 1143 1163 in
1181 1106 1481 1183 margine.
1519 1107 1644 1163 Hos
1676 1110 1883 1163 autem
1920 1110 2162 1163 nostros
2198 1106 2440 1164 labores
2463 1104 2607 1183 jure
2642 1110 2883 1183 Optimo
2943 1107 3256 1164 vindicare
3287 1107 3404 1165 sibi
3466 1116 3637 1180 pote-

250 1193 373 1253 rat,
410 1198 597 1263 utque
627 1204 741 1244 suo
773 1186 1027 1244 nomine
1056 1184 1117 1243 in
1152 1180 1353 1245 lucem
1414 1180 1747 1245 ederentur
1780 1190 2116 1260 postulare,
2151 1180 2607 1245 illustrissimus
2666 1180 2954 1263 princeps
2984 1204 3055 1244 ac
3092 1188 3641 1247 reverendissimus

246 1267 541 1326 dominus
568 1267 641 1324 D.
677 1268 956 1325 Joannes
984 1284 1020 1323 a
1055 1264 1478 1343 Lotharingia,
1513 1264 1573 1324 S.
1611 1270 1685 1327 R.
1722 1267 1791 1324 E.
1827 1265 1987 1324 tituli
2019 1268 2080 1325 S.
2143 1267 2386 1325 Onufrii
2414 1267 2771 1335 cardinalis,
2809 1267 3137 1325 doctorum
3198 1267 3472 1326 virorum
3506 1272 3640 1330 Me-

244 1365 459 1423 qcenas
488 1347 803 1423 egregius,
837 1346 937 1404 cui
972 1345 1310 1422 plurimum
1365 1346 1593 1405 debent
1624 1346 1983 1422 quicunque
2034 1363 2351 1405 sacrarum
2386 1347 2760 1406 Litterarum
2810 1348 3029 1406 studiis
3059 1347 3293 1406 addicti
3346 1355 3492 1407 sunt
3526 1368 3538 1407 :
3577 1355 3642 1408 ut

247 1411 381 1505 qui,
416 1411 767 1486 statimvubi
792 1411 1196 1502 eognovisset
1255 1445 1352 1485 me
1380 1411 1740 1502 bujusmodi
1778 1427 1837 1483 in
1872 1411 2205 1484 dommune
2264 1428 2553 1486 Ecclesiae
2586 1429 2815 1486 bonum
2872 1428 3135 1485 subiisse
3168 1427 3433 1495 labores,
3497 1447 3640 1488 cum

244 1508 343 1570 illi
378 1526 452 1566 ne
488 1509 566 1566 de
626 1508 882 1565 nomine
913 1508 1163 1583 quidem
1218 1514 1402 1566 notus
1434 1524 1708 1584 unquam
1747 1506 2019 1582 fuissem,
2074 1506 2315 1566 liberali
2350 1513 2556 1566 tamen
2603 1526 2860 1566 munere
2891 1526 2987 1565 me
3016 1508 3237 1565 donari
3259 1507 3467 1583 jussit,
3502 1528 3642 1568 am-

241 1590 455 1669 pliora
485 1588 677 1647 etiam
716 1589 1016 1669 pollicens
1049 1585 1153 1645 ubi
1186 1587 1343 1647 liber
1374 1588 1538 1665 typis
1569 1606 1833 1646 excusus
1863 1587 2043 1669 foret.
2063 1588 2188 1669 iCui
2221 1588 2407 1646 etiam
2442 1588 2854 1647 libentissime
2887 1589 3095 1669 animo
3125 1590 3433 1669 opushoc
3466 1588 3642 1648 dedi-

243 1668 515 1737 Cassem,
577 1669 695 1726 nisi
732 1668 853 1742 jam
918 1668 1278 1741 priusquam
1313 1670 1388 1727 ad
1456 1670 1658 1744 ipsum
1688 1668 1984 1726 accedere
2042 1668 2319 1737 daretur,
2373 1688 2495 1726 non
2542 1669 2753 1727 animo
2810 1668 3007 1726 Solum
3052 1668 3501 1745 concepissem,
3537 1688 3641 1728 ve-

248 1769 393 1812 rum
429 1750 621 1808 etiam
654 1748 859 1807 verbis
887 1751 960 1807 T.
998 1751 1065 1807 lt.
1100 1750 1170 1807 D.
1209 1749 1699 1807 manifestassem
1734 1749 1813 1807 ob
1872 1766 2006 1806 eam
2043 1767 2228 1823 quam
2267 1750 2437 1807 novit
2464 1767 2743 1815 causam,
2781 1748 2975 1825 ipsius
3008 1749 3302 1825 auspiciis
3333 1768 3491 1823 Opus
3525 1750 3642 1809 hoc

242 1849 341 1890 me
373 1831 439 1888 in
501 1829 707 1887 lucem
738 1830 1050 1887 editurum
1085 1844 1100 1886 :
1133 1827 1292 1887 adeo
1352 1837 1419 1887 ut
1452 1845 1849 1905 nequaquam
1888 1828 2037 1886 mihi
2070 1828 2255 1888 fuerit
2303 1831 2638 1898 integrum,
2677 1830 2843 1887 aliud
2879 1848 3065 1905 agere
3123 1836 3231 1886 aut
3268 1829 3452 1887 fidem
3513 1849 3639 1890 non

243 1927 516 1973 Servare.
554 1909 735 1980 Quod
767 1909 819 1967 si
869 1909 1057 1968 etiam
1090 1908 1361 1968 maxime
1420 1909 1619 1969 facere
1648 1909 1998 1979 voluissem,
2036 1926 2112 1967 ne
2158 1909 2292 1986 ipse
2322 1909 2575 1987 quidem
2610 1910 3062 1968 illustrissimus
3089 1910 3401 1986 princeps,
3436 1927 3503 1968 re
3532 1928 3639 1969 co-

249 1992 441 2069 gnita,
476 1990 637 2069 ullo,
665 1988 854 2048 modo
883 1989 1127 2048 tulisset
1158 2008 1172 2048 :
1208 1994 1277 2048 ut
1324 1989 1433 2067 qui
1462 1989 1617 2048 nihil
1666 1988 2029 2066 hujusmodi
2072 1989 2341 2049 nominis
2381 1991 2835 2050 celebrationes
2867 1997 3168 2060 moretur,
3218 2008 3358 2048 cum
3391 1988 3523 2067 jam
3557 1992 3637 2050 ad

248 2068 489 2131 tantum
550 2068 955 2147 splendorem
986 2070 1337 2141 accesserit,
1370 2075 1439 2129 ut
1496 2069 1641 2129 hinc
1673 2069 1825 2128 nihil
1875 2069 2133 2129 omnino
2165 2088 2278 2129 suo
2335 2070 2575 2129 nomini
2606 2072 2801 2148 possit
2863 2087 3236 2129 accrescere.
3268 2070 3459 2145 Cujus
3494 2089 3637 2130 cum

246 2151 751 2211 afﬁuentissimas
782 2167 951 2226 opes,
986 2167 1128 2208 cum
1171 2149 1516 2228 ingenium,
1554 2149 1833 2228 corporis
1864 2156 1924 2208 et
1963 2150 2158 2209 animi
2205 2152 2416 2219 decus,
2453 2169 2597 2210 cum
2649 2151 3052 2210 suavissimos
3102 2168 3308 2209 mores
3338 2150 3471 2227 ipse
3506 2169 3637 2211 me-

249 2249 387 2291 cum
416 2233 689 2299 revolvo,
724 2230 1009 2308 profecto
1035 2229 1084 2288 is
1117 2248 1247 2289 esse
1281 2230 1435 2289 mihi
1467 2230 1712 2291 videtur
1740 2231 1801 2289 in
1836 2248 1960 2307 quo
1989 2231 2301 2289 fortunam
2335 2249 2474 2290 cum
2509 2237 2754 2302 natura,
2793 2248 3063 2309 cumque
3094 2230 3402 2289 ambabus
3435 2231 3633 2290 virtu-

252 2318 405 2379 tem,
433 2319 559 2370 tres
588 2310 1049 2387 potentissimas
1080 2328 1284 2369 rerum
1318 2310 1624 2381 dominas,
1662 2310 2055 2370 contendisse
2088 2312 2358 2377 credem,
2395 2313 2572 2385 cujus
2600 2312 2878 2389 ips-trum
2918 2312 3313 2388 potissimum
3345 2312 3632 2371 beneficii

260 2392 457 2470 gratia
488 2397 813 2458 teneretur,
865 2392 975 2448 aut
1006 2409 1145 2467 quae
1199 2391 1581 2466 plenioribus
1612 2392 1815 2465 ipsum
1852 2391 2213 2447 muneribus
2267 2409 2580 2467 manuque
2634 2393 2900 2463 largiore
2935 2392 3305 2449 cumularet.
3339 2392 3642 2451 Cumula-

258 2481 394 2530 runt
426 2480 588 2529 certe
617 2478 676 2529 et
732 2488 1003 2547 quaeque
1033 2479 1125 2528 est
1153 2471 1360 2529 ofticio
1418 2490 1532 2529 suo
1584 2471 1811 2535 funvta,
1853 2488 1963 2529 nec
1996 2470 2092 2528 cui
2156 2472 2294 2546 plus
2326 2471 2548 2528 debeat
2601 2471 2781 2528 facile
2814 2472 3194 2529 dis-creveris.
3252 2474 3395 2531 Non
3430 2474 3641 2549 itaque

253 2553 565 2631 prato-rita
598 2570 746 2609 usus
798 2570 934 2609 sum
977 2552 1398 2621 excusatione,
1434 2552 1602 2628 quod
1658 2551 1861 2626 ipsum
1922 2569 2058 2608 eam
2096 2551 2362 2608 nominis
2422 2551 2906 2609 cel-'brationem
2940 2560 3241 2627 exoptare
3303 2559 3587 2627 putarem
3626 2570 3640 2611 :

252 2638 347 2692 sed
382 2640 445 2691 ut
482 2651 623 2691 meo
655 2632 903 2690 interim
940 2632 1174 2689 nomini
1208 2631 1560 2702 consulens,
1613 2633 2002 2690 ostenderem
2039 2649 2136 2689 me
2172 2650 2289 2687 non
2350 2636 2582 2690 temere
2618 2632 2750 2691 hac
2780 2632 3003 2708 egisse,
3038 2640 3147 2688 aut
3180 2633 3645 2708 ingratilndinis

253 2726 456 2772 notam
521 2713 654 2771 ullo
687 2720 872 2788 pacto
931 2712 1155 2770 debere
1188 2730 1549 2789 agnoscere.
1584 2713 1846 2771 Dabitur
1906 2719 2113 2771 tamen
2147 2711 2298 2771 alibi
2332 2711 2527 2783 locus,
2562 2719 2627 2770 ut
2659 2731 2865 2790 spero,
2900 2731 3026 2789 quo
3074 2721 3323 2788 gratum
3361 2731 3457 2771 me
3488 2730 3638 2789 erga

256 2812 386 2854 eum
421 2792 774 2871 principem
809 2794 1156 2850 ostendam.

329 2876 498 2934 Nunc
532 2892 685 2932 vero
719 2874 796 2929 ad
825 2880 881 2931 te
905 2873 1107 2947 venio,
1141 2870 1484 2930 clarissime
1516 2888 1589 2929 ac
1622 2870 2133 2930 reverendissime
2155 2871 2404 2947 Georgi,
2440 2871 2777 2931 obsecrans
2808 2880 2875 2931 ut
2899 2890 3082 2931 nosce
3105 2878 3350 2931 nostros
3372 2872 3641 2944 labores,

259 2973 357 3033 qui
389 2956 511 3014 tuis
544 2954 845 3030 auSpiciis
875 2952 936 3011 in
996 2952 1196 3011 lucem
1236 2952 1483 3033 prodire
1511 2961 1841 3021 conantur,
1886 2953 2029 3010 laeta
2087 2959 2275 3028 atque
2306 2961 2676 3028 exporrecta
2711 2957 2911 3012 fronte
2944 2953 3270 3031 suscipias.
3301 2953 3375 3033 ,ld
3428 2961 3639 3012 autem

254 3032 321 3094 ut
349 3037 550 3094 facere
581 3036 910 3110 auderem,
944 3035 1169 3108 partim
1208 3032 1361 3090 mihi
1406 3033 1715 3108 persuasit
1747 3042 1993 3089 tuorum
2033 3051 2273 3090 morum
2318 3051 2442 3091 uno
2474 3033 2751 3092 omnium
2786 3052 2891 3092 ore
2928 3036 3264 3107 praedicata
3294 3032 3641 3108 integritas,

257 3133 389 3175 cum
421 3114 786 3175 admirabili
821 3113 1151 3189 prudentia
1187 3113 1446 3189 parique
1480 3112 1867 3171 humanitate
1898 3112 2258 3189 conjuncta,
2294 3114 2521 3190 partim
2558 3132 2701 3171 vero
2732 3114 3112 3172 incredibilis
3143 3115 3423 3188 quipam,
3457 3132 3646 3190 quem

257 3213 371 3255 non
399 3198 665 3255 obscure
699 3211 829 3271 prae
860 3212 923 3251 se
956 3194 1113 3252 ferre
1144 3194 1275 3250 visa
1306 3201 1399 3251 est
1434 3202 1539 3250 tua
1569 3194 1940 3269 amplitudo,
1991 3210 2137 3269 erga
2173 3193 2532 3269 hujusmodi
2564 3202 2851 3253 auctores
2881 3213 3061 3252 amor
3094 3212 3107 3252 :
3144 3194 3367 3271 partim
3394 3212 3647 3271 quoque

260 3276 399 3335 talis
430 3287 565 3334 erat
594 3274 930 3350 singularis
961 3292 1032 3331 ac
1065 3273 1374 3343 gratuitos
1406 3274 1495 3331 tui
1526 3273 1588 3330 in
1622 3291 1719 3330 me
1752 3275 1947 3341 favor,
2008 3274 2384 3350 cognitaque
2423 3282 2543 3334 tuae
2576 3294 2724 3349 erga
2759 3294 2853 3333 me
2888 3276 3229 3333 voluntatis
3284 3275 3641 3350 propensio,

258 3362 333 3415 ut
363 3356 516 3413 nihil
550 3374 643 3412 me
672 3356 779 3414 tibi
811 3374 933 3411 non
964 3355 1188 3412 debere
1220 3354 1490 3429 ingenue
1522 3354 1909 3413 faterer.lioc
1942 3353 2127 3411 etiam
2164 3354 2552 3430 potissimum
2590 3357 2864 3423 nomine,
2890 3356 3055 3431 quod
3091 3374 3231 3413 cum
3265 3373 3295 3411 e
3324 3357 3444 3413 tuis
3475 3363 3648 3414 ortus

266 3436 378 3495 sim
409 3435 762 3508 ditionihus,
820 3435 1175 3512 singulique
1208 3453 1388 3491 suum
1425 3433 1769 3510 princiqem
1829 3451 2042 3493 receus
2077 3435 2339 3509 patriam
2400 3435 2853 3513 ingredientem
2911 3436 3279 3495 munusculo
3319 3436 3641 3513 quopiam,

261 3518 423 3593 quod
453 3518 892 3593 obsequiosum
926 3522 1184 3573 testetur
1214 3515 1516 3574 animum.
1553 3515 1840 3591 excipere
1872 3515 2135 3586 soleant,
2169 3534 2285 3590 ego
2338 3534 2738 3593 nequaquam
2788 3518 2999 3576 vacuis
3033 3516 3319 3575 manibus
3351 3517 3646 3575 accedere

252 3598 456 3656 debui.
493 3596 668 3667 Quod
702 3597 751 3654 si
785 3614 924 3654 sera
986 3594 1271 3653 videatur
1301 3593 1661 3671 gratulatio,
1728 3613 1850 3653 non
1881 3596 1961 3652 ob
1992 3595 2051 3652 id
2088 3596 2460 3671 reprehendi
2510 3597 2715 3665 debet,
2752 3616 2892 3657 cum
2953 3597 3149 3655 dilata
3180 3597 3257 3655 sit
3296 3596 3539 3669 urgenti
3570 3614 3644 3655 ac

254 3678 515 3754 probata
574 3676 872 3735 omnibus
903 3693 1114 3734 causa.
1174 3678 1370 3734 Nemo
1401 3677 1565 3733 enim
1601 3674 1949 3753 probasset,
2008 3676 2251 3752 Opinor,
2286 3676 2335 3734 si
2380 3677 2861 3753 j‘ir'aauipitatllcr,
2922 3684 2989 3737 ut
3020 3683 3168 3735 Tum
3229 3676 3643 3752 Amplitudini

253 3761 608 3835 gratularer
638 3759 701 3815 in
737 3764 1043 3826 tempore,
1079 3756 1270 3813 fetum
1301 3756 1465 3813 hunc
1497 3773 1601 3813 seu
1663 3756 1955 3813 aborsum
1994 3756 2224 3832 potius,
2260 3756 2641 3816 immitarum
2694 3757 3084 3833 abiecissem,
3120 3763 3229 3814 aut
3260 3774 3294 3813 a
3344 3774 3436 3814 me
3470 3756 3642 3815 abire

249 3838 698 3915 permisissem.
732 3839 929 3897 Porro
959 3854 1081 3909 quo
1134 3854 1298 3893 nunc
1332 3853 1587 3893 munere
1638 3835 1807 3910 apud
1838 3838 2035 3895 Tuam
2070 3836 2509 3896 tIeIsitudiuem
2574 3836 2876 3913 majorem
2915 3858 3010 3895 me
3040 3838 3303 3913 gratiam
3339 3836 3637 3895 initurum

246 3920 661 3985 confiderem,
694 3934 812 3975 non
846 3924 998 3975 erat.
1037 3934 1227 3993 quam
1261 3916 1312 3974 si
1348 3916 1730 3975 utillissimos
1765 3916 1900 3983 hos,
1932 3917 2060 3975 imo
2123 3920 2575 3993 propemodum
2617 3920 2999 3977 necessarios
3051 3915 3535 3977 commentarios
3586 3917 3642 3975 ei

244 4001 647 4076 potissimum
683 4014 1134 4065 consecrare-m,
1170 3996 1279 4072 qni
1313 4016 1431 4053 non
1470 4002 1655 4053 modo
1682 3996 1985 4072 singulari
2047 3999 2343 4073 praeditus
2374 4007 2463 4056 est
2496 4000 2748 4075 pietate,
2808 3999 2915 4057 sed
2951 4008 3177 4076 praeter
3206 4017 3392 4056 omne
3444 4015 3641 4073 genus

244 4080 555 4140 doctrinae
618 4084 793 4136 tanta
823 4095 1074 4153 quoque
1132 4076 1377 4135 dieendi
1412 4076 1702 4135 facundia
1730 4094 1802 4135 ac
1859 4076 2245 4153 eloquentia,
2277 4085 2510 4155 quanta
2545 4080 2635 4135 vel
2692 4080 2770 4136 ab
2804 4080 2938 4150 ejus
2973 4079 3222 4155 generis
3283 4078 3641 4137 hominibus

238 4162 477 4238 requiri
514 4164 723 4235 potest
756 4158 1065 4238 maxima,
1089 4157 1193 4234 qui
1227 4175 1476 4213 omnem
1513 4163 1760 4215 atatem
1794 4158 1854 4216 in
1889 4157 2107 4215 litteris
2139 4164 2683 4234 consumpserunt.
2719 4162 3035 4238 Accedunt
3064 4160 3409 4238 adtantam
3450 4176 3638 4232 praes-

235 4242 745 4301 tantissimarum
779 4245 1004 4297 artium
1035 4237 1384 4297 doctrinam
1419 4245 1479 4295 et
1526 4249 1765 4298 caeteras
1797 4238 2057 4295 virtutes
2089 4238 2293 4313 digna:
2347 4256 2575 4315 magno
2612 4237 2888 4312 principe
2924 4237 3209 4312 :justitia
3262 4241 3319 4294 in
3354 4238 3640 4308 imperio,

234 4324 409 4399 pacis
443 4322 703 4380 tuendae
733 4337 904 4388 cura,
940 4317 1307 4393 magnitudo
1339 4317 1550 4385 animi,
1591 4318 1808 4399 pietas,
1843 4317 2117 4399 studium
2147 4318 2444 4392 juvantiaa
2476 4337 2548 4377 ac
2580 4319 2877 4378 ornandae
2901 4318 3219 4387 religionis
3251 4318 3639 4387 Christianae,

234 4398 587 4463 clementia
617 4418 691 4459 ac
722 4399 971 4458 bonitas
1002 4399 1254 4458 eximia.
1288 4399 1421 4457 Hoc
1481 4398 1758 4475 principe
1790 4399 1945 4455 duce
1978 4398 2124 4475 quid
2188 4402 2416 4476 poterit
2448 4418 2579 4457 esse
2611 4400 2876 4474 adversi,
2913 4402 2959 4458 si
2995 4418 3133 4458 cum
3172 4398 3399 4457 virtute
3429 4400 3643 4458 omnia

232 4483 523 4543 secunda
554 4482 751 4540 sunt?
784 4481 976 4537 Nemo
1002 4480 1062 4536 in
1097 4478 1205 4537 illo
1262 4479 1605 4554 quidquam
1641 4479 2062 4538 inconsultum
2108 4488 2365 4545 metuat,
2428 4478 2946 4555 prudentissimus
2977 4486 3067 4537 est
3102 4497 3115 4547 ;
3154 4497 3335 4535 nemo
3369 4478 3639 4536 insolen-

232 4563 386 4623 tiam
424 4562 626 4620 animi
658 4562 915 4637 cogitet.
974 4559 1463 4616 modestissimus
1492 4565 1616 4629 est;
1651 4577 1833 4617 nemo
1892 4558 2185 4631 injuriam
2249 4561 2485 4627 timeat,
2520 4560 2913 4635 aequissimus
2960 4567 3073 4618 est.
3110 4561 3274 4616 Bene
3336 4567 3641 4617 merentes

234 4661 341 4702 sua
376 4640 787 4703 confirmabit
828 4638 1236 4706 humanitate,
1275 4639 1602 4715 languidos
1631 4638 1927 4697 excitabit
1956 4639 2284 4714 industrie,
2319 4642 2640 4716 improbos
2671 4641 3001 4699 severitate
3050 4646 3425 4713 compescet.
3462 4640 3640 4699 Certe

231 4722 617 4801 hujusmodi
643 4721 902 4781 omnino
936 4719 1370 4801 requirebatur
1398 4719 1971 4801 quiinfelicissimis
2006 4718 2172 4778 hisce
2217 4721 2604 4795 temporibus
2658 4722 3077 4781 celeberrimae
3110 4719 3399 4779 Ecclesiae
3433 4720 3635 4796 praefi-

227 4799 515 4871 ceretur,
554 4802 1086 4877 amplissimaque
1117 4799 1372 4858 ditionis
1423 4800 1700 4877 habenas
1728 4818 1799 4857 ea
1835 4800 2165 4876 prudentia
2196 4819 2394 4875 eaque
2453 4801 2737 4861 doctrina
2796 4802 3247 4862 moderaretur.
3282 4819 3554 4877 ovesque
3602 4818 3638 4859 a

223 4883 626 4946 truculentis
660 4875 816 4960 pene
849 4875 1142 4960 luperum
1170 4959 1174 4960 ν
1202 4879 1486 4938 faucibus
1516 4875 1802 4955 eriperet,
1837 4875 2073 4960 nempe
2131 4882 2238 4957 qui
2270 4881 2329 4940 in
2363 4882 2676 4939 variarum
2734 4882 3146 4940 lCcclesiarum
3210 4875 3636 4939 moderatione

220 4972 355 5027 tam
399 4959 719 5043 probatus
748 4966 929 5043 esst.
965 4959 1283 5038 Siquidem
1321 4959 1849 5043 tranquillogmari
1881 4961 2142 5043 quilibet
2162 4969 2505 5043 nautarum
2537 4970 2983 5039 vectorumque
3012 4961 3361 5038 gubernare
3393 4968 3635 5038 potest:

221 5057 286 5107 at
320 5040 438 5107 ubi
478 5062 648 5104 saeva
682 5041 867 5101 fuerit
896 5048 1035 5099 orta
1064 5048 1426 5113 tempestas.
1460 5058 1532 5099 ac
1562 5040 1816 5100 turbato
1851 5040 2007 5099 mari
2039 5042 2280 5118 rapitur
2319 5048 2504 5100 vento
2534 5044 2731 5107 navis.
2767 5050 2896 5101 tum
2933 5044 3066 5101 viro
3116 5060 3187 5099 ac
3218 5043 3640 5117 gubernatore

220 5146 389 5203 Opus
424 5132 531 5186 est
564 5141 579 5183 :
612 5130 674 5182 et
704 5122 811 5199 qui
866 5127 1013 5180 ante
1069 5120 1283 5203 omnia
1316 5121 1439 5177 duo
1474 5120 1941 5203 haeAPlato’nis
2002 5128 2313 5203 praecepta
2364 5129 2593 5199 teneat,
2629 5142 2767 5199 qum
2827 5124 3039 5182 Cicero
3096 5122 3243 5179 dicit
3294 5122 3642 5203 necessario

219 5201 460 5269 adesse
496 5205 592 5263 his
622 5208 936 5281 oportere,
976 5201 1081 5273 qui
1116 5201 1371 5260 omnino
1404 5201 1669 5278 reipubl.
1708 5202 2017 5277 profuturi
2048 5210 2193 5258 sunt
2228 5218 2239 5259 :
2282 5203 2549 5277 primum
2585 5210 2650 5261 ut
2676 5204 2900 5263 civium
2939 5202 3269 5261 utilitatem
3304 5201 3389 5260 sic
3423 5210 3640 5261 tuean-

216 5288 327 5368 jur
360 5296 437 5348 ut,
469 5284 779 5368 quidquid
810 5288 1007 5357 agunt
1037 5281 1113 5368 ad
1147 5299 1290 5368 eam
1319 5282 1612 5368 referant,
1646 5282 1821 5368 obliti
1854 5282 2325 5368 commodorum
2361 5302 2645 5368 suorum.
2678 5289 2884 5368 Neque
2911 5284 3267 5368 enimidem
3302 5282 3645 5368 principem

226 5362 417 5429 decet
455 5362 625 5442 quod
656 5362 1007 5442 privatum.
1038 5364 1242 5437 Atque
1279 5362 1421 5421 hinc
1453 5370 1543 5420 est
1575 5364 1739 5438 quod
1778 5362 2104 5442 Pelopidas
2138 5362 2315 5421 uxori
2348 5382 2490 5440 quae
2523 5366 2595 5421 ad
2633 5365 2864 5423 bellum
2902 5365 3393 5441 proticiscvntem
3432 5363 3645 5422 mulie-

226 5448 437 5508 briter
472 5441 739 5523 rogabat
770 5449 1072 5523 servaret,
1107 5443 1406 5520 seipsum,
1442 5442 1581 5501 Alii.
1617 5442 1847 5523 inquit,
1880 5450 1949 5501 ut
2003 5441 2206 5500 isthuc
2236 5444 2464 5501 faciant
2499 5446 2787 5503 monendi
2822 5450 2964 5503 sunt
2999 5464 3011 5503 :
3075 5463 3217 5501 nam
3256 5443 3540 5521 princeps
3572 5464 3643 5504 ac

225 5530 352 5589 dux
403 5520 763 5587 hortandus
797 5530 894 5583 est
947 5520 1155 5600 potius
1208 5535 1269 5580 ut
1304 5529 1505 5581 servet
1538 5523 1722 5582 cives.
1786 5522 2069 5581 Alterum
2105 5532 2195 5580 est
2257 5530 2321 5581 ut
2354 5532 2550 5582 totum
2585 5545 2812 5601 corpus
2871 5524 3227 5597 reipublicae
3259 5520 3473 5582 Curent
3512 5541 3524 5583 :
3567 5544 3640 5583 ne

223 5612 379 5670 dum
430 5617 675 5686 partem
735 5606 1020 5686 aliquam
1082 5608 1352 5675 tuentur,
1388 5602 1661 5686 reliquas
1693 5603 2025 5686 deserant:
2064 5622 2213 5686 nam
2231 5604 2300 5686 id
2360 5606 2680 5664 seditionis
2712 5606 3089 5681 maximique
3116 5604 3348 5663 dissidii
3382 5623 3454 5663 ac
3484 5606 3636 5686 invi-

224 5684 470 5751 dentia;
500 5709 689 5750 causa
743 5693 935 5746 esset.
968 5684 1197 5742 Verum
1233 5702 1436 5760 neque
1482 5702 1598 5761 ego
1628 5684 1679 5741 is
1712 5702 1846 5741 sum
1883 5684 2011 5761 qui,
2050 5702 2126 5742 ne
2184 5684 2385 5743 dicam
2422 5686 2555 5755 tibi,
2590 5688 2694 5745 sed
2756 5704 2869 5743 nec
2901 5687 3005 5744 alii
3063 5686 3257 5741 cuivis
3303 5685 3627 5742 consilium

224 5771 385 5834 dare
418 5772 672 5850 possim,
709 5782 927 5847 neque
976 5771 1042 5825 tu
1073 5762 1127 5824 is
1156 5780 1219 5823 es
1250 5766 1350 5825 cui
1380 5783 1537 5844 opus
1566 5764 1646 5825 sit
1673 5765 1829 5824 illud
1860 5784 1897 5824 a
1954 5783 2274 5843 quoquam
2307 5776 2621 5845 expetere.
2654 5769 2746 5827 Tu
2776 5766 2886 5825 tibi
2940 5768 3002 5825 in
3034 5766 3325 5823 omnibus
3358 5763 3630 5824 monitor
