4098 6260
360 456 437 518 ω
1372 455 1872 519 mCUMENius
1913 453 2218 517 TRICCE
2256 451 2715 516 EPISCOPUS.
3692 424 3793 516 20”

363 592 612 653 dandus
644 610 711 653 es
740 612 755 653 :
799 592 923 652 tuis
965 592 1263 663 consiliis,
1299 592 1643 672 diligentiae
1674 610 1747 652 ac
1792 592 2118 652 industriae
2151 591 2627 667 relinquendus.
2661 595 2756 653 An
2791 609 2904 651 nos
2956 590 3290 651 timeamus
3316 591 3445 652 ulla
3498 596 3558 651 te
3589 596 3768 670 parte

363 676 776 734 arctissimam
812 692 863 733 aa
892 675 1124 746 .uitatis
1167 675 1443 752 regulam
1481 676 1885 733 transiturum
1918 674 1946 732 ?
1980 676 2287 732 facturum
2323 672 2562 748 aliquid
2595 680 2653 731 te
2689 674 2933 749 tuisque
2961 673 3303 747 majoribus
3332 690 3404 732 ac
3437 675 3630 750 regali
3659 678 3769 733 tua

366 756 657 833 prOsapia
702 756 1058 828 indignum,
1092 763 1201 813 aut
1229 773 1265 814 a
1294 755 1418 813 tuis
1453 756 1730 814 moribus
1760 757 2031 813 alienum
2063 753 2092 811 ‘I
2124 772 2276 812 neve
2307 762 2386 812 at»
2421 753 2875 813 honestissimis
2906 755 3048 812 vitm
3080 754 3426 812 rationibus
3458 753 3709 812 aberres
3735 752 3767 812 ?

361 837 539 897 Unde
581 835 683 893 hic
717 835 893 893 nobis
927 843 1148 897 metus.
1182 844 1289 893 aut
1320 838 1466 913 quid
1501 838 1578 895 ile
1610 845 1666 893 te
1701 854 1820 893 non
1855 837 2158 893 debemus
2191 833 2371 893 nobis
2405 833 2740 910 polliceri?
2772 833 2880 911 qui
2940 852 3064 892 non
3099 834 3285 892 modo
3319 845 3594 892 veterum
3630 833 3767 893 lau-

358 915 467 974 des
495 918 1022 994 splendoremque
1055 915 1278 994 prioris
1308 921 1534 980 atatis.
1595 916 1702 975 sed
1736 923 1797 975 et
1829 916 2076 991 ingenia
2137 915 2526 974 Iaudantiam
2560 913 3207 992 viresquelsupewasti.
3241 913 3642 992 Quapropter
3673 914 3769 973 his

358 996 619 1068 relictis,
662 1013 805 1074 quas
835 1002 894 1055 et
926 1014 1042 1074 ego
1075 998 1304 1055 frustra
1331 997 1543 1073 eloqui
1595 1004 1926 1073 tentarem,
1960 1005 2020 1055 et
2053 1003 2116 1054 tu
2149 994 2360 1054 invitis
2390 1001 2502 1053 aut
2552 995 2859 1054 obturalis
2893 995 3101 1072 potius
3131 994 3392 1054 auribus
3424 994 3766 1074 exciperes,

365 1077 564 1137 Deum
610 1073 932 1156 optimum
980 1073 1463 1156 maximumque
1518 1095 1765 1156 precor,
1801 1084 1860 1137 te
1890 1076 2090 1148 nobts,
2122 1075 2248 1135 imo
2306 1075 2526 1154 patrim
2575 1093 2648 1137 ac
2677 1076 3114 1135 communibus
3169 1075 3393 1135 studiis
3423 1073 3774 1135 diutissime

365 1160 575 1218 servet
603 1155 1007 1217 incolumem.

447 1239 676 1298 Datum
707 1237 989 1316 Lovanii,
1022 1237 1086 1298 in
1117 1236 1386 1316 collegio
1420 1236 1803 1316 theologica,
1837 1254 2003 1298 anno
2032 1253 2068 1297 e
2099 1241 2285 1316 partu
2316 1235 2599 1315 virgineo
2631 1234 2809 1310 1545,
2840 1233 3042 1315 pridie
3069 1234 3384 1301 Kalendas
3411 1233 3685 1314 Apriles.

1697 1506 2048 1570 CANDIDO
2088 1504 2451 1570 LECTORI.

453 1801 685 1862 Rerum
716 1800 781 1861 in
807 1799 999 1879 hujus
1029 1800 1238 1880 operis
1268 1800 1526 1863 exordio
1556 1800 2043 1881 prasmonendus
2073 1800 2230 1861 mibi
2260 1819 2349 1875 es,
2383 1801 2649 1862 candide
2675 1802 2922 1875 Lector,
2955 1800 3245 1862 eumdem
3280 1818 3467 1880 quem
3496 1800 3559 1861 in
3584 1796 3789 1879 priori

380 1887 553 1943 tomo
607 1881 892 1941 ordinem
928 1899 1043 1941 nos
1098 1899 1378 1943 servasse
1407 1882 1915 1943 adnotandorum
1952 1899 2358 1942 numerorum
2421 1882 2722 1960 capitum,
2754 1886 2883 1941 tam
2935 1881 3123 1959 juxta
3152 1884 3399 1942 Graecos
3456 1899 3641 1960 quem
3675 1881 3780 1941 hic

379 1967 605 2023 auctor
632 1960 1007 2034 observavit,
1057 1979 1246 2039 quam
1272 1962 1460 2041 juxta
1510 1962 1770 2024 Latinos
1799 1980 1985 2040 quem
2019 1980 2135 2023 nos
2192 1963 2339 2040 quid
2352 1962 2520 2041 piam
2551 1963 2815 2023 citantes
2845 1968 2956 2021 aut
3009 1962 3181 2022 aliud
3214 1966 3502 2022 notantes
3531 1979 3781 2039 semper

376 2042 726 2120 sequimur,
758 2059 899 2103 cum
960 2041 1197 2101 nullam
1233 2043 1498 2103 facimus
1554 2046 1914 2104 Graecorum
1948 2043 2225 2120 capitum
2291 2043 2693 2103 mentionem.
2730 2042 2951 2119 Itaque
3006 2042 3185 2102 initio
3216 2043 3426 2102 statim
3472 2042 3781 2120 cujusque

377 2122 556 2185 faciei
595 2123 832 2199 positus
870 2141 1194 2194 numerus,
1252 2125 1616 2184 Latinorum
1651 2135 1741 2184 est
1777 2144 1790 2183 :
1826 2123 1931 2201 qui
1966 2141 2104 2184 rero
2165 2123 2527 2199 majusculis
2560 2123 2783 2182 litteris
2839 2141 3029 2198 supra
3059 2124 3227 2200 ipsos
3287 2125 3533 2202 paginae
3566 2139 3783 2181 versus

383 2203 740 2275 ascribitur,
771 2206 1160 2264 Graecorum.
1220 2208 1493 2265 Rursum
1528 2204 1633 2263 ubi
1663 2204 2008 2265 Bibliorum
2068 2204 2242 2262 locus
2275 2205 2584 2282 quispiam
2619 2203 2807 2262 fuerit
2863 2205 2927 2263 in
2958 2210 3250 2262 cnntextu
3303 2204 3529 2262 citatus
3560 2209 3671 2261 aut
3700 2202 3783 2261 ad

379 2285 587 2363 ipsum
621 2302 879 2361 quoquo
912 2284 1098 2341 mo'lo
1130 2283 1428 2354 allusum,
1465 2302 1577 2345 nec
1608 2298 1817 2344 tamen
1868 2285 1928 2344 in
1963 2284 2256 2361 Opposito
2292 2285 2571 2360 margine
2612 2284 2861 2343 additus
2892 2289 2985 2340 est
3013 2287 3275 2344 Latinus
3305 2283 3527 2361 capitis
3560 2300 3784 2342 nume-

383 2362 512 2433 rius,
546 2365 622 2423 ad
659 2365 944 2423 eumdem
979 2365 1085 2441 qui
1123 2365 1310 2441 paulo
1342 2373 1485 2424 ante
1516 2365 1746 2424 citatus
1776 2384 1842 2424 es
1874 2372 2077 2424 locum
2115 2365 2426 2424 recurrito
2461 2382 2475 2428 :
2513 2365 2807 2423 nolumus
2840 2363 3001 2422 enim
3041 2368 3268 2423 frustra
3299 2365 3461 2423 idem
3497 2362 3786 2440 ejusdem

386 2445 723 2505 voluminis
755 2452 943 2520 caput
969 2446 1194 2503 iterato
1229 2464 1482 2522 ponere.
1516 2445 1869 2516 Quinetiam
1906 2463 2046 2505 cum
2109 2446 2422 2504 variorum
2456 2444 2735 2519 ejusdem
2802 2443 3137 2502 voluminis
3165 2445 3442 2519 capitum
3477 2461 3784 2503 consecu-

386 2524 513 2586 tive
543 2525 712 2585 dicta
743 2528 1040 2594 citantur,
1103 2528 1302 2601 posito
1335 2526 1529 2586 semel
1560 2527 1871 2585 duntaxat
1930 2526 2266 2584 voluminis
2299 2527 2570 2594 nomine,
2607 2542 2903 2583 numeros
2959 2525 3235 2599 eapitum
3269 2524 3455 2583 simul
3486 2522 3787 2600 adjunxi-

391 2624 532 2665 mus
562 2624 636 2664 eo
664 2623 789 2682 quo
822 2606 930 2663 illa
966 2604 1238 2663 citantur
1266 2607 1508 2665 ordine.
1541 2608 1847 2665 Praeterea
1878 2607 2161 2665 eamdem
2200 2606 2299 2666 hic
2340 2604 2490 2664 mihi
2520 2605 2656 2664 dari
2687 2605 2930 2662 veniam
2966 2622 3189 2680 precor
3218 2622 3405 2681 quam
3443 2604 3503 2662 in
3550 2603 3792 2681 lﬁutby—

396 2685 523 2744 mio
557 2684 891 2762 postulavi,
926 2683 1096 2761 qucd
1129 2703 1310 2743 voces
1340 2685 1644 2762 quasdam
1681 2704 1801 2745 non
1838 2686 2162 2745 vitaverim
2196 2704 2232 2745 a
2262 2686 2489 2761 quibus
2519 2686 2863 2744 abhorrent
2894 2683 3177 2743 nonnulli
3235 2692 3448 2744 n0stro
3481 2684 3599 2743 hoc
3631 2683 3796 2761 poli-

396 2767 539 2825 tiori
571 2763 805 2825 saeculo
840 2780 855 2823 :
891 2782 1138 2841 nempe,
1187 2763 1494 2831 Salvator.
1553 2766 1788 2826 salvare
1811 2767 2164 2841 compassio,
2201 2766 2556 2845 dispensatio
2586 2782 2659 2825 ac
2714 2765 2972 2840 similes,
2999 2783 3075 2823 ne
3107 2765 3156 2823 si
3182 2763 3529 2824 exactiores
3556 2764 3792 2824 substi-

390 2851 713 2905 tueremus
743 2862 885 2922 qum
914 2862 1233 2903 sacrarum
1292 2844 1759 2923 Scripturarum
1792 2847 2088 2905 studiosis
2137 2864 2260 2905 non
2292 2844 2453 2904 adeo
2487 2845 2651 2905 tritae
2709 2852 2936 2913 essent,
2971 2846 3264 2904 lectorem
3309 2863 3565 2922 quoquo
3601 2845 3795 2905 modo

392 2923 697 2986 remorari
729 2925 1102 2985 videremur.
1158 2925 1251 2984 Ad
1286 2926 1418 2985 haec
1450 2944 1589 2986 cum
1623 2928 1904 2987 Graecum
1941 2925 2268 3001 exemplar
2312 2926 2703 3002 singulotum
2754 2931 3128 3002 argumenta
3170 2925 3445 3003 capitum
3478 2925 3657 2985 initio
3691 2944 3798 2986 cu-

386 3006 617 3083 jusque
651 3004 792 3063 libri
822 3012 932 3064 aut
959 3005 1241 3081 epistolas
1300 3014 1675 3074 recent-cret,
1709 3006 2049 3066 maluimus
2104 3006 2355 3082 singula
2385 3006 2651 3082 singulis
2706 3005 3019 3082 capitibus
3052 3006 3400 3083 praeﬁgere,
3464 3024 3540 3064 ne
3580 3007 3659 3066 ad
3695 3004 3798 3065 di-

388 3086 817 3166 gnoscendum
848 3085 1071 3165 capitis
1124 3094 1594 3162 argumentum,
1622 3105 1874 3148 necesse
1932 3088 2040 3146 tibi
2077 3089 2234 3146 foret
2281 3086 2545 3146 subinde
2589 3086 2666 3144 ad
2725 3085 2875 3166 libri
2921 3085 3171 3145 initium
3229 3103 3568 3145 recurrere.
3631 3089 3803 3154 Qua-

393 3165 654 3246 prOpter
684 3166 872 3226 etiam
905 3184 1359 3243 nonnunquam
1390 3168 1593 3229 coacti
1655 3186 1874 3227 sumus
1905 3175 2116 3244 partes
2144 3173 2351 3227 textus
2406 3167 2590 3227 aliter
2620 3184 2809 3244 quam
2865 3165 2925 3224 in
2962 3169 3179 3227 Graeco
3208 3172 3416 3227 essent
3445 3166 3804 3244 exemplari

391 3247 719 3307 dividere:
756 3262 897 3305 cum
956 3246 1043 3305 ibi
1072 3246 1441 3309 continuato
1491 3255 1687 3319 textu,
1724 3251 1785 3307 in
1850 3248 2132 3323 margine
2184 3248 2492 3306 duntaxat
2521 3249 2667 3306 novi
2723 3246 2944 3324 capitis
3003 3265 3299 3306 numerus
3351 3253 3798 3308 annotaretur.

389 3328 861 3404 Nonnunquam
895 3326 1080 3385 etiam
1115 3346 1191 3386 ne
1222 3334 1428 3387 textus
1450 3329 1607 3389 adeo
1644 3328 1901 3388 mutilus
1947 3336 2056 3387 aut
2089 3328 2442 3388 minutatim
2476 3327 2762 3387 cencisus
2818 3327 3152 3404 videretur,
3190 3327 3400 3404 plures
3451 3326 3800 3404 conjunxi-

394 3426 535 3468 mus
568 3406 859 3487 periodos
888 3424 1029 3484 quas
1078 3406 1138 3466 in
1171 3408 1387 3468 Graeco
1417 3410 1759 3485 exemplari
1792 3408 2007 3469 divisae
2040 3415 2242 3483 erant,
2302 3407 2690 3482 potissimum
2724 3406 2787 3465 in
2845 3409 3129 3483 Epistola
3159 3411 3234 3466 arl
3270 3411 3598 3469 Romanos
3632 3416 3701 3469 et
3733 3409 3807 3468 in

391 3487 796 3566 Apocalypsi,
832 3488 936 3563 qui
974 3487 1110 3546 libri
1142 3487 1202 3546 in
1229 3489 1345 3548 'nor.
1377 3508 1410 3548 a
1444 3490 1686 3550 caeteris
1722 3490 1991 3548 maxime
2040 3488 2428 3548 dissidebant
2463 3505 2476 3547 :
2516 3488 2621 3546 ubi
2652 3496 2857 3547 tamen
2893 3488 3124 3547 divisas
3176 3487 3617 3563 hujuscemodi
3654 3507 3803 3548 sen-

390 3570 619 3629 tentias
646 3566 1112 3645 conjunximus,
1147 3568 1225 3627 ad
1259 3569 1648 3645 singularum
1700 3571 2162 3629 enarrationem
2198 3588 2442 3629 rursum
2477 3586 2581 3627 eas
2611 3578 2722 3626 aut
2751 3587 2825 3626 ex
2885 3568 3129 3646 integro
3162 3578 3270 3626 aut
3300 3568 3360 3626 in
3399 3574 3580 3642 parte
3618 3587 3806 3647 repa-

389 3649 622 3709 tiimus.
659 3650 1124 3725 Nonnunquam
1162 3667 1306 3707 vero
1340 3650 1501 3709 hanc
1534 3651 1793 3710 fecimus
1825 3650 2120 3710 unionem
2153 3668 2227 3708 eo
2259 3649 2424 3725 quod
2455 3648 2797 3722 permistini
2838 3656 3044 3722 partes
3074 3646 3439 3726 hujusmodi
3463 3646 3804 3710 variarum

386 3728 794 3809 periodorum
832 3746 1099 3809 nonsuo
1130 3730 1350 3789 ordine
1402 3731 1885 3806 explicabantur
1917 3747 1931 3789 :
1969 3730 2136 3806 quod
2171 3730 2329 3790 adeo
2382 3730 2676 3806 frequens
2706 3738 2858 3797 erat,
2897 3735 2963 3787 ut
3020 3728 3163 3787 huic
3198 3729 3365 3787 malo
3390 3748 3519 3809 non
3566 3730 3812 3807 ubique

386 3810 735 3871 .teinedium
774 3808 1247 3885 praestiterimus
1282 3829 1294 3869 :
1357 3810 1627 3889 ideoque
1658 3811 1759 3871 hic
1791 3818 1849 3869 te
1880 3811 2315 3879 admonemus,
2383 3811 2526 3869 utsi
2558 3810 2812 3886 quando
2861 3809 3185 3867 sententias
3208 3808 3483 3889 alicujus
3512 3827 3594 3870 ex
3611 3811 3815 3886 plica-

389 3890 621 3950 tienem
658 3889 957 3966 requiras.
994 3892 1183 3948 etiam
1222 3888 1633 3966 praecedentis
1659 3894 1959 3952 clausulas
1991 3891 2451 3950 enarrationem
2486 3891 2792 3968 perlegas.
2849 3889 3089 3960 Saepius
3120 3888 3287 3947 enim
3320 3890 3426 3949 ubi
3481 3891 3812 3969 quispiam

391 3971 625 4031 citatur
654 3978 875 4029 auctor
904 3977 965 4029 et
998 3972 1341 4048 praesertim
1373 3972 1661 4045 Photius,
1695 3991 1818 4032 non
1851 3991 1988 4032 eam
2022 3973 2333 4031 duntaxat
2366 3972 2586 4031 litterae
2636 3980 2873 4046 partem
2908 3987 3047 4046 quin
3111 3972 3431 4045 proposita
3456 3980 3557 4031 est
3588 3974 3815 4032 decla-

395 4058 515 4122 rat,
551 4050 660 4110 sed
690 4069 767 4131 ea
795 4051 985 4131 etiam
1016 4067 1158 4128 qum
1187 4052 1675 4129 subsequuntur.
1714 4056 1799 4112 Ne
1832 4052 1890 4111 id
1928 4071 2176 4131 quoque
2209 4060 2443 4112 temere
2484 4069 2519 4110 a
2554 4051 2732 4109 nobis
2761 4051 2994 4131 factum
3028 4050 3370 4131 existimes.
3431 4056 3609 4127 quod
3647 4072 3814 4112 non-

391 4148 716 4208 nunquam
744 4129 945 4209 Pauli,
980 4134 1166 4191 Lucaa
1220 4137 1332 4192 aut
1357 4133 1619 4193 Joannis
1678 4129 1962 4192 litteram
1984 4151 2146 4192 novo
2178 4134 2329 4192 satis
2366 4132 2552 4192 modo
2611 4130 2981 4190 verterimus
3015 4149 3028 4190 :
3065 4129 3125 4211 id
3160 4131 3323 4188 enim
3360 4131 3571 4193 facere
3604 4132 3818 4211 coacti

393 4230 637 4290 sumus,
666 4217 737 4271 ut
792 4211 1179 4271 scholiorum
1228 4222 1580 4288 respectum
1617 4213 1992 4274 haberemus
2027 4230 2041 4272 :
2102 4213 2338 4287 a'ioqui
2369 4212 2418 4272 si
2448 4280 2451 4283 λ
2479 4211 2720 4287 reliquo
2751 4212 2947 4269 secuti
3008 4209 3338 4269 fuissemus
3394 4209 3813 4291 interpretes,

392 4292 633 4352 scholia
662 4292 724 4350 in
761 4291 1123 4363 huiusmodi
1156 4292 1307 4352 locis
1339 4294 1494 4353 nulli
1527 4292 1861 4353 servissent
1896 4293 2239 4370 proposito.
2272 4292 2472 4367 Hujus
2502 4310 2754 4369 quoque
2786 4298 2845 4349 te
2872 4290 3262 4349 admonitum
3299 4291 3513 4364 Velim,
3556 4290 3819 4371 quoties

394 4371 569 4431 locus
599 4371 910 4449 quispiam
943 4371 1004 4430 in
1043 4371 1137 4430 his
1169 4391 1244 4431 ex
1275 4374 1479 4433 Veteri
1510 4374 1741 4433 citatur
1769 4374 2213 4436 Instrumento.
2278 4372 2447 4430 hunc
2484 4376 2664 4447 juxta
2699 4371 3045 4430 versionem
3082 4372 3500 4448 Septuaginta
3562 4375 3817 4450 referti,

395 4459 614 4527 utpote
645 4452 750 4527 qui
782 4452 992 4512 Graece
1023 4453 1426 4528 scripserunt,
1465 4453 1525 4513 hi
1558 4462 1767 4513 autem
1798 4454 2162 4513 eollectores
2192 4455 2389 4514 Graeci
2426 4461 2668 4512 tantum
2704 4459 2923 4512 erant:
2961 4454 3064 4527 qui
3098 4453 3283 4509 etiam
3320 4470 3441 4511 non
3480 4472 3631 4515 raro
3664 4474 3818 4516 sen-

397 4551 533 4592 sum
572 4532 768 4610 magis
798 4536 991 4590 citant
1022 4552 1210 4606 quam
1240 4532 1426 4593 verba
1460 4551 1473 4592 ε
1510 4542 1641 4604 aut,
1697 4535 1864 4610 quod
1902 4533 2056 4593 mihi
2092 4533 2289 4611 magis
2340 4533 2607 4601 videtur,
2644 4551 2717 4591 ex
2773 4531 3302 4612 memoriaritant
3378 4552 3554 4610 qum,
3593 4530 3820 4612 utpote

401 4612 632 4679 labilis,
668 4613 854 4672 etiam
890 4614 1284 4672 doctissimos
1342 4633 1787 4692 nonnunqurm
1825 4614 2038 4673 fallere
2069 4618 2243 4671 solet.
2308 4613 2614 4688 Denique,
2649 4613 2706 4669 id
2741 4613 2927 4671 etiam
2991 4611 3443 4691 animadverte,
3497 4625 3819 4692 quantum

404 4694 647 4752 nostris
677 4694 1066 4770 temporibus
1099 4693 1161 4752 hi
1221 4694 1495 4753 serviant
1526 4695 1984 4761 commentarii,
2039 4694 2145 4768 qui
2177 4693 2463 4769 pluiimis
2492 4694 2553 4751 in
2584 4693 2737 4752 locis
2791 4692 3072 4751 indicant
3105 4692 3395 4751 brevibus
3452 4712 3602 4771 qum
3632 4697 3823 4760 Pauli

401 4772 595 4832 verba
624 4773 813 4831 Variis
840 4775 1147 4833 olisistant
1175 4774 1514 4834 haeresibus
1544 4775 1808 4850 illasque
1837 4775 2220 4834 confodiant.
2253 4775 2480 4847 Accipe
2508 4774 2744 4850 itaque,
2777 4771 2971 4831 lector
3001 4773 3285 4841 candide,
3321 4791 3394 4831 ac
3426 4774 3642 4836 fruere
3676 4777 3821 4840 feli-

405 4853 583 4934 cibus
614 4852 909 4931 auspiciis
941 4854 1153 4930 praada
1182 4873 1370 4931 quam
1403 4874 1478 4915 ex
1512 4856 1866 4917 Graecorum
1902 4854 2299 4915 bibliothecis
2331 4855 2452 4914 tuis
2495 4854 2711 4913 usibus
2744 4853 2926 4929 primi
2982 4852 3350 4912 adveximus
3383 4869 3397 4911 :
3433 4872 3820 4934 quanquam

407 4932 597 5015 hujus
629 4950 795 5011 pars,
820 4939 899 5015 ut
931 4951 1143 5015 verum
1179 4934 1397 5007 fatear,
1434 4953 1661 5015 nempe
1691 4937 1750 4994 in
1790 4936 2129 5011 Epistulam
2163 4934 2239 4994 ad
2278 4936 2609 5000 Romanos.
2645 4941 2792 4994 ante
2823 4933 3293 5015 aliquotrannos
3323 4942 3542 5009 erepta
3580 4932 3818 5014 fuerat,

401 5014 646 5076 Joanne
675 5014 980 5073 Lonicero
1012 5014 1378 5091 interprete,
1412 5014 1625 5076 verum
1661 5015 1884 5075 mutila
1914 5017 2280 5091 admodum,
2319 5021 2385 5075 ut
2416 5032 2558 5092 qum
2592 5033 2666 5073 ne
2701 5014 2945 5073 tertiam
2975 5014 3227 5092 quidem
3264 5020 3507 5088 partem
3546 5015 3823 5083 haberet

402 5112 623 5155 eorum
653 5110 793 5171 qum
825 5112 991 5153 nunc
1020 5094 1083 5153 in
1113 5112 1252 5153 eam
1284 5095 1630 5173 Epistolam
1663 5097 1777 5156 tibi
1805 5097 2029 5156 damus
2062 5112 2076 5155 :
2110 5114 2333 5173 eaque,
2368 5096 2578 5155 nescio
2610 5093 2787 5170 cujus
2816 5094 2992 5169 vitio,
3026 5093 3176 5153 satis
3208 5093 3548 5153 infeliciter
3585 5098 3821 5160 Latini-

400 5181 528 5257 tate
556 5177 791 5257 donata
825 5194 839 5233 :
873 5175 1271 5257 nequeenim
1303 5178 1708 5255 interpretem
1743 5183 1976 5237 temere
2007 5193 2301 5235 accusare
2335 5175 2516 5236 velim
2555 5195 2568 5235 :
2604 5193 2967 5254 quanquam
2999 5173 3052 5232 is
3074 5174 3268 5257 etiam
3290 5174 3362 5257 _in
3397 5188 3820 5257 nuncupato-

400 5256 492 5315 ria
526 5254 805 5333 Epistola
832 5256 984 5314 satis
1013 5255 1208 5314 idicat
1239 5274 1427 5331 quam
1462 5253 1586 5316 non
1647 5258 2049 5335 magnifaciat
2079 5274 2154 5315 ea
2183 5275 2323 5333 quas
2384 5263 2605 5326 vertat,
2630 5253 2901 5333 Seseque
2960 5254 3256 5335 maluisse
3286 5254 3347 5312 in
3380 5253 3509 5312 alio
3572 5253 3822 5323 versari

396 5341 795 5409 argumento.
835 5356 865 5390 ‹‹
892 5336 1145 5413 Majori.
1178 5336 1402 5413 inquit,
1440 5334 1854 5398 delectatione
1882 5337 1941 5396 in
1974 5356 2048 5397 eo
2082 5343 2362 5395 versatus
2392 5354 2613 5412 essem,
2647 5335 2699 5396 si
2732 5336 2791 5395 in
2842 5334 3181 5408 Scriptura
3212 5351 3424 5411 scopo,
3464 5335 3527 5394 in
3566 5337 3718 5409 fide,
3754 5343 3822 5405 in

395 5415 622 5476 Christi
658 5415 912 5486 meritis,
947 5414 1251 5492 sanguine
1284 5423 1344 5476 et
1378 5435 1596 5489 mone,
1631 5425 1820 5488 atque
1851 5418 2089 5477 adeoin
2115 5416 2568 5493 jnslilicatione
2595 5417 2922 5475 mansisset
2955 5415 3216 5475 firmiter
3245 5432 3318 5474 ac
3340 5424 3757 5494 constanter;
3790 5447 3821 5481 ι)

393 5502 455 5555 et
489 5501 628 5572 post
662 5513 863 5573 pauca
895 5512 910 5554 :
946 5519 976 5551 «
1012 5499 1482 5575 Nonnunquam
1519 5517 1666 5557 sane
1701 5499 1902 5557 bonus
1957 5499 2059 5559 hic
2093 5498 2185 5555 vir
2213 5498 2361 5556 dum
2395 5497 2574 5558 Pauli
2611 5505 2880 5556 mentem
2939 5512 3063 5554 non
3097 5494 3477 5570 assequitur.
3537 5517 3653 5560 nec
3688 5521 3823 5564 res-

394 5576 629 5652 pondet
664 5594 774 5654 per
800 5577 1014 5635 omnia
1069 5578 1285 5637 seaculi
1342 5578 1669 5653 analogiae.
1701 5578 1998 5655 operibus
2060 5577 2197 5653 plus
2238 5595 2420 5655 ωσιυο
2484 5577 2723 5643 tribuit.
2757 5585 2826 5636 ut
2882 5581 3187 5652 appareat
3242 5575 3619 5651 theologum
3683 5602 3828 5648 esse

389 5659 724 5742 GAraacum‘:
759 5675 1026 5742 qunrum
1057 5675 1207 5742 sane
1264 5660 1743 5728 commentaria,
1778 5677 1937 5742 cum,
1979 5658 2597 5742 Christumﬁdoceant
2652 5663 2715 5717 et
2745 5656 2808 5742 in
2867 5656 3093 5742 Christi
3124 5655 3423 5742 gloriam-
3448 5663 3826 5742 conscripta
3912 5681 3917 5685 '

384 5738 530 5807 sint,
565 5738 743 5798 nobis
773 5736 944 5798 haud
974 5739 1185 5821 statim
1218 5744 1363 5798 sunt
1394 5739 1873 5821 contemnenda.
1907 5740 2241 5821 Cmterum,
2275 5738 2630 5821 Christiano
2669 5737 2876 5816 potius
2907 5736 3138 5815 volupe
3165 5753 3299 5796 esse
3325 5734 3541 5821 debet,
3600 5734 3827 5821 videre

385 5823 449 5879 et
475 5836 818 5899 agnoscere
848 5836 975 5897 quo
1004 5818 1171 5880 dono
1200 5824 1438 5881 veteres
1466 5820 1784 5884 Christum
1820 5818 2245 5899 prmdicarint.
2305 5820 2684 5899 Quanquam
2715 5824 2925 5881 autem
2957 5836 3081 5880 non
3140 5834 3371 5900 parum
3405 5820 3598 5884 multi
3645 5818 3833 5909 repeé
