4098 6260
307 451 384 510 21
1347 437 1836 504 CEOUMENIUS
1880 439 2188 505 TRICCE
2229 443 2679 510 EPISCOPUS.
3639 445 3718 510 28

300 583 498 658 ejecit,
525 581 851 654 pluresque
879 576 1076 635 claudi
1109 591 1178 633 ac
1197 571 1456 648 paralysi
1479 573 1756 631 dissoluti
1779 573 1853 632 ab
1884 591 1955 634 eo

2116 595 2217 631 ατα
2246 571 2486 650 έξέόαλε,
2515 579 2606 633 καὶ
2645 575 2831 654 χωλοὶ
2887 577 2978 633 καὶ
3032 571 3472 652 παραλελυμένοι
3528 575 3713 654 έθεραο

307 675 494 732 curati
532 678 671 728 sunt
720 673 857 742 (Act.
897 669 1044 738 vm)

385 768 438 821 7.
482 761 700 818 Paulus
731 777 868 815 cum
901 757 1211 813 accederet
1239 755 1626 810 Damascumv
1657 755 1768 810 idit
1789 756 1964 813 visio-

316 870 480 918 nem,
513 852 830 920 statimque
863 829 1223 918 evangelista
1251 844 1440 899 factus
1469 851 1574 899 est.
1619 848 1678 913 (Α
1693 851 1759 900 ct.
1797 847 1894 914 Ix.)

389 945 441 996 8.
476 943 683 995 Petrus
721 937 926 1010 Lyddm
974 938 1212 990 Aineam
1244 933 1634 1004 paralyticum
1670 932 1742 988 ab
1792 933 1965 989 annis

323 1033 390 1104 36
423 1031 486 1085 in
517 1027 800 1102 grabbato
831 1025 1286 1080 decumbentem
1321 1023 1568 1078 curavit.
1604 1022 1790 1090 (lbid.)

394 1123 446 1176 9.
483 1120 688 1174 Petrus
744 1119 943 1188 Joppae
1012 1120 1304 1170 mortuam
1368 1112 1715 1177 Dorcadem,
1749 1129 1880 1182 quas
1910 1117 1968 1168 et

320 1209 572 1266 Tabitha
603 1206 931 1276 dicebatur,
963 1205 1097 1261 fusa
1142 1203 1409 1259 oratione
1442 1203 1714 1258 excitavit
1741 1219 1777 1258 a
1803 1217 1964 1259 mor-

322 1299 460 1355 tuis.
498 1296 685 1367 abici.)

395 1389 462 1442 10
514 1385 718 1440 Petrus
743 1399 842 1438 vas
870 1399 900 1438 e
933 1380 1078 1437 cmlo
1108 1381 1482 1437 descendens
1519 1380 1768 1453 plenum
1802 1381 1966 1439 omni

311 1491 532 1548 genere
561 1473 910 1528 animalium
939 1470 1102 1526 vidit.
1135 1473 1288 1539 (Act.
1323 1473 1431 1540 10.)

383 1568 468 1620 11.
499 1565 708 1618 Petrus
741 1566 1007 1617 servatus
1054 1575 1122 1614 ac
1192 1559 1422 1614 vinctus
1474 1559 1536 1614 in
1596 1575 1853 1626 carcere,
1892 1559 1965 1616 ab

309 1655 523 1728 angelo
548 1653 780 1708 solutus
812 1657 920 1715 est,
955 1648 1366 1722 ignorantibus
1397 1648 1454 1702 id
1489 1648 1778 1704 militibus
1807 1665 1820 1705 :
1855 1651 1964 1705 He-

2070 665 2239 736 πεῦθη
2249 687 2341 722 σαν
2378 668 2465 722 ὑπ’
2493 666 2678 723 αὐτοῦ.

2141 754 2202 822 ζ’.
2231 752 2444 816 Παῦλος
2502 754 2731 830 ἑγγίζων
2790 758 2860 829 τῇ
2921 757 3192 828 Δαμασκῷ
3242 750 3379 808 εἶδεν
3431 753 3712 826 ὀπτασίαν,

2065 841 2156 894 καὶ
2187 840 2342 906 εὐθὺς
2373 843 2589 918 γέγονεν
2623 841 3035 918 εὐαγγελισττςς.

2138 931 2206 998 η’.
2247 933 2448 1002 ΙΙέτρος
2479 931 2529 986 έν
2585 929 2764 1007 Λόδδῃ
2819 931 3026 989 Αὶνείαν
3083 931 3174 985 τὸν
3231 929 3597 996 παραλυτικὸν
3631 931 3721 988 ἀπ’

2067 1015 2200 1072 ἑτῶν
2234 1016 2315 1083 λς’
2343 1018 2393 1073 έν
2427 1015 2723 1093 κραϐϐἀτῳ
2750 1020 3097 1091 ἀνακείμενον
3122 1017 3505 1091 ὲθηράπευσεν.

2137 1109 2198 1163 θ’.
2287 1111 2489 1184 Πέτρος
2547 1109 2602 1164 έν
2665 1110 2874 1184 Ἰώππῃ
2962 1111 3059 1178 τὴν
3136 1108 3507 1163 ἀποθανοῦσαν
3584 1117 3722 1185 Δορ-

2065 1195 2204 1253 κάδα
2267 1201 2366 1269 τήν
2427 1199 2517 1254 καὶ
2565 1195 2847 1271 Ταϐηθὰν,
2906 1199 3192 1274 εὐξάμενος
3245 1195 3456 1275 ἤγειρεν
3518 1198 3580 1254 ἐκ
3633 1219 3718 1255 νε-

2067 1292 2211 1364 κρῶν
2221 1331 2235 1345 .

2141 1379 2189 1434 ι’.
2224 1373 2430 1450 Πέτρος
2460 1379 2522 1435 τὸ
2553 1377 2604 1450 ἐξ
2659 1378 2893 1453 οὐρανοῦ
2942 1375 3132 1442 σκεῦος
3174 1376 3494 1451 καθιέμενον
3555 1377 3705 1448 πλῆ-

2069 1486 2155 1542 ρες
2185 1469 2384 1530 παντὸς
2416 1469 2560 1538 ζώου
2591 1467 2848 1539 ἑώρακεν.

2143 1556 2224 1611 ια’.
2277 1555 2482 1630 Πέτρος
2539 1557 2881 1631 ’πηρούμενος
2936 1557 3023 1611 καὶ
3086 1553 3371 1624 δεδεμένος
3432 1555 3484 1611 έν
3516 1559 3585 1630 τῇ
3617 1578 3719 1634 φυ-

2067 1645 2234 1710 λακῆ,
2269 1646 2374 1701 ὑπὸ
2404 1644 2640 1721 ἀγγέλου
2673 1645 2944 1716 ἀπελῦθη,
2992 1647 3066 1719 μή
3121 1642 3346 1700 εἰδότων
3399 1650 3510 1700 τῶν
3569 1667 3724 1721 στρα-

311 1742 607 1813 rodesque
648 1757 681 1795 a
711 1738 1009 1794 vermibus
1050 1753 1258 1793 exesus
1289 1737 1624 1809 exspiravit.
1660 1739 1805 1807 (Act.
1844 1740 1964 1808 13.)

2115 1739 2298 1789 .ωτῶν’
2334 1734 2422 1790 καὶ
2455 1737 2483 1791 6
2515 1735 2766 1811 Ἡρώδης
2791 1730 3253 1810 σκοληκόϐρωτος
3296 1734 3527 1810 έξέψυξε.

389 1837 474 1888 12.
515 1831 727 1887 Paulus
758 1830 820 1884 in
849 1828 1332 1901 CyproElymam
1361 1844 1596 1900 magum
1619 1828 1962 1900 increpavit,

316 1928 376 1980 et
397 1939 587 1979 caecus
618 1921 806 1975 factus
829 1925 920 1974 est
949 1919 1074 1990 ipse
1105 1933 1331 1990 magus.
1376 1918 1518 1988 (Act.
1549 1919 1660 1989 13.)

315 2107 444 2160 erat
473 2117 579 2173 per
608 2116 828 2155 nomen
870 2097 1102 2153 Domini
1136 2098 1362 2152 sanavit
1388 2098 1528 2154 (Act.
1569 2099 1676 2167 14.)

388 2196 470 2248 14.
509 2192 726 2247 Paulus
748 2207 781 2245 a
803 2190 1031 2244 visione
1064 2189 1124 2244 in
1156 2188 1557 2244 Macedoniam
1579 2194 1819 2244 vocatus
1851 2193 1959 2245 est.

323 2278 466 2349 (Art.
505 2279 616 2348 ie.)

391 2370 476 2422 15.
511 2365 729 2421 Paulus
759 2364 1071 2420 mulierem
1103 2379 1235 2434 qua
1267 2363 1538 2434 spiritum
1589 2363 1846 2420 habebat
1874 2363 1965 2419 di-

318 2455 650 2510 vinatorem
689 2453 978 2525 Philippis
1011 2451 1370 2506 emundavit.
1403 2452 1588 2521 (lhid.)

411 2549 496 2600 16.
523 2545 740 2600 Paulus
773 2549 832 2598 et
869 2543 1038 2615 Sylas
1082 2543 1141 2598 in
1191 2559 1488 2598 carcerem
1522 2543 1777 2614 conjecti
1828 2547 1969 2598 sunt

317 2635 620 2708 pedesque
640 2634 798 2706 ligno
820 2632 1170 2688 constrictos
1193 2630 1492 2685 habebant
1514 2649 1526 2686 :
1552 2631 1747 2686 media
1767 2638 1966 2686 autem

319 2730 493 2778 nocte
531 2727 906 2776 terremotus
934 2721 1124 2775 factus
1184 2725 1292 2786 est,
1353 2735 1678 2790 eorumque
1732 2720 1968 2776 vincula

319 2811 614 2867 dissoluta
644 2816 800 2866 sunt.
835 2810 1024 2877 (lbid.)

394 2904 479 2956 17.
515 2905 559 2958 Α
611 2918 856 2973 corpore
898 2899 1065 2955 Pauli
1096 2898 1444 2954 deferebant
1495 2899 1734 2956 sudaria
1791 2916 1970 2973 super

321 2989 596 3046 infirmos
653 3006 720 3045 ac
778 2988 1072 3044 daemonio
1147 2995 1407 3056 vexatos,
1471 2994 1528 3043 et
1584 2989 1966 3046 curabantur.

323 3077 470 3148 (Act.
503 3079 611 3147 19.)

400 3169 484 3221 18.
519 3166 738 3222 Paulus
776 3166 999 3222 Troade
1057 3167 1410 3238 Eutychum,
1467 3168 1567 3239 qui
1624 3184 1658 3223 a
1707 3167 1972 3224 fenestra

322 3255 627 3311 ceciderat
651 3261 709 3310 et
737 3261 1005 3311 mortuus
1037 3261 1180 3313 erat.
1214 3257 1508 3320 excitavit,
1528 3257 1735 3313 dicens
1765 3274 1777 3312 :
1827 3257 1966 3313 Ani-

321 3361 420 3400 ma
455 3343 585 3416 ejus
616 3344 677 3398 in
710 3344 837 3416 ipso
871 3351 978 3400 est.
1012 3347 1155 3416 (Act.
1191 3347 1306 3414 20.)

324 3441 327 3444 '
400 3434 488 3488 19.
517 3434 662 3489 Cum
695 3436 938 3490 Romam
981 3451 1183 3491 versus
1215 3436 1519 3509 navigaret
1548 3438 1787 3496 Paulus.
1817 3443 1967 3493 tem-

324 3519 614 3586 pestatem
649 3515 806 3585 passi
841 3521 979 3569 sunt
1011 3515 1137 3588 ipse
1171 3533 1498 3588 omnesque
1531 3518 1632 3587 qui
1683 3534 1815 3572 cum
1848 3519 1977 3590 ipso

325 3603 387 3659 in
416 3603 547 3658 navi
565 3610 752 3662 erant.
769 3604 1213 3674 quatuordecim
1229 3605 1355 3661 dies
1373 3623 1491 3661 una
1509 3623 1643 3663 cum
1670 3607 1978 3664 noctibus:

329 3692 608 3747 omnibus
637 3699 834 3748 autem
855 3709 983 3749 sese
998 3695 1294 3764 perituros
1308 3694 1754 3752 arbitrantibus.
1778 3702 1980 3752 astans

327 3781 611 3836 Dominus
644 3781 845 3848 Paulo,
894 3781 1043 3838 dixit
1095 3783 1194 3837 ei:
1232 3788 1477 3856 Propter
1537 3791 1592 3840 te
1648 3785 1742 3840 his
1799 3785 1978 3842 vitam

329 3871 591 3927 concedo
623 3878 681 3927 et
714 3872 928 3927 servati
963 3878 1120 3927 sunt.
1154 3873 1304 3940 (Act.
1327 3875 1443 3943 27.)

325 3948 330 3954 ’
398 3961 486 4015 20.
523 3962 807 4030 Egressus
840 3978 870 4016 e
903 3962 1034 4016 navi
1093 3962 1341 4018 Paulum
1387 3962 1589 4034 vipera
1635 3964 1977 4033 momordit,

332 4057 392 4108 et
419 4069 626 4107 omnes
654 4053 894 4123 quidem
925 4054 1370 4109 arbitrabantur
1399 4053 1569 4109 illum
1599 4057 1976 4123 moriturum,

329 4157 534 4197 verum
581 4158 717 4197 cum
776 4143 998 4199 illaesus
1057 4145 1506 4216 permansisset,
1566 4145 1983 4204 existimarunt

328 4231 524 4303 ipsum
555 4248 687 4288 esse
713 4233 895 4288 Deum
950 4238 1099 4296 (Act.
1135 4234 1248 4305 28.)

399 4321 488 4373 21.
527 4325 754 4375 Patrem
785 4322 980 4377 Publii
1013 4323 1072 4377 in
1104 4323 1302 4379 insula
1333 4324 1672 4395 dysenteria
1701 4324 1976 4382 laboran-

329 4412 449 4461 tem
483 4409 700 4464 Paulus
730 4411 1007 4466 manibus
1038 4412 1331 4482 impositis
1362 4413 1979 4487 sanavit,_multosque

335 4505 688 4572 aegrotantes
714 4503 956 4560 curavit.
992 4503 1179 4576 (Ιὸίἀ.)

2143 1824 2230 1898 ιβ’.
2275 1823 2364 1880 Ἐν
2425 1823 2632 1898 Κύπρῳ
2679 1823 3000 1895 ἐπετίμησεν
3059 1825 3087 1878 6
3147 1825 3362 1886 Παῦλος
3420 1829 3499 1896 τῷ
3558 1825 3713 1900 μάγῳ

1992 1939 2037 2003 Β
2069 1912 2299 1986 Ἐλύμᾳ,
2327 1913 2416 1968 καὶ
2449 1913 2659 1986 ἐγένετο
2689 1913 2897 1994 τυφλὸς
2926 1913 3084 1976 αὐτὸς
3117 1915 3144 1969 6
3181 1916 3373 1988 μάγος.

392 2015 473 2068 13.
510 2009 728 2066 Paulus
758 2008 978 2080 Lystris
1009 2023 1142 2062 eum
1177 2008 1277 2077 qui
1317 2024 1352 2063 a
1381 2007 1684 2062 nativitate
1712 2007 1960 2065 claudus
1995 2007 1998 2009 Α

2145 2009 2230 2078 ιγ’.
2267 2001 2486 2065 Παῦλος
2517 2003 2567 2058 έν
2625 2004 2890 2075 Λύστροις
2949 2002 3136 2078 χωλὸν
3194 2003 3254 2058 έκ
3308 2009 3527 2076 γενετῆς
3586 1999 3714 2058 ὅντα

2070 2091 2416 2166 ἐθεράπευσεν
2449 2091 2501 2147 έν
2533 2097 2612 2164 τῷ
2635 2092 2871 2164 Δὀνόματι
2902 2097 2998 2146 τοῦ
3031 2092 3256 2168 Κυρίου.
3649 2135 3654 2140 -

2148 2179 2234 2249 ιδ’,
2272 2183 2486 2246 Παῦλος
2517 2182 2623 2238 ἀπὸ
2656 2182 2915 2244 ὀπτασίας
2943 2182 3020 2245 εἰς
3054 2181 3391 2240 Μακεδονίαν
3411 2182 3641 2254 ἐκλήθη.
3701 2226 3703 2228 -

2145 2362 2223 2416 is‘.
2259 2358 2474 2422 Παῦλος
2504 2365 2735 2436 γυναῖκα
2765 2356 2997 2436 ἔχουσαν
3046 2359 3260 2432 πνεῦμα
3305 2363 3563 2426 Πύθωνος
3597 2360 3725 2416 έκα-

2075 2449 2286 2523 θάρισεν
2319 2449 2371 2504 έν
2405 2449 2734 2510 Φιλίπποις.

2150 2549 2232 2606 ις’.
2293 2539 2512 2602 Παῦλος
2565 2540 2656 2594 γαὶ
2709 2537 2890 2600 Σῦλας
2948 2539 3022 2601 εἷς
3085 2539 3333 2619 φυλακην
3401 2539 3724 2610 ἐκλέθησαν,

2075 2633 2161 2686 καὶ
2197 2629 2608 2708 ἠσφαλιμένους
2639 2629 2788 2704 εἶχον
2819 2627 2947 2690 τοὺς
2974 2627 3146 2691 πόδας
3189 2627 3238 2684 έν
3287 2633 3367 2700 τῷ
3427 2627 3596 2700 ξύλῳ.
3632 2629 3719 2685 Ἐν

2077 2718 2135 2775 δὲ
2160 2721 2238 2791 τῷ
2290 2719 2622 2792 μεσονυκτίῳ
2653 2718 2876 2790 σεισμὸς
2930 2718 3119 2793 γέγονε
3177 2719 3267 2773 καὶ
3323 2715 3490 2787 ἐλύθη
3547 2717 3722 2773 αὐτῶν

2072 2809 2140 2865 τὰ
2166 2805 2356 2881 δεσμὰ.

2152 2899 2232 2968 ιζ’.
2269 2899 2404 2953 Ἀπο
2432 2901 2529 2952 τοῦ
2588 2898 2808 2973 χρωτὸς
2869 2895 3088 2951 Παύλου
3147 2897 3397 2974 ἀνέφερον
3447 2894 3724 2969 σουδάμια

2076 2986 2162 3043 ἐπὶ
2195 2985 2320 3048 τοὺς
2380 2984 2728 3049 ἀσθενοῦντας
2787 2986 2878 3042 καὶ
2934 2983 3358 3059 δαιμονιῶντας,
3415 2986 3504 3042 καὶ
3539 2985 3724 3061 ἐθερα-

2077 3077 2328 3134 πεόοντο.

2156 3172 2242 3236 ιη’.
2277 3164 2492 3230 Παῦλος
2525 3165 2576 3221 έν
2610 3165 2832 3235 Τρωάδι
2877 3167 3103 3221 πεσόντα
3159 3162 3406 3241 Εὔτυχον
3469 3165 3573 3221 ἀπὸ
3623 3171 3727 3235 τῆς

2083 3253 2301 3330 θυρίδος
2335 3300 2350 3324 ,
2409 3256 2495 3310 καὶ
2555 3255 2892 3311 ἀποθανόντα
2955 3251 3149 3330 ἤγειρε
3206 3252 3407 3328 λέγων.
3461 3255 3524 3311 Ἥ
3573 3255 3729 3330 ψυχὴ

2082 3343 2247 3398 αὐτοῦ
2277 3342 2331 3399 ἓν
2363 3343 2510 3414 αὗτῷ
2542 3341 2702 3399 ἐστιν.

2156 3433 2236 3486 ιθ“.
2268 3437 2353 3493 Ὧς
2385 3427 2641 3486 ἔπλευσεν
2674 3429 2764 3486 ἐπὶ
2811 3429 3030 3504 Ῥώμην
3063 3432 3090 3486 ὁ
3123 3430 3361 3500 Παῦλος,
3396 3431 3734 3507 ἐχειμάσθη-

2088 3541 2182 3575 σαν
2213 3520 2370 3582 αὐτὸς
2399 3521 2489 3575 καὶ
2523 3521 2574 3574 οἱ
2609 3521 2724 3592 μετ’
2780 3519 2946 3576 αὐτοῦ
2979 3529 3170 3581 πάντες
3201 3520 3252 3574 οἱ
3285 3518 3336 3574 έν
3385 3525 3466 3590 τῷ
3527 3519 3734 3592 πλοίῳ,

2087 3612 2410 3684 νυχθήμερα
2460 3608 2834 3683 δεκατέσσαρα·
2922 3609 3136 3664 πάντων
3194 3605 3250 3665 δὲ
3305 3606 3736 3683 προσδοκώντων

2089 3701 2396 3767 ἀποθανεῖν,
2424 3698 2644 3760 ἐπιστὰς
2677 3700 2704 3754 6
2741 3698 2932 3772 Κύριος
2965 3701 3110 3754 εἶπεν
3169 3699 3342 3770 αῦτῷ-
3376 3701 3455 3768 τῷ
3512 3696 3738 3771 Παύλῳ,

2088 3787 2194 3854 ὅτι,
2227 3786 2324 3844 Διά
2350 3786 2407 3841 σὶ
2435 3785 2770 3862 κεχάρισμαι
2826 3785 3042 3846 τούτοις
3097 3785 3160 3839 τὸ
3213 3785 3329 3856 ζῆν,
3388 3784 3478 3839 καὶ
3537 3783 3740 3855 ἐσώθη-

2089 3897 2204 3930 σαν·

2159 3965 2224 4020 κ’.
2257 3962 2580 4034 Ἐξελθόντα
2620 3963 2712 4018 τὸν
2771 3960 2988 4018 Παῦλον
3049 3963 3154 4017 ἀπὸ
3205 3967 3303 4018 τοῦ
3359 3960 3560 4017 πλοίου
3618 3959 3736 4038 ἔχις

2089 4049 2271 4108 ἔδακεν
2325 4052 2424 4109 Καὶ
2457 4052 2507 4106 οἱ
2571 4052 2664 4124 μὶν
2723 4051 2917 4112 πάντες
2973 4049 3224 4123 ἐνόμιζον
3282 4049 3442 4106 αὐτὸν
3501 4049 3742 4124 γίνεσθαι

2089 4143 2294 4216 νεκρόν·
2328 4141 2401 4203 ὡς
2435 4138 2494 4196 δὲ
2537 4141 2750 4209 ἀπαθὴς
2781 4137 3012 4214 ἔμεινεν,
3071 4139 3328 4213 ἐνόμισαν
3389 4139 3550 4195 αὐτὸν
3603 4138 3741 4195 εἶναι

2091 4233 2220 4290 Θεόν
2231 4277 2245 4292 .

2160 4322 2260 4378 κα“.
2294 4321 2399 4376 Τὸν
2446 4319 2651 4393 πατέρα
2705 4323 2802 4374 τοῦ
2861 4318 3107 4374 Ποπλίου
3141 4318 3193 4374 έν
3247 4321 3316 4392 τῇ
3348 4318 3528 4388 νήσῳ,
3561 4314 3744 4373 δυσεν-

2086 4411 2238 4487 τερίᾳ
2298 4407 2691 4482 συνεχόμενον,
2755 4409 3144 4483 χειροθετήσας
3201 4405 3390 4460 ἰάσατο
3437 4407 3465 4462 6
3509 4403 3744 4476 Παῦλος,

2090 4502 2180 4558 καὶ
2210 4497 2420 4559 ἄλλους
2450 4495 2696 4559 ποΛλους
2729 4497 3086 4558 ἀσθενοῦντας
3117 4495 3495 4571 ἐθεράπευσεν.
