4098 6260
366 426 439 487 39
720 478 723 483 λ
1612 486 1615 489 .
1784 437 2021 502 PROLI

2129 440 2398 505 )MENA.
3662 508 3669 513 .
3729 408 3817 504 ω’

367 565 3044 597 .________________________________________

1688 743 1807 797 ΚΑΙ
1844 743 2101 812 ΑΛΛΩΣ,
2134 746 2481 800 ΥΗΗΘΕΣΙΣ

1025 879 1282 975 ΤΩΝ
1362 882 1969 979 ΠΡΑΞΕΩΝ
2051 883 2306 981 ΤΩΝ
2392 887 3164 986 ΑΠΟΣΤΟΛΩΝ

1598 1203 1816 1259 ῙΤΕΜ
1884 1204 1986 1259 ΕΤ
2048 1204 2265 1261 ALIO
2332 1206 2591 1262 MODO

832 1350 1755 1449 ARGUMENTUM
1803 1354 1939 1448 IN
1986 1354 2323 1450 ACTA
2375 1355 3347 1452 APOSTOLORUM.

415 1701 491 1760 El
520 1703 622 1760 καὶ
656 1703 903 1778 Πράξεις
932 1703 996 1758 τὸ
1030 1698 1249 1778 βιϐλίον
1308 1701 1698 1779 ἐπιγέγραπται
1743 1706 1852 1757 τῶν
1894 1702 2021 1759 ἀπο-

2210 1708 2555 1778 Ouanquam
2577 1706 2728 1761 liber
2746 1706 3067 1779 inscriptus
3093 1706 3171 1762 sit
3196 1705 3785 1789 Actaapostolorum'

350 1792 601 1863 στόλων,
647 1792 785 1849 ἀλλ’
820 1796 897 1857 ὡς
931 1793 1019 1849 ἐπὶ
1052 1795 1114 1850 τὸ
1140 1792 1283 1849 πολὺ
1315 1794 1412 1855 τὰς
1466 1798 1563 1849 τοῦ
1613 1792 1833 1849 ΙΙαύλου
1886 1814 2021 1868 περι‹

2143 1796 2519 1865 potissimum
2552 1802 2746 1851 tamea
2801 1797 2966 1851 Pauli
3022 1798 3287 1852 actiones
3331 1796 3787 1865 complectitur:

352 1885 497 1961 ἔχει,
535 1884 602 1946 ἇς
652 1884 750 1939 καὶ
809 1885 838 1939 6
896 1888 1108 1945 Λουκᾶς
1169 1879 1408 1958 ἀκριϐῶς
1466 1883 1741 1957 ἐγίνωσκε,
1802 1885 1894 1940 ἅτε
1941 1883 2021 1939 καῖ

2143 1886 2492 1954 quasetiam
2512 1886 2695 1941 Lucas
2717 1892 2918 1942 exacte
2951 1892 3211 1948 noverat.
3242 1891 3447 1957 utpote
3479 1886 3575 1955 qui
3610 1885 3789 1941 simul

356 1970 708 2047 συνέκδημος
742 1974 896 2045 αὗτῷ
929 1974 1165 2051 γεγονὼς
1208 1974 1297 2028 καὶ
1349 1970 1691 2045 ὁμοδίαιτος·
1742 1973 1834 2028 καὶ
1889 1972 2033 2029 πολ-

366 2062 490 2125 λοῖς
525 2064 683 2135 αὐτῷ
733 2069 854 2124 τοῖς
911 2063 1226 2138 ἀναγκαίοις
1280 2062 1777 2138 ὖπηρετησάμενος.
1835 2069 2030 2142 Ἀναγ-

369 2151 543 2213 καῖως
578 2150 637 2207 δὲ
668 2154 779 2207 ἀπὸ
836 2157 945 2207 τῶν
1006 2151 1195 2207 ἄλλων
1256 2152 1575 2208 ἀποστόλων
1634 2154 1835 2227 ἤρξατο
1893 2154 2029 2222 πρά-

378 2242 526 2311 ξεων.
559 2239 699 2298 Οὐδὲ
723 2243 826 2316 γὰρ
858 2243 924 2311 ἦν
954 2240 1145 2303 ἄλλως
1174 2244 1272 2311 τήν
1303 2243 1443 2297 κατὰ
1474 2242 1563 2296 τὸν
1601 2241 1821 2298 lla-3km
1856 2244 2028 2299 Ἰστο-

386 2330 503 2403 ρίαν
532 2326 852 2405 ἀκριᾶὒσαι,
908 2333 985 2405 μὴ
1048 2339 1148 2401 τῆς
1207 2337 1311 2386 τῶν
1368 2330 1691 2387 ἀποστόλων
1744 2343 2029 2405 προτεθει-

392 2421 573 2493 μὲνης.
614 2424 719 2475 Ποῦ
749 2421 850 2495 γὰρ
882 2421 945 2476 τὸ
976 2422 1082 2495 πρὸ
1112 2425 1208 2476 του⁸
1237 2419 1559 2496 προσελθεῖν
1591 2422 1671 2492 τῷ
1714 2420 2028 2496 κηρύγματι

385 2508 600 2565 Παῦλον
628 2509 780 2582 ὠμὸν
810 2509 975 2564 αὐτοῦ
1024 2511 1115 2565 καὶ
1174 2508 1439 2584 Θηριῶδες
1477 2531 1614 2586 προς
1669 2508 1797 2571 τοὺς
1850 2520 2031 2582 μαθη-

376 2599 472 2663 τὰς
529 2596 802 2678 διεφάνη;
861 2599 951 2655 καὶ
1011 2603 1045 2669 ἡ
1078 2601 1213 2675 πρὸς
1270 2601 1363 2655 τὸν
1421 2601 1637 2674 ἀνεψιὸν
1684 2600 1851 2656 αὐτοῦ
1900 2600 2028 2657 Στέ-

379 2710 546 2767 φανον
578 2688 663 2743 ἐπὶ
726 2693 795 2762 τῇ
855 2689 1124 2764 ἀναιρέσει
1174 2690 1371 2745 τούτου
1427 2689 1784 2762 συνευδοκίᾳ;
1843 2692 1934 2746 καὶ
1991 2693 2026 2759 ή

376 2776 792 2853 ἀπροσδόκητος
852 2778 1018 2834 αὐτοῦ
1075 2779 1272 2849 κλῆσις
1329 2780 1421 2835 καὶ
1501 2780 1802 2860 ἐπιστροφή
1890 2781 2028 2856 πρὸς

378 2870 504 2930 τοὺς
538 2866 914 2942 διωκομένους
942 2866 1077 2934 τέως
1106 2890 1120 2940 ;
1151 2871 1241 2926 καὶ
1274 2871 1303 2926 6
1331 2871 1464 2945 ὑπὶρ
1506 2874 1613 2925 τῶν
1678 2868 2030 2944 διωκομένων

378 2954 626 3018 κίνδυνος
655 2976 670 3025 ;
704 2956 742 3012 ἄ
767 2958 857 3013 καὶ
885 2958 1134 3028 ὐπέκνιζε
1192 2955 1280 3011 διὰ
1343 2957 1466 3032 βίου
1518 2958 1644 3019 τοὺς
1702 2954 2024 3027 Ἰουδαίους,

2143 1990 2277 2028 cum
2301 1990 2367 2027 eo
2391 1976 2799 2046 peregrinatus
2829 1975 3041 2041 fuerat,
3075 1991 3312 2047 unaque
3345 1976 3699 2035 convixerat.
3733 1964 3789 2029 et

2116 2051 2126 2057 ’
2144 2062 2202 2117 in
2222 2064 2427 2118 multis
2442 2064 2895 2119 necessitatibus
2910 2065 2960 2118 ei
2979 2065 3546 2119 subministraverat.
3565 2066 3785 2119 Neces-

2144 2153 2365 2207 sarium
2389 2159 2587 2207 autem
2624 2153 2733 2207 fuit
2762 2161 2827 2207 ut
2855 2153 2926 2209 ab
2959 2154 3210 2208 aliorum
3244 2153 3648 2224 apostolorum
3682 2157 3788 2207 Ac-

2141 2241 2404 2296 tionibus
2436 2242 2743 2313 inciperet.
2778 2245 2976 2313 Neque
3009 2243 3168 2298 enim
3201 2243 3374 2297 aliter
3402 2248 3604 2313 posset
3651 2241 3791 2299 dilis

2141 2338 2348 2403 genter
2377 2334 2541 2388 Pauli
2589 2334 2905 2389 Historiam
2964 2334 3263 2405 prosequi,
3318 2334 3433 2388 nisi
3481 2333 3788 2404 praemissa

2141 2421 2544 2491 apostolorum
2575 2424 2844 2478 Historia.
2896 2424 3201 2487 Quomodo
3261 2424 3422 2478 enim
3472 2423 3789 2478 manifesta

2143 2512 2314 2566 ﬁeret
2335 2512 2499 2566 Pauli
2524 2512 2845 2567 c'rudelitas
2864 2518 2921 2567 et
2946 2513 3147 2565 feritas
3170 2514 3517 2583 priusquam
3544 2513 3615 2566 ad
3634 2529 3786 2583 pras-

2142 2602 2500 2658 dicationem
2532 2603 2887 2659 accederet?
2922 2610 3024 2658 aut
3070 2620 3397 2658 consensus
3447 2604 3508 2657 in
3560 2603 3791 2659 cmdem

2140 2693 2372 2765 cognati
2407 2693 2517 2748 sibi
2551 2694 2879 2764 Stephani?
2910 2700 2968 2747 et
3000 2693 3311 2764 inopinata
3342 2692 3504 2747 illius
3535 2693 3784 2757 vocatio.

2140 2798 2207 2837 ac
2238 2781 2541 2837 conversio
2565 2782 2637 2837 ad
2670 2781 2827 2848 illos,
2861 2798 3009 2853 quos
3047 2781 3121 2836 ad
3161 2782 3220 2836 id
3267 2798 3456 2852 usque
3501 2782 3787 2852 temporis

2139 2868 2334 2924 fuerat
2362 2875 2709 2940 persecutus
2728 2868 2756 2923 ?
2787 2874 2845 2923 et
2875 2885 3156 2940 perpessa
3184 2886 3290 2939 pro
3323 2869 3395 2923 iis
3414 2868 3590 2923 rebus
3624 2869 3787 2940 peris

2139 2957 2273 3012 cula
2304 2973 2451 3028 quas
2480 2957 2644 3027 prius
2676 2956 3165 3027 persequebatur,
3190 2962 3249 3010 et
3278 2956 3493 3026 quibus
3525 2973 3785 3027 sequen-

380 3044 468 3098 καὶ
504 3043 792 3117 μανιωδῶς
823 3043 1022 3116 λυττᾷν
1071 3044 1220 3117 αὐτῷ
1264 3045 1677 3120 κατηνάγκαζεν.
1729 3044 1839 3099 Οὐκ
1884 3044 1943 3099 ἄν
1973 3065 2021 3098 τι

2141 3046 2214 3101 tis
2246 3046 2374 3100 vita:
2408 3051 2674 3116 tempore
2702 3045 2935 3100 .Iudaaos
2968 3045 3340 3116 provocabat.
3373 3051 3430 3099 et
3460 3044 3532 3099 ad
3556 3044 3782 3100 rabiem

380 3134 587 3188 τούτων
620 3137 758 3209 ἡμῖν
786 3130 1045 3212 ἔγνωστο,
1102 3136 1177 3207 μή
1227 3140 1327 3203 τῆς
1372 3134 1479 3188 τῶν
1528 3134 1850 3189 ἀποστόλων
1894 3154 2029 3208 προ-

379 3216 661 3290 λαϐούσης
717 3222 1004 3295 Ἱστορίας.
1059 3220 1283 3284 Ἄλλως
1345 3242 1405 3277 τε
1461 3222 1549 3277 καὶ
1611 3222 1659 3276 εἲ
1714 3224 1805 3277 ἀπ’
1862 3223 2029 3278 αὐτοῦ

386 3312 586 3383 ἤρξατο
645 3311 881 3377 Παύλου,
941 3312 1153 3373 πάντως
1202 3311 1419 3389 ἀνάγκη
1500 3312 1807 3386 χρήσασθαι
1891 3332 2027 3387 παρ-

390 3394 621 3471 εκϐάσει,
653 3401 785 3472 πρὸς
817 3402 880 3457 τὸ
912 3397 1118 3471 διδάξαι
1147 3401 1215 3456 τὰ
1245 3399 1326 3455 ἐπ’
1370 3401 1525 3473 αότῷ
1572 3396 1872 3473 συμϐάντα.
1924 3400 2027 3459 Καὶ

385 3491 741 3557 οὔτωςοτῆς
802 3489 1113 3567 διηγήσεως
1165 3490 1484 3546 ἀνεκόπτετο
1542 3487 1732 3567 λόγος,
1790 3475 2029 3553 πολλοῖς

380 3579 879 3654 ἐπισορτιζόμενος.
937 3584 1030 3635 Ὧν
1088 3578 1262 3647 ἐκτὸς,
1348 3576 1499 3635 οὐδὲν
1558 3580 1625 3649 ἦν
1684 3580 1847 3656 σαφὲς
1901 3578 2025 3655 περὶ

376 3669 595 3726 Παύλου
627 3668 947 3747 λεγόμενον.
983 3671 1074 3726 Ἴν⁹
1106 3670 1198 3725 οὗν
1228 3670 1556 3726 εὐσύνοπτον
1599 3671 1689 3724 καὶ
1740 3670 2022 3749 ἀνεπαχθῆ

376 3761 466 3815 τὸν
499 3761 625 3834 περὶ
660 3760 832 3815 αὐτοῦ
859 3762 1159 3830 ποιήσηται
1191 3758 1383 3834 λόγον,
1414 3759 1615 3831 ἤρξατο
1651 3760 1746 3831 μὲν
1792 3759 1899 3815 ἀπὸ
1926 3764 2023 3816 τοῦ

376 3854 561 3905 κοινοῦ
589 3853 687 3904 τοῦ
717 3849 841 3923 περί
871 3854 979 3904 τῶν
1004 3846 1325 3904 ἀποστόλων
1356 3846 1552 3926 λόγου.
1586 3850 1735 3906 Ἐπεὶ
1785 3846 1842 3905 εὶ
1888 3869 2022 3922 προ-

374 3940 526 4019 ήχθη
561 3938 639 4000 εἰς
670 3939 761 3993 τὸν
793 3939 915 4014 περῖ
947 3942 1043 3994 τοῦ
1078 3935 1320 4003 Παύλου,
1367 3940 1552 4015 γέγονε
1596 3940 1659 3994 τὸ
1707 3938 1813 3994 ἀπὸ
1865 3934 2023 4013 τοῦδε

374 4028 566 4084 ἑαυτοῦ
600 4030 629 4083 6
664 4033 873 4089 Λουκᾶς
914 4031 1142 4097 σκοποῦ,
1201 4028 1291 4083 καὶ
1348 4027 1440 4083 τὸν
1485 4028 1606 4102 περὶ
1665 4031 1772 4083 τῶν
1832 4024 2018 4101 ἃλλων

376 4119 525 4187 ἀφεὶς
559 4117 749 4192 λόγον,
781 4114 965 4192 ἔχεται
1001 4118 1168 4192 μόνου
1196 4117 1293 4173 τοῦ
1325 4116 1375 4190 ἐξ
1405 4116 1607 4192 ἀρχῆς.
1663 4118 1779 4175 Οὐκ
1823 4115 2022 4193 ἔγραψε

375 4204 429 4262 δί
457 4208 546 4261 καὶ
578 4208 641 4262 τὸ
672 4205 829 4269 τέλος
891 4205 1135 4274 Παύλου,
1170 4209 1259 4263 καί
1308 4212 1407 4276 τὴν
1455 4204 1516 4261 ἐκ
1558 4204 1808 4281 δευτέρου
1852 4206 2020 4279 αὐτου

376 4298 509 4371 πρὸς
540 4298 763 4371 Νέρωνα
791 4296 1113 4374 ἀπαγωγὴν,
1142 4297 1321 4352 καίτοι
1354 4302 1517 4366 συνῆν
1564 4296 1655 4352 καὶ
1707 4296 1830 4353 τότε
1876 4296 2019 4371 ﬂaui-5

373 4382 476 4458 λῳ,
534 4386 703 4440 αὐτοῦ
759 4385 1060 4462 γράφοντος
1110 4385 1352 4447 Παύλου.
1409 4385 1514 4455 ὃτι,
1548 4409 1576 4438 ‹‹
1638 4392 1846 4448 Λουκᾶς
1904 4385 2089 4484 ἐστιο

380 4476 540 4545 μόνος
577 4480 691 4547 μετ’
722 4474 909 4535 αὐτοῦ.
942 4499 968 4525 ν
999 4477 1033 4543 ἢ
1066 4474 1150 4531 ὅτι
1182 4475 1243 4531 οὐ
1265 4472 1727 4551 προῦκειτοναύτῷ
1752 4476 2011 4551 Ἱστορίαν

377 4560 443 4619 δι’
472 4564 611 4620 ὅλου
642 4570 845 4633 πονεῖν,
878 4562 1003 4621 αλλ’
1030 4564 1153 4622 ὅσον
1193 4567 1355 4638 μόνον
1388 4563 1714 4636 ἐνδείξασθαι
1748 4568 1846 4636 τὴν
1878 4566 2014 4641 πρὸς

376 4655 461 4710 τὸν
493 4654 730 4727 Χριστὸν
761 4655 930 4711 αὐτοῦ
960 4656 1344 4731 προσαγωγὴν,
1376 4654 1467 4712 καὶ
1517 4657 1617 4710 ἀσα
1665 4657 2010 4735 κατήπειγεν,

372 4746 438 4802 Ἰ]
472 4745 573 4801 οὐκ
596 4743 727 4825 ἔσχε
756 4745 944 4820 καιρὸν
1002 4746 1138 4819 πρὸς
1196 4745 1258 4802 τό
1319 4744 1482 4821 πὲρας
1541 4746 1803 4802 ἰπιθεῖναι
1853 4749 1921 4819 τῇ
1963 4745 2012 4817 ἐξ

376 4834 555 4910 ἀρχῆς
595 4833 865 4908 προθὶσει.
930 4833 1109 4896 Πολὺς
1162 4835 1263 4909 γὰρ
1322 4834 1351 4890 6
1398 4833 1544 4905 παρὰ
1602 4838 1709 4891 τῶν
1766 4831 2012 4890 διωκτῶν

372 4922 713 4996 ἰπικείμενος
762 4929 879 4985 τοῖς
937 4926 1033 4979 τοῦ
1090 4924 1289 4997 Κυρίου
1344 4924 1463 4981 κατ’
1513 4924 1691 5003 ἀρχὰς
1746 4922 2012 5000 τάραχος.

369 5012 547 5070 Elui
577 5016 687 5067 τῶν
716 5010 1037 5069 ἀποστόλων
1097 5009 1154 5067 δὶ
1210 5013 1329 5068 κατ’
1380 5012 1557 5088 ἀρχὰς
1614 5011 2014 5088 ἑπαγγέλλεται

367 5102 427 5156 τὸ
448 5101 622 5175 παρὸν
654 5095 874 5176 βιϐλίον
904 5102 1190 5170 ἱστορῆσαι
1220 5102 1315 5163 τὰς
1350 5102 1598 5175 Πράξεις,
1622 5102 1696 5164 ὡς
1721 5101 1828 5157 ἂνω
1849 5102 2014 5176 ἐμνή-

368 5202 592 5263 σθημεν,
661 5188 806 5245 ἀλλά
872 5194 970 5246 τοῦ
1024 5190 1197 5268 ἁγίου,
1269 5190 1615 5263 Πνεῦματος,
1692 5190 2013 5269 σαφέστερον

367 5278 519 5353 ίρεῖν,
553 5281 606 5336 ἐν
637 5280 815 5353 το·5τῳ
844 5278 1211 5359 περιέχονται.
1240 5281 1395 5351 Ἀμα
1424 5281 1528 5357 γὰρ
1573 5284 1653 5352 τῷ
1708 5278 2010 5355 ἐνδημῆσαι

366 5376 478 5432 τοῖς
507 5368 862 5437 ἀποστόλαις,
896 5368 999 5424 ὅσα
1028 5364 1096 5423 δι’
1128 5367 1304 5424 αὐτῶν
1335 5366 1613 5443 παράδοξα
1662 5368 2011 5447 ἐπετελέσθη,

363 5456 448 5516 διὰ
474 5463 571 5515 τοῦ
604 5453 828 5535 βιϐλίου
865 5457 1089 5514 τούτου
1126 5460 1492 5533 γινώσκομεν,
1548 5464 1645 5515 τοῦ
1696 5459 2013 5534 Πνεύματος

363 5545 574 5619 δηλαδή
604 5545 673 5604 δι’
708 5547 888 5604 αὐτῶν
916 5550 1087 5603 ταῦτα
1140 5550 1451 5610 ποιοῦντος.
1514 5545 1695 5606 Ἀλλὰ
1750 5548 1844 5604 καὶ
1899 5553 2009 5621 τῶν

432 5719 456 5755 ⁶
479 5721 531 5780 Π
551 5720 696 5782 Tim.
725 5735 801 5791 ιν,
836 5718 924 5777 Η.

2137 3151 2324 3205 usque
2339 3135 2600 3189 insanire
2618 3135 2900 3206 cogebat?
2921 3137 3301 3204 Nequaquam
3317 3150 3385 3188 ex
3403 3134 3494 3187 his
3510 3134 3781 3205 cognitus

2136 3224 2307 3279 nobis
2341 3230 2496 3279 esset
2527 3223 2767 3289 Paulus,
2814 3224 2927 3278 nisi
2973 3223 3337 3295 praecederet
3374 3222 3779 3293 apostolorum

2136 3314 2391 3369 Historia
2419 3316 2713 3369 Praeterea
2730 3329 2964 3384 quoque
2984 3314 3031 3367 si
3046 3312 3117 3367 ab
3133 3313 3259 3383 ipso
3282 3312 3557 3383 coepisset
3574 3313 3779 3381 Paulo,

2133 3403 2379 3458 omnino
2403 3392 2767 3475 digressione
2792 3402 2877 3457 uti
2908 3418 3150 3457 necesse
3166 3401 3422 3469 esset,ad
3446 3400 3781 3458 docendum

2134 3513 2203 3552 ea
2234 3513 2364 3567 quas
2397 3496 2554 3551 circa
2584 3496 2776 3567 ipsum
2800 3496 3196 3567 contigerant:
3224 3500 3281 3549 et
3303 3495 3385 3550 ita
3412 3494 3773 3549 narrationis

2132 3570 2705 3657 tenorimpediretur
2718 3602 2931 3656 nempe
2944 3603 2969 3636 η
2982 3584 3491 3639 .ultaincludendo
3510 3584 3637 3638 sine
3652 3584 3776 3654 qui-

2131 3675 2241 3731 bus
2263 3674 2415 3728 nihil
2437 3674 2595 3744 quod
2619 3674 2690 3729 de
2720 3674 2900 3728 Paulo
2919 3674 3236 3739 diceretur,
3270 3679 3466 3744 posset
3488 3689 3618 3727 esse
3649 3688 3773 3728 ma-

2129 3766 2431 3821 nifestum.
2462 3767 2535 3821 Ut
2558 3764 2921 3837 igiturt‘acile
2946 3762 3379 3835 intelligibilrm
3404 3780 3470 3818 ac
3502 3763 3777 3819 molestia

2129 3862 2430 3911 carentem
2463 3855 2638 3909 faciat
2662 3854 2735 3909 de
2766 3854 2947 3909 Paulo
2980 3869 3339 3919 sermonem,
3362 3852 3539 3923 ccepit
3558 3868 3591 3906 a
3611 3868 3774 3906 com-

2127 3945 2292 4000 muni
2326 3945 2397 3999 de
2428 3944 2713 4015 apostolis
2745 3960 3039 3998 sermone.
3074 3944 3392 4013 Postquam
3449 3946 3647 3997 autem
3695 3940 3772 3997 ad

2128 4050 2262 4089 cum
2285 4034 2385 4105 qui
2418 4034 2490 4089 de
2520 4033 2702 4088 Paulo
2737 4039 2861 4088 erat
2890 4034 3213 4105 perductus
3244 4038 3352 4087 est.
3379 4033 3507 4103 jam
3539 4048 3607 4086 ex
3656 4032 3770 4086 hoc

2128 4123 2201 4178 ad
2222 4123 2518 4177 intentum
2542 4122 2652 4175 sibi
2676 4138 2920 4193 scapum
2944 4122 3126 4177 Lucas
3148 4121 3435 4192 pervenit,
3461 4126 3536 4179 et.
3563 4119 3769 4175 relicto

2127 4211 2199 4268 de
2231 4212 2456 4267 caeteris
2487 4225 2779 4265 sermone.
2818 4209 2927 4263 soli
2959 4209 3045 4263 illi
3077 4210 3263 4262 haeret
3292 4224 3468 4277 quem
3501 4207 3574 4261 ab
3597 4207 3769 4263 initio

2127 4301 2483 4357 intenderat.
2520 4302 2643 4355 Non
2678 4305 2875 4353 autem
2909 4298 3149 4367 scripsit
3171 4296 3259 4351 vel
3293 4295 3457 4351 Pauli
3517 4301 3769 4353 mortem

2126 4392 2219 4446 vel
2240 4391 2559 4447 secundam
2586 4390 2774 4462 ipsius
2795 4388 2949 4460 apud
2975 4389 3265 4442 Neronem
3296 4384 3767 4441 accusationem:

2127 4479 2291 4552 atqui
2322 4479 2499 4533 etiam
2524 4484 2663 4532 tunc
2685 4494 2819 4532 cum
2846 4476 3021 4532 Paulo
3054 4481 3200 4540 erat,
3230 4490 3361 4529 cum
3398 4473 3614 4527 Paulus
3644 4473 3770 4543 ipse

2122 4570 2409 4625 scriberet
2442 4590 2467 4617 ‹‹
2500 4567 2693 4622 solum
2728 4568 2938 4621 Lucam
2973 4581 3103 4620 cum
3139 4580 3206 4617 eo
3242 4578 3367 4617 esse
3389 4563 3443 4628 ⁸;
3473 4586 3497 4608 »ι
3521 4562 3769 4632 velquia

2122 4660 2425 4715 decretum
2458 4657 2570 4728 ipsi
2601 4672 2721 4711 non
2752 4662 2877 4709 erat
2908 4654 3222 4709 Historiam
3253 4651 3326 4706 ad
3365 4650 3545 4707 finem
3578 4650 3769 4705 dedu-

2121 4765 2274 4813 cere,
2300 4747 2403 4802 sed
2430 4747 2621 4801 solum
2647 4744 2959 4799 ostendere
2981 4757 3283 4797 accessum
3310 4742 3438 4811 ejus
3470 4740 3543 4796 ad
3598 4742 3764 4799 Chri-

2122 4844 2298 4901 stum.
2334 4841 2392 4890 et
2421 4840 2705 4906 quantum
2729 4832 2995 4888 laborum
3030 4831 3377 4901 susceperit.
3408 4831 3500 4885 vel
3532 4836 3765 4902 tempus

2119 4943 2241 4982 non
2260 4930 2349 4979 est
2368 4924 2567 4979 datum
2587 4928 2653 4977 ut
2674 4922 2856 4977 finem
2874 4922 3211 4993 imponeret
3243 4925 3589 4994 argumento
3609 4918 3767 4991 quod

2120 5015 2192 5069 ab
2224 5015 2393 5069 initio
2426 5017 2796 5083 conceperat.
2851 5010 3031 5065 Multa
3083 5026 3340 5081 namque
3391 5008 3648 5064 turbatio
3707 5008 3767 5064 et

2120 5104 2363 5162 afﬂictio
2387 5107 2513 5157 erat
2534 5117 2665 5171 quin
2689 5102 2843 5155 inter
2864 5100 3157 5172 principia
3180 5098 3486 5170 discipulis
3504 5099 3762 5168 Domini,

2118 5212 2153 5252 a
2184 5190 2664 5268 persecutdribus
2686 5188 3417 5261 imminebat.Quanquam
3439 5194 3637 5244 autem
3653 5190 3760 5244 cir-

2119 5301 2186 5342 ca
2213 5281 2539 5356 primordia
2562 5281 2857 5353 promittit
2878 5296 3140 5352 praesens
3163 5280 3313 5334 liber
3354 5280 3758 5334 narrationem

2115 5370 2923 5445 Actionumapostolicarum.
2949 5370 3125 5424 veluti
3152 5368 3763 5441 suprameminimus;

2115 5468 2185 5520 ut
2237 5466 2438 5517 tamen
2489 5449 2888 5516 imanifestius
2946 5458 3197 5519 dicatur.
3255 5459 3443 5514 sancti
3512 5458 3763 5529 Spiritus

2113 5556 2260 5610 Acta
2286 5552 2349 5607 in
2387 5551 2500 5607 hoc
2529 5550 2931 5607 continentur.
2965 5549 3111 5605 Nam
3142 5548 3321 5606 simul
3352 5554 3419 5605 ut
3451 5546 3755 5621 apostolis,
