4098 6260
283 305 358 363 35
1409 289 1835 358 (ΕΟΠΜΕΝῙΙ
1881 291 2053 356 TRIC

2122 290 2185 354 Ε
2222 289 2573 354 EPISCOPI
3621 291 3702 353 86

1671 591 2319 687 ΚΕΦΑΛΑΙΑ

492 803 840 930 ΤΩΝ
949 797 1771 928 ΠΡΑΞΕΩΝ
1876 797 2223 946 ΤΩΝ
2336 783 3475 931 ΑΠΟΣΤΟΛΩΝ.

1125 1144 1129 1148 ’
1191 1139 1785 1236 ACTORUM
1851 1137 2778 1236 APOSTOLOBUM

1918 1317 2200 1375 CAPlTA.

288 1587 336 1640 1.
367 1583 442 1638 De
462 1583 719 1636 doctrina
750 1579 974 1648 Christi,
1007 1594 1136 1649 quae
1189 1581 1300 1648 fuit
1346 1595 1381 1633 a
1434 1581 1835 1634 resurrectione
1886 1584 1939 1632 et

2122 1577 2187 1633 α’.
2243 1577 2374 1650 Περὶ
2460 1579 2562 1646 τῆς
2645 1577 3041 1648 ἐξαναστάσεως
3126 1581 3480 1651 διδασκαλίας
3560 1591 3696 1668 Χρι-

432 1673 782 1742 apparitione
829 1671 903 1724 ad
959 1669 1258 1740 discipulos
1317 1675 1371 1724 et
1449 1669 1516 1724 de
1575 1670 1940 1740 promissione

428 1763 610 1816 sancti
630 1761 895 1829 Spiritus,
928 1759 993 1813 de
1023 1761 1140 1814 visa
1181 1759 1386 1814 Christi
1441 1759 1831 1829 assumptione,
1889 1765 1939 1813 et

431 1851 498 1905 de
531 1850 770 1918 glorioso
799 1849 918 1918 ejus
945 1848 1181 1904 secundo
1211 1848 1475 1904 adventu.

286 2125 339 2175 2.
373 2122 525 2176 Petri
555 2122 742 2175 concio
776 2121 850 2174 ad
874 2136 959 2175 eos
991 2121 1186 2190 quibus
1232 2125 1424 2174 notum
1472 2125 1592 2174 erat
1644 2118 1710 2173 de
1764 2123 1940 2172 morte

430 2215 482 2264 et
513 2209 826 2280 apostolatu
855 2211 1019 2265 Judz
1041 2210 1344 2279 proditoris
1378 2225 1392 2275 ;
1449 2209 1508 2262 in
1538 2223 1647 2277 quo
1675 2213 1942 2261 narratur

429 2301 596 2354 etiam
620 2301 686 2353 de
713 2298 938 2355 Mathiae
959 2298 1370 2356 substitutione,
1390 2299 1489 2367 qui
1515 2313 1616 2368 per
1635 2298 1939 2351 orationem

425 2391 651 2444 sortitus
681 2395 758 2442 est
788 2389 1154 2457 apostolatum
1183 2389 1367 2456 gratia
1398 2387 1511 2442 Dei.

285 2478 336 2532 3.
371 2477 444 2531 De
465 2477 646 2531 divini
673 2466 915 2546 Spiritus
948 2478 1127 2530 sancti
1172 2477 1592 2546 superventione
1649 2474 1737 2529 die
1784 2476 1936 2528 Pen-

425 2570 617 2620 tecoste
647 2567 800 2631 facta
828 2580 992 2634 super
1043 2581 1129 2619 eos
1187 2564 1287 2635 qui
1317 2565 1686 2627 crediderant,
1718 2565 1776 2617 in
1830 2578 1937 2632 quo

425 2657 589 2709 etiam
625 2654 788 2717 ,Petri
852 2655 1111 2708 doctrina
1176 2672 1203 2708 e
1255 2655 1540 2724 prophetis
1598 2655 1933 2718 continetur,

430 2761 623 2814 nempe
653 2743 718 2797 de
739 2745 1014 2813 passione,
1047 2742 1468 2798 ressurrectione
1494 2750 1548 2797 et
1567 2743 1938 2811 assumptione

430 2833 660 2896 Christi,
696 2833 951 2901 donoque
999 2833 1243 2901 Spiritus
1271 2836 1447 2886 sancti
1477 2847 1494 2886 :
1525 2832 1591 2886 de
1617 2831 1724 2900 ﬁde
1749 2845 1935 2884 eorum

431 2923 528 2991 qui
551 2929 853 2990 praesentes
882 2927 1041 2975 erant
1082 2937 1187 2990 per
1217 2921 1528 2991 baptisma,
1563 2920 1630 2974 de
1676 2934 1936 2979 consensu

425 3013 487 3066 in
518 3027 860 3066 communem
888 3012 1212 3079 utilitatem,
1245 3018 1297 3067 et
1327 3012 1672 3082 oppositione
1706 3008 1934 3065 creden-

423 3102 576 3155 tium.

280 3369 333 3422 4.
367 3370 445 3424 De
473 3367 661 3423 claudi
692 3385 725 3422 a
755 3369 1046 3424 nativitate
1088 3383 1224 3423 cura
1264 3366 1469 3422 Christi
1521 3369 1728 3422 virtute
1754 3367 1929 3434 facta,

423 3457 700 3527 eiectaque
730 3459 883 3512 Petri
912 3457 1280 3513 instructione
1307 3460 1367 3511 in
1397 3473 1507 3527 qua
1537 3472 1648 3512 sese
1667 3457 1929 3522 demittit,

424 3555 478 3604 et
525 3549 817 3604 consilium
875 3549 948 3603 ad
993 3549 1216 3603 illorum
1265 3547 1498 3603 salutem
1555 3547 1830 3602 adducit:
1875 3547 1933 3600 in

419 3653 528 3708 quo
558 3639 724 3693 etiam
763 3638 1020 3694 subditur
1035 3637 1368 3708 pontiﬁcum
1398 3636 1800 3692 animadversio
1820 3634 1933 3689 zelo

417 3726 535 3794 ejus
563 3727 712 3796 quod
737 3728 952 3794 factum
1007 3733 1148 3795 erat,
1181 3731 1233 3781 et
1261 3725 1327 3781 de
1374 3723 1651 3781 miraculo
1685 3724 1933 3780 decerta-

424 3817 524 3869 tio.

283 3906 334 3956 5.
358 3904 434 3957 De
463 3903 761 3959 incredulis
777 3904 1136 3975 pontiﬁcibus
1167 3903 1268 3975 qui
1287 3904 1562 3974 jubebant
1613 3919 1680 3957 ne
1732 3904 1791 3956 in
1827 3916 1932 3956 no-

423 3995 570 4048 mine
601 3995 806 4050 Christi
852 3995 1045 4064 pulam
1095 3996 1470 4064 loquerentur,
1503 4000 1554 4049 et
1582 3993 1928 4058 redintegra-

423 4084 573 4138 tione
630 4085 1073 4153 apostolorum
1158 4085 1226 4140 de
1282 4083 1531 4140 Ecclesia
1617 4081 1933 4152 gratiarum

422 4176 638 4228 actione
663 4175 728 4228 ob
762 4173 916 4244 ﬁdei
973 4176 1350 4244 apostolorum
1395 4173 1768 4229 constantiam
1801 4187 1820 4227 :
1867 4171 1933 4226 de

417 4265 790 4318 unanimitate
818 4270 872 4319 et
919 4264 1224 4320 universali
1274 4263 1650 4319 communione
1704 4261 1931 4316 creden~

421 4354 579 4408 tium.
611 4354 676 4408 In
708 4369 815 4423 quo
845 4356 1012 4408 etiam
1028 4354 1096 4407 de
1123 4351 1352 4409 Anania
1381 4358 1432 4407 et
1460 4351 1762 4422 Sapphira,
1787 4366 1934 4406 acer-

423 4439 598 4512 baque
627 4457 813 4496 eorum
842 4447 1034 4512 morte,
1067 4443 1403 4496 continetur.

281 4621 334 4672 6.
389 4618 680 4688 Apostolos
737 4621 947 4675 carceri
1009 4620 1240 4691 injectos
1308 4619 1535 4688 angelus
1621 4618 1727 4674 Dei
1781 4622 1936 4672 nocte

421 4707 634 4772 eduxit,
667 4725 855 4764 curam
887 4709 1109 4765 tradens
1139 4715 1201 4763 ut
1249 4708 1315 4762 ob
1373 4707 1586 4762 nullam
1633 4707 1934 4762 obstantem

415 4795 851 4865 prohibitionem
882 4805 1148 4854 cessarent
1179 4815 1213 4852 a
1238 4798 1635 4868 praedicatione
1690 4798 1838 4861 Iesu,
1871 4798 1931 4850 in

419 4901 527 4954 quo
549 4887 724 4959 etiam
754 4887 986 4941 habetur
1015 4887 1163 4957 quod
1180 4893 1375 4957 postea
1397 4889 1686 4958 pantiﬁces
1707 4901 1930 4941 rursum

422 4973 572 5043 ipsos
600 4975 1134 5044 eomprehendentes,
1186 4984 1484 5047 postquam
1531 4978 1816 5046 jusserunt
1864 4990 1932 5030 ne

423 5062 663 5132 amplius
685 5064 959 5126 docerent.
985 5081 1144 5120 caesos
1175 5063 1853 5121 dimiserunt.Gamalielis
1868 5063 1934 5117 de

424 5155 686 5222 apostolis
715 5157 984 5209 sententia
1009 5157 1392 5224 persuasibilis
1444 5172 1558 5209 una
1596 5172 1718 5210 cum
1750 5170 1930 5209 exem-

421 5243 531 5311 plis
560 5244 842 5298 nonnullis
863 5261 925 5299 ac
947 5247 1286 5299 evidentibus
1310 5244 1752 5314 probationibus.

269 5333 331 5404 ,7.
368 5331 438 5385 De
469 5333 734 5405 electione
770 5341 979 5405 septem
1009 5335 1395 5390 diaconorum.

277 5419 677 5478 8.Judaeorum
706 5426 1031 5480 insurrectio
1061 5431 1113 5479 et
1169 5422 1452 5480 calumnia
1504 5424 1760 5479 adversus
1816 5423 1932 5479 Ste-

416 5508 696 5581 phanum,
728 5515 955 5585 ejusque
984 5516 1172 5569 concio
1211 5513 1276 5568 de
1308 5515 1407 5569 Dei
1463 5527 1599 5583 erga
1645 5513 1935 5568 Abraham
2033 5499 2042 5512 ’

428 5605 773 5672 testamento,
805 5609 857 5658 et
892 5603 961 5658 de
989 5602 1277 5658 duodecim
1323 5600 1707 5674 patriarchis:
1743 5600 1806 5656 in
1827 5617 1936 5674 quo

2261 1669 2411 1738 στοῦ,
2465 1668 2556 1723 καὶ
2614 1669 2871 1735 ὀπτασίας
2929 1675 3065 1748 πρὸς
3121 1675 3250 1738 τοὺς
3284 1679 3551 1751 μαθητὰς,
3603 1682 3694 1736 καὶ

2259 1755 2385 1842 περὶ
2442 1754 2772 1835 ἐπαγγελίας
2838 1769 2938 1830 τῆς
2994 1768 3092 1818 τοῦ
3165 1765 3321 1840 ἀγίου
3379 1769 3694 1842 Ηνεύματος

2264 1839 2492 1918 δωρεᾶς,
2521 1845 2642 1909 θέας
2697 1871 2754 1904 τε
2811 1852 2902 1905 καί
2956 1853 3164 1927 τρόπου
3214 1839 3320 1920 τῆς
3370 1839 3697 1932 ἀναλήψεως

2259 1936 2357 1986 τοῦ
2387 1935 2656 2008 Χριστοῦ,
2687 1937 2778 1992 καὶ
2835 1940 2961 2013 περὶ
3021 1948 3122 2012 τῆς
3176 1941 3390 2014 ἐνδόξου
3427 1946 3518 2000 καὶ
3577 1943 3699 2002 δευ-

2259 2019 2419 2095 τέρας
2447 2023 2613 2078 αὐτοῦ
2645 2028 2966 2101 παρουσίας.

2122 2107 2189 2180 β’.
2252 2111 2462 2184 Ηὲτρου
2520 2108 2785 2190 διάλογος
2847 2117 2985 2190 πρὸς
3054 2118 3181 2180 τοὺς
3265 2121 3696 2194 μαθητευθέντας

2264 2199 2389 2272 περὶ
2423 2200 2650 2263 θανάτου
2681 2203 2772 2258 καὶ
2805 2204 3122 2277 ἀποστολῆς
3173 2207 3355 2266 Ἰούδα
3409 2215 3505 2266 τοῦ
3554 2234 3692 2287 προ-

2264 2285 2447 2377 δότουο
2529 2291 2582 2346 ὲν
2643 2291 2688 2365 ᾦ
2755 2296 2878 2370 περὶ
2957 2297 3364 2377 ἀντεισαγωγῆς
3447 2285 3694 2359 Ματθίου

2263 2376 2642 2470 κληρωθέντος
2676 2383 2861 2458 χάριτι
2894 2391 3027 2441 Θεοῦ
3059 2384 3148 2443 διὰ
3177 2376 3512 2470 προσευχῆς.

2120 2467 2188 2543 γ’.
2248 2467 2382 2542 Ηερὶ
2437 2470 2582 2560 θείας
2639 2476 2736 2527 τοῦ
2785 2475 2944 2551 ἁγίου
3029 2467 3694 2560 Ηνεύματοςίὲπιφοιτή-

2261 2577 2396 2618 σεως
2454 2557 2505 2612 ἐν
2565 2560 2748 2636 ἡμέρᾳ
2804 2567 3181 2634 Ηεντηκοστῆς
3248 2557 3540 2644 γενομένης
3604 2571 3692 2634 ιεῖς

2259 2645 2386 2707 τοὺς
2435 2650 2847 2719 πιστεύσαντας,
2906 2651 2958 2706 ἐν
3015 2655 3061 2726 ᾦ
3120 2656 3331 2731 Πέτρου
3384 2661 3694 2735 κατήχησις

2257 2735 2381 2808 περὶ
2413 2737 2607 2791 τούτου
2666 2737 2726 2794 ἐκ
2783 2745 2891 2794 τῶν
2946 2749 3263 2820 προφητῶν,
3323 2747 3446 2820 περὶ
3486 2751 3693 2812 πάθους

2258 2823 2349 2877 καὶ
2429 2825 2767 2891 ἀναστάσεως
2840 2831 2931 2885 καὶ
3011 2832 3338 2906 ἀναλήψεως
3427 2842 3686 2911 Χριστοῦ,

2259 2912 2464 2986 δωρεᾶς
2521 2937 2580 2970 τε
2634 2921 2731 2972 τοῦ
2790 2919 2949 2995 ἁγίου
3028 2921 3365 2996 Ηνεύματος·
3417 2926 3541 2999 περὶ
3598 2927 3693 2983 πί-

2259 3021 2424 3063 στεως
2477 3009 2584 3059 τῶν
2631 3008 2934 3080 παρόντων,
2988 3010 3081 3065 καὶ
3131 3019 3232 3081 τῆς
3293 3009 3381 3068 διὰ
3437 3019 3534 3070 τοῦ
3586 3018 3689 3092 βα-

2255 3093 2565 3168 πτίσματος
2622 3097 2800 3153 αὐτῶν
2861 3103 3156 3177 σωτηρίας,
3221 3105 3346 3179 περὶ
3426 3107 3692 3180 ὁμονοίας

2256 3182 2647 3263 κοινωφελοῦς,
2701 3188 2794 3243 καὶ
2843 3195 3163 3265 προσθήκης
3215 3199 3326 3250 τῶν
3405 3199 3693 3254 πιστευόν-

2253 3293 2381 3331 ταηη

2114 3357 2176 3418 δ’.
2213 3361 2343 3455 Ηερὶ
2398 3364 2497 3455 τῆς
2551 3364 2875 3455 λένῌξζριστιμ
2933 3372 3216 3445 θεραπείας
3271 3379 3370 3431 τοῦ
3417 3376 3476 3432 ἐκ
3543 3398 3689 3455 γενε-

2252 3454 2352 3515 τῆς
2383 3449 2597 3523 χωλοῦ,
2631 3449 2839 3526 Ηέτρου
2897 3476 2954 3510 τε
3010 3462 3376 3534 κατηχήσεως
3406 3449 3690 3533 ἐκλεκτῆς,

2256 3539 2698 3610 συμπαθητικῆς,
2756 3537 3231 3617 συμϐουλευτικῆς
3289 3550 3424 3622 πρὸς
3505 3573 3689 3623 σωτη-

2253 3625 2369 3714 ρίαν
2418 3626 2615 3684 αὐτῶν.
2679 3629 2768 3684 Ἐν
2829 3630 2875 3702 ᾧ
2908 3630 3192 3706 ἐπιστασίᾳ
3249 3641 3357 3691 τῶν
3385 3637 3688 3714 ἀρχιερέων

2255 3712 2410 3787 ξήλῳ
2440 3720 2537 3771 τοῦ
2584 3718 2899 3794 γεγονότος,
2955 3723 3047 3778 καὶ
3103 3724 3279 3799 κρίσις
3335 3732 3432 3784 τοῦ
3477 3712 3690 3805 θαύμα-

2253 3824 2364 3866 τος.

2113 3897 2169 3949 ε“.
2233 3891 2364 3966 Ηερὶ
2467 3894 2707 3950 ἀπίστων
2808 3897 3111 3975 ἀρχιερέων
3215 3909 3684 3980 προσταττόντων,

2255 3980 2329 4035 ὠς
2358 3982 2419 4036 οὐ
2452 3980 2533 4037 δεῖ
2564 3983 3026 4059 παρρησιάζεσθαι
3057 3990 3144 4046 ἐπὶ
3200 3998 3279 4066 τῷ
3332 3995 3559 4070 ὀνόματι
3586 4001 3684 4053 τοῦ

2255 4075 2522 4145 Χριστοῦ,
2583 4074 2670 4128 καὶ
2749 4074 3092 4142 ἀνανεώσεως
3174 4086 3284 4137 τῶν
3341 4084 3686 4142 ἀποστόλων

2255 4159 2573 4244 εὐχαριστία
2629 4163 2736 4218 ἀπὸ
2791 4172 2890 4236 τῆς
2982 4167 3316 4241 Ἐκκλησίας
3371 4173 3504 4247 ὑπὲρ
3589 4181 3691 4246 τῆς

2255 4252 2362 4339 τῷν
2397 4249 2717 4308 ἀποστόλων
2748 4262 2948 4325 πιστῆς
2992 4261 3304 4334 καρτερίας’
3373 4263 3496 4338 περὶ
3553 4265 3698 4339 ὁμο-

2254 4337 2437 4413 ψύχου
2490 4341 2581 4395 καὶ
2634 4341 2936 4415 καθολικῆς
2995 4350 3284 4413 κοινωνίας
3337 4337 3452 4408 τῶν
3475 4337 3697 4411 πιστευ-

2259 4425 2354 4522 σάν
2369 4449 2490 4486 των.
2518 4425 2613 4487 Ἐν
2721 4433 2842 4503 περὶ
2879 4435 3155 4522 ,Ἀνανίου
3211 4439 3303 4495 καὶ
3361 4443 3691 4522 Σαπφείρας,

2256 4517 2348 4572 καὶ
2378 4524 2576 4593 πικρᾶς
2607 4519 2784 4576 αὐτῶν
2813 4521 3092 4596 τελευτῆς.

2150 4609 2182 4665 ³.
2245 4609 2365 4665 Ἔτι
2422 4609 2550 4674 τοὺς
2632 4610 2977 4677 ἀποστόλους
3034 4613 3412 4692 ἐμϐληθέντας
3469 4629 3547 4692 τῷ
3604 4623 3689 4682 δε.

2261 4698 2588 4773 σμωτηρίῳ,
2667 4698 2904 4775 ἄγγελος
2949 4709 3084 4760 Θεοῦ
3166 4707 3381 4784 νύκτωρ
3442 4710 3688 4783 ἐξέωσεν,

2258 4785 2550 4862 ἐπιτρέψας
2604 4787 2907 4851 ἀκωλύτως
2963 4793 3248 4869 κηρύσσειν
3314 4798 3407 4853 τὸν
3454 4801 3689 4871 Ἰησοῦν,

2255 4875 2308 4931 ἐν
2340 4876 2386 4948 ᾧ
2416 4875 2498 4962 ὅτι
2544 4880 2612 4952 τῇ
2647 4878 2767 4948 ἑξῆς
2827 4879 3023 4945 αὐτοὺς
3078 4885 3130 4938 οἱ
3189 4886 3466 4962 ἀρχιερεῖς
3523 4887 3690 4945 πάλιν

2257 4961 2685 5040 συλλαϐόμενοι,
2747 4966 2827 5048 ἐφ’
2886 4971 2932 5043 ᾧ
2983 4972 3177 5045 μηκέτι
3230 4961 3520 5045 διδάσκειν,
3583 5000 3691 5051 μα·-

2256 5057 2524 5126 στίξαντες
2580 5058 2896 5121 ἀπέλυσανμ
2930 5063 3226 5139 Γαμαλιήλ
3284 5070 3688 5142 γνώμη.πιστῆ

2257 5148 2376 5210 περῖ
2430 5152 2539 5202 τῶν
2599 5149 2921 5206 ἀποστόλων
3020 5156 3156 5227 μετὰ
3237 5156 3696 5236 παραδειγμάτων

2254 5240 2418 5290 τινῶν
2450 5235 2539 5291 καὶ
2569 5235 2925 5308 ἀποδείξεων,

2117 5325 2160 5394 ζ’
2214 5323 2342 5395 Περὶ
2377 5325 2718 5398 χειροτονίας
2747 5332 2856 5388 τῶν
2890 5329 3022 5386 ἒπτᾶ
3055 5330 3343 5394 διακόνων.

2114 5420 2184 5483 η’.
2241 5409 2520 5495 Ἰουδαίων
2576 5404 2933 5483 ἒπανάστῦέσις
3016 5421 3106 5476 καὶ
3154 5405 3514 5502 ’σῦκοφαντία
3566 5448 3690 5502 περι

2205 5543 2208 5546 .
2261 5501 2561 5591 Στεφάνου,
2639 5503 2804 5560 αὐτοῦ
2887 5528 2946 5564 τε
3032 5501 3352 5589 δημηγορία
3413 5514 3537 5591 περὶ
3596 5501 3698 5586 τῆς

2257 5592 2397 5664 πρὸς
2428 5585 2688 5666 Ἀϐραὰμ.
2733 5590 3004 5668 διαθήκης
3061 5603 3160 5656 τοῦ
3204 5585 3376 5677 -Θεοῦ,
3425 5585 3516 5660 καὶ
3573 5603 3700 5681 περὶ
