4098 6260
325 296 394 357 37
1318 292 1723 359 COMHENT.
1769 289 1865 355 ΙΝ.
1900 286 2101 352 ACTA
2143 283 2741 354 APOSTOLOBUM.

464 430 580 484 τῶν
638 422 851 483 δωδεκα
902 426 1278 504 πατριαρχών·
1336 425 1388 483 ἒν
1442 427 1489 499 ᾧ
1558 424 1683 502 περὶ
1736 430 1837 500 τῆς
1896 422 1985 479 λι-

470 524 581 593 μοῦ
658 519 750 574 καὶ
827 520 1103 594 πυρωνίας
1179 519 1593 594 ἂναγνωρισμοῦ
1666 522 1773 571 τῶν
1851 515 1981 569 υἱῶν

463 604 692 675 Ἰακὼϐ,
732 608 823 664 καὶ
880 609 1004 683 περὶ
1070 615 1169 677 τῆς
1219 611 1476 684 γενέσεως
1534 606 1831 676 Μωυσέως,
1888 603 1977 658 καὶ

462 705 569 768 τῆς
664 700 799 773 πρὸς
901 698 1063 753 αὐτὸν
1167 700 1471 775 γενομένης
1543 695 1852 776 θεοφανείας
1926 693 1977 748 ἐν

465 788 583 863 δρει
626 792 778 857 Σινᾷ,
850 788 976 861 περὶ
1035 794 1137 856 τῆς
1194 786 1380 857 ἐξόδου
1446 787 1535 841 καὶ
1615 783 1983 863 μοσχοποιΐας

465 882 569 931 τοῦ
641 876 863 952 Ἰσραὴλ
942 876 1073 953 ἄχρι
1149 877 1369 952 χρόνων
1448 876 1815 948 Σολομῶντος
1890 871 1980 926 καὶ

472 972 575 1034 τῆς
672 971 765 1020 τοῖ’)
858 971 991 1020 ναοῦ
1065 972 1424 1035 κατασκευῆς.
1508 962 1810 1038 Ὀμολογία
1882 967 1981 1030 τῆς

475 1054 863 1129 ὖπερουρανίου
940 1053 1102 1123 δόξης
1198 1057 1381 1124 Ἰησοῦ
1454 1055 1699 1126 Χριστοῦ
1773 1051 1982 1105 ἀποκα-

477 1141 768 1219 λυφθείσης
842 1143 1119 1220 Στεφάνῳ,
1197 1140 1277 1219 ἐφ’
1464 1140 1814 1205 λιθόλευστος
1888 1159 1981 1215 γε·

471 1232 665 1307 γονὼς,
741 1232 769 1286 6
843 1232 1008 1296 αὐτὸς
1108 1236 1401 1307 Στεφανος,
1497 1224 1734 1292 εὐσεϐῶς
1837 1226 1980 1283 ἐκοι-

473 1322 649 1393 μήθη.

358 1411 418 1473 0⁸.
460 1412 596 1484 Περὶ
629 1408 877 1487 διωγμοῦ
925 1418 1030 1481 τῆς
1084 1408 1421 1481 Ἑκκλησίας
1474 1409 1565 1465 καὶ
1619 1416 1794 1488 ταφῆς
1848 1414 1981 1462 Στε-

328 1496 335 1563 ξ
457 1499 655 1578 (Pd-mu,
726 1499 777 1554 ὲν
842 1501 887 1572 ᾧ
948 1499 1073 1574 περὶ
1142 1498 1428 1554 Φιλίππου
1494 1503 1591 1554 τοῦ
1661 1496 1972 1553 ἀποστόλου

459 1588 714 1649 πολλοὺς
749 1587 1043 1662 ἴασαμὲνου
1076 1589 1162 1643 ἐπὶ
1194 1595 1295 1657 τῆς
1329 1588 1663 1662 Σαμαρείας.

353 1686 403 1733 ι’.
453 1678 598 1754 Περὶ
677 1678 927 1751 Σίμωνος
999 1683 1097 1734 τοῦ
1174 1680 1364 1755 Μάγου
1439 1677 1831 1738 πιστεύσαντος
1887 1674 1979 1731 καὶ

469 1768 863 1843 βαπτισθέντος
940 1766 1032 1821 σὺν
1110 1767 1314 1841 ἒτὲροις
1408 1766 1672 1821 πλείοσιν*
1778 1764 1829 1820 ἐν
1934 1765 1979 1836 ᾧ

462 1857 595 1930 περὶ
672 1863 771 1925 τῆς
848 1853 1055 1929 Πέτρου
1119 1855 1210 1910 καὶ
1289 1855 1539 1910 Ἰωάννου
1614 1854 1750 1929 πρὸς
1786 1852 1981 1915 αὐτοὺς

459 1943 807 2014 ἀποστολῆς,
884 1945 972 2000 καὶ
1047 1944 1337 2013 ἐπίκλησις
1412 1948 1509 1999 τοῦ
1584 1943 1737 2019 ἁγίου
1813 1942 1979 1998 Πνεύ-

460 2056 642 2107 ματος
672 2034 760 2090 ἐπὶ
791 2033 918 2097 τοὺς
967 2033 1375 2109 βαπτισθέντας.

321 2131 402 2181 ια’.
449 2126 581 2182 ’Ότι
661 2124 764 2179 οὐκ
855 2122 1116 2198 ἀργυρίου
1211 2120 1338 2177 οὐδὲ
1414 2123 1753 2197 ὑποκριταῖς,
1836 2119 1982 2176 ἀλλὰ

460 2213 645 2286 ἁγίοις
686 2210 775 2267 διὰ
813 2212 1048 2274 πίστεως
1086 2214 1121 2281 ἡ
1167 2213 1380 2286 μετοχή
1440 2214 1537 2265 τοῦ
1594 2210 1757 2285 ἁγίου
1810 2208 1981 2264 Πνεύ-

473 2322 644 2373 ματος
682 2299 912 2356 bibo-car
972 2300 1025 2356 ἐν
1088 2300 1133 2372 ᾦ
1188 2301 1257 2355 τὰ
1311 2299 1436 2374 περὶ
1495 2300 1833 2376 ὑποκρίσεως
1886 2297 1976 2353 καὶ

474 2388 813 2461 ἐπιπλήξεως
848 2390 1120 2464 Σίμωνος.

339 2479 419 2555 ιβ’.
462 2482 586 2536 *Ότι
622 2485 738 2540 τοῖς
796 2480 1019 2555 κάγαθοῖς
1074 2477 1166 2533 καὶ
1223 2481 1436 2539 πιστοῖς
1500 2473 1683 2533 εὗοὸοἷ
1728 2477 1830 2545 τήν
1869 2498 1979 2531 σω-

460 2569 660 2644 τηρίαν
702 2570 730 2623 6
784 2569 937 2635 Θεὸς,
1005 2565 1181 2641 δῆμον
1251 2566 1311 2622 ἐκ
1372 2573 1474 2637 τῆς
1536 2566 1673 2623 κατᾶ
1725 2567 1816 2621 τὸν
1886 2565 1974 2622 εὔ-

370 2652 403 2722 ν,
454 2659 666 2735 νοῦχον
709 2658 1039 2720 ὑποθέσεως.

322 2840 403 2913 ιγ’.
445 2840 575 2911 Περὶ
656 2840 757 2902 τῆς
842 2835 1128 2911 ούρανοθεν
1204 2834 1349 2899 θείας
1424 2835 1674 2905 κλήσεως
1753 2834 1973 2890 Παυλου

456 2928 531 2989 εἷς
572 2924 892 2994 ἁποστολὴν
958 2926 1223 2998 Χριστοῦ.
1300 2927 1388 2979 Ἐν
1465 2925 1511 2996 ᾧ
1576 2924 1701 2998 περὶ
1779 2923 1973 2986 ἰάσεως

453 3018 544 3072 καὶ
590 3016 972 3092 βαπτίσματος
1047 3012 1270 3070 Παύλου
1360 3010 1448 3068 δια
1522 3012 1769 3070 Ἀνανίου
1834 3013 1971 3067 κατὰ

458 3105 807 3179 ἀποκάλυψιν
885 3107 1039 3173 Θεοῦ,
1105 3102 1415 3180 παρρησίας
1488 3123 1546 3158 τε
1619 3102 1786 3159 αὐτοῦ
1844 3122 1968 3156 συν-

460 3196 654 3271 τυχίας
708 3197 813 3259 τῆς
873 3189 961 3247 διὰ
1037 3187 1285 3269 Βαρνάϐα
1348 3192 1487 3268 πρὸς
1543 3191 1668 3254 τοὸς
1731 3192 1966 3246 ἀποστό-

464 3283 620 3345 λους.

345 3368 425 3427 ιδ’.
474 3371 602 3445 Ηερῖ
671 3375 821 3428 Αἰνέα
894 3368 1271 3446 παραλυτικοῢ
1342 3369 1581 3435 ῒαθὲντος
1654 3368 1705 3424 ἑν
1776 3367 1965 3445 Λύδδῃ

481 3458 562 3517 διὰ
602 3461 814 3539 Πέτρουο
878 3462 930 3517 ἒν
995 3462 1041 3533 ᾧ
1097 3462 1163 3516 τὰ
1227 3461 1350 3537 περὶ
1403 3455 1628 3532 Ταῦηθὰ
1666 3467 1768 3525 τῆς
1807 3460 1967 3538 φιλο·

468 3554 666 3627 χήρου,
738 3553 961 3629 ἤγειρεν
1056 3551 1115 3606 ἐκ
1205 3555 1410 3626 νεκρῶν
1498 3550 1525 3605 6
1601 3546 1804 3624 Πέτρος
1880 3546 1968 3603 διὰ

460 3650 776 3718 προσευχῆς
813 3640 867 3696 ἐν
904 3641 1133 3714 Ἰώππῃ.

324 3732 394 3786 ιε’.
461 3731 589 3807 Περὶ
653 3730 984 3807 Κορνηλίου,
1056 3731 1153 3784 ὅσα
1206 3749 1265 3784 τε
1326 3729 1462 3803 πρὸς
1524 3726 1683 3783 αὐτὸν
1727 3729 1755 3782 6
1811 3726 1967 3803 ἄγγε-

452 3819 559 3885 λος
625 3821 764 3891 εἶπε,
826 3821 916 3875 καὶ
991 3820 1090 3874 ὅσα
1164 3817 1330 3874 πάλιν
1404 3819 1595 3889 Πέτρῳ
1680 3815 1966 3892 οὐρανόθεν

452 3912 587 3986 περὶ
651 3908 905 3981 κλήσεως
973 3908 1137 3973 ἐθνῶν
1204 3906 1419 3983 ὶρρεθη.
1461 3907 1548 3973 Ἐν
1586 3906 1632 3979 ᾦ
1671 3906 1755 3975 ὅτι
1800 3927 1968 3979 μετα-

448 4000 678 4060 παλεῖς
711 4001 739 4053 6
784 4002 986 4073 Ηὲτρος
1042 3995 1191 4068 ἦλοη
1244 3998 1381 4071 πρὸς
1432 3996 1762 4067 Κορνήλιον.
1805 3999 1970 4053 Ἐπα-

442 4090 695 4163 νάληψις
736 4089 882 4162 παρᾶ
942 4091 1043 4142 τοῦ
1104 4084 1438 4160 Κορνηλίου,
1495 4085 1570 4139 ὧν
1635 4085 1663 4139 6
1731 4083 1969 4161 ἄγγελος

442 4179 887 4254 ἐπιμαρτύρησε
935 4176 1025 4233 καὶ
1103 4177 1425 4253 ὑφηγήσατο
1506 4174 1655 4247 αύτῷ
1758 4181 1968 4253 Κοργη-

441 4271 586 4343 λίῳ.
657 4266 861 4343 Πὲτρου
925 4269 1236 4342 κατήχησις
1313 4265 1390 4328 εἷς
1455 4266 1685 4340 Χριστὸν
1751 4268 1850 4319 τοῦ
1912 4285 1969 4321 τε

439 4359 623 4438 ἁγίου
698 4357 1017 4431 Πνεύματος
1114 4355 1201 4411 ἐπὶ
1291 4354 1420 4418 τοὺς
1493 4354 1789 4419 ἀκούοντας
1862 4352 1971 4411 δω-

442 4449 573 4526 ρεά·
651 4448 742 4503 καὶ
822 4446 973 4508 ὅπως
1068 4438 1472 4516 ἐϐαπτίσθησαν
1547 4445 1599 4499 οἱ
1673 4442 1725 4515 ἐξ
1800 4441 1970 4508 ἐθνῶν

282 4538 289 4602 ί
438 4537 862 4601 πιστεύσαντες.

296 4638 378 4693 ις’.
442 4630 540 4691 Ὠς
634 4627 836 4701 Πέτρος
910 4628 977 4681 τὰ
1049 4626 1274 4696 καθεξῆς
1347 4625 1437 4681 καὶ
1495 4625 1562 4681 τὰ
1615 4624 1815 4681 ἓκαστα
1862 4628 1967 4681 τῶν

436 4719 764 4798 γεγονότων
844 4714 1117 4793 διηγεῖται
1177 4722 1294 4779 τοῖς
1369 4714 1700 4779 ἀποστόλοις
1758 4713 1968 4792 διακρι-

437 4816 600 4875 θεῖσι
675 4809 812 4884 πρὸς
885 4807 1044 4863 αὐτὸν
1133 4807 1197 4861 τὸ
1267 4803 1527 4877 τηνίκαδε
1598 4806 1691 4860 τὸν
1767 4806 1969 4879 Βαρνά-

437 4895 550 4956 ϐαν
652 4896 963 4972 ἐκπέμψασι
1055 4896 1190 4970 πρὸς
1280 4895 1407 4958 τοὺς
1505 4893 1559 4950 ἐν
1657 4895 1970 4970 Ἀντιοχείᾳ

436 4990 760 5069 ἆόελρούς,

270 5068 375 5155 ιζ’,
431 5068 769 5157 Προτρῇτεία
833 5071 1076 5155 Ἀγάϐου
1132 5078 1255 5149 περὶ
1324 5077 1499 5150 λιμοῧ
1566 5077 1969 5150 οῗκουμενικοῧ,

433 5172 538 5227 καὶ
586 5168 936 5244 καρποφορία
974 5169 1108 5242 πρὸς
1147 5168 1276 5230 τοὺς
1337 5170 1389 5223 ἐν
1444 5167 1754 5243 Ἀντιοχείᾳ
1805 5165 1973 5224 ἀδελ-

437 5260 611 5343 φούς.

282 5354 380 5424 ιη’,
441 5343 731 5407 Ἰακώϐου
806 5350 901 5401 τοῦ
977 5346 1289 5401 ἀποστόλου
1390 5348 1730 5420 κατασφαγῆ,
1802 5345 1852 5401 ἒν
1925 5347 1970 5419 ᾦ

439 5438 668 5511 lli-.903
747 5434 1023 5508 σύλληψις
1096 5437 1234 5510 πρὸς
1346 5435 1612 5512 Ἡρώδου·
1692 5437 1842 5499 ὅπως
1912 5457 1971 5491 τε

438 5529 621 5588 αὐτὸν
693 5528 721 5582 ὁ
796 5523 1030 5603 ἄγγελος
1107 5526 1237 5601 θείῳ
1325 5525 1660 5600 κελεύσματι
1736 5524 1971 5597 ἐξείλετο

433 5624 559 5675 τῶν
633 5612 866 5691 δεσμῶν.
930 5616 1025 5669 Καὶ
1078 5615 1115 5670 6
1186 5615 1391 5690 Πέτρος
1438 5615 1707 5695 ’ἐμφανὴς
1748 5615 1971 5691 γενόμε-

2093 1681 2178 1734 10.

2093 2125 2177 2182 11.

2090 2486 2155 2537 12

2086 2844 2169 2896 13.

2074 3382 2165 3459 14.

2081 3741 2165 3793 15.

2084 4630 2172 4685 16.

2083 5083 2168 5133 17.

2089 5348 2167 5402 18.

3656 295 3735 359 38

2237 423 2402 480 etiam
2418 425 2485 479 de
2508 426 2673 493 fame.
2697 426 2966 494 frumenti
2990 428 3261 498 emptione
3281 444 3342 483 ac
3361 431 3739 499 recognitione

2234 515 2476 585 ﬁliorum
2504 516 2673 570 Jacob
2719 519 3048 584 continetur,
3082 525 3133 572 et
3165 519 3230 572 de
3258 522 3549 575 nativitate
3577 524 3733 587 Mosi,

2239 603 2539 674 divinaque
2584 607 2657 659 ad
2712 622 2833 660 eum
2893 607 3248 676 apparitione
3275 612 3429 677 facta
3472 613 3529 663 in
3558 618 3743 665 monte

2232 694 2387 753 Sina.
2421 694 2487 747 de
2518 711 2733 763 egressu
2756 697 2998 765 ﬁliorum
3029 697 3221 763 Israel,
3255 704 3305 752 et
3334 701 3497 753 vituli
3523 702 3744 767 forma-

2236 786 2384 837 tione
2412 800 2581 854 usque
2631 786 2704 839 ad
2745 792 2991 855 tempora
3038 787 3383 843 Salomonis:
3435 791 3502 844 de
3552 791 3744 861 templi

2234 873 2612 943 aediﬁcatione.
2648 875 2921 943 Confessio
2950 878 3340 945 supercazlestis
3378 880 3569 947 gloriae
3614 882 3743 935 Jesu

2236 962 2434 1016 Christe
2467 963 2749 1033 Stephano
2780 966 3051 1029 revelata,
3087 968 3144 1019 in
3173 983 3285 1037 qua
3317 967 3596 1038 lapidatus
3624 972 3742 1039 ipse

2233 1052 2544 1122 Stephanus
2571 1052 2827 1124 religiose
2853 1054 3202 1109 obdormivit.

2168 1452 2177 1462 .
2238 1412 2315 1465 De
2338 1414 2718 1481 persecutione
2747 1413 3005 1470 Ecclesia
3035 1419 3088 1468 et
3116 1416 3403 1485 sepultura
3431 1415 3738 1487 Stephani:

2234 1502 2293 1553 in
2321 1517 2428 1570 quo
2458 1502 2624 1557 etiam
2658 1502 2848 1571 agitur
2900 1503 2968 1557 de
3023 1502 3285 1573 Philippo
3331 1505 3599 1574 apostolo,
3644 1508 3743 1575 qui

2230 1590 2426 1645 multos
2456 1593 2515 1644 in
2545 1591 2801 1646 Samaria
2830 1593 3081 1646 curabat.

2233 1680 2304 1733 De
2331 1681 2550 1735 Simone
2580 1683 2741 1751 Mago
2773 1684 2866 1751 qui
2896 1698 3019 1736 cum
3062 1683 3324 1752 pluribus
3347 1684 3475 1739 aliis
3503 1685 3745 1741 credidit

2233 1776 2283 1824 et
2315 1770 2626 1840 baptizatus
2656 1778 2772 1825 est:
2805 1771 2864 1825 in
2910 1788 3016 1841 quo
3068 1773 3232 1826 etiam
3279 1775 3470 1842 agitur
3496 1777 3564 1827 de
3594 1776 3744 1829 Petri

2232 1866 2285 1913 et
2313 1861 2544 1914 Joannis
2573 1865 2646 1914 ad
2685 1876 2769 1915 eos
2804 1862 3096 1929 legatione,
3120 1867 3170 1915 et
3193 1861 3540 1918 invocatione
3568 1865 3745 1918 sancti

2233 1949 2473 2017 Spiritus
2502 1965 2666 2020 super
2693 1966 2780 2005 eos
2801 1949 2909 2020 qui
2939 1950 3209 2021 baptizati
3239 1957 3416 2007 erant.

2240 2129 2396 2192 Quod
2439 2145 2550 2183 non
2620 2136 2871 2198 argento,
2929 2146 3104 2199 neque
3153 2128 3591 2196 simulatoribus,
3647 2132 3742 2185 sed

2230 2220 2432 2273 sanctis
2480 2235 2583 2288 per
2618 2220 2779 2287 ﬁdem
2832 2220 3074 2289 Spiritus
3112 2222 3292 2274 sancti
3321 2221 3740 2275 communicatio

2229 2308 2431 2362 datur:
2466 2310 2524 2361 in
2567 2324 2670 2377 quo
2721 2310 2887 2362 etiam
2916 2315 3206 2377 ponuntur
3245 2324 3366 2378 quae
3412 2316 3540 2364 sunt
3569 2310 3635 2363 de
3663 2311 3739 2364 si-

2229 2398 2537 2451 mulatione
2566 2414 2628 2451 ac
2660 2398 3043 2466 objurgatione
3082 2399 3341 2453 Simonis.

2227 2484 2384 2547 Quod
2437 2491 2751 2539 sanctorum
2812 2500 2875 2538 ac
2927 2484 3174 2552 ﬁdelium
3233 2488 3507 2539 communi
3565 2485 3733 2540 saluti

2228 2573 2369 2629 Deus
2402 2588 2731 2644 prosperum
2762 2573 2970 2627 tribuat
3024 2588 3339 2639 successum,
3389 2580 3605 2642 sumpto
3634 2590 3733 2628 ar-

2226 2670 2485 2733 gumento
2533 2680 2602 2717 ea:
2652 2662 2734 2717 his
2785 2678 2907 2732 qua
2960 2664 3107 2717 circa
3144 2661 3453 2717 eunuchum
3482 2662 3731 2734 contige-

2231 2760 2380 2807 runt.

2230 2845 2301 2898 De
2330 2844 2521 2898 divina
2569 2842 2735 2898 Pauli
2782 2843 2855 2897 ad
2904 2841 3110 2897 Christi
3148 2841 3531 2909 apostolatum
3568 2856 3733 2896 voca-

2226 2935 2372 2988 tione
2411 2934 2623 2989 caelitus
2650 2936 2821 3001 facta,
2870 2935 2929 2986 in
2976 2948 3083 3001 quo
3128 2934 3299 2985 etiam
3330 2933 3519 3000 agitur
3548 2932 3613 2984 de
3641 2946 3735 2985 sa-

2225 3023 2337 3077 lute
2365 3030 2415 3078 et
2448 3024 2776 3093 baptismate
2805 3022 2967 3075 Pauli
2990 3038 3093 3090 per
3137 3021 3404 3075 Ananiam
3427 3027 3603 3088 Juxta
3632 3020 3734 3072 Dei

2220 3113 2625 3179 revelationém,
2658 3118 2709 3165 et
2741 3110 2997 3180 loquendi
3051 3110 3317 3171 libertate,
3351 3124 3414 3163 ac
3441 3124 3725 3163 conversa-

2223 3203 2370 3258 tione
2398 3217 2527 3272 erga
2555 3199 2823 3272 apostolos
2846 3216 2949 3269 per
2970 3198 3284 3253 Barnabam
3314 3203 3615 3253 contracta.

2217 3383 2293 3436 De
2320 3384 2493 3436 Enea
2516 3378 2829 3451 paralytico
2857 3377 3064 3448 Lyddae
3089 3393 3194 3447 per
3239 3377 3465 3432 Petrum
3494 3380 3724 3432 curato:

2220 3470 2281 3525 in
2311 3486 2417 3540 quo
2447 3471 2637 3539 agitur
2691 3470 2853 3523 etiam
2911 3467 2977 3521 de
3044 3465 3275 3521 Tabitha
3305 3465 3506 3521 dilecta
3532 3464 3723 3532 vidua,

2221 3576 2387 3630 quam
2446 3560 2639 3614 Petrus
2693 3559 2885 3628 Joppae
2934 3572 3039 3626 per
3092 3554 3400 3611 orationem
3431 3570 3465 3609 a
3493 3552 3725 3609 mortuis

2220 3652 2340 3704 emci
2346 3650 2502 3704 tavit.

2219 3739 2293 3793 De
2324 3738 2591 3799 Cornelio,
2642 3750 2871 3806 quaeque
2928 3734 3153 3803 angelus
3210 3733 3283 3787 ad
3326 3749 3447 3787 eum
3476 3730 3647 3798 dixit,
3677 3736 3729 3786 et

2220 3843 2342 3897 quae
2372 3843 2591 3881 rursum
2623 3826 2779 3879 Petro
2810 3823 3017 3878 caelitus
3064 3824 3129 3876 de
3169 3821 3417 3891 gentium
3446 3822 3729 3875 vocatione

2221 3916 2369 3972 dicta
2392 3922 2557 3971 sunt:
2610 3917 2668 3969 in
2705 3930 2813 3983 quo
2860 3919 3147 3977 narratur,
3198 3911 3345 3981 quod
3382 3911 3727 3965 transmissus

2227 4007 2415 4060 Petrus
2442 4006 2650 4059 venerit
2681 4003 2755 4057 ad
2785 4003 3102 4057 Cornelium
3171 4004 3513 4070 Repetuntur
3537 4017 3570 4054 a
3596 4000 3726 4053 Cor-

2220 4095 2367 4149 nelio
2397 4108 2516 4162 quae
2546 4090 2771 4160 angelus
2800 4094 2986 4158 fuerat
3012 4096 3257 4155 testatus,
3291 4092 3505 4159 ipsique
3534 4088 3731 4144 Corne-

2224 4182 2300 4237 lio
2323 4186 2668 4236 narraverat.
2718 4181 2872 4233 Petri
2919 4178 3207 4232 instructio
3255 4177 3321 4231 de
3382 4178 3613 4243 Christo,
3664 4191 3727 4230 ac

2220 4272 2461 4343 Spiritus
2487 4271 2685 4335 sancti,
2716 4284 2879 4340 super
2908 4282 2995 4322 eos
3024 4267 3121 4337 qui
3141 4265 3460 4333 audiebant,
3482 4264 3685 4319 donum
3708 4279 3731 4318 ,ο

2221 4368 2275 4418 et
2330 4361 2597 4433 quomodo
2654 4358 2922 4429 baptizati
2975 4357 3210 4425 fuerint,
3242 4357 3341 4424 qui
3380 4370 3451 4410 ea:
3477 4354 3727 4426 gentibus

2223 4450 2592 4507 crediderant.

2220 4628 2497 4695 Quomodo
2551 4628 2744 4682 Petrus
2802 4625 3054 4693 deinceps
3092 4625 3256 4678 etiam
3286 4622 3507 4692 singula
3535 4636 3729 4676 eorum

2223 4734 2344 4789 quae
2374 4728 2499 4772 acra
2523 4722 2648 4771 sunt
2676 4719 2874 4769 narrat
2938 4712 3199 4782 apostolis
3248 4711 3503 4767 adversus
3548 4712 3729 4781 ipsum

2225 4807 2669 4878 disreptantibus.
2733 4805 2882 4857 Tunc
2940 4809 3125 4856 autem
3180 4803 3499 4856 Barnabam
3566 4803 3728 4855 mise-

2222 4905 2354 4953 runt
2382 4897 2455 4951 ad
2482 4898 2686 4964 fratres
2724 4894 2821 4962 qui
2850 4898 3005 4947 erant
3034 4891 3365 4949 Antiochiae.

2221 5076 2519 5146 Prophetia
2549 5073 2723 5142 Agabi
2752 5072 2818 5126 de
2868 5072 3116 5141 generali
3139 5087 3242 5140 per
3270 5071 3453 5124 orbem
3481 5072 3647 5137 fame,
3680 5074 3735 5123 et

2226 5167 2565 5234 eleemosyna
2593 5162 2820 5217 collecta
2871 5161 3022 5232 apud
3074 5163 3280 5229 fratres
3310 5161 3409 5227 qui
3437 5163 3597 5211 erant
3625 5157 3735 5211 An-

2226 5254 2461 5310 tiochiz.

2221 5345 2413 5399 Jacobi
2443 5342 2679 5412 apostoli
2708 5339 3082 5409 interemptio.
3115 5341 3174 5391 in
3200 5353 3305 5407 quo
3335 5340 3602 5390 narratur
3630 5335 3736 5389 Pe-

2229 5436 2301 5489 tri
2333 5434 2400 5487 ab
2432 5431 2643 5487 Herode
2671 5429 3116 5499 comprehensio:
3165 5433 3217 5480 et
3262 5423 3528 5495 quomodo
3559 5425 3737 5492 ipsum

2227 5523 2455 5595 angelus
2510 5522 2697 5577 divino
2742 5521 2904 5591 jussu
2959 5535 2994 5573 a
3048 5517 3283 5573 vinculis
3341 5515 3640 5570 liberavit:
3683 5517 3736 5568 et

2228 5616 2421 5674 Petrus
2478 5613 2575 5670 ubi
2630 5609 2903 5679 fratribus
2955 5612 3122 5663 noctu
3167 5606 3536 5679 apparuisset,
3593 5602 3733 5656 clam
