4098 6260
317 271 394 366 ab
1435 248 1861 364 decumam
1903 254 2206 360 Tincam
2252 259 2596 358 Episcopi

451 411 739 494 discessit:
767 438 826 491 in
877 449 985 508 quo
1033 411 1325 506 narratur,
1358 441 1412 491 et
1440 433 1510 500 de,
1538 411 1749 489 ultione
1773 437 1953 488 custo-

447 528 598 595 dum,
632 533 683 582 et
712 532 1103 596 consequenter
1141 518 1206 581 de
1261 525 1426 595 impii
1473 524 1697 580 Herodis
1753 521 1956 578 misera

448 618 751 688 acerbaque
766 617 1101 688 perditione.

308 803 394 855 19.
445 801 664 866 Legatio
694 796 971 851 Barnabw
1018 800 1072 849 et
1130 793 1290 848 Pauli
1347 809 1384 848 a
1439 792 1626 847 divino
1657 791 1869 862 Spiritu
1898 793 1957 846 in

453 891 714 958 Cyprum,
749 901 982 956 quaeque
1010 886 1071 938 in
1100 884 1336 952 Elyman
1381 898 1603 952 magum
1623 897 1729 952 per
1759 881 1959 936 Christi

446 994 642 1034 nomen
672 976 883 1047 operati
910 979 1068 1029 sunt.

301 1158 389 1211 20.
440 1156 664 1212 Florens
720 1153 886 1208 Pauli
942 1153 1196 1206 doctrina
1244 1151 1444 1205 ducens
1515 1150 1590 1202 ad
1649 1148 1956 1213 Christum,

449 1251 564 1299 tum
595 1261 664 1298 ex
694 1243 830 1312 lege,
877 1248 990 1296 tum
1031 1247 1223 1312 postea
1253 1255 1322 1294 ea:
1343 1236 1654 1308 prOphetis,
1691 1236 1958 1292 historica

445 1339 495 1389 et
520 1333 854 1402 evangelica,
883 1345 1010 1402 quae
1049 1335 1100 1384 et
1148 1328 1432 1384 collectiva
1465 1333 1540 1383 est
1571 1333 1625 1382 et
1651 1329 1959 1384 ratiocina-

449 1426 580 1478 tiva.
635 1424 707 1477 De
764 1421 1126 1492 translatione
1177 1418 1598 1490 pradicationis
1628 1416 1702 1471 ad
1748 1423 1957 1486 gentes,

444 1527 740 1581 eorumque
791 1511 992 1565 ibidem
1045 1509 1420 1578 persecutione
1465 1523 1530 1561 ac
1577 1499 1846 1561 divisione
1896 1505 1958 1560 in

447 1603 718 1656 Iconium.

305 1693 394 1743 21.
447 1688 724 1754 Quomodo
758 1689 930 1742 lconii
981 1685 1260 1740 Christum
1297 1668 1774 1755 praedicaverint:
1809 1700 1961 1738 cum-

455 1795 558 1848 que
587 1778 790 1832 multic
817 1775 1172 1843 redidissent,
1197 1776 1629 1846 persecutionem
1652 1776 1805 1844 passi
1832 1780 1960 1828 sunt

451 1868 700 1938 apostoli.

310 1962 398 2014 22.
451 1959 524 2012 De
554 1956 748 2012 claudo
774 1973 808 2010 a
836 1957 1129 2010 nativitate
1175 1957 1273 2024 qui
1331 1957 1541 2024 Lystris
1565 1970 1667 2024 per
1694 1953 1964 2023 apostolos

449 2053 671 2102 curatus
702 2051 777 2101 est
802 2063 814 2099 :
842 2052 1076 2116 propter
1101 2044 1247 2115 quod
1290 2045 1371 2098 dii
1420 2059 1548 2111 esse,
1579 2049 1632 2098 et
1658 2046 1849 2112 furore
1872 2042 1961 2096 di-

446 2139 574 2192 vino
603 2137 811 2206 agitari
839 2137 941 2190 visi
969 2141 1095 2190 sunt
1139 2134 1353 2188 incolis.
1393 2134 1494 2188 Ubi
1517 2139 1712 2204 postea
1742 2133 1964 2204 lapida-

448 2233 538 2282 tur
566 2225 772 2282 Paulus
803 2241 837 2280 a
864 2224 1072 2280 Judaeis
1100 2224 1228 2279 urbi
1255 2223 1472 2280 vicinis.

307 2405 398 2462 τε.
452 2405 608 2471 Quod
634 2421 746 2460 non
807 2409 1054 2474 oporteat
1111 2419 1180 2457 ex
1231 2401 1481 2472 gentibus
1537 2400 1815 2457 credentes
1852 2401 1962 2456 cir-

444 2495 702 2558 cumcidi,
721 2496 898 2566 juxta
945 2496 1221 2549 decretum
1268 2509 1332 2548 ac
1385 2494 1711 2548 sententiam
1742 2481 1961 2561 aposto-

447 2583 641 2646 lorum,
679 2586 738 2638 in
768 2599 876 2653 quo
928 2584 1162 2653 ponitur
1221 2581 1423 2649 legatio
1465 2581 1859 2650 apostolorum,
1891 2579 1965 2633 ad

442 2689 530 2729 eos
559 2675 657 2742 qui
703 2689 732 2726 e
779 2672 1029 2741 gentibus
1077 2669 1450 2735 crediderunt,
1484 2669 1552 2723 de
1596 2668 1682 2723 his
1712 2683 1841 2740 quae
1865 2668 1961 2722 ob-

443 2761 713 2817 servanda
768 2766 939 2816 erant.
1002 2759 1300 2816 Altercatio
1339 2756 1505 2814 Pauli
1532 2757 1790 2813 adversus
1818 2758 1964 2813 Bar-

445 2851 648 2905 nabam
672 2855 906 2920 propter
933 2851 1200 2904 Marcum.

301 2939 390 2993 24.
443 2938 518 2992 De
548 2938 907 2992 instructione
961 2935 1253 2999 Timothei,
1303 2941 1356 2988 et
1407 2933 1567 2989 Pauli
1614 2934 1674 2990 in
1715 2935 1961 2988 Macedo-

442 3032 592 3083 niam
615 3027 787 3097 juxta
830 3028 1217 3082 reuelationem
1265 3025 1569 3081 emissione.
1604 3025 1662 3078 in
1693 3042 1800 3096 quo
1825 3042 1964 3080 nar-

442 3125 605 3174 ratur
631 3119 696 3172 de
724 3119 830 3186 ﬁde
860 3135 923 3173 ac
951 3118 1126 3173 salute
1149 3116 1440 3186 cujusdam
1469 3112 1714 3170 mulieris
1737 3115 1959 3185 Lydia:

442 3205 508 3261 de
536 3207 715 3261 salute
741 3206 939 3276 puellae
981 3206 1230 3259 habentis
1276 3203 1536 3274 spiritum
1566 3205 1958 3272 divinatorem,

436 3302 684 3365 propter,
726 3311 896 3365 quam
950 3294 1164 3349 domini
1218 3292 1561 3347 incluserunt
1614 3292 1849 3347 Paulum
1901 3294 1960 3364 in

447 3400 738 3448 carcerem.
790 3386 866 3438 De
915 3388 1228 3438 terramotu
1278 3398 1342 3436 ac
1396 3380 1666 3434 miraculo
1706 3381 1856 3451 quod
1883 3379 1961 3435 ibi

448 3475 700 3541 contigit.
734 3483 783 3527 et
815 3473 1090 3542 quomodo
1146 3477 1323 3526 custos
1371 3471 1606 3524 carceris
1636 3485 1759 3523 cum
1789 3469 1962 3524 credi-

449 3561 612 3616 disset
645 3564 704 3615 in
733 3563 854 3630 ipsa
883 3550 1061 3622 nocte.
1094 3567 1316 3630 repente
1343 3576 1465 3614 eum
1507 3557 1764 3613 universa
1789 3553 1958 3628 fami-

446 3649 523 3713 lia
555 3651 862 3720 baptizatus
895 3655 990 3704 est.
1039 3649 1194 3714 Quod
1240 3650 1423 3718 rogati
1462 3639 1702 3702 exierint
1733 3655 1864 3702 tunc
1893 3647 1961 3702 de

445 3756 659 3795 carcere
684 3739 940 3812 apostoli.

301 3923 389 3975 25.
443 3921 515 3976 De
557 3922 821 3976 seditione
875 3923 1031 3988 facta
1090 3915 1481 3973 Thessalonicae
1511 3917 1575 3972 ob
1603 3916 1956 3987 prwdicatio-

444 4027 587 4076 nem,
614 4013 859 4080 fugaque
880 4008 1046 4064 Pauli
1076 4010 1135 4063 in
1159 4010 1429 4075 Beroeam,
1461 4014 1514 4062 et
1543 4005 1672 4061 inde
1700 4009 1760 4061 in
1788 4005 1960 4061 Athe-

338 4149 343 4158 .
446 4116 564 4156 nas.

297 4189 388 4247 26.
439 4190 514 4244 De
541 4192 822 4260 scriptura
869 4203 998 4260 quae
1040 4203 1205 4258 super
1252 4203 1408 4241 aram
1457 4165 1959 4270 erat_Athenis:et

451 4278 516 4334 de
544 4279 706 4334 docta
738 4278 896 4333 Pauli
916 4278 1317 4348 praedicatione
1346 4291 1411 4330 ac
1441 4275 1612 4345 ipsius
1635 4277 1868 4345 pietate.

304 4464 391 4518 27.
445 4461 518 4517 De
548 4457 748 4530 Aquila
777 4465 829 4514 et
865 4457 1122 4512 Priscilla
1151 4472 1214 4511 ac
1265 4453 1674 4512 Corinthiorum
1704 4454 1956 4510 incredu-

397 4612 401 4615 _
449 4551 626 4614 litate,
679 4550 881 4620 Deique
932 4547 1294 4617 beneplacito,
1350 4543 1499 4614 quod
1547 4545 1721 4598 Paulo
1747 4544 1960 4599 revela-

447 4646 560 4694 tum
603 4645 680 4695 est
727 4638 1021 4694 secundum
1063 4633 1476 4707 providentiam
1505 4647 1634 4703 quae
1676 4649 1808 4703 erga
1837 4627 1958 4689 illos

447 4734 605 4784 erat:
639 4729 698 4780 in
729 4743 837 4796 quo
866 4728 1030 4781 etiam
1079 4728 1268 4795 agitur
1309 4723 1372 4778 de
1413 4724 1604 4793 Crispo
1634 4723 1958 4793 archisyna-

447 4832 606 4886 gogo.
639 4815 738 4886 qui
769 4832 887 4869 cum
920 4815 1046 4869 aliis
1076 4814 1403 4885 quibusdam
1433 4812 1667 4867 credidit
1695 4819 1746 4868 et
1774 4811 1961 4881 bapti-

448 4911 604 4961 zatus
632 4910 749 4958 est:
784 4904 933 4972 quod
973 4904 1242 4958 seditione
1292 4901 1547 4956 Corinthi
1573 4907 1721 4955 mota
1749 4900 1962 4957 Paulus

451 4997 590 5050 clam
611 4994 848 5048 discessit
890 5009 1120 5062 cumque
1139 4994 1368 5048 venisset
1390 4991 1664 5062 Ephesum
1685 5007 1748 5044 ac
1768 4990 1962 5061 dispu-

453 5091 635 5151 tasset,
667 5097 907 5152 egressus
931 5088 1008 5137 est
1035 5099 1047 5135 :
1082 5081 1148 5135 de
1177 5080 1379 5150 Apollo
1426 5083 1547 5135 viro
1585 5080 1870 5149 eloquente
1898 5073 1961 5135 ac

453 5175 625 5244 ﬁdeli.

305 5266 393 5319 28.
447 5267 524 5319 De
554 5265 880 5335 baptismate
908 5269 962 5317 et
1003 5262 1243 5332 Spiritus
1291 5258 1470 5315 sancti
1496 5259 1638 5313 dono
1665 5275 1768 5328 per
1796 5257 1964 5314 Pauli

448 5360 758 5408 orationem
787 5352 917 5408 dato
943 5353 1028 5408 his
1057 5354 1154 5422 qui
1177 5351 1383 5421 Ephesi
1413 5348 1785 5409 crediderant,
1817 5355 1867 5402 et
1897 5347 1964 5403 de

445 5443 624 5500 salute
671 5444 900 5515 papuli:
951 5445 1011 5497 in
1044 5458 1154 5513 quo
1203 5444 1468 5496 narratur
1512 5438 1680 5493 etiam
1729 5438 1794 5492 de
1833 5437 1964 5507 ﬁliis

446 5531 648 5604 Scevae,
683 5539 732 5590 et
761 5533 910 5606 quod
938 5550 1051 5589 non
1082 5537 1336 5606 Oporteat
1367 5529 1440 5586 ad
1481 5526 1789 5584 incredulos
1819 5544 1966 5584 acce-

449 5621 598 5690 dere,
645 5638 842 5693 eosque
889 5625 988 5698 qui
1037 5640 1090 5680 se
1136 5621 1498 5680 reddiderunt
1531 5617 1640 5689 ﬁde
1668 5617 1962 5690 indignos:

2069 785 2152 842 10'.

2068 1685 2170 1744 κα“.

2069 2400 2168 2474 κγ’.

2069 2928 2169 2988 κδ’.

2065 3924 2156 3975 κε’.

2066 4178 2168 4252 κ’ς’.

2066 4457 2165 4526 κζ’.

2068 5259 2175 5326 κη’.

3638 299 3721 359 40

2204 447 2292 490 νος
2402 413 2616 502 νύκτωρ
2689 429 2808 489 τοῖς
2900 413 3162 502 ἀδελφοῖς
3265 425 3716 506 ὑπανεχώρησεν-

2206 514 2258 572 ἐν
2337 515 2383 588 ᾧ
2471 515 2596 598 περὶ
2687 517 2786 585 τῆς
2882 512 3143 594 φυλάκων
3229 514 3531 580 κολάσεως.
3609 516 3714 577 Καὶ

2208 603 2497 680 μετέπειτα
2591 607 2717 681 περῖ
2825 608 2924 676 τῆς
2996 612 3092 662 τοῦ
3167 602 3392 671 ἀσεϐοῦς
3466 601 3715 684 Ἠρώδου

2207 701 2406 771 πικρᾶς
2443 716 2501 750 τε
2539 695 2630 752 καὶ
2671 692 2927 772 ὀλεθρίου
2955 704 3357 776 καταστροφῆς.

2205 785 2520 854 Ἀποστολή
2604 780 2850 859 Βαρνάϐα
2923 787 3014 842 καὶ
3097 786 3316 843 Παύλου
3408 787 3545 860 πρὸς
3619 792 3716 844 τοῦ

2208 875 2353 930 θείου
2393 873 2706 949 Πνεύματος
2773 876 2851 939 είς
2918 875 3152 953 Κύπρον,
3229 877 3327 933 ὅσα
3399 899 3458 934 τε
3532 878 3719 955 είργάο

2208 985 2369 1020 σαντο
2444 962 2496 1019 ἐν
2572 965 2798 1040 ὀνόματι
2863 968 3107 1042 Χριστοῦ
3147 966 3224 1030 είς
3300 965 3551 1041 Ἐλύμαν
3623 969 3716 1024 τὸν

2215 1055 2408 1130 μάγον.
2499 1112 2502 1119 ε
2556 1103 2558 1106 ,

2155 1189 2167 1202 .
2210 1129 2435 1202 Παύλου
2491 1131 2728 1222 εύθαλῆς
2787 1129 3114 1202 διδασκαλία
3189 1147 3267 1210 εἰς
3341 1147 3570 1222 Χριστὸν
3661 1145 3720 1203 ἔκ

2206 1256 2266 1292 τε
2337 1234 2434 1291 τοῦ
2507 1236 2685 1311 νόμου
2758 1232 2846 1292 καὶ
2923 1237 3150 1307 καθεξῆς
3222 1242 3331 1292 τῶν
3399 1242 3718 1320 προφητῶν,

2210 1325 2459 1399 ἱστορικὴ
2522 1325 2612 1380 καὶ
2671 1322 3025 1404 εὐαγγελικὴ,
3084 1325 3134 1381 ἐν
3182 1327 3228 1399 ᾦ
3285 1324 3570 1397 ἐκλεκτική
3627 1327 3720 1383 καὶ

2211 1410 2627 1489 συλλογιστική.
2726 1415 2853 1490 Περὶ
2953 1413 3289 1489 μεταθέσεως
3373 1419 3472 1471 τοῦ
3508 1486 3510 1488 ν
3546 1414 3722 1492 κηρύ-

2210 1524 2424 1578 γματος
2491 1502 2566 1566 εἰς
2607 1503 2672 1558 τὰ
2712 1501 2866 1577 ἔθνη,
2908 1503 3162 1581 διωγμοῦ
3221 1525 3280 1560 τε
3344 1504 3518 1560 αὐτῶν
3587 1502 3721 1577 ἐκεῖ,

2211 1591 2300 1646 καὶ
2332 1591 2560 1672 ἀφίξεως
2589 1591 2665 1655 εἷς
2698 1594 2939 1652 Ἰκόνιον.

2209 1685 2398 1747 Ὅπως
2473 1685 2524 1740 ἐν
2616 1686 2825 1760 Ἰκονίῳ
2896 1686 3224 1761 κηρύξαντες
3298 1685 3390 1742 τὸν
3468 1685 3720 1762 Χριστὸν,

2210 1773 2438 1830 πολλῶν
2532 1795 2591 1831 τε
2699 1768 3097 1832 πιστευσάντων
3204 1771 3553 1851 ἐδιώχθησαν
3666 1775 3720 1830 οἱ

2212 1861 2535 1919 ἀπόστολοι·

2162 1996 2176 2008 .
2218 1953 2344 2024 Περὶ
2439 1958 2536 2008 τοῦ
2629 1952 2681 2010 ἐν
2765 1953 3022 2029 Λύστροις
3099 1954 3158 2011 ἐκ
3231 1961 3452 2032 γενετῆς
3527 1952 3718 2030 χωλοῦ

2217 2041 2455 2106 ἰαθὲντος
2522 2042 2612 2100 διὰ
2673 2049 2780 2100 τῶν
2846 2043 3189 2101 ἀποστόλων·
3261 2043 3332 2100 δι’
3389 2045 3521 2120 ὅπερ
3591 2045 3709 2100 εἶνα

2210 2152 2269 2188 τε
2335 2134 2467 2214 θεοὶ,
2532 2134 2620 2190 καὶ
2685 2143 2915 2209 μανῆναι
2979 2142 3098 2198 τοῖς
3146 2135 3444 2212 ἐγχωρίοις
3509 2129 3718 2206 ἔδοξαν.

2211 2224 2374 2287 Ἔνθα
2439 2220 2506 2293 δὴ
2574 2223 2664 2282 καὶ
2734 2222 3020 2298 μετέπειτα
3058 2222 3336 2295 λιθάζεται
3403 2225 3431 2280 ὁ
3503 2222 3716 2282 Παῦλος

2213 2314 2360 2387 παρᾶ
2394 2317 2503 2367 τῶν
2545 2314 2936 2389 ἀστυγειτόνων
2977 2312 3274 2372 Ἰουδαίων.

2209 2401 2331 2459 Ὅτι
2409 2401 2470 2457 οὐ
2542 2405 2959 2480 περιτέμνεσθαι
3032 2404 3160 2468 τοὺς
3237 2403 3286 2476 ἐξ
3390 2402 3552 2468 ἐθνῶν
3629 2425 3730 2460 πιο

2215 2490 2554 2561 στεύσαντας,
2655 2489 2891 2568 δόγματι
2982 2493 3072 2550 καὶ
3148 2493 3324 2569 κρίσει
3396 2496 3504 2570 τῶν
3577 2493 3723 2548 ἀπο-

2213 2576 2448 2633 στόλων·
2527 2577 2579 2634 ἐν
2679 2582 2725 2652 ᾧ
2829 2578 3128 2652 Ἐπιστολή
3218 2584 3326 2636 τῶν
3400 2580 3722 2636 ἀποστόλων

2213 2667 2350 2741 πρὸς
2420 2666 2549 2732 τοὺς
2622 2667 2674 2741 ἐξ
2751 2669 2918 2733 ἐθνῶν
2991 2657 3116 2744 περὶ
3213 2669 3288 2723 ὧν
3393 2666 3719 2747 φυλακτέον.

2214 2753 2557 2834 Ἀντίῤῥησις
2665 2755 2886 2813 Παύλου
2996 2756 3134 2832 πρὸς
3246 2751 3522 2832 Βαρνάϐαν
3633 2754 3724 2814 διὰ

2214 2842 2455 2919 Μάρκον.
2543 2913 2546 2917 _

2214 2931 2344 3008 Περὶ
2418 2935 2782 3014 κατηχήσεως
2872 2933 3171 3010 Τιμοθέου,
3246 2937 3338 2993 καὶ
3410 2940 3511 3003 τῆς
3585 2935 3722 2992 κατὰ

2211 3019 2553 3102 ἀποκάλυψιν
2655 3023 2912 3104 ἀφίξεως,
3010 3015 3229 3104 ῌαύλου
3284 3023 3390 3104 ἱείς
3465 3023 3720 3084 Μακεδο-

2211 3111 2345 3182 νίαν,
2413 3110 2466 3167 ἐν
2638 3112 2761 3195 περὶ
2817 3113 3202 3195 πίστεωςγκαὶ
3261 3105 3537 3188 σωτηρίας
3573 3115 3720 3178 τινὸς

2212 3201 2470 3275 γυναικὸς
2545 3193 2767 3266 Λυδίας·
2862 3204 2985 3279 περὶ
3063 3193 3255 3268 ίάσεως
3327 3211 3430 3275 τῆς
3505 3209 3720 3279 πνεῦμα

2209 3293 2462 3353 πύθωνος
2517 3292 2752 3374 ἐχούσης
2818 3291 3135 3374 παιδίσκης,
3195 3292 3265 3350 δι’
3323 3296 3390 3368 ἢν
3443 3298 3534 3352 τὸν
3572 3299 3723 3352 Ηαῦ-

2212 3378 2308 3435 λον
2375 3383 2656 3458 καθεῖρξαν
2723 3383 2780 3437 οἱ
2841 3380 3117 3440 δεσπόται.
3159 3384 3288 3461 Περὶ
3345 3389 3442 3446 τοῦ
3483 3378 3722 3459 συμϐάν-

2209 3491 2303 3534 τος
2333 3469 2453 3552 ’ἐκεῖ
2490 3477 2715 3545 σεισμοῦ
2755 3473 2844 3530 καὶ
2885 3473 3180 3547 θαύματος,
3248 3473 3341 3530 καί
3414 3475 3565 3536 ὅπως
3626 3495 3724 3529 πι-

2210 3559 2431 3622 στεύσας
2509 3562 2537 3615 ὁ
2610 3561 3002 3637 είρκοτοφύλαε
3080 3562 3132 3618 ἐν
3213 3562 3349 3638 αὐτῇ
3423 3567 3493 3639 τῇ
3566 3563 3717 3620 νυκτὶ

2210 3645 2506 3720 ἐϐαπτίσθη
2619 3660 2964 3730 παραχρῆμα
3039 3655 3352 3725 ῙῙανέστιος,
3428 3655 3535 3725 ὅτι,
3608 3675 3718 3710 πα·

2212 3737 2576 3814 ρακλτ,θὲντες
2687 3740 2913 3813 ἐξῆλθον
2997 3743 3057 3799 ἐκ
3144 3749 3242 3801 τοῦ
3334 3741 3716 3819 δεσμωτηρίου

2208 3828 2332 3884 τότε
2371 3829 2423 3884 οἳ
2457 3828 2790 3888 ἀπόστολοι.

2203 3918 2331 3993 Περὶ
2442 3909 2678 3982 στάσεως
2789 3919 3091 3997 γενομένης
3204 3922 3255 3978 ἐν
3357 3921 3724 3996 Θεσσαλονίκῃ

2205 4007 2558 4080 κηρύγματος
2666 4008 2866 4078 ἓνεκεν,
2963 4018 3142 4088 φυγῆς
3213 4032 3272 4066 τε
3346 4011 3565 4068 Πούλου
3640 4010 3722 4066 είς

2212 4099 2459 4173 Βέροιαν,
2497 4098 2742 4154 κάκεῖθεν
2785 4099 2861 4164 είς
2897 4102 3153 4170 Ἀθήνας.

2211 4186 2340 4260 Περὶ
2404 4194 2504 4257 τῆς
2553 4188 2604 4244 ἐν
2665 4189 2922 4259 ³Δοιςναις
2995 4184 3306 4263 ἐπιϐωμίου
3347 4192 3585 4270 γραφῆς,
3627 4209 3721 4267 φι-

2210 4275 2452 4357 λοσόφου
2522 4297 2582 4332 τε
2649 4277 3004 4352 κηρύγματος
3080 4278 3171 4334 καὶ
3246 4274 3516 4341 εὐσεϐείας
3572 4276 3726 4335 Παύ-

2211 4364 2336 4423 λου.

2211 4456 2344 4530 Ηερὶ
2413 4455 2616 4514 Ἀκύλα
2679 4457 2771 4512 καὶ
2827 4455 3194 4534 Πρισκίλλης,
3252 4457 3347 4514 καὶ
3388 4465 3488 4528 τῆς
3532 4461 3726 4534 Κοριν-

2212 4544 2341 4600 θίων
2419 4544 2712 4617 ἀπειθείας,
2779 4554 2878 4618 τῆς
2945 4569 3004 4603 τε
3062 4548 3199 4604 κατὰ
3269 4546 3582 4624 πρόγνωσιν
3637 4545 3723 4602 ἐπ’

2212 4633 2406 4697 αὐτοὺς
2483 4633 2736 4700 εὐδοκίας
2828 4641 2925 4692 τοῦ
3016 4641 3151 4693 Θεοῦ
3239 4635 3719 4714 ἀποκαλυφθείσης

2213 4722 2437 4798 Ηαύλῳ⁶
2514 4725 2566 4781 ἐν
2643 4726 2690 4798 ᾧ
2763 4727 2888 4803 περὶ
2963 4727 3211 4802 Κρίσπου
3259 4727 3719 4802 ἀρχισυναγώγου

2209 4815 2591 4880 πιστεύσαντος
2668 4816 2759 4872 σὺν
2833 4817 3036 4893 ὲτέροις
3111 4817 3222 4873 τισὶ
3324 4816 3415 4872 καὶ
3525 4817 3722 4893 βαπτι-

2210 4907 2445 4969 σθὲντος.
2523 4907 2607 4962 ’ὁτι
2685 4907 2918 4969 στάσεως
2990 4906 3310 4978 κινηθείσης
3383 4905 3435 4961 ἐν
3515 4906 3716 4980 Κορίν·

2211 4997 2306 5067 θῳ,
2378 4996 2406 5050 ὁ
2474 4993 2687 5057 Παῦλος
2759 4996 3207 5071 ὑπανεχώρησεν,
3277 4993 3450 5060 ἐλθών
3514 5015 3572 5050 τε
3645 4994 3724 5058 εἰς

2211 5085 2344 5164 "Ep:
2382 5102 2439 5138 ον
2516 5085 2603 5138 καὶ
2674 5081 2984 5160 διαλεχθεὶς
3043 5084 3255 5157 ἐξῆλθε·
3323 5082 3444 5158 περῖ
3513 5083 3719 5140 Ἀπολ·

2212 5167 2295 5225 λὼ
2335 5170 2526 5244 ἀνδρὸς
2564 5170 2757 5248 λογίου
2792 5193 2852 5227 τε
2889 5173 2978 5229 καὶ
3022 5176 3237 5230 πιστοῦ.

2221 5260 2348 5334 ΙΙερὶ
2419 5260 2789 5334 βαπτίσματος
2855 5260 2944 5316 καὶ
3010 5267 3109 5330 τῆς
3175 5265 3273 5316 τοῦ
3340 5258 3495 5336 ἀγίού
3558 5259 3722 5316 ΙΙνεύ-

2219 5368 2386 5420 ματος
2447 5345 2654 5424 δωρεᾶς
2722 5346 2970 5420 δοθείσης
3038 5346 3127 5404 διὰ
3190 5356 3508 5425 προσευχῆς
3575 5346 3724 5405 Ηαύ-

2214 5434 2316 5492 λου
2389 5443 2510 5499 τοῖς
2584 5435 2636 5492 ἐν
2713 5439 2925 5516 Ἐφέσῳ
3000 5438 3336 5508 πιστεύωσι,
3431 5436 3522 5493 καὶ
3602 5435 3726 5508 περὶ

2215 5523 2411 5590 ίάσεως
2447 5527 2546 5582 τοῦ
2583 5516 2740 5584 λαοῦ·
2798 5515 2860 5583 ἐν
2925 5525 2972 5602 ᾧ
3036 5528 3158 5604 περὶ
3199 5531 3308 5584 τῶν
3347 5526 3480 5583 υἱῶν
3524 5527 3724 5596 Σκευᾶ,

2214 5617 2303 5674 καὶ
2363 5615 2446 5673 ὅτι
2507 5615 2570 5673 ού
2630 5613 2715 5674 δεῖ
2775 5623 3125 5697 προσχωρεῖν
3191 5617 3440 5683 ἀπίστοις
3495 5616 3590 5675 καὶ
3630 5615 3728 5673 ἀν-

4095 2995 4098 3020 |
