4098 6260
164 2196 175 2241 Ε

42 116 213 959 Ἰ

164 3394 179 3499 τί

12 3502 185 4581 i/

12 4568 15 4663 ἓ
88 4588 103 4715 ξ

341 353 409 414 M
1328 356 1729 418 COMMENT.
1779 357 1856 416 ΙΝ
1900 357 1990 417 AC

2077 359 2102 417 ἱ
2142 361 2760 435 APUSTOLORUM.
3666 389 3746 448 42

480 486 651 559 ἀξίοις
696 494 806 557 τῆς
866 487 1097 549 πίστεως
1151 486 1479 563 γενομένοις.
1543 490 1638 544 Καὶ
1692 489 1815 565 περὶ
1876 490 1989 561 ἐξο-
2023 492 2080 561 Α

487 576 861 650 μολογήσεως
942 578 1045 631 τῶν
1128 577 1503 633 πιστευόντων·
1592 579 1715 654 περὶ
1788 587 1889 648 τῆς
1946 580 1997 635 ἐν

489 666 706 741 Ἐφέσῳ
834 666 1148 736 κινηθείσης
1262 668 1500 729 στάσεως
1631 668 1733 723 ὑπὸ
1833 677 1906 739 Δη
1918 692 1992 741 μη

482 754 647 827 τρίου
724 759 823 809 τοῦ
878 755 1256 831 ἀργυροκόπου
1330 756 1466 811 κατά
1554 762 1661 811 τῶν
1765 756 1995 813 ἀποστό-

481 842 621 899 λων.

334 934 441 998 κθ’·
508 930 770 1008 Περίοδος
824 933 1067 1003 Παύλου,
1128 932 1181 989 ἐν
1233 934 1270 1010 ἦ
1323 937 1389 990 τὰ
1437 934 1560 1010 περὶ
1618 937 1845 999 θανάτου
1899 937 1990 992 καὶ

487 1022 841 1092 ἀνακλήσεως
941 1024 1198 1102 Εὐτύχου
1325 1021 1415 1078 διὰ
1525 1033 1837 1101 προσευχῆς
1938 1026 1988 1081 ἐν

480 1110 723 1185 Τρῳάδι.
832 1113 1146 1184 ΙΙαραίνεσίς
1272 1134 1331 1168 τε
1430 1113 1594 1168 αὐτοῦ
1646 1120 1983 1186 ποιμαντική

482 1201 621 1276 πρῦς
696 1202 823 1264 τοῦς
923 1201 975 1256 ἐν
1067 1203 1276 1282 Ἐφέσῳ
1378 1199 1798 1278 πρεσϐυτέρους·
1832 1202 1884 1258 ἐν
1940 1206 1986 1277 ᾧ

482 1288 813 1361 παράπλους
871 1290 1090 1346 Παύλου
1161 1292 1265 1347 ἀπὸ
1350 1294 1576 1371 Ἐφέσου
1662 1290 1794 1367 ἄχρι
1847 1297 1982 1351 Και-

474 1381 691 1453 σαρείας
722 1388 823 1449 τῆς
855 1381 1241 1453 Παλαιστίνης.

322 1469 387 1527 λ’.
461 1466 709 1547 Ἀγὲϐου
767 1471 1073 1550 προφητεία
1153 1472 1276 1544 περὶ
1359 1476 1467 1527 τῶν
1546 1468 1977 1546 συμϐησομένων

470 1566 557 1632 τῷ
588 1558 792 1633 Παύλῳ
832 1559 884 1616 ἐν
917 1559 1303 1635 Ἰερουσαλήμ..
1380 1632 1381 1635 η

326 1651 427 1707 λα’.
498 1651 820 1711 Ιιαςαίνεσις
884 1646 1141 1709 Ἰακώϐου
1198 1652 1334 1726 πρὸς
1420 1651 1636 1708 Παῦλον
1702 1656 1825 1730 περί
1884 1660 1979 1710 τοῦ

473 1742 556 1814 μὴ
592 1738 769 1795 δοκεῖν
804 1736 1092 1815 Ἐϐραίους
1125 1740 1558 1816 περιτέμνεσθαι.

322 1916 425 1994 λβ“.
494 1921 627 1993 Περί
713 1926 815 1988 τῆς
874 1918 925 1974 ἐν
981 1920 1350 1995 Ἰερουσαλὴμ.
1406 1923 1544 1977 κατᾶ
1598 1926 1694 1977 τοῦ
1752 1916 2017 1987 Παύλουξ

462 2008 788 2077 κινηθείσης
875 2008 1112 2078 ἀταξίας,
1181 2008 1330 2071 ὅπως
1416 2031 1473 2065 τε
1557 2011 1717 2067 αὐτὸν
1796 2014 1823 2067 ὁ
1885 2032 1974 2089 χιε

464 2096 709 2172 λίαρχος
778 2101 876 2152 τοῦ
951 2098 1200 2169 πλήθους
1257 2098 1567 2171 ἐξαιρεῖται,
1623 2100 1675 2155 ἐν
1735 2103 1780 2174 ᾦ
1829 2104 1973 2157 Παύ-

469 2184 575 2241 λου
630 2186 957 2247 κατάστασις
1048 2188 1171 2262 περὶ
1256 2188 1448 2244 ἑαυτοῦ
1531 2190 1621 2244 καὶ
1717 2194 1815 2257 τῆς
1899 2193 1975 2255 εἷς

474 2272 785 2343 ἀποστολήν
845 2276 1008 2330 αὐτοῦ
1066 2276 1337 2347 κλήσεως.
1403 2278 1529 2352 Περὶ
1585 2280 1657 2333 ὧν
1723 2281 1750 2334 ὁ
1810 2282 1969 2337 Ἀνοι⁹

477 2364 596 2424 νίας
654 2367 765 2419 εἶπε
836 2365 975 2439 πρὸς
1057 2366 1149 2419 τὸν
1237 2366 1454 2423 Ηαῦλον
1539 2367 1591 2421 ἐν
1679 2378 1969 2443 Δαμασκῶ,

469 2455 725 2515 ὀπτασίας
786 2475 845 2508 τε
903 2454 991 2508 καὶ
1046 2461 1232 2533 φωνῆς
1288 2460 1421 2511 Θεοῦ
1481 2458 1783 2533 γενομένης
1841 2462 1972 2514 ποτε

461 2545 598 2617 πρὸς
632 2543 795 2598 αύτέν
827 2542 881 2597 ἐν
936 2548 1016 2615 τῷ
1073 2546 1222 2618 ἱερῷ·
1285 2546 1367 2601 ὅτι
1432 2546 1652 2618 μέλλων
1708 2549 1794 2603 ἐπὶ
1851 2550 1974 2605 τού-

454 2655 573 2696 τοις
607 2634 638 2688 ὁ
684 2631 903 2694 Παῦλος
951 2633 1266 2706 τύπτεσθαι,
1326 2635 1492 2692 εἰπὼν
1552 2636 1636 2693 ὅτι
1693 2639 1969 2713 Ῥωμαῖός

458 2725 595 2794 εἶμι,
625 2723 811 2792 ἀνέθη.

326 2811 425 2889 λγ“.
455 2816 593 2872 Ὅσα
630 2814 662 2868 ὁ
697 2811 915 2875 Παῦλος
940 2809 1175 2877 καταϐὰς
1230 2813 1306 2875 εἷς
1356 2816 1418 2870 τὸ
1478 2814 1754 2891 συνέδριον
1809 2817 1969 2874 ἔπαθέ

455 2925 511 2959 τε
540 2905 635 2959 καὶ
670 2905 813 2958 εἷπε’
847 2903 936 2957 καὶ
968 2898 1281 2967 εὐθυϐόλως
1310 2900 1522 2978 ἔπραξε.

323 2990 421 3050 λδ’.
490 2993 620 3067 Περῖ
684 2989 988 3061 ἐπιϐουλῆς
1050 2990 1438 3066 μελετωμὲνης
1528 2995 1630 3050 ὑπὸ
1688 2994 1963 3052 Ἰουδαίων

459 3103 601 3138 κατα
692 3080 936 3151 Παύλου,
1028 3084 1120 3136 καὶ
1212 3082 1493 3154 μηνύσεως
1575 3084 1743 3155 αὐτῆς
1828 3089 1964 3160 πρὸς

466 3171 686 3225 Λυσίαν.
780 3171 868 3227 Ἑν
922 3171 969 3243 ᾧ
1028 3172 1113 3226 ὅτι
1183 3172 1545 3247 παρεπέμφθη
1632 3174 1660 3228 ὁ
1750 3174 1963 3237 Παῦλος
2005 3211 2047 3277 C

472 3266 547 3329 τῷ
601 3259 829 3334 ἡγεμόνι
889 3259 963 3320 εἷς
1031 3266 1357 3336 Καισαρειαν
1424 3263 1559 3333 μετὰ
1617 3270 1963 3338 στρατιωτῶν

476 3349 565 3402 καὶ
597 3350 948 3425 γραμμάτων.

336 3435 428 3492 λε’.
483 3439 787 3512 Τερτύλλου
864 3440 989 3515 περὶ
1048 3439 1267 3496 Παύλου
1326 3443 1663 3517 κατηγορία,
1721 3445 1809 3498 καὶ
1868 3445 1967 3500 αὖ·

465 3534 558 3584 τοῦ
580 3529 859 3605 ἀπολογία
886 3530 973 3587 ἐπὶ
1005 3535 1099 3587 τοῦ
1120 3533 1410 3606 ἡγεμόνος.

318 3616 581 3693 λς“.Περῖ
619 3626 725 3688 τῆς
793 3618 1042 3690 Φήλικος
1101 3617 1388 3697 διαδοχῆς,
1448 3623 1537 3677 καὶ
1588 3630 1687 3692 τῆς
1745 3625 1965 3693 Φήστου

453 3716 830 3786 προαγωγῆς,
914 3716 1014 3779 τῆς
1114 3731 1173 3765 τε
1254 3709 1338 3765 ἐπ’
1416 3711 1582 3767 αὐτοῦ
1638 3712 1965 3788 ἀνακρίσεως

443 3799 680 3855 Παύλου
710 3799 801 3853 καὶ
832 3797 1085 3879 ἐφέσεως.

302 3886 398 3957 λζ’.
444 3890 742 3964 Ἀγρίππα
799 3889 889 3943 καὶ
948 3889 1201 3964 βερνίκης
1255 3889 1543 3964 παρουσία,
1601 3892 1691 3946 καὶ
1750 3894 1964 3954 πεύσεις

437 3986 553 4034 τῶν
631 3979 775 4033 κατὰ
845 3978 1084 4035 Παῦλον·
1149 3982 1201 4033 ἐν
1254 3980 1300 4051 ᾧ
1383 3978 1602 4034 Παύλου
1685 3981 1962 4058 ἀπολογία

439 4069 527 4124 ἐπ’
601 4067 787 4123 αὐτῶν
869 4067 991 4141 περῖ
1046 4074 1143 4136 τῆς
1228 4067 1454 4139 ἐννόμου
1511 4070 1798 4143 θρησκείας
1865 4071 1964 4127 αὖ·

441 4163 547 4215 τοῦ
612 4156 711 4212 καὶ
762 4157 1012 4227 κλήσεως
1070 4155 1148 4218 εἴς
1207 4155 1269 4211 τὸ
1326 4156 1684 4231 Εὐαγγὲλιον·
1745 4160 1818 4221 ὡς
1868 4160 1957 4215 οὐ·

437 4244 529 4301 δὲν
622 4241 807 4299 ἀδικεῖ
889 4240 1182 4306 Ἰουδαίους
1252 4245 1281 4299 ὁ
1335 4243 1571 4318 Παῦλος,

432 4335 541 4413 ἔφη
578 4338 671 4404 τῷ
702 4334 924 4405 Φήστῳ.

283 4425 395 4496 λη’.
458 4423 667 4484 Πλοῦς
751 4420 975 4477 Παύλου
1050 4421 1135 4478 ἐπὶ

431 4512 730 4568 πλείστων
800 4511 888 4565 καὶ
969 4513 1231 4586 μεγίστων
1292 4510 1572 4584 ἔμπλεως·
1623 4512 1673 4568 ἐν
1727 4516 1771 4587 ᾧ
1818 4536 1954 4589 παρ-

1657 4247 1959 4324 Ἀγρίππας

433 4602 655 4661 αἰνεσις
743 4598 967 4656 Παύλου
1049 4601 1185 4675 πρὸς
1258 4601 1386 4662 τοὺς
1471 4602 1562 4656 σὺν
1625 4603 1776 4675 αὐτῷ
1832 4578 2035 4679 περὶθ

430 4690 682 4751 ἐλπίδος
768 4689 1057 4765 σωτηρίας.
1133 4691 1400 4767 Ναυάγιον
1478 4691 1720 4763 Παύλου,
1807 4692 1955 4756 ὅπως

425 4805 490 4838 τε
548 4780 898 4849 διεσώθησαν
980 4779 1056 4844 εἷς
1139 4779 1377 4851 Μελίτην
1462 4782 1562 4850 τήν
1627 4790 1811 4853 νῆσον,
1867 4786 1957 4841 καὶ

432 4875 546 4928 ὅσα
583 4871 642 4926 ἐν
675 4869 821 4943 αὖτῇ
846 4872 874 4924 ὁ
907 4868 1121 4934 Παῦλος
1149 4868 1682 4948 ἐθαυματούργησεν.

276 4962 381 5022 λθ’.
416 4964 638 5021 ’Ὅπως
698 4958 805 5012 ἀπὸ
860 4955 1119 5028 Μελίτης,
1168 4957 1243 5019 είς
1288 4960 1507 5032 Ῥώμην
1562 4962 1896 5032 κατήντησεν
1929 4966 1957 5017 ὁ

428 5049 703 5109 Παῦλος.

279 5143 356 5212 μ’.
392 5140 542 5215 Περὶ
590 5135 891 5210 διαλὲξεως
943 5136 1160 5192 Παύλου
1212 5144 1313 5206 τῆς
1362 5138 1499 5213 πρὸς
1522 5140 1649 5204 τοὺς
1677 5138 1730 5195 ἔν
1762 5143 1956 5218 Ῥώμῃ

422 5225 629 5288 Ἰούδα
639 5226 775 5285 ίους.

2250 500 2375 555 item
2405 504 2471 558 de
2500 510 2832 576 confessione
2857 513 3218 581 credentium,
3248 518 3314 571 de
3342 524 3490 573 mota
3545 520 3751 589 Ephesi

2244 590 2513 649 seditione
2536 613 2571 652 a
2596 599 2873 656 Demetrio
2925 604 3089 670 fabro
3143 611 3461 675 argentario
3490 611 3748 667 adversus

2247 682 2539 747 apostolos.

2095 943 2181 997 29.
2229 945 2509 1005 Circuitus
2563 954 2749 1021 Pauli,
2802 958 2863 1010 in
2894 974 3000 1028 quo
3056 962 3224 1016 etiam
3276 972 3541 1020 narratur
3585 983 3738 1024 mors

2239 1037 2474 1107 Eutychi
2522 1048 2575 1096 et
2632 1060 2665 1097 a
2704 1053 2877 1100 morte
2931 1052 3205 1104 revocatio
3268 1069 3374 1121 per
3436 1058 3740 1111 orationem

2238 1123 2421 1178 Pauli.
2456 1129 2789 1186 Adhortatio
2832 1136 3007 1202 ipsius
3059 1138 3276 1206 qualem
3323 1140 3508 1195 deceat
3539 1143 3737 1199 habere

2229 1220 2500 1281 pastorem
2552 1219 2623 1273 ad
2646 1224 2989 1291 presbyteros
3028 1226 3129 1295 qui
3182 1236 3343 1283 erant
3397 1233 3644 1301 Ephesi:
3675 1233 3736 1289 in

2231 1318 2341 1371 quo
2371 1312 2448 1360 est
2477 1313 2528 1361 ct
2557 1310 2722 1365 Pauli
2772 1318 3266 1387 praeternavigatio
3306 1321 3374 1375 ab
3403 1322 3618 1391 Epheso
3642 1340 3735 1378 us-

2226 1409 2332 1462 que
2362 1397 2658 1454 Caesaream
2687 1404 3063 1462 Palastinam.

2086 1481 2171 1533 30.
2216 1482 2389 1549 Agabi
2433 1489 2731 1557 prophetia
2785 1493 2851 1547 de
2904 1494 2989 1549 his
3039 1512 3156 1566 qua:
3210 1501 3406 1566 futura
3463 1510 3639 1569 erant,
3674 1513 3734 1559 ut

2228 1572 2402 1626 Pnulo
2431 1575 2784 1646 Jerosolymis
2812 1584 3218 1651 contingerent.

2084 1658 2173 1711 31.
2217 1658 2539 1718 Adhortatio
2567 1667 2757 1721 Jacobi
2795 1670 2871 1723 ad
2925 1672 3180 1738 Paulum,
3237 1692 3297 1731 co
3327 1678 3474 1747 quod
3528 1681 3732 1736 Paulus

2224 1750 2500 1806 diceretur
2551 1771 2663 1809 non
2701 1760 2963 1827 judicare
3028 1764 3282 1821 Hebraeos
3337 1769 3731 1826 circumciden-

2225 1838 2320 1893 dos
2330 1880 2341 1891 .

2084 1925 2178 1982 32.
2212 1928 2289 1981 De
2314 1931 2582 1986 seditione
2611 1941 2757 1989 mota
2783 1937 3134 2008 Jerosolymis
3181 1943 3443 2000 adversus
3471 1949 3726 2017 Paulum,

2224 2023 2275 2070 et
2306 2021 2576 2087 quomodo
2628 2024 2809 2093 ipsum
2868 2028 3118 2084 tribunus
3146 2047 3181 2085 a
3213 2033 3572 2091 multitudine
3627 2041 3729 2092 eri-

2215 2110 2427 2177 puerit,
2464 2126 2517 2164 in
2548 2127 2655 2181 quo
2713 2116 2883 2169 etiam
2929 2126 3126 2173 narrat
3192 2121 3381 2177 ordine
3427 2126 3631 2181 Paulus
3661 2128 3727 2181 de

2220 2199 2414 2267 seipso,
2445 2202 2639 2271 suique
2669 2204 2742 2258 ad
2770 2208 3133 2275 apostolatum
3176 2213 3481 2268 vocatione.
3537 2217 3611 2270 De
3642 2217 3726 2271 his

2223 2302 2343 2355 qua:
2375 2288 2448 2342 ad
2478 2291 2711 2346 Paulum
2741 2294 2889 2348 dixit
2934 2298 3205 2366 Ananias,
3237 2318 3299 2355 ac
3328 2305 3537 2358 visione
3562 2322 3722 2360 voce-

2221 2381 2325 2433 que
2356 2368 2449 2421 Dei
2497 2371 2570 2423 ad
2625 2388 2745 2425 eum
2794 2377 3073 2443 quondam
3112 2381 3169 2432 in
3202 2382 3401 2451 templo
3455 2387 3641 2452 facta:
3673 2392 3726 2441 et

2222 2470 2345 2507 cum
2369 2462 2495 2524 post
2532 2456 2644 2512 haec
2674 2461 2743 2513 ab
2774 2463 2849 2515 eis
2897 2465 3264 2523 verberandus
3294 2478 3425 2525 esset
3474 2474 3677 2530 Paulus
3705 2493 3724 2529 .'

2220 2541 2315 2594 ubi
2342 2558 2396 2595 se
2424 2544 2731 2600 Romanum
2761 2563 2868 2602 esse
2904 2550 3151 2620 dixisset,
3180 2554 3442 2611 liberatus
3463 2566 3560 2615 est.

2074 2805 2162 2860 33.
2203 2809 2280 2861 De
2310 2809 2396 2864 his
2427 2825 2554 2880 quae
2583 2814 2791 2869 Paulus
2820 2817 3144 2876 descendens
3170 2823 3227 2876 in
3257 2826 3551 2881 concilium
3586 2846 3718 2898 pas-

2214 2911 2302 2950 sus
2332 2906 2408 2952 est
2437 2905 2489 2952 et
2519 2907 2662 2955 recte
2690 2904 2796 2956 sibi
2824 2908 3110 2963 consulens
3139 2912 3287 2979 fecit.

2075 2985 2162 3039 34.
2203 2986 2280 3039 De
2313 2988 2528 3043 insidiis
2562 2992 2737 3045 Paulo
2768 2993 3055 3052 intentatis
3102 3016 3136 3053 a
3185 3002 3410 3069 Judaeis,
3467 3012 3520 3059 et
3570 3011 3718 3078 quod

2216 3077 2396 3143 Lysiae
2442 3078 2717 3148 judicutae
2771 3086 2930 3137 sint:
2987 3088 3045 3140 in
3094 3104 3203 3157 quo
3258 3100 3526 3148 narratur
3569 3077 3718 3165 quod

2221 3165 2568 3222 transmissus
2614 3171 2685 3223 sit
2740 3172 2944 3227 Paulus
3005 3176 3303 3234 Cesaream
3330 3182 3404 3235 ad
3423 3185 3713 3252 praesidem

2220 3270 2343 3308 cum
2372 3258 2638 3313 militibus
2667 3265 2718 3313 et
2749 3260 2968 3317 litteris.

2208 3435 2441 3491 Tertulli
2470 3442 2745 3494 accusatio
2770 3443 3026 3499 adversus
3071 3446 3326 3517 Paulum,
3361 3458 3415 3506 et
3443 3454 3617 3523 ipsius
3648 3457 3721 3510 ad

2206 3527 2506 3594 prcrsidem
2544 3528 2805 3596 defensio.

2070 3614 2157 3667 36.
2200 3614 2273 3668 De
2320 3616 2497 3683 felicis
2552 3619 2903 3685 defunctioue
2961 3625 3211 3696 Festique
3253 3633 3606 3701 successione,
3665 3642 3718 3689 et

2211 3704 2373 3757 Pauli
2401 3704 2469 3758 ab
2500 3721 2560 3760 eo
2590 3708 3026 3777 interrogatione
3055 3719 3107 3767 et
3127 3718 3542 3785 provocatione.

2067 3880 2153 3934 37.
2198 3883 2464 3953 Agrippa
2494 3890 2545 3938 et
2563 3886 2817 3942 Bernices
2847 3889 3131 3959 adventus,
3159 3909 3222 3947 ac
3247 3896 3703 3967 interrogationes

2207 3971 2271 4024 de
2299 3972 2458 4026 rebus
2515 3988 2638 4041 quae
2687 3976 2924 4031 Paulum
2973 3983 3374 4039 concernebant
3402 4002 3420 4039 :
3478 3990 3537 4043 in
3594 4007 3703 4061 quo

2209 4062 2375 4114 etiam
2405 4067 2668 4116 narratur
2696 4065 2860 4118 Pauli
2888 4066 2962 4120 ad
3013 4084 3077 4122 ea
3131 4077 3433 4143 responsio,
3481 4077 3545 4133 de
3572 4079 3710 4149 legi-

2209 4149 2341 4201 timo
2382 4149 2534 4202 cultu
2588 4166 2687 4203 suo
2736 4158 2788 4206 et
2846 4158 3126 4211 vocatione
3178 4161 3251 4213 ad
3299 4164 3659 4233 Evangelium
3691 4188 3709 4224 :

2206 4239 2357 4307 quod
2405 4239 2665 4307 Agrippa
2720 4239 2930 4295 dixerit
2986 4246 3139 4300 Festo
3177 4249 3417 4305 Paulum
3464 4255 3523 4307 in
3554 4258 3709 4312 nullo

2203 4327 2425 4381 Iudaeos
2447 4328 2664 4396 injuria
2693 4330 2962 4399 affecisse.

1232 4424 1474 4497 Ῥώμην,
1560 4422 1820 4480 κινδύνων
1900 4448 1960 4482 τε

2077 4416 2149 4469 38.
2189 4414 2356 4469 Pauli
2396 4416 2621 4469 Romam
2673 4433 2856 4473 versus
2907 4423 3194 4492 navigatio
3242 4426 3505 4496 plurimis
3528 4435 3713 4487 maxi—

2205 4507 2415 4574 misque
2446 4506 2617 4574 plena
2638 4509 2904 4575 periculis
2934 4526 2952 4563 :
2983 4514 3040 4565 in
3081 4529 3187 4583 quo
3244 4518 3513 4573 narratur
3542 4524 3715 4578 etiam

2206 4593 2374 4649 Pauli
2404 4595 2725 4649 exhortatio
2756 4597 2825 4651 ad
2853 4615 2939 4653 eos
2968 4603 3065 4669 qui
3107 4619 3284 4658 secum
3315 4614 3473 4662 erant
3517 4610 3581 4665 de
3622 4628 3716 4682 spe

2207 4683 2415 4739 salutis.
2452 4685 2825 4753 Naufragium
2861 4688 3047 4755 Pauli,
3101 4699 3290 4764 etquo
3346 4698 3506 4754 modo
3564 4704 3715 4757 inco~

2212 4773 2377 4827 lumes
2455 4780 2742 4828 evaserunt
2797 4776 2857 4828 in
2904 4778 3127 4834 Meliten
3194 4784 3451 4855 insulam,
3529 4806 3716 4860 quave

2208 4861 2479 4915 miracula
2510 4862 2717 4917 Paulus
2738 4865 2796 4917 in
2819 4880 2881 4919 ea
2910 4875 3166 4936 cperatus
3185 4870 3279 4929 sit.

2068 4953 2155 5005 39.
2189 4949 2463 5015 Quomodo
2493 4964 2527 5002 a
2545 4949 2730 5004 Melite
2759 4952 2989 5009 Romam
3006 4961 3263 5026 pervenit
3309 4963 3537 5021 Paulus.

2067 5142 2156 5195 40.
2195 5139 2349 5195 Scita
2382 5135 2542 5190 Pauli
2572 5139 2759 5193 concio
2789 5141 2863 5195 ad
2910 5144 3135 5204 Judzos
3176 5150 3274 5219 qui
3303 5154 3496 5212 [tanta
3545 5154 3713 5225 dege-

2212 5229 2361 5282 bant.

1160 5351 1282 5407 Εἱσὶ
1312 5351 1378 5406 τὰ
1408 5352 1502 5424 μὲν
1536 5350 1799 5424 αὐτοτελῆ
1834 5355 2106 5436 πεφάκαια
2140 5353 2217 5426 μ’.

1162 5449 1245 5506 Τὰ
1276 5444 1333 5504 δὲ
1359 5449 1929 5527 τούτοιςςῦποκείμενα
1953 5458 2059 5529 μς.

755 5782 994 5842 ΡΑτιιοι..
1036 5785 1139 5845 Gn.
1180 5789 1435 5849 CXVIII.

3322 5785 3358 5837 2
