4098 6260
329 388 408 448 ω

345 511 3474 539 WW—

1452 371 1870 437 (ECUMENII
1913 373 1986 434 Tl

2106 371 2218 432 ΒΑΕ
2259 373 2385 433 EPl
2397 369 2622 431 SCOPI
3678 371 3752 431 44

3481 515 3727 524 -—.—_——_

799 648 1428 747 ΕΞΗΓΗΣΙΣ
1501 643 1760 742 ΤΩΝ
1834 643 2237 742 ΠΑΛΑΙ
2291 641 2682 739 ΑΓΙΩΝ
2757 639 3273 737 ΑΝΔΡΩΝ

1761 837 1899 895 ΥΙΙΟ
1945 835 2330 893 ΑΝΩΝΥΜΟΥ

976 987 1780 1121 ΗΚΑΙΥΠΟ
1883 983 3134 1117 ΟΙΚΟΥΜΕΝΙΟΥ

789 1218 884 1274 Ἐκ
913 1214 1186 1294 διαφόρων
1217 1211 1626 1288 ὑπομνημάτων
1660 1210 2029 1286 συλλεχθεῖσά
2055 1230 2114 1265 τε
2142 1209 2229 1264 καὶ
2272 1203 2638 1283 ἀκριϐωθεῖσα
2682 1207 2758 1268 εἰς
2791 1209 3040 1280 συνοψιν,
3074 1205 3151 1266 εἷς
3183 1205 3280 1265 τὰς

1640 1303 1866 1378 Πράξεις
1905 1306 2012 1356 τῶν
2043 1297 2421 1358 ’Δποστόλων,

643 1633 1302 1724 ENARBATIO
1397 1631 1960 1722 VETEliUM
2077 1628 2774 1720 SANCTORUM
2877 1628 3426 1719 VIBORUM

1793 1812 1880 1866 AB
1935 1811 2278 1867 ANONYMO

1102 1969 1475 2122 IMO
1546 1968 1826 2122 AB
1938 1965 3053 2121 CECUMENIO

821 2230 912 2284 Ea:
939 2228 1168 2283 diversis
1194 2227 1557 2282 monumentis
1587 2225 1814 2281 collecta
1846 2230 1898 2279 et
1927 2229 2182 2279 accurate
2211 2225 2268 2277 in
2308 2223 2688 2293 compendium
2729 2221 2974 2289 redacta,
3006 2222 3065 2276 in
3093 2220 3235 2278 Acta

1825 2314 2204 2385 apostolorum
2224 2353 2238 2367 .

831 2660 872 2713 1
920 2658 1152 2712 CAPUT
1184 2659 1481 2713 PRIMUM.

331 2751 408 2804 De
433 2748 686 2803 doctrina
717 2747 940 2802 Christi.
973 2762 1094 2815 qua
1133 2749 1242 2809 fuit
1285 2764 1319 2800 a
1360 2747 1752 2800 resurrectione
1782 2750 1832 2798 et
1881 2761 1979 2814 ap-

396 2821 680 2890 paritione
711 2820 783 2872 ad
822 2817 1116 2890 discipulos
1148 2834 1166 2870 :
1196 2824 1248 2872 et
1287 2818 1353 2871 de
1399 2816 1980 2890 promissionesanrtz

403 2887 664 2960 Spiritus,
695 2891 762 2944 de
791 2887 920 2960 visa
970 2889 1178 2942 Christi
1228 2891 1619 2959 assumptione,
1676 2894 1727 2942 et
1758 2887 1824 2941 de
1861 2887 1983 2956 glo-

402 2959 550 3017 rioso
577 2963 695 3032 ejus
723 2959 957 3015 secundo
988 2960 1246 3030 adventu,

401 3195 446 3262 Ι,
482 3197 506 3249 1
551 3197 604 3248 2.
643 3214 666 3246 ι
703 3194 970 3249 Priorem
1000 3193 1242 3265 quidem
1276 3192 1496 3248 librum
1536 3191 1647 3248 feci
1679 3191 1752 3247 de
1791 3192 1986 3247 omni-

335 3305 357 3333 ε
394 3283 528 3351 bus,
561 3299 594 3337 ο
621 3283 967 3355 Theophile,
1028 3299 1163 3354 quas
1197 3283 1376 3353 coepit
1423 3284 1590 3337 Jesus
1619 3289 1676 3336 et
1703 3282 1897 3337 facere
1929 3285 1988 3335 et

331 3394 360 3422 «
395 3372 629 3434 docere,
662 3387 850 3442 usque
881 3371 954 3427 ad
988 3388 1123 3425 eum
1153 3371 1332 3432 diem,
1369 3388 1485 3441 quo
1519 3380 1672 3439 (cum
1703 3370 1987 3441 apostolis

336 3483 365 3510 ‹‹
396 3461 781 3532 praecepisset
810 3477 916 3531 per
947 3461 1230 3531 Spiritum
1277 3466 1572 3526 sanctum,
1606 3476 1754 3530 quos
1804 3459 1990 3530 elege-

340 3572 370 3600 ‹‹
401 3552 511 3619 rat)
543 3555 886 3621 assumptus
917 3556 1026 3604 est.
1065 3573 1087 3599 ι

411 3659 440 3688 ‹‹
471 3637 740 3693 Priorem
770 3637 993 3692 librum
1026 3657 1055 3686 »
1083 3636 1394 3702 dixit,non
1418 3637 1820 3709 Evangelium,
1855 3650 1990 3690 cum

337 3732 541 3782 tamen
571 3726 789 3782 Paulus
821 3743 994 3782 suum
1025 3732 1190 3782 vocet
1215 3727 1616 3798 Evangelium,
1650 3729 1695 3783 2
1729 3725 1827 3780 ubi
1859 3725 1942 3780 ait
1971 3741 1987 3780 :

345 3837 374 3866 «
403 3817 576 3871 Juxta
605 3817 987 3888 Evangelium
1009 3819 1268 3872 meum‘.
1305 3839 1332 3865 »
1392 3818 1536 3871 Nam
1594 3815 1992 3888 arrogantiam

2013 2659 2068 2723 Α

2728 2655 2976 2710 ΚΕΦΑΛ.
3023 2654 3109 2710 A'.

2091 2752 2242 2829 Περζ
2290 2754 2394 2829 ’τῆς
2465 2751 2528 2829 Δἐξ
2622 2753 2956 2829 ἀναστάσεως
3031 2748 3426 2829 Δδιδασκαλίας
3509 2756 3752 2829 Χριστοῦ

2157 2823 2246 2903 καί
2275 2823 2539 2903 ῥπτασίας
2568 2825 2703 2896 πρὸς
2755 2825 2886 2903 τοὺς
2947 2823 3210 2903 μαθητάς
3273 2825 3360 2903 καὶ
3403 2826 3524 2897 περί
3560 2823 3753 2903 ’ἐπαγ-

2160 2893 2357 2972 γελίας⁸
2415 2893 2668 2972 τῆς-τοῦ
2744 2893 3283 2972 ἁγίου-Ἠραεόματος
3333 2893 3563 2972 δωρεᾷς,
3628 2893 3751 2960 egi;

2160 2964 2362 3038 τεκαὶ
2416 2967 2651 3038 τρόπου
2699 2964 2823 3038 Δ’τῆς
2905 2964 3228 3038 ἀναλήψεως
3305 2964 3425 3021 τοῦ’
3484 2964 3751 3038 Χοιστοῦ,

2160 3037 2430 3119 καὶιπερὶ
2477 3033 2579 3107 τῆς
2639 3033 2852 3109 ἐνδόξου
2910 3041 2998 3091 καὶ
3059 3033 3310 3113 δευτέρας
3383 3038 3547 3095 αὐτοῦ
3607 3033 3753 3119 παρξ

2164 3109 2350 3170 ουσίας

2160 3199 2318 3255 «Τὸν
2380 3199 2472 3271 μὲν
2534 3204 2750 3272 πρῶτον
2807 3197 2976 3275 λόγον
3036 3197 3385 3271 ἐποιησάμην
3439 3201 3566 3276 περὶ
3627 3203 3759 3259 πάν-

2091 3311 2121 3339 ‹‹
2151 3308 2282 3355 των,
2317 3289 2362 3342 ὧ
2393 3286 2643 3366 Θεόφιλε,
2677 3289 2751 3341 ὧν
2779 3284 2980 3361 ἤρξατο
3012 3288 3040 3342 ὁ
3071 3288 3316 3357 Ἰησοτῦς
3349 3295 3523 3344 ποιεῖν
3556 3311 3613 3346 τε
3642 3293 3754 3347 καὶ

2095 3372 2435 3439 «διδάσκειν,
2468 3375 2599 3450 ἄχρι
2635 3376 2700 3444 ἧς
2733 3378 2967 3451 ἡμέρας,
3026 3373 3399 3447 ἐντειλάμενος
3455 3384 3571 3440 τοῖς
3603 3381 3745 3434 ἀπο-

2093 3489 2122 3517 ‹‹
2157 3463 2374 3526 στόλοις
2407 3461 2496 3518 διὰ
2549 3464 2860 3537 Μνεύμανος
2919 3463 3094 3539 ἁγίου,
3143 3464 3240 3526 οὓς
3300 3465 3599 3539 ἐξελέξατο,
3635 3470 3751 3523 ἀνε-

2094 3577 2122 3604 «
2158 3550 2367 3629 λνίφθη·

2165 3665 2193 3691 ‹‹
2229 3641 2400 3715 Λόγον
2433 3666 2454 3694 ι
2491 3643 2608 3695 εἷπε
2639 3663 2667 3692 ‹‹
2699 3645 2935 3714 πρῶτον,
2961 3664 2988 3690 υ
3021 3639 3121 3695 οὐκ
3141 3639 3499 3718 Εὐαγγὲλιον,
3532 3643 3622 3696 καὶ
3654 3665 3745 3699 τοι

2098 3727 2326 3784 Παύλου
2356 3727 2697 3806 Εὐαγγὲλιον
2725 3730 2816 3783 τὸν
2847 3730 3038 3784 ἑαυτοῦ
3077 3727 3402 3800 καλοῦντος,
3444 3735 3607 3800 ἡνίκα
3639 3733 3750 3809 φά-

2096 3839 2230 3888 σκει,
2265 3843 2292 3871 (ι
2328 3819 2474 3874 Κατὰ
2503 3818 2563 3872 τὸ
2599 3815 2925 3893 Εὐαγγὲλιόν
2962 3839 3088 3888 μου.
3127 3841 3155 3869 n
3186 3819 3261 3874 Τὸ
3312 3816 3604 3892 κομπῶδες
3637 3822 3746 3893 γὰρ

346 3909 568 3980 ubique
599 3908 850 3980 fugiunt.
887 3909 1049 3964 Sicut
1078 3916 1136 3964 et
1166 3909 1497 3973 Matthazus,
1534 3928 1560 3960 ι
1585 3908 1773 3972 Liber,
1798 3906 1986 3979 inquit

2106 3911 2381 3981 πανταχοῦ
2413 3908 2719 3984 φεύγουσιν.
2754 3908 2843 3969 Ὠς
2870 3907 2960 3960 καὶ
3019 3908 3047 3961 6
3097 3913 3392 3975 Ματθαῖος,
3461 3931 3483 3958 ι
3520 3905 3746 3978 Βίϐλος,

343 3997 746 4069 generationis
769 3998 808 4052 '.
847 4019 867 4047 ι
914 3998 1079 4063 Quod
1112 3998 1161 4052 si
1194 3998 1426 4052 Marcus
1468 3997 1610 4052 dicit
1640 4013 1652 4050 :
1689 4017 1713 4047 σ
1749 3997 1986 4052 Initium

2106 3998 2339 4075 φάσκων,
2373 3995 2655 4069 γενέσεως.
2691 4019 2718 4046 ››
2771 3994 2834 4050 Εἰ
2885 3992 2943 4049 δὶ
2975 3996 3002 4050 6
3035 3995 3276 4070 Μάρκος,
3328 4019 3352 4050 α
3389 3998 3583 4071 Ἀρκή,
3643 4019 3750 4076 φη-

342 4085 641 4158 Evangelii
671 4087 807 4142 Iesu
839 4086 1055 4142 Christi
1085 4086 1129 4153 3,
1164 4110 1191 4137 ››
1233 4103 1352 4143 non
1387 4092 1584 4142 tamen
1636 4103 1803 4143 suam
1835 4088 1986 4143 Scri-

340 4179 577 4246 pturam
605 4180 771 4231 vocat
794 4175 1195 4248 Evangelium,
1229 4175 1334 4231 sed
1365 4175 1580 4230 Christi
1620 4175 1989 4247 praedicatio-

340 4280 501 4320 nem.
527 4264 768 4322 Initium
799 4265 958 4321 enim
990 4264 1429 4337 praedicationis
1459 4265 1695 4326 Christi,
1725 4265 1986 4336 fuitpro-

341 4369 580 4425 gressus
635 4369 672 4408 ει
718 4354 1140 4424 praedicatione
1209 4353 1476 4409 Joannis.
1550 4353 1793 4408 Initium
1851 4371 1985 4410 vero

341 4441 721 4497 revelationis
745 4442 1008 4513 mysterii
1030 4441 1246 4496 Christi
1271 4448 1330 4496 et
1350 4442 1782 4496 incarnationis
1800 4443 1986 4512 ipsius

337 4531 454 4587 fuit
479 4531 753 4588 nativitas
775 4548 846 4587 ex
880 4531 1129 4605 Virgine,
1162 4535 1221 4586 et
1250 4545 1622 4603 quascunque
1646 4530 1720 4585 ad
1749 4531 1875 4585 hmc
1903 4549 1988 4587 se-

339 4626 476 4676 cuta
504 4626 662 4677 sunt.
695 4622 818 4687 Quo
877 4621 1056 4677 etiam
1104 4621 1275 4675 initio
1333 4620 1688 4690 scriptorum
1746 4637 1985 4677 suorum

339 4726 482 4766 usus
509 4717 598 4766 est
617 4712 944 4779 Mattheus,
969 4718 1028 4767 et
1046 4711 1204 4766 idem
1234 4712 1327 4765 hic
1350 4711 1532 4765 Lucas
1559 4727 1570 4764 :
1607 4727 1737 4780 quas
1769 4711 1988 4782 scripta

338 4799 546 4856 ﬁdeles
562 4801 943 4872 postmodum
971 4801 1285 4874 Evangelia
1305 4816 1541 4872 quoque
1567 4799 1866 4871 appellare
1898 4801 1984 4855 di-

336 4888 498 4962 gnati
531 4894 688 4954 sunt,
722 4893 1008 4959 tanquam
1040 4907 1175 4945 vere
1221 4890 1680 4962 complectentia
1727 4891 1986 4962 Evange-

335 4978 506 5043 lium,
538 4977 650 5032 hoc
682 4983 790 5045 est,
823 4977 1038 5031 Christi
1072 4977 1422 5034 doctrinam.
1461 4981 1672 5034 Verum
1704 4996 1839 5034 curn
1880 4980 1985 5047 ait,

336 5089 364 5117 ‹‹
400 5066 480 5122 De
511 5067 810 5132 omnibus,
843 5085 874 5118 υ
907 5065 1138 5120 videtur
1166 5069 1374 5122 Joanni
1407 5067 1428 5100 ⁴
1469 5068 1843 5141 evangelista)
1892 5085 1980 5123 re-

334 5171 597 5227 pugnare
621 5155 767 5210 :--ille
797 5171 1056 5227 namque
1078 5155 1222 5211 dicit
1251 5156 1531 5227 possibile
1555 5175 1675 5212 non
1699 5174 1826 5212 esse
1860 5158 1985 5213 haec

335 5243 617 5311 scribere,
641 5261 834 5316 neque
859 5245 1018 5299 enim
1049 5243 1340 5299 mundum
1367 5261 1538 5316 posse
1571 5247 1983 5317 caperelibros

332 5333 435 5403 qui
467 5333 909 5390 scriberentur:
944 5334 1038 5389 hic
1069 5339 1268 5389 autem
1299 5334 1370 5389 de
1403 5335 1681 5390 omnibus
1711 5337 1794 5391 ait
1824 5353 1885 5391 se
1907 5336 1978 5391 1i-

2099 4087 2172 4156 σὶ,
2214 4090 2312 4143 τοῦ
2365 4085 2713 4164 Εὔαγγελίου
2769 4087 2949 4156 Ἰησοῦ
3008 4088 3267 4158 Χριστοῦ,
3304 4109 3332 4138 n
3393 4085 3522 4143 ἀλλ’
3553 4087 3613 4142 οὐ
3643 4090 3746 4158 τήν

2096 4177 2287 4232 ἑαυτοῦ
2342 4176 2656 4255 συγγραφὴν
2717 4173 2876 4231 καλεῖ
2923 4173 3278 4249 Εὐαγγὲλιον,
3339 4173 3483 4232 ἀλλᾶ
3537 4177 3600 4232 τὸ
3648 4181 3748 4230 τοῦ

2096 4270 2336 4339 Χριστοῦ
2374 4267 2648 4337 κηρυγμα.
2711 4265 2889 4338 Ἀρχὴ
2951 4264 3054 4338 γὰρ
3111 4268 3208 4318 τοῦ
3261 4265 3611 4338 κηρύγματος
3644 4271 3744 4320 τοῦ

2094 4356 2388 4428 Χριστοῠὴ
2423 4353 2527 4407 ἀπὸ
2583 4356 2680 4407 τοῦ
2740 4353 3112 4427 βαπτίσματος
3173 4355 3423 4408 Ἰωάννου
3483 4351 3742 4426 πρόοδος.

2095 4445 2212 4508 Τῆς
2242 4440 2299 4497 δὲ
2325 4445 2423 4496 τοῦ
2476 4441 2612 4496 κατᾶ
2669 4441 2900 4514 Χριστὸν
2961 4441 3265 4513 μυστηρίου
3320 4439 3743 4516 ἀποκαλῦψεως,

2093 4531 2185 4586 καὶ
2240 4538 2340 4600 τῆς
2399 4528 2830 4603 ἐναθρωπήσεως
2889 4528 3054 4584 αὐτοῦ
3106 4530 3281 4606 ἀρχὴ,
3330 4533 3363 4598 ἡ
3426 4529 3484 4584 ἐκ
3533 4533 3742 4601 Παρθέ-

2091 4641 2184 4676 νου
2215 4639 2484 4696 γεννησις,
2514 4617 2604 4672 καὶ
2645 4618 2745 4673 ὅσα
2771 4616 2856 4674 ἐπὶ
2912 4619 3148 4682 τούτοις.
3198 4623 3376 4686 ’ῌτινι
3434 4620 3523 4674 καὶ
3582 4619 3736 4695 ἀρχῇ

2094 4710 2368 4784 ἐγρήσατο
2416 4712 2522 4762 τῶν
2597 4705 2812 4762 οἰκείων
2895 4713 3217 4784 συγγραφῶν
3294 4709 3594 4778 Ματϐαἷος,
3652 4710 3746 4764 καὶ

2093 4799 2254 4860 αὐτὸς
2310 4799 2338 4854 6
2388 4801 2598 4858 Λουκᾶς
2656 4797 2835 4858 οὗτοςο
2886 4797 2922 4854 ἃ
2977 4795 3066 4851 καὶ
3126 4794 3430 4870 Εὑαγγέλια
3464 4799 3516 4852 οἱ
3560 4798 3745 4852 πιστοὶ

2097 4888 2232 4963 μετᾶ
2257 4891 2426 4944 ταῦτα
2456 4885 2773 4944 ἐδικαίωσαν
2823 4883 3030 4952 καλεῖν,
3084 4887 3156 4948 ὡς
3215 4886 3277 4940 τὸ
3335 4883 3502 4947 ὄντως
3560 4886 3745 4962 Εὐαγ-

2092 4975 2597 5054 γέλιον,τουτὲστι,
2651 4976 2753 5045 τήν
2810 4978 2908 5029 τοῦ
2964 4975 3200 5046 Χριστοῦ
3246 4971 3602 5031 διδασκαλίαν
3654 4995 3746 5032 πε-

2093 5067 2366 5142 ριέχονταο
2399 5069 2490 5136 Τῷ
2518 5062 2593 5132 δὲ,
2627 5088 2656 5115 (ί
2689 5062 2813 5138 περὶ
2861 5065 3100 5134 πάντων,
3135 5089 3156 5116 ι
3197 5063 3388 5130 εῗπεῖν,
3423 5061 3572 5118 δοκεῖ
3600 5062 3747 5119 ἐνανο

2090 5158 2333 5212 τιοῦσθαι
2364 5158 2442 5224 τῷ
2494 5150 2855 5227 εὐαγγελιστῇ
2914 5152 3164 5219 Ἰωάνντμ
3225 5150 3334 5226 ε’ίγε
3364 5153 3393 5207 ὁ
3428 5149 3521 5225 μὲν
3572 5173 3739 5224 φησιν

2093 5245 2191 5302 οὒκ
2213 5246 2346 5298 εἶναι
2381 5241 2606 5297 δυνατὸν
2648 5245 2816 5295 ταῦτα
2870 5243 3096 5316 γράψειν
3150 5238 3295 5313 μηδὲ
3343 5241 3446 5315 γαρ
3483 5246 3739 5315 χωρῆσαι

2092 5335 2157 5390 τὰ
2183 5333 2501 5410 γραφόμενα
2543 5325 2733 5406 βιϐλία
2775 5329 2868 5386 τὸν
2909 5330 3134 5402 κόσμον·
3168 5330 3198 5388 ὁ
3230 5327 3287 5384 δὲ
3343 5329 3469 5404 περὶ
3523 5331 3737 5384 πάντων

329 5422 506 5478 brum
535 5422 747 5480 fecisse
778 5424 851 5480 ab
881 5424 1124 5480 exordio
1149 5441 1336 5496 usque
1377 5425 1449 5480 ad
1480 5427 1968 5497 assumptionem.

2106 5387 2330 5492 »ησίιτὸίρ
2359 5387 2530 5495 λόγον
2543 5387 2884 5488 Ιπεποιῆσθαι
2907 5387 3192 5494 ἀπἀρχὴς
3223 5417 3389 5493 μέχρι
3417 5387 3519 5482 τῆς
3540 5415 3744 5488 ἀναλή·

328 5510 480 5578 Quid
511 5529 648 5587 ergo
674 5512 940 5572 dicemus
959 5514 989 5570 ἰ’
1028 5512 1194 5582 Quod
1222 5514 1320 5572 hic
1351 5530 1414 5572 se
1459 5514 1613 5572 nihil
1659 5515 1972 5588 prasterni-
2011 5504 2023 5518 ’

401 5666 421 5704 ⁸
449 5664 504 5724 Π
531 5667 677 5726 Tim.
711 5685 776 5737 η,
803 5670 859 5724 Β.
963 5668 989 5705 ³
1017 5670 1178 5725 lett.
1210 5687 1251 5740 ι,
1287 5673 1334 5725 ί.

2051 5525 2054 5528 ’
2083 5515 2248 5588 ψοως.
2279 5509 2349 5569 Τί
2385 5509 2477 5564 οὗν
2509 5527 2684 5586 φαμεν
2715 5509 2884 5576 ;”Οτι
2929 5506 3054 5583 περὶ
3111 5520 3332 5564 παντων
3391 5507 3552 5571 οὗτός
3599 5524 3740 5585 φησι

1433 5670 1456 5706 ⁸
1487 5671 1662 5725 Μαι-ο.
1695 5686 1736 5738 ι,
1772 5672 1823 5726 1.
1899 5668 1922 5705 ⁴
1944 5667 2110 5726 Joan.
2144 5684 2261 5736 xxx,
2293 5660 2384 5734 50,
2415 5664 2504 5723 36.
