4098 6260
258 376 317 436 45
1355 390 1771 452 COMMENT.
1818 391 1895 450 1N
1940 387 2153 449 ACTA
2195 389 2800 452 APOSTOLUHUM.
3688 398 3767 457 46

265 518 359 569 τῶν
414 522 821 597 ωνεχόντων
890 527 992 582 καὶ
1064 525 1506 601 κατεπειγόντων
1561 522 1726 598 μηδὲν
1770 522 2004 599 παραλι-

2124 528 2269 582 sisse
2301 528 2384 582 ait
2413 545 2638 595 eorum,
2671 547 2801 599 qua)
2834 530 3135 586 cohaerent
3164 549 3231 587 ac
3286 540 3514 605 urgent,
3551 535 3611 589 in
3635 537 3764 607 qui-

278 613 411 675 πεῖν,
445 607 541 680 EE»
580 612 671 665 ὢν
709 616 755 678 ἡ
793 620 902 670 τοῦ
932 616 1306 694 κηρύγματος
1366 615 1579 684 Θειότης
1638 612 1725 668 καὶ
1778 612 2007 684 ἀλήθεια

289 697 835 772 καταλαμϐάνεται.
892 706 1005 761 Καὶ
1059 706 1164 781 γὰρ
1217 704 1369 767 αὐτὸς
1403 706 1430 759 ὁ
1462 704 1691 774 Ἰωάνης
1721 702 1844 777 περὶ
1874 703 2010 756 πάν-

302 812 403 846 των
433 792 660 847 τοῦτων
699 790 994 849 διέλαϐεν.
1034 794 1113 853 Οὐ
1166 796 1268 869 γὰρ
1307 792 1555 849 ἐνέλιπόν
1586 814 1638 846 τι
1672 790 1739 847 δι’
1774 793 1847 845 ὧν
1880 791 1916 861 ἤ
1950 812 2009 846 τε

320 882 452 937 κιτᾶ
480 881 658 955 σάρκα
718 887 825 937 τοῖ’)
891 884 1082 960 Λόγου
1147 883 1432 954 οἶκονομία
1489 882 1794 936 πιστεύεταί
1831 902 1891 936 τε
1919 879 2010 935 καί

337 972 781 1047 ἐπιγινώσκεται,
831 973 926 1027 καὶ
982 975 1019 1041 ἡ
1080 973 1215 1027 κατὰ
1267 973 1363 1039 την
1423 971 1675 1039 Θειότητα
1714 970 1881 1024 αὐτοῦ
1915 990 2008 1042 με·

352 1062 631 1139 γαλειότης
696 1058 1011 1133 διαλάμπει
1053 1082 1111 1117 τε
1166 1061 1255 1116 καὶ
1314 1059 1680 1137 ἐμφανίζεται.
1720 1082 1746 1110 ι(
1780 1060 1846 1112 Ὤ
1886 1058 2009 1112 Θεό-

350 1153 494 1231 φιλε.
525 1152 827 1226 »Ἡγεμὼν
862 1152 933 1220 ἦν
967 1172 1126 1213 ουτος
1176 1152 1203 1205 ὁ
1254 1149 1539 1227 Θεόφιλος.
1590 1150 1678 1217 Μὴ
1726 1148 2009 1222 Θαυμάσῃς

260 1278 265 1281 -
345 1244 403 1301 δὲ
437 1245 483 1300 εἷ
518 1246 693 1300 ἕνεκεν
742 1242 941 1319 ἀνδρὸς
1002 1244 1119 1306 ἑνὸς
1166 1241 1433 1311 τοσαύτην
1472 1238 1728 1315 φροντίδα
1778 1237 2006 1294 κατελεί-

342 1332 490 1403 ϐετο,
525 1337 602 1398 ὡς
632 1332 728 1389 δύο
762 1334 914 1406 αὖτῷ
972 1334 1173 1407 γράψαι
1214 1332 1593 1406 πραγματείας
1635 1328 2001 1403 ὁλοκλήρους.

338 1426 441 1479 Καὶ
476 1425 581 1501 γὰρ
615 1424 791 1502 φύλαξ
836 1423 901 1493 ἦν
934 1429 1034 1491 τῆς
1084 1427 1415 1489 Δεσποτικῆς
1466 1426 1652 1500 φωνῆς
1682 1426 1780 1487 τῆς
1813 1418 2004 1492 λεγού-

339 1535 465 1582 σης·
504 1538 529 1564 ‹‹
564 1511 683 1569 Οὐκ
740 1510 851 1566 ἔστι
913 1508 1133 1582 Θέλημα
1187 1514 1282 1564 τοῦ
1342 1508 1550 1583 Πατρός
1594 1529 1721 1582 μου,
1751 1506 1839 1561 ἳνα
1868 1504 2002 1561 ἀπό-

340 1602 510 1673 ληται
536 1604 622 1663 εἷς
643 1605 751 1655 τῶν
782 1605 992 1672 μικρῶν
1012 1599 1241 1654 τούτων.
1270 1622 1297 1649 ››
1320 1630 1390 1640 -
1417 1621 1440 1651 ι
1468 1601 1647 1652 Ποιεῖν
1668 1616 1725 1650 τε
1745 1595 1832 1650 καὶ
1858 1592 2006 1649 διδά-

338 1710 510 1747 σκειν·
550 1716 579 1742 ››
609 1691 702 1744 τὸν
733 1690 969 1744 παθόντα
1021 1686 1170 1763 λέγει
1227 1688 1315 1742 καὶ
1374 1688 1440 1741 τᾶ
1486 1686 1732 1759 θαύματα
1763 1704 2002 1755 πεποιη-

336 1782 508 1837 κέναιί
577 1785 647 1834 ’Ἡ
709 1777 791 1833 ὅτι
851 1775 923 1832 δι’
984 1778 1057 1832 ὧν
1114 1773 1339 1851 ἔπραττε
1394 1779 1645 1849 παρῄνει.
1679 1776 2001 1849 «Ἀχριῆς

335 1872 572 1944 ἡμέρας.
612 1892 641 1918 ›ι
676 1869 753 1924 Τὸ
788 1868 931 1937 ἑξῆς·

338 1958 393 2015 δὲ
448 1959 651 2026 λοιπὰ,
714 1955 805 2012 διὰ
863 1957 1051 2028 μέσου.
1115 1956 1192 2013 Τὸ
1225 1953 1302 2024 δὲ,
1354 1979 1382 2006 ‹‹
1420 1952 1827 2027 Ἐντειλάμενυς
1884 1958 2001 2015 τοῖς

341 2049 681 2111 ἀποστόλσις
715 2044 806 2101 διὰ
838 2046 1152 2118 Πνεῦματος
1200 2044 1383 2121 ἁγίου,
1409 2067 1436 2096 »ι
1471 2042 1506 2113 ἢ
1539 2042 1622 2100 ὅτι
1670 2043 2006 2115 πνευματικά

338 2140 404 2194 ti
436 2138 757 2211 ἐντάλματα
810 2134 999 2205 δηλοῖ,
1054 2132 1204 2190 οὐδὲν
1246 2134 1511 2209 κοσμικὸν
1563 2131 1932 2213 ἐπιφαίνοντα
1967 2132 2001 2200 ἧ

342 2230 444 2282 ’ἱνα
495 2228 585 2281 καὶ
637 2227 700 2281 τὸ
758 2230 978 2299 Πνεῦμα
1031 2224 1307 2304 σύμφυτον
1359 2224 1533 2294 ἑαυτῷ
1574 2219 1892 2297 παραδείξῃ,
1928 2221 2003 2283 ὡς

353 2314 513 2371 οὐδὲν
546 2317 621 2369 ὧν
658 2316 758 2369 ὑπὸ
786 2320 921 2370 Θεοῦ
953 2312 1191 2369 τελεῖται
1219 2312 1473 2368 ἐλλεῖπον
1504 2310 1687 2387 ἔχοντι
1717 2318 1816 2380 τῆς
1848 2313 2003 2385 ἅγια·

349 2413 545 2473 στικῆς
580 2405 942 2466 ὑποστάσεως.
1006 2404 1074 2459 Τί
1136 2400 1190 2457 δὲ
1241 2403 1309 2458 τὰ
1364 2400 1707 2473 ἐντάλματα;
1740 2423 1766 2452 ‹‹
1800 2405 2006 2474 Πορευ-

344 2497 524 2561 θέντες
556 2494 935 2565 μαθητε·5σατε
964 2493 1140 2547 πάντα
1187 2492 1254 2545 τὰ
1309 2487 1459 2561 ἔθνη,
1519 2488 1876 2560 βαπτίζοντες
1908 2486 2005 2541 αὖ·

335 2584 463 2645 τοὺς
519 2583 598 2644 εἷς
657 2583 721 2637 τὸ
781 2578 959 2652 ὄνομα
1008 2584 1105 2635 τοῦ
1155 2580 1391 2654 Πατρὸς,
1448 2578 1540 2633 καὶ
1601 2580 1698 2631 τοῦ
1732 2577 2001 2645 Υἱοῦ,καὶ

332 2673 431 2729 τοῦ
463 2675 626 2749 ἁγίου
663 2671 999 2744 ΙΙνεύματος.
1036 2695 1064 2720 υ
1125 2701 1191 2711 -
1251 2694 1277 2719 α
1315 2666 1624 2746 Ἀνελήιρθη
1658 2691 1685 2717 ››
1736 2663 1792 2720 δὲ
1835 2667 2002 2734 εἶπεν,

333 2763 449 2831 οὒκ,
509 2755 736 2830 Ἀνέϐη·
798 2755 879 2814 ἔτι
932 2759 1037 2834 γὰρ
1100 2757 1175 2820 ὡς
1232 2756 1357 2829 περὶ
1418 2756 1708 2831 ἀνθρώπου
1754 2751 2003 2830 διαλέγε-

333 2875 394 2909 τα
406 2878 437 2908 ι.

413 3078 440 3109 ι
474 3056 580 3117 Οἷς
614 3052 709 3108 καὶ
772 3049 1108 3125 παρέστησεν
1166 3048 1352 3102 ἑαυτὸν
1413 3050 1590 3117 ζῶντα
1651 3046 1787 3118 μετὰ
1814 3045 1877 3099 τὸ
1907 3064 2004 3098 πα-

338 3169 366 3193 u
400 3148 511 3208 θεῖν
532 3141 811 3215 αὖτὸν,ξέν
843 3136 1084 3200 πολλοῖς
1110 3136 1456 3210 τεκμηρίοις,
1485 3158 1515 3187 ››

438 3324 851 3404 α’ΛνΞλῆῩῆηο
913 3324 1105 3393 εἰπὼν,
1159 3324 1249 3377 ἳνα
1307 3323 1381 3396 μή
1442 3341 1529 3382 τις
1579 3318 1783 3393 νομίσῃ
1819 3315 2005 3391 ἑτέρου

357 3414 587 3488 δυνάμει
640 3418 794 3469 τοῦτο
849 3414 1121 3490 γενέσθαι,
1182 3411 1473 3483 ἐπήνεγκεν
1561 3406 1716 3471 εὐθὺς
1775 3406 1866 3462 καὶ
1918 3406 2003 3475 τὸ,

348 3506 456 3562 ἀπὸ
487 3512 589 3575 τῆς
615 3504 817 3565 οἰκείας
852 3501 1154 3562 αὐθεντίας.
1213 3521 1234 3550 ι
1278 3500 1375 3560 Οἷς
1402 3497 1492 3553 καὶ
1526 3498 1855 3573 παρέστησεν
1884 3496 2008 3550 ἑαυ-

342 3596 429 3651 τὸν
466 3598 665 3664 ζῶντα.
700 3618 724 3643 ι
759 3593 868 3650 Τὸν
910 3590 1071 3646 αὐτὸν
1105 3586 1162 3644 δὲ
1215 3585 1425 3648 δεικνὺς
1456 3586 1547 3641 καὶ
1579 3586 1886 3647 πεπονθότα
1916 3582 2009 3637 καὶ

345 3682 661 3753 ἀναστάντα,
713 3684 923 3755 συνῆψε
979 3684 1058 3752 τῷ
1116 3677 1285 3752 Λόγῳ·
1323 3700 1349 3727 ‹‹
1382 3676 1533 3733 Μετὰ
1577 3675 1640 3729 τὸ
1690 3675 1882 3728 παθεῖν
1912 3671 2012 3727 αὐσ-

343 3774 450 3831 τόν,
484 3798 513 3825 ››

415 3977 442 4003 α
476 3956 557 4007 Δι’
588 3952 821 4023 ἡμερῶν
861 3970 887 3997 ι)
915 3942 971 4000 δὲ
1001 3945 1121 4000 εἶπε
1152 3967 1180 3996 α
1212 3942 1633 4015 τεσσαράκοντα.
1676 3963 1704 3991 ››

416 4041 552 4107 Οὐκ,
586 4041 683 4096 Ἑν
717 4037 979 4109 ἡμέραιςο
1027 4034 1091 4089 οὗ
1150 4034 1254 4109 γὰρ
1314 4037 1520 4109 συνεχῆ
1552 4028 1652 4099 τήν
1686 4030 1798 4103 μετ’
1829 4027 2005 4083 αὐτῶν

343 4125 634 4205 διατριϐήν
689 4127 951 4193 ἐποιεῖτο,
1004 4125 1077 4185 ὡς
1116 4122 1205 4177 καὶ
1262 4124 1372 4196 πρὸ
1425 4126 1524 4175 τοῦ
1576 4120 1803 4188 πάθους,
1860 4117 2009 4173 ἀλλὰ

342 4219 775 4294 διεσταλμένως,
824 4217 935 4288 ἅμα
997 4215 1091 4288 μὲν
1146 4214 1232 4268 καὶ
1279 4209 1655 4284 ποθεινοτέραν
1690 4209 1877 4271 αὐτοῖς
1907 4209 2008 4276 τήν

341 4310 536 4366 ἰπνιτοῦ
618 4308 912 4385 ἐμφάνειαν
988 4301 1443 4378 παρασκευάζων,
1518 4294 1632 4374 ἅμα
1690 4295 1746 4353 δὲ
1801 4297 1892 4353 καὶ
1942 4297 2006 4352 τὸ

342 4399 693 4473 ὑψηλότερον
724 4397 815 4450 καὶ
846 4394 1140 4465 θεοπρεπὲς
1168 4391 1335 4447 αὐτοῦ
1367 4388 1701 4468 ἐμφανίζων.

421 4513 447 4540 κ
487 4487 897 4559 Ὀπτανόμενος
930 4483 1136 4543 αὐτοῖς.
1170 4505 1198 4532 ››

414 4578 579 4638 Τίνος
606 4574 785 4631 ’ὲνεκεν
818 4572 882 4628 οὗ
921 4577 1108 4641 πᾶσιν,
1157 4567 1303 4624 ἀλλὰ
1351 4573 1467 4629 τοῖς
1513 4564 1847 4628 ἀποστόλοις
1876 4563 2006 4642 ἐφά-

993 1872 1164 1940 νΑχρι
1206 1868 1270 1935 ἧς
1328 1867 1539 1937 ⁴ἡμέρας
1582 1862 1884 1940 ἀνελήφθη.
1918 1864 1999 1919 Τὰ
2034 1903 2078 1967 Β

2120 617 2229 671 bus
2262 617 2535 672 divinitas
2566 634 2632 672 ac
2662 620 2873 673 veritas
2908 621 3348 690 praedicationis
3372 625 3766 695 comprehen-

2122 705 2298 759 ditur.
2330 707 2557 760 Etenim
2592 706 2717 777 ipse
2740 724 2972 778 quoque
2990 710 3248 766 Joannes
3269 711 3340 767 de
3361 713 3453 768 his
3485 715 3763 770 omnibus

2120 795 2418 850 disseruit.
2454 797 2576 849 Non
2611 796 2769 850 enim
2802 798 3106 869 quidpiam
3138 816 3341 855 eorum
3367 803 3759 873 reliquerunt,

2119 903 2223 956 per
2252 902 2381 956 qum
2414 886 2501 940 vel
2532 886 2897 957 dispensatio
2925 889 3093 943 Verbi
3118 891 3291 961 juxta
3321 909 3561 947 carnem
3577 893 3763 948 credi-

2118 980 2214 1029 tur
2244 981 2301 1029 et
2330 977 2820 1045 cognoscitur,vel
2855 979 3198 1049 magnitudo
3232 982 3417 1051 ipsius
3437 983 3761 1053 juxtadivi-

2118 1065 2365 1120 nitatem
2395 1066 2623 1121 relucet
2661 1072 2718 1121 et
2750 1068 3179 1123 manifestatur.
3207 1094 3232 1119 «
3272 1072 3313 1125 Ο
3345 1072 3684 1143 Theophile.
3731 1098 3757 1123 ››

2118 1157 2437 1212 Prmfectus
2470 1164 2595 1213 erat
2634 1159 2729 1213 hic
2770 1160 3148 1231 Theophilus.
3184 1165 3263 1217 Ne
3296 1170 3492 1219 autem
3525 1167 3759 1221 mireris

2118 1245 2165 1300 si
2197 1246 2376 1300 unius
2408 1247 2511 1300 viri
2540 1248 2727 1318 gratia
2759 1253 2984 1304 tantum
3019 1268 3175 1305 cura)
3209 1256 3556 1324 susceperit,
3579 1261 3641 1309 ut
3670 1255 3757 1309 illi

2115 1334 2231 1389 duo
2263 1336 2492 1407 integra
2522 1336 2824 1392 volumina
2855 1337 3073 1393 laboris
3132 1340 3309 1410 plena
3338 1343 3756 1398 conscriberet.

2115 1423 2436 1478 Dominiczn
2468 1441 2725 1495 namque
2756 1427 2911 1480 vocis
2933 1426 3272 1482 observator
3300 1435 3426 1483 erat
3446 1447 3576 1499 qua:
3600 1431 3756 1487 dice-

2114 1512 2214 1568 bat
2247 1530 2258 1567 :
2293 1537 2319 1563 ι(
2355 1515 2479 1568 Non
2517 1521 2605 1568 est
2634 1515 2903 1570 voluntas
2934 1517 3124 1571 Patris
3154 1518 3361 1583 mei,ut
3386 1526 3589 1589 pereat
3606 1537 3757 1575 unus

2113 1606 2467 1676 pusillorum
2499 1607 2748 1661 istorum
2770 1605 2812 1659 ⁵.
2840 1628 2866 1654 ›ι
2893 1637 2958 1646 -
2985 1628 3008 1658 α
3036 1609 3105 1661 Et
3145 1607 3337 1663 facere
3371 1614 3429 1663 et
3458 1609 3690 1665 docere.
3727 1632 3754 1659 ››

2112 1697 2256 1750 Eum
2290 1697 2390 1767 qui
2419 1713 2629 1768 passus
2652 1702 2741 1750 est
2772 1696 2917 1750 dicit
2946 1696 3122 1751 etiam
3149 1698 3436 1753 miracula
3458 1698 3715 1753 edidisse
3743 1718 3755 1766 ;

2111 1791 2211 1839 aut
2242 1786 2354 1841 hoc
2384 1785 2547 1850 dicit,
2578 1786 2859 1856 quoniam
2890 1803 2996 1857 per
3027 1803 3095 1841 ea
3125 1804 3256 1857 quze
3280 1788 3757 1859 Operabaturad—

2111 1876 2392 1931 monebat
2448 1899 2473 1925 «
2510 1878 2704 1946 Usque
2736 1876 2809 1931 ad
2843 1892 2977 1931 eum
3005 1876 3180 1931 diem.
3217 1901 3238 1929 ι
3279 1878 3429 1933 Ordo
3453 1884 3755 1948 est,usque

2113 1965 2186 2020 ad
2214 1982 2347 2020 eum
2384 1966 2540 2020 diem
2573 1983 2687 2036 quo
2720 1971 3059 2037 assumptus
3091 1972 3215 2020 est:
3276 1972 3489 2022 caetera
3518 1985 3623 2038 per
3654 1984 3759 2037 pa-

2112 2056 2437 2111 renthesim
2472 2056 2949 2127 interponuntur.
2982 2056 3150 2120 Quod
3180 2062 3378 2111 autem
3404 2057 3519 2111 ait:
3562 2080 3581 2104 α
3609 2056 3753 2112 Cum

2112 2146 2395 2217 apostolis
2416 2145 2796 2216 praecepisset
2838 2162 2942 2216 per
2973 2146 3252 2217 Spiritum
3287 2151 3580 2210 sanetum,
3613 2169 3639 2195 ››
3666 2146 3754 2200 vel

2110 2236 2221 2290 hoc
2252 2235 2415 2299 dicit,
2449 2234 2782 2305 spiritualia
2813 2235 3153 2305 significans
3180 2235 3364 2290 fuisse
3425 2242 3743 2306 praecepta.

2112 2324 2263 2379 nihil
2288 2324 2568 2378 smculare
2602 2342 2720 2394 pra}
2754 2341 2815 2378 se
2844 2324 3117 2388 ferentia,
3151 2323 3236 2378 vel
3272 2325 3448 2379 etiam
3479 2330 3543 2379 ut
3575 2325 3757 2396 Spiri-

2112 2419 2236 2469 tum
2269 2412 2719 2467 connaturalem
2752 2412 2861 2466 sibi
2893 2412 3279 2479 demonstret,
3311 2418 3514 2483 utpote
3563 2414 3656 2467 cui
3690 2429 3759 2467 ex

2113 2502 2311 2558 divina
2344 2501 2643 2572 bypostasi
2676 2500 2825 2555 nihil
2854 2500 3007 2554 desit
3038 2516 3241 2554 eorum
3274 2517 3403 2569 quae
3448 2518 3483 2555 a
3514 2502 3630 2555 Deo
3662 2518 3758 2555 ex-

2112 2592 2260 2664 pleri
2294 2596 2562 2662 possunt.
2623 2591 2903 2654 Quaenam
2958 2595 3152 2644 autem
3215 2594 3357 2643 sunt
3412 2595 3707 2660 praecepta
3735 2590 3762 2644 ‘?

2117 2704 2136 2729 ι
2172 2683 2392 2735 Euntes
2424 2681 2471 2735 3
2506 2678 2713 2733 docete
2745 2694 2955 2732 omnes
2996 2683 3223 2749 gentes,
3271 2677 3635 2748 baptizantes
3663 2694 3763 2732 eos

2111 2771 2173 2824 in
2206 2770 2447 2823 nomine
2480 2768 2690 2831 Patris,
2719 2773 2777 2820 et
2808 2766 2961 2831 Filii,
2983 2773 3041 2821 et
3070 2766 3322 2837 Spiritus
3355 2767 3543 2821 sancti
3564 2764 3640 2819 θ.»
3667 2767 3763 2820 Ait

2111 2865 2330 2925 autem,
2366 2881 2393 2907 ‹‹
2428 2860 2780 2927 Assumptus
2833 2861 2942 2921 est,
2997 2875 3023 2905 ιι
3060 2871 3204 2919 non,
3257 2855 3545 2910 Ascendit
3579 2872 3590 2909 :
3620 2844 3758 2909 nam

2111 2949 2300 3004 adhuc
2331 2947 2402 3003 de
2436 2963 2503 3001 eo
2534 2950 2816 3015 tanquam
2845 2944 2915 2999 de
2949 2943 3189 2997 homine
3211 2943 3471 2997 disserit.

2181 3038 2224 3105 Ι,
2258 3041 2308 3091 3.
2345 3059 2372 3087 ‹‹
2406 3036 2630 3101 Quibus
2660 3035 2839 3089 etiam
2872 3034 3140 3087 exhibuit
3170 3034 3430 3103 seipsum
3469 3034 3758 3088 viventem

2112 3150 2139 3179 ι(
2175 3132 2488 3199 postquam
2520 3125 2645 3195 ipse
2675 3139 2884 3194 passus
2915 3123 3127 3189 fuerat,
3160 3121 3566 3193 compluribus
3588 3140 3756 3195 argu-

2112 3240 2140 3267 «
2175 3217 2415 3271 mentis.
2454 3234 2481 3265 ι

2182 3307 2327 3361 Cum
2358 3304 2637 3359 dixisset:
2672 3304 3025 3373 Assumptus
3057 3305 3167 3368 est,
3193 3320 3217 3350 ι
3256 3318 3332 3356 ne
3391 3300 3524 3371 quis
3554 3301 3761 3356 existi-

2109 3400 2301 3452 maret
2330 3394 2576 3450 alterius
2630 3394 2741 3448 hoc
2798 3392 3017 3447 factum
3078 3408 3207 3447 esse
3267 3391 3503 3457 virtute,
3561 3392 3758 3446 statim

2105 3487 2286 3541 etiam
2319 3483 2646 3554 subiunxit,
2680 3481 2839 3552 quod
2864 3481 3118 3553 propriae
3151 3486 3309 3536 esset
3343 3480 3712 3535 auctoritatis
3745 3498 3756 3533 :

2103 3576 2362 3642 «Quibus
2384 3574 2559 3629 etiam
2586 3571 3079 3641 exibuitseipsum
3103 3570 3449 3624 viventem.»
3470 3569 3756 3624 Eumdem

2104 3671 2302 3721 autem
2333 3662 2653 3719 ostendens
2676 3660 2775 3731 qui
2803 3676 3011 3731 passus
3042 3658 3234 3713 fuerat
3247 3674 3314 3713 ac
3328 3663 3759 3723 resurrexerat,

2107 3754 2370 3810 sermoni
2398 3750 2709 3823 conjunxit
2738 3748 2896 3820 quod
2931 3748 3218 3819 sequitur,
3254 3746 3461 3802 dicens
3487 3763 3500 3802 ε
3536 3769 3562 3796 α
3590 3748 3758 3801 Post-

2105 3860 2285 3916 quam
2316 3843 2444 3914 ipse
2484 3856 2694 3912 passus
2722 3838 2936 3894 fuerat.
2977 3858 3006 3886 »

2181 3956 2209 3984 ‹‹
2245 3935 2358 3988 Per
2388 3931 2514 3986 dies
2544 3928 2955 4000 quadraginta.
2986 3948 3013 3975 »

2178 4024 2303 4077 Non
2336 4020 2515 4073 dixit:
2547 4020 2614 4073 In
2636 4016 2843 4071 diebus
2870 4033 2882 4069 :
2908 4031 3102 4085 neque
3134 4015 3294 4070 enim
3319 4014 3598 4070 continue
3622 4030 3755 4069 cum

2106 4112 2252 4184 ipsis
2292 4107 2655 4169 versabatur,
2688 4103 3188 4175 quemadmodum
3219 4109 3357 4158 ante
3389 4104 3751 4173 passionem,

2108 4199 2212 4256 sed
2235 4195 2531 4254 differenti
2566 4193 2738 4249 modo
2769 4209 2782 4247 :
2812 4191 2991 4247 simul
3022 4190 3263 4260 quidem
3296 4196 3354 4244 et
3381 4189 3756 4244 desirabilio-

2108 4307 2235 4346 rem
2266 4290 2351 4344 eis
2380 4285 2635 4341 reddens
2667 4298 2835 4338 suam
2865 4277 3501 4352 apparitionem,simul
3520 4292 3755 4349 quoque

2110 4379 2518 4437 sublimiorem
2534 4374 2839 4446 magisque
2861 4370 3124 4425 divinum
3140 4368 3399 4441 seipsum
3414 4367 3755 4423 ostendens.

2183 4492 2210 4519 ‹‹
2244 4472 2551 4540 Apparens
2581 4464 2722 4519 illis.
2768 4483 2796 4512 η

2182 4562 2367 4626 Quam
2427 4558 2499 4612 ob
2559 4570 2798 4610 causam
2856 4568 2975 4606 non
3030 4548 3305 4605 omnibus
3374 4547 3591 4619 palam,
3655 4547 3759 4602 sed

342 4690 408 4738 νη
440 4668 604 4737 ;⁸Οτι
636 4667 925 4742 ράντασμα
971 4658 1147 4730 ἔδοξεν
1208 4659 1269 4714 ἂν
1327 4662 1445 4720 τοῖς
1498 4652 1755 4718 πολλοῖς,
1790 4655 1897 4742 οὐκ,
1923 4653 2002 4742 sl-

2118 4649 2397 4723 apostolis
2430 4651 2660 4701 tantum
2691 4639 3172 4713 apparuit?Quia
3202 4636 3370 4709 vulgo
3402 4638 3757 4709 phantasma

339 4754 465 4813 δόσι
488 4759 556 4812 τὸ
590 4741 905 4830 ἀπόρρητον
938 4755 1036 4806 τοῦ
1096 4745 1449 4823 μυστηρίου.,
1483 4744 1549 4801 Εἴ
1591 4744 1695 4819 γὰρ
1725 4743 1815 4799 καὶ
1846 4741 1998 4797 αὐτοὶ

338 4849 393 4902 οἱ
430 4844 679 4920 μαθηταὶ
710 4828 998 4911 *ἠπίστουν
1030 4840 1129 4909 τήν
1162 4837 1342 4912 ἀρχὴν
1398 4835 1489 4889 καὶ
1534 4828 1925 4909 ἐθορυϐοῦντο,
1949 4829 2002 4885 τί

337 4937 470 4999 τοὺς
501 4932 759 4996 πολλοὺς
789 4932 933 4993 εἰκὸς
964 4929 1031 4998 ἦν
1088 4930 1274 4983 παθεῖν
1300 4945 1314 4995 ;
1374 4923 1470 4980 Διά
1496 4944 1582 4979 τοι
1611 4927 1773 4977 τοῦτο
1805 4920 1865 4977 ἐκ
1891 4925 2001 4976 τῶν

345 5029 592 5103 σημείων
626 5026 704 5079 ὧν
736 5017 932 5078 ἔλαϐον
968 5021 1128 5095 χάριν
1185 5022 1360 5073 ποιεῖν
1393 5016 1447 5071 οἱ
1476 5011 1799 5082 ἀπόστολοι,
1828 5012 2002 5085 ἀναμ-

344 5100 583 5173 οίέῖολον
617 5118 769 5169 ποιεῖ
796 5117 896 5181 τῆς
928 5108 1266 5167 ἀναστάσεως
1310 5105 1410 5173 τὴν
1456 5100 1730 5172 ἀπόδειξιν
1762 5100 1854 5157 καὶ
1882 5120 2005 5154 κοι-

345 5180 462 5275 νήν·
520 5206 667 5260 ὥστε
722 5203 799 5274 μή
852 5204 970 5260 τοῖς
1022 5196 1145 5253 τότε
1202 5195 1392 5269 μόνον,
1442 5192 1575 5267 ὅπερ
1608 5190 1667 5247 ἐκ
1696 5194 1793 5256 τῆς
1826 5186 2005 5263 ὅψεως

346 5297 552 5369 ἔμελλε
607 5294 874 5371 γίνεσθαι,
930 5288 1082 5347 ἀλλὰ
1137 5287 1227 5344 καὶ
1278 5291 1411 5341 πᾶσι
1465 5289 1584 5345 τοῖς
1654 5283 1788 5357 μετὰ
1836 5284 2007 5337 ταῦτα

352 5392 578 5468 σανερὰν
608 5385 852 5465 γενέσθαι
881 5386 988 5454 τὴν
1016 5382 1330 5438 ἀνάστασιν.

426 5594 447 5620 αι
478 5567 583 5629 Καὶ
611 5567 794 5646 λέγων
824 5565 895 5622 τὰ
919 5562 1047 5640 περὶ
1079 5564 1179 5630 τῆς
1207 5553 1485 5637 βασιλείας
1513 5559 1612 5613 τόῦ
1642 5558 1799 5613 θεοῦ.
1836 5577 1865 5605 »

425 5745 450 5780 ⁵
472 5746 664 5806 Hatth.
697 5758 859 5807 xvm,
899 5740 988 5795 14.
1067 5733 1092 5769 ⁸
1122 5734 1323 5791 Matth.
1357 5748 1561 5800 ιινιιι,
1597 5730 1682 5797 18,
1715 5731 1801 5785 19.

2109 4741 2297 4795 visum
2327 4732 2721 4804 fuisset,quod
2746 4728 3058 4802 ignorabat
3080 4742 3361 4782 arcanum
3385 4727 3757 4797 mysterium.

2110 4832 2254 4886 Nam
2287 4828 2332 4882 si
2368 4826 2481 4898 ipsi
2512 4837 2747 4894 quoque
2776 4816 3053 4889 discipuli
3087 4815 3566 4871 initioincreduli
3589 4821 3761 4870 erant

2110 4936 2177 4976 ac
2193 4909 2754 4981 turbabantur,quid
2774 4905 3096 4962 verisimile
3112 4911 3202 4961 est
3220 4904 3427 4978 vulgus
3440 4919 3757 4977 passurum

2110 5009 2293 5063 fuisse
2322 5005 2349 5058 ‘?
2368 5005 2687 5073 Pr0pterea
2715 5014 2785 5054 ex
2816 4996 3020 5068 signis,
3052 4994 3125 5051 ad
3174 5011 3306 5064 qua)
3363 4992 3595 5048 edenda
3623 5008 3760 5065 gra-

2114 5098 2257 5153 tiam
2291 5094 2649 5165 acceperunt
2674 5085 2945 5159 apostoli,
2981 5082 3375 5139 indubitatam
3408 5080 3606 5136 reddit
3659 5095 3758 5134 re-

2115 5181 2499 5241 surrectionis
2511 5170 3507 5241 demonstrationem,omnibusque
3526 5185 3595 5225 ex
3604 5167 3763 5240 posi-

2115 5283 2282 5332 tam:
2317 5271 2464 5327 adeo
2494 5274 2709 5325 utnon
2764 5266 2857 5322 his
2906 5269 3157 5328 tantum,
3220 5260 3321 5331 qui
3376 5264 3517 5313 tunc
3569 5261 3761 5324 erant,

2116 5365 2275 5439 quod
2322 5364 2451 5435 ipso
2508 5361 2751 5433 aspectu
2798 5356 3063 5411 futurum
3113 5355 3257 5417 erat,
3323 5363 3547 5439 verum,
3583 5346 3763 5404 etiam

2115 5438 2370 5531 posteris
2398 5449 2680 5508 omnibus
2708 5444 3025 5503 manifesta
3044 5442 3217 5497 fieret
3240 5438 3617 5497 resurrectio.

2192 5568 2221 5598 ‹‹
2252 5548 2323 5602 Et
2344 5544 2599 5615 loquens
2628 5539 2701 5594 de
2731 5550 2913 5609 regno
2941 5533 3065 5591 Dei.
3100 5552 3129 5582 ν

2371 5726 2403 5764 Υ
