4098 6260
373 465 449 524 47

456 603 605 656 Hinc
633 597 918 654 discimus
951 592 1110 666 quod
1141 591 1320 646 etiam
1351 591 1486 660 post
1531 583 2033 642 resurrectionem
2063 580 2118 648 Α

392 692 642 751 docebat
671 685 1017 757 discipulos.

462 806 488 834 «
524 784 593 836 Et
622 791 1003 835 convesceus.
1041 795 1069 822 »

463 869 650 927 Simul
683 867 865 922 edens
896 881 963 918 ac
986 862 1216 918 bibens.
1252 857 1474 913 Dicitur
1505 854 1666 909 enim
1714 846 2035 917 συναλίζων,

394 959 562 1034 quasi
593 954 765 1025 ἀλῶν,
826 956 938 1008 hoc
994 957 1102 1018 est,
1165 948 1289 1004 sale
1349 952 1408 1000 et
1456 960 1664 1000 mensa
1708 939 2042 997 communi-

397 1066 558 1106 cans.

471 1161 500 1190 ι(
533 1134 820 1205 Praacepit
849 1131 935 1186 eis
965 1129 1037 1183 ab
1075 1123 1459 1196 Jerosolymis
1515 1138 1588 1177 ne
1649 1117 2045 1181 discederent,

406 1252 428 1280 ι
465 1227 568 1284 sed
599 1225 1013 1295 exspectarent
1038 1215 1495 1290 promissionem
1531 1211 1740 1267 Patris.
1780 1231 1808 1258 »

473 1403 723 1460 Jubebat
748 1417 821 1455 ne
853 1399 922 1454 ab
956 1393 1380 1467 Hierosolymis
1411 1391 1789 1446 discederent
1815 1404 1826 1441 :
1850 1386 2054 1440 volens

408 1495 734 1551 ﬁrmiorem
769 1489 930 1544 reddi
965 1485 1121 1557 apud
1159 1487 1316 1556 ipsos
1343 1478 1795 1536 resurrectionis
1833 1491 2055 1531 sermo-

408 1601 545 1639 nem
572 1599 676 1653 per
709 1578 996 1634 miracula
1028 1592 1159 1645 qum
1209 1571 1474 1627 crucifixi
1530 1567 1903 1622 invocatione
1955 1565 2056 1618 ﬁe-

411 1679 547 1728 rent
580 1688 592 1724 :
623 1686 729 1740 per
754 1665 1170 1720 tribulationes
1219 1661 1395 1715 etiam
1431 1675 1577 1728 quas
1629 1661 1973 1727 paterentur
2029 1669 2063 1707 a

411 1762 650 1825 Judaais,
676 1775 784 1813 nec
809 1764 1008 1810 tamen
1043 1753 1114 1808 ab
1156 1753 1285 1822 ejus
1319 1748 1712 1818 amicitia.qui
1746 1745 2062 1800 crucifixus

413 1854 691 1909 fueratac
712 1849 1120 1903 resurrexerat
1146 1838 1607 1905 deﬁcerent,sed
1632 1841 1677 1892 Δ
1703 1835 1841 1890 huic
1873 1834 2064 1906 potius

419 1943 951 1997 commorerentur.
977 1931 1195 1998 Quodsi
1254 1929 1453 1983 statim
1522 1926 1593 1982 ab
1643 1921 2066 1994 Hierosolymis
2099 1938 2144 2001 Β

425 2028 863 2091 discessissent,
895 2021 1166 2090 nihilque
1199 2019 1409 2072 horum
1436 2013 2065 2077 fuissetsubsecutum,

424 2122 700 2189 suspecta
713 2120 871 2170 certe
899 2112 1111 2166 fuisset
1130 2107 1509 2162 resurrectio.
1531 2106 1823 2158 Prmterea
1835 2115 2069 2171 quoque

425 2207 600 2264 multi
632 2208 803 2260 erant
834 2200 1055 2255 ibidem
1087 2195 1389 2252 credituri.
1415 2192 1603 2250 Simul
1635 2194 1808 2246 etiam
1835 2205 2071 2260 exspec-

426 2303 553 2352 tare
585 2311 683 2349 eos
715 2289 1045 2362 oportebat,
1095 2302 1169 2340 ne
1221 2285 1322 2355 qui
1372 2283 1642 2337 dicerent
1699 2279 1856 2350 quod
1916 2278 2074 2332 notis

428 2384 654 2441 relictis
684 2381 756 2436 ad
780 2385 1092 2435 extraneos
1134 2371 1471 2428 ostentandi
1527 2371 1615 2424 sui
1673 2369 1859 2440 gratia
1909 2382 2077 2421 acce-

430 2474 672 2537 debant,
703 2483 940 2525 rursum
973 2465 1151 2520 etiam
1196 2462 1336 2532 quia
1365 2459 1632 2515 nondum
1679 2457 1930 2529 Spiritus
1961 2455 2078 2508 vir-

435 2569 558 2618 tute
615 2558 850 2626 armati,
898 2553 1143 2609 inutiles
1201 2550 1593 2605 redderentur
1669 2546 1743 2600 ad
1817 2545 2077 2599 hostium

433 2663 804 2722 congressus.

504 2760 533 2789 ι(
565 2732 1030 2790 Promissionem
1056 2726 1266 2781 Patris.
1303 2746 1330 2774 »

504 2828 576 2880 Et
604 2823 705 2878 ubi
737 2822 848 2875 hoc
869 2821 1043 2872 Pater
1072 2812 1391 2886 promisit?
1449 2811 1708 2866 Dicimus
1755 2825 1890 2880 ergo
1922 2807 2082 2878 quod

432 2916 524 2971 vel
549 2929 656 2985 per
688 2910 986 2965 defectum
1018 2908 1254 2976 oportet
1280 2902 1502 2956 dictum
1555 2901 1666 2954 hoc
1698 2898 1973 2969 intelligi,
2018 2902 2084 2950 ut

437 3002 824 3061 subaudiatur
847 2994 1184 3069 praepositio
1217 2991 1545 3060 6:116,sitque
1561 3005 1771 3044 sensus
1796 3006 1806 3041 :
1829 2990 2082 3058 Exspec-

438 3098 633 3151 tarent
663 3108 696 3146 a
719 3093 890 3144 Patre
924 3084 1406 3157 promissionem,
1437 3096 1613 3151 quam
1648 3077 1832 3144 vobis,
1868 3077 2082 3146 inquit,

439 3184 551 3240 feci
583 3181 654 3236 de
691 3179 910 3249 Spiritu
945 3179 1146 3229 sancto
1182 3191 1195 3237 ;
1229 3171 1320 3226 vel
1373 3169 1552 3224 etiam
1599 3168 1756 3238 quia,
1777 3166 1930 3220 sicut
1959 3166 2085 3235 ipse

444 3275 546 3338 ait,
601 3272 737 3335 Quae
789 3283 823 3321 a
878 3267 1049 3319 Patre
1107 3261 1323 3327 audivi,
1384 3259 1509 3313 haec
1559 3257 1847 3312 annuntio
1900 3254 2086 3324 vobis,

447 3359 633 3418 sancti
667 3371 903 3427 quoque
917 3352 1169 3423 Spiritus
1183 3346 1758 3420 promissio,etiamsi
1777 3345 2090 3415 peripsum

444 3451 600 3506 facta
630 3447 725 3513 sit,
759 3450 1019 3499 attamen
1055 3456 1089 3494 a
1130 3442 1300 3493 Patre
1333 3441 1473 3490 erat.
1505 3435 1669 3500 Quod
1701 3435 1748 3488 si
1781 3441 1840 3487 et
1869 3433 1940 3486 ab
1971 3432 2098 3502 ipso

447 3537 666 3612 quasi-is
697 3533 937 3604 Spiritu,
969 3529 1095 3584 Joel
1127 3527 1242 3582 ﬁde
1265 3527 1477 3598 dignus
1509 3529 1598 3578 est
1629 3523 1728 3594 qui
1762 3536 2100 3577 sermonem

445 3629 778 3692 conﬁrmet,
810 3622 1016 3678 dicens
1043 3634 1054 3671 :
1088 3640 1116 3667 «
1143 3616 1455 3670 Effundam
1487 3613 1558 3667 de
1591 3612 1812 3684 Spiritu
1839 3627 1971 3666 meo
1998 3626 2099 3665 su-

444 3735 551 3791 per
581 3729 824 3772 omnem
845 3723 1087 3766 carnem
1111 3706 1151 3760 τ.
1187 3726 1216 3753 »

520 3827 549 3858 «
581 3807 768 3870 Quam
799 3797 1050 3856 audistis
1083 3809 1152 3848 ex
1183 3808 1298 3847 me.
1336 3813 1364 3841 υ

516 3892 764 3960 Quando
796 3894 993 3944 autem
1025 3882 1340 3939 audierunt
1374 3879 1402 3932 ?
1435 3877 1681 3944 Quando
1714 3877 1898 3932 dixit:
1927 3897 1955 3926 «
1982 3880 2099 3931 Ex-

444 3984 611 4057 pedit
630 3980 792 4036 vobis
824 3983 890 4032 ut
920 3991 1024 4046 ego
1057 3972 1267 4027 abeam
1294 3987 1307 4036 ;
1340 3968 1458 4023 nisi
1518 3969 1678 4022 enim
1711 3983 1815 4038 ego
1874 3965 2099 4031 abiero,

449 4072 790 4129 Paracletus
820 4082 938 4121 non
970 4062 1168 4117 veniet
1214 4059 1289 4114 ad
1341 4075 1440 4113 vos
1478 4057 1522 4112 ⁸.
1587 4081 1614 4106 η
1673 4059 2049 4126 Rursumque
2085 4070 2098 4108 :

455 4184 479 4215 ι
513 4163 630 4234 Ego
658 4156 877 4230 rogabo
909 4155 1166 4217 Patrem,
1199 4154 1258 4204 et
1317 4148 1501 4202 alium
1533 4145 1907 4200 Paracletum
1938 4143 2104 4199 dabit

449 4252 615 4308 vobis
635 4251 676 4304 °.
711 4270 739 4298 »
791 4247 1006 4300 Verum
1060 4242 1106 4295 si
1168 4254 1480 4308 nunquam
1537 4236 1729 4290 adhuc
1785 4234 2104 4290 advenerat

454 4341 727 4413 Spiritus,
761 4331 1059 4405 quomodo
1091 4329 1322 4382 dixerat
1367 4342 1384 4379 :
1419 4346 1448 4373 ‹‹
1501 4325 1761 4394 Accipite
1819 4321 2102 4394 Spiritum

455 4412 727 4486 sanctum
759 4421 853 4476 ‘0?
884 4439 910 4471 ι
934 4417 1043 4474 Vel
1074 4416 1213 4487 quia
1244 4415 1356 4468 hoc
1413 4412 1661 4477 dixerat,
1723 4427 1970 4482 capaces
2001 4427 2103 4465 eos

451 4518 707 4575 reddens
737 4529 805 4569 ac
834 4509 1081 4564 idoneos
1112 4504 1187 4558 ad
1219 4501 1471 4572 Spiritus
1503 4501 1943 4571 susceptionem
1970 4515 1982 4551 :
2008 4516 2102 4554 ac-

449 4609 735 4680 ceperunt
755 4605 952 4658 autem
974 4593 1210 4668 quando
1240 4588 1567 4645 descendit.
1612 4589 1713 4642 Vel
1746 4588 1904 4658 quod
1933 4588 2101 4642 futu-

1471 447 1884 512 (ECUMENII
1928 443 2236 506 TRICCzE
2279 442 2632 503 EPISCOPI

2131 3301 2174 3368 C

3690 438 3760 497 48

2219 579 2490 634 Ἐντεῦθεν
2553 578 2912 651 μανθάνομεν.
2968 574 3044 636 ὡς
3099 574 3188 629 καὶ
3247 573 3380 646 μετὰ
3425 573 3520 640 τήν
3553 571 3760 626 ἀνάστα-

2140 688 2220 722 σιν
2254 665 2501 722 ἐδίδασκε
2537 667 2664 728 τοὺς
2705 666 2971 738 μαθητὰς.

2213 779 2240 808 ‹‹
2274 757 2373 812 Καὶ
2407 755 2845 829 συναλιζόμενος.
2886 780 2906 805 ι

2215 845 2516 900 Συνεσθίων
2575 845 2665 898 καὶ
2724 844 2918 902 πίνων.
2977 842 3236 901 Τουτέστι
3289 845 3563 895 κοινωνῶν
3615 837 3775 907 ἁλῶν,

2143 939 2421 990 κοινωνῶν
2452 933 2742 1007 τραπέζης.

2227 1137 2248 1165 ι
2287 1110 2657 1189 ίΙαρήγγειλεν
2691 1111 2896 1179 αὐτοῖς,
2944 1111 3047 1166 ἀπὸ
3077 1107 3479 1185 Ἱεροσολύμων
3517 1110 3587 1180 μή
3623 1105 3782 1181 χωρί-

2153 1227 2182 1255 ‹‹
2218 1207 2417 1271 ζεσθαι,
2476 1199 2624 1256 ἀλλά
2681 1201 2991 1274 περιμένειν
3049 1201 3146 1268 τὴν
3205 1197 3527 1276 ἐπαγγελίαν
3559 1201 3650 1251 106
3679 1202 3785 1251 Ηα-

2155 1316 2182 1344 ‹‹
2214 1291 2360 1365 τρός.
2393 1317 2411 1343 ι

2230 1381 2368 1436 Ἀπὸ
2447 1377 2846 1454 Ἱεροσολύμων
2933 1381 3008 1453 μὴ
3090 1379 3410 1459 ἀφίστασθαι
3491 1373 3792 1452 παρηγγύα,

2164 1468 2502 1544 βουλόμενος
2545 1472 2614 1541 τῇ
2669 1464 2963 1542 προσεδρίᾳ
3017 1463 3363 1543 βεϐαιότερον
3419 1467 3507 1521 τὸν
3536 1469 3631 1529 τῆς
3679 1463 3796 1518 ἀνα-

2163 1558 2399 1612 στάσεως
2433 1558 2617 1619 αὐτοῖς
2677 1559 3115 1626 καταστήσασθαι
3173 1555 3367 1632 λόγον,
3425 1552 3513 1609 διὰ
3542 1557 3644 1607 τῶν
3677 1553 3796 1605 θαυ-

2168 1647 2375 1718 μάτων,
2410 1647 2443 1700 ἅ
2499 1644 2568 1700 δι’
2627 1645 2969 1714 ἐπικλήσεως
3027 1644 3234 1722 ἐγίνετο
3263 1649 3360 1699 106
3391 1641 3800 1715 σταυρωθέντος,

2169 1733 2257 1788 διὰ
2288 1741 2395 1788 τῶν
2429 1735 2671 1809 θλίψεων
2705 1737 2778 1788 ὡν
2811 1733 3053 1808 ἔπασχον
3091 1735 3184 1807 μὲν
3237 1734 3340 1788 ὑπὸ
3383 1739 3491 1787 τῶν
3521 1727 3808 1811 Ἰουδαίων,

2171 1824 2270 1878 οὐκ
2338 1824 2629 1902 ἀφίσταντο
2688 1821 2745 1878 δὲ
2795 1830 2895 1892 τῆς
2950 1827 3048 1878 106
3108 1824 3510 1896 σταυρωθέντος
3559 1819 3646 1874 καὶ
3695 1819 3812 1872 ανα-

2175 1914 2397 1972 στάντος
2432 1910 2640 1989 φιλίας,
2700 1911 2828 1967 ἀλλ’
2891 1912 3364 1986 ὑπεραπέθνησκον
3423 1911 3638 1965 τούτου.
3673 1905 3733 1963 Εἴ
3761 1902 3813 1958 δὲ

2179 2002 2332 2063 εὐθὺς
2385 2002 2764 2077 ἐχωρίσθησαν
2820 2001 3243 2078 Ἰεροσολύμων,
3276 2002 3366 2056 καὶ
3419 2002 3624 2056 τούτων
3671 1994 3812 2053 ούδέν

2182 2090 2650 2160 ἐπηκολούθησεν,
2707 2091 2948 2153 ’ὐποπτος
3007 2091 3067 2146 ἂν
3124 2093 3158 2160 ἡ
3218 2091 3506 2152 ἀνάστασις
3573 2089 3814 2161 ὑπῆρξεν.

2182 2179 2409 2242 ’Ἄλλως
2461 2202 2518 2236 τε
2549 2183 2637 2236 καὶ
2696 2179 2900 2236 πολλοὶ
2941 2183 3071 2248 ἦσαν
3127 2181 3179 2234 οἱ
3227 2177 3525 2253 μέλλοντες
3563 2175 3814 2231 πιστεύειν

2185 2271 2394 2324 αύτόθι.
2428 2271 2580 2342 Ἀμα
2625 2268 2680 2325 δὲ
2737 2272 2826 2325 καὶ
2886 2264 2992 2324 ἔδει
3047 2271 3352 2343 περιμένειν
3388 2267 3603 2337 αὐτοὺς,
3634 2265 3719 2319 ’ἱνα
3749 2263 3818 2336 μή

2184 2380 2328 2422 τ.νες
2389 2358 2638 2432 Αέγωσιν,
2699 2361 2782 2414 ὅτι
2855 2360 2982 2420 τοὺς
3038 2359 3355 2435 γνωρίμους
3394 2358 3641 2434 ἀφέντες,
3691 2352 3828 2424 παρᾶ

2186 2455 2302 2510 τοῖς
2331 2449 2500 2519 ξὲνοις
2530 2447 2696 2516 ἦλθον
2753 2446 3052 2522 κομπάσαι.
3110 2449 3264 2519 Ἅμα
3322 2444 3378 2501 δὲ
3416 2447 3512 2500 καὶ
3547 2448 3621 2518 μή
3655 2464 3735 2498 πω
3761 2442 3824 2513 τῇ

2190 2543 2285 2593 106
2317 2540 2630 2611 Ηνεύματος
2665 2539 3090 2612 θωρακισθέντες
3137 2535 3387 2610 δυνάμει,
3430 2534 3700 2612 ἄχρηστοι
3729 2553 3827 2587 κα-

2193 2628 2439 2692 θίσταντο
2473 2627 2530 2682 ἂν
2561 2628 2698 2701 πρὸς
2729 2630 2793 2680 τὰ
2817 2631 2922 2681 τῶν
2957 2625 3270 2682 ἀντιπάλων
3314 2625 3659 2699 συμπλοκάς.

2266 2741 2292 2768 ‹‹
2333 2717 2446 2784 Τήν
2476 2714 2798 2790 ἐπαγγελίαν
2830 2720 2930 2769 106
2962 2715 3194 2791 Πατρός.
3233 2740 3260 2767 ›)

2268 2805 2368 2860 Καὶ
2404 2808 2509 2858 ποῦ
2558 2808 2718 2858 10610
2760 2806 2787 2858 6
2823 2805 3007 2877 Πατὴρ
3059 2803 3468 2879 ἐπηγγείλατος
3504 2803 3689 2876 Φαμὲν
3720 2797 3834 2863 06v,

2197 2891 2282 2947 δτι
2343 2895 2467 2960 ἦτοι
2522 2893 2885 2954 ἐλλειπτικῶς
2940 2901 3062 2962 τῆς,
3116 2893 3244 2957 ἀπὸ,
3301 2892 3606 2967 προθέσεως
3664 2888 3743 2944 δεῖ
3777 2888 3835 2942 τὸ

2199 2983 2361 3056 ῥητὸν
2394 2978 2777 3054 ἐκλαμϐάνειν,
2833 2981 2928 3036 τίνα
2979 2985 3035 3053 ᾖ,
3092 2984 3397 3056 περιμένειν
3460 2983 3567 3036 ἀπὸ
3605 2984 3700 3035 τοῦ
3731 2984 3834 3031 lla-

2195 3072 2324 3144 τρὸς
2351 3073 2450 3140 τήν
2485 3070 2830 3146 ἐπαγγελίαν,
2880 3073 2940 3140 ἣν
2999 3072 3125 3145 ὑμῖν
3186 3071 3534 3142 ἐποιησάμην
3562 3074 3657 3124 106
3688 3068 3837 3140 ἁγίου

3020 3161 3077 3221 ὓς
3127 3160 3286 3221 αὐτός
3335 3178 3517 3230 φησιν’
3578 3160 3643 3215 ’Ὰ
3700 3155 3842 3230 παρᾶ

2200 3255 2296 3304 106
2333 3251 2539 3322 [Ιατρὸς
2599 3251 2831 3319 ἀκήκοα,
2889 3255 3053 3303 ταῦτα
3112 3248 3446 3323 ἀπαγγελλω
3508 3249 3656 3319 ὑμῖν
3690 3247 3842 3312 καὶὴ

2200 3161 2535 3235 Πνεύματος,
2593 3159 2628 3229 ἤ
2692 3161 2780 3215 καὶ
2841 3161 2946 3228 ὅτι,
3004 3161 3077 3221 ὡς
3127 3160 3286 3221 αὐτός
3335 3178 3517 3238 φησιν’

2201 3344 2299 3394 106
2329 3339 2482 3415 ἁγίου
2510 3340 2822 3412 Πνεύματος
2877 3337 3194 3414 ἐπαγγελία,
3247 3338 3290 3392 εί
3341 3338 3429 3390 καὶ
3462 3335 3529 3390 δι’
3567 3338 3725 3390 26:06

2204 3449 2382 3501 γονεν,
2441 3427 2587 3483 ἀλλά
2641 3429 2728 3482 καὶ
2789 3428 2934 3500 παρὰ
2986 3431 3088 3480 106
3150 3427 3356 3498 Πατρὸς
3409 3428 3638 3497 ὑπήρξεν
3703 3423 3756 3479 Ι·]’
3793 3420 3845 3475 δὲ

2203 3517 2294 3571 καὶ
2325 3518 2451 3592 παρ’
2480 3516 2645 3571 αὐτοῦ
2697 3522 2880 3586 ζητεῖς
2924 3521 3022 3570 106
3054 3516 3389 3589 Πνεύμῖτος,
3422 3515 3449 3567 6
3489 3516 3652 3568 ’ἑωπλ
3693 3511 3845 3586 ἐλέγ-

2205 3627 2337 3682 γυος
2369 3606 2738 3660 πιστώσασθαι
2767 3605 2858 3660 τὸν
2909 3603 3100 3679 λόγον,
3150 3631 3175 3657 ιε
3210 3602 3444 3678 Ἐκχεῶ,
3477 3625 3716 3681 φυκίων,
3750 3600 3850 3655 ἀπὸ

2204 3700 2302 3751 106
2333 3693 2642 3767 Πνεύματός
2675 3714 2778 3766 μου
2809 3693 2897 3748 ἐπὶ
2930 3699 3099 3748 πᾶσαν
3134 3693 3326 3767 σάρκα.
3363 3714 3388 3745 η

2281 3807 2308 3835 ‹‹
2338 3787 2435 3838 Ἢν
2463 3781 2730 3851 ἡκούσατέ
2758 3803 2884 3854 μου.
2919 3806 2941 3835 ι

2279 3873 2419 3929 Πότε
2450 3869 2507 3926 δὲ
2536 3873 2773 3940 ἤκουσαν
2802 3890 2815 3939 ;
2846 3873 2974 3926 Ὃτε
3005 3865 3184 3945 ἔλεγε·
3237 3895 3264 3921 ‹‹
3303 3868 3575 3945 Συμεέρει
3612 3871 3737 3940 ὑμῖν
3767 3866 3858 3920 ’ὲνα

2207 3960 2316 4037 ἐγὼ
2347 3959 2591 4028 ἀπέλθω,
2648 3961 2737 4015 ἐὰν
2795 3959 2897 4037 γὰρ
2955 3959 3063 4033 ἐγὼ
3099 3960 3174 4030 μή
3217 3958 3462 4027 ἀπέλθω,
3507 3961 3534 4012 6
3571 3955 3860 4032 Παράγλη-

2204 4071 2298 4113 τος
2332 4049 2431 4105 οὐκ
2469 4049 2746 4104 ἐλεύσεται
2777 4050 2912 4122 πρὸς
2964 4049 3125 4121 ὑμᾶς.
3152 4070 3179 4102 ι
3242 4048 3346 4104 Καὶ
3403 4047 3596 4102 πάλιν·
3653 4073 3681 4100 ι(
3717 4045 3857 4122 Ἐγὼ

2207 4140 2469 4215 ἐρωτήσω
2498 4139 2590 4193 τὸν
2624 4137 2857 4213 Πατέρα,
2906 4137 2996 4191 καὶ
3045 4134 3216 4192 ἄλλον
3262 4136 3622 4212 Παράκλητον
3658 4137 3862 4210 πέμψει

2210 4230 2360 4301 ὑμῖν.
2397 4253 2420 4282 ι
2456 4228 2618 4299 Ἀτὰρ
2651 4227 2696 4281 εί
2744 4222 2974 4298 μηδέπω
3021 4227 3347 4301 παρεγένετο
3379 4227 3439 4280 τὸ
3472 4225 3715 4300 Πνεύμα,
3747 4229 3862 4287 πῶς

2207 4313 2381 4392 ἔλεγεο
2421 4341 2441 4368 ι
2472 4311 2679 4371 Λάϐετε
2709 4319 2927 4388 Πνεῦμα
2971 4315 3124 4390 ἅγιον
3152 4334 3166 4385 ;
3203 4339 3223 4366 ι
3281 4315 3316 4384 ἤ
3377 4313 3458 4369 ὅτι
3488 4320 3657 4370 τοῦτο
3690 4312 3860 4389 ἔλεγε,

2210 4404 2484 4467 δεκτικοὺς
2515 4403 2710 4466 αὐτοὺς
2739 4402 2830 4458 καὶ
2860 4401 3203 4474 ἐπιτηδείους
3248 4409 3422 4459 ποιῶν
3452 4403 3527 4465 είς
3581 4405 3683 4473 τήν
3727 4404 3861 4458 ὑπο-

2209 4495 2384 4570 δοχήν
2414 4498 2512 4549 τοῦ
2545 4493 2879 4566 Ηνεύματος·
2951 4488 3146 4548 ἔλαϐον
3212 4493 3269 4548 δὲ
3323 4494 3410 4549 ὅτε
3460 4494 3750 4563 κατῆλθεν.
3784 4494 3853 4550 Ἢ

2209 4587 2291 4642 ὃτι
2321 4586 2384 4641 τὸ
2412 4583 2617 4658 μέλλον
2651 4584 2727 4646 ὡς
2755 4581 2864 4654 ἤδη
2892 4585 3065 4658 παρὸν
3086 4582 3322 4660 εἷ’ρηκεν.
3347 4587 3416 4641 "H
3441 4586 3524 4639 ὅτι
3556 4590 3653 4639 τοῦ
3686 4584 3853 4640 Πνεύ-

443 4669 579 4754 rum
608 4701 893 4763 tanquam
914 4700 1178 4760 prmsens
1209 4681 1375 4737 dixit.
1413 4678 1518 4734 Vel
1550 4677 1708 4749 quod
1726 4678 1978 4749 Spiritus
2002 4677 2076 4732 da

2216 4694 2382 4763 ματος
2414 4677 2449 4743 ἠ
2481 4672 2651 4763 δόσις,
2696 4675 2748 4763 ἡ-
2791 4675 2887 4763 μὶν
2940 4674 3263 4748 καθαρτική,
3323 4674 3356 4741 ἠ
3405 4669 3464 4726 δὲ
3507 4671 3857 4744 τελειωτική.

445 4787 660 4848 tio,aut
689 4777 992 4853 purgativa
1016 4779 1105 4829 est
1129 4777 1232 4828 aut
1278 4768 1615 4841 perfectiva.
1677 4766 2099 4822 Consummata

449 4889 584 4944 ergo
607 4869 858 4942 Spiritus
889 4860 1264 4934 superventio
1299 4859 1361 4913 in
1391 4857 1778 4928 apostolos,et
1801 4872 1932 4926 qua;
1960 4872 2097 4926 per-

453 4963 672 5019 fectum
713 4954 926 5019 reddit,
983 4950 1130 5005 adeo
1187 4952 1256 5003 ut
1310 4947 1460 5002 alios
1516 4961 1754 5017 quoque
1806 4944 2096 5015 perficiat,

456 5059 722 5123 tempore
755 5046 1133 5100 Pentecostes
1163 5036 1318 5092 facta
1347 5041 1454 5103 est,
1488 5051 1607 5089 non
1638 5041 1835 5089 autem
1859 5049 1927 5088 eo
1953 5050 2103 5106 prae-

457 5122 623 5196 sente
657 5135 815 5192 venit
845 5149 858 5188 :
893 5145 1033 5186 nam
1056 5128 1104 5181 si
1165 5131 1306 5180 tunc
1367 5124 1648 5178 Dominus
1702 5122 2100 5193 discessisset,

459 5229 711 5301 Spiritus
742 5238 876 5279 vero
907 5217 1250 5280 mansisset,
1285 5229 1404 5266 non
1435 5211 1644 5266 fuisset
1673 5217 1837 5266 tanta
1887 5228 2102 5266 conso.

459 5299 600 5374 latio
628 5314 804 5370 :adeo
836 5309 996 5365 enim
1017 5307 1067 5362 ei
1097 5301 1572 5364 adhaarebantmt
1591 5316 1742 5372 aegre
1760 5299 2104 5371 divellipos-

460 5413 614 5464 sent.
648 5407 772 5460 Non
803 5400 1001 5457 statim
1057 5403 1258 5452 autem
1310 5390 1619 5446 descendit
1676 5389 1950 5461 Spiritus,
2002 5389 2106 5444 sed

458 5503 594 5571 post
621 5499 752 5550 octo
783 5489 1052 5546 fortassis
1077 5491 1181 5541 aut
1208 5498 1422 5539 novem
1471 5480 1619 5547 dies,
1679 5484 1746 5533 ut
1795 5478 2105 5550 paululum

457 5567 842 5650 constristati,
873 5579 931 5634 ei
960 5576 1024 5632 in
1054 5571 1348 5631 desiderio
1378 5586 1447 5626 ac
1470 5567 1827 5624 necessitate
1859 5567 2104 5638 promis-

1509 5748 1531 5784 ⁹
1559 5747 1726 5803 Joan.
1758 5761 1873 5814 xiv,
1911 5748 1998 5803 16.

527 5764 552 5800 ⁷
578 5761 705 5821 Joel
730 5777 790 5828 ιι,
820 5759 908 5814 28.
985 5754 1012 5790 ⁸
1036 5755 1202 5812 Joan.
1237 5769 1349 5820 xw,
1376 5751 1433 5806 7.

2205 4763 2270 4816 Ἡ
2303 4762 2394 4816 06v
2427 4758 2611 4816 τελεία
2666 4760 2756 4816 καὶ
2812 4758 3179 4829 τελειοποιὸς,
3234 4760 3373 4816 ὥστε
3401 4760 3488 4814 καὶ
3524 4759 3744 4834 ἐτέρους
3775 4782 3867 4816 τε-

2209 4852 2527 4925 λειοποιεῖν,
2576 4857 2672 4908 106
2723 4853 3052 4926 Πνεύματος,
3113 4859 3227 4915 τοῖς
3287 4850 3618 4916 ἀποστόλοις
3646 4851 3864 4931 ἐπιφοί-

2208 4964 2385 5014 τησις,
2444 4944 2579 4998 κατά
2633 4943 2724 4998 τὸν
2781 4944 2969 5018 καιρὸν
3027 4949 3126 5012 τῆς
3184 4948 3564 5012 ΙΙεντηκοστῆς
3613 4944 3860 5019 γέγονεν,

2214 5031 2314 5088 οὐκ
2364 5029 2502 5102 ἦλθε
2559 5029 2615 5087 δὲ
2672 5033 2937 5105 παρόντος
2991 5031 3176 5100 αὐτοῦ,
3209 5031 3316 5102 ὅτι,
3358 5031 3404 5086 εἲ
3433 5032 3460 5086 ὁ
3497 5032 3588 5105 μὲν
3621 5030 3860 5102 ἀπῆλθε,

2219 5123 2274 5178 τὸ
2324 5119 2381 5177 δὲ
2444 5120 2672 5193 ἔμεινεν,
2721 5121 2824 5176 οὐκ
2886 5120 2953 5189 ἦν
3012 5125 3274 5176 τοσοῦτον
3325 5123 3389 5177 τὸ
3444 5128 3544 5190 τῆς
3604 5142 3857 5194 παραμυ·

2214 5212 2350 5273 θίας.
2418 5208 2635 5286 Σφόδρα
2686 5210 2787 5285 γὰρ
2844 5210 3012 5264 αὐτοῦ
3075 5207 3533 5272 δυσαποσπάστως
3571 5211 3748 5284 εἶχον,
3781 5209 3860 5266 06

2212 5299 2451 5364 κατῆλθε
2491 5296 2547 5353 δὲ
2593 5299 2656 5353 τὸ
2701 5302 2916 5370 Πνεῦμα
2963 5299 3182 5372 εὐθέως,
3230 5298 3381 5354 ἀλλὰ
3420 5299 3555 5372 μετά
3585 5299 3729 5354 ὀκτὼ
3769 5319 3865 5353 τυ-

2214 5389 2314 5462 χὸν
2357 5388 2391 5457 ἢ
2443 5383 2590 5441 ἐννέα
2638 5384 2870 5463 ἡμέρας,
2907 5385 3019 5458 ἵνα,
3069 5387 3159 5442 καὶ
3207 5389 3400 5462 μικρὸν
3464 5388 3868 5463 ἀθυμήσαντες,

2213 5475 2304 5531 καί
2333 5475 2383 5530 ἐν
2418 5474 2678 5549 ἐπιθυμίᾳ
2716 5475 2807 5530 καὶ
2861 5477 3024 5551 χρείᾳ
3050 5483 3154 5545 τῆς
3211 5474 3532 5552 ἐπαγγελίας
3566 5477 3868 5532 καταστάν-

2211 5586 2322 5635 τες,
2353 5565 2590 5639 καθαρὰν
2649 5565 2740 5631 καὶ
2799 5565 3198 5641 ἀπηρτιτμένην
3241 5563 3497 5635 δέξωνται
3525 5568 3625 5636 τὴν
3671 5565 3759 5620 ἐπὶ
3792 5566 3890 5637 τῇ.

2079 5748 2124 5785 ¹⁰
2151 5749 2316 5804 Joan.
2349 5746 2566 5815 xv,
