4098 6260
299 307 375 365 49
1299 309 1702 372 ΟΟΜΜΕΝΤ.
1752 310 1840 369 IN
1884 308 2002 369 ΑΟ(

2132 304 2739 370 APOSTOLORUM.
3656 313 3737 374 50

304 436 572 546 παρουσίᾳ
599 434 849 543 ᾗδονήν.
881 439 1111 497 Ῥλλως
1144 439 1201 496 δὲ
1230 437 1339 497 ἔδει
1378 442 1431 497 ἐν
1492 443 1707 518 οὐρανῷ
1755 444 1986 520 φανῆναι

2122 441 2288 497 εἰοῐιὶδ
2319 442 2649 501 constituti.
2681 458 2897 513 purum
2927 458 2994 496 ac
3025 440 3352 513 perfectum
3410 442 3748 514 reciperent

305 529 401 596 τήν
447 528 731 600 ὶμετὲραν
804 530 995 604 (φύσιν.
1058 528 1148 585 καὶ
1203 532 1297 594 τὰς
1352 531 1699 608 καταλλαγὰς
1756 531 1991 606 γενέσθαι

2125 548 2163 586 n
2191 532 2319 603 ejus
2341 532 2600 588 adventu
2622 533 2922 605 gaudium.
2948 534 2991 589 ὗ
3018 534 3311 587 Praeterea
3341 539 3540 588 autem
3567 550 3746 605 opor-

308 618 753 691 ἀπηρτισμένας,
800 620 918 693 ικαὶ
970 621 1095 676 τότε
1149 619 1324 685 ἐλθεῖν
1378 623 1440 676 τὸ
1490 623 1728 696 Πνεῦμα.
1796 620 1992 676 Σκόπει

2123 620 2257 675 cbat
2277 622 2339 676 in
2361 623 2505 678 cmlo
2527 629 2791 677 nostram
2807 638 3151 693 comparere
3178 626 3475 687 naturam,
3510 639 3577 677 ac
3610 639 3748 693 per-

320 705 519 775 3‘5,'iv1
550 706 723 762 πάλιν
764 710 911 782 μετᾶ
952 711 1055 779 τήν
1115 710 1386 785 ἀνάληψιν
1448 712 1526 784 μὴ
1580 712 1816 788 φύγωσι,
1875 714 1991 771 πῶς

324 801 395 872 τῇ
450 795 772 871 προσδοκίᾳ
840 799 1015 866 ταύτῃ
1070 800 1309 875 καθάπερ
1366 800 1474 855 τινὶ
1533 796 1718 873 δεσμῷ
1771 799 1991 872 κατέχει

327 887 402 942 πά
413 908 526 949 »τας
556 887 760 950 αὐτοὺς
791 887 990 947 ἐκεῖσε.

582 1091 609 1119 (ι
640 1067 767 1124 ’Ὁτι
800 1065 1064 1137 Ἰωάννης
1097 1066 1190 1141 μὲν
1220 1060 1505 1121 ἐϐάπτισεν
1537 1063 1712 1121 ὕδατι.
1750 1089 1777 1115 ››

417 1156 568 1231 Παρᾶ
592 1157 693 1225 τὴν
725 1156 910 1231 ἀρχὴν
966 1157 1018 1211 οἱ
1079 1154 1378 1211 ἀπόστολοι
1438 1153 1594 1211 ὕδατι
1651 1149 1989 1224 ἐϐαπτίσθη-

339 1267 463 1311 σαν,
504 1247 641 1315 μετᾶ
683 1249 852 1301 ταῦτα
912 1243 970 1300 δὲ
1036 1245 1126 1300 καὶ
1176 1247 1319 1321 ἁγίῳ
1377 1244 1671 1317 Πνεύματι.
1734 1245 1992 1307 Ἐνταῦθα

335 1340 589 1411 τρανερῶς
625 1332 735 1405 ἢδη
786 1335 848 1389 τὸ
908 1334 1049 1409 πρὸς
1105 1335 1358 1391 Ἰωάννου
1419 1334 1583 1389 αὐτοῦ
1640 1328 1988 1406 ὑπερϐάλλον

332 1429 600 1497 παριστᾷ,
633 1424 741 1499 οὐχ
772 1425 846 1485 ὡς
878 1420 968 1479 ὅτε
1008 1422 1214 1499 ἔλεγεν.
1278 1447 1305 1476 (ι
1335 1424 1393 1478 Ὀ
1455 1423 1775 1499 μικρότερος
1821 1420 1872 1475 ἐν
1920 1424 1988 1494 τῇ

326 1511 594 1586 βασιλεέᾳ
620 1518 730 1566 τῶν
764 1514 1031 1585 οὐρανῶν,
1068 1513 1263 1585 μείζων
1297 1511 1551 1569 Ἰωάννου
1582 1511 1746 1568 ἐστίν.
1781 1534 1810 1563 ››

398 1630 426 1656 ιτ
461 1612 648 1674 ’Υμ-Ξῖξ
698 1603 753 1659 δὲ

815 1607 1245 1680 βαπτισθήσεσθε
1300 1603 1352 1659 ἐν
1410 1602 1683 1678 Πνεύματι
1738 1602 1873 1679 ἁγίῳ
1926 1601 1988 1657 οὐ

326 1720 353 1747 ‹‹
396 1696 540 1765 μετᾶ
572 1695 785 1754 nulla};
816 1695 1014 1757 ταύτας
1044 1693 1271 1768 ἡμέρας.
1306 1718 1335 1747 iv

2098 709 2309 766 tectam
2336 713 2462 767 ﬁeri
2490 712 3057 779 reconciliationem,
3082 728 3150 766 ac
3179 717 3320 767 tunc
3337 712 3535 766 venire
3557 711 3747 783 Spiri-

2101 802 2573 858 tum.Considera
2593 809 2813 869 autem,
2835 818 2911 857 ne
2941 818 3179 856 rursum
3210 806 3343 873 post
3372 808 3744 872 assumptum

2097 889 2415 945 Dominum
2446 892 2695 963 fugiant,
2757 890 3055 962 quomodo
3114 890 3225 945 hac
3280 889 3746 960 exspectatione,

2098 982 2381 1048 tanquam
2409 986 2619 1035 catena
2638 980 2894 1051 quadam
2925 996 3132 1034 omnes
3161 995 3261 1033 eos
3288 978 3412 1032 illic
3470 979 3745 1034 retineat.

2170 1066 2213 1133 l,
2248 1071 2300 1123 5.
2336 1093 2363 1119 α
2400 1069 2546 1134 Quia
2568 1071 2825 1125 Joannes
2856 1070 3097 1139 quidem
3130 1067 3444 1138 baptizavit
3474 1082 3647 1138 aqua.
3682 1088 3712 1116 »

2168 1160 2438 1229 Apostoli
2472 1161 2533 1216 in
2564 1160 2733 1215 initio
2799 1177 2952 1229 aqua
3006 1158 3284 1230 baptizati
3335 1164 3493 1226 sunt,
3542 1162 3750 1229 postea

2097 1263 2231 1301 vero
2291 1250 2470 1303 etiam
2532 1254 2733 1305 sancto
2792 1249 3031 1319 Spiritu.
3095 1248 3199 1302 Hic
3249 1248 3374 1319 jam
3432 1246 3747 1301 manifeste

2099 1352 2267 1391 suam
2301 1355 2479 1408 supra
2507 1340 2796 1393 Joannem
2837 1338 3208 1392 demonstrat
3263 1336 3611 1407 potentiam,
3644 1350 3743 1389 ve-

2097 1425 2207 1480 luti
2240 1428 2476 1497 quando
2508 1428 2778 1483 dicebat:
2840 1427 3010 1491 «Qui
3072 1427 3269 1480 minor
3319 1430 3410 1479 est
3450 1424 3512 1478 in
3559 1440 3741 1495 regno

2100 1520 2403 1587 caelorum,
2436 1520 2628 1592 major
2656 1525 2883 1575 Joanne
2910 1524 3001 1574 est
3023 1522 3088 1573 η.
3129 1540 3156 1568 ››

2171 1630 2197 1658 ι(
2233 1610 2345 1664 Vos
2380 1616 2577 1664 autem
2609 1608 3052 1680 baptizabimini
3094 1607 3317 1679 Spiritu
3374 1611 3577 1662 sancto
3624 1623 3745 1662 non

2100 1720 2127 1747 «
2160 1704 2295 1769 post
2322 1698 2542 1753 multos
2574 1699 2681 1753 hos
2711 1698 2857 1752 dies.
2897 1719 2918 1747 ι

411 1786 879 1851 Βατττιτθίίσεσῦε,
907 1784 1078 1851 εἶπ;ν,
1131 1782 1256 1838 ἀλλ’
1289 1782 1350 1837 οὐ
1384 1781 1656 1853 Βαπτίσω,
1702 1782 1764 1836 τὸ
1812 1780 1980 1853 ἀκόμ-

2174 1787 2829 1859 Βορίἱῑξώἱωὶιιί,ἀίχὶι;
2856 1783 3741 1857 non,Baptizabo,mansuetudi-

337 1895 565 1928 ιταστον
599 1871 976 1944 μεταδιώκμν,
1009 1872 1232 1931 Ἄλλως
1285 1893 1344 1926 τε
1392 1871 1480 1926 καί
1528 1872 1785 1927 Ἰωάννου
1827 1873 1986 1924 τοῦτο

322 1963 787 2035 πιοδιὲαξ-ιντος.
821 1985 872 2016 εν
918 1968 998 2034 τῷ
1058 1963 1247 2017 εἶπεῐνο
1297 1988 1316 2011 ο
1354 1961 1526 2023 Αὐτὸς
1586 1960 1722 2033 ὑμᾶς
1792 1957 1989 2034 βαπτί-

316 2075 400 2107 σει
438 2052 494 2106 ἐν
533 2051 808 2121 ίινείματι
842 2051 989 2125 ἁγίῳ
1046 2053 1133 2105 καὶ
1192 2050 1344 2123 πυρὶ,
1378 2074 1401 2097 ›)
1461 2052 1684 2123 περιττή
1739 2045 1807 2102 δι’
1866 2049 1986 2102 εαυ-

311 2148 415 2197 τυῦ
450 2145 772 2213 προσθήκη.
809 2142 997 2215 Χωρές
1029 2139 1086 2194 δὲ
1142 2139 1334 2201 ὕδατος
1384 2139 1443 2193 οὐ
1502 2140 1750 2214 βαπτίζει
1803 2137 1855 2192 ἐν
1908 2142 1989 2208 τῷ

325 2232 573 2301 ima;th
612 2232 795 2305 χάριτι
829 2250 842 2298 ;
876 2232 965 2284 καὶ
1017 2231 1119 2305 γὰρ
1175 2231 1235 2283 τὸ
1285 2230 1612 2304 κυριώτερον
1665 2229 1726 2283 τὸ
1779 2225 1991 2299 Πνεῦμά

333 2319 479 2387 ἐστι,
522 2317 566 2373 δ’
598 2320 761 2373 οὔκαὶ
793 2322 857 2374 τὸ
913 2317 1060 2392 ὕδωρ
1120 2319 1337 2393 ἐνεργεῖ.
1399 2318 1551 2375 Ἐπεὶ
1607 2319 1696 2372 καὶ
1758 2317 1992 2390 Χριστὸς

334 2411 505 2472 αὐτὸς
543 2410 765 2483 Χριστὸς
797 2409 925 2463 ἄνευ
962 2408 1148 2463 ἐλαίου
1180 2408 1385 2484 γέγονε.

411 2613 440 2639 ‹‹
476 2589 547 2644 Οἱ
576 2589 674 2659 μὲν
710 2589 805 2641 οὖν
838 2585 1185 2670 συνελθόντες
1216 2586 1514 2661 ἐπηρώτων
1566 2585 1750 2647 αὐτὸν,
1805 2581 1996 2657 λέγον-

326 2703 355 2729 ι(
386 2698 494 2739 τες
525 2679 719 2747 Κύριε,
754 2678 801 2731 εἱ
834 2676 888 2730 ἐν
943 2681 1025 2747 τῷ
1082 2675 1270 2749 γρόνῳ
1328 2674 1507 2746 τούτῳ
1556 2671 1996 2733 ἀποκαθιστάνεις

345 2792 369 2822 ο
398 2772 500 2836 τὴν
532 2766 818 2842 βασιλείαν
851 2771 929 2838 τῷ
960 2764 1179 2841 Ἰσραήλ
1208 2784 1221 2833 ;
1253 2789 1280 2815 ››

413 2857 617 2912 Σκόπει
649 2855 900 2919 ἐνταῦθα.
935 2854 1087 2911 Ἐπεὶ
1146 2855 1253 2929 πρὸ
1303 2857 1399 2908 τοῦ
1447 2853 1649 2916 πάθους
1704 2852 1996 2927 ἠρώτησαν

338 2948 403 3003 τὰ
439 2947 571 3019 περὶ
604 2945 915 3006 συντελείας
947 2949 1044 2999 τοῦ
1074 2944 1306 3016 κόσμου,
1367 2943 1465 2997 οὐκ
1510 2936 1587 2997 ἔτι
1639 2942 1760 3017 περὶ
1804 2939 2000 2995 τούτου

340 3037 716 3107 ἐπερωτῶσιν·
789 3033 938 3088 ἀλλὰ
995 3033 1118 3104 περὶ
1180 3031 1460 3107 βασιλείας
1517 3037 1811 3103 κοσμικῆς.
1881 3031 2000 3084 Ἔτι

341 3128 439 3200 γὰρ
501 3123 862 3196 ἀτελὲς-τερον
925 3120 1209 3177 διεγειντο.
1269 3122 1442 3190 Ὀμοῦ
1528 3117 1585 3173 δὲ
1661 3116 2004 3180 συνελθόντες

354 3208 733 3283 ἠρώτων,’ἱνα
780 3215 862 3281 τῷ
914 3211 1118 3279 πλήθει
1172 3206 1590 3277 δυσωπήσωσιν.
1652 3205 2002 3264 Ἀκούσαντες

365 3299 423 3353 δέ
445 3301 555 3373 πρὶν
583 3300 675 3353 τοῦ
703 3301 930 3367 πάθους,
973 3298 1055 3353 ὅτι
1089 3295 1264 3360 οὐδεὶς
1296 3294 1413 3351 οἶδε
1435 3297 1533 3363 τὴν
1578 3294 1812 3370 ἡμέραν,
1853 3289 2005 3366 ὅμως

372 3390 457 3442 καὶ
521 3391 609 3439 vim
664 3387 817 3442 πάλιν
878 3388 1154 3459 ἐρωτῶσιν
1237 3386 1387 3444 Ἐπεὶ
1444 3386 1547 3461 γὰρ
1628 3384 1865 3453 ἥκουσαν
1922 3382 2006 3437 ὅτι

365 3476 627 3547 μέλλουσι
686 3473 983 3549 λαμϐάνειν
1042 3477 1104 3530 τὸ
1166 3479 1409 3549 Πνεῦμα,
1470 3475 1544 3536 ὡς
1603 3472 1743 3543 ἄξιοι
1809 3470 2003 3526 λοιπὸν

357 3566 557 3635 ἤθελον
587 3570 802 3631 μαθεῖν.
833 3569 927 3621 καὶ
960 3565 1343 3640 ἀπαλλαγῆναι
1393 3570 1500 3619 τῶν
1553 3561 1833 3641 δυσχερῶν
1885 3561 2009 3616 ἐπε-

357 3656 583 3727 θύμουν.
618 3656 736 3713 Οὐκ
766 3658 919 3711 εἷπον
954 3654 1032 3725 δὲ,
1068 3657 1202 3712 Πότε
1230 3674 1243 3724 ;
1276 3654 1423 3710 ἀλλ’.
1475 3652 1539 3709 Εἰ
1591 3653 1641 3706 ἐν
1690 3655 1771 3722 τῷ
1825 3650 2009 3725 χρόνῳ

354 3745 577 3816 τούτῳ;
611 3743 657 3797 εἷ
693 3748 825 3811 sfw;
881 3743 1059 3819 φασίν.
1115 3743 1305 3803 υῦτως
1368 3740 1668 3813 ἐπεθύμουν
1723 3741 1820 3806 τήν
1870 3737 2008 3809 ἡμὲ-

352 3854 472 3907 ραν.
510 3833 674 3905 Ἐμοὶ
710 3830 767 3887 δὶ
809 3830 958 3887 δοκεῖ
1015 3829 1139 3886 οὐδὲ
1201 3831 1565 3905 τετρανῶσθαί
1627 3850 1744 3890 πως
1799 3827 2010 3895 αὐτοῖς,

344 3922 399 3976 τί
433 3924 559 3977 ποτ’
604 3923 673 3989 ἧν
734 3924 769 3991 ἡ
830 3920 1098 3996 βασιλεία.
1170 3920 1337 3978 Οὕπω
1393 3924 1495 3995 γὰρ
1552 3922 1616 3988 ἦν
1678 3914 1891 3989 διδάξαι
1949 3915 2010 3968 τὸ

343 4016 595 4083 Η-ιεῦμα.
633 4011 811 4067 Εἶπον
846 4009 903 4065 δὲ
960 4013 1045 4073 τὸ,
1100 4038 1122 4062 ‹‹
1155 4009 1654 4078 Ἀποκαθιστάνεις,
1686 4031 1710 4058 ›;
1757 4006 1840 4061 ὅτι
1893 4003 2013 4077 μεί-

345 4108 484 4170 ζονα
518 4098 724 4154 λοιπὸν
756 4100 879 4173 περὶ
911 4101 1080 4154 αὐτοῦ
1136 4100 1513 4176 ἐφαντάζοντο.
1564 4097 1656 4151 Διὸ
1689 4095 1798 4167 ἐκαὶ
1855 4094 2014 4155 αὐτὸς

344 4192 378 4245 ἆ
514 4192 533 4220 ι
731 4191 743 4207 τ
824 4195 844 4205 -
930 4186 954 4203 κ
1058 4192 1067 4207 .
1336 4188 1348 4206 ν
1452 4188 1464 4202 ι
1594 4188 1619 4205 τ.
1853 4180 1923 4201 ,εν

381 4211 650 4263 νημενως
682 4210 870 4250 αυτοις
927 4188 1201 4263 οιελεγετο
1278 4190 1356 4245 Ou
1406 4208 1509 4263 γαρ
1567 4206 1741 4254 ειπεν,
1798 4186 1937 4241 Ουοε
1985 4184 2013 4237 ὁ

342 4283 479 4341 Υιὸς
516 4277 685 4347 οἶδεν,
716 4278 867 4341 ἀλλ’,
896 4302 923 4330 ‹‹
958 4279 1088 4353 Οὐχ
1116 4280 1267 4351 ὑμῶν
1300 4278 1432 4333 ἐστι.
1474 4301 1499 4327 ›ι
1534 4276 1636 4331 Καὶ
1666 4276 1756 4327 ἳνα
1786 4273 1862 4346 μή
1886 4274 2013 4326 ἀθυ-

343 4372 632 4442 μήσουσιν,
667 4369 957 4444 ἐπήγαγεν,
995 4396 1017 4420 ‹‹
1049 4367 1224 4425 Ἀλλὰ
1279 4367 1517 4439 λήψεσθε
1558 4363 1811 4437 δύναμιν,
1845 4384 1871 4416 ι
1923 4362 2013 4416 καὶ

336 4461 415 4513 τὰ
450 4458 601 4528 ἑξῆς.
664 4458 770 4514 Καὶ
827 4458 1019 4513 ἐκεῖνοι
1094 4459 1185 4530 μὲν
1246 4457 1306 4511 οὐ
1363 4456 1489 4531 περῖ
1553 4457 1650 4523 τῆς
1708 4450 2013 4513 συντελείας

341 4548 683 4620 ἠρώτησαν,
720 4546 875 4609 αὐτὸς
935 4544 993 4601 δὲ
1032 4549 1060 4601 ὅ
1097 4547 1195 4601 οὐκ
1251 4546 1543 4617 ἠρώτησαν
1607 4541 1866 4598 διδάσκει·
1929 4542 2011 4595 ὅτι

350 4638 593 4714 ἀρίστου
627 4634 958 4691 διδασκάλου
992 4635 1125 4702 ἐστὶ,
1163 4637 1239 4709 μή
1273 4636 1303 4689 ἂ
1334 4635 1628 4711 βούλονται
1663 4636 1714 4689 οἳ
1752 4631 2012 4705 μαθηταῗ,

346 4726 494 4782 ἀλλ’
531 4723 562 4778 ἄ
621 4723 881 4803 συμφέρει
946 4729 1157 4797 μαθεῖν,
1212 4720 1500 4781 διδάσκειν.
1562 4723 1659 4777 Διά
1712 4742 1796 4776 τοι
1854 4724 2016 4773 τοῦτο

346 4817 421 4871 οὗ
464 4815 609 4889 πρὸς
639 4816 736 4882 τήν
790 4813 1055 4888 ἐρώτησιν
1117 4814 1445 4884 ἀπήντησεν,
1505 4813 1579 4875 ὡς
1635 4808 1802 4885 μηδὲν
1850 4806 2018 4884 ἓχου-

339 4927 451 4961 σαν
515 4904 788 4979 χρηστὸν,
846 4900 991 4959 ἀλλᾶ
1043 4904 1106 4958 τὸ
1191 4908 1506 4977 κατεπεῖγον
1586 4899 1852 4956 ἐδίδασκε*
1919 4900 2017 4953 τοῦ

336 4991 681 5065 υνεόματος
714 4992 815 5067 γὰρ
847 4993 914 5061 ἦν
947 4992 1109 5068 χρεία
1142 4990 1381 5065 μάλιστα
1412 4993 1599 5055 αὐτοῖς
1626 4990 1770 5048 τότε.

424 5285 461 5316 κ
498 5261 639 5317 Εἶπε
670 5258 729 5317 δὲ
778 5261 920 5337 πρὸς
975 5260 1194 5323 αὐτούς·
1254 5260 1380 5335 Οὐχ
1440 5260 1591 5333 ὑμῶν
1653 5256 1762 5314 ἐστι
1818 5260 2019 5333 γνῶναι

344 5377 377 5407 κ
419 5351 663 5427 χρόνους
696 5353 729 5422 ἧ
762 5350 1011 5428 καιρούς.
1047 5373 1076 5402 ››

428 5446 726 5519 Πανταχοῦ
749 5448 854 5513 τῆς
882 5444 993 5495 τῶν
1053 5436 1369 5512 μελλόντων
1419 5439 1621 5502 αὐτοὺς
1681 5433 2019 5512 ἀποτειχίζει

447 5625 492 5660 ¹¹
522 5626 718 5685 Matth.
750 5642 830 5695 ιι,
872 5624 961 5681 ii.
1042 5619 1089 5656 ¹²
1116 5619 1316 5676 Matth.
1347 5636 1436 5691 ιιι,
1468 5622 1556 5677 Η.

2097 1892 2235 1929 nem
2267 1875 2633 1947 amplectens
2661 1881 2719 1930 et
2747 1874 3144 1948 arrogantiam
3184 1872 3452 1945 fugiens:
3486 1888 3740 1944 praeser-

2098 1966 2203 2019 tim
2233 1983 2367 2020 cum
2412 1968 2667 2021 Joannes
2724 1965 2889 2036 prius
2948 1964 3059 2018 hoc
3114 1962 3433 2029 docuisset,
3494 1960 3736 2015 dicens:

2098 2078 2123 2104 ‹‹
2160 2057 2290 2127 Ipse
2322 2074 2422 2111 vos
2454 2055 2771 2127 baptizabit
2802 2055 2861 2107 in
2890 2053 3108 2124 Spiritu
3141 2057 3344 2107 sancto
3369 2056 3427 2105 et
3464 2051 3584 2121 igni
3611 2049 3674 2114 ³³,
3711 2066 3736 2098 ι

2100 2147 2467 2218 superfluum
2502 2152 2659 2201 esset
2689 2152 2750 2200 ut
2780 2146 2909 2216 ipse
2940 2147 3050 2198 Per
3076 2143 3339 2214 seipsum
3357 2140 3621 2196 adderet.
3648 2140 3749 2191 Ve-

2105 2254 2239 2291 rum
2301 2253 2500 2291 annon
2561 2253 2668 2306 per
2719 2235 2967 2306 gratiam
3024 2232 3277 2303 baptizat
3328 2232 3390 2284 in
3445 2227 3748 2283 cmnaculo

2105 2325 2326 2394 absque
2350 2326 2540 2395 aqua?
2566 2326 2800 2394 Utique,
2832 2340 2971 2378 nam
3006 2322 3255 2392 Spiritus
3306 2320 3602 2373 efﬁcacior
3640 2322 3750 2380 est,

2103 2432 2209 2485 per
2231 2432 2408 2485 quem
2469 2416 2646 2467 etiam
2698 2429 2853 2483 aqua
2911 2416 3204 2481 operatur,
3272 2404 3755 2479 quandoquidem

2106 2505 2233 2574 iqse
2267 2520 2503 2574 quoque
2536 2503 2803 2557 Christus
2837 2501 3058 2569 absque
3093 2499 3221 2551 oleo
3256 2498 3534 2551 inunctus
3573 2500 3682 2549 est.

2175 2597 2218 2659 I,
2253 2598 2303 2647 6.
2340 2614 2369 2646 ‹‹
2406 2597 2608 2663 Itaque
2650 2591 2986 2663 congregati
3018 2586 3465 2658 interrogabant
3502 2600 3637 2637 eum
3660 2582 3756 2637 di-

2111 2709 2137 2736 ιι
2172 2692 2407 2740 centes:
2440 2685 2691 2740 Domine
2722 2698 2863 2738 num
2896 2682 2957 2735 in
3007 2685 3271 2750 tempore
3326 2678 3437 2732 hoc
3485 2676 3753 2731 restituis

2117 2796 2136 2824 ι
2172 2792 2417 2849 regnum
2450 2774 2701 2830 Israeli?
2734 2796 2762 2823 »

2181 2864 2502 2920 Considera
2558 2864 2672 2918 hic.
2734 2860 3024 2927 Quoniam
3082 2862 3217 2913 ante
3284 2857 3626 2927 passionem
3683 2853 3755 2908 de

2111 2957 2319 3012 mundi
2334 2954 2847 3012 consummatione
2871 2954 3522 3022 interrogaverant,non
3539 2946 3666 3018 jam
3685 2943 3757 2998 de

2113 3049 2222 3102 hoc
2262 3049 2648 3117 interrogant,
2711 3043 2813 3098 sed
2863 3042 2934 3097 de
2989 3039 3292 3095 mundano
3349 3052 3551 3108 regno.
3616 3036 3760 3088 Nam

2043 3166 2086 3232 ρ
2118 3136 2309 3192 adhuc
2332 3134 2737 3205 imperfectius
2760 3131 2954 3187 affecti
2984 3134 3153 3183 erant
3179 3126 3366 3180 Simul
3397 3130 3595 3179 autem
3618 3140 3762 3178 con-

2116 3226 2337 3299 gregati
2372 3224 2834 3295 interrogabant,
2869 3228 2934 3275 ut
2954 3217 3338 3274 multitudine
3363 3218 3677 3270 exorarent
3698 3229 3767 3267 ac

2110 3317 2437 3370 ﬂecterent.
2471 3316 2615 3367 Cum
2646 3320 2847 3367 autem
2891 3317 3028 3365 ante
3063 3307 3405 3379 passionem
3437 3302 3767 3365 audissent,

2112 3405 2267 3476 quod
2298 3404 2499 3458 nullus
2529 3402 2686 3457 diem
2719 3404 2939 3462 nosset,
2977 3413 3137 3451 nunc
3178 3401 3379 3450 tamen
3413 3406 3649 3447 rursum
3674 3390 3769 3442 in-

2114 3499 2431 3565 terrogant.
2468 3492 2615 3556 Quia
2673 3490 2831 3544 enim
2889 3487 3204 3543 audierant
3257 3482 3418 3553 quod
3479 3479 3764 3551 Spiritum

2115 3591 2317 3638 essent
2344 3581 2662 3651 accepturi.
2700 3586 2982 3648 tanquam
3029 3577 3156 3645 jam
3212 3572 3398 3644 digni.
3451 3569 3601 3625 scire
3652 3569 3763 3622 hoc

2112 3673 2388 3727 volebant
2432 3677 2490 3725 et
2512 3668 2987 3725 haasitationibus
3012 3663 3251 3719 liberari
3278 3660 3617 3731 cupiebant.
3635 3660 3760 3712 Non

2115 3769 2312 3818 autem
2343 3762 2656 3817 dixerunt:
2689 3757 2933 3823 Quando
2956 3755 2982 3809 ?
3015 3772 3053 3807 s
3082 3753 3116 3805 d
3143 3769 3154 3805 :
3186 3754 3335 3805 Num
3385 3749 3446 3802 in
3496 3754 3762 3816 tempore

2116 3852 2255 3907 hoc?
2272 3858 2465 3906 utrum
2492 3843 3132 3917 nunc?inquiunt;adeo
3148 3841 3303 3895 diem
3320 3836 3760 3893 desiderabant.

2116 3945 2297 3997 Porro
2320 3940 2594 3994 videntur
2624 3937 2765 3991 mihi
2802 3948 3177 4005 nequaquam
3213 3927 3524 3999 perspicue
3548 3939 3762 3996 cogno-

2118 4032 2268 4086 visse
2301 4030 2444 4100 quid
2477 4034 2635 4084 esset
2684 4041 2951 4097 regnum.
3015 4021 3287 4077 Nondum
3347 4018 3506 4072 enim
3566 4014 3772 4069 aderat

2119 4118 2370 4189 Spiritus
2398 4117 2497 4186 qui
2531 4132 2630 4169 eos
2661 4114 2923 4168 doceret.
2959 4111 3247 4165 Dixerunt
3276 4113 3495 4168 autem,
3522 4128 3546 4152 «
3583 4101 3774 4156 Resti-

2121 4209 2237 4263 tuis
2263 4224 2275 4260 :
2304 4229 2330 4255 ››
2358 4221 2494 4259 nam
2516 4203 2881 4273 majorajam
2907 4199 2978 4252 de
3003 4199 3130 4268 ipso
3167 4192 3612 4263 concipiebant:
3642 4190 3774 4242 ideo

2122 4299 2300 4354 etiam
2337 4296 2463 4367 ipse
2495 4292 2761 4364 apertius
2794 4304 2927 4344 cum
2961 4288 3047 4342 eis
3079 4281 3429 4339 disserebat.
3462 4282 3589 4334 Non
3615 4278 3775 4332 enim

2121 4388 2290 4451 dixit,
2320 4388 2520 4455 Neque
2544 4382 2724 4437 Filius
2744 4376 3068 4441 novit,sed:
3094 4398 3121 4425 «ς
3148 4376 3272 4428 Non
3305 4376 3395 4426 est
3426 4374 3685 4423 vestrum
3739 4388 3767 4417 ››

2121 4481 2191 4535 Et
2220 4496 2294 4534 ne
2326 4476 2872 4536 constristarentur,
2935 4465 3278 4538 subjunxit:
3312 4463 3360 4517 θ
3401 4483 3428 4510 ‹‹
3463 4458 3576 4515 Sed
3617 4456 3773 4512 acci-

2126 4572 2302 4642 pietis
2332 4570 2627 4634 virtutem,
2665 4586 2692 4613 »
2725 4570 2782 4618 et
2808 4566 3042 4616 cratera.
3076 4560 3145 4610 Et
3174 4551 3516 4623 illiquidem
3542 4548 3613 4603 de
3638 4564 3772 4602 con-

2127 4658 2527 4715 summatione
2558 4670 2677 4708 non
2710 4650 3169 4719 interrogarunt,
3203 4643 3329 4713 ipse
3355 4655 3491 4694 vero
3515 4637 3688 4691 docet
3708 4634 3767 4688 id

2128 4750 2285 4821 quod
2313 4764 2435 4803 non
2465 4744 2922 4813 interrogarunt.
2959 4732 3261 4806 Siquidem
3290 4728 3498 4802 optimi
3552 4741 3771 4798 praece-

2129 4840 2274 4895 toris
2293 4842 2382 4893 est
2401 4836 2614 4889 docere
2636 4846 2756 4885 non
2780 4844 2912 4898 quas
2934 4822 3211 4894 discipuli
3244 4821 3469 4876 discere
3502 4814 3769 4886 cupiunt,

2130 4929 2233 4984 sed
2264 4942 2396 4998 qua;
2426 4923 2511 4977 eis
2542 4920 2715 4975 utilia
2745 4921 2902 4973 sunt.
2950 4916 3272 4983 Propterea
3326 4901 3777 4975 interrogationi

2126 5035 2250 5073 non
2281 4991 2622 5085 respondet,
2656 5012 2722 5062 ut
2769 5022 2901 5077 quas
2962 5002 3114 5058 nihil
3170 5000 3417 5055 haberet
3470 4991 3766 5057 utilitatis,

2130 5106 2235 5161 sed
2265 5103 2422 5175 quod
2448 5098 2636 5170 magis
2664 5094 2913 5168 urgebat
2940 5090 3143 5147 docuit
3166 5106 3179 5143 :
3237 5086 3457 5159 Spiritu
3512 5094 3774 5149 namque

2128 5200 2270 5250 tunc
2311 5189 2565 5246 maxime
2599 5186 2718 5241 illis
2748 5201 2898 5256 opus
2927 5185 3073 5237 erat.

2199 5288 2246 5352 Ι,
2279 5286 2332 5337 7.
2367 5303 2393 5330 ‹‹
2430 5278 2586 5334 Dixit
2614 5281 2813 5331 autem
2846 5273 2970 5328 eis:
3005 5272 3133 5326 Non
3163 5272 3253 5323 est
3289 5268 3550 5320 vestrum
3598 5271 3777 5315 nosse

2131 5396 2159 5425 α
2192 5378 2462 5443 tempora
2485 5367 2576 5423 vel
2602 5372 2937 5436 temporum
2969 5356 3466 5431 opportunitates.
3501 5372 3530 5401 »

2204 5437 2431 5533 Ubique
2484 5458 2820 5513 futurarum
2883 5447 3220 5522 cognitione
3301 5457 3502 5499 rerum
3584 5437 3778 5512 privat
