4098 6260
363 310 435 371 51
1482 312 1894 376 (ECUMENH
1939 314 2246 376 TRIGCE
2289 317 2643 382 EPISCOPI
3675 324 3748 385 52

367 446 534 518 ipsos
562 461 574 500 :
609 461 729 500 non
752 450 1034 517 tanquam
1053 445 1353 519 ignorans,
1369 447 1471 503 sed
1493 447 1651 518 quod
1673 448 2019 503 sciretnihil

2136 449 2395 521 γνώσεως,
2428 451 2536 528 οὐχ
2564 452 2639 517 ὡς
2669 453 2905 531 ἀγνοῶν,
2935 452 3064 511 ἀλλ’
3097 456 3172 517 ὡς
3225 452 3391 530 μηδὲν
3442 453 3657 523 αὖτοὺς,
3700 454 3755 511 ἐκ

370 534 508 589 illos
538 551 609 590 ex
640 551 710 590 eo
733 535 928 606 juvari
969 535 1043 591 ad
1101 536 1471 608 spiritualem
1528 536 1819 592 salutem:
1879 537 2016 591 hinc

371 623 551 678 etiam
577 623 891 678 indeﬁnite
917 624 1083 695 prius
1104 625 1188 680 ait
1207 625 1281 681 ad
1311 625 1484 680 illos:
1520 627 1631 680 Vos
1662 632 1859 681 autem
1882 624 2021 697 bap-

374 712 701 767 tizabimini
726 713 947 784 Spiritu
970 720 1176 770 sancto
1203 731 1321 769 non
1351 721 1483 786 post
1504 715 1724 770 multvs
1740 716 1848 770 hos
1869 716 2014 771 dies.

372 802 591 866 Quodsi
624 818 876 872 qumras,
914 819 1020 858 cur
1048 819 1167 858 non
1199 804 1468 874 protinus
1490 804 1769 876 Spiritum
1803 804 2020 859 demit-

372 891 572 957 tit,aut
592 892 771 947 etiam
790 893 1153 964 praeﬁnitum
1168 900 1400 965 tempus
1425 910 1545 948 non
1576 893 2017 966 signiﬁcaverit,

372 977 533 1034 disce
564 980 723 1050 quod
755 981 956 1035 statim
983 980 1057 1035 ab
1088 997 1339 1037 ascensu
1371 981 1623 1053 Spiritus
1653 998 1772 1036 non
1798 981 2015 1050 veniat,

373 1074 439 1123 ut
469 1070 656 1142 magis
689 1070 1083 1127 desideratam
1145 1072 1366 1128 efﬁciat
1412 1072 1503 1127 sui
1553 1073 2017 1147 susceptionem,

371 1174 567 1229 neque
598 1159 671 1214 ad
702 1166 928 1216 certum
963 1161 1143 1227 diem,
1174 1168 1242 1216 ut
1269 1162 1343 1217 ad
1373 1168 1674 1217 certamen
1693 1167 1931 1233 paratos
1951 1176 2019 1215 ac

372 1245 749 1305 decentiores
782 1248 853 1304 ad
885 1249 1073 1321 ipsius
1103 1250 1420 1306 adventum
1452 1250 1663 1306 reddat
1694 1249 1757 1307 ⁸⁸.

446 1449 474 1476 ‹‹
510 1429 648 1493 Qum
688 1433 862 1483 Pater
890 1428 1089 1500 posuit
1111 1429 1171 1485 in
1205 1446 1312 1485 sua
1340 1434 1649 1501 potestate.
1684 1452 1713 1482 ››

450 1516 779 1573 Advertend
791 1534 890 1573 um
914 1526 1002 1573 est
1028 1534 1170 1573 num
1195 1519 1417 1574 dictum
1436 1520 1546 1575 hoc
1568 1518 1793 1590 aliquid
1815 1520 2023 1574 afferat

373 1606 662 1661 momenti
711 1607 1043 1662 volentibus
1112 1614 1341 1662 certum
1388 1608 1784 1662 humanarum
1821 1624 2020 1663 rerum

374 1697 700 1751 terminum
752 1698 871 1753 sive
928 1697 1116 1753 fatum
1175 1698 1403 1753 tollere.
1461 1699 1626 1763 Quod
1676 1698 1834 1753 enim
1890 1698 2018 1753 ait:

374 1805 403 1835 «
437 1785 575 1849 Qum
605 1786 779 1840 Pater
807 1787 1006 1856 posuit
1033 1786 1095 1841 in
1128 1803 1233 1843 sua
1262 1793 1605 1858 potestate,-
1632 1786 1791 1841 tollit
1809 1786 2019 1854 fatum,

377 1875 591 1929 Verum
626 1875 674 1930 si
706 1882 876 1947 pater
920 1878 1138 1948 posuit,
1188 1877 1571 1933 manifestum
1620 1882 1711 1931 est
1757 1876 1915 1949 quod
1963 1881 2025 1931 et

372 1963 558 2018 Filius
588 1965 894 2035 posuerit:
953 1965 1157 2022 omnia
1217 1966 1377 2022 enim
1436 1981 1568 2037 qua;
1616 1965 1808 2021 Patris
1861 1968 2021 2032 sunt,

377 2053 555 2109 etiam
588 2054 716 2109 Filii
750 2061 906 2111 sunt.

452 2144 495 2199 l.
528 2144 580 2198 8.
620 2162 643 2191 ι
706 2144 818 2199 Sed
876 2145 1179 2217 accipietis
1236 2145 1515 2201 virtutem
1569 2145 2023 2218 superveniente

386 2255 411 2287 ι
446 2234 667 2306 Spiritu
698 2241 904 2292 sancto
938 2238 997 2292 in
1029 2254 1151 2304 vos,
1212 2243 1270 2292 et
1324 2238 1490 2293 eritis
1536 2238 1683 2293 mihi
1733 2243 1913 2294 testes
1962 2238 2025 2292 in

380 2346 408 2373 «
438 2323 765 2379 Jerusalem
789 2332 847 2379 et
875 2326 937 2380 in
968 2327 1241 2381 universa
1269 2325 1489 2396 Iudaea,
1548 2332 1605 2381 et
1651 2326 1934 2393 Samaria,
1968 2331 2028 2381 et

385 2433 414 2464 (ι
446 2429 638 2484 usque
669 2413 742 2469 ad
770 2421 1098 2469 extremum
1128 2420 1320 2471 terrae.
1354 2437 1383 2464 »

451 2502 740 2567 Quoniam
770 2510 907 2559 ante
938 2504 1065 2560 haec
1096 2510 1498 2577 praeceperat:
1533 2528 1562 2557 ‹‹
1594 2507 1660 2560 In
1690 2506 1843 2561 viam
1881 2522 2023 2578 gen-

378 2591 527 2646 tium
547 2607 621 2647 ne
645 2591 913 2647 abieritis
942 2593 1011 2661 l‘,
1038 2614 1066 2643 »
1096 2601 1232 2659 etc.,
1257 2593 1413 2664 quod
1450 2593 1591 2648 solis
1621 2594 1840 2649 missus
1871 2593 2028 2649 esset

375 2681 662 2736 Israelitis
687 2698 699 2735 :
732 2699 893 2737 nunc
923 2699 1042 2737 una
1064 2699 1196 2737 cum
1214 2682 1328 2750 his,
1355 2690 1415 2737 et
1435 2683 1820 2738 Samaritanis
1843 2689 1902 2738 et
1921 2701 2028 2738 cae-

379 2770 523 2823 teris
555 2770 830 2839 gentibus
862 2770 1348 2841 praedicationem
1384 2770 1802 2827 communicat.
1839 2772 2025 2827 Simul

379 2857 557 2911 etiam
591 2856 905 2912 denuntiat
933 2857 1093 2929 quod
1123 2874 1231 2929 per
1260 2859 1603 2913 universum
1648 2858 1850 2914 orbem
1900 2860 2027 2931 pie-

375 2945 517 3000 tatis
547 2961 742 3001 sermo
772 2945 1224 3001 diffunderetur.
1260 2947 1409 3012 Quid
1441 2947 1599 3001 enim
1622 2947 1783 3002 aliud
1813 2954 2029 3019 praeter

376 3035 489 3090 hoc
519 3036 816 3109 signiﬁcat
860 3036 1020 3109 quod
1071 3037 1191 3093 ait:
1257 3060 1278 3087 ι
1315 3039 1510 3109 Usque
1566 3039 1640 3095 ad
1697 3046 2025 3095 extremum

377 3129 553 3180 terra)
576 3125 603 3180 ?
638 3149 659 3175 ο

450 3214 497 3268 Ι.
529 3217 579 3268 9.
621 3233 644 3263 ι
676 3217 747 3270 Ει
775 3232 909 3271 cum
942 3216 1069 3271 haac
1099 3215 1365 3285 dixisset,
1398 3215 1735 3273 videntibus
1761 3217 1881 3274 illis
1903 3218 2024 3274 ele—
2056 3182 2101 3249 θ’

307 3346 313 3352 .
385 3324 414 3354 et
446 3311 615 3361 vatus
646 3312 754 3362 est.
786 3326 812 3353 ιι

472 3397 509 3449 7
549 3396 866 3452 Abducens
898 3413 1001 3452 eos
1040 3413 1074 3453 a
1104 3398 1310 3468 quovis
1359 3399 1477 3454 alio
1522 3415 1905 3470 nugamemo,
1957 3416 2034 3456 ne

375 3506 626 3547 rursum
701 3488 896 3559 ipsum
982 3488 1437 3562 interrogarent,
1496 3490 1695 3546 statim
1750 3490 1927 3560 coepit
1971 3490 2033 3544 in

378 3582 594 3639 caelum
625 3578 1047 3636 conscendere.
1110 3579 1282 3635 Addit
1326 3586 1559 3636 autem:
1609 3597 1635 3624 α
1664 3580 2030 3649 Videntibus,

375 3671 521 3727 illis.
558 3696 579 3725 ι
621 3668 866 3735 Quando
903 3667 1143 3740 quidem
1175 3668 1272 3724 hic
1304 3670 1481 3724 situm
1516 3675 1645 3724 erat
1686 3670 2030 3725 universum

383 3759 519 3815 ﬁdei
551 3758 854 3830 negotium
885 3773 950 3812 ac
982 3756 1353 3812 necessitatis
1374 3757 1634 3821 illorum,
1669 3758 2028 3829 principium

384 3847 624 3920 quidem
658 3846 745 3901 rei
784 3845 968 3900 videri
1026 3846 1238 3917 potuit,
1295 3845 1433 3900 ﬁnis
1489 3852 1688 3902 autem
1745 3862 1866 3901 non
1923 3848 2023 3903 ita.

371 3938 691 4008 Propterea
724 3950 960 4006 quoque
993 3935 1311 3989 astiterunt
1342 3934 1447 3989 viri
1475 3935 1942 4007 docentes,quod
1963 3936 2026 3992 in

370 4027 517 4082 coelo
550 4026 925 4098 requiescat:
959 4040 1154 4096 neque
1187 4025 1347 4080 enim
1379 4025 1524 4081 visio
1555 4025 1629 4081 ad
1676 4026 1856 4082 ﬁnem
1887 4043 2022 4098 per-

372 4116 653 4190 tingebat.
682 4115 749 4169 In
796 4114 1237 4170 resurrectione
1293 4131 1429 4171 vero
1481 4117 1778 4172 contrario
1822 4116 2020 4186 modo,

367 4205 729 4278 principium
760 4202 1002 4276 quidem
1043 4203 1233 4260 visum
1293 4221 1415 4260 non
1472 4211 1598 4264 est:
1650 4206 2020 4277 superﬂuum

368 4311 628 4366 namque
659 4294 890 4361 fuisset,
923 4311 1060 4349 cum
1120 4295 1170 4347 is
1216 4294 1317 4364 qui
1364 4300 1772 4350 resurrexerat
1820 4295 2019 4350 vivens

367 4388 700 4456 appareret,
729 4388 789 4436 et
820 4383 1161 4453 sepulcrum
1188 4398 1435 4437 vacuum
1468 4389 1660 4438 esset:
1694 4383 1833 4439 ﬁnis
1881 4401 2015 4441 vero

367 4474 725 4531 manifestus
759 4477 907 4540 erat,
933 4488 1074 4526 nam
1097 4471 1299 4526 vivens
1346 4472 1493 4543 ipsis
1522 4473 2020 4531 manifestabatur

436 4586 465 4616 ‹‹
497 4564 567 4619 Et
596 4562 786 4619 nubes
819 4561 1083 4634 suscepit
1110 4577 1247 4616 cum
1277 4560 1349 4616 ab
1381 4561 1569 4618 oculis
1600 4577 1825 4619 eorum.
1856 4587 1884 4620 ρ

433 4732 629 4788 Nubes
658 4733 898 4804 quidem
958 4732 1275 4789 Dominum
1321 4733 1601 4806 suscepit,
1649 4737 1717 4789 ut
1761 4733 2007 4790 honoris

362 4821 763 4894 mqualitatem
791 4821 865 4876 ad
906 4827 1137 4877 Patrem
1195 4822 1651 4879 demonstraret.
1703 4822 1784 4879 De
1832 4826 2005 4880 Patre

361 4913 521 4967 enim
548 4911 771 4966 dictum
799 4911 1109 4966 estzNubes
1135 4917 1193 4965 et
1209 4913 1396 4983 caligo
1418 4913 1480 4967 in
1504 4913 1756 4969 circuitu
1786 4913 1916 4985 ejus
1939 4915 2002 4970 ¹⁸.

357 5003 429 5057 Et
457 5002 800 5057 incarnatus
830 4999 1072 5071 quidem
1098 5001 1275 5068 Deus,
1308 5002 1465 5057 nube
1522 5007 1807 5073 tanquam
1845 5003 2004 5059 vchi-

357 5091 490 5147 culo
512 5107 655 5147 usus
686 5094 794 5157 est,
852 5105 994 5144 nam
1052 5089 1339 5144 Dominus
1396 5095 1567 5146 erat:
1627 5091 1786 5148 Elias
1843 5108 2001 5161 vero,

353 5181 475 5254 igni
535 5182 597 5235 ¹⁶.
647 5179 754 5235 Ille
812 5178 972 5234 enim
1032 5183 1318 5249 tanquam
1377 5180 1660 5235 Dominus
1738 5181 2001 5237 universi

350 5271 592 5343 propria
619 5269 950 5325 ascendens
981 5268 1215 5334 virtute,
1267 5273 1569 5324 terrenum
1613 5270 1895 5341 quiddam
1944 5275 2005 5326 et

351 5360 510 5431 quod
541 5360 820 5414 deorsum
850 5358 1058 5424 fertur,
1091 5358 1165 5414 ad
1196 5374 1510 5414 ascensum
1541 5361 1829 5416 assumit:
1888 5380 2000 5420 nec

347 5450 537 5523 magis
558 5448 771 5505 ductus
786 5464 965 5521 quam
981 5448 1275 5505 reducens
1297 5447 1423 5521 ipse
1444 5447 1805 5506 vehiculum.
1838 5452 1996 5507 Elias

419 5641 464 5680 ³³
492 5641 665 5701 Joan.
697 5657 838 5711 xvn,
872 5644 897 5696 l
934 5655 1099 5712 seqq.
1178 5638 1226 5674 “
1252 5640 1454 5699 Matth.
1487 5659 1546 5711 ι,
1578 5644 1631 5696 5.

2039 4544 2092 4610 Β

1711 5641 1755 5677 η
1782 5641 1939 5700 Psal.
1971 5655 2114 5712 ηπ,
2147 5645 2201 5700 2.

2126 539 2322 594 τούτου
2352 538 2647 615 κερδαίνειν
2682 548 2788 598 τῶν
2824 542 2901 607 είς
2944 545 3189 622 ψυχικὴν
3245 544 3537 619 σωτηρίαν,
3580 542 3751 607 εἲδώςο

2126 626 2365 692 ἐντεῦθεν
2394 631 2483 685 καὶ
2527 631 2782 708 ἀνωτέρω
2840 634 3105 705 ἀορίστως
3160 633 3292 712 φησῖ
3348 634 3484 705 πρὸς
3539 631 3745 697 αὐτούς·

2122 716 2306 790 Ὑμεῖς
2337 715 2394 774 δὲ
2427 721 2854 795 βαπτισθήσεσθε
2901 722 2951 778 ἐν
3004 723 3274 798 Πνεύματι
3334 722 3468 799 ἅγίῳ
3521 721 3581 777 οὗ
3631 722 3756 796 μετᾶ

2125 804 2342 868 πολλὰς
2398 807 2595 871 ταύτας
2657 811 2888 884 ἡμέρας.
2961 810 3022 865 Ei
3080 808 3137 866 δὲ
3198 816 3380 881 ζητεῖς
3432 809 3518 865 διὰ
3572 810 3623 866 τί
3680 811 3752 883 μὴ

2126 895 2362 968 παρευθὺ
2392 897 2453 950 τὸ
2484 898 2704 970 Πνεῦμα
2729 900 3094 972 καταπέμπει,
3147 900 3182 971 ἢ
3240 901 3315 972 μὴ
3360 899 3449 953 καὶ
3493 899 3589 967 τὴν
3626 918 3753 970 προ-

2128 982 2350 1056 θεσμίαν
2411 982 2667 1058 ἐσήμαινε,
2727 987 2964 1060 μάνθανε
3014 986 3100 1042 ὅτι
3152 986 3457 1064 παραυτίκα
3517 986 3607 1060 μὶν
3660 992 3755 1056 τῆς

2127 1070 2323 1128 ἀνόδου
2352 1075 2414 1129 τὸ
2464 1079 2684 1149 Πνεῦμα
2736 1076 2798 1131 οὐ
2846 1076 3221 1154 παραγίνεται,
3261 1076 3352 1132 ’ἱνα
3393 1074 3754 1150 ποθεινοτέραν

2126 1160 2292 1217 αὐτοῦ
2316 1166 2628 1239 καταστήσῃ
2660 1167 2758 1234 τήν
2793 1164 3102 1243 ὑποδοχήν.
3160 1165 3307 1242 Οὐχὶ
3361 1165 3439 1229 εἷς
3493 1166 3658 1241 ῥητὴν
3706 1161 3760 1219 δὲ

2125 1252 2361 1327 ἡμέραν,
2394 1250 2722 1329 ἐναγωνίους
2756 1253 2951 1317 αὐτοὺς
2981 1254 3074 1310 καὶ
3133 1257 3271 1331 πρὸς
3319 1256 3420 1324 τήν
3474 1251 3756 1327 παρουσίαν

2128 1341 2585 1416 εὐπρεπεστέρους
2614 1346 2809 1400 ποιῶν.

2205 1455 2226 1482 ι
2262 1429 2370 1491 Οὕς
2400 1432 2428 1484 6
2464 1431 2647 1504 Πατήρ
2679 1429 2827 1496 ἔθετο
2860 1431 2912 1488 έν
2949 1436 3019 1507 τῇ
3051 1430 3164 1505 ἰδίᾳ
3191 1432 3424 1505 ἐξουσίᾳ.
3460 1456 3489 1486 ››

2203 1524 2538 1597 Προσεκτέον
2568 1522 2620 1578 εἷ’
2645 1545 2765 1580 τινα
2790 1525 2966 1600 ῥοπήν
3030 1523 3217 1581 δίδωσι
3269 1530 3433 1582 τοῦτο
3470 1529 3586 1588 τοῖς
3636 1524 3762 1601 βου-

2129 1609 2387 1684 λομένοις
2419 1612 2512 1666 τὸν
2545 1610 2671 1688 ὅρον
2701 1618 2808 1669 τῶν
2838 1614 3192 1689 ἀνθρωπίνων
3241 1615 3574 1691 πραγμάτων
3619 1612 3763 1668 ἀναι-

2132 1705 2266 1776 ρεῖν,
2297 1701 2424 1770 ἢτοι
2449 1703 2549 1771 τήν
2584 1703 2946 1778 εἱμαρμένην.
2998 1708 3085 1776 Τῷ
3138 1704 3241 1781 γὰρ
3296 1704 3490 1777 εἰπεῖν,
3543 1727 3571 1756 ι(
3602 1702 3706 1764 Οὓς
3735 1700 3761 1754 ὁ

2132 1789 2320 1863 Πατὴρ
2351 1787 2501 1845 ’ἔθετο
2533 1789 2586 1845 ἐν
2617 1793 2687 1862 τῆ
2718 1789 2827 1863 ἰδία
2882 1791 3112 1864 ἐξουσίᾳ,
3150 1815 3173 1846 ν
3222 1794 3431 1869 ἀναιρεῖ
3473 1793 3535 1848 τὸ
3582 1792 3762 1866 εἱμαρ-

2135 1875 2316 1950 μένον.
2350 1876 2511 1934 Ἀλλ’
2542 1878 2589 1934 εἰ
2621 1881 2649 1934 ὁ
2685 1880 2868 1954 Πατὴρ
2899 1878 3069 1950 ἔθετο,
3103 1878 3273 1951 δῆλον
3324 1882 3409 1936 ὃτι
3450 1881 3542 1937 καὶ
3571 1881 3599 1936 6
3624 1880 3766 1942 Υἱός’

2131 1967 2308 2022 πάντα
2333 1967 2435 2042 γὰρ
2474 1966 2542 2022 τὰ
2565 1972 2662 2023 τοῦ
2693 1969 2908 2045 Πατρὸς
2937 1970 3028 2024 καὶ
3056 1974 3153 2026 τοῦ
3183 1971 3307 2025 Υἱοῦ
3330 1970 3452 2026 εἰσι.

2205 2144 2441 2204 «ἈλΛά
2496 2145 2739 2221 λήψεσθε
2804 2144 3033 2224 δύναμιν
3090 2146 3415 2212 ἐπελθόντος
3470 2153 3572 2206 τοῦ
3625 2148 3774 2225 ἁγίου

2135 2260 2163 2289 ι(
2196 2235 2511 2310 Πνεύματος
2538 2236 2620 2311 ἐφ’
2653 2237 2816 2313 ὑμᾶς,
2877 2240 2966 2293 καὶ
3024 2235 3202 2303 ἔσεσθέ
3263 2260 3357 2312 μοι
3410 2240 3677 2316 μάρτυρες
3728 2232 3777 2293 ἔν

2137 2350 2165 2376 ιι
2197 2345 2254 2379 τε
2283 2323 2667 2399 Ἰερουσαλὴμ,
2701 2326 2792 2381 καί
2825 2326 2879 2382 ἑν
2910 2326 3055 2402 πάσῃ
3100 2331 3168 2401 τῇ
3226 2325 3491 2400 Ἰουδαίᾳ,
3540 2329 3629 2385 καὶ
3673 2335 3776 2384 Σα-

2136 2437 2162 2465 ‹‹
2199 2414 2417 2488 μαρείᾳ,
2447 2413 2537 2469 καὶ
2567 2411 2671 2478 ἓως
2710 2414 2948 2491 ἐσχάτου
2978 2424 3080 2486 τῆς
3108 2420 3232 2491 γῆς.
3267 2440 3296 2469 ››

2206 2500 2429 2572 Ἐπειδή
2460 2503 2567 2579 πρὸ
2622 2503 2821 2560 τούτου
2876 2505 3266 2582 παρήγγειλεν.
3320 2529 3345 2562 α
3379 2507 3473 2573 Εἷς
3520 2506 3643 2564 δδὸν
3689 2506 3773 2563 έθο

2132 2597 2233 2648 νῶν
2270 2616 2347 2665 μη
2379 2592 2674 2665 ἀπέλθητε,
2706 2620 2731 2645 ιο
2785 2595 2876 2651 καὶ
2930 2597 2997 2652 τὰ
3051 2597 3195 2670 ἑξῆς
3257 2598 3444 2672 μόνοις
3492 2600 3596 2677 γὰρ
3649 2599 3774 2655 ἀπε-

2135 2679 2359 2737 στάλθαι
2387 2685 2504 2744 τοῖς
2535 2682 2586 2753 ἐξ
2616 2683 2858 2756 Ἰσραήλ·
2918 2689 3009 2741 νῦν
3072 2686 3206 2758 μετά
3260 2687 3491 2757 τούτων,
3541 2688 3629 2745 καὶ
3676 2695 3773 2743 Σα-

2139 2775 2364 2845 μαρεῦσι
2390 2771 2481 2826 καὶ
2510 2778 2628 2834 τοῖς
2678 2771 2899 2837 λοιποῖς
2954 2771 3124 2837 ἔθνεσι
3182 2776 3243 2830 τὸ
3297 2779 3557 2853 κήρυγμα
3612 2798 3776 2833 κατα-

2133 2864 2329 2918 κοινοῖ.
2362 2861 2517 2933 Ἀμα
2552 2857 2609 2916 δὲ
2636 2861 2726 2916 καὶ
2757 2861 3234 2942 προκαταγγέλλει
3263 2864 3348 2934 τὸ,
3384 2865 3552 2943 μέχρι
3599 2866 3776 2936 πάσης

2133 2952 2234 3019 τῆς
2267 2947 2618 3022 οἶκουμένης,
2651 2950 2744 3005 τὸν
2809 2958 2909 3021 τῆς
2972 2948 3242 3017 εὐσεϐείας
3302 2953 3469 3032 λόγον
3529 2957 3777 3032 χεθῆναι.

2135 3038 2208 3094 Τὸ
2236 3038 2360 3114 γὰρ,
2398 3061 2425 3091 ι(
2456 3041 2601 3102 Ἕως
2634 3039 2870 3115 έσχατου
2898 3048 3001 3111 τῆς
3059 3049 3185 3118 γῆς,
3220 3067 3249 3096 »
3304 3044 3358 3099 τί
3408 3046 3467 3100 ἂν
3528 3044 3670 3101 ἀλλο
3711 3042 3777 3115 ἤν

2134 3131 2300 3183 τοῦτο
2332 3128 2608 3202 σημαίνει.

2216 3241 2243 3269 ιι
2271 3219 2374 3275 Καὶ
2406 3223 2573 3275 ταῦτα
2603 3219 2793 3291 εἰπὼν,
2827 3218 3145 3295 βλεπόντων
3179 3221 3376 3296 αὐτῶν,
3408 3222 3644 3301 ἐπήρθη.
3681 3248 3711 3277 ››

2210 3398 2461 3473 Ἀπάγων
2498 3398 2695 3463 αὐτοὺς
2745 3397 2924 3471 ἄλλης
2972 3400 3313 3478 ἐρεσχελίας,
3362 3401 3448 3459 ἴνα
3497 3406 3574 3478 μή
3618 3405 3782 3462 πάλιν

2137 3487 2300 3545 αὐτὸν
2333 3488 2627 3564 ἐρωτῶσιν,
2655 3490 2812 3552 εὐθὺς
2842 3491 3042 3564 ἤρξατο
3066 3499 3168 3561 τῆς
3214 3491 3289 3555 εἰς
3339 3493 3605 3569 οὐρανοὺς
3656 3494 3781 3549 ἀνό-

2140 3574 2258 3634 δου.
2294 3576 2623 3650 Προστίθησι
2657 3575 2713 3633 δὲ
2742 3579 2824 3649 τὸ,
2858 3603 2886 3631 ‹‹
2918 3579 3242 3636 ΒΛεπόντων
3274 3580 3475 3649 αὐτῶν,
3506 3606 3536 3636 ιο
3588 3580 3775 3652 ἐπειδὴ

2136 3665 2358 3731 ἐνταῦθα
2385 3669 2447 3721 τὸ
2478 3672 2581 3721 πᾶν
2607 3674 2709 3734 τῆς
2747 3673 2982 3730 πίστεως
3037 3669 3127 3723 καὶ
3197 3677 3299 3739 τῆς
3355 3670 3545 3748 χρείας
3604 3672 3780 3728 αὐτῶν

2134 3757 2169 3827 ὴ
2206 3756 2353 3831 ἀρχὴ
2384 3754 2581 3830 ἳσχυσε
2602 3759 2700 3810 τυῦ
2728 3760 3073 3831 πράγματος,
3105 3758 3168 3814 τὸ
3219 3755 3276 3814 δὲ
3321 3758 3478 3823 τέλος
3529 3761 3634 3816 οὐκ
3677 3755 3776 3818 ἔτι.

2133 3845 2230 3899 Διά
2258 3849 2423 3901 τοῦτο
2457 3842 2514 3899 δὲ
2544 3844 2631 3900 καὶ
2689 3844 3028 3922 παρέστησαν
3079 3848 3132 3902 οἱ
3177 3845 3518 3914 διδάσκοντες
3561 3847 3776 3925 ἄνδρες,

2131 3933 2320 3998 ὅτιεῗς
2348 3935 2441 3990 τὸν
2492 3935 2713 4009 οὐρανὸν
2764 3937 3081 3994 καταπαύειο
3143 3938 3268 3994 οὐδὲ
3334 3944 3438 4014 γὰρ
3496 3942 3531 4009 ἡ
3590 3942 3777 4016 ὅρασις

2130 4023 2390 4095 ἐξικνεῖτο
2421 4025 2556 4099 πρὸς
2592 4024 2656 4080 τὸ
2710 4025 2897 4089 τέλος.
2960 4026 3083 4084 Ἐπὶ
3144 4025 3203 4083 δὲ
3257 4035 3359 4099 τῆς
3415 4028 3773 4101 ἀναστάσεως,

2126 4113 2458 4185 τούναντίου,
2491 4116 2526 4184 ἡ
2563 4114 2659 4187 μὶτ
2692 4116 2839 4190 ἀρχὴ
2895 4115 3009 4190 οὐχ
3064 4116 3275 4188 ὡράθη’
3326 4115 3604 4192 παρέλκον
3669 4118 3772 4196 γὰρ

2123 4209 2210 4278 ἦν,
2253 4206 2418 4263 αὐτοῦ
2473 4211 2570 4261 τοῦ
2627 4208 2957 4270 ἀναστάντος
3011 4202 3340 4287 φαινομένου
3405 4215 3628 4282 ζῶντος,
3681 4209 3771 4267 καὶ

2120 4302 2217 4353 τοῦ
2251 4298 2537 4370 μνήματος
2566 4297 2743 4351 κενοῦ·
2804 4297 2867 4351 τὸ
2925 4295 2980 4352 δὲ
3032 4296 3190 4362 τέλος
3254 4295 3449 4374 δῆλον,
3504 4305 3610 4371 ζῶν
3669 4300 3770 4378 γὰρ

2120 4385 2304 4448 αὐτοῖς
2345 4385 2526 4461 ένεφαν
2538 4386 2701 4455 ίζετο.

2193 4579 2221 4607 ‹‹
2249 4553 2351 4611 Καὶ
2384 4552 2584 4632 νεφέλη
2620 4550 2886 4611 ὑπέλαϐεν
2940 4556 3098 4613 αὐτὸν
3150 4558 3255 4613 ἀπὸ
3305 4562 3413 4613 τῶν
3464 4555 3769 4637 ὀφθαλμῶν

2124 4668 2145 4696 ι
2180 4642 2353 4699 αὐτῶν
2363 4688 2377 4702 ,
2411 4667 2440 4696 ››

2187 4732 2402 4811 Νεφέλη
2435 4733 2529 4807 μὶν
2565 4729 2802 4790 ὑπέλαϐε
2830 4735 2920 4790 τὸν
2954 4741 3173 4808 Κυριον,
3232 4735 3318 4791 ἵνα
3363 4738 3425 4792 τὸ
3472 4738 3611 4814 πρὸς
3668 4740 3762 4795 τὸν

2117 4824 2328 4898 Πατέρα
2357 4824 2628 4898 ὁμότιμον
2662 4826 3006 4902 παραστήσῃ.
3042 4849 3070 4878 ι(
3102 4823 3319 4904 Νεφέλη
3354 4827 3457 4905 γὰρ
3486 4829 3576 4884 καὶ
3626 4830 3762 4906 γνό-

2114 4934 2212 4993 φος
2245 4912 2430 4987 κύκλῳ
2460 4913 2647 4987 αὐτοῦ,
2682 4938 2711 4965 ››
2743 4914 2867 4992 περὶ
2896 4914 2993 4969 τοῦ
3038 4915 3247 4989 [ἰατρὸς
3299 4914 3531 4992 ε’ίρηται.
3590 4918 3689 4974 Καὶ
3732 4919 3761 4974 6

2116 5004 2209 5076 μὲν
2267 5002 2567 5077 σαρκωθεὶς
2633 5003 2781 5071 Θεὸς,
2842 5000 3042 5082 νεφέλῃ
3136 5003 3386 5079 ὀχήματι
3463 5007 3758 5086 κέχρηται,

2111 5091 2343 5165 (Κύριος
2373 5092 2521 5165 γὰρ),
2554 5092 2582 5145 6
2634 5088 2691 5146 δὶ
2742 5091 2956 5162 Ἠλίας,
3015 5092 3169 5167 πυρί.
3224 5094 3281 5148 Ὀ
3336 5095 3430 5167 μὶν
3488 5096 3613 5173 γὰρ,
3666 5098 3761 5151 ἅτε

2111 5180 2388 5250 Δεσπότης
2445 5184 2542 5235 τοῦ
2599 5181 2824 5252 παντὸς,
2880 5181 2971 5237 καὶ
3030 5182 3207 5256 οῗκείᾳ
3291 5181 3516 5258 δυνάμει
3571 5186 3757 5258 ἀνιὼν,

2108 5266 2309 5346 γεῶδές
2338 5290 2390 5324 τι
2421 5268 2510 5324 καὶ
2544 5271 2852 5344 κατωφερὲς
2880 5270 3020 5345 πρὸς
3073 5273 3174 5343 τήν
3219 5269 3411 5329 ἃνοδον
3460 5273 3757 5351 παραλαμ-

2110 5355 2281 5429 ϐάνει,
2315 5356 2376 5413 οὗ
2411 5356 2624 5431 μᾶλλον
2656 5358 2924 5432 ἀγόμενος
2955 5358 2993 5430 ἢ
3022 5359 3236 5439 ἀνάγων
3262 5361 3325 5418 τὸ
3357 5359 3571 5438 ὄχημα.
3622 5367 3755 5419 Δοῦ-

2108 5446 2206 5510 λος
2237 5445 2296 5504 δὶ
2325 5447 2372 5507 ὁ,
2407 5445 2618 5518 Ἠλίας,
2675 5447 2766 5502 καὶ
2824 5445 2914 5504 διὰ
2968 5448 3132 5505 τοῦτο
3188 5449 3500 5532 ἀνωφεροῦς
3557 5451 3751 5534 δίφρου

2280 5641 2326 5682 ιο
2353 5642 2426 5698 IV
2454 5644 2592 5717 Reg.
2627 5661 2689 5715 ιι,
2724 5646 2749 5701 1
2786 5659 2954 5717 seqq.
