4098 6260
268 388 342 459 53
1333 411 1741 475 COMMENT.
1788 409 1868 469 IN
1912 402 2111 469 ACTA
2162 405 2767 471 APOSTOLORUM.
3670 409 3748 468 δι

272 530 578 608 δεόμενος,
640 562 751 597 και
816 544 1013 599 ἳππων
1066 546 1130 601 τὸ
1177 547 1349 620 τάχος
1416 545 1563 617 αὐτῷ
1615 544 1985 599 κατανυόντων

2109 560 2240 599 vero
2271 561 2472 599 servus
2498 549 2642 611 erat,
2674 544 2928 615 ideoque
2963 559 3198 599 sursum
3226 542 3455 599 ferente
3478 545 3751 601 vehiculo

273 629 368 690 τῆς
404 628 532 681 ἂνω
568 633 857 701 πορείας.
896 635 990 689 Διὸ
1051 635 1143 689 καὶ
1201 633 1284 690 ἐπ’
1342 635 1548 690 ἐκείνου
1608 636 1702 705 μὲν
1752 632 1985 702 εἴρηται·

2109 639 2370 706 egens,et
2391 635 2560 705 equis
2580 635 2679 705 qui
2694 635 3063 689 velocitatem
3086 633 3320 689 itineris
3338 633 3427 688 illi
3452 638 3750 705 pararent.

2099 723 2324 779 Idcirco
2357 725 2531 778 etiam
2566 723 2638 779 de
2667 724 2779 779 hoc
2810 725 3033 779 dictum
3063 729 3154 779 est
3196 741 3208 778 :
3265 723 3549 779 Ascendit
3595 725 3752 780 Elias

2100 813 2161 867 in
2193 813 2430 868 turbine
2462 820 2744 885 tanquam
2778 814 2837 867 in
2870 815 3083 869 ccelum
3119 832 3133 879 ;
3167 814 3238 870 de
3282 814 3532 869 Domino
3562 831 3697 869 vero
3734 831 3749 869 :

279 714 485 785 Ἀνέϐη
553 721 776 784 Ἠλίας
839 724 895 779 ἐν
959 731 1268 799 συσσεισμῷ
1328 727 1406 789 ὡς
1460 726 1534 787 εἷς
1586 727 1677 781 τὸν
1733 723 1987 798 οὐρανόν.

282 808 409 864 Ἐπῖ
446 806 509 863 δὲ
539 817 648 865 τοῦ
687 815 932 885 Κυρίου,
993 816 1076 870 τό·
1142 817 1520 890 Ηορελομένου
1567 815 1734 870 αὐτοῦ
1768 814 1842 874 εἷς
1900 814 1991 868 τὸν

297 896 549 972 οὖρανῧν.
592 904 707 955 Aio
746 900 809 957 δὲ
843 902 1036 978 ἄνδρες
1094 903 1455 984 λευχείμονες
1513 908 1832 959 πιστοῦνται
1891 906 1990 971 τὴν

308 987 378 1049 εἷς
442 992 719 1053 οὗοανοῦς
785 994 1224 1049 ἀποκατάστασιν
1312 1000 1409 1050 τοῦ
1468 996 1695 1069 Κυρίου,
1758 991 1845 1048 διὰ
1900 994 1984 1061 τὸ,

327 1103 353 1131 ιι
378 1080 505 1134 Ἐπὶ
537 1077 636 1135 δνόο
742 1088 921 1157 τριῶν
952 1084 1236 1157 μαρτύρων
1264 1084 1357 1139 τὸν
1415 1082 1578 1159 λόγον
1634 1084 1986 1139 καθίστασθαι

331 1163 567 1243 βέϐαιον.
605 1195 632 1221 n

403 1261 560 1316 «Καὶ
591 1261 665 1320 ὡς
727 1260 1066 1331 ἀτενίζοντες
1124 1265 1282 1332 ἦσαν,
1337 1262 1413 1325 ei}:
1464 1263 1555 1318 τὸν
1613 1264 1834 1337 οὐρανὸν
1885 1283 1983 1318 πο-

332 1368 355 1397 σ
388 1351 686 1420 ρευομένου
714 1350 905 1419 αὐτοῦ,
938 1352 1031 1406 καὶ
1056 1348 1173 1406 ἰδοὺ
1197 1349 1381 1426 ἂνδρες
1406 1349 1503 1407 δύο
1533 1354 1983 1429 παρειστήκεισαν

324 1460 351 1488 ε(
380 1438 564 1499 αὐτοῖς
598 1438 651 1493 έν
684 1438 880 1508 ἐσθῆτι
911 1440 1103 1514 λευκῇ.
1140 1465 1167 1492 ››

391 1524 622 1597 ’Ἀνδρες
656 1526 747 1583 διὰ
788 1531 890 1599 τήν
946 1528 1213 1606 ἐνέργειαν
1274 1532 1325 1586 οἱ
1384 1531 1603 1606 ἄγγελοι
1663 1531 1983 1609 φαινόμενοι

315 1617 759 1690 γρηματίζουσι,
794 1619 932 1673 κατὰ
984 1620 1047 1673 τὸ
1101 1621 1350 1696 συγγενὲς
1406 1622 1503 1675 τοῦ
1564 1622 1867 1695 ὁράματος,
1896 1621 1984 1675 ἳνα

318 1717 393 1777 μή
426 1704 619 1761 τέλεον
660 1706 977 1778 ἐνιπλήξωσι
1006 1709 1135 1772 τοὺς
1193 1708 1303 1780 ἤδη
1359 1715 1440 1783 τῷ
1487 1711 1615 1783 ξένῳ
1643 1717 1744 1780 τῆς
1775 1707 1979 1780 ἀναλή-

318 1798 465 1869 ψεως
498 1794 1016 1870 ἐκπεπληγμένους.

390 1907 416 1937 ι
447 1883 521 1941 Οἵ
572 1887 667 1940 καί
728 1887 900 1942 εἷπον·
961 1886 1184 1963 ’Ἀνδρες
1236 1887 1550 1959 Γαλιλαῖοι,
1602 1889 1657 1945 τί
1718 1890 1977 1959 ἑστήκατε
2008 1911 2055 1977 Β

316 1998 345 2025 α
376 1970 759 2044 ἐμϐλέποντες
791 1977 867 2039 είς
892 1980 984 2033 τὸν
1016 1978 1239 2051 οὐρανόν
1273 1998 1286 2048 ;

389 2065 444 2087 νι
497 2062 583 2087 3,,
714 2065 728 2087 9
774 2064 799 2087 Ἀ
853 2067 864 2083 ν
1020 2066 1065 2087 9x
1098 2066 1140 2087 rx
1405 2069 1419 2087 ι
1486 2067 1511 2087 υ
1734 2068 1747 2087 9

414 2065 623 2139 Ανδρες
704 2065 956 2140 ἀνδράσιν
1016 2066 1274 2139 ἐλάλουν,
1332 2069 1422 2123 καὶ
1482 2067 1635 2143 ὅμως
1694 2068 1792 2123 οὐκ
1839 2069 1972 2138 ἦσαν

318 2154 616 2225 ὁμοοόσιοι
649 2154 946 2227 ἀλλήλοις.

404 2264 427 2296 ι
456 2243 633 2305 Οὗτος
664 2246 692 2298 ὁ
724 2245 936 2315 Ἰησοῦς
971 2246 998 2300 ὁ
1030 2244 1356 2323 ἀναληφθεὶς
1385 2247 1475 2325 ἀφ’
1535 2248 1686 2320 ὑμῶν
1747 2246 1823 2308 εἷς
1878 2247 1969 2301 τὸν

330 2356 358 2382 (ι
390 2330 637 2404 οὖρανὸν,
665 2335 832 2396 οὒτως
862 2334 1162 2406 ἐλεύσεται,
1198 2337 1253 2390 ὅν
1283 2337 1486 2410 τρόπον
1541 2336 1827 2400 ἐθεάσασθε
1873 2336 1971 2390 αὖ-

328 2444 357 2469 ‹‹
388 2420 484 2474 τὸν
512 2422 871 2495 πορευόμενον
896 2424 973 2485 εἷς
1008 2425 1094 2478 τὸν
1126 2425 1369 2499 οὐρανόν.
1406 2449 1433 2477 ››

1323 2004 1351 2030 ))

397 2513 508 2566 Ἵνα
543 2513 619 2583 μὴ
656 2508 995 2586 θορυϐὧνται
1049 2515 1099 2568 οἱ
1161 2516 1421 2588 μαθηταὶ,
1480 2513 1569 2569 καὶ
1629 2515 1703 2575 ὼς
1753 2514 1981 2589 οῗχομέ-

312 2621 411 2654 νου
472 2606 573 2655 τοῦ
632 2599 989 2670 διδασκάλου,
1040 2604 1131 2659 καὶ
1186 2608 1281 2658 τοῦ
1341 2605 1596 2677 σώματος
1645 2607 1790 2676 αὐτῷ
1838 2602 1983 2679 διαρ-

317 2689 566 2765 ῥυέντος,
604 2691 922 2748 ἀνέλπιστοι
957 2695 1153 2750 λοιπὸν
1188 2694 1285 2750 ὦσι
1318 2703 1420 2764 τῆς
1479 2695 1561 2749 ἐπ’
1612 2695 1761 2768 αὐτῷ
1810 2715 1981 2768 προσ-

318 2776 531 2851 δοκῖας,
567 2783 662 2836 καὶ
696 2780 787 2837 διὰ
818 2788 981 2839 τοῦτο
1035 2782 1207 2846 ἄλλος
1256 2782 1513 2863 ἀλλαχοῦ
1559 2782 1982 2838 διασκεδασθῶσι

321 2867 502 2942 δειλίᾳ
544 2872 637 2926 καὶ
702 2868 879 2950 φόϐῳο
942 2874 1140 2929 τούτου
1198 2875 1361 2949 χάριν
1423 2873 1731 2951 ἐφίστανται
1790 2875 1841 2928 οἱ
1892 2872 1985 2927 ἅν-

319 2957 461 3034 δρες,
498 2961 593 3015 καὶ
625 2964 730 3030 τὴν
763 2962 839 3023 εἷς
894 2962 1116 3033 οὐρανὸν
1179 2960 1372 3017 ἄνοδον
1429 2963 1612 3025 αὐτοῖς
1663 2960 1982 3034 δηλοῦντες,

317 3048 407 3103 καὶ
440 3050 547 3117 τὴν
608 3054 709 3103 τοῦ
763 3047 1254 3123 προσειλημμένου
1301 3052 1556 3123 σώματος
1610 3050 1877 3124 διαμονήν
1927 3072 1986 3105 τε

317 3138 409 3192 καῖ
436 3140 742 3213 σωτηρίαν,
777 3136 847 3192 δι’
881 3138 955 3193 ὧν
1013 3161 1189 3216 φασιν.
1233 3141 1404 3202 Οὗτος
1458 3141 1485 3195 ὁ
1544 3143 1755 3211 Ἰησοῦς
1813 3139 1984 3203 οὕτως

324 3226 822 3282 ἒλεῦσεταιπάλιν.
877 3229 976 3283 Διᾶ
1025 3226 1082 3284 δὲ
1136 3234 1233 3284 τοῦ
1301 3230 1492 3285 εἰπεῖν’
1553 3230 1622 3287 Τί
1670 3232 1982 3301 ἑστήκατεξ

335 3315 760 3390 ὒπαγορεῦουσιν
846 3317 1056 3386 αὐτοῖς,
1117 3325 1215 3388 τῆς
1276 3318 1399 3393 περῖ
1459 3324 1622 3374 τοῦτο
1683 3318 1982 3397 ἀφεμένους

342 3402 637 3481 ἀσχολίας,
669 3407 791 3479 πρὸς
818 3408 918 3474 τήν
975 3406 1367 3482 Ἰερουσαλὴμ·
1400 3406 1814 3483 παραγενέσθαι,
1848 3409 1984 3463 κατὰ

336 3493 401 3545 τὸ
436 3497 533 3546 τοῦ
560 3494 756 3569 Κυρίου
786 3494 1183 3573 παράγγελμα,
1242 3498 1326 3567 τὸ,
1387 3497 1527 3555 Ἀπὸ
1585 3495 1986 3571 Ἱεροσολύμων

330 3583 406 3655 μή
446 3584 798 3657 χωρίζεσθαι.
833 3585 927 3639 Διὸ
968 3587 1057 3640 καὶ
1117 3587 1569 3663 παραγενόμενοι,
1603 3586 1682 3643 ἔτι
1744 3587 1983 3661 ὑπότρο-

327 3692 424 3743 μοι
456 3668 605 3732 ὄντες
638 3671 729 3727 διὰ
761 3675 859 3742 τήν
884 3679 980 3729 τοῦ
1012 3672 1343 3730 διδασκάλου
1404 3675 1689 3744 ἀπουσίαν,
1760 3676 1860 3731 οὐκ
1909 3676 1984 3738 εἷς

324 3761 421 3828 τήν
452 3759 621 3814 πόλιν
652 3760 1062 3841 ἀνεστρέφοντο,
1122 3761 1251 3818 ἀλλ’
1305 3764 1379 3825 εἷς
1432 3765 1494 3818 τὸ
1554 3764 1797 3839 ὑπερῶον
1864 3764 1985 3818 ἀνέ-

325 3843 525 3919 ϐησαν,
583 3850 658 3910 ὡς
719 3850 793 3912 εἷς,
871 3849 1269 3931 ἀσφαλέστερον
1339 3852 1430 3909 καὶ
1513 3854 1741 3933 κρύφιον
1797 3854 1983 3909 τόπον.

328 3938 486 4013 Λέγει
549 3936 610 3993 δὲ
676 3941 1154 4015 ὁΧρυσόστομος,
1217 3942 1291 4003 ὡς
1348 3941 1400 3997 ἐν
1455 3941 1636 4016 ἡμέρᾳ
1697 3938 1985 3998 Σαϐϐάτου

327 4028 549 4105 γέγονεν
579 4031 615 4097 ἡ
647 4028 940 4103 ἀνάληψις.
976 4031 1069 4085 Διὸ
1126 4031 1217 4086 καὶ
1278 4031 1695 4105 ἐπισημαίνεται
1723 4033 1807 4101 τὸ,
1844 4030 1986 4088 Σα6’

327 4111 498 4173 ϐάτου
546 4115 681 4195 ἔχον
740 4115 1000 4173 ὁδόνοῖνα
1062 4120 1136 4193 μὴ
1199 4116 1422 4189 δόξωσιν
1480 4120 1553 4181 ὡς
1608 4120 1660 4176 ἐν
1717 4117 1988 4195 Σαϐϐάτῳ

325 4204 542 4260 πλείονι
574 4214 677 4276 τῆς
712 4204 1003 4277 διατάξεως
1030 4214 1130 4277 τῆς
1160 4208 1265 4263 ἀπὸ
1296 4213 1394 4263 τοῦ
1445 4209 1615 4283 νόμου
1648 4210 1989 4285 χρησάμενοι

327 4295 658 4369 πεζοπορία.

402 4410 428 4435 α
457 4385 603 4441 Τότε
647 4385 982 4460 ὑπέστρεψαν
1015 4385 1092 4449 εἷς
1117 4385 1431 4462 Ἰερουσαλή
1444 4412 1484 4462 μ
1532 4389 1638 4444 ἀπὸ
1697 4389 1859 4462 ’ὀρους
1890 4394 1989 4445 τοῦ

336 4496 364 4528 ι
393 4472 745 4547 καλουμένου
784 4473 1104 4546 Ἐλαιῶνος,
1136 4475 1167 4531 ὅ
1219 4476 1362 4533 ἐστιν
1419 4476 1582 4556 ἐγγὺς
1628 4477 1992 4553 Ἰερουσαλὴμ

337 4588 363 4615 υ
407 4558 704 4618 Σαῦὂάτου
735 4558 864 4642 ἔχον
898 4561 1039 4619 ὁδόν.
1069 4588 1096 4615 ››

2099 904 2286 956 Eunte
2314 904 2415 957 illo
2452 903 2513 957 in
2544 903 2777 957 caelum.
2815 904 2937 957 Duo
2970 910 3168 958 autem
3201 904 3309 957 viri
3353 903 3507 958 albis
3554 902 3749 957 induti

2097 992 2457 1047 confirmant
2479 993 2712 1047 Domini
2745 992 2804 1046 in
2836 992 3015 1047 ccelos
3041 992 3476 1047 restitutionem
3505 998 3748 1064 propter

2095 1079 2155 1132 id
2188 1079 2345 1151 quod
2377 1080 2633 1136 dicitur:
2669 1102 2697 1130 «
2721 1083 2833 1135 Per
2862 1081 3013 1136 duos
3042 1087 3145 1137 aut
3186 1087 3308 1136 tres
3339 1086 3519 1138 testes
3550 1097 3745 1137 sermo

2096 1169 2304 1224 firmus
2327 1171 2711 1225 constituitur
2742 1169 2806 1226 ‘7.
2845 1194 2865 1220 ι

2164 1259 2208 1326 Ι,
2244 1263 2333 1315 10.
2367 1282 2394 1309 ‹‹
2419 1261 2683 1331 Cumque
2714 1260 2962 1315 intentis
2993 1265 3193 1317 essent
3220 1261 3613 1327 oculis,eunte
3638 1261 3744 1316 illo

2091 1370 2121 1399 «
2153 1350 2215 1403 in
2249 1349 2462 1404 caelum
2496 1364 2509 1403 :
2541 1355 2597 1405 et
2627 1367 2764 1406 ecce
2796 1351 2911 1406 duo
2941 1351 3047 1405 viri
3106 1352 3423 1407 astiterunt
3483 1351 3628 1423 ipsis
3681 1351 3742 1405 in

2090 1462 2119 1489 ‹‹
2151 1444 2309 1493 veste
2347 1439 2481 1495 alba
2504 1461 2532 1490 »

2160 1528 2368 1601 Angeli
2400 1535 2755 1600 apparentes
2784 1534 3027 1602 prOpter
3056 1530 3462 1601 operationem
3491 1530 3599 1584 viri
3628 1548 3740 1602 ap-

2090 1616 2414 1687 pellantur,
2438 1619 2612 1687 juxta
2640 1618 2883 1673 visionis
2916 1618 3326 1691 cognationem
3354 1635 3366 1672 :
3390 1634 3467 1672 ne
3497 1619 3741 1675 omnino

2089 1712 2544 1762 consternarent
2573 1724 2673 1762 eos
2705 1708 2805 1778 qui
2851 1709 2979 1780 jam
3020 1708 3279 1763 novitate
3312 1708 3740 1780 assumptionis

2088 1796 2348 1867 perculsi
2382 1802 2571 1850 erant.

2161 1908 2189 1936 ‹‹
2216 1886 2256 1950 l,
2292 1890 2377 1939 11.
2411 1887 2517 1950 Qui
2550 1891 2608 1941 et
2639 1886 2917 1941 dixerunt
2942 1904 2953 1941 :
2978 1888 3098 1942 Viri
3121 1887 3369 1954 Galilmi,
3395 1887 3536 1959 quid
3568 1889 3736 1944 statis

2086 1998 2114 2025 ‹‹
2148 1975 2452 2029 intuentes
2479 1976 2538 2030 in
2559 1976 2770 2032 coelum
2792 1977 2819 2032 ?
2840 1999 2868 2026 »

2156 2066 2272 2121 Viri
2302 2067 2442 2122 viris
2480 2066 2898 2138 loquebantur.
2932 2084 3043 2123 nec
3087 2072 3286 2125 tamen
3318 2069 3531 2125 similis
3562 2075 3732 2125 erant

2080 2155 2447 2212 substantiae.

2154 2268 2179 2295 (ι
2208 2247 2311 2300 Hic
2339 2248 2506 2302 Iesus
2536 2247 2637 2317 qui
2660 2253 3001 2319 assumptus
3032 2254 3122 2303 est
3148 2265 3182 2305 a
3212 2249 3373 2304 vobis
3404 2250 3465 2305 in
3487 2250 3723 2319 caelum,

2086 2334 2215 2389 «ita
2241 2336 2433 2389 veniet
2454 2337 2957 2405 quemadmodum
2980 2337 3210 2393 vidistis
3245 2356 3379 2394 eum
3404 2345 3646 2395 euntem
3677 2339 3738 2393 in

2086 2445 2115 2473 «
2149 2424 2383 2480 caelum.
2408 2446 2435 2473 »

2164 2516 2243 2567 Ne
2275 2514 2590 2569 turbentur
2612 2514 2910 2586 discipuli,
2942 2516 3189 2570 etveluti
3216 2524 3503 2589 pereunte
3526 2520 3572 2573 8
3599 2536 3748 2590 prm-

2091 2608 2329 2673 ceptore
2361 2619 2426 2657 ac
2460 2602 2767 2657 diffluente
2800 2604 2885 2658 illi
2920 2621 3185 2675 corpore,
3218 2623 3319 2677 spe
3352 2605 3755 2661 destituantur

2097 2693 2156 2747 in
2189 2699 2489 2764 posterum
2526 2710 2641 2763 qua
2674 2695 3107 2765 exspectandus
3140 2702 3284 2757 erat,
3334 2704 3393 2752 et
3435 2705 3751 2769 pr0pterea

2098 2783 2250 2837 alius
2283 2783 2399 2837 alio
2424 2783 2798 2855 dispergatur
2855 2790 3016 2839 metu
3073 2801 3139 2839 ac
3200 2787 3447 2842 timore:
3492 2788 3565 2842 ob
3598 2787 3751 2842 hanc

2099 2889 2337 2928 causam
2386 2872 2712 2927 adveniunt
2758 2874 2886 2941 viri,
2931 2879 2987 2928 et
3046 2890 3360 2929 ascensum
3415 2876 3473 2929 in
3534 2876 3747 2931 cmlum

2100 2962 2244 3032 ipsis
2277 2963 2730 3017 manifestantes
2762 2969 2817 3017 et
2850 2964 3115 3034 corporis
3156 2965 3629 3034 permanentiam
3680 2982 3757 3020 ac

2099 3050 2353 3105 salutem
2388 3052 2479 3105 his
2512 3051 2704 3105 verbis
2737 3052 2953 3121 quibus
2980 3052 3187 3106 dicunt
3222 3069 3233 3106 :
3286 3055 3391 3109 Hic
3451 3055 3618 3109 Jesus
3675 3056 3759 3109 ita

2099 3156 2336 3194 rursum
2368 3141 2588 3193 veniet.
2622 3142 2733 3193 Per
2755 3141 2867 3195 hoc
2896 3147 3094 3195 autem
3127 3142 3285 3211 quod
3345 3143 3548 3198 aiunt:
3604 3144 3753 3208 Quid

2100 3230 2267 3283 statis
2290 3228 2821 3283 ?admonentillos
2853 3234 2935 3285 ut.
2970 3230 3177 3285 relicta
3237 3246 3378 3285 cura
3434 3230 3507 3285 de
3566 3248 3635 3287 ea
3665 3250 3748 3301 re,

2097 3317 2463 3387 Jerosolyma
2493 3316 2940 3388 redirentjuxta
2973 3318 3207 3372 Domini
3241 3325 3749 3391 prmceptum,quo

2098 3406 2324 3461 dixerat
2361 3423 2373 3460 :
2408 3406 2492 3459 Ab
2524 3407 2904 3477 Jerosolymis
2946 3423 3020 3461 ne
3078 3407 3470 3463 discederent.
3524 3409 3749 3465 Idcirco

2045 3494 2059 3512 ‘
2097 3496 2276 3551 etiam
2308 3512 2443 3551 cum
2476 3512 2544 3551 eo
2576 3496 3205 3561 accessissent,adhuc
3236 3497 3543 3554 subtimidi
3571 3516 3751 3571 prop-

2096 3592 2186 3641 ter
2210 3585 2591 3657 praaceptoris
2624 3586 2977 3652 absentiam,
3013 3586 3074 3641 in
3109 3587 3342 3642 civitate
3392 3605 3513 3643 non
3558 3606 3751 3644 versa-

2095 3674 2441 3739 bantur,sed
2469 3675 2529 3729 in
2583 3675 2951 3730 caenaculum
3010 3677 3431 3745 ascenderunt,
3466 3684 3749 3749 tanquam

2097 3763 2159 3816 in
2191 3763 2471 3817 tutiorem
2505 3769 2562 3817 et
2586 3763 2889 3819 occultum
2922 3764 3139 3819 locum.
3180 3763 3325 3819 Dicit
3351 3771 3546 3820 autem
3567 3767 3749 3837 Chry-

2096 3857 2391 3907 sostomus
2407 3853 2563 3923 quod
2580 3852 2674 3907 die
2699 3853 2936 3908 Sabbati
2956 3853 3110 3909 facta
3133 3859 3224 3908 est
3254 3855 3745 3925 assumptioldeo

2098 3942 2275 3997 etiam
2310 3948 2628 3997 annotatur
2657 3960 2668 3996 :
2704 3944 2790 3998 Ad
2822 3943 3057 3997 Sabbati
3106 3944 3220 3998 iter
3253 3960 3265 3998 :
3301 3960 3375 3999 ne
3418 3943 3747 4014 videantur,

2097 4030 2371 4100 Sabbato,
2404 4030 2616 4103 majori
2647 4032 2739 4086 usi
2770 4032 3030 4103 pedestri
3064 4033 3276 4088 itinere
3307 4050 3486 4104 quam
3539 4051 3574 4090 a
3617 4034 3747 4106 lege

2099 4121 2493 4175 constitutum
2524 4125 2701 4176 esset.

2169 4389 2215 4456 Ι,
2246 4390 2330 4443 12.
2365 4408 2393 4437 α
2426 4388 2586 4442 Tunc
2617 4385 2836 4442 reversi
2897 4390 3036 4442 sunt
3082 4386 3410 4444 Jerusalem
3469 4405 3504 4444 a
3545 4393 3748 4446 monte

2104 4500 2132 4530 «
2166 4479 2265 4550 qui
2312 4482 2554 4532 vocatur
2611 4476 2843 4543 Oliveti,
2898 4477 2998 4547 qui
3058 4482 3148 4533 est
3196 4478 3369 4550 juxta
3424 4478 3750 4534 Jerusalem

2106 4591 2127 4618 α
2163 4570 2422 4638 (nempe)
2456 4567 2529 4622 ad
2559 4566 2795 4622 Sabbati
2820 4567 2952 4622 iter.
2988 4589 3016 4617 »

407 4650 612 4709 Μίλιον
643 4646 715 4721 ἔν,
746 4641 907 4721 ἠίτοῦ
933 4647 1222 4709 Σαϐϐάτου
1255 4652 1403 4725 ὁδὸς,
1445 4654 1519 4718 ὥς
1549 4678 1710 4734 φησιν
1770 4655 1981 4733 Ὠριγέ-

2167 4658 2362 4712 Unum
2393 4655 2671 4722 milliare,
2707 4655 2865 4725 quod
2901 4655 3015 4709 iter
3069 4660 3195 4711 erat
3241 4655 3499 4726 Sabbati,
3557 4661 3624 4711 ut
3669 4658 3754 4713 ait

333 4761 429 4811 ντς
481 4740 533 4797 ἐν
593 4746 675 4812 τῷ
726 4742 965 4815 πέμπτῳ
1025 4748 1368 4819 Στρωματεῖ,
1431 4743 1725 4825 δισχιλίων
1779 4753 1982 4825 πηχῶν

337 4830 580 4904 ὑπῆρχε.
612 4830 715 4886 Καὶ
750 4828 1017 4903 μᾶλλονή
1058 4832 1189 4907 ἁγία
1221 4836 1389 4904 σκηνή
1449 4834 1540 4889 καὶ
1597 4830 1837 4898 κιϐωτὸς
1894 4858 1989 4891 το-

334 4924 531 4975 σοῦτον
567 4917 847 4993 διάστημα
888 4918 1271 4995 προελάμϐανε
1329 4924 1428 4993 τήν
1485 4919 1864 5000 παρεμϐολὴν,
1895 4928 1986 4981 καί

332 5008 443 5064 ἀπὸ
494 5010 761 5065 τοσο·3του
818 5006 1192 5082 διαστήματος
1250 5010 1526 5083 ἐσκήνουν.
1588 5017 1653 5071 Ὅ
1712 5012 1987 5088 διάστημα

332 5097 456 5168 ἐξῆν
489 5104 607 5160 τοῖς
636 5103 1003 5173 προσκυνοῦσι
1053 5101 1152 5169 τήν
1184 5101 1341 5177 ἁγίαν
1394 5104 1596 5173 σκηνήν
1659 5101 1899 5178 βαδίζειν
1932 5103 1983 5161 ἐν

328 5183 608 5261 Σαϐϐάτῳ
619 5232 631 5246 .

407 5393 433 5420 ι(
468 5368 575 5426 Καὶ
606 5368 694 5424 ὅτε
723 5367 1006 5439 εἰσῆλθον,
1032 5363 1296 5437 ἀνέϐησαν
1358 5368 1433 5432 εἷς
1484 5370 1547 5425 τὸ
1606 5370 1867 5446 ὑπερῷον,
1922 5372 1984 5426 οὗ

338 5482 367 5505 α
400 5459 537 5526 ἦσαν
571 5461 994 5533 καταμένοντες,
1027 5458 1056 5513 ’ὀ
1086 5478 1143 5512 τε
1174 5457 1398 5534 Πέτρος,
1428 5459 1519 5514 καὶ
1551 5455 1834 5529 Ἰάκωϐος,
1894 5462 1985 5517 καὶ

341 5572 371 5598 κ
404 5549 676 5622 Ἰωάννης,
710 5550 798 5607 καὶ
836 5545 1115 5623 ’Δνδρὲας,
1149 5545 1431 5611 Φίλιππος
1459 5549 1551 5605 καὶ
1590 5554 1810 5623 Θωμᾶς,
1841 5552 1986 5627 Βαρ-

416 5733 458 5771 ¹⁴¹
496 5734 654 5796 Deut.
684 5754 806 5807 xix,
841 5738 932 5792 i5.

2100 4746 2380 4819 Origenes
2414 4745 2620 4816 quinto
2679 4748 3030 4818 Στρωματῶν
3080 4745 3198 4801 sive
3255 4746 3748 4815 Miscellaneorum,

2101 4835 2353 4890 duorum
2386 4834 2640 4889 millium
2675 4832 3011 4888 cubitorum
3063 4841 3209 4891 erat.
3268 4836 3452 4907 quue
3511 4837 3751 4909 potissi-

2098 4942 2281 4988 mum,
2317 4924 2476 4995 quod
2507 4928 2776 4978 sanctum
2814 4922 3263 4980 tabernaculum
3296 4932 3355 4981 et
3401 4942 3539 4982 arca
3589 4931 3750 4981 tanto

2097 5014 2417 5069 interstitio
2462 5019 2791 5067 castrorum
2850 5013 3123 5069 ordinem
3171 5015 3565 5087 prmcedebat,
3599 5021 3659 5070 et
3718 5031 3752 5070 a

2098 5110 2261 5160 tanto
2293 5101 2602 5158 intervallo
2629 5104 2886 5159 tentoria
2918 5104 3198 5176 ﬁgebant,
3232 5122 3348 5175 quo
3382 5104 3573 5176 spatio
3605 5102 3747 5159 lice-

2094 5194 2198 5250 bat
2220 5193 2311 5247 his
2344 5193 2445 5263 qui
2478 5192 2883 5247 castrametati
2942 5198 3130 5262 erant,
3164 5200 3434 5250 sanctum
3468 5191 3747 5248 taberna-

2096 5283 2295 5339 culum
2326 5280 2577 5337 Sabbato
2605 5280 2907 5337 accedere.

2166 5373 2659 5440 1,13,14.«Etcum
2680 5371 3461 5440 introissent,ascenderunt
3476 5371 3537 5426 in
3555 5388 3751 5428 caena-

2098 5460 2460 5527 cculum,ubi
2484 5461 2807 5516 manebant
2829 5465 2886 5515 et
2906 5463 3114 5516 Petrus
3139 5466 3199 5516 et
3213 5460 3554 5532 Jacobus,et
3574 5463 3748 5520 Joan-

2096 5570 2237 5611 «nes
2252 5557 2311 5609 et
2321 5550 2919 5623 Andreas,Philippus
2935 5551 3747 5620 etThomas,Bartholomwns
