4098 6260
380 358 458 418 55
1501 356 1924 421 (ECUMENII
1969 352 2274 417 TBJGGE
2312 354 2668 421 EPISCOPI
3689 362 3761 425 86

389 514 419 544 ιι
455 499 515 549 et
544 495 877 563 Matthasus,
910 494 1165 552 Iacobus
1196 493 1426 569 Alphei
1458 500 1518 551 et
1559 495 1763 550 Simon
1794 490 2032 558 Zelotes1

2163 523 2189 550 ‹‹
2223 492 2527 571 θολομαῖος
2574 495 2665 551 καὶ
2722 495 3022 569 Ματθαῖος,
3080 487 3349 557 Ἰάκωϐος
3378 491 3637 574 Ἁλφαίου
3683 496 3769 551 καὶ

389 604 410 635 ι
444 587 504 638 et
527 582 707 640 Iudas
735 583 956 640 Jacobi.
991 585 1060 640 Hi
1091 601 1301 641 omnes
1360 589 1530 641 erant
1584 584 2029 656 perseverantes

383 694 411 723 ‹‹
439 673 807 729 unanimiter
844 674 907 730 in
961 674 1238 731 oratione
1299 679 1357 729 et
1402 672 1835 737 obsecratione,
1894 685 2030 725 cum

387 780 415 810 ιι
441 760 794 817 mulieribus
852 767 911 819 et
939 763 1121 819 Maria
1147 763 1329 818 Matre
1357 763 1515 831 Jesu,
1547 776 1802 832 cumque
1830 757 2030 814 fratri-

387 871 410 901 ι
444 849 556 906 bus
580 851 788 924 ipsius.
826 872 857 903 η

454 1031 687 1098 Petrus,
732 1030 1136 1104 interpretans
1182 1029 1273 1086 vel
1330 1044 1730 1102 cognoscens:
1762 1025 2031 1092 Jacobus,

389 1118 810 1191 supplantator
838 1120 1561 1193 laboris..loannes,gratia
1577 1119 1679 1175 Dei
1710 1135 1723 1172 :
1746 1115 2034 1182 Andreas,

384 1208 602 1264 decens
631 1210 896 1281 potentia
924 1211 1036 1279 vel,
1060 1209 1490 1266 condemnatus
1523 1225 1537 1265 :
1592 1208 1924 1279 Philippus,
1971 1222 2037 1260 os

385 1298 695 1354 viduarum
724 1299 818 1354 vel
848 1316 914 1355 os
961 1298 1294 1372 lampadis:
1328 1300 1602 1366 Thomas,
1648 1296 1898 1369 abyssus
1946 1294 2039 1350 vel

385 1388 660 1460 geminus
692 1405 796 1444 seu
839 1389 1076 1444 dubius.
1138 1388 1631 1459 Bartholomaaus,
1690 1386 1852 1442 ﬁlius
1911 1385 2040 1457 ejus

386 1476 488 1547 qui
520 1477 831 1549 suspendit
854 1495 1040 1549 aquas
1076 1495 1087 1532 :
1122 1479 1452 1546 Matthmus,
1484 1473 1776 1532 do‘natus:
1809 1476 1858 1531 9
1879 1476 2040 1530 Jaco-

385 1565 495 1621 bus
527 1566 780 1638 Alphaai,
810 1568 1234 1640 supplantatio.
1264 1568 1465 1622 Simon
1493 1567 1742 1634 Zelotes,
1774 1563 2042 1636 discipli-

387 1670 466 1710 na
492 1655 665 1710 vitm:
696 1655 871 1711 ludas
900 1655 1123 1724 Jacobi,
1158 1656 1255 1711 hic
1313 1659 1373 1711 et
1426 1654 1754 1710 Thaddwus
1784 1652 2040 1708 vocaba-

388 1749 505 1798 tur.
545 1743 873 1816 Discipulos
910 1745 1267 1799 nominatim
1326 1749 1618 1809 recenset,
1675 1749 1740 1797 ut
1768 1741 2043 1798 ostendat

2137 615 2167 645 ι(
2221 589 2409 663 Σίμων
2457 587 2485 640 ὁ
2536 582 2826 655 Ζηλωτής,
2883 583 2975 639 καὶ
3028 581 3239 647 Ἰούδας
3296 577 3576 640 Ἰακώϐου.
3608 581 3767 643 Οὗτοι

2135 704 2167 735 κ
2198 678 2390 738 πάντες
2469 677 2603 745 ἦσαν
2681 677 3212 748 προσκαρτεροῦντες
3290 669 3638 746 ὁμοθυμαδὸν
3705 676 3772 747 τῇ

2140 767 2486 845 «προσευχῇ
2520 763 2611 819 καὶ
2670 766 2740 828 τῇ
2794 758 3001 832 δεήσει,
3055 762 3147 816 σὺν
3202 760 3412 838 γυναιξὶ
3459 761 3546 816 καὶ
3601 762 3777 838 Μαρίᾳ

2136 881 2168 912 ι(
2198 860 2268 931 τῇ
2301 852 2489 931 Μητρὶ
2543 856 2640 908 τοῦ
2670 852 2875 922 Ἰησοῦ,
2930 849 3021 907 καὶ
3078 850 3169 906 σὺν
3222 855 3341 911 τοῖς
3392 845 3643 930 ἀδελφοῖς
3685 850 3770 906 αύ-

2138 972 2168 1001 ‹‹
2196 949 2313 1003 τοῦ.
2344 968 2373 998 »

2212 1033 2436 1109 Πέτρος,
2495 1028 2742 1088 ἐπιλύων
2819 1026 2856 1099 ἤ
2915 1027 3182 1105 ἐπιγνούς.
3246 1025 3528 1103 Ἰάκωϐος,
3579 1050 3781 1105 πτερνι-

2144 1128 2278 1196 στής
2314 1124 2507 1180 πόνου.
2540 1121 2811 1190 Ἰωάννης,
2870 1118 3036 1197 χάρις
3092 1121 3246 1174 Θεοῦ.
3308 1114 3573 1193 Ἀνδρέας,
3632 1115 3782 1174 δύνα-

2147 1237 2237 1292 μις
2271 1213 2570 1289 εὐπρεπὴς,
2615 1210 2651 1280 ἤ
2709 1208 3191 1284 κατακρινόμενος.
3249 1205 3552 1279 Φίλιππος,
3616 1206 3783 1281 στόμα

2141 1309 2359 1381 χηρῶν,
2390 1305 2425 1372 ἢ
2458 1301 2638 1374 στόμα
2665 1295 2979 1372 λαμπάδος.
3017 1302 3240 1371 Θωμᾶς,
3283 1292 3513 1359 ἄϐυσσος
3543 1297 3576 1366 ἢ
3636 1294 3784 1352 δίδυ-

2146 1414 2267 1470 μος.
2305 1388 2742 1467 Βαρθολομαῖος,
2776 1389 2892 1450 υἱὸς
2923 1389 3198 1461 κρεμάσας
3235 1383 3425 1443 ὕδατα.
3481 1388 3781 1456 Ματθαῖος,

2144 1480 2549 1557 δεδωρημένης.
2608 1472 2866 1538 Ἰάκωϐος
2916 1474 3209 1556 Ἀλφαὶου,
3274 1475 3627 1551 πτερνισμός.
3688 1475 3780 1530 Σί-

2149 1568 2645 1648 μνὸΖηλωτῆς,
2708 1567 2943 1641 μάθησις
3003 1571 3173 1636 ζωῆς.
3235 1563 3445 1627 Ἰούδας
3504 1560 3779 1633 Ἰακώϐου,

2145 1662 2306 1722 οὗτος
2335 1660 2422 1714 καὶ
2460 1653 2726 1717 Θαδδαῖος
2759 1652 3030 1711 ἐκαλεῖτο.
3095 1652 3397 1730 Καταλέγει
3451 1653 3582 1720 τοὺς
3615 1657 3790 1729 μαθη-

2145 1751 2242 1813 τὰς
2271 1747 2555 1822 ὀνομαστὶ,
2584 1746 2671 1800 ’ἱνα
2704 1742 2868 1819 δεῖξῃ,
2920 1743 2996 1805 ὡς
3054 1740 3352 1822 σφαλέντας
3393 1745 3520 1819 περί
3578 1744 3639 1800 τὸ
3695 1744 3795 1799 πά-

391 1832 572 1905 quod,
597 1850 731 1889 cum
762 1835 1060 1906 passionis
1091 1841 1356 1906 tempore
1404 1834 1553 1906 lapsi
1609 1838 1829 1890 essent.
1861 1832 2032 1888 Judas

2149 1840 2260 1900 θος,
2294 1833 2500 1896 ’ίούδας
2531 1835 2624 1908 μὲν
2650 1835 2825 1903 πάντη
2857 1832 3045 1888 ἑαυτὸν
3101 1826 3264 1902 ἕξωσε
3321 1838 3420 1888 τοῦ
3453 1837 3629 1912 χοροῦ
3685 1838 3788 1889 τῶν

392 1923 633 1993 quidem
681 1923 946 1995 seipsum
1002 1941 1037 1979 a
1094 1923 1274 1980 choro
1332 1922 1735 1995 apostolorum
1793 1921 2037 1977 omnino

394 2011 630 2083 dejecit.
664 2013 874 2067 Petrus
909 2028 1038 2068 vero
1070 2018 1130 2068 et
1158 2012 1334 2067 simul
1363 2017 1507 2076 erat,
1531 2018 1590 2066 et
1618 2028 1652 2066 a
1677 2016 2036 2082 praeceptore

393 2116 497 2171 per
526 2101 743 2156 trinam
774 2101 1303 2174 interrogationem
1343 2106 1650 2157 revocatus
1683 2099 1963 2165 est.Quod
1987 2099 2035 2153 si

386 2192 676 2248 Joannem
699 2193 763 2247 in
796 2209 905 2249 sua
925 2193 1226 2265 accepisse
1276 2193 1490 2249 Christi
1541 2195 1781 2248 Matrem
1836 2191 2039 2263 prodi-

392 2288 517 2336 tum
550 2282 595 2317 ¹⁶
625 2287 734 2344 est,
762 2288 926 2337 certe
958 2299 1092 2338 cum
1123 2284 1380 2338 Joannes
1411 2298 1531 2337 una
1568 2298 1703 2337 cum
1751 2280 2036 2353 apostolis

385 2369 638 2437 adesset,
665 2369 844 2425 etiam
876 2370 1005 2442 ipsa
1049 2371 1229 2425 simul
1287 2371 1509 2426 aderat.
1568 2402 1639 2410 —
1696 2372 1824 2446 Αιίρ
1854 2370 2033 2438 modo,

390 2460 517 2514 Non
555 2459 777 2514 frustra
815 2458 1244 2530 discipulorum
1304 2459 1448 2515 facit
1501 2459 1871 2532 catalogum:
1931 2457 2035 2514 sed

385 2547 796 2603 demonstrare
854 2548 1058 2603 volens
1107 2547 1266 2619 quod
1344 2549 1674 2603 humanum
1730 2546 2036 2619 quidpiam

379 2636 539 2708 passi
571 2642 766 2701 erant,
792 2641 851 2691 at
891 2653 1012 2691 non
1046 2636 1107 2691 in
1140 2637 1311 2708 lapsu
1333 2642 1805 2708 permanserant.
1840 2636 2034 2707 Siqui-

388 2724 520 2779 dem
554 2726 766 2779 Petrus
788 2723 890 2794 qui
915 2730 1249 2795 negaverat,
1304 2725 1526 2780 amaris
1552 2724 1831 2795 lacrymis
1863 2741 1898 2779 a
1929 2740 2038 2779 ne-

390 2814 628 2886 gatione
658 2812 966 2868 absolutus
988 2813 1280 2880 est,veluti
1303 2829 1374 2868 ex
1390 2814 1502 2868 hoc
1520 2813 1903 2869 manifestum
1923 2818 2031 2881 est,

388 2901 548 2973 quod
577 2901 755 2973 paulo
788 2907 923 2974 post
950 2901 1245 2957 creditum
1277 2902 1355 2957 sit
1397 2902 1510 2973 ipsi
1541 2902 1831 2957 rationale
1859 2902 2029 2958 ovile.

382 2990 635 3045 Thomas
667 2990 769 3061 qui
824 2989 1172 3046 incredulus
1217 2989 1431 3060 fuerat,
1491 2989 1562 3045 ab
1616 2989 2031 3046 incredulitate

382 3085 625 3136 sanatus
656 3085 764 3148 est,
784 3079 1128 3135 vulneribus
1154 3095 1224 3135 ac
1254 3079 1437 3135 latere
1463 3079 1740 3135 manibus
1762 3086 2032 3136 contrec-

378 3170 537 3226 tatis.
574 3175 775 3242 ltaque
805 3186 942 3225 cum
976 3170 1078 3225 alii
1112 3186 1321 3225 omnes
1353 3169 1534 3225 simul
1587 3176 1807 3239 essent,
1867 3170 2029 3226 solus

378 3258 750 3314 desideratus
777 3264 868 3313 est
894 3257 1094 3316 ludas.
1127 3260 1197 3313 Et
1245 3259 1426 3314 Maria
1456 3260 1560 3314 Dei
1592 3261 1773 3314 Mater
1802 3259 2025 3328 aderat,

380 3346 871 3419 quandoquidem
904 3353 962 3403 et
988 3349 1267 3413 Joannes,
1301 3346 1404 3418 qui
1435 3348 1589 3403 hanc
1618 3348 1681 3403 in
1723 3365 1830 3404 sua
1858 3365 2029 3405 acce-

378 3442 566 3508 perat,
601 3442 661 3491 et
687 3436 901 3491 fratres
932 3436 1200 3491 aderant.
1234 3436 1383 3501 Quid
1416 3436 1465 3492 si
1513 3443 1572 3491 et
1598 3438 1813 3509 Joseph
1845 3455 2027 3509 spon-

379 3542 480 3580 sus
510 3525 573 3580 in
602 3524 744 3580 vivis
776 3529 922 3595 erat,
953 3525 1159 3596 utique
1201 3524 1408 3580 aderat
1436 3531 1496 3581 et
1546 3526 1673 3597 ipse
1701 3543 1714 3581 :
1769 3528 2027 3583 maxime

378 3621 570 3671 autem
602 3614 717 3683 hic,
742 3613 865 3685 qui,
899 3612 1310 3669 dubitantibus
1343 3613 1483 3668 filiis
1541 3615 1688 3684 suis,
1718 3632 2028 3686 nunquam

380 3705 539 3761 circa
577 3703 1090 3776 dispensationem
1149 3701 1456 3758 dubitavit.
1501 3703 1613 3759 Sed
1646 3704 2026 3760 manifestum

382 3799 474 3850 est
503 3792 662 3865 quod
706 3790 1062 3864 jamdudum
1123 3798 1394 3847 mortuus
1451 3797 1613 3848 erat:
1647 3794 1785 3865 quia
1830 3809 2026 3865 neque

380 3882 508 3953 ipse
534 3888 674 3937 tunc
705 3881 929 3951 aderat,
986 3896 1120 3935 cum
1181 3882 1415 3954 cognati
1474 3883 1673 3937 Jesum
1715 3883 2026 3938 docentem

378 3971 580 4027 videre
611 3976 916 4043 cuperent.
970 3970 1114 4035 Quid
1159 3971 1320 4026 enim
1351 3971 1435 4026 ait
1463 3971 1540 4026 ‘?«
1587 3973 1770 4028 Mater
1811 3978 1913 4029 tua
1969 3979 2028 4029 et

375 4061 592 4119 fratres
623 4062 709 4117 tui
732 4068 1010 4135 quaarunt
1038 4069 1094 4118 te
1124 4062 1269 4118 foris
1302 4061 1368 4132 ιθ,
1402 4084 1432 4114 ι»
1466 4080 1587 4120 non
1626 4071 1824 4120 autem
1855 4064 2024 4120 addi-

376 4157 475 4207 tur
506 4167 520 4208 :
552 4154 624 4208 Et
650 4158 820 4225 pater
851 4159 1008 4209 tuus.

1031 4243 1258 4299 CAPUT
1292 4243 1363 4299 ΙΙ.

374 4334 529 4389 Petri
557 4334 747 4389 concio
776 4334 850 4387 ad
878 4348 965 4387 eos
997 4334 1196 4401 quibus
1247 4340 1438 4388 notum
1480 4339 1601 4388 erat
1652 4335 1719 4388 de
1774 4340 1947 4389 morte
1976 4340 2027 4389 et

448 4406 762 4461 anostolatu
790 4405 947 4458 Judw
975 4404 1282 4472 proditoris
1313 4406 1402 4457 :in
1432 4420 1541 4473 quo
1570 4407 2025 4460 narraturetiam

449 4477 515 4531 de
542 4476 788 4531 Matthiae
815 4475 1218 4533 substitutione.
1253 4476 1351 4544 qui
1400 4491 1504 4544 per
1535 4477 1837 4530 orationem
1866 4478 2027 4531 sorti-

451 4555 537 4604 tus
559 4555 639 4605 est
666 4545 1031 4618 apostolatum
1058 4547 1243 4615 gratia
1267 4546 1382 4599 Dei.

450 4638 496 4699 Ι⁹
530 4640 616 4691 15.
644 4659 670 4686 ιι
688 4637 758 4691 Et
778 4636 838 4690 in
862 4634 1072 4689 diebus
1093 4633 1214 4689 illis
1245 4649 1493 4706 surgens
1516 4635 1724 4689 Petrus
1744 4634 1806 4689 in
1830 4633 2026 4690 medio

2153 1924 2498 1982 ἀποστόλων.
2531 1925 2588 1978 Ὀ
2619 1920 2676 1978 δὲ
2732 1920 2935 1996 Πέτρος
2989 1921 3081 1976 καὶ
3132 1929 3314 1991 συνῆν,
3371 1921 3463 1977 καί
3504 1922 3640 1994 πρὸς
3695 1927 3788 1978 τοῦ

2154 2012 2486 2071 διδασκάλου
2518 2010 2607 2068 διὰ
2662 2014 2758 2067 τοῦ
2814 2014 3037 2087 τρισσοῦ
3089 2017 3190 2080 τῆς
3238 2008 3564 2085 ἐρωτήσεως
3606 2011 3795 2067 ἀνακε-

2151 2103 2374 2176 κληται.
2411 2101 2470 2159 Εἰ
2504 2098 2561 2156 δὲ
2590 2101 2689 2170 τὴν
2718 2103 2820 2155 τοῦ
2876 2101 3113 2174 Χριστοῦ
3175 2101 3405 2174 Μητέρα
3460 2095 3652 2155 λαϐεῖν
3707 2102 3797 2155 τὸν

2151 2192 2401 2263 Ἰωάννην
2426 2186 2931 2266 ἀναγὲγραπταιεῖς
2963 2188 3030 2243 τά
3078 2183 3213 2255 ἴδια,
3271 2185 3400 2242 ἀλλ’
3455 2186 3549 2242 οῦν
3601 2188 3805 2262 παρόν-

2150 2302 2242 2344 τος
2283 2282 2534 2336 Ἰωάννου
2589 2282 2706 2339 τοῖς
2761 2273 3119 2345 ἀποστόλοις,
3169 2276 3259 2330 καί
3298 2276 3438 2346 αύτὴ
3492 2284 3803 2352 συμπαρῆν.

2147 2402 2218 2416 --—
2247 2367 2495 2430 νΑλλως.
2530 2367 2608 2426 Οὐ
2663 2368 2840 2441 μάτην
2880 2365 2982 2420 -τὸν
3030 2363 3340 2442 καταλογον
3398 2372 3641 2421 ποιεῖται
3696 2370 3804 2421 τῶν

2151 2464 2431 2534 μαθητῶν,
2463 2455 2610 2512 ἀλλὰ
2644 2453 2981 2531 βουλόμενος
3012 2460 3357 2528 παραστῆσαι
3411 2455 3506 2509 καὶ
3554 2459 3665 2510 τῶν
3696 2475 3798 2511 πα-

2149 2552 2351 2614 θόντων
2383 2548 2477 2620 μὲν
2510 2568 2584 2615 τι,
2616 2545 2704 2600 καὶ
2752 2547 2828 2618 μή
2861 2544 3333 2617 ἐναπομεινάντων
3395 2541 3455 2599 δὲ
3507 2549 3589 2618 τῷ
3645 2544 3800 2599 πτώ-

2150 2638 2388 2713 ματι.Ὀ
2448 2636 2542 2710 μὶν
2601 2634 2705 2712 γὰρ
2763 2633 3132 2707 ἀρνησαμενος
3192 2630 3419 2706 Πέτρος,
3464 2639 3651 2709 mpr
3708 2630 3799 2688 δα-

2144 2728 2294 2801 κρύῳ
2321 2726 2421 2793 τήν
2450 2723 2674 2797 ἄρνησιν
2724 2720 3055 2791 άπελῧσατο,
3116 2721 3190 2784 ὠς
3222 2718 3417 2792 δῆλον,
3478 2722 3576 2803 ἀφ’
3605 2724 3681 2778 ὧν
3718 2745 3803 2797 μι-

2143 2817 2270 2891 κρὸν
2303 2816 2526 2890 ὓστερον
2555 2813 2618 2869 τὸ
2651 2810 2873 2886 λογικὸν
2904 2812 3215 2867 πιστεύεται
3279 2812 3558 2886 ποίμνιον.
3617 2813 3681 2870 Ὁ
3745 2811 3803 2868 δὲ

2142 2906 2445 2976 ἀπιστήσας
2477 2908 2700 2976 Θωμᾶς,
2733 2901 2854 2972 ἰάθη
2887 2903 2986 2971 τὴν
3036 2900 3292 2956 ἀπιστίαν
3348 2904 3419 2975 τῇ
3472 2900 3801 2982 ψηλαφήσει

2140 2999 2248 3050 τῶν
2281 2998 2487 3069 χειρῶν
2511 2990 2836 3066 τραυμάτων
2870 2989 2959 3044 καὶ
2989 2995 3112 3058 τῆςο
3146 2986 3407 3065 πλευρᾶς.
3464 2993 3631 3046 Ὥστε
3662 3010 3801 3045 παν-

2141 3104 2249 3140 των
2274 3081 2536 3138 συνόντων
2566 3084 2673 3134 τῶν
2703 3075 2913 3145 ἄλλων,
2948 3078 3110 3153 μόνος
3167 3076 3496 3134 ἀπελείπετο
3556 3076 3799 3141 Ἰουδας.

2140 3172 2246 3229 Καὶ
2279 3171 2465 3245 Μαρία
2487 3167 2544 3225 δὲ
2568 3171 2603 3239 ἡ
2637 3169 2900 3229 Θεοτόκος
2932 3174 3130 3240 παρῆν·
3180 3165 3295 3222 ἐπεὶ
3348 3169 3437 3222 καὶ
3502 3169 3531 3222 ὁ
3592 3169 3805 3240 ταύτην

2138 3256 2477 3337 παραλαϐὼν
2510 3259 2586 3321 είς
2616 3259 2684 3314 τά
2714 3255 2829 3313 ἴδια
2860 3256 3127 3328 Ἰωάννης,
3162 3257 3254 3313 καὶ
3285 3258 3338 3312 οἱ
3376 3253 3618 3336 ἀδελφοὶ
3652 3278 3802 3334 παρ·

2135 3353 2288 3420 ἦσαν.
2323 3348 2391 3407 Εἴ
2420 3346 2478 3403 δὲ
2522 3347 2614 3403 καὶ
2645 3348 2847 3425 Ἰωσήφ
2905 3345 2934 3400 ὁ
2996 3346 3245 3419 μνηστήρ
3302 3340 3422 3415 ἔζη,
3482 3353 3673 3420 παρῆν
3737 3345 3799 3402 ἄν

2135 3441 2223 3495 καὶ
2258 3434 2438 3500 αὐτός.
2472 3436 2575 3494 Καὶ
2611 3433 2849 3510 μαλιστα
2897 3435 3057 3497 οὗτος
3115 3434 3143 3489 ὁ
3204 3430 3346 3508 μηδέ
3396 3455 3558 3502 ποτε,
3609 3435 3799 3511 ὥσπερ

2137 3525 2270 3597 οἱέξ
2306 3525 2488 3593 αὐτοῦ,
2546 3523 2671 3599 περί
2736 3524 2836 3592 τήν
2893 3522 3211 3594 οἰκονομίαν
3269 3518 3579 3585 ἐνδοιάσας.
3614 3520 3805 3581 Ἀλλά

2137 3616 2307 3688 δῆλον
2336 3618 2421 3673 ’ὁτι
2450 3616 2623 3671 πάλαι
2659 3611 2947 3683 ἐτεθνήκει.
2983 3612 3130 3670 Ἐπεὶ
3167 3610 3309 3687 μηδέ
3340 3613 3431 3669 ὃτε
3492 3610 3805 3670 διδάσκον-

2134 3728 2199 3762 τα
2251 3706 2344 3761 τὸν
2384 3708 2595 3775 Ἱησοῦν
2646 3703 2829 3772 ἠξίουν
2882 3702 2934 3757 οἱ
2987 3708 3257 3779 συγγενεῖς
3317 3701 3642 3770 θεάσασθαι,
3702 3705 3802 3759 καὶ

2135 3795 2295 3857 αὐτὸς
2321 3800 2523 3869 παρῆν.
2556 3792 2623 3850 Τί
2650 3794 2752 3868 γάρ
2782 3812 2948 3871 φησιν
2992 3809 3006 3860 ;
3039 3816 3067 3843 ‹‹
3117 3797 3175 3846 Ἦ
3212 3793 3398 3868 μήτηρ
3430 3813 3534 3848 σου
3591 3792 3686 3849 καὶ
3745 3794 3803 3849 οῖ

2133 3882 2363 3964 ἀδελφοί
2394 3903 2489 3937 σου
2517 3880 2744 3953 ζητοῦσί
2780 3902 2837 3937 σε
2867 3879 2990 3951 ἔξω,
3025 3904 3053 3932 »
3080 3877 3209 3937 ἀλλ’
3240 3879 3397 3961 ούχὶ,
3445 3882 3559 3939 Καὶ
3595 3884 3626 3938 ὁ
3686 3902 3798 3938 πα-

2133 3977 2260 4050 τήρ.

2763 4241 3029 4298 ΚΕΦΑΛ.
3066 4240 3144 4296 Β“.

2134 4336 2331 4410 Πὲιρου
2372 4331 2632 4410 διαλογος
2711 4329 2867 4410 πρρςῌ
2932 4329 3075 4410 τοὺς
3146 4330 3586 4410 μαθητευθέντας
3673 4335 3809 4410 περὶ

2206 4397 2434 4480 θανατου
2463 4397 2560 4458 καῖ’
2586 4397 2904 4480 ἀποστολῇς
2936 4397 3113 4480 Ἰούδα
3144 4397 3241 4480 τοῦ
3280 4397 3603 4480 ’πριζόὁτοιν
3670 4405 3727 4461 ἐν

2203 4470 2332 4553 napi
2370 4475 2784 4553 Διὲιντεισαγωγῇς
2846 4474 3092 4529 Ματθίου
3149 4470 3534 4547 κληρωθέντος
3600 4470 3811 4553 χάριτι

2053 4582 2099 4647 D
2204 4544 2336 4606 Θεοῦ
2367 4544 2459 4601 διὰ
2481 4544 2816 4621 προσευχῆς.

2208 4663 2237 4691 ‹‹
2269 4635 2375 4694 Καὶ
2404 4633 2456 4690 ἐν
2502 4638 2621 4695 ταῖς
2647 4634 2882 4707 ἡμέραις
2908 4632 3131 4694 ταύταις
3188 4631 3412 4696 ἀναστάς
3475 4634 3701 4710 Ηίτρος
3751 4637 3807 4694 ἐν

385 4745 413 4781 ο
426 4725 852 4796 discipulorum
879 4725 1300 4796 dixit,eratque
1321 4723 1493 4780 turba
1506 4724 1820 4779 hominum
1841 4724 2023 4780 simul

2149 4755 2159 4784 ι
2197 4727 2344 4803 μέσῳ
2374 4730 2481 4781 τῶν
2513 4725 2768 4796 μαθητῶν
2819 4722 2980 4778 εἶπεν
3022 4722 3088 4791 ἦν
3147 4742 3207 4778 τε
3260 4722 3438 4801 ὄχλος
3493 4723 3815 4799 ὀνομάτων

382 4836 413 4866 (ι
444 4814 568 4869 fere
595 4819 835 4868 centum
865 4813 1088 4886 viginti.
1122 4835 1150 4864 ι)

453 4901 649 4974 Surgit
663 4902 1018 4967 Petrus,non
1039 4902 1669 4975 Jacobus.ettauquam
1684 4902 2026 4970 ferventior,

382 4996 441 5047 et
472 4989 632 5045 velut
662 4989 712 5044 is
743 4988 836 5044 cui
868 4989 1300 5060 discipulorum
1332 4992 1433 5047 10
1458 4991 1842 5063 praesidentia
1863 5008 2028 5048 com-

381 5082 566 5137 missa
621 5085 768 5135 erat.
799 5080 1093 5134 Praeterea
1123 5096 1360 5151 quoque
1417 5082 1668 5137 Jacobus
1726 5082 2031 5138 modestus

382 5176 529 5232 erat,
555 5168 808 5224 orationi
829 5184 897 5223 ac
914 5168 1099 5238 quieti
1132 5169 1317 5241 magis
1348 5174 1543 5239 aptus,
1576 5171 1808 5225 caeteris
1828 5170 2031 5226 videli-

382 5264 476 5314 cet
499 5257 735 5330 negotia
766 5256 1443 5327 tractantibus.ldeoque
1474 5259 2033 5330 Jerosolymitanam

383 5345 826 5419 prmsidentiam
854 5344 1196 5401 illicedunt.
1211 5345 1351 5400 Vide
1378 5350 1577 5401 autem
1599 5348 1896 5418 quomodo
1910 5348 2040 5404 uui-

381 5451 552 5492 versa
562 5434 851 5491 communi
864 5434 1102 5490 decreto
1118 5434 1489 5502 faciat,etnon
1503 5452 1573 5491 ex
1584 5437 1832 5508 primatu
1845 5454 2039 5510 neque

2132 4845 2161 4873 ‹‹
2193 4817 2281 4874 ἐπὶ
2310 4816 2373 4871 τὸ
2402 4813 2534 4870 αὐτὸ
2571 4813 2646 4874 ὡς
2680 4810 2867 4866 ἑκατὸν
2897 4807 3117 4865 εἶ’κοσιν.
3153 4834 3182 4862 ››

2206 4906 2511 4963 Ἀνίσταται
2545 4903 2573 4957 ὁ
2606 4900 2831 4975 Ηὲτρος,
2861 4898 2970 4978 οὐχ
3002 4900 3029 4954 ὁ
3065 4894 3342 4969 Ἰάκωϐος,
3402 4901 3493 4955 καὶ
3558 4902 3644 4966 ὡς
3680 4908 3820 4982 θερ-

2140 4997 2388 5073 μότερος,
2443 4992 2534 5048 καὶ
2588 4991 2662 5053 ὡς
2714 4991 2812 5059 τὴν
2861 4988 3190 5062 προστασίαν
3247 4992 3354 5044 τῶν
3387 4991 3663 5062 μαθητῶν
3719 4994 3819 5072 ἐγ..

2137 5076 2823 5166 κεχειρισμένος.”Αλλων
2877 5098 2936 5133 τε
2993 5077 3084 5132 καὶ
3142 5076 3389 5147 ἐπιεικής
3416 5078 3541 5147 ἦνὸ
3603 5082 3820 5140 Ἰάκω-

2141 5170 2260 5241 ϐος,
2293 5174 2383 5228 καὶ
2417 5167 2630 5246 μᾶλλον
2656 5170 2724 5241 τῇ
2759 5168 3041 5242 προσευχῇ
3072 5166 3162 5221 καὶ
3193 5169 3262 5231 τῆ
3319 5165 3529 5241 ἡσυχίᾳ
3597 5170 3768 5248 ὠφέλ
3782 5194 3826 5228 ι-

2147 5283 2273 5337 μος,
2301 5265 2409 5316 τῶν
2444 5255 2633 5314 ἄλλων
2691 5252 2953 5327 δηλονότι
3009 5253 3497 5337 μεταχειριζόντων
3561 5258 3633 5313 τὸ
3668 5266 3824 5335 πρᾶ-

2142 5336 2276 5428 γμα.
2312 5351 2405 5405 Διὸ
2436 5346 2526 5403 καὶ
2583 5352 2683 5415 τῆς
2744 5344 2799 5399 ἐν
2851 5336 3264 5418 Ἰεροσολύμοις
3321 5342 3472 5417 αὐτῷ
3524 5346 3828 5424 καθέδρας

2145 5441 2596 5516 παραχωροῦσιν.
2650 5435 2792 5510 ⁴Ὅρα
2848 5428 2905 5488 δὲ
2955 5431 3132 5487 πάντα
3184 5433 3323 5489 κατὰ
3379 5439 3572 5503 κοινῆς
3647 5437 3832 5497 αὐτὸν

389 5542 496 5583 sua
510 5524 882 5582 auctoritate.
906 5524 1155 5579 Centum
1172 5530 1373 5580 autem
1385 5524 1588 5598 viginti
1603 5526 1783 5582 simul
1795 5525 2032 5584 aderant

2149 5529 2380 5608 γνώμης
2410 5530 2690 5596 ποιοῦντα,
2719 5523 2807 5579 καὶ
2843 5522 2945 5578 οὐκ
2973 5520 3222 5599 ἀρχικῶς
3279 5519 3404 5579 οὐδὲ
3462 5524 3610 5601 μετὰ
3670 5525 3837 5602 ego..-

461 5678 510 5718 ⁸³
535 5680 705 5739 Joan.
735 5695 852 5750 nx,
886 5679 977 5750 26,
1005 5680 1094 5735 27.
1126 5677 1173 5715 ιο
1200 5679 1403 5736 Matth.
1432 5696 1534 5750 xu,
1564 5683 1657 5738 49.
