4098 6260
231 345 296 404 57
1275 357 1671 419 COMMENT.
1718 354 1799 416 IN
1843 352 2049 415 ACTA
2093 351 2707 417 APOSTOLORUM.
3635 354 3712 411 58

234 478 365 539 σίας.
401 479 659 538 Ἑκατὸν
729 482 798 539 δὲ
866 484 1049 543 εἴκοσι
1109 492 1465 564 συμπαρῆσαν
1524 488 1631 545 ἀπὸ
1685 492 1792 542 τῶν
1851 508 1939 541 πι-

2069 505 2139 542 ex
2162 488 2255 543 his
2282 489 2381 558 qui
2402 490 2651 545 Domino
2674 486 3384 557 crediderant.Siqnidem
3408 491 3715 556 etseptua-

246 570 596 625 στευσάντων
632 577 729 645 τῷ
764 578 999 651 Κυρίῳ,
1052 580 1223 634 Ἦσαν
1283 580 1383 655 γαρ
1440 579 1529 634 καὶ
1582 573 1961 651 ἐϐδομήκοντα

243 660 331 713 καὶ
383 660 811 732 πεντακόσιοι,
880 664 977 727 οὕς
1035 665 1126 720 καὶ
1186 666 1483 722 ἀναστάντα
1538 665 1683 740 λέγει
1742 665 1958 726 Ηαῦλος

255 749 562 814 θεάσασθαι
594 752 703 805 τὸν
740 751 984 825 Κύριον.
1047 753 1211 810 Ἀλλ’
1249 754 1392 818 εἰκὸς
1446 754 1672 817 τούτους
1719 759 1825 810 τῶν
1869 753 1962 830 ἐγ-

260 842 602 916 κριτοτέρων
660 842 817 897 εἶναι
873 844 966 898 καὶ
1032 849 1139 899 τῶν
1192 846 1328 921 πρὸς
1384 848 1445 901 τὸ
1500 843 1959 921 παρρησιάζεσθαι

276 930 650 1004 θερμοτὲρων.

367 1018 639 1094 ι’λνδρες
702 1018 974 1097 ἀδελφοὶ,
1032 1020 1139 1078 ἔδει
1197 1022 1565 1093 πληρωθῆναι
1615 1024 1713 1091 τὴν
1770 1022 1956 1099 Γραφή

298 1134 326 1161 α
359 1110 583 1179 ταύτην,
614 1110 680 1178 ἣν
711 1117 952 1184 προεῖπε
991 1112 1054 1166 τὸ
1087 1116 1299 1185 Πνεῦμα
1352 1112 1417 1168 τὸ
1474 1115 1625 1189 ἅγιον
1686 1108 1774 1166 διὰ
1832 1111 1958 1167 στό-

304 1227 329 1251 ιι
369 1220 536 1272 ματος
566 1198 752 1258 Δαυίδ,
780 1225 807 1251 ιι

369 1292 786 1364 Παραμυθεῖται
844 1291 1042 1353 αὐτοὺς
1098 1292 1203 1346 ἀπὸ
1260 1300 1359 1360 τῆς
1420 1291 1797 1368 προρρήσεως.
1854 1291 1955 1346 Καὶ

289 1377 348 1433 ού
382 1379 561 1455 λέγει,
591 1381 694 1435 Ἠν
727 1379 894 1435 Δαυίδ
928 1382 1103 1451 εἶπεν,
1135 1379 1301 1445 ἀλλὰ,
1336 1382 1406 1436 Τὸ
1439 1386 1659 1455 Πνεῦμα
1688 1382 1750 1435 τὸ
1799 1381 1953 1455 ἅγιον

290 1466 378 1523 διὰ
411 1470 693 1540 στόματος
726 1467 912 1524 Δαυίδ.
948 1467 1079 1527 Τίδὲ
1106 1471 1267 1525 τοῦτο
1300 1471 1365 1539 ἧν
1392 1490 1405 1539 ;
1436 1474 1574 1528 Ὅσα
1597 1470 1624 1523 ὁ
1659 1470 1743 1544 ρη’
1772 1467 1952 1544 περιέ.-

287 1556 661 1633 χειψαλμύς·
704 1559 778 1613 ὧν
834 1559 927 1613 καὶ
989 1560 1152 1622 αὐτὸς
1215 1561 1408 1632 μικρὸν
1461 1560 1679 1614 ’ὁπισθεν
1742 1578 1955 1631 μνημο-

286 1647 484 1704 νεύσει.
524 1647 661 1722 Περὶ
699 1645 879 1703 Ἰούδα
937 1645 995 1703 δὲ
1053 1648 1243 1713 εἰπὼν,
1302 1648 1557 1710 ἐπιεικῶς
1616 1650 1728 1721 ἅμα
1789 1668 1955 1721 μετα-

288 1736 598 1811 χειρίζεται
629 1736 721 1790 καὶ
751 1735 1301 1815 ἀφιλαπεχθημὸνως
1327 1739 1419 1792 τὸν
1464 1736 1656 1811 λόγον.
1717 1735 1793 1793 Οὐ
1848 1736 1950 1813 γὰρ

288 1824 463 1900 λέγει,
501 1830 611 1879 Τοῦ
644 1826 975 1899 καταράτου,
1033 1825 1128 1880 τοῦ
1171 1830 1392 1901 μιαροῦ,
1453 1824 1581 1881 ἀλλ’
1640 1826 1828 1887 ἁπλῶς
1883 1826 1947 1880 τὸ

283 1917 656 1991 γεγενημένον
716 1912 905 1984 δηλοῖ.
967 1916 1283 1991 Ἐπαγαγὼν
1345 1913 1402 1970 δὲ
1457 1916 1544 1982 τὸ,
1612 1916 1785 1976 Οὗτος
1846 1914 1938 1987 μὲν

285 2003 375 2057 οὖν
409 2004 684 2073 ἐκτήσατο
716 2002 926 2078 χωρίον
955 2003 1017 2057 ἐκ
1079 2008 1271 2077 μισθοῦ
1302 2011 1401 2073 τῆς
1451 2000 1681 2073 ἀδικίας,
1724 2004 1812 2057 καὶ
1854 2002 1938 2057 ὅτι

281 2093 500 2164 πρηνής
532 2092 825 2163 γενόμενος
858 2088 1142 2161 ἐλάκησεν,
1174 2090 1321 2159 ἤτοι,
1373 2088 1681 2166 διεσχίσθη,
1732 2092 1794 2145 τὸ
1847 2091 1938 2162 μὲν

285 2182 596 2247 κτήσασθαι
624 2180 722 2233 ούκ
751 2180 828 2239 εἷς
858 2181 948 2234 τὸν
994 2177 1199 2235 Ἰούδαν
1239 2180 1516 2259 ἀναφέρων
1564 2177 1799 2253 εἶ’ρηκεν.
1859 2179 1935 2236 Ού

292 2271 401 2343 γὰρ
435 2270 601 2330 αὐτὸς
633 2268 871 2339 ὠνήσατο
904 2271 964 2324 τὸ
1013 2270 1241 2345 χωρίον,
1300 2268 1425 2324 ἀλλ’
1486 2270 1537 2324 οἱ
1592 2271 1775 2343 ἱερεῖς,
1830 2270 1936 2324 ἀπὸ

290 2363 405 2412 τῶν
438 2360 698 2433 ῥιςέντων
732 2360 817 2412 ὑπ’
848 2359 1016 2414 αὐτοῦ
1050 2359 1317 2434 ἀργδρίων
1367 2357 1418 2412 ἐν
1468 2363 1547 2431 τῷ
1593 2362 1725 2429 ναῷ.
1782 2358 1935 2413 Ἐπεὶ

288 2444 346 2501 δὲ
378 2449 581 2519 μισθὸς
611 2452 776 2502 ταῦτα
806 2450 906 2515 τῆς
937 2446 1238 2521 προδοσίας
1298 2445 1497 2515 Ἰούδα,
1546 2446 1731 2518 ἐκείνῳ
1778 2446 1867 2500 καὶ
1898 2448 1932 2515 ἡ

280 2546 475 2605 κτῆσις
512 2536 816 2611 λογίζεται.
850 2537 953 2593 Καὶ
1008 2537 1196 2608 πάλιν,
1248 2535 1361 2591 ἐπεὶ
1418 2536 1493 2597 είς
1546 2537 1721 2614 ταιρην
1775 2539 1935 2589 τοῦτο

706 2626 1067 2701 πεπλήρωται
1126 2629 1161 2696 ἡ
1223 2627 1428 2703 Γραφή.
1482 2626 1581 2695 Τὸ,
1649 2650 1676 2676 ‹‹
1736 2625 1839 2680 Καὶ
1898 2626 1933 2693 ἡ

276 2716 505 2780 ἔπαυλις
562 2720 739 2773 αὐτοῦ
825 2718 1197 2793 ἠρημωμένη,
1231 2744 1257 2770 ››
1318 2719 1377 2772 Τί
1433 2720 1531 2793 γὰρ
1604 2714 1936 2793 ἐρημότερον

274 2809 455 2887 τάφων
486 2829 501 2875 ;
537 2811 637 2864 Δια
671 2806 731 2863 δὲ
767 2812 864 2863 τοῦ
921 2808 1109 2875 εἷ’πεῖν,
1178 2809 1396 2883 Πρηνὴς
1455 2804 1746 2881 γενόμενος
1807 2805 1934 2862 ἐλά-

273 2920 407 2965 κησε
442 2900 641 2971 μὲσος,
678 2896 875 2967 ἔδειξεν
920 2898 1003 2951 ὅτι
1062 2892 1174 2969 ἅμα
1231 2902 1308 2968 τῷ
1354 2895 1671 2969 προδοῦναι,
1720 2896 1781 2951 ἐκ
1836 2903 1933 2965 τῆς

272 2986 405 3063 ἄγαν
443 2985 760 3060 ὀλιγωρίας
790 2988 881 3040 καὶ
926 2986 1192 3059 ῥᾳθυμίας
1244 2985 1521 3060 ἐχρήσατο
1566 2982 1634 3040 δι’
1684 2987 1935 3063 ἀπογνώ-

280 2628 616 2703 ἀτώρισται,

272 3098 407 3137 σεως
442 3081 525 3147 τῷ
556 3077 801 3147 τοιούτῳ
839 3074 1008 3131 τέλει.
1062 3077 1301 3151 Ἀγχόνῃ
1355 3072 1413 3130 δὲ
1460 3074 1809 3151 χρησάμενον
1860 3074 1935 3129 εἷ-

278 3166 497 3218 πόντων
529 3170 635 3218 τῶν
664 3166 828 3237 ἰερῶν
864 3162 1235 3239 Εὖαγγελίων,
1287 3163 1331 3218 εί
1383 3164 1541 3225 οὗτος
1587 3168 1699 3235 νῦν,
1749 3170 1932 3239 πρηνῆ

1974 1871 2021 1936 Β

2068 576 2232 647 ginta
2263 582 2451 641 erant,
2486 583 2544 631 et
2574 576 2879 648 quingenti
2922 592 3070 645 quos
3104 575 3185 629 ait
3227 574 3447 629 Paulus
3496 574 3714 628 vidisse

2068 666 2384 720 Dominum
2416 673 2729 737 postquam
2762 670 3165 721 resurrexerat
3194 663 3259 720 2°.
3291 663 3401 718 Sed
3424 664 3534 717 hos
3558 663 3709 717 veri-

2070 754 2264 808 simile
2297 761 2387 809 est
2416 772 2486 810 ex
2516 756 2609 811 his
2640 756 2822 810 fuisse
2854 756 2955 825 qui
2987 754 3174 825 magis
3206 752 3517 825 approbati
3543 757 3714 806 erant

2069 848 2126 897 et
2156 842 2229 897 ad
2260 843 2509 899 liberius
2539 843 2907 915 loquendum
2937 844 3343 898 ferventiores.

2138 1020 2175 1075 l.
2214 1022 2297 1076 16.
2332 1046 2360 1073 ‹‹
2398 1024 2517 1078 Viri
2544 1024 2781 1091 fratres,
2833 1023 3095 1094 oportuit
3143 1022 3509 1093 Scripturam
3559 1021 3714 1077 hanc

2064 1130 2092 1159 «
2127 1110 2385 1181 impleri,
2420 1129 2597 1183 quam
2630 1112 2903 1184 prmdixit
2928 1113 3178 1183 Spiritus
3206 1116 3446 1166 sanctus
3495 1127 3601 1181 per
3648 1128 3713 1165 os

2071 1218 2101 1249 α
2136 1201 2334 1256 David.
2371 1228 2395 1252 ι»

2135 1294 2487 1348 Consolatur
2509 1311 2610 1349 eos
2634 1312 2667 1349 a
2688 1294 3018 1365 prophetia.
3044 1295 3157 1348 Nec
3172 1294 3254 1347 ait
3279 1310 3290 1346 :
3325 1294 3511 1357 Quam
3536 1290 3716 1345 David

2062 1379 2231 1448 dixit,
2265 1382 2367 1437 sed
2398 1383 2650 1453 Spiritus
2684 1390 2923 1438 sanctus
2949 1400 3052 1453 per
3085 1399 3150 1436 os
3182 1381 3380 1436 David.
3430 1382 3716 1445 Quamam

2062 1476 2260 1524 autem
2284 1471 2408 1526 hinc
2429 1473 2639 1527 erant?
2660 1474 3039 1541 Quaecunque
3064 1471 3327 1541 psalmus
3351 1470 3715 1525 centesimus

2062 1564 2297 1614 octavus
2329 1561 2597 1615 continet
2622 1578 2634 1614 :
2669 1577 2925 1631 quorum
2958 1560 3137 1615 etiam
3162 1565 3294 1631 post
3322 1574 3511 1629 pauca
3541 1557 3718 1611 faciet

2062 1649 2448 1705 mentionem.
2464 1656 2534 1704 Ue
2557 1650 2706 1705 Juda
2729 1656 2927 1705 autem
2950 1648 3499 1720 loquens,modeste
3533 1646 3714 1700 simul

2061 1744 2117 1793 et
2146 1738 2368 1808 absque
2400 1741 2561 1794 omni
2594 1740 2815 1795 invidia
2848 1746 3060 1795 tractat
3089 1754 3448 1793 sermonem.
3510 1737 3709 1804 Neque

2059 1827 2219 1881 enim
2253 1829 2680 1884 exsecrandum
2715 1835 2878 1884 vocat
2905 1836 3005 1883 aut
3036 1833 3377 1889 scelestum,
3422 1824 3525 1880 sed
3558 1824 3709 1879 sim-

2051 1915 2288 1985 pliciter
2317 1919 2475 1987 quod
2504 1920 2725 1973 factum
2759 1924 2848 1973 est
2878 1918 3119 1973 indicat.
3155 1919 3337 1972 Porro
3370 1913 3528 1985 quod
3562 1912 3709 1967 sub-

2039 2003 2339 2074 junxerit:
2375 2008 2478 2061 Hic
2510 2008 2709 2079 itaque
2741 2008 2991 2078 adeptus
3024 2012 3114 2061 est
3159 2005 3449 2077 praedium
3487 2020 3516 2057 e
3550 2019 3707 2056 mer-

2046 2094 2189 2148 cede
2207 2096 2799 2167 iniquitatis,etquod
2814 2097 3139 2168 praecipitio
3169 2095 3403 2165 crepuit
3419 2098 3521 2147 aut
3538 2091 3712 2146 ditTra

2046 2189 2175 2238 ctus
2189 2187 2471 2256 est:prius
2485 2187 2969 2257 quidem,nempe
2983 2186 3265 2256 adeptum
3283 2199 3411 2239 esse
3427 2180 3708 2253 praedium

2045 2288 2167 2326 non
2189 2274 2260 2328 ad
2283 2275 2493 2329 Judam
2520 2278 2787 2331 referens
2810 2277 3186 2345 dixit.Neque
3213 2274 3372 2328 enim
3405 2272 3533 2343 ipse
3556 2289 3705 2342 prm-

2046 2362 2215 2417 dium
2238 2366 2383 2417 emit
2412 2365 2513 2419 sed
2532 2365 2867 2420 sacerdotes
2884 2382 2952 2419 ex
2966 2365 3263 2436 argenteis
3282 2380 3430 2433 quos
3445 2364 3469 2417 ,Ι
3479 2362 3622 2416 udas
3647 2362 3708 2416 in

2047 2453 2267 2523 templo
2282 2453 2809 2524 abjeceratzverum
2831 2455 3069 2525 quiailli
3086 2460 3495 2509 erantmerces
3510 2451 3710 2523 prodi-

2045 2542 2226 2596 tionis
2244 2543 2733 2614 Judaa.possessio
2751 2560 2987 2615 quoque
3001 2548 3309 2613 reputatur
3324 2542 3533 2612 ipsius.
3553 2543 3701 2594 Rur-

2045 2631 2770 2704 sumque,quiapraadium
2785 2633 2848 2686 in
2865 2632 3233 2702 sepulturam
3249 2636 3587 2701 separatum
3610 2632 3702 2682 est

2044 2720 2339 2791 completa
2370 2728 2459 2775 est
2479 2721 2780 2793 Seriptura
2802 2739 2932 2792 qum
2954 2721 3036 2775 ait
3062 2738 3074 2774 :
3100 2748 3123 2770 ιι
3148 2718 3545 2774 Commoratio
3562 2718 3692 2788 ejus

2043 2808 2279 2865 deserta
2309 2816 2399 2865 est
2429 2812 2495 2864 ³¹.
2531 2835 2555 2859 ιο
2590 2812 2740 2877 Quid
2768 2812 2929 2866 enim
2962 2810 3253 2882 sepulcris
3280 2808 3463 2881 magis
3486 2807 3694 2861 deser-

2044 2904 2169 2954 tum
2198 2900 2329 2955 est?
2356 2902 2468 2954 Per
2497 2901 2607 2955 hoc
2648 2908 2846 2955 autem
2878 2900 3037 2971 quod
3068 2900 3171 2965 ait,
3197 2897 3530 2968 Prmcipitio
3554 2913 3691 2951 cre-

2044 2990 2174 3060 puit
2204 2989 2471 3045 medius:
2504 2990 2764 3045 ostendit
2794 2990 2952 3061 quod
2977 2989 3158 3043 simul
3191 2994 3255 3043 ut
3284 2986 3699 3058 prodiditprm

2045 3078 2231 3134 nimia
2244 3078 2426 3133 animi
2451 3080 2945 3150 pusillanimitate
2967 3084 3025 3133 et
3048 3077 3320 3133 socordia
3342 3076 3441 3130 tali
3465 3076 3580 3129 ﬁne
3598 3091 3704 3145 per

2045 3167 2524 3239 desperationem
2544 3185 2685 3222 usus
2707 3174 2797 3222 est
2845 3171 3065 3221 Verum
3090 3183 3225 3220 cum
3250 3181 3420 3219 sacra
3445 3165 3704 3234 Evangr-

290 3254 743 3325 γῃὲτῆαιαῦτὸν,
775 3256 867 3309 καὶ
919 3253 1017 3309 ὅσα
1077 3253 1219 3324 ἑξῆς,
1282 3256 1597 3329 ἀναγράςιει,
1657 3252 1812 3309 οὐδὲν
1865 3255 1939 3315 εἰς

2055 3256 2131 3311 lia
2159 3256 2359 3311 dicant
2390 3257 2807 3329 praafocatione
2838 3262 2940 3311 aut
2969 3254 3293 3327 suspendio
3332 3270 3527 3318 usum,
3566 3253 3706 3307 licet

300 3338 621 3418 διαφωνίαν.
711 3344 1052 3421 Ἀμιρότιρον
1132 3344 1232 3418 γὰρ
1292 3342 1505 3418 γέγονε,
1565 3342 1943 3419 διαρῥαγέντος

291 3435 388 3484 τοῦ
418 3428 694 3485 καλωδίου
724 3433 810 3509 ὑφ’
844 3430 909 3486 οὗ
959 3434 993 3501 ἡ
1054 3431 1289 3507 ἀγχόνη,
1351 3432 1437 3487 καὶ
1503 3432 1648 3487 οὔτω
1700 3438 1942 3507 πρηνοῦς

288 3519 374 3573 ἐπί
401 3528 508 3593 γῆς
534 3523 956 3597 κατενεχθέντος
989 3523 1076 3577 καὶ
1137 3521 1530 3592 λελακηκότὸς.
1588 3525 1675 3578 Ἑν
1730 3524 1841 3595 ὅσῳ
1887 3520 1943 3586 δὲ

282 3614 448 3663 ταῦτα
481 3612 619 3681 μετὰ
687 3612 741 3681 μ’
808 3611 1021 3682 ἡμέρας
1078 3612 1201 3685 περὶ
1260 3612 1424 3665 αὐτοῦ
1482 3609 1825 3686 διεξηγεῖται,
1878 3614 1940 3667 τὸ

282 3702 633 3772 παραγνςῆμα
695 3705 797 3766 τῆς
838 3695 1135 3773 προδοσίας
1191 3701 1359 3752 ταῦτα
1411 3697 1657 3772 γενέσθαι
1714 3701 1940 3753 πιστοῦ-

281 3806 385 3841 ται.

351 3989 373 4020 ι
410 3966 546 4041 Περί
579 3963 759 4021 Ἰούδα
790 3969 885 4020 τοῦ
940 3964 1235 4041 γενομένου
1294 3962 1503 4040 ὁδηγοῦ
1561 3971 1675 4027 τοῖς
1730 3964 1940 4021 συλλα-

279 4082 305 4107 ιι
355 4050 519 4109 ϐοῦσι
579 4056 675 4109 τὸν
738 4056 972 4124 Ἰησοῦν,
1030 4054 1113 4110 ὅτι
1172 4056 1656 4129 καπριθμημένος
1712 4055 1777 4123 ἦν
1839 4054 1930 4109 σὺν

282 4170 306 4194 ιι
340 4146 501 4217 ἡμῖν.
535 4148 629 4197 καί
662 4142 834 4218 ἔλαχε
861 4144 952 4197 τὸν
984 4141 1195 4217 κλῆρον
1245 4150 1343 4211 τῆς
1394 4140 1665 4205 διακονίας
1706 4144 1931 4216 ταύτης.

285 4258 306 4282 ι
341 4231 517 4293 Οὗτος
574 4233 667 4303 μὲν
727 4232 818 4285 οὗν
881 4229 1141 4301 ἐκτήσατο
1194 4230 1404 4307 χωρίον
1468 4230 1527 4286 ἐκ
1580 4235 1677 4286 τοῦ
1738 4235 1932 4305 μισθοῦ

779 4320 867 4375 καὶ
925 4322 1139 4395 πρηνής
1195 4321 1484 4396 γενόμενος
1543 4319 1776 4391 ἐλάκησε
1837 4322 1933 4394 μὲ-

284 4436 311 4461 α
342 4433 457 4475 σος,
491 4411 585 4465 καὶ
619 4411 847 4485 ἑξεχίθη
884 4410 1051 4464 πάντα
1105 4412 1172 4465 τὰ
1231 4408 1527 4487 σπλάγχνα
1582 4410 1765 4467 αὐτου.
1828 4411 1931 4467 Καὶ

281 4524 306 4550 κ
345 4501 589 4574 γνωστὸν
640 4498 853 4571 ἐγένετο
910 4504 1039 4553 πᾶσι
1096 4503 1212 4560 τοῖς
1268 4502 1612 4554 κατοικοῦσιν
1659 4500 1929 4573 Ἰερουσα-

284 4345 307 4366 α
336 4328 435 4389 τῆς
477 4319 720 4387 ἀδικίας,

2053 3347 2148 3402 hic
2180 3348 2610 3419 praecipitatum
2668 3346 2851 3401 fuisse
2908 3352 3155 3410 asserat,
3216 3351 3273 3399 et
3329 3360 3700 3415 quaecunque

2052 3436 2334 3508 deinceps
2357 3443 2695 3500 narrantur,
2730 3437 2879 3491 nihil
2912 3453 2982 3491 ex
3012 3437 3123 3490 hoc
3146 3434 3532 3489 dissonantiaa
3553 3449 3699 3486 con-

2050 3526 2706 3597 sequiturzutrumque
2740 3527 2900 3581 enim
2958 3526 3174 3580 factum
3228 3530 3337 3580 est.
3391 3524 3700 3577 Confracto

2048 3631 2307 3685 namque
2332 3615 2601 3670 funiculo
2625 3632 2744 3686 quo
2769 3616 3122 3686 praefocatus
3146 3618 3291 3673 erat.
3321 3614 3402 3667 ita
3432 3610 3702 3683 praecipi-

2049 3706 2128 3759 tio
2152 3706 2212 3759 in
2238 3711 2454 3760 terram
2477 3706 2701 3760 decidit
2722 3722 2789 3760 ac
2812 3705 3315 3776 crepuit.lnterim
3340 3710 3538 3757 autem
3563 3701 3702 3755 dum

2047 3795 2173 3850 hanc
2207 3801 2340 3866 post
2373 3795 2764 3867 quadraginta
2795 3794 2921 3849 dies
2954 3794 3025 3848 de
3058 3811 3125 3849 eo
3153 3799 3495 3857 narrantur,
3520 3790 3705 3861 proti-

2045 3900 2158 3939 nus
2195 3885 2320 3939 haac
2354 3901 2389 3939 a
2416 3884 2754 3955 proditione
2784 3883 2942 3939 facta
2971 3883 3153 3937 fuisse
3185 3881 3519 3936 confirmat.

2116 3976 2208 4028 Il
2244 3996 2270 4022 ‹‹
2309 3976 2353 4034 Ι.
2389 3976 2565 4028 16-20.
2602 3974 2680 4028 De
2710 3972 2858 4028 Juda
2887 3973 2989 4044 qui
3022 3972 3134 4026 fuit
3174 3971 3290 4026 dux
3345 3968 3578 4023 itineris
3608 3967 3702 4022 his

2046 4083 2073 4115 ι
2104 4063 2204 4132 qui
2231 4061 2819 4132 comprehenderunt
2848 4063 3074 4125 Jesum,
3101 4062 3244 4132 qnia
3266 4065 3702 4116 annumeratus

2046 4174 2067 4202 ι
2105 4156 2232 4206 erat
2272 4149 2583 4205 nobiscum
2640 4156 2697 4204 et
2719 4150 2962 4204 sortitus
2990 4156 3115 4203 erat
3136 4155 3355 4204 sortem
3381 4148 3702 4203 ministerii

2045 4264 2064 4289 ι
2102 4240 2303 4311 hujus,
2345 4238 2651 4309 Siquidem
2684 4239 2779 4293 hic
2834 4238 3083 4307 adeptus
3133 4243 3223 4292 est
3278 4237 3569 4308 praedium
3628 4236 3702 4289 de

2040 4352 2069 4380 «
2102 4328 2376 4383 mercede
2409 4328 2764 4398 iniquitatis,
2799 4334 2857 4382 et
2880 4344 3102 4398 pronus
3146 4326 3377 4398 crepuit
3437 4324 3698 4403 medius,

2039 4442 2066 4468 «
2105 4424 2164 4473 et
2193 4420 2383 4473 elTusa
2412 4424 2551 4472 sunt
2581 4418 2782 4473 omnia
2844 4417 3067 4472 viscera
3110 4416 3262 4488 ejus.
3312 4417 3381 4470 Et
3436 4415 3701 4475 innotuit

2042 4531 2066 4561 α
2097 4509 2377 4565 omnibus
2404 4509 2811 4564 habitantibus
2841 4508 3189 4574 Jerusalem,
3224 4508 3307 4562 ita
3334 4512 3399 4561 ut
3427 4505 3695 4577 appella-

282 4616 309 4641 κ
345 4591 490 4661 λήμ,
550 4592 690 4645 ὥστε
745 4597 1019 4659 κληθῆναι
1075 4590 1138 4644 τὸ
1188 4590 1396 4665 χωρίον
1459 4589 1626 4645 ἐκεῖνο
1695 4595 1764 4663 τῇ
1818 4588 1931 4663 ἳδίᾳ

2055 4620 2073 4647 κ
2107 4604 2271 4653 retur
2302 4598 2589 4669 prandium
2624 4597 2774 4651 illud
2807 4598 3043 4668 proprio
3091 4597 3332 4651 illorum
3384 4595 3690 4659 idiomate,

281 4678 619 4750 αδιαλέκτῳ
679 4678 881 4750 αὐτῶν,
942 4678 1284 4753 Ἀκελγαμᾶ,
1370 4679 1637 4745 τουτέστι,
1722 4680 1935 4754 Χωρίον

281 4793 305 4815 α
335 4767 596 4843 αἵματος.
634 4768 934 4842 Γέγραπται
966 4769 1067 4842 γὰρ
1100 4766 1152 4822 ἐν
1202 4763 1385 4842 βίϐλῳ
1437 4767 1706 4839 Ψαλμῶν.
1768 4775 1935 4839 Γενη-

282 4885 310 4909 ι‹
345 4862 502 4929 (Mam
531 4861 568 4928 ἡ
596 4856 822 4919 ἔπαυλις
855 4859 1024 4913 αὐτοῦ
1055 4853 1290 4933 ἔρημος,
1324 4859 1413 4913 καὶ
1449 4861 1524 4933 μή
1579 4857 1716 4914 ἔστω
1749 4860 1777 4914 ὁ
1805 4881 1934 4915 κατ-

284 4973 310 4996 ιι
346 4954 515 5003 οικῶν
564 4947 616 5002 ἐν
667 4948 827 5021 αὐτῇ,
887 4947 978 5002 καὶ
1036 4948 1135 5016 τὴν
1195 4946 1494 5017 ἐπισκοπὴν
1548 4948 1713 5003 αὐτοῦ
1770 4944 1933 5004 λάϐοι

282 5064 311 5089 α
344 5038 547 5113 ἔτερος.
586 5062 616 5089 ι)

351 5129 415 5184 Ὀ
447 5124 655 5189 Ἰούδας
703 5125 803 5181 οὐκ
860 5125 1150 5182 ἐναπέθανι
1202 5130 1270 5201 τῇ
1328 5127 1566 5205 ἀγχόνῃ,
1627 5126 1753 5183 ἀλλ’
1807 5128 1932 5184 ἐπε-

282 5209 410 5281 ϐίω,
443 5216 789 5289 κπενεχθεῖς
844 5214 953 5289 πρὸ
1008 5216 1105 5269 τοῦ
1163 5214 1545 5291 ἀποπνιγῆναι.
1610 5217 1711 5272 Καὶ
1767 5221 1929 5273 τοῦτο

283 5302 546 5374 δηλοῦσιν
606 5304 660 5358 αἱ
709 5308 817 5359 τῶν
878 5302 1204 5358 ἀποστόλων
1264 5306 1511 5378 ΙΙράξεις,
1571 5303 1656 5359 ὅτι
1712 5307 1926 5381 πρηνὴς

284 5394 573 5467 γενόμενος
631 5391 870 5466 ἐλάκησε
960 5394 1141 5466 μέσος.
1215 5397 1387 5449 Τοῦτο
1471 5390 1529 5448 δὶ
1608 5394 1927 5473 σαφέστερον

356 5636 404 5673 ὀ
434 5637 456 5694 ι
486 5638 611 5697 Cor.
643 5655 734 5711 xv,
769 5640 802 5693 6
834 5652 1015 5709 seqq.

1092 5634 1135 5673 ⁸⁸
1167 5635 1320 5694 Psal.
1354 5652 1546 5710 ιινιιι,
1578 5638 1646 5694 26
1671 5654 1686 5707 ί
1717 5639 1845 5695 Act.
1877 5655 1917 5709 ι,
1950 5642 2038 5697 20.

2048 4708 2076 4737 ‹‹
2113 4687 2490 4751 Hacaldema,
2524 4689 2636 4741 hoc
2666 4693 2776 4749 est,
2810 4688 2961 4757 Ager
3018 4684 3344 4757 sanguinis.
3398 4685 3694 4756 Scriptum

2046 4798 2073 4825 «
2109 4782 2199 4831 est
2228 4778 2389 4832 enim
2422 4776 2483 4830 in
2514 4776 2665 4829 libro
2700 4775 3066 4830 Psalmorum
3099 4792 3111 4829 :
3146 4776 3271 4830 Fiat
3300 4774 3687 4830 commoratio

2045 4866 2229 4937 «ejus
2258 4866 2512 4933 deserta,
2549 4871 2606 4920 et
2656 4881 2777 4919 non
2834 4864 2910 4919 sit
2957 4865 3056 4935 qui
3104 4864 3325 4919 habitet
3376 4866 3437 4920 in
3489 4880 3578 4933 ea,
3633 4868 3692 4917 et

2050 4976 2070 5002 ιι
2106 4956 2512 5026 episcopatum
2546 4955 2674 5025 ejus
2705 4954 2957 5025 accipiat
2986 4954 3136 5010 alter
3165 4955 3229 5008 τ’,
3264 4973 3295 5007 ››

2075 5131 2252 5187 ludas
2268 5132 2587 5203 suspendio
2602 5149 2631 5186 e
2648 5134 2894 5189 vitanon
2910 5133 3314 5201 discessit,sed
3332 5130 3680 5203 supervixit:

2041 5220 2308 5291 dejectus
2322 5228 2410 5276 est
2424 5223 2581 5277 enim
2599 5224 2944 5295 priusquam
2960 5223 3381 5294 praefocaretur
3398 5219 3604 5290 :idque
3624 5234 3687 5273 a-

2038 5309 2991 5383 postolorumActaindicantquod
3010 5308 3697 5382 prouuscrepuitmedius

2039 5399 2157 5455 Hoc
2178 5406 2376 5457 autem
2402 5401 2640 5473 planius
2662 5402 2900 5473 scripsit
2932 5401 3141 5472 Papias
3169 5399 3411 5455 Joannis
3433 5400 3689 5472 apostoli

2118 5641 2165 5677 ”
2197 5641 2352 5700 Psal.
2386 5660 2533 5714 cvm,
2564 5643 2617 5703 8.
