4098 6260
425 382 499 443 59
1507 381 1940 447 CECUMENII
1982 378 2294 442 TRICCE
2337 362 2691 443 EPISCOPI
3753 384 3830 445 so

428 515 778 587 discipulus,
810 517 1014 573 dicens
1041 534 1053 571 :
1088 516 1175 572 Ad
1205 533 1487 591 magnum
1519 518 1845 590 impietatis
1876 533 2063 572 exem-

2178 512 2387 588 ἱστορεῖ
2417 512 2632 577 Παπίας
2658 514 2686 568 ὁ
2720 515 2971 572 Ἰωάννου
3025 518 3123 570 τοῦ
3181 513 3496 570 ἀποστόλου
3557 517 3828 589 μαθητὴς,

428 604 594 676 plum
627 606 686 660 in
718 606 830 661 hoc
859 607 1082 662 mundo
1113 608 1445 679 permansit
1470 607 1672 663 Judas.
1723 609 1790 662 In
1843 613 2071 662 tantum

428 695 587 749 enim
610 712 853 767 corpore
876 697 1118 752 inﬂatus
1141 704 1205 752 ut
1228 697 1500 771 progredi
1530 714 1650 753 non
1679 702 1901 770 posset,
1935 712 2071 752 cum

426 800 635 840 currus
666 786 776 839 levi
808 802 984 841 cursu
1015 787 1422 858 pertransiret,
1457 803 1634 842 curru
1693 801 2071 857 compressus

422 879 531 936 est,
564 874 647 930 ita
677 880 741 929 ut
768 875 1160 930 funderentur
1190 877 1239 947 ej
1253 894 1319 931 us
1348 876 1652 932 intestina.
1713 875 1844 932 Alio
1886 873 2067 929 modo.

422 963 677 1034 Corpore
710 964 869 1018 enim
902 963 1048 1019 adeo
1079 965 1323 1020 inﬂatus
1354 970 1461 1032 est,
1509 970 1577 1020 ut
1628 981 1823 1035 neque
1869 967 2071 1035 posset

423 1052 697 1124 progredi
729 1070 846 1123 qua
876 1070 1084 1108 currus
1114 1054 1225 1108 levi
1257 1071 1434 1109 cursu
1491 1053 1913 1125 pertransibat,
1948 1053 2066 1107 imo

420 1156 496 1195 ne
528 1141 721 1196 solum
754 1142 993 1212 quidem
1023 1144 1232 1215 capitis
1266 1149 1482 1199 tumor.
1517 1142 1820 1216 Siquidem
1854 1148 1912 1196 et
1930 1141 2067 1214 pal-

419 1230 636 1301 pebras
666 1232 972 1286 oculorum
1005 1232 1136 1302 ejus
1165 1232 1312 1287 adeo
1346 1232 1702 1289 intumuisse
1753 1231 1970 1298 ferunt,
2001 1234 2069 1285 ut

419 1318 625 1375 lumen
655 1323 899 1376 omnino
928 1321 1125 1376 videre
1155 1338 1276 1376 non
1306 1329 1526 1393 posset,
1560 1322 1716 1378 oculi
1746 1337 1880 1377 vero
1904 1320 2068 1375 illius

418 1424 614 1481 neque
664 1406 946 1484 διόπτρας,
998 1428 1214 1483 nempe
1264 1413 1648 1468 instrumenti
1698 1411 2066 1467 medicorum

419 1499 782 1555 adminiculo
805 1516 1090 1571 apparere
1112 1507 1378 1573 possent,
1393 1508 1557 1558 tanta
1571 1501 1973 1573 profunditate
1991 1499 2065 1555 ab

419 1589 694 1644 exteriori
715 1596 955 1661 aspectu
977 1595 1148 1645 erant
1167 1591 1453 1660 separati:
1479 1590 1737 1662 genitale
1754 1607 1888 1645 vero
1902 1589 2065 1643 illius

420 1678 757 1734 membrum
781 1695 1018 1733 omnem
1042 1679 1366 1734 excedebat
1386 1679 1833 1734 obscaenitatem
1858 1695 1926 1734 ac
1948 1693 2064 1732 ma-

420 1767 811 1840 gnitudinem.
848 1771 1024 1822 Porro
1052 1768 1250 1823 sanies
1281 1785 1348 1823 ac
1377 1784 1607 1824 vermes
1631 1767 2061 1824 contumeliose

419 1857 789 1912 conﬂuentes
811 1873 881 1912 ex
903 1862 1024 1912 toto
1056 1858 1244 1928 ipsius
1265 1874 1509 1929 corpore
1526 1856 1874 1913 ferebantur
1892 1873 2058 1929 egre.
2092 1885 2147 1952 Β

421 1944 672 2012 dientes,
707 1963 813 2017 per
843 1946 971 2002 sola
998 1947 1128 2002 loca
1160 1948 1498 2003 secretoria.
1534 1949 1675 2002 Post
1701 1948 1891 2002 multa
1929 1962 2062 2001 vero

421 2041 719 2091 tormenta
745 2041 803 2091 et
821 2036 1104 2101 ultiones,
1125 2053 1307 2107 quum
1331 2036 1391 2091 in
1411 2052 1516 2091 suo
1539 2036 1857 2108 prmdio,ut
1875 2037 2067 2101 aiunt,

421 2134 693 2183 mortuus
724 2134 902 2194 esset,
932 2129 1244 2199 praefetore
1275 2128 1565 2199 praedium
1596 2127 1742 2183 illud
1769 2127 2067 2183 desertum

420 2217 771 2288 permansit,
796 2222 855 2272 et
883 2233 1004 2271 non
1036 2217 1366 2272 habitatum
1399 2233 1587 2288 usque
1619 2218 1680 2272 in
1710 2217 2069 2273 hodiernum

429 2306 606 2361 diem.
642 2306 753 2361 Sed
773 2322 967 2377 neque
991 2307 1064 2362 ad
1089 2306 1195 2363 boc
1218 2323 1406 2378 usque
1425 2314 1657 2379 tempus
1680 2307 1874 2363 locum
1897 2306 2068 2362 illum

428 2395 744 2466 quisquam
772 2396 1075 2467 praeterire
1120 2401 1334 2467 potest,
1386 2396 1502 2451 nisi
1551 2396 1840 2451 obturatis
1889 2412 2068 2451 manu

427 2484 692 2539 naribus.
738 2485 1003 2557 Suggerit
1058 2491 1256 2541 autem
1319 2486 1503 2541 Lucas
1554 2486 1667 2541 hoc
1722 2486 1853 2541 loco
1904 2484 2067 2540 Judaa

426 2574 784 2645 supplicium
830 2574 989 2645 quod
1048 2576 1249 2630 statim
1311 2574 1692 2631 subsecutum
1753 2583 1858 2631 est.
1921 2577 2068 2631 Nam

418 2663 881 2720 imbecilliorum
912 2666 1126 2720 anima:
1157 2666 1550 2736 prmsentibus
1589 2666 1935 2721 refenantur
1963 2683 2065 2737 po-

420 2754 747 2810 tissimum.
787 2756 962 2809 Auxit
990 2763 1187 2811 autem
1212 2762 1542 2827 peccatum,
1564 2757 1664 2812 12
1693 2773 1904 2811 vocans
1932 2772 2066 2810 eum

422 2843 828 2914 proditorem:
888 2844 1244 2915 supplicnum
1315 2860 1471 2909 vero,
1532 2862 1666 2900 cum
1725 2846 1837 2901 hoc
1888 2846 2067 2900 etiam

422 2931 590 2985 illum
618 2948 859 3003 passum
884 2949 1014 2988 esse
1029 2940 1471 2988 commemorat.
1499 2934 1851 2989 Hacaldema
1869 2941 2064 2989 autem

421 3021 643 3077 dictum
678 3039 807 3078 esse
839 3024 1149 3094 praedium,
1183 3040 1301 3078 non
1356 3040 1389 3078 a
1434 3025 1601 3091 Juda,
1657 3024 1759 3080 sed
1789 3041 1823 3079 a
1850 3024 2067 3080 Judasis

418 3110 697 3165 intendit.
759 3113 901 3167 Nam
961 3113 1089 3167 ait:
1149 3112 1392 3182 Proprio
1450 3111 1690 3167 illorum
1762 3112 2062 3181 idiomate,

418 3215 633 3271 nempe
664 3200 881 3255 Judazis
912 3201 1290 3271 iniquitatem
1326 3202 1764 3257 attestantibus.

487 3289 532 3354 Ι,
566 3292 751 3343 21-25.
792 3311 816 3341 α
852 3291 1096 3361 Oportet
1121 3291 1301 3364 igitur
1330 3298 1393 3347 ut
1419 3309 1489 3346 ex
1521 3291 1613 3347 his
1641 3292 1783 3347 viris
1824 3292 1922 3363 qui
1956 3307 2062 3347 no-

421 3399 447 3427 «
467 3376 699 3433 hiscum
732 3380 943 3433 versati
970 3385 1111 3434 sunt
1130 3381 1289 3434 omni
1316 3386 1724 3452 tempore,quo
1747 3381 1987 3437 intravit
2007 3386 2066 3437 et

420 3488 447 3516 (ι
473 3467 650 3520 exivit
679 3466 837 3521 inter
864 3485 973 3523 nos
1005 3469 1291 3524 Dominus
1320 3470 1508 3533 Jesus,
1539 3486 1781 3525 exorsus
1809 3486 1843 3525 a
1872 3469 2064 3541 bapti-

419 3575 447 3604 «
479 3562 666 3609 smate
685 3555 1143 3628 Joannis,usque
1165 3558 1239 3612 ad
1253 3574 1388 3612 eum
1412 3557 1570 3612 diem
1584 3574 1701 3627 quo
1724 3564 2064 3628 assumptus

421 3664 448 3693 «
481 3649 571 3699 est
601 3661 634 3700 a
662 3644 856 3711 nobis,
906 3662 1062 3701 unus
1111 3646 1407 3718 quispiam
1455 3647 1851 3701 constituatur
1899 3647 2064 3703 testis

415 3755 445 3785 «
478 3735 938 3790 resurrectionis
996 3736 1124 3806 ejus
1180 3734 1514 3791 nobiscum.
1576 3737 1646 3790 Et
1728 3741 2066 3792 statuerunt

418 3843 448 3874 ι(
481 3821 648 3887 duos,
681 3824 896 3896 Joseph
928 3824 1029 3895 qui
1060 3830 1301 3880 vocatur
1330 3824 1636 3888 Barsabas,
1697 3825 1799 3896 qui
1849 3841 2061 3897 cogno-

418 3934 441 3967 ε
459 3913 723 3969 minatus
737 3919 827 3969 est
837 3915 1122 3980 Justus,et
1134 3914 1497 3970 Mathiam:et
1512 3920 1748 3971 orantes
1765 3914 2060 3971 dixerunt:

417 4025 443 4053 ‹‹
479 4005 582 4070 Tu,
616 4004 884 4062 Domine.
919 4004 1019 4075 qui
1049 4003 1226 4059 corda
1262 4005 1421 4059 nosti
1478 4005 1766 4072 omnium,
1817 4005 2063 4060 ostende

417 4113 445 4142 «
468 4097 668 4146 utrum
702 4109 771 4146 ex
792 4091 884 4147 his
904 4091 1134 4147 duobus
1166 4093 1438 4165 elegeris,
1469 4099 1536 4148 ut
1562 4093 1814 4166 accipiat
1842 4100 2063 4149 sortem

418 4204 446 4232 ‹‹
472 4180 789 4236 ministerii
808 4180 988 4253 hujus
1009 4182 1558 4254 apostolatus,unde
1580 4183 2062 4255 praevaricatione

416 4293 445 4322 (ι
482 4271 700 4327 excidit
726 4272 929 4341 Judas,
960 4273 1346 4346 progrediens
1370 4273 1431 4328 in
1458 4274 1655 4330 locum
1686 4291 1880 4330 suum.
1917 4297 1944 4324 ι)

486 4365 630 4418 Rem
652 4362 772 4418 illis
793 4363 1198 4418 communicat
1220 4380 1295 4418 ne
1312 4363 1374 4417 in
1395 4379 1655 4435 pugnam
1677 4363 1905 4431 evadat,
1920 4368 1979 4419 et
1999 4364 2061 4419 in

414 4452 859 4507 contentionem
872 4451 1733 4523 incidant.Proptereaquoque
1746 4453 2060 4524 incipiens:

416 4540 534 4595 Viri
563 4541 776 4597 fratres
809 4540 1070 4613 (inquit),
1105 4544 1339 4612 oportet
1381 4540 1516 4613 eligi
1547 4557 1582 4596 a
1609 4540 1797 4608 vobis,
1854 4541 2060 4596 multi-

2181 597 2381 675 λέγων’
2416 598 2569 677 Μέγα
2593 598 2840 667 ἀσεϐείας
2870 601 3175 681 ὑπόδειγμα
3207 603 3259 659 ἐν
3284 604 3463 678 τούτῳ
3508 609 3588 678 τῷ
3635 605 3828 680 κόσμῳ

2177 691 2575 762 περιεπάτησεν
2634 689 2862 755 Ἰούδας.
2923 692 3196 768 Πρησθεὶς
3249 693 3352 768 γὰρ
3424 692 3513 748 ἐπὶ
3567 699 3827 750 τοσοῦτον

2177 778 2277 845 τὴν
2309 777 2501 854 σάρκα,
2532 777 2673 836 ὥστε
2715 781 2792 855 μή
2846 778 3102 836 δύνασθαι
3162 778 3419 851 διελθεῖν,
3464 782 3681 854 ἀμάξης
3737 783 3829 860 ῥᾳ-

2179 863 2309 928 δίως
2341 865 2729 943 διερχομένης,
2764 870 2867 925 ὑπὸ
2895 877 2994 939 τῆς
3026 871 3240 945 ἀμάξης
3284 869 3533 942 ἐπιέσθη,
3587 872 3730 927 ὥστε
3758 872 3828 928 τὰ

2176 949 2373 1029 ἔγκατα
2429 957 2595 1012 αὐτοῦ
2650 957 3036 1029 ἐκκενωθῆναι.
3112 993 3181 1002 -
3236 958 3481 1022 Ἀλλως.
3538 961 3824 1033 Ἐπρήσθη

2175 1044 2277 1119 γὰρ
2331 1044 2420 1100 ἐπὶ
2474 1051 2730 1103 τοσοῦτον
2787 1048 2887 1117 τήν
2943 1047 3134 1124 σάρκα,
3194 1046 3333 1104 ὣστε
3419 1046 3562 1122 μηδὲ
3626 1048 3828 1114 ὁπόθεν

2176 1135 2351 1208 ἅμαξα
2384 1134 2585 1212 ῥᾳδίως
2628 1135 2927 1214 διέρχεται,
2986 1136 3189 1194 ἐκεῖνον
3248 1136 3503 1203 δύνασθαι
3565 1138 3828 1210 διελθεῖν,

2174 1223 2321 1281 ἀλλά
2353 1223 2495 1298 μηδὲ
2523 1226 2683 1282 αὐτὸν
2719 1228 2883 1301 μόνον
2914 1227 3008 1283 τὸν
3055 1235 3156 1298 τῆς
3214 1226 3460 1302 κεφαλῆς
3516 1225 3702 1303 ὄγκον.
3744 1229 3829 1286 Td

2181 1315 2276 1386 μὲν
2308 1315 2413 1390 γὰρ
2443 1314 2692 1393 βλέφαρα
2717 1322 2826 1372 τῶν
2872 1314 3174 1395 ὀφθαλμῶν
3225 1316 3390 1372 αὐτοῦ
3446 1336 3575 1396 φασι
3626 1321 3821 1373 τοσοῦ-

2173 1423 2267 1459 τον
2298 1400 2595 1476 ἐξοιδῆσαι,
2627 1405 2701 1466 ὡς
2732 1405 2895 1461 αὐτὸν
2928 1406 3023 1479 μὶν
3055 1402 3294 1471 καθόλου
3321 1407 3385 1461 τὸ
3416 1410 3533 1484 φῶς
3561 1407 3640 1480 μὴ
3702 1404 3829 1483 βλὲ-

2174 1521 2313 1557 πειν.
2347 1500 2489 1563 Τοὺς
2515 1501 2838 1575 ὀφθαλμοὺς
2868 1500 2925 1558 δὲ
2981 1503 3146 1558 αὐτοῦ
3208 1500 3350 1577 μηδὲ
3409 1503 3512 1560 ὑπὸ
3571 1504 3827 1580 ἱατρικῆς

2175 1586 2435 1665 διόπτρας
2493 1591 2722 1670 ὀφθῆναι
2780 1589 3058 1662 δύνασθαι,
3110 1600 3367 1650 τοσοῦτον
3425 1595 3592 1669 βάθος
3662 1596 3823 1671 εἶχον

2175 1679 2281 1734 ἀπὸ
2304 1686 2405 1748 τῆς
2430 1677 2622 1753 ἔξωθεν
2652 1681 2990 1762 ἐπιφανείας·
3020 1684 3083 1739 τὸ
3135 1681 3193 1739 δὲ
3242 1681 3449 1740 αἰδοῖον
3501 1685 3670 1740 αὐτοῦ
3716 1684 3823 1740 πά-

2177 1788 2276 1837 σης
2310 1770 2403 1841 μὶν
2435 1768 2701 1844 αἰσχύνης
2754 1768 3077 1847 ἀηδέστερον
3126 1772 3217 1828 καὶ
3279 1778 3463 1846 μεῖζον
3518 1772 3823 1849 φαίνεσθαι.

2176 1856 2443 1929 Φὲρεσθαι
2500 1855 2560 1913 δὲ
2615 1858 2801 1930 αὐτοῦ,
2858 1862 2987 1925 τοὺς
3041 1860 3101 1917 ἐκ
3157 1863 3355 1924 παντὸς
3409 1866 3506 1918 τοῦ
3568 1864 3826 1936 σώματος

2177 1946 2494 2023 συρῥέοντας
2526 1947 2737 2022 ἶχῶράς
2787 1970 2847 2004 τε
2900 1950 2991 2005 καὶ
3050 1950 3345 2020 σκώληκας
3403 1952 3479 2015 εἰς
3540 1947 3698 2026 ὕϐριν
3758 1949 3831 2007 δι’

2178 2036 2357 2091 αὐτῶν
2393 2038 2559 2112 μόνον
2587 2044 2694 2093 τῶν
2724 2038 3058 2116 ἀναγκαίων.
3093 2043 3239 2097 Μετά
3284 2039 3343 2098 δὶ
3389 2040 3606 2104 πολλάς
3656 2043 3832 2118 βασά-

2176 2145 2300 2187 νους
2323 2124 2414 2179 καὶ
2443 2125 2737 2198 τιμωρίας,
2768 2126 2819 2181 ἐν
2863 2125 2988 2194 ἰδίῳ
3045 2129 3174 2206 φασὶ
3221 2130 3418 2206 χωρίῳ
3468 2128 3834 2201 τελευτήσαν-

2176 2237 2293 2284 τος,
2325 2216 2432 2273 ἀπὸ
2460 2223 2561 2286 τῆς
2592 2218 2773 2293 ὀσμῆς
2803 2214 3009 2293 ἔρημόν
3058 2242 3115 2276 τε
3168 2222 3259 2277 καὶ
3306 2222 3566 2293 ἀοίκητον
3614 2223 3677 2278 τὸ
3705 2242 3830 2297 χω-

2181 2303 2296 2381 ρίον
2332 2304 2498 2381 μέχρι
2534 2313 2635 2375 τῆς
2664 2311 2756 2361 νῦν
2786 2308 3045 2382 γενέσθαι.
3098 2307 3258 2364 Ἀλλ’
3321 2306 3446 2366 οὐδὲ
3505 2309 3673 2386 μέχρι
3724 2317 3827 2380 τῆς

2179 2394 2421 2466 σήμερον
2451 2391 2706 2449 δύνασθαί
2734 2416 2854 2450 τινα
2884 2394 3082 2452 ἐκεῖνον
3141 2398 3233 2453 τὸν
3290 2399 3459 2455 τόπον
3514 2401 3827 2480 παρελθεῖν,

2178 2479 2267 2536 ἐὰν
2311 2483 2389 2554 μή
2417 2483 2514 2544 τάς
2548 2482 2699 2558 ῥῖνας
2724 2490 2845 2547 ταῖς
2906 2485 3092 2561 χερσὶν
3137 2486 3426 2566 ἐπιφράξῃ.
3479 2479 3830 2566 Μνημονεύει

2179 2568 2237 2625 δὲ
2267 2572 2296 2625 ὁ
2328 2578 2540 2634 Λουκᾶς
2572 2572 2794 2637 ἐνταῦθα
2818 2578 2915 2629 τοῦ
2943 2576 3148 2641 πάθους
3176 2580 3273 2631 τοῦ
3317 2576 3495 2634 Ἰούδα
3543 2586 3641 2637 τοῦ
3688 2605 3831 2660 παρ-

2178 2659 2388 2715 αυτίκα.
2440 2665 2558 2718 Τῶν
2611 2663 2712 2737 γὰρ
2772 2664 3159 2740 ἀσθενεστέρων
3213 2668 3269 2722 αἱ
3325 2671 3498 2743 ψυχαὶ
3558 2679 3674 2736 τοῖς
3731 2659 3834 2731 πα-

2180 2752 2331 2824 ροῦσι
2399 2748 2637 2822 μάλιστα
2696 2753 3138 2830 σωφρονίζονται.
3224 2753 3435 2830 Ηίίξησε
3491 2757 3549 2815 δὶ
3605 2762 3668 2817 οὗ
3724 2766 3826 2834 τήν

2179 2839 2469 2912 ἁμαρτίαν,
2528 2838 2804 2915 προδότην
2859 2841 3019 2899 αὐτὸν
3073 2844 3437 2915 ἀποκαλέσας,
3511 2847 3662 2906 ἀλλὰ
3722 2854 3827 2923 τήν

2175 2927 2467 3001 τιμωρίαν,
2500 2927 2586 2984 ὅτι
2623 2926 2749 2985 τόδε
2805 2931 2897 2986 καὶ
2948 2929 3074 2988 τόδε
3119 2929 3283 2990 ἔπαθε
3335 2933 3567 3006 διεξιών.
3625 2941 3831 2998 Ἀκελ-

2179 3012 2326 3088 δαμά
2355 3012 2415 3070 δὲ
2443 3015 2506 3070 τὸ
2536 3017 2746 3091 ’χωρίον
2776 3017 2883 3094 οὐχ
2914 3019 3018 3074 ὑπὸ
3046 3025 3143 3076 τοῦ
3174 3020 3372 3089 Ἰούδα,
3407 3023 3533 3080 ἀλλ’
3583 3026 3686 3082 ὑπὸ
3716 3032 3829 3084 τῶν

2179 3103 2456 3162 Ἰουδαίων
2483 3104 2801 3176 κεκλῆσθαι.
2829 3108 2974 3179 Φησὶ
3031 3111 3156 3186 γάρ’
3216 3114 3300 3186 Τῇ
3359 3109 3472 3185 ίδίᾳ
3527 3112 3822 3192 διαλέκτῳ,

2183 3196 2599 3271 μαρτυρούντων
2634 3195 2913 3253 Ἰουδαίων
2948 3199 3011 3254 τὸ
3032 3201 3427 3277 παρανόμημα.

2248 3308 2277 3338 ‹‹
2311 3290 2405 3375 Δεῖ
2433 3282 2524 3375 οὖν
2552 3283 2918 3375 συνελθόντων
2950 3290 3085 3361 ἡμῖν
3131 3288 3336 3366 ἀνδρῶν
3387 3292 3439 3347 ἐν
3479 3296 3640 3350 παντὶ
3685 3296 3830 3375 χρό-

2174 3398 2203 3427 ‹‹
2231 3396 2328 3448 νῳ,
2361 3373 2413 3430 ἐν
2442 3373 2488 3447 ᾧ
2519 3374 2768 3445 εἰσῆλθεν
2817 3378 2905 3432 καί
2967 3376 3189 3449 ἐξῆλθεν
3222 3378 3303 3457 ἐφ’
3370 3382 3518 3454 ἡμᾶς
3548 3385 3577 3439 ὁ
3626 3373 3827 3459 Κύριος

2174 3487 2204 3517 ‹‹
2240 3466 2473 3535 Ἰησοῦς,
2523 3466 2823 3541 ἀρξάμενος
2881 3467 2987 3523 ἀπὸ
3041 3473 3140 3524 τοῦ
3196 3470 3577 3546 βαπτίσματος
3639 3475 3830 3533 Ἰωάν-

2176 3575 2205 3606 ‹‹
2230 3573 2349 3620 νου,
2379 3550 2485 3615 ἕως
2512 3561 2615 3622 τῆς
2647 3556 2878 3630 ἡμέρας,
2911 3555 2981 3625 ἦς
3006 3554 3288 3632 ἀνελήφθη
3319 3559 3414 3639 ἀφ’
3469 3563 3651 3635 ἡμῶν,
3686 3564 3834 3637 μάρ-

2173 3664 2203 3693 ιι
2229 3662 2365 3717 τυρα
2392 3649 2493 3708 τῆς
2523 3643 2864 3707 ἀναστάσεως
2905 3645 3071 3701 αὐτοῦ
3117 3646 3360 3722 γενέσθαι
3407 3648 3500 3704 σὺν
3556 3652 3684 3725 ὑμῖν
3729 3651 3825 3709 ἕνα

2174 3731 2459 3788 «τούτων.
2491 3732 2595 3789 Καὶ
2637 3730 2863 3804 ἔστησαν
2921 3732 3042 3803 δύο,
3101 3737 3329 3816 Ἰωσῆφ,
3388 3738 3482 3794 τὸν
3540 3738 3824 3815 καλουμε-

2179 3842 2203 3875 σ
2235 3841 2327 3875 νον
2359 3817 2667 3897 Βαρσαϐᾶν,
2703 3821 2763 3885 ὃς
2795 3821 3073 3895 ἐπεκλήθη
3109 3825 3367 3895 Ἰοῦστος,
3397 3828 3488 3883 καὶ
3548 3830 3816 3889 Ματθίαν.

2175 3934 2202 3961 ς(
2237 3910 2336 3964 Καὶ
2366 3912 2792 3998 προσευξάμενοι
2845 3915 3021 3969 εἷπον·
3083 3916 3180 3983 Σὺ,
3241 3918 3428 3991 Κύριε,
3476 3915 3817 3998 καρδιογνώ-

2177 4021 2201 4054 α
2233 4019 2334 4055 στα
2363 4001 2602 4070 πάντων,
2633 3997 2911 4073 ἀνάδειξον
2962 4001 3021 4058 ὅν
3072 4001 3294 4075 ἐξελέξω
3341 4005 3402 4062 ἐκ
3446 4007 3654 4065 τούτων
3692 3997 3817 4067 τῶν

2179 4110 2201 4140 ι
2236 4086 2359 4160 δύο,
2388 4088 2484 4145 ἓνα
2513 4085 2703 4146 λαϐεῖν
2747 4091 2840 4147 τὸν
2885 4090 3092 4165 κλῆρον
3140 4100 3242 4164 τῆς
3291 4091 3567 4160 διακονίας
3612 4099 3821 4171 ταύτης

2177 4202 2199 4231 ι
2232 4177 2323 4234 καί
2352 4178 2689 4249 ἀποστολῆς,
2720 4179 2770 4251 ἐξ
2829 4180 2898 4251 ἧς
2948 4176 3161 4259 παρέϐη
3222 4182 3428 4248 Ἰούδας
3483 4190 3817 4264 πορευθῆναι

2172 4291 2200 4321 ιι
2225 4267 2303 4330 είς
2326 4269 2420 4324 τὸν
2445 4270 2616 4324 τόπον
2641 4269 2733 4325 τὸν
2765 4267 2928 4328 ἴδιον.
2960 4294 2990 4324 »

2244 4358 2654 4414 Ἀνακοινοῦται
2683 4359 2895 4429 αὐτοῖς,
2935 4357 3027 4415 ’ίνα
3058 4362 3134 4435 μὴ
3182 4363 3247 4419 τὸ
3304 4369 3533 4441 πρᾶγμα
3589 4369 3822 4443 περιμά-

2171 4464 2352 4523 χητον
2381 4445 2629 4524 γένηται,
2678 4448 2769 4505 καὶ
2830 4449 2909 4512 εἲς
2964 4449 3301 4528 φιλονεικίαν
3361 4455 3659 4527 ἐμπέσωσι.
3720 4458 3823 4514 Διά

2170 4542 2333 4594 τοῦτο
2385 4537 2475 4593 καὶ
2529 4537 2864 4613 ἀρχόμενος,
2920 4538 3112 4616 ἀνδρες
3195 4540 3444 4621 ἀδελφοί,
3516 4548 3673 4624 φησὶ,
3738 4545 3824 4603 δεῖ

412 4630 607 4686 tudini
633 4630 931 4702 judicium
961 4630 1335 4702 permittens,
1368 4628 1664 4700 simulque
1695 4634 1754 4684 et
1810 4645 1910 4684 eos
1960 4630 2061 4701 qui

2177 4625 2484 4698 ἑκλέξατθαι
2516 4627 2565 4698 ἐξ
2619 4630 2796 4702 ὑμῶν,
2846 4631 2927 4703 τῷ
2976 4630 3179 4702 πλήθει
3230 4618 3557 4710 τήν-κρίσιν
3610 4636 3822 4715 ἐπιτρέ-

415 4719 702 4791 eligerent
731 4718 1101 4775 venerandos
1129 4718 1406 4784 reddens,
1449 4723 1509 4773 et
1546 4718 1809 4790 seipsum
1839 4718 2060 4775 invidia

410 4808 675 4864 liberans
698 4825 835 4882 erga
865 4810 1002 4865 illos
1033 4827 1046 4864 :
1076 4816 1203 4865 tum
1236 4809 1376 4881 quia
1406 4809 1534 4864 fieri
1566 4808 1899 4881 oportebat,
1930 4814 2057 4864 tum

413 4898 573 4970 quod
602 4898 948 4970 prophetam
985 4899 1230 4954 inducat
1259 4898 1556 4955 dicentem
1591 4914 1604 4952 :
1636 4898 2058 4970 Episcopatum

410 4988 542 5060 ejus
568 4987 824 5059 accipiat
852 4987 1020 5042 alter.
1066 4989 1109 5041 E
1141 4988 1357 5058 quibus
1404 4993 1603 5044 autem
1652 4987 1936 5059 Oportet?
1979 4990 2061 5042 Ex

410 5077 506 5133 his
538 5077 640 5148 qui
673 5077 763 5132 sui
796 5075 1210 5147 probationem
1242 5076 1620 5147 praebuerant
1651 5082 1919 5149 tempore
1940 5094 2058 5149 quo

412 5167 570 5239 apud
602 5167 765 5239 ipsos
792 5166 1028 5221 fuerant
1057 5165 1415 5237 congregati.
1449 5166 1585 5221 Ideo
1616 5183 1811 5238 neque
1860 5166 1981 5222 ait:
2017 5167 2057 5223 E

411 5257 759 5320 mansuetis,
792 5270 869 5311 ne
901 5260 1146 5311 caeteros
1198 5254 1597 5320 contristaret,
1647 5255 1808 5310 visus
1851 5260 2060 5310 contu-

413 5347 593 5403 melia
624 5346 880 5402 afﬁcere.
916 5343 1159 5400 Addidit
1187 5348 1385 5399 autem
1411 5358 1424 5396 :
1457 5365 1485 5392 α
1519 5344 1773 5398 Exorsus
1804 5361 1839 5399 a
1862 5343 2059 5416 bapti-

412 5443 600 5497 smate
630 5438 955 5493 Joannis.»
988 5439 1132 5493 Nam
1175 5452 1307 5507 qua:
1363 5439 1501 5491 ante
1551 5434 1663 5491 hoc
1714 5442 1845 5492 acta
1890 5443 2060 5493 erant

410 5528 615 5585 nullus
644 5528 912 5601 ipsorum
945 5533 1190 5584 noverat
1218 5526 1320 5598 qui
1349 5525 1659 5583 didicisset
1697 5542 1764 5582 ac
1795 5544 2058 5599 prmsens

407 5620 641 5689 fuisset,
675 5617 793 5675 nisi
822 5623 1055 5675 tantum
1084 5620 1136 5674 is
1167 5617 1268 5690 qui
1298 5619 1459 5689 ipsos
1491 5616 1768 5691 elegerat,
1803 5616 1907 5672 sed
1952 5633 2060 5689 per

409 5709 696 5785 Spiritum
718 5707 1046 5766 discebant.
1068 5709 1299 5764 Testem
1326 5723 1464 5764 vero
1495 5707 1641 5763 dicit
1667 5705 2058 5762 resurrectio-

2168 4739 2313 4787 πων,
2362 4715 2454 4773 καὶ
2512 4719 2626 4791 ἅμα
2680 4718 2769 4774 καὶ
2827 4718 2954 4781 τοὺς
3022 4720 3418 4798 ἐκλεγομένους
3500 4722 3818 4799 αἰδεσίμους

2169 4810 2367 4877 ποιῶν,
2399 4807 2489 4863 καὶ
2521 4807 2726 4863 ἒαῦτῶν
2757 4806 3126 4865 ἀπαλλάσσων
3180 4818 3280 4881 τῆς
3341 4813 3478 4888 πρὸς
3535 4814 3664 4879 τοὺς
3719 4814 3817 4873 ἂ).-

2169 4895 2301 4959 λους
2331 4896 2646 4972 ἀπεχθείας.
2675 4896 2774 4953 Καὶ
2806 4896 2889 4953 ὅτι
2934 4899 3028 4971 μὲν
3082 4893 3193 4954 ἔδει
3249 4902 3515 4975 γενέσθαι,
3573 4903 3662 4959 καὶ
3720 4907 3817 4961 τὸν

2169 4988 2458 5063 προφήτην
2519 4986 2723 5062 εἰσάγει
2780 4984 3030 5062 λέγοντα·
3085 4990 3199 5060 Τὴν
3274 4987 3577 5062 ἐπισκοπὴν
3653 4993 3820 5051 αὐτοῦ

2172 5073 2335 5132 λάϐοι
2366 5074 2573 5153 ἔτερος,
2608 5078 2703 5134 Ἐκ
2730 5076 2895 5133 τίνων
2927 5075 2985 5133 δὶ
3016 5075 3132 5146 δεῖς
3165 5082 3242 5137 Ex
3270 5084 3379 5137 τῶν
3415 5078 3505 5137 διὰ
3544 5090 3644 5153 τῆς
3693 5106 3818 5140 συν-

2171 5164 2434 5225 ελεύσεως
2476 5173 2577 5236 τῆς
2628 5166 2766 5242 πρὸς
2823 5166 3017 5229 αὐτοὺς
3085 5172 3166 5241 τῷ
3221 5169 3411 5245 χρόνῳ
3462 5174 3817 5250 παρασχομέ.

2168 5276 2275 5311 νων
2306 5254 2368 5311 τὸ
2400 5252 2655 5328 δοκίμιον
2685 5255 2896 5314 ἑαυτοῦ.
2930 5257 3022 5311 Διὸ
3049 5254 3195 5325 οὐδὲ,
3229 5262 3322 5315 Ἐκ
3376 5265 3484 5316 τῶν
3537 5262 3815 5336 ἐπιεικῶν,

2169 5344 2339 5413 εἶπεν,
2369 5344 2461 5399 ἳνα
2496 5346 2572 5417 μή
2602 5345 2728 5407 τοὺς
2768 5343 2976 5408 ἄλλους
3030 5344 3276 5423 λυπήσῃ,
3330 5345 3567 5425 ὑϐρίζειν
3610 5349 3815 5419 δοκῶν,

2171 5433 2499 5505 Ἀρξάμενος
2559 5431 2617 5489 δὲ
2674 5433 3030 5510 προσέθηκεν⁸
3065 5456 3092 5490 ι
3148 5436 3286 5494 Ἀπὸ
3334 5442 3433 5494 τοῦ
3496 5441 3821 5515 βαπτίσμα-

2166 5542 2260 5585 τος
2291 5522 2567 5580 Ἰιυάννου.
2605 5546 2633 5575 ››
2662 5524 2745 5581 Τά
2774 5523 2878 5601 γὰρ
2938 5525 3062 5602 περὶ
3119 5525 3341 5600 τούτου,
3404 5528 3582 5587 αὐτῶν
3640 5529 3827 5597 οὐδεὶς

2166 5607 2288 5686 ᾔδει
2325 5609 2508 5683 μαθὼν
2536 5612 2627 5667 καὶ
2651 5613 2859 5687 παγὼν.
2892 5612 2939 5670 εί
2994 5615 3070 5689 μή
3127 5615 3294 5689 μόνος
3348 5617 3376 5671 ό
3435 5615 3817 5695 ἐκλεξάμενος,

2166 5697 2315 5757 ἀλλὰ
2346 5699 2620 5777 ωεύματι
2650 5698 2979 5778 ἰμάνθανον.
3037 5709 3150 5774 Τῆς
3199 5703 3542 5772 ἀναστάσεως
3591 5706 3649 5766 δὲ
3687 5731 3822 5790 φησι
