4098 6260
196 329 269 391 61
1228 332 1632 397 COMMENT.
1679 334 1760 395 IN
1806 332 1897 393 AC

2057 332 2670 399 APOSTOLORUM.
3598 341 3677 401 62

209 464 733 539 μίρτ’›ρα.Τοῦτο
775 469 899 543 γὰρ
972 467 1202 542 μάλιστα
1257 474 1355 535 τῆς
1416 471 1596 537 Ἰησοῦ
1658 466 1897 536 θεότητοι

2032 469 2146 522 nis.
2178 471 2319 523 Nam
2342 469 2452 525 hoc
2483 471 2809 525 divinitatis
2836 472 2971 526 Jesu
3003 474 3379 543 potissimum
3425 479 3553 528 erat
3588 475 3681 528 tir-

210 553 269 606 τὸ
300 554 650 632 κεφάλαιον,
697 558 874 614 Ἐπεὶ
939 558 1030 612 καὶ
1086 561 1188 612 τῶν
1242 557 1530 628 θαυμάτων
1588 554 1751 609 αὐτοῦ
1805 559 1911 610 τῶν

221 646 325 713 πρὸ
355 649 458 699 τοῦ
488 648 744 715 πάθους,
781 646 1008 701 πολλοὶ
1039 649 1168 716 ἦσαν
1226 647 1493 720 μάρτυρες
1549 645 1638 699 καὶ
1665 648 1773 698 τῶν
1825 664 1914 699 τε-

374 734 385 753 ο
604 737 618 753 ς
983 739 994 759 ν
1296 741 1319 750 η.
1408 734 1431 752 κ
1696 734 1709 751 ν
1864 734 1876 750 ς

230 738 506 809 θεαμενων
594 738 882 793 απίττων.
998 735 1354 809 Αναπληρουν
1404 738 1460 790 οὲ
1518 736 1608 789 τὸν
1685 735 1915 807 αριθμον

242 822 502 881 ’ἔσπευδον
531 831 645 881 τῶν
684 824 1049 895 ἀποστόλων,
1080 825 1156 879 ἱνα
1189 828 1263 897 μή
1326 827 1361 894 ἡ
1419 829 1520 879 τοῦ
1581 821 1912 877 διδασκάλου

252 914 453 989 ἐκλογή
485 913 671 984 ὥσπερ
706 913 1212 990 ἡκρωτηριασμένη
1372 912 1519 991 Οὐχὶ
1578 910 1825 973 πολλοὺς
1857 909 1913 966 δὲ

258 1002 507 1073 ἔστησαν,
538 1002 688 1058 ἀλλὰ
720 1002 820 1059 δύο
857 1004 1078 1077 μόνους,
1126 1004 1214 1058 ’ἱνα
1274 1005 1349 1075 μὴ
1414 1003 1613 1076 μείζων
1643 1004 1677 1070 ἡ
1710 1002 1913 1075 ἀθπ)μία

263 1097 509 1169 γένηται,
558 1092 791 1149 πολλῶν
851 1092 1320 1167 ἀπεκλεγομὲνων.
1382 1086 1668 1163 Βαρσαϐἆς
1726 1089 1783 1146 δὲ
1820 1093 1910 1146 καὶ

262 1187 466 1262 Ἰωσῇφ
496 1184 583 1238 καὶ
625 1184 892 1251 Ἰοῦστος,
954 1183 987 1252 ἢ
1049 1180 1342 1250 διαστολῆς
1400 1181 1640 1252 ὀνόματα
1670 1182 1703 1250 ἢ
1740 1202 1910 1235 σπου-

256 1270 381 1342 δῆς.
447 1273 722 1347 Εὐκαῖρως
781 1270 840 1326 δε
895 1269 1341 1349 καρδιογνώστην
1395 1268 1645 1325 καλοῦσι·
1705 1271 1795 1325 καὶ
1846 1271 1907 1325 οὐ

255 1360 537 1439 Λέγουσιν,
569 1361 844 1431 ἰκλεξαι,
878 1359 1046 1425 ἄλλα,
1084 1358 1381 1433 Ἀνάδειξον
1447 1361 1539 1414 τὸν
1596 1358 1905 1436 ἐκλεγέντα.

250 1453 431 1506 Πάντα
461 1451 568 1525 γὰρ
599 1450 856 1526 ἔγνωσται
887 1451 979 1505 καὶ
1010 1449 1239 1524 ὥρισται
1294 1450 1437 1523 παρὰ
1482 1453 1563 1520 τῷ
1622 1450 1760 1519 Θεῷ,
1817 1451 1907 1504 καὶ

248 1542 358 1613 πρὸ
387 1545 502 1595 τῶν
565 1538 912 1610 ἐνθυμήσεων
974 1542 1155 1610 ἡμῶν.
1214 1536 1435 1612 Κλῆρον
1499 1535 1556 1592 δε
1610 1535 1790 1602 καλεῖ,
1844 1538 1907 1593 τὸ

247 1634 351 1683 πᾶν
386 1636 494 1697 τῆς
526 1633 626 1683 τοῦ
680 1633 813 1683 Θεοῦ
871 1626 1284 1707 φιλανθρωπίας
1340 1625 1549 1687 δεικνὺς
1599 1626 1689 1681 καὶ
1747 1625 1908 1682 ἐκλο-

248 1727 379 1795 γῆς,
414 1719 508 1773 καὶ
540 1722 648 1772 τῶν
678 1717 926 1772 παλαιῶν
982 1715 1433 1789 ἀναμιμνήσκω),
1494 1715 1579 1769 ὅτι
1635 1714 1724 1770 καὶ
1781 1716 1907 1777 τοὺς

248 1806 474 1868 λευΐτας
507 1807 689 1868 οὕτως
734 1807 1111 1881 ἐκληρώσατο.
1169 1803 1498 1880 Ὧρισμὲνως
1532 1801 1610 1872 δὲ,
1642 1808 1752 1873 Τῆς
1785 1801 1904 1859 δια-

245 1898 434 1957 κονίας
468 1896 704 1965 ταύτης,
774 1896 955 1969 φησίν·
1005 1897 1139 1963 ἦσαν
1190 1896 1292 1969 γαρ
1347 1894 1437 1948 καὶ
1484 1893 1672 1949 ἄλλαι.
1729 1894 1907 1951 Τόπον

247 1985 303 2042 δὲ
360 1984 530 2055 ἴδιον,
592 1986 720 2055 ἤτοι
774 1986 874 2053 τήν
924 1984 1166 2059 ἀγχόνην
1244 1982 1421 2050 καλεῖ,
1487 1982 1783 2055 τουτέστιν,
1837 1984 1905 2052 ἧς

247 2073 391 2145 ἄξιον
455 2076 650 2130 ἑαυτὸν
710 2072 1101 2149 παρεσκεύασεν
1148 2074 1176 2127 ὁ
1212 2070 1415 2135 Ἰούδας
1464 2070 1552 2127 διὰ
1606 2079 1705 2141 τῆς
1760 2092 1904 2146 προ-

256 2165 467 2230 δοσίας.
504 2171 577 2225 ’Ἥ
609 2169 691 2223 ὅτι
722 2170 821 2222 τοῦ
870 2164 1050 2222 Ἰούδα
1080 2164 1482 2239 ἐξαπωσμὲνου,
1548 2165 1706 2227 οὗτος
1764 2164 1901 2221 ζ’διον

260 2257 459 2332 σχοῖη,
486 2258 584 2322 τὴν
615 2256 817 2311 ἐκείνου
850 2251 1147 2327 λαμϐάνων
1180 2253 1503 2324 ἐπισκοπήν.

334 2372 361 2397 ‹‹
397 2346 495 2399 Καὶ
545 2342 744 2400 ’ἔδωκαν
801 2344 1048 2418 κλήρους
1097 2344 1293 2409 αὐτῶν,
1351 2344 1441 2399 καὶ
1494 2343 1675 2398 ἔπεσεν
1705 2345 1733 2398 ὁ
1763 2346 1905 2413 κλῆ-

253 2460 283 2487 er
321 2455 419 2510 ρος
446 2434 537 2489 ἐπί
595 2432 861 2501 Ματθίαν,
919 2433 1010 2487 καὶ
1069 2433 1545 2511 συγχατεψηφίσθη
1610 2432 1741 2505 μετὰ
1794 2437 1901 2487 τῶν

254 2551 272 2575 ι
312 2521 502 2578 ἕνδεκα
533 2522 881 2578 ἀποστόλων.
919 2546 948 2573 η

314 2614 480 2671 Οῦτω
540 2612 728 2667 τέλεον
786 2610 1210 2684 κατηρτισμένοι
1261 2609 1477 2684 κλήρῳ,
1536 2611 1625 2665 καὶ
1689 2610 1750 2665 οῦ
1806 2632 1902 2682 ση-

250 2706 388 2776 μεῖῳ
444 2705 543 2757 τὸν
604 2701 753 2770 ἄξιον
821 2700 1190 2774 μανθάνουσιν.
1254 2700 1362 2755 Οὐκ
1417 2700 1682 2774 ἀδόκιμον
1744 2698 1801 2755 δὲ
1840 2701 1902 2756 τὸ

245 2798 339 2846 τοῦ
367 2790 613 2866 κληροῦ,
655 2790 713 2845 [δῖ
746 2791 851 2866 γαρ
886 2790 973 2844 ἐπὶ
1030 2793 1130 2842 τοῦ
1180 2791 1335 2843 Ἰωνᾶ
1386 2790 1595 2864 "quas,
1656 2788 1899 2865 χυδαίων

241 2880 549 2954 ἀνθρώπων
582 2877 1061 2954 κληρωσαμένων,
1090 2878 1141 2932 τί
1170 2877 1231 2933 ἄν
1264 2878 1349 2933 ἐπὶ
1381 2879 1547 2954 αγῖων
1606 2880 1697 2934 καὶ
1729 2901 1899 2953 προσ-

594 737 882 793 ἀπίττων.

240 2977 377 3048 ευχῇ
429 2972 495 3026 τὸ
584 2974 819 3044 πρᾶγμα
881 2968 1326 3043 ἐπιτρεψάντωνς
1396 2968 1458 3024 hi
1514 2972 1612 3044 γαρ
1680 2969 1895 3025 ἐκείνων

239 3040 373 3131 ὀρδῆ
405 3061 611 3136 γνώμη
634 3040 792 3131 μόνη
825 3040 1145 3128 κατηῦδυνε,
1180 3056 1379 3130 πολλῷ
1442 3040 1653 3130 μαλλον
1709 3058 1897 3123 ἐνθέων

239 3147 478 3223 ἀνδρῶν,

888 3242 1145 3297 ΚΕΦΑΛ.
1185 3239 1259 3297 Γ’.

259 3328 397 3403 Περὶ
473 3328 615 3392 θείας
691 3334 781 3384 τοῦ
868 3328 1031 3405 ἁγίου
1107 3328 1422 3403 Πνεῦματος
1502 3327 1897 3409 ἔπιφοιτήσεως

336 3416 390 3472 ἐν
472 3418 645 3491 ἡμέρᾳ
719 3422 1146 3494 Πεντήκοξτῆς-
1209 3416 1525 3494 γενομένης.
1615 3416 1689 3479 εἰς
1772 3418 1898 3494 τοὺς

325 3487 732 3567 πιστεύσαντας,
811 3489 866 3544 ἐν
954 3487 1000 3559 ᾧ
1084 3487 1287 3564 Πέτρου
1341 3487 1700 3567 ⁷κάτήχησις
1775 3491 1897 3567 περι

320 3563 522 3618 τούτου
574 3562 632 3617 ἐκ
709 3566 819 3616 τῶν
911 3562 1225 3635 προ-υητῶν·
1311 3562 1435 3633 περὶ
1515 3562 1723 3635 παθους
1808 3562 1898 3617 καὶ

314 3634 657 3694 ἁναατασεως
701 3634 827 3706 ⁸καὶ
908 3625 1233 3706 ἀναλήψεως
1316 3625 1552 3706 Χριστοῦ
1589 3677 1602 3701 ,
1690 3630 1895 3705 δωρεᾶς

309 3727 367 3761 τε
435 3710 535 3759 τοῦ
617 3704 777 3778 ἁγίου
866 3703 1201 3778 Ιινεῦ-ματος.
1262 3705 1383 3778 περὶ
1469 3705 1700 3778 πίστεως
1774 3703 1896 3778 -τῷν

309 3727 367 3761 τε
435 3727 535 3759 του
617 3726 777 3778 αγιου
866 3723 1201 3768 ιινευματος.
1262 3724 1383 3757 πει
1469 3726 1700 3767 πίστεως
1790 3727 1896 3760 των

308 3778 622 3850 παρόντων,
698 3776 788 3850 καὶ
842 3782 943 3845 τῆς
999 3774 1086 3850 διᾶ
1143 3778 1239 3850 τοῦ
1315 3723 1704 3850 Δϐαπτίσματος
1797 3777 1896 3831 αῦ-

305 3845 417 3904 τῶν
509 3848 811 3920 σωτηρίας·
923 3848 1047 3927 περὶ
1130 3845 1390 3927 ῥμονοίας
1501 3845 1894 3927 κοινωφελοῦς,

971 3920 981 3937 1

305 3922 399 3976 καὶ
426 3922 752 3993 προσθήκης
783 3924 890 3973 τῶν
923 3920 1309 3975 πίστευόντων.

312 4036 332 4061 ι
371 4010 481 4066 Καὶ
543 4006 596 4063 ἐν
666 4012 747 4080 τῷ
828 4008 1288 4084 συμπληροῦσθαι
1372 4010 1468 4076 τήν
1524 4009 1732 4083 ἡμέραν
1796 4014 1897 4075 τῆς

243 4128 270 4153 α
332 4106 745 4170 Πεντηκοστῆς,
810 4099 945 4168 ἦσαν
999 4095 1227 4162 ἅπαντες
1286 4097 1635 4171 ὁμοθυμαδὸν
1691 4098 1779 4156 ἐπὶ
1831 4101 1893 4156 τὸ

240 4216 266 4241 ι(
302 4191 458 4245 αὐτό.
550 4191 650 4244 Καὶ
706 4189 909 4263 ἐγένετο
993 4191 1145 4269 ἄφνω
1204 4190 1264 4245 ἐκ
1309 4194 1406 4246 τοῦ
1462 4189 1690 4266 οὐρανοῦ
1750 4192 1893 4266 ἦχος

234 4309 261 4333 ιι
297 4284 488 4356 ὥσπερ
538 4280 844 4359 φερομένης
898 4288 1071 4350 πνοῆς
1142 4281 1324 4355 βιαίας
1357 4325 1370 4351 ,
1430 4280 1519 4336 καὶ
1574 4280 1889 4356 ἐπλήρωσεν

237 4398 263 4423 α
302 4371 439 4427 ελον
468 4371 564 4425 τὸν
598 4372 769 4439 οἷκον,
802 4369 864 4425 οῦ
906 4371 1039 4438 ἦσαν
1096 4372 1422 4441 καθήμενοι.
1484 4370 1581 4425 Καὶ
1638 4368 1892 4447 ὤφθησαν

234 4488 261 4512 α
300 4460 495 4523 αὐτοῖς
527 4457 974 4533 διαμεριζόμεναι
1003 4456 1248 4534 γλῶσσαι
1299 4458 1426 4513 ὡσεὶ
1484 4459 1676 4532 πυρός.
1724 4460 1891 4517 Ἐκά-

2024 565 2411 614 mamentum.
2441 560 2744 631 Siquidem
2775 562 3202 617 miraculorum
3229 563 3358 633 ejus
3379 580 3513 633 quas
3537 570 3675 617 ante

2024 648 2363 717 passionem
2395 649 2551 705 edita
2596 656 2784 717 erant,
2847 651 3018 705 multi
3052 658 3232 707 testes
3281 659 3451 707 erant
3494 654 3672 708 etiam

2024 736 2471 793 ineredulorum
2503 740 2603 810 qui
2637 740 2921 795 viderant.
2957 740 3281 796 Studehant
3306 748 3502 796 autem
3536 759 3672 813 apo-

2025 825 2309 881 stolorum
2332 828 2568 898 explere
2595 845 2932 896 numerum,
2956 847 3029 885 ne
3055 832 3433 901 praeceptoris
3456 831 3668 888 electio

2022 914 2200 969 veluti
2233 917 2442 971 mutila
2464 924 2619 973 esset
2648 925 2707 973 et
2727 918 3091 990 imperfecta.
3120 922 3332 976 Verum
3365 938 3483 975 non
3510 922 3668 976 mul-

2024 1005 2114 1055 tos
2144 1008 2497 1070 statuerunt,
2521 1004 2622 1058 sed
2647 1005 2804 1060 solos
2822 1006 2991 1069 duos,
3014 1024 3087 1061 ne
3112 1007 3300 1077 major
3320 1014 3667 1063 causaretur

2022 1090 2281 1157 tristitia,
2311 1092 2637 1148 multorum
2678 1094 3024 1163 rejectione.
3096 1096 3379 1151 Barsabas
3438 1114 3574 1152 vero
3609 1102 3669 1151 et

2019 1180 2233 1251 Joseph
2266 1196 2332 1235 ac
2356 1183 2575 1249 Justus,
2608 1183 2698 1236 vel
2716 1183 3115 1239 distinctionis
3142 1186 3387 1240 nomina
3415 1191 3553 1240 sunt
3576 1186 3665 1240 vel

2019 1268 2269 1323 virtutis.
2296 1271 2638 1341 Opportune
2660 1278 2859 1327 autem
2881 1273 3151 1328 cordium
3179 1280 3388 1329 vocant
3409 1276 3670 1347 cognito-

2017 1374 2181 1412 rem:
2216 1375 2326 1413 nec
2348 1358 2589 1415 dicunt:
2650 1362 2833 1433 Elige,
2881 1363 2981 1417 13
3016 1363 3118 1417 sed
3177 1380 3356 1433 quem
3416 1364 3665 1435 elegeris

2018 1448 2282 1503 ostende.
2316 1451 2527 1505 Umnia
2557 1468 2816 1523 namque
2848 1469 2881 1508 a
2904 1454 3020 1508 Deo
3050 1454 3284 1525 cognita
3314 1461 3452 1509 sunt
3473 1472 3538 1509 ac
3563 1454 3666 1509 de-

2022 1536 2403 1603 ﬁnita,etiam
2423 1540 2768 1610 priusquam
2791 1542 2989 1596 animo
3004 1542 3666 1613 concipiamus.Sortem

2018 1633 2304 1697 prmterea
2333 1628 2613 1699 appellat,
2642 1636 2700 1684 et
2720 1647 2842 1685 rem
2866 1648 3106 1685 omnem
3129 1632 3452 1686 ostendens
3470 1632 3667 1703 benig-

2018 1716 2221 1771 nitatis
2246 1733 2313 1772 ac
2337 1718 2647 1773 electionis
2670 1736 2798 1774 esse
2826 1719 3058 1788 divinae,
3084 1726 3142 1775 et
3162 1728 3428 1775 veterum
3461 1721 3666 1775 admo-

1942 1828 1985 1893 Β
2018 1822 2188 1873 nens,
2223 1807 2504 1876 quoniam
2536 1815 2595 1862 et
2624 1808 2830 1864 levitas
2853 1812 2935 1864 ita
2968 1817 3125 1865 sorte
3154 1811 3349 1882 elegit.
3378 1812 3670 1865 Determi-

2016 1901 2152 1949 nate
2182 1902 2381 1951 autem
2438 1897 2539 1965 ait,
2601 1900 2908 1954 Ministerii
2951 1900 3131 1971 hujus
3162 1918 3174 1954 :
3209 1908 3379 1956 erant
3408 1902 3568 1955 enim
3611 1905 3669 1953 et

2014 1984 2133 2039 alia
2190 1984 2387 2040 locum
2444 2002 2583 2042 vero
2641 2005 2834 2057 suum,
2876 1997 2980 2044 aut
3036 1989 3424 2061 suspendium
3474 1994 3664 2055 vocat,

2014 2073 2126 2128 hoc
2157 2081 2264 2141 est,
2300 2093 2415 2147 quo
2447 2093 2577 2132 sese
2613 2078 2857 2150 dignum
2899 2078 3161 2134 reddidit
3187 2079 3365 2134 Judas
3396 2096 3502 2150 per
3531 2097 3665 2150 pro-

2014 2165 2322 2234 ditionem,
2365 2169 2453 2223 vel
2487 2168 2644 2239 quod
2704 2170 2941 2241 repnlso
2974 2170 3143 2235 Juda,
3193 2170 3289 2225 hic
3341 2188 3513 2225 suum
3563 2176 3667 2226 aut

2012 2256 2318 2325 proprium
2352 2257 2563 2312 habeat
2594 2259 2788 2313 locum
2819 2266 3060 2331 accepto
3092 2260 3255 2314 illius
3289 2260 3654 2331 episcopatu.

2088 2344 2128 2409 Ι,
2161 2346 2248 2399 26.
2286 2365 2309 2394 α
2345 2347 2413 2399 Et
2442 2346 2735 2402 dederunt
2766 2354 2954 2403 sortes
3011 2349 3296 2419 ipsorum,
3332 2350 3664 2420 ceciditque

2015 2454 2041 2481 ‹‹
2078 2449 2205 2487 sors
2237 2450 2414 2504 super
2442 2436 2745 2490 Matthiam
2781 2453 2793 2490 :
2828 2443 2887 2491 et
2938 2438 3231 2509 suffragiis
3286 2438 3522 2493 additus
3575 2446 3663 2494 est

2015 2542 2043 2569 ‹‹
2077 2520 2354 2575 undecim
2385 2524 2687 2593 apostolis.
2726 2549 2747 2576 ι

2084 2610 2228 2665 Cum
2260 2612 2529 2666 nondum
2563 2613 2804 2683 perfecti
2838 2614 2978 2679 sint,
3028 2631 3161 2669 eum
3187 2615 3286 2685 qui
3346 2615 3558 2680 dignus
3590 2617 3667 2671 sit

2014 2705 2170 2753 sorte
2185 2705 2376 2755 etnon
2400 2700 2687 2757 miraculo
2710 2702 2964 2759 discunt.
2992 2705 3115 2758 Non
3134 2710 3429 2759 estautem
3450 2707 3666 2778 impro-

2011 2786 2271 2843 bandum
2295 2791 2453 2860 quod
2472 2798 2628 2846 sorte
2645 2792 2729 2846 ιιι.
2758 2794 2898 2848 Nam
2927 2793 2974 2847 si
2999 2793 3070 2847 de
3094 2795 3241 2848 Jona
3263 2794 3435 2849 “vim
3458 2797 3662 2851 habuit

2010 2893 2144 2932 cum
2169 2876 2380 2949 abjecti
2407 2896 2474 2933 ac
2498 2881 2726 2951 profani
2768 2881 3038 2937 homines
3061 2889 3281 2937 sortem
3332 2885 3658 2953 mitterent,

2011 2969 2293 3038 quidnam
2308 2969 2379 3023 de
2393 2971 2613 3025 sanctis
2629 2972 2730 3041 qui
2757 2989 2878 3026 rem
2895 2973 3147 3027 orationi
3168 2975 3662 3043 permittuntsen-

2008 3057 2276 3112 tiendum
2292 3058 2423 3112 est?
2438 3060 2665 3114 Etenim
2684 3061 2729 3115 si
2747 3059 2872 3115 sola
2893 3078 3059 3115 mens
3076 3062 3310 3116 illorum
3327 3066 3657 3134 rectajuste

2008 3153 2310 3218 negotium
2332 3147 2570 3215 direxit,
2596 3149 2782 3203 multo
2815 3149 2999 3221 magis
3022 3150 3356 3205 divinorum
3376 3152 3656 3208 virorum.

2654 3242 2885 3296 CAPUT
2914 3243 3010 3297 ΙΙΙ.

2009 3329 2086 3382 De
2115 3327 2308 3383 divina
2338 3329 2581 3398 Spiritus
2610 3332 2789 3384 sancti
2816 3334 3237 3400 superventione
3266 3334 3356 3388 die
3402 3335 3658 3391 Penteco-

2078 3424 2180 3473 stes
2207 3422 2359 3492 facta
2388 3435 2549 3489 super
2584 3436 2672 3474 eos
2700 3422 2797 3489 qui
2819 3422 3185 3488 crediderant,
3217 3424 3275 3476 in
3326 3439 3432 3492 quo
3490 3428 3658 3480 etiam

2084 3492 2227 3566 Petri
2278 3491 2893 3561 doctrinaeprophetis
2950 3496 3282 3548 continetur.
3337 3491 3534 3566 nempe
3592 3499 3659 3552 de

2071 3563 2345 3635 passione,
2375 3566 2771 3618 resurrectione
2792 3571 2840 3635 et
2866 3570 3230 3635 assumptione
3250 3566 3451 3622 Christi
3465 3563 3656 3623 'dono-

2078 3650 2181 3703 que
2211 3634 2453 3703 Spiritus
2500 3635 2681 3689 sancti
2710 3652 2731 3710 ,ς
2785 3634 2849 3689 de
2876 3636 2984 3703 ﬁde
3033 3634 3085 3710 et
3141 3637 3315 3691 salute
3345 3655 3529 3693 eorum
3561 3642 3660 3710 qui

2069 3711 2362 3773 praesentes
2391 3713 2547 3759 erant
2585 3724 2684 3775 per
2715 3706 3007 3775 baptisma.
3039 3707 3106 3761 de
3127 3725 3384 3763 consensu
3424 3713 3481 3763 in
3516 3706 3655 3765 co—m-

2075 3791 2291 3830 munem
2314 3776 2633 3844 utilitatem,
2659 3784 2709 3832 et
2733 3780 3078 3847 appositione
3110 3781 3471 3834 credentium.

2079 4030 2105 4056 «
2141 4008 2210 4061 Et
2239 4024 2373 4062 cum
2405 4008 2805 4079 compleretur
2864 4008 2992 4064 dies
3051 4011 3453 4077 Pentecostes,
3488 4019 3661 4067 erant

2008 4117 2037 4147 «
2061 4112 2269 4150 omnes
2310 4097 2676 4151 unanimiter
2714 4097 2775 4151 in
2807 4097 3016 4153 eodem
3048 4098 3199 4153 loco.
3237 4099 3303 4153 Et
3345 4100 3535 4155 factus
3570 4108 3662 4156 est

2007 4204 2035 4232 «
2068 4188 2313 4253 repente
2330 4182 2400 4236 de
2419 4182 2564 4236 caelo
2580 4184 2811 4237 sonitus
2827 4190 3108 4253 tanquam
3123 4184 3350 4254 impetu
3362 4187 3656 4241 venientis

2004 4293 2032 4321 «
2066 4271 2241 4327 llatus
2272 4272 2663 4336 vehementis,
2696 4278 2756 4327 et
2784 4272 3030 4343 replevit
3057 4277 3239 4326 totam
3269 4272 3511 4328 domum
3548 4275 3648 4329 ubi

2002 4387 2030 4414 «
2065 4370 2234 4419 erant
2263 4365 2559 4433 sedentes,
2593 4372 2652 4419 et
2679 4370 3083 4437 apparuerunt
3121 4364 3242 4421 illis
3294 4366 3493 4421 divisa:
3548 4370 3650 4423 ’14

2003 4480 2030 4508 ‹‹
2065 4457 2281 4530 linguw
2314 4458 2375 4512 in
2402 4458 2646 4513 modum
2673 4458 2847 4529 ignis,
2883 4458 3151 4530 seditque
3186 4476 3364 4530 super
3386 4459 3651 4531 singulos

233 4576 261 4602 ιι
296 4549 417 4605 θισὲ
472 4570 531 4604 τε
590 4546 675 4625 ἐφ’
724 4545 813 4603 ἕνα
867 4544 1087 4603 ἕκαστον
1142 4548 1343 4619 αὐτῶν,
1392 4549 1483 4604 καὶ
1543 4546 1892 4619 ἐπλήσθησαν

2022 4553 2391 4603 ιθονιιαιεθι
2418 4547 2629 4619 repleti
2675 4553 2814 4603 sunt
2877 4565 3085 4603 omnes
3141 4548 3363 4620 Spiritu
3423 4556 3652 4618 sancto,

234 4666 261 4690 α
300 4636 540 4701 ἅπαντες
619 4638 939 4709 Πνεῦματος
1025 4638 1206 4714 ἁγίου,
1265 4638 1353 4693 καὶ
1413 4636 1645 4715 ἤρξαντο
1704 4636 1891 4695 λαλεῖν

228 4756 253 4781 α
288 4730 541 4801 ἑταιραις
568 4726 868 4803 γλώσσαις.
906 4752 928 4779 ι

298 4845 330 4872 α
389 4821 481 4875 Ἐν
541 4822 621 4891 τῷ
670 4818 1129 4893 συμπληροῦσθαι
1185 4818 1285 4885 τὴν
1340 4814 1549 4892 ἡμέραν
1604 4824 1705 4887 τῆς
1764 4823 1890 4874 Πεν-

216 4914 533 4978 τηκοστῆς.
570 4929 599 4955 ››
657 4902 936 4974 Τοντέστι,
1009 4906 1145 4978 πρὸς
1203 4910 1271 4979 τῇ
1330 4909 1702 4982 Πεντηκοστῇ,
1762 4908 1885 4982 περὶ

218 4999 396 5067 αὶτήν
432 4994 542 5064 ἤδη
577 4996 675 5064 τήν
732 4996 951 5070 ἑορτήν,
984 4996 1077 5050 δττ
1126 4996 1317 5070 καιρὸς
1376 4996 1572 5070 ὡρίμῳ
1602 4997 1680 5068 τῷ
1726 5018 1885 5053 πνευ-

224 5093 446 5161 ματιχῷ
500 5086 644 5160 θέρει
702 5086 762 5141 τὸ
812 5083 1074 5160 δρέπανον
1133 5087 1446 5161 ἐπαγαγεῖν,
1502 5086 1591 5143 ὅτε
1642 5085 1730 5142 διὰ
1786 5091 1883 5159 τὴν

221 5178 422 5253 ἑορτήν
455 5174 662 5233 πολλοὶ
694 5182 943 5252 παρῆσαν
970 5174 1062 5229 ναὶ
1092 5180 1200 5231 τῶν
1244 5176 1664 5251 σταυρωσαντων
1694 5179 1879 5248 αὐτὸν,

223 5271 311 5324 καὶ
340 5270 431 5324 ἳνα
461 5263 785 5341 λαμϐάνωσι
815 5274 916 5335 τῆς
949 5265 1151 5321 ἑαυτῶν
1211 5269 1528 5347 μιαιφονίας
1579 5269 1668 5323 τὸν
1722 5267 1880 5345 ἔλεγ-

224 5381 344 5438 χον.
375 5361 567 5438 Ἀφνω
618 5355 677 5411 δὲ
733 5359 877 5431 ἦχος
939 5354 1028 5409 καὶ
1089 5358 1188 5412 οὐκ
1236 5356 1645 5427 ἀνεπαισθήτως
1692 5360 1726 5428 ἡ
1782 5364 1878 5414 τοῦ

222 5450 530 5522 Πνεοᾶματος
560 5447 937 5521 ἐπιφοίτησις,
999 5446 1088 5500 καὶ
1121 5444 1184 5501 ix
1230 5450 1326 5501 τοῦ
1385 5447 1633 5522 οὐρανοῦ,
1682 5447 1771 5503 ἳνα
1800 5454 1878 5521 τῷ

222 5540 314 5612 μὶν
345 5540 523 5616 ἁθρόῳ
579 5533 910 5609 καταπλήξῃ
967 5533 1056 5589 καὶ
1106 5530 1438 5611 διαναστήσῃ
1499 5536 1742 5613 μᾶλλον,
1786 5538 1875 5595 καὶ

290 5725 337 5761 ¹²
363 5726 483 5784 Jon.
516 5744 556 5798 ι,
593 5728 617 5782 1
655 5738 830 5795 seqq.

2004 4659 2031 4687 «
2064 4642 2486 4709 cmperuntque
2512 4636 2678 4708 loqui
2715 4637 2849 4691 aliis
2881 4636 3121 4709 linguis.
3155 4658 3183 4689 ιι

2076 4834 2096 4863 ι
2122 4817 2266 4871 Cum
2297 4815 2695 4886 compleretur
2743 4814 2869 4870 dies
2915 4817 3313 4873 Pentecostes.
3351 4840 3378 4867 »
3411 4820 3530 4875 Hoc
3560 4826 3649 4875 est

1995 4905 2154 4960 circa
2186 4907 2599 4971 Pentecosten,
2623 4904 2780 4959 circa
2808 4904 3003 4975 ipsum
3045 4907 3173 4976 jam
3204 4906 3421 4963 festum
3457 4925 3470 4963 :
3505 4926 3638 4964 cum

1996 4999 2229 5066 tempus
2288 4999 2448 5049 esset
2504 4998 2751 5047 maturae
2811 4994 2993 5049 messi
3048 4996 3346 5067 spirituali
3425 4998 3639 5052 falcem

1994 5084 2351 5139 immittere:
2388 5082 2623 5153 quando
2658 5089 2899 5154 propter
2928 5084 3142 5139 festum
3194 5086 3367 5140 multi
3391 5086 3640 5140 aderant

1994 5172 2171 5227 etiam
2204 5188 2410 5226 eorum
2442 5171 2541 5242 qui
2576 5172 2770 5242 ipsum
2812 5173 3249 5237 cruciﬁxerant,
3283 5181 3341 5228 et
3379 5180 3444 5228 ut
3474 5175 3636 5229 acci-

1990 5261 2389 5334 perentcaadis
2404 5277 2437 5315 a
2452 5277 2513 5315 se
2529 5267 2878 5333 perpetratae
2898 5262 3384 5334 increpationem.
3411 5264 3637 5334 Repen-

1989 5353 2116 5407 tino
2148 5358 2345 5407 autem
2370 5352 2565 5407 sonitu
2598 5357 2656 5406 et
2684 5368 2803 5407 non
2832 5352 3264 5409 insensibiliter
3309 5354 3500 5410 factus
3550 5361 3639 5410 est

1987 5458 2259 5497 accessus
2291 5441 2563 5512 Spiritus,
2595 5446 2655 5497 et
2691 5441 2764 5497 de
2824 5442 2992 5511 caelo,
3026 5446 3092 5497 ut
3139 5442 3334 5499 subita
3389 5444 3630 5516 quidem

1985 5535 2465 5591 consternatione
2524 5539 2582 5589 et
2634 5535 2821 5607 magis
2870 5535 3173 5607 excitaret,
3204 5541 3262 5592 et
3289 5554 3495 5593 omnes
3553 5538 3628 5593 ad
