4098 6260
437 331 518 392 63
1559 325 1991 391 CECUMENII
2034 327 2346 393 TRICCuE
2388 330 2739 393 EPISGOPI
3766 332 3843 393 64

443 466 948 525 coucurrendumi
963 464 1323 536 impelleret:
1339 464 1707 520 sensibiliter
1721 481 1853 521 vero
1865 465 2061 521 utmir.

2225 465 2405 527 τάντας
2437 464 2761 540 συνδραμεῖν
2797 465 3177 540 παρασιωάσῃ.
3232 464 3326 535 Τῷ
3382 460 3441 518 δδ
3500 462 3619 535 μετ’
3654 459 3843 533 αἷσθῆ-

442 559 645 614 culum
659 554 1209 627 conﬂrmaretquod
1222 556 1385 610 omni
1401 561 1627 611 careret
1639 556 1935 611 calumnia.
1948 558 2060 612 Nan

2223 574 2360 624 τεως,
2402 555 2478 620 ὡς
2533 554 2593 611 ἃν
2642 550 2979 627 ἀδιάϐλητον
3027 554 3092 610 τὸ
3149 556 3329 627 θαῦμα
3383 553 3721 625 καταστήσῃ.
3780 550 3841 608 Εἴ

441 648 491 702 si
512 648 619 704 hoc
645 648 824 703 etiam
848 647 1000 702 facto
1015 647 1215 701 sonitu
1231 644 1708 717 percalumniam
1737 644 1813 701 ad
1835 645 2059 701 ebrieta

2226 642 2301 717 ’ἀρ
2331 645 2423 699 καὶ
2452 643 2648 700 τούτου
2706 646 3011 722 γενομέμου
3071 642 3148 704 εἲς
3209 640 3375 717 μέθην
3429 641 3493 697 τὸ
3548 635 3844 713 παράδοξον

439 743 561 793 tem
587 737 943 803 referebant,
958 736 1100 807 quid
1121 752 1242 792 non
1262 735 1551 791 dixissent
1567 736 1614 789 si
1629 736 1710 791 ita
1729 735 1948 791 factum
1971 753 2057 791 n01

2224 728 2572 805 νδιέϐαλλον,
2603 734 2656 789 τί
2688 734 2788 789 οὐκ
2811 731 2873 789 ἂν
2907 734 3057 788 εἷπον
3122 732 3197 805 μὴ
3265 730 3443 792 οὕτως
3501 728 3794 805 γενομένου
3830 748 3842 800 ;

446 827 643 885 esset?
660 828 740 883 De
757 826 905 882 caalo
927 831 1125 881 autem
1149 842 1281 881 cum
1305 825 1492 880 multo
1520 826 1767 897 impetu,
1794 825 2064 896 siquiden

2227 826 2296 875 Εκ
2324 826 2420 877 τοῦ
2451 822 2680 898 οὐρανοῦ
2711 820 2768 879 δὲ
2802 824 2937 897 μετά
2999 819 3220 889 πολλῆς
3270 827 3370 889 τῆς
3430 818 3633 893 ῥύμης.
3666 821 3845 875 Τοῦτο

440 920 553 974 hoc
571 919 616 974 si
624 919 907 991 gnificare
921 916 1044 971 vult
1060 932 1166 988 per
1177 917 1589 971 vehementem
1602 915 1809 971 ﬂatum
1823 922 1888 971 ut
1899 922 2058 972 osten

2226 910 2304 983 ιάρ
2335 908 2425 967 διὶ
2447 919 2548 982 τῆς
2582 913 2763 988 βιαίας
2809 919 2983 983 πνοῆς
3017 910 3277 986 βούλεται
3307 907 3641 980 δηλοῦν,⁹ίνα
3675 905 3844 982 δείξῃ,

439 1009 542 1064 dat
560 1025 708 1079 opus
739 1007 925 1062 fuisse
955 1007 1084 1078 ejus
1115 1006 1216 1077 qui
1247 1006 1310 1061 in
1332 1006 1546 1061 ccelum
1577 1011 1916 1077 assumptus
1939 1011 2057 1061 eral

2233 1022 2285 1055 τι
2328 1004 2425 1057 τοῦ
2501 1002 2579 1064 εἰς
2651 1002 2911 1077 οὐρανοὺς
2960 999 3360 1080 ἀναληφθέντος
3405 1000 3469 1055 τὸ
3526 996 3705 1075 ἔργον,
3754 998 3850 1052 καὶ

438 1103 497 1154 et
519 1097 730 1152 divinae
776 1096 1104 1168 potestatis.
1157 1094 1669 1160 Quemadmodum
1700 1095 1879 1150 etiam
1912 1111 2055 1166 supe

2225 1096 2299 1159 ῖῆς
2357 1095 2543 1160 θεῖκῆς
2600 1089 2906 1164 δυνάμεως·
2970 1091 3045 1152 ὡς
3131 1089 3222 1146 καὶ
3273 1087 3361 1143 ἐπὶ
3418 1094 3519 1158 τῆς
3579 1089 3843 1162 Ἐρυθρᾶς

438 1203 602 1242 mare
619 1186 881 1241 Rubrum
905 1184 1419 1240 ﬂabatvehemens
1429 1189 1637 1239 ventus
1655 1184 2056 1255 auster’,.Ben

2227 1177 2479 1250 ναλάσσης
2534 1181 2597 1236 τὸ
2638 1181 2815 1256 βίαιον
2872 1185 3085 1254 πνεῦμα
3165 1183 3263 1234 τοῦ
3306 1178 3485 1233 νότου.
3544 1174 3739 1239 Καλῶς
3789 1174 3845 1231 δὲ

439 1282 637 1331 autem
654 1277 713 1330 in
728 1275 820 1330 his
841 1274 1117 1329 omnibus
1138 1291 1245 1345 per
1260 1273 1714 1329 similitudinem
1728 1273 1962 1329 locutus
1973 1278 2057 1328 est

2228 1267 2286 1322 πὶ
2317 1269 2527 1324 πάντων
2582 1269 2811 1338 τούτων,
2840 1271 2909 1325 τὰ
2955 1270 3093 1325 κατά
3148 1262 3471 1343 παραϐολὴν
3521 1266 3606 1339 τὸ,
3638 1263 3846 1341 ὥσπερ,

441 1381 657 1436 nempe
679 1360 882 1434 ὥσπερ,
898 1364 936 1417 i.
962 1367 1333 1434 tanquam,et
1350 1361 1477 1415 ὡσεὶ
1497 1360 1738 1435 πυρός,ί.
1760 1364 1819 1417 in
1841 1362 2059 1417 modun

2232 1357 2367 1429 νημὶ,
2393 1357 2483 1413 καὶ
2513 1358 2600 1428 τὸ,
2643 1358 2772 1413 ὡσεὶ
2803 1358 2995 1431 πυρὸς,
3050 1356 3136 1412 ἳνα
3166 1359 3242 1430 μή
3296 1355 3554 1423 αἰσθητόν
3612 1376 3667 1410 τι
3724 1354 3850 1430 περὶ

436 1454 611 1525 ignis,
637 1470 711 1509 ne
738 1452 1021 1508 sensibile
1038 1451 1343 1522 quidpiam
1361 1452 1433 1507 de
1452 1452 1671 1522 Spiritu
1691 1452 2054 1508 existimetur

2228 1450 2297 1500 κοῦ
2355 1447 2663 1520 Ιινεῦματος
2721 1449 2983 1522 νομισθῇ.
3049 1444 3381 1522 Ἐπλήρωσε
3429 1443 3488 1500 δὶ
3544 1446 3636 1500 τδν
3693 1446 3846 1500 οἷκον

437 1542 701 1614 Heplevit
723 1543 902 1598 etiam
924 1542 1099 1597 flatus
1122 1546 1296 1596 totam
1317 1540 1576 1604 domum,
1603 1541 1664 1595 in
1688 1542 1933 1612 piscinas
1957 1559 2052 1597 mo

2224 1534 2330 1591 ἕλον
2362 1539 2397 1606 ἡ
2425 1540 2589 1608 πνοὴ,
2621 1533 3020 1612 κολυμϐήθρας
3080 1533 3234 1607 δίκην
3281 1534 3692 1608 ἀναπληροῦσα,
3727 1532 3842 1590 ἐπεὶ

436 1647 565 1687 rem
597 1632 885 1703 implens:
913 1629 1399 1701 quandoquidem
1421 1629 1779 1701 promissum
1812 1631 1989 1685 etiam
2013 1631 2054 1685 il

2230 1624 2287 1679 ai
2313 1623 2621 1703 ἐπήγγελτο
2651 1628 2861 1688 αὐτοῖς.
2891 1650 2920 1678 ‹‹
2949 1628 3037 1683 ’Ev
3082 1624 3353 1699 Πνεῦματι
3412 1624 3848 1699 βαπτισθήσεσθε

438 1721 514 1775 lis
535 1726 661 1775 erat
685 1738 697 1774 :
723 1742 751 1769 «
775 1718 1218 1791 Baptizabimini
1240 1719 1461 1790 Spiritu
1478 1719 1690 1774 Sancto
1713 1724 1770 1774 et
1791 1719 1910 1792 igni
1930 1720 1976 1754 “
2003 1736 2017 1774 :
2053 1743 2056 1769 ;

2228 1715 2283 1769 ,αἱ
2316 1716 2468 1785 πυρί.
2502 1740 2529 1768 υ
2566 1717 2668 1773 Καὶ
2698 1719 2796 1786 τῆς
2845 1713 3131 1791 δαψιλείας
3189 1712 3246 1770 δὲ
3298 1718 3461 1770 τοῦτο
3517 1716 3846 1789 τεκμήριον,

442 1810 621 1865 etiam
642 1809 754 1865 hoc
783 1808 1163 1864 abundantiae
1181 1807 1413 1880 signum
1438 1813 1643 1863 eratac
1672 1808 2060 1865 vehementia;

2232 1803 2288 1860 αὶ
2343 1811 2447 1874 τῆς
2505 1803 2901 1885 σφοδρότητος.
2965 1809 3078 1880 Πῦρ
3138 1805 3201 1882 γὲ
3256 1803 3357 1859 οὐκ
3409 1801 3700 1878 ἐπλήρωσε
3755 1803 3848 1858 τὸν

444 1899 602 1971 Ignis
632 1914 766 1953 vero
797 1915 918 1953 non
950 1897 1195 1969 replevit
1221 1897 1465 1953 domum
1516 1913 1592 1952 ne
1624 1898 1871 1953 omnino
1905 1903 2060 1954 terre

2233 1894 2370 1959 Τκον⁹
2449 1893 2539 1949 ἳνα
2600 1897 2675 1968 μή
2748 1896 2924 1966 πάντη
3012 1893 3270 1968 ἐκστήσῃ,
3331 1891 3421 1948 καὶ
3479 1898 3667 1969 φυγεῖν
3722 1893 3851 1952 τοῦς

444 1994 555 2055 ret,
580 2004 647 2043 ac
676 1987 947 2042 videntes
967 1988 1167 2059 fugere
1199 1987 1602 2058 compelleret.
1640 1992 1699 2041 et
1727 1987 1807 2042 ita
1833 1986 1986 2042 nihil
2008 1992 2062 2042 te

2236 1988 2438 2054 ρῶντας
2497 1984 2904 2058 παρασκευάσῃ,
2991 1980 3160 2059 μηδὲν
3243 1978 3473 2058 ἔχοντας
3559 1987 3853 2056 μαρτυρεῖν

448 2077 589 2133 stari
612 2083 856 2147 possent
874 2093 1078 2131 eorum
1102 2093 1232 2146 quae
1263 2076 1641 2146 postmodum
1664 2082 1794 2131 acta
1824 2081 2066 2135 sunt.se1

2239 2075 2304 2125 ὢν
2341 2072 2476 2144 μετά
2510 2076 2677 2127 ταῦτα
2712 2072 3046 2150 γενομένων.
3099 2073 3400 2142 Μερίζεται
3450 2067 3508 2126 δὲ
3554 2070 3631 2133 εἷς
3663 2069 3857 2147 γλώσ-

446 2166 729 2221 dividitur
759 2166 1010 2236 Spiritus
1040 2166 1099 2219 in
1123 2165 1355 2237 linguas
1385 2165 1605 2237 igneas,
1638 2164 1976 2236 residetque
2000 2181 2064 2219 su

2238 2181 2294 2222 ας
2358 2162 2527 2235 πυρὸς
2581 2163 2643 2216 τὸ
2700 2166 2943 2237 Πνεῦμα,
3026 2161 3117 2217 καὶ
3198 2160 3521 2231 ἐπικαθηται
3601 2158 3683 2239 ἐφ’
3761 2157 3856 2215 ἕνα

444 2272 551 2328 per
581 2255 844 2323 singulos
877 2271 1104 2321 eorum,
1138 2270 1354 2325 nempe
1386 2260 1626 2309 centum
1665 2260 1720 2308 et
1752 2254 1955 2326 viginti
1988 2270 2062 2323 qu

2236 2271 2445 2320 ιιαστον,
2502 2256 2611 2305 τῶν
2680 2252 2870 2307 ἑκατὸν
2936 2249 3105 2307 εἶ’κοσι
3173 2249 3452 2322 δηλονότι,
3502 2251 3554 2305 οἳ
3619 2250 3708 2305 καὶ
3772 2254 3854 2322 τῷ

440 2345 504 2400 in
527 2344 703 2399 domo
734 2342 1092 2399 residebant.
1136 2342 1441 2413 Siquidem
1475 2359 1545 2396 ex
1576 2358 1695 2397 una
1737 2343 1936 2397 radice
1968 2358 2058 2397 era

2236 2338 2337 2411 ῗκῳ
2378 2337 2776 2416 προσήδρευον.
2839 2343 2933 2398 Ἐκ
2981 2346 3108 2413 μιᾶς
3138 2341 3239 2416 γὰρ
3296 2340 3363 2408 ἦν
3425 2338 3582 2415 ῥίζης
3612 2340 3646 2407 ἡ
3681 2340 3850 2417 χάρις

438 2436 629 2506 gratia
660 2432 948 2488 Paracleti
980 2432 1040 2485 in
1071 2432 1233 2487 varia
1292 2431 1448 2487 dona
1506 2431 1709 2499 divisa,
1770 2431 2056 2505 linguaqu

2232 2433 2294 2483 οῦ
2330 2426 2701 2503 Παρακλήτου
2734 2429 2808 2493 εἴς
2842 2427 3076 2509 διάφορα
3131 2430 3446 2504 χαρίσματα
3491 2426 3848 2503 μεριζομένη.

441 2540 588 2594 opus
622 2527 747 2577 erat
770 2538 902 2592 qua:
960 2522 1062 2576 Dei
1112 2520 1409 2593 magnalia
1466 2520 1811 2584 declararet,
1849 2538 1981 2592 qum
2028 2521 2059 2575 i1

2234 2515 2303 2571 ἰαὶ
2336 2519 2595 2593 γλώσσης
2626 2514 2733 2572 ἔδει
2763 2517 3064 2593 τρανοῦσης
3124 2517 3189 2571 τὰ
3245 2515 3508 2594 μεγαλεῖα
3562 2516 3658 2571 τοῦ
3687 2520 3852 2583 Θεοῦ,

439 2611 684 2667 modum
739 2610 893 2682 ignis
950 2611 1227 2664 universa
1281 2610 1677 2681 repugnantia
1742 2611 2057 2680 corriperet

2232 2606 2368 2679 πυρὸς
2399 2602 2555 2675 δίκην
2588 2603 2989 2677 ἀναλισκούσης
3040 2612 3142 2661 πᾶν
3199 2605 3261 2661 τὸ
3314 2606 3606 2663 ἀντίθετον.
3668 2606 3850 2679 Πυρὸς

438 2702 620 2755 Porro
651 2700 714 2753 in
737 2698 934 2769 specie
965 2698 1138 2770 ignis,
1174 2714 1314 2752 nam
1346 2698 1600 2769 Spiritus
1650 2714 1886 2768 quoque
1935 2699 2056 2752 Deu

2230 2696 2256 2749 ἒ
2295 2694 2347 2750 ἂν
2380 2692 2533 2764 εἷ’δει,
2584 2697 2669 2751 ὅτι
2715 2698 2801 2752 καὶ
2856 2698 2918 2752 τὸ
2981 2700 3215 2770 Πνεῦμα,
3273 2698 3426 2765 Θεὸς,
3474 2697 3565 2752 καὶ
3620 2697 3708 2751 ἳνα
3755 2696 3846 2751 καὶ

438 2793 530 2843 est
554 2790 731 2854 (Deus
762 2792 958 2841 autem
992 2792 1197 2841 noster
1226 2786 1378 2859 ignis
1408 2803 1768 2841 consumens
1799 2792 1889 2842 est
1909 2785 1999 2857 ²⁵),
2033 2803 2056 2841 ε

2234 2784 2290 2838 ιά
2317 2783 2514 2839 τούτου
2537 2784 2600 2840 τὸ
2633 2786 2870 2865 ὁμοφυες
2903 2787 3037 2861 πρὸς
3071 2787 3164 2842 τὸν
3235 2787 3446 2861 Πατέρα
3501 2787 3844 2862 παραστήσῃ,

436 2882 505 2931 ut
534 2875 992 2930 similitudinem
1022 2881 1250 2930 natura,
1280 2876 1717 2931 demonstraret
1735 2893 1867 2931 cum
1893 2878 2054 2931 Patre

2235 2893 2257 2932 ς
2290 2872 2434 2928 οὕτω
2471 2877 2550 2945 τῷ
2599 2879 2807 2949 Μωϋσῇ
2868 2873 2954 2929 ἐπὶ
3000 2879 3098 2930 τοῦ
3154 2874 3321 2950 βιὶτου
3373 2875 3673 2931 ὀπτάνεται.
3728 2875 3844 2954 Ἐφ’

442 2965 541 3036 qui
574 2965 658 3021 ita
688 2965 830 3021 Mosi
853 2965 916 3019 in
946 2964 1093 3019 rubo
1124 2970 1390 3036 apparet.
1424 2965 1718 3019 Praeterea
1748 2981 1927 3037 super
1966 2964 2057 3019 sin

2223 2981 2284 3014 να
2342 2959 2398 3016 δὲ
2451 2959 2680 3017 ἕκαστον
2741 2963 2994 3032 κάθηται,
3048 2964 3109 3019 τὸ
3184 2961 3398 3039 ἑδραῖον
3458 2964 3547 3019 καὶ
3609 2964 3841 3037 μόνιμον

437 3054 606 3127 gulos
638 3054 822 3119 sedet,
858 3052 1241 3109 stabilitatem
1269 3070 1336 3109 ac
1366 3054 1841 3124 permanentiam
1860 3053 2055 3126 siguiﬁ

2230 3048 2420 3119 ηλοῦν.
2480 3051 2557 3107 Τὸ
2614 3051 2739 3127 γὰρ,
2802 3076 2830 3105 ι(
2887 3052 3155 3119 Ἐκάθισε,
3190 3077 3217 3104 ››
3274 3054 3360 3121 τὸ,
3416 3053 3706 3127 παρέμεινε
3754 3054 3846 3108 καὶ

438 3159 600 3200 cans.
637 3143 819 3198 Dictio
870 3143 1030 3197 enim
1082 3163 1106 3194 α
1134 3143 1313 3204 Sedit.
1337 3163 1361 3193 ››
1412 3142 1571 3197 idem
1604 3141 1898 3214 signiﬁcat
1927 3159 2056 3213 quoi

2227 3139 2619 3209 πανεπαύσατο,
2676 3141 2950 3211 σημαίνει.
3034 3141 3234 3197 Σκόπει
3312 3140 3369 3197 δὲ
3433 3142 3518 3198 ὅτι
3589 3140 3678 3197 ἐπὶ
3749 3143 3845 3215 μὲν

439 3233 769 3304 permansit
800 3237 859 3287 et
889 3233 1193 3303 requievit.
1229 3231 1550 3287 Considera
1594 3248 1728 3287 vero
1770 3249 1900 3303 quas
1931 3249 2057 3304 apui

2227 3230 2450 3285 [ωάννου
2517 3195 2618 3284 δι’
2678 3195 2884 3302 μέλλον
2940 3195 3239 3305 ’ἀνθρώπῳ
3311 3195 3652 3307 ἧωέόῆναὶζ
3713 3195 3845 3287 .5...

439 3323 748 3388 Joannem,
779 3326 846 3376 ut
874 3320 946 3376 ab
979 3337 1096 3375 uno
1129 3320 1367 3376 homine
1393 3322 1488 3378 I5
1525 3328 2000 3393 cognosceretur,
2024 3322 2057 3375 i1

2221 3319 2482 3393 περιστερά
2512 3316 2796 3394 βλέπεται,
2828 3322 2897 3392 τῇ
2946 3317 3161 3399 κεφαλῇ
3218 3325 3315 3374 τοῦ
3373 3323 3611 3395 Χριστοῦ
3668 3319 3839 3377 ἐπιόν.

442 3411 687 3467 modum
718 3409 1008 3465 columhaa
1039 3409 1291 3474 videtur,
1326 3410 1695 3464 descendens
1718 3428 1894 3481 super
1914 3427 2060 3482 capu

2221 3408 2321 3464 Οτε
2379 3404 2436 3461 δι
2500 3405 2717 3477 πλῆθος
2768 3406 2897 3463 ὅλον
2954 3407 3349 3486 ἐπιστραφῆναι
3392 3406 3521 3478 ἔδει,
3590 3411 3664 3472 ὡς
3709 3414 3839 3482 πῦρ.

439 3498 675 3555 Christi.
691 3498 937 3564 Quando
952 3505 1149 3553 autem
1167 3497 1609 3552 multitudinem
1625 3504 1806 3552 totam
1828 3506 2057 3553 converl

2224 3494 2304 3550 [ai
2334 3496 2362 3550 ὃ
2393 3497 2552 3570 εἶχον
2575 3496 2634 3551 ἐκ
2662 3494 2905 3551 παλαιοῦ
2925 3492 3171 3571 Ἑϐραῖοι
3228 3498 3353 3571 περὶ
3415 3502 3551 3554 Θεοῦ
3609 3495 3842 3553 διανοεῖ-

441 3587 771 3660 oportebat,
809 3593 1089 3657 tanquam
1120 3587 1290 3658 ignis.
1330 3586 1509 3657 ldque
1548 3592 1819 3658 poterant
1862 3587 2059 3643 Hebrus

2220 3587 2338 3653 θαι,
2371 3587 2454 3641 ὅτι
2485 3590 2593 3659 πῦρ
2634 3586 2745 3641 ἐστι
2803 3586 3213 3645 καταναλίσκον.
3272 3586 3451 3646 ’Δλλὰ
3505 3590 3597 3644 καὶ
3651 3589 3740 3645 ὅτε
3768 3592 3838 3663 τῇ

442 3695 511 3734 ex
546 3676 736 3732 Veteri
767 3692 1004 3748 quoque
1035 3677 1409 3730 Testamento
1455 3676 1526 3731 de
1580 3676 1693 3730 Deo
1734 3676 2060 3747 intelligere

2223 3678 2478 3754 προσευχῇ
2508 3675 2973 3751 προσεκαρτέρουν
3006 3677 3058 3731 οἱ
3088 3679 3328 3750 μαθηται
3359 3678 3446 3733 καὶ
3508 3681 3577 3752 τῇ
3637 3675 3841 3749 δεήσει,

441 3767 599 3840 quod
626 3766 778 3839 ignis
811 3782 1171 3821 consumens
1203 3772 1376 3820 esset.
1423 3767 1716 3820 l’raaterea
1746 3766 1924 3821 etiam
1949 3765 2059 3821 dun

2228 3763 2282 3819 αὶ
2311 3768 2380 3837 τῇ
2412 3765 2549 3838 πρὸς
2578 3762 2865 3836 ἀλλήλους
2906 3765 3111 3841 ἀγάπῃ,
3142 3765 3267 3822 τότε
3296 3767 3482 3828 αὐτοῖς
3511 3767 3574 3824 τὸ
3624 3771 3843 3842 Πνεῦμα

443 3855 713 3927 discipuli
730 3854 981 3910 orationi
1001 3854 1460 3910 etobsecrationi
1482 3861 1816 3925 mutumque
1830 3854 2061 3910 dilectio

1222 3854 1460 3909 orationi
1482 3854 2092 3925 mutumquedilectio-
2192 3854 2253 3908 τὸ
2286 3855 2440 3929 ἅγιον
2468 3854 2840 3931 παραγίνεται.

440 3945 501 3999 ni
528 3944 959 4008 incumberent,
987 3949 1125 3998 tunc
1154 3943 1313 3997 venit
1332 3943 1406 3998 ad
1426 3959 1526 3998 eos
1546 3943 1799 4014 Spiritus
1823 3950 2086 4001 sanctus.

511 4034 581 4100 Il,
604 4034 655 4085 4.
691 4053 719 4081 ‹‹
749 4034 930 4086 Prout
960 4032 1086 4103 ipse
1117 4031 1369 4104 Spiritus
1425 4031 1602 4087 dabat
1653 4032 1853 4105 eloqui
1886 4033 2027 4088 illis.
2059 4057 2087 4084 ››

2266 4057 2293 4085 ι(
2328 4032 2523 4097 Καθὼς
2554 4034 2617 4089 τὸ
2648 4036 2868 4107 Βνεῦμα
2895 4031 3078 4089 ἐδίδου
3110 4034 3299 4097 αὐτοῖς
3328 4032 3779 4115 ἀποφθέγγεσθαι.
3816 4059 3845 4089 n

510 4123 693 4177 Erant
712 4122 871 4176 enim
904 4121 1065 4177 scitae
1084 4122 1409 4193 brevesque
1437 4122 1768 4191 sententia,
1796 4140 1944 4194 quas
1973 4123 2091 4179 lin-

2268 4123 2691 4200 Ἀποφθέγματα
2753 4124 2857 4199 γὰρ
2912 4125 3068 4194 ἦσαν,
3128 4124 3161 4179 ἃ
3214 4129 3336 4187 ταῖς
3398 4123 3679 4200 γλώσσαις
3722 4132 3844 4190 ταῖς

437 4212 568 4286 guis
598 4210 773 4266 variis
805 4210 1201 4281 proferebant.

2196 4208 2483 4288 διαφόροις
2514 4210 2833 4289 προέφερον.

508 4304 577 4359 Il.
611 4307 662 4359 ὅ.
698 4325 724 4353 ‹‹
758 4305 939 4359 Erant
963 4308 1159 4358 autem
1190 4302 1573 4373 Jerosolymis
1618 4304 1958 4361 habitantes
1986 4306 2085 4361 Ju-

2266 4324 2295 4352 ι(
2328 4301 2496 4355 Ἦσαν
2547 4295 2605 4354 δὲ
2661 4297 2713 4353 ἐν
2769 4298 3136 4374 Ἰερουσαλὴμ
3161 4304 3538 4363 κατοικοῦντες
3589 4298 3848 4359 Ἰουδαῖοι

441 4417 468 4446 α
504 4395 639 4456 dmi,
663 4392 769 4446 viri
802 4392 1064 4464 religiosi
1097 4409 1167 4445 ex
1196 4392 1360 4446 omni
1393 4393 1635 4446 natione
1696 4408 1901 4449 eorum
1959 4411 2059 4465 qu:

2259 4386 2446 4465 ἄνδρες
2476 4383 2729 4449 εὐλαϐεῖς
2786 4387 2895 4445 ἀπὸ
2947 4390 3151 4453 παντὸς
3205 4387 3391 4452 ἔθνους
3447 4396 3558 4448 τῶν
3621 4392 3725 4448 ὑπὸ
3753 4393 3851 4449 τὸν

441 4505 469 4534 ‹‹
502 4490 642 4539 sunt
673 4481 781 4539 sub
812 4482 978 4537 cmlo.
1019 4505 1040 4531 ι

952 4502 978 4535 ι.
1019 4505 1040 4531 ι
2198 4503 2227 4531 ι(
2262 4476 2513 4551 οὐρανόν.
2545 4498 2570 4531 ι

511 4576 677 4641 Quod
708 4575 967 4648 religiosi
993 4578 1194 4630 essent
1222 4590 1292 4629 ex
1323 4590 1391 4630 eo
1438 4574 1719 4637 ostendit.
1747 4576 1906 4647 quod
1948 4578 2091 4632 reli-
2124 4556 2129 4620 Ι

2265 4592 2381 4641 Ὀτι
2415 4580 2665 4649 εὐλαϐεῖς
2722 4584 2955 4643 δείκνυσι
3020 4588 3104 4657 τὸ,
3158 4588 3254 4651 τὰς
3308 4587 3572 4664 πατρίδας
3615 4589 3853 4647 καταλι-

441 4668 552 4723 ctis
580 4668 810 4739 patriis,
845 4666 1343 4740 possessionibus,
1376 4666 1772 4739 domibusque
1802 4668 2059 4726 dimissis

2241 4677 2415 4747 ὄντας,
2471 4677 2563 4732 καὶ
2616 4679 2835 4748 κτήσεις
2892 4679 3122 4756 ἀφέντας
3179 4679 3269 4734 καὶ
3328 4678 3525 4750 οἰκίας,
3584 4683 3683 4751 τὴν
3761 4684 3855 4742 Ἰε-

437 4756 805 4828 Jerosolyma
835 4758 1127 4829 eligerent
1180 4757 1467 4825 habitare,
1520 4762 1585 4811 ut
1632 4758 1806 4829 juxta
1839 4761 2055 4830 patriam

2235 4766 2495 4841 ουσαλήμ
2549 4764 2761 4823 ἑλέσθαι
2845 4774 3141 4834 κατοικεῖν,
3195 4767 3287 4824 ’ίνα
3338 4767 3512 4844 ἔχωσι
3567 4772 3705 4827 κατὰ
3749 4774 3850 4830 τὸν

438 4842 630 4915 legem
651 4850 740 4899 ter
761 4846 821 4899 in
842 4862 999 4900 anno
1033 4852 1277 4916 possent
1292 4862 1577 4918 apparere
1592 4862 1790 4903 coram
1815 4848 2056 4903 Domino

2056 4868 2065 4901 ι
2198 4857 2423 4931 πάτριον
2453 4856 2623 4929 νόμον
2641 4857 2761 4931 τρὶς
2792 4861 2889 4912 τοῦ
2915 4855 3164 4913 ἐνιαυτοῦ
3186 4842 3509 4915 ὀπτάνεσθαι
3540 4865 3674 4932 Θεῷ.

512 4934 581 5001 ΙΙ,
617 4936 648 4988 6
684 4934 769 4988 12.
804 4956 831 4984 ‹‹
864 4935 1038 4989 Facta
1064 4952 1198 4991 vero
1230 4936 1341 4991 hac
1393 4953 1532 4991 voce
1563 4937 1843 4993 convenit
1888 4938 2090 4994 multi-

2270 4970 2298 4999 «
2344 4945 2644 5020 Γενομένης
2703 4944 2760 5001 δὲ
2815 4950 2917 5012 τῆς
2975 4953 3165 5026 φωνῆς
3221 4948 3447 5019 ταύτης,
3496 4948 3731 5020 ωνῆλτε
3783 4953 3850 5008 τὸ

440 5044 469 5073 ‹‹
504 5021 670 5088 tudo,
703 5028 762 5077 et
791 5021 1039 5078 confusa
1060 5028 1168 5089 est,
1202 5024 1361 5094 quod
1383 5025 1661 5080 audirent
1682 5027 2058 5099 unusquisqu

2260 5032 2495 5103 πλῆθος,
2524 5034 2615 5089 καὶ
2678 5021 3086 5110 συνεχύθηξδτι
3142 5034 3341 5105 ἤκουον
3395 5037 3477 5100 εἷς
3523 5034 3749 5103 ἕκαστος
3777 5045 3852 5116 τῇ

445 5116 709 5189 «lingua
765 5131 873 5171 sua
924 5114 1060 5170 illos
1114 5115 1449 5187 loquentes.
1511 5118 1842 5190 Stupebant
1892 5125 2063 5176 auten

2292 5120 2406 5193 ίδίᾳ
2465 5118 2735 5196 διαλέκτῳ
2780 5120 3097 5178 λαλούντων
3152 5124 3353 5181 αὐτῶν.
3418 5126 3721 5197 Ἐξίσταντο
3789 5114 3853 5187 δῖ

449 5224 470 5253 ι
507 5210 789 5261 omneset
819 5204 1211 5266 mirabantur,
1234 5204 1499 5260 dicentes
1518 5205 1813 5263 intersese
1839 5225 1853 5263 :
1885 5207 2067 5264 Nonm

2265 5213 2459 5275 πάντες
2498 5211 2589 5267 καὶ
2648 5211 2977 5286 ἐθαύμαζον,
3037 5210 3289 5291 λέγοντες
3346 5216 3485 5291 πρὸς
3539 5215 3852 5289 ἀλλήλους·

446 5311 469 5342 ι
507 5309 642 5350 ecce
676 5309 884 5349 omnes
913 5292 1009 5347 isti
1042 5293 1144 5363 qui
1177 5293 1505 5364 loquuntur
1534 5295 1761 5352 Galilaai
1805 5303 1945 5353 sunt
1974 5298 2002 5354 7
2024 5300 2064 5353 E

2262 5301 2376 5359 Οὐκ
2407 5298 2525 5358 ἰδοῦ
2573 5304 2774 5366 πάντες
2820 5302 2975 5359 οὗτοί
3031 5303 3165 5360 εἰσιν
3223 5305 3276 5360 οἱ
3330 5303 3636 5371 λαλοῦντες
3690 5309 3857 5366 Γαλι-

441 5403 471 5432 ‹‹
497 5382 794 5453 quomodo
822 5399 932 5438 nos
953 5381 1230 5438 audimus
1261 5397 1360 5437 eos
1377 5383 2055 5461 propriaquisquelingu

2264 5387 2413 5445 λαῖοι
2449 5390 2591 5460 ;Καὶ
2621 5396 2741 5456 πῶς
2786 5395 2950 5466 ἡμεῖς
3008 5391 3303 5469 ἀκούομεν,
3355 5392 3578 5458 ἕκαστος
3617 5401 3687 5465 τῆ
3737 5395 3856 5473 ἰδίᾳ

446 5491 478 5525 α
507 5477 714 5528 nostra
748 5472 812 5529 in
844 5488 961 5546 qua
987 5472 1113 5529 nati
1170 5487 1377 5528 sumus
1402 5471 1430 5528 ‘I
1485 5473 1710 5541 Parthi,
1742 5482 1803 5532 et
1830 5475 2002 5546 Medi,
2035 5495 2064 5534 e

2264 5475 2533 5552 διαλέκτῳ
2587 5481 2751 5554 ἡμῶν
2806 5479 2860 5537 ἂν
2912 5481 2952 5554 ᾗ
3001 5478 3413 5558 ἆγεννήθημενς
3475 5486 3704 5563 Πάρθοι,

520 5624 569 5662 ⁸³
597 5626 777 5683 Exod.
810 5642 923 5697 xxv,
954 5630 1040 5682 21·
1121 5626 1167 5662 ⁸⁵
1196 5625 1399 5684 Matth.
1432 5642 1522 5694 ιιι,
1555 5627 1642 5683 11.
1719 5627 1768 5663 ⁸⁵
1798 5628 1965 5686 Deut.
1999 5647 2078 5705 iv,
2107 5634 2138 5688 2

1121 5626 1167 5662 ⁸⁵
1196 5625 1399 5684 Matth.
1432 5642 1522 5694 ιιι,
1555 5627 1642 5683 11.
1719 5627 1768 5663 ⁸⁵
1798 5628 1965 5686 Deut.
1999 5647 2078 5705 iv,
2107 5632 2177 5688 26
2208 5650 2223 5703 ;
2257 5632 2435 5691 Hebr.
2468 5651 2570 5707 xu,
2601 5637 2690 5693 29.
