4098 6260
231 374 289 441 ἳδδ
1290 394 1698 457 COMMENT.
1745 393 1823 454 IN
1868 392 1971 452 ac

2111 389 2728 452 APOSTOLORUM.
3644 394 3723 455 66

239 518 480 591 ⁰¹Μῗῖδοιν
536 525 649 579 καὶ
724 528 1111 604 Ἐλαμῖται,
1166 531 1253 585 καὶ
1313 531 1362 584 οἱ
1419 533 1800 589 κατοικοῦντες
1866 528 1964 596 τήν

2086 544 2110 576 ιι
2143 524 2432 590 Ειοωὶιω,
2460 530 2517 579 et
2536 525 2898 582 habitatores
2920 529 3373 599 Mesopotamia,
3390 528 3725 599 Judazazque

876 621 1161 679 Ἰουδαίαν
1248 642 1305 675 τε
1382 621 1472 675 καὶ
1549 617 1963 676 Καππαδοκίαν.

232 726 252 752 «ι
279 702 488 757 Πόντον
520 706 629 759 καὶ
670 711 798 778 τὴν
840 712 1078 778 Ἀσίαν,
1111 711 1343 785 Φρυγίαν
1373 731 1429 765 τε
1475 710 1566 764 καὶ
1620 709 1962 786 Παμφυλίαν.

232 816 255 843 ιι
285 790 588 870 Αἴγυπτον
628 804 740 850 καί
781 799 865 854 τὰ
905 800 1052 875 μέρη
1114 807 1209 868 τῆς
1264 794 1473 869 Λιϐύης
1528 806 1627 867 τῆς
1684 798 1823 852 κατὰ
1855 804 1966 851 Κυ-

243 906 268 935 ιι
296 886 503 958 ρήνην,
536 887 647 941 καὶ
687 888 753 940 οἱ
803 887 1220 963 ἐπιδημοῦντες
1269 890 1562 959 Ῥωμαῖοι,
1622 884 1877 943 Ἰουδαῖοί
1911 907 1968 941 τε

251 998 279 1026 ιι
314 974 408 1028 καὶ
474 973 905 1050 προσήλυτοι,
972 986 1184 1053 Κρῆτες
1236 978 1327 1032 καὶ
1384 972 1641 1053 Ἄραϐες,
1698 976 1968 1047 ἀκούομεν

264 1090 289 1117 ιι
320 1063 662 1120 λαλούντων
733 1068 937 1123 αότῶν
1002 1074 1121 1129 ταῖς
1205 1066 1495 1141 ἡμετεραις
1571 1065 1847 1143 γλώσσαις
1903 1065 1970 1119 τὰ

274 1182 301 1208 ιι
364 1154 643 1231 μεγαλεῖα
704 1162 817 1211 τοῦ
884 1162 1026 1213 Θεοῦ
1111 1158 1416 1228 Ἑξίσταντο
1492 1153 1549 1210 δὲ
1605 1156 1821 1222 πάντες,
1877 1154 1967 1208 καὶ

286 1244 683 1318 «διηπόρουν,
744 1245 933 1307 ἄλλος
994 1246 1134 1322 πρᾶς
1209 1244 1383 1301 ἄλλον
1452 1243 1718 1319 λέγοντες
1779 1244 1843 1299 Τί
1910 1242 1969 1297 ἂν

294 1360 323 1388 ι(
352 1336 508 1391 θελοι
530 1341 705 1390 τοῦτο
741 1342 883 1391 εἶναι
922 1357 935 1405 ;
974 1360 1001 1386 ιι

372 1424 663 1503 Συνεχύθη
730 1426 797 1479 τὸ
857 1424 1099 1495 πλῆθος,
1147 1422 1274 1494 ἤτοι
1335 1422 1613 1504 ἐταράχθη
1652 1468 1666 1493 ,
1721 1421 1966 1483 εἰκότωςο

304 1515 561 1587 ἐνόμιζον
622 1514 732 1590 γὰρ
812 1513 1077 1589 παρέχειν
1134 1514 1321 1575 αὐτοῖς
1378 1514 1696 1590 πράγματα,
1757 1510 1846 1566 διὰ
1904 1512 1970 1566 τὰ

296 1605 442 1659 κατὰ
474 1608 577 1658 τοῦ
611 1608 865 1678 Χριστοῦ
894 1601 1258 1675 τολμηθέντα,
1293 1604 1383 1657 καὶ
1427 1603 1489 1657 τὸ
1544 1599 1781 1661 συνειδὸς
1838 1622 1970 1656 κατ-

300 1696 472 1749 έσειεν
502 1694 690 1748 αὐτῶν
724 1694 823 1753 τὰς
856 1696 1060 1771 ψυχας.
1098 1693 1195 1747 Καὶ
1251 1694 1301 1746 οἱ
1337 1693 1429 1763 μὶν
1466 1693 1742 1771 μιαιρόνοι
1774 1688 1967 1752 οὕτως·

303 1787 356 1838 οἱ
389 1782 454 1838 δὲ
485 1778 755 1841 εὐλαϐεῖς
814 1780 1133 1853 ἐθαύμαζον.
1201 1780 1529 1841 Γαλιλαίους
1591 1781 1683 1853 μὲν
1714 1781 1969 1854 ἐπιγινώ-

302 1894 531 1929 σκοντες
598 1872 825 1933 αὐτοὺς,
882 1877 1002 1931 ταῖς
1064 1868 1120 1924 δὲ
1184 1870 1437 1944 πατρίοις
1472 1868 1731 1945 γλὸσσαις
1799 1869 1972 1923 αὐτῶν

304 1962 654 2022 λαλοῦντας.
721 1959 879 2017 Ἀλλ’
937 1961 986 2015 οἱ
1040 1961 1133 2033 μὶν
1182 1956 1484 2014 ἀποστολοι
1552 1955 1747 2032 ᾔδεσαν
1794 1960 1826 2013 ἃ
1888 1960 1973 2013 λὲο

305 2073 530 2129 γουσιν,
564 2052 655 2106 ὅτι
686 2056 753 2105 τὶ
787 2050 1047 2125 μεγαλεῖα
1104 2054 1199 2103 τοῦ
1266 2054 1422 2117 Θεοῦ,
1452 2047 1634 2110 ποίαις
1676 2044 1733 2102 δὲ
1790 2046 1973 2123 γλώσο

312 2163 444 2202 aut:
476 2142 585 2195 οῦκ
609 2138 829 2215 ᾔδεσαν,
862 2139 905 2194 εί
944 2147 1017 2211 μῆ
1055 2140 1107 2193 οἳ
1141 2138 1427 2198 ἀκούοντες
1458 2135 1645 2211 ἄνδρες
1702 2132 1974 2206 εὐλαϐεῖς,

326 2234 459 2286 οἷον
490 2233 519 2285 ὁ
552 2232 760 2300 Σκύθης
790 2233 981 2306 τυχὸν,
1015 2230 1049 2298 ἢ
1086 2231 1114 2284 ὁ
1147 2226 1308 2290 Ἰνδὸς
1343 2228 1426 2283 ὅτι
1469 2230 1746 2297 Σκυθιστὶ,
1781 2228 1815 2297 ἢ
1858 2225 1977 2281 δια-

336 2320 528 2391 λέκτῳ
556 2318 731 2377 Ἰνδῶν
753 2322 802 2374 οἱ
833 2318 1138 2374 ἀπόστολοι
1169 2320 1509 2397 φθέγγονται.

233 636 253 663 ιί
280 613 794 690 Μεσοποταμίαν,

388 2616 418 2641 α
472 2592 693 2664 Ἐτεροι
755 2588 811 2643 δὲ
868 2587 1231 2658 χλευάζοντες
1291 2583 1501 2663 ἔλεγον,
1561 2585 1646 2641 ὅτι
1706 2584 1978 2649 Γλεύκους

308 2706 336 2731 τι
379 2677 805 2754 μεμεστωμένοι
838 2679 993 2735 εἰσίν.
1026 2702 1053 2729 ››

379 2774 561 2828 ἾΙσαν
621 2770 679 2826 δὲ
731 2771 821 2825 ναί
878 2790 1016 2831 τινες
1083 2773 1190 2824 τῶν
1270 2765 1572 2837 συνιέντων,
1627 2766 1976 2842 χυδαιότεροι

306 2858 471 2925 ἴσως,
522 2860 634 2914 ἀπὸ
686 2859 856 2931 μέθης
916 2859 980 2913 τὰ
1035 2856 1341 2929 τελούμενα
1397 2860 1534 2911 εἶναι
1592 2857 1974 2935 χλευάζοντες.

304 2950 372 3004 Εἰ
406 2950 518 3025 γὰρ
558 2951 635 3020 μή
674 2948 940 3016 συνίεσαν,
995 2942 1107 2999 οὐδ’
1165 2944 1224 2999 ἂν
1283 2945 1358 3008 εἷς
1418 2944 1584 3018 μέθην
1632 2945 1696 2999 τὸ
1749 2949 1977 3019 πρᾶγμα

304 3035 643 3093 διέϐαλλον.
686 3037 751 3093 Εἰ
807 3035 864 3090 δὲ
921 3034 1237 3090 λαλούντων
1294 3034 1471 3089 αὐτῶν
1527 3041 1784 3097 συνίεσαν,
1816 3032 1975 3107 ἐρεῖς,

311 3134 439 3187 πῶς
500 3126 564 3181 ἂν
625 3126 915 3205 χλευάζειν
969 3124 1329 3198 ἐτόλμησαν;
1414 3121 1567 3179 Ἀλλ’
1626 3126 1660 3192 ἡ
1720 3123 1881 3177 κακία
1926 3122 1975 3191 ἐξ

319 3212 791 3291 ῦπιρὸαλλούσης
848 3214 1136 3287 πονηρίας,
1215 3210 1427 3275 ούδενός
1514 3212 1654 3267 ἐστιν
1711 3212 1887 3267 ἄλλου
1939 3212 1973 3281 ἢ

2078 635 2105 663 ‹‹
2139 621 2198 667 et
2226 614 2633 684 Cappadociae,
2670 617 2838 670 Ponti
2899 624 2958 670 et
3016 619 3189 679 Asiae,
3250 619 3635 690 Phrygimque
3667 624 3726 672 et

2078 723 2103 754 α
2138 704 2521 774 Pamphyliw,
2554 706 2780 775 ASgypti
2815 711 2871 759 et
2920 707 3174 778 partium
3212 708 3401 779 Libyae
3434 711 3561 777 ejus
3593 724 3725 778 quae

2077 815 2105 842 «
2139 799 2229 846 est
2256 793 2511 847 ﬁnitima
2541 796 2802 864 Cyrenm,
2838 801 2895 849 et
2931 796 3054 849 illic
3102 805 3407 851 versantes
3453 797 3726 861 Romani,

2081 903 2110 931 «
2137 881 2442 952 Judazique
2466 889 2523 938 et
2554 885 2858 956 proselyti,
2880 886 3081 939 Cretes
3116 893 3173 939 et
3202 887 3423 941 Arabes
3454 887 3728 941 audimus

2078 994 2106 1021 «
2138 988 2238 1027 eos
2270 972 2582 1042 loquentes
2613 975 2831 1028 nostris
2865 976 3081 1046 linguis
3115 977 3409 1048 magnalia
3439 978 3559 1031 Dei.
3595 978 3730 1031 δια-

2080 1084 2107 1112 ‹‹
2136 1062 2359 1133 pebant
2385 1077 2584 1117 autem
2618 1081 2826 1118 omnes
2857 1081 2925 1118 ac
2962 1066 3431 1134 admirabantur,
3471 1066 3624 1121 alius
3655 1065 3731 1119 ad

2078 1173 2104 1199 ‹‹
2130 1151 2315 1205 alium
2349 1151 2616 1207 dicentes
2654 1170 2665 1206 :
2700 1153 2989 1217 Quidnam
3025 1156 3145 1208 vult
3176 1156 3285 1210 hoc
3318 1172 3446 1210 esse
3477 1155 3505 1209 Ἰ
3536 1178 3563 1204 ››

2150 1421 2402 1476 Confusa
2477 1428 2567 1475 est
2650 1423 2900 1477 multido
2985 1425 3104 1478 sive
3189 1425 3468 1487 turbata.
3546 1426 3726 1497 idque

2078 1511 2291 1565 merito
2328 1527 2338 1563 :
2374 1510 2795 1565 existimabunt
2826 1513 2983 1566 enim
3036 1513 3193 1582 quod
3242 1514 3540 1584 negotium
3608 1514 3730 1569 illis

2078 1600 2463 1663 facesserent,
2497 1602 2571 1655 ob
2605 1618 2671 1655 ea
2704 1619 2833 1671 qua:
2858 1603 3139 1657 adversus
3172 1605 3468 1659 Christum
3512 1611 3733 1660 temere

2080 1691 2523 1748 commiserant.
2567 1691 2639 1743 ob
2686 1708 2817 1759 quas
2880 1693 3057 1746 etiam
3110 1693 3475 1747 conscientia
3529 1710 3732 1748 eorum

2081 1779 2310 1833 animas
2343 1780 2738 1833 concutiebat.
2792 1786 2854 1833 Μ,
2884 1781 3197 1835 homicidae
3255 1780 3495 1851 quidem
3556 1784 3637 1836 ita
3668 1800 3728 1837 se

2084 1869 2398 1922 habebant.
2437 1869 2711 1940 Religiosi
2745 1886 2878 1923 vero
2910 1870 3385 1931 admirabantur,
3416 1888 3552 1925 cum
3594 1872 3729 1925 illos

2087 1959 2358 2013 Galilwos
2391 1974 2517 2012 esse
2544 1967 2992 2029 cognoscerent.
3026 1967 3084 2014 et
3117 1967 3312 2015 tamen
3344 1961 3549 2031 patriis
3573 1962 3733 2031 ipso-

2086 2064 2217 2100 rum
2250 2046 2470 2118 linguis
2514 2047 2919 2117 loquerentur.
2958 2050 3166 2103 Verum
3203 2049 3455 2120 apostoli
3490 2050 3731 2119 quidem

2086 2144 2374 2191 noverant
2394 2155 2525 2207 qua:
2548 2138 2833 2204 dicerent,
2850 2155 3062 2209 nempe
3082 2140 3239 2209 quod
3264 2140 3579 2211 magniﬁca
3598 2140 3727 2194 Dei:

2088 2225 2302 2294 quibus
2334 2231 2531 2279 autem
2565 2225 2783 2297 linguis
2806 2242 2874 2280 ea
2896 2227 3431 2296 loquerentur,non
3454 2234 3739 2282 noverant

2089 2314 2203 2366 nisi
2230 2314 2336 2367 viri
2394 2315 2654 2385 religiosi
2681 2316 2781 2384 qui
2824 2316 3163 2382 audiebant,
3196 2324 3337 2387 puta
3395 2318 3607 2388 Scytha
3633 2319 3745 2373 for-

2089 2403 2264 2456 tassis
2292 2408 2393 2456 aut
2422 2402 2623 2468 Indus,
2656 2404 2756 2455 10
2792 2404 2949 2472 quod
2982 2405 3253 2474 Scythica
3302 2412 3403 2459 aut
3458 2407 3739 2461 ludorum

2086 2490 2291 2562 lingua
2320 2490 2587 2561 Apostoli
2624 2490 3030 2561 loquerentur.

2162 2599 2187 2631 α
2221 2579 2334 2633 Alii
2360 2586 2556 2633 autem
2590 2579 2909 2633 irridentes
2940 2580 3248 2635 dicebant:
3285 2583 3471 2636 Musto
3506 2583 3734 2654 impleti

2088 2689 2117 2717 «
2161 2674 2318 2722 sunt.
2354 2690 2381 2717 »

2158 2756 2549 2811 Erantautem
2574 2762 2633 2811 et
2652 2757 2925 2811 nonnulli
2953 2774 3158 2813 eorum
3183 2760 3282 2829 qui
3301 2760 3737 2831 intelligebant,

2089 2845 2442 2915 abjectiores
2478 2846 2767 2911 fortassis,
2802 2848 2959 2917 quod
2993 2848 3332 2914 irridentes,
3366 2866 3434 2905 ea
3455 2868 3585 2920 quae
3630 2852 3737 2904 tie-

2088 2934 2233 2989 bant
2263 2936 2570 2989 ebrietatis
2601 2953 2730 2991 esse
2766 2936 3050 2991 dicerent.
3086 2939 3205 2991 Nisi
3239 2940 3397 2993 enim
3443 2941 3739 3011 intellige-

2087 3030 2241 3087 rent,
2276 3042 2401 3079 rem
2435 3026 2621 3095 ipsam
2648 3042 3024 3096 nequaquam
3057 3027 3129 3081 ad
3150 3027 3491 3082 ebrietatem
3518 3031 3737 3083 calum-

2088 3114 2326 3167 niantes
2360 3114 2669 3167 referrent.
2696 3116 2909 3167 Verum
2938 3115 3098 3169 dices
3124 3132 3135 3167 :
3162 3116 3215 3168 Si
3242 3116 3400 3186 ipsos
3424 3117 3737 3187 loquentes

2088 3202 2518 3273 intelligebant,
2555 3219 2815 3272 quonam
2857 3203 3029 3257 modo
3076 3204 3324 3258 irridere
3380 3206 3678 3260 audebant
3710 3209 3737 3260 ‘2

335 3306 517 3376 μόνης
550 3311 649 3371 τῆς
679 3302 1000 3382 διαστροφῆς
1034 3303 1223 3372 αὐτῆς,
1250 3302 1399 3362 ὅπως
1450 3301 1535 3357 ὅτι
1568 3299 1771 3371 δήποτε
1822 3301 1971 3354 ἀνευ·

2091 3291 2201 3345 Sed
2233 3292 2460 3345 malitia
2489 3308 2621 3361 quia
2645 3308 2713 3345 ex
2736 3293 2920 3346 nimia
2942 3293 3224 3363 pravitate
3249 3301 3358 3360 est,
3384 3312 3419 3350 a
3440 3296 3736 3350 nulloalio

336 3395 518 3467 ροῦσα
539 3394 601 3447 τό
632 3395 789 3467 παρὸν
819 3391 1211 3467 διακρούσηται
1233 3397 1451 3449 ὐποῖον
1480 3392 1571 3445 καὶ
1612 3395 1706 3445 τοῦ
1737 3392 1973 3464 Χριστοῦ

325 3486 890 3559 θαυματουργοῦντος,
934 3483 1031 3537 οὐκ
1064 3482 1216 3561 εἶχον
1270 3483 1363 3555 μὶν
1422 3474 1793 3559 ἀμφιϐάλλειν
1843 3481 1976 3553 πρὸς

316 3576 422 3641 τήν
476 3572 762 3645 ἐνέργειαν,
825 3578 903 3645 τῷ
964 3568 1021 3626 δὲ
1071 3567 1407 3641 Βεελζεὸοὺλ
1480 3570 1803 3642 μεμηνότως
1886 3568 1975 3623 ἐπ-

312 3663 628 3740 εγράφοντο
658 3663 723 3716 τὸ
792 3666 1041 3739 πρᾶγμα.
1097 3662 1297 3717 Ἐθνῶν
1356 3657 1412 3714 δὲ
1472 3660 1743 3733 μέμνηται
1804 3656 1975 3713 πολε-

315 3753 462 3823 μίων
522 3755 643 3811 τοῖς
692 3748 1011 3817 Ἰουῗαίοις,
1073 3754 1327 3823 Κρητῶν,
1380 3742 1648 3821 ’Δρᾶϐων,
1730 3747 1819 3801 καὶ
1870 3751 1975 3802 τῶν

311 3838 532 3906 ἄλλων,
569 3840 643 3893 ὧν
677 3845 800 3899 ταῖς
832 3837 1106 3915 γλώσσαις
1137 3836 1456 3905 λαλοῦντες,
1492 3832 1773 3909 σύμϐολον
1811 3841 1973 3891 τοῦτο

308 3929 680 4001 παρείχοντο,
714 3929 787 3988 ὡς
820 3928 1032 3982 πάντων
1065 3926 1273 3981 τούτων
1302 3930 1371 4000 τῇ
1398 3927 1577 3981 πίστει
1615 3927 1973 3999 κρατήσουσιν

309 4021 621 4091 Πανταχοῦ
643 4014 703 4071 δὲ
739 4017 874 4089 μετὰ
901 4018 1000 4083 τῆς
1026 4015 1223 4089 ἀρετῆς
1256 4017 1289 4083 ἡ
1328 4015 1630 4093 μοχθηρία.
1662 4015 1729 4070 Οἱ
1764 4015 1857 4088 μὲν
1888 4014 1973 4069 εὐ-

311 4101 511 4166 λαϐεῖς
546 4106 876 4179 ἐθαύμαζον,
898 4105 953 4158 οἱ
975 4101 1032 4158 δὲ
1062 4102 1379 4179 ἐχλεύαζον.
1408 4105 1548 4177 ’Ὁρη
1584 4100 1639 4157 δὲ
1659 4104 1758 4172 τήν
1792 4102 1970 4158 ἄνοιαν

311 4201 427 4249 τῶν
496 4194 901 4269 χλευαζόντων.
962 4191 1258 4259 Γλεύκους,
1318 4191 1442 4269 φασὶ
1482 4235 1495 4261 ,
1558 4192 1971 4265 μεμεστωμένοι

311 4285 445 4342 εθσί.
487 4285 588 4339 Καί
621 4283 792 4340 τοιού
846 4281 1043 4338 τούτου
1101 4282 1291 4356 καιρὸς
1347 4281 1432 4350 ἧν.
1494 4283 1837 4351 Πεντηκοστὴ
1868 4282 1970 4356 γὰρ

306 4377 403 4444 ἦν,
464 4374 558 4429 ὅτε
626 4372 860 4449 γλεῦκος
915 4372 1015 4427 ούκ
1070 4369 1204 4427 ἔστι.
1264 4372 1497 4431 Γλεῦκος
1556 4372 1662 4444 γὰρ
1712 4371 1971 4444 κυρίωςὸ

306 4465 408 4518 ἀπ’
442 4464 619 4531 αὐτῆς
648 4469 751 4531 τῆς
791 4460 961 4530 ληνοῦ
997 4458 1201 4534 γλυκὺς
1261 4459 1395 4534 ῥέων
1449 4460 1616 4520 οἶνος.
1676 4458 1855 4515 ’Δλλὰ
1882 4460 1972 4514 καὶ

306 4557 347 4621 ἡ
384 4555 508 4626 ὥρα
538 4552 699 4626 τρίτη
726 4551 816 4619 ἦν,
848 4549 899 4603 ἐν
941 4554 976 4622 ᾗ
1008 4549 1265 4613 ἀπίθανον
1329 4548 1566 4621 μεθύειν,
1599 4549 1684 4602 καὶ
1738 4546 1975 4618 μάλιστα

2083 3397 2262 3451 quam
2295 3380 2367 3435 ab
2401 3382 2531 3452 ipsa
2574 3382 2957 3452 perversitate
3019 3384 3287 3453 procedit
3320 3402 3333 3439 :
3395 3393 3459 3439 ut
3494 3403 3736 3455 quoquo

2080 3479 2255 3534 modo
2288 3480 2549 3534 inveniat
2575 3497 2691 3550 quo
2724 3497 2986 3551 praesens
3034 3481 3256 3536 bonum
3330 3482 3607 3538 obturbet
3665 3501 3732 3539 ac

2079 3568 2348 3639 repellat.
2383 3569 2564 3633 Quale
2597 3569 2773 3623 etiam
2805 3576 2931 3624 erat
2963 3571 3122 3640 quod
3156 3572 3385 3625 Christo
3444 3574 3732 3628 miracula

2081 3660 2310 3721 edente.
2347 3676 2467 3714 non
2500 3666 2773 3731 poterant
2802 3661 3042 3731 quidem
3076 3662 3375 3734 ambigere
3428 3668 3583 3717 circa
3615 3665 3728 3718 vim

2080 3754 2138 3802 et
2160 3748 2483 3803 efﬁcaciam
2510 3750 2832 3821 signorum,
2859 3750 3344 3806 sedinsanientes
3358 3769 3481 3806 rem
3504 3754 3729 3807 Beelze-

2080 3837 2183 3891 bul
2214 3837 2590 3892 ascribebant
2611 3838 2675 3891 εδ.
2732 3839 3007 3893 Gentium
3038 3845 3236 3893 autem
3295 3841 3569 3894 meminit
3598 3859 3729 3911 quas

2078 3930 2295 3984 Judaais
2313 3931 2511 3984 hostes
2535 3936 2722 3988 erant.
2747 3937 2888 4002 puta
2910 3932 3169 3997 Cretum,
3193 3932 3473 3999 Arabum,
3508 3940 3565 3988 et
3584 3934 3729 3988 alio-

2080 4035 2232 4081 rum,
2267 4034 2521 4087 quorum
2556 4019 2772 4090 linguis
2804 4019 3135 4089 loquentes,
3172 4022 3405 4089 signum
3440 4023 3550 4077 hoc
3580 4040 3727 4093 pree-

2078 4105 2317 4169 bebant,
2352 4106 2509 4175 quod
2556 4107 2662 4159 bos
2713 4124 2920 4161 omnes
2966 4108 3081 4161 fide
3143 4112 3474 4179 superaturi
3511 4118 3728 4166 essent.

2084 4193 2309 4264 Ubique
2344 4199 2541 4247 autem
2572 4209 2700 4247 sese
2730 4194 2929 4248 virtuti
2970 4194 3261 4249 admiscet
3292 4199 3561 4266 nequitia
3595 4216 3607 4251 :
3652 4200 3730 4269 pii

2080 4282 2377 4353 siquidem
2410 4282 2879 4347 admirabantur,
2910 4283 3012 4338 alii
3044 4299 3178 4337 vero
3202 4284 3547 4339 irridebant.
3588 4287 3728 4341 Vide

2079 4378 2278 4426 autem
2311 4372 2673 4426 dementiam
2732 4371 3133 4428 irridentium.
3194 4375 3379 4428 Musto
3429 4374 3727 4446 inquiunt,

2079 4465 2310 4536 impleti
2344 4471 2501 4520 sunt.
2535 4466 2710 4537 Atqui
2742 4466 2920 4538 hujus
2946 4473 3177 4538 tempus
3209 4484 3328 4522 non
3363 4475 3506 4523 erat.
3537 4469 3729 4539 Siqui-

2080 4555 2214 4609 dem
2246 4557 2624 4610 Pentecostes
2653 4561 2886 4627 tempus
2920 4562 3047 4610 erat
3070 4557 3306 4627 quando
3355 4557 3587 4611 nullum
3640 4563 3729 4613 est

307 4642 650 4716 ἀνθρώπους
702 4638 754 4693 ἐν
810 4636 1076 4699 κινδύνοις
1132 4638 1222 4693 καὶ
1280 4632 1473 4716 φόϐοις
1531 4633 1706 4699 ὄντας.
1765 4639 1967 4692 Λοιπὸν

2086 4649 2353 4697 mustum.
2395 4645 2645 4698 Mustum
2669 4660 2925 4714 namque
2947 4644 3118 4699 dulce
3141 4646 3341 4699 vinum
3370 4652 3459 4700 est
3476 4647 3633 4717 quod
3657 4647 3728 4702 ab

304 4733 405 4786 οὗν
434 4734 509 4804 τῇ
542 4730 801 4798 ποιότητι
828 4728 889 4784 τὰ
918 4733 1025 4783 πᾶν
1080 4727 1460 4804 ἐπιγράφουσι,
1492 4750 1521 4778 ι(
1554 4724 1843 4797 Γλεύκους,
1879 4726 1971 4781 λέ-

302 4841 535 4895 Ὕαντες1
604 4817 1013 4891 μεμεστωμένοι
1065 4817 1216 4872 εἰσὶν.
1259 4840 1286 4867 ››
1341 4817 1403 4872 Ἦ
1455 4816 1559 4890 γὰρ
1605 4816 1871 4890 ἰταμότης
1918 4816 1970 4872 ἔν

306 4914 474 4980 ζητεῖ
551 4903 735 4982 μόνον,
823 4907 990 4962 εἰπεῖν
1047 4905 1076 4960 ὅ
1133 4927 1185 4961 τι
1246 4902 1472 4975 δήποτε,
1533 4906 1644 4979 οὐχ
1727 4906 1877 4966 ὅπως
1917 4926 1970 4960 τι

306 5003 495 5079 λόγου
526 5002 795 5081 ἐχόμενον
826 4999 995 5058 ε’ίποι.
1036 4999 1107 5053 Τὸ
1165 4995 1221 5053 δὲ
1260 4995 1585 5072 δεινότερον,
1643 5000 1730 5053 δτι
1760 4996 1973 5052 ἐκείνων

306 5093 707 5164 θαυμαζόντων
755 5090 847 5145 καὶ
898 5088 1351 5164 ὁμολογούντων,
1441 5085 1719 5143 Ἰουδαίων
1777 5084 1967 5148 ὄντων.

306 5182 626 5253 Τωμαίων,
688 5177 1079 5256 προσηλύτων,
1154 5181 1261 5232 τῶν
1337 5175 1759 5250 σταυρωσάντων
1816 5174 1966 5249 ἴσως,

309 5268 483 5325 ἐθνῶν
516 5267 714 5349 σχεδὸν
746 5269 1005 5323 ἁπάντων
1055 5270 1218 5321 τοῦτο
1274 5266 1681 5339 κηρυττόντων,
1717 5266 1801 5320 ὅτι
1850 5273 1968 5328 ταῖς

308 5360 597 5437 γλώσσαις
654 5360 838 5415 αὐτῶν
901 5354 1201 5422 λαλοῦσιν,
1254 5354 1547 5429 εὑρέθησαν
1618 5354 1773 5427 ὅμως
1830 5358 1968 5419 τινες

310 5453 693 5523 χλευάζοντες.
745 5443 1101 5504 --”Αλλως·
1161 5444 1236 5500 Τὸ
1293 5442 1560 5518 γλεύκους
1612 5444 1970 5517 μεμεστωμέ·

308 5560 436 5605 vos;
462 5542 678 5621 φάσκειν
704 5541 837 5600 τοὺς
900 5532 1248 5596 ἀποστολους
1306 5534 1465 5604 εἶναι,
1524 5534 1631 5588 ἀπὸ
1687 5540 1788 5604 τῆς
1839 5537 1967 5590 ποιό

384 5722 427 5756 ’⁸
456 5725 650 5783 Matth.
684 5741 792 5795 xu,
824 5722 947 5793 24;
985 5718 1124 5775 Luc.
1166 5730 1240 5787 ιι,
1274 5692 1373 5772 ιιῖ

2081 4732 2209 4803 ipso
2241 4732 2373 4786 ﬂuit
2402 4732 2701 4786 torculari.
2737 4732 2848 4786 Sed
2873 4734 3086 4788 ethora
3115 4735 3289 4789 tertia
3321 4741 3463 4802 erat,
3492 4737 3728 4806 quando

2081 4838 2201 4876 non
2235 4826 2323 4875 est
2364 4821 2683 4875 verisimile
2735 4821 2929 4875 ebrios
2980 4838 3111 4877 esse
3143 4823 3434 4890 homines,
3486 4827 3727 4896 potissi-

2083 4930 2246 4967 mum
2279 4913 2377 4983 qui
2404 4913 2463 4965 in
2498 4912 2776 4982 periculis
2797 4919 2855 4966 et
2876 4914 2934 4967 in
2960 4914 3169 4969 timore
3186 4924 3511 4971 versantur.
3543 4920 3726 4972 Omne

2082 5000 2282 5071 itaque
2342 4999 2643 5071 negotium
2702 5000 2973 5070 qualitati
3022 5004 3349 5067 ascribunt,
3409 5005 3725 5075 dicentes;

2082 5113 2108 5139 «
2131 5088 2560 5159 Mustoimpleti
2576 5094 2730 5142 sunt.
2762 5112 2788 5137 »
2811 5090 3161 5161 Improbitas
3179 5109 3437 5163 namque
3461 5093 3517 5147 id
3541 5110 3727 5147 unum

2081 5177 2293 5250 qllml‘ll
2314 5184 2382 5231 ut
2402 5194 2637 5248 quoquo
2656 5179 2827 5233 modo
2847 5179 3073 5251 aliquid
3104 5181 3281 5247 dicat,
3314 5198 3433 5235 non
3465 5182 3731 5236 utratio-

2080 5265 2281 5320 nabile
2313 5266 2618 5337 quidpiam
2651 5266 2828 5322 dicat.
2866 5274 3080 5323 \erum
3113 5270 3260 5323 illud
3294 5269 3477 5341 magis
3526 5269 3726 5325 admi-

2079 5354 2352 5420 randum,
2379 5355 2676 5425 quomodo
2707 5357 2827 5411 illis
2858 5358 3293 5412 admirantibus
3314 5364 3372 5412 et
3390 5359 3731 5415 confitenti-

2077 5442 2188 5497 bus
2211 5458 2393 5513 quum
2424 5442 2607 5497 Judaai
2639 5449 2859 5507 essent,
2884 5444 3187 5511 Romanis,
3208 5444 3545 5517 proselytis,
3573 5451 3630 5499 et
3654 5446 3727 5500 iis

2079 5533 2180 5604 qui
2212 5532 2480 5587 fortassis
2509 5533 2963 5589 cruciﬂxerant:
2998 5534 3274 5606 gentibus
3296 5535 3724 5608 prapemodum
