4098 6260
391 393 467 451 6'1
1509 380 1868 443 OECUMEN
1877 381 1928 440 ll
1971 381 2277 442 TRlGCxE
2323 383 2679 444 EPISCOPI
3719 379 3798 441 68

394 525 672 583 omnibus
699 523 760 578 id
793 520 1278 594 prmdicantibus,
1330 534 1545 590 nempe
1577 517 1735 589 quod
1772 519 2028 590 ipsorum

2149 535 2315 586 τητος
2375 513 2788 574 διαϐαλλόντων
2848 515 2984 575 ἐστί.
3054 517 3289 579 Γλεῦκος
3347 520 3451 594 γὰρ
3509 519 3537 573 ὑ
3586 515 3794 592 γλυκῦς

390 617 780 688 loquerentur
809 611 1048 684 linguis,
1095 609 1318 665 inventi
1363 615 1560 664 tamen
1592 608 1713 663 sint
1762 607 2036 662 nonnulli

393 707 493 778 qui
526 703 864 758 irriderent.
898 701 1028 757 Alio
1058 699 1240 755 modo.
1276 699 1478 753 Dicere
1511 704 1703 752 musto
1761 697 2036 768 impletos

391 810 520 850 esse
551 791 882 864 apostolos,
925 805 1131 844 eorum
1165 794 1253 843 est
1282 788 1383 858 qui
1414 803 1449 841 a
1479 786 1764 857 qualitate
1811 786 2038 842 calum-

385 883 550 939 niam
580 887 836 936 struunt.
871 881 1124 934 Mustum
1156 878 1314 932 enim
1347 876 1519 931 dulce
1541 876 1742 931 vinum
1769 881 1858 931 est
1879 875 2036 946 quod

390 972 567 1027 etiam
601 970 672 1025 ad
704 968 1124 1025 inebriandum
1157 967 1351 1037 aptius
1374 971 1484 1032 est,
1517 965 1760 1020 lenitate
1783 981 1887 1020 seu
1917 964 2037 1018 avi-

389 1061 573 1116 ditate
592 1061 665 1115 ad
696 1057 1096 1124 dulcedinem,
1120 1056 1462 1111 densiorem
1485 1053 1919 1125 evaporationis
1941 1071 2032 1109 re-

389 1151 716 1222 pletionem
748 1148 822 1204 ad
852 1163 1107 1204 concava
1155 1145 1383 1201 cerebri
1416 1144 1770 1215 producens.
1828 1144 2032 1198 Utrum

387 1246 585 1294 autem
606 1239 663 1294 hi
693 1239 792 1310 qui
813 1237 1159 1299 irridebant,
1190 1251 1258 1288 ea
1276 1251 1406 1305 quae
1437 1233 1788 1287 dicebantur
1815 1232 2034 1286 intelli-

385 1331 601 1403 gebant
619 1346 695 1385 an
715 1345 835 1383 non
855 1327 882 1383 ?
913 1327 1142 1382 Etenim
1161 1325 1209 1378 si
1237 1341 1358 1379 non
1384 1322 1820 1394 intelligebant,
1841 1339 2034 1394 neque

388 1436 592 1474 eorum
636 1419 834 1472 irrisio
892 1415 1109 1472 rationi
1177 1413 1562 1469 innitebatur.
1598 1413 1692 1468 17
1765 1414 1836 1468 Ut
1892 1412 2034 1484 quid

385 1516 582 1566 autem
614 1509 776 1582 angit
803 1508 1066 1579 aliquem
1093 1506 1224 1560 vilis
1282 1504 1578 1576 quaepiam
1599 1505 1903 1576 nugacitas
1949 1510 2033 1558 te-

385 1616 548 1655 mere
579 1599 810 1670 prolata
829 1597 856 1651 ‘I
882 1598 990 1652 Sed
1025 1595 1407 1651 manifestum
1428 1598 1517 1648 est
1540 1593 1698 1663 quod
1726 1593 2031 1664 etiamipsi

384 1689 819 1760 intelligebant,
853 1690 913 1740 et
959 1685 1213 1740 maxime
1245 1699 1444 1738 coram
1476 1682 1762 1737 habentes
1792 1699 1891 1736 eos
1931 1684 2031 1754 qui

385 1795 513 1832 rem
543 1776 828 1832 miraculo
851 1773 1227 1831 ascribebant
1251 1791 1263 1840 ;
1289 1777 1560 1826 ettamen
1585 1772 1696 1842 ipsi
1727 1771 1891 1826 illam
1916 1789 2033 1827 mao

384 1867 583 1922 litiose
613 1865 1235 1930 calumniabantur,ut
1263 1863 1444 1918 moris
1463 1868 1551 1917 est
1571 1863 1881 1934 perversis.
1910 1865 2040 1918 Alio

2149 604 2290 660 ἐστιν
2319 606 2485 674 οἶνος,
2519 607 2576 669 ὃς
2635 606 2726 662 καὶ
2787 605 3000 678 μᾶλλον
3052 607 3127 669 εἷς
3189 610 3356 680 μέθην
3411 607 3692 686 έπιφορος,
3727 609 3796 679 τῇ

2147 693 2516 774 γλισχρότητι
2546 703 2645 766 τῆς
2672 695 3042 770 γλυκύτητος,
3092 697 3454 771 ἀθρουστέραν
3513 699 3614 766 τὴΑ
3658 696 3798 769 πρὸς

2148 785 2215 839 τὰ
2264 783 2426 839 κοῖλα
2478 791 2574 840 τοῦ
2636 784 2939 865 ἐγκεφάλου
2995 785 3282 861 πλήρωσιν
3337 793 3437 854 τῆς
3495 786 3797 858 ἀναθυμιά-

2149 894 2282 934 σεως
2313 872 2580 946 ἐμποιῶν.
2640 876 2874 948 Πότερον
2931 872 2987 930 δὲ
3041 875 3276 931 συνίεσαν
3334 876 3386 930 οἱ
3439 873 3796 950 χλευάζοντες

2147 967 2254 1018 τῶν
2317 961 2650 1040 λεγομένων,
2802 963 2910 1033 οῧ;
2975 964 3038 1020 Ei’
3097 965 3191 1038 μέν
3245 964 3347 1038 γὰρ
3408 964 3470 1018 οὗ
3528 965 3794 1033 συνίεσαν,

2148 1049 2273 1106 οὐδὲ
2302 1055 2334 1120 ἡ
2371 1051 2550 1132 χλεύη
2584 1055 2763 1108 αὑτῶν
2798 1054 2914 1129 εἶχε
2945 1052 3136 1128 λόγον.
3168 1054 3227 1108 Τί
3277 1056 3380 1131 γάρ
3410 1073 3530 1108 τινα
3561 1051 3795 1127 περιλυ-

2146 1147 2239 1197 πεῖ
2267 1143 2502 1220 φλυαρία
2533 1165 2619 1206 τις
2665 1141 2878 1217 ἄσημος
2913 1144 3027 1213 εἰκῆ
3091 1142 3506 1222 προφερὸμενυς
3540 1165 3553 1208 ς
3617 1139 3796 1198 Ἀλλὰ

2148 1230 2317 1301 δῆλον
2352 1236 2435 1290 δτι
2467 1234 2708 1290 συνίεσαν
2744 1236 2836 1308 μὲν
2869 1235 2958 1290 καὶ
2988 1233 3170 1300 αὐτοὶ,
3223 1233 3314 1288 καὶ
3345 1238 3513 1288 ταῦτα
3563 1230 3622 1288 δὲ
3650 1234 3797 1308 παρᾶ

2144 1320 2316 1385 πόδας
2349 1319 2564 1398 ἔχοντες
2607 1325 2734 1385 τοὺς
2793 1324 2866 1385 εἰς
2925 1326 3106 1396 θαῦμα
3164 1320 3700 1396 καταλογιζομένους
3732 1322 3794 1376 τὸ

2145 1417 2392 1488 πρᾶγμα.
2425 1412 2563 1468 Αὑτὶ
2595 1409 2652 1468 δὲ
2699 1413 3021 1487 κακούργως
3049 1411 3181 1467 αὐτὸ
3242 1406 3611 1481 ἐνδιέόαλλον,
3644 1407 3796 1473 ὅπως

2143 1500 2264 1567 ἓθος
2297 1511 2414 1566 τοῖς
2444 1505 2793 1581 κακούργοις.
2845 1538 2913 1547 -
2938 1503 3188 1567 Ἀλλως.
3223 1506 3472 1560 Συνίεσαν
3529 1503 3642 1578 μέν,
3694 1504 3796 1558 οὑκ

2144 1593 2442 1666 ἠρέσκοντο
2501 1592 2558 1650 δὲ
2613 1600 2729 1657 τοῖς
2809 1593 3125 1668 λεγομένοις
3158 1637 3170 1649 .
3230 1595 3305 1647 Τὰ
3354 1594 3455 1668 γὰρ
3528 1591 3796 1669 μεγαλεῖα

2144 1679 2332 1759 ἔλεγον
2361 1688 2457 1738 τοῦ
2491 1688 2647 1738 Θεοῦ.
2680 1686 2839 1744 ’Έθος
2869 1685 2972 1761 γὰρ
3005 1685 3120 1744 τοῖς
3169 1680 3406 1743 πολλοῖς
3463 1681 3520 1736 ἂν
3559 1683 3634 1754 μή
3669 1679 3797 1755 ἀρέ-

2145 1792 2376 1826 σκωνται
2456 1778 2573 1833 τοῖς
2658 1771 2999 1848 λεγομένοις,
3051 1768 3309 1844 δαιμονᾷν
3373 1772 3406 1840 ἢ
3466 1770 3797 1845 παραπαίειν

2150 1862 2401 1935 ἡγεῖσθαι
2458 1863 2548 1916 τὸν
2606 1860 2858 1937 λέγοντα.
2917 1863 3005 1922 Ὠς
3085 1861 3176 1916 καὶ
3236 1859 3322 1915 ἐπὶ
3376 1865 3473 1915 τοῦ
3533 1861 3794 1933 Χριστοῦ,

383 1957 565 2012 modo.
607 1954 1020 2027 lntelligebant
1048 1953 1310 2024 quidem,
1345 1970 1546 2008 verum
1575 1968 1692 2005 non
1727 1951 2028 2023 placebant

2149 1953 2386 2007 συνίεσαν
2451 1953 2544 2025 μὲν
2595 1958 2704 2008 τῶν
2765 1952 3081 2024 θαυμάτων,
3142 1949 3257 2005 δέον
3329 1948 3386 2006 δὲ
3442 1952 3649 2024 ὑμνεῖν,
3719 1950 3797 2010 ὡς

389 2047 476 2102 eis
506 2062 638 2116 qum
670 2044 1040 2100 dicebantur.
1099 2042 1213 2097 Alii
1264 2041 1424 2097 enim
1467 2040 1744 2096 dicebant
1777 2057 1904 2096 esse
1937 2042 2038 2096 Dei

2151 2040 2202 2096 ἐν
2238 2037 2575 2112 Βεελζεῦοὺλ
2607 2038 2931 2116 γινομένων,
2957 2040 3223 2115 διέσυρον.

383 2135 719 2207 magnifica.
757 2133 952 2188 Multis
983 2131 1280 2203 siquidem
1312 2132 1495 2186 moris
1528 2136 1618 2185 est
1647 2129 1863 2201 quibus
1912 2146 2032 2186 non
2091 2132 2358 2188 arrident
2387 2151 2517 2205 quin
2573 2133 2875 2201 dicuntur,
2909 2139 2975 2188 ut
3025 2133 3322 2188 dicentem
3380 2132 3646 2187 insanire
3695 2136 3801 2186 aut

381 2225 651 2295 desipere
683 2223 1082 2288 arbitrentur;
1116 2220 1618 2292 quemadmodum
1650 2219 1830 2274 etiam
1863 2219 1935 2274 de
1957 2221 2186 2278 Christo
2211 2223 2626 2295 intelligebant
2653 2223 2895 2295 quidem
2919 2222 3227 2290 miracula,
3257 2221 3360 2277 sed
3387 2238 3522 2277 cum
3547 2221 3794 2276 laudare

379 2313 485 2368 illa
513 2318 831 2385 Oporteret,
859 2311 970 2379 illi,
1005 2316 1288 2380 tanquam
1310 2311 1371 2365 in
1406 2309 1709 2363 Beelzebul
1740 2308 1893 2363 facta
1922 2315 2140 2378 essent,
2174 2312 2673 2367 conviciabantur.

457 2402 530 2462 II,
568 2403 652 2454 14.
691 2422 718 2449 (ι
745 2400 916 2454 Stans
946 2405 1147 2454 autem
1190 2403 1398 2452 Petrus
1428 2413 1561 2452 cum
1593 2397 1896 2461 undecim,
1927 2414 2036 2452 ex-

387 2513 408 2540 ι
447 2490 587 2544 tulit
643 2505 848 2544 vocem
927 2504 1116 2554 suam,
1175 2492 1234 2542 et
1286 2487 1519 2541 locutus
1568 2491 1658 2542 est
1715 2485 1882 2540 illis:
1919 2486 2037 2540 Viri

380 2600 408 2628 «
441 2579 649 2642 Judaei,
681 2583 740 2633 et
769 2578 870 2648 qui
915 2575 1197 2632 habitatis
1226 2575 1555 2630 Jerusalem
1613 2575 1894 2641 universi,
1927 2575 2036 2629 hoc

383 2688 411 2717 «
437 2667 598 2721 vobis
632 2672 839 2720 notum
863 2666 959 2731 sit,
985 2672 1043 2719 et
1059 2664 1302 2719 auribus
1322 2665 1605 2734 percipite
1626 2662 1803 2716 verba
1825 2679 1975 2718 mea.
2004 2687 2026 2714 ι

456 2760 523 2812 In
555 2757 968 2828 superioribus
991 2755 1230 2826 quidem
1268 2754 1734 2810 sollicitudinem
1755 2754 2032 2821 ostendit,

387 2861 521 2899 cum
556 2844 924 2899 multitudini
950 2843 1238 2914 permittit
1268 2841 1621 2898 electionem
1645 2843 1774 2912 ejus
1789 2843 1885 2912 qui
1900 2859 2034 2896 cum

387 2932 664 2987 undecim
696 2931 1149 2987 constituendus
1173 2937 1334 2986 erat:
1363 2931 1460 2985 hic
1486 2936 1686 2985 autem
1704 2929 1939 2985 dicendi
1965 2929 2036 2984 li-

385 3020 696 3083 bertatem.
732 3024 921 3091 Atque
947 3021 1007 3075 id
1040 3020 1179 3075 facit
1210 3037 1403 3091 neque
1460 3019 1778 3074 benevolos
1809 3018 2034 3074 habens

385 3110 710 3175 auditores,
744 3111 848 3165 sed
881 3108 1198 3164 irridentes
1241 3125 1308 3164 ac
1353 3108 1789 3163 subsannantes
1823 3113 1882 3162 et
1910 3107 2032 3163 cla-

387 3205 620 3254 mantes
641 3216 652 3254 :
670 3200 741 3254 ad
756 3200 881 3254 haec
895 3214 1028 3253 cum
1046 3198 1172 3268 ipse
1187 3197 1371 3252 idiota
1403 3204 1560 3252 esset
1575 3214 1643 3252 ac
1669 3196 2029 3252 illitteratus.

383 3291 597 3342 Annon
629 3304 766 3357 ergo
790 3288 1009 3342 factum
1041 3287 1170 3358 ejus
1199 3303 1376 3357 supra
1402 3287 1704 3341 hominem
1731 3292 1840 3354 est,
1873 3286 2032 3358 quod

380 3376 654 3432 videlicet
707 3376 1011 3431 silentium
1073 3375 1302 3446 ruperit
1331 3392 1439 3429 seu
1469 3375 1633 3446 loqui
1669 3377 1979 3430 tentaverit
2005 3377 2033 3430 Υ

380 3465 477 3520 Ait
506 3472 726 3532 autem,
759 3489 786 3515 ‹‹
821 3466 964 3520 Cum
997 3464 1296 3530 undecim,
1324 3486 1352 3513 ››
1385 3465 1656 3520 indicans
1687 3465 1845 3535 quod
1876 3483 2028 3521 com-

2145 3501 2163 3529 ;‹
2213 3477 2315 3530 Σὺν
2365 3481 2483 3537 τοῖς
2535 3472 2721 3530 ἕνδεκα
2753 3499 2780 3524 ››
2855 3471 2913 3528 δέ
2965 3471 3136 3550 λέγει,

384 3555 549 3609 muni
583 3556 882 3610 voluntate
937 3572 1004 3610 ac
1056 3571 1193 3610 voce
1227 3555 1353 3626 ipse
1409 3571 1475 3610 os
1534 3555 1806 3609 omnium
1855 3562 2027 3610 erat:

379 3643 654 3699 astabant
676 3645 834 3700 enim
858 3644 1136 3699 undecim
1158 3649 1440 3714 tanquam
1466 3648 1648 3699 testes
1674 3660 1880 3699 eorum
1900 3661 2030 3715 quas

375 3735 736 3791 dicerentur.
769 3737 982 3790 Vocem
1017 3740 1215 3789 autem
1261 3733 1512 3789 extulit:
1579 3734 1690 3789 hoc
1749 3738 1860 3802 est,
1892 3750 2029 3789 cum

374 3826 563 3880 multa
610 3824 846 3880 dicendi
892 3824 1164 3879 libertate
1222 3823 1455 3878 locutus
1490 3829 1596 3889 est,
1631 3829 1698 3878 ut
1727 3823 1924 3878 statim
1955 3823 2027 3878 ab

375 3915 544 3968 initio
576 3917 936 3986 cognoscant
965 3912 1213 3982 gratiam
1246 3911 1518 3982 Spiritus.
1562 3913 1705 3967 Nam
1738 3913 1840 3982 qui
1890 3917 2026 3968 ante

380 4001 490 4056 hoc
520 4007 750 4072 tempus
769 4017 889 4056 non
912 4000 1048 4055 tulit
1069 3999 1200 4054 vilis
1231 3998 1444 4070 puella:
1475 4000 2024 4072 interrogationem,

375 4091 473 4146 hic
505 4091 565 4145 in
598 4090 793 4145 medio
853 4090 1056 4162 populi
1113 4088 1512 4145 clamantibus
1568 4089 1846 4146 omnibus
1879 4090 2025 4146 adeo

374 4181 773 4253 imperterrite
803 4180 1210 4248 concionatur,
1245 4184 1310 4234 ut
1356 4179 1759 4236 indubitatum
1809 4181 1884 4236 sit
1913 4183 2025 4238 hoc

372 4271 831 4327 resurrectionis
864 4270 1174 4325 indicium.

440 4362 693 4417 ΙΙ.15.‹‹
727 4361 854 4416 Non
911 4359 1095 4425 enim,
1156 4358 1310 4414 sicut
1373 4375 1476 4413 vos
1534 4359 1907 4428 existimatis,
1960 4361 2022 4415 hi

381 4451 527 4507 ebrii
554 4455 710 4506 sunt.
745 4471 773 4500 »

447 4543 572 4596 Non
605 4539 753 4596 dixit
785 4556 797 4593 :
832 4538 994 4594 Sicut
1024 4553 1124 4592 vos
1156 4534 1475 4591 irridentes
1507 4535 1724 4604 dicitis,
1755 4537 1878 4605 sed,
1904 4539 2020 4594 Sic-

378 4636 444 4686 ut
471 4648 569 4687 vos
600 4629 972 4695 existimatis,
1003 4627 1322 4700 benignius
1356 4633 1615 4682 tractans
1661 4643 2019 4696 sermonem,

377 4735 487 4775 nec
518 4725 718 4790 aperte
747 4719 953 4774 volens
983 4717 1299 4773 ostendere
1340 4716 1502 4788 ipsos
1561 4717 1671 4772 hoc
1733 4733 1767 4772 a
1795 4718 2022 4774 malitia

2220 2398 2510 2460 «Σταθεὶς
2558 2396 2614 2453 δέ
2673 2397 2876 2472 Πέτρος
2931 2397 3022 2452 σὺν
3079 2402 3195 2458 τοῖς
3234 2393 3410 2465 ἕδεκα,
3470 2395 3639 2471 ἐπῆρε
3693 2398 3794 2465 τὴν

2151 2510 2178 2539 ι(
2211 2490 2396 2567 φωνήν
2449 2487 2638 2556 αὑτοῦ,
2698 2487 2788 2542 καὶ
2845 2486 3210 2567 ἀπεφθέγξατο
3277 2487 3486 2546 αὐτοῖς’
3566 2481 3796 2557 ’Ἄνδρες

2147 2601 2173 2627 ‹‹
2211 2573 2488 2642 Ἰουδαῖοι,
2515 2576 2602 2630 καὶ
2657 2577 2710 2632 οἱ
2765 2580 3141 2636 κατοικοῦντες
3199 2573 3568 2649 Ἰερουσαλὴμ
3621 2575 3794 2627 ἅπαν-

2149 2689 2174 2715 ι(
2205 2685 2314 2734 τες,
2348 2670 2510 2720 τοῦτο
2555 2665 2680 2737 ὑμῖν
2717 2666 2954 2739 γνωστὸν
3012 2661 3172 2734 ἔστω,
3222 2665 3310 2719 καὶ
3374 2663 3700 2726 ἐνωτίσασθε
3728 2663 3798 2718 τὰ

2149 2775 2176 2808 ι
2209 2754 2430 2828 ῥήματα
2464 2776 2588 2828 μου.
2622 2778 2649 2807 ››

2215 2845 2358 2901 Ἀνω
2407 2845 2501 2917 μὲν
2560 2846 2659 2914 υὴν
2717 2842 3046 2917 κηδεμονίαν
3093 2841 3444 2911 ἐνδείκνυται,
3499 2839 3550 2896 ἐν
3580 2841 3660 2902 οἶς
3715 2845 3798 2912 τῷ

2143 2935 2346 3008 πλήθει
2377 2933 2652 3010 ἐπιτρέπει
2709 2938 2810 3005 τὴν
2865 2934 3101 3010 ἐκλογὴν
3154 2939 3251 2990 τοῦ
3312 2932 3614 3007 μέλλοντος
3674 2937 3796 2992 τοῖς

2142 3024 2327 3081 ἕνδεκα
2373 3029 2772 3095 συντάττεσθαι,
2864 3025 3089 3081 ἐνταῦθα
3170 3022 3228 3080 δέ
3304 3026 3403 3094 τήν
3460 3021 3790 3099 παρῥησίαν.

2142 3118 2249 3174 Καί
2279 3139 2365 3174 τοι
2399 3115 2540 3190 μηδέ
2587 3116 2936 3194 εὐγνώμονας
2989 3112 3134 3195 ἔχων
3163 3115 3288 3178 τοὺς
3319 3115 3611 3190 ἀκροατὰς,
3643 3110 3795 3168 ἀλλὰ

2140 3207 2228 3261 καὶ
2261 3205 2538 3283 γελῶντας
2567 3206 2656 3262 καὶ
2718 3206 3151 3280 μυκτηρίζοντας
3210 3204 3298 3259 καὶ
3354 3208 3665 3278 φωνῶντας,
3696 3201 3793 3257 καὶ

2143 3294 2370 3368 ἰδιώτης
2401 3293 2474 3350 ὥν
2501 3295 2591 3350 καὶ
2632 3295 3016 3369 ἀγράμματος.
3051 3296 3177 3357 Πῶς
3227 3295 3316 3348 οὗν
3367 3291 3495 3372 οὐχὶ
3531 3293 3661 3365 ὑπὲρ
3694 3290 3791 3346 ἅν-

2141 3399 2358 3462 Θρωπον
2387 3387 2450 3440 τὸ
2503 3385 2924 3461 πραττόμενον;
2981 3385 3044 3439 τὸ
3104 3383 3261 3458 ῥῆξαι
3307 3384 3491 3462 φωνήν
3541 3377 3786 3450 δηλαδή.

3224 3469 3410 3543 δηλῶν
3486 3469 3570 3524 ὅτι
3627 3472 3785 3541 κοινῇ

2132 3564 2323 3637 γνώμῃ
2355 3563 2441 3617 κσὶ
2477 3565 2629 3640 φωνῇ
2659 3561 2873 3615 πάντων
2913 3560 3074 3622 αὑτὸς
3128 3562 3191 3628 ἦν
3240 3559 3438 3632 στόμα,
3503 3557 3769 3631 μάρτυρες

2135 3649 2191 3706 δὲ
2218 3654 2665 3726 παρειστήκεισαν
2700 3651 2750 3705 ol
2798 3646 2980 3705 ἕνδεκα
3032 3655 3148 3712 τοῖς
3199 3646 3543 3723 λεγομένοις.
3579 3648 3789 3721 Ἐπῆρε

2135 3737 2191 3795 δὲ
2246 3743 2345 3809 τήν
2415 3741 2622 3817 φωνὴν,
2678 3738 2925 3794 τουτέστι
2988 3740 3122 3811 μετὰ
3177 3736 3398 3801 πολλῆς
3454 3735 3784 3812 παρῥησίας,

2133 3827 2216 3884 ἴνα
2247 3827 2443 3893 εὐθέως
2497 3826 2811 3903 ἀρχομένου
2863 3828 3075 3900 μάθωσι
3114 3829 3212 3897 τήν
3264 3827 3428 3902 χάριν
3474 3829 3575 3880 τοῦ
3609 3823 3778 3880 Πνεῦ-

2137 3939 2330 3992 ματος.
2388 3918 2450 3974 Ὀ
2507 3919 2608 3992 γὰρ
2668 3917 2776 3991 πρὸ
2825 3915 3022 3972 τούτου
3085 3917 3162 3987 μὴ
3222 3915 3448 3990 ἐνεγκὼν
3507 3912 3777 3984 ἐρώτησιν

2130 4009 2391 4083 κορασίου
2423 4006 2699 4076 εὐτελοῦς,
2750 4006 2910 4067 οὗτος
2937 4011 2988 4060 ἐν
3013 4007 3162 4080 μέσῳ
3221 4002 3286 4075 δή
3300 4026 3427 4079 μου,
3481 4003 3783 4082 φωνώντων

2129 4099 2396 4167 ἀπάντων,
2457 4095 2616 4158 οὗτος
2677 4095 3064 4156 ἀνυποστόλως
3121 4094 3456 4172 δημηγορεῖ,
3489 4095 3564 4155 ὡς
3616 4093 3784 4168 ἀμφι-

2129 4185 2403 4258 σϐητητον
2433 4194 2531 4257 τῆς
2561 4186 2900 4247 ἀναστάσεως
2945 4185 3189 4263 γενέσθαι
3236 4188 3399 4240 τοῦτο
3455 4184 3776 4257 τεκμήριον.

2203 4389 2230 4419 ι(
2260 4365 2337 4424 Οὐ
2369 4367 2496 4442 γὰρ,
2529 4365 2602 4428 ὡς
2649 4366 2805 4438 ὑμεῖς
2868 4359 3304 4438 ὑπολαμϐάνετε,
3366 4360 3515 4419 οὑτοι
3551 4360 3775 4434 μεθόου·

2127 4481 2154 4508 (ι
2190 4477 2290 4514 σιν.
2317 4479 2345 4507 ››

2197 4545 2312 4601 Οὑκ
2341 4545 2633 4612 εἶπεν,Ὧς
2697 4545 2852 4617 ὑμεῖς
2910 4542 3232 4623 χλευάζετε,
3292 4540 3443 4610 ἀλλ’,
3497 4542 3584 4602 Ὠς
3637 4541 3777 4595 ὑπο-

2125 4629 2456 4707 λαμϐάνετε,
2486 4633 2883 4708 ἐπιεικέστερον
2945 4632 3462 4708 μεταχειριζόμενος
3537 4630 3628 4685 τὸν
3681 4626 3781 4683 λό-

2123 4741 2239 4799 γον·
2283 4723 2374 4778 καὶ
2429 4724 2532 4778 οὑκ
2587 4719 2841 4798 ἄντικρυς
2892 4723 2996 4777 ἀπὸ
3054 4719 3379 4795 κακουργίας
3438 4715 3778 4795 βουλόμενον

377 4805 616 4872 dixisse,
645 4806 796 4860 viam
826 4807 947 4861 illis
977 4812 1340 4877 praestruens
1371 4805 1446 4860 ad
1477 4805 1921 4862 conversionem
1954 4825 2020 4863 ac

2145 4810 2324 4873 ιὺτοὺς
2364 4809 2532 4886 δεῖξαι
2592 4816 2756 4868 τοῦτο
2818 4811 3103 4890 λέγοντας,
3157 4805 3544 4884 προοδοποιῶν
3592 4806 3778 4868 αὐτοῖς

373 4894 868 4966 resipiscentiam.
901 4896 1046 4950 Nam
1079 4901 1188 4963 est,
1219 4894 1435 4966 inquit,
1469 4894 1618 4949 hora
1655 4894 1771 4949 diei
1819 4897 2015 4952 tertia.

371 4987 440 5040 Et
457 4984 600 5056 quid
631 4983 742 5038 hoc
767 4983 900 5038 est?
915 4985 1129 5038 Annon
1159 4983 1408 5050 contigit
1428 4983 1576 5040 hora
1597 4984 1770 5039 tertia
1785 4984 2015 5042 ebrium

375 5091 502 5130 esse
530 5073 558 5129 ?
588 5073 823 5144 Utique,
856 5088 1058 5127 verum
1103 5071 1159 5126 id
1190 5088 1308 5127 non
1351 5073 1530 5127 servit
1553 5074 1856 5144 proposito
1879 5091 1894 5130 :
1920 5091 2018 5131 ne-

374 5181 487 5235 que
521 5163 682 5220 enim
712 5163 799 5217 illi
833 5161 903 5217 de
932 5161 1076 5232 ipsis
1108 5161 1189 5216 ita
1219 5159 1658 5231 existimabant,
1685 5163 1787 5220 sed
1817 5166 2014 5220 convi-

371 5253 598 5308 ciantes
629 5257 806 5322 atque
833 5248 1150 5304 irridentes
1165 5249 1274 5304 hoc
1306 5248 1606 5306 dicebant.

440 5340 826 5406 'I811,15-2l.
873 5339 1059 5394 «Nam
1108 5342 1198 5392 est
1214 5336 1361 5392 hora
1391 5337 1506 5393 dici
1536 5339 1742 5394 tertia:
1771 5341 1872 5396 sed
1904 5342 2015 5398 hoc

368 5451 395 5480 «
430 5434 521 5484 est
549 5427 707 5499 quod
739 5428 962 5484 dictum
984 5427 1216 5499 fuitper
1247 5426 1596 5498 prophetam
1624 5428 1748 5484 Joel
1778 5446 1791 5484 :
1817 5431 1887 5484 Et
1907 5431 2018 5486 erit

368 5541 394 5568 ‹‹
423 5518 486 5574 in
518 5516 856 5574 novissimis
912 5516 1142 5584 diebus,
1191 5515 1338 5572 dicit
1393 5516 1568 5582 Deus,
1609 5517 1910 5578 effundam
1942 5520 2014 5577 de

369 5630 398 5658 ‹‹
433 5607 656 5680 Spiritu
679 5622 811 5661 meo
841 5622 1020 5678 super
1047 5622 1288 5665 omnem
1320 5621 1585 5670 carnem,
1618 5612 1677 5663 et
1695 5609 2013 5681 propheta-

359 5703 395 5747 ’‹‹
427 5692 582 5752 Bunt
609 5692 719 5751 ﬂlii
745 5694 924 5750 vestri
953 5698 1014 5748 et
1039 5693 1178 5751 illim
1206 5699 1436 5751 vestrae.
1469 5696 1720 5752 Iuvenes
1735 5698 1913 5754 vestri
1931 5701 2014 5754 vi-

2125 4903 2223 4968 τήν
2278 4899 2608 4976 ἐπιστροφὴν
2667 4902 2757 4958 καὶ
2804 4898 3188 4976 μεταμέλειαν.
3221 4900 3373 4955 Ἔστι
3404 4897 3531 4972 γὰρ,
3589 4895 3779 4976 φησὶν,

2127 4990 2241 5062 ὥρα
2267 4991 2426 5065 τρίτη
2457 4998 2558 5059 τῆς
2604 4992 2836 5066 ἡμέρας.
2896 4987 2994 5044 Καί
3041 4989 3094 5043 τί
3144 4992 3349 5056 τοῦτος
3401 4985 3516 5044 Οὐκ
3553 4979 3693 5041 ἔστιν
3729 4984 3781 5038 ἐν

2125 5078 2240 5155 ὥρᾳ
2269 5077 2425 5156 τρίτῃ
2463 5079 2676 5152 μεθύειν
2701 5099 2715 5148 ;
2739 5077 2892 5135 Ἀλλ’
2926 5077 3027 5134 οὐκ
3049 5072 3176 5148 ἔστη
3230 5077 3364 5151 πρὸς
3419 5079 3601 5133 τοῦτο.
3636 5070 3781 5129 Οὐδὲ

2121 5169 2222 5244 γὰρ
2255 5168 2446 5224 ἐκεῖνοι
2486 5169 2664 5230 οὕτως
2695 5169 2851 5241 εἶχον
2877 5166 3001 5243 περὶ
3035 5167 3241 5235 αὐτῶν,
3274 5163 3422 5222 ἀλλὰ
3475 5161 3778 5240 χλευάζον-

2121 5279 2210 5321 τες
2233 5259 2323 5314 καὶ
2355 5256 2694 5332 διασύροντες
2724 5256 2932 5336 ἔλεγον.

2197 5347 2408 5404 «Ἐστι
2441 5347 2545 5424 γᾶρ
2588 5347 2704 5421 ὥρα
2759 5347 2914 5422 τρίτη
2975 5353 3075 5416 τῆς
3124 5345 3352 5421 ἡμέρας⁹
3413 5343 3560 5400 ἀλλὰ
3614 5344 3778 5400 τοῦτό

2125 5462 2152 5490 ι(
2184 5435 2295 5493 ἐστι
2330 5437 2393 5492 τὸ
2445 5434 2730 5510 εἰρημένον
2787 5435 2876 5492 διὰ
2932 5441 3029 5494 τοῦ
3090 5437 3378 5513 προφήτου
3430 5431 3620 5504 Ἰωῆλ·
3676 5433 3780 5490 Καὶ

2124 5551 2152 5579 ιι
2185 5525 2334 5586 ἔσται
2367 5527 2420 5584 ἐν
2475 5533 2596 5590 ταῖς
2651 5525 2910 5602 ἐσχάταις
2963 5523 3217 5602 ἡμέραις,
3278 5522 3433 5602 λέγει
3463 5526 3494 5579 ὁ
3532 5522 3688 5600 Θεὸς,
3717 5521 3783 5579 ἐκ

2129 5637 2154 5669 σ
2188 5621 2305 5694 χιῶ
2355 5616 2464 5674 ἀπὸ
2521 5620 2619 5673 τοῦ
2674 5611 2989 5693 Πνεόμστός
3050 5636 3156 5689 μου
3214 5611 3304 5671 ἐπὶ
3364 5618 3540 5672 πᾶσαν
3581 5607 3778 5686 σάρκα.

2123 5730 2152 5758 ‹‹
2187 5693 2278 5762 καί
2310 5697 2781 5784 προφητεϊῖοὸυσιν
2811 5705 2865 5762 ot
2899 5698 3012 5764 υἳοῖ
3064 5705 3217 5779 ὑμεῖν
3267 5695 3353 5762 καὶ
3405 5701 3464 5758 at
3492 5695 3779 5778 θυγατέρες
