4098 6260
258 363 313 427 69
668 360 671 363 ’
1282 377 1694 441 COMMENT.
1740 376 1824 436 1N
1869 372 2081 435 ACTA
2122 368 2740 433 APOSTOLORUM.
3644 376 3718 434 το

254 497 435 572 «ὑμῶν.
479 500 563 556 Οἱ
601 505 941 563 νεανίσκοι
1008 509 1167 581 ὑμῶν
1220 509 1427 585 ὁράσεις
1485 507 1735 585 ὄψονται,
1780 508 1869 563 καὶ

2096 526 2105 552 τ
2138 506 2338 560 siones
2365 504 2668 570 videbunt,
2692 509 2750 559 et
2779 506 3045 562 seniores
3075 509 3251 564 vestri
3272 511 3508 567 somnia
3556 529 3714 569 som-

254 584 661 666 «πρεσϐύτεροι
742 595 938 667 ὑμῶν
1001 598 1225 654 ἐνύπνια
1274 600 1810 671 ἐνυπνιασθήσονται.
1855 602 1872 655 l

2088 615 2090 643 :
2122 594 2393 649 niabunt.
2428 595 2616 650 Etiam
2648 612 2825 667 super
2856 613 3053 652 servos
3086 614 3250 653 meos
3301 606 3359 654 et
3389 618 3567 672 super
3598 620 3706 659 an-

248 699 340 755 αγε
364 678 437 734 ἐπὶ
472 681 639 745 τοὺς
694 682 984 750 δούλους
1041 710 1149 763 μου
1197 690 1281 745 καὶ
1340 690 1427 746 ἐπὶ
1476 692 1572 752 τὰς
1622 687 1866 761 δούλαςι

2092 706 2094 731 ς
2130 683 2296 738 cillas
2328 700 2489 738 meas
2517 685 2577 738 in
2609 684 2818 739 diebus
2866 686 2988 740 illis
3030 688 3332 743 effundam
3386 689 3459 743 de
3492 692 3710 763 Spiritu

250 766 336 822 «ἐν
383 774 505 832 ταῖς
579 771 883 849 ἡμέραις
950 777 1192 841 ἐκείναις
1249 778 1427 858 ἐκχεῶ
1484 780 1589 835 ἀπὸ
1645 777 1865 852 Πνεύμα

2090 796 2093 821 ι
2131 790 2262 828 meo
2295 779 2353 827 et
2382 774 2839 845 prophetabunt.
2874 776 2943 828 Et
2972 776 3122 831 dabo
3154 778 3422 849 prodigia
3453 780 3514 834 in
3564 784 3708 839 caelo

250 877 381 929 ιμου
406 858 501 912 καὶ
541 866 1098 939 προφητεύσουσι.
1159 867 1255 922 Καὶ
1310 865 1471 923 δώσω
1518 867 1713 943 τέρατα
1770 866 1822 921 έν

2130 880 2410 935 superne,
2437 871 2495 919 et
2517 865 2683 937 signa
2706 865 2766 919 in
2808 871 2968 921 terra
2997 867 3249 934 inferne,
3268 871 3619 940 sanguinem
3656 879 3713 929 et

248 970 269 998 α
296 953 481 1022 θυρανῷ
520 948 687 1021 ἅνω,
726 953 845 1007 καὶ
886 960 1108 1029 σημεῖα
1162 954 1247 1010 ἐπὶ
1278 959 1377 1028 τῆς
1435 964 1541 1032 γῆς
1590 956 1758 1025 κάτω,
1818 957 1866 1009 αἶ

2128 954 2325 1026 ignem
2371 960 2429 1009 et
2481 971 2757 1025 vaporem
2795 955 2965 1011 fumi.
3001 957 3096 1010 Sol
3130 967 3505 1015 convertetur
3534 963 3595 1017 in
3630 969 3712 1018 te-

250 1038 496 1115 ιικαὶπῦρ
523 1041 639 1095 καὶ
694 1040 946 1116 ἀτμίδα
1009 1050 1236 1102 καπνοῦ.
1298 1047 1358 1103 Ὀ
1424 1046 1587 1117 ἣλιος
1648 1066 1868 1120 μεταστιτ

2118 1046 2335 1100 nebras
2367 1051 2424 1100 et
2454 1046 2598 1100 luna
2629 1045 2690 1099 in
2738 1046 3110 1119 sanguinem,
3143 1049 3493 1121 priusquam
3516 1055 3714 1109 veniat

255 1134 508 1209 κτήσεται
546 1133 637 1195 εἰς
681 1135 950 1204 σκότος,
985 1137 1077 1192 καὶ
1136 1140 1170 1207 ἡ
1204 1138 1408 1209 σελήνη
1469 1139 1545 1201 εἷς
1602 1140 1764 1212 αἷμα,
1828 1160 1867 1193 π

2127 1134 2252 1190 dies
2287 1135 2523 1189 Domini
2558 1152 2804 1208 magnus
2836 1142 2893 1190 et
2918 1137 3284 1194 manifestus.
3316 1141 3383 1194 Et
3411 1144 3712 1215 continget

254 1244 276 1272 ι(
303 1218 334 1290 ἤ
364 1219 535 1285 ἐλθεῖν
575 1223 697 1291 τήν
732 1224 984 1300 ἡμέραν
1022 1226 1222 1300 Κυρίου
1252 1228 1349 1295 τήν
1386 1226 1630 1303 μεγάλην
1684 1228 1772 1283 καὶ
1834 1227 1872 1282 έτ

2121 1225 2278 1296 quod
2309 1226 2502 1279 omnis
2545 1226 2887 1295 quicunque
2934 1226 3293 1282 invocaverit
3348 1246 3566 1286 nomen
3598 1234 3706 1287 Do-

251 1334 273 1362 κ
299 1319 447 1391 quvi.
478 1312 596 1368 Καὶ
636 1307 849 1384 ἔσται,
885 1320 999 1378 πᾶς
1034 1316 1093 1380 ὅς
1145 1317 1232 1372 δᾶν
1264 1316 1653 1389 ἐπικαλέσηται
1686 1317 1747 1373 τὸ
1778 1316 1955 1393 ὄνομα
2065 1334 2092 1363 (ί
2121 1315 2291 1383 mini,
2326 1314 2523 1370 salvus
2555 1316 2689 1370 erit.
2713 1334 2739 1365 ιο

255 1423 276 1454 ι
301 1402 512 1475 Κυρίου,
553 1405 946 1473 σωθήσεται.
984 1428 1014 1457 ››

310 1496 470 1548 Τοῦτο
497 1493 1107 1571 προσεκτικωτέρους
1165 1498 1364 1562 αὐτοὺς
1419 1499 1554 1560 τέως
1585 1497 1829 1567 ἐποίησε”
1890 1521 1928 1554 τι

2132 1494 2250 1547 Ηοο
2280 1493 2628 1547 attentiores
2660 1494 2896 1548 interim
2924 1494 3060 1549 illos
3090 1497 3367 1554 reddidit.
3401 1502 3554 1556 Hora
3575 1519 3707 1558 vero

252 1578 312 1649 δὲ,
364 1580 413 1636 ἐν
468 1582 650 1657 τρίτῃ
730 1584 874 1658 ὥρᾳ
933 1589 1105 1640 ταῦτα
1173 1588 1519 1662 γεγενῆσθαι,
1572 1586 1680 1667 οὐχ
1734 1586 1870 1643 ἀπλὲ

2090 1585 2235 1639 ertia
2274 1585 2400 1639 haec
2424 1600 2553 1639 esse
2582 1585 2738 1639 facta
2764 1601 2884 1639 non
2907 1586 3224 1657 vulgariter
3254 1588 3708 1662 intelligendum

254 1672 361 1727 Τότε
417 1672 532 1748 γὰρ
601 1674 679 1728 τὸ
749 1672 1032 1749 λαμπρον
1099 1679 1195 1730 τοῦ
1278 1677 1449 1751 πυρὸς
1509 1673 1801 1748 δείκνυται,
1863 1680 1872 1731 ί

2086 1674 2279 1744 :st,sed
2299 1673 2455 1745 quod
2489 1674 2797 1746 tuncignis
2812 1674 3704 1752 splendorostenditur,quando

254 1762 358 1817 οὔτε
410 1764 565 1837 πρὸς
637 1762 800 1838 ἔργα
865 1760 1092 1839 ἔχουσιν
1152 1764 1204 1819 οἱ
1260 1764 1560 1839 ἂνθρωποι,
1638 1764 1762 1822 οὔτε
1812 1788 1872 1842 πρ

2094 1780 2127 1817 o
2151 1780 2342 1834 neque
2370 1763 2444 1818 ad
2475 1781 2653 1834 opera
2672 1770 2919 1819 utuntur
2948 1766 3242 1835 homines,
3276 1786 3469 1840 neque
3502 1773 3574 1827 ad
3601 1790 3707 1844 pa-

248 1850 477 1923 ἆριστον,
512 1851 621 1908 ὅτε
653 1852 918 1927 λαμπρὰ
951 1856 984 1923 ἡ
1020 1853 1220 1928 ἡμέρα,
1280 1853 1371 1908 ὅτε
1420 1854 1615 1917 πάντες
1670 1856 1800 1911 εἰσὶν

2091 1852 2312 1907 andum
2345 1853 2683 1923 prandium,
2718 1854 2955 1924 quando
2987 1856 3182 1910 clarus
3226 1863 3315 1912 est
3344 1859 3490 1921 dies.
3516 1878 3708 1931 quan-

248 1942 453 2018 ἆγορᾶς.
486 1944 651 1999 Εἶτα
684 1947 803 2013 τὴν
842 1946 1182 2024 προφητείαν
1224 1948 1541 2025 παρήγαγεν
1596 1952 1694 2002 τοῦ
1750 1951 1866 2005 Ἰωαὶ

2086 1942 2130 1996 lo
2155 1958 2362 1997 omnes
2393 1942 2454 1997 in
2486 1943 2612 1997 foro
2646 1950 2801 1997 sunt.
2870 1945 3095 1999 Deinde
3150 1947 3275 2001 Joel
3332 1950 3704 2021 prophetiam

249 2030 482 2104 οὗδαμοῦ
515 2039 629 2089 τοῦ
670 2038 945 2109 Χριστοῦ
980 2036 1356 2108 μνημονεύσας
1389 2036 1635 2105 ἐνταῦθα,
1694 2038 1784 2092 καὶ
1835 2061 1865 2094 τ

2088 2031 2399 2103 ubjungit:
2435 2031 2603 2085 nulla
2633 2033 2846 2087 Christi
2898 2032 3054 2089 facta
3109 2037 3436 2103 mentione,
3472 2046 3575 2093 aut
3627 2042 3705 2095 si-

251 2122 488 2191 σημείων
559 2123 644 2176 ὧν
718 2124 871 2190 ἦσαν
927 2124 1216 2193 αὐτόπται,
1273 2125 1360 2179 καὶ
1421 2124 1504 2180 ὅτι
1560 2125 1727 2180 αὐτοῦ
1784 2131 1869 2182 τοῐ

2087 2136 2305 2180 [norum
2328 2137 2581 2192 quorum
2614 2122 2724 2192 ipsi
2756 2124 2994 2178 fuerant
3022 2132 3402 2195 spectatores,
3426 2137 3528 2184 aut
3549 2130 3705 2200 quod

253 2207 578 2283 ἒπαγγελία.
620 2211 689 2268 Εἰ
723 2213 835 2287 γὰρ
872 2216 1037 2268 τοῦτο
1093 2214 1233 2280 εἶπε,
1293 2216 1467 2270 πάντα
1525 2215 1806 2289 ἀνέτρεψεν
1858 2218 1871 2270 ξ

2084 2226 2180 2264 taec
2204 2211 2334 2279 ejus
2368 2212 2561 2265 fuerat
2590 2213 2927 2281 promissio.
2966 2215 3107 2268 Nam
3168 2216 3214 2269 si
3272 2217 3383 2272 hoc
3437 2218 3702 2285 dixisset,

264 2299 357 2351 καὶ
388 2300 842 2370 καταλευσθῆναι
873 2300 1151 2373 ἐποίησενο
1185 2300 1329 2357 ἀλλά
1382 2304 1477 2357 τὸν
1539 2303 1751 2379 Πατέρα
1807 2303 1882 2359 τέ(

2088 2298 2259 2352 mnia
2288 2298 2692 2357 subvertisset.
2723 2318 2791 2355 ac
2822 2302 3125 2371 despectui
3159 2307 3532 2376 exposuisset
3564 2325 3576 2361 :
3602 2310 3706 2365 sed

278 2386 488 2463 εἰσάγει
521 2386 617 2443 διὰ
655 2395 758 2445 τοῦ
812 2394 1107 2470 προφήτου
1163 2397 1327 2447 ταῦτα
1374 2392 1560 2457 αὐτοῖς
1615 2392 1896 2470 ἐπαγγειλι

2085 2391 2288 2441 ’atrem
2318 2387 2557 2442 interim
2584 2388 2813 2443 inducit
2832 2392 2931 2460 qui
2958 2407 3061 2460 per
3082 2394 3427 2463 prophetam
3452 2397 3562 2453 hoc
3584 2398 3703 2454 illis

270 2497 463 2549 μενον,
498 2478 586 2532 καὶ
625 2480 721 2533 τὸν
752 2483 951 2553 φθόνον
1014 2481 1465 2554 ὑποτεμνόμενονο
1514 2483 1576 2538 ού
1634 2489 1750 2545 τοῖς
1808 2484 1888 2539 ἀπε

2082 2476 2431 2540 iromiserat,
2467 2482 2526 2530 et
2554 2477 2839 2531 invidiam
2871 2480 3081 2532 aufert.
3125 2482 3240 2535 Nec
3291 2484 3454 2546 solis,
3487 2486 3700 2557 inquit,

260 2566 489 2628 στόλοις
516 2569 721 2640 μόνον,
757 2572 918 2650 φησί,
954 2571 1100 2627 ἀλλὰ
1129 2574 1271 2646 πάσῃ
1307 2574 1487 2647 σαρκὶ,
1519 2572 1773 2639 δηλονότι
1803 2572 1878 2629 εἰλ

2084 2564 2361 2634 .postolis,
2393 2564 2495 2618 sed
2529 2565 2691 2619 omni
2723 2567 2909 2631 carni,
2956 2568 3185 2623 sincere
3214 2570 3489 2627 videlicet
3545 2580 3602 2629 et
3633 2592 3702 2631 ex

259 2662 466 2729 κρινῶς
488 2660 871 2733 πιστευούσῃ.
933 2662 1023 2715 καὶ
1080 2662 1215 2735 μετὰ
1269 2660 1577 2724 διαθέσεως.
1613 2663 1689 2720 Ού
1745 2663 1846 2739 γὰρ

2083 2655 2271 2707 .fl'ectu
2294 2654 2576 2709 credenti.
2614 2677 2639 2703 «
2672 2658 2796 2710 Non
2830 2659 2987 2711 enim
3020 2659 3118 2728 qui
3154 2659 3296 2713 dicit
3326 2663 3701 2727 mihi,Domi-

254 2745 444 2822 λέγων
485 2749 808 2827 μοι,φησῖ,
863 2750 1048 2821 Κύριε,
1100 2752 1288 2826 Κύριε,
1342 2750 1469 2808 ἀλλ’
1532 2754 1559 2807 ὁ
1619 2754 1752 2826 μετὰ
1816 2754 1872 2830 βί

2081 2762 2148 2811 ιε,
2184 2746 2431 2799 Domine
2464 2746 2527 2810 ⁸³⁷,
2566 2768 2593 2794 ››
2654 2746 2869 2817 inquit,
2904 2749 3006 2802 sed
3061 2750 3160 2819 qui
3192 2752 3416 2821 optima
3445 2754 3560 2810 vita
3589 2756 3699 2811 hoc

246 2836 493 2909 ἀρεστου
521 2842 700 2893 τοῦτο
736 2844 938 2895 ποιῶν.
999 2839 1077 2897 Οὐ
1135 2841 1461 2916 προστίθησι
1518 2839 1575 2897 δὲ
1629 2844 1864 2909 τοῦτο,ὁ

2082 2835 2193 2890 acit
2216 2852 2365 2900 ;non
2400 2842 2596 2890 tamen
2629 2836 2737 2891 hoc
2769 2837 3037 2904 addit;id
3069 2841 3337 2895 efficiens
3360 2849 3423 2897 ut
3443 2846 3700 2915 promis-

236 2928 685 3005 επαχθέστερον
718 2928 816 2981 τὸν
854 2925 1019 3001 λόγον
1051 2936 1151 2998 τῆς
1208 2929 1533 3006 ἐπαγγελίας
1590 2933 1679 2986 καὶ
1735 2937 1854 2986 κοῦι

2085 2924 2237 2977 ionis
2270 2941 2464 2979 sermo
2496 2926 2694 2979 minus
2726 2928 2918 2997 gravis
2951 2929 3027 2982 sit
3056 2946 3123 2983 ac
3146 2930 3348 2997 levior,
3374 2935 3541 3003 quasi
3575 2936 3700 2992 sola

222 3022 465 3083 ποιῶν,
503 3016 595 3070 δτι
635 3018 782 3087 μόνη
818 3019 853 3085 ἡ
914 3016 1203 3088 ἐπίκλησις
1258 3018 1413 3093 ἀρκεῖ
1456 3021 1591 3092 πρὸς
1646 3042 1840 3095 σωτῆρι

2075 3014 2277 3067 'ocatio
2311 3016 2569 3069 sufficiat
2598 3015 2671 3069 ad
2704 3016 2977 3071 salutem.
3012 3018 3159 3073 illud
3191 3036 3323 3074 vero
3346 3038 3358 3074 :
3380 3023 3521 3077 «Sol
3545 3041 3693 3079 con-

220 3106 317 3161 Τὸ
355 3103 450 3174 δὲ,
487 3132 516 3158 (ι
543 3108 606 3161 Ὀ
640 3106 811 3176 ἣλιος
858 3112 1364 3189 μεταστραφήσεται
1397 3109 1474 3173 εἰς
1524 3111 1733 3177 σκότος,
1766 3136 1795 3163 »

2076 3107 2309 3157 'ertetur
2331 3104 2390 3156 in
2416 3103 2710 3167 tenebras,
2743 3126 2770 3153 »
2803 3110 2861 3158 et
2880 3105 3055 3175 paulo
3084 3113 3240 3171 ante,
3280 3128 3303 3155 ιι
3340 3109 3694 3178 Sanguinem

224 3196 300 3249 τὸ
342 3197 470 3266 πρὸ
506 3197 736 3265 τούτου,
774 3223 799 3250 (ι
832 3200 988 3267 Αἷμα
1016 3197 1104 3252 καὶ
1137 3203 1244 3273 πῦρ
1276 3198 1363 3253 καὶ
1418 3196 1619 3273 ἀτμίδα
1649 3206 1842 3255 καπνοῐ

318 3289 349 3298 ..
596 3285 609 3299 .
689 3292 711 3301 -
880 3284 936 3304 η
1000 3287 1014 3304 ,
1293 3287 1306 3302 .
1446 3288 1456 3304 ,
1674 3290 1729 3304 Α.
1833 3289 1842 3304 .

2076 3197 2111 3244 ει
2139 3192 2336 3263 ignem
2370 3198 2427 3245 et
2456 3208 2729 3263 vaporem
2760 3193 2930 3258 fumi,
2968 3217 2994 3242 ››
3022 3195 3149 3249 Ι]ωο
3182 3196 3252 3251 de
3279 3196 3475 3253 futuro
3499 3200 3694 3271 aitju-

2076 3280 2200 3304 “-2.‘
2235 3281 2510 3304 π..-....ε---
2549 3288 2736 3304 ---ι-..-
2782 3283 2841 3304 ,1-
2882 3284 3143 3304 Il:__x,_l
3210 3286 3270 3304 η’
3355 3286 3390 3304 1·
3439 3294 3449 3304 Α
3657 3295 3666 3304 .

223 3289 449 3337 ταῦτα.
486 3285 750 3352 περὶτῆς
808 3284 1122 3358 μελλούσης
1180 3287 1309 3366 φησί
1367 3288 1619 3362 κρίσεως,
1670 3289 1841 3344 Οἰκειό

2075 3280 2514 3351 licio.Proprius
2547 3288 2743 3335 autem
2777 3283 2847 3337 de
2880 3284 3306 3356 Hierosolymis
3337 3286 3559 3343 dictum
3586 3295 3693 3357 est,

250 3391 365 3442 ρον
406 3368 477 3424 δὲ
507 3372 603 3425 καὶ
636 3375 757 3445 περὶ
786 3380 884 3429 τῶν
940 3375 1343 3451 Ἱεροσολύμων
1373 3379 1463 3432 καὶ
1518 3385 1619 3446 τῆς
1675 3379 1798 3433 τότε
1854 3400 1868 3431 ι

2076 3376 2107 3425 ει
2138 3370 2209 3423 de
2246 3371 2579 3441 captivitate
2608 3389 2739 3442 quae
2798 3378 2939 3427 tunc
2998 3373 3149 3430 facta
3196 3381 3303 3442 est,
3365 3381 3694 3449 prmsertim

238 3456 652 3535 χμαλωσίας,
711 3460 940 3536 εξοηται,
996 3465 1103 3520 ἀπὸ
1160 3472 1261 3534 τῆς
1322 3464 1613 3528 διαθέσεως
1673 3472 1780 3522 τῶν
1836 3489 1856 3521 τ

2083 3476 2183 3513 um
2215 3460 2392 3514 etiam
2418 3460 2590 3530 juxta
2617 3462 2935 3533 Josephum
2961 3464 3149 3518 multa
3178 3465 3521 3535 huiusmodi
3545 3487 3696 3540 prae-

226 3548 553 3623 σχόντων.
592 3549 812 3614 Ἄλλως
840 3574 900 3608 τε
944 3554 1035 3609 καὶ
1090 3555 1225 3608 κατὰ
1283 3554 1374 3610 τὸν
1435 3555 1722 3626 Ἰώσηπον,
1752 3555 1844 3612 ποῖ

2074 3548 2211 3602 udia
2248 3548 2401 3603 facta
2432 3548 2551 3603 sint
2580 3555 2718 3604 ante
2778 3550 3320 3623 Hierosolymorum
3360 3556 3692 3612 subversio-

216 3642 505 3693 τοιαῦτα
538 3637 973 3713 ἐπροοιμιασατο
1030 3643 1129 3712 τὴν
1165 3648 1273 3698 τῶν
1321 3643 1720 3718 Ἱεροσολύμων
1770 3666 1834 3699 κα

2078 3655 2204 3693 tem.
2230 3638 2434 3693 Dicere
2466 3644 2662 3693 autem
2694 3639 2898 3694 lunam
2930 3640 2990 3695 in
3024 3643 3371 3710 sanguinem
3402 3662 3528 3700 esse
3552 3664 3696 3702 con-

228 3731 539 3807 ηπροφτςν.
574 3730 649 3783 Τὸ
699 3728 760 3784 δὲ
790 3732 889 3799 τῆν
921 3730 1159 3802 σελήνην
1215 3740 1654 3813 μεταστραφῆναι
1688 3735 1763 3795 εἰς
1796 3737 1846 3788 αἲ

2075 3728 2409 3795 'ertendnm,
2443 3728 2622 3782 caedis
2636 3729 2905 3802 designat
2934 3731 3693 3805 multitudinem,tanquam

224 3834 521 3891 οπο-κείν,
556 3824 665 3887 τῆς
696 3826 913 3894 σφαγῆς
972 3816 1139 3891 δηλοῖ
1168 3822 1266 3889 τῆν
1302 3816 1631 3897 ὑπερϐολὴν,
1663 3824 1737 3884 ὡς
1768 3844 1840 3897 πρ

2074 3832 2187 3871 una
2218 3833 2352 3870 cum
2403 3816 2479 3870 sit
2508 3817 2776 3884 vicinior,
2809 3819 2992 3889 possit
3025 3820 3136 3874 hoc
3163 3836 3196 3874 a
3223 3822 3529 3892 sanguinis
3562 3841 3692 3879 eva-

219 3903 554 3978 γειοτέρας
589 3925 653 3959 τε
684 3901 875 3974 οὔσης,
908 3905 998 3961 καὶ
1032 3904 1334 3980 δυναμένης
1364 3908 1472 3963 ἀπὸ
1519 3916 1618 3978 τῆς
1671 3914 1769 3964 τοῦ

2075 3905 2353 3960 μονοιὶοιιθ
2394 3906 2643 3977 perpeti.
2666 3906 2819 3961 Illud
2852 3923 3014 3975 sane,
3050 3932 3075 3958 ‹‹
3101 3910 3455 3980 Priusquam
3496 3912 3693 3968 veniat

217 4017 426 4067 ματος
486 3995 919 4069 ἀναθυμιάσεως
978 4002 1140 4051 τοῦτο
1198 3999 1449 4073 πάσχειν.
1510 4000 1583 4054 Τὸ
1675 4000 1768 4072 μέν
1825 4021 1835 4034 ι

2074 3994 2169 4048 lies
2201 3993 2436 4047 Domini
2461 4011 2708 4066 magnus
2734 4002 2792 4049 et
2822 3996 3194 4065 manifestus,
3229 4020 3257 4049 ››
3291 4001 3570 4055 terrentis
3603 4006 3692 4057 est

222 4110 257 4137 cx
304 4086 464 4158 Πρὶν
504 4084 696 4140 ἐλθεῖν
726 4087 829 4154 τῆν
879 4086 1088 4162 ἡμέραν
1120 4087 1322 4162 Κυρίου
1377 4088 1476 4156 τήν
1539 4086 1786 4163 μεγαλην

2071 4088 2103 4136 ιι
2131 4082 2526 4137 concutientis
2574 4088 2815 4154 propter
2874 4093 3212 4157 exspectata
3261 4090 3546 4159 pericula.
3610 4093 3689 4145 Ne

222 4173 592 4253 ἐπιφανῆ.»
636 4170 937 4249 φοϐοῦντός
994 4175 1108 4231 ἐστι
1163 4177 1253 4232 καὶ
1307 4176 1682 4240 κατασείοντος
1739 4177 1835 4233 αὐτ

2071 4171 2226 4237 εοὶω,
2252 4170 2542 4241 inquit,eo
2574 4171 2731 4240 quod
2761 4188 2919 4226 nunc
2950 4174 3193 4244 impune
3224 4178 3501 4247 peccatis,
3534 4178 3689 4232 bono

226 4270 375 4325 τοῖς
414 4263 830 4337 ὲλττιζομένοις
888 4261 1100 4325 δεινοῖς.
1163 4267 1250 4334 Μὴ
1310 4266 1434 4342 γὰρ,
1487 4264 1698 4334 ἐπειδὴ,
1752 4289 1844 4346 φηι

2073 4265 2231 4315 :stote
2254 4259 2490 4325 animo;
2520 4259 2623 4313 sed
2654 4260 2943 4331 praaludia
2967 4262 3065 4316 I9
3100 4263 3226 4317 haec
3280 4280 3408 4318 esse
3442 4281 3691 4333 cognos-

228 4354 599 4428 ἐτιμωρητί
660 4358 751 4408 νῦν
807 4355 1157 4429 ἃμαρτανετε,
1232 4352 1497 4429 θαρρεῖτε,
1576 4354 1744 4422 ἀλλὰ,
1799 4379 1846 4430 πΙ

2077 4350 2155 4405 ite
2188 4349 2383 4421 magni
2416 4348 2577 4403 illius
2609 4349 2726 4404 diei
2776 4366 2843 4405 ac
2874 4350 3191 4422 periculosi
3246 4369 3361 4423 quo
3411 4359 3693 4425 sequetur

225 4440 478 4497 εισόδια
509 4448 695 4497 ταῦτα
732 4442 845 4497 ἴστε
877 4443 1118 4517 μεγαλης
1158 4443 1368 4517 ἡμέρας
1422 4444 1513 4497 καὶ
1546 4442 1800 4521 χαλεπῆς

2080 4456 2290 4512 perum
2316 4439 2651 4493 retributio.
2686 4442 2963 4495 Attamen
2990 4458 3124 4495 cum
3158 4442 3340 4497 minis
3372 4443 3692 4514 quamdam

222 4530 667 4588 ἀνταπόδοσιν.
715 4530 891 4588 Ἀλλᾶ
944 4538 1063 4594 ταῖς
1118 4530 1372 4595 ἀπειλαῖς
1428 4531 1616 4609 ἐπάγει
1666 4534 1788 4588 τινὰ

2081 4529 2221 4584 tiam
2253 4528 2558 4601 subjungit
2586 4528 3029 4602 benignitatem,
3055 4532 3313 4587 addens:
3350 4553 3370 4579 α
3398 4534 3466 4587 Et
3496 4534 3692 4588 omnis

229 4622 625 4697 χρησὸτητα,
686 4622 942 4695 προσθεὶς
988 4622 1072 4691 τὸ,
1131 4646 1160 4673 ‹‹
1216 4622 1319 4679 Καὶ
1376 4626 1479 4684 πᾶς
1538 4620 1598 4683 ὅς
1660 4622 1750 4676 ἐὰν
1810 4622 1847 4677 ἐς

2072 4619 2381 4690 [ιιίοιιηᾳιιε
2410 4618 2699 4673 invocarit
2719 4636 2937 4674 nomen
2970 4622 3425 4687 Domini,salvus
3456 4624 3569 4677 erit
3590 4622 3690 4678 ³⁸.»

228 4708 582 4781 xzkérrﬁa:
664 4711 727 4765 τὸ
785 4710 957 4785 ὄνομα
1043 4710 1270 4785 Κυρίου,
1356 4713 1682 4781 σωθήσεται.
1745 4736 1774 4764 ››
1834 4717 1846 4769 ]

2071 4711 2113 4763 Et
2134 4710 2244 4764 hoc
2275 4709 2515 4779 quidem
2547 4710 2764 4763 Paulus
2790 4710 3095 4780 apostolus
3127 4711 3198 4766 de
3221 4712 3450 4767 Christo
3466 4713 3689 4770 dictum

228 4802 432 4853 τοῦτο
468 4799 571 4872 μὲν
608 4798 829 4862 Παῦλος
880 4798 909 4853 ὀ
967 4798 1279 4862 ἀπόστολος
1330 4799 1455 4875 περὶ
1488 4801 1722 4870 Χριστοῦ
1783 4802 1846 4877 εἰς

2073 4816 2175 4853 εδεθ
2206 4799 2290 4853 ait
2322 4815 2334 4852 :
2360 4815 2520 4853 nunc
2548 4814 2684 4852 vero
2712 4815 2844 4853 cum
2876 4799 3054 4870 hujus
3112 4817 3231 4855 non
3262 4802 3477 4858 habeat
3523 4821 3691 4859 occa-

238 4884 387 4945 σνθαῖ
425 4906 592 4965 φησι,
628 4890 720 4939 νῦν
780 4884 987 4957 μέντοι,
1044 4886 1239 4943 τούτου
1293 4885 1483 4960 καιρὸν
1544 4886 1643 4941 οὐκ
1684 4885 1856 4963 ἔχοντι

2078 4890 2297 4955 ionem,
2317 4887 2573 4959 quadam
2606 4888 2901 4943 sermonis
2923 4888 3371 4961 dispensatione
3399 4893 3511 4948 hoc
3540 4911 3691 4965 pra)—

245 4972 595 5048 οἶκονοψῦν
625 4975 720 5029 τὸν
742 4975 907 5052 λόγον
940 4982 1177 5047 παρῆκεν
1211 4974 1360 5033 αύτό.

699 4997 720 5028 ν
742 4975 907 5052 λόγον
940 4982 1177 5047 παρῆκεν
1211 4974 1360 5033 αὐτό.
2044 4978 2317 5034 termisit.

334 5089 368 5114 α
410 5062 647 5137 Ἄνδρες
681 5064 1038 5140 Ἰσραηλῖται,
1083 5066 1345 5121 ἀκούσατε
1390 5065 1519 5127 τοὺς
1552 5064 1755 5145 λόγους
1809 5068 1935 5122 τού-

2115 5069 2190 5133 II,
2222 5070 2291 5120 22
2319 5067 2407 5120 ‘28.
2442 5088 2471 5115 «
2494 5066 2614 5120 Viri
2646 5066 3165 5133 Israelitae,audite
3202 5072 3373 5128 verba
3401 5073 3563 5130 hmo:
3595 5074 3684 5127 Je-

258 5176 286 5201 ει
322 5172 494 5215 τους.
529 5155 745 5225 Ἰησοῦν
775 5155 867 5210 τὸν
896 5159 1242 5227 Ναζωραῖον,
1293 5151 1457 5230 diasz
1484 5154 1593 5211 ἀπὸ
1652 5160 1752 5211 τοῦ
1799 5163 1876 5213 Θε‹

2071 5173 2223 5212 sum
2258 5158 2621 5211 Nazarenum
2652 5154 2839 5210 virum
2871 5172 2907 5212 θ,
2935 5157 3053 5214 Deo
3076 5159 3451 5229 designatum
3483 5161 3557 5216 ad
3588 5177 3689 5216 vos

258 5239 794 5318 «ἀποδεδειγμένον
835 5244 914 5304 εἰς
946 5243 1087 5315 ὑμᾶς
1145 5240 1401 5316 δυνάμεσι
1460 5244 1549 5297 καὶ
1602 5245 1786 5319 τέρασι
1843 5266 1876 5300 κ

2067 5244 2434 5306 ινὶι-ωιὶιηιε,
2469 5243 2752 5316 prodigiis
2801 5250 2857 5301 et
2917 5246 3099 5320 signis
3150 5267 3282 5321 quas
3336 5266 3444 5323 per
3490 5250 3685 5321 ipsum

262 5352 285 5377 ε
322 5335 616 5405 σημείοις,
650 5337 738 5400 οἷς
778 5335 1003 5407 ἐποίησε
1057 5332 1129 5391 δι’
1184 5334 1350 5391 αὐτοῦ
1407 5337 1436 5391 ὁ
1493 5337 1622 5398 Θεὸς
1676 5335 1729 5391 ἐν
1784 5332 1880 5410 μέσ

2068 5358 2074 5386 ι
2107 5335 2247 5390 fecit
2276 5336 2428 5389 Deus
2452 5333 2512 5387 in
2545 5333 2738 5388 medio
2772 5336 2967 5402 vestri,
3020 5338 3173 5392 sicut
3221 5344 3281 5393 et
3330 5339 3442 5409 ipsi
3501 5340 3686 5407 scitis,

265 5439 291 5469 ε
322 5422 510 5497 ὑμῶν,
562 5427 743 5489 καθὼς
791 5427 881 5483 καὶ
948 5426 1105 5482 αύτοῖ
1172 5422 1375 5495 οἴδατε,
1433 5430 1596 5483 τοῦτο
1653 5430 1721 5501 τῇ
1797 5428 1877 5501 ὡρ

2070 5448 2072 5475 :
2105 5425 2266 5481 hunc
2296 5422 2539 5478 definito
2572 5424 2821 5479 consilio
2854 5430 2912 5479 et
2962 5427 3337 5499 prmscientia
3373 5429 3474 5483 Dei
3506 5428 3688 5485 tradi-

263 5526 291 5557 ι
319 5514 501 5590 σμένῃ
531 5513 713 5593 βουλῇ
744 5512 838 5571 καὶ
864 5513 1167 5590 προγνώσει
1198 5517 1297 5568 τοῦ
1355 5518 1494 5570 Θεοῦ
1548 5509 1773 5572 ἔκδοτον
1826 5512 1881 5574 λε

2068 5520 2233 5571 :tum
2275 5530 2414 5570 cum
2463 5513 2867 5588 accepissetis,
2908 5532 3018 5589 per
3071 5532 3286 5574 manus
3342 5518 3686 5593 iniquorum

347 5694 396 5729 "'
434 5699 637 5759 Matth.
671 5706 765 5772 νη,
801 5696 950 5758 ll.”
980 5696 1151 5754 Hom.
1182 5712 1278 5763 xx,
1304 5694 1388 5750 i3.
