4098 6260
469 355 540 416 71
1592 352 2005 416 (ΕΟΗΜΕΝΙΙ
2049 354 2117 413 TI

2228 353 2353 413 ‘vi‘E
2403 351 2752 414 EPlSCOPl
3769 355 3838 416 72

473 517 502 546 ‹‹
534 495 882 551 cruciﬁxum
913 493 1302 550 interemistis
1337 510 1351 550 :
1407 509 1584 564 quem
1619 493 1772 547 Deus
1815 491 2117 546 suscitavit

2234 510 2258 541 α
2291 484 2500 559 ϐόντες,
2534 487 2622 544 διὰ
2653 493 2855 568 χειρῶν
2889 489 3108 563 ἀνόμων
3152 490 3550 565 προσπήξαντες
3602 491 3836 551 ἀνείλετε.

479 610 498 634 ι
529 585 739 641 solutis
780 584 1087 639 doloribus
1143 584 1372 649 mortis,
1428 590 1720 654 quatenus
1751 581 2120 652 impossibile

473 698 500 725 ‹‹
534 681 661 730 erat
689 674 859 728 illum
904 673 1090 728 teneri
1125 673 1196 728 ab
1243 688 1331 727 ea.
1392 671 1571 726 David
1631 671 1790 725 enim
1847 669 1992 725 dicit
2049 669 2120 724 de

472 787 499 814 «
536 780 603 818 eo
641 780 652 816 :
687 762 1073 817 Providebam
1128 763 1448 817 Dominum
1509 762 1568 815 in
1626 765 1947 830 conspectu
1988 775 2119 814 meo

474 875 501 902 ‹‹
536 869 790 924 semper,
826 852 1110 922 quoniam
1139 867 1174 906 a
1201 851 1423 905 dextris
1454 855 1544 905 est
1579 850 1724 904 mihi
1757 865 1831 903 ne
1863 865 2118 903 commo-

473 965 498 993 «
534 958 688 996 vear.
725 943 970 1012 Propter
1001 941 1109 995 hoc
1168 940 1431 994 laetatum
1491 945 1582 994 est
1638 955 1740 993 cor
1795 953 1995 992 meum
2065 941 2123 992 et

476 1053 503 1080 ‹‹
537 1031 851 1086 exsultavit
881 1029 1081 1102 lingua
1110 1046 1263 1095 mea,
1296 1029 1543 1100 insuper
1589 1035 1648 1083 et
1677 1044 1814 1082 caro
1872 1042 2006 1081 mea
2036 1041 2121 1080 re-

472 1143 499 1169 ‹‹
537 1120 803 1190 quiescet
833 1119 893 1173 in
927 1135 1046 1190 spe.
1082 1119 1370 1183 Quoniam
1426 1134 1548 1171 non
1583 1116 1964 1186 derelinques
1990 1117 2120 1171 ani-

475 1231 502 1258 «
529 1226 686 1263 mam
713 1225 903 1263 meam
928 1209 989 1262 in
1020 1207 1274 1272 inferno,
1298 1223 1406 1260 nec
1438 1207 1599 1260 sines
1620 1211 1684 1260 ut
1713 1212 1952 1260 sanctus
1984 1211 2120 1260 tuus

474 1320 501 1346 ‹‹
535 1298 728 1353 videat
759 1298 1407 1368 corruptionem.Notas
1429 1295 1573 1350 mihi
1598 1295 1786 1350 fecisti
1811 1295 1932 1350 vias
1954 1295 2078 1348 vita:
2103 1311 2116 1361 ;

473 1411 498 1436 ‹‹
535 1386 794 1458 replebis
824 1402 920 1441 me
943 1385 1320 1458 jucunditate
1346 1402 1480 1440 cum
1512 1385 1661 1440 facie
1694 1390 1792 1439 tua
1818 1382 1884 1438 *9.
1908 1405 1937 1434 »

545 1568 836 1632 Quoniam
868 1566 928 1619 in
952 1564 1361 1636 superioribus
1385 1565 1766 1618 vehementer
1795 1581 1895 1619 eos
1925 1581 2121 1635 repre-

476 1656 707 1721 hendit,
739 1671 898 1708 nunc
928 1653 1087 1724 ipsos
1117 1653 1426 1716 exhilarat,
1454 1669 1572 1706 non
1603 1653 1983 1717 assentando,
2016 1653 2119 1708 sed

475 1743 887 1799 refocillando.
948 1742 1084 1797 Ideo
1117 1758 1355 1812 quoque
1387 1741 1687 1812 praefatur,
1723 1746 1781 1796 et
1812 1742 1995 1812 patris
2053 1759 2119 1797 ac

2224 601 2248 631 α
2291 579 2386 635 "Ov
2447 579 2476 633 6
2525 579 2656 639 Θεὸς
2711 579 2972 649 ἀνέστησε
3025 579 3194 639 λύσας
3259 579 3354 640 τὰς
3407 575 3600 641 ὠδῖνας
3643 583 3729 634 τοῦ
3757 583 3840 634 θα-

2228 667 2463 735 «νάτου,
2521 668 2710 731 καθότι
2771 667 2871 723 οὐκ
2931 670 2996 738 iv
3056 665 3280 722 δυνατὸν
3339 670 3642 742 κρατεῖσθαι
3695 668 3840 723 αὐτὸν

2227 778 2259 812 α
2321 758 2423 812 ὑπὸ
2484 757 2672 815 αὐτοῦ.
2734 755 2908 818 Ααυῒδ
2963 758 3063 832 γὰρ
3121 756 3272 834 λέγει
3333 757 3405 818 εἷς
3461 756 3638 812 αὐτόν·
3714 763 3843 832 [lpo-

2227 846 2523 921 «ωρώμην
2555 848 2646 902 τὸν
2707 848 2900 922 Κύριον
2958 846 3189 902 ἐνώπιόν
3249 867 3354 919 μου
3413 843 3714 916 διαπαντὸς,
3776 847 3849 902 ὅτι

2226 959 2252 987 u
2281 934 2342 990 ἐκ
2371 934 2556 1005 δεξιῶν
2590 936 2698 1010 μού
2733 936 2892 997 ἰστῗν,
2925 934 3019 990 ἵνα
3081 938 3156 1008 μή
3221 934 3490 1000 σαλευθῶ.
3554 936 3646 989 Διά
3700 940 3844 990 τοῦτο

2232 1046 2253 1074 ι
2306 1025 2573 1102 εὐφράνθη
2657 1027 2692 1094 ἡ
2749 1024 2945 1100 καρδία
3007 1047 3132 1099 μου.
3221 1025 3322 1082 Καὶ
3402 1022 3766 1098 ἠγαλλιάσατο
3817 1028 3849 1094 ἡ

2228 1138 2256 1167 ι(
2289 1113 2516 1189 γλῶσσά
2550 1135 2680 1189 μου,
2711 1113 2790 1170 ἔτι
2825 1113 2883 1170 δὲ
2913 1115 3000 1170 καὶ
3035 1119 3068 1184 ἡ
3129 1114 3253 1190 σάρξ
3311 1136 3417 1188 μου
3471 1116 3851 1183 κατασκηνώσει

2229 1232 2257 1259 (ι
2285 1207 2366 1264 ἐπ’
2397 1205 2602 1275 ἐλπίδι,
2636 1209 2722 1264 δτι
2755 1208 2854 1264 οὐκ
2902 1207 3313 1287 ἐγκαταλείψεις
3367 1209 3465 1275 τήν
3526 1209 3704 1286 ψυχήν
3760 1226 3852 1278 μου

2225 1323 2253 1350 ‹‹
2290 1296 2366 1360 εἷ¹ς
2398 1295 2553 1369 ᾅδου,
2587 1296 2712 1354 οὐδὲ
2743 1296 2936 1360 δώσεις
2968 1299 3062 1354 τὸν
3095 1299 3243 1353 ὃσιόν
3306 1319 3400 1352 σου
3461 1294 3591 1352 ἰδεῖν
3646 1294 3854 1372 διαῳθο-

2227 1389 2402 1462 «ράν.
2463 1388 2794 1464 Ἐγνώρισάς
2853 1409 2946 1462 μοι
3008 1385 3167 1450 ὁδοὺς
3231 1392 3400 1457 ζωῆς,
3459 1386 3766 1461 πληρώσεις
3798 1405 3855 1458 με

2222 1501 2252 1530 α
2286 1476 2619 1549 εὐφροσύνης
2653 1481 2786 1549 μετὰ
2813 1482 2910 1533 τοῦ
2939 1479 3237 1547 προσώπου
3269 1497 3385 1534 σου.
3419 1500 3447 1529 »

2293 1563 2515 1635 Ἐπειδή
2547 1569 2831 1640 καθήψατο
2885 1565 3064 1622 αὐτῶν
3126 1565 3380 1641 ἀνωτέρω
3439 1561 3715 1644 σφοδρῶς,
3773 1567 3854 1616 νῦν

2226 1655 2434 1724 ἀνίησιν
2490 1655 2705 1725 αὐτοὺς,
2769 1656 2832 1710 ού
2892 1654 3234 1727 κολακεύων,
3321 1654 3468 1711 ἀλλὰ
3527 1652 3853 1710 διαναπαύων

2222 1744 2571 1806 καὶάνέσεως
2603 1745 2784 1815 ἀξιῶν.
2822 1746 2914 1799 Διὸ
2973 1747 3062 1800 καὶ
3123 1747 3570 1820 προοιμιάζεται,
3628 1743 3714 1798 καὶ
3771 1745 3859 1796 τοῦ

472 1832 867 1906 progenitoris
898 1831 1076 1886 David
1109 1831 1482 1888 meminit.ne
1507 1829 1821 1886 conturbet
1841 1848 1940 1886 eos
1961 1832 2117 1903 quod

2228 1835 2574 1908 προπάτορος
2639 1832 2802 1889 Δαυΐδ
2859 1833 3214 1908 μνημονεύει,
3271 1835 3365 1889 ἳνα
3423 1835 3504 1907 μὴ
3564 1827 3859 1904 θοουϐήσῃ,

472 1925 669 1977 Jesum
704 1923 764 1976 in
797 1937 1070 1977 sermone
1101 1920 1446 1992 praetulerit.
1500 1921 1644 1974 Cum
1703 1921 1863 1975 enim
1919 1922 2119 1976 statim

473 2014 824 2085 prophetam
858 2012 1184 2068 audissent.
1211 2011 1638 2064 sustinuerunt.
1673 2012 1815 2064 Nam
1848 2011 1896 2065 si
1929 2011 2121 2066 solum

472 2104 669 2158 Jesum
706 2101 1084 2172 produxisset
1142 2099 1459 2155 homicidis
1502 2098 1865 2164 hominibus,
1926 2101 2125 2155 statim

473 2191 610 2246 iilos
643 2190 1011 2245 offendisset.
1047 2192 1368 2260 PrOpteiea
1401 2189 1578 2244 etiam
1608 2205 1726 2243 non
1758 2189 1943 2244 dixit:
1988 2191 2124 2244 Cre-

475 2280 615 2346 dite,
646 2280 771 2344 sed,
806 2279 1017 2334 Audite
1043 2295 1056 2332 :
1089 2284 1154 2332 ut
1185 2278 1375 2351 magis
1406 2277 1626 2333 invidia
1658 2295 1853 2332 sermo
1876 2283 2122 2334 careret.

474 2370 610 2426 Ideo
633 2384 871 2438 quoque
903 2367 974 2422 de
1005 2369 1140 2422 Jesu
1173 2366 1460 2421 humilius
1499 2367 1785 2438 loquitur.
1820 2367 2125 2439 Siquidem

478 2482 498 2507 ι
535 2460 758 2524 Jesum,
786 2457 1000 2528 inquit,
1037 2459 1420 2522 Nazarenum,
1452 2478 1480 2507 »
1539 2473 1750 2528 nempe
1783 2474 1815 2512 a
1871 2457 1969 2511 vili
2012 2457 2122 2512 ab-

465 2548 745 2620 jectaque
778 2547 968 2618 patria
989 2545 1582 2612 nominans.Deinde,
1606 2568 1632 2594 ‹‹
1664 2547 2068 2618 Designatum,
2091 2569 2118 2596 ››

473 2653 595 2692 non
622 2637 694 2691 de
728 2653 844 2706 quo
895 2635 1084 2689 ullum
1114 2634 1319 2688 haberi
1351 2640 1554 2704 posset
1583 2634 1851 2696 dubium,
1887 2635 1990 2688 sed
2020 2652 2126 2705 per

475 2743 656 2796 Opera
685 2725 1214 2790 demonstratum,«
1233 2739 1362 2792 qum
1390 2739 1494 2793 per
1524 2723 1719 2793 ipsum
1751 2723 1892 2777 fecit
1917 2729 2120 2789 Deus,»

474 2815 612 2884 quia
638 2831 672 2868 a
704 2815 822 2867 Deo
845 2818 989 2874 erat,
1019 2811 1130 2866 etsi
1148 2811 1304 2865 enim
1334 2811 1486 2865 Deus
1509 2811 1670 2878 fecit,
1705 2811 1922 2881 sedper
1945 2813 2123 2882 ipsum

471 2903 796 2966 fecit,etuin
821 2901 1017 2956 medio
1041 2901 1404 2967 vestri,»non
1427 2899 1580 2954 clam
1597 2916 1789 2970 neque
1806 2901 1867 2955 in
1883 2901 2120 2972 angulo,

477 2993 579 3047 sed
603 2992 768 3046 vobis
800 2989 1174 3046 testantibus.
1210 2989 1499 3055 Quoniam
1533 2995 1734 3044 autem
1759 2989 1829 3044 ad
1857 2990 2120 3061 ipsorum

476 3083 704 3137 facinus
727 3079 1085 3152 procedebat
1106 3080 1262 3150 quod
1295 3095 1424 3134 sese
1457 3097 1562 3150 per
1593 3096 1829 3135 crucem
1872 3081 2121 3148 exeruit,

477 3174 635 3243 ipsos
667 3172 842 3227 etiam
893 3171 1147 3224 liberare
1180 3175 1430 3224 conatur
1494 3186 1600 3240 per
1652 3169 1761 3224 hoc
1819 3170 1976 3240 quod
1998 3171 2117 3224 ait:

477 3223 631 3243 -ιτ-τ-
1190 3223 1201 3224 κ
1278 3223 1281 3224 ν
1494 3223 1512 3240 ι
1744 3223 1751 3224 κ
1836 3223 1855 3240 .
1953 3223 2027 3224 νη
2070 3223 2113 3224 η

473 3285 499 3311 ‹‹
528 3262 780 3316 Deﬁnito
837 3261 1087 3314 consilio
1142 3265 1200 3314 et
1248 3260 1624 3330 praescientia
1673 3261 1813 3315 Dei:
1848 3280 1874 3312 ι
1939 3260 2119 3316 simul
2159 3223 2202 3289 C

2234 1920 2421 1990 ἐπειδή
2453 1923 2544 1977 τὸν
2597 1925 2807 1993 Ἰησοῦν
2866 1927 3171 2001 προήνεγκε
3227 1928 3307 1996 τῷ
3373 1922 3554 2000 λόγῳ.
3612 1924 3721 1978 Τοῦ
3769 1920 3861 1996 γὰρ

2233 2015 2519 2089 προφήτου
2571 2013 2715 2087 παρᾶ
2771 2011 2944 2074 πόδας
3005 2012 3324 2074 ἀκούσαντες
3389 2010 3647 2090 ἐπέσχον.
3699 2008 3762 2066 Εἰ
3815 2006 3868 2062 δὲ

2235 2101 2396 2176 μόνον
2427 2102 2489 2156 τὸ
2520 2097 2695 2174 δνομα
2723 2107 2822 2157 τοῦ
2854 2105 3036 2172 Ἰησοῦ
3093 2103 3355 2176 προήχθη
3399 2105 3637 2178 φονῶσιν
3673 2098 3868 2173 ἀνθρώ-

2231 2212 2382 2262 ποις,
2415 2191 2612 2256 εὐθέως
2645 2193 2708 2246 ἄν
2766 2193 3036 2263 προσέστη
3087 2191 3292 2253 αὐτοῖς.
3355 2191 3454 2245 Διά
3513 2195 3676 2246 τοῦτο
3733 2185 3868 2254 ούδὶ,

2233 2281 2718 2350 Ηείσθητε,εἶπεν,
2761 2279 2912 2347 ἀλλ’,
2969 2281 3285 2338 Ἀκούσατε.
3346 2282 3542 2344 ⁶Οπως
3595 2277 3876 2352 ἐνεπαχθέ-

2233 2391 2418 2444 στερον
2447 2371 2532 2440 iv.
2569 2372 2668 2426 Διά
2722 2376 2882 2427 τοῦτο
2931 2372 3022 2426 καὶ
3087 2371 3206 2446 τερὶ
3263 2375 3360 2426 τοῦ
3419 2373 3608 2442 Ἰησοῦ
3643 2367 3876 2423 ταπεινό-

2229 2482 2381 2536 τερον
2415 2463 2722 2540 φθέγγεται.
2756 2486 2783 2513 ‹‹
2833 2464 3046 2530 Ἰησοῦν
3105 2460 3231 2536 γὰρ,
3293 2460 3449 2538 φησὶ,
3513 2461 3608 2514 τὸν
3694 2463 3879 2524 Ναζω-

2232 2555 2405 2625 ραῖον,
2441 2573 2468 2602 ››
2504 2551 2608 2604 ἀπὸ
2635 2554 2733 2615 τῆς
2766 2548 3020 2611 εὐτελοῦς
3048 2547 3312 2624 πατρίδος
3365 2550 3678 2624 ὀνομάζων.
3736 2546 3878 2611 Εἶτα,

2235 2663 2258 2693 α
2309 2636 2794 2710 ἀποδεδειγμένον,
2859 2662 2885 2689 ››
2973 2641 3088 2693 οἷον
3151 2639 3256 2693 οὐκ
3338 2634 3880 2717 ἀμφισϐητούμενον.

2232 2727 2391 2784 Ἀλλ’
2423 2725 2882 2802 ἀποδεδειγμένον
2926 2725 3018 2782 διά
3071 2734 3183 2782 τῶν
3233 2724 3430 2805 ἔργων,
3469 2754 3498 2781 ‹‹
3561 2727 3637 2783 ὦν
3671 2725 3884 2793 ἐποίησε

2232 2813 2302 2871 δι’
2327 2817 2493 2871 αὐτοῦ
2525 2817 2734 2885 όΘεὸς,
2771 2841 2796 2866 υ
2851 2819 2933 2872 δτι
2989 2818 3094 2873 ἀπὸ
3153 2822 3286 2873 Θεοῦ
3345 2820 3430 2886 iv.
3493 2821 3650 2878 Τέως
3709 2816 3811 2890 γὰρ
3842 2813 3884 2867 εἱ

2229 2905 2318 2960 καὶ
2353 2907 2380 2960 6
2411 2907 2542 2967 Θεὸς
2576 2905 2851 2973 ἐποίησεν,
2887 2905 3034 2962 ἀλλά
3092 2904 3163 2962 δι’
3220 2908 3410 2974 αὐτοῦ,
3451 2909 3545 2962 καὶ
3569 2934 3597 2959 (ι
3659 2907 3712 2961 ἐν
3747 2903 3885 2981 μέσῳ

2232 2997 2406 3068 ὑμῶν,
2443 3019 2471 3046 ››
2503 2995 2564 3050 οὐ
2597 2993 2792 3067 λάθρα,
2827 2993 2953 3050 οὐδὲ
2983 2995 3034 3050 ἐν
3079 2997 3274 3072 γωνίᾳ,
3329 2993 3480 3051 ἀλλὰ
3543 2994 3887 3071 μαρτυρούν-

2229 3105 2335 3138 των
2363 3085 2539 3158 ὑμῶν.
2575 3082 2796 3152 Ἐπειδή
2832 3083 2888 3139 δὲ
2919 3085 2994 3146 εἰς
3051 3086 3112 3139 τὸ
3149 3082 3238 3139 διὰ
3303 3088 3400 3139 τοῦ
3452 3089 3696 3158 σταυροῦ
3757 3081 3886 3138 τύλ-

2237 3195 2397 3246 μημα
2458 3172 2632 3228 αὐτῶν
2691 3170 2936 3248 προῦϐη,
2992 3178 3243 3248 πειρᾶται
3302 3173 3503 3235 αὐτοὺς
3565 3175 3658 3229 καὶ
3725 3168 3892 3227 ἀπαλ-

2233 3259 2452 3318 λάσσειν
2484 3260 2573 3317 διὰ
2612 3266 2709 3316 τοῦ
2767 3262 2961 3331 εἰπεῖν,
3022 3287 3050 3314 «
3110 3267 3190 3336 Τῇ
3249 3263 3648 3338 προωρισμὲνῃ
3715 3259 3889 3336 βουλῇ

2227 3355 2324 3405 τοῦ
2356 3355 2513 3420 Θεοῦ,
2557 3375 2584 3402 ››
2617 3353 2731 3424 ἅμα
2792 3351 2887 3424 μὶν
2929 3348 3137 3412 δεικνὺς
3197 3351 3258 3404 τὸ
3299 3354 3398 3404 τοῦ
3455 3351 3672 3411 πάθους
3731 3346 3894 3402 αὐτοῦ

2228 3439 2500 3512 ἑκούσιον,
2549 3440 2637 3494 καὶ
2698 3439 2783 3494 ὅτι
2835 3444 2952 3502 τοῖς
3009 3437 3455 3513 προωρισμένοις
3522 3438 3896 3514 ὑπούργησεν,

2227 3526 2374 3583 ἀλλὰ
2403 3529 2494 3584 καὶ
2555 3526 2948 3597 ἀπαλλάσσων,
3010 3528 3112 3582 οὐκ
3164 3527 3388 3606 ἀφίησιν
3445 3526 3660 3588 αὐτοὺς
3720 3526 3902 3592 πάντη

2221 3623 2320 3673 τοῦ
2378 3615 2754 3693 ἐγκλήματος.
2841 3618 3075 3694 Ἐπάγει
3150 3617 3278 3693 γὰρ,
3332 3615 3414 3671 ὅτι
3473 3641 3503 3667 ‹‹
3564 3617 3667 3672 Διὰ
3701 3619 3906 3690 χειρῶν

2223 3707 2444 3780 ἀνόμων
2501 3705 2760 3763 ἀνείλετε·
2825 3731 2852 3759 ››
2908 3703 2999 3761 διὰ
3056 3711 3258 3781 χειρῶν
3322 3706 3416 3778 μὶν
3472 3707 3588 3782 γὰρ
3650 3703 3900 3777 ἀνόμων,

2220 3798 2345 3868 ⁸ἢτοι
2381 3795 2561 3854 Ἰούδα
2594 3797 2686 3852 καὶ
2738 3801 2844 3852 τῶν
2905 3800 3270 3871 στρατιωτῶν,
3331 3794 3498 3868 ὥμως
3540 3793 3814 3850 ἀνείλετε·
3849 3791 3894 3847 εἰ

2221 3887 2325 3963 γὰρ
2350 3887 2401 3940 οἱ
2432 3885 2726 3961 πράξαντες
2753 3883 2968 3957 ἄνομοι,
3000 3886 3089 3940 καὶ
3149 3885 3199 3939 οἱ
3256 3882 3542 3947 ἀνελόντες
3596 3881 3888 3954 δηλονότι,

2220 3975 2362 4030 οὕτω
2403 3974 2786 4049 καθαψάμενος
2845 3975 3019 4030 αὐτῶν
3071 3973 3272 4048 ἠρέμα,
3331 3973 3421 4028 καὶ
3481 3970 3692 4028 λοιπὸν
3753 3968 3892 4026 τολ-

2223 4069 2339 4139 μῶν
2395 4065 2485 4120 καὶ
2543 4063 3024 4145 ἐμφαντικωτέρων
3080 4062 3311 4136 ἂψασθαι
3367 4063 3574 4142 φήσας·
3613 4087 3642 4114 ‹‹
3710 4061 3809 4120 Ὀν
3864 4061 3892 4114 ὁ

2219 4154 2348 4217 Θεὸς
2404 4154 2684 4224 ἀνέστησε,
2744 4153 2911 4215 λύσας
2971 4153 3065 4215 τὰς
3123 4148 3324 4213 ὠδῖνας
3399 4154 3495 4205 τοῦ
3559 4152 3830 4207 θανάτου.
3865 4172 3893 4201 ››

2218 4245 2530 4311 Τουτὲστιν,
2564 4245 2649 4299 ὅτι
2677 4242 2766 4299 καί
2813 4245 2841 4298 6
2873 4244 3099 4305 θάνατος
3147 4239 3303 4296 ὥδινε
3353 4241 3614 4320 κατέχων
3702 4239 3896 4310 αὐτὸν,

2216 4334 2306 4389 καὶ
2357 4332 2523 4388 οἱονεὶ
2574 4331 2722 4387 δεινά
2777 4327 3033 4406 ἔπασχεν.
3128 4328 3338 4392 Ὠδὶνας
3399 4330 3502 4406 γάρ
3563 4333 3603 4398 ἡ
3675 4327 3904 4386 Ιιαλαιά

2214 4425 2342 4486 τοὺς
2404 4420 2691 4486 κινδύνους
2746 4424 2903 4502 (pici,
2963 4423 3051 4476 καὶ
3113 4421 3209 4482 τὰς
3267 4419 3581 4497 συμφοράς.
3653 4421 3750 4482 Ὠς
3811 4419 3904 4475 ἐπὶ

2216 4519 2333 4581 τοῦ,
2367 4539 2394 4565 ‹‹
2431 4511 2635 4576 Ὠδῖνες
2666 4510 2796 4583 ᾅδου
2838 4509 3291 4586 περιεκύκλωσάο
3326 4530 3413 4584 με.
3447 4532 3475 4560 ››
3509 4511 3614 4564 Διὰ
3651 4507 3714 4564 δὲ
3773 4513 3902 4576 τοῦ,

473 3354 709 3424 quidem
741 3353 1061 3407 ostendens
1091 3352 1426 3406 ultroneam
1460 3352 1646 3422 ipsius
1669 3353 2029 3422 passionem,
2064 3358 2122 3406 et

471 3443 630 3514 quod
661 3442 754 3497 his
786 3459 916 3512 qua}
947 3441 1192 3496 definita
1224 3446 1393 3496 erant
1414 3441 1679 3496 obsecuti
1713 3441 1850 3495 sint.
1887 3443 1987 3498 20
2018 3446 2118 3495 At-

469 3538 670 3586 tamen
703 3530 862 3601 ipsos
902 3529 1211 3585 liberando
1251 3546 1372 3584 non
1407 3530 1650 3585 omnino
1712 3531 1841 3585 sine
1873 3547 2116 3586 accusa-

467 3621 628 3675 tione
660 3620 950 3690 relinquit
981 3637 992 3673 :
1028 3619 1229 3674 subdit
1278 3620 1476 3675 enim:
1505 3643 1529 3668 «
1565 3621 1677 3674 Per
1731 3637 1942 3675 manus
1997 3621 2112 3675 ini.

466 3727 719 3782 quorum
753 3709 1158 3764 interemistis.
1197 3731 1224 3760 »
1261 3708 1560 3780 Siquidem
1595 3726 1701 3780 per
1753 3726 1966 3765 manus
1997 3711 2113 3765 ini-

465 3815 961 3871 quorum,nempe
982 3798 1144 3854 Judaa
1175 3815 1242 3854 ac
1272 3797 1528 3852 militum
1547 3797 2110 3870 crudeliter,inquit,

463 3889 852 3944 interemistis
881 3890 1024 3944 Nam
1057 3888 1106 3943 si
1140 3888 1199 3942 hi
1233 3888 1333 3958 qui
1358 3888 1923 3960 peregeruntiniqui
1950 3895 2111 3957 sunt,

466 3979 644 4034 etiam
677 3979 715 4032 ii
747 3983 906 4032 certe
939 3978 1040 4048 qui
1065 3978 1517 4033 interemerunt.
1551 3978 1696 4032 Cum
1749 3977 1831 4033 ita
1887 3980 2109 4035 sensim

463 4068 598 4123 illos
630 4067 1264 4138 objurgasset,sumpta
1295 4083 1529 4138 quoque
1561 4066 1842 4139 deinceps
1864 4068 2111 4125 audacia

460 4159 835 4214 manifestius
888 4176 990 4214 eos
1021 4159 1209 4229 carpit
1238 4157 1440 4213 dicens
1477 4175 1489 4212 :
1525 4179 1552 4207 ‹‹
1579 4159 1760 4223 Quem
1797 4160 1949 4215 Deus
1979 4177 2106 4215 sus-

463 4250 667 4306 citavit
706 4249 917 4304 solutis
968 4248 1274 4303 doloribus
1323 4247 1532 4302 mortis
1567 4265 1579 4301 :
1611 4268 1635 4296 ιι
1676 4249 1787 4303 hoc
1841 4255 1949 4312 est,
1983 4251 2111 4321 ipsa

463 4355 698 4410 quoque
721 4355 880 4392 mors
903 4338 1098 4408 ipsum
1123 4335 1397 4389 detinens
1420 4335 1627 4398 doluit,
1665 4343 1722 4390 et
1742 4336 1916 4391 veluti
1939 4354 2108 4410 grave

465 4427 693 4498 aliquid
738 4443 913 4497 passa
955 4429 1062 4480 est.
1131 4425 1306 4478 Vetus
1352 4439 1609 4494 namque
1667 4426 2107 4482 Testamentum

461 4512 660 4576 ὠδῖνας
693 4514 1029 4587 appellavit,
1062 4511 1123 4567 id
1155 4519 1261 4578 est,
1291 4512 1646 4568 calamitate.
1681 4515 1749 4569 Ut
1795 4531 1929 4569 cum
1961 4516 2106 4571 dici-

463 4610 580 4670 tur,
616 4627 643 4654 ‹‹
674 4599 965 4667 Ὠδῖνες,ἱ(1
998 4600 1484 4662 est,calamitates
1514 4601 1603 4656 vel
1635 4601 1868 4657 dolores
1895 4603 2112 4659 inferni

2228 4628 2248 4655 ι(
2283 4603 2485 4660 Καθότι
2516 4600 2616 4656 οὐκ
2645 4601 2713 4670 iv
2747 4597 2968 4655 δυνατὸν
3031 4599 3192 4655 αὑτὸν
3251 4603 3592 4674 κρατεῖσθαι,
3629 4623 3661 4651 ››
3699 4600 3767 4654 τὸ
3803 4619 3906 4673 με-

462 4690 1171 4748 circumdederuntme”.
1199 4714 1226 4741 ››
1245 4693 1356 4746 Per
1383 4692 1494 4746 hoc
1525 4691 1681 4761 quod
1703 4691 1866 4746 addit
1891 4709 1939 4746 εει
1960 4694 2113 4758 Qua—

2228 4690 2442 4767 γαλεῖον
2477 4691 2641 4745 αὐτοῦ
2673 4691 2997 4764 παρίστησι,
3030 4689 3120 4743 καὶ
3183 4687 3266 4743 ὅτι
3323 4688 3425 4743 οὐκ
3489 4682 3569 4742 ἔτι
3639 4689 3908 4760 ἀποθνή-

463 4785 636 4833 tenus
668 4780 1036 4850 impossibile
1069 4785 1196 4833 erat
1240 4779 1409 4833 illum
1443 4779 1652 4845 teneri,
1690 4801 1716 4828 ››
1751 4779 2113 4851 magnitudi-

2228 4801 2355 4837 σκει.
2390 4780 2515 4836 Ἐπὶ
2545 4779 2764 4844 τούτοις
2794 4779 3030 4855 παράγει
3061 4779 3152 4833 καὶ
3207 4778 3299 4833 τὸν
3362 4778 3671 4852 προφήτην
3729 4775 3908 4833 Δαυίδ

468 4885 605 4922 nem
640 4869 768 4938 ejus
799 4867 1185 4930 demonstrat,
1219 4874 1278 4923 et
1306 4867 1462 4939 quod
1494 4868 1754 4939 amplius
1785 4885 1904 4924 non
1929 4870 2112 4924 mori-

2228 4870 2472 4950 λέγοντα,
2503 4870 2577 4933 ὡς
2635 4870 2989 4945 προείρηται,
3052 4867 3150 4923 οὐκ
3208 4866 3283 4929 εἷς
3343 4867 3548 4930 ἑαυτὸν,
3613 4865 3762 4923 ἀλλ’
3828 4867 3909 4929 εἷς

465 4963 579 5012 tur.
614 4956 700 5010 Ad
723 4956 848 5010 haec
879 4957 1230 5028 prophetam
1277 4958 1456 5012 etiam
1491 4957 1666 5012 David
1725 4958 1965 5014 adducit
2022 4959 2108 5014 di-

2228 4961 2406 5030 αὐτὸν,
2439 4966 2683 5016 τουτέστι
2733 4960 2826 5014 τὸν
2885 4959 3142 5033 Χριστόν.
3203 4957 3484 5014 Κάνταῦθα
3517 4952 3574 5011 δὲ
3640 4957 3764 5012 ἀπὸ
3794 4963 3910 5012 τῶν

461 5054 694 5103 centem
721 5061 840 5100 non
874 5045 945 5100 de
979 5046 1307 5118 seipso,sed
1333 5047 1404 5102 de
1439 5052 1600 5114 eo,ut
1625 5047 1849 5103 dictum
1873 5053 1980 5112 est,
2001 5048 2111 5104 hoc

2228 5051 2630 5124 ταπεινοτέρων,
2688 5049 2780 5103 καὶ
2839 5047 2974 5102 κατὰ
3052 5048 3114 5102 τὸ
3172 5045 3548 5120 ταπεινότερον
3602 5045 3914 5120 προῦθηκε

464 5144 573 5204 est,
609 5137 680 5191 de
712 5135 963 5190 Christo.
988 5139 1051 5189 Et
1080 5136 1178 5190 hic
1206 5152 1442 5206 quoque
1466 5136 1537 5190 ab
1598 5137 2020 5193 humilioribus
2056 5143 2111 5193 et

2228 5142 2316 5210 τὴν
2370 5138 2728 5218 προφητείαν,
2783 5136 2877 5192 ἅτε
2935 5135 3454 5213 εἰσαγωγικωτέρων
3514 5131 3722 5210 λόγων
3795 5132 3921 5190 δεο-

453 5224 628 5296 juxta
653 5224 709 5280 id
743 5225 903 5296 quod
934 5223 1253 5280 demissius
1276 5229 1366 5278 est
1384 5225 1756 5296 prophetiam
1780 5229 2108 5299 proposuit,

2228 5225 2422 5297 μένοις.
2460 5252 2487 5279 ‹‹
2515 5227 2718 5284 Καθότι
2749 5227 2852 5281 ούκ
2910 5227 2978 5294 iv
3037 5222 3286 5281 δυνατόν.
3315 5245 3340 5275 ι
3381 5222 3556 5282 Αὐτὸς
3581 5223 3700 5295 γὰρ
3771 5218 3916 5301 ἔφη,

460 5320 746 5385 tanquam
774 5314 866 5370 his
899 5314 1115 5386 quibus
1141 5329 1289 5384 Opus
1322 5317 1448 5366 erat
1490 5313 1938 5372 introductoriis
1988 5335 2108 5372 ser-

2228 5319 2304 5373 δτι
2339 5341 2366 5368 α
2399 5314 2590 5382 Οὐδεὶς
2621 5313 2768 5392 α’ίρες
2787 5317 2889 5385 τήν
2921 5317 3108 5390 ψυχήν
3143 5335 3248 5388 μου
3278 5313 3371 5368 ἀπ’
3393 5312 3549 5386 ἐμοῦ.
3579 5309 3766 5368 Ἀλλ’
3798 5310 3920 5388 ἐγὼ

458 5403 800 5457 monibus.«
826 5404 1126 5469 Quatenus
1156 5400 1526 5473 impossibile
1554 5409 1697 5458 erat.
1734 5426 1762 5455 »
1793 5407 1924 5476 Ipse
1951 5407 2111 5462 enim

2228 5405 2310 5462 ἀπ’
2338 5405 2574 5479 ἐμαυτοῦ
2633 5404 2830 5478 τίθημι
2881 5402 3046 5472 αὐτὴν
3101 5403 3192 5459 καὶ
3238 5401 3349 5481 ἐγὼ
3407 5399 3572 5456 πάλιν
3610 5395 3920 5474 λαμϐάνω

459 5491 730 5548 dicebat:
763 5515 792 5542 «
817 5495 997 5549 Nemo
1027 5491 1181 5548 tollit
1203 5491 1466 5547 animam
1517 5508 1713 5550 meam
1771 5511 1806 5550 a
1854 5511 1970 5564 me,
2007 5497 2110 5553 sed
2220 5495 2411 5566 αὐτήν.
2448 5519 2476 5547 ››
3097 5530 3100 5532 η

463 5597 570 5656 ego
603 5597 638 5637 ο,
663 5581 893 5655 meipso
923 5598 1081 5654 pono
1111 5581 1301 5649 illam,
1337 5586 1397 5637 et
1424 5597 1531 5655 ego
1562 5599 1802 5641 rursum
1833 5601 2004 5641 sumo
2031 5602 2164 5644 eam
2192 5588 2262 5644 ³³.
2294 5608 2324 5638 ››

528 5743 576 5782 ²⁸
602 5745 753 5804 Psal.
783 5763 877 5818 xv,
909 5745 1069 5802 8-H.
1099 5743 1148 5783 ³ο
1177 5745 1335 5804 Psal.
1367 5759 1502 5817 xm,
1533 5746 1590 5814 6,
1620 5743 1666 5782 ³¹
1692 5747 1858 5806 Joan.
1881 5764 1936 5820 x,
1972 5749 2059 5806 18.
