4098 6260
236 381 318 444 ’73
1262 388 1683 453 COMMENT.
1729 392 1816 454 ΙΝ
1862 393 1945 454 AC

2110 394 2690 459 APOSTOLORUM
2704 444 2717 457 .
3624 407 3712 463 ’14

318 514 633 593 ιι¹⁷Ανδρες
710 517 983 598 ἀδελφοὶ,
1047 520 1163 594 ἐξὸν
1220 521 1387 578 εἰπεῖν
1450 524 1583 597 μετὰ
1647 521 2037 602 παβρησίαςΑ

254 634 281 661 ι(
313 610 459 684 πρὸς
522 610 677 682 ὑμᾶς
732 613 867 687 περὶ
927 618 1029 668 τοῦ
1083 616 1426 690 πατριάρχου
1483 613 1667 678 Δαυῗδ,
1719 614 1801 669 ὅτι
1858 614 1949 670 καὶ

265 721 294 753 ι
320 698 686 770 ἐτελεύτησε,
720 702 814 755 καὶ
850 702 1052 779 ἐτάφη,
1111 703 1200 757 καὶ
1255 704 1317 757 τὸ
1380 710 1572 776 μνῆμα
1610 703 1775 758 αὐτοῦ
1806 702 1945 758 ἐστιν

271 815 297 841 α
330 789 383 844 ἓν
439 791 585 862 ἡμῖν
650 786 791 869 ἄχει
848 798 954 859 τῆς
1013 789 1220 863 ἠμέηὶας
1275 792 1497 863 ταύτης.
1535 794 1827 870 Προφήτης
1860 791 1951 848 οὖν

280 906 306 931 ι(
341 879 640 959 ῦπάρχων,
670 880 765 934 καὶ
798 877 981 947 εἰδὼς,
1040 879 1127 936 ὅτι
1167 882 1311 955 ὅρκῳ
1343 878 1560 953 ὢμοσεν
1584 880 1732 953 αὐτῷ
1763 883 1791 935 6
1822 882 1952 945 Θεὸς

286 969 407 1024 «ὲκ
460 973 682 1043 καρποῦ
757 976 861 1039 τῆς
940 969 1138 1047 ὀσφύος
1210 969 1379 1024 αὐτοῦ
1438 970 1650 1033 καθίσαι
1710 970 1796 1025 ἐπὶ
1853 975 1949 1025 τοῦ

294 1085 323 1113 «ι
354 1060 572 1135 θρόνου,
659 1062 725 1115 τὸ
811 1066 951 1116 κατὰ
1037 1062 1206 1135 σάρκα
1286 1061 1580 1131 ἀναστῆσαι
1656 1062 1746 1117 τὸν
1822 1063 1948 1136 Χρι-

295 1172 326 1200 ‹ι
362 1150 482 1203 στὸν
535 1146 783 1221 προῖδὼν
845 1148 1083 1219 ἐλαλησε
1138 1150 1261 1223 περὶ
1323 1150 1416 1223 μὶν
1475 1150 1809 1212 ἀναστάσεως
1854 1154 1950 1204 τοῦ

293 1261 326 1290 u
361 1240 624 1312 Χριστοῦ,
659 1239 743 1293 ὅτι
778 1237 878 1293 οὐκ
925 1235 1308 1318 ἐγκατελείφθη
1360 1241 1395 1309 ἡ
1447 1240 1603 1315 ψυχὴ
1652 1238 1817 1295 αὐτοῦ
1871 1239 1950 1302 εἷς

297 1350 320 1379 ι
357 1322 515 1399 ᾅδου,
549 1327 680 1384 οὐδὲ
736 1330 772 1399 ἡ
831 1329 957 1403 σὰρξ
1018 1329 1185 1385 αὐτοῦ
1234 1326 1345 1384 εἶδε
1402 1325 1714 1409 διαφθοράν,
1748 1332 1948 1385 Τοῦτον

288 1443 318 1472 ιι
351 1419 449 1474 τὸν
486 1422 703 1488 Ἰησοῦν
762 1418 1049 1489 ἀνέστησεν
1109 1420 1137 1472 6
1196 1419 1347 1487 Θεὸς,
1406 1419 1467 1472 οὗ
1532 1418 1727 1481 πάντες
1784 1420 1950 1491 ἡμεῖς

290 1532 321 1560 οι
353 1507 525 1581 ἐσμεν
561 1508 854 1583 μάρτυρες.
888 1530 917 1561 η

359 1599 485 1665 Τήν
528 1596 867 1674 προφητείαν
898 1595 1201 1671 πληρώσας
1248 1594 1437 1652 ἄλλων
1491 1594 1657 1651 πάλιν
1708 1598 1952 1672 ἀπάρχε-

281 1709 374 1743 ται
404 1686 757 1761 προοιμίῶν.
828 1712 848 1738 ι
884 1683 1129 1762 Ἄνδρες,
1182 1685 1367 1763 φησὶν,
1426 1684 1673 1763 ἀδελφοί.
1707 1707 1738 1741 »
1793 1690 1950 1741 Ὅταν

281 1778 386 1852 γὰρ
425 1774 570 1852 μέγα
625 1798 680 1831 τι
738 1774 917 1849 μέλλῃ
970 1775 1130 1851 ἐρεῖν,
1162 1775 1490 1847 οἰκειωτικῷ
1518 1776 1788 1850 κέχρηται
1818 1796 1952 1851 προ-

288 1866 485 1939 οιμίῳ,
521 1864 796 1943 ἀδελφοὺς
825 1865 1028 1920 καλῶν.
1062 1870 1149 1928 Ὦς
1198 1864 1288 1921 καὶ
1349 1867 1377 1919 6
1434 1866 1723 1944 Στέφανος,
1755 1863 1949 1921 Ἀδελ-

288 1957 382 2031 φοὶ
413 1958 508 2011 καὶ
547 1954 800 2027 Πατὲρες,
864 1954 1143 2010 ἂκούσατε.
1199 1954 1334 2011 Εἶτά
1391 1976 1578 2032 φησιν,
1612 1980 1639 2007 ‹‹
1673 1955 1820 2024 Ἐξὸν
1859 1954 1943 2009 εἶ-

286 2053 407 2102 πεῖν
445 2046 587 2120 μετᾶ
614 2044 921 2122 παρρησίας
975 2045 1096 2115 περὶ
1155 2047 1257 2099 τοῦ
1315 2043 1656 2117 πατριάρχου
1698 2040 1881 2098 Δαυΐδ.
1919 2067 1948 2095 ››

286 2138 459 2193 Ἔνθα
516 2133 671 2190 οὐδὲν
734 2132 994 2209 βλάπτει,
1050 2130 1233 2206 πολλῇ
1291 2129 1562 2207 κέχρηται
1612 2152 1944 2209 μετριοφροο

296 2226 451 2300 σῦνῃ.
484 2225 553 2282 Ei
579 2226 678 2298 γὰρ
729 2224 881 2278 εἶπεν
942 2222 1116 2284 οῧτῶς
1176 2221 1388 2292 ἁπλῶς,
1422 2220 1505 2277 ὅτι
1542 2242 1708 2277 ταδτα
1738 2220 1838 2277 οὐκ
1868 2219 1948 2276 εἷ’-

307 2337 470 2392 ρηται
499 2316 735 2389 περὶτοῦ
766 2311 957 2381 Δαυῖδ,
1014 2310 1160 2366 ἀλλά
1212 2311 1337 2385 περὶ
1393 2314 1490 2366 τοῦ
1530 2314 1787 2386 Χριστοῦ,
1817 2332 1944 2387 τρα-

301 2408 409 2484 χὺς
437 2407 500 2462 ἂν
527 2405 687 2478 ἔδοξε,
741 2406 832 2463 καὶ
894 2406 1066 2481 ὀργῆν
1122 2402 1305 2467 αὐτοῖς
1362 2401 1591 2457 ἐνεποίει
1640 2401 1877 2475 μᾶλλον,
1908 2404 1943 2473 ἢ

296 2503 624 2573 πειθηνίους
655 2500 973 2577 παρείχετο.
1006 2496 1183 2555 Ἀλλὰ
1224 2493 1411 2568 πολλῇ
1445 2495 1569 2570 περὶ
1620 2495 1710 2548 τὸν
1771 2492 1945 2566 μακά-

285 2613 403 2667 ριον
462 2588 630 2646 Δαυῗδ
686 2592 828 2663 τιμῇ
888 2589 1262 2663 χρησάμενος,
1322 2583 1718 2659 εὐπαράδεκτον
1780 2604 1946 2638 κατα-

284 2681 557 2750 σκευάζει,
615 2680 702 2735 ὅτι
755 2679 882 2753 περὶ
938 2683 1040 2733 τοῦ
1116 2680 1352 2753 Χριστοῦ
1407 2679 1442 2746 ἡ
1503 2676 1795 2750 μαρτυρία,
1854 2674 1943 2728 καὶ

280 2779 383 2834 πᾶς
416 2772 583 2833 οὗτος
638 2771 668 2824 6
718 2769 888 2844 λόγος
949 2768 1121 2828 οὕτως
1179 2768 1573 2838 οἱκονομεῖται.
1602 2769 1678 2838 Τῇ
1712 2765 1815 2840 γάρ
1847 2767 1943 2818 τοῦ

280 2859 444 2918 Δαυῖδ
474 2859 714 2933 τελευτῇ
774 2858 863 2913 καὶ
916 2860 1060 2933 ταφῇ
1116 2854 1176 2911 οὗ
1233 2857 1588 2931 προσέθηκεν,
1618 2853 1700 2908 ὅτι
1733 2852 1829 2909 οὐκ
1858 2855 1945 2908 ἆν-

274 2953 426 3022 ἐστη,
462 2949 594 3004 αλλ’
625 2950 710 3003 ὅτι
746 2971 775 2999 α
809 2948 909 3003 Καὶ
940 2946 1006 3001 τὸ
1038 2951 1230 3020 μνῆμα
1259 2944 1423 2999 αὐτοῦ
1454 2943 1592 2999 ἐστιν
1635 2944 1686 2997 ἐν
1718 2945 1877 3015 ἡμῖν,
1912 2967 1941 2993 ››

274 3041 407 3115 ὅπερ
438 3039 565 3094 ’ἴσον
604 3042 707 3109 τῷ,
759 3037 873 3094 Οὐκ
920 3036 1137 3105 ἀνέστη.
1173 3034 1270 3089 Καὶ
1309 3031 1434 3088 οὐδὲ
1465 3032 1638 3095 οὕτως
1670 3031 1834 3101 ἦλθεν
1864 3030 1942 3093 εἷς

272 3132 365 3186 τὸν
397 3129 666 3203 Χριστὸν,
712 3125 859 3181 ἀλλᾶ
922 3124 1086 3179 πάλιν
1147 3123 1549 3198 ἐγκωμιάζεται
1581 3124 1608 3176 6
1640 3118 1825 3191 Δαυὶδ,
1854 3118 1943 3175 διὰ

279 3224 404 3287 τοῦ,
464 3242 494 3270 u
523 3218 824 3293 Προφήτης
882 3212 976 3268 οὖν
1038 3213 1325 3289 ὑπάρχων,
1359 3236 1389 3264 ››
1441 3209 1536 3266 τίνα
1567 3209 1656 3265 διὰ
1682 3212 1781 3278 τὴν
1807 3211 1944 3285 πρὸς

290 3308 500 3363 Exciso»
533 3280 697 3377 τιμην
721 3305 807 3360 καὶ
836 3305 903 3359 τὸ
956 3301 1112 3379 γένος
1166 3303 1231 3357 τὸ
1287 3304 1378 3357 ἀπ’
1418 3300 1647 3370 ἐκείνου,
1680 3304 1777 3354 τοῦ
1808 3300 1943 3373 Χρι-
1973 3280 2016 3346 C

303 3400 432 3451 στοῦ
464 3393 707 3465 δέξωνται
761 3395 855 3450 τὸν
906 3392 1032 3466 περὶ
1088 3399 1189 3462 τῆς
1247 3391 1586 3453 ἀναστάσεως
1617 3390 1807 3464 λόγον.
1845 3388 1941 3445 Καὶ

295 3486 397 3542 οὐκ
459 3485 625 3551 εἶπεν,
685 3484 765 3539 ὅτι
824 3482 1230 3557 Ἐπηγγείλατο
1290 3481 1439 3552 αὐτῴ
1499 3480 1526 3534 6
1573 3478 1721 3548 Θεὸς,
1755 3476 1942 3533 ἀλλ”ὸ

287 3582 480 3650 μεῖζον
539 3575 627 3630 καὶ
682 3568 1033 3649 ἀπαράϐατον
1100 3573 1192 3641 ἦν,
1268 3572 1353 3638 τὸ,
1422 3572 1648 3644 Ὤμοσε.
1708 3568 1785 3625 Τὸ
1861 3565 1939 3636 δὲ,

283 3666 494 3723 «Κατὰ
557 3667 730 3737 σάρκα
791 3687 815 3715 ο
888 3661 1255 3734 κηρύττοντός
1313 3659 1476 3727 ἐστιν,
1536 3660 1610 3721 ὡς
1664 3658 1753 3713 καὶ
1810 3657 1939 3719 Θεὸς

280 3757 544 3829 Χριστὸς,
601 3754 694 3809 καὶ
749 3753 990 3808 σύνεστιν
1051 3752 1131 3806 ἀεὶ
1188 3754 1269 3823 τῷ
1326 3749 1515 3818 Πατρί.
1554 3750 1730 3803 Παντα
1769 3745 1826 3802 δὲ
1862 3751 1941 3819 τῷ

283 3845 456 3919 Πατρὶ
510 3842 847 3912 ἀνατίθησιν,
902 3840 994 3895 ’ἱνα
1043 3838 1179 3903 τὲως
1233 3835 1634 3909 παραδέξωνται
1680 3839 1748 3891 τά
1786 3836 1943 3911 λεγὸ-

284 3956 441 4009 μενα,
481 3931 667 3987 Ἀλλᾶ
722 3936 839 3993 πῶς
898 3930 1137 3994 ἐκάθισεν
1195 3928 1281 3983 ἰπὶ
1334 3928 1526 4002 θρόνου
1584 3924 1940 3996 Δαυῖδ;“οτι

283 4025 575 4100 βασιλεύει
617 4024 830 4077 πάντων
888 4019 1165 4078 Ἰουδαίων
1218 4040 1275 4074 τε
1331 4018 1420 4074 καὶ
1481 4018 1647 4083 ἐθνῶν
1682 4039 1941 4091 σαγηνευ-

280 4115 482 4179 θὲντων
548 4112 627 4176 εἰς
676 4113 778 4180 τὴν
834 4110 1040 4166 ἐκείνου
1092 4108 1269 4164 πίστιν
1299 4129 1357 4163 τε
1396 4108 1485 4162 καὶ
1544 4107 1815 4179 λατρείαν.
1864 4107 1941 4163 T6

281 4203 361 4277 δί,
397 4231 429 4259 α
463 4203 607 4259 Οὐδὲ
637 4206 673 4273 ἡ
708 4203 834 4278 σὰρξ
865 4201 1028 4257 αὐτοῦ
1060 4198 1170 4255 εἶδε
1201 4198 1519 4280 διαφθορὰν,
1552 4222 1580 4250 ››
1633 4197 1742 4271 οὐχ
1776 4198 1940 4266 ἦττον

276 4297 342 4353 τὸ
369 4302 478 4366 τῆς
510 4294 851 4357 ἂναστάσεως
876 4291 1121 4369 ἐμφαίνει
1161 4285 1337 4367 ἔργον.

356 4502 389 4531 (ι
422 4480 507 4550 Τῇ
541 4472 690 4545 δεξιᾷ
719 4473 809 4529 οὗν
835 4475 932 4527 τοῦ
983 4475 1117 4527 Θεοῦ
1153 4470 1407 4545 ὑψωθεὶς,
1460 4468 1560 4539 τήν
1614 4488 1671 4523 τε
1714 4467 1946 4543 ἐπαγγε-

284 4592 314 4621 α
348 4566 477 4622 λίαν
504 4569 604 4621 τοῦ
634 4563 794 4640 ἁγίου
826 4561 1137 4635 Πνεύματος
1166 4554 1347 4615 λαϐὼν
1380 4559 1530 4634 παρὰ
1573 4561 1671 4613 τοῦ
1712 4558 1942 4633 Πατρὸς,

2138 530 2205 593 II,
2243 532 2430 586 29-32.
2488 554 2514 581 «
2561 532 2677 587 Viri
2735 532 2969 593 fratres.
3002 533 3143 590 licet
3189 534 3345 608 apud
3393 553 3492 592 vos
3523 536 3711 594 libere

2064 642 2091 670 «
2126 620 2323 676 dicere
2354 621 2425 676 de
2456 623 2792 693 patriarcha
2817 625 2992 679 David
3015 625 3170 696 quod
3196 632 3254 680 et
3282 626 3597 682 defunctus
3624 631 3713 682 est

2061 732 2089 759 «
2125 716 2184 765 et
2215 711 2482 782 sepultus
2542 718 2649 779 est,
2711 719 2769 767 et
2827 714 3165 785 sepulcrum
3226 717 3357 787 ejus
3415 716 3570 787 apud
3603 733 3713 771 nos

2061 819 2090 847 «
2124 805 2214 853 est
2241 816 2429 871 usque
2486 801 2546 855 in
2606 801 2960 859 hodiernum
3020 804 3199 859 diem.
3255 806 3548 877 Propheta
3603 805 3714 877 igi-

2062 894 2218 943 «tur
2273 906 2408 943 cum
2464 895 2639 956 esset,
2706 897 2766 946 et
2820 894 2999 947 sciret
3057 893 3215 964 quod
3248 894 3713 964 juramentoju-

2064 1000 2093 1027 «
2123 983 2313 1033 rasset
2343 979 2454 1033 sibi
2482 981 2635 1035 Deus
2666 986 2732 1036 ut
2760 981 2831 1036 de
2863 982 3058 1037 fructu
3098 982 3282 1036 lumbi
3314 982 3502 1054 ipsius
3531 982 3708 1036 sede-

2061 1089 2089 1117 «
2122 1073 2211 1122 ret
2239 1084 2419 1140 super
2450 1069 2730 1125 thronum
2763 1087 2974 1125 suum:
3035 1072 3319 1142 praescius
3350 1072 3507 1143 quod
3537 1070 3710 1126 Chri-

2063 1177 2092 1207 ‹‹
2124 1162 2218 1212 tus
2248 1157 2574 1212 secundum
2596 1176 2836 1215 carnem
2867 1166 3220 1232 resurgeret,
3251 1161 3485 1216 locutus
3515 1165 3605 1215 est
3635 1158 3707 1214 de

2061 1268 2090 1298 ‹‹
2122 1248 2556 1302 resurrectione
2579 1249 2813 1317 Christi,
2839 1250 2997 1321 quod
3020 1267 3140 1305 non
3167 1250 3450 1305 derelicta
3479 1249 3557 1303 sit
3584 1246 3711 1303 ani-

2061 1356 2091 1385 ‹‹
2121 1351 2220 1391 ma
2250 1337 2379 1407 ejus
2411 1337 2472 1392 in
2498 1338 2750 1405 inferno,
2785 1355 2977 1410 neque
3008 1357 3142 1395 caro
3176 1341 3305 1411 ejus
3333 1338 3544 1394 viderit
3573 1353 3707 1393 cor—

2062 1446 2091 1475 «
2124 1426 2480 1496 ruptionem.
2515 1427 2681 1482 IIunc
2735 1428 2935 1483 Jesum
2990 1429 3297 1484 suscitavit
3353 1430 3506 1485 Deus
3536 1428 3706 1500 cujus

2062 1535 2092 1565 ‹‹
2119 1530 2230 1570 nos
2261 1531 2468 1570 omnes
2509 1521 2689 1572 testes
2721 1534 2947 1573 sumus.
2983 1541 3011 1569 ››

2134 1604 2376 1675 Expleta
2402 1606 2712 1677 prophetia
2734 1606 2867 1662 aliis
2892 1624 3131 1663 rursum
3152 1607 3491 1680 aggreditur
3520 1622 3711 1678 proce-

2062 1693 2385 1748 miis.«Viri
2409 1694 2641 1761 fratres,
2668 1696 2979 1767 ninquit.Si
3005 1697 3246 1768 quidem
3270 1713 3405 1752 cum
3426 1712 3708 1767 magnum

2063 1782 2291 1853 aliquid
2320 1784 2586 1840 dicturus
2617 1786 2712 1855 sit,
2745 1786 2967 1841 mitiori
3019 1804 3163 1843 usus
3214 1792 3304 1842 est
3340 1784 3711 1857 praefatione,

2061 1870 2274 1928 fratres
2304 1890 2540 1930 vocans.
2600 1875 3111 1940 Quemadmodum
3163 1882 3222 1932 et
3279 1876 3609 1946 Stephanus
3641 1872 3708 1941 ³⁸,

2057 1964 2289 2020 Fratres
2306 1970 2365 2020 et
2386 1968 2608 2035 Patres,
2634 1967 2854 2022 audite.
2880 1968 3103 2024 Deinde
3124 1970 3238 2024 ait:
3272 1991 3299 2018 ‹‹
3334 1968 3495 2022 Licet
3524 1965 3711 2020 libere

2056 2052 2251 2109 dicere
2283 2054 2355 2109 de
2386 2056 2723 2127 patriarcha
2751 2057 2953 2112 David.
2991 2081 3018 2107 ››
3063 2058 3208 2113 Cum
3239 2056 3468 2112 nullam
3494 2055 3713 2110 inferat

2056 2140 2362 2212 injuriam,
2391 2144 2579 2200 multa
2610 2150 2808 2200 tamen
2839 2163 2983 2201 usus
3014 2152 3105 2200 est
3134 2145 3443 2201 modestia.
3480 2146 3625 2199 Nam
3658 2142 3708 2197 si

2055 2229 2139 2284 ita
2168 2230 2520 2303 simpliciter
2575 2234 2855 2290 dixisset:
2914 2236 3045 2291 Haec
3102 2235 3174 2290 de
3207 2234 3388 2290 David
3418 2250 3539 2289 non
3570 2235 3712 2287 sunt

2056 2317 2231 2379 dicta.
2266 2322 2506 2377 odiosus
2555 2324 2760 2394 utique
2815 2341 3010 2379 sermo
3041 2325 3435 2396 apparuisset,
3470 2329 3529 2377 et
3557 2322 3707 2376 iram

2056 2409 2252 2479 potius
2283 2411 2609 2475 incitasset,
2656 2430 2833 2483 quam
2883 2414 3280 2484 obsequentes
3325 2413 3711 2469 reddidisset.

2054 2496 2165 2553 Sed
2188 2499 2375 2553 multo
2409 2500 2634 2555 honore
2666 2518 2809 2556 usus
2837 2519 2975 2574 erga
3003 2503 3238 2557 beatum
3277 2502 3476 2568 David,
3510 2504 3603 2559 2|
3644 2502 3701 2557 id

2056 2588 2239 2644 efﬁcit
2261 2596 2325 2643 ut
2346 2590 2518 2644 facile
2539 2592 2899 2663 suscipiatur
2914 2593 3073 2662 quod
3095 2593 3167 2646 de
3191 2592 3422 2646 Christo
3449 2592 3524 2645 sit
3543 2593 3707 2646 testi-

2054 2678 2361 2733 monium:
2401 2685 2460 2734 et
2508 2680 2594 2734 ita
2644 2681 2838 2735 omnis
2890 2682 2985 2736 hic
3036 2698 3231 2736 sermo
3272 2681 3706 2752 dispensatoris

2056 2768 2385 2824 ordinatur.
2418 2770 2584 2824 Morti
2618 2771 2915 2841 siquidem
2960 2788 3027 2826 ac
3079 2772 3350 2843 sepulcro
3378 2770 3555 2826 David
3585 2787 3706 2825 non

2053 2856 2281 2911 addidit
2310 2858 2467 2929 quod
2488 2875 2607 2913 non
2640 2861 3092 2926 resurrexit,sed
3120 2860 3278 2931 quod
3299 2882 3325 2910 ‹‹
3359 2859 3707 2931 Sepulcrum

2053 2946 2232 3000 etiam
2256 2947 2383 3015 ejus
2399 2947 2557 3018 apud
2580 2964 2689 3002 nos
2712 2955 2855 3015 est,»
2882 2950 3040 3019 quod
3064 2948 3434 3003 tantumdem
3458 2953 3548 3003 est
3567 2963 3633 3001 ac
3657 2948 3705 3001 si

2054 3033 2335 3090 dixisset:
2398 3039 2524 3091 Non
2582 3039 2908 3093 resurrexit
2988 3040 3058 3092 Et
3113 3054 3305 3108 neque
3338 3039 3420 3092 ita
3450 3035 3706 3091 venitad

2052 3124 2373 3189 Christum,
2398 3126 2501 3181 sed
2522 3144 2760 3182 rursum
2786 3127 2989 3182 laudat
3013 3126 3209 3195 David,
3238 3127 3442 3181 dicens
3469 3142 3482 3179 :
3509 3148 3535 3175 «
3563 3127 3703 3178 Pro-

2052 3212 2232 3283 pheta
2262 3214 2441 3285 igitur
2469 3232 2603 3270 cum
2650 3221 2825 3283 esset,
2860 3239 2889 3265 »
2942 3221 3008 3271 ut
3062 3233 3169 3287 per
3207 3216 3493 3270 honorem
3526 3229 3705 3285 quem

2055 3301 2169 3372 ipsi
2218 3303 2465 3374 ejusque
2494 3304 2695 3375 generi
2730 3304 2987 3371 exhibet,
3024 3305 3352 3376 suscipiant
3382 3303 3452 3359 de
3484 3303 3702 3359 Christi

2050 3393 2486 3447 resurrectione
2519 3410 2878 3450 sermonem.
2937 3396 3135 3465 Neque
3195 3394 3375 3449 dixit:
3426 3392 3709 3448 Promisit

2050 3479 2163 3550 ipsi
2224 3481 2398 3550 Deus,
2460 3483 2563 3538 sed
2623 3483 2782 3554 quod
2839 3484 3035 3555 majus
3089 3489 3214 3538 erat
3262 3489 3319 3538 et
3358 3483 3703 3538 incommu-

2052 3569 2253 3637 tabile,
2283 3572 2523 3627 Iuravit.
2556 3582 2586 3624 Α
2602 3573 2787 3628 dditio
2819 3590 2953 3629 vero
2978 3574 3099 3639 illa,
3134 3596 3161 3623 ‹‹
3196 3573 3533 3628 Secundum
3566 3588 3701 3627 car-

2052 3674 2209 3726 nem,
2246 3684 2274 3710 »
2305 3661 2684 3732 prmdicantis
2743 3669 2832 3718 est
2888 3664 3043 3734 quod
3102 3663 3369 3717 Christus
3416 3662 3593 3716 etiam
3625 3661 3702 3715 sit

2054 3750 2227 3813 Deus,
2270 3769 2620 3824 semperque
2681 3771 2815 3809 cum
2873 3757 3063 3809 Patre.
3126 3754 3338 3809 Omnia
3367 3759 3564 3807 autem
3624 3751 3698 3806 ad

2050 3841 2284 3895 Patrem
2316 3842 2514 3910 refert,
2548 3849 2612 3897 ut
2644 3843 2881 3898 interim
2916 3845 3284 3915 excipiantur
3327 3861 3456 3914 quas
3488 3843 3695 3897 dicun-

2051 3934 2166 3986 tur.
2202 3931 2313 3985 Sed
2344 3932 2638 4002 quomodo
2695 3933 2847 3988 sedit
2900 3951 3078 4004 super
3133 3934 3413 3988 thronum
3469 3931 3698 3987 David?

2052 4020 2198 4083 Quia
2230 4026 2438 4091 regnat
2464 4021 2762 4083 omnibus,
2785 4022 3120 4093 Judaeisque
3148 4041 3215 4078 ac
3245 4023 3520 4095 gentibus
3547 4023 3697 4075 irre-

2052 4109 2195 4172 titis,
2221 4110 2345 4162 sixe
2368 4110 2806 4179 praedicationis
2829 4112 3035 4183 sagina
3054 4113 3127 4167 ad
3151 4115 3281 4183 ejus
3302 4113 3479 4167 fidem
3505 4118 3563 4166 et
3583 4110 3705 4165 cul-

2052 4204 2178 4253 tum
2204 4199 2488 4253 attractis.
2523 4199 2585 4253 Id
2616 4201 2794 4255 etiam
2821 4200 2976 4270 quod
3007 4202 3107 4269 ait,
3133 4224 3161 4251 ‹‹
3186 4204 3384 4271 Neque
3408 4219 3542 4256 caro
3573 4202 3703 4270 ejus

2050 4287 2198 4343 vidit
2252 4289 2714 4359 corruptionem,
2767 4311 2795 4339 »
2851 4305 2971 4345 non
3006 4290 3205 4345 minus
3245 4289 3704 4345 resurrectionis

2054 4394 2203 4449 opus
2238 4378 2599 4434 manifestat.

2126 4468 2195 4534 II,
2256 4468 2345 4534 33,
2396 4468 2601 4533 1144-3;
2621 4473 2867 4524 Dextera
2923 4469 3102 4542 igitur
3149 4470 3250 4525 Dei
3301 4469 3615 4537 exaltatus,
3649 4473 3707 4523 et

2058 4580 2087 4607 «
2120 4560 2513 4629 promissione
2544 4560 2795 4631 Spiritus
2828 4562 3013 4616 sancti
3058 4566 3300 4633 accepta
3329 4577 3363 4616 a
3391 4562 3583 4626 Patre,
3618 4560 3706 4614 ef-

284 4680 316 4708 α
348 4654 536 4731 ἐξέχεε
594 4656 753 4708 τοῦτο
802 4653 832 4706 ’ὀ
890 4648 980 4705 νῦν
1043 4651 1198 4723 ὑμεῖς
1254 4647 1481 4724 βλέπετε
1550 4645 1640 4701 καὶ
1703 4645 1943 4703 ἀκούετε.

2062 4670 2083 4697 κ
2117 4648 2271 4703 fudit
2297 4649 2407 4704 hoc
2457 4650 2614 4720 quod
2659 4666 2817 4705 nunc
2848 4666 2947 4704 vos
2979 4650 3188 4705 videtis
3220 4655 3278 4706 et
3306 4649 3545 4705 auditis.
3580 4651 3708 4705 Non

283 4771 317 4798 οι
347 4746 433 4804 Οὔ
465 4746 572 4821 γάρ
605 4738 766 4798 Δαυῖδ
798 4735 963 4810 ἀνέϐη
995 4738 1072 4803 εἷς
1097 4740 1223 4800 τοὺς
1255 4736 1538 4813 οὐρανούς,
1582 4759 1610 4787 η

357 4832 465 4892 Καί
510 4831 677 4887 πάλιν
733 4834 813 4902 τῷ
866 4829 1037 4902 Πατρὶ
1094 4826 1381 4895 ἀνατίθησι
1431 4826 1492 4880 τὸ
1539 4826 1784 4901 γεγονός.
1819 4821 1950 4883 Οἵδε

278 4926 388 5000 γὰρ
423 4922 575 4978 οὕτω
605 4922 732 4982 τοὺς
763 4918 1031 4995 ἀκροατάς
1088 4916 1489 4989 ἐπισπώμενος.
1548 4915 1728 4971 Εἰπὼν
1781 4912 1839 4969 δὲ
1866 4914 1949 4985 τὸ,

278 5014 581 5090 Ὑψιυθεῖς,
634 5013 724 5068 καὶ
779 5012 901 5086 περὶ
964 5016 1064 5079 τῆς
1151 5008 1472 5080 ἀναλήψεως
1552 5005 1791 5080 ᾐνίξατο,
1862 5005 1951 5059 καὶ

280 5108 367 5162 ὅτι
404 5106 458 5160 ἒν
490 5110 608 5165 τοῖς
658 5101 909 5178 οὐρανοῖς
950 5100 1081 5158 ἐστι.
1144 5099 1238 5154 Διὸ
1298 5095 1423 5152 οὐδὲ
1483 5102 1726 5173 φανερῶς
1777 5096 1947 5162 εἶπεν,

279 5198 366 5252 ὅτι
428 5198 518 5250 Ἐν
574 5200 692 5256 τοῖς
776 5193 1031 5268 οὐρανοῖς
1093 5189 1253 5245 ἐστιν.
1327 5188 1474 5245 Ἐπεὶ
1562 5187 1652 5241 οὗν
1731 5186 1951 5243 ἐνταῦθα

282 5281 530 5361 προέϐη,
590 5284 678 5338 καὶ
736 5288 844 5338 τῶν
900 5280 1146 5353 σημείων
1205 5280 1371 5333 αὐτοῦ
1431 5277 1670 5350 ἐμνήσθη
1724 5278 1953 5346 καὶτῆς

284 5377 654 5441 ἀναστάσεως,
714 5372 911 5428 λοιπὸν
974 5369 1162 5442 ἐπάγει
1215 5368 1299 5427 τὸ,
1357 5393 1384 5419 ‹‹
1433 5366 1693 5441 Ἑξὲχεεν,
1735 5392 1759 5415 ››
1821 5367 1949 5422 Κατ’

282 5464 464 5541 ἀρχάς
524 5466 618 5537 μὲν
679 5461 786 5537 γάρ
844 5460 913 5515 τά
972 5462 1163 5529 πρῶτα
1216 5452 1397 5531 ἔλεγεν
1457 5454 1518 5509 οὗ
1571 5455 1661 5509 τὸν
1713 5455 1945 5527 Χριστὸν

284 5554 721 5631 ὶπαγγείλασθαι
750 5556 917 5607 τοῦτο
949 5548 1043 5604 διὰ
1090 5543 1258 5615 Ἰωήλ
1306 5548 1405 5600 τοῦ
1454 5546 1759 5621 προφήτου.
1796 5543 1946 5631 Ἐπεὶ

286 5641 345 5702 εὶ
568 5644 702 5700 κατὰ
758 5639 997 5718 Χριστὸν
1059 5635 1271 5711 ἰμνήση
1332 5631 1674 5711 παραδόξων,
1735 5630 1948 5710 θαῤῥῶν

355 5764 401 5800 ³⁹
432 5764 600 5820 Infra
633 5780 723 5819 vn.

604 5886 887 5944 PATROL.
935 5878 1046 5936 Gn.
1097 5872 1364 5933 CXVllI.

2056 4759 2084 4787 «
2121 4739 2281 4793 enim
2317 4738 2492 4794 David
2523 4740 2793 4794 ascendit
2818 4739 2891 4794 ad
2924 4739 3122 4796 ccelos.
3160 4762 3187 4789 ››

2134 4829 2389 4883 Rursum
2420 4828 2493 4883 ad
2524 4830 2758 4883 Patrem
2788 4828 2971 4883 refert
3026 4828 3184 4899 quod
3214 4829 3436 4885 factum
3468 4834 3594 4884 est:
3628 4830 3711 4884 ita

2063 4917 2221 4971 enim
2281 4918 2441 4971 novit
2496 4917 2796 4973 auditores
2855 4919 3168 4975 attrahere.
3234 4920 3445 4974 Dicens
3486 4924 3707 4983 autem,

2062 5008 2383 5073 Exaltatus,
2406 5008 2581 5062 etiam
2613 5008 2683 5061 de
2716 5010 3116 5079 assumptione
3146 5010 3363 5071 innuit,
3395 5007 3628 5078 etquod
3650 5008 3710 5060 in

2063 5096 2225 5151 caelis
2256 5100 2347 5150 sit.
2387 5099 2500 5151 Nec
2529 5104 2723 5152 tamen
2752 5099 3065 5153 manifeste
3087 5098 3273 5153 dixit:
3307 5101 3370 5150 In
3406 5096 3567 5150 cwlis
3600 5102 3708 5148 est.

2062 5185 2350 5250 Quoniam
2387 5201 2520 5258 ergo
2554 5204 2710 5241 nunc
2747 5189 2985 5257 paulum
3027 5204 3370 5260 progressus
3402 5193 3510 5249 est,
3545 5188 3596 5239 et
3633 5184 3712 5237 si-

2060 5293 2309 5349 gnorum
2334 5279 2461 5346 ejus
2483 5278 2757 5331 meminit
2775 5295 2841 5333 ac
2861 5277 3713 5345 resurrectionis,consequen—

2063 5373 2151 5420 ter
2181 5366 2356 5420 etiam
2385 5366 2568 5431 addit,
2595 5391 2620 5417 ι(
2647 5369 2866 5421 Effudit
2907 5392 2933 5418 υ
2960 5366 3259 5437 Siquidem
3284 5366 3443 5420 circa
3474 5364 3710 5419 initium

2060 5458 2292 5510 Patrem
2326 5456 2581 5524 dicebat,
2620 5474 2739 5511 non
2769 5458 3063 5512 Christum
3099 5458 3207 5511 hoc
3238 5456 3579 5527 promisisse
3610 5471 3715 5525 per

2057 5546 2181 5600 Joel
2211 5546 2583 5617 prophetam.
2618 5549 2939 5617 Postquam
2988 5552 3185 5601 autem
3220 5545 3712 5601 admirandorum

2058 5636 2335 5692 meminit
2363 5654 2496 5706 quas
2522 5637 2680 5692 circa
2708 5636 3006 5693 Christum
3036 5636 3191 5693 facta
3232 5643 3389 5707 sunt,
3427 5635 3718 5693 audenter

3357 5877 3388 5928 Ii
