4098 6260
429 339 506 397 ’75
1547 331 1945 398 (ῈΟΠΜΕΝῙ
1988 333 2069 394 'l‘I

2181 331 2297 394 ΒΕ
2339 328 2715 395 EPISCOPI.
3740 332 3814 396 το

422 471 551 543 jam
583 468 728 525 dicit
756 467 951 540 ipsum
975 468 1276 524 effudisse.
1304 470 1503 540 Itaque
1526 484 1647 524 non
1678 468 1751 523 de
1781 468 1954 523 Patre
1983 467 2069 521 di-

2190 459 2293 535 ἢδη
2325 463 2488 519 αὐτόν
2519 476 2683 542 φησιν
2736 460 2948 543 ἐκχέαι.
3006 470 3169 519 Ὥστε
3212 460 3289 519 οὗ
3316 460 3444 536 περὶ
3470 464 3569 519 τοῦ
3598 463 3813 537 Πατρὸς.

427 559 601 617 cebat
617 559 738 616 Joel
769 576 830 613 ιι(
851 559 1184 626 Effundam,
1211 581 1238 609 ››
1263 558 1367 614 sed
1387 558 1459 613 de
1481 558 1735 613 Christo.
1758 580 1785 607 (ι
1818 556 2072 612 Promis-

428 649 847 721 sione,inquit,
872 655 1114 720 accepta
1134 669 1160 699 η
1195 665 1230 705 a
1263 649 1425 703 Patre
1450 665 1464 703 :
1492 649 1586 703 vel
1614 665 1730 720 qua
1754 648 1881 718 ipse
1905 646 2076 702 nobis

426 739 737 811 discipulis
766 739 1060 810 promisit,
1084 739 1321 793 dicens:
1353 758 1374 786 σ
1396 740 1465 793 Et
1496 738 1681 794 alium
1705 738 2074 794 Paracletum

427 829 663 885 mittam
691 828 858 884 vobis
880 827 966 895 33;
1019 851 1048 879 »
1079 828 1169 883 vel
1200 846 1318 900 qua
1346 831 1519 884 Pater
1567 834 1705 884 ante
1735 829 2075 900 passionem

424 919 537 991 ipsi
570 918 846 991 promisit
873 934 1011 974 cum
1066 918 1183 974 ait:
1243 943 1262 968 ι
1298 921 1370 973 Et
1396 918 1718 990 gloriﬁcavi
1749 924 1810 974 et
1838 935 2072 975 rursum

422 1010 765 1081 glorificabo
789 1010 855 1066 “.
882 1032 910 1060 ››
933 1010 1394 1066 Promissionem
1427 1026 1563 1065 vero
1595 1009 1753 1064 Patri
1784 1010 2073 1082 attribuit,

425 1117 762 1157 sermonem
794 1107 1217 1173 attemperans,
1242 1108 1307 1157 ut
1333 1101 1568 1157 facilius
1598 1100 1669 1157 ab
1701 1101 2073 1157 auditoribus

425 1191 1185 1262 suscipiatur.Quaecunque
1212 1191 1372 1246 enim
1396 1191 1611 1246 dixerit
1631 1191 2070 1263 quispiam.nisi

422 1279 494 1333 ad
526 1279 586 1334 id
618 1279 775 1350 quod
801 1280 946 1335 utile
974 1286 1062 1335 est
1082 1280 1384 1349 direxerit,
1416 1280 1636 1336 frustra
1656 1287 1715 1336 et
1737 1297 1883 1337 vane
1905 1280 2068 1336 dicit.

423 1367 695 1424 Ostendit
724 1386 859 1441 ergo
883 1369 1041 1440 quod
1064 1370 1259 1441 ipsum
1291 1387 1433 1426 crux
1463 1387 1586 1425 non
1618 1371 1794 1425 modo
1824 1386 1947 1425 non
1979 1369 2068 1426 di-

421 1459 656 1523 minuit,
687 1477 890 1515 verum
927 1460 1105 1515 etiam
1136 1460 1448 1515 clariorem
1483 1460 1760 1515 reddidit.
1792 1461 1893 1517 ‘22
1926 1463 2068 1516 Nam

423 1549 580 1621 quod
611 1566 719 1621 per
744 1550 1031 1606 Joannem
1085 1551 1404 1622 Baptistam
1456 1551 1633 1606 etiam
1666 1555 1804 1606 ante
1833 1567 2069 1607 crucem

420 1640 695 1710 promisit
752 1641 942 1710 Pater,
998 1656 1249 1711 nempe:
1315 1663 1335 1689 «ι
1402 1641 1532 1712 Ipse
1587 1657 1690 1695 vos
1755 1640 2073 1712 baptizabit

421 1727 643 1799 Spiritu
673 1734 876 1785 sancto
908 1733 967 1785 et
994 1730 1115 1802 igni
1144 1729 1208 1797 ³³,
1247 1752 1267 1778 ι
1305 1729 1416 1786 hoc
1445 1734 1581 1801 post
1609 1746 1845 1786 crucem
1884 1730 2065 1787 dedit.

491 1909 563 1978 II,
597 1909 784 1964 34-36.
818 1932 845 1960 «
875 1909 987 1963 Sed
1040 1908 1181 1964 dicit
1238 1910 1363 1980 ipse
1399 1926 1413 1964 :
1457 1910 1615 1965 Dixit
1644 1911 1929 1967 Dominus
1958 1913 2069 1967 Do-

426 2019 453 2048 «
483 1998 647 2053 mino
679 2014 832 2061 meo,
864 1997 1003 2053 sede
1048 2015 1081 2054 a
1124 1997 1347 2053 dextris
1394 1999 1564 2064 meis,
1597 1999 1786 2056 donec
1817 2017 2070 2073 posuero

422 2109 449 2137 α
483 2087 758 2143 inimicos
789 2093 921 2142 tuos
951 2087 1279 2143 scabellum
1335 2088 1554 2159 pedum
1615 2096 1872 2145 tuorum.
1905 2093 2070 2146 Certo

417 2199 444 2228 «
478 2178 626 2234 sciat
652 2194 789 2247 ergo
819 2178 1091 2233 universa
1118 2178 1329 2234 domus
1356 2179 1537 2234 Israel
1562 2180 1720 2250 quod
1752 2181 2069 2236 Dominum

417 2289 444 2319 «
477 2284 545 2323 ac
576 2267 872 2322 Christum
930 2267 1071 2323 fecit
1127 2268 1281 2324 Deus
1340 2267 1498 2323 hunc
1528 2270 1727 2325 Iesum
1760 2286 1937 2341 quem
1970 2287 2068 2327 vos

415 2379 441 2406 ι(
475 2356 873 2412 crucifixistis.
901 2377 928 2407 ››

484 2445 611 2501 Jam
644 2462 764 2500 non
796 2462 929 2501 cum
964 2446 1369 2502 submissione
1402 2446 1684 2518 loquitur.
1705 2451 1849 2505 Nam
1871 2466 1943 2506 ex
1975 2451 2067 2507 his

416 2552 546 2606 quae
578 2535 735 2591 dicta
765 2543 906 2590 sunt
933 2537 1188 2607 sumpsit
1234 2536 1565 2593 audaciam.
1600 2537 1711 2593 Sed
1755 2540 1897 2609 quid
1940 2540 2067 2596 ait?

415 2625 578 2689 Quod
611 2624 788 2679 David
820 2625 996 2679 dicit:
1027 2650 1045 2672 α
1075 2626 1230 2679 Dixit
1253 2626 1538 2681 Dominus
1562 2628 1811 2682 Domino
1835 2645 1967 2683 meo
1996 2647 2009 2685 :
2037 2652 2064 2679 ››

418 2720 476 2768 et
503 2715 630 2785 ipso
659 2713 838 2768 David
861 2714 1351 2769 excellentiorum
1380 2714 1572 2786 ipsem
1594 2716 1872 2771 ostendit.
1900 2719 2067 2783 Quod

416 2802 465 2856 si
492 2801 670 2856 David
703 2807 869 2856 vocat
898 2801 1091 2873 ipsum
1145 2802 1481 2859 Dominum.
1517 2804 1704 2859 multo
1736 2807 1921 2878 magis
1951 2806 2065 2878 ipsi

414 2907 535 2945 non
564 2896 865 2962 respuent.
899 2891 1193 2945 Timorem
1245 2907 1479 2962 quoque
1511 2892 1631 2947 illis
1661 2893 1931 2950 immittit
1960 2896 2066 2951 ad—

413 2979 561 3035 dens
588 2996 602 3034 :
637 3001 664 3028 «
699 2979 894 3035 Donec
924 2996 1177 3051 posuero
1208 2980 1483 3036 inimicos
1510 2989 1661 3038 tuos.
1690 3006 1709 3031 ι
1747 2984 1817 3037 Et
1846 3000 1922 3039 ne
1953 2984 2064 3039 sibi

2187 546 2371 630 ἔλεγεν
2403 553 2571 624 Ἰωὴλ
2600 554 2685 622 τὸ,
2719 578 2747 607 (ι
2784 555 3021 629 Ἐκχειῖι,
3054 578 3083 606 ι»
3115 550 3263 609 ἀλλὰ
3291 553 3415 628 περὶ
3448 556 3539 609 τοῦ
3573 556 3810 628 Χριστοῦ.

2186 666 2213 694 ‹‹
2248 644 2356 712 Τήν
2390 641 2717 719 ἐπαγγελίαν
2778 639 2836 699 δὲ
2888 639 3100 714 λαϐὼν,
3134 668 3163 696 ››
3224 643 3380 724 φησὶ,
3421 642 3563 718 παρᾶ
3591 646 3683 698 τοῦ
3712 647 3813 697 Πα-

2183 731 2335 807 τρὸς,
2434 733 2494 802 ἣν
2539 732 2700 795 αὐτὸς
2753 735 2888 808 ἡμῖν
2938 737 3054 796 τοῖς
3118 735 3386 807 μαθηταῖς
3438 729 3813 810 ἐπηγγείλατο,

2182 822 2266 891 τὸ,
2326 845 2354 874 α
2388 822 2494 879 Καὶ
2552 820 2725 880 ἄλλον
2782 821 3141 899 Παράκλητον
3196 820 3384 898 πεμψυ
3419 822 3569 897 ὑμῖν,
3602 845 3630 872 ››
3674 820 3709 890 ἢ
3754 817 3815 889 ἧν

2181 915 2370 984 Πατήρ
2401 913 2507 985 πρὸ
2563 918 2661 970 τοῦ
2720 915 2926 977 πάθους
2979 913 3128 986 αύτῷ
3160 911 3558 992 ἐπηγγείλατο,
3589 909 3677 967 διὰ
3704 914 3814 979 τοῦ,

2180 1026 2209 1055 (ι
2243 1002 2347 1059 Καὶ
2406 1000 2631 1073 ἐδόξασα
2686 1003 2778 1059 καὶ
2830 1001 2994 1059 πάλιν
3047 999 3281 1073 δοξάσω.
3336 1026 3365 1054 n
3407 1007 3494 1075 Τῷ
3549 1001 3713 1076 Πατρὶ
3762 998 3817 1055 δὶ

2179 1090 2459 1161 ἀνατίθησι
2535 1095 2636 1163 τὴν
2719 1091 3076 1171 ἐπαγγελίαν,
3136 1092 3439 1163 συσκιάζων
3503 1092 3594 1147 τὸν
3652 1088 3815 1165 λόγον

2178 1180 2316 1255 πρὸς
2371 1182 2434 1237 τὸ
2491 1180 2888 1255 εὐπαράδεκτον
2948 1186 3055 1238 τῶν
3110 1181 3413 1255 ἀκροατῶν.
3465 1181 3601 1240 Ὃσα
3629 1179 3730 1258 γὰρ
3759 1177 3815 1243 ἂν

2178 1268 2306 1346 εἶ’πῃ
2336 1292 2442 1339 τις,
2502 1271 2549 1326 εἲ
2608 1273 2686 1346 μὴ
2734 1272 2872 1347 πρὸς
2918 1271 2982 1328 τὸ
3031 1271 3308 1351 συμφέρον
3337 1268 3675 1345 τελευτήσει,
3705 1267 3815 1338 εἶκῆ

2177 1359 2270 1417 καὶ
2324 1360 2500 1433 μάτην
2550 1359 2724 1438 λέγει.
2772 1360 3046 1417 Δείκνυσιν
3109 1359 3199 1415 οὖν
3257 1361 3343 1416 ὅτι
3399 1360 3428 1414 ὁ
3487 1358 3712 1433 σταυρὸς
3759 1356 3818 1412 ού

2183 1454 2344 1524 μόνον
2374 1451 2534 1507 αὐτὸν
2580 1451 2679 1507 ούκ
2726 1449 3061 1522 ἠλάττωσεν,
3116 1447 3264 1508 ἀλλὰ
3316 1451 3407 1506 καὶ
3440 1447 3820 1527 λαμπρότερον

2178 1540 2488 1616 εἰργάσατο.
2518 1542 2587 1600 Ὃ
2618 1541 2722 1619 γὰρ
2761 1541 2852 1603 καὶ
2910 1538 3001 1596 διὰ
3058 1544 3156 1598 τοῦ
3214 1540 3463 1599 Ἰωάννου
3491 1543 3589 1596 τοῦ
3621 1542 3819 1598 Βαπτι-

2179 1635 2309 1687 στοῦ
2367 1631 2475 1707 πρὸ
2528 1636 2629 1688 τοῦ
2687 1635 2921 1707 σταυροῦ
2977 1629 3352 1708 ἐπηγγείλατο
3405 1630 3434 1686 6
3473 1629 3688 1705 Πατὴρ,
3743 1627 3823 1697 τὸ,

2180 1743 2209 1773 ‹‹
2238 1720 2413 1784 Αὐτὸς
2447 1721 2587 1794 ὑμᾶς
2623 1721 2871 1797 βαπτίσει
2919 1718 2971 1775 ἐν
3017 1720 3286 1795 [ινεύματι
3316 1717 3460 1798 ἁγίῳ
3488 1718 3582 1776 καὶ
3612 1717 3764 1793 πυρὶ,
3798 1739 3826 1768 »

2104 1835 2148 1900 Β
2177 1813 2339 1865 τοῦτο
2369 1811 2504 1885 μετὰ
2533 1812 2625 1867 τὸν
2658 1811 2886 1887 σταυρὸν
2919 1807 3140 1867 ἔδωκεν.

2250 1924 2278 1951 ‹‹
2312 1901 2471 1974 Λὲγει
2519 1897 2578 1955 δὲ
2624 1899 2813 1962 αὐτός·
2879 1899 3043 1955 Εἶπεν
3073 1900 3102 1954 6
3132 1898 3334 1971 Κύριος
3365 1902 3448 1972 τῷ
3488 1897 3673 1971 Κυρίῳ
3707 1918 3830 1971 μου,

2178 2013 2207 2042 u
2242 1989 2422 2053 Κάθου
2453 1988 2513 2044 ἐκ
2543 1986 2729 2062 δεξιῶν
2760 2009 2887 2062 μου,
2933 1986 3041 2051 ’έως
3091 1988 3153 2043 ἃν
3204 1990 3286 2043 θῶ
3315 1988 3442 2051 τοὺς
3472 1986 3709 2065 ἐχθρούς
3740 2007 3831 2043 σου

2180 2101 2205 2133 ε
2240 2076 2537 2135 ὑποπόδιον
2592 2084 2701 2135 τῶν
2750 2077 2934 2136 ποδῶν
2993 2099 3112 2135 σου.
3173 2078 3467 2157 Ἀσφαλῶς
3525 2076 3622 2134 οὖν
3670 2098 3833 2154 γινω-

2178 2192 2206 2220 ‹‹
2240 2167 2411 2225 σκὲτω
2441 2175 2545 2231 πᾶς
2590 2169 2741 2231 οἶκος
2794 2169 3039 2243 Ἰσραὴλ,
3106 2167 3190 2223 ὅτι
3219 2167 3414 2243 Κύριον
3461 2168 3555 2224 καὶ
3587 2165 3832 2245 Χρνστὸν

2178 2279 2203 2312 ι
2237 2258 2403 2314 αὐτὸν
2451 2259 2478 2313 ὁ
2535 2259 2665 2320 Θεὸς
2723 2255 2950 2329 ἐποίησε
3001 2260 3193 2314 τοῦτον
3225 2258 3316 2314 τὸν
3348 2258 3560 2328 Ἰησοῦν
3591 2256 3650 2314 ὅν
3682 2257 3834 2332 ὑμεῖς

2179 2373 2199 2400 ι
2236 2348 2627 2421 ἐσταυρώσατε.
2664 2370 2690 2402 ν

2244 2437 2360 2495 Οὐκ
2388 2434 2467 2493 ἔτι
2500 2440 2611 2513 μεθ⁷
2651 2437 2962 2508 ὑποστολῆς
2996 2436 3170 2512 λέγει.
3229 2437 3389 2513 Ἔχει
3440 2437 3548 2513 γὰρ
3577 2436 3692 2493 ἀπὸ
3724 2433 3831 2492 τῶν

2173 2526 2473 2601 εἰρημένων
2502 2528 2722 2599 θάρσος.
2755 2525 2929 2585 Ἀλλὰ
2975 2525 3031 2582 τί
3077 2546 3279 2605 φησινς
3338 2525 3423 2583 ὅτι
3455 2525 3629 2583 Δαυῖδ
3664 2527 3833 2600 λέγει’

2172 2640 2203 2667 ‹‹
2232 2616 2395 2672 Εἶπεν
2446 2617 2475 2671 6
2535 2617 2734 2688 Κύριος
2791 2621 2871 2689 τῷ
2929 2616 3111 2692 Κυρίῳ
3150 2637 3279 2690 μου,
3325 2640 3355 2669 ››
3401 2616 3492 2673 καὶ
3526 2621 3637 2673 τοῦ
3674 2611 3839 2671 Δαυῖδ

2175 2703 2513 2780 ὑψηλότερον
2566 2705 2727 2762 αὐτὸν
2784 2705 3099 2787 ἀποφαίνει.
3160 2705 3225 2763 Εἰ
3284 2703 3344 2762 δὲ
3401 2703 3563 2762 Δαυῗδ
3636 2704 3836 2782 Κύριον

2170 2793 2334 2849 αὐτὸν
2362 2792 2543 2864 καλεῖ,
2573 2793 2774 2868 πολλῷ
2809 2800 3025 2869 μᾶλλον
3061 2794 3219 2852 αὐτοὶ
3273 2793 3373 2851 ούκ
3424 2794 3840 2866 ἀπαξιώσουσι.

2172 2882 2276 2940 Καὶ
2306 2879 2476 2958 φόϐον
2539 2880 2598 2939 δὲ
2650 2882 2929 2956 ἐφίστησιν
2979 2884 3167 2949 αὐτοῖς
3226 2880 3317 2940 διὰ
3367 2888 3487 2952 τοῦ,
3521 2909 3549 2937 ‹‹
3594 2887 3747 2947 ’Ἑως
3780 2882 3839 2940 ἂν

2169 2977 2247 3031 θῶ
2278 2976 2407 3041 τοὺς
2449 2976 2682 3052 ἐχθρούς
2736 2999 2855 3037 σου.
2885 2998 2912 3033 ε
2969 2977 3075 3036 Καὶ
3129 2974 3226 3032 ’ίνα
3283 2978 3362 3050 μὴ
3393 2976 3728 3048 ἀπιστῆται,
3762 2980 3843 3050 τῷ

413 3068 562 3124 ﬁdes
589 3085 710 3123 non
743 3068 1051 3134 habeatur,
1102 3068 1533 3140 subiectionem
1584 3071 1737 3127 Patri
1772 3073 2060 3130 attribuit.

2181 3066 2341 3141 [Ιατρὶ
2397 3068 2497 3135 τήν
2554 3067 2807 3138 ὑπόταξιν
2864 3066 3200 3138 ἀνατίθησιν.
3254 3063 3433 3123 Ἀλλᾶ
3486 3067 3556 3122 τὰ
3623 3064 3846 3143 μεγάλα

412 3156 524 3211 Sed
552 3157 865 3230 magniﬁca
896 3158 1021 3212 haec
1051 3174 1256 3213 rursus
1277 3159 1351 3215 ad
1380 3159 1440 3214 id
1471 3160 1631 3231 quod
1662 3161 1948 3217 humilius
1971 3167 2062 3218 est

413 3245 909 3266 ..-Δ--ᾲξι.18--.-μ-
1000 3247 1315 3266 n_,,.d-,_.
1380 3249 1448 3266 ,,'
1498 3255 1508 3266 ι
1633 3250 1643 3260 ι
1877 3254 1898 3266 ν
2043 3253 2054 3266 I

2181 3159 2338 3210 ταῦτα
2367 3155 2533 3212 πάλιν
2566 3154 2653 3212 ἐπὶ
2693 3157 2755 3211 τὸ
2801 3156 3180 3231 ταπεινότερον
3208 3156 3454 3234 κατάγει,
3491 3179 3520 3209 ι(
3551 3151 3847 3234 ’Δκριϐῶς

2181 3265 2184 3266 ,
2203 3245 2232 3263 Ῥ
2375 3244 2389 3266 9
2453 3245 2465 3265 \
2813 3242 2825 3266 Ι
3010 3249 3039 3261 ~
3124 3248 3167 3266 ..1
3217 3265 3224 3266 κ
3284 3246 3299 3263 \
3315 3243 3337 3266 Ἴ
3433 3245 3458 3266 I'
3502 3265 3505 3266 ν
3567 3265 3574 3266 κ
3650 3244 3666 3263 \
3734 3247 3777 3266 '7
3796 3244 3810 3264 Ι

413 3245 875 3311 reducit,dicens
899 3263 910 3300 :
947 3270 973 3296 ‹‹
998 3247 1167 3301 Certo
1190 3264 1327 3319 ergo
1369 3249 1516 3303 sciat
1543 3250 1854 3307 universus
1877 3253 2061 3308 Israel

2181 3245 2285 3315 οῦν,
2345 3244 2537 3315 εἰπὼν,
2595 3242 2910 3320 γινωσκέτω
2966 3249 3069 3309 πᾶς
3123 3243 3371 3320 Ἰσραὴλ,
3428 3245 3511 3300 ὅτι
3564 3244 3668 3300 καὶ
3733 3244 3843 3302 K6-

411 3333 568 3406 quod
601 3341 660 3388 et
691 3335 1003 3389 Dominum
1040 3340 1098 3389 et
1125 3335 1421 3390 Christum
1466 3337 1606 3392 fecit
1635 3339 1788 3393 Deus
1818 3341 1993 3395 hunc.
2031 3362 2059 3391 ››

2181 3355 2284 3390 nov
2312 3334 2401 3389 καὶ
2435 3335 2670 3409 Χριστὸν
2701 3334 2731 3390 6
2762 3335 2890 3398 Θεὸς
2920 3334 3080 3390 αὐτὸν
3120 3331 3364 3406 ἐποίησε.
3397 3358 3425 3388 ››
3461 3333 3561 3404 Τὸ,
3599 3333 3844 3405 Ἐποίη-

410 3422 591 3479 Fecit.
615 3422 727 3478 hoc
750 3430 838 3478 est
860 3424 1154 3478 ordinavit
1183 3440 1251 3479 ac
1280 3425 1607 3489 constituit,
1633 3427 1735 3482 sed
1757 3444 1879 3483 non
1901 3430 2059 3499 quod

2181 3445 2271 3490 τεν,
2304 3422 2423 3478 ἀντὶ
2478 3428 2578 3479 τοῦ
2633 3422 2889 3495 κατέταξε
2944 3422 3036 3479 καὶ
3090 3421 3409 3495 κατέστησε,
3458 3424 3666 3500 φήσας,
3701 3420 3845 3479 ἀλλ’

410 3511 602 3581 ipsam
635 3511 842 3566 fecerit
878 3512 1293 3567 substantiam.
1327 3513 1651 3569 Sublimius
1680 3524 1878 3571 autem
1910 3535 2060 3588 quo-

2181 3512 2296 3587 ›ύχί
2328 3516 2448 3582 τοῦ,
2480 3511 2751 3568 ούσίωνεν.
2786 3511 3155 3588 Ὑψηλότερον
3187 3509 3248 3567 δέ
3276 3533 3395 3575 πως
3428 3509 3486 3567 ἃν
3527 3512 3658 3568 εἶπε
3704 3511 3840 3588 περὶ

411 3597 728 3656 dammodo
751 3601 998 3657 dixisset
1027 3602 1098 3657 de
1130 3603 1361 3658 Christo
1389 3610 1448 3659 et
1470 3605 1658 3677 magis
1683 3622 2057 3678 consequens

2181 3605 2421 3671 Κριστοῦ,
2453 3602 2688 3665 καὶτοῖς
2747 3601 3131 3679 προκειμένοις
3185 3600 3509 3660 ἀκόλουθον·
3544 3599 3843 3679 Ἀκριϐῶς

411 3688 485 3744 ad
516 3706 584 3745 ea
615 3699 1243 3762 qure'praacesserant:
1275 3694 1446 3749 Certo
1478 3710 1613 3767 ergo
1645 3696 1793 3751 sciat
1822 3697 2054 3757 univer-

2181 3690 2256 3746 νῦν
2285 3690 2596 3765 γινωσκέτω
2647 3696 2753 3755 πᾶς
2780 3690 3034 3768 Ἰσραὴλ,
3092 3690 3178 3748 ὅτι
3234 3692 3295 3748 ἐκ
3344 3688 3531 3765 δεξιῶν
3566 3696 3670 3748 τοῦ
3706 3697 3842 3748 Πα-

409 3795 509 3833 sus
539 3780 718 3835 Israel
752 3779 911 3852 quod
941 3797 975 3835 a
1005 3781 1224 3836 dextris
1254 3782 1445 3838 Patris
1475 3783 1660 3840 sedet.

2181 3781 2289 3852 ερὸς
2312 3780 2569 3851 κάθηται.

476 3869 547 3934 II,
580 3871 671 3932 37,
701 3871 787 3926 38.
825 3892 851 3920 ιι
884 3870 985 3924 His
1018 3876 1215 3925 autem
1249 3871 1487 3937 auditis,
1541 3877 1884 3946 compnncti
1915 3884 2055 3933 sunt

2233 3896 2259 3922 ι(
2293 3870 2647 3933 Ἀκούσαντες
2705 3867 2784 3941 δὲ,
2842 3869 3209 3944 κατενύγησαν
3263 3873 3334 3944 τῇ
3393 3867 3611 3946 καρδίᾳ,
3665 3869 3838 3926 εἶπόν

407 3980 435 4008 ‹‹
468 3955 1073 4030 corde,dixeruntque
1089 3959 1165 4015 ad
1181 3962 1421 4016 Petrum
1443 3978 1510 4018 ac
1531 3963 1796 4035 reliquos
1817 3972 2049 4038 aposto-

2181 3988 2187 4015 l
2216 3981 2276 4016 τε
2304 3960 2440 4037 πρὸς
2488 3963 2581 4018 τὸν
2612 3960 2811 4036 Πέτρον
2866 3961 2959 4017 καὶ
3012 3960 3143 4024 τοὺς
3178 3958 3410 4023 λοιποὺς
3441 3960 3831 4024 ἀποστόλους·

404 4067 433 4095 ‹‹
465 4044 595 4102 los:
628 4047 778 4112 Quid
808 4048 1115 4117 faciemus,
1160 4048 1269 4104 viri
1318 4049 1579 4107 fratres?
1618 4052 1822 4110 Petrus
1851 4061 2049 4111 autem

400 4156 429 4185 ‹‹
461 4133 611 4190 dixit
638 4134 712 4192 ad
741 4151 863 4193 eos.
899 4159 928 4187 »

467 4225 548 4280 Ex
570 4242 638 4281 eo
665 4227 823 4298 quod
846 4242 979 4282 cum
1002 4227 1367 4301 benignitate
1390 4230 1739 4287 concionem
1761 4238 2046 4291 tractave-

2159 4076 2183 4105 α
2217 4052 2279 4107 Τί
2302 4054 2630 4126 ποιήσομεν,
2661 4048 2845 4126 ἄνδρες
2872 4048 3140 4132 ἀδελφοί;
3172 4049 3375 4127 Πέτρος
3406 4047 3464 4106 δὲ
3511 4043 3614 4129 ἔφη
3672 4051 3831 4127 πρὸς

2161 4166 2184 4194 ι
2263 4161 2269 4163 ⁷
2354 4162 2429 4204 υς.
2467 4165 2496 4194 ››

2216 4161 2454 4304 $50926
2507 4229 2796 4292 ἐπιεικείας
2858 4228 3341 4305 μεταχειρίσασθαι
3398 4228 3496 4298 τὴν
3551 4224 3835 4304 δημηγο-

394 4315 491 4383 rit,
523 4315 599 4371 ad
625 4317 1147 4388 compunctionem
1206 4334 1305 4373 eos
1362 4319 1625 4376 deduxit.
1666 4321 2044 4397 Κατενύγησαν

2181 4318 2296 4388 ίαν,
2330 4318 2409 4383 εἷς
2456 4319 2739 4390 κατάνυξιν
2795 4318 2994 4382 αὐτοὺς
3044 4318 3241 4397 ἤγαγε.
3293 4320 3364 4377 Τὸ
3395 4315 3474 4389 δὶ,
3504 4319 3837 4395 κατενύγη-

394 4420 551 4473 vero,
582 4404 695 4460 hoc
727 4410 835 4471 est,
870 4406 1134 4476 percussi
1168 4412 1344 4461 sunt:
1378 4415 1694 4464 senserunt
1723 4412 1881 4465 enim
1914 4413 2046 4468 ani-

2181 4429 2265 4478 ἀν,
2296 4406 2412 4463 ἀντὶ
2441 4411 2559 4478 τόῦ,
2587 4404 2931 4485 ἐπλήγησαν,
2961 4402 3158 4463 ἔπαθον
3206 4409 3304 4478 τὴν
3352 4407 3562 4483 ψυχὴν,
3596 4406 3829 4462 ἑαυτῶν

392 4510 551 4549 mam
584 4511 716 4566 quas
747 4494 908 4566 ipsos
940 4494 1414 4551 condemnabat:
1462 4497 1595 4552 ideo
1625 4499 2041 4557 remissionem

2181 4494 2504 4571 ατέγνωσαν.
2564 4497 2659 4552 Διὸ
2710 4496 2800 4552 καὶ
2863 4500 3087 4568 ζητοῦσι
3144 4500 3241 4552 τοῦ
3279 4494 3450 4552 κακοῦ
3502 4496 3684 4565 λύσιν,
3721 4497 3832 4551 καὶ

592 4545 711 4566 νὴ
747 4545 906 4566 τ---
945 4545 1413 4551 ---_----_-_-w__--
1462 4545 1590 4552 --η
1628 4545 2041 4557 --.---υ.,.ν..ν...

395 4589 709 4652 quaerunt:
771 4588 830 4638 et
888 4589 1196 4639 mansuete
1254 4600 1356 4639 eos
1404 4583 1616 4640 fratres
1648 4593 1861 4642 vocant
1890 4605 2041 4659 quos

2181 4545 2504 4571 t—--.~—-—~
2564 4545 2656 4552 —--
2713 4545 2800 4552 --—-
2863 4545 3087 4568 την-η-
3156 4545 3237 4552 -π
3281 4545 3445 4552 -----π
3502 4545 3684 4565 mw,
3724 4545 3832 4551 nm

2184 4586 2507 4649 "xezwtm‘bc
2556 4586 2754 4648 αὐτοὺς
2808 4583 3080 4664 ἀδελφοὺς
3130 4584 3413 4656 καλοῦσιν,
3457 4585 3549 4648 οὕς
3607 4591 3835 4664 πρώην

393 4668 560 4739 prius
584 4670 932 4728 irridebant.
958 4675 1080 4727 Non
1108 4672 1388 4728 dixerunt
1406 4680 1604 4729 autem
1623 4677 1848 4744 fratres,
1874 4679 2041 4747 quasi

2181 4672 2463 4749 χλεύαζον.
2496 4676 2613 4733 Οὐκ
2641 4675 2692 4746 ἐξ
2725 4674 2980 4747 ἰσότητος
3012 4674 3070 4731 δὲ
3116 4677 3202 4745 τὸ,
3229 4672 3483 4755 ἀδελφοὶ,
3515 4673 3698 4748 εἶπον,
3736 4678 3830 4744 ὠς

389 4772 499 4829 per
529 4756 870 4829 hujusmodi
903 4762 1365 4831 appellationem
1387 4762 1847 4835 adaequarentur
1874 4766 2040 4837 ipsis,

2181 4765 2572 4839 ξαρισαζόμενοι
2626 4764 2813 4827 αὐτοῖς
2881 4762 2971 4820 διὰ
3040 4772 3140 4836 τῆς
3199 4765 3464 4835 τοιαύτης
3518 4764 3830 4843 κλήσεως,

390 4844 493 4902 sed
514 4853 797 4918 quantam
819 4865 954 4921 erga
971 4849 1107 4904 illos
1128 4850 1588 4908 familiaritatem
1605 4855 2040 4912 contraxissent

2185 4852 2277 4909 λλ⁹
2333 4856 2468 4932 δφον
2526 4853 2661 4928 πρὸς
2718 4853 2915 4915 αὐτοὺς
2974 4854 3327 4927 ᾤκειώθησαν
3378 4851 3827 4931 ἐνδεικνύμενοι.

390 4935 810 4991 ostendentes:
846 4943 904 4991 et
935 4938 1219 5008 quoniam
1250 4941 1459 4997 Petrus
1498 4959 1734 5014 quoque
1763 4943 1836 4999 ab
1866 4944 2036 5000 initio

2181 4943 2246 4999 Lai
2301 4942 2487 5014 ἐπειδὴ
2541 4943 2633 5001 καὶ
2690 4945 2892 5012 Πέτρος
2922 4940 3234 5023 ἀρχόμενος
3267 4948 3365 5000 τοῦ
3396 4942 3570 5022 λόγου
3605 4945 3838 5004 ἐκάλε-

392 5025 687 5080 sermonis
716 5024 799 5080 ita
829 5042 929 5081 eos
960 5034 1285 5098 vocaverat,
1317 5029 1457 5086 inde
1505 5032 1806 5089 habebant
1834 5039 1894 5089 et
1922 5033 2035 5105 ipsi

2181 5054 2230 5089 εν
2262 5030 2458 5089 ἐκεῖθεν
2486 5032 2640 5108 εἶχον
2694 5032 2783 5088 καὶ
2842 5032 3004 5089 αὐτοὶ
3056 5037 3156 5090 τοῦ
3210 5033 3356 5089 οὕτω
3385 5031 3568 5091 κελεῖν
3596 5035 3829 5101 αὐτοὺς

386 5130 591 5171 ansam
622 5114 704 5170 ita
736 5131 836 5171 eos
866 5117 1229 5187 appellandi.

2181 5123 2425 5201 φορμήνο

453 5204 525 5270 ΙΙ,
558 5205 738 5261 38-42.
763 5226 793 5255 ‹‹
818 5206 1165 5276 Resipiscite
1190 5213 1248 5262 et
1267 5208 1596 5280 baptizetur
1622 5211 2034 5284 unusquisque

2215 5237 2244 5265 ‹‹
2276 5211 2659 5281 Μετανοήσατε
2714 5210 2804 5266 καὶ
2866 5211 3219 5287 βαπτισθήτω
3257 5209 3485 5277 ἕκαστος
3522 5214 3675 5289 ὑμῶν
3709 5212 3828 5273 ἐπὶ

388 5314 415 5340 u
445 5300 703 5349 vestrum
737 5296 794 5349 in
824 5298 1064 5353 nomine
1094 5299 1229 5353 Iesu
1261 5299 1476 5355 Christi
1516 5302 1589 5355 ad
1619 5303 2033 5359 remissionem

2200 5305 2278 5372 τῷ
2309 5299 2535 5373 ὀνόματι
2597 5301 2777 5372 Ἰησοῦ
2834 5304 3075 5376 Χριστοῦ
3130 5306 3207 5365 εἷς
3263 5299 3450 5380 ἔτεσιν
3484 5303 3829 5380 ἁμαρτιῶν,

386 5406 412 5432 ‹‹
447 5391 823 5454 peccatorum
852 5402 865 5440 :
890 5393 949 5441 et
973 5388 1277 5458 accipietis
1297 5388 1518 5445 donum
1544 5390 1796 5463 Spiritus
1818 5393 2028 5449 sancti.

2200 5389 2290 5445 καὶ
2349 5387 2591 5463 λήψεσθε
2645 5391 2745 5460 τήν
2808 5387 3013 5465 δωρεὰν
3071 5395 3170 5447 τοῦ
3231 5392 3386 5467 ἁγίου
3454 5393 3820 5468 Πνεύματος.

322 5501 325 5503 ›
385 5493 413 5522 ‹‹
446 5471 624 5526 Vobis
643 5474 799 5530 enim
824 5476 977 5532 facta
997 5483 1088 5533 est
1108 5478 1420 5549 promissio
1440 5481 1540 5537 23
1559 5489 1617 5536 et
1635 5483 1775 5539 filiis
1793 5483 2023 5553 vestris,

2198 5480 2352 5553 Ὑμῖν
2411 5479 2514 5557 γὰρ
2575 5479 2717 5536 ἐστιν
2783 5482 2817 5549 ἡ
2899 5478 3201 5556 ἇπαγγελία
3256 5482 3345 5538 καὶ
3403 5487 3521 5546 τοῖς
3574 5485 3819 5549 τεκνοις

310 5564 313 5569 ’
382 5584 412 5615 ‹‹
435 5563 833 5638 omnibusque
854 5567 957 5639 qui
979 5567 1155 5641 longe
1176 5569 1414 5642 absunt,
1437 5579 1821 5648 quotcunque
1849 5573 2025 5630 advo-

2205 5570 2380 5645 ύμῶν,
2408 5568 2500 5645 καὶ
2546 5572 2678 5625 πᾶσι
2726 5574 2845 5630 τοῖς
2879 5566 2963 5632 εἷς
2990 5571 3227 5648 μακρὰν,
3260 5570 3422 5636 ὅσους
3452 5569 3513 5628 ἂν
3541 5591 3827 5651 προσκεισ-

450 5689 499 5728 ⁸³
523 5691 693 5752 Joan.
725 5709 838 5767 nv,
875 5695 961 5751 ιο.
1038 5694 1087 5732 ³⁴
1110 5694 1276 5756 Joan.
1307 5714 1408 5769 xu,
1438 5700 1527 5758 28.
1606 5700 1651 5737 ³⁸
1681 5699 1882 5758 Matth.
1918 5716 1999 5772 III,
2035 5700 2125 5757 11.
