4098 6260
214 361 279 420 τι
1233 365 1644 429 COMMENT.
1692 363 1768 425 IN
1818 361 2012 424 ACTA
2064 348 2673 429 APOSTOLORUM.
3599 370 3681 430 τε

232 515 259 546 α
286 490 520 562 λέσηται
551 493 784 566 Κύριος
824 498 859 553 ὁ
894 497 1033 560 Θεὸς
1083 498 1259 571 ἡμῶν.
1321 496 1561 572 Ἐτέροις
1616 516 1675 551 τε
1732 494 1922 569 λόγοις

2045 514 2068 544 ι
2101 496 2320 552 caverit
2368 498 2653 554 Dominus
2712 499 2865 554 Deus
2917 502 3137 555 noster.
3192 500 3459 572 Aliisque
3487 502 3680 559 verbis

233 580 515 638 «πλείοσι
550 581 984 662 διεμαρτύρετο
1046 587 1135 643 καὶ
1193 584 1510 660 παρεκάλει,
1569 584 1763 659 λέγων·
1826 584 1933 639 Σώ-

240 698 264 743 gr
296 686 427 742 θητε
455 675 573 729 ἀπὸ
607 683 717 744 τῆς
782 684 984 751 γενεᾶς
1035 682 1133 742 τῆς
1188 676 1410 737 σκολιᾶς
1476 677 1700 746 ταύτης.
1735 675 1801 731 Οἱ
1821 673 1930 747 ’μὲν

242 789 267 816 ι(
297 765 389 819 οὖν
422 764 694 837 ἁσμένως
729 764 1143 839 ἀποδεξάμενοι
1190 767 1281 821 τὸν
1338 764 1508 841 λόγον
1557 766 1748 833 αὐτοῦ,
1808 760 1930 817 ἐδα-

298 855 638 925 πτίσθησαν.
708 857 813 913 Καὶ
878 858 1284 933 προσετέθησαν
1333 859 1403 930 τῇ
1488 857 1672 929 ἡμέρᾳ
1757 854 1932 927 ἐκείνῃ

258 970 283 997 «
312 946 486 1025 ψυχαὶ
521 943 655 1000 ὠσεὶ
700 944 1053 1022 τρισχίλιαι.
1107 948 1278 1002 Ἦσαν
1339 943 1397 1000 δὲ
1453 947 1929 1019 προσκαρτεροῦν-

264 1062 293 1088 ιι
322 1057 407 1100 τες
432 1039 502 1109 τῇ
532 1032 745 1110 διδαχῇ
778 1041 895 1092 τῶν
929 1036 1281 1103 ἀποστόλων,
1310 1034 1401 1091 καὶ
1428 1038 1498 1099 τῆ
1532 1034 1813 1105 κοινωνίᾳ,
1839 1031 1929 1086 καὶ

268 1152 297 1179 α
328 1128 399 1199 τῇ
436 1124 622 1182 κλάσει
648 1130 752 1181 τοῦ
779 1124 980 1201 ἅρτοῦ,
1009 1127 1096 1188 καὶ
1133 1130 1254 1188 ταῖς
1284 1129 1641 1200 προσευχαῖς.
1677 1147 1706 1174 ››

260 1353 273 1357 -
334 1304 425 1367 Ὠς
452 1304 668 1359 πάντων
700 1305 884 1377 στόμα
908 1309 1019 1359 τῶν
1086 1303 1411 1359 ἀποστόλων
1450 1296 1927 1378 προϐεϐλημένος,

261 1393 417 1470 φησὶ,
451 1396 839 1464 Μετανοήσατε
868 1395 955 1448 καὶ
1024 1394 1400 1467 βαπτισθήτω,
1452 1390 1539 1459 οὐ,
1581 1389 1925 1459 Πιστεύσατε,

260 1481 434 1553 ἀλλὰ,
469 1506 494 1536 ι
531 1484 927 1559 Βαπτισθήτωη
956 1504 978 1536 ι
1014 1486 1182 1537 Τοῦτο
1213 1481 1319 1557 γὰρ
1351 1483 1378 1536 ὁ
1410 1477 1664 1553 θεμέλιος
1708 1483 1814 1533 τῶν
1850 1478 1927 1540 είς

257 1574 505 1648 Χριστὸν
537 1574 924 1628 πιστευόντων.
979 1577 1148 1628 Τοῦτο
1208 1573 1299 1626 οὗν
1356 1576 1571 1643 πρῶτον
1626 1569 1789 1641 ἀξιοῖ,
1835 1569 1926 1623 καὶ

260 1662 400 1734 μετὰ
428 1666 600 1717 τοῦτο
633 1660 820 1737 ἐπάγει
848 1662 911 1716 τὸ
942 1662 1082 1736 πρὸς
1112 1666 1193 1733 τῷ
1243 1658 1487 1733 θεμελίῳ
1534 1657 1719 1727 τέλος,
1768 1680 1795 1709 ‹‹
1824 1657 1924 1724 τὴν

259 1748 473 1826 δωρεὰν
508 1749 691 1825 λέγων
721 1754 819 1803 τοῦ
878 1750 1029 1824 ἁγίου
1085 1748 1415 1823 Πνεύματος,
1452 1773 1475 1800 ι
1512 1747 1588 1810 ὡς
1622 1744 1710 1801 διὰ
1760 1747 1925 1818 μέσου

2047 586 2383 655 «plurimis
2441 587 2869 643 testificabatur
2924 596 2983 643 et
3067 590 3489 645 exhortabatur
3564 608 3684 660 eos,

2048 674 2315 729 «dicens
2374 692 2386 728 :
2449 675 2773 730 Servemini
2841 676 2911 732 ab
2993 678 3104 732 hac
3189 696 3364 748 prava
3448 696 3696 752 genera-

2052 765 2289 819 «tione.
2350 767 2575 837 Itaque,
2636 769 2735 837 qui
2795 767 3053 822 libenter
3119 777 3511 841 susceperunt
3569 788 3694 826 ser-

2044 874 2071 902 ‹‹
2106 870 2342 909 monem
2377 857 2527 925 ejus,
2563 855 2836 927 baptizati
2870 864 3009 911 sunt
3041 875 3054 911 :
3113 865 3172 912 et
3218 860 3501 929 appositae
3554 866 3694 915 sunt

2042 964 2069 990 ‹‹
2106 942 2207 996 illo
2240 943 2335 997 die
2381 945 2596 999 animm
2654 945 2892 1000 circiter
2951 954 3041 1001 ter
3096 948 3281 1003 mille.
3343 950 3525 1004 Erant
3580 967 3690 1005 au-

2043 1037 2220 1086 «tem
2277 1040 2721 1103 perseverantes
2778 1035 2841 1089 in
2900 1035 3172 1091 doctrina
3246 1039 3573 1109 apostolica
3632 1046 3691 1096 et

2041 1142 2069 1169 «
2103 1122 2644 1178 communicatione
2675 1140 2742 1178 ac
2768 1122 3057 1179 lractione
3087 1126 3260 1196 panis
3293 1131 3351 1181 et
3404 1128 3693 1184 orationi-

2041 1231 2070 1261 (ι
2103 1211 2232 1266 bus.
2270 1234 2296 1263 ›)

2110 1301 2410 1372 Tanquam
2436 1320 2500 1357 os
2515 1305 2781 1358 omnium
2797 1305 3199 1376 apostolorum
3216 1305 3560 1380 designatus
3575 1309 3685 1365 ait:

2041 1389 2389 1459 Besipiscite
2423 1396 2479 1445 et
2509 1392 2860 1463 baptizetur,
2894 1411 3014 1448 non
3048 1400 3245 1449 autem
3277 1396 3532 1466 Credite,
3586 1396 3689 1453 sed

2040 1477 2407 1548 Baptizetur;
2442 1498 2581 1535 nam
2612 1482 2723 1537 hoc
2754 1482 3211 1538 fundamentum
3262 1490 3389 1539 erat
3438 1486 3687 1542 creden-

2037 1566 2184 1620 tium
2218 1568 2280 1621 in
2311 1569 2630 1623 Christum.
2660 1572 2777 1625 Hoc
2802 1588 2937 1643 ergo
2969 1572 3228 1642 primum
3258 1574 3426 1643 petit,
3462 1581 3519 1628 et
3535 1580 3691 1645 post-

2036 1655 2281 1711 modum
2317 1658 2498 1712 finem
2529 1676 2595 1714 ac
2629 1660 3051 1730 perfectionem
3100 1661 3491 1717 fundamento
3543 1663 3682 1718 sub-

2027 1744 2247 1817 jungit,
2276 1746 2512 1802 dicens:
2542 1769 2568 1799 α
2600 1748 2831 1804 Donum
2857 1749 3106 1821 Spiritus
3125 1752 3334 1815 sancti,
3356 1773 3383 1800 »
3400 1757 3684 1823 tanquam

246 1840 450 1895 τούτου
498 1846 604 1908 τῆς
656 1839 889 1901 πίστεως
947 1839 1404 1915 ἆναφαινομένης.
1459 1839 1553 1909 Τῷ
1612 1834 1668 1890 δὲ
1726 1836 1917 1890 εἰπεῖν’

2045 1833 2150 1888 fide
2182 1851 2287 1905 per
2317 1835 2441 1891 haec
2472 1837 2671 1893 media
2702 1838 3127 1896 demonstrata.
3163 1842 3273 1894 Per
3324 1841 3435 1896 hoc
3484 1848 3684 1898 autem

250 1954 277 1981 κ
308 1930 470 2002 Ὑμῖν
520 1928 627 2005 γὰρ
688 1929 723 1997 ἡ
778 1926 1078 2001 ἐπαγγελία
1130 1925 1220 1981 καὶ
1272 1930 1390 1986 τοῖς
1455 1926 1661 1986 τέκνοις
1745 1924 1920 1997 ὑμῶν,

243 2019 336 2073 καὶ
394 2024 531 2072 πᾶσι
590 2021 709 2077 τοῖς
775 2015 985 2091 μακρὰν
1047 2016 1137 2069 καὶ
1194 2022 1311 2077 τοῖς
1372 2014 1552 2091 ἐγγὺς,
1590 2040 1615 2064 ››
1676 2011 1921 2089 ἐμφαίνει

244 2096 309 2163 έδ
346 2113 539 2179 μεῖζον
568 2114 667 2175 τῆς
700 2103 931 2178 δωρεᾶς,
966 2104 1043 2167 ὠς
1101 2104 1161 2160 οὐ
1218 2105 1382 2178 μόνον
1430 2103 1614 2165 αὐτυῖς
1661 2100 1925 2178 έπαρκοό-

250 2218 381 2265 anc,
413 2194 562 2251 ἀλλα
604 2196 694 2249 καὶ
751 2200 871 2255 τοῖς
926 2196 1158 2256 τέκνοις.
1220 2194 1323 2250 Καὶ
1377 2194 1515 2269 πρὸς
1562 2192 1629 2247 τὰ
1686 2190 1809 2261 ἔθνη
1867 2188 1923 2247 δὲ

259 2282 723 2357 ὶπιδ-οῴιλεῦεταῖ.
753 2285 935 2340 Τοῦτο
977 2283 1080 2357 γὰρ
1139 2281 1357 2356 ᾐνίξατο
1421 2280 1509 2336 διὰ
1554 2285 1673 2349 τοῦ,
1735 2301 1757 2329 ι
1789 2282 1921 2341 Τοῖς

266 2375 507 2447 μακράν.
542 2402 565 2424 ιο
598 2371 715 2427 ἀλλ’
744 2373 789 2428 εἰ
817 2378 937 2435 τοῖς
978 2373 1209 2448 μακρὰν,
1241 2369 1439 2443 πολλῷ
1466 2369 1647 2442 δήπου
1701 2367 1917 2443 μᾶλλον

263 2466 397 2538 ὑμῖν
428 2470 547 2527 τοῖς
574 2463 748 2539 inde.
785 2464 988 2519 Σκόπει
1020 2460 1077 2518 δέ
1134 2461 1218 2518 ὅτι
1269 2463 1390 2519 τότε
1436 2464 1535 2531 τήν
1588 2466 1695 2516 τῶν
1756 2460 1917 2515 ἐθνῶν

258 2555 486 2630 ᾐνίξατο
519 2553 720 2620 πίστιν,
784 2552 875 2608 ὅτε
919 2552 1414 2627 κατανενυγμένους
1473 2552 1593 2626 εὗρε
1644 2550 1733 2605 καὶ
1790 2570 1923 2604 κατ-

258 2643 571 2719 εγνωκότας
605 2644 834 2698 ἑαυτῶν.
879 2644 1047 2717 Ψυχή
1103 2643 1205 2718 γαρ
1274 2644 1397 2696 ὅταν
1439 2642 1634 2709 έαυτήν
1693 2636 1921 2695 καταδι-

249 2736 414 2808 κασῃ,
450 2733 554 2788 οὐκ
584 2730 666 2787 ἔτι
698 2732 913 2810 φθονεῖν
948 2729 1191 2787 δύναται.

323 2938 352 2965 α
388 2912 637 2990 Ἐγένετο
672 2909 731 2967 δέ
762 2911 906 2985 πάσῃ
940 2914 1095 2985 ψυχῆ
1128 2903 1317 2990 φόϐος,
1368 2907 1555 2965 πολλά
1610 2930 1670 2964 τε
1727 2908 1924 2982 τέρατα

248 3029 277 3056 (ι
310 3005 401 3058 καὶ
433 3008 647 3075 σημεῖα
682 2998 772 3055 διὰ
799 3004 907 3055 τῶν
941 3000 1260 3055 ἀποστόλων
1323 2997 1556 3072 ἐγένετο.
1611 3000 1815 3061 Πάντας
1867 2994 1925 3051 δὲ

255 3118 285 3143 α
316 3095 377 3146 οἱ
408 3092 768 3155 πιστεύοντες
797 3091 932 3159 ἦσαν
964 3089 1050 3144 ἐπὶ
1086 3089 1148 3144 τὸ
1180 3088 1333 3154 αὐτὸ,
1366 3090 1455 3142 καὶ
1507 3088 1663 3162 εἶχον
1712 3086 1923 3141 ’ἅπαντα

258 3182 497 3237 uno-xi.
534 3181 639 3236 Καὶ
672 3180 735 3234 τὰ
786 3181 1042 3252 κτήματα
1092 3179 1182 3232 καὶ
1233 3178 1328 3239 τὰς
1389 3177 1639 3252 ὑπάρξεις
1691 3174 1922 3250 ἐπίπρα-

2034 1923 2191 1992 quod
2221 1924 2304 1978 ait
2332 1940 2344 1978 :
2379 1948 2405 1975 ‹‹
2432 1926 2610 1981 Vobis
2643 1928 2802 1982 enim
2836 1928 2991 1983 facta
3021 1935 3110 1983 est
3125 1930 3442 2001 promissio
3463 1938 3520 1986 et
3544 1934 3683 1988 ﬁliis

2035 2014 2261 2082 vestris,
2295 2017 2690 2088 omnibusque
2725 2020 2825 2088 qui
2882 2020 3055 2092 longe
3098 2037 3165 2075 ac
3217 2038 3401 2094 prope
3447 2030 3619 2079 sunt:
3654 2047 3682 2075 ››

2033 2102 2295 2156 ostendit
2324 2103 2463 2159 doni
2495 2106 2992 2177 magnitudinem,
3026 2115 3091 2163 ut
3121 2110 3279 2180 quod
3314 2127 3457 2181 non
3507 2111 3683 2167 modo

2034 2189 2180 2260 ipsis
2213 2194 2489 2259 sufﬁciat,
2528 2196 2629 2249 sed
2663 2202 2721 2249 et
2754 2196 2914 2254 ﬁliis.
2968 2205 3258 2269 praeterea
3307 2205 3363 2253 et
3408 2201 3683 2272 gentibus

2032 2277 2287 2350 benigne
2320 2282 2706 2338 exhibeatur:
2740 2301 2879 2339 nam
2912 2286 3021 2340 hoc
3054 2286 3253 2341 innuit
3280 2305 3387 2359 per
3431 2289 3491 2343 id
3524 2289 3683 2360 quod

2033 2367 2151 2421 ait:
2187 2389 2211 2420 α
2249 2369 2347 2424 His
2380 2372 2481 2440 qui
2514 2371 2689 2444 longe
2745 2374 2995 2443 absunt;
3031 2397 3059 2425 »
3106 2377 3269 2447 atqui
3318 2378 3395 2432 sit
3441 2378 3534 2433 his
3584 2378 3685 2450 qui

2031 2455 2205 2529 longe
2238 2458 2475 2526 absunt,
2507 2461 2697 2515 multo
2730 2463 2918 2533 magis
2952 2480 3093 2518 sane
3131 2465 3295 2520 vobis
3348 2469 3448 2537 qui
3498 2485 3681 2540 prope

2033 2547 2195 2602 estis.
2229 2548 2551 2605 Considera
2580 2567 2713 2605 vero
2774 2552 2932 2621 quod
2989 2558 3131 2608 tunc
3180 2556 3446 2625 gentium
3500 2556 3682 2611 fidem

2031 2636 2247 2704 innuit,
2283 2639 2520 2708 quando
2551 2646 2936 2710 compunctos
2968 2642 3193 2697 invenit
3236 2660 3303 2699 ac
3353 2660 3484 2699 esse
3539 2662 3683 2701 con-

2032 2724 2402 2781 demnantes.
2440 2728 2547 2783 Ubi
2580 2730 2738 2784 enim
2772 2731 3027 2802 seipsam
3062 2733 3263 2788 anima
3308 2734 3680 2791 condemna-

2031 2816 2200 2877 verit.
2225 2817 2352 2887 jam
2385 2817 2647 2873 invidere
2680 2836 2799 2873 non
2832 2826 3045 2891 potest.

2104 2905 2173 2967 ll,
2198 2908 2377 2960 43-46.
2406 2930 2433 2957 ‹‹
2459 2909 2668 2962 Factus
2697 2916 2788 2963 est
2808 2916 3004 2965 autem
3038 2912 3199 2966 omni
3234 2912 3446 2967 animm
3480 2915 3680 2984 timor,

2034 3015 2061 3043 «
2086 2995 2390 3066 multaque
2416 2997 2683 3069 prodigia
2705 3004 2762 3053 et
2783 2999 2949 3064 signa
2970 3017 3077 3070 per
3098 3002 3396 3072 apostolos
3420 3004 3679 3058 edeban-

2036 3104 2063 3132 ‹‹
2096 3090 2211 3138 tur.
2247 3086 2465 3140 Omnes
2496 3102 2631 3140 vero
2664 3087 2974 3143 credentes
3026 3096 3195 3144 erant
3247 3092 3573 3162 conjuncti,
3627 3098 3685 3147 et

2036 3194 2065 3223 ιι
2101 3174 2399 3229 habebant
2424 3176 2628 3230 omnia
2665 3178 3039 3233 communia:
3074 3184 3132 3233 et
3180 3182 3585 3249 possessiones
3616 3197 3684 3237 ac

272 3290 484 3339 ισκον,
539 3267 633 3321 καὶ
689 3266 993 3342 διεμέριζον
1049 3267 1183 3321 αὐτᾶ
1239 3272 1391 3336 πᾶσι,
1447 3266 1637 3325 καθότι
1723 3263 1784 3319 ἄν
1840 3285 1920 3325 τις

2045 3290 2063 3317 ις
2100 3266 2463 3322 substantias
2490 3265 2843 3331 vendebant,
2870 3273 2927 3322 et
2948 3239 3384 3325 distribuebant
3409 3288 3476 3326 ea
3496 3271 3683 3326 omni-

278 3384 309 3410 α
347 3358 543 3433 χρείαν
599 3361 727 3434 εἶχε.
785 3362 915 3415 Καθ’
972 3356 1180 3431 ἡμέραν
1261 3378 1319 3412 τε
1397 3359 1925 3433 προσκαρτεροῦντες

276 3472 307 3499 κ
342 3445 695 3522 ὁμοθυμαδὸν
720 3449 771 3504 ἐν
802 3453 882 3520 τῷ
913 3448 1071 3522 ἱερῷ.
1110 3472 1130 3498 ο

336 3632 418 3690 Οὗ
451 3634 559 3710 γὰρ
592 3632 668 3693 ὡς
698 3637 807 3686 τῶν
834 3628 1115 3705 τυχόντων
1143 3631 1527 3707 κατεφρόνουν,
1559 3625 1689 3683 ἀλλ’
1735 3623 1923 3695 ἐπειδή

258 3704 439 3786 πολὺς
579 3723 606 3776 ὁ
647 3720 850 3797 Πέτρος
910 3718 1108 3784 ἄνωθεν
1167 3718 1320 3794 ῥέων,
1379 3718 1469 3773 καὶ
1526 3719 1591 3772 τὰ
1650 3715 1925 3795 μέλλοντα

264 3808 358 3866 διὰ
405 3816 521 3875 τῶν
586 3809 935 3887 ἐπαγγελιῶν
994 3806 1269 3876 δεικνύων,
1334 3807 1556 3867 εἰκότως
1609 3800 1922 3883 ἐφοϐοῦντο.

259 3901 607 3976 Ἐμαρνῦρει
668 3900 772 3976 γαρ
835 3903 915 3970 τῷ
971 3895 1127 3973 λόγῳ
1183 3895 1248 3951 τὰ
1306 3892 1456 3972 ἔργα.
1517 3895 1766 3970 Καθάπερ
1823 3894 1924 3967 γὰρ

256 3990 346 4044 καὶ
406 3988 497 4043 in?
555 3992 658 4041 τοῦ
718 3986 955 4061 Χριστόὖ
1013 3986 1274 4060 πρότερον
1332 3990 1554 4058 σημεῖα,
1609 3985 1727 4038 εἶτα
1783 3981 1928 4038 διδα-

260 4076 489 4143 σκαλία,
527 4076 649 4131 εἶτα
683 4076 951 4146 θαύματα,
987 4075 1131 4129 οὓτω
1160 4074 1247 4128 καὶ
1282 4077 1394 4131 νῦν.
1429 4074 1503 4131 Τὸ
1554 4070 1610 4127 δὲ
1657 4074 1749 4134 τὰς
1793 4075 1930 4143 κτή-

264 4190 375 4229 σεις
406 4164 626 4221 πωλεῖν
656 4164 747 4219 καὶ
782 4161 1113 4238 δισμερίζειν
1139 4165 1272 4227 καθὸ
1318 4162 1376 4218 ἄν
1426 4184 1508 4223 τις
1561 4163 1742 4237 χρείαν
1786 4165 1927 4236 εἶχε,

258 4254 371 4331 οὐχ
393 4255 624 4323 ἀπλῶξ,
657 4251 787 4309 ἄλλ’
830 4253 1217 4327 οἰκονομικῶς.
1276 4250 1589 4326 Διεμέριζον
1650 4253 1753 4326 γάρ
1812 4252 1930 4306 κατ’

260 4344 438 4415 ἀξίαν.
504 4344 582 4397 Τὸ
646 4338 725 4409 δὲ,
786 4366 813 4393 ι(
876 4339 1262 4415 Ὀμοθυμαόὸν
1323 4344 1870 4416 προσκαρτεροῦντες,
1902 4364 1929 4390 ››

264 4433 325 4487 οὐ
360 4433 498 4509 μίαν
533 4430 774 4506 ἡμέραν,
807 4428 934 4486 οὐδὲ
986 4428 1104 4496 δύο,
1165 4428 1316 4487 ἀλλιὶ
1370 4430 1490 4483 καθ’
1544 4431 1777 4500 ἡμέραν,
1838 4428 1930 4483 καὶ

268 4528 369 4595 μιᾷ
399 4524 587 4598 ψυχῇ.
621 4522 717 4591 Τῷ
747 4517 804 4573 δὲ
838 4520 970 4593 ἱερῷ
1022 4516 1398 4595 προσήδρευον
1462 4518 1512 4571 οἱ
1571 4518 1932 4587 πιστεύοντες,

2032 3380 2060 3409 ‹‹
2094 3357 2226 3422 bus,
2259 3361 2431 3427 prout
2459 3356 2673 3426 cuique
2708 3374 2857 3428 opus
2891 3364 3035 3413 erat.
3070 3360 3140 3413 Et
3170 3360 3433 3432 quotidie
3466 3378 3679 3433 perse-

2030 3470 2059 3497 «
2091 3446 2375 3502 verabant
2403 3445 2770 3500 unaminiter
2800 3446 2861 3501 in
2894 3448 3137 3519 templo.
3175 3470 3203 3499 ››

2103 3630 2301 3699 Neque
2335 3628 2493 3682 enim
2527 3645 2691 3683 more
2720 3629 2877 3700 vulgi
2920 3629 3313 3702 desipiebant,
3372 3633 3475 3688 sed
3530 3651 3679 3705 quo-

2032 3717 2187 3771 niam
2228 3720 2431 3771 Petrus
2465 3717 2687 3771 Inultus
2747 3723 2872 3771 erat
2928 3736 2995 3773 ac
3053 3720 3368 3775 vehemens
3421 3721 3678 3793 desuper

2033 3805 2271 3861 fluendo
2305 3806 2422 3859 sive
2456 3805 2844 3872 exhortando,
2879 3813 2935 3860 et
2955 3807 3152 3862 futura
3174 3810 3671 3879 promissionibus

2034 3892 2641 3949 ostendendomerito
2666 3893 3060 3948 terrebantur.
3088 3897 3227 3950 Nam
3248 3897 3682 3952 attestabantur

2035 3982 2289 4037 sermoni
2323 3997 2520 4051 opera.
2565 3982 3073 4045 Quemadmodum
3129 3985 3289 4039 enim
3339 3985 3400 4040 in
3444 3988 3679 4043 Christo

2036 4072 2293 4144 primum
2316 4070 2553 4122 fuerunt
2578 4069 2767 4139 signa,
2792 4070 3005 4124 deinde
3030 4073 3682 4147 doctrina.rursumque

2040 4160 2347 4224 miracula,
2381 4161 2463 4212 ita
2494 4165 2551 4212 et
2596 4176 2774 4213 nunc.
2832 4162 3246 4217 Possessiones
3295 4182 3429 4219 vero
3478 4167 3688 4221 distra-

2038 4251 2251 4306 hentes
2283 4266 2348 4304 ac
2384 4248 2809 4303 distribuentes
2843 4257 3018 4319 prout
3073 4254 3286 4322 cuique
3336 4270 3485 4325 Opus
3538 4261 3692 4321 erat,

2040 4357 2159 4395 non
2189 4339 2542 4401 temere,sed
2567 4338 2999 4408 dispensatorie
3025 4340 3349 4397 faciebant:
3372 4345 3691 4414 namjuxta

2040 4433 2328 4500 cujusque
2364 4428 2711 4500 dignitatem
2769 4429 3129 4485 dividebant.
3188 4435 3478 4489 Praeterea
3527 4434 3686 4504 quod

2040 4520 2327 4590 sequitur,
2362 4542 2388 4567 ‹‹
2426 4518 2887 4573 Perseverabant
2916 4522 3302 4589 unanimiter,
3342 4547 3361 4570 -
3398 4540 3518 4577 non
3560 4540 3681 4579 uno

265 4610 359 4667 ἃτε
392 4607 818 4683 σπουδαιότεροι
847 4607 1225 4683 γεγενημένοι,
1278 4607 1369 4663 καὶ
1418 4607 1541 4682 περὶ
1602 4604 1771 4680 μηδὲν
1817 4602 1927 4661 ’ἑτε-

2045 4615 2144 4664 aut
2169 4608 2354 4663 altero
2370 4608 2462 4662 die
2480 4607 2789 4672 fiebat,sed
2806 4609 3161 4678 quotidie,ut
3177 4610 3481 4681 praemisit,
3507 4612 3685 4683 idque

263 4720 361 4776 ρον
394 4695 622 4776 ἔχοντες
672 4695 994 4769 σπουδάζειν
1057 4697 1108 4768 ἐξ
1165 4692 1446 4759 εὐλαϐείας
1500 4703 1598 4767 τῆς
1656 4697 1780 4773 περὶ
1840 4697 1932 4753 τὸν

262 4790 461 4861 τόπον,
496 4790 533 4860 ἢ
569 4786 696 4862 περὶ
720 4788 782 4841 τὸ
804 4787 968 4862 ἱερόν.

268 5040 271 5041 ν
344 5077 374 5103 κ
439 5049 698 5111 κλῶντές
754 5070 814 5105 τε
867 5048 987 5103 κατ’
1043 5049 1193 5104 οἷκον
1249 5044 1431 5115 ἄρτον,
1523 5041 1935 5118 μετελάμϐανον

275 5148 572 5217 στροφῆς,
608 5139 659 5193 ἐν
716 5135 1039 5215 ἀγαλλιάσει
1078 5137 1166 5191 καὶ
1215 5133 1514 5212 ἀφελότητι
1574 5132 1796 5209 καρδίας
1846 5135 1935 5191 αἶ’-

270 5220 299 5281 '.
330 5203 556 5292 νοῦντες
593 5230 682 5284 τὸν
712 5227 865 5296 Θεὸν,
895 5226 986 5281 καὶ
1018 5224 1241 5301 ἔχοντες
1272 5225 1432 5300 χάριν
1476 5224 1611 5299 πρὸς
1664 5223 1794 5280 ὅλον
1843 5231 1936 5282 τὸν

273 5346 299 5371 ιι
334 5318 494 5377 λαόν.
548 5321 613 5378 Ὁ
672 5316 729 5374 δέ
784 5317 983 5392 Κύριος
1038 5315 1347 5389 προσετίθει
1405 5312 1533 5375 τοὺς
1590 5314 1935 5389 σωζομένους

278 5431 303 5463 ι
331 5412 449 5474 καθ’
480 5408 696 5483 ἡμέραν
729 5413 798 5480 τῇ
829 5403 1158 5475 Ἐκκλησία.
1198 5430 1219 5456 ι

341 5502 533 5574 Οἷκφν,
566 5498 822 5573 τόὟερὸν
885 5499 980 5549 νῦν
1032 5492 1210 5568 λέγει·
1266 5493 1316 5547 ἐν
1366 5492 1512 5564 αὐτῷ
1568 5492 1671 5568 γὰρ
1728 5495 1934 5564 ἢσθιον.

277 5592 343 5648 τὸ
380 5588 456 5661 δὲ,
512 5617 537 5644 ε
603 5588 855 5649 κλῶντες
918 5583 1108 5660 ἄρτον,
1144 5608 1171 5634 n
1230 5583 1402 5649 εἶπεν,
1453 5582 1544 5638 ἳνα
1600 5583 1665 5637 τὸ
1724 5583 1937 5648 εὐτελὲς

276 5674 719 5737 καὶαὗτόσκευον
750 5673 1059 5752 ὖπεμφήνῂ
1119 5670 1295 5726 αὐτῶν
1350 5673 1452 5737 τῆς
1511 5667 1746 5741 διαίτης.
1801 5677 1938 5752 Ἀρ-

2042 4715 2161 4753 uno
2195 4698 2416 4752 animo.
2450 4698 2515 4750 In
2549 4695 2769 4766 templo
2803 4697 2904 4751 24
2935 4702 3133 4753 autem
3190 4700 3532 4757 residebant
3561 4719 3690 4758 cre-

2044 4787 2252 4844 dentes
2282 4804 2294 4841 :
2330 4792 2613 4857 tanquam
2648 4785 3037 4841 studiosiores
3091 4805 3159 4843 ac
3187 4790 3573 4847 ferventiores
3605 4791 3694 4847 ef-

2042 4875 2203 4941 fecti,
2228 4880 2285 4930 et
2304 4874 2462 4930 circa
2482 4872 2637 4927 nihil
2658 4871 2818 4927 aliud
2848 4879 3123 4945 potentes
3154 4879 3417 4935 studium
3451 4880 3690 4951 pietatis

2045 4980 2319 5020 exercere
2344 4978 2521 5034 quam
2544 4968 2645 5017 aut
2670 4962 2827 5016 circa
2847 4962 3043 5018 locum
3069 4971 3169 5021 aut
3200 4968 3357 5024 circa
3378 4970 3692 5041 templum.

2080 5100 2083 5101 ν
2114 5053 2185 5108 II.
2222 5054 2312 5117 46,
2344 5053 2432 5105 47.
2474 5072 2499 5101 ιι
2534 5051 2598 5104 Et
2627 5050 2965 5122 frangentes
2989 5054 3159 5125 juxta
3183 5056 3428 5113 domum
3453 5074 3689 5129 panem,

2046 5165 2074 5193 «
2110 5141 2290 5196 simul
2323 5139 2638 5194 sumebant
2667 5140 2864 5196 cibum
2898 5160 3031 5197 cum
3056 5147 3450 5201 exsultatione
3473 5153 3531 5201 et
3555 5146 3698 5201 sim-

2045 5257 2071 5283 ι(
2097 5232 2361 5305 plicitate
2384 5230 2579 5286 cordis
2602 5230 2913 5288 laudantes
2942 5235 3143 5300 Deum,
3169 5242 3227 5289 et
3251 5235 3536 5290 habentes
3566 5252 3696 5307 gra-

2048 5346 2076 5374 ‹‹
2112 5323 2250 5377 tiam
2276 5320 2431 5392 apud
2456 5338 2692 5376 omnem
2717 5322 2948 5392 plebem
2983 5325 3265 5379 Dominus
3296 5332 3492 5381 autem
3515 5327 3698 5382 adde-

2046 5435 2074 5463 ‹‹
2104 5410 2206 5466 bat
2235 5411 2336 5481 qui
2369 5410 2511 5465 salvi
2544 5410 2757 5465 fierent
2787 5413 3049 5482 quotidie
3092 5416 3557 5487 congregationi.
3597 5438 3624 5466 »

2118 5502 2369 5555 Domum
2401 5500 2546 5555 dicit
2577 5516 2734 5553 nunc
2768 5502 3074 5572 templum,
3108 5520 3247 5557 nam
3301 5504 3363 5558 in
3396 5505 3525 5577 ipso
3560 5506 3698 5561 ede-

2048 5591 2209 5649 bant.
2250 5592 2400 5646 Dixit
2416 5596 2615 5646 autem
2645 5607 2657 5644 :
2690 5614 2711 5641 α
2732 5593 3089 5664 Frangentes
3108 5612 3344 5666 panem,
3368 5620 3394 5645 ››
3418 5604 3484 5651 ut
3505 5597 3701 5652 tenui-

2044 5682 2138 5737 tas
2170 5698 2234 5737 ac
2269 5681 2618 5754 simplicitas
2651 5681 2841 5737 victus
2874 5700 3073 5738 eorum
3119 5691 3417 5756 appareat.
3481 5688 3701 5741 Panem
