4098 6260
451 368 488 432 7
496 375 534 432 9
1575 362 1955 430 (EGUMENI
1997 365 2306 430 TRICCuE
2351 363 2720 430 EPISCOPI.
3751 369 3823 430 80

459 506 623 560 enim
652 504 1012 576 frangentes,
1045 518 1168 558 una
1192 503 1390 557 cibum
1450 501 1785 569 sumebant,
1836 508 1897 557 at
1933 501 2084 574 genii

2221 520 2312 555 τον
2351 500 2455 575 γὰρ
2510 498 2756 561 κλῶντες
2819 494 3231 575 μετελάμϐανον
3279 503 3504 580 τροφῆς,
3566 497 3686 556 ἀλλ’
3739 501 3826 556 οὒκ

454 612 577 651 non
610 594 1000 666 indulgebant
1033 610 1045 648 :
1080 594 1163 648 ita
1191 593 1368 647 vitam
1401 591 1534 646 fidei
1566 591 1933 647 conformem
1963 591 2084 646 red.

2212 588 2483 668 ἐτρύφων.
2518 587 2679 644 Οὕτω
2709 591 2800 644 καὶ
2831 591 2924 645 τὸν
2956 591 3075 664 βίον
3105 590 3209 645 ἀπὸ
3243 597 3342 659 τῆς
3379 590 3606 649 πίστεως
3659 589 3828 664 μετερ-

453 688 708 743 debant:
744 686 826 741 ita
859 702 920 740 se
952 690 1158 740 mutuo
1191 683 1502 756 diligentes
1523 683 1772 755 gratiam
1804 681 2084 737 habeban‘

2212 678 2495 752 ῥύθμιζον,
2527 679 2617 734 καὶ
2651 677 3023 755 φιλαλλῆλως
3056 681 3212 758 εἶχον
3244 678 3393 753 πρὸς
3419 678 3508 734 τὸν
3542 675 3668 732 λαὸν
3694 675 3828 734 ὅλον.

450 777 608 848 apud
631 793 868 831 omnem
894 775 1160 846 plebem:
1186 791 1321 828 nam
1344 773 1483 828 licet
1513 774 1826 844 pontifices
1859 790 1977 843 prae
2009 773 2084 826 in

2212 767 2276 824 Εἰ
2315 769 2419 844 γὰρ
2477 768 2568 822 καὶ
2629 769 2679 823 o't
2736 768 3011 847 ἀρχιεριῖς
3072 768 3174 824 ὑπὸ
3233 768 3426 846 φθόνου
3481 765 3829 834 ἐπανέστησαν

447 867 605 921 vidia
621 867 678 920 in
700 882 800 921 eos
820 867 1196 936 insurgerent
1221 863 1464 934 gratiam
1486 869 1680 917 tamen
1697 862 1850 932 apud
1865 861 2084 933 pleberr

2211 857 2424 923 αὐτοῖς,
2455 855 2604 911 ἀλλὰ
2633 857 2772 931 πρὸς
2799 858 2890 913 τὸν
2922 855 3055 912 λαὸν
3104 858 3267 936 χάριν
3326 858 3501 936 εἶχον.
3550 853 3830 911 Ἐδείκνυτο

451 957 768 1011 habebant.
782 957 899 1009 Hoc
917 962 1112 1009 autem
1131 953 1499 1008 efﬁciebatur
1516 969 1620 1023 per
1634 953 2073 1022 eleemosynam

2212 943 2269 1000 δὲ
2298 951 2461 1001 τοῦτο
2489 943 2577 1001 διὰ
2604 954 2704 1016 τῆς
2761 945 3136 1021 ἐλεημοσύνης
3187 947 3279 1001 καὶ
3317 950 3550 1020 καθαρᾶς
3593 945 3833 1019 ἀναστρο-

450 1061 781 1118 puramque
796 1042 1434 1099 c'onversationem.«ln
1450 1041 1832 1112 simplicitate
1846 1041 2060 1109 cordis,
2074 1062 2101 1090 η

457 1135 570 1189 hoc
601 1139 691 1190 est
711 1135 773 1188 in
804 1133 1096 1188 modestia
1126 1137 1183 1186 et
1213 1131 1549 1203 fragilitate,
1583 1129 1735 1184 nihil
1757 1130 2013 1184 sublime
2029 1130 2101 1184 de

2212 1042 2340 1114 φῆςο
2375 1036 2451 1092 Τὸ
2485 1031 2564 1106 δὲ,
2599 1060 2626 1087 ι(
2661 1037 2752 1092 Ἐν
2783 1033 3084 1114 ἀφελότητι
3125 1032 3372 1110 καρδίας,
3411 1061 3432 1086 ι
3467 1034 3583 1090 ἀντὶ
3631 1038 3745 1103 τοῦ,
3789 1031 3833 1087 ἐν

2210 1125 2530 1180 ταπεινώσει
2574 1125 2665 1178 καὶ
2723 1122 2991 1195 εὐτελείᾳ,
3049 1121 3218 1198 μηδὲν
3275 1121 3487 1198 ὑψηλὸν
3541 1127 3834 1204 φρονοῦντες

456 1241 518 1278 se
553 1223 880 1278 sentientes
913 1222 973 1275 in
1008 1220 1181 1274 bonis
1213 1218 1546 1275 actionibus
1595 1235 1662 1274 ac
1712 1218 2100 1290 eleemssynis

454 1329 604 1383 quas
630 1311 1020 1384 praestabant:
1047 1308 1205 1380 quod
1231 1310 1485 1364 maxime
1501 1307 1809 1363 Judaicum
1837 1307 2100 1374 erat,vel-

450 1401 538 1457 uti
573 1418 641 1456 ex
668 1398 1035 1472 jactabundo
1067 1399 1367 1453 Pharisaeo
1395 1396 1778 1453 manifestum
1809 1402 1899 1452 est
1923 1398 1990 1451 ³⁸.

1085 1489 1317 1543 CAPUT
1358 1489 1447 1542 ιν.

452 1583 529 1635 De
559 1579 746 1635 claudi
791 1596 825 1632 a
873 1580 1165 1632 nativitate
1222 1593 1357 1631 cura
1416 1576 1618 1631 Christi
1671 1579 1875 1631 virtute
1925 1580 2097 1646 facta,

521 1653 797 1719 electaque
828 1652 980 1703 Petri
1010 1651 1387 1712 iuslructione,
1421 1649 1479 1701 in
1523 1665 1635 1718 qua
1677 1665 1786 1702 sese
1838 1649 2096 1716 demittit,

520 1729 570 1776 et
603 1722 894 1776 consilium
925 1721 999 1774 ad
1029 1722 1250 1774 illorum
1282 1721 1511 1774 salutem
1561 1719 1790 1773 adducit
1815 1737 1834 1772 :
1885 1724 1943 1773 in
1991 1735 2100 1789 quo

521 1796 687 1848 etiam
716 1793 976 1847 subditur
996 1793 1324 1862 pontiﬁcum
1364 1791 1770 1845 animadversio
1816 1791 1929 1845 zelo
1982 1793 2098 1860 ejus

521 1865 671 1936 quod
697 1867 905 1933 factum
940 1870 1080 1929 erat,
1114 1870 1164 1917 et
1194 1865 1258 1916 (te
1285 1863 1556 1916 miraculo
1596 1863 1915 1917 decertatio.

528 1954 625 2019 llI,
660 1955 711 2006 1.
741 1973 767 2004 ιι
798 1951 984 2005 Simul
1015 1957 1213 2005 autem
1247 1952 1454 2004 Petrus
1488 1955 1546 2003 et
1589 1951 1845 2005 Joannes
1892 1966 2098 2006 ascen-

461 2063 491 2092 ‹‹
523 2040 747 2096 debant
767 2040 828 2094 in
853 2040 1141 2111 templum
1163 2039 1237 2094 ad
1263 2039 1470 2094 horam
1493 2039 1779 2094 orationis
1805 2056 2044 2094 nonam.
2070 2061 2098 2088 ι)

521 2221 730 2291 Magna
761 2224 851 2274 est
879 2219 1092 2274 horum
1125 2217 1376 2273 duorum
1408 2218 1771 2273 unanimitas
1804 2223 1862 2272 et
1889 2217 2096 2272 amici-

444 2310 548 2366 tia.
581 2311 726 2364 Nam
755 2309 894 2364 huic
924 2309 1124 2363 innuit
1151 2310 1360 2363 Petrus
1390 2309 1451 2362 in
1483 2309 1717 2362 Domini
1742 2307 2017 2378 passione
2034 2311 2100 2361 ut

437 2406 866 2471 prameptorem
898 2400 1290 2472 interrogaret
1316 2397 1383 2456 ⁸⁷.
1404 2401 1778 2469 Rursumque
1801 2397 1875 2453 ad
1897 2397 2099 2469 sepul-

438 2505 609 2544 crum
644 2489 822 2546 simul
857 2495 1106 2544 currunt
1133 2488 1200 2544 ³⁸.
1235 2491 1304 2544 Et
1334 2490 1476 2544 item
1510 2488 1580 2543 de
1614 2489 1724 2544 hoc
1754 2489 1838 2543 ait
1886 2489 2095 2542 Petrus

436 2577 668 2633 Christo
695 2596 708 2633 :
746 2580 849 2634 Hic
881 2584 1082 2634 autem
1115 2579 1258 2649 quid
1288 2578 1314 2632 ?
1346 2578 1761 2633 Ascendebant
1800 2583 1999 2632 autem
2031 2578 2092 2630 in

444 2667 757 2739 templum,
794 2683 914 2722 non
945 2674 1230 2738 tanquam
1254 2667 1448 2722 adhuc
1477 2666 2093 2737 25judaizantes,sed

445 2755 699 2810 viriliter
731 2772 859 2810 sese
917 2757 1299 2811 demittentes
1357 2756 1468 2810 hoc
1519 2754 1858 2810 faciebant:
1907 2762 2090 2826 utque

435 2851 641 2899 curato
672 2844 884 2898 claudo
915 2844 974 2898 in
1020 2844 1240 2915 templo
1303 2860 1514 2899 omnes
1571 2843 1861 2898 haberent
1910 2848 2090 2898 testes

437 2940 819 3005 quotcunque
853 2933 1172 2988 venissent.
1209 2933 1373 2987 Multi
1404 2933 1568 2989 enim
1599 2933 1678 2987 ibi
1704 2932 2090 2988 versabantur

431 3023 507 3079 ob
539 3024 652 3078 loci
684 3023 1096 3078 reverentiam.
1133 3025 1244 3078 Per
1274 3025 1385 3078 hoc
1416 3030 1614 3078 autem
1673 3022 1831 3093 quod
1880 3023 2086 3077 horam

433 3113 748 3185 significat,
783 3112 957 3167 docet
996 3113 1156 3183 quod
1203 3112 1480 3183 precibus
1534 3128 1771 3182 semper
1818 3110 2086 3166 icumbe-

430 3199 596 3255 bant.
632 3201 898 3255 Meminit
916 3217 1052 3255 vero
1073 3207 1132 3254 et
1152 3201 1378 3272 templi,
1409 3207 1474 3254 ut
1493 3208 1766 3272 utroque,
1793 3206 2080 3271 tempore,

2211 1211 2294 1288 ἐφ’
2363 1218 2448 1274 αῖς
2509 1207 2774 1287 ἔπραττον
2831 1213 3216 1290 ἀγαθοεργίαις
3274 1213 3366 1269 καὶ
3440 1210 3834 1285 ἐλεημοσύναις,

2211 1303 2343 1376 ὅπερ
2379 1302 2618 1376 μάλιστα
2647 1301 2714 1371 ἦν
2769 1299 3084 1372 Ἰουδαϊκὸν,
3137 1302 3211 1363 ὡς
3255 1300 3362 1358 ἀπὸ
3415 1305 3512 1358 τοῦ
3559 1297 3836 1375 καυχωμέ-

2209 1413 2302 1446 νου
2335 1393 2636 1466 Φαρισαίου
2668 1388 2857 1461 δῆλον.

2840 1485 3098 1540 ΚΕΦΑΛ.
3143 1485 3212 1538 Δ“.

2217 1569 2514 1646 Περὶ-τῆς
2569 1570 2620 1626 ἐν
2663 1571 2899 1646 ’Χριστῷ
2985 1572 3270 1646 θεραπείας
3356 1577 3453 1627 τοῦ
3520 1569 3585 1646 ἐκ
3631 1575 3834 1646 γενετῆς

2281 1640 2499 1716 χωλοῦ,
2605 1640 2812 1721 Πέτρου
2872 1640 2988 1721 ’τεη
3047 1640 3440 1721 ’.κατηχήσεως
3505 1715 3517 1721 _
3569 1640 3834 1712 ἐκλεκτῆς,

2280 1707 2736 1789 ἕθμπαθητικῆςῖ,
2841 1707 3321 1789 συμϐουλευτιίξῆς
3420 1715 3575 1789 πρὸς-
3681 1707 3839 1789 σωτηλ

2285 1783 2404 1864 ρίαν
2465 1783 2671 1840 αὐτῶν.
2720 1783 2923 1864 Ἑνιῷ⁷
2986 1783 3286 1864 ἐπιστασία
3361 1783 3475 1842 τῶν
3550 1783 3834 1864 ἀρχιερέων

2131 1897 2177 1962 Β
2283 1853 2438 1928 ζήλῳ
2502 1862 2598 1911 τοῦ
2652 1853 2963 1934 γεγονότος,
3025 1858 3116 1913 καὶ
3170 1859 3348 1934 κρίσις
3405 1861 3504 1914 τοῦ
3556 1853 3837 1929 θαῦ’ματος.

2281 1973 2306 1998 «ι
2340 1949 2463 2004 Ἐπὶ
2492 1949 2554 2003 τὸ
2586 1949 2717 2004 αὐτὸ
2776 1947 2832 2003 δὲ
2877 1949 3079 2024 Πέτρος
3125 1951 3213 2006 καὶ
3275 1951 3528 2022 Ἰωάννης
3585 1944 3839 2005 ἀνέϐαινον

2206 2061 2235 2089 ‹‹
2271 2037 2346 2098 εἷς
2379 2038 2441 2092 τὸ
2473 2038 2615 2113 ἱερὸν
2649 2036 2736 2092 ἐπὶ
2761 2041 2860 2107 τὴν
2913 2037 3058 2113 ὢραν
3105 2047 3206 2110 τῆς
3254 2047 3574 2120 προσευχῆς
3618 2040 3713 2108 τήν
3761 2037 3840 2092 ἐν-

2205 2150 2234 2178 ι(
2267 2127 2458 2198 νάτην.
2491 2150 2519 2179 ››

2277 2213 2470 2286 Πολλὴ
2505 2220 2540 2288 ἠ
2574 2222 2682 2272 τῶν
2711 2214 2807 2272 δύο
2836 2219 3043 2274 τούτων
3075 2219 3306 2293 ὁμόνοια
3336 2220 3427 2275 καὶ
3459 2218 3842 2299 φιλία.Τούτῳ

2201 2305 2303 2381 γὰρ
2334 2307 2474 2361 νεύει
2519 2309 2546 2362 ὁ
2606 2306 2807 2383 Πέτρος
2868 2307 2919 2362 ἐν
2979 2313 3059 2382 τῷ
3114 2309 3320 2384 Κυρίου
3375 2310 3538 2366 πάθει
3599 2308 3843 2375 πυθέσθαι

2200 2399 2298 2450 τοῦ
2356 2392 2712 2467 διδασκάλου,
2780 2397 2870 2453 καὶ
2952 2396 3042 2453 ἐπὶ
3137 2399 3229 2454 τὸν
3306 2399 3474 2479 τάφον
3555 2396 3612 2455 δὲ
3691 2394 3844 2454 πάλιν

2203 2485 2344 2557 ὁμοῦ
2410 2486 2692 2562 τρέχουσι,
2759 2487 2850 2542 καὶ
2947 2487 3072 2562 περὶ
3169 2487 3346 2543 αὐτῶν
3433 2487 3607 2544 πάλιν
3698 2486 3847 2568 φησὶν

2202 2574 2229 2627 ὁ
2265 2574 2465 2650 Πέτρος
2500 2581 2580 2648 τῷ
2641 2577 2884 2651 Χριστῷ,
2941 2577 3116 2638 Οὗτος
3175 2572 3231 2633 δὲ
3289 2578 3382 2647 τίς
3443 2574 3747 2636 ’Λνέϐαινον
3799 2573 3850 2632 δὲ

2201 2661 2356 2736 ἐντῷ
2383 2665 2535 2739 ἱερῷ,
2564 2665 2701 2743 ξούχ
2759 2666 2833 2727 ὡς
2900 2663 2979 2720 ἔτι
3037 2662 3443 2738 Ἰουδαΐζοντες,
3504 2665 3658 2724 ἀλλὰ
3715 2688 3852 2747 χρη-

2199 2754 2378 2827 σίμως
2429 2755 2519 2809 καὶ
2582 2751 3080 2831 συγκαταϐατικῶς
3163 2761 3326 2812 τοῦτο
3406 2763 3714 2822 ποιοῦντες,
3767 2756 3853 2812 καὶ

2195 2840 2284 2896 ι’ίνα
2341 2842 2760 2920 θεραπευθέντος
2819 2849 2917 2900 τοῦ
2977 2843 3174 2924 χωλοῦ
3228 2845 3280 2900 έν
3335 2851 3414 2919 τῷ
3468 2848 3605 2922 ἱερῷ
3658 2849 3852 2906 πάντας

2195 2926 2374 3006 ἔχοιεν
2411 2933 2538 2994 τοὺς
2594 2934 2903 3009 ἑωρακότας
2955 2935 3253 3010 μάρτυρας.
3303 2933 3519 2991 Πολλοι
3572 2937 3679 3015 γὰρ
3732 2957 3851 2992 συν-

2194 3020 2355 3095 ῄεσαν
2387 3020 2516 3091 ἐκεῖ,
2551 3019 2639 3078 διὰ
2697 3025 2759 3079 τό
2791 3018 3090 3098 σεϐάσμιον
3118 3027 3214 3077 τοῦ
3252 3024 3446 3083 τόπου.
3481 3026 3584 3081 Διὰ
3652 3022 3708 3082 δὲ
3757 3029 3849 3081 τοῦ

2192 3109 2635 3185 ἐπισημήνασθαι
2666 3115 2766 3182 τήν
2823 3114 2986 3187 ὥραν,
3034 3108 3274 3166 διδάσκει
3328 3112 3404 3177 ὡς
3444 3112 3530 3168 ἀεὶ
3590 3121 3714 3177 ταῖς
3762 3114 3848 3169 εύ-

2193 3206 2323 3280 χαῖς
2357 3200 2631 3258 ἐνέκειννο.
2675 3201 2962 3277 Μέμνηται
3017 3199 3073 3256 δὲ
3127 3199 3217 3256 καῖ
3268 3207 3366 3256 τοῦ
3422 3204 3602 3278 ἱεροῦ,
3639 3201 3711 3260 δι’
3740 3204 3849 3280 ἆμ-

426 3290 698 3360 inquam,
725 3296 781 3344 et
798 3289 950 3357 loco,
971 3307 1102 3360 quae
1126 3290 1331 3344 scribit
1351 3289 1685 3346 conﬁrmet.
1715 3291 1859 3344 Cum
1881 3296 2078 3344 autem

2210 3290 2453 3370 ροτέρων,
2485 3291 2652 3371 φημὶ,
2679 3295 2775 3346 τοῦ
2805 3291 3012 3370 χρόνου
3042 3290 3135 3345 καὶ
3164 3294 3260 3345 τοῦ
3317 3292 3488 3346 τόπου
3541 3295 3847 3369 πιστούμε-

428 3378 618 3433 multa
647 3378 806 3433 edita
829 3379 949 3433 sint
979 3379 1050 3433 ab
1082 3379 1368 3450 apostolis
1408 3378 1718 3447 miracula,
1777 3384 1952 3449 prout
1981 3395 2076 3432 su-

425 3467 627 3538 perius
677 3467 952 3522 meminit
1004 3468 1189 3523 Lucas
1237 3467 1339 3538 qui
1394 3467 1520 3522 haec
1571 3467 1797 3533 scribit,
1854 3467 2079 3521 nullius

424 3556 669 3612 illorum
707 3557 1062 3612 nominatim
1120 3557 1261 3612 fecit
1309 3557 1716 3612 mentionem:
1777 3555 1879 3611 sed
1930 3555 2076 3610 illud

425 3651 662 3702 tantum
695 3646 902 3701 scribit
945 3664 1061 3718 quo
1117 3663 1326 3702 omnes
1371 3645 1518 3700 moti
1572 3650 1730 3700 sunt.
1779 3647 1923 3700 Nam
1973 3645 2078 3700 illa

420 3735 695 3792 fortassis
727 3737 910 3791 etiam
969 3735 1526 3802 contemnebantur,
1577 3750 1644 3789 eo
1691 3733 1847 3805 quod
1898 3750 2077 3805 parva

418 3825 780 3881 viderentur.
814 3830 932 3881 Aut
964 3826 1166 3893 etiam,
1199 3825 1340 3896 quia
1359 3824 1608 3878 historia
1629 3825 1756 3879 haec
1777 3839 1898 3878 non
1916 3839 2072 3878 arro-

418 3912 634 3981 gantiae
665 3911 857 3984 gratia
888 3911 959 3967 ab
988 3912 1116 3982 ipso
1149 3911 1450 3966 elaborata
1483 3915 1591 3964 est.

494 4092 593 4159 IlI,
626 4094 736 4148 2-6.
771 4113 799 4142 ι(
836 4093 905 4146 Et
935 4091 1174 4163 quidam
1203 4093 1308 4159 vir,
1367 4092 1468 4163 qui
1530 4090 1777 4146 claudus
1822 4095 1950 4146 erat
1996 4088 2070 4145 ab

420 4205 447 4233 α
482 4187 653 4238 utero
687 4184 892 4238 matris
923 4200 1065 4251 suas,
1097 4182 1475 4254 bajulabatur
1509 4196 1522 4235 :
1553 4198 1730 4252 quem
1771 4181 2071 4252 ponebant

416 4297 443 4330 »
483 4280 748 4350 quotidie
781 4281 854 4334 ad
886 4285 1116 4350 portam
1152 4279 1357 4350 templi
1390 4295 1519 4348 quas
1565 4278 1875 4332 dicebatur
1925 4277 2069 4348 Spe-

419 4389 439 4416 α
478 4369 660 4436 ciosa,
693 4376 759 4424 ut
787 4375 1014 4440 peteret
1045 4369 1487 4439 eleemosynam
1519 4365 1591 4420 ab
1623 4366 2066 4420 introeuntibus

417 4478 442 4510 α
476 4458 538 4513 in
573 4459 882 4529 templum.
912 4459 967 4511 Is
1022 4473 1156 4511 cum
1208 4456 1454 4510 vidisset
1501 4455 1737 4508 Petrum
1789 4462 1848 4509 et
1891 4455 2062 4509 Joan-

2187 3401 2278 3442 νος
2309 3380 2587 3461 ἄγράφει.
2644 3379 2878 3437 Πολλῶν
2936 3377 2992 3436 δὲ
3045 3381 3336 3454 θαυμάτων
3403 3380 3848 3460 ἐπιτελουμένων

2194 3472 2296 3526 ὑπὸ
2356 3472 2462 3527 τῶν
2521 3471 2868 3542 ἂποστόλων,
2926 3472 3002 3535 ὡς
3059 3472 3149 3528 καὶ
3207 3471 3466 3549 ἀνωτέρω
3529 3473 3789 3548 ἐμνήσθη
3822 3474 3849 3528 ὁ

2186 3565 2357 3615 ταῦτα
2415 3567 2638 3641 γράφων
2701 3561 2936 3634 Λουκᾶς,
2994 3558 3214 3624 οὐδενὸς
3287 3559 3508 3617 ἐκείνων
3570 3563 3854 3638 ὀνομαστὶ

2189 3649 2541 3724 μνημονεύει,
2575 3647 2909 3705 ἀλλ’ἐκεῖνο
2966 3649 3161 3730 γράφει
3222 3651 3383 3724 μόνον
3442 3649 3534 3731 ἀφ’
3604 3657 3667 3709 οὗ
3716 3653 3853 3708 πάνυ⁸

2184 3757 2274 3800 τες
2337 3740 2682 3810 ἐκινήθησαν·
2746 3739 2922 3794 ἐκεῖνα
2979 3740 3080 3815 γὰρ
3138 3736 3275 3802 ἴσως
3323 3740 3414 3795 καὶ
3469 3747 3852 3819 παρεωρῶντο

2189 3825 2278 3882 διὰ
2307 3829 2370 3883 τὸ
2401 3827 2607 3904 σμικρὰ
2637 3824 2833 3883 δοκεῖν·
2867 3827 2901 3897 ἢ
2937 3827 3027 3882 καὶ
3067 3826 3151 3883 ὅτι
3206 3829 3270 3884 οὐ
3329 3828 3549 3903 κόμπου
3611 3831 3781 3911 χάριν
3814 3833 3849 3902 ἡ

2192 3920 2479 3998 συγγραφή
2514 3917 2662 3990 αὖτῷ
2693 3918 2828 3987 αὓτη
2863 3914 3226 3988 ἐσπουδάσθη.

2259 4123 2287 4151 ι(
2325 4097 2424 4153 Καί
2452 4119 2534 4159 τις
2566 4096 2705 4173 ἀνὴρ
2764 4092 2955 4175 χωλὸς
3014 4094 3074 4150 ἐκ
3127 4093 3344 4159 κοιλίας
3398 4096 3615 4172 μητρὸς
3675 4099 3846 4154 αὐτοῦ

2185 4187 2537 4266 «ὑπάρχων,
2599 4181 2944 4254 ἐϐαστάζετο,
3005 4185 3062 4239 δν
3121 4183 3331 4249 ἐτίθουν
3414 4187 3534 4242 καθ’
3623 4186 3846 4263 ἡμέραν

2181 4301 2209 4329 ‹‹
2244 4278 2382 4351 πρὸς
2413 4278 2511 4346 τὴν
2547 4274 2710 4350 θύραν
2741 4277 2840 4330 τοῦ
2870 4275 3019 4348 ἱεροῦ
3073 4275 3172 4344 τήν
3233 4271 3538 4352 λεγομένην
3594 4277 3845 4353 Ὠραίαν,

2181 4389 2208 4416 ‹‹
2241 4369 2340 4420 τοῦ
2371 4363 2540 4418 αἰτεῖν
2573 4360 2950 4436 ἐλεημοσύνην
3003 4362 3153 4437 παρὰ
3207 4367 3314 4418 τῶν
3370 4363 3852 4440 εἰσπορευομένων

2175 4478 2202 4506 ‹‹
2235 4453 2311 4515 εἷς
2340 4453 2401 4508 τὸ
2434 4453 2595 4528 ἱερόν.
2634 4453 2732 4512 Ὃς
2767 4449 2894 4506 ἰδὼν
2962 4449 3165 4523 Πέτρον
3224 4453 3312 4508 καὶ
3380 4453 3636 4523 Ἰωάννην
3701 4454 3849 4530 μέλ-

415 4570 436 4596 ·
471 4565 609 4602 nem
639 4549 1014 4619 ingressuros
1035 4547 1097 4600 in
1128 4545 1437 4616 templum,
1465 4542 1792 4615 rogabatut
1816 4543 2067 4597 eleemo-

2239 4538 2433 4602 λοντας
2466 4539 2684 4595 εἰσιέναι
2744 4537 2822 4602 εἲς
2882 4540 2943 4595 τὸ
2997 4541 3160 4615 ἱερὸν,
3216 4540 3405 4614 ἠρώτα
3450 4539 3849 4615 ἐλεημοσύνην

406 4657 434 4686 κ
470 4652 679 4705 synam
711 4643 1029 4707 accnperet.
1068 4635 1282 4690 “elixis
1316 4642 1516 4689 autem
1568 4633 1630 4686 in
1688 4647 1825 4686 eum
1877 4633 2064 4687 oculis

2238 4626 2447 4686 λαϐεῖν.
2512 4632 2791 4690 Ἀτενίσας
2854 4625 2910 4684 δὲ
2968 4627 3172 4704 Πέτρος
3243 4630 3320 4694 είς
3375 4631 3537 4686 αὐτὸν
3597 4631 3696 4687 σὺν
3757 4637 3844 4705 τῷ

403 4743 434 4776 (ι
467 4726 675 4778 Petrus
707 4741 842 4778 cum
866 4726 1115 4787 Joanne.
1150 4725 1335 4780 dixit:
1371 4723 1580 4795 Aspice
1606 4722 1666 4776 in
1692 4738 1820 4776 nos.
1857 4728 1930 4776 At
1959 4721 2060 4777 ille

2235 4719 2452 4796 Ἰωάννῃ
2516 4719 2656 4775 εἷπε·
2721 4716 2932 4792 Βλέψον
2990 4717 3068 4781 εἷς
3145 4721 3312 4793 ἡμᾶς.
3372 4720 3429 4774 Ὀ
3487 4718 3545 4775 δὲ
3601 4721 3842 4802 ἐπεῖχεν

404 4833 431 4861 ε(
468 4811 816 4866 intendebat
847 4813 908 4866 in
945 4829 1045 4868 eos
1075 4829 1319 4884 sperans
1341 4828 1402 4867 se
1425 4809 1651 4884 aliquid
1673 4817 2058 4882 accepturum

2227 4809 2431 4876 αὐτοῖς,
2491 4806 2811 4884 προσδοκῶν
2865 4828 2921 4861 τι
2975 4807 3103 4883 παρ’
3160 4807 3335 4863 αὐτῶν
3413 4803 3626 4868 λαϐεῖν.
3690 4814 3843 4869 Εῑπε

403 4922 431 4950 ι(
458 4899 532 4954 ab
566 4901 671 4954 eis.
708 4899 863 4954 Dixit
894 4908 1093 4954 autem
1127 4903 1355 4958 Petrus.
1392 4923 1420 4950 »

2231 4895 2289 4954 δὲ
2317 4897 2538 4974 Πέτρος.
2574 4921 2603 4950 ››

471 4988 777 5056 Quomodo
805 4988 1002 5044 claudi
1034 5006 1255 5045 nomen
1286 5007 1406 5045 non
1445 4990 1659 5062 ponit?
1689 4989 1836 5054 Quia
1859 5004 2054 5059 neque

2236 4992 2360 5050 Πῶς
2376 4985 2437 5042 οὔ
2467 4984 2614 5065 λέγει
2638 4986 2700 5040 τὸ
2715 4981 2886 5058 ὄνομα
2903 4987 3000 5039 τοῦ
3023 4981 3239 5058 χωλοῦ;
3258 4983 3342 5039 ὅτι
3364 4981 3487 5040 οὐδὲ
3509 4986 3561 5040 οἱ
3585 4985 3840 5044 ἀπόστο-

393 5079 542 5134 illud
569 5084 856 5135 noverant
876 5079 1343 5150 apostoli.Homo
1363 5095 1619 5150 namque
1642 5079 1882 5149 penitus
1908 5077 2053 5149 ipsis

2210 5097 2257 5131 οι
2288 5072 2507 5150 ᾔδεισαν
2538 5075 2718 5131 αὐτόν.
2753 5069 3042 5136 Ηαντελῶς
3091 5073 3196 5150 γὰρ
3229 5074 3257 5128 ὁ
3288 5071 3574 5149 ἄνθρωπος
3621 5073 3834 5153 ἄγνω-

397 5169 639 5241 ignotus
667 5177 822 5225 erat:
847 5168 1047 5238 idque,
1073 5176 1138 5222 ut
1159 5185 1352 5240 neque
1374 5168 1643 5239 obsequii
1665 5175 1768 5222 aut
1787 5168 2052 5222 affectio-

2210 5186 2289 5226 τος
2319 5165 2385 5233 ἦν
2417 5164 2586 5236 αὐτῷ.
2619 5163 2723 5220 Καὶ
2754 5165 2938 5230 τοῦτο,
2969 5161 3056 5216 ἳνα
3089 5163 3228 5236 μήτε
3272 5165 3635 5238 χαριζόμενοι
3683 5167 3836 5244 φαί-

396 5273 492 5312 nis
525 5260 713 5331 gratia
740 5259 1024 5313 sanitates
1053 5258 1338 5328 perﬁcere
1363 5257 1694 5319 videantur,
1717 5274 1909 5328 neque
1930 5256 2052 5311 ulla

2210 5276 2385 5324 υνται,
2417 5255 2505 5308 καὶ
2536 5254 2672 5308 κατὰ
2702 5251 3070 5323 προσπάθειαν
3099 5252 3421 5327 ποιούμενοι
3469 5253 3564 5314 τὰς
3615 5253 3832 5326 ἱάσεις,

395 5348 654 5402 ﬁctionis
687 5349 945 5418 suspicio
980 5348 1158 5402 etiam
1193 5347 1347 5418 apud
1381 5364 1479 5400 eos
1510 5347 1610 5418 qui
1651 5347 2049 5419 impudentis-

2210 5345 2306 5415 ήτε
2333 5363 2416 5404 τις
2453 5343 2679 5398 ὑπόνοια
2725 5340 3059 5414 ὑποκρίσεως
3118 5337 3258 5414 μηδὲ
3308 5342 3454 5414 παρὰ
3501 5347 3608 5398 τῶν
3657 5341 3832 5399 ἀναι-

395 5437 530 5492 simi
561 5443 700 5491 sunt
729 5438 944 5491 exoriri
976 5437 1183 5507 possit,
1205 5437 1364 5508 quod
1396 5436 1457 5490 in
1483 5436 1733 5508 gratiam
1756 5436 2050 5508 apostolo-

2210 5435 2543 5510 (υντοτάτων
2606 5425 3087 5504 ὑπολαμϐάνηται,
3150 5428 3235 5484 ὅτι
3289 5431 3427 5506 πρὸς
3485 5433 3646 5506 χάριν
3697 5436 3828 5487 τῶν

390 5543 523 5583 rum
559 5527 801 5599 quidam
832 5527 978 5599 ipsis
1008 5527 1134 5582 noti
1161 5528 1572 5600 contingerent
1593 5533 1862 5598 peractas
1890 5525 2048 5582 circa

2210 5520 2482 5580 τοστόλων
2539 5521 2679 5583 τινες
2730 5523 2837 5575 τῶν
2922 5517 3110 5580 αὐτοῖς
3167 5519 3458 5596 γνωρίμων
3521 5520 3619 5583 τὰς
3672 5521 3820 5597 περὶ

389 5632 454 5674 se
485 5617 793 5674 sanitates.
821 5615 1128 5681 Quomodo
1163 5632 1300 5690 ergo
1329 5633 1549 5672 nomen
1581 5632 1702 5671 non
1724 5615 2046 5688 interroga.

2210 5613 2358 5676 ἱτοὺς
2416 5610 2583 5670 ἰάσεις
2644 5607 3046 5686 ὑποκρίνοιντο.
3105 5609 3228 5670 Πῶς
3288 5609 3379 5666 οὖν
3419 5607 3520 5666 οὐκ
3571 5605 3793 5685 ἔμαθον

449 5742 494 5779 ³⁸
523 5742 662 5800 Luc.
702 5757 858 5812 xvni,
893 5743 960 5796 40
991 5758 1160 5815 seqq.
1246 5740 1289 5778 ³⁷
1317 5743 1484 5799 Joan.
1521 5757 1644 5807 xm,
1677 5742 1765 5797 36.
1843 5738 1888 5776 ³⁸
1919 5741 2084 5799 Joan.

2210 5743 2298 5800 ,4.
