4098 6260
256 304 309 368 Μ
386 298 399 309 ’
1289 321 1686 385 COMMEN'I‘.
1735 323 1816 385 ΙΝ
1860 323 2065 384 ACTA
2106 322 2706 388 APOSTOLORUM.
3657 327 3736 388 82

270 442 390 517 μετὰ
414 444 527 516 τὴν
554 446 731 507 ἴασιν
768 454 848 510 τὸ
877 456 1062 528 ’ὄνομα
1096 473 1110 524 ;
1139 455 1256 512 ’Ότι
1308 452 1407 509 οὐκ
1435 454 1503 524 ἦν
1547 454 1732 517 αὐτοῖς
1789 452 1950 528 σχολι

2090 456 2232 512 bant
2261 463 2397 529 post
2430 459 2627 515 datam
2660 460 3014 517 sanitatem?
3065 461 3210 527 Quia
3241 462 3425 516 otium
3452 461 3597 534 ipsis
3613 477 3735 520 non

282 534 392 609 περὶ
418 536 493 591 τὰ
530 537 730 612 μηδὲν
768 541 1182 599 λυσιτελοῦντα
1233 545 1715 620 ητασχολεῖσθαι.
1752 549 1873 605 Πῶς
1920 541 1947 598 δ

2091 553 2216 602 erat
2240 553 2305 603 ut
2333 555 2609 605 vacarent
2638 549 2794 604 circa
2851 566 2921 605 ea
2951 568 3082 621 quas
3142 552 3291 606 nihil
3325 552 3730 609 conferebant.

294 625 436 683 ιῖδτὸν
505 630 579 684 οὗ
667 636 1051 710 προσήγαγον
1112 634 1324 703 ἷαθῆδαι
1378 640 1460 707 τῷ
1516 636 1788 711 Χριστῷ;
1845 635 1944 689 ἴσω

2088 638 2304 693 Verum
2337 639 2632 710 quomodo
2664 639 2833 694 illum
2864 657 2983 694 non
3035 641 3409 696 adduxerunt
3460 641 3530 695 ad
3564 642 3731 696 Chri-

301 718 424 779 τινὶς
484 720 631 786 ἦσαν
718 720 958 778 ἃπιστοι
1047 723 1098 776 οἱ
1152 721 1599 798 προσεδρεύοντες
1678 729 1757 796 τῷ
1820 723 1950 797 ἱερῷ

2087 731 2241 781 stum
2274 733 2341 781 ut
2398 734 2708 783 sanaretur
2737 729 2765 783 ?
2808 731 3094 784 Fortassis
3143 730 3431 785 increduli
3487 730 3729 801 quidam

305 808 500 885 θπουγε
552 806 687 865 οῦδὲ
746 818 873 874 τοῖς
935 811 1267 875 ἄποστόΑοις
1353 814 1517 868 αὐτὸν
1594 816 1947 889 προσήγαγον

2084 819 2256 867 erant
2279 814 2376 885 qui
2403 814 2574 885 juxta
2597 816 2885 887 templum
2916 817 3278 881 residebant,
3294 824 3395 871 aut
3422 817 3483 871 in
3518 834 3584 871 eo
3618 818 3731 873 mi-

314 897 513 962 ἰδόντες
554 900 764 964 αὐτοὺς
824 902 1097 966 εΐσιόντας
1153 904 1240 958 καὶ
1299 905 1549 978 θαύματα
1604 906 1943 977 πεποιηκότα

2081 902 2413 957 nistrabant
2439 904 2566 958 :ubi
2592 921 2786 975 neque
2817 905 2889 959 ad
2919 906 3221 976 aposnolos
3252 907 3443 976 ipsum
3467 906 3730 961 adduxe-

318 994 554 1048 τοιαῦτα.
582 994 717 1049 ’Ότι
760 990 960 1055 χωλὸς
1016 995 1083 1064 ἦν
1142 993 1201 1049 ἐκ
1250 993 1473 1057 ποιλίας
1527 996 1757 1071 μητρὸς,
1803 999 1950 1051 τοῦτ‹

2080 1002 2246 1059 runt,
2281 1013 2415 1051 cum
2449 996 2585 1051 illos
2612 997 2841 1071 ingredi
2865 997 3224 1066 viderent,et
3243 1000 3398 1070 quod
3431 1000 3573 1055 talia
3603 1000 3731 1055 edi-

314 1081 505 1142 πάντες
542 1082 594 1135 οἱ
621 1080 677 1136 ὲν
705 1086 788 1154 τῷ
816 1083 954 1157 ἱερῷ
982 1078 1202 1158 ᾔδεσαν.
1254 1084 1347 1139 Διὸ
1399 1084 1489 1138 καὶ
1546 1084 1621 1148 ὡς
1644 1089 1950 1163 περιφανοῦς

2082 1084 2312 1140 dissent
2342 1086 2650 1141 miracula.
2695 1087 2859 1151 Quod
2919 1086 3166 1142 claudus
3220 1095 3378 1143 esset
3434 1088 3505 1143 ab
3558 1094 3727 1144 utero

308 1165 463 1232 ὄντος
495 1169 577 1224 ότι
603 1174 769 1226 τοῦτο
802 1172 894 1241 ἦν,
929 1170 1056 1227 οόδὶ
1084 1178 1181 1227 τοῦ
1213 1172 1482 1245 ὀνόματος
1512 1171 1677 1227 αὐτοῦ
1732 1178 1829 1229 τοῦ
1863 1182 1970 1229 Κυ-

302 1258 431 1333 ρίου
460 1258 779 1337 ἐφρόντιζον
809 1262 946 1333 πρὸς
1002 1263 1065 1317 τὸ
1117 1266 1278 1318 τοῦτο
1332 1262 1490 1318 αὐτὸν
1542 1261 1751 1321 καλεῖν.
1811 1263 1969 1321 Ἀλλ’

301 1345 455 1404 ἐνίκα
483 1350 549 1404 τὸ
576 1354 677 1404 τοῦ
705 1352 911 1414 πάθους
940 1351 1029 1406 καὶ
1061 1351 1231 1421 αὐτὴν
1290 1352 1390 1421 τήν
1444 1351 1816 1428 προσηγορίαν
1876 1352 1969 1408 αὖ·

295 1442 422 1509 τοῦ,
456 1439 549 1494 καὶ
602 1436 781 1513 ὄνομα
832 1440 977 1514 αὐτῷ
1036 1439 1114 1502 είς
1156 1442 1445 1515 γνώρισμα
1490 1441 1858 1518 κατεξαίρετον
1906 1443 1969 1499 τὸ

294 1533 453 1592 σῖνος
480 1525 715 1603 ἐγένετο.
751 1529 984 1586 Πολλῶν
1013 1528 1071 1586 δὲ
1101 1531 1419 1605 θαυμάτων,
1454 1532 1529 1593 ὡς
1562 1530 1809 1604 εἴπομεν,
1866 1531 1950 1587 ὑπέ

2078 1532 2252 1587 nobis
2284 1530 2834 1603 significarent.sed
2866 1530 2937 1586 de
2974 1532 3100 1587 sola
3131 1532 3259 1602 ejus
3290 1532 3723 1599 imbecillitate,

291 1622 402 1673 τῶν
435 1618 773 1673 ἀποστόλων
804 1619 1126 1696 γινομένων,
1187 1620 1249 1676 οὗ
1293 1628 1569 1697 προσῆγον
1626 1620 1787 1676 αὐτὸν
1838 1621 1950 1677 τού·

2079 1624 2328 1694 ejusque
2373 1622 2824 1693 appellatione:
2877 1622 2977 1676 26
3029 1628 3087 1675 et
3128 1622 3255 1677 haec
3312 1623 3598 1694 mgritudo
3656 1641 3724 1680 ac

287 1727 411 1769 τοις
444 1709 499 1762 οἱ
533 1707 821 1779 Ἰουδαῖοι,
853 1709 929 1772 ὡς
959 1715 1040 1784 τῷ
1072 1716 1313 1785 Χριστῷ,
1349 1712 1474 1780 ἢτοι
1529 1713 1874 1788 φθονοῦντες,
1929 1716 1950 1766 εἰ

2077 1713 2362 1767 damnum
2394 1711 2613 1765 factum
2646 1711 3098 1782 estipsinomen
3131 1712 3203 1766 ad
3234 1713 3598 1783 prmcipuum
3613 1731 3724 1769 no—

291 1802 382 1855 καὶ
423 1798 473 1855 δ’
503 1801 791 1858 ἀπιστίαν.
826 1800 993 1858 Οὔπω
1024 1805 1127 1881 γὰρ
1159 1804 1411 1878 ἐνόμιζον
1460 1809 1719 1860 τοσοῦτον
1767 1804 1950 1861 αὐτοὺε

2079 1810 2322 1875 tumque
2355 1801 2666 1857 indicium.
2693 1804 2833 1856 Cum
2867 1809 3065 1856 autem
3097 1803 3286 1857 multa
3310 1803 3383 1857 ab
3435 1805 3719 1874 apostolis

294 1888 514 1965 ἰσχύειν
550 1892 1017 1967 θαυματουργεῖν.

2076 1896 2395 1951 ederentur
2424 1893 2734 1957 miracula,
2766 1894 2941 1947 veluti
2976 1893 3253 1951 diximus.
3288 1910 3421 1948 eum
3453 1894 3525 1948 ad
3558 1895 3719 1965 ipsos

294 1998 423 2037 non
454 1981 1069 2051 adduxeruntludaii,
1102 1984 1222 2040 sive
1254 1985 1413 2057 quod
1454 1985 1688 2041 Christo
1719 1985 2070 2053 inviderent,
2101 1986 2220 2041 sive
2252 1989 2492 2056 propter
2540 1982 3019 2037 incredulitatem
3055 1999 3067 2036 :
3105 1982 3372 2037 nondum
3422 1984 3582 2039 enim
3616 2001 3716 2039 eos

292 2070 749 2127 arbitrabantur
776 2090 953 2145 posse
983 2075 1215 2146 Operari
1248 2080 1477 2130 tantum
1510 2075 1887 2132 miraculum.

364 2183 393 2207 υ
423 2158 715 2235 Ἀργύριον
745 2161 836 2215 καὶ
870 2161 1099 2235 χρυσίον
1129 2162 1237 2237 οὐχ
1269 2162 1484 2242 ὑπάρχε
1522 2181 1637 2235 μοι·
1668 2160 1697 2216 ὅ
1721 2158 1778 2218 δὶ
1812 2159 1948 2235 ἔχω,

311 2270 335 2298 ι
373 2248 540 2304 τοῦτό
572 2270 656 2304 σοι
686 2248 910 2324 δίδωμι.
950 2276 977 2302 ››

2078 1174 2307 1243 matris,
2340 1174 2399 1229 id
2433 1175 2712 1229 omnibus
2744 1181 2952 1230 notum
2987 1182 3114 1231 erat
3151 1178 3250 1247 qui
3284 1178 3345 1232 in
3380 1178 3599 1249 templo
3633 1179 3730 1234 de-

2078 1262 2297 1335 gebant
2330 1280 2341 1317 :
2376 1263 2509 1317 ideo
2545 1264 2723 1318 etiam
2755 1280 2890 1318 cum
2922 1265 3031 1318 hoc
3061 1265 3143 1320 ita
3173 1282 3303 1320 esse
3334 1265 3564 1321 cunctis
3599 1283 3729 1322 ma-

2079 1352 2363 1407 nifestum
2395 1358 2572 1419 esset,
2604 1368 2798 1423 neque
2831 1369 2973 1408 cura
3020 1354 3141 1407 illis
3198 1354 3309 1409 fuit
3366 1354 3437 1409 de
3485 1356 3727 1411 nomine

2080 1441 2311 1497 Domini
2346 1441 2640 1512 ipsius,ad
2673 1442 2782 1496 hoc
2806 1448 2872 1496 ut
2901 1442 3099 1513 ipsum
3131 1442 3202 1497 ab
3225 1443 3326 1497 illo
3358 1445 3728 1515 appellantes

2136 2164 2233 2231 IlI,
2265 2166 2315 2218 6.
2347 2186 2375 2214 ‹‹
2415 2167 2730 2233 Argentum
2762 2166 2820 2216 et
2840 2178 3050 2216 aurum
3082 2179 3201 2217 non
3235 2167 3326 2217 est
3355 2162 3502 2219 mihi
3530 2164 3715 2234 :quod

2072 2277 2098 2307 ι
2131 2260 2331 2310 autem
2365 2252 2576 2315 habeo,
2611 2253 2723 2307 hoc
2756 2252 2858 2306 tibi
2893 2252 2967 2305 do
3028 2273 3054 2301 ))

381 2339 565 2393 Τοῦτο
611 2341 709 2410 τήν
732 2340 967 2411 παντελῆ
1024 2345 1127 2396 τοῦ
1183 2346 1396 2421 χρυσοῦ
1457 2342 1634 2397 αὐτῶν
1691 2343 1950 2412 ἆκτησίαν

2135 2343 2253 2396 Hoc
2285 2341 2549 2412 ipsorum
2572 2339 2976 2395 omnimodam
3016 2341 3145 2394 auri
3175 2342 3437 2412 inopiam
3460 2342 3707 2399 demon-

292 2424 575 2505 ἐμφαίνει.
608 2430 681 2484 Οὐ
711 2432 834 2503 γὰρ,
868 2430 945 2494 ὡς
973 2428 1245 2494 πολλάκις
1275 2434 1439 2503 ἡμεῖς
1468 2452 1662 2509 φαμεν,
1694 2432 1779 2487 ’ὁτι
1825 2430 1954 2487 Ὧδε

288 2512 393 2569 οὐκ
424 2511 570 2591 ἔγω,
595 2518 744 2573 οὕτω
770 2519 863 2573 καὶ
885 2517 1070 2587 αὐτὸς,
1106 2517 1257 2585 ἀλλ’,
1288 2543 1316 2571 ιι
1349 2519 1472 2595 Οὐχ
1505 2520 1763 2600 ὑπάρχει,
1798 2542 1951 2595 Hoc,»

294 2608 453 2687 φησὶ,
486 2610 553 2665 τὸ
584 2609 765 2679 πάντη
803 2611 879 2682 μή
912 2608 1124 2664 ὑπεῖναι
1155 2608 1304 2681 αὐτῷ
1344 2610 1569 2684 χρυσίον
1603 2607 1809 2679 δηλῶν.

2063 2435 2228 2485 strat.
2262 2430 2462 2499 Neque
2494 2428 2674 2485 enim.
2710 2427 3210 2497 quemadmodum
3235 2445 3343 2483 nos
3365 2429 3707 2499 frequenter

2062 2519 2337 2584 dicimus,
2371 2518 2489 2572 Hoc
2512 2517 2640 2572 loco
2673 2522 2774 2571 aut
2804 2517 2912 2571 hoc
2942 2522 3203 2587 tempore
3235 2534 3355 2572 non
3386 2518 3595 2585 habeo,
3624 2521 3707 2575 ita

2062 2610 2267 2679 etipse
2297 2623 2310 2661 :
2345 2606 2486 2662 sed:
2523 2628 2549 2655 ‹‹
2586 2608 2709 2660 Νοη
2769 2611 2858 2660 est.
2912 2605 3059 2659 mihi
3094 2622 3106 2660 :
3142 2630 3168 2655 ››
3204 2606 3546 2678 signiﬁcans
3577 2625 3703 2664 om-

2062 2699 2206 2753 nino
2239 2713 2301 2752 se
2331 2713 2451 2751 non
2486 2695 2792 2767 possidere
2823 2711 3054 2750 aurum.

2133 2787 2230 2849 ΙΙΙ,
2258 2788 2409 2841 6-10.
2454 2808 2481 2834 «
2548 2787 2609 2839 In
2665 2784 2907 2839 nomine
2963 2785 3098 2839 Jesu
3157 2785 3372 2840 Christi
3429 2786 3705 2843 Nazareni

2063 2898 2091 2927 α
2133 2892 2304 2949 surge
2363 2880 2421 2930 et
2471 2874 2731 2929 ambula.
2787 2876 2857 2928 Et
2909 2874 3282 2945 apprehensa
3339 2892 3518 2931 manu
3578 2878 3708 2948 ejus

2069 2990 2090 3014 ι
2125 2966 2385 3027 dextera,
2413 2964 2599 3020 erexit
2629 2964 3068 3019 eum.Protinus
3099 2970 3293 3019 autem
3324 2966 3704 3022 consolidataa

368 2814 397 2839 ιι
430 2790 521 2846 Ἐν
553 2792 636 2861 τῷ
667 2786 902 2862 ὀνόματι
936 2789 1114 2855 Ἰησοῦ
1169 2790 1407 2863 Χριστοῦ
1460 2793 1557 2844 τοῦ
1611 2788 1952 2864 Ναζωραίου,

292 2877 570 2956 ιὲγειραι
631 2876 725 2933 καὶ
782 2875 1089 2951 περιπάτει.
1142 2878 1245 2935 Καὶ
1301 2879 1577 2952 κρατήσας
1638 2878 1795 2934 αὐτὸν
1853 2881 1952 2947 τῆς

276 2993 305 3020 κ
342 2965 530 3038 δεξιᾶς
566 2967 781 3042 χειρὸς,
816 2963 1025 3041 ἤγειρε.
1063 2972 1416 3042 Παραχρῆμα
1447 2964 1502 3022 δὶ
1550 2967 1950 3041 ἐστερεώθησαν

294 3082 315 3108 ι
351 3058 531 3113 αὑτοῦ
590 3057 647 3110 αἱ
704 3057 889 3131 βάσεις
946 3066 1036 3110 καὶ
1076 3056 1142 3110 τὰ
1198 3058 1392 3133 σφυρά-
1452 3056 1543 3111 καὶ
1596 3054 1950 3130 ἐξαλλόμενος

2074 3078 2093 3105 ι(
2138 3060 2276 3109 sunt
2306 3053 2523 3125 plantas
2556 3052 2718 3106 illius
2749 3068 2818 3106 ac
2850 3051 2973 3115 tali,
3011 3057 3067 3105 et
3116 3052 3398 3109 exsiliens
3457 3055 3620 3108 stetit
3650 3061 3708 3110 et

290 3168 321 3197 «ι
351 3144 491 3215 ἔστη
520 3147 617 3199 καὶ
646 3144 977 3219 περιεπάτει.
1014 3144 1119 3201 Καὶ
1155 3146 1374 3214 εἰσῆλθε
1433 3145 1524 3200 σὺν
1572 3146 1755 3208 αὐτοῖς
1784 3146 1862 3209 εἲς
1893 3148 1950 3203 τὸ

2074 3165 2099 3193 ι(
2130 3141 2489 3199 ambulabat.
2514 3141 2584 3194 Et
2612 3141 2914 3211 ingressus
2942 3146 3032 3194 est
3061 3156 3195 3194 cum
3228 3141 3313 3195 eis
3335 3141 3395 3196 in
3418 3142 3707 3214 templum

300 3258 330 3283 κ
358 3235 515 3305 ’ίερὺν
544 3240 848 3306 περιπατῶν
877 3233 972 3289 καὶ
1004 3233 1311 3307 ἀλλόμενος
1341 3234 1429 3289 καὶ
1472 3235 1632 3290 αἰνῶν
1665 3236 1754 3291 τὸν
1796 3236 1947 3291 Θεόν·

2074 3255 2093 3283 ι(
2126 3230 2506 3287 inambulans
2528 3246 2596 3285 ac
2628 3229 2849 3284 saliens
2873 3229 3243 3302 laudansque
3268 3231 3473 3288 Deum.
3510 3233 3576 3287 Et
3631 3234 3707 3288 vi-

312 3348 336 3373 σ
373 3323 480 3379 Καὶ
508 3320 647 3377 εἶδεν
675 3322 820 3379 αὐτὸν
845 3328 954 3385 πᾶς
995 3324 1025 3379 6
1086 3324 1215 3386 λαὸς
1274 3328 1669 3399 περιπατοῦντα
1716 3325 1804 3379 καὶ
1863 3324 1948 3379 αἲ-

300 3437 331 3463 α
364 3416 568 3468 νοῦντα
596 3412 683 3468 τὸν
732 3414 880 3471 Θεόν.
941 3413 1339 3491 Ἐπεγίνωσχόν
1390 3434 1450 3468 τε
1504 3413 1685 3483 αὐτὸν,
1718 3414 1804 3469 ὅτι
1854 3414 1948 3468 οὗ·-

292 3527 321 3553 :
355 3523 455 3564 τος
488 3503 556 3572 ἤν
587 3504 614 3558 ὁ
669 3503 806 3578 πρὸς
835 3507 936 3571 τήν
965 3502 1344 3575 ἐλεημοσύνην
1375 3504 1682 3576 καθήμενος
1732 3502 1820 3558 ἐπὶ
1877 3507 1945 3576 τῇ

295 3619 319 3644 ει
357 3593 552 3663 Ὡραίᾳ
576 3593 729 3669 πύλῃ
760 3598 859 3649 τοῦ
914 3595 1084 3668 ἱεροῦ.
1144 3594 1248 3653 Καὶ
1298 3591 1643 3665 ἐπλήσθησαν
1706 3588 1951 3668 θάμϐους

291 3707 320 3734 α
350 3683 447 3739 καὶ
479 3682 786 3745 ἐκστάσεως
818 3684 906 3738 ἐπὶ
935 3687 1015 3755 τῷ
1045 3678 1416 3756 συμϐεϐηκότι
1448 3685 1618 3756 αύτῷ.

356 3776 535 3846 Ὅπερ
590 3774 619 3827 6
674 3773 903 3847 Χριστὸς
959 3770 1235 3834 πολλάκις
1293 3772 1379 3828 ἐπὶ
1432 3777 1538 3828 τῶν
1601 3771 1947 3847 ἆτελὲστερον

275 3860 648 3937 διακειμένων
707 3863 771 3917 οὐ
832 3862 982 3939 λόγῳ
1044 3862 1205 3936 μόνον
1262 3865 1597 3937 θεραπεύων,
1653 3861 1799 3919 ἀλλὰ
1859 3867 1948 3921 καὶ

274 3954 631 4024 ἁπτόμενος,
662 3955 831 4009 τοῦτο
887 3952 976 4007 καὶ
1005 3956 1097 4007 νῦν
1150 3953 1178 4008 6
1230 3953 1434 4028 Πὲτρος
1486 3958 1652 4010 ποιεῖ.
1684 3955 1834 4026 ’Ἀμα
1892 3948 1952 4007 δὶ

276 4046 375 4098 καὶ
410 4041 508 4098 διὰ
567 4046 666 4097 τοῦ
725 4041 946 4117 ίγεῖραι,
1004 4041 1065 4098 τό
1126 4049 1225 4112 τῆς
1277 4042 1619 4105 ἀναστάσεως
1666 4046 1951 4099 πιστοῦται

284 4135 628 4206 μυστήριον,
658 4130 753 4185 καὶ
778 4128 867 4185 ἵνα
899 4132 975 4204 μὴ
1010 4128 1139 4207 δόξῃ
1171 4131 1277 4188 ἀπὸ
1332 4133 1681 4204 ταυτομάτου
1729 4133 1764 4203 ἢ
1800 4131 1952 4186 αὐτο-

279 4219 693 4301 σχιδιάζοντος
731 4222 792 4276 τὸ
848 4220 1161 4294 γενόμενον.
1221 4219 1432 4278 Ἦλατο
1493 4219 1551 4276 δὶ
1605 4221 1856 4292 ἀναστὰς,
1914 4220 1949 4291 ἢ

274 4310 533 4365 ἆπιστῶν
569 4310 634 4365 τὸ
666 4305 972 4382 γινόμενον,
1038 4309 1129 4366 καὶ
1185 4311 1459 4386 πειράζων
1493 4310 1569 4372 εἷς
1617 4308 1951 4390 ἀσφαλέστε-

2061 3345 2090 3375 «
2121 3322 2209 3378 dit
2229 3338 2359 3376 eum
2394 3321 2707 3376 universus
2722 3320 2976 3391 populus
3006 3320 3480 3377 inambulantem
3499 3324 3708 3380 aclau-

2062 3434 2086 3464 ι
2120 3412 2360 3467 dantem
2394 3412 2598 3465 Deum.
2631 3412 3126 3481 Agnoveruntque
3184 3410 3356 3466 illum
3388 3414 3543 3483 quod
3576 3415 3703 3485 ipse

2058 3523 2087 3552 α
2123 3506 2279 3555 esset
2307 3501 2357 3554 is
2378 3500 2479 3570 qui
2510 3499 2582 3554 ad
2617 3499 3056 3571 eleemosynam
3088 3499 3332 3554 sedebat
3360 3502 3432 3556 ad
3466 3503 3704 3573 Specio-

2059 3614 2089 3643 ι(
2120 3607 2244 3646 sam
2276 3596 2505 3662 portam
2538 3589 2763 3660 templi.
2798 3590 2868 3642 Et
2898 3589 3127 3661 impleti
3154 3591 3705 3651 suntadmiratione

2064 3703 2085 3731 ι
2121 3686 2181 3737 et
2201 3686 2441 3751 stupore
2475 3695 2653 3750 super
2685 3695 2752 3733 eo
2778 3677 2938 3749 quod
2969 3680 3297 3750 contigerat
3327 3680 3412 3736 illi
3472 3704 3499 3728 ››

2130 3770 2294 3836 Quod
2322 3769 2588 3824 Christus
2611 3769 2953 3839 frequenter
2982 3774 3221 3839 propter
3242 3769 3318 3822 im
3330 3769 3707 3839 perfectiores

2058 3859 2332 3919 faciebat.
2365 3875 2485 3913 non
2517 3858 2642 3913 solo
2675 3873 2949 3912 sermone
2972 3874 3205 3915 curans.
3241 3858 3346 3913 sed
3395 3864 3452 3914 et
3510 3865 3705 3929 tactu;

2061 3949 2170 4004 hoc
2202 3964 2359 4003 nunc
2388 3953 2445 4002 et
2466 3948 2674 4001 Petrus
2703 3947 2876 4002 facit:
2909 3946 3207 4018 simulque
3258 3964 3362 4019 per
3408 3948 3520 4005 hoc
3551 3951 3709 4022 quod

2061 4038 2253 4109 erigit,
2278 4036 2733 4091 resurrectionis
2764 4036 3083 4091 conﬁrmat
3115 4037 3483 4108 mysterium,
3519 4046 3577 4095 et
3634 4058 3708 4098 ne

2060 4126 2328 4181 videatur
2356 4124 2574 4178 factum
2610 4123 2681 4177 ab
2715 4138 2782 4177 eo
2815 4123 2915 4193 qui
2948 4139 3066 4176 non
3098 4131 3335 4193 rogatus
3366 4144 3494 4181 sese
3525 4129 3710 4183 ultro-

2063 4231 2211 4271 neus
2241 4212 2608 4282 ingessisset.
2644 4212 2888 4266 Erectus
2920 4216 3117 4266 autem
3147 4211 3417 4278 saliebat,
3452 4215 3541 4269 vel
3574 4216 3708 4271 facti

2063 4304 2257 4359 adhuc
2287 4300 2651 4368 incredulus,
2687 4306 2745 4355 et
2795 4305 3031 4355 tentans
3064 4300 3137 4355 ad
3165 4301 3487 4358 cautiorem
3522 4310 3581 4358 et
3612 4304 3710 4359 ﬁr-

279 4419 378 4472 ρον
411 4398 511 4453 καὶ
576 4396 922 4473 ὲδραιότερον
975 4400 1074 4467 τήν
1134 4399 1311 4474 βάσιν,
1371 4396 1406 4468 ἤ
1468 4396 1593 4454 οὐδὲ
1639 4403 1950 4475 περιπατεῖν

2074 4394 2312 4451 miorem
2343 4408 2610 4465 gressum
2646 4408 2658 4446 :
2694 4397 2795 4446 aut
2824 4391 2965 4463 quia
3015 4407 3089 4446 ne
3122 4390 3429 4448 ambulare
3469 4394 3712 4465 quidem

276 4486 436 4562 ﬁam.
473 4488 553 4544 Τὸ
586 4485 667 4559 δὲ,
707 4509 729 4535 ι
780 4487 1134 4562 ἐπεγίνωσκον
1178 4487 1362 4559 αὐτὸν,
1424 4512 1453 4539 ››
1507 4488 1847 4560 πρόσκειται,
1879 4488 1950 4553 ὡς

2074 4488 2324 4539 noverat.
2367 4481 2645 4537 Additum
2686 4496 2820 4534 vero
2852 4486 2978 4534 est:
3017 4503 3036 4527 α
3075 4482 3449 4553 Agnoverunt
3473 4483 3709 4547 illum,»

280 4578 379 4632 καὶ
409 4573 781 4651 ἇῃοούμεὲον
816 4576 1013 4633 λοιπὸν
1072 4577 1178 4632 ἀπὸ
1233 4581 1329 4632 τοῦ
1388 4578 1681 4651 θαύματος.
1737 4579 1807 4635 "0
1864 4578 1950 4632 καὶ

2074 4573 2375 4648 quasijam
2407 4577 2647 4643 propter
2675 4570 3027 4625 miraculum
3058 4571 3292 4642 ignotus
3324 4573 3710 4630 esset.Simile

285 4668 380 4723 ιπὶ
413 4671 519 4723 τοῦ
550 4666 615 4722 lx
641 4673 859 4739 γενετῆς
897 4665 1127 4746 τυφλοῦ.
1182 4666 1484 4741 Ἐἷώθαμεν
1544 4662 1601 4723 δὲ
1647 4666 1736 4721 καὶ
1786 4666 1950 4740 ἡμεῖς

2074 4678 2299 4737 quoque
2329 4659 2545 4716 accidit
2579 4658 2648 4713 de
2680 4674 2834 4713 caeco
2895 4674 2929 4712 a
2988 4658 3289 4713 nativitate
3318 4658 3384 4712 ³9.
3441 4661 3711 4720 Solemus

280 4760 470 4832 ταύτῃ
504 4763 818 4836 κεχρῆσθαι
846 4760 916 4830 τῇ
950 4756 1089 4830 λέξει
1123 4755 1213 4812 ἐπὶ
1244 4761 1352 4813 τῶν
1416 4754 1580 4829 μόλις
1616 4755 1950 4833 γνωριζομέ-

2074 4760 2260 4810 autem
2291 4756 2350 4807 et
2379 4767 2487 4805 nos
2518 4749 2629 4804 hac
2659 4748 2743 4803 uti
2775 4747 3057 4814 dictione,
3102 4747 3481 4821 Ἐπιγνώσκω,
3514 4753 3577 4808 in
3618 4753 3711 4809 his

285 4868 427 4902 νων.
465 4871 495 4897 α
531 4849 849 4920 Ιιεριπατῶν
878 4846 966 4900 καὶ
998 4844 1333 4920 ἁλΛόμενος.
1391 4869 1418 4896 ››
1446 4850 1533 4907 Ὠς
1591 4845 1950 4921 ἀγνοούμενον

2074 4859 2194 4915 quas
2224 4842 2317 4895 vix
2347 4842 2808 4911 cognoscuntur.
2842 4859 2869 4885 «
2907 4837 3288 4893 lnambulans
3320 4856 3386 4894 ac
3418 4841 3638 4897 saliens
3660 4859 3710 4895 ι»

293 4931 502 5011 σχεδὸν
535 4936 600 4991 τὸ
631 4933 830 4990 λοιπον
859 4934 966 4990 ἀπὸ
997 4938 1093 4990 τοῦ
1152 4932 1413 4989 ἅλλεσθαι
1453 4935 1545 4989 τὸν
1606 4935 1710 5009 πρὸ
1756 4934 1950 4991 τούτου

2074 4930 2230 5005 quasi
2257 4930 2385 5000 jam
2415 4932 2659 4999 propter
2691 4925 2911 4979 saltum
2942 4926 3374 4999 propemodum
3405 4928 3712 5001 ignorare-

288 5025 464 5102 ἄργὸν
495 5023 588 5080 καὶ
618 5030 722 5094 τῆς
756 5022 950 5100 δτέρων
1009 5021 1265 5098 δεόμενον
1317 5022 1572 5099 βοηθείας
1630 5025 1768 5089 πρὸς
1801 5023 1950 5099 μετά-

2074 5026 2161 5077 tur
2192 5020 2239 5072 is
2269 5018 2368 5090 qui
2402 5016 2576 5088 paulo
2601 5020 2736 5069 ante
2774 5013 2920 5069 adeo
2972 5014 3176 5069 tardus
3226 5022 3353 5071 erat
3381 5023 3446 5072 ut
3472 5018 3543 5073 ad
3574 5036 3714 5092 pro-

292 5112 483 5175 ϐασιν.
2064 5124 2332 5184 gressum
2365 5105 2621 5160 aliorum
2654 5109 2858 5177 egeret
2889 5104 3131 5158 auxilio.

374 5232 403 5259 α
438 5210 777 5273 Κρατοῦντος
810 5202 867 5261 δὲ
907 5209 1003 5260 τοῦ
1060 5203 1298 5268 ἳαθὲντος
1356 5204 1551 5280 χωλοῦ
1605 5205 1697 5261 τὸν
1750 5202 1950 5281 Πέτρον

2137 5199 2233 5260 Ill,
2272 5198 2469 5254 11.12.
2503 5215 2531 5244 ‹‹
2564 5197 2709 5250 Cum
2738 5200 2965 5248 teneret
2996 5200 3191 5248 autem
3224 5193 3599 5269 claudus,qui
3621 5215 3716 5254 sa-

301 5322 329 5347 ιι
359 5304 453 5355 καί
485 5298 769 5367 Ἰωςὶννην,
802 5291 1099 5369 συνέδραμε
1128 5294 1267 5369 πρὸς
1322 5293 1517 5357 αὐτοὺς
1574 5299 1677 5357 πᾶς
1734 5297 1762 5350 6
1821 5294 1950 5357 λαὸς

2074 5310 2096 5341 ι(
2130 5292 2303 5343 natus
2339 5285 2796 5347 fuerat,Petrum
2830 5290 2887 5339 et
2915 5284 3222 5338 Joannem.
3245 5286 3599 5343 cucurritad
3614 5306 3715 5346 eos

314 5414 339 5441 α
373 5388 462 5445 ἰπὶ
491 5392 559 5461 τῇ
594 5391 727 5457 στοᾷ
751 5388 823 5459 τῇ
854 5384 1168 5457 καλουμένῃ
1228 5381 1614 5455 Σολομῶντος,
1668 5381 1950 5458 ἔκθαμϐοι.

2074 5400 2095 5429 κ
2129 5383 2287 5433 totus
2318 5375 2569 5447 populus
2604 5375 2964 5446 stupefactus
2983 5374 3056 5428 ad
3086 5373 3375 5445 porticum
3404 5395 3534 5449 quas
3558 5380 3713 5436 dice.

300 5504 327 5529 ιι
360 5476 509 5537 Ἰδὼν
538 5475 597 5535 δὶ
628 5477 836 5551 Πέτρος
869 5472 1194 5549 ἀπεκρίνατο
1227 5474 1365 5548 πρὸς
1386 5472 1479 5529 τὸν
1510 5472 1663 5533 λαόν.
1701 5498 1728 5527 n

2074 5490 2095 5518 ι(
2124 5466 2300 5522 batur
2330 5465 2683 5520 Solomonis.
2712 5464 2966 5519 Intuitus
2998 5469 3195 5518 autem
3226 5463 3434 5523 Petrus
3469 5485 3713 5543 respon-

2069 5580 2098 5609 «
2131 5557 2219 5614 dit
2247 5556 2320 5615 ad
2349 5555 2655 5630 populum.
2690 5578 2718 5606 η

380 5666 427 5708 ³³
459 5668 626 5732 loca.
659 5682 739 5739 ix,
769 5666 799 5724 1
835 5676 1006 5739 uqq.
