4098 6260
391 371 469 432 83
1517 352 1941 418 (ECUMENII
1984 353 2293 417 'l‘lthCxE
2341 354 2714 417 EPISGOPI.

467 503 565 560 2⁸1
597 497 860 558 Tenebat
889 491 1196 566 apostolos
1216 496 1352 564 post
1391 489 1684 546 redditam
1708 488 2050 556 sanitatem,
2083 492 2134 557 Α

396 595 490 651 vel
523 609 595 647 ex
624 583 1244 653 benevolentia,quasi
1270 581 1536 652 plausum
1565 586 1623 634 et
1653 577 1912 634 favorem
1931 578 2052 632 illis

401 675 851 743 concilians,vel
881 673 1164 729 omnibus
1196 669 1517 726 ostendens
1550 685 1650 724 eos
1677 668 1775 738 qui
1797 684 1858 722 se
1881 683 2054 721 sana-

399 775 609 829 verant
638 786 652 833 ;
687 772 790 822 aut
818 764 1157 835 suspicalus
1189 762 1347 832 quod
1380 761 1428 815 si
1461 759 1534 814 ab
1567 759 1654 813 eis
1685 759 2058 828 relinquere-

407 870 525 928 tur,
559 875 798 917 rursum
829 873 862 911 a
888 855 1140 926 pristino
1200 860 1428 907 natura:
1467 850 1606 904 vitio
1638 850 2058 919 corriperetur.

407 949 825 1010 Arbitrabatur
855 945 1013 1000 enim
1075 959 1136 998 se
1199 947 1446 996 eatenus
1509 939 1714 994 morbo
1746 938 2062 993 liberatum

410 1057 559 1104 esse,
590 1039 732 1094 dum
762 1037 926 1108 ipsos
949 1037 1197 1095 teneret,
1223 1037 1282 1085 et
1302 1030 1375 1086 ab
1408 1031 1494 1085 eis
1549 1034 2018 1084 contrectaretur
2047 1045 2061 1085 ε

409 1131 667 1188 maxime
690 1126 849 1198 quod
882 1122 1191 1179 Petrusita
1221 1121 1394 1176 illum
1428 1119 1706 1192 erigendo
1738 1124 2062 1173 curaverat.

410 1219 542 1275 «Ad
574 1216 864 1289 porticum
896 1229 1026 1283 qua:
1057 1210 1368 1267 dicebatur
1391 1207 1919 1264 Salomonis.»Sola
1939 1208 2064 1262 h-ec

409 1308 677 1381 porticus
708 1307 1018 1374 supererat
1042 1316 1076 1355 a
1102 1299 1436 1354 Salomonis
1467 1296 2068 1352 aediﬁcationeExus-

415 1402 576 1453 serat
603 1395 763 1450 enim
787 1390 1075 1462 templum
1100 1387 1683 1444 Nabuchodonosor:
1711 1401 2071 1456 rursumque

3716 351 3788 416 ει

2239 487 2482 558 Ἐκράτει
2511 487 2640 552 τοὺς
2668 485 3016 546 ἀποστολους
3073 486 3208 557 μετᾶ
3257 485 3357 552 τὴν
3409 480 3570 552 ἴασιν,
3693 485 3794 542 ἆπδ

2167 575 2377 637 εὐνοίας
2406 574 2587 652 ὥσπερ
2620 575 2893 657 εὐφημίαν
2947 574 3134 641 αὐτοῖς
3191 573 3436 642 πλέκων,
3495 574 3584 629 καὶ
3617 572 3799 631 ἐπιδει-

2165 665 2292 726 κνὺς
2329 661 2492 721 ἅπασι
2517 666 2645 727 τοὺς
2660 673 2934 740 σωτῆρας,
2963 664 2997 733 ἤ
3018 665 3263 718 ὑπονοῶν
3282 663 3377 731 ὡς,
3399 662 3444 718 εί
3461 661 3797 743 ἀπολειφθείη

2168 753 2365 824 αὐτῶν,
2396 754 2562 811 πάλιν
2594 755 2698 809 ὑπὸ
2729 758 2826 809 106
2855 754 3061 816 πάθους
3099 751 3502 828 καταληφθείη.
3561 753 3797 826 Ἐνόμιζε

2168 845 2269 918 γὰρ
2306 845 2476 919 μέχρι
2504 845 2700 899 τούτου
2731 841 3094 916 ἀπηλλάχθαι
3124 844 3222 896 106
3251 842 3477 906 πάθους,
3525 843 3717 916 μέχρις
3750 842 3803 896 ἃν

2171 933 2385 1008 κατέχῃ
2417 933 2636 1001 αὐτοὺς,
2665 933 2756 988 καὶ
2787 931 3090 1010 ἐφάπτηται
3124 931 3325 998 αὐτῶν,
3352 929 3590 1004 μάλιστα
3618 930 3698 986 ὅτι
3720 932 3802 986 καὶ

2174 1024 2203 1078 6
2237 1024 2436 1094 Πέτρος
2463 1024 2736 1095 κρατήσας
2768 1021 2930 1076 αὐτὸν
2983 1019 3156 1082 οὕτως
3216 1019 3426 1074 ἰάσατο.
3484 1043 3506 1068 ε
3568 1019 3691 1076 Ἐπὶ
3741 1021 3806 1092 τῇ

2175 1118 2307 1184 στοᾷ
2337 1117 2406 1186 τῇ
2429 1111 2767 1186 καλουμένῃ,
2803 1137 2831 1162 υ
2861 1112 3008 1181 Α’ὐτη
3047 1109 3187 1185 μόνη
3223 1111 3354 1165 στοὰ
3386 1108 3569 1164 ἵστατο
3595 1109 3698 1164 ἀπὸ
3717 1115 3808 1177 τῆς

2176 1208 2510 1270 κατασκευῆς
2591 1201 2979 1273 Σολομῶντος.
3065 1197 3359 1274 Ἐνέπρησε
3423 1199 3527 1274 γὰρ
3565 1199 3626 1254 τὸ
3680 1200 3815 1274 ἱερὸν

2178 1288 2711 1369 Ναϐουχοδονὸσωρ,
2745 1291 2836 1347 καὶ
2867 1287 3196 1364 ᾠκοδόμησε
3228 1295 3401 1365 Κύρος
3452 1290 3481 1345 6
3524 1287 3747 1366 Πέρσης.

419 1485 714 1542 ωάἰῧσαιιο
737 1483 1002 1554 jusserat
1030 1480 1213 1549 Cyrus
1245 1480 1445 1533 Persa.

491 1573 586 1640 Ill,
615 1575 701 1626 l2.
736 1592 764 1620 «
802 1569 920 1623 Viri
957 1566 1264 1632 Israelita),
1316 1566 1459 1636 quid
1491 1565 1869 1621 admiramini
1897 1580 2076 1636 super

415 1684 444 1714 κ
467 1660 620 1717 hoc?
652 1664 755 1714 aut
786 1674 894 1711 nos
923 1655 1069 1726 quid
1100 1654 1313 1709 deﬁxis
1335 1654 1528 1708 oculis
1560 1654 2076 1724 intuemini,quasi

421 1771 450 1804 ε
474 1749 717 1822 propria
748 1744 1018 1818 potentia
1049 1749 1150 1798 aut
1180 1743 1469 1816 religione
1493 1743 1871 1798 effecerimus
1895 1749 1962 1798 ut
1982 1744 2078 1798 hic

421 1834 930 1924 «ambularet?»
1106 1921 1146 1924 υ
1232 1921 1241 1924 Α
1331 1919 1346 1924 _
2048 1859 2160 1924 ΑΒ

493 1927 684 1998 Ipsius
714 1923 896 1980 Israel
946 1921 1284 1993 appellatio
1316 1919 1567 1975 duarum
1597 1937 1797 1976 rerum
1831 1921 2091 1992 suggerit

430 2015 826 2079 intellectum,
858 2027 1074 2081 nempe
1099 2010 1291 2064 laudis
1323 2026 1356 2064 a
1383 2009 1560 2064 Iacob
1593 2011 1686 2065 cui
1727 2010 1800 2065 ob
1826 2011 1922 2064 Dei
1948 2010 2091 2064 obe-

436 2103 723 2160 dientiam
753 2099 1074 2172 appellatio
1111 2097 1290 2152 Israel
1322 2098 1597 2168 adaptata
1627 2104 1735 2164 est,
1760 2097 2092 2152 abinferio-

435 2192 604 2249 ribus
634 2189 914 2246 detractis
945 2188 1020 2243 ad
1070 2186 1372 2253 sublimia,
1434 2186 1718 2254 cmlestia,
1777 2186 1976 2241 divina
2027 2204 2095 2242 ac

438 2280 876 2353 intelligibilia:
905 2284 964 2333 et
983 2277 1380 2332 accusationis
1412 2277 1659 2332 seminis
1693 2279 1820 2348 ejus
1847 2277 1919 2331 ab
1935 2278 2095 2332 exitu

439 2388 511 2428 ex
540 2367 966 2442 Egyptoquod
999 2383 1305 2437 nunquam
1339 2366 1680 2437 persuaderi
1715 2367 2099 2437 poterat.ple-

439 2477 586 2518 num
618 2474 854 2523 semper
906 2456 1278 2511 irritationis.
1314 2457 1394 2510 Ex
1425 2461 1676 2526 utroque
1711 2472 1846 2529 ergo
1878 2472 2100 2512 nomen

439 2549 622 2606 Israel
653 2549 776 2604 illis
808 2545 1018 2602 tribuit
1049 2561 1063 2600 :
1098 2546 1238 2600 hinc
1268 2545 1544 2601 videlicet
1601 2546 2100 2611 erubescentiam,

440 2639 598 2712 quod
623 2640 740 2694 Deo
766 2653 888 2692 non
919 2639 1186 2706 pareant.
1230 2640 1296 2688 ut
1327 2635 1671 2704 progenitor
1696 2652 1902 2690 eorum
1934 2636 2100 2690 fece-

448 2734 543 2785 rat
576 2751 588 2783 ;
625 2727 793 2782 illinc
842 2726 1021 2781 etiam
1071 2724 1490 2795 perditionem,
1549 2730 1615 2779 ut
1661 2725 1761 2794 qui
1793 2727 2102 2796 Egyptum

457 2818 678 2892 egressi
710 2822 850 2872 sunt
882 2831 991 2871 nec
1019 2813 1092 2870 ad
1124 2815 1480 2884 promissam
1509 2816 1719 2870 servati
1753 2820 1895 2870 sunt
1924 2815 2102 2870 hiare-

454 2907 705 2964 ditatem
724 2922 736 2959 :
754 2921 1006 2976 quorum
1026 2903 1275 2958 duorum
1309 2903 1757 2958 reminiscentia
1770 2921 1875 2975 per
1887 2920 2106 2958 nomen

459 2996 643 3053 Israel
673 2993 1034 3064 facta,hujus
1052 2991 1294 3063 quidem
1325 2991 1612 3062 praebebit
1641 2993 2105 3060 aemulationem,

458 3085 701 3142 illorum
738 3100 872 3138 vero
905 3082 1256 3137 imitationis
1279 3081 1714 3154 fugam,timore
1748 3083 1960 3138 similis
1983 3099 2110 3154 per-

459 3174 727 3241 ditionis,
761 3190 832 3228 ex
862 3173 1192 3228 attentione
1220 3188 1426 3226 eorum
1475 3189 1605 3242 quae
1665 3172 1919 3228 dicenda
1951 3181 2108 3228 sunt.

462 3267 596 3320 Haac
609 3225 808 3319 autem
821 3262 1026 3316 concio
1043 3261 1250 3332 majori
1267 3225 1508 3317 dicendi
1526 3261 1799 3317 libertate
1816 3263 1990 3334 plena
2004 3269 2112 3329 est;
2144 3225 2188 3293 ϐ

465 3370 586 3409 non
618 3351 776 3422 quod
804 3351 864 3405 in
896 3351 1078 3421 priori
1105 3352 1560 3414 terreretur,sed
1580 3353 1860 3422 quoniam
1879 3352 2116 3407 cumilli

469 3441 604 3498 saevi
621 3444 820 3494 essent
839 3439 1570 3509 etimprobi,nequaquam
1591 3440 2117 3497 tulissentDeinde

477 3533 642 3589 illam
666 3531 1706 3602 quidemincipiens,perproaamium
1727 3533 2118 3587 attentionem

483 3621 546 3675 in
567 3619 688 3673 illis
719 3618 1132 3686 efﬁcit,dicens
1157 3634 1171 3674 :
1196 3619 1314 3673 Hoc
1336 3619 1500 3674 vobis
1531 3626 1739 3676 notum
1771 3621 1866 3689 sit,
1899 3621 2124 3676 etauri-

485 3705 596 3761 bus
625 3706 911 3778 percipite
941 3704 1119 3761 verba
1149 3721 1282 3760 mea
1316 3723 1328 3760 :
1355 3705 1448 3760 hic
1480 3723 1612 3762 vero
1666 3707 1767 3762 tali
1825 3725 2124 3779 praepara-

474 3794 631 3850 tione
656 3809 776 3848 non
807 3809 956 3865 opus
987 3799 1097 3860 est,
1131 3809 1324 3864 neque
1357 3794 1517 3848 enim
1551 3795 1882 3866 torpebant,
1917 3796 2020 3851 sed
2051 3797 2123 3850 si-

476 3899 658 3954 gnum
683 3883 745 3936 in
777 3882 988 3938 claudo
1019 3883 1239 3938 factum
1272 3900 1479 3938 omnes
1502 3884 2126 3952 reddiditattentos,et

478 3972 711 4027 timoris
744 3987 811 4027 ac
842 3973 1341 4028 consternationis
1372 3973 1580 4044 plenos
1612 3975 1825 4029 effecit.
1850 3974 1994 4029 Vide
2021 3991 2124 4031 au-

475 4065 594 4115 tem
638 4061 936 4131 quomodo
970 4063 1270 4132 repellens
1331 4079 1497 4118 suam
1548 4064 1813 4135 ipsorum
1873 4064 2124 4135 gloriam

477 4164 656 4220 quam
695 4149 879 4222 signis
909 4151 1164 4205 assecuti
1217 4157 1406 4220 erant,
1459 4152 1612 4207 nihil
1651 4153 1849 4225 magni
1881 4152 1953 4207 de
1984 4153 2128 4223 ipsis

451 4237 1071 4310 _loquitur.Siquidem
1103 4240 1203 4310 qui
1233 4241 1496 4296 modeste
1519 4242 1701 4296 sentit
1723 4242 1796 4298 de
1827 4242 2128 4314 praeclaris

483 4329 607 4384 suis
639 4328 1137 4400 operibus,magis
1163 4330 1780 4387 attrahitauditorem.
1813 4331 1948 4386 Ideo
1981 4349 2127 4403 quo-

481 4435 596 4490 que
630 4417 745 4489 ipsi
777 4418 1389 4488 contemptahumana
1416 4419 1604 4490 gloria
1634 4421 2129 4492 seipsosamplius

480 4507 914 4580 gloriﬁcabant,
950 4508 1050 4564 28
1073 4524 1193 4563 non
1216 4507 1546 4564 humanum
1570 4511 1672 4566 sed
1713 4511 1975 4566 divinum
2001 4528 2129 4568 esse

2255 1590 2284 1619 ‹‹
2318 1563 2548 1640 ’Ἄνδρες
2604 1564 2967 1638 Ἰσραηλῖται,
3016 1562 3068 1619 τί
3117 1563 3423 1636 θαυμάζετε
3466 1561 3557 1618 ἐπὶ
3607 1562 3820 1632 τούτῳς

2187 1681 2216 1710 ιι
2243 1655 2278 1725 ἢ
2308 1658 2443 1729 ἡμῖν
2474 1655 2527 1709 τί
2570 1655 2842 1723 ἀτενίζετε
2898 1653 2974 1715 ὠς
3037 1651 3148 1724 ἰδίᾳ
3208 1650 3461 1726 δυνάμει,
3506 1654 3542 1722 ἢ
3600 1645 3829 1719 εὐσεϐείᾳ

2187 1767 2217 1796 ‹‹
2248 1745 2600 1813 πεποιηκόσι,
2633 1747 2730 1796 τοῦ
2759 1745 3078 1817 περιπατεῖν
3115 1741 3274 1797 αὐτόν
3311 1763 3327 1809 ς
3355 1765 3382 1792 »

2268 1930 2328 1979 Ἠ
2359 1928 2454 1978 106
2486 1919 2707 1997 Ἰσραὴλ
2764 1920 3110 1998 προσηγορία
3164 1918 3350 1991 διττὴν
3409 1914 3716 1976 ὑποϐάλλει
3745 1920 3833 1986 τὴν

2201 2008 2453 2087 ἔκληψινο
2514 2011 2761 2078 ἐπαίνου,
2821 2011 2925 2066 ἀπὸ
2985 2014 3081 2065 τοῦ
3141 2004 3359 2079 Ἰακὼϐ,
3427 2010 3474 2081 ᾧ
3528 2007 3841 2073 θεοπειθείας

2204 2103 2364 2178 χάριν
2398 2103 2433 2170 ἡ
2465 2105 2562 2155 106
2594 2100 2817 2174 Ἰσραὴλ
2875 2099 3280 2175 προσηρμὸσθη
3343 2101 3709 2175 προσηγορία,
3745 2097 3844 2154 ἀπὸ

2204 2197 2312 2246 τῶν
2341 2192 2491 2246 κάτω
2523 2188 2836 2264 συρομένων
2889 2189 2977 2243 ἐπὶ
3036 2188 3102 2243 τὰ
3160 2187 3386 2263 οὐράνια
3441 2188 3536 2243 καὶ
3592 2190 3706 2243 θεῖα
3761 2185 3842 2242 καὶ

2204 2281 2374 2347 νοητά
2427 2277 2924 2353 διαπορθμευθεῖσα
2980 2278 3112 2353 ὕψη·
3207 2275 3490 2353 μέμψεως,
3577 2277 3684 2333 ἀπὸ
3754 2279 3843 2341 τῆς

2206 2368 2391 2441 ἐξόδου
2423 2373 2523 2433 τῆς
2569 2368 2618 2440 ἐξ
2665 2369 2948 2443 Αῗγύπτου
3005 2372 3102 2423 τοῦ
3143 2367 3450 2441 σπέρματος
3505 2370 3674 2423 αὐτοῦ
3727 2363 3844 2421 δυσ-

2209 2459 2430 2536 αγώγου
2487 2459 2578 2512 καὶ
2635 2458 2891 2519 ἀπειθοῦς
2965 2457 3056 2511 καὶ
3114 2461 3580 2532 παραπικρασμοῦ
3643 2458 3845 2528 μεστοῦ.

2213 2550 2275 2617 EE
2318 2549 2576 2622 ἐκατέρου
2634 2548 2810 2604 τοίνυν
2843 2547 2906 2602 τὸ
2954 2544 3180 2621 Ἰσραὴλ
3241 2542 3418 2618 ὄνομα
3473 2546 3666 2610 αὺτοῖς
3720 2564 3852 2619 παρ-

2213 2637 2328 2712 έχει
2385 2635 2676 2705 αἰσχύνην,
2741 2637 2816 2708 μὴ
2909 2638 3282 2700 θεοπειθοῦσιν
3343 2635 3417 2697 (τις
3477 2637 3506 2690 6
3567 2636 3853 2710 προπάτωρ

2215 2725 2516 2794 ἀπώλειαν,
2574 2725 2648 2786 ὡς
2710 2726 2762 2779 οἱ
2819 2723 2870 2795 ἐξ
2928 2725 3211 2798 Αἰγύπτου
3249 2724 3323 2796 μή
3370 2727 3440 2796 τῇ
3474 2721 3853 2802 ἐπηγγελμένῃ

2217 2816 2576 2875 ἀνασωθέντες
2648 2810 3012 2886 κληροδοσίᾳ.
3085 2815 3180 2868 Ὧν
3239 2812 3503 2888 ἑκατέρων
3566 2813 3860 2886 ὑπόμνησις

2217 2901 2306 2960 διὰ
2337 2909 2434 2958 τοῦ
2468 2903 2739 2975 ὀνόματος
2773 2902 3118 2979 ἐγγινομένη,
3150 2906 3247 2957 τοῦ
3281 2903 3374 2974 μὲν
3429 2900 3609 2971 ζῆλον
3641 2901 3866 2977 παρέξει,

2216 2995 2322 3048 τῶν
2357 2989 2414 3048 δὲ
2439 2994 2537 3061 τήν
2571 2993 2806 3065 μίμησιν
2835 2989 2926 3047 διὰ
2955 2993 3045 3046 τὸν
3076 2991 3269 3064 ὅμοιον
3330 2988 3560 3065 ὄλεθρον
3608 2990 3867 3066 ἐκφυγεῖν,

2221 3084 2281 3138 ἐκ
2310 3089 2601 3157 προσοχῆς
2631 3087 2741 3138 τῶν
2771 3078 3231 3156 λεχθησομένων.
3295 3081 3559 3142 Πλείονος
3634 3079 3690 3137 δὶ
3745 3078 3867 3149 αὕτη

2225 3173 2381 3250 γέμει
2407 3179 2508 3242 τῆς
2537 3169 2841 3247 παρρησίας
2883 3173 2917 3239 ἡ
2979 3169 3323 3244 δημηγορία,
3388 3170 3496 3244 οὐχ
3552 3170 3650 3226 ὅτι
3707 3168 3758 3226 ἐν
3808 3172 3870 3243 τῇ

2226 3261 2464 3338 προτέρᾳ
2509 3257 2781 3341 ἐφοϐεῖτο,
2840 3258 2966 3314 ἀλλ’
3035 3257 3223 3328 ἐπειδὴ
3285 3258 3524 3339 χαλεποὶ
3578 3257 3738 3322 ὄντες
3790 3257 3872 3314 καὶ

2227 3353 2416 3426 ἰταμοὶ
2461 3353 2560 3407 οὐκ
2589 3352 2647 3406 ἄν
2709 3350 2933 3424 ἤνεγκαν
2994 3348 3208 3408 ἐκεῖνοι.
3279 3352 3374 3406 Ἐκ
3419 3351 3625 3406 τούτου
3683 3350 3874 3420 ἐκείνης

2232 3442 2325 3513 μὶν
2380 3441 2712 3515 ἀρχόμενος,
2785 3438 3117 3515 ἐπιστροφήν
3177 3437 3360 3501 αὐτοῖς
3445 3441 3733 3516 ἐργάζεται
3790 3437 3874 3494 διὰ

2226 3534 2322 3583 τοῦ
2360 3528 2682 3602 προοιμίου,
2736 3531 2906 3582 Τοῦτο
2962 3528 3087 3598 ὑμῖν
3142 3527 3404 3602 γνωστὸν,
3469 3525 3674 3602 λέγων,
3725 3527 3874 3595 ἔστω,

2228 3618 2316 3672 καὶ
2404 3615 2727 3679 ἐνωτίσασθε
2771 3616 2838 3670 τὰ
2918 3615 3136 3692 ῥήματά
3225 3633 3350 3687 μου·
3413 3615 3643 3672 ἐνταῦθα
3706 3614 3760 3672 δὲ
3814 3614 3870 3670 οὗ

2232 3703 2402 3762 δεῖται
2450 3712 2551 3774 τῆς
2608 3704 2866 3774 τοιαύτης
2922 3711 3280 3774 κατασκευῆς.
3355 3705 3433 3762 Οὐ
3516 3705 3618 3780 γὰρ
3697 3703 3876 3780 ἐρᾳθῦ-

2237 3817 2391 3869 μουν,
2423 3793 2570 3850 ἀλλὰ
2606 3795 2668 3849 τὸ
2727 3799 2954 3866 σημεῖον
3012 3797 3110 3848 106
3170 3792 3364 3865 χωλοῦ
3405 3792 3729 3870 ἐπέστρεψεν
3783 3793 3873 3848 αὖ·

2230 3885 2359 3947 τοὺς
2419 3885 2677 3952 ἅπαντας,
2755 3883 2846 3938 καὶ
2922 3881 3075 3943 δέους
3132 3882 3223 3936 καὶ
3280 3881 3598 3953 ἐκπλήξεως
3661 3882 3879 3953 ἐποίησε

2237 3971 2487 4045 μεστούς.
2519 3972 2660 4044 Ὅρα
2717 3967 2775 4025 δὲ
2826 3974 2947 4034 πῶς
3003 3967 3093 4024 διὰ
3140 3973 3234 4023 τοῦ
3289 3969 3730 4045 παρακρούεσθαι
3786 3971 3882 4038 τὴν

2234 4062 2358 4137 περὶ
2387 4062 2566 4117 αὐτῶν
2601 4059 2756 4131 δόξαν
2779 4061 2878 4128 τὴν
2910 4059 3000 4114 διὰ
3050 4064 3156 4115 τῶν
3210 4059 3476 4131 σημείων,
3536 4056 3696 4116 οὐδὲν
3760 4057 3880 4136 περὶ

2235 4154 2437 4208 ἑαυτῶν
2467 4153 2749 4232 φθέγγεται
2797 4154 2955 4223 μέγα,
3009 4151 3099 4204 ἅτε
3152 4153 3250 4203 106
3296 4147 3386 4204 ἐπὶ
3447 4147 3712 4225 μεγάλοις
3769 4154 3884 4211 τοῖς

2237 4241 2428 4296 ἑαυτοῦ
2512 4238 2968 4314 κατωρθωμένοις
3077 4241 3631 4313 ταπεινοφρονοῦτος,
3717 4240 3881 4295 πλέον

2237 4332 2605 4410 ἐφελκομένου
2636 4332 2729 4387 τὸν
2779 4330 3071 4402 ἀκροατήν.
3133 4331 3329 4403 Διόπερ
3379 4329 3469 4384 καὶ
3499 4331 3659 4386 αὐτοὶ
3712 4352 3882 4387 κατα-

2237 4424 2600 4497 φρονήσαντες
2658 4427 2756 4489 τῆς
2813 4417 3160 4494 ἀνθρωπίνης
3209 4416 3395 4488 δόξης,
3426 4417 3657 4491 μᾶλλον·
3703 4419 3886 4490 ἐδόξα-

2239 4533 2334 4568 σαν
2358 4513 2600 4580 ἑαυτοὺς,
2635 4511 2734 4565 οὐκ
2764 4510 3122 4581 ἀνθρώπινον,
3157 4508 3303 4564 ἀλλά
3350 4512 3490 4565 θεῖον
3549 4511 3612 4565 τὸ
3669 4513 3888 4588 γεγονὸς

484 4595 968 4654 demonstrantes
991 4597 1150 4668 quod
1199 4597 1423 4653 factum
1456 4604 1598 4654 erat.
1635 4623 1662 4649 «
1688 4601 1863 4665 Quasi
1895 4603 2104 4674 propri

2242 4600 2529 4675 δείξαντες.
2565 4625 2594 4653 ιι
2625 4600 2714 4662 Ὠς
2758 4597 2866 4670 ἰδίᾳ
2899 4597 3142 4672 δυνάμει.
3176 4617 3206 4653 ιι
3241 4596 3490 4677 Πρόσεχε
3531 4604 3612 4672 τῷ
3662 4599 3892 4674 εἰρημέ-

482 4687 1221 4758 potentia.»Animadverte
1247 4689 1404 4759 quod
1421 4689 1504 4744 ait
1520 4705 1639 4743 non
1653 4691 1919 4761 potentia
1930 4691 2134 4748 huma-

485 4789 566 4828 na
588 4773 747 4829 hunc
779 4775 1006 4832 salvum
1038 4776 1257 4832 factum
1283 4793 1430 4838 esse.
1454 4778 1559 4834 sed
1590 4777 1802 4834 divina.
1831 4781 2133 4837 Nazarmus

485 4861 668 4934 igitur
690 4863 842 4918 Deus
865 4871 955 4919 est
986 4865 1156 4936 cujus
1187 4883 1407 4922 nomen
1439 4868 1610 4924 illum
1641 4870 1882 4924 curavit.

556 4951 653 5010 III,
689 4953 876 5006 13-15.
928 4975 955 5002 ‹‹
1018 4955 1171 5010 Deus
1220 4957 1516 5012 Abraham
1549 4964 1608 5012 et
1654 4960 1817 5015 Isaac
1850 4964 1907 5016 et
1934 4960 2135 5030 Jacob,’

489 5060 511 5089 ε
537 5040 690 5096 Deus
711 5046 945 5112 patrum
970 5047 1309 5098 nostrorum
1341 5045 1696 5116 glorificavit
1714 5047 1928 5102 Filium
1961 5065 2134 5103 suum

483 5151 512 5179 ‹‹
547 5130 768 5198 Jesum,
803 5147 978 5201 quem
1012 5148 1110 5188 vos
1139 5133 1488 5198 tradidistis,
1524 5151 1592 5191 ac
1624 5137 1883 5208 negastis
1940 5138 2133 5210 ipsum

487 5242 515 5271 «
550 5237 747 5277 coram
778 5221 990 5284 Pilato,
1018 5238 1152 5278 cum
1188 5223 1288 5277 ille
1321 5224 1741 5280 absolvendum
1782 5227 2132 5297 judicasset.

495 5328 517 5356 σ
549 5310 653 5364 Vos
683 5317 883 5368 autem
907 5317 1178 5367 sanctum
1203 5318 1262 5368 et
1301 5313 1532 5382 justum
1564 5317 1913 5387 negastis,et
1938 5324 2138 5388 postue

489 5418 516 5446 «
550 5396 717 5453 lastis
749 5405 814 5454 ut
842 5401 1030 5457 virum
1066 5401 1426 5456 homicidam
1457 5401 1707 5459 donaret
1727 5405 1912 5472 vobis,
1941 5412 2139 5461 aucto-

489 5509 518 5538 ‹‹
549 5504 676 5544 rem
709 5505 844 5546 vero
875 5491 1006 5548 vita
1034 5490 1438 5558 interfecistis,
1459 5507 1636 5563 quem
1663 5493 1816 5550 Deus
1836 5495 2139 5551 suscitavit

488 5598 515 5626 «
551 5593 586 5634 ο,
607 5579 875 5642 mortuis,
910 5581 1079 5652 cujus
1111 5598 1220 5636 nos
1252 5586 1432 5637 testes
1465 5599 1688 5640 sumus.
1715 5605 1742 5633 »

561 5667 769 5726 Adhuc
796 5670 1216 5730 humilioribus
1247 5672 1433 5730 hmret
1463 5678 1582 5731 tam
1612 5672 1672 5729 in
1704 5673 1796 5729 his
1815 5691 1945 5746 qua
1976 5674 2136 5746 ipsos

2240 4713 2338 4764 νῳ,
2370 4692 2453 4745 ὅτι
2485 4689 2546 4744 οὐ
2583 4685 2807 4760 δυνάμει
2840 4688 3158 4764 ἀνθρωπίνῃ
3222 4688 3370 4763 λέγει
3431 4687 3591 4743 αὐτὸν
3649 4689 3890 4759 ἰαθῆναι,

2243 4779 2388 4836 ἀλλὰ
2409 4778 2543 4850 θείᾳ.
2577 4779 2704 4840 Θεὸς
2737 4778 2827 4833 οὖν
2862 4779 2890 4832 6
2936 4779 3278 4852 Ναζωραῖος,
3331 4777 3392 4832 οὗ
3449 4777 3512 4831 τὸ
3569 4798 3745 4850 ονομα
3776 4778 3894 4842 ἐθε-

2243 4869 2502 4944 ράπευσεν
2533 4867 2714 4924 αὐτόν.

2318 4982 2345 5010 ‹‹
2383 4959 2444 5015 Ὀ
2502 4957 2631 5019 Θεὸς
2691 4951 2942 5032 ’Δϐραάμ
3022 4953 3110 5010 καὶ
3171 4953 3357 5011 Ἰσαὰκ
3405 4953 3495 5009 καὶ
3555 4950 3775 5027 Ἰακὼϐ,
3863 4956 3891 5011 6

2243 5072 2271 5100 «
2305 5047 2436 5111 Θεὸς
2463 5052 2570 5101 τῶν
2602 5046 2848 5118 πατέρων
2880 5047 3042 5118 ήμῶν
3096 5042 3311 5116 ἐδόξασε
3366 5043 3458 5098 τὸν
3518 5041 3691 5100 Παῖδα
3721 5043 3893 5099 αὐτοῦ

2253 5159 2272 5186 ι
2309 5139 2540 5207 Ἰησοῦν,
2574 5131 2632 5190 ὅν
2660 5135 2816 5204 ὑμεῖς
2847 5130 3218 5201 παρεδώκατε,
3251 5130 3343 5186 καὶ
3388 5133 3698 5207 ἠρνήσασθε
3727 5133 3894 5189 αὐτὸν

2245 5251 2272 5278 «
2303 5225 2438 5280 κατᾶ
2489 5225 2780 5298 πρόσωπον
2830 5221 3096 5288 ιιιλάτου,
3153 5221 3437 5296 κρίναντος
3491 5219 3694 5276 ἐκείνου
3753 5221 3892 5278 ἀπο-

2249 5339 2271 5369 σ
2308 5313 2480 5370 λύειν.
2512 5315 2693 5386 Ὑμεῖς
2725 5310 2782 5368 Ξὶ
2813 5314 2903 5368 τὸν
2938 5313 3094 5389 ἅγιον
3149 5311 3239 5365 καὶ
3295 5307 3502 5366 δίκαιον
3559 5313 3889 5385 ἠρνήσασθε,

2249 5428 2275 5455 α
2306 5403 2396 5458 καὶ
2428 5405 2700 5478 ᾐτήσασθε
2731 5401 2896 5478 ἀνδρα
2920 5405 3085 5480 φονέα
3115 5406 3449 5479 χαρισθῆναι
3493 5400 3646 5472 ὑμῖν,
3701 5400 3789 5456 τὸν
3835 5395 3894 5455 δὶ

2247 5517 2274 5544 ‹‹
2307 5491 2553 5568 ἀρχηγὸν
2584 5495 2681 5562 τῆς
2705 5499 2853 5564 ζωῆς
2882 5489 3248 5558 ἀπεκτείνατε,
3276 5487 3334 5544 6'v
3394 5489 3422 5543 6
3483 5490 3614 5552 Θεὸς
3672 5489 3888 5566 ἤγειρεν

2249 5605 2277 5634 ‹‹
2305 5581 2364 5637 ἐκ
2381 5586 2599 5655 νεκρῶν³
2634 5583 2695 5637 οὗ
2726 5584 2889 5655 ἡμεῖς
2926 5577 3191 5657 μάρτυρές
3221 5577 3399 5650 ἐσμεν.
3437 5603 3458 5633 ι

2317 5673 2435 5727 Ἐτι
2474 5675 2582 5728 τῶν
2645 5670 3036 5748 ταπεινοτέρων
3094 5663 3300 5744 ἔχεται,
3353 5671 3458 5726 τῶν
3511 5669 3637 5756 περὶ
3670 5663 3888 5754 τιώσοὺς
