4098 6260
270 337 350 400 88
1292 339 1709 404 COMMENT.
1754 342 1831 399 IN
1878 341 2079 401 ACTA
2126 340 2739 406 APOSTOLORUM.
3668 347 3747 409 86

276 470 371 530 lli
423 471 700 545 Χριστοῦ
764 476 910 550 περὶ
972 476 1217 544 δαυτοὺς,
1274 471 1363 529 διὰ
1442 476 1538 529 τοῦ
1594 471 1785 542 εἷπεῖν,
1845 470 1966 546 οὗχῖ

2095 481 2483 543 concernunt,
2515 494 2693 549 quam
2716 495 2847 551 quae
2870 480 3169 537 Christum
3191 480 3524 553 respiciunt
3548 498 3560 536 :
3584 482 3747 555 ipsos

284 561 399 634 ἰδίᾳ
427 560 668 637 δυνάμει
704 566 1248 644 θαυμπουργῆσαι·
1307 564 1432 639 περί
1489 568 1734 639 Χριστοῦ
1784 560 1861 631 δὲ,
1912 567 1966 634 τᾷ

2101 564 2511 633 quidem,dum
2535 568 2620 622 ait
2641 569 2798 638 quod
2829 587 2948 623 non
2981 572 3222 641 propria
3254 571 3518 641 potentia
3543 570 3747 625 edide-

293 655 623 728 προσθεῖναι
646 656 751 710 τὸν
801 654 1009 711 παῖδα.
1065 655 1125 711 οὐ
1182 656 1284 733 γὰρ
1340 654 1403 709 τὸ
1463 651 1858 726 αὐτοδὸεαστον
1917 648 1966 707 ἕν

2098 652 2220 707 rint
2249 654 2635 723 miraculum;
2664 658 2961 713 Christum
2985 676 3140 718 vero.
3174 661 3447 715 addendo
3480 679 3491 715 :
3519 661 3747 716 Glorifi-

308 746 638 820 προσθήκην
690 742 868 817 δόξης
931 740 1142 802 λαϐεῖν.
1202 744 1549 805 Ταπεινώσας
1608 741 1698 798 οὖν
1754 743 1816 798 τὸ
1872 743 1966 796 καθ

2097 744 2247 798 cavit
2278 745 2488 800 Filium
2518 764 2689 801 suum
2711 765 2721 801 :
2742 765 2936 819 neque
2960 752 3114 803 enim
3141 750 3431 821 contingit
3457 750 3743 823 utglorim

308 836 539 897 ὶαυτοὺς
569 835 666 890 καὶ
700 837 975 910 Χριστὸν,
1026 834 1233 910 ἐπαίρει
1282 836 1342 889 τὸ
1387 839 1494 890 τῶν
1539 830 1810 888 Ἰουδαίων
1857 852 1966 887 κατέ

2096 833 2570 890 additamentum
2603 838 2855 907 accipiat
2886 838 2984 908 qui
3019 856 3085 893 ex
3121 856 3181 892 se
3231 840 3597 911 glorificatus
3631 846 3739 897 est.

318 929 558 1001 Χριστοῦ
588 923 902 999 τόλμημᾶ,
934 926 1027 981 καὶ
1070 925 1132 980 οὐ
1190 924 1493 994 συσκιάζιυν
1545 922 1619 985 ὡς
1671 923 1732 976 τὸ
1793 922 1966 996 πρότε·

2096 922 2201 978 Ubi
2234 940 2367 996 ergo
2398 924 2637 980 demisit
2671 934 2784 981 tam
2821 927 2879 981 id
2939 928 3096 997 quod
3158 930 3384 999 seipsos
3433 932 3741 984 concernit

331 1038 441 1091 pov.
492 1018 670 1073 Τοῦτο
730 1012 793 1071 δὲ
849 1021 1025 1085 ποιεῖ,
1087 1014 1297 1091 μᾶλλον
1356 1016 1552 1076 αὐτοὺς
1623 1013 1965 1089 ἐπαγαγέσθα

2093 1029 2270 1083 quam
2305 1014 2461 1084 quod
2493 1016 2793 1071 Christum
2823 1035 2834 1071 :
2869 1016 3098 1072 facinus
3130 1018 3738 1090 adaugetludaaorum

336 1102 692 1178 βουλόμενος.
743 1106 915 1161 ’Όσον
968 1104 1072 1181 γὰρ
1128 1101 1334 1159 ἐδείκνυ
1387 1104 1583 1165 αὐτοὺς
1638 1102 1965 1167 ὑπευθύνους

2092 1101 2371 1157 adversus
2396 1105 2723 1159 Christum:
2749 1122 2942 1177 neqz'e
2964 1107 3111 1160 illud
3139 1108 3443 1161 inumbrat
3466 1114 3529 1161 ut
3550 1108 3735 1179 prius.

326 1198 586 1250 τοσοῦτον
620 1191 840 1267 μᾶλλον
856 1197 1048 1248 τοῦτον
1072 1193 1293 1270 ἐγίνετο.
1324 1194 1421 1249 Διὰ
1453 1190 1510 1247 δὲ
1535 1196 1650 1259 τοῦ,
1678 1217 1705 1242 ‹‹
1729 1194 1801 1249 Ον
1828 1192 1966 1262 ὐμεῇ

2092 1191 2209 1245 Hoc
2242 1199 2439 1247 autem
2470 1194 2610 1249 facit
2642 1196 2829 1267 magis
2863 1195 2998 1249 illos
3031 1196 3270 1251 allicere
3317 1197 3537 1250 volens.
3596 1199 3738 1252 Nam

323 1281 682 1357 παρεδώκατε
734 1283 825 1338 καὶ
883 1284 1204 1357 ἠρνήσασθι,
1266 1307 1295 1335 ››
1357 1279 1452 1337 δύο
1509 1283 1575 1336 τὰ
1630 1280 1959 1357 ἐγκλήματα

2092 1287 2311 1351 quanto
2346 1284 2530 1355 magis
2571 1284 2731 1354 ipsos
2760 1285 3020 1339 ostendit
3059 1286 3365 1351 obnoxios,
3406 1293 3565 1339 tanto
3616 1303 3738 1340 am-

326 1372 559 1445 Πελάτῳ
615 1393 675 1427 τε
728 1373 831 1449 γὰρ
906 1369 1223 1447 παρέδωκαν
1311 1372 1387 1433 εἰς
1466 1372 1646 1451 φόνον,
1716 1371 1957 1433 εἰπόντες

2092 1370 2243 1440 plius
2275 1372 2423 1425 illud
2458 1374 2739 1427 succedit.
2777 1375 2886 1428 Per
2934 1376 3046 1429 hoc
3093 1381 3313 1435 autem.
3364 1399 3389 1423 ‹‹
3425 1378 3608 1440 Quem
3641 1392 3740 1429 vos

330 1466 559 1537 «Ἡμῖν
617 1460 806 1518 οὐδένα
862 1461 1058 1532 ἔξεστιν
1116 1463 1449 1518 ἀποκτεῖναι.
1485 1486 1513 1512 ››
1570 1463 1873 1535 ἠρνήσαντο
1924 1460 1966 1519 δί

2092 1460 2413 1514 tradidistis
2445 1467 2503 1514 et
2534 1464 2831 1534 negastis:
2864 1484 2889 1512 ι»
2930 1463 3058 1517 dua:
3093 1470 3395 1534 ponuntur
3416 1465 3739 1518 accusatio-

312 1549 640 1628 κρᾶζοντες,
669 1578 695 1603 ιι
734 1553 847 1611 Οὐκ
876 1551 1078 1627 ἔχομεν
1134 1551 1362 1627 βασιλέα
1410 1552 1455 1607 εἱ
1517 1555 1591 1626 μὴ
1656 1553 1911 1625 Καίσαρα.
1950 1578 1966 1603 ›ς

2092 1550 2523 1619 nes.Siquidem
2556 1552 2742 1605 Pilato
2770 1552 2841 1606 ad
2865 1553 3083 1607 caedem
3112 1553 3502 1612 tradiderunt.
3528 1554 3732 1607 dicen-

315 1640 500 1698 Ἀλλά
535 1663 600 1719 γε
631 1639 698 1711 δή
732 1642 821 1697 καὶ
853 1639 1092 1695 Πιλάτου
1122 1639 1403 1712 ’Έλληνος
1462 1638 1635 1707 ὄντος,
1693 1642 1781 1695 καὶ
1839 1644 1966 1713 μήτε

2092 1644 2192 1692 tes:
2209 1662 2234 1687 ‹‹
2256 1639 2431 1693 Nobis
2459 1657 2577 1694 non
2602 1640 2743 1695 licet
2765 1643 3099 1696 interficere
3116 1659 3477 1713 quemquam
3496 1642 3597 1696 ‘0.»
3619 1643 3725 1697 Ne-

322 1738 564 1806 σημεῖον
603 1733 744 1804 πρὸς
801 1729 1039 1805 Χριστοῦ
1091 1731 1417 1805 ἑωρακότος,
1483 1734 1622 1805 μήτε
1677 1735 1966 1811 προφητῶι

2092 1736 2364 1800 gaverunt
2394 1737 2589 1784 autem
2624 1731 2949 1785 clamantes
2977 1749 2988 1785 :
3024 1755 3049 1780 «
3076 1734 3200 1786 Non
3227 1731 3512 1785 habemus
3534 1747 3733 1803 regem

314 1822 634 1889 ἀκηκοότος
694 1821 819 1893 περὶ
851 1824 1104 1894 Χριστοῦ,
1138 1820 1226 1875 καὶ
1261 1818 1598 1895 βουλομένου
1629 1820 1787 1875 αὐτὸν
1846 1821 1966 1876 ἀπο·

2092 1823 2298 1887 praeter
2319 1818 2610 1873 Caasarem
2634 1821 2699 1876 ⁴¹.
2731 1844 2753 1867 ››
2781 1822 2955 1891 Atqui
2982 1838 3122 1875 sane
3148 1838 3279 1875 cum
3306 1822 3481 1875 etiam
3511 1821 3733 1877 Pilatus

312 1911 489 1973 λύειν.
524 1910 687 1965 αὐτοὶ
718 1910 808 1964 καὶ
857 1914 1376 1986 θαυματουργοῦντα
1432 1908 1665 1984 Χριστὸν
1714 1909 1966 1983 τεθεαμέσ

2092 1906 2346 1977 gentilis.
2382 1907 2479 1978 qui
2514 1925 2706 1979 neque
2739 1910 2904 1983 signa
2936 1927 2967 1964 a
3000 1912 3230 1965 Christo
3262 1911 3505 1976 viderat,
3540 1928 3735 1982 neque

307 2023 415 2069 νοι,
449 2001 548 2057 καὶ
580 2004 884 2079 προφητῶν
918 2001 971 2054 έν
999 2000 1194 2073 γνώσει
1248 2003 1354 2055 τῶν
1414 2000 1536 2072 περὶ
1585 2000 1750 2054 αὐτοῦ
1790 1998 1966 2059 αὐτοῖς

2092 1995 2405 2066 prophetas
2438 1996 2507 2051 de
2540 1998 2769 2052 Christo
2800 2000 3087 2067 audierat,
3120 2001 3293 2054 vellet
3317 2008 3511 2055 tamen
3542 2002 3737 2072 ipsum

311 2090 629 2165 εἰρημένων
687 2088 1071 2150 καταστάντες.
1118 2090 1218 2144 ὸύκ
1260 2088 1570 2168 ἠνέσχεσθε.
1634 2089 1729 2144 Διὰ
1777 2086 1833 2143 δὲ
1880 2093 1966 2143 τυί

2092 2085 2423 2140 absolvere:
2448 2103 2546 2141 vos
2576 2088 2687 2158 ipsi
2713 2089 2811 2157 qui
2840 2096 2888 2143 et
2916 2090 3210 2143 Christum
3236 2090 3523 2144 miracula
3554 2090 3733 2145 eden-

322 2180 523 2245 εῗπεῖν,
584 2202 611 2231 ιι
644 2179 819 2233 Φονέα
875 2178 1172 2252 ᾐτήσασθε,
1224 2203 1249 2229 ιι
1310 2176 1497 2240 δεινῶς
1573 2178 1966 2249 κατεσκεύασεν,

2092 2178 2202 2228 tem
2229 2177 2757 2246 conspexeratis,et
2781 2180 3052 2232 notitiam
3079 2178 3387 2233 habebatis
3408 2180 3733 2250 propheta-

331 2271 419 2324 δτι
451 2267 702 2324 ἰδῦναντο
730 2269 824 2323 τὸν
883 2269 1116 2342 Χριστὸν
1170 2265 1449 2325 ἀπολύειν.
1505 2267 1567 2323 Ei
1617 2269 1718 2342 γὰρ
1748 2268 1837 2320 τὸν
1872 2288 1966 2345 φο‹

2092 2280 2217 2317 rum
2250 2264 2311 2318 in
2345 2266 2436 2318 his
2470 2283 2599 2336 qum
2634 2267 2702 2321 de
2736 2268 2861 2337 ipso
2894 2267 3183 2330 dixerant,
3210 2286 3327 2323 non
3354 2277 3549 2323 tamen
3573 2270 3644 2324 ab
3665 2288 3732 2325 eo

325 2356 420 2413 νέα
450 2355 780 2426 ἀπολυθῆναι
829 2356 1114 2427 ἐποίησαν,
1172 2357 1261 2412 τὸν
1329 2354 1541 2430 μᾶλλον
1601 2357 1877 2423 ὑπαίτιον,
1914 2355 1966 2408 οὖ

2092 2369 2185 2406 vos
2209 2354 2589 2409 continuistis
2638 2356 2849 2409 Diccns
2880 2374 3048 2410 vero:
3079 2377 3107 2408 (ι
3143 2358 3505 2412 Homicidam
3534 2364 3734 2429 postu-

320 2445 530 2519 πολλῷ
560 2444 631 2517 δή
662 2468 762 2501 που
789 2446 883 2503 τὸν
914 2447 1199 2501 ἀνεύθυνον
1226 2468 1240 2516 ;
1274 2450 1363 2499 νῦν
1399 2442 1455 2501 δὲ
1511 2445 1851 2512 ἀπεναντίας,
1884 2443 1966 2499 τὸν

2092 2442 2277 2505 lastis,
2300 2463 2327 2490 ››
2353 2444 2675 2498 efficaciter
2698 2445 2906 2514 probat
2927 2447 3083 2514 quod
3108 2448 3401 2501 Christum
3435 2451 3737 2519 potuerint

314 2537 414 2612 μὲν
482 2536 777 2593 ὑπεύθυνον
844 2534 1136 2606 ἐξείλοντο,
1190 2535 1283 2590 τὸν
1349 2532 1406 2591 δὲ
1485 2534 1765 2588 ἀνεύθυνον
1847 2533 1966 2588 ἀπο-

2092 2530 2410 2586 absolvere.
2437 2534 2578 2586 Nam
2613 2534 2658 2586 si
2686 2534 3043 2588 homicidam
3071 2535 3293 2589 absolvi
3328 2538 3596 2591 fecerunt
3634 2540 3735 2609 qui

308 2632 614 2693 κτανθῆναι
678 2620 1017 2697 παρέδωκαν.
1078 2622 1263 2679 Εἰπὼν
1350 2620 1426 2691 δὲ,
1488 2646 1514 2673 ‹‹
1575 2622 1664 2675 τὸν
1721 2620 1966 2699 ἀρχηγὸν

2092 2619 2258 2691 longe
2278 2620 2534 2691 amplius
2554 2622 2844 2676 obnoxius
2861 2630 3085 2688 erat,an
3102 2642 3217 2678 non
3234 2632 3391 2679 certe
3411 2625 3580 2697 longe
3600 2627 3735 2682 faci-

308 2722 410 2783 τῆς
453 2716 631 2783 ζωῆς,
668 2710 995 2768 »δείκνυσιν
1039 2713 1113 2775 ὡς
1171 2712 1333 2773 αὐτὸς
1394 2710 1580 2765 ἑαυτὸν
1632 2707 1913 2776 ἀνέστησεν
1948 2710 1966 2764 ἐ

2092 2710 2202 2765 lius
2232 2711 2568 2781 potuissent
2596 2730 2730 2766 eum
2755 2712 3058 2767 absolvere
3082 2715 3183 2784 qui
3207 2716 3455 2769 crimine
3471 2715 3738 2771 carebat?

307 2804 566 2877 Χριστός.
632 2805 747 2873 Τὴν
802 2802 1085 2857 ἀνάστασιν
1145 2799 1201 2857 δὲ
1258 2803 1321 2857 οὐ
1400 2804 1698 2877 προφητῶν
1749 2795 1966 2873 ἔμπεδοῖ

2092 2801 2252 2854 Nunc
2283 2806 2479 2855 autem
2507 2818 2535 2853 e
2568 2802 2796 2856 diverso
2854 2802 3175 2858 obnoxium
3229 2804 3469 2875 quidem
3517 2806 3736 2861 libera-

302 2892 663 2967 μαρτυρίαις,
694 2890 869 2957 ἀλλὰ,
913 2891 1103 2962 ἐπειδή
1162 2892 1479 2962 ἀξιόπιστος
1520 2891 1707 2951 αὐτοῖς
1756 2889 1846 2957 ἦν,
1896 2892 1966 2961 τᾷ

2092 2896 2244 2954 runt,
2274 2889 2568 2945 insontem
2603 2909 2735 2947 vero
2764 2898 2828 2947 ut
2859 2893 3307 2948 interimeretur
3340 2894 3732 2950 tradiderunt.

295 2982 457 3056 χορῷ
488 2986 600 3037 τῶν
629 2980 987 3039 ἀποστόλων,
1049 2981 1202 3038 Ἐπεὶ
1267 2978 1323 3039 δὲ
1385 2979 1720 3053 μετεωρίσας
1774 2980 1837 3033 τὸ
1890 2973 1966 3053 ἔγ.

2092 2981 2380 3036 Praeterea
2438 2981 2711 3049 dicendo,
2774 2986 3149 3039 «Auctorem
3207 2985 3416 3043 vitae.»
3476 2984 3736 3040 ostendit

296 3070 754 3145 ιιΑημα.ὲλ·3πει
803 3068 1081 3145 σφοδρῶς,
1144 3068 1309 3126 πάλιν
1366 3070 1600 3140 ἀνίησιν,
1658 3067 1747 3123 ἐπὶ
1810 3068 1966 3141 μετά-

2092 3069 2244 3139 quod
2268 3070 2528 3141 seipsum
2564 3072 2934 3127 suscitaverit
2966 3074 3089 3144 ipse
3123 3074 3408 3128 Christus.
3453 3076 3738 3129 Resurre—

302 3183 455 3217 νοιαν
486 3162 687 3223 αὐτοὺς
722 3163 1002 3232 συνωθῶν,
1035 3161 1121 3216 ὅτι
1161 3181 1218 3216 τε
1275 3159 1327 3235 ἐξ
1386 3159 1605 3237 ἀγνοίας
1659 3160 1719 3214 τὸ
1774 3156 1966 3235 ’ἐγκλη-

2092 3159 2345 3213 ctionem
2380 3177 2511 3214 vero
2546 3178 2664 3215 non
2698 3163 3119 3232 prophetarum
3147 3163 3457 3217 confirmat
3479 3166 3738 3219 testimo-

312 3272 391 3321 μα
417 3251 511 3305 καὶ
542 3251 746 3316 ἀνοίας,
778 3250 872 3305 καὶ
905 3249 990 3306 ὅτι
1028 3250 1091 3305 τὸ
1148 3250 1199 3322 ἐξ
1260 3249 1441 3327 ἀργῆς
1500 3246 1829 3323 τεταγμένον
1887 3246 1966 3301 καὶ

2092 3248 2227 3313 niis,
2261 3248 2363 3305 sed
2394 3250 2573 3305 choro
2606 3252 3008 3322 apostolorum
3052 3253 3099 3307 si
3162 3253 3305 3323 ipsis
3355 3253 3469 3308 fide
3520 3253 3731 3325 dignus

326 3338 495 3414 λόγῳ
524 3344 811 3416 προφητῶν
868 3335 1442 3418 κεχρησμῳδημένον,
1504 3337 1603 3392 οὐκ
1651 3337 1717 3405 ἦν
1769 3334 1975 3411 παρελ-

340 3435 475 3492 θεῖν.
510 3430 654 3485 Ἐπεὶ
684 3427 739 3485 δὲ
772 3429 943 3505 μέχρι
972 3429 1169 3484 τούτου
1200 3423 1434 3504 προέϐη,
1484 3424 1592 3497 ἢδη
1654 3425 1744 3481 καὶ
1795 3424 1977 3501 ῥητῶς

317 3522 418 3589 τήν
481 3518 770 3591 μετάνοιαν
835 3519 1132 3595 εἰσηγεῖται
1187 3513 1710 3592 κατηναγκασμένως
1779 3513 1976 3570 ἀναλα-

311 3603 453 3679 ϐεῖν,
489 3608 626 3683 πρός
658 3629 717 3663 τε
749 3606 1021 3682 ἐξάλειψιν
1076 3612 1183 3663 τῶν
1229 3605 1658 3683 ἡμαρτημένων,
1718 3605 1808 3661 καὶ
1852 3624 1979 3679 τρυ-

309 3700 418 3775 φήν
450 3697 546 3752 καὶ
579 3695 888 3767 ἀπόλαυσιν
919 3703 1029 3754 τῶν
1075 3694 1165 3753 διὰ
1224 3697 1513 3771 μετανοίας
1574 3695 1663 3751 καὶ
1713 3693 1979 3770 ἀγαθοερ-

318 3787 444 3863 γίας
476 3792 589 3843 τῶν
622 3785 999 3857 ἀτελευτήτων
1030 3785 1246 3865 ἀγαθῶν
1276 3785 1748 3861 εὐμοιρησάντων.

2088 3345 2229 3394 erat.
2242 3341 2339 3395 29
2363 3342 2583 3397 Deinde
2599 3360 2731 3399 vero
2749 3349 3059 3415 postquam
3077 3344 3375 3399 efferendo
3391 3346 3618 3399 crimen
3634 3362 3736 3400 eo-

2088 3430 2629 3489 rum,vehementer
2649 3432 3066 3501 constristavit,
3096 3452 3329 3488 rursum
3359 3435 3625 3500 remittit,
3659 3435 3733 3490 ad

2089 3518 2501 3589 pmnitentiam
2534 3520 2670 3576 illos
2703 3521 2959 3577 invitaus
2991 3539 3003 3576 :
3039 3523 3196 3593 quod
3220 3540 3289 3577 ex
3313 3524 3646 3595 ignorantia
3678 3530 3737 3579 et

2092 3607 2434 3678 insipientia
2457 3613 2849 3681 peccaverint,
2869 3618 2925 3667 et
2946 3612 3103 3683 quod
3126 3612 3273 3667 illud
3301 3613 3456 3683 quod
3480 3613 3735 3668 abinitio

2094 3697 2479 3753 constitutum
2496 3708 2699 3756 eratac
2715 3702 3135 3773 prephetarum
3150 3703 3390 3757 oraculo
3406 3702 3747 3774 praedictum

2094 3802 2214 3840 non
2247 3790 2504 3859 potuerit
2534 3791 2756 3844 evitari.
2794 3791 2899 3846 Ubi
2937 3808 3069 3846 vero
3098 3792 3401 3861 hucusque
3426 3791 3736 3861 processit.

308 3894 405 3935 am
418 3880 608 3934 etiam
623 3878 821 3950 palam
836 3878 1097 3951 cogendo
1114 3877 1342 3934 inducit
1358 3878 1431 3933 ad
1452 3876 1896 3949 suspiciendam
1914 3877 2475 3946 pcenitentiam,tum
2489 3880 2561 3934 ad
2576 3880 2961 3935 abolitionem
2977 3880 3327 3933 delictorum
3341 3885 3421 3939 .tu
3431 3896 3481 3931 m
3502 3879 3576 3933 ad
3589 3878 3731 3932 deli.

288 3968 421 4025 aias
444 3968 923 4040 fruitionemque
954 3974 1315 4024 mternorum
1347 3967 1661 4034 bonorum,
1692 3982 1821 4038 qua:
1856 3981 1962 4036 per
1982 3966 2389 4036 paenitentiam
2420 3967 2833 4040 bonorumque
2866 3970 3271 4040 operationem
3299 3968 3729 4041 percipiuntur-

383 4078 405 4104 ι
442 4055 550 4113 Καὶ
579 4054 670 4111 ἐπὶ
696 4059 765 4129 τῇ
806 4056 985 4112 πίστει
1042 4060 1139 4110 τοῦ
1197 4054 1463 4129 ὀνόματος
1526 4054 1718 4117 αὐτοῦ,
1777 4057 1968 4107 τοῦτον

306 4172 334 4198 κ
397 4146 457 4201 ὃν
511 4148 769 4222 θεωρεῖτε
822 4145 912 4200 καὶ
998 4141 1203 4215 οἷ’δατε,
1280 4144 1571 4220 ἐστερέωσε
1649 4143 1712 4199 τὸ
1798 4138 1968 4215 ὄνομα

307 4262 333 4287 ιι
368 4235 566 4294 αότοῦ.
610 4259 642 4287 n

384 4321 676 4390 Τουτέστι,
698 4323 765 4381 Τί
794 4322 964 4401 λέγω,
996 4322 1286 4386 πιστεῦσας
1317 4321 1405 4381 ἐπὶ
1463 4326 1542 4393 τῷ
1590 4319 1816 4395 ὀνόματι
1872 4318 1965 4374 αὖα

303 4419 405 4469 τοῦ
451 4412 808 4488 ἑστερεώθη;
867 4413 957 4469 καὶ
1034 4414 1159 4490 πρὶν
1214 4413 1251 4483 ἢ
1312 4416 1615 4481 πιστεῦσαι,
1678 4412 1739 4467 τὸ
1796 4406 1968 4482 ὄνομα

313 4504 477 4577 μόνον
525 4502 822 4574 ἐπικληθὲν
904 4501 1224 4578 ἐστερέωσεν
1280 4502 1464 4559 αὐτόν’
1541 4501 1809 4570 τοσαύτην
1866 4523 1969 4571 πη-

314 4594 470 4671 γάζει
499 4594 565 4647 τὸ
597 4591 773 4668 ὄνομα
804 4594 903 4662 τὴν
936 4592 1121 4668 χάριν.
1153 4590 1318 4649 Οὔπω
1376 4593 1479 4671 γὰρ
1535 4592 1599 4661 ἦν
1660 4590 1966 4661 πιστεύσας,

2148 4055 2247 4118 III,
2284 4058 2366 4110 16.
2400 4080 2426 4105 ‹‹
2464 4058 2533 4111 Et
2557 4058 2629 4111 ob
2664 4059 2839 4113 ﬁdem
2869 4058 3130 4113 nominis
3158 4059 3308 4129 ejus,
3347 4059 3507 4114 hunc
3541 4075 3718 4129 quem

2085 4168 2104 4193 ι
2143 4162 2241 4201 vos
2272 4146 2479 4202 videtis
2512 4153 2569 4201 et
2592 4148 2800 4214 nostis,
2834 4149 3226 4204 consolidavit
3249 4149 3722 4221 nomenipsius.»

2150 4324 2269 4381 Hoc
2300 4331 2408 4393 est,
2442 4326 2590 4391 Quid
2620 4326 2752 4381 dico
2785 4326 2944 4398 quod
2970 4327 3070 4397 qui
3106 4326 3359 4383 credidit
3387 4326 3449 4381 in
3480 4326 3724 4381 nomine

2079 4415 2209 4485 ejus
2240 4415 2645 4471 consolidatus
2678 4415 2799 4469 sit?
2830 4416 2949 4470 imo
2978 4418 3157 4471 etiam
3188 4417 3535 4487 priusquam
3594 4432 3723 4470 cre-

2080 4504 2263 4571 deret,
2312 4521 2529 4559 nomen
2593 4510 2823 4560 tanlum
2912 4506 3249 4561 invocatum
3331 4503 3726 4559 consolidavit

2077 4595 2248 4651 illum
2275 4613 2286 4649 :
2322 4600 2545 4650 tantam
2578 4601 2781 4650 manat
2811 4611 3030 4650 nomen
3063 4596 3224 4649 illius
3255 4595 3503 4663 gratiam
3530 4610 3542 4646 :
3577 4610 3726 4649 non-

311 4681 461 4740 ἀλλὰ
495 4682 641 4758 μόνη
672 4684 708 4752 ἡ
739 4680 1027 4753 ἐπίκλησις
1047 4687 1145 4739 τοῦ
1197 4681 1464 4756 ὀνόματος
1511 4680 1573 4737 τὸ
1624 4686 1725 4736 πᾶν
1774 4680 1953 4758 εἰργά-

2092 4686 2221 4741 ium
2255 4686 2412 4740 enim
2445 4684 2795 4749 crediderat,
2830 4684 2934 4738 sed
2965 4685 3091 4739 sola
3120 4683 3380 4738 nominis
3433 4682 3723 4738 invocatio

308 4793 465 4830 σατο.

380 4887 410 4913 κ
457 4862 563 4919 Καὶ
623 4863 657 4931 ἡ
716 4860 897 4923 πίστις
951 4862 986 4930 ἠ
1048 4857 1116 4915 δι’
1176 4860 1342 4915 αὐτοῦ
1399 4854 1596 4916 ἔδωκεν
1656 4859 1805 4932 αὖτῷ
1858 4861 1958 4933 τὴν

317 4972 339 5002 ι
373 4949 717 5025 ὁλοκληρίαν
747 4951 951 5020 ταύτην
985 4949 1229 5005 ἀπέναντι
1260 4951 1471 5005 πάντων
1511 4951 1682 5025 ὑμῶν.
1727 4973 1754 4999 ››

380 5041 479 5103 Τίς
512 5037 571 5097 δὲ
599 5043 635 5109 ἡ
666 5040 847 5101 πίστις
878 5042 912 5109 ἡ
947 5036 1016 5095 δι’
1045 5039 1210 5095 αὐτοῦ
1241 5040 1602 5119 κηρυχθεῖσα,
1662 5038 1823 5101 αὐτὸς
1872 5039 1960 5113 έρ-

318 5130 564 5204 μηνεῦει.
597 5155 623 5181 ι(
656 5132 768 5188 Ἵνα
798 5128 1103 5207 γινώσκωσί
1134 5149 1191 5184 σε
1219 5130 1309 5184 τὸν
1369 5128 1531 5203 μόνον
1571 5127 1775 5199 ἀληθῆ,
1809 5151 1839 5182 ι
1869 5128 1959 5183 καὶ

315 5224 458 5293 ὶξῆς.
491 5225 602 5279 Ἵνα
633 5224 736 5299 γὰρ
772 5224 849 5295 μή
882 5242 965 5282 τις
998 5218 1147 5294 εἷ’πῃ,
1181 5220 1391 5277 Οὐκοῦν
1421 5217 1515 5275 κᾶν
1568 5219 1793 5281 ἄπιστος
1849 5219 1961 5275 ἐπι-

314 5311 617 5383 καλέσηται
662 5314 725 5368 τὸ
756 5307 931 5387 ὄιομα
980 5310 1268 5380 αὖτοῦ,κᾶν
1307 5308 1395 5365 ἐπὶ
1427 5310 1679 5385 θεραπείᾳ
1708 5308 1957 5376 ἀπίστου,

318 5401 470 5461 οὐδὲν
499 5404 661 5473 ἧττον
692 5405 727 5475 ἦ
777 5402 924 5465 ἴασις
980 5404 1361 5478 προχωρήσει,
1418 5399 1568 5477 εἶ’περ
1602 5405 1637 5473 ἡ
1669 5400 1958 5472 ἐπίκλησις

319 5495 459 5572 μόνη
490 5499 586 5551 τοῦ
615 5493 889 5569 ὀνόματος
925 5490 1264 5567 ἐστερέωσεν
1297 5488 1384 5547 ἵνα
1408 5490 1498 5547 οὗν
1545 5492 1621 5566 μή
1667 5513 1749 5553 τις
1800 5496 1960 5546 τοῦτο

315 5586 465 5663 εἴπῃ,
550 5583 824 5662 ἔπήγαγω
889 5604 919 5635 ιι
968 5580 1074 5640 Καὶ
1130 5582 1167 5652 ἠ
1225 5580 1402 5643 πίστις
1466 5581 1501 5651 ἡ
1561 5576 1635 5636 δι’
1689 5580 1875 5640 αὐτοῦ,
1935 5607 1955 5633 ι

2069 4794 2191 4838 rem
2222 4791 2461 4831 omnem
2494 4774 2738 4846 peregit.

2143 4891 2169 4917 ‹‹
2202 4869 2270 4921 Et
2304 4865 2449 4920 fides
2482 4880 2611 4934 quae
2644 4880 2749 4934 per
2779 4878 2910 4917 eum
2946 4868 3049 4917 est.
3090 4863 3253 4917 dedit
3280 4864 3392 4935 ipsi
3418 4864 3717 4936 integrita-

2074 4980 2098 5012 α
2132 4963 2250 5013 tem
2285 4957 2457 5010 istam
2492 4955 2551 5008 in
2584 4959 2907 5024 conspectu
2940 4955 3209 5009 omnium
3238 4962 3522 5010 vestrum.
3568 4977 3595 5003 »
3670 4960 3673 4963 ‘

2142 5048 2279 5112 Quae
2308 5050 2504 5100 autem
2539 5043 2615 5098 sit
2646 5042 2791 5098 ﬁdes
2822 5059 2951 5115 quae
2986 5062 3091 5115 per
3121 5062 3255 5100 eum
3288 5052 3394 5110 est,
3429 5044 3553 5115 ipse
3613 5042 3713 5099 de-

2071 5137 2274 5198 clarat,
2310 5134 2410 5188 ubi
2437 5132 2553 5187 ait:
2596 5154 2615 5179 α
2645 5134 2715 5188 Ut
2744 5141 3101 5205 cognoscant
3152 5140 3205 5190 te
3262 5135 3455 5189 solum
3506 5151 3709 5189 verum

2070 5230 2255 5284 Deum
2276 5224 2343 5293 η,
2379 5249 2405 5274 ››
2436 5230 2546 5278 etc.
2578 5225 2655 5279 Ne
2689 5224 2822 5294 quis
2855 5225 3013 5278 enim
3043 5224 3200 5279 dicat
3223 5243 3234 5280 :
3261 5226 3461 5293 Itaque
3477 5223 3711 5278 etiamsi

2071 5315 2333 5372 inﬁdelis
2356 5314 2588 5368 invocet
2611 5329 2830 5367 nomen
2854 5312 3298 5385 ipsius,eliamsi
3325 5313 3384 5367 in
3407 5314 3711 5368 curatione

2072 5405 2363 5462 increduli
2396 5404 2453 5459 id
2486 5406 2609 5471 fiat,
2632 5405 3023 5459 nihilominus
3047 5403 3206 5458 salus
3229 5402 3644 5475 subsequetur,
3666 5406 3713 5459 si

2072 5497 2317 5570 quidem
2351 5495 2477 5550 sola
2502 5496 2763 5549 nominis
2794 5494 3088 5549 invocatio
3122 5494 3709 5550 consolidavithunc.

2073 5589 2153 5642 Ne
2184 5587 2317 5658 quis
2350 5601 2481 5659 ergo
2514 5584 2623 5641 hoc
2651 5584 2827 5653 dicat,
2863 5583 3203 5655 subjunxit:
3246 5604 3266 5632 ι
3302 5586 3368 5639 Et
3398 5584 3546 5639 ﬁdes
3578 5599 3707 5654 quae

376 5686 424 5723 ιο
474 5685 641 5750 ιοω,
671 5700 833 5753 m1,
863 5684 953 5739 31.
1031 5681 1075 5716 ⁴¹
1104 5682 1272 5742 Joan.
1304 5698 1424 5753 xix,
1456 5683 1540 5737 l5.
1618 5680 1666 5717 η
1691 5683 1858 5740 Joan.
1890 5699 2023 5751 xvu,
2054 5687 2109 5741 3.
