4098 6260
393 350 468 412 8‘7
1479 345 1894 410 OECUMENII
1937 345 2246 409 'l‘RICCxE
2291 345 2671 409 EPISCOPI.
3713 349 3782 408 88

398 501 508 560 per
538 501 672 540 eum
704 488 792 540 est
819 501 832 540 :
868 506 896 533 »
929 485 1040 539 hoc
1067 487 1175 551 est,
1209 499 1491 556 magnum
1523 483 1762 555 quidem
1796 487 1886 538 est
1941 500 2050 538 no-

2179 480 2444 548 Γουτέστι,
2520 482 2657 556 μέγα
2713 480 2808 556 μέν
2863 479 2974 538 ἐστι
3049 481 3112 537 τὸ
3185 477 3378 554 ὄνομα,
3459 477 3546 533 καὶ
3629 478 3776 556 βρύον

407 592 570 643 men,
604 581 661 629 et
686 591 720 629 a
750 591 866 645 quo
899 578 1182 629 emanant
1234 575 1540 643 sanitates,
1606 573 1709 628 sed
1758 590 1907 644 opus
1969 578 2057 627 est

407 667 587 721 etiam
618 665 932 720 animabus
972 680 1104 734 qum
1135 663 1324 735 gratia
1352 663 1541 735 dignm
1565 663 1772 718 haberi
1808 662 2058 734 possint.

411 754 713 826 Siquidem
745 769 965 808 nomen
999 753 1070 808 ab
1103 752 1446 808 infidelibus
1478 753 1986 818 invocatum,cum
2014 753 2064 806 is

410 845 586 900 etiam
611 844 710 913 qui
737 843 926 898 salute
949 849 1081 914 eget
1111 859 1534 913 permansurus
1564 847 1654 897 est
1693 841 2061 908 incredulus,

414 949 792 1005 nequaquam
821 949 990 987 suum
1017 933 1826 986 sortieturel‘l'ectum.Dicere
1843 932 2061 1002 itaque,

411 1024 633 1078 Nomen
668 1020 854 1091 ipsius
885 1020 1274 1075 consolidavit
1299 1021 1501 1084 istum,
1532 1020 1785 1074 sublime
1830 1036 1897 1076 ac
1926 1037 2060 1092 per-

409 1113 633 1167 fectum
667 1117 775 1175 est,
830 1116 887 1166 et
936 1110 1169 1165 Iudaeos
1230 1110 1646 1165 exacerbavit:
1703 1109 1851 1165 illud
1904 1127 2038 1165 vero

409 1201 583 1257 Fides
617 1217 746 1272 qua}
779 1217 884 1272 per
905 1217 1038 1256 eum
1068 1206 1175 1262 est,
1200 1199 1447 1261 humile,
1472 1201 1603 1271 Ipse
1625 1205 1820 1255 autem
1846 1200 2062 1270 partim

419 1291 662 1361 quidem
694 1307 763 1346 ex
794 1291 879 1345 rei
903 1296 1116 1346 natura
1137 1307 1473 1345 sermonem
1501 1289 1824 1356 distribuit,
1848 1291 2064 1361 partim

411 1398 547 1437 vero
571 1382 744 1453 juxta
777 1381 1112 1436 auditorum
1146 1382 1424 1437 affectum
1465 1385 1524 1436 et
1552 1381 1900 1454 potentiam,
1949 1381 2058 1435 hu-

2175 572 2365 643 ἰάσεις,
2399 571 2546 628 ἀλλὰ
2577 571 2743 628 δεῖται
2776 574 2865 627 καὶ
2913 575 3107 652 ψυχῶν
3165 569 3467 643 δυναμένων
3517 569 3787 641 ἀξιωθῆναι

2171 663 2270 723 τῆς
2329 659 2574 735 χάριτος.
2634 661 2763 716 ’Υπὸ
2824 660 2928 737 γὰρ
2981 659 3222 714 ἀπίστων
3276 658 3340 713 τὸ
3400 657 3568 732 ὄνομα
3615 657 3785 714 ἐπικα-

2173 748 2458 823 λούμενον,
2515 749 2604 804 καὶ
2658 750 2887 804 ἀπίστου
2947 747 3249 824 μέλλοντος
3309 746 3482 822 μένειν
3565 752 3656 802 τοῦ
3703 755 3792 817 τῆς

2172 838 2368 898 ίάσεως
2396 837 2677 910 δεομένου,
2712 839 2814 892 οὐκ
2851 837 2911 892 ἄν
2967 837 3029 893 τὸ
3087 837 3284 892 οἰκεῖον
3340 836 3678 912 ἐνεργήσειεν.
3729 837 3794 894 Τὸ

2176 929 2270 1002 μέν
2302 929 2392 982 οὖν
2427 927 2617 994 εἰπεῖν,
2685 929 2757 984 Τὸ
2816 927 2986 1000 ὄνομα
3045 930 3210 982 αὐτοῦ
3262 925 3574 1001 ἐστερέωσεν
3631 927 3794 996 αὐτὸν,

2174 1016 2386 1091 ὑψηλὸν
2437 1019 2527 1073 καὶ
2585 1017 2818 1089 τέλειον,
2886 1017 2975 1073 καὶ
3033 1016 3324 1094 ἐτράχυνεν
3385 1016 3445 1073 ἄν
3490 1016 3616 1078 τοὺς
3668 1018 3796 1073 Ἰου-

2173 1107 2381 1170 δσίους.
2413 1111 2481 1165 Τὸ
2514 1107 2592 1176 δε,
2627 1112 2690 1167 Ἡ
2722 1109 2906 1169 πίστις
2937 1111 2972 1178 ἡ
2996 1107 3065 1163 δι’
3118 1105 3303 1179 αὸτοῦ,
3345 1107 3616 1164 ταπεινόν.
3641 1107 3694 1160 Ὀ
3725 1104 3794 1174 δὶ,

2168 1199 2235 1254 τὰ
2263 1199 2358 1273 μὶν
2394 1203 2454 1272 εῇ
2513 1198 2670 1278 φύσει
2726 1197 2908 1274 νέμων
2959 1203 3057 1254 τοῦ
3117 1199 3460 1274 πράγματος,
3517 1197 3584 1250 τὰ
3632 1193 3688 1250 δί
3735 1197 3797 1267 τῇ

2173 1286 2407 1353 διαθέσει
2461 1290 2549 1344 καὶ
2596 1293 2664 1363 τῇ
2698 1287 3062 1362 δυνάμειτῶν
3095 1288 3396 1362 ἀκροατῶν,
3453 1286 3668 1364 μίγνυσι
3716 1305 3797 1340 τα-

2171 1380 2326 1434 πεινᾶ
2356 1377 2592 1454 ὑψηλοῖς
2625 1377 2716 1433 διὰ
2747 1379 2809 1434 τὸ
2841 1375 3258 1454 εὐπαράδεκτον.

407 1479 574 1534 milia
601 1479 965 1550 permiscens
999 1479 1374 1548 sublimibus,
1408 1496 1524 1551 quo
1554 1479 1789 1534 facilius
1818 1495 2014 1534 sermo
2047 1480 2389 1551 excipiatur.

481 1657 580 1724 Ill,
617 1660 793 1712 17-20.
827 1681 854 1706 «
889 1658 958 1712 Et
999 1673 1182 1724 nunc,
1233 1656 1468 1723 fratres,
1529 1658 1685 1724 novi,
1739 1657 1898 1727 quod
1957 1673 2063 1728 per
2092 1678 2138 1743 Β

413 1767 442 1794 ‹‹
475 1746 872 1813 ignorantiam
904 1747 1165 1801 feceritis
1197 1747 1350 1801 sicut
1406 1752 1464 1801 et
1511 1747 1814 1818 principes
1857 1746 2058 1801 vestri.

417 1855 445 1884 «
479 1836 632 1890 Deus
661 1841 860 1891 autem
892 1852 1022 1906 quas
1054 1837 1557 1907 prmnuntiaverat
1578 1853 1684 1908 per
1706 1854 1772 1892 os
1793 1836 2060 1890 omnium

415 1946 441 1973 «
479 1940 724 1979 suorum
753 1925 1201 1996 prophetarum,
1236 1941 1545 1996 passurum
1582 1941 1710 1980 esse
1741 1925 2060 1989 Christum,

415 2034 436 2061 α
471 2013 788 2084 complevit
817 2014 927 2067 hoc
959 2013 1156 2069 modo.
1189 2013 1539 2085 Resipiscite
1587 2014 1763 2086 igitur
1808 2020 1866 2068 et
1921 2030 2064 2069 con—

411 2121 442 2154 α
469 2102 768 2157 vertimini
803 2103 903 2158 30
931 2119 1048 2173 quo
1079 2103 1392 2158 deleantur
1443 2109 1686 2174 peccata
1732 2109 1965 2159 vestra:
1999 2109 2066 2158 ut

415 2213 442 2240 α
477 2191 720 2246 veniant
749 2197 1020 2264 tempora
1049 2191 1518 2265 refrigerationis
1550 2209 1584 2248 a
1611 2200 1936 2265 conspectu
1958 2195 2066 2248 Do-

412 2301 439 2329 (ι
475 2297 646 2336 mlnl.
685 2303 713 2330 ››

489 2370 651 2429 Novi.
685 2371 903 2442 inquit,
935 2370 1092 2442 quod
1123 2387 1232 2442 per
1259 2370 1655 2441 ignorantiam
1689 2370 1969 2435 feceritis,
1995 2387 2063 2426 eo

417 2460 577 2532 quod
606 2460 807 2532 plures
837 2465 1096 2515 vestrum
1154 2460 1382 2516 videam
1437 2461 1701 2516 converti
1760 2466 1819 2515 et
1874 2460 2064 2516 salvos

418 2550 570 2606 ﬁeri.
606 2550 909 2622 Siquidem
942 2557 1186 2606 noverat
1215 2551 1373 2622 quod
1393 2569 1513 2606 non
1535 2552 1879 2624 ignoranter
1899 2551 2068 2606 fecis-

417 2646 570 2703 sent,
604 2639 710 2694 sed
742 2640 826 2694 ita
857 2639 1108 2707 dicebat,
1139 2641 1356 2696 ostium
1387 2640 1508 2695 illis
1539 2640 1900 2712 poenitentim
1931 2657 2066 2711 ape-

415 2729 600 2784 riens.
645 2728 782 2784 Ideo
814 2729 928 2784 ait:
964 2729 1338 2800 Resipiscite,
1371 2747 1493 2785 non
1532 2731 1604 2785 de
1637 2731 1973 2784 commissis
2003 2729 2065 2784 in

418 2835 592 2874 cruce
621 2819 783 2888 (nam
815 2817 886 2872 de
918 2816 1040 2871 illis
1071 2817 1344 2888 praedixit
1366 2819 1524 2888 quod
1550 2818 2066 2890 perignorantiam

425 2907 582 2962 facta
611 2907 851 2976 essent),
886 2905 989 2961 sed
1020 2905 1092 2961 de
1125 2905 1257 2960 aliis
1287 2907 1542 2963 delictis.
1571 2907 1785 2963 Dicens
1815 2913 2014 2963 autem
2049 2923 2064 2963 :

419 3018 447 3046 ‹‹
481 2997 770 3066 Tempora
786 2995 1270 3066 refrigerationis,
1295 3018 1323 3046 »
1348 2995 1609 3051 futurum
1640 2996 1902 3052 ostendit
1923 2995 2062 3051 utin

416 3084 635 3141 multas
668 3084 938 3140 miserias
969 3084 1256 3146 incidant.
1303 3091 1362 3140 et
1391 3085 1567 3142 bellis
1593 3092 1933 3142 vastentur:
1966 3087 2064 3143 hic

415 3173 574 3229 enim
603 3189 797 3229 sermo
821 3173 894 3229 ad
933 3190 1069 3229 eum
1102 3175 1203 3246 qui
1236 3175 1638 3246 deplorandus
1666 3181 1755 3230 est
1784 3177 2064 3248 cupitque

417 3264 910 3327 consolationem,
943 3264 1132 3334 aptari
1156 3271 1352 3335 potest
1395 3287 1420 3314 ‹‹
1446 3267 1519 3322 Ut
1539 3265 1780 3322 veniant
1800 3272 2069 3338 tempora

417 3353 905 3424 refrigerationis,
943 3376 969 3402 ››
1002 3354 1216 3424 inquit.
1269 3356 1339 3409 Ut
1385 3356 1752 3427 temporibus
1795 3357 2072 3412 videlicet

419 3441 888 3513 refrigerationis
935 3442 1451 3498 refocillarentur:
1509 3461 1640 3514 qum
1671 3462 1705 3500 a
1747 3451 2068 3518 conspectu

423 3530 660 3586 Domini
694 3531 813 3585 sive
845 3529 1042 3586 divina
1071 3537 1131 3585 et
1161 3537 1410 3602 paterna
1433 3533 1763 3589 substantia
1793 3535 1937 3589 dicit
1965 3533 2072 3588 ad-

423 3618 713 3675 ducenda.
748 3621 948 3691 Neque
983 3621 1140 3675 enim
1173 3621 1496 3677 verisimile
1530 3629 1659 3678 erat
1688 3640 1788 3679 eos
1818 3626 1918 3694 qui
1967 3641 2072 3695 per

422 3709 764 3782 passionem
784 3710 846 3764 in
866 3709 1078 3764 Filium
1097 3710 1303 3782 injurii
1324 3711 1706 3779 fuerant,non
1726 3718 2072 3786 accepturos

422 3800 662 3872 dignam
685 3799 1180 3872 ultionem,quam
1207 3803 1383 3857 etiam
1403 3819 1435 3857 a
1458 3805 1738 3860 Romanis
1757 3805 1913 3859 nacti
1933 3810 2074 3861 sunt

418 3889 711 3944 militibus
741 3906 848 3960 per
881 3891 1306 3961 Vespasianum
1341 3898 1399 3946 et
1428 3894 1620 3948 Titum
1653 3895 1692 3948 ii
1729 3896 1840 3965 qui.
1872 3895 2069 3950 Judai-

418 3995 555 4032 cam
613 3978 894 4033 adversus
954 3980 1252 4034 Christum
1309 3981 1605 4038 insaniam
1661 3991 2067 4040 exercuerant.

418 4067 619 4137 Neque
653 4067 844 4120 solum
877 4068 1119 4138 propria
1143 4070 1355 4141 politia
1385 4071 1649 4127 destituti
1683 4080 1840 4143 sunt,
1864 4091 2070 4130 verum

421 4155 600 4210 etiam
633 4161 767 4228 post
797 4173 918 4211 sum
949 4159 1296 4230 metropolis
1328 4161 1652 4233 templique
1675 4165 2069 4234 eversionem,

416 4244 594 4300 vitam
620 4261 856 4316 quoque
881 4246 1107 4302 ducunt
1123 4249 1434 4305 erraticam
1459 4256 1578 4305 toto
1599 4253 1821 4308 mundo
1840 4253 2068 4326 disper-

419 4337 466 4392 si
503 4353 516 4391 :
550 4343 608 4391 et
635 4353 826 4408 usque
857 4337 930 4392 ad
963 4338 1142 4409 hujus
1163 4340 1431 4394 mortalis
1456 4341 1582 4395 vitae
1615 4345 2070 4399 consummatio-

2244 1687 2270 1710 ι.
2306 1659 2408 1715 Καὶ
2438 1658 2550 1726 νῦν,
2580 1655 2985 1739 ἀδελφοῖ,οἷδα,
3008 1658 3092 1714 ὅτι
3122 1659 3256 1714 κατὰ
3286 1659 3510 1735 ἃγνοιαν
3537 1655 3798 1731 ἐπράξατε,

2172 1746 2355 1822 ὥσπερ
2388 1748 2478 1803 καὶ
2513 1749 2566 1803 οἱ
2596 1749 2861 1823 ἀρχόντες
2899 1749 3074 1823 ὑμῶν.
3107 1749 3169 1806 Ὀ
3197 1745 3254 1803 δέ
3283 1749 3414 1809 Θεὸς
3446 1745 3481 1801 ἄ
3509 1746 3802 1821 προκατήγ-

2167 1837 2319 1913 γειλε
2359 1835 2448 1892 διὰ
2506 1837 2776 1910 στόματος
2837 1840 3048 1893 πάντων
3105 1842 3214 1892 τῶν
3273 1841 3572 1914 προφητῶν
3627 1835 3799 1903 αὐτοῦ,

2167 1933 2356 1991 παθεῖν
2386 1928 2477 1983 τὸν
2515 1929 2771 2004 Χριστὸν,
2831 1925 3149 2002 ἐπλήρωσεν
3199 1926 3393 1988 οὕτως.
3436 1927 3799 1996 Μετανοήσατε

2169 2018 2260 2072 οῦν
2313 2019 2400 2072 καὶ
2461 2017 2815 2092 ἐπιστρέψατε
2886 2018 2964 2079 εἷς
3048 2017 3112 2073 τὸ
3197 2015 3580 2095 ἐξαλειφθῆναι
3662 2016 3801 2086 ὑμῶν

2166 2107 2262 2168 τὰς
2323 2106 2612 2182 ἁμαρτίας.
2671 2107 2820 2167 ὅπως
2877 2106 2936 2161 ἄν
2988 2104 3189 2162 ἔλθωσι
3261 2105 3447 2180 καιροὶ
3505 2105 3796 2179 ἀναψύξεως

2168 2196 2275 2253 ἀπὸ
2307 2196 2607 2272 προσώπου
2635 2196 2730 2252 τοῦ
2761 2195 2987 2270 Κυρίου.
3024 2219 3052 2247 ››

2241 2378 2467 2452 Ἕγνων,
2499 2375 2656 2454 φησὶ,
2690 2375 2773 2430 ὅτι
2823 2375 2959 2431 κατᾶ
3017 2376 3237 2450 ἄγνοιαν
3291 2375 3576 2450 ἐπράξατε,
3632 2373 3683 2444 ἐξ
3735 2371 3802 2428 ὧν

2173 2467 2284 2542 ὁρῶ
2314 2463 2562 2526 πολλοὺς
2620 2465 2775 2540 ὑμῶν
2832 2463 3251 2542 ἐπιστρέφοντας
3308 2465 3402 2520 καὶ
3452 2463 3802 2540 σωζομένους.

2169 2553 2317 2625 ᾚδει
2354 2555 2446 2629 μὲν
2477 2555 2579 2632 γὰρ
2610 2556 2694 2608 ὅτι
2727 2554 2789 2609 οὐ
2821 2555 2958 2608 κατὰ
3001 2551 3242 2631 ἄγνοιαν,
3288 2552 3420 2610 ἀλλ’
3469 2553 3641 2616 οὕτως
3687 2550 3802 2627 ἔφη,

2171 2645 2332 2720 θὺραν
2375 2645 2562 2706 αὐτοῖς
2613 2643 2841 2717 ἀνοίγων
2899 2643 3206 2716 μετανοίας.
3271 2645 3364 2698 Διὸ
3424 2643 3588 2719 λέγει’
3646 2645 3806 2701 Μετα-

2171 2739 2421 2803 νοήσατε,
2455 2733 2518 2788 οὐ
2563 2733 2684 2805 περὶ
2718 2737 2824 2786 τῶν
2873 2731 2924 2786 ἐν
2984 2738 3064 2804 τῷ
3120 2737 3334 2808 σταυρῷ
3391 2731 3803 2808 τετολμημένων

2175 2818 2331 2901 (ἔφθη
2362 2824 2464 2898 γὰρ
2496 2821 2662 2877 εἰπὼν
2695 2821 2817 2895 περὶ
2849 2820 3092 2892 ἐκείνων,
3146 2821 3232 2878 ὅτι
3283 2822 3336 2877 ἐν
3379 2823 3612 2898 ἀγνοίᾳ),
3671 2817 3806 2876 ἀλλὰ

2172 2913 2295 2988 περὶ
2351 2917 2460 2966 τῶν
2519 2909 2707 2966 ἂλλων
2765 2911 3066 2986 ἁμαρτιῶν.
3143 2911 3326 2968 Εἰπὼν
3398 2910 3481 2984 δὶ,
3541 2936 3569 2964 ‹‹
3620 2908 3804 2984 Καιροὶ

2094 3039 2138 3108 C
2177 3002 2504 3075 ἀναψύξεως,
2540 3024 2566 3044 η
2601 2996 2832 3054 δείκνυσι
2863 2998 3263 3076 ταλαιπωρίαις
3291 3000 3532 3066 πολλαῖς
3592 2997 3807 3074 μέλλον-

2175 3113 2268 3153 τσς
2324 3089 2522 3153 αὐτοὺς
2597 3090 2966 3164 περιπίπτειν,
3041 3092 3130 3146 καὶ
3212 3091 3812 3170 κατεργασθησομένους

2176 3183 2454 3257 πολέμων.
2489 3184 2627 3257 Ιιρὸς
2679 3183 2782 3256 γὰρ
2836 3184 2926 3238 τὸν
2993 3183 3363 3258 κλαυσόμενον
3418 3185 3523 3240 καὶ
3579 3204 3816 3260 παραμυ-

2178 3275 2294 3335 θίας
2355 3273 2722 3346 ἐπιθυμοῦντα
2791 3273 2950 3335 οὗτος
3034 3275 3092 3329 ἂν
3153 3275 3181 3328 ὁ
3263 3273 3428 3350 λόγος
3523 3275 3814 3351 ἆρμόσειεν.

2184 3388 2211 3420 α
2261 3367 2447 3427 Ὀπως
2500 3364 2559 3420 ἄν
2619 3364 2843 3435 ἔλθωσι,
2900 3363 3054 3440 φησὶ,
3135 3365 3317 3439 καιροὶ
3402 3364 3738 3440 ἀναψύξεως.
3793 3383 3815 3414 I

2179 3453 2327 3510 Κατᾶ
2356 3455 2483 3517 τοὺς
2509 3457 2609 3522 τῆς
2642 3455 2948 3528 ἀναψύξεως
2993 3453 3215 3530 καιροὺς
3274 3450 3529 3524 δηλαδή,
3586 3453 3676 3516 οὓς
3723 3450 3817 3507 ἀπὸ

2178 3540 2475 3614 προσώπου
2504 3545 2601 3596 τοῦ
2633 3543 2859 3616 Κυρίου,
2913 3541 3090 3596 εἴτουν
3148 3547 3248 3611 τῆς
3301 3541 3446 3605 θείας
3505 3543 3592 3597 καὶ
3641 3559 3822 3612 πατρι-

2178 3636 2281 3699 κῆς
2311 3631 2494 3691 οὐσίας
2541 3633 2994 3705 πρυτανευθῆναι,
3055 3631 3239 3704 φησίν.
3301 3627 3441 3688 Οὐδὲ
3506 3633 3606 3709 γὰρ
3664 3629 3816 3695 εἰκὸς,

2180 3720 2307 3780 τοὺς
2341 3719 2415 3781 εἰς
2444 3722 2536 3775 τὸν
2566 3721 2686 3775 Υἱὸν
2739 3717 3118 3796 ἐνυϐρίσαντας
3179 3718 3267 3775 διὰ
3321 3724 3418 3775 τοῦ
3483 3722 3711 3789 πάθους,
3741 3719 3812 3793 μὴ

2177 3810 2277 3880 τήν
2335 3805 2674 3884 ἀνταμοιϐην
2732 3810 2928 3881 εὐρεῖν,
2986 3808 3053 3879 ἤν
3107 3809 3198 3865 καὶ
3256 3810 3483 3883 ἀνεῦρον
3548 3811 3647 3867 ὑπό
3716 3811 3815 3864 τῶν

2176 3897 2503 3970 Ῥωμαϊκῶν
2551 3897 2926 3974 στρατοπέδων
2987 3897 3076 3954 διὰ
3133 3900 3552 3958 Οὐεσπασιανοῦ
3596 3901 3682 3956 καὶ
3729 3897 3818 3956 Tl-

2177 4008 2274 4043 του
2306 3989 2356 4042 οἱ
2396 3992 2464 4062 τῇ
2517 3986 2793 4062 Ἰουδαϊκῇ
2849 3989 2985 4044 κατὰ
3044 3989 3279 4062 Χριστοῦ
3337 3989 3816 4064 ἐγκαρτερήσαντες

2180 4076 2375 4154 λύσσῃ.
2411 4079 2513 4134 Καὶ
2547 4079 2608 4133 οὐ
2646 4080 2810 4150 μόνον
2860 4078 2977 4133 καθ’
3035 4077 3255 4139 ἑαυτοὺς
3314 4078 3626 4137 πολιτεύειν
3682 4077 3815 4134 ἐστέ-

2181 4187 2394 4242 ρηνται,
2428 4166 2574 4224 ἀλλὰ
2603 4168 2693 4222 καὶ
2731 4168 2863 4241 μετᾶ
2894 4170 2993 4238 τήν
3044 4173 3142 4237 τῆς
3197 4166 3603 4244 μητροπόλεως
3653 4167 3818 4224 αὐτῶν

2178 4257 2268 4313 καὶ
2300 4262 2396 4314 τοῦ
2425 4263 2556 4316 ναοῦ
2611 4260 3014 4332 κατασκαφὴν,
3046 4259 3135 4313 καὶ
3197 4258 3316 4334 βίον
3372 4257 3569 4333 ἄγουσι
3627 4257 3821 4313 πλάνον

2177 4347 2313 4402 κατᾶ
2367 4348 2566 4409 παντὸς
2629 4345 3033 4422 διασπαρέντες,
3103 4347 3194 4402 καὶ
3265 4349 3429 4422 μέχρι
3518 4355 3620 4419 τῆς
3673 4342 3826 4403 τοῦδε

419 4444 558 4482 nem
591 4429 674 4482 ita
730 4428 1148 4498 perdurantes,
1198 4445 1508 4500 nunquam
1562 4432 2063 4504 refrigerationem

2181 4439 2277 4489 τοῦ
2334 4441 2571 4515 φθαρτοῦ
2631 4436 2754 4510 βίου
2815 4417 3115 4496 συντελείας
3175 4417 3585 4510 διατηροῦντες,
3632 4437 3692 4493 οὐ
3745 4435 3821 4512 μή

417 4523 881 4588 consequentur
905 4518 973 4572 In
999 4535 1064 4572 eo
1084 4517 1242 4572 enim
1264 4518 1478 4573 Christi
1502 4519 1574 4575 de
1601 4521 1764 4576 cmlis
1791 4523 2064 4591 adventu,

416 4607 737 4678 unicuique
765 4607 935 4679 juxta
952 4607 1244 4680 condigna
1265 4607 1551 4680 rependet
1574 4611 2068 4682 preemiaﬂorum

418 4702 619 4750 autem
650 4714 780 4768 quae
813 4705 954 4754 tunc
983 4699 1184 4754 futura
1214 4705 1372 4766 sunt,
1406 4701 1805 4773 cognitionem
1847 4703 2066 4760 Judmis

418 4801 577 4841 nunc
610 4789 903 4857 proponit,
938 4794 1004 4842 ut
1032 4789 1243 4844 horum
1267 4791 1477 4846 timore
1500 4791 1910 4863 paenitentiam
1941 4809 2064 4849 ma-

416 4875 504 4946 gis
537 4879 777 4931 strenue
808 4878 1118 4948 arripiant.

489 5056 587 5120 IIl,
611 5053 699 5123 20,
732 5057 819 5108 2i.
855 5075 883 5104 ‹‹
916 5055 1219 5127 Mittatque
1250 5073 1386 5112 eum
1418 5060 1517 5129 qui
1550 5065 1686 5116 ante
1709 5061 2065 5132 praedicatus

426 5163 447 5193 ι
479 5150 568 5200 est
589 5145 751 5199 vobis
781 5145 981 5200 Jesum
1013 5144 1334 5207 Christum.
1361 5164 1538 5218 quem
1569 5157 1802 5220 oportet
1823 5152 2062 5223 quidem

427 5251 448 5281 α
481 5234 627 5289 οωιο
659 5233 878 5306 suscipi
910 5250 1098 5304 usque
1157 5234 1230 5288 ad
1289 5241 1556 5306 tempora
1612 5239 2064 5296 instaurationis

422 5346 449 5373 ιι
480 5325 768 5387 omnium,
805 5341 935 5395 quas
969 5324 1201 5378 locutus
1235 5331 1325 5378 est
1356 5327 1508 5380 Deus
1539 5344 1644 5398 per
1685 5347 1750 5384 os
1793 5333 2062 5388 omnium

419 5438 445 5464 «
478 5419 820 5468 sanctorum
850 5431 1091 5469 suorum
1134 5432 1168 5469 a
1198 5415 1414 5468 saeculo
1447 5419 1891 5488 prOpbetarum.
1931 5444 1956 5470 »

495 5502 632 5557 Vide
665 5503 961 5572 quomodo
995 5503 1205 5557 ordine
1239 5505 1535 5574 procedat.
1574 5508 1631 5562 ln
1664 5510 1842 5580 priori
1877 5511 2063 5582 siqui-

419 5595 553 5650 dem
586 5593 874 5649 concione
907 5595 1401 5650 resurrectionem
1436 5614 1503 5652 ac
1534 5598 1592 5652 in
1627 5601 1789 5655 caelis
1848 5602 2062 5656 sessio-

419 5700 559 5742 nem
589 5684 787 5739 innuit
816 5700 828 5738 :
861 5684 958 5738 hic
987 5689 1183 5740 autem
1217 5687 1597 5744 manifestum
1631 5691 1809 5747 etiam
1847 5691 2060 5746 adven-

419 5779 545 5831 tum
575 5791 754 5848 quem
782 5778 952 5830 vocat
982 5778 1215 5848 tempus
1247 5776 1734 5851 refrigerationis,
1768 5796 1876 5851 per
1905 5779 2062 5850 quod

2178 4545 2312 4580 ποτε
2350 4524 2570 4598 τύχοιεν
2625 4525 2951 4599 ἀναψῖξεως.
3010 4527 3158 4582 Κατὰ
3213 4525 3318 4600 γὰρ
3375 4529 3578 4598 ταυτὴν
3636 4529 3670 4596 ἡ
3727 4527 3820 4584 τοῦ

2181 4619 2420 4689 Χριστοῦ
2479 4615 2567 4671 ἀπ’
2625 4615 2854 4690 οὐρανοῦ
2928 4616 3214 4693 παρουσία,
3275 4617 3481 4690 ἐκάστῳ
3534 4624 3642 4675 τῶν
3690 4617 3820 4674 κατᾶ

2176 4701 2322 4773 ἀξίαν
2349 4704 2528 4757 πόνων
2561 4699 2850 4779 βραϐεύσει
2906 4705 2973 4761 τὰ
3028 4704 3257 4770 ἔπαθλα.
3320 4708 3546 4764 Τούτων
3602 4707 3660 4765 δὲ
3711 4712 3814 4764 τῶν

2173 4796 2470 4863 τηνικαῦτα
2497 4792 2765 4868 ἐσομένων
2798 4799 2995 4872 γνῶσιν
3046 4801 3137 4851 νῦν
3191 4795 3459 4867 ἐντίθησιν
3507 4798 3813 4867 Ἰουδαίοις,

2176 4883 2250 4944 ὡς
2282 4881 2342 4938 ἄν
2374 4888 2454 4956 τῷ
2482 4879 2638 4963 φὸϐῳ
2661 4885 2868 4940 τούτων
2931 4887 3316 4963 γεννικώτερον
3373 4889 3473 4956 τήν
3531 4891 3812 4963 μετάνοιαν

2175 4970 2595 5029 ἐπισπάσωνται.

2249 5088 2277 5114 ‹‹
2313 5062 2414 5120 Καὶ
2442 5063 2738 5138 ἀποστείλῃ
2797 5065 2888 5118 τὸν
2946 5065 3463 5143 προκεκηρυγμένον
3522 5073 3648 5140 νμῖν
3710 5069 3818 5137 Ἰη-

2177 5157 2300 5208 σοῦν
2360 5155 2612 5228 Χριστὸν,
2671 5153 2728 5208 ὅν
2790 5150 2873 5210 δεῖ
2928 5152 3151 5230 οὐρανὸν
3205 5155 3298 5228 μὶν
3383 5154 3628 5227 δέξασθαι
3687 5156 3816 5236 ἄχρι

2175 5244 2390 5319 χρόνων
2450 5244 2935 5307 ἀποκαταστάσεως
3004 5247 3243 5313 πάντων,
3305 5248 3378 5302 ὢν
3463 5247 3728 5318 ἐλάλησεν
3789 5247 3816 5302 ὁ

2175 5334 2302 5394 Θεὸς
2334 5330 2424 5388 διὰ
2459 5333 2732 5407 στόματος
2793 5335 3007 5390 πάΛτων
3065 5335 3237 5413 ἁγίων
3292 5337 3461 5393 αὐτοῦ
3519 5341 3813 5418 προφητῶν

2172 5421 2263 5476 ἀπ’
2294 5422 2512 5484 αἰῶνος.
2551 5446 2578 5473 ››

2242 5511 2380 5585 Ὅρα
2410 5515 2527 5574 πῶς
2556 5510 2668 5586 ὁδῷ
2693 5508 2994 5586 προϐαίνει.
3030 5516 3116 5572 Ἐν
3153 5516 3249 5592 μὲν
3277 5521 3347 5590 τῇ
3378 5519 3570 5592 πρώτῃ
3618 5514 3810 5589 δημη-

2167 5599 2346 5674 γορίᾳ,
2381 5604 2480 5672 τήν
2511 5601 2792 5658 ἀνάστασιν
2845 5604 2937 5658 καὶ
2993 5607 3092 5674 τήν
3144 5605 3219 5666 είς
3274 5605 3538 5678 οὐρανοὺς
3588 5604 3806 5679 ᾐνίξατο

2167 5688 2400 5762 καθισιν,
2488 5689 2707 5749 ἐνταῦθα
2795 5689 2851 5751 δὲ
2903 5693 2993 5748 καὶ
3047 5695 3146 5764 τὴν
3219 5692 3431 5775 ἐμφανῆ
3487 5693 3804 5772 παρουσίαν,

2169 5779 2236 5850 ἢν
2265 5781 2453 5860 καιρὸν
2487 5802 2649 5863 φησιν
2672 5781 2996 5859 ἀναψύξεως,
3049 5781 3104 5838 ἐν
3157 5783 3204 5857 ᾧ
3259 5783 3387 5846 τοὺς
3440 5790 3543 5858 τῆς
3585 5781 3812 5840 ἀναπό-
