4098 6260
219 358 286 422 89
1260 372 1672 438 OOMMENT.
1720 370 1806 431 IN
1850 370 2052 431 ACTA
2100 363 2720 436 APOSTOLORUM.
3639 373 3721 437 90

223 512 353 558 σιως
381 491 573 565 δηλοῖ
599 501 895 573 καιρούς.
931 504 1054 567 Οὓς
1108 504 1196 560 καὶ
1251 509 1470 568 Παῦλος
1525 503 1793 576 ἐπιζητεῖ,
1855 497 1932 557 λό-

2053 503 2349 575 signiﬁcat
2384 508 2653 576 tempora
2691 506 3188 564 resurrectionis:
3218 524 3351 579 qua;
3389 512 3449 565 et
3494 508 3715 565 Paulus

226 605 353 661 γων’
399 611 422 635 ι
462 588 585 643 Καὶ
620 591 813 664 ἡμεῖς
874 592 936 649 οἳ
966 594 1025 649 ἐν
1079 599 1156 666 τῷ
1212 597 1393 666 σκήνει
1449 595 1630 667 τούτῳ
1688 593 1946 661 στενάζοο

241 697 328 751 μιν
367 678 771 754 βαροῦμινοι.
807 706 840 734 η
886 683 960 740 Εἴ
992 681 1053 739 δέ
1080 706 1160 745 τις
1188 684 1276 739 καὶ
1322 684 1449 744 τοὺς
1508 684 1642 755 μετὰ
1668 685 1769 751 τήν
1800 682 1944 737 ἅλω·

253 791 330 825 σιν
357 768 525 848 λὲγει
555 772 808 847 καιροὺς
840 772 1182 849 ἀναψῦξεως,
1224 772 1374 830 οὗδέν
1432 771 1657 829 κωλύει.
1708 772 1808 830 Καὶ
1842 772 1946 849 γὰρ

263 860 391 927 τοῖος
440 868 545 932 τῆς
599 864 925 927 κακώσεως
993 866 1173 920 αὐτῶν
1230 864 1620 941 αἰχμαλωσίας
1680 861 1769 919 διὰ
1823 861 1949 924 τοὺς

276 951 562 1015 ἰκλεκτους
601 950 967 1010 ἐκολόϐωσεν
1022 955 1051 1009 ὁ
1099 956 1348 1031 Χριστός,
1372 953 1464 1009 ’ἱνα
1522 955 1575 1009 οἱ
1632 953 1947 1008 πιστεύσαν-

288 1065 375 1105 τες
426 1040 649 1117 εὕρωσιν
712 1044 987 1117 αναψυσιν
1024 1085 1040 1111 ,
1106 1045 1196 1099 καὶ
1274 1041 1613 1099 διασωθῶσιν
1682 1043 1790 1098 ἀπο
1846 1048 1947 1109 τῆς

295 1134 527 1216 σφοδρᾶς
579 1134 795 1205 ἐκείνης
853 1136 1225 1210 τακαιπωρίας
1287 1136 1378 1191 καὶ
1448 1135 1708 1211 ἀνάγκης.
1763 1133 1948 1189 Εἰπὼν

292 1225 353 1283 δὶ
380 1226 655 1300 ἆνωτὲρω,
680 1227 746 1284 Ὀ
796 1223 857 1281 Si
887 1227 1021 1290 Θεὸς
1053 1227 1085 1282 a
1113 1226 1614 1301 προκατήγγειλεν,
1676 1224 1738 1280 οὐ
1767 1223 1947 1295 τίθησι

290 1317 595 1392 μαρτυρίαν
682 1318 963 1393 Γραφικὴν
1041 1318 1163 1392 περὶ
1240 1324 1340 1387 τῆς
1429 1317 1802 1391 σταυρώσεως,
1864 1314 1949 1370 ὅτι

284 1406 489 1476 ἑκάστη
551 1404 730 1460 αὐτῶν
787 1407 920 1479 μετᾶ
975 1404 1205 1462 πολλῶν
1280 1405 1646 1482 ἐγκλημάτων
1707 1404 1799 1461 καὶ
1852 1424 1948 1458 κο-

286 1495 504 1559 λάσεως
562 1504 667 1566 τῆς
715 1497 804 1551 κα’
859 1496 1036 1551 αὐτῶν
1101 1495 1335 1572 εἷ’ρηται,
1394 1496 1483 1552 καὶ
1536 1495 1635 1551 οὐκ
1690 1491 1948 1551 ἐϐούλετο

281 1586 430 1648 τέως
464 1583 741 1655 λυπῆσαι.
796 1583 1185 1662 Ἀφιλὲστερον
1242 1582 1300 1641 δὶ
1353 1584 1623 1661 κέχρηται
1678 1590 1796 1647 τοῖς
1825 1587 1947 1660 περὶ

284 1674 555 1744 Χριστὸν,
583 1677 654 1748 τῇ
682 1674 1003 1729 ταπεινώσει
1035 1677 1142 1728 τῶν
1173 1673 1455 1749 ἀκροατῶν
1502 1673 1810 1745 οἰκονομῶν
1856 1675 1948 1729 τὸν

283 1763 481 1839 λόγον.
516 1763 664 1837 Πρὸς
695 1764 800 1839 γὰρ
828 1763 890 1818 τὸ
921 1763 1201 1837 ὁρώμενον
1258 1765 1356 1816 τοῦ
1415 1762 1644 1835 Κυρίου,
1678 1760 1853 1817 εἴτουν
1886 1764 1948 1818 τό

2062 591 2315 662 inquirit
2344 592 2587 650 dicens:
2621 617 2648 643 ‹‹
2683 597 2752 649 Et
2810 614 2919 651 nos
2968 596 3066 667 qui
3113 614 3320 652 sumus
3377 599 3439 653 in
3472 599 3582 654 hoc
3616 603 3712 655 ta-

2062 680 2386 737 bernaculo
2407 684 3161 756 ingemiscimusgravati“.
3192 688 3323 741 »31
3350 688 3714 745 Nihilautem

2062 777 2218 827 vetat
2244 780 2307 827 ut
2342 772 2501 828 dicat
2530 774 2825 845 quispiam
2861 782 3127 847 tempora
3158 777 3623 847 refrigerationis
3648 796 3716 835 ea

2062 878 2212 929 esse,
2247 879 2377 932 quae
2410 870 2612 918 secuta
2656 870 2797 918 sunt
2838 865 3378 937 Hierosolymorum
3413 884 3716 940 eXpugna-

2063 952 2305 1007 tionem.
2337 952 2643 1023 Siquidem
2687 952 2814 1008 dies
2845 953 3187 1011 afﬂictionis
3224 955 3462 1011 illorum
3497 965 3555 1011 et
3586 958 3718 1029 qui-

2060 1042 2171 1098 bus
2203 1042 2263 1097 in
2295 1043 2691 1114 captivitatem
2733 1044 3124 1109 ducebantur,
3187 1054 3432 1118 propter
3494 1048 3716 1104 electos

2061 1130 2418 1187 abbreviavit
2445 1133 2792 1202 Christus“,
2836 1141 2901 1189 ut
2931 1135 3243 1192 credentes
3275 1138 3583 1192 inveniant
3622 1156 3716 1194 re-

2059 1220 2387 1293 frigerium.
2420 1228 2480 1276 et
2518 1229 2826 1278 serventur
2854 1240 2889 1278 a
2916 1225 3250 1279 vehementi
3318 1226 3422 1281 illa
3471 1227 3715 1282 miseria

2062 1314 2121 1364 et
2177 1310 2552 1366 necessitate.
2640 1312 2921 1384 Superius
2970 1319 3166 1368 autem
3204 1354 3218 1378 ,
3278 1314 3504 1381 dicens,
3556 1317 3712 1370 Deus

2061 1405 2261 1456 autem
2292 1418 2424 1471 quae
2458 1403 2977 1473 praenuntiaverat,
3020 1420 3141 1459 non
3172 1404 3342 1475 ponit
3393 1405 3709 1476 Scripturm

2062 1488 2471 1545 testimonium
2522 1490 2592 1545 de
2651 1491 3057 1553 cruciﬁxione.
3117 1493 3258 1563 quia
3314 1493 3548 1565 singula
3605 1494 3709 1549 illa

2061 1597 2196 1636 cum
2228 1581 2433 1636 multis
2466 1582 2734 1655 ipsorum
2784 1583 3261 1639 accusationibus
3318 1601 3385 1640 ac
3416 1585 3708 1657 supplicio

2061 1671 2339 1728 adversus
2371 1672 2508 1728 illos
2530 1674 2688 1729 dicta
2719 1680 2878 1741 sunt,
2934 1691 3044 1730 nec
3096 1674 3281 1729 voluit
3328 1675 3574 1730 omnino
3605 1692 3707 1731 eos

2061 1762 2432 1818 contristare.
2489 1763 2829 1835 Simplicius
2886 1781 3021 1818 vero
3099 1780 3242 1818 usus
3297 1770 3387 1819 est
3441 1764 3535 1819 his
3575 1782 3707 1836 quas

282 1854 659 1928 ἀνθρώπινον,
678 1854 714 1922 ἡ
737 1853 829 1907 ἀπ’
860 1852 1091 1926 οὐρανοῦ
1111 1851 1274 1907 αὐτοῦ
1292 1850 1572 1921 ἀποστολή
1600 1853 1932 1927 παρηνέχθη.

2062 1853 2133 1908 de
2159 1855 2390 1911 Christo
2422 1861 2612 1917 erant.
2647 1873 2982 1912 sermonem
3008 1856 3181 1927 juxta
3209 1856 3547 1911 auditorum
3597 1857 3710 1911 hu-

283 1942 371 1996 ἐπὶ
406 1940 473 1995 τὸ
537 1938 746 2012 μέλλον
802 1936 860 1994 δὲ
916 1941 952 2008 ἡ
1001 1938 1136 2012 πρὸς
1163 1937 1384 2015 οὐρανὸν
1441 1939 1605 1994 αὗτοῦ
1656 1938 1939 2015 ὑποδοχή,

286 2053 314 2080 ιι
347 2030 450 2101 ὀν
486 2029 616 2106 γὰρ,
650 2027 805 2104 φησὶ,
842 2025 925 2082 δεῖ
982 2028 1210 2100 οὐρανὸν
1269 2023 1648 2101 ὑποδέξασθαι,
1683 2052 1710 2079 ››
1768 2029 1943 2084 καίτοι

283 2139 350 2192 γι
380 2115 705 2174 ὑπεδέδεκτο
735 2114 846 2186 ἤδη
879 2118 1017 2172 κατᾶ
1059 2117 1151 2172 τὸν
1183 2117 1371 2191 καιρὸν
1430 2124 1529 2186 τῆς
1588 2116 1940 2193 ἀναλήψεως.

289 2206 477 2264 Ἀλλὰ
496 2206 675 2278 το·3τῳ
702 2205 739 2275 ἦ
774 2204 1195 2279 ἴδιωτικώτερον
1221 2205 1488 2282 κέχρηται
1516 2211 1595 2277 τῷ
1620 2206 1791 2281 λόγῳ,
1822 2229 1942 2263 συν-

298 2299 453 2367 ήθως
580 2298 766 2351 ἑαυτοῦ
805 2294 1097 2369 ἐπιστολῇ,
1154 2297 1206 2351 ἐν
1245 2300 1282 2370 ᾖ
1314 2317 1448 2373 φησι
1504 2298 1627 2371 περὶ
1684 2300 1939 2370 Χριστοῦ·

294 2410 326 2437 ‹‹
360 2380 559 2441 Λαϐὼν
632 2386 725 2458 γὰρ
782 2384 1025 2455 ἑξουσίαν
1080 2386 1224 2457 παρᾶ
1289 2390 1422 2442 Θεοῦ
1462 2386 1695 2460 Ηατρὸς,
1757 2394 1941 2461 φωνῆς

284 2473 443 2546 αὐτῷ
500 2473 593 2527 ἀπ’
646 2474 876 2549 οὐρανοῦ
924 2473 1255 2554 ἐνεχθείσης.
1316 2474 1419 2533 Καὶ
1467 2475 1567 2549 γὰρ
1607 2477 1693 2545 τὸ,
1751 2499 1779 2527 ‹‹
1827 2480 1937 2532 Aa-

280 2559 419 2632 ϐῶν,
455 2586 479 2615 ι
514 2562 635 2619 ἆντὶ
683 2568 803 2627 τοῦ,
864 2583 886 2612 ι
920 2557 1186 2630 ἔλαϐεν,››
1232 2566 1267 2632 ἡ
1328 2563 1567 2633 σύνταξις
1618 2567 1714 2620 τοῦ
1771 2564 1937 2641 λόγου

279 2652 528 2719 ἀπαιτεῖ,
585 2652 725 2727 πρὸς
782 2653 844 2707 τὸ
898 2651 962 2707 τὸ
1013 2654 1199 2724 νόημα
1271 2650 1697 2728 διαρθρωθῆναι.
1780 2655 1938 2710 Ὥστε

272 2741 555 2797 κάνταῦοα
581 2743 672 2801 τὸ,
718 2765 747 2793 α
777 2744 874 2799 "Ov
924 2739 1008 2796 δεῖ
1065 2738 1447 2812 ὑποδέξασθαι,
1481 2765 1509 2793 υ
1540 2743 1626 2811 τὸ,
1658 2748 1767 2813 Δεῖ,
1818 2744 1935 2799 ἀντὶ

270 2836 392 2898 τοῦ,
425 2829 560 2899 ἔδει,
593 2828 877 2909 εἰλῆφθαι.
938 2832 1002 2885 Ἦ
1044 2829 1158 2885 ἐπεὶ
1204 2832 1279 2903 μὴ
1312 2834 1470 2885 πᾶσιν
1498 2833 1532 2900 ἡ
1566 2831 1643 2893 είς
1674 2833 1937 2908 οὐρανοὺς

270 2921 441 2977 αὐτοῦ
500 2918 786 2993 ἀνάληψις
841 2919 929 2974 καὶ
979 2919 1213 2994 αὐτοψία
1282 2919 1492 2992 ὡράθη,
1547 2917 1683 2985 τέως
1740 2918 1934 2985 αὖτοὺς

265 3014 336 3083 τῇ
387 3011 600 3065 ἑαυτῶν
680 3007 953 3082 ὑπολήψει
1014 3009 1254 3083 χρῆσθαι
1309 3007 1390 3080 ἰᾷ.
1468 3009 1658 3081 Ὀμως
1703 3010 1928 3085 οὐρανὸν

269 3104 443 3159 εἰπὼν
467 3103 612 3177 πρὸς
645 3099 937 3177 ὑποδοχήν
966 3105 1065 3157 τοῦ
1106 3100 1341 3157 ἀπεσταλ
1354 3102 1517 3174 μὲνου
1572 3104 1930 3178 ήτοιμᾶσθαι,

268 3192 508 3268 ivi-:91.“
542 3198 663 3254 τοῖς
694 3192 1091 3267 ζωτικωτέροις
1121 3188 1212 3246 διὰ
1263 3195 1381 3248 τοῦ.
1415 3194 1514 3248 "Ov
1575 3191 1657 3248 δεῖ
1704 3193 1931 3269 οὐρανὸν

290 3278 682 3350 ὒποδὲξασθαι,
727 3281 855 3336 Υἱὸν
932 3277 1062 3336 ὄντα
1114 3281 1200 3336 καὶ
1266 3278 1539 3336 συναίδιον
1598 3287 1678 3355 τῷ
1736 3282 1928 3357 Πατρῖ,

286 3369 384 3423 καὶ
417 3369 525 3423 ὑπὸ
574 3372 670 3423 τοῦ
729 3369 940 3443 [ἰατρὸς
996 3368 1388 3435 ἀποσταλέντα,
1438 3370 1528 3446 ἀφ’
1590 3371 1651 3425 οὗ
1709 3368 1931 3448 διῃτᾶτο

292 3458 555 3529 cipis-rio:
607 3462 681 3530 τῷ
728 3458 918 3534 Πατρὲ,
997 3459 1073 3522 ὡς
1120 3460 1241 3521 Υἱὸς
1292 3458 1382 3515 καὶ
1434 3461 1773 3535 Μονογενής,
1841 3460 1929 3516 καὶ

281 3546 696 3621 ἆναντιῤῥήτως
779 3547 856 3610 εἰς
941 3546 1166 3622 οὐρανὸν
1250 3549 1642 3623 ἀνερχόμενον,
1728 3549 1802 3612 ὡς
1880 3548 1930 3621 ἐξ

279 3638 514 3711 οὖροινοῦ
543 3638 821 3701 κατιόντα,
874 3637 964 3691 καὶ
1004 3637 1167 3693 πάλιν
1225 3637 1301 3702 εἷς
1328 3640 1428 3707 τὴν
1468 3639 1722 3713 πατρῴαν
1753 3638 1896 3713 ἀπαρ
1924 3676 1927 3677 ν

273 3731 521 3797 αιτήτως
606 3724 991 3803 εἰσδεχόμενον
1073 3727 1273 3798 ἑστίαν,
1357 3728 1449 3783 καὶ
1533 3727 1623 3805 ἀφ’
1682 3729 1746 3784 οὗ
1798 3729 1934 3785 κατᾶ

263 3820 367 3887 τήν
414 3815 743 3889 οἰκονομίαν
798 3816 1085 3886 κατῆλθεν.
1146 3817 1256 3872 ἐκεῖ
1315 3816 1481 3872 πάλιν
1546 3816 1929 3892 ἆνθρονιζόμε-

262 3928 378 3971 νον.
425 3906 504 3968 ὡς
564 3907 651 3971 τὸ,
710 3906 835 3968 Υἱὸς
893 3906 980 3961 καὶ
1041 3904 1315 3979 οὐράνιος,
1376 3904 1779 3977 ἰμπεδώσηται,
1839 3908 1929 3963 καὶ

261 3995 649 4076 ἇποῳαίνηται
678 3995 770 4049 τὸν
830 3995 990 4050 αὐτὸν
1060 3994 1225 4050 πάλιν
1280 3992 1654 4070 προσδόκιμον
1711 3996 1925 4052 ἐλεύσε-

264 4098 387 4150 σθαι
423 4084 523 4139 ἀπ’
557 4083 809 4156 οὐρανοῦ.
847 4084 946 4139 Καὶ
1002 4082 1098 4139 ’ἶνα
1153 4088 1321 4140 ταῦτα
1367 4089 1588 4160 γνωσθῇ
1655 4082 1926 4161 τηλαυγέ-

267 4173 598 4243 στερον,ἰπὶ
637 4174 838 4230 Munia
875 4172 1225 4248 παραπέμπει
1293 4175 1385 4229 καὶ
1433 4179 1561 4237 τοὺς
1617 4178 1925 4249 προφήταςο

267 4266 481 4322 Minoia
534 4264 659 4334 μὶν.
723 4284 746 4311 ι
805 4266 1101 4344 Προφήτην
1158 4263 1283 4337 ὑμῖν
1334 4264 1617 4334 ἀναστήσει
1676 4265 1928 4339 Κόριοςδ

264 4355 402 4414 Θεὸς
434 4356 602 4425 ἡμῶν
632 4352 707 4414 ὡς
738 4350 855 4426 ἐμὲ.
890 4376 919 4403 ι)
955 4353 1045 4407 καὶ
1076 4349 1238 4408 Δαυῒδ
1296 4350 1375 4423 δὲ,
1435 4354 1510 4417 ὡς
1568 4354 1715 4410 ὑετὸν
1772 4356 1925 4411 ἀπει-

261 4446 506 4513 κίζοντα
539 4442 638 4509 τὴν
672 4440 723 4514 ἑξ
755 4442 985 4512 οὐρανοῦ
1040 4440 1205 4497 αὐτοῦ
1234 4442 1307 4504 ὡς
1339 4442 1427 4497 ἐπὶ
1484 4441 1653 4498 πόκον
1690 4440 1924 4501 κατέϐα-

264 4556 373 4590 σιν.
413 4534 511 4588 Καὶ
544 4531 738 4594 ἁπλῶς
770 4532 857 4588 ἐπὶ
907 4533 1034 4596 τοὺς
1089 4536 1372 4611 προφήτας
1411 4534 1607 4599 αὐτοὺς
1634 4539 1926 4610 παραπέμ-

2059 1943 2374 1999 militatem
2406 1943 2781 2015 dispensans.
2811 1947 2953 2000 Nam
2984 1945 3190 2001 missio
3234 1945 3467 2000 Domini
3499 1962 3532 2000 a
3558 1945 3705 2000 caalo

2056 2031 2129 2086 ad
2161 2032 2219 2085 id
2252 2032 2507 2088 adducta
2537 2038 2621 2087 est
2678 2033 2836 2104 quod
2890 2034 2953 2089 in
3014 2050 3082 2090 eo
3132 2033 3367 2088 visibile
3415 2041 3540 2089 erat
3589 2035 3708 2089 sive

2055 2121 2383 2178 humanum
2414 2138 2427 2177 :
2461 2123 2522 2177 in
2555 2123 2767 2178 caelum
2800 2139 2934 2179 vero
2973 2123 3292 2194 susceptio.
3329 2124 3389 2178 in
3436 2123 3701 2178 futurum

2052 2212 2324 2266 refertur.
2354 2234 2381 2277 «ς
2416 2214 2599 2277 Quem
2632 2218 2866 2283 oportet
2920 2213 3067 2267 caelo
3121 2213 3364 2283 suscipi,
3403 2234 3428 2261 ι)
3481 2213 3699 2283 inquit.

2053 2300 2230 2370 Atqui
2255 2301 2382 2371 jam
2416 2308 2725 2372 susceptus
2773 2306 2864 2356 est
2922 2307 3188 2372 tempore
3246 2302 3696 2374 assumptionis.

2053 2388 2163 2444 Sed
2194 2388 2306 2444 hoc
2336 2390 2531 2459 potius
2561 2407 2701 2444 usus
2734 2397 2825 2445 est
2856 2407 3127 2445 sermone
3160 2407 3340 2461 quam
3372 2392 3470 2462 qui
3506 2392 3696 2464 magis

2050 2478 2326 2550 proprius
2356 2483 2534 2543 esset,
2564 2485 2844 2550 tanquam
2880 2480 3149 2535 videlicet
3174 2481 3360 2552 magis
3392 2498 3459 2535 eo
3492 2498 3696 2537 assue-

2052 2572 2178 2623 tus:
2211 2571 2277 2622 ut
2306 2583 2441 2622 cum
2467 2567 2529 2622 in
2561 2584 2668 2623 sua
2702 2567 2960 2638 Epistola
2989 2568 3061 2623 de
3093 2567 3322 2622 Christo
3384 2568 3647 2639 loquitur
3678 2587 3691 2625 :

2049 2679 2078 2707 «
2111 2657 2421 2729 Accipiens
2452 2658 2613 2713 enim
2643 2674 2677 2714 a
2703 2659 2820 2713 Deo
2847 2660 3019 2713 Patre
3050 2663 3402 2729 potestatem
3434 2676 3571 2714 voce
3619 2659 3695 2715 ad

2049 2763 2183 2803 eum
2215 2749 2457 2820 delapsa
2486 2749 2560 2804 de
2588 2749 2736 2805 ccelo
2762 2748 2828 2800 ⁴⁵.
2864 2771 2892 2798 ››
2947 2750 3135 2822 Exigit
3194 2750 3352 2804 enim
3401 2751 3692 2806 sermonis

2046 2843 2359 2893 contextus
2389 2844 2456 2894 ut
2490 2862 2509 2885 ι
2545 2839 2855 2909 Accipiens
2884 2862 2913 2889 »
2951 2856 3058 2910 pro
3097 2861 3122 2890 ιι
3144 2840 3387 2911 Accepit
3419 2860 3447 2888 »
3481 2856 3688 2895 suma-

2044 2932 2160 2995 tur,
2191 2933 2258 2982 ut
2286 2927 2624 2983 intellectus
2664 2928 3044 2998 exprimatur.
3103 2929 3222 2984 Hoc
3280 2928 3478 2999 itaque
3510 2930 3690 2985 etiam

2044 3018 2105 3072 in
2163 3016 2315 3080 loco,
2376 3018 2620 3081 «Quem
2670 3024 2904 3088 oportet
2945 3018 3187 3088 suscipi,
3227 3040 3253 3065 ››
3303 3021 3544 3088 Oportet
3582 3036 3685 3089 pro

2044 3106 2363 3178 Oportebat
2383 3106 2637 3176 positum
2671 3111 2776 3160 est.
2811 3108 2931 3160 Aut
2959 3108 3242 3176 quoniam
3285 3106 3413 3176 ejus
3453 3106 3514 3160 in
3566 3124 3683 3162 coe-

2043 3196 2165 3251 lum
2213 3195 2539 3266 assumptio
2596 3211 2716 3249 non
2773 3195 2845 3250 ab
2903 3194 3179 3250 omnibus
3238 3201 3555 3265 conspecta
3595 3201 3687 3251 est

2041 3283 2295 3356 propriis
2326 3283 2534 3350 oculis,
2569 3283 2712 3337 sinit
2755 3300 2856 3338 eos
2904 3284 3141 3338 interim
3201 3300 3309 3339 sua
3356 3284 3442 3338 uti
3490 3285 3685 3356 suspi-

2040 3373 2231 3431 cione.
2267 3373 2522 3428 Dicendo
2555 3378 2753 3429 tamen
2790 3373 3003 3428 cmlum
3041 3373 3115 3428 ad
3147 3374 3275 3444 ejus
3308 3374 3406 3444 qui
3466 3374 3683 3431 missus

2040 3469 2167 3519 erat
2196 3463 2634 3534 susceptionem
2668 3468 2937 3534 paratum
2993 3479 3122 3519 esse
3184 3464 3276 3518 his
3335 3464 3434 3534 qui
3466 3465 3683 3536 vigenti

2040 3553 2226 3625 magis
2257 3558 2397 3607 sunt
2421 3552 2658 3623 ingenio
2677 3553 3103 3608 demonstravit
3126 3570 3231 3624 per
3252 3554 3361 3607 hoc
3393 3554 3549 3624 quod
3570 3554 3680 3609 ait:

2040 3644 2223 3707 Quem
2256 3647 2487 3712 oportet
2516 3641 2662 3697 caelo
2694 3642 2934 3713 suscipi.
2966 3641 3144 3712 quod.
3205 3658 3336 3697 cum
3395 3641 3576 3697 Filius
3609 3642 3685 3697 sit

2040 3736 2099 3788 et
2128 3737 2460 3787 cowternus
2492 3732 2609 3786 Deo
2644 3732 2800 3786 Patri
2858 3738 2917 3786 et
2945 3748 2978 3786 a
3014 3736 3178 3786 Patre
3231 3732 3469 3798 missus,
3502 3748 3536 3786 a
3566 3748 3683 3803 quo

2038 3828 2105 3876 ut
2134 3821 2426 3876 mediator
2457 3826 2516 3876 et
2571 3820 2792 3876 arbiter
2844 3820 3200 3875 constitutus
3258 3826 3366 3880 est.
3398 3826 3682 3890 tanquam

2038 3910 2228 3966 Patris
2254 3910 2436 3965 Filius
2471 3916 2531 3965 et
2578 3910 2948 3983 Unigenitus,
3008 3910 3185 3965 etiam
3244 3908 3576 3963 indubitato
3609 3908 3681 3963 ad

2037 3998 2249 4057 cmlum
2343 3998 2581 4054 redeat:
2670 4004 2736 4053 ut
2792 3999 2893 4069 qui
2954 4014 3024 4053 ex
3067 3998 3213 4054 ccelo
3270 3997 3680 4065 descenderat,

2037 4104 2395 4158 rursumque
2454 4087 2514 4141 in
2555 4092 2834 4157 paternas
2888 4086 3045 4141 aedes
3103 4087 3268 4141 nullo
3329 4086 3682 4159 prohibente

2037 4178 2415 4249 suscipiatur.
2458 4182 2516 4230 et
2537 4175 2758 4230 ibidem
2790 4176 2945 4230 unde
2968 4178 3140 4245 juxta
3168 4176 3680 4247 dispensationem

2036 4266 2111 4325 ad
2141 4267 2268 4321 haec
2325 4263 2573 4319 inferior
2627 4270 2885 4325 venerat,
2938 4263 3151 4317 iterum
3209 4263 3270 4316 in
3328 4263 3467 4316 sede
3500 4263 3679 4317 collo-

2036 4362 2245 4415 cetur:
2305 4362 2371 4412 ut
2417 4354 2591 4423 Filius
2645 4371 2716 4411 ac
2769 4354 2996 4411 caelestis
3042 4354 3447 4416 confirmetur,
3497 4359 3677 4423 utque

2034 4447 2479 4502 demonstretur
2509 4445 2783 4501 eumdem
2815 4461 3049 4500 rursum
3077 4450 3361 4515 tanquam
3393 4442 3679 4515 approba-

2033 4543 2160 4593 tum
2192 4554 2227 4593 a
2248 4536 2395 4592 caelo
2426 4544 2756 4592 venturum.
2817 4539 3109 4591 Praaterea
3166 4542 3226 4590 ut
3258 4536 3383 4591 haec
3413 4533 3674 4589 manife-

261 4628 389 4698 ψας.
427 4621 599 4679 πάλιν
628 4622 820 4685 αὐτοὺς
851 4626 1196 4700 ψυχαγωγεῖ,
1229 4624 1305 4685 ὡς
1336 4623 1490 4686 υἱοὺς
1522 4624 1923 4699 γενησομένους

2045 4627 2182 4683 itius
2212 4632 2354 4682 nota
2391 4626 2530 4691 sint,
2565 4626 2638 4681 ad
2693 4627 2889 4680 Mosen
2920 4642 2989 4680 ac
3041 4624 3355 4695 prophetas
3404 4623 3673 4677 remittit.

259 4713 579 4785 κατηκόους
633 4716 742 4769 τῶν
807 4717 1101 4792 προφητῶν
1168 4712 1553 4782 καταστάντας,
1611 4714 1786 4771 εἶκαὶ
1842 4720 1916 4791 μή

262 4804 449 4883 cia-3m,
483 4800 633 4858 ἆλλᾶ
663 4803 849 4878 χάριτι
881 4799 973 4858 διὰ
1024 4803 1123 4871 τὴν
1188 4801 1608 4878 μεγαλοδωρεᾶν
1635 4809 1733 4860 τοῦ
1779 4826 1919 4878 παρ·

268 4894 528 4972 ἑχοντος.
562 4891 723 4965 Ἔχει
749 4888 853 4964 γὰρ
907 4888 997 4945 καὶ
1056 4889 1209 4968 φύσει
1268 4891 1413 4947 Υἱόν.
1447 4890 1597 4947 Πολὺ
1629 4890 1687 4947 δὲ
1708 4891 1773 4949 τὸ
1802 4890 1919 4949 διά-

261 5003 440 5061 φορον
467 4981 570 5035 τοῦ
619 4978 776 5053 φύσει
831 4979 971 5046 πρὸς
1022 4977 1152 5041 τοὺς
1202 4979 1363 5043 θέσει.
1418 4980 1485 5037 Οἱ
1548 4980 1642 5054 μὲν
1700 4982 1802 5057 γὰρ
1832 4979 1919 5037 διὰ

259 5080 363 5141 τῆς
394 5077 511 5127 τῶν
571 5073 868 5149 προφητῶν
928 5076 1299 5142 πνευματικῆς
1357 5071 1750 5143 υίοθετήθησαν
1785 5094 1917 5129 παι.

262 5160 440 5231 δείας,
472 5162 502 5216 ὁ
533 5158 592 5215 δὲ
617 5165 818 5238 φυσικῆ
854 5160 1037 5233 σχίσει
1079 5165 1467 5234 κατευμεγεθεῖ
1514 5162 1614 5229 τὴν
1668 5161 1917 5232 υἱότητα.

254 5251 616 5315 -νΑλλως-
650 5250 744 5319 Τὸ,
798 5253 956 5308 «"Ov
1020 5246 1104 5305 δεῖ
1158 5249 1383 5325 οὐρανὸν
1444 5252 1537 5326 μὲν
1590 5249 1855 5323 δέξασθαι,
1890 5275 1915 5306 ι

250 5345 486 5409 τέθειται
550 5341 662 5396 ἀντὶ
722 5345 844 5406 τοῦ,
940 5340 1173 5416 Ἀνάγκη
1261 5339 1371 5396 ἐστὶ
1426 5337 1675 5413 δέξασθαι
1731 5342 1916 5411 αὐτὸν,

256 5434 345 5489 ἁτε
403 5430 472 5502 δή
537 5431 667 5487 Θεὸν
728 5431 1071 5506 ὑπάρχοετα.
1133 5435 1256 5491 Πῶς
1313 5430 1404 5484 οὗν
1455 5430 1557 5485 οὐκ
1603 5433 1768 5487 εἶπεν·
1826 5435 1920 5487 Ὃν

259 5523 484 5597 οὗρανός
510 5519 777 5593 ἑδέξατος
831 5522 1013 5578 Τοῦτο
1070 5518 1144 5581 ὡς
1196 5519 1319 5593 περὶ
1379 5523 1487 5576 τῶν
1542 5520 1653 5575 ἄνω
1699 5521 1916 5596 χρόνων

2027 4720 2220 4772 Moses
2246 4714 2489 4786 quidem
2513 4715 2634 4771 ait:
2668 4738 2695 4764 ‹‹
2731 4716 3087 4786 Prophetam
3148 4711 3457 4768 suscitabit
3511 4712 3674 4767 vobis

2029 4805 2314 4862 Dominus
2344 4806 2499 4861 Deus
2538 4809 2742 4860 noster
2792 4804 2910 4859 mei
2969 4803 3226 4858 similem
3250 4801 3313 4855 ‘6.
3350 4823 3377 4852 »
3437 4804 3507 4856 Et
3565 4803 3674 4856 Da-

2027 4894 2123 4950 vid
2140 4896 2212 4951 de
2231 4895 2359 4965 ejus
2377 4894 2447 4949 de
2466 4893 2611 4949 caalo
2629 4892 3080 4949 descensionem
3098 4892 3391 4947 assimilat
3413 4914 3439 4940 ‹‹
3462 4890 3672 4963 pluvias

2030 4983 2415 5041 descendenti
2455 4984 2518 5038 in
2574 4982 2761 5038 vellus
2803 4982 2869 5037 ‘7.
2916 5004 2944 5032 »
2978 4983 3078 5039 82
3133 4983 3355 5039 Deinde
3386 4982 3544 5054 ipsos
3599 4979 3672 5035 ad

2027 5073 2347 5146 prophetas
2404 5072 2807 5138 transmissos,
2867 5072 3081 5127 iterum
3138 5072 3500 5135 consolatur,
3540 5074 3671 5123 tan-

2029 5180 2208 5236 quam
2239 5162 2589 5217 constitutos
2619 5162 2720 5232 qui
2753 5167 3140 5218 nascerentur
3178 5163 3284 5217 filii
3327 5159 3670 5214 obedientes

2028 5253 2474 5325 prophetarum,
2531 5258 2589 5306 et
2648 5254 2694 5308 si
2753 5270 2873 5309 non
2938 5261 3170 5311 natura.
3230 5259 3425 5307 tamen
3484 5251 3673 5323 gratia

2026 5360 2135 5417 par
2162 5343 2633 5399 muniﬁcentiam
2673 5343 2998 5413 largientis.
3060 5343 3241 5398 Habet
3299 5358 3555 5412 namque
3615 5347 3674 5396 et

2030 5434 2219 5493 ﬁlium
2252 5440 2465 5491 natura
2494 5452 2734 5491 :verum
2766 5452 3044 5507 magnum
3069 5440 3159 5490 est
3187 5433 3511 5489 discrimen
3544 5432 3671 5503 ejus

2029 5524 2130 5596 qui
2162 5530 2375 5580 natura
2403 5524 2586 5581 Filius
2616 5532 2707 5582 est
2734 5525 2809 5581 ad
2841 5541 2941 5580 eos
2998 5523 3100 5596 qui
3155 5529 3297 5581 sunt
3353 5522 3671 5596 adoptione

320 5703 368 5739 ⁴³
398 5704 452 5760 ll
484 5703 619 5759 Cor.
645 5719 692 5757 ν.
727 5704 783 5759 4·
819 5698 869 5735 ⁴⁶
900 5697 1102 5756 Matth.
1134 5715 1283 5771 xxxv,
1314 5702 1403 5758 22.
1480 5699 1527 5736 ⁴⁸
1551 5703 1601 5758 ΙΙ
1631 5703 1788 5760 Petr.
1824 5718 1864 5772 ι,
1901 5702 1925 5759 1

2062 5701 2112 5738 ⁴⁶
2140 5703 2308 5763 Deut.
2339 5718 2499 5773 mu,
2535 5705 2620 5764 18.
2698 5704 2741 5741 ⁸⁷
2772 5702 2929 5765 Psal.
2962 5716 3115 5776 uxr,
3146 5704 3199 5760 ο.
