4098 6260
447 346 524 412 91
1527 349 1944 424 (lacunam!
1989 361 2102 421 ra:

2219 356 2294 424 Β
2334 357 2713 423 EPISCOPI.
3750 362 3829 428 92

449 481 580 538 filii.
615 485 682 541 Hi
709 489 869 546 enim
901 491 1195 563 spirituali
1218 495 1642 568 prophetarum
1674 496 1962 552 ﬁliatione
1995 495 2099 551 ad-

2219 487 2598 567 Βιαλεγομενός
2629 513 2782 569 φησι.
2817 494 2916 549 Διὰ
2944 490 3002 549 δὶ
3047 498 3145 548 τοῦ
3209 517 3229 543 α
3262 495 3426 572 ’Ἄχρι
3474 493 3679 572 χρόνων
3709 495 3824 554 ἀπο-

450 575 630 644 optati
665 583 825 647 sunt,
858 579 961 635 ille
987 599 1123 638 vero
1153 587 1410 641 naturali
1444 586 1836 658 dispositione
1859 585 2100 640 filiatio-

449 678 588 718 nem
619 665 866 724 obtinet.
912 701 976 711 —-
1001 673 1120 728 Alio
1149 676 1326 730 modo.
1352 675 1509 731 Illud
1544 675 1782 748 quidem
1816 692 1827 729 :
1862 697 1888 725 «
1915 676 2098 740 Quem

450 761 683 824 οΡοΓιεῑ
711 759 955 831 suscipi,
986 781 1012 810 ι
1047 764 1310 834 positum
1341 771 1518 821 estne
1543 765 1597 820 si
1628 765 1956 820 diceretur:
1987 765 2103 818 Ne—

2208 582 2603 652 καταστάσεως,
2638 606 2666 633 ››
2716 583 2816 651 τήν
2867 581 3042 637 αἰτίαν
3120 579 3306 653 δηλοῖ,
3367 580 3453 636 διὰ
3502 581 3554 637 τί
3601 587 3688 637 νῦν
3734 586 3826 641 οὐκ

2209 666 2286 726 ἔτι
2319 669 2560 746 ἔρχεται.
2596 673 3060 741 Ἀποκαταστῆναι
3093 669 3192 738 δεῖ,
3224 671 3357 750 φησὶ
3414 672 3502 730 καὶ
3553 672 3630 734 εἰς
3673 671 3824 750 πέρας

2207 757 2388 824 ἐλθεῖν
2417 759 2642 825 ἅπαντα,
2673 763 2762 817 καὶ
2783 761 2908 818 τότε
2934 761 3235 818 ἐλεύσεται·

449 859 612 900 cesse
645 853 734 902 est
754 849 951 922 ipsum
985 854 1228 925 suscipi,
1251 861 1319 909 ut
1347 856 1448 926 qui
1481 872 1624 911 sane
1653 855 1807 910 Deus
1828 855 1924 909 sit.
1955 852 2258 918 Quomodo
2286 869 2421 924 ergo
2451 870 2572 908 non
2620 853 2786 919 dixit,
2845 855 3026 919 Quem
3079 854 3296 909 caelum
3353 852 3658 924 suscepit?
3724 853 3831 908 Hoc

446 939 733 1008 tanquam
766 939 837 994 de
869 942 1277 1013 superioribus
1310 945 1679 1016 temporibus
1711 944 2011 998 disserens
2043 941 2324 1012 loquitur.
2353 942 2641 997 Cmterum
2675 942 2832 1013 quod
2858 943 2935 998 aii
2971 960 2982 996 :
3023 961 3044 990 ε
3078 944 3272 1014 Usque
3323 941 3395 997 ad
3429 948 3689 1013 tempora
3717 942 3830 997 ins-

449 1027 786 1093 torationis.
818 1052 846 1078 «
880 1047 1119 1087 causam
1143 1034 1486 1090 manifestat
1515 1049 1698 1106 quare
1730 1049 1888 1089 nunc
1919 1031 2112 1087 adhuc
2165 1046 2285 1085 non
2334 1031 2552 1086 veniat.
2586 1033 2830 1104 Oportet
2860 1032 3073 1103 inquit,
3100 1030 3418 1086 instaurari
3451 1036 3508 1085 et
3536 1031 3608 1086 ad
3638 1031 3829 1086 termi-

450 1130 593 1169 num
623 1118 826 1173 venire
855 1121 1148 1186 universa,
1182 1128 1241 1178 et
1271 1129 1412 1179 tunc
1443 1125 1655 1180 veniet.

522 1204 617 1272 Ill,
650 1208 738 1262 2'3.
773 1211 860 1263 23.
921 1232 949 1259 «
984 1213 1170 1266 Moses
1219 1213 1513 1283 siquidem
1572 1213 1645 1268 ad
1684 1218 1882 1285 patres
1913 1211 2096 1266 dixit:

453 1315 479 1340 α
517 1295 869 1366 Prophetam
903 1301 1213 1357 suscitabit
1232 1302 1395 1358 vobis
1421 1303 1703 1358 Dominus
1725 1304 1874 1358 Deus
1895 1306 2100 1356 noster

457 1405 483 1432 α
517 1400 547 1438 e
578 1384 858 1443 fratribus
889 1391 1096 1446 vestris
1125 1392 1243 1447 mei
1275 1393 1532 1449 similem
1567 1410 1579 1447 :
1614 1393 1804 1464 ipsum
1845 1390 2099 1446 audietis

451 1493 479 1520 «
503 1472 674 1542 juxta
694 1479 894 1534 omnia
924 1497 1055 1550 quas
1101 1481 1330 1537 locutus
1360 1482 1541 1538 fuerit
1568 1483 1753 1538 vobis.
1787 1481 2100 1552 Continget

450 1581 478 1608 ‹‹
513 1567 710 1616 autem
736 1580 748 1618 :
781 1566 986 1622 Omnis
1018 1568 1217 1623 anima
1245 1586 1376 1640 quaa
1403 1587 1522 1625 non
1551 1569 1808 1625 audierit
1830 1569 2094 1639 prophe-

453 1673 479 1700 α
515 1655 633 1705 tam
657 1653 850 1721 illum,
884 1658 1381 1713 exterminabitur
1409 1676 1439 1714 e
1471 1659 1710 1731 populo.
1739 1681 1766 1708 »

524 1741 673 1804 Quid
707 1742 856 1798 illud
874 1751 981 1802 est.
1004 1746 1111 1801 Mei
1136 1747 1393 1802 similem
1408 1748 1435 1803 ?
1451 1747 1722 1804 Nascitur
1747 1747 2016 1803 Christus
2035 1745 2096 1799 in

454 1829 820 1898 Bethlehem,
867 1839 926 1889 et
955 1836 1142 1890 Moses
1191 1837 1253 1891 in
1303 1839 1586 1910 A-Igypto:
1646 1837 1748 1892 ille
1807 1836 2094 1902 Israelita,

2279 1213 2517 1276 Μωυσῆς
2571 1209 2664 1281 μὲν
2721 1209 2825 1284 γὰρ
2882 1208 3017 1282 πρὸς
3074 1206 3200 1267 τοὺς
3247 1204 3478 1282 πατέρας
3536 1206 3702 1275 εἶπεν,
3755 1208 3833 1262 ὅτι

2211 1319 2239 1347 ι(
2273 1298 2565 1376 ΙΙροφήτην
2622 1297 2750 1371 ὑμῖν
2832 1298 3114 1366 ἀναστήσει
3174 1298 3372 1368 Κύριος
3431 1298 3460 1351 ὁ
3507 1297 3634 1358 Θεὸς
3683 1298 3829 1370 ἡμῶν

2208 1383 2462 1440 «ἐκτῶν
2495 1383 2744 1463 ἀδελφῶν
2810 1387 2961 1458 ὑμῶν
3020 1388 3092 1448 ὡς
3154 1385 3272 1458 ἐμὲ.
3333 1385 3510 1443 Αὐτοῦ
3569 1384 3836 1439 ἀκούσεσθε

2206 1493 2232 1526 α
2277 1475 2413 1529 κατὰ
2442 1474 2612 1529 πάντα
2643 1476 2742 1529 ὅσα
2794 1473 2852 1528 ἃν
2884 1472 3103 1548 λαλήσῃ
3163 1474 3298 1547 πρὸς
3353 1473 3512 1545 ὑμᾶς.
3548 1475 3735 1528 Ἔσται
3764 1469 3833 1541 δὲ,

2209 1587 2237 1614 ‹‹
2270 1568 2415 1619 πᾶσα
2443 1565 2597 1639 ψυχὴ
2637 1566 2756 1633 ἣτις
2805 1563 2866 1619 ἃν
2899 1567 2976 1638 μή
3033 1563 3237 1636 ἀκούσῃ
3264 1568 3362 1619 τοῦ
3410 1565 3693 1639 προφήτου
3739 1561 3837 1618 ἐκεί

2208 1677 2236 1704 ‹‹
2267 1674 2381 1722 νου,
2412 1652 2926 1725 ἐξολοθρευθήσεται
2956 1654 3016 1709 ἐκ
3043 1657 3138 1708 τοῦ
3165 1653 3325 1709 λαοῦ.
3357 1675 3384 1707 ι

2279 1741 2348 1800 Τί
2377 1743 2487 1798 ἐστι
2513 1744 2596 1812 τὸ,
2643 1744 2731 1807 Ὡς
2761 1743 2857 1814 ἐμὲ
2889 1765 2904 1813 ;
2969 1749 3217 1798 Γεννᾶται
3270 1743 3321 1798 ὲν
3379 1740 3635 1815 Βηθλεὲμ
3663 1743 3689 1796 ὁ
3717 1743 3836 1815 Χρι-

2209 1834 2351 1904 στὸς,
2382 1835 2472 1890 καὶ
2515 1837 2755 1904 Μωυσῆς
2783 1834 2834 1890 ἐν
2893 1833 3178 1912 Αἰγύπτῳ.
3233 1833 3583 1909 Ἰσραηλίτης
3625 1832 3835 1903 ἐκεῖνος,

454 1919 606 1975 sicut
631 1921 809 1977 etiam
841 1923 955 1991 hic,
995 1926 1169 1996 juxta
1215 1942 1452 1982 carnem
1489 1945 1502 1983 :
1554 1926 1656 1982 ille
1687 1944 1719 1982 e
1747 1942 1963 2000 genere
1994 1942 2096 1981 sa-

2219 1923 2284 1987 ὥς
2313 1925 2490 1994 οὗτος,
2521 1925 2582 1980 τὸ
2611 1925 2748 1979 κατᾶ
2778 1925 2968 1997 σάρκα.
3031 1926 3124 1982 Ἐκ
3169 1925 3355 1997 γένους
3415 1924 3688 1996 ἱερατικοῦ
3715 1920 3838 1977 ἐκεῖ·

453 2008 756 2078 cerdotali,
783 2013 959 2068 veluti
988 2015 1254 2070 Christus
1291 2033 1359 2071 ex
1411 2016 1589 2071 David
1638 2024 1881 2088 propter
1910 2016 2098 2088 Virgi-

455 2114 630 2152 nem:
663 2101 887 2156 Pharao
920 2103 1090 2158 illum
1123 2106 1517 2176 persequitur,
1573 2106 1734 2161 hunc
1790 2105 2050 2160 Herodes
2083 2122 2096 2159 :

457 2185 714 2243 infantes
744 2191 959 2246 occidit
996 2192 1116 2258 ille,
1161 2193 1419 2249 infantes
1449 2201 1508 2250 et
1538 2195 1634 2250 hic
1691 2194 2016 2255 interemit,
2047 2199 2104 2249 et

457 2281 706 2348 uterque
739 2280 1036 2336 masculos
1064 2298 1075 2336 :
1110 2299 1218 2354 per
1248 2290 1498 2339 matrem
1546 2290 1812 2339 servatur
1841 2283 1962 2350 ille,
1998 2299 2104 2356 per

457 2371 710 2421 matrem
761 2373 818 2422 et
847 2386 978 2423 cum
1040 2378 1228 2425 matre
1286 2378 1549 2427 servatus
1601 2378 1688 2427 est
1746 2379 1804 2427 et
1862 2372 2004 2426 hic:
2039 2372 2101 2427 in

455 2457 697 2526 capsula
728 2457 829 2512 ille
859 2465 918 2513 et
947 2459 1020 2514 ad
1079 2460 1270 2531 ripam
1325 2461 1614 2530 ﬂuminis,
1668 2461 1764 2517 hic
1830 2462 2008 2518 etiam
2040 2461 2102 2517 in

456 2546 605 2616 Lyco
635 2548 859 2618 Egypti
884 2549 1302 2620 civitatejuxta
1331 2551 1490 2606 idem
1514 2551 1738 2606 flumen
1764 2569 1775 2606 :
1802 2551 1874 2606 ab
1905 2551 2105 2606 aliena

453 2631 577 2700 ille,
611 2650 822 2704 nemps
857 2635 980 2690 illia
1012 2637 1359 2702 Pharaonis,
1392 2639 1654 2692 nutritus
1685 2643 1792 2705 est,
1826 2644 1884 2693 et
1914 2639 2009 2694 hic
2041 2639 2101 2693 in

453 2723 651 2777 aliena
681 2724 913 2779 civitate
946 2742 1078 2794 quae
1110 2727 1694 2797 Pharaonisubjecta
1717 2727 1930 2783 fuerat.
1969 2729 2103 2784 Haec

452 2816 650 2865 autem
674 2811 945 2873 dixerim.
971 2829 1092 2868 non
1127 2813 1442 2869 Dominum
1468 2831 1634 2870 servo
1657 2815 2104 2884 cont'erens,sed

454 2899 650 2956 locum
673 2906 732 2956 et
759 2907 994 2973 tempus
1033 2903 1394 2969 assimilans,
1438 2910 1498 2958 et
1541 2905 1847 2960 veritatem
1878 2905 1941 2959 in
1972 2921 2103 2961 um-

456 2988 563 3045 bra
595 2990 958 3046 describens.

522 3081 620 3148 III,
653 3085 742 3138 '24.
779 3105 806 3132 ‹‹
841 3084 1058 3140 Omnes
1091 3099 1327 3156 quoque
1378 3085 1681 3156 prophetat
1731 3100 1766 3140 a
1806 3084 2101 3153 Samuele,

459 3191 480 3218 ι
516 3171 896 3244 etdeinceps,
956 3180 1246 3244 quotquot
1312 3173 1493 3229 locuti
1552 3180 1711 3242 sunt,
1774 3174 1951 3230 etiam
1997 3192 2104 3230 an-

452 3283 479 3309 ‹‹
516 3262 946 3317 nuntiaverunt
976 3265 1102 3317 dies
1135 3264 1301 3318 istos.
1338 3285 1365 3312 »

524 3349 711 3404 Etiam
736 3350 832 3405 hic
891 3351 1368 3407 subaudiendum
1418 3357 1552 3407 est:
1613 3353 1702 3408 Ad
1757 3357 1954 3424 patres
1981 3370 2090 3410 no-
2126 3328 2169 3395 θ

452 3442 626 3503 stros,
649 3439 809 3493 utsit
825 3455 1035 3494 sensus
1058 3457 1069 3492 :
1094 3441 1242 3496 Omn
1265 3458 1311 3495 ‘s
1333 3457 1569 3513 quoque
1597 3448 1887 3514 quotquot
1917 3443 2098 3499 locuti

453 3532 592 3581 sunt
622 3527 694 3582 ad
726 3534 922 3599 patres
949 3535 1197 3584 nostros.

524 3617 623 3680 Ill,
653 3617 742 3686 25,
775 3619 862 3671 26.
898 3641 924 3666 ‹‹
959 3618 1072 3672 Vos
1127 3619 1268 3674 estis
1302 3618 1410 3674 ﬁlii
1443 3619 1864 3690 prophetarum
1916 3627 1975 3676 et
2003 3627 2098 3677 te-

456 3729 480 3761 α
507 3710 807 3777 stamenti,
839 3711 939 3766 33
972 3711 1130 3781 quod
1163 3716 1413 3767 testatus
1446 3717 1536 3767 est
1592 3713 1747 3768 Deus
1795 3713 1871 3768 ad
1902 3719 2101 3785 patres

454 3822 482 3849 «
515 3808 772 3865 nostros,
803 3801 1007 3857 dicens
1037 3801 1110 3857 ad
1130 3801 1425 3859 Abraham
1453 3821 1465 3858 :
1491 3808 1669 3874 etper
1699 3819 1902 3858 semen
1933 3811 2100 3861 tuum

459 3914 479 3940 ι
513 3893 945 3949 benedicentur
973 3912 1184 3950 omnes
1216 3896 1453 3951 familiaa
1480 3904 1652 3952 terrm
1678 3895 1744 3952 ‘3.
1779 3896 1951 3952 Vobis
1981 3899 2101 3970 pri-

452 4005 479 4034 ‹‹
514 4001 676 4039 mum
712 3985 885 4050 Deus,
918 3985 1201 4040 suscitato
1245 3987 1389 4041 Filio
1421 4004 1527 4042 suo
1580 3989 1738 4048 Jesu.
1773 3989 1938 4044 misit
1967 4005 2102 4046 eum

456 4093 481 4121 ‹‹
517 4073 616 4145 qui
649 4072 1027 4129 benediceret
1052 4074 1210 4129 vobis
1233 4076 1374 4131 dum
1408 4079 1900 4135 converteremini
1923 4095 2099 4136 unus-

460 4185 488 4212 ‹‹
523 4163 776 4236 quisque
807 4179 840 4219 a
863 4164 1108 4220 malitiis
1131 4165 1360 4222 vestris.
1400 4189 1426 4215 ››

526 4365 553 4392 ‹‹
589 4344 701 4399 Vos
736 4344 876 4398 estis
908 4344 1014 4398 ﬁlii
1046 4343 1469 4414 prophetarum
1504 4361 1517 4399 :
1554 4367 1581 4394 ι)
1621 4343 1738 4403 hoc
1769 4351 1877 4413 est,
1909 4363 1984 4403 ne
2024 4348 2101 4402 ti-

456 4434 688 4501 meatis,
723 4449 916 4503 neque
958 4432 1308 4486 existimetis
1343 4450 1444 4486 vos
1491 4434 1718 4489 alienos
1746 4451 1875 4490 esse
1905 4453 1939 4491 a
1967 4453 2104 4508 pro-

455 4521 839 4577 missionibus
871 4540 883 4575 :
914 4539 1014 4576 vos
1065 4522 1206 4576 estis
1267 4521 1374 4575 ﬁlii
1426 4522 1870 4593 prophetarum.
1905 4525 2105 4595 itaque

452 4611 617 4666 vobis
651 4610 946 4677 dicebant,
979 4614 1036 4664 et
1065 4615 1308 4682 propter
1337 4626 1438 4664 vos
1469 4610 1594 4665 haec
1621 4611 1774 4666 facta
1800 4618 1955 4667 sunt.
1998 4614 2104 4668 Vos

2208 2033 2322 2080 νος,
2356 2013 2431 2074 ὡς
2482 2013 2638 2075 οὗτος
2692 2012 2750 2068 ἐκ
2798 2011 2958 2067 Δαυἱό
3007 2010 3096 2069 διὰ
3142 2015 3239 2083 τήν
3295 2015 3587 2086 Παρθένον.
3653 2010 3840 2084 Φαραὼ

2211 2101 2291 2157 ἐπ’
2363 2101 2592 2172 ἐκείνου,
2642 2099 2896 2176 Ἡρώδης
2943 2101 3030 2157 ἐπὶ
3102 2101 3317 2158 τούτου.
3385 2103 3566 2178 Βρὲφη
3642 2100 3839 2180 φονεύει

2210 2193 2434 2255 ἐκεῖνος,
2480 2193 2652 2271 βρέφη
2715 2190 2772 2246 δὲ
2825 2191 2982 2255 οὗτος
3039 2192 3268 2266 ἀναιρεῖο
3330 2191 3592 2268 ἀρῥενικᾶ
3630 2191 3839 2251 ἐκεῖνος,

2206 2282 2299 2337 καὶ
2331 2282 2511 2342 οὗτος.
2546 2282 2643 2337 Διὰ
2690 2282 2899 2357 μητρὸς
2954 2282 3182 2350 σώζεται
3232 2280 3454 2348 ἐκεῖνος,
3510 2277 3602 2335 διὰ
3638 2278 3843 2353 Μητρὸς

2211 2371 2387 2442 ἐσώθη
2447 2372 2536 2426 καὶ
2613 2372 2745 2444 μετᾶ
2821 2371 3043 2446 Μητρὸς
3104 2372 3194 2426 καὶ
3247 2370 3425 2431 οὗτος.
3483 2371 3571 2425 ’λιν
3635 2367 3845 2443 λάρνακι

2211 2461 2410 2522 ἐκεῖνος
2453 2462 2542 2517 καὶ
2595 2461 2741 2536 παρὰ
2799 2461 3068 2534 ποταμὸν,
3126 2459 3178 2515 ἐν
3235 2461 3396 2515 Λυκὼ
3454 2460 3541 2514 καὶ
3605 2458 3844 2527 οὗτοςτῇ

2211 2551 2358 2624 παρὰ
2401 2550 2494 2604 τὸν
2569 2549 2726 2604 αὐτὸν
2813 2550 3058 2621 ποταμὸν
3142 2548 3412 2623 Αἰγυπτίᾳ
3485 2547 3671 2604 πόλει.
3726 2544 3844 2601 Ὑπὸ

2211 2639 2536 2717 ἀλλοφύλου
2571 2640 2777 2700 ἐκεῖνος
2827 2646 2926 2708 τῆς
2988 2635 3393 2709 Φαραωνὶτιδος
3450 2637 3721 2717 ἐτρέφετο,
3751 2633 3844 2690 ὐπὸ

2211 2725 2429 2788 πόλεως
2459 2727 2551 2782 καὶ
2582 2728 2748 2788 οὗτος
2781 2724 3192 2798 Φαραωνίτίδος
3224 2724 3550 2805 ἀλλοφύλου
3589 2724 3844 2802 ἐτρέφετο.

2210 2821 2386 2871 Ταῦτα
2467 2815 2525 2872 δὲ
2601 2816 2662 2872 οὐ
2741 2817 3034 2892 συγκρίνων
3107 2816 3252 2890 λέγω
3300 2816 3392 2870 τὸν
3448 2816 3723 2885 Δεσπότην
3774 2817 3845 2886 τῷ

2213 2905 2420 2980 δούλῳ,
2452 2905 2600 2963 ἀλλὰ
2628 2909 2815 2982 καιρὸν
2845 2907 2935 2962 καὶ
2985 2906 3186 2982 τρόπον
3222 2905 3541 2981 συγκρίνων,
3578 2905 3673 2961 καὶ
3728 2903 3852 2973 ἀλή-

2213 3009 2357 3063 θειαν
2387 2999 2439 3054 ἓν
2468 3003 2592 3068 σκιᾷ
2609 2995 2949 3076 διαγράφων.

2285 3111 2314 3140 ‹‹
2350 3090 2446 3142 Καὶ
2477 3086 2671 3148 πάντες
2723 3087 2779 3141 δὲ
2835 3088 2892 3142 οἱ
2945 3092 3226 3162 προφῆται
3279 3085 3386 3140 ἀπὸ
3445 3084 3742 3157 Σαμουὴλ,
3773 3083 3855 3138 καὶ

2210 3180 2319 3230 τῶν
2361 3177 2612 3247 καθεξῆς,
2667 3174 2786 3229 ὅσοι
2840 3171 3139 3243 ἂλαλησαν,
3193 3173 3284 3227 καὶ
3338 3170 3712 3248 κατήγγειλαν
3767 3170 3853 3232 τὰς

2212 3267 2423 3338 ἡμέρας
2451 3265 2666 3328 ταύτας,
2705 3289 2725 3314 ι

2277 3353 2797 3430 Προσυκακουστέον
2860 3351 3131 3415 κάνταῦθα
3192 3355 3257 3406 τὸ
3315 3351 3460 3425 Ηρὸς
3511 3350 3650 3416 τοὺς
3694 3349 3850 3406 πατέ-

2206 3464 2301 3520 ρας
2333 3447 2519 3515 ἡμῶν,
2546 3441 2639 3497 ἵνα
2765 3441 2865 3498 Καὶ
2898 3443 3092 3502 πάντες
3147 3438 3203 3495 δὲ
3234 3440 3350 3496 ὅσοι
3405 3438 3691 3512 ἐλάλησαν
3723 3439 3848 3514 πρὸς

2203 3532 2332 3594 τοὺς
2365 3533 2598 3606 πατέρας
2629 3533 2814 3604 ἡμῶν.

2276 3646 2304 3673 ‹‹
2337 3621 2518 3693 Ὑμεῖς
2567 3620 2684 3675 ἐστὶ
2732 3620 2841 3675 υἱοὶ
2881 3623 2988 3674 τῶν
3016 3624 3322 3694 προφητῶν
3379 3618 3470 3674 καὶ
3525 3625 3636 3688 τῆς
3668 3617 3846 3688 διαθή-

2208 3733 2233 3764 ι
2266 3731 2396 3779 κης,
2425 3710 2492 3778 ἦς
2526 3707 2732 3765 δῖὲθετο
2765 3710 2793 3764 ὁ
2835 3710 2965 3771 Θεὸς
3020 3709 3159 3780 πρὸς
3210 3708 3338 3770 τοὺς
3397 3709 3641 3782 Πατέρας
3672 3711 3848 3780 ἡμῶν,

2206 3824 2233 3852 «
2269 3799 2445 3876 λέγων
2486 3799 2622 3872 πρὸς
2685 3794 2955 3875 Ἀϐραάμ,
3015 3797 3113 3852 Καὶ
3173 3797 3224 3852 ἐν
3285 3802 3364 3868 τῷ
3425 3797 3700 3871 σπέρματί
3757 3816 3846 3850 σου

2212 3887 2730 3962 «εὐλογηθήσονται
2773 3892 2938 3942 πᾶσαι
2994 3888 3051 3943 αἱ
3103 3887 3326 3958 πατριαὶ
3383 3893 3483 3954 τῆς
3538 3892 3667 3960 γῆς·
3726 3885 3850 3958 ὑμῖν

2207 4002 2235 4029 ‹‹
2268 3982 2485 4049 πρῶτον
2517 3978 2546 4032 ὁ
2597 3979 2749 4047 Θεὸς,
2807 3977 3111 4045 ἀναστήσας
3163 3976 3255 4029 τὸν
3314 3972 3488 4030 Ηαῖδα
3544 3974 3714 4031 αὐτοῦ
3745 3976 3852 4044 Ἰη-

2213 4089 2236 4121 c
2273 4072 2397 4123 σοῦν
2434 4112 2448 4134 ,
2507 4067 2819 4122 ἀπέστειλεν
2915 4066 3075 4121 αὐτὸν
3147 4063 3486 4140 εὐλογοῦντα
3575 4066 3737 4139 ὑμᾶς,
3801 4061 3850 4120 ἒν

2212 4182 2240 4210 «
2292 4162 2373 4230 τῷ
2437 4158 2793 4232 ἀποστρεφειν
2877 4153 3108 4212 ἵλαστον
3192 4154 3300 4211 ἀπὸ
3383 4161 3490 4212 τῶν
3578 4158 3853 4230 πονηριῶν

2211 4269 2238 4301 α
2273 4247 2447 4320 ὑμῶν.
2485 4271 2514 4299 ››

2284 4359 2310 4390 ι
2370 4338 2552 4409 Ὑμεῖς
2625 4336 2744 4393 ἐστὶ
2793 4334 2904 4391 υἱοὶ
2954 4340 3061 4391 τῶν
3121 4339 3442 4410 προφητῶν,
3476 4358 3504 4386 ››
3564 4334 3684 4390 ἀντὶ
3740 4337 3853 4403 τοῦ,

2213 4427 2302 4495 Μὴ
2347 4429 2598 4482 πτοεῖσθε
2656 4424 2797 4499 μηδὶ
2849 4425 3102 4497 νομίζετε
3157 4422 3574 4500 ἧλλοτριῶσθαι
3634 4422 3852 4484 ἑαυτοὺς

2210 4521 2316 4571 τῶν
2360 4517 2726 4595 ἐπαγγελιῶν.
2787 4517 2969 4590 Ὑμεῖς
3030 4515 3148 4572 ἐστὶ
3204 4514 3314 4570 υἱοὶ
3369 4519 3477 4569 τῶν
3533 4517 3853 4591 προφητῶν,

2213 4603 2353 4660 ὥστε
2411 4607 2541 4677 ὑμῖν
2599 4602 2809 4680 ἔλεγον,
2877 4604 2968 4660 καὶ
3023 4602 3094 4660 δι’
3163 4605 3299 4676 ὑμᾶς
3381 4608 3549 4659 ταῦτα
3613 4604 3857 4682 γέγονεν.

455 4701 695 4770 quidem
715 4702 856 4756 estis
888 4702 991 4756 filii
1019 4701 1465 4772 prophetarum,
1500 4701 1627 4773 ipse
1646 4718 1780 4756 vero
1800 4702 1980 4757 Filius
2000 4703 2101 4758 Dei

2219 4696 2388 4767 Ὑμεῖς
2434 4695 2552 4765 μὶν,
2587 4694 2771 4771 φησὶν,
2833 4695 2954 4750 ἐστὶ
3010 4694 3120 4749 υἱοὶ
3177 4698 3283 4748 τῶν
3346 4697 3668 4769 προφητῶν,
3702 4690 3859 4752 οὗτος

457 4794 568 4854 est,
601 4789 703 4858 qui
735 4791 1106 4862 participavit
1143 4790 1205 4844 in
1238 4806 1301 4844 se
1342 4791 1533 4844 Patris
1565 4789 1982 4856 substantiam,
2033 4807 2102 4846 ac

455 4877 719 4947 seipsum
749 4877 881 4931 aliis
912 4878 1387 4950 participandum
1419 4878 1600 4934 dedit.
1627 4901 1653 4927 «
1688 4880 1799 4934 Vos
1828 4879 1969 4934 estis
1993 4879 2101 4934 ﬁlii

455 4966 878 5040 prophetarum
913 4973 970 5021 et
1000 4970 1356 5024 testamenti.
1395 4991 1423 5018 υ
1454 4969 1607 5034 Filii,
1646 4970 1756 5026 hoc
1786 4976 1877 5024 est
1914 4970 2105 5025 haere-

456 5059 594 5114 des:
628 5073 766 5113 nam
802 5057 850 5111 si
884 5056 1062 5123 ﬁlius,
1085 5064 1142 5111 et
1171 5058 1358 5113 haeres
1386 5075 1398 5112 :
1425 5059 1694 5114 haeredes
1709 5074 1844 5114 vero
1872 5075 1991 5115 non
2018 5075 2105 5116 re-

453 5155 655 5207 center
685 5147 981 5220 inscripti,
1015 5146 1116 5202 sed
1149 5153 1432 5219 tanquam
1471 5149 1600 5204 ﬁlii.
1644 5150 1713 5202 Et
1739 5156 1807 5203 ut
1832 5150 2106 5206 ostendat

452 5240 610 5312 quod
644 5244 934 5309 quantum
965 5241 1055 5292 est
1084 5252 1154 5291 ex
1184 5237 1525 5307 adoptione,
1566 5238 1772 5308 utique
1808 5238 1855 5292 si
1897 5239 2100 5305 velint,

450 5329 717 5384 haeredes
750 5335 889 5383 sunt
915 5333 974 5382 et
1005 5326 1118 5398 ipsi
1152 5332 1433 5396 tanquam
1468 5325 1572 5380 ﬁlii
1609 5343 1621 5381 :
1663 5326 1796 5381 ideo
1829 5327 2006 5382 eliam
2038 5332 2104 5383 ut

454 5417 614 5479 ﬁliis,
649 5420 866 5489 inquit,
885 5416 1048 5472 misit
1064 5415 1294 5471 Filium.
1320 5412 1476 5469 Misit
1491 5415 1733 5486 quidem
1751 5416 1978 5484 etaliis,
1999 5417 2102 5472 sed

457 5507 619 5564 vobis
648 5507 943 5580 primum:
976 5521 1170 5577 neque
1201 5503 1263 5562 id
1286 5508 1517 5560 tantum
1547 5504 1654 5561 sed
1678 5506 1940 5578 primum
1970 5506 2100 5578 qui-

524 5685 568 5723 “
595 5687 736 5744 Gen.
773 5683 1031 5755 1:11.118.

2214 4781 2271 4839 δὲ
2302 4782 2425 4845 Υἱός
2454 4783 2566 4840 ἐστι
2608 4781 2705 4840 τοῦ
2757 4788 2913 4850 Θεοῦ,
2975 4781 3296 4857 ἐπιμερίσας
3353 4783 3490 4837 κατὰ
3538 4783 3638 4852 τὴν
3674 4781 3859 4837 οὐσῖαν

2210 4875 2303 4929 τὸν
2343 4875 2575 4949 ΙΙατάρα,
2630 4873 2857 4935 ἰκείνοις
2917 4869 2973 4928 δὶ
3029 4871 3122 4927 καὶ
3178 4872 3384 4928 ἔαυτόν.
3449 4873 3688 4943 «Ὑμεῖς
3746 4870 3862 4925 ἐστε

2212 4966 2320 5020 υἱοί
2348 4969 2455 5020 τῶν
2503 4968 2801 5040 προφητῶν
2833 4961 2922 5016 καὶ
2969 4967 3072 5029 τῆς
3130 4958 3420 5031 διαθήκης.
3457 4983 3484 5011 ι)
3543 4961 3682 5028 Υἱοὶ,
3743 4956 3861 5014 ἀντὶ

2207 5059 2330 5122 τοῦ,
2362 5053 2732 5126 κληρονιῖμοι.
2766 5050 2831 5108 Ei
2860 5051 2959 5125 γὰρ
3001 5052 3136 5112 υἱὸς,
3178 5049 3267 5106 καὶ
3314 5051 3686 5125 κΛηρονόμος,
3719 5047 3858 5116 κλη-

2213 5143 2441 5218 ρονόμοι
2500 5140 2557 5195 δὶ
2617 5139 2678 5195 οὐ
2754 5140 3081 5216 προσφάτως
3142 5139 3541 5216 ἐγγραφέντες,
3600 5135 3729 5193 ἀλλ’
3787 5137 3863 5199 ὡς

2211 5231 2336 5286 υἱοί
2399 5229 2489 5286 καὶ
2535 5229 2624 5283 ἳνα
2693 5225 2839 5298 δείξη
2901 5228 2983 5284 δτι
3044 5227 3165 5283 ὅσον
3256 5227 3364 5283 ἀπὸ
3421 5234 3520 5297 τῆς
3567 5225 3856 5292 υἱοθεσίας,

2212 5321 2259 5376 εἰ
2314 5318 2415 5394 ἄρα
2465 5319 2554 5374 καὶ
2616 5317 2767 5373 αὐτοὶ
2832 5316 3144 5392 βούλονται,
3204 5315 3552 5392 κληρονόμοι
3615 5314 3715 5370 εἶσὶ
3770 5311 3861 5370 καὶ

2211 5409 2367 5465 αὐτοὶ
2425 5409 2502 5469 ὡς
2559 5407 2694 5477 υἱοὶ,
2767 5404 2852 5462 διὸ
2907 5406 2998 5462 καὶ
3056 5407 3130 5468 ὡς
3189 5407 3328 5469 υἱοῖς
3376 5406 3498 5462 Υἱὸν
3556 5401 3860 5465 ἀπέστειλε.

2213 5495 2535 5556 ’Δπὲστειλε
2566 5497 2662 5571 μὶν
2720 5497 2810 5552 καὶ
2867 5496 3092 5572 δτέροις,
3120 5493 3244 5553 ἀλλ’
3304 5495 3428 5568 ὑμῖν
3490 5498 3726 5572 πρῶτον·
3769 5479 3857 5548 κιιιἶ
