4098 6260
244 383 316 451 93
1281 370 1684 463 couM‘EN'r.
1728 380 1807 457 ιιι
1852 392 2059 456 ACTA
2101 378 2719 459 APOSTOLORUM.

3645 393 3741 455 9-6

242 521 361 580 οὗδὶ
396 525 601 599 μονον,
636 526 805 585 ἀλλὰ
864 531 1136 606 πρώτοις
1192 531 1283 603 μὲν
1331 529 1494 585 οἷονεῖ
1527 529 1959 605 προηγουμένως

2100 529 2211 584 lem
2235 534 2293 583 et
2313 530 2607 601 prmcipue
2629 529 2814 595 vobis,
2841 530 2941 601 qui
2966 533 3165 585 tamen
3189 545 3325 585 eum
3349 529 3698 585 cruciﬁxisti

260 618 373 677 τοῖς
406 620 793 688 σταυρώσασι
858 621 961 675 καὶ
1017 620 1376 676 ἀποκτείνασι.
1411 620 1515 676 Καὶ
1540 618 1713 687 πότε;
1765 618 1841 676 Οὔ
1882 622 1972 671 νῦν

278 708 464 782 μόνον,
497 706 663 763 ἄλλα
692 708 791 763 καὶ
825 712 946 784 πρὸ
1007 715 1108 765 τοῦ
1164 710 1409 781 σταυροῦ,
1454 709 1545 764 καὶ
1576 710 1684 783 πρὸ
1712 712 1974 764 τοσοῦτοι)

281 796 687 874 τολμήματος.
723 800 821 854 καὶ
862 800 1010 873 μετᾶ
1060 803 1154 870 τὴν
1203 800 1507 860 ἀνάστασιν,
1543 802 1635 855 Διό
1666 799 1755 854 καὶ
1787 819 1973 878 φησιν,

299 916 326 943 ιι
371 891 532 964 Ὑμῖν
598 894 835 963 πρῶτον
901 889 1212 961 ἀναστήσας
1269 889 1449 946 αὐτόν.
1496 916 1517 944 ι
1581 888 1645 944 Τί
1704 895 1973 958 nor-ﬁam;

299 978 626 1056 Εὒλογῆσαι
660 980 758 1034 καὶ
792 983 974 1034 σῶσαι
1009 981 1165 1054 ὑμᾶς,
1214 980 1258 1034 εἰ
1312 978 1416 1055 ἄρα
1452 979 1541 1035 καὶ
1574 977 1729 1034 αὐτοὶ
1758 975 1977 1033 ἕλοισθε

317 1071 627 1147 ὶπιστρέψαι
658 1069 768 1124 ἀπὸ
799 1073 914 1124 τῶν
949 1073 1130 1124 κακῶν
1163 1069 1335 1142 ὑμῶν.

393 1186 418 1213 α
452 1158 777 1216 Λαλοῦντων
813 1155 873 1213 δὲ
923 1159 1100 1214 αὐτῶν
1151 1160 1288 1231 πρὸς
1345 1159 1435 1213 τὸν
1494 1157 1626 1213 λαὸν
1678 1158 1976 1227 ἐπέστησαν

328 1277 356 1304 ει
392 1251 575 1312 αὐτοῖς
605 1250 656 1305 οἱ
683 1251 877 1323 ἱερεῖς,
908 1248 998 1305 καὶ
1050 1250 1077 1304 ὁ
1128 1251 1427 1323 στρατηγὸς
1476 1253 1573 1305 τοῦ
1603 1250 1774 1323 ἱεροῦ,
1805 1248 1896 1304 καὶ
1925 1249 1977 1303 οἱ

316 1364 342 1394 ι
383 1339 756 1396 Σαδδουκαῖοι
821 1337 1245 1413 διαπονούμενοι
1303 1335 1393 1393 διὰ
1441 1340 1504 1393 τὸ
1563 1335 1831 1393 διδασκειν
1887 1337 1977 1392 τὸν

315 1451 339 1479 ι
375 1428 537 1496 λαὸν,
568 1428 661 1483 καὶ
687 1425 1084 1503 καταγγέλλειν
1133 1426 1184 1481 έν
1238 1431 1317 1498 τῷ
1350 1428 1531 1497 Ἰησοῦ
1561 1428 1660 1493 τήν
1691 1427 1973 1481 ἀνάστασιν

310 1545 339 1572 κ
372 1520 479 1587 τήν
514 1517 575 1572 ἐκ
602 1521 830 1589 νεκρῶν.
891 1516 989 1573 Καὶ
1049 1511 1316 1571 ἐπέϐαλον
1371 1515 1557 1577 αὐτοῖς
1607 1516 1702 1578 τὰς
1758 1521 1974 1594 χεῖρας,

300 1632 331 1659 ει
367 1607 463 1661 καὶ
528 1603 711 1669 ἔθεντο
770 1604 847 1665 είς
902 1606 1137 1678 τήρησιν
1194 1602 1272 1664 είς
1326 1604 1425 1671 τήν
1481 1599 1686 1677 αὔριον·
1721 1604 1820 1659 Ἦν
1869 1603 1974 1677 γὰρ

301 1722 331 1750 α
366 1695 578 1769 ἑσπέρα
604 1692 741 1766 ἢδη.
802 1691 1017 1748 Πολλοὶ
1072 1691 1129 1748 δὶ
1182 1697 1290 1748 τῶν
1351 1692 1696 1748 ἀκουσάντων
1745 1693 1837 1747 τὸν
1874 1690 1974 1747 λόει

307 1811 335 1838 ει
368 1807 469 1859 γον
507 1784 853 1840 ἐπίστευσαν.
880 1806 909 1833 »

2086 624 2145 673 et
2195 620 2601 674 interemistis.
2662 621 2731 674 Et
2790 619 3026 690 quando
3110 619 3336 674 misit?
3394 622 3518 673 Non
3577 636 3734 675 nunc

2086 708 2300 774 solum,
2335 709 2438 764 sed
2493 714 2549 764 et
2579 713 2715 764 ante
2749 710 3088 780 passionem
3122 710 3465 780 priusquam
3508 715 3735 764 tantum

2083 800 2314 855 facinus
2349 806 2749 870 perpetratum
2775 806 2947 855 esset.
2976 808 3033 853 et
3055 806 3183 870 post
3216 800 3730 856 resurrectionem.

2086 889 2252 945 Unde
2285 889 2395 943 ait:
2432 912 2457 937 ‹‹
2495 890 2782 943 Suscitato
2812 889 2957 943 Filio
2994 906 3122 953 suo,
3166 889 3328 943 misit
3359 906 3513 943 eum.
3552 910 3578 937 »
3612 890 3733 952 Quo

2087 977 2332 1032 tandem
2365 978 2484 1032 fine
2512 978 2539 1032 ?
2567 979 2639 1033 Ut
2668 977 3047 1032 benediceret
3077 994 3144 1032 ac
3203 978 3454 1032 salvaret
3505 995 3624 1043 vos,
3686 978 3733 1033 si

2086 1083 2227 1122 sane
2260 1067 2437 1122 etiam
2467 1067 2578 1137 ipsi
2612 1068 2870 1122 converti
2906 1067 3095 1121 velitis
3123 1084 3156 1121 a
3179 1067 3350 1121 malis
3380 1068 3610 1122 vestris.

2156 1157 2246 1225 IV,
2283 1159 2407 1212 1-4.
2444 1180 2469 1207 ‹‹
2509 1157 2911 1228 Loquentibus
2952 1164 3150 1212 autem
3191 1158 3311 1211 illis
3344 1158 3415 1212 ad
3448 1160 3733 1228 populum

2086 1270 2112 1297 ‹‹
2148 1253 2620 1318 supervenerunt
2663 1247 2748 1301 eis
2799 1247 3156 1309 sacerdotes,
3192 1264 3257 1301 ac
3290 1247 3403 1301 dux
3441 1248 3645 1318 templi
3677 1254 3738 1304 et

2086 1358 2113 1385 «
2139 1335 2466 1401 Saddueaai,
2496 1336 2763 1391 dolentes
2791 1352 2858 1391 eo
2883 1335 3040 1406 quod
3069 1336 3350 1392 docerent
3372 1336 3654 1408 populum
3682 1343 3740 1393 et

2091 1448 2110 1474 ιι
2146 1426 2574 1481 annuntiarent
2598 1443 2702 1496 per
2730 1427 2928 1479 lesum
2963 1427 3457 1481 resurrectionem
3482 1434 3740 1482 mortuo-

2086 1538 2112 1564 «
2147 1530 2280 1568 rum
2311 1530 2323 1568 :
2349 1520 2407 1568 et
2438 1515 2775 1585 injecerunt
2806 1515 2891 1569 eis
2912 1531 3147 1579 manus,
3174 1521 3617 1585 posueruntque
3638 1533 3738 1571 eos

2088 1623 2113 1654 ‹ι
2148 1603 2207 1658 in
2238 1604 2575 1658 custodiam
2606 1604 2666 1657 in
2694 1608 2996 1675 posterum
3022 1604 3179 1659 diem
3207 1620 3217 1656 :
3255 1609 3380 1659 erat
3430 1604 3588 1659 enim
3609 1606 3737 1676 jam

2086 1714 2114 1743 ‹‹
2146 1710 2408 1765 vespera.
2443 1693 2605 1747 Multi
2624 1702 2821 1748 autem
2846 1710 2914 1749 ex
2937 1694 3020 1749 eis
3045 1694 3143 1765 qui
3176 1693 3487 1749 audierant
3516 1710 3737 1751 sermo.

2086 1804 2114 1832 ‹‹
2146 1799 2309 1850 nem,
2341 1781 2750 1837 crediderunt.
2786 1806 2807 1833 ι

380 1876 532 1949 Ὅρα
582 1876 700 1934 πῶς
782 1872 1149 1945 οἰκονομεῖται
1220 1872 1287 1927 τὰ
1373 1870 1684 1945 πράγματα.
1750 1875 1971 1940 Πρῶτον

2158 1868 2300 1924 Vide
2333 1885 2447 1939 quo
2475 1868 2651 1923 modo
2685 1868 3209 1940 resdisponantur.
3243 1873 3507 1927 Primum
3530 1888 3738 1928 omnes

306 1963 731 2039 έχλευὶσθησαν
777 1961 972 2022 πάντες
1024 1962 1185 2035 ὁμοῦ.
1243 1962 1375 2017 Εἶτα
1425 1958 1884 2032 εὐδοκιμήσαντες
1923 1961 1976 2016 ὲν

308 2061 433 2116 ταῖς
531 2051 934 2127 δημηγορίαις,
1014 2051 1105 2105 καὶ
1187 2053 1369 2123 θαῦμα
1433 2049 1787 2125 ἐργασάμενοι
1846 2051 1982 2124 μετὰ

308 2148 488 2197 ταῦτα
525 2142 684 2215 μέγα,
717 2138 864 2194 οὕτω
907 2137 973 2208 δὴ
1026 2135 1220 2194 λοιπὸν
1279 2140 1413 2213 μετᾶ
1441 2139 1501 2192 τὸ
1532 2139 1818 2214 θαρρῆσαι,
1848 2144 1982 2193 Θεοῦ

326 2234 810 2307 συγχωρήσαντος.
853 2230 931 2290 εἷς
985 2226 1270 2291 κινδῦνους
1330 2226 1669 2301 ἐμϐαίνουσι,
1731 2230 1821 2284 καὶ
1876 2233 1984 2283 τῶν

326 2323 561 2395 ἀγώνων
590 2321 861 2375 ἅπτονται.
910 2314 1015 2373 Θέα
1067 2315 1124 2372 δὲ
1170 2319 1267 2387 τὴν
1314 2317 1393 2380 είς
1442 2317 1749 2390 ἰταμότητα
1780 2338 1985 2392 προκο-

331 2412 442 2479 πήν
492 2413 597 2463 τῶν
648 2405 949 2475 Ἰουδαίων,
1000 2405 1085 2461 ὅτι
1136 2406 1223 2462 ἐπὶ
1271 2411 1368 2461 τοῦ
1418 2408 1655 2481 Χριστοῦ
1684 2408 1774 2460 τὸν
1808 2426 1981 2478 παρα-

329 2499 579 2555 δώσοντα
610 2500 923 2568 ζητοῦντες,
946 2500 1037 2550 νῦν
1059 2495 1213 2550 αὐτοί
1244 2497 1341 2558 τὰς
1373 2501 1563 2570 χεῖρας
1596 2491 1982 2564 ἐπιϐάλλουσι,

324 2588 651 2664 θρασῦτεροι
698 2586 989 2661 γεγονότες
1043 2587 1177 2658 μετᾶ
1216 2585 1310 2640 τὸν
1362 2585 1609 2660 σταυρόν.
1663 2585 1832 2660 Εἶχον
1881 2585 1984 2660 γὰρ

317 2678 535 2734 καὶτὸν
565 2674 897 2749 στρατηγὸν,
943 2673 1033 2728 ’ίνα
1078 2672 1246 2728 πάλιν
1298 2672 1565 2747 δημόσιον
1606 2672 1858 2747 ἔγκλημα
1888 2692 1984 2727 πε-

325 2771 519 2843 ριθῶσι
545 2772 669 2827 τοῖς
700 2762 1108 2839 γεγενημένοις,
1140 2764 1229 2819 καὶ
1286 2764 1362 2836 μή
1413 2763 1487 2824 ὡς
1532 2760 1808 2818 ἰδιωτικὸν
1843 2760 1985 2818 έκδι-

323 2860 484 2922 κῶσι,
514 2856 661 2924 ’ὅπερ
710 2856 997 2928 πανταχοῦ
1054 2849 1421 2922 σπουδάζουσι
1477 2858 1667 2907 ποιεῖν.
1721 2853 1984 2908 Ἐνώπιον

318 2944 376 3003 δὲ
407 2946 509 3001 τοῦ
568 2943 823 3013 πλήθους
879 2945 977 2996 τοῦ
1036 2939 1359 2997 ἀποστόλων
1406 2938 1752 3014 έδέσμευσαν,
1783 2942 1869 2997 ἳνα
1898 2944 1987 2998 καὶ

311 3035 519 3095 αὐτοὺς
611 3034 857 3103 ὁρῶντας
946 3027 1293 3105 δειλοτέρους
1380 3028 1731 3102 ἐργάσωνται.
1813 3031 1990 3087 Ἀλλὰ

309 3122 630 3179 τουναντίον
676 3119 917 3197 ἐγένετο.
971 3117 1184 3175 Πολλοὶ
1233 3119 1334 3194 γὰρ
1383 3122 1490 3173 τῶν
1523 3118 1863 3175 ἀκουσάντων
1896 3122 1986 3174 τὸν

318 3212 507 3285 λόγον
567 3204 903 3266 ἐπίστευσαν.
963 3208 1125 3283 Ὁρᾷς
1190 3208 1336 3272 θείαν
1396 3206 1658 3282 ἐνέργειαν
1714 3209 1986 3289 φανεράν;

331 3301 427 3355 καὶ
495 3301 602 3370 μὴν
651 3297 736 3352 καὶ
788 3297 919 3361 τοὺς
973 3294 1085 3367 ἤδη
1146 3298 1533 3359 πιστεύσαντας
1581 3298 1987 3371 ἀσθενεστέρους

341 3387 454 3445 ἔδει
486 3386 735 3462 γενέσθαι.
769 3384 930 3445 Ἀλλ’
986 3390 1023 3455 ἠ
1083 3388 1288 3461 Πέτρου
1338 3384 1654 3461 δημηγορία
1721 3386 1992 3461 Πνεύματι

334 3479 467 3550 θείῳ
500 3485 934 3552 συγκροτουμὲνη
973 3477 1141 3545 αὖτῆς
1193 3475 1372 3531 αὐτῶν
1421 3482 1519 3546 ζῆς
1571 3480 1757 3551 ψυχῆς
1789 3479 1989 3549 ἥψατο.

329 3569 463 3623 Κατ’
523 3564 662 3621 ίδίαν
722 3564 781 3620 δὶ
835 3564 1034 3628 αὐτοὺς
1089 3564 1460 3635 ἐξετάζουσιν,
1516 3566 1603 3619 ἳνα
1638 3567 1713 3639 μή
1761 3566 1866 3619 ἀπὸ
1890 3572 1992 3635 τῆς

320 3657 641 3733 παρῥησίας
675 3652 852 3711 αὐτῶν
880 3655 934 3710 οἱ
966 3655 1252 3717 ἀκούοντές
1284 3652 1646 3729 κερδήσωσιν.

396 3860 427 3888 α
463 3835 573 3891 Καὶ
604 3833 836 3909 ἂγενήθη
870 3833 897 3887 ὁ
927 3832 1158 3906 ἀριθμὸς
1214 3837 1325 3890 τῶν
1381 3832 1587 3907 ἀνδρῶν
1641 3834 1769 3888 ὡσεὶ
1801 3832 1993 3913 χιλιᾶ-

321 3950 348 3977 (ι
386 3923 481 3987 δες
512 3925 701 3981 πέντε.
737 3920 985 3997 Ἐγένετο
1044 3920 1102 3978 δὲ
1158 3922 1246 3979 ἐπὶ
1293 3924 1392 3993 τὴν
1435 3922 1622 3998 αὔριον
1656 3925 1989 3999 συναχθῆναι

326 4043 355 4070 (ι
388 4018 578 4072 αὐτῶν
614 4016 743 4077 τοὺς
778 4012 1049 4089 ἄρχοντας
1104 4014 1193 4068 καὶ
1250 4008 1646 4088 πρεσϐυτέρους
1691 4012 1781 4067 καὶ
1812 4033 1991 4090 γραμ-

308 4130 354 4158 ·«
390 4110 591 4179 ματεῖς
639 4104 717 4165 εἰς
775 4102 1158 4177 Ἰερουσαλὴμ,
1216 4103 1306 4157 καὶ
1366 4104 1562 4159 ’Ἄνναν
1589 4104 1681 4158 τὸν
1708 4100 1989 4178 ἀρχιερέα,

322 4222 351 4249 a
383 4197 480 4250 καὶ
545 4193 814 4270 Καϊάφαν,
868 4193 958 4246 καὶ
1017 4190 1293 4262 Ἰωάννην,
1342 4193 1432 4246 καὶ
1488 4189 1868 4266 Ἀλέξανδρον,
1898 4191 1990 4247 καὶ

321 4311 349 4336 «ι
385 4284 512 4340 ὅσοι
564 4283 704 4353 ⁴ἦσαν
756 4280 816 4337 ἐκ
864 4280 1052 4358 γένους
1098 4281 1504 4357 ἀρχιερατικοῦ.
1559 4282 1655 4336 Καὶ
1701 4283 1991 4352 στήσαντες

320 4398 353 4426 α
392 4375 598 4434 αὖτοὺς
624 4372 686 4427 ἐκ
704 4393 784 4445 τῳ
817 4370 985 4445 μέσῳ,
1020 4370 1398 4435 ἐπυνθάνοντο.
1428 4393 1457 4423 »

407 4486 434 4517 ι
462 4458 731 4523 Χιλιάδες
761 4459 937 4518 πέντε.
972 4485 1002 4513 ››
1052 4461 1148 4515 Διὰ
1195 4460 1301 4535 γὰρ
1350 4463 1511 4516 τοῦτο
1554 4459 1869 4538 προέλεγεν,
1901 4459 1988 4517 ἐπί

327 4557 439 4608 τῶν
471 4552 731 4614 πεντάκις
760 4548 989 4625 χιλίων·
1051 4572 1079 4601 ‹‹
1112 4550 1243 4605 Δότε
1300 4548 1484 4613 αὐτοῖς
1532 4550 1687 4621 ὑμεῖς
1724 4556 1926 4626 φαγεῖν.
1961 4574 1988 4601 ››

2091 1957 2270 2012 'simul
2316 1957 2472 2011 irrisi
2506 1963 2663 2017 sunt.
2698 1956 2911 2011 deinde
2945 1957 3004 2012 in
3030 1960 3418 2014 concionibus
3476 1958 3739 2015 celebres

2090 2049 2303 2113 effecti,
2339 2065 2472 2103 cum
2507 2050 2683 2103 etiam
2727 2050 2947 2121 grande
2982 2050 3311 2106 edidissent
3342 2051 3736 2108 miraculum:

2089 2139 2320 2208 itajam
2355 2138 2591 2192 tandem
2633 2144 2945 2210 postquam
3007 2139 3191 2195 libere
3246 2141 3401 2196 locui
3463 2142 3738 2209 fuissent,

2090 2229 2469 2298 permittente
2494 2227 2628 2285 Deo.
2657 2227 2715 2281 in
2738 2228 3367 2297 periculainciduntac
3397 2230 3735 2285 certamini-

2090 2315 2199 2371 bus
2231 2323 2568 2390 tanguntur.
2590 2319 3057 2375 Consideravero
3087 2322 3425 2377 Judzeorum
3458 2340 3734 2396 progres-

2091 2421 2220 2461 sum
2254 2423 2320 2461 ac
2352 2415 2724 2463 crementum
2753 2409 2823 2462 ad
2849 2409 3282 2473 crudelitatem,
3318 2428 3532 2482 nempe
3577 2410 3734 2482 quod

2093 2496 2193 2567 qui
2211 2496 2446 2566 priusin
2462 2496 2690 2551 Christo
2709 2498 2995 2568 capiendo
3015 2499 3374 2568 proditorem
3397 2501 3744 2570 quaerebant

2094 2600 2254 2640 nunc
2284 2586 2397 2657 ipsi
2431 2602 2644 2640 manus
2702 2586 3001 2655 injiciunt,
3063 2588 3406 2642 audaciores
3438 2588 3573 2643 facti
3608 2592 3742 2660 post

2094 2674 2456 2746 passionem,
2509 2674 2809 2729 habebant
2852 2676 3009 2730 enim
3070 2677 3302 2741 ducem,
3364 2682 3430 2731 ut
3486 2678 3578 2732 bis
3610 2695 3740 2747 quas

2092 2764 2247 2819 facta
2274 2771 2479 2819 essent
2536 2765 2839 2836 publicum
2888 2783 3095 2821 rursus
3148 2766 3372 2821 crimen
3407 2767 3507 2822 34
3539 2768 3744 2839 affige-

2092 2858 2243 2919 rent,
2280 2868 2388 2909 nec
2420 2854 2721 2925 propriam
2779 2854 2984 2910 ulcisci
3040 2855 3382 2910 viderentur
3438 2857 3743 2927 iniuriam,

2095 2942 2253 3013 quod
2284 2942 2506 3014 ubique
2543 2945 2734 2998 facere
2767 2944 3065 2998 nituntur.
3108 2948 3312 2999 Coram
3361 2946 3745 3001 multitudine

2094 3036 2293 3085 autem
2324 3032 2622 3101 apostolos
2654 3032 2983 3095 vinxerunt,
3018 3038 3083 3086 ut
3109 3050 3208 3087 eos
3248 3034 3426 3088 etiam
3459 3035 3558 3104 qui
3585 3034 3741 3089 vide-

2096 3126 2231 3174 rent
2261 3120 2591 3175 timidiores
2609 3121 2943 3175 redderent.
2973 3122 3081 3175 Sed
3114 3122 3474 3176 contrarium
3509 3124 3742 3177 accidit.

2102 3214 2244 3267 Nam
2281 3212 2452 3265 multi
2485 3228 2552 3265 ex
2585 3212 2677 3265 his
2703 3212 2803 3281 qui
2832 3211 3145 3265 audierant
3173 3227 3528 3273 sermonem,
3556 3212 3745 3267 credi-

2104 3302 2338 3356 derunt.
2363 3301 2537 3356 Vides
2563 3300 2873 3356 manifeste
2898 3302 3156 3356 divinam
3178 3302 3501 3358 efﬁcaciam
3526 3304 3552 3358 Ἰ
3573 3305 3744 3375 Atqui

2100 3405 2201 3446 eos
2232 3389 2409 3444 etiam
2442 3390 2543 3460 qui
2575 3390 2953 3444 crediderant
2980 3392 3244 3461 oportuit
3272 3392 3438 3446 reddi
3473 3392 3745 3446 imbecil-

2099 3480 2314 3535 liores:
2350 3480 2453 3534 sed
2503 3481 2658 3534 Petri
2718 3481 2946 3546 concio,
2980 3480 3176 3534 divino
3231 3480 3437 3549 adiuta
3496 3482 3746 3552 Spiritu,

2096 3570 2255 3641 ipsas
2284 3586 2486 3624 eorum
2510 3570 2741 3625 animas
2772 3572 3061 3642 tetigerat.
3102 3571 3377 3626 Privatim
3419 3579 3617 3625 autem
3649 3572 3744 3626 in-

2095 3664 2415 3731 terrogant,
2449 3676 2523 3713 ne
2556 3675 2627 3714 ex
2655 3660 2919 3731 ipsorum
2954 3660 3223 3714 libertate
3255 3660 3539 3731 loquendi
3571 3660 3743 3716 audi-

2097 3754 2254 3804 tores
2284 3748 2516 3803 lucrum
2549 3755 2949 3820 reportarent.

2169 3842 2258 3906 ιν,
2287 3841 2406 3894 4-7.
2446 3860 2472 3891 ι
2502 3841 2572 3894 Ει
2599 3840 2789 3894 factus
2822 3844 2910 3894 est
2938 3854 3222 3893 numerus
3263 3838 3521 3891 virorum
3570 3839 3741 3893 circi-

2096 3950 2124 3979 «
2157 3935 2249 3983 ter
2276 3929 2539 3999 quinque
2572 3928 2848 3983 millium.
2885 3927 3111 3982 Accidit
3142 3932 3338 3981 autem
3373 3931 3608 3997 postero
3650 3928 3745 3981 die

2094 4040 2123 4068 «
2157 4023 2223 4072 ut
2239 4022 2740 4089 congregarentur
2760 4017 3061 4088 principes
3087 4023 3145 4069 et
3167 4016 3430 4071 seniores
3444 4032 3510 4070 ac
3534 4017 3747 4071 scribm

2095 4129 2123 4157 ‹‹
2158 4106 2601 4176 Hierosolymis,
2627 4106 2922 4175 simulque
2945 4110 3144 4160 Annas
3166 4106 3441 4177 princeps
3472 4105 3748 4160 sacerdo-

2096 4201 2281 4249 «tum
2315 4211 2381 4249 ac
2432 4195 2704 4265 Caiphas,
2762 4197 3137 4266 Joannesque
3196 4212 3262 4250 ac
3321 4196 3656 4251 Alexander
3686 4201 3745 4250 et

2093 4308 2121 4335 υ
2156 4290 2447 4357 quotquot
2487 4290 2656 4339 erant
2694 4302 2724 4340 e
2756 4301 2971 4359 genere
3022 4285 3373 4340 sacerdotali
3406 4330 3419 4352 ,
3464 4286 3742 4358 ipsosque

2091 4396 2120 4425 «
2154 4375 2217 4430 in
2253 4373 2449 4429 medio
2482 4375 2710 4445 positos
2737 4376 2934 4429 intero
2950 4374 3202 4447 gebant.
3237 4397 3263 4425 ›)

2168 4486 2195 4514 ‹‹
2228 4464 2499 4535 Quinque
2530 4464 2738 4520 millia.
2776 4488 2803 4514 ››
2836 4465 2918 4520 Ob
2945 4466 3056 4520 hoc
3087 4465 3246 4520 enim
3269 4465 3646 4536 praedixerat,
3671 4464 3743 4518 de

2099 4555 2365 4626 quinque
2387 4555 2696 4610 millibus:
2723 4576 2750 4605 ‹‹
2779 4556 2920 4609 Date
2944 4555 3065 4609 illis
3096 4572 3194 4606 vos
3221 4554 3379 4623 quod
3402 4553 3582 4607 edant
3601 4552 3649 4586 ‘9
3678 4571 3690 4608 :
3717 4574 3746 4602 ››

325 4640 613 4711 τουτέστι,
695 4636 1182 4719 πεντακισχιλίους
1267 4640 1516 4714 κορέσετε
1600 4639 1834 4703 πίστεως
1898 4641 1983 4695 καὶ

2100 4643 2210 4697 hoc
2237 4648 2346 4707 est,
2378 4660 2479 4699 vos
2509 4645 2688 4700 etiam
2715 4643 3091 4715 postmodum
3119 4642 3380 4712 quinque
3414 4641 3603 4695 millia
3632 4641 3749 4696 fide

326 4732 492 4804 ὑμεῖς
529 4729 667 4803 μετᾶ
690 4732 873 4785 τοῦτα.

403 4847 432 4873 ιι
466 4822 560 4878 Ἐν
593 4819 731 4891 ποίᾳ
760 4817 991 4892 δυνήμει
1041 4816 1081 4887 ἤ
1138 4816 1191 4872 ἰν
1245 4818 1390 4892 ποίῳ
1442 4818 1669 4892 ὀνόματι
1697 4818 1989 4891 ἐποιήσατε

298 4916 492 4966 -τοίῑτο
526 4910 727 4983 ὓμεῖςς
763 4932 790 4958 η

400 5000 504 5056 Καὶ
545 5000 655 5072 μὴν
704 4995 951 5074 ᾔδεισαν·
1010 4996 1335 5071 πονούμενοι
1388 4997 1512 5073 γὰρ,
1566 4998 1621 5053 έν
1674 5003 1753 5071 τῷ
1789 5020 1990 5076 καταγ-

324 5089 552 5164 γέλλειν
583 5087 637 5143 έν
668 5092 749 5161 τῷ
780 5089 963 5155 Ἰησοῦ
989 5088 1093 5156 τήν
1140 5087 1745 5165 ἀνάστασιν,ςκατέσχον
1770 5090 1985 5156 αὐτούς.

327 5181 609 5255 Ἐρωτῶσι
666 5175 743 5243 δὲ,
795 5174 1210 5253 προσδοκῶηες
1258 5176 1477 5247 αὐτοὺς,
1524 5179 1587 5233 τὸ
1636 5176 1985 5255 δικαστήριον

296 5270 414 5324 ’καὶ
472 5269 538 5323 τὸ
592 5264 811 5336 πλῆθος
866 5260 1221 5347 φοϐηθέντας,
1282 5263 1537 5340 ἐξάρνους
1584 5269 1848 5343 γενέσθαι,
1897 5270 1983 5325 καὶ

322 5358 388 5413 τὸ
444 5363 549 5413 πᾶν
609 5354 699 5412 διὰ
750 5355 952 5411 τούτου
1005 5354 1422 5429 κατωρθωκέναι
1476 5358 1799 5433 νογίζοντες.
1850 5360 1988 5433 Ὅρα

326 5447 429 5521 γὰρ
459 5451 579 5510 πῶς
621 5446 951 5522 κακούργως
1004 5442 1300 5521 ἐρωτῶσιν.
1350 5441 1680 5504 ’Βϐοὖλοντο
1729 5449 1829 5522 γὰρ
1860 5449 1988 5510 τοὺς

396 5725 441 5761 ⁸⁸
468 5728 665 5786 latth.
698 5742 818 5797 xxv,
857 5725 947 5779 ιο.

2101 4738 2380 4789 saturate.

2170 4824 2263 4889 IV,
2297 4825 2413 4879 7-8.
2444 4846 2469 4873 α
2504 4824 2629 4887 Qua
2657 4821 2923 4893 potentia
2951 4826 3054 4876 aut
3082 4837 3197 4893 quo
3230 4820 3473 4877 nomine
3499 4821 3747 4891 fecistis,

2100 4936 2129 4965 α
2163 4914 2275 4970 hoc
2303 4931 2402 4969 vos
2421 4914 2449 4968 ‘I
2481 4934 2509 4962 »

2172 5002 2352 5072 Atqui
2386 5002 2690 5056 sciebant:
2729 5000 2997 5057 dolentes
3044 5003 3202 5058 enim
3234 5003 3392 5074 quod
3424 5003 3742 5057 annuntia-

2102 5097 2238 5146 rent
2266 5107 2372 5162 per
2426 5093 2625 5147 Jesum
2676 5094 3194 5157 resurrectionem,
3255 5099 3576 5149 tenuerunt
3603 5109 3741 5147 eos:

2098 5181 2545 5253 interrogabant
2574 5187 2773 5237 tamen
2798 5184 3204 5239 existimantes
3226 5201 3326 5238 eos
3350 5182 3643 5254 judicium
3680 5198 3748 5237 ac

2098 5271 2542 5327 multitudinem
2574 5274 2814 5338 veritos,
2866 5290 2995 5329 esse
3037 5280 3376 5346 negaturos,
3440 5279 3747 5343 totumque

2100 5361 2403 5432 negotium
2436 5378 2541 5433 per
2571 5362 2681 5418 hoc
2710 5363 3127 5435 corrigendum
3188 5362 3565 5417 arbitrantes.
3604 5362 3745 5417 Vide

2100 5456 2300 5507 autem
2323 5467 2501 5524 quam
2533 5452 2779 5509 subdole
2836 5453 3228 5523 interrogant,
3258 5452 3552 5511 Malebant
3580 5453 3740 5507 enim
