4098 6260
359 363 438 424 95
1487 363 1908 428 GCUMENII
1950 363 2257 426 TPICCAL'
2299 358 2687 424 EPISCOPI.
3701 339 3781 420 96

363 498 666 572 apostolos
695 499 867 556 fateri
900 516 1072 556 suum
1113 517 1244 557 esse
1300 517 1448 573 opus
1505 516 1685 572 quam
1734 500 2011 574 potentias

2128 493 2474 554 ἀποστόλους
2509 489 2722 566 μᾶλλον
2771 492 2974 548 ἑαυτῶν
3031 491 3160 546 εἶναι
3193 484 3440 581 τόῖργον
3470 486 3777 581 ὁμολογεῖν

363 589 601 645 Christi.
636 590 703 643 Et
731 589 966 644 adverte
997 591 1156 661 quod
1179 607 1372 661 neque
1404 591 1714 646 nominare
1742 589 2018 646 volebant

361 677 556 733 claudi
591 679 904 734 sanitatem
931 695 944 734 :
970 697 1163 750 neque
1197 681 1358 736 enim
1392 681 1601 736 dicunt
1629 681 1914 751 quidnam
1939 679 2018 734 sit

365 767 486 828 sed.
515 790 541 815 ‹‹
579 769 818 822 Fecistis
851 771 961 823 hoc
1003 791 1030 819 ››
1062 770 1147 824 Illi
1180 786 1309 824 vero
1341 771 1446 825 hos
1479 771 1719 841 quidem
1753 785 1886 825 cum
1911 769 2014 824 ho-

364 872 508 911 nore
542 858 930 913 nominarunt
960 856 1262 915 dicentes:
1297 861 1602 931 Principes
1634 859 1835 931 populi
1867 875 1879 912 :
1913 858 2013 913 ubi

361 952 560 1001 autem
591 947 665 1002 ad
697 964 823 1002 rem
856 955 1162 1012 venerunt,
1200 965 1320 1004 non
1351 950 1771 1005 abstinuerunt
1809 947 1882 1004 ab
1915 965 2014 1004 ac-

363 1037 672 1092 cusatione
704 1054 834 1108 quas
868 1045 1201 1110 opportuna
1242 1045 1418 1094 esset.
1451 1040 1634 1094 Aiunt
1664 1039 1820 1094 enim
1850 1054 1864 1094 :
1898 1039 2013 1093 Nos

360 1125 603 1196 quidem
636 1133 921 1198 tanquam
953 1127 1103 1182 bene
1150 1129 1394 1184 meritos
1425 1129 1680 1184 maxime
1735 1128 2010 1185 coronari

360 1216 640 1286 oportuit.
666 1217 879 1271 Verum
897 1217 1180 1286 quoniam
1201 1217 1546 1288 judicamur
1568 1234 1673 1273 seu
1705 1217 2011 1272 examina-

362 1320 518 1371 mur,
553 1311 758 1360 notum
792 1305 870 1361 sit
897 1306 1174 1361 universo
1207 1306 1468 1379 populo:
1490 1307 1602 1362 hoc
1635 1306 1795 1361 enim
1825 1305 2013 1378 magis

365 1409 464 1448 eos
493 1393 902 1450 contristabat.

434 1484 525 1552 IV,
559 1487 710 1542 8-14.
747 1509 773 1535 ‹‹
801 1488 1107 1560 Principes
1137 1487 1342 1560 p0puli
1365 1493 1424 1544 et
1453 1485 1940 1553 senioreslsrael,
1964 1484 2014 1540 si

371 1594 392 1621 α
426 1591 534 1629 nos
573 1575 749 1631 hodie
779 1579 1192 1633 examinamur
1221 1595 1399 1650 super
1462 1577 1754 1633 beneﬁcio
1785 1574 2014 1632 homini

369 1685 396 1718 σ
422 1663 660 1720 inﬁrmo
691 1666 973 1736 prasstito.
1010 1683 1116 1738 per
1145 1666 1302 1737 quod
1333 1667 1430 1722 hic
1462 1666 1661 1723 salvus
1691 1665 1882 1720 factus
1905 1668 2014 1732 est,

368 1774 396 1803 α
437 1758 644 1808 notum
677 1753 754 1808 sit
783 1753 946 1810 vobis
975 1760 1033 1808 et
1063 1755 1337 1810 universo
1369 1755 1466 1812 35
1513 1754 1731 1827 populo
1793 1751 1974 1808 Israel
2000 1767 2012 1806 :

365 1865 392 1892 ‹‹
427 1844 584 1915 quod
611 1861 716 1916 per
744 1859 983 1900 nomem
1011 1845 1148 1900 Jesu
1178 1845 1394 1901 Christi
1426 1846 1677 1902 Nazareni
1705 1860 1882 1916 quem
1914 1858 2013 1897 vos

365 1954 392 1982 «
427 1935 827 1999 cruciﬁxistis,
883 1951 1062 2006 quem
1113 1937 1266 1992 Deus
1321 1938 1626 1993 suscitavit
1653 1954 1688 1993 a
1716 1935 2010 1993 mortuis:

363 2045 390 2071 ‹‹
424 2040 530 2094 per
560 2024 670 2080 hoc
700 2026 987 2096 (inquam)
1019 2027 1128 2081 iste
1159 2032 1314 2082 astat
1361 2044 1562 2084 coram
1615 2029 1776 2084 vobis
1809 2045 2010 2086 sanus.

363 2134 391 2160 ‹‹
424 2113 527 2166 Hic
553 2119 642 2167 est
671 2114 772 2168 ille
803 2114 954 2187 lapis
986 2116 1088 2187 qui
1121 2117 1379 2188 rejectus
1410 2124 1501 2173 est
1530 2135 1564 2174 a
1605 2118 1774 2174 vobis
1824 2119 2012 2175 aediﬁ-

361 2223 389 2250 ‹‹
425 2202 719 2265 cantibus,
753 2204 854 2274 qui
886 2204 1074 2260 factus
1105 2213 1196 2260 est
1225 2207 1287 2262 in
1319 2213 1497 2278 caput
1524 2207 1746 2280 anguli,
1781 2214 1842 2264 et
1889 2225 2011 2263 non

364 2309 390 2336 α
424 2295 514 2343 est
536 2305 640 2360 per
669 2290 859 2346 ullum
889 2292 1073 2347 alium
1106 2293 1286 2349 salus.
1320 2296 1520 2367 Neque
1543 2296 1705 2351 enim
1729 2300 1820 2351 est
1847 2295 2011 2351 aliud

361 2403 386 2429 ‹‹
417 2398 637 2437 nomen
681 2384 884 2440 datum
944 2385 1289 2442 hominibus
1346 2389 1455 2443 sub
1513 2388 1660 2444 caalo
1716 2405 1823 2460 per
1851 2387 2010 2461 quod

355 2491 383 2520 κ
419 2478 691 2543 oporteat
720 2490 829 2528 nos
865 2474 1056 2530 salvos
1089 2475 1238 2533 fieri.
1276 2477 1553 2532 Videntes
1601 2485 1801 2534 autem
1852 2478 2009 2534 Petri

362 2579 387 2610 ι
422 2574 489 2615 ac
514 2561 759 2618 Joannis
790 2562 852 2618 in
872 2564 1125 2620 dicendo
1148 2568 1564 2634 constantiam,
1586 2573 2010 2640 compertoque

366 2669 388 2698 ι
422 2651 578 2723 quod
613 2651 884 2708 homines
916 2661 1118 2709 essent
1145 2655 1233 2709 illi
1267 2657 1439 2712 terati
1471 2663 1530 2711 et
1559 2657 1779 2724 idiotas,
1828 2658 2011 2712 mira-

359 2761 388 2788 ιι
419 2740 655 2810 bantur,
689 2748 748 2796 et
780 2743 1180 2814 agnoscebant
1208 2761 1308 2799 eos
1341 2746 1498 2816 quod
1530 2761 1665 2801 cum
1695 2749 1833 2803 Jesu
1861 2746 2009 2802 fuis-

358 2850 386 2879 «
419 2835 589 2896 sent;
617 2830 921 2886 hominem
952 2836 1150 2887 autem
1181 2833 1448 2889 videntes
1476 2840 1732 2891 stantem
1754 2852 1891 2892 cum
1923 2835 2008 2892 eis

356 2939 382 2965 ‹‹
419 2917 521 2988 qui
555 2924 797 2973 sanatus
814 2919 1030 2985 fuerat,
1054 2921 1496 2993 nihilpoterant
1525 2925 1952 2981 contradicere.
1978 2947 2007 2976 »

430 3030 456 3055 ‹‹
486 3007 793 3080 Principes
822 3009 1046 3081 populi,
1098 3031 1126 3059 »
1159 3018 1450 3082 quantum
1481 3028 1551 3068 ae
1597 3014 2008 3086 magistratum

356 3096 420 3152 in
451 3097 799 3168 popularem
857 3099 1110 3154 turbam.
1146 3100 1422 3157 Seniores
1481 3103 1683 3168 Israel,
1717 3111 2008 3175 quantum

359 3185 904 3260 adintelligentiam
929 3205 996 3244 ac
1018 3191 1292 3262 peritiam
1314 3191 1565 3248 docendi
1592 3195 1879 3266 p0pulum
1902 3197 2003 3269 qui

357 3291 393 3330 a
423 3276 676 3330 terrenis
702 3276 776 3331 ad
825 3277 1116 3336 diviniora
1171 3279 1531 3337 sublevatur.
1592 3283 1736 3339 Nam
1793 3284 1854 3340 in
1886 3285 2002 3342 duo

357 3365 558 3419 divisit
582 3365 796 3422 caelum
818 3367 1178 3437 auditorum,
1203 3376 1484 3442 tanquam
1508 3373 1568 3426 hi
1584 3389 1704 3428 non
1737 3390 1807 3429 ex
1833 3391 2003 3446 aquo

358 3455 594 3528 possint
624 3457 960 3530 intelligere
991 3476 1123 3531 quas
1155 3460 1476 3524 dicunturl:
1511 3463 1616 3519 sed
1647 3464 2005 3536 quibusdam

355 3545 562 3600 leviter
583 3546 1022 3618 quodammodo
1047 3550 1523 3608 auscultantibus
1545 3569 1676 3625 quas
1700 3554 2010 3626 proferun-

359 3642 473 3702 tur,
506 3636 607 3691 alii
631 3653 775 3692 sane
807 3639 1160 3710 profundius
1190 3659 1258 3696 ac
1290 3642 1591 3702 efﬁcacius
1618 3647 1816 3702 animo
1847 3664 2008 3720 repo-

359 3731 515 3780 nunt
544 3743 677 3797 quae
709 3727 1084 3786 nuntiantur.
1119 3731 1404 3796 Quoniam
1431 3749 1566 3807 ergo
1598 3740 1881 3807 tanquam
1912 3753 2010 3792 cu-

357 3830 486 3870 ram
515 3823 789 3884 gerentes
816 3819 1082 3875 muneris
1095 3819 1168 3875 ad
1183 3821 1340 3893 quod
1364 3823 1537 3879 electi
1560 3826 2009 3882 estis.voluistis

358 3921 468 3960 nos
500 3906 678 3961 hodie
701 3909 1066 3974 examinare,
1097 3911 1196 3981 qui
1229 3911 1587 3970 beneﬁcium
1619 3916 1858 3972 infirmo
1900 3917 2009 3973 ho-

358 3994 504 4050 mini
529 3995 930 4052 contulimus:
967 4005 1026 4054 et
1056 4015 1177 4055 non
1203 4001 1401 4072 potius
1432 4019 1499 4058 ex
1532 4004 1662 4076 ipso
1701 4022 1881 4078 opere
1909 4023 2003 4062 ve-

357 4085 734 4140 nerationem
764 4101 900 4142 cum
931 4085 1326 4146 admiratione
1359 4091 1447 4146 illi
1478 4092 1790 4152 tribuistis.
1834 4096 2006 4166 cujus

358 4174 601 4229 nomine
622 4178 852 4231 tantum
883 4173 1103 4232 bonum
1138 4177 1413 4237 eﬂ'ectum
1439 4187 1564 4238 est:
1600 4183 1884 4256 quonian.
1917 4184 2009 4239 in-

357 4279 557 4335 quam,
593 4265 653 4320 in
688 4271 917 4322 tantum
974 4284 1238 4326 errorem
1298 4269 1612 4330 incidistis.
1648 4273 1793 4344 quid
1847 4273 2010 4330 aliud

359 4353 500 4408 hinc
531 4352 822 4427 agendum
849 4361 957 4424 est,
982 4373 1161 4428 quam
1185 4365 1251 4412 ut
1282 4375 1392 4413 nos
1418 4376 1451 4414 a
1473 4359 1766 4430 profundo
1799 4378 2009 4433 sopore

358 4459 462 4497 vos
493 4443 837 4505 excitemus,
872 4444 1138 4499 dicentes
1168 4454 1226 4500 et
1254 4447 1416 4502 vobis
1449 4454 1506 4502 et
1536 4448 1693 4519 plebi
1717 4453 1875 4520 quod
1905 4469 2012 4523 per

359 4532 471 4588 hoc
505 4549 721 4589 nomen
748 4534 807 4590 id
867 4537 1286 4593 effecerimus?
1343 4540 1567 4595 Nomen
1615 4545 1813 4596 autem
1845 4547 2013 4597 vocat

2120 587 2156 656 ἢ
2187 592 2289 656 τῆς
2322 583 2603 657 δυνάμεως
2641 587 2739 637 τοῦ
2772 584 3006 653 Χριστοῦ
3058 582 3195 656 Ὅρα
3243 577 3301 634 δὲ
3345 584 3466 642 πῶς
3499 577 3627 635 οὐδὲ
3657 581 3772 636 όνοο

2128 675 2291 749 μάσαι
2324 673 2528 745 ἤθελον
2560 675 2660 742 τὴν
2694 671 2978 746 θεραπείαν
3029 674 3126 725 τοῦ
3175 668 3386 744 χωλοῦ·
3425 669 3486 723 οὐ
3531 669 3632 746 γὰρ
3686 667 3781 723 λέ-

2121 786 2280 842 γουσι
2310 769 2487 830 ποῖον,
2520 762 2670 832 ἀλλ’,
2697 786 2724 814 ‹‹
2752 763 3076 832 Ἐποιτςσατε
3095 764 3276 816 τοῦτο.
3314 783 3341 809 ››
3369 759 3435 815 ()l
3469 755 3527 812 δὲ
3557 757 3778 831 ὠνόμαο

2121 876 2216 910 σαν
2272 855 2366 926 μὲν
2427 851 2624 916 αὐτοὺς
2687 852 2820 924 μετά
2891 855 3084 924 τιμῆς,
3143 849 3406 910 εἰπόντες·
3471 849 3777 923 ¹Ἀρχοντες

2120 946 2276 1003 λαοῦ.
2314 942 2534 1016 Ἐπειδή
2579 943 2637 999 δὲ
2665 943 2837 1014 ἦλθον
2878 943 2953 1004 εἶς
2995 943 3055 998 τὸ
3109 948 3359 1020 πρᾶγμα,
3391 941 3491 996 οὐκ
3518 939 3779 995 ἀωίσταν-

2117 1057 2209 1093 ται
2236 1040 2333 1092 τοῦ
2383 1037 2686 1111 πρέποντος
2743 1033 2998 1110 ἐλέγχου.
3056 1032 3196 1090 Φασὶ
3235 1031 3363 1110 γὰρ,
3407 1032 3493 1087 δτι
3522 1028 3779 1086 Μάλιστα

2126 1125 2222 1199 μὶν
2270 1125 2439 1200 ἐχρῆν
2493 1125 2879 1202 στεφανοῦσθαι
2929 1125 3077 1195 ἡμᾶς
3127 1122 3199 1184 ὡς
3249 1117 3553 1195 εὐεργέτας,
3585 1116 3774 1188 ἐπειδὴ

2123 1213 2180 1271 δὲ
2261 1215 2580 1290 κρινόμεθα,
2667 1214 2909 1292 γνωστὸν
2997 1211 3136 1268 ἔστω
3219 1211 3375 1266 παντὶ
3460 1213 3560 1281 τῷ’
3613 1212 3776 1265 τοῦτο

2118 1305 2221 1381 γὰρ
2255 1302 2421 1359 πλέον
2455 1302 2652 1367 αὐτοὺς
2685 1301 2898 1362 έλύπει.

2193 1513 2221 1539 ‹‹
2256 1488 2555 1562 Ἄρχοντες
2583 1491 2680 1541 τοῦ
2712 1483 2849 1543 λαοῦ
2881 1485 2972 1540 καὶ
3011 1477 3371 1560 πρεσϐύτεροι
3400 1483 3497 1534 τοῦ
3526 1474 3774 1552 Ἰσραὴλ,

2124 1601 2153 1629 ‹‹
2186 1578 2232 1633 εἰ
2262 1579 2428 1652 ἡμεῖς
2475 1580 2718 1652 σήμερον
2777 1574 3177 1649 ἀνακρινόμεθα
3235 1571 3323 1628 ἐπὶ
3370 1569 3650 1645 εὐεργεσίᾳ
3678 1567 3778 1622 ἀν-

2129 1691 2156 1723 α
2181 1669 2400 1742 θρώπου
2455 1667 2724 1736 ἀσθενοῦς,
2777 1665 2829 1720 έν
2885 1664 2991 1719 τίνι
3023 1664 3181 1724 οὗτος
3215 1659 3501 1728 σέσωσται,
3531 1656 3772 1732 γνωστὸν

2122 1783 2148 1808 α
2183 1754 2320 1813 ἔστω
2351 1763 2511 1811 πᾶσιν
2547 1757 2673 1829 ὑμῖν
2708 1755 2798 1810 καὶ
2841 1754 3004 1810 παντὶ
3050 1757 3132 1824 τῷ
3179 1749 3301 1823 λαῷ
3331 1745 3577 1823 Ἰσραὴλ,
3608 1745 3692 1800 ὅτι
3724 1744 3776 1800 ἐν

2046 1887 2092 1952 Β
2129 1873 2149 1898 α
2183 1853 2264 1920 τῷ
2315 1847 2547 1922 ὀνόματι
2608 1847 2788 1916 Ἰησοῦ
2847 1846 3092 1916 Χριστοῦ
3171 1844 3268 1896 τοῦ
3327 1837 3656 1912 Ναζαραίου,
3713 1833 3772 1890 ὅν

2194 1939 2208 1952 ο
2295 1943 2318 1952 υ
2414 1941 2421 1952 ο
2623 1938 2636 1952 ο
2834 1935 2860 1952 ιι
2951 1936 2963 1952 ο
3031 1940 3063 1952 Α
3102 1934 3117 1950 κ
3219 1930 3244 1952 ν
3354 1950 3393 1952 γ,
3460 1927 3510 1952 Ῑκ-
3543 1951 3548 1952 ,
3577 1930 3771 1952 -___.".__.

2123 1963 2151 1990 «
2189 1939 2344 2012 ὑμεῖς
2405 1938 2798 2010 ἐσταυρώσατε,
2830 1935 2887 1991 δν
2944 1936 2972 1988 6
3028 1934 3158 1994 Θεὸς
3209 1930 3427 2006 ἤγειρεν
3456 1927 3515 1984 ἐκ
3541 1930 3772 2001 νεκρῶνο

2123 2052 2149 2079 α
2183 2026 2235 2082 έν
2291 2027 2468 2098 τούτῳ
2524 2027 2680 2087 οὗτος
2739 2025 3075 2099 παρέστηκεν
3131 2020 3358 2077 ἐνώπιον
3403 2019 3556 2091 ὑμῶν
3588 2017 3773 2090 ὑγιής.

2123 2142 2150 2168 ‹‹
2183 2118 2357 2180 Οὗτός
2415 2117 2557 2172 ἐστιν
2586 2118 2612 2171 6
2649 2115 2796 2177 λίθος
2854 2117 2883 2170 6
2941 2111 3310 2185 ἐεοοδθενωθεὶς
3359 2110 3444 2190 ὑφ’
3478 2109 3630 2181 ὑμῶν
3661 2110 3771 2160 τῶν

2121 2231 2150 2259 ‹‹
2183 2205 2646 2279 οἷκοδομούντων,
2677 2207 2705 2260 6
2735 2205 3024 2280 γενόμενος
3055 2203 3133 2264 εἷς
3158 2199 3402 2278 κεφαλὴν
3433 2197 3655 2274 γωνίας,
3679 2195 3774 2252 καὶ

2122 2320 2151 2349 ‹‹
2181 2298 2281 2354 οὐκ
2305 2294 2448 2353 ἔστιν
2481 2295 2534 2352 έν
2554 2294 2712 2368 ἄλλῳ
2739 2291 2916 2350 οὐδενὶ
2938 2296 2974 2362 ἡ
3003 2293 3268 2367 σωτηρία.
3299 2288 3440 2346 Οὔτε
3469 2289 3571 2363 γὰρ
3594 2281 3774 2362 ὃνομᾶ

2122 2409 2151 2442 σ
2180 2387 2321 2443 ἐστιν
2351 2383 2534 2462 ἕτερον
2583 2386 2646 2441 τὸ
2705 2381 2993 2459 δεδομένον
3049 2381 3103 2437 έν
3159 2381 3465 2458 ἀνθρώποις
3516 2377 3568 2434 ἐν
3611 2377 3657 2451 ᾧ
3689 2373 3774 2430 δεῖ

2119 2505 2145 2530 ‹‹
2179 2484 2422 2546 σωθῆναι
2453 2479 2620 2549 ἡμᾶς.
2655 2471 2996 2550 Θεωροῦντες
3027 2470 3087 2528 δὶ
3114 2473 3213 2542 τὴν
3260 2475 3358 2527 τοῦ
3392 2469 3597 2544 Πέτρου
3628 2464 3772 2542 παῤ-

2119 2594 2146 2622 ‹‹
2180 2569 2375 2645 ῥησίαν
2405 2567 2495 2623 καὶ
2527 2567 2800 2633 Ἰωάννου,
2829 2565 2919 2621 καὶ
2940 2557 3407 2636 καταλαϐόμενοι,
3443 2559 3527 2616 ὅτι
3560 2559 3774 2634 ἅνθρω-

2118 2682 2146 2710 ‹‹
2178 2679 2276 2714 ποι
2321 2656 2676 2732 ἀγράμματοί
2723 2656 2828 2711 εἰσι
2871 2654 2962 2709 καὶ
3011 2651 3250 2723 ἰδιῶται,
3299 2650 3625 2724 έθαύμαζον,
3674 2647 3775 2705 έπ-

2118 2771 2145 2798 ‹‹
2182 2745 2470 2822 εγίνωσκόν
2497 2766 2557 2800 τε
2583 2745 2801 2808 αὐτοὺς,
2855 2746 2939 2800 ὅτι
3003 2744 3095 2798 σὺν
3141 2747 3223 2814 τῷ
3272 2743 3454 2811 Ἰησοῦ
3481 2738 3636 2806 ἦσαν.
3664 2740 3773 2795 Τὸν

2115 2859 2145 2888 ‹‹
2179 2833 2238 2892 δὲ
2269 2834 2551 2911 ἄνθρωπον
2611 2831 2902 2910 βλέποντες
2963 2834 3054 2889 σὺν
3105 2833 3293 2894 αὐτοῖς
3325 2832 3533 2888 ἑστῶτα
3563 2828 3654 2884 τόν
3685 2849 3774 2883 τε·

2123 2949 2149 2980 ι
2181 2925 2596 2998 θεραπευμένον,
2623 2921 2782 2980 οὐδέν
2815 2923 2965 2998 εἶχον
2995 2923 3277 2978 ἀντειπεῖν.
3313 2943 3340 2971 ››

2191 3039 2220 3068 κ
2252 3016 2548 3090 Ἀρχοντες
2571 3018 2669 3070 τοῦ
2701 3011 2859 3082 λαοῦ,
2895 3036 2924 3064 ››
2976 3011 3112 3067 κατὰ
3161 3010 3224 3065 τὸ
3279 3009 3496 3081 ἀξίωμα
3537 3011 3636 3063 τοῦ
3664 3027 3776 3084 χυ-

2115 3101 2270 3160 δαίου
2301 3098 2502 3179 ὄχλου·
2557 3127 2586 3154 ‹‹
2620 3098 2985 3176 11ρεσὸὐτεροι
3031 3105 3129 3156 τοῦ
3180 3097 3424 3173 Ἰσραὴλ,
3463 3121 3490 3149 ι)
3539 3097 3678 3154 κατὰ
3705 3098 3772 3152 τὸ

2117 3190 2499 3250 διδασκαλικὸν
2554 3191 2645 3248 καὶ
2700 3191 3010 3246 συνεκτικὸν
3067 3193 3164 3244 τοῦ
3234 3189 3342 3244 ἀπὸ
3398 3192 3505 3243 τῶν
3559 3188 3768 3264 γηΐνων

2115 3282 2254 3358 πρὸς
2309 3283 2376 3337 τὰ
2430 3281 2676 3352 θειότερα
2723 3279 3068 3359 ἀναγομένου
3114 3277 3270 3334 λαοῦ.
3344 3278 3434 3339 Εἰς
3513 3275 3610 3332 δύο
3665 3275 3770 3350 γὰρ

2117 3372 2288 3430 διεῖλε
2339 3377 2448 3428 τῶν
2500 3373 2782 3446 ἀκροατῶν
2836 3371 2928 3426 τὸν
2984 3369 3169 3442 έσμὸν,
3229 3369 3305 3430 ὡς
3365 3369 3423 3423 ἄν
3472 3368 3678 3422 τούτων
3719 3365 3770 3439 ἐξ

2119 3463 2236 3520 ἴσου
2265 3469 2371 3520 τῶν
2403 3463 2714 3542 λεγομένων
2746 3464 2821 3536 μὴ
2848 3460 3088 3537 ἐχόντων
3116 3460 3180 3514 τὸ
3205 3458 3464 3528 συνιέναι,
3493 3455 3643 3514 ἀλλᾶ
3661 3461 3768 3512 τῶν

2121 3555 2214 3628 μὶν
2271 3556 2573 3628 ἀκροθιγῶς
2633 3573 2751 3615 πως
2822 3555 2928 3606 τῶν
3009 3548 3350 3626 λεγομένωνξ
3382 3547 3772 3623 ἀκροωμένων,

2115 3649 2224 3700 τῶν
2259 3642 2317 3700 δε
2347 3641 2777 3715 δεαστικώτερον
2837 3640 2928 3696 καὶ
2985 3640 3278 3716 βαθύτερον
3319 3643 3386 3713 τῇ
3416 3641 3572 3714 ψυχῇ
3599 3658 3777 3712 παρα-

2119 3733 2447 3808 πεμπόντων
2496 3733 2587 3786 τὸν
2642 3730 3076 3809 ἀγγελλόμενον.
3139 3729 3292 3786 Ἐπεὶ
3340 3728 3519 3784 τοίνυν
3548 3728 3624 3789 ὡς
3653 3726 3776 3782 έπι-

2123 3822 2493 3897 μελησόμενοι
2545 3827 2646 3891 τῆς
2694 3821 2830 3894 πρὸς
2861 3821 2922 3890 ἣν
2957 3819 3318 3894 προεκρίθητε
3363 3818 3582 3888 τάξεως,
3627 3819 3778 3888 ἡμᾶς

2121 3914 2360 3988 σήμερον
2420 3909 2727 3984 ἀνακρίνειν
2783 3908 3012 3978 ε’ίλεσθε,
3070 3907 3198 3970 τοὺς
3241 3908 3327 3964 ἐπὶ
3374 3907 3653 3985 εὐεργεσίᾳ
3685 3907 3777 3960 ἀν-

2123 4002 2347 4077 θρώπου
2377 4000 2636 4064 ἀσθενοῦς
2697 3998 3133 4076 ὐπουργηκότας,
3189 3998 3281 4052 καὶ
3329 3996 3459 4072 οὐχὶ
3489 3997 3578 4052 ἀπ’
3607 3995 3776 4052 αὐτοῦ

2121 4095 2218 4146 τοῦ
2273 4087 2431 4165 ἔργου
2493 4090 2630 4161 μετὰ
2693 4093 2790 4145 τοῦ
2862 4087 3154 4160 θαυμάζειν
3214 4087 3304 4140 καὶ
3362 4085 3424 4142 τὸ
3483 4079 3778 4160 σεϐάσμιον

2123 4180 2314 4253 ἐκείνῳ
2343 4175 2698 4254 προσ-νέμετε,
2743 4179 2805 4232 οὗ
2857 4181 2935 4247 τῷ
2991 4175 3221 4247 ὀνόματι
3250 4176 3313 4230 τὸ
3342 4179 3589 4230 τοιοῦτον
3625 4172 3780 4250 ἐνήρ,

2121 4291 2284 4344 γηται
2318 4269 2538 4345 ἀγαθὸν,
2598 4267 2644 4323 εἶ
2703 4267 2791 4324 ἐπὶ
2848 4270 3105 4323 τοσοῦτον
3163 4265 3227 4320 τὸ
3277 4265 3610 4340 πλημμεΛὲς
3653 4266 3781 4338 ὑμῖν

2124 4359 2492 4437 περιγέγονεν,
2524 4357 2576 4411 τί
2602 4357 2666 4412 τὸ
2724 4357 2830 4412 ἀπὸ
2887 4354 3067 4422 τοῦδε,
3125 4357 3158 4424 ἢ
3219 4357 3369 4428 ἡμᾶς
3402 4355 3540 4428 ὑμᾶς
3568 4351 3676 4410 ἔδει
3705 4356 3780 4418 ὡς

2125 4448 2186 4505 ἐκ
2235 4448 2408 4524 κάρου
2470 4445 2666 4522 βαθέος
2718 4445 3014 4517 έξανιστᾷν,
3077 4444 3339 4520 λέγοντας
3389 4444 3481 4500 καὶ
3529 4446 3658 4520 ὑμῖν
3691 4445 3782 4500 καὶ

2130 4543 2210 4609 τῷ
2236 4534 2420 4614 ὄχλῳ,
2454 4537 2527 4599 ὡς
2560 4537 2612 4591 έν
2642 4542 2724 4610 τῷ
2753 4537 2982 4611 ὀνόματι
3011 4537 3283 4609 τούτῳ...;
3316 4538 3530 4607 Ὀνομα
3558 4540 3650 4591 νῦν
3681 4538 3782 4607 τὴν

376 4621 489 4679 hoc
512 4626 638 4682 loco
661 4630 1004 4700 opinionem
1037 4646 1168 4701 quso
1200 4629 1273 4685 de
1296 4646 1363 4685 eo
1396 4630 1646 4686 habetur
1675 4638 1734 4688 et
1755 4631 2002 4703 gloriam

2140 4625 2417 4700 ὑποληψιν
2452 4625 2628 4704 λέγων
2656 4625 2744 4681 καὶ
2801 4627 2900 4694 τὴν
2958 4623 3134 4696 δόξαν.
3168 4628 3256 4688 Ὠς
3287 4626 3376 4681 καὶ
3403 4627 3433 4680 6'
3466 4624 3787 4700 Ψαλμῳδὸς

362 4718 867 4789 quemadmodum
922 4719 1103 4775 etiam
1161 4719 1655 4794 psalmographus
1715 4721 1855 4776 dum
1885 4722 2015 4779 ait:

365 4829 392 4858 ‹‹
427 4807 1008 4874 Ουεωῖαάωἰνεῢίιε
1028 4815 1118 4866 est
1146 4826 1367 4866 nomen
1419 4816 1588 4867 tuum
1650 4811 1712 4869 in
1742 4813 2022 4870 universa

365 4902 526 4950 terra
544 4895 589 4929 ⁵ο
619 4895 631 4950 l
671 4919 696 4943 ››
729 4896 1101 4968 Quanppinio
1146 4898 1292 4953 adeo
1323 4900 1456 4955 vilis
1490 4901 1647 4972 apud
1678 4919 1778 4957 vos
1809 4903 2022 4959 effecta

366 4991 476 5052 est,
507 4991 569 5040 ut
599 5001 718 5040 non
751 4983 944 5040 solum
980 4987 1352 5043 venerandus
1409 5006 1531 5045 non
1576 4991 1654 5046 sit
1692 4993 2017 5063 judicatus.

357 5091 562 5132 verum
597 5076 774 5132 etiam
808 5091 944 5131 etim
962 5077 1062 5147 qui
1097 5076 1212 5134 tale
1238 5094 1459 5135 nomen
1493 5080 1692 5149 habet,
1717 5082 2017 5140 maleﬁco-

360 5184 495 5223 rum
552 5167 728 5223 morti
775 5165 1170 5236 subieceritis.
1249 5170 1567 5225 Nazareum
1625 5178 1822 5227 autem
1883 5189 2020 5228 eum

359 5262 527 5311 vocat
557 5275 592 5312 ιι
622 5258 750 5312 loco
786 5257 847 5311 in
874 5273 990 5328 quo
1024 5256 1194 5311 illum
1229 5273 1357 5312 esse
1391 5264 1598 5314 natum
1629 5261 2018 5331 suspicaban-

361 5350 494 5399 tur:
529 5351 588 5398 et
618 5346 715 5400 hic
739 5361 976 5418 quoque
999 5345 1058 5400 in
1084 5344 1506 5403 humilioribus
1525 5365 1656 5420 qum
1688 5347 1759 5403 de
1788 5348 2020 5406 Christo

362 5440 503 5489 sunt
521 5441 808 5503 versatur,
843 5442 908 5492 ut
938 5436 1316 5492 manifestius
1349 5436 1558 5493 reddat
1584 5438 1742 5510 quod
1799 5438 1901 5495 80
1930 5457 2024 5495 ve-

357 5541 440 5580 ras
469 5522 672 5596 glorise
711 5523 860 5580 nihil
891 5525 1115 5582 ofﬁciat
1153 5526 1408 5598 abjectio
1440 5543 1572 5601 quae
1601 5535 1690 5584 est
1719 5529 1878 5602 aqud
1911 5529 2021 5585 ho-

431 5701 481 5738 ⁵⁰
509 5702 664 5761 Psal.
718 5715 846 5772 vm,
880 5706 966 5762 10.

2126 4717 2294 4787 ἡνίκα
2325 4715 2495 4791 λέγει·
2557 4742 2583 4767 (ι
2617 4716 2706 4778 Ὠς
2760 4717 3067 4790 θαυμαστὸν
3112 4717 3174 4771 τὸ
3225 4715 3398 4792 ὄνομά
3428 4738 3524 4772 σου
3555 4717 3605 4772 ἐν
3635 4715 3783 4792 πάσῃ

2125 4809 2195 4880 τῇ
2255 4808 2428 4885 γῇί»
2484 4808 2644 4869 Ἥτις
2707 4803 2985 4881 ὑπόληψις
3033 4811 3292 4862 τοσοῦτον
3345 4809 3471 4882 παρ’
3527 4808 3653 4883 ὑμῖν
3697 4828 3787 4864 κε-

2133 4893 2463 4976 χυδαίωται,
2491 4897 2566 4960 ὡς
2601 4897 2675 4969 μή
2741 4895 2904 4968 μόνον
2968 4897 3044 4969 μή
3101 4892 3396 4970 σεϐάσμιον
3440 4895 3609 4968 δόξαι,
3644 4895 3791 4952 ἀλλά

2129 4987 2221 5042 καὶ
2252 4986 2412 5044 αὐτὸν
2449 4987 2494 5060 ᾧ
2523 4992 2586 5043 τὸ
2642 4983 2820 5058 ὄνομα
2875 4988 3156 5062 πρόσεστι,
3205 4992 3286 5060 τῷ
3341 4987 3664 5063 κακούργων
3694 4989 3792 5043 0a-

2129 5074 2277 5147 νάτῳ
2314 5071 2634 5132 ὑποϐαλεῖν.
2677 5081 2994 5150 Ναζωραῖον
3051 5072 3110 5131 δὶ
3148 5075 3254 5132 ἀπὸ
3282 5080 3381 5131 τοῦ
3408 5077 3581 5132 τόπου
3631 5075 3794 5133 καλεῖ

2129 5165 2220 5243 ἀφ’
2251 5163 2314 5219 οὗ
2342 5166 2588 5241 γενέσθαι
2635 5163 2795 5220 αὐτὸν
2855 5164 3156 5239 ὑποληψις,
3213 5170 3328 5226 τοῖς
3384 5166 3794 5241 ταπεινοτέροις

2129 5255 2398 5309 κάνταῦθα
2453 5253 2576 5326 περὶ
2633 5257 2872 5330 Χρστςῦ
2930 5249 3310 5331 ἐνδιατρίϐων,
3344 5256 3417 5316 ὡς
3463 5254 3525 5311 ἃν
3579 5255 3798 5333 ἐναργὲς

2129 5345 2409 5420 παράσχοι
2468 5344 2542 5406 ὡς
2600 5341 2728 5398 οὐδὲ
2784 5346 2818 5413 ἡ
2875 5343 3012 5400 κατᾶ
3067 5343 3393 5419 ἀνθρώπους
3449 5344 3690 5400 εὐτέλεια
3727 5347 3796 5419 τῇ

2124 5437 2324 5506 ἀληθεὶ
2359 5433 2488 5510 δόξῃ
2555 5435 2906 5505 λυμανεῖται,
2944 5432 3004 5488 ἂν
3068 5435 3236 5505 μόνον
3289 5431 3586 5510 ὀξυδερκής
3618 5437 3646 5490 6
3677 5431 3800 5490 δια-

2135 5527 2352 5602 βλέπων
2479 5525 2573 5581 Διὸ
2613 5524 2704 5580 καὶ
2763 5525 2901 5600 πρὸς
2958 5524 3221 5604 αἳσχύνηι
3257 5525 3438 5582 αὐτῶν
3467 5525 3606 5601 πρὸς
3635 5524 3729 5588 οὓς
3761 5525 3792 5580 ὁ
