4098 6260
272 373 347 434 97
1297 375 1701 441 COMMENT.
1748 373 1836 437 IN
1882 370 2087 435 ACTA
2128 367 2739 434 APOSTOLORUM.
3667 381 3747 443 93

282 504 482 584 λόγος,
514 508 668 588 φησῖ
718 511 814 581 τὸ,
885 512 1375 588 «Ἔσταυρώσατε,
1410 534 1439 563 »
1493 509 1787 586 προσνέμει
1842 526 1981 581 παρ-

2111 507 2314 567 mines.
2348 506 2397 561 si
2428 507 2605 563 modo
2647 507 2725 563 sit
2777 509 2878 580 qui
2936 525 3063 565 rem
3126 512 3359 569 acutius
3415 515 3758 587 perspiciat.

292 600 446 662 ευθῦς
477 601 571 669 τὸ,
630 625 660 653 ‹‹
694 602 964 678 Ἥγειρεν
1033 603 1093 658 ἐκ
1149 606 1374 676 νεκρῶν.
1410 626 1437 653 ››
1492 601 1591 662 Τίς
1632 597 1852 676 ἤγειρεν
1882 614 1896 665 ;
1930 596 1989 654 Ὀ

300 690 429 752 Θεός
485 691 655 747 Έπεῖ
687 694 799 767 γὰρ
836 693 968 764 ὑμῖν
1015 689 1494 770 διαφθονουμένοις
1552 686 1699 758 ἔδοξε
1754 692 1834 760 τῷ
1880 690 1988 741 τῶν

307 780 638 857 νακοῦργων
672 783 900 853 θανάτῳ
933 780 1193 856 ἀχρειοῦν
1242 783 1339 850 τήν
1389 780 1496 836 ἀπὸ
1539 783 1648 835 τῶν
1698 778 1990 850 θαυμάτων

318 870 473 942 δέξαν
509 871 683 925 αὐτοῦ
719 869 834 944 (διὸ
871 871 961 926 καὶ
1024 870 1233 947 ἔλεγον,
1295 894 1321 922 ι(
1351 869 1413 924 Τί
1471 872 1739 941 ποεοῦμεν
1772 884 1786 935 ;
1846 865 1930 919 ὅτι
1962 864 1989 918 6

326 959 614 1036 ἅνθρωπος
648 961 819 1023 οὗτος
850 959 1041 1015 πολλᾶ
1071 966 1273 1032 σημεῖα
1303 963 1449 1013 ποιεῖ
1481 981 1509 1009 ››
1544 960 1582 1030 ),
1641 961 1719 1028 τῷ
1774 957 1989 1029 σταυρῷ

347 1052 440 1125 μὶν
493 1051 645 1123 ὑμῶν
706 1047 971 1121 ἀντέθηκε
1026 1051 1126 1118 τήν
1180 1050 1484 1104 ἀνάστασιν.
1540 1046 1681 1114 Τίς;
1740 1045 1802 1101 Ὁ
1860 1043 1989 1104 Θεὸς

345 1139 644 1209 ἀναστήσας
705 1138 889 1193 αὐτόν.
972 1141 1063 1210 Τῷ
1146 1138 1319 1211 Πατρῒ
1371 1136 1475 1212 γὰρ
1530 1134 1827 1209 προσνέμει
1892 1132 1991 1200 τήν

342 1230 649 1297 ἀνάστασιν,
681 1226 798 1283 ἐπεὶ
828 1229 921 1283 καὶ
979 1227 1165 1282 κοινὸν
1226 1224 1384 1301 ἔργον
1433 1230 1537 1280 πᾶν
1590 1225 1620 1278 6'
1674 1221 1988 1295 θεοπρεπὲς,

334 1317 489 1388 πλὴν
528 1323 637 1373 τῶν
694 1318 1071 1373 ὑποπατικῶν
1138 1317 1608 1391 χαρακτηρισμιῖω
1663 1318 1764 1381 τῆς
1813 1316 1988 1384 ζωαρ-

329 1414 510 1484 χικῆς
592 1404 849 1484 Τριάδος,
934 1405 1028 1461 καὶ
1095 1403 1190 1459 ’ίνα
1248 1402 1394 1478 δείξῃ
1454 1400 1647 1463 αὐτοὺς
1707 1399 1988 1455 κάντεῦθεν

330 1475 776 1573 θεομαχοῦντας.
811 1497 891 1553 Τὸ
919 1496 1021 1572 γὰρ
1062 1494 1232 1565 οἰκείᾳ
1290 1475 1517 1567 δυνάμει
1575 1490 1676 1546 οὐκ
1730 1487 1989 1563 ἐνεχώρει

326 1585 470 1647 τέως
534 1588 704 1641 εἰπεῖν
766 1584 908 1640 οὕτω
967 1586 1199 1659 γυμνὸν,
1284 1581 1374 1637 καὶ
1461 1582 1598 1657 πρὸς
1675 1577 1990 1652 ἀνθρώπους

326 1676 620 1750 ὀργῶντας
649 1675 717 1729 τὰ
746 1675 948 1729 ἑαυτῶν
1010 1680 1297 1742 συστῆσαι,
1357 1670 1446 1747 ἀφ’
1506 1667 1575 1724 οὗ
1630 1667 1719 1723 καὶ
1772 1670 1840 1740 τῇ
1896 1668 1992 1719 τοῦ

327 1770 470 1821 Θεοῦ
504 1763 823 1839 δικαιοσύνῃ
872 1765 982 1843 οὐχ
1034 1764 1397 1839 ὑπετάγησαν.
1460 1785 1488 1813 ‹‹
1524 1761 1613 1818 Ἐν
1668 1758 1847 1830 τούτῳ
1903 1754 1995 1809 οὖν

2099 597 2236 652 ldeo
2272 613 2509 668 quoque
2538 598 2599 652 in
2632 615 2838 654 eorum
2873 601 3288 657 confusionem
3326 604 3399 659 ad
3450 621 3600 675 quos
3633 611 3759 661 erat

2097 704 2312 753 sermo,
2344 687 2445 741 ubi
2472 688 2720 743 dixisset
2744 706 2757 742 :
2789 712 2814 740 ιι
2841 691 3256 760 Cruciﬁxistis,
3289 716 3314 743 »
3342 694 3541 750 statim
3563 696 3749 765 addit,

2096 798 2124 826 ‹‹
2159 776 2471 832 Suscitavit
2502 794 2537 831 a
2578 778 2849 833 mortuis.
2886 800 2914 828 »
2980 782 3121 845 Quis
3172 783 3523 838 suscitavit?
3577 787 3751 840 Deus.

2094 866 2384 930 Quoniam
2418 866 2578 921 enim
2611 865 2778 921 vobis
2812 868 2947 939 ejus
2981 869 3249 940 opinioni
3284 888 3349 926 ac
3378 872 3580 943 gloriae
3612 875 3758 929 invi-

2096 954 2393 1020 dentibus,
2428 955 2653 1026 placuit
2685 956 2927 1011 abolere
2983 964 3172 1012 morte
3224 960 3484 1015 infandis
3533 961 3753 1030 debita,

2094 1062 2223 1101 eam
2259 1062 2389 1117 qua:
2420 1062 2453 1100 a
2483 1047 2794 1101 miraculis
2836 1047 2922 1102 illi
2957 1049 3259 1104 crescebat
3289 1051 3535 1123 gloriam
3597 1057 3756 1123 (nam

2094 1132 2315 1190 idcirco
2343 1134 2661 1191 dicebant:
2703 1160 2723 1184 σι
2767 1136 2922 1201 Quid
2952 1137 3202 1193 facimus
3224 1138 3252 1193 ?
3280 1141 3421 1210 quia
3451 1141 3548 1197 hic
3578 1142 3756 1198 homo

2106 1224 2295 1279 multa
2326 1225 2493 1297 signa
2521 1224 2665 1279 facit
2693 1224 2736 1259 ⁶¹
2768 1226 2845 1296 ν),
2877 1227 3035 1281 cruci
3063 1226 3303 1298 quidem
3334 1236 3544 1286 vestra;
3568 1249 3761 1287 resur-

2112 1313 2440 1368 cectionem
2492 1316 2789 1385 opposuit.
2847 1315 3036 1379 Quis?
3091 1316 3245 1372 Deus
3302 1318 3400 1388 qui
3462 1322 3764 1377 suscitavit

2102 1418 2236 1457 eum
2272 1419 2285 1456 :
2319 1403 2472 1456 Patri
2506 1402 2810 1473 siquidem
2841 1404 3342 1461 resurrectionem
3383 1408 3673 1477 attribuit,
3706 1418 3765 1466 et

2102 1493 2245 1563 quia
2276 1508 2453 1547 omne
2486 1491 2752 1546 divinum
2800 1509 2948 1564 opus
2992 1511 3312 1550 commune
3373 1503 3483 1565 est,
3544 1506 3771 1570 printer

2113 1582 2215 1636 illa
2249 1597 2381 1652 quaa
2414 1581 2655 1636 vivificae
2689 1582 2992 1637 Trinitatis
3023 1599 3315 1654 personas
3350 1585 3713 1659 designant:
3744 1608 3773 1644 e

2106 1678 2173 1726 ut
2222 1670 2361 1726 hinc
2415 1687 2653 1742 quoque
2712 1672 2847 1727 illos
2905 1673 3023 1727 Deo
3083 1674 3383 1730 adversari
3446 1679 3756 1749 ostendat;

2114 1759 2386 1815 nondum
2421 1761 2579 1814 enim
2609 1761 2893 1831 temporis
2916 1762 3146 1817 occasio
3167 1762 3401 1818 sinebat
3426 1769 3490 1819 ut
3510 1766 3591 1821 ita
3606 1767 3763 1822 nude

326 1860 411 1928 τῷ
472 1855 733 1924 ὀνόματι,
789 1855 818 1909 6
875 1856 1079 1927 Πέτρος
1137 1851 1323 1930 φησὶν,
1425 1848 1582 1911 οὗτος
1660 1847 1993 1922 παρέστηκεν

342 1947 355 1959 .
454 1948 467 1959 .
644 1953 655 1959 -
705 1944 719 1959 .
822 1947 849 1957 ..
1029 1944 1039 1959 .
1267 1937 1310 1959 εις
1388 1940 1401 1957 ς
1556 1939 1605 1959 ..
1676 1938 1901 1959 νειμ.-
1960 1956 1983 1959 ,,

2112 1848 2338 1904 diceret
2366 1850 2608 1921 propria
2637 1851 2903 1921 potentia
2935 1867 3069 1905 eum
3098 1854 3764 1926 resurrexisse,potissi-

2112 1954 2270 1959 __-__.
2306 1938 2454 1959 ____.I
2492 1939 2762 1959 L-___'___
2805 1939 2893 1959 _.-_2
2933 1955 3026 1959 ---Α
3086 1940 3273 1959 κικισιυ
3441 1944 3474 1959 ·ι
3522 1943 3537 1959 1
3648 1952 3657 1959 .

336 1947 527 2019 ὑγιής.
567 1969 596 1995 ››
630 1944 731 1998 Διά
756 1947 875 2012 τοῦ,
908 1944 1235 2018 παρέστηκε,
1264 1937 1321 1995 δὲ
1347 1940 1433 2008 τὸ,
1495 1963 1522 1990 ‹‹
1556 1938 1927 2013 ’Δνώρθωται,
1960 1956 1987 1983 ››

336 2035 680 2106 ὑπεσήμανε.
742 2032 850 2088 Καὶ
908 2031 995 2099 τὸ,
1054 2028 1283 2091 «Οὗτός
1342 2028 1484 2084 ἐστιν
1527 2028 1557 2082 ’ὀ
1606 2024 1779 2094 λίθος,
1814 2048 1842 2076 ››
1899 2024 1999 2091 τήν

336 2124 625 2201 ἀναφορὰν
659 2123 722 2176 οὗ
753 2122 892 2193 πρὸς
936 2121 1030 2175 τὸν
1085 2118 1274 2195 χωλὸν
1335 2114 1473 2193 ἔχει.
1535 2112 1681 2171 ἀλλά
1736 2114 1872 2190 πρὸς
1910 2113 2003 2167 τὸν

334 2216 554 2283 Ἰησοῦν
605 2213 868 2286 Χριστὸν,
927 2209 991 2263 οὗ
1040 2214 1118 2282 τῷ
1174 2208 1404 2281 ὀνόματι
1459 2205 1690 2282 (prima:
1725 2206 1752 2260 6
1783 2205 1999 2282 χωλός,

344 2303 447 2365 ’ος
478 2300 637 2363 λίθος
667 2302 746 2377 ὑφ’
777 2300 936 2373 ὑμῶν
999 2298 1092 2371 μὶν
1145 2299 1245 2366 τήν
1306 2294 1610 2370 οἰκοδομὴν
1658 2294 1997 2371 τεταγμένων

341 2392 397 2463 ἓξ
418 2394 750 2458 ευθενοῦτσι,
808 2390 886 2451 είς
944 2385 1188 2464 κεφαλὴν
1250 2384 1308 2442 δὲ
1359 2386 1563 2461 γωνίας
1614 2388 1711 2439 τοῦ
1766 2391 1865 2454 τῆς
1921 2383 2005 2439 πί-

345 2502 531 2543 στεως
589 2481 807 2555 γέγονεν
869 2478 1050 2546 οἴκου,
1132 2476 1475 2555 ἀμφοτέρους
1548 2476 1830 2529 συνάπτων
1881 2472 2009 2535 τοὺς

346 2571 604 2647 τοίχους,
630 2569 723 2624 τὸν
753 2566 804 2636 ἐξ
834 2564 1119 2626 Ἰουδαιων
1153 2563 1309 2634 λαὸν,
1341 2564 1429 2619 καὶ
1460 2563 1553 2619 τὸν
1584 2563 1635 2633 ἐξ
1695 2563 1878 2631 ἐθνῶν,
1928 2560 2004 2624 είς

343 2667 471 2734 μιᾶς
503 2659 742 2720 πίστεως
777 2656 1115 2733 συμφωνίαν.
1150 2656 1351 2710 Σκόπει
1384 2650 1441 2709 δὲ
1471 2654 1553 2708 ὅτι
1581 2652 1672 2707 καὶ
1725 2651 1808 2719 τὸ,
1863 2675 1891 2704 ‹‹
1916 2652 2004 2708 Ἐν

332 2748 498 2822 ἄλλῳ
566 2746 670 2803 οὐκ
720 2745 864 2801 ἔστιν
924 2747 960 2814 ἡ
1020 2744 1287 2820 σωτηρία,
1322 2767 1350 2796 ››
1401 2743 1464 2798 τὸ
1521 2740 1798 2816 ψαλμικόν
1860 2741 2001 2796 ἐστιν

343 2838 625 2910 έξαπλοῦν
660 2834 881 2911 λόγιον,
912 2835 997 2905 τὸ,
1043 2859 1067 2887 ο
1100 2833 1250 2908 Πορά
1280 2833 1482 2909 Κυρίου
1522 2831 1727 2907 ἐγένετο
1781 2830 1941 2900 αὕτη,
1972 2855 2000 2883 ››

343 2932 516 2986 οἱονεί
547 2931 582 2997 ἡ
618 2928 858 3003 συνοχὴ,
899 2925 989 2980 καὶ
1017 2927 1045 2980 6
1079 2922 1374 2997 σύνδεσμος
1407 2924 1434 2976 6
1467 2924 1761 2997 σωτήριος,
1809 2919 1870 2976 οῦ
1899 2927 2002 2983 πᾶς

338 3018 642 3093 ἅνθρωπος
668 3016 770 3071 οὐκ
826 3014 878 3085 ἐξ
941 3011 1156 3075 οῦδενὸς
1213 3010 1632 3085 ἆλλουῆπαρᾶ
1685 3011 1854 3085 μόνου
1909 3011 2001 3084 γέ-

324 3130 465 3184 γονε
510 3110 612 3162 τοῦ
680 3105 1083 3180 ἀκρογωνιαίου
1140 3102 1315 3158 λίθου.
1373 3102 1494 3157 Ὅτι
1564 3126 1590 3153 ‹‹
1626 3097 1778 3168 Μηδὲ
1824 3095 2006 3174 ἕτερόν

337 3218 394 3251 τι
429 3193 611 3269 ὄνομά
664 3194 796 3264 ἐστι,
850 3219 879 3245 η
940 3193 1209 3260 τουτέστι,
1264 3189 1393 3260 δόξα
1449 3184 1767 3263 σεϐάσμιος,
1825 3187 1869 3242 εἷ
1926 3189 2001 3261 μὴ

353 3286 504 3357 prin;
536 3283 669 3352 αῦτη
718 3285 753 3353 ἡ
804 3282 895 3337 ἐπὶ
955 3282 1184 3357 Χριστὸν
1241 3280 1333 3335 τὸν
1389 3280 1785 3356 ἀκρογωνιαῖον
1841 3276 1992 3332 λίθον

350 3374 557 3440 πίστις,
584 3374 676 3434 τὰς
704 3372 868 3434 ἃλλας
902 3368 1324 3447 παρευδοκιμεῖν
1375 3366 1583 3449 ἔχουσα
1633 3367 1861 3437 πίστεις,
1908 3367 1981 3428 ὡς

345 3462 437 3518 ἐπ’
463 3462 598 3537 αὐτῇ
628 3462 685 3517 τὸ
713 3464 987 3534 σωτήριον
1021 3456 1309 3534 δεδομένον
1341 3458 1505 3534 μόνῃ.

968 3710 1231 3767 ΚΕΦΛΛ.
1274 3716 1355 3768 Ε’.

330 3802 467 3875 Περὶ
557 3800 819 3875 ἀπίστων,
886 3798 1207 3875 ἀρχιερέων,
1278 3796 1720 3875 προσταττόντων
1765 3798 1879 3875 Ηώς
1922 3799 1985 3853 οὗ

438 3880 487 3929 εἷ
547 3869 1011 3950 παῤῥῃσιᾴζεσὸᾲί
1054 3869 1156 3926 ’ἐπὶ
1221 3869 1330 3950 τῷ’
1386 3869 1611 3950 ῥνόματι
1693 3873 1986 3950 1053(5):-

402 3951 569 4013 στοῦ,
628 3940 720 4000 καὶ
776 3940 1124 4005 ἀνανεώσεως
1181 3940 1311 4015 τῶν,
1377 3940 1720 4015 ἀποστόλων.
1806 3940 1987 4015 Effla-

396 4019 589 4100 ριστία
693 4017 799 4071 ἀπὸ
872 4018 969 4085 τῆς
1048 4013 1380 4100 Ἐκκλησίας
1460 4013 1605 4100 ὑ-πὲρ,
1684 4013 1986 4100 τῆςητῶν

398 4083 752 4160 ’ἀποστόλωνΔ
796 4083 992 4156 πιστῆς
1076 4087 1384 4160 καρτερίας.
1481 4083 1607 4158 Περὶ
1695 4083 1991 4160 ὁμοψύχου

392 4161 492 4216 καὶ
601 4156 905 4226 καθολικῆς
997 4156 1289 4219 κοινώνίας
1386 4160 1493 4211 τῶν
1557 4156 1988 4215 πιστευσάντων.

402 4234 495 4287 Ἐν
558 4232 780 4306 ᾧᾼπερὶ
850 4230 1100 4306 Ἀνανίου
1166 4228 1259 4285 καὶ
1330 4228 1656 4303 Σαπφείρας,
1723 4228 1815 4283 καὶ
1897 4249 1991 4283 πι-

407 4308 549 4378 κρᾶς
575 4301 763 4357 αὐτῶν
791 4302 1068 4372 τελευτῆς.

412 4418 443 4445 α
506 4392 876 4452 Κελεύσαντες
930 4389 987 4446 δὶ
1068 4387 1264 4450 αὐτοὺς
1344 4384 1445 4460 ἔξω
1528 4391 1630 4443 τοῦ
1714 4384 1996 4459 συνεδρίου

325 4479 684 4544 «ἀπελθεῖν,
751 4475 1043 4535 συνέϐαλον
1098 4479 1234 4552 πρὸς
1320 4476 1633 4547 ἀλλήλους,
1715 4475 1972 4552 λέγοντες

328 4596 357 4623 α
392 4571 461 4628 Τί
518 4571 829 4641 ποιήσομεν
888 4574 1003 4631 τοῖς
1059 4566 1369 4640 ἀνθρώποις
1445 4565 1701 4636 τούτοις
1756 4567 1839 4620 ὅτι
1900 4565 1993 4639 μὶν

333 4684 364 4713 ει
401 4660 512 4737 γάρ
543 4660 785 4734 γνωστὸν
820 4662 1046 4730 σημεῖον
1097 4657 1285 4734 γέγονε
1345 4653 1414 4710 δι’
1459 4655 1660 4725 αὐτῶν,
1708 4660 1839 4709 πᾶσι
1878 4657 1993 4715 τοῖς

336 4752 752 4806 ακατοικοῦσιν
809 4745 1175 4822 Ἰερουσαλήμ
1226 4745 1476 4826 φανερόν.
1542 4743 1643 4801 Καὶ
1703 4743 1765 4798 οὐ
1837 4741 1993 4797 δυνάο

332 4864 362 4891 α
403 4840 544 4912 μεθα
581 4837 932 4910 ἀρνήσασθαι.
969 4834 1122 4892 Ἀλλ’
1152 4832 1242 4889 ’ἶνα
1295 4834 1370 4908 μὴ
1430 4831 1519 4887 ἐπὶ
1570 4831 1763 4887 πλεῖον
1823 4828 1995 4886 διανε-

338 4954 367 4981 α
408 4929 566 5002 μγ,θῇ
602 4925 677 4987 είς
703 4926 793 4980 τὸν
852 4924 1006 4993 λαὸν,
1067 4923 1497 4995 ἀπειλησώμεθα
1545 4919 1753 4989 αὐτοῖς,
1802 4918 1995 4993 μηκέτι

334 5042 363 5070 ει
400 5014 599 5072 λαλεῖν
624 5014 709 5069 ἐπὶ
758 5020 836 5085 τῷ
893 5014 1119 5087 ὀνόματι
1179 5011 1357 5083 τούτῳ
1418 5006 1613 5083 μηδενὶ
1676 5008 1993 5083 ἀνθρώπων,

339 5130 367 5163 σ
400 5107 501 5161 Καὶ
559 5103 888 5166 καλέσαντες
939 5103 1156 5171 αὐτοὺς,
1228 5098 1604 5178 παρήγγειλαν
1665 5098 1872 5165 αὐτοῖς,
1934 5099 1995 5154 τὸ

333 5194 643 5251 «καθόλου
688 5195 763 5266 μή
826 5193 1170 5270 σθέγγεσθαι,
1233 5187 1373 5261 μηδὶ
1432 5187 1705 5243 διδάσκειν
1770 5187 1856 5242 έπὶ
1916 5192 1996 5261 τῷ

335 5286 631 5357 «avdax:
688 5287 784 5338 τοῦ
839 5285 1036 5351 Ἰησοῦ.
1097 5282 1159 5337 Ὁ
1218 5277 1274 5335 δὲ
1332 5280 1531 5353 Πέτρος
1590 5276 1680 5332 καὶ
1742 5277 1997 5346 Ἰωάννης

343 5397 365 5427 ε
402 5376 806 5445 ἀποκριθέντες,
837 5372 979 5443 πρὸς
1021 5369 1215 5433 αὐτοὺς
1247 5368 1417 5424 εἶπον.
1482 5366 1541 5421 Ei
1594 5364 1800 5422 δίκαιόν
1857 5366 1997 5421 ἐστιν

341 5463 626 5517 αἰνώπιον
680 5465 779 5517 τοῦ
841 5462 984 5515 Θεοῦ
1018 5457 1210 5530 ,ὑμῶν
1268 5454 1481 5510 ἀκούειν
1538 5451 1753 5526 μᾶλλον
1808 5452 1843 5523 ἢ
1900 5459 1997 5510 τοῦ

338 5576 367 5607 ει
398 5559 547 5625 Θεοῦ,
606 5551 834 5631 κρίνατε
892 5547 967 5602 Οὐ
1029 5543 1298 5620 δυνάμεθα
1352 5545 1452 5620 γὰρ
1508 5541 1735 5616 ἡμεῖςᾶ
1780 5541 1995 5619 εἴδομεν

396 5670 435 5711 ⁵¹
462 5672 628 5733 Joan.
663 5687 747 5742 xx,
782 5669 859 5724 47

965 5663 1013 5698 ιι
1039 5665 1206 5721 ηοω,
1241 5679 1317 5733 ιι,
1352 5662 1439 5716 30.
1516 5660 1562 5695 ⁸³
1592 5659 1740 5717 Psal.
1780 5678 1950 5740 cxvu,
1984 5670 2074 5731 23.

2112 1954 2274 1992 mum
2304 1938 2458 2009 apud
2492 1939 2765 1994 homines
2797 1939 2897 2009 qui
2929 1955 3036 1995 sua
3080 1940 3346 1996 stabilire
3393 1943 3760 2014 nitebantur,

2108 2032 2166 2080 et
2195 2025 2328 2081 ideo
2364 2026 2460 2081 Dei
2483 2026 2733 2097 justitiae
2756 2044 2876 2082 non
2902 2034 3075 2083 erant
3096 2028 3349 2101 subjecti
3370 2030 3438 2085 ⁵³.
3465 2054 3492 2081 ‹‹
3516 2033 3629 2087 Per
3645 2032 3756 2088 hoc

2121 2132 2257 2188 ergo
2288 2132 2506 2171 nomen
2537 2118 2643 2183 (ait
2672 2117 2900 2189 Petrus)
2935 2118 3046 2173 iste
3080 2124 3235 2174 astat
3263 2137 3464 2175 sanus.
3496 2143 3524 2171 »
3573 2122 3755 2178 Verbo

2110 2225 2139 2255 «
2172 2208 2356 2271 Astat,
2395 2227 2421 2255 n
2455 2206 2795 2261 subindicat
2825 2228 2853 2257 «
2884 2208 3127 2263 Erectus
3158 2215 3267 2264 est.
3300 2233 3329 2260 ››
3357 2212 3427 2265 Et
3446 2211 3605 2283 quod
3636 2213 3751 2267 ait:

2109 2314 2136 2339 α
2173 2294 2273 2347 Hic
2309 2299 2398 2349 est
2428 2295 2601 2364 lapis,
2639 2316 2664 2341 »ι
2697 2311 2816 2349 non
2846 2295 2921 2351 ad
2950 2296 3229 2353 claudum
3251 2300 3527 2365 refertur,
3548 2301 3647 2356 sed
3683 2302 3756 2357 ad

2105 2383 2304 2437 Iesum
2327 2384 2647 2450 Christum,
2672 2384 2844 2454 cujus
2875 2386 3117 2441 nomine
3140 2387 3451 2445 roboratus
3472 2397 3562 2446 est
3582 2393 3752 2448 clau-

2108 2471 2241 2527 dus.
2276 2472 2382 2537 Qui
2415 2471 2565 2543 lapis
2583 2488 2617 2527 a
2640 2472 2802 2527 vobis
2821 2473 3061 2544 quidem
3086 2475 3402 2532 aedificium
3427 2480 3755 2537 ordinanti-

2109 2562 2219 2617 bus
2252 2561 2602 2633 reprobatus
2635 2568 2742 2623 est.
2775 2562 2965 2617 factus
2996 2571 3085 2619 est
3113 2572 3310 2622 autem
3342 2569 3403 2622 in
3436 2578 3612 2641 caput
3647 2589 3754 2627 an-

2107 2651 2227 2724 guli
2263 2651 2322 2706 in
2356 2651 2608 2706 aedificio
2643 2652 2802 2719 fidei,
2826 2659 3146 2725 utrumque
3170 2658 3537 2731 conjungens
3562 2662 3759 2731 parie-

2106 2746 2249 2807 tem,
2284 2758 2499 2812 nempe
2530 2740 2838 2797 Judaicum
2866 2744 3151 2815 populum
3185 2753 3361 2818 atque
3382 2750 3757 2821 gentilem.in

2106 2830 2285 2885 unius
2310 2830 2447 2885 fidei
2475 2831 2872 2887 concordiam.
2898 2833 3222 2891 Considera
3250 2854 3385 2893 vero
3404 2840 3563 2909 quod
3580 2841 3758 2896 etiam

2105 2918 2167 2972 id
2196 2918 2357 2988 quod
2389 2919 2676 2989 sequitur,
2732 2922 2905 2975 «Per
2957 2923 3140 2978 alium
3189 2942 3310 2981 non
3362 2934 3451 2982 est
3507 2929 3754 2994 salus,»

2106 3007 2434 3062 Psalmistaa
2462 3007 2741 3079 explanat
2762 3010 3067 3065 oraculum
3091 3029 3207 3082 quo
3237 3014 3473 3083 dicitur,
3507 3039 3534 3067 «
3571 3021 3616 3071 A
3640 3018 3754 3073 Do—

2107 3096 2269 3149 mino
2299 3096 2491 3150 factus
2522 3102 2613 3151 est
2655 3098 2850 3163 iste,»
2904 3105 3187 3170 tanquam
3231 3104 3445 3173 copula
3496 3122 3563 3160 ac
3612 3123 3753 3161 con-

2102 3185 2337 3256 junctio
2380 3187 2679 3251 salutaris,
2713 3188 2771 3243 id
2804 3189 3078 3247 indicans
3110 3194 3269 3263 quod
3296 3196 3492 3252 omnis
3523 3198 3701 3253 homo
3723 3216 3757 3255 a

2104 3275 2269 3330 nullo
2301 3275 2416 3331 alio
2448 3293 2624 3347 quam
2655 3293 2690 3332 a
2720 3278 2845 3333 solo
2877 3281 3144 3353 angulari
3177 3283 3373 3356 lapide
3402 3286 3593 3342 factus
3642 3294 3732 3344 est

2099 3388 2126 3415 ‹‹
2162 3367 2363 3437 Neque
2396 3366 2559 3421 aliud
2589 3367 2780 3422 ullum
2814 3385 3031 3426 nomen
3065 3378 3174 3433 est,
3211 3396 3237 3423 ››
3270 3374 3381 3431 hoc
3435 3383 3524 3433 est
3571 3360 3755 3434 vene;

2098 3455 2288 3511 randa
2316 3454 2525 3528 gloria,
2558 3456 2674 3512 nisi
2708 3458 2833 3514 sola
2867 3459 3015 3516 ﬁdes
3045 3462 3104 3517 in
3136 3463 3435 3521 Christum
3498 3467 3759 3539 lapidem

2097 3544 2607 3617 angularem,quaa
2630 3554 2841 3619 potens
2865 3556 2954 3605 est
2972 3567 3208 3608 omnem
3236 3554 3416 3612 aliam
3438 3556 3759 3614 obscurare

2092 3634 2297 3702 ﬁdem,
2330 3641 2395 3690 ut
2428 3639 2490 3690 in
2524 3654 2637 3707 qua
2672 3637 2798 3693 sola
2829 3639 3029 3695 datum
3062 3649 3153 3698 est
3182 3645 3461 3701 salutare.

2686 3728 2781 3782 σε
2818 3727 3052 3785 CAPUT
3094 3733 3155 3789 V.

2118 3813 2207 3891 De:
2219 3814 2521 3891 incredulis
2538 3817 2887 3891 pontiﬁcibus
2940 3822 3038 3889 qui
3056 3822 3329 3891 jubebant
3350 3823 3493 3879 nein
3521 3827 3753 3880 nomine

2167 3884 2372 3964 Clima
2396 3886 2587 3964 palam
2614 3884 2993 3964 Loquerentui'.
3023 3884 3075 3945 et
3101 3895 3577 3964 redintegratione
3605 3914 3753 3964 apo-

2166 3956 2433 4037 stolorum
2465 3973 2478 4010 :
2511 3959 2577 4011 de
2609 3956 2866 4037 Ecclesia?
2894 3966 3203 4037 gratiarum
3238 3956 3455 4021 actione
3503 3969 3569 4021 ob
3614 3956 3757 4037 fidei

2168 4028 2542 4095 apostolorum
2574 4028 2960 4085 constantiam.
2998 4036 3072 4088 De
3102 4040 3468 4093 unanimitate
3516 4046 3566 4093 et
3614 4028 3753 4093 uni-

2168 4098 2367 4178 versali
2390 4102 2767 4178 communione
2798 4104 3157 4178 credentium.
3190 4110 3255 4161 1η
3304 4127 3409 4178 quo
3460 4114 3625 4164 etiam
3685 4112 3756 4165 de

2169 4170 2397 4294 Antonia
2426 4175 2477 4223 et
2514 4170 2795 4240 Sapphira
2823 4174 3128 4245 acerbaque
3166 4170 3354 4234 eorm};
3383 4188 3559 4235 morte
3576 4181 3758 4235 conti-

2170 4256 2239 4294 ne
2265 4255 2351 4294 ur.

2170 4255 2351 4295 necur.

2172 4401 2264 4469 IV,
2296 4401 2483 4456 15-23.
2522 4425 2547 4453 «
2572 4402 2713 4459 Cum
2742 4410 2937 4462 autem
2960 4408 3754 4477 jussissentilloseconcilio

2105 4512 2130 4540 ‹‹
2154 4489 2844 4550 secedereconferebant
2861 4497 3377 4556 mutuo.dicentes:
3394 4501 3541 4565 Quid
3566 4501 3754 4557 facie-

2057 4620 2071 4670 γ
2105 4604 2132 4629 «ι
2155 4596 2286 4635 mus
2304 4580 2397 4635 his
2418 4580 2787 4638 hominibus?
2799 4584 3099 4655 Siquidem
3115 4590 3498 4661 conspicuum
3516 4591 3755 4661 signum

2105 4668 2372 4723 «editum
2389 4677 2473 4724 est
2491 4686 2594 4741 per
2608 4688 2707 4727 eos
2726 4674 3003 4729 omnibus
3019 4676 3758 4735 habitantibusJerusalem

2105 4781 2131 4807 ‹‹
2165 4758 2691 4821 manifestum,nec
2712 4778 3026 4832 possumus
3041 4769 3399 4839 negare.Sed
3415 4786 3487 4825 ne
3506 4770 3759 4826 ulterius

2108 4867 2134 4895 ι(
2171 4846 2544 4922 dispergatur
2574 4848 2635 4903 in
2666 4851 2973 4921 p0pulum.
2998 4854 3177 4911 minis
3198 4857 3760 4930 interminemurip-

2106 4935 2242 4989 «sis
2275 4953 2349 4990 ne
2381 4936 2664 5007 deinceps
2696 4938 3017 5010 loquantur
3063 4945 3135 4999 de
3180 4949 3424 5003 nomine
3475 4949 3585 5003 hoc
3648 4948 3756 5001 ulli

2106 5045 2133 5072 α
2169 5023 2502 5078 hominum.
2536 5026 2803 5097 Cumque
2845 5040 3156 5087 vocassent
3188 5051 3305 5092 eos.
3342 5042 3761 5106 praeceperunt

2114 5133 2138 5162 ι
2170 5126 2245 5165 ne
2291 5112 2535 5166 omnino
2595 5113 3001 5185 loquerentur,
3053 5128 3155 5176 aut
3203 5123 3485 5177 docerent
3532 5123 3603 5176 de
3649 5139 3758 5178 no-

2107 5221 2134 5248 ‹‹
2170 5199 2330 5269 mine
2361 5201 2516 5254 .lesu.
2555 5203 2760 5258 Petrus
2788 5222 2919 5261 vero
2953 5214 3011 5262 et
3056 5210 3311 5266 Joannes
3356 5212 3633 5265 dixerunt
3680 5210 3755 5267 ad

2107 5312 2135 5338 ι(
2171 5305 2272 5344 eos
2300 5307 2312 5344 :
2338 5295 2433 5344 ‘An
2458 5294 2685 5361 justum
2722 5295 2798 5349 sit
2829 5314 3026 5353 coram
3064 5302 3177 5355 Deo
3201 5319 3300 5355 vos
3331 5302 3534 5356 audire
3568 5302 3756 5373 magis

2108 5401 2133 5428 (ι
2172 5394 2345 5448 quam
2378 5381 2584 5449 Deum,
2610 5384 2895 5453 judicate.
2929 5390 3051 5443 Non
3087 5407 3402 5459 possumus
3435 5392 3594 5446 enim
3622 5409 3752 5462 qua)

2108 5487 2135 5516 ‹‹
2172 5467 2427 5523 vidimus
2454 5475 2513 5523 et
2543 5472 2876 5529 audivimus
2905 5493 3023 5530 nou
3053 5476 3236 5548 loqui.
3273 5484 3347 5534 At
3399 5480 3486 5535 illi
3536 5480 3753 5535 additis

2108 5579 2137 5609 (ι
2167 5556 2347 5614 minis
2378 5557 2738 5619 dimiserunt
2762 5580 2883 5634 eos,
2919 5582 3039 5624 non
3073 5570 3443 5641 invenientes
3492 5585 3753 5641 quonam
