4098 6260
398 361 476 421 99
1527 353 1950 428 (ECUMENH
1989 351 2324 430 TRICCAE-
2347 351 2731 428 Episcopi.
2760 427 2768 436 λ

3694 360 3813 426 100

403 515 430 548 ‹‹
467 497 642 553 modo
675 495 809 551 illos
840 495 1126 567 punirent
1154 499 1396 567 propter
1417 493 1724 567 populum.
1746 493 1905 564 quod
1926 509 2044 548 om-

2176 513 2200 544 α
2231 492 2319 546 καὶ
2353 491 2690 567 ἠκούσαμεν,
2727 491 2806 565 μὴ
2852 488 3066 552 λαλεῖν.
3126 494 3194 556 Ol
3251 491 3309 550 δὶ
3361 493 3816 569 προσαπειλησάρ

469 604 575 642 nes
603 587 1005 658 gloriﬁcarent
1036 587 1216 639 Deum
1251 601 1429 656 super
1459 601 1526 638 eo
1546 584 1705 654 quod
1737 583 2051 638 acciderat-

401 681 601 734 «Erat
657 678 816 732 enim
882 676 1016 748 plus
1077 693 1254 746 quam
1320 674 1710 746 quadraginta
1761 688 2055 729 annorum

401 791 427 820 ιι
460 769 636 823 homo
662 767 721 821 in
753 783 867 837 quo
900 765 1125 820 editum
1158 771 1284 820 erat
1315 765 1544 836 signum
1565 764 1675 818 hoc
1701 763 2050 818 sanationis.

401 879 429 907 ‹‹
463 857 705 912 Dimissi
733 861 931 910 autem
965 859 1251 908 venerunt
1279 852 1354 908 ad
1387 871 1547 909 suos.
1583 874 1610 902 ››

466 1125 614 1181 Cum
644 1141 679 1180 a
709 1122 1006 1196 prioribus
1063 1121 1489 1178 afﬂictionibus
1543 1119 1810 1176 nondum
1859 1119 2050 1191 respi-

377 1221 629 1270 rassent
656 1213 930 1285 apostoli,
963 1212 1408 1283 dispensatione
1431 1210 1686 1282 quadam
1711 1210 1771 1264 in
1793 1209 1940 1264 alias
1962 1208 2054 1265 in-

398 1304 697 1360 cidebant.
735 1302 1035 1373 Siquidem
1069 1302 1349 1372 primum.
1384 1299 1731 1355 subsannati
1762 1303 2051 1354 suntom-

399 1412 506 1449 nes
531 1401 812 1464 tanquam
834 1392 1002 1454 ebrii,
1031 1391 1230 1446 habita
1251 1391 1590 1462 suspicione
1611 1389 1684 1444 ob
1718 1387 2046 1444 efficaciam

400 1484 737 1556 ignotarum
767 1482 889 1536 illis
920 1481 1258 1554 linguarum
1328 1479 1617 1537 Secundo.
1669 1479 1730 1534 in
1781 1477 2051 1549 pericula

397 1571 690 1626 incidunt.
726 1572 857 1626 Haac
891 1576 1088 1626 tamen
1121 1588 1240 1625 non
1273 1586 1402 1624 sese
1427 1569 1626 1624 statim
1665 1567 2051 1638 subsequun-

395 1664 491 1713 tur
546 1660 647 1715 38
675 1660 777 1714 sed
811 1660 1067 1730 primum
1101 1659 1487 1714 concionibus
1518 1656 1836 1712 collaudati
1859 1661 1919 1710 et
1947 1670 2053 1725 per

394 1746 589 1801 claudi
637 1747 992 1802 miraculum
1053 1747 1127 1802 ad
1194 1745 1434 1801 dicendi
1495 1745 1830 1800 libertatem
1890 1742 2050 1797 velut

394 1837 719 1898 exercitati,
756 1838 872 1892 Deo
905 1836 1278 1908 potissimum
1315 1836 1715 1906 permittente,
1748 1833 1885 1888 hinc
1918 1848 2068 1890 cer-_

392 1926 714 1980 taminibus
748 1931 1086 1996 tanguntur.
1121 1928 1203 1980 Tu
1235 1943 1366 1979 vero
1407 1924 1745 1980 Judmorum
1801 1922 2044 1978 technas

394 2017 702 2085 malosque
735 2017 900 2070 nisus
934 2016 1074 2070 hinc
1118 2015 1266 2069 mihi
1313 2014 1643 2070 considera.
1693 2015 1758 2067 In
1811 2011 2042 2067 Christo

397 2105 554 2159 enim
580 2105 925 2175 quaerebant
949 2106 1048 2176 qui
1082 2121 1215 2159 eum
1245 2104 1523 2169 traderet,
1557 2103 1652 2157 hic
1674 2107 1870 2158 autem
1900 2099 2041 2172 ipsi-

396 2197 815 2266 metinjiciunt
846 2213 1076 2252 manus.
1114 2195 1578 2250 conﬁdentiores
1601 2196 1726 2265 jam
1761 2209 1829 2247 ac
1859 2189 2042 2245 auda-

395 2287 585 2341 ciores
610 2292 742 2357 post
763 2302 996 2341 crucem
1023 2285 1238 2352 effecti,
1280 2301 1413 2339 cum
1451 2285 1628 2338 etiam
1659 2280 1863 2352 templi
1895 2279 2044 2334 duce

397 2376 470 2430 ad
504 2376 884 2430 temerarium
917 2375 1146 2429 facinus
1178 2374 1266 2428 usi
1305 2374 1443 2437 sint,
1479 2372 1552 2427 ad
1593 2371 1898 2442 publicum
1929 2367 2046 2423 cri-

399 2480 536 2519 men
568 2465 722 2520 facta
753 2465 1134 2528 invertentes,
1186 2471 1244 2518 et
1295 2479 1413 2517 non
1463 2462 1536 2517 ad
1592 2460 1850 2532 privatas
1893 2455 2043 2513 ulci-

398 2555 682 2610 scendum
708 2556 979 2626 injurias,
1005 2561 1180 2626 prout
1207 2554 1325 2608 illis
1354 2555 1535 2609 moris
1559 2559 1704 2608 erat.
1731 2553 1931 2622 Neque
1950 2565 2041 2603 re-

397 2652 490 2701 cta
547 2647 621 2702 ad
677 2646 1104 2702 incurrendum
1161 2646 1223 2698 in
1283 2643 1583 2714 apostolos
1642 2640 2043 2718 tetenderunt,

395 2752 613 2807 nempe
643 2742 956 2807 appetente
1006 2749 1292 2804 vespera:
1349 2750 1478 2803 quae
1534 2731 1751 2787 Judaeis
1802 2728 2045 2799 quidem

395 2825 536 2880 favit
566 2831 632 2880 ut
662 2824 735 2880 ad
773 2824 960 2879 malos
1005 2830 1252 2878 conatus
1303 2821 1586 2892 temporis
1645 2819 1833 2890 spatio
1874 2818 2044 2889 juva-

399 2924 626 2985 rentur,
661 2919 722 2972 in
748 2924 970 2972 metum
1001 2913 1377 2986 conjiciendo
1399 2912 1699 2984 apostolos
1725 2927 1831 2982 per
1855 2914 2045 2966 custo-

401 3006 581 3072 diam,
615 3013 674 3062 et
716 3007 853 3062 hinc
915 3006 1186 3062 emollire
1239 3021 1340 3059 eos
1397 3002 1637 3075 provide
1695 2998 2044 3073 cogitando:

401 3097 685 3167 apostolis
713 3114 850 3152 vero
890 3112 1058 3151 mora
1114 3094 1214 3150 Dei
1272 3093 1716 3165 dispensatione
1772 3089 2047 3145 ordinata

401 3192 507 3244 est.
543 3193 610 3241 ut
639 3187 854 3242 tierent
881 3185 1284 3241 audentiores.
1311 3183 1586 3248 Quinimo
1611 3197 1808 3236 coram
1841 3179 2048 3235 multi-

395 3274 607 3329 tudine
641 3292 741 3329 eos
773 3275 1053 3341 vinxisse,
1086 3274 1239 3329 clam
1271 3290 1403 3327 vero
1431 3271 1792 3335 examinare,
1827 3267 2041 3324 summi

370 3362 518 3419 ..doli
544 3371 702 3430 erat;
725 3381 840 3434 quo
864 3369 1157 3418 terrerent
1184 3361 1412 3431 eos.qui
1432 3377 1629 3415 coram
1657 3357 2043 3413 multitudine

393 3451 780 3516 vincirentur,
811 3458 868 3506 et
899 3451 1007 3506 sub
1041 3450 1324 3505 tribunali
1358 3449 1861 3513 examinarentur,
1881 3445 2046 3500 vide-

395 3540 538 3595 licet
568 3547 851 3610 tanquam
913 3546 1417 3611 transgressores;
1480 3536 1728 3592 seorsim
1784 3551 1919 3590 vero
1969 3549 2044 3588 ne

395 3629 629 3684 dicendi
657 3629 928 3684 libertate
960 3634 1321 3699 spectatores
1337 3625 1495 3696 quod
1520 3625 1834 3681 saniusaest
1863 3623 2045 3694 elige-

393 3725 548 3780 rent,
583 3719 758 3773 etiam
788 3719 860 3772 ob
893 3735 1095 3773 eorum
1128 3717 1228 3788 qui
1261 3715 1745 3771 examinarentur
1786 3712 2042 3768 admira-

395 3808 618 3864 tionem
643 3825 710 3863 ac
743 3807 1118 3862 miraculum.
1154 3809 1266 3860 Per
1295 3821 1473 3875 quam
1506 3820 1638 3858 vero
1666 3807 2040 3873 potestatem,

394 3914 735 3968 quanquam
771 3898 1046 3961 scientes,
1082 3897 1454 3962 interrogant
1510 3891 1827 3963 (quomodo
1880 3890 2038 3944 enim

391 3986 664 4058 ignorare
681 3992 968 4056 poterant.
994 3985 1091 4055 qui
1109 3991 1419 4056 propterea
1434 4000 1536 4038 eos
1552 3985 1866 4035 tenuerant
1883 3978 2040 4050 quod

390 4075 605 4130 Christi
637 4075 1136 4131 resurrecdonem
1168 4070 1664 4135 annuntiarent?)
1697 4069 2038 4124 existiman-

389 4171 478 4221 tes
507 4182 609 4221 eos
639 4166 848 4220 timore
879 4163 1195 4219 tribunalis
1227 4168 1544 4233 negaturos
1572 4177 1584 4215 :
1636 4167 1693 4216 et
1723 4158 1914 4229 quasi.
1950 4158 2040 4228 ip—

388 4255 468 4310 sis
499 4256 579 4309 ita
610 4255 1135 4326 interrogantibus,
1173 4252 1466 4323 negotiam
1499 4265 1676 4304 omne
1719 4263 2036 4302 successu-

385 4360 517 4399 rum
553 4351 725 4399 esset.
766 4368 785 4393 a
816 4344 1061 4398 Fecistis
1100 4364 1124 4389 ι)
1153 4349 1351 4395 autem
1395 4340 1621 4400 dicunt,
1656 4337 2040 4407 nempe,Qua

389 4439 678 4505 potestate
711 4431 951 4487 fecistis.
989 4438 1271 4500 tanquam
1306 4429 1593 4498 ipsorum,
1651 4441 1771 4479 non
1822 4423 2038 4478 Christi

387 4528 678 4593 potestate
704 4526 1005 4592 peractum
1040 4524 1217 4574 esset.
1283 4517 1391 4571 Sed
1431 4531 1626 4585 neque
1680 4513 2036 4568 nominatim

2163 605 2191 632 ‹‹
2229 601 2381 649 μενοι
2413 581 2684 638 ἀπέλυσαν
2719 582 2936 650 αὐτοὺς,
2973 583 3139 660 μηδὶν
3169 585 3527 660 εὖρίσκοντες,
3568 587 3654 651 τὸ,
3694 593 3810 651 πῶς

2165 694 2192 722 ‹‹
2224 667 2570 726 κολάσωνται
2599 671 2796 736 αὐτοὺς
2829 670 2917 728 διὰ
2948 674 3038 729 τὸν
3068 671 3219 740 λαὸν,
3254 675 3337 729 δτι
3387 677 3580 738 πάντες
3625 672 3810 745 ἐδόξα-

2164 767 2317 832 «ζον
2348 763 2440 818 τὸν
2482 763 2614 820 Θεὸν
2644 763 2732 819 ἐπὶ
2789 766 3054 840 γεγονότι.
3114 767 3280 823 Ἐτῶν
3332 766 3434 841 γὰρ
3491 768 3557 836 ἦν
3617 765 3806 823 πλειόο

2166 873 2194 902 ‹‹
2223 872 2329 905 νων
2360 853 2756 926 τεσσαράκοντα
2776 854 2816 908 ’ὁ
2849 855 3158 928 ἄνθρωπος,
3208 855 3288 932 ἐφ’
3343 855 3400 910 ὃν
3457 856 3691 931 ἐγεγόνει
3746 856 3808 912 τὸ

2163 963 2192 992 α
2225 946 2454 1014 σημεῖον
2485 945 2646 997 τοῦτο
2670 949 2770 1013 τῆς
2813 942 3024 1006 ἰάσεως.
3076 944 3466 1008 ’Δπολυθέντες
3525 941 3581 1001 δὲ
3635 945 3807 1015 ἦλθον

2169 1049 2191 1078 ε
2223 1030 2360 1105 πρὸς
2382 1027 2511 1092 τοὺς
2543 1027 2740 1093 ῒδίους.
2775 1054 2804 1083 ι)

2231 1118 2400 1175 Οὑπω
2438 1123 2548 1174 τῶν
2609 1121 2886 1195 προτέρων
2945 1120 3356 1178 ἀναπευσάντων
3414 1128 3522 1178 τῶν
3583 1122 3813 1179 ἀποστό-

2161 1205 2272 1263 λων
2304 1211 2642 1281 πειρασμῶν,
2691 1208 2765 1271 εἷς
2816 1210 3030 1286 ἑτέρους
3089 1206 3364 1266 ἐνέϐαινον
3423 1211 3810 1286 ο⁹κονομικῶς.

2162 1301 2383 1372 Πρῶτον
2441 1299 2536 1372 μὶν
2591 1302 2694 1378 γὰρ
2754 1299 3161 1376 ἐχλευάσθησαν
3223 1302 3300 1366 εἷς
3374 1303 3542 1377 μέθην
3599 1304 3812 1373 πάντες,

2163 1389 2578 1453 ὑποπτευθέντες
2630 1391 2729 1460 τήν
2785 1395 2893 1446 τῶν
2955 1392 3244 1466 ἀγνώστων
3300 1392 3487 1455 αὐτοῖς
3544 1392 3813 1467 γλωσσῶν

2161 1477 2452 1555 ἐνέργειαν.
2490 1481 2767 1556 Δεύτερον,
2800 1479 2876 1543 εἰς
2932 1478 3216 1546 κινδύνους
3269 1477 3640 1556 ἐμϐαίνουσιν.
3701 1481 3818 1540 Οὐκ

2161 1567 2349 1646 ἐφεξῆς
2410 1567 2466 1624 δὲ
2521 1573 2710 1638 ταῦτα,
2769 1569 2915 1627 ἀλλὰ
2969 1577 3188 1646 πρῶτον
3244 1577 3368 1636 ταῖς
3437 1570 3815 1649 δημηγορίαις

2159 1674 2642 1751 εὐδοκιμήσαντες,
2701 1679 2792 1732 καὶ
2871 1679 3039 1734 οἱονεὶ
3124 1679 3590 1756 έγγυμνασάμενοι
3675 1679 3817 1753 πρὸς

2161 1764 2463 1841 παρρησίαν
2506 1764 2595 1822 διὰ
2647 1772 2746 1822 τοῦ
2802 1771 3083 1842 θαύματος
3138 1772 3235 1823 τοῦ
3293 1768 3510 1844 χωλοῦ,
3572 1767 3816 1840 μάλιστα

2161 1860 2295 1909 Θεοῦ
2335 1857 2826 1934 συγχωρήσαντος,
2890 1859 2953 1913 τὸ
3010 1856 3244 1913 ἐιτεῦθεν
3303 1863 3410 1912 τῶν
3467 1857 3703 1935 ἀγώνων
3752 1856 3814 1918 ἄ-

2153 1964 2395 2001 πτονται.
2435 1945 2634 1999 Σκόπει
2665 1943 2723 2000 δέ
2755 1966 2850 2018 μοι
2908 1945 3145 2002 ἐντεῦθεν
3202 1947 3306 2016 τήν
3361 1951 3472 2003 τῶν
3533 1944 3820 2003 Ἰουδαίων

2153 2033 2706 2108 κακοπραγμοσύνην.
2769 2035 2890 2091 Ἑπὶ
2957 2037 3051 2108 μὶν
3106 2036 3208 2111 γὰρ
3265 2039 3366 2094 τοῦ
3418 2037 3664 2110 Χριστοῦ
3721 2037 3814 2096 τὸν

2157 2119 2552 2196 παραδώσοντα
2579 2124 2740 2178 αὐτὸν
2796 2122 3049 2194 ἐζήνουν,
3109 2123 3334 2182 ἆνταῦθα
3393 2122 3452 2180 δὶ
3502 2124 3661 2182 αὐτοὶ
3719 2125 3816 2188 τὰς

2155 2218 2346 2290 χεῖρας
2389 2209 2775 2283 ἐπιϐάλλουσι,
2835 2213 3156 2290 θρασύτεροι
3207 2213 3300 2274 ναὶ
3355 2213 3660 2288 τολμητίαι
3715 2233 3817 2270 κα-

2154 2303 2438 2364 ταστάντες
2470 2301 2666 2360 λοιπὸν
2699 2304 2834 2375 μετά
2861 2304 2952 2358 τὸν
2993 2306 3244 2378 σταυρόν.
3294 2304 3414 2380 Ἀφ’
3470 2304 3532 2360 οὗ
3583 2303 3681 2360 καὶ
3738 2308 3819 2377 τῷ

2154 2396 2447 2468 στρατηγῷ
2475 2397 2573 2448 τοῦ
2605 2393 2754 2467 ἱεροῦ
2784 2393 2920 2466 πρὸς
2947 2393 3048 2461 τὴν
3079 2391 3298 2465 τόλμην
3349 2392 3683 2468 ἐχρήσαντο,
3738 2392 3817 2455 είς

2157 2497 2424 2572 δημόσιον
2454 2498 2722 2576 ἔγκλημα,
2767 2499 2856 2555 καὶ
2915 2499 3012 2555 οὐκ
3064 2497 3364 2565 ἰδιωτικὸν,
3422 2499 3488 2554 τά
3545 2499 3816 2576 γενόμενα

2161 2588 2601 2664 μετατρέποντες,
2636 2593 2708 2653 ὡς
2767 2587 2888 2654 ἔθος
2945 2593 3147 2656 αὐτοῖς.
3203 2592 3322 2648 Οὑκ
3379 2591 3694 2671 ἐχρήσαντο
3757 2588 3814 2646 δὲ

2155 2679 2390 2754 παρευθὺ
2465 2684 2532 2754 τῇ
2617 2681 2754 2736 κατά
2835 2685 2941 2735 τῶν
3029 2679 3350 2737 ἀποστόλων
3433 2681 3810 2748 ἐπισυστάσει,

2155 2768 2384 2846 ἑσπέρας
2415 2770 2572 2841 δῆθεν
2605 2767 2998 2844 ἐπιλαϐούσης.
3059 2774 3155 2829 Καὶ
3196 2778 3313 2838 τοῖς
3363 2772 3652 2836 Ἰουδαίοις
3717 2775 3812 2847 μὶν

2157 2860 2244 2916 ἐπὶ
2274 2864 2568 2936 κακουργίᾳ
2597 2865 2905 2938 χρήσασθαι
2964 2867 3032 2938 τῇ
3091 2863 3367 2944 ἐκεχειρίᾳ
3427 2865 3685 2938 ὑπῆρξεν,
3735 2865 3814 2928 είς

2156 2952 2323 3007 πτόαν
2354 2947 2693 3024 ἐμϐαλλουαι
2727 2950 2816 3007 διὰ
2842 2956 2942 3018 τῆς
2991 2952 3265 3031 φυλακῆς,
3323 2955 3412 3009 καὶ
3468 2953 3638 3029 ταύτῃ
3703 2975 3816 3027 μα-

2157 3039 2313 3111 λάξαι
2342 3041 2537 3103 αὐτοὺς
2566 3047 3048 3117 προμηθουμένοις
3121 3049 3244 3105 Τοῖς
3298 3043 3631 3108 ἀποστόλοις
3681 3040 3743 3099 δὲ
3777 3045 3812 3113 ἡ

2157 3127 2399 3200 ἀναϐολή
2434 3133 2570 3206 πρὸς
2608 3133 2669 3186 τὸ
2728 3129 3084 3208 Θρασυτέρους
3140 3133 3381 3208 γενέσθαι
3441 3132 3814 3207 ᾠκονομήθη.

2078 3239 2120 3306 C
2155 3221 2333 3278 Ἀλλά
2358 3244 2420 3299 γε
2453 3219 2518 3290 δὴ
2551 3223 2638 3277 καὶ
2670 3224 2731 3277 τὸ
2761 3221 2990 3278 ἐνώπιον
3029 3225 3123 3297 μὲν
3174 3229 3271 3279 τοῦ
3302 3223 3550 3294 πλήθους
3599 3221 3814 3297 δεσμῆ-

2154 3333 2264 3380 σαι,
2307 3310 2581 3385 λαθραίως
2613 3311 2663 3367 εὶ
2696 3312 2992 3386 ἀνακρῖναι,
3033 3319 3136 3381 τῆς
3199 3313 3367 3384 ἄκρας
3422 3313 3490 3382 ἦν
3547 3309 3812 3381 δολιότη-

2149 3422 2262 3462 τος,
2296 3395 2604 3478 φοϐούντων
2671 3400 2762 3474 μὲν
2819 3400 2945 3463 τοὺς
3002 3398 3412 3476 δεσμουμένους
3466 3404 3809 3457 κατενώπιον

2149 3492 2246 3543 τοῦ
2277 3487 2546 3558 πλήθους,
2605 3488 2901 3557 ἐταζόντων
2962 3487 3020 3545 δὲ
3079 3491 3184 3545 ὑπὸ
3243 3487 3582 3565 δικαστηρίῳ
3640 3489 3806 3559 δῆθεν

2150 3595 2225 3657 ὡς
2261 3599 2731 3668 παρανομοῦνταςο
2765 3597 2882 3650 κατ’
2914 3593 3053 3652 ἰδίαν
3102 3594 3179 3666 δὲ,
3209 3601 3290 3670 τῷ
3343 3599 3419 3670 μή
3465 3601 3534 3663 τῆ
3592 3598 3807 3653 τούτων

2148 3682 2426 3760 παρρησίᾳ
2454 3684 2580 3744 τοὺς
2612 3683 2800 3747 θεατὰς
2847 3684 2910 3740 τὸ
2970 3683 3188 3762 βέλτιον
3243 3684 3482 3758 ἑλέσθαι,
3539 3687 3633 3741 καὶ
3695 3686 3804 3741 ὑπὸ

2149 3773 2382 3845 θαύματι
2408 3777 2515 3828 τῶν
2548 3769 2910 3847 ἐταζομένων.
2945 3776 3034 3832 Ἐν
3093 3775 3227 3848 ποίᾳ
3284 3774 3340 3830 δὲ
3397 3773 3631 3848 δυνάμει
3687 3776 3802 3830 καί·

2146 3883 2232 3918 τοι
2264 3862 2467 3925 εἰδότες
2493 3862 2736 3938 ἐρωτῶσι
2771 3868 2910 3935 (πῶς
2958 3867 3063 3941 γὰρ
3121 3864 3221 3920 οὐκ
3258 3863 3461 3927 εἰδότες
3501 3866 3555 3920 οἱ
3599 3863 3691 3920 διὰ
3737 3865 3802 3918 τὸ

2147 3951 2538 4028 καταγγέλλειν
2590 3957 2688 4006 τοῦ
2738 3953 2972 4028 Χριστοῦ
3025 3955 3124 4022 τῆν
3209 3954 3496 4009 ἀνάστασιν
3546 3954 3814 4028 κατέχονο

2145 4063 2231 4104 τες
2287 4043 2485 4106 αὐτούς
2523 4047 2582 4112 ;).
2645 4043 2889 4116 οἷὸμενοι
2970 4041 3199 4114 τῷδέει
3282 4047 3380 4098 τοῦ
3441 4041 3809 4117 δικαστηρίου

2132 4131 2396 4210 ,ἐξάρνους
2431 4129 2627 4192 αὸτούς
2650 4130 2914 4210 γενέσθαι,
2945 4133 3033 4188 καὶ
3089 4135 3152 4188 τὸ
3199 4139 3302 4192 πᾶν
3371 4131 3564 4194 αὐτοῖς
3628 4131 3810 4195 οὓτως

2145 4239 2391 4314 ἐρωτῶσι
2424 4238 2512 4296 διὰ
2559 4239 2754 4296 τούτου
2815 4241 3064 4316 ὑπάρξαι.
3100 4262 3125 4287 α
3153 4243 3504 4311 Ἐποιήσατε,
3543 4265 3566 4292 ιι
3605 4238 3666 4296 δέ
3714 4260 3815 4318 φα-

2145 4349 2253 4397 σιν,
2286 4329 2429 4394 οἷον,
2464 4328 2603 4400 Ποίᾳ
2632 4327 2855 4402 δυνάμει
2887 4327 3195 4400 ἐποιήσατε,
3230 4329 3305 4390 ὡς
3350 4327 3554 4397 αὐτῶν,
3609 4331 3675 4385 οὗ
3705 4333 3808 4384 τοῦ

2145 4419 2384 4488 Χριστοῦ
2437 4419 2508 4490 τῇ
2564 4411 2788 4490 δυνάμει
2847 4421 2943 4471 τοῦ
3001 4416 3394 4492 ἓνηργημένου.
3452 4414 3611 4472 Ἀλλ’
3673 4414 3811 4473 οὖδὶ

2147 4505 2409 4577 ὀνομαστὶ
2465 4509 2562 4560 τοῦ
2629 4503 2827 4585 χωλοῦ
2910 4504 3128 4584 ἔφασαν.
3216 4505 3612 4580 Ἀπεπνίγοντο
3700 4509 3810 4582 γὰρ

383 4612 662 4666 claudum
697 4611 1014 4665 dixerunt:
1051 4625 1118 4663 ex
1151 4609 1262 4662 hoc
1308 4606 1465 4660 enim
1530 4603 1676 4658 adeo
1738 4601 2036 4669 angeban-

2154 4595 2329 4666 τούτῳ
2387 4587 2464 4656 ὡς
2527 4591 2658 4667 μηδ’
2716 4593 2982 4670 ὀνομάσαι
3069 4593 3271 4650 ἐθέλειν
3328 4596 3430 4662 τῆν
3483 4596 3812 4668 θεραπείαν.

386 4705 502 4760 tur,
532 4708 598 4753 ut
619 4717 812 4770 neque
835 4716 1036 4754 curam
1067 4696 1371 4753 nominare
1394 4691 1774 4749 vellent.ldeo
1797 4708 2038 4762 respon-

385 4787 472 4841 dit
503 4789 709 4841 Petrus
740 4805 753 4842 ε
791 4789 1034 4842 Nomine
1065 4789 1200 4842 Jesu
1235 4784 1450 4840 Christi
1504 4780 1807 4844 Nazareni,
1859 4795 2036 4851 quem

383 4891 485 4928 vos
520 4876 919 4939 cruciﬁxistis,
955 4893 1089 4930 cum
1123 4876 1356 4946 abjecta
1386 4873 1578 4944 patria
1608 4877 1666 4926 et
1697 4870 2036 4942 passionem

384 4963 590 5017 dicens
613 4970 672 5017 et
694 4962 1641 5020 resurrectionem.Prmdicamus,
1675 4959 1890 5030 inquit.
1927 4959 2034 5013 hu-

383 5054 574 5113 milia.
608 5059 848 5124 propter
872 5052 1147 5107 eximiam
1176 5050 1669 5106 resurrectionem
1689 5049 2035 5122 gloriantes.

356 5143 358 5145 ’
392 5142 498 5196 Ubi
533 5149 730 5196 autem
765 5143 856 5196 his
889 5141 1266 5195 sermonibus
1298 5157 1399 5194 eos
1420 5138 2038 5209 stimulasset,adjun-

384 5232 468 5303 git
499 5233 673 5286 etiam
727 5250 858 5304 quas
890 5248 923 5286 a
953 5232 1257 5301 Scriptura
1316 5234 1474 5294 sunt,
1526 5228 1785 5299 lapidem
1834 5227 2039 5282 dicens

383 5322 752 5391 angularem,
789 5329 844 5376 et
876 5323 922 5376 si
958 5321 1101 5392 quid
1161 5326 1336 5376 antea
1397 5319 1467 5374 de
1529 5319 1638 5373 hac
1705 5336 1768 5372 re
1801 5336 1836 5374 θ.
1864 5321 2039 5378 nobis

380 5415 696 5464 tractatum
728 5418 834 5466 est.
869 5411 1198 5465 Considera
1224 5425 1357 5461 vero
1382 5407 1540 5477 quod
1568 5407 1667 5460 ubi
1699 5407 1912 5464 docere
1943 5429 2041 5484 op-

383 5505 705 5572 portunum
735 5501 1025 5566 esl.,etiam
1051 5497 1391 5570 prnphetias
1411 5497 1730 5552 adducunt.
1759 5498 1858 5552 39
1883 5506 1948 5552 ut
1979 5501 2038 5556 in

385 5588 570 5660 priori
597 5591 916 5645 concione:
939 5589 1177 5660 quando
1200 5593 1401 5643 autem
1427 5586 1618 5642 solum
1645 5585 1832 5641 libere
1851 5587 2038 5659 loqui,

383 5679 745 5736 sententiam
775 5679 1011 5735 ferunt:
1047 5679 1247 5751 Neque
1280 5677 1442 5734 enim
1472 5681 1562 5734 est
1607 5673 1772 5732 aliud
1821 5668 2074 5738 nomen?

2147 4683 2346 4756 Διόπερ
2377 4683 2405 4736 ὁ
2457 4679 2683 4752 Πέτρος,
2733 4685 2830 4755 Τῷ
2883 4683 3111 4755 ὀνόματι
3168 4685 3348 4752 Ἰησοῦ
3397 4685 3652 4758 Χριστοῦ
3710 4687 3816 4739 τοῦ

2148 4769 2490 4844 Ναζωραίου,
2517 4771 2575 4824 ’ὸν
2637 4771 2793 4844 ὑμεῖς
2851 4770 3240 4848 ἐσταυρώσατε,
3295 4769 3649 4845 ἀπεκρίνατο,
3714 4770 3814 4827 σὺν

2146 4881 2214 4952 τῇ
2268 4877 2480 4934 εὐτελεῖ
2534 4875 2753 4952 πατρίδι
2811 4877 2900 4933 καὶ
2956 4878 3020 4934 τὸ
3073 4881 3243 4940 πάθος
3301 4877 3468 4933 είπὼν
3548 4878 3646 4934 καὶ
3706 4881 3815 4950 τήν

2146 4966 2451 5026 ἀνάστασιν.
2505 4967 2868 5040 Κηρύττομεν
2924 4967 2989 5021 τά
3043 4967 3272 5022 ταπεινά
3328 4963 3418 5020 διὰ
3469 4969 3572 5022 τοῦ
3637 4968 3820 5044 ὑπερο

2147 5059 2313 5132 φυοῦς
2343 5062 2440 5122 τῆς
2474 5055 2812 5122 ἀναστάσεως
2867 5052 3335 5128 ἐμπῦμπεύοντὲς.
3392 5053 3631 5118 Τούτοις
3689 5061 3817 5120 τοῖς

2146 5143 2340 5217 λόγοις
2369 5139 2579 5214 πλήξας
2608 5142 2828 5214 αὐτοὺς,
2877 5143 3206 5219 προστίθησι
3259 5143 3350 5198 καὶ
3405 5141 3474 5196 τὰ
3529 5142 3646 5198 ἀπὸ
3705 5151 3817 5215 τῆς

2148 5237 2390 5308 Γραφῆς,
2428 5231 2521 5286 τὸν
2552 5228 2706 5286 λίθον
2741 5232 2886 5309 φημὶ
2931 5233 3024 5287 τὸν
3079 5231 3496 5306 ἆκρογωνιαῖον,
3544 5231 3640 5286 καὶ
3675 5232 3734 5287 εἴ
3757 5252 3817 5287 τι

2147 5319 2491 5394 περὶτιοῦτου
2523 5318 3136 5394 προδιείληπταιὴμῖν.
3191 5321 3393 5375 Σκόπει
3444 5317 3525 5388 δὲ,
3580 5320 3669 5376 δτι
3723 5321 3822 5376 ὅτε

2152 5411 2246 5484 μὲν
2276 5406 2487 5479 διδὶξαι
2520 5410 2708 5484 ἐχρῆν,
2763 5413 2852 5466 καὶ
2915 5411 3250 5488 προφητείας
3305 5409 3668 5484 προάγουσιν,
3737 5411 3818 5476 ὡς

2147 5497 2236 5553 ἐπὶ
2291 5506 2389 5566 τῆς
2446 5499 2670 5570 πρώτης
2727 5497 3101 5575 δημηγορίας,
3164 5499 3254 5553 ὅτε
3311 5497 3369 5554 δὲ
3421 5497 3818 5574 παῤῥησιάσαο

2153 5590 2273 5643 σθαι
2335 5587 2526 5662 μόνον,
2583 5587 2993 5664 ἀποφαίνονται.
3053 5583 3191 5645 Οὔτε
3247 5591 3348 5666 γάρ
3401 5586 3547 5644 ἔστιν
3606 5583 3820 5666 ,ἕτερον

2149 5673 2346 5751 ὄνομα,
2379 5676 2534 5754 φησὶ,
2579 5677 2643 5732 τὸ
2702 5673 3014 5751 δεδομένον.
3075 5674 3177 5736 Καὶ
3227 5664 3283 5733 τί
3338 5679 3527 5748 τοῦτο,
3575 5664 3818 5758 εἴρηται
