4098 6260
248 360 335 422 mi
1276 343 1675 434 CONMENT.
1722 366 1813 431 IN
1856 366 2064 430 ACTA
2108 366 2721 435 APOSTOLORUM.

3595 379 3711 438 l0!

240 491 353 564 ἤδη.
382 493 540 570 Πρός
572 492 858 556 Πιλᾶτον
923 500 986 559 δὲ
1020 501 1122 559 οὐκ
1175 500 1363 580 ﬁcum.
1414 501 1544 566 τοὺς
1583 500 1790 558 ἀποστό
1818 500 1949 563 ιους

2087 503 2581 576 latum,inquit.Et
2597 505 2737 575 quid
2759 506 2870 564 hoc
2891 508 2969 562 sit
2987 504 3111 577 jam
3136 506 3357 564 dictum
3382 508 3713 569 estVerum

252 584 311 645 ὡς
337 586 425 639 τὸν
458 587 755 661 Χριστὸν,
815 590 957 647 ἀλλ’
1014 594 1167 648 αὐτοὶ
1223 592 1523 668 κρίνουσιν,
1554 591 1941 671 αἰσχυνόμενοι

252 673 331 731 καὶ
381 674 843 751 ἐρυθριάζοντες
902 682 973 736 τὰ
1027 683 1311 756 πρότερον,
1368 682 1459 737 καὶ
1512 680 1812 745 δεδοικότες
1873 681 1947 752 μή

264 764 357 841 ἄπο
383 765 610 821 τούτων
645 770 749 823 καὶ
789 770 934 845 ὑπὲρ
968 770 1173 827 ἐκείνου
1204 771 1539 847 ἐγκληθιῖωι.

342 945 503 1002 «Καὶ
561 946 930 1022 ἀπήγγειλαν
991 952 1093 1004 ὅσα
1146 950 1283 1025 πρὸς
1335 950 1533 1010 αὐτοὺς
1583 945 1633 1003 δι
1679 950 1956 1024 ἀρχιερεῖς

299 1041 435 1097 «καὶ
462 1042 515 1096 οἱ
550 1036 932 1117 πρεσϐύτεροι
992 1042 1167 1100 εἷπον.
1228 1041 1291 1095 οἱ
1348 1037 1406 1095 δὲ
1452 1039 1770 1099 ἀκούσαντες
1817 1038 1955 1109 ὁμο·

307 1157 327 1188 ι
358 1129 589 1207 θυμαόὸν
645 1133 793 1203 ἦραν
852 1134 1042 1210 φωνὴν
1100 1132 1237 1208 πρὸς
1295 1131 1388 1186 τὸν
1447 1131 1576 1186 Θεὸν
1622 1129 1712 1185 καὶ
1745 1129 1893 1184 εἶπον
1929 1147 1953 1178 ν

300 1222 441 1302 (οὖχῖ
494 1222 826 1299 φιλοτιμίας
875 1219 1049 1277 ἕνεκεν
1104 1219 1441 1296 διηγοῦνται,
1496 1219 1642 1275 ἀλλᾶ
1694 1225 1796 1288 τῆς
1834 1222 1960 1290 Χρι-

297 1319 422 1366 στοῦ
476 1314 711 1385 χάριτος
797 1313 867 1365 τὰ
939 1313 1213 1382 τεκμήσια
1297 1307 1729 1375 ἐπιδεικνύντες)·
1793 1331 1814 1356 ιι
1871 1306 1960 1359 Δέ-

298 1424 320 1454 ι
355 1422 552 1469 σποτα,
585 1400 651 1454 ab
693 1401 722 1455 6
772 1401 929 1469 Θεὸς,
962 1401 989 1454 6
1018 1401 1253 1469 ποιήσας
1304 1400 1397 1453 τὸν
1457 1396 1704 1471 οὐρανὸν,
1738 1416 1827 1450 και
1858 1396 1956 1464 τήν

295 1514 318 1544 ι
350 1498 485 1567 γῆν,
522 1492 615 1545 καὶ
648 1492 748 1558 τὴν
811 1489 1111 1556 θάλασσαν,
1166 1488 1254 1543 καὶ
1314 1491 1488 1542 πάντα
1514 1488 1581 1542 τὰ
1611 1486 1661 1540 ἐν
1691 1485 1899 1555 αὐτοῖς,
1932 1485 1959 1538 6

290 1606 315 1633 ι(
349 1579 438 1635 διᾶ.
468 1580 749 1654 στόματος
783 1578 945 1634 Δαυῗδ
976 1575 1172 1639 παιδός
1206 1598 1301 1632 σου
1334 1576 1526 1634 εἰπών.
1569 1603 1589 1630 ι

276 1691 286 1695 ‘
358 1672 500 1741 Ὀρα
556 1675 678 1731 πῶς
728 1669 869 1724 ἐστιν
926 1663 1285 1744 ἠκριϐωμένη
1345 1668 1435 1723 καὶ
1488 1668 1626 1722 κατὰ
1667 1666 1889 1741 καιροὺς
1924 1667 1959 1735 ἡ

288 1761 506 1816 τοὺ-των
544 1760 711 1835 εὐχή·
747 1758 838 1813 ὅτε
881 1760 977 1831 μὲν
1028 1759 1133 1833 γὰρ
1172 1759 1264 1812 τὸν
1323 1756 1469 1828 ἄξιον
1520 1756 1595 1817 εἰς
1649 1753 1962 1823 ἀποστολὴν

292 1852 485 1921 ἠξίουν
540 1847 835 1923 δειχθῆναι
886 1848 1093 1909 αὐτοῖς’
1157 1846 1253 1917 Σὺ,
1308 1846 1585 1921 εὔχονται,
1618 1847 1798 1919 Κύριε,
1828 1866 1960 1920 καρ-

293 1938 605 2016 διογνῶττα
635 1939 879 1996 πάντων.
939 1936 1308 2013 Ιῐρογνώσεως
1365 1936 1469 2011 γάρ
1525 1935 1591 2004 ἦν
1638 1934 1750 1989 ἐκεῖ
1777 1937 1957 2009 χρεία.

293 2027 526 2096 Ἐπειδὴ
586 2026 647 2082 δὲ
703 2024 931 2081 ἐνταῦθα
1012 2025 1139 2087 τοὺς
1219 2024 1620 2098 ἀντικειμένους
1673 2022 1959 2095 ἐπιστομι-

292 2125 488 2189 σθῆναι
534 2118 733 2193 ἐχρῆν,
793 2144 814 2166 ι
863 2114 1126 2185 Δέσποτα,
1157 2142 1185 2173 υ
1243 2109 1595 2171 ἐπιϐοῶνται.
1632 2112 1728 2167 Καὶ
1778 2110 1960 2186 ὥσπερ

301 2212 576 2279 συνθήκας
633 2208 990 2266 ἀπαιτοῦντες
1075 2205 1233 2260 αὐτον
1315 2205 1416 2273 τήν
1495 2202 1827 2282 προφητείαν
1888 2201 1963 2263 εἷς

320 2302 485 2373 μέσον
546 2297 782 2373 ἄγουσιν,
843 2295 960 2367 ἅμα
1018 2294 1106 2349 καὶ
1174 2292 1394 2354 ἑαυτοὺς
1454 2292 1961 2366 παραμυθούμενοι,

318 2390 399 2444 ὃτι
464 2386 581 2455 εἷκῆ
631 2386 715 2440 καὶ
768 2386 888 2440 κατ’
946 2384 1121 2439 αὐτῶν
1178 2383 1267 2438 καὶ
1326 2387 1495 2445 κενῶς
1560 2380 1856 2454 μελετῶσιν
1914 2380 1964 2433 οἱ

314 2477 537 2557 ἐγθροί.
593 2470 790 2530 Σκόπει
846 2472 905 2529 δὲ
959 2474 1050 2529 καὶ
1109 2472 1419 2528 ἐπιείκειαν.
1453 2471 1532 2529 Οὐ
1570 2471 1673 2547 γὰρ
1707 2466 1966 2544 εὔχονται

305 2545 640 2644 κᾶταρῖῥάξαι
671 2567 872 2627 αὐτοὺς
931 2565 1024 2620 καὶ
1080 2559 1430 2630 καταϐαλεῖν,
1473 2561 1623 2632 ἀλλ’,
1656 2558 1849 2618 Ἔπιδε
1878 2558 1965 2614 ἐπὶ

302 2661 395 2720 τας
438 2656 678 2718 ἀπειλὰς
706 2656 910 2725 αὐτῶν,
970 2654 1060 2710 καὶ
1113 2652 1205 2714 δὸς
1256 2658 1374 2716 τοῖς
1405 2649 1627 2712 δούλοις
1677 2672 1773 2705 σου
1836 2649 1969 2723 μετᾶ

302 2747 619 2825 παῤῥησῖας
678 2747 859 2813 πάσης
906 2739 1097 2800 λαϐεῖν
1149 2743 1242 2798 τὸν
1302 2740 1470 2816 λόγον
1527 2761 1623 2795 σου
1673 2739 1723 2795 ἐν
1764 2743 1843 2811 τῷ
1867 2739 1964 2807 τὴν

303 2837 466 2914 χεῖρά
514 2858 613 2891 σου
676 2834 933 2898 ἐκτεῖναι,
991 2833 1269 2887 τουτέστιν
1300 2830 1353 2886 ἐν
1382 2835 1461 2902 τῷ
1488 2831 1587 2897 τὴν
1619 2829 1839 2904 ἄμαχόν
1871 2848 1968 2882 σου

302 2928 538 3001 δύναμιν
621 2924 900 3000 περιέπειν
988 2926 1155 2995 ἡμᾶς.
1239 2923 1415 2978 Τοῦτο
1491 2921 1594 2994 γὰρ
1654 2919 1875 2973 ἐνταῦθα
1932 2920 1967 2985 ἡ

300 3019 455 3095 χείρ.
487 3017 603 3084 Τὴν
636 3012 858 3089 ἄμαχον
907 3012 1008 3089 γὰρ
1069 3008 1295 3084 δύναμιν
1342 3007 1546 3079 δηλοῦν
1582 3007 1860 3083 βούλεται,
1895 3008 1968 3095 ᾡς

424 3110 551 3172 τοῦ,
587 3129 613 3158 α
647 3105 709 3159 Ἦ
744 3102 869 3178 χείρ
918 3122 1014 3155 σου
1071 3100 1193 3170 ἔθνη
1253 3098 1670 3174 ἐξωλόθρευσεν.
1705 3120 1728 3143 η
1760 3097 1884 3153 Ἐπὶ
1914 3093 1973 3150 δὲ

306 3202 410 3254 τοῦ
471 3194 751 3266 ἀνωτέρω,
809 3195 895 3261 τὸ,
959 3192 1080 3247 ιᾞ
1142 3190 1263 3265 χείρ
1324 3210 1419 3243 σου
1475 3189 1631 3256 καὶὴ
1667 3186 1841 3262 βουλή
1879 3207 1973 3241 σου

2061 596 2365 664 apostolos
2399 613 2518 651 non
2552 597 2779 652 ducunt
2809 598 2881 653 ad
2923 598 3175 653 Pilatum
3210 600 3713 669 quemadmodum

2062 682 2381 751 Christum,
2406 685 2510 740 sed
2536 686 2648 756 ipsi
2674 687 2984 755 iudicant:
3016 687 3309 759 imprimis
3341 688 3579 759 quidem
3609 708 3710 746 ru-

2064 771 2204 827 bore
2235 789 2302 828 ac
2337 775 2562 845 pudore
2593 776 2808 839 aﬁ'ecti,
2842 776 3054 831 deinde
3103 776 3381 831 timentes
3412 794 3485 833 ne
3517 779 3589 834 ab
3622 779 3713 835 his

2065 861 2240 915 etiam
2277 862 2347 917 de
2379 863 2480 918 illo
2513 872 2952 920 accusarentur.

2136 951 2226 1019 IV,
2258 953 2449 1007 23-25.
2480 975 2508 1003 ‹‹
2541 956 2609 1007 Et
2653 954 3080 1010 nuntiaverunt
3109 973 3479 1028 quaecunque
3509 957 3583 1013 ad
3613 973 3713 1013 eos

2067 1060 2096 1088 α
2127 1042 2438 1111 pontifices
2464 1059 2532 1097 ac
2562 1043 2830 1099 seniores
2869 1045 3158 1100 dixerant.
3204 1049 3277 1101 At
3325 1047 3411 1101 illi
3446 1064 3579 1103 cum
3608 1064 3713 1103 au-

2067 1151 2095 1178 κ
2126 1128 2373 1196 dissent,
2406 1147 2526 1186 uno
2559 1133 2758 1188 animo
2790 1134 3165 1190 elevaverunt
3193 1153 3393 1191 vocem
3426 1136 3498 1192 ad
3531 1138 3715 1192 Deum

2068 1241 2097 1269 ‹‹
2132 1236 2199 1275 ac
2253 1221 2529 1276 dixerunt
2578 1246 2604 1271 υ
2661 1235 2800 1280 tuon
2860 1224 3178 1295 cupiditate
3236 1226 3430 1281 laudis
3487 1226 3715 1281 inducti

2069 1309 2275 1364 isthmc
2301 1319 2790 1373 commemorant.
2812 1313 2910 1367 sed
2945 1314 3159 1368 Christi
3190 1316 3392 1386 gratim
3425 1316 3592 1387 signa
3622 1316 3719 1371 de-

2068 1404 2460 1470 monstrant):
2497 1425 2522 1451 ‹‹
2559 1403 2825 1470 Domine,
2861 1409 2923 1457 tu
2955 1420 3015 1458 es
3065 1405 3219 1458 Deus
3248 1406 3347 1474 qui
3376 1405 3569 1460 fecisti
3600 1422 3716 1460 caa-

2068 1510 2095 1536 ‹‹
2133 1486 2256 1541 lum
2289 1494 2347 1542 et
2379 1496 2617 1551 terram,
2675 1507 2741 1544 ac
2800 1508 2984 1553 mare,
3046 1509 3297 1563 quaeque
3329 1494 3391 1548 in
3423 1494 3507 1548 eis
3538 1500 3715 1561 sunt;

2070 1599 2097 1626 «ι
2132 1578 2232 1647 qui
2265 1594 2370 1648 per
2399 1596 2464 1633 os
2497 1580 2673 1635 David
2707 1582 2872 1651 pueri
2910 1583 2990 1636 tui
3017 1582 3237 1636 dixisti.
3276 1608 3297 1633 ι

2142 1668 2285 1723 Vide
2316 1685 2494 1739 quam
2525 1670 2799 1726 absoluta
2830 1672 2906 1726 sit
2928 1674 3216 1743 juxtaque
3248 1678 3583 1744 temporum
3614 1690 3717 1730 oc-

2070 1758 2341 1814 casiones
2364 1760 2575 1814 horum
2601 1761 3189 1832 precatio.Siquidem
3212 1763 3448 1833 quando
3472 1763 3716 1836 dignum

2071 1848 2144 1902 ad
2176 1849 2571 1920 apostolatum
2603 1851 2998 1907 demonstrari
3051 1853 3161 1907 sibi
3213 1853 3549 1925 cupiebant,
3584 1870 3721 1925 pre-

2072 1944 2273 1992 cantes
2305 1938 2612 1995 dicebant:
2666 1941 2767 2007 Tu,
2821 1942 3090 2005 Domine,
3142 1943 3410 1997 cordium
3455 1944 3723 2015 cognitor

2070 2030 2334 2083 omnium
2366 2046 2377 2095 ;
2410 2029 2487 2083 ibi
2523 2030 2680 2085 enim
2713 2032 3194 2104 prwcognitioms
3218 2039 3345 2089 erat
3376 2034 3719 2089 necessitas.

2070 2120 2173 2173 llic
2204 2126 2401 2174 autem
2455 2122 2737 2190 quoniam
2795 2122 3269 2179 adversariorum
3312 2140 3415 2179 ora
3446 2124 3721 2180 obturare

2070 2208 2398 2279 oportebat,
2455 2231 2483 2259 ι(
2521 2211 2855 2273 Domine,»
2915 2212 3260 2267 inclamant.
3319 2216 3387 2267 Et
3438 2219 3722 2285 tanquam

2070 2299 2224 2367 pacti
2286 2297 2466 2352 ﬁdem
2523 2299 2594 2353 ab
2658 2315 2726 2353 eo
2790 2301 3181 2370 postulantes,
3242 2303 3615 2373 pr0phetiam
3660 2302 3721 2356 in

2071 2384 2335 2439 medium
2368 2385 2711 2455 proferunt:
2748 2386 2926 2441 simul
2967 2395 3024 2442 et
3069 2390 3295 2459 seipsos
3326 2391 3725 2459 consolantes,

2075 2473 2232 2544 quod
2264 2473 2489 2543 absque
2520 2492 2699 2531 causa
2724 2482 2932 2530 contra
2952 2477 3115 2547 ipsos
3141 2494 3404 2548 vaneque
3436 2496 3724 2534 conaren-

2075 2570 2171 2618 tur
2228 2563 2479 2618 inimici.
2539 2564 2862 2621 Considera
2921 2583 3157 2637 quoque
3212 2574 3271 2621 et
3329 2567 3722 2623 modestiam:

2073 2669 2269 2724 neque
2303 2654 2459 2709 enim
2493 2655 2743 2726 cupiunt
2776 2655 3112 2727 discerpere
3144 2663 3249 2711 aut
3295 2658 3565 2729 perdere,
3601 2658 3725 2725 sed,

2076 2743 2341 2813 Respice,
2376 2742 2678 2813 inquiunt,
2729 2743 2804 2799 ad
2848 2745 3041 2799 minas
3084 2762 3312 2812 eorum,
3347 2752 3405 2803 et
3442 2746 3516 2801 da
3545 2748 3727 2803 servis

2076 2832 2193 2886 tuis
2224 2837 2289 2887 ut
2329 2848 2462 2887 cum
2512 2834 2673 2888 omni
2730 2833 3001 2889 libertate
3055 2852 3391 2892 sermonem
3443 2842 3606 2891 tuum
3641 2837 3730 2892 lo-

2078 2926 2358 2991 quantur,
2410 2938 2655 2977 manum
2715 2928 2875 2978 tuam
2944 2923 3321 2995 porrigenda,
3358 2926 3467 2980 hoc
3500 2931 3610 2990 est,
3644 2925 3729 2980 fo-

2077 3009 2267 3064 vendo
2299 3027 2407 3065 nos
2462 3011 2908 3083 inexpugnabili
2964 3019 3065 3067 tua
3117 3014 3402 3082 potentia.
3449 3014 3513 3067 Id
3571 3015 3733 3069 enim

2080 3099 2376 3169 significat
2405 3100 2515 3154 hoc
2567 3100 2695 3154 loco
2748 3116 2978 3155 manus.
3014 3101 3147 3155 Vult
3179 3104 3338 3157 enim
3370 3103 3737 3173 inexpugna-

2082 3188 2264 3242 bilem
2296 3188 2631 3259 signiﬁcare
2659 3190 3007 3259 potentiam,
3030 3190 3209 3245 veluti
3242 3208 3377 3247 cum
3411 3192 3532 3249 ait:
3562 3217 3580 3241 υ
3619 3194 3734 3246 Ma-

321 3248 403 3254 -νν
481 3248 487 3249 γ
576 3248 579 3249 ν
656 3248 665 3266 ι
740 3248 751 3261 .
884 3248 895 3261 ι
1144 3248 1181 3265 η,
1236 3248 1245 3263 .
1622 3248 1631 3256 .
1668 3248 1677 3262 ,
1830 3248 1840 3257 .

321 3289 632 3361 «pompm,
664 3308 691 3334 ι)
713 3287 749 3352 ἡ
780 3284 906 3359 χείρ
960 3283 1023 3336 τὸ
1084 3281 1218 3355 μετὰ
1248 3278 1420 3354 λόγου
1450 3280 1540 3333 καὶ
1575 3276 1805 3340 δεόντως
1836 3276 1968 3351 παρᾶ

2089 3294 2203 3331 nus
2250 3248 2380 3332 tuav
2406 3284 2612 3347 gentes
2660 3248 3110 3350 disperdidit“.
3148 3305 3168 3332 ι
3208 3283 3274 3336 In
3333 3282 3735 3352 superioribus

330 3378 475 3429 Θεοῦ
537 3374 604 3427 τα
654 3372 815 3427 πάντα
873 3369 1203 3445 διεξάγεσθαι
1265 3366 1449 3439 δηλοῖ’
1511 3368 1595 3422 ὅτι
1646 3366 1736 3420 καὶ
1772 3365 1910 3439 μόνη
1943 3366 1979 3433 ἡ

326 3463 592 3527 σύνθετος
616 3462 769 3539 φύσις
794 3462 883 3516 καῖ
920 3460 1142 3534 λογική,
1192 3461 1309 3528 ἣτις
1368 3459 1469 3513 οὐκ
1522 3456 1667 3527 ἁΛλη
1702 3455 1735 3524 ἢ
1770 3456 1982 3529 ἄνθρω-

320 3574 451 3619 πος,
514 3552 661 3628 χειρὶ
718 3552 795 3613 ὡς
853 3547 1051 3604 ἐπῖπαν
1130 3548 1198 3603 τὰ
1280 3544 1687 3622 χριιωδέστατα
1744 3542 1979 3600 ἐκτελεῖν

326 3642 520 3700 εἴωθεν
530 3685 545 3698 .

385 3938 414 3965 α
447 3916 572 3971 Ἵνα
627 3912 682 3965 τί
724 3908 990 3986 ἐφρύαξαν
1051 3903 1200 3977 ἔθνη,
1287 3905 1377 3960 καὶ
1463 3902 1587 3959 λαοῖ
1644 3901 1976 3975 ἐμελέτησαν

314 4025 335 4053 ι
369 4003 503 4058 κενά
534 4022 551 4070 ;
584 4000 932 4073 παρέστησαν
966 3996 1018 4051 οἷ
1075 3994 1314 4072 βασιλεῖς
1377 4001 1478 4063 τῆς
1527 4001 1652 4069 γῆς,
1683 3992 1771 4047 καὶ
1805 3993 1856 4046 οἱ
1884 3990 1979 4064 ἄρ-

316 4116 342 4141 α
374 4110 580 4166 χοντες
608 4089 961 4165 συνήχθησαν
1018 4084 1107 4140 ἐπὶ
1163 4084 1226 4139 τὸ
1278 4083 1409 4138 αὐτὸ
1456 4082 1592 4137 κατὰ
1638 4086 1734 4136 τοῦ
1785 4079 1980 4156 Κυρίου

310 4207 337 4232 α
371 4180 469 4235 καὶ
530 4177 673 4232 κατᾶ
728 4179 824 4231 τοῦ
879 4176 1116 4249 Χριστοῦ
1193 4170 1377 4230 αὐτοῦ.
1465 4173 1826 4246 Συνήχθησαν
1879 4171 1981 4244 γὰρ

310 4297 341 4323 α
378 4269 469 4325 ἐπ’
502 4266 776 4337 ἀληθείας
834 4264 923 4318 ἐπὶ
981 4264 1072 4317 τὸν
1128 4263 1281 4337 ἅγιον
1330 4258 1503 4315 παῖδά
1534 4281 1630 4314 σου
1656 4263 1890 4331 Ἰησοῦν,
1926 4260 1983 4314 ὅν

309 4386 336 4413 κ
371 4355 635 4435 ἔχρισας,
671 4351 925 4428 Ἡρώδης
955 4373 1014 4408 τε
1044 4352 1133 4407 καὶ
1162 4352 1390 4412 Πόντιος
1425 4348 1676 4412 Πιλᾶτος.
1713 4376 1733 4404 ι

392 4544 537 4597 Ποῖα
593 4536 724 4605 ’ἔθνη
782 4534 1047 4609 ἐφρύαξαν
1092 4534 1227 4587 κατὰ
1281 4536 1378 4587 τοῦ
1437 4533 1715 4599 Χριστοῦ;
1764 4530 1845 4585 Τὰ
1872 4532 1980 4584 τῶν

2089 3372 2287 3421 autem
2318 3366 2531 3429 verbis,
2572 3390 2591 3415 ι
2628 3369 2831 3423 Manus
2863 3375 2961 3424 tua
2994 3375 3051 3425 et
3081 3370 3398 3426 consilium
3432 3377 3599 3427 tuum
3627 3388 3734 3427 an-

2089 3461 2181 3510 tea
2204 3456 2606 3512 decreverant.
2630 3477 2655 3507 n
2687 3457 2897 3513 Manus
2919 3459 3215 3531 signiﬁcat
3235 3461 3435 3516 omnia
3456 3460 3736 3517 decenter

2090 3551 2148 3600 et
2205 3562 2339 3601 cum
2393 3547 2621 3601 ratione
2680 3564 2715 3602 a
2773 3548 2890 3603 Deo
2950 3550 3236 3615 ordinari,
3294 3550 3577 3621 quoniam
3611 3550 3737 3606 sola

2089 3635 2421 3707 composita
2450 3637 2879 3708 rationalistu
2920 3645 3152 3704 natura,
3188 3656 3319 3709 quas
3351 3657 3471 3695 non
3503 3639 3620 3695 alia
3650 3645 3741 3695 est

2089 3741 2268 3795 quam
2318 3726 2512 3791 homo,
2550 3742 2730 3781 manu
2778 3732 2844 3781 ut
2892 3727 3217 3797 plurimum
3252 3745 3383 3798 quas
3420 3729 3742 3783 utilissima

2091 3820 2229 3869 sunt
2259 3814 2494 3870 efﬁcere
2525 3815 2695 3872 solet.

2160 3902 2253 3965 1V,
2288 3907 2357 3958 25
2395 3908 2481 3957 27.
2530 3926 2558 3954 «
2592 3908 2781 3969 Quare
2828 3905 3201 3961 fremuerunt
3243 3906 3517 3961 nationes
3546 3912 3604 3961 et
3634 3923 3739 3977 po-

2091 4013 2119 4041 ‹‹
2152 3991 2275 4061 puli
2332 3992 2601 4048 meditati
2659 4000 2798 4048 sunt
2863 3994 3108 4049 inania?
3189 3996 3518 4051 Astiterunt
3571 4012 3737 4068 reges

2090 4102 2117 4130 ‹‹
2152 4086 2323 4134 terra;
2362 4087 2421 4135 et
2448 4081 2747 4152 principes
2789 4089 3194 4137 convenerunt
3224 4084 3286 4138 in
3317 4101 3501 4139 unum
3535 4085 3737 4140 adver-

2095 4191 2123 4221 ι(
2155 4187 2255 4224 sus
2286 4170 2605 4224 Dominum
2654 4175 2713 4225 et
2765 4170 3044 4225 adversus
3075 4172 3370 4226 Christum
3405 4173 3551 4241 ejus.
3587 4175 3739 4227 Con-

2092 4281 2120 4310 (ι
2154 4264 2444 4314 venerunt
2474 4259 2634 4314 enim
2688 4276 2825 4315 vere
2880 4258 3161 4315 adversus
3194 4266 3462 4315 sanctum
3496 4277 3746 4331 puerum

2092 4371 2119 4399 «
2155 4355 2322 4404 tuum
2352 4350 2550 4405 Jesum
2602 4367 2777 4421 quem
2832 4366 3109 4418 unxeras,
3143 4350 3244 4405 40
3276 4349 3533 4406 Herodes
3565 4350 3747 4406 simul

2095 4461 2123 4491 ι(
2161 4445 2219 4492 et
2246 4439 2490 4493 Pontius
2522 4439 2764 4495 Pilatus.
2805 4460 2829 4491 υ

2167 4529 2442 4593 Quaenam
2458 4529 2729 4585 nationes
2747 4528 3026 4584 adversus
3042 4529 3329 4584 Christum
3341 4528 3747 4584 fremuerunt?

316 4627 635 4691 Ἰουδαίων,
670 4623 957 4693 δηλονότι.
995 4622 1056 4680 Εἰ
1116 4624 1219 4699 γὰρ
1276 4621 1366 4676 καὶ
1407 4618 1663 4677 Ἰουδαῖοι
1692 4620 1829 4689 ἦσαν
1862 4624 1968 4673 παν

2095 4618 2373 4673 Nationes
2433 4619 2706 4674 videlicet
2758 4618 3114 4674 Judarorum.
3178 4620 3321 4672 Nam
3381 4618 3489 4673 etSi
3540 4635 3748 4674 omnes

314 4741 431 4787 τες,
495 4717 629 4772 ἀλλ’
690 4713 783 4768 οὖν
842 4713 901 4767 ἐκ
957 4710 1231 4791 διαφόρων
1284 4711 1469 4778 ἐθνῶν,
1528 4710 1580 4764 ἐν
1630 4712 1712 4771 οἱς
1743 4712 1877 4779 ἦσαν
1911 4706 1988 4763 δι-

316 4809 700 4883 ισπαρμήνοι.
733 4806 813 4861 Τὸ
844 4801 921 4867 δὲ,
948 4828 975 4853 ‹‹
1011 4799 1373 4871 Ποιῆσαιὸσα
1402 4802 1436 4868 ἡ
1470 4801 1592 4873 χείρ
1626 4820 1745 4869 σου,
1784 4825 1809 4850 η
1837 4820 1991 4853 τουτ-

319 4900 491 4967 έστιν,
542 4896 651 4951 οὐκ
710 4893 861 4949 αὐτοὶ
923 4891 1179 4968 ἴσχυσαν,
1237 4889 1385 4947 ἀλλᾶ
1414 4892 1476 4945 σὺ
1510 4890 1561 4945 εἶ
1589 4892 1616 4946 6
1647 4890 1711 4947 τὸ
1738 4895 1844 4944 πΞὶν
1876 4888 1986 4945 ἐπι-

318 4989 527 5063 τρέψας
578 4987 671 5041 καί
722 4983 801 5046 εἷς
848 4985 1012 5058 πέρας
1070 4981 1313 5057 ἀγαγὼν,
1348 4982 1375 5036 6
1405 4979 1723 5060 εὐμήχανος
1775 4979 1865 5034 καὶ
1896 5001 1986 5035 σο-

322 5078 446 5146 φός.
485 5075 773 5144 Συνῆλθον
838 5072 933 5146 μὲν
990 5071 1091 5145 γὰρ
1141 5068 1336 5123 ἐκεῖνοι
1393 5066 1468 5129 ὡς
1520 5065 1735 5141 ἐχθροὶ,
1766 5066 1856 5121 καὶ
1895 5087 1987 5145 φο-

319 5138 449 5241 ναξ
479 5138 1074 5240 προαῖρέσειξέποίουν
1108 5154 1166 5213 δὲ
1195 5157 1229 5213 ἃ
1259 5157 1321 5211 σὺ
1351 5138 1609 5211 ἐϐδῦλου.

392 5370 421 5397 α
460 5344 565 5399 Συν
596 5338 764 5397 ἔθνεσι
797 5339 887 5395 καὶ
920 5337 1077 5398 λαοῖς
1111 5334 1351 5403 Ἰσραήλ,
1388 5357 1415 5385 ››

395 5436 482 5491 Ἐν
510 5430 887 5501 Ἰερουσαλήμ.
932 5421 1177 5503 Ἑϐραῖοι
1227 5423 1360 5498 μετὰ
1405 5422 1623 5503 Καῖάφα
1661 5422 1751 5478 καὶ
1792 5424 1982 5495 Ἀννα,

327 5521 453 5581 λαοὶ
490 5523 628 5598 μετὰ
660 5520 926 5579 Πιλάτου.

392 5722 440 5761 ⁵⁴
474 5722 631 5784 Psal.
670 5734 911 5786 nam,
946 5717 1001 5770 3.

2098 4708 2278 4763 Judari
2304 4716 2759 4765 erantattamen
2782 4727 2849 4764 ex
2869 4710 3042 4764 variis
3066 4709 3408 4764 nationibus
3431 4710 3747 4765 veniebant

2098 4798 2253 4852 inter
2283 4816 2428 4869 quas
2465 4799 2715 4869 dispersi
2767 4803 2952 4853 erant.
3000 4820 3027 4849 ‹‹
3065 4799 3134 4853 Ut
3164 4798 3431 4853 facerent
3461 4816 3743 4870 qumcun‘

2098 4904 2213 4959 que
2249 4905 2457 4943 manus
2486 4894 2623 4942 tua:
2658 4908 2684 4937 n
2743 4887 2853 4942 hoc
2910 4892 3017 4955 est,
3078 4904 3198 4943 non
3244 4888 3354 4960 ipsi
3390 4888 3745 4960 potuissent,

2099 4978 2203 5031 sed
2234 4984 2293 5031 tu
2325 4994 2387 5033 es
2415 4977 2513 5047 qui
2547 4993 2673 5032 rem
2697 4993 2934 5032 omnem
2958 4978 3341 5048 permittebas
3374 4984 3431 5033 et
3460 4978 3533 5033 ad
3562 4978 3741 5032 finem

2099 5066 2452 5131 deducebas,
2487 5082 2700 5137 nempe
2748 5065 3011 5137 prudens
3042 5084 3109 5123 ac
3142 5067 3399 5137 sapiens.
3433 5066 3527 5120 Illi
3560 5066 3745 5135 siqui-

2097 5153 2233 5210 dem
2269 5160 2670 5210 convenerant
2718 5160 3004 5226 tanquam
3062 5155 3289 5210 inimici
3323 5161 3380 5209 et
3411 5153 3745 5209 truculenta

2094 5246 2411 5313 volentate,
2445 5245 2546 5301 sed
2578 5245 2873 5301 faciebant
2903 5263 3034 5316 quae
3065 5252 3127 5301 tu
3158 5245 3413 5301 volebas.

2166 5358 2195 5385 ‹‹
2228 5337 2371 5390 Cum
2403 5335 2676 5408 gentibus
2698 5342 2757 5389 et
2787 5336 3020 5407 populis
3050 5334 3249 5390 Israel.
3286 5355 3312 5382 »ι

2168 5423 2232 5479 In
2262 5424 2587 5479 Jerusalem
2621 5424 2847 5479 Hebraei
2889 5440 3023 5479 cum
3080 5422 3300 5493 Caipha
3331 5427 3389 5478 et
3417 5423 3605 5490 Anna,
3635 5440 3744 5494 po-

2094 5513 2221 5585 puli
2252 5528 2389 5570 cum
2420 5513 2633 5571 Pilato.
