4098 6260
432 327 546 388 103

431 575 460 604 ‹‹
491 559 659 610 tuum
693 561 867 610 antea
899 554 1027 608 ﬁeri
1061 553 1462 609 decreverant.
1499 575 1528 604 ››

504 643 662 699 Idem
690 644 1029 716 signiﬁcant
1051 660 1265 698 manus
1287 649 1345 698 et
1363 643 1700 698 consilium.
1723 642 1895 698 Nulla
1925 642 2084 698 enim

429 733 665 789 consilii
699 735 1046 796 necessitas,
1081 735 1173 788 cui
1225 732 1393 788 adest
1423 735 1706 804 potentia.
1743 734 1917 788 Facta
1946 736 2086 787 sunt

427 840 564 896 ergo
598 840 968 894 quaecunque
1025 822 1097 877 ab
1139 822 1309 877 initio
1341 822 1631 877 ordinasti
1663 821 2081 893 Apostolorum

425 913 628 984 it:-'que
659 913 920 984 precatio
944 929 1062 967 non
1091 918 1216 967 erat
1239 911 1314 967 ad
1344 910 1720 982 repellendas
1753 909 2083 974 molestias,

429 1002 532 1057 sed
590 1020 695 1074 pro
754 1002 1104 1075 evangelicae
1160 1001 1446 1057 orationis
1507 1017 1826 1067 successu;
1887 1014 2080 1069 neque

427 1092 587 1148 enim
617 1092 914 1157 dicebant,
953 1091 1176 1159 Libera,
1212 1090 1336 1161 sed,
1363 1092 1445 1146 Da
1477 1091 1660 1146 servis
1685 1091 1825 1158 tuis,
1857 1095 1923 1144 ut
1943 1103 2080 1143 cum

420 1179 692 1237 libertate
725 1182 1065 1252 loquantur.

488 1270 580 1334 ιν,
613 1272 680 1324 29
715 1272 801 1324 31.
837 1292 865 1320 ‹‹
895 1272 963 1324 Ει
992 1286 1172 1337 nunc,
1221 1270 1490 1336 Domine,
1523 1269 1754 1341 respice
1785 1267 1858 1323 ad
1889 1267 2084 1322 minas

425 1379 447 1407 α
481 1375 710 1424 eorum,
749 1365 808 1413 et
837 1358 913 1414 da
944 1359 1126 1414 servis
1161 1359 1297 1426 tuis,
1341 1365 1408 1413 ut
1437 1374 1575 1414 cum
1607 1356 1774 1413 omni
1809 1356 2082 1411 libertate

417 1470 445 1498 «
481 1465 819 1504 sermonem
857 1454 1024 1503 tuum
1055 1448 1380 1520 loquantur
1410 1465 1422 1502 :
1469 1464 1718 1503 manum
1754 1452 1912 1500 tuam
1943 1461 2077 1516 por-

421 1559 444 1589 α
475 1538 718 1611 rigendo
749 1538 821 1594 ad
855 1538 986 1604 hoc,
1021 1544 1087 1592 ut
1117 1540 1348 1594 sanatio
1401 1543 1458 1592 et
1507 1537 1676 1610 signa
1707 1553 1774 1592 ac
1819 1533 2085 1606 prodigia

427 1651 456 1678 ιι
492 1627 766 1692 edantur,
798 1644 903 1699 per
933 1645 1150 1683 nomen
1200 1627 1386 1683 sancti
1433 1627 1564 1682 Filii
1605 1626 1687 1681 tui
1718 1626 1874 1680 Jesu.
1908 1623 2080 1678 Cum-

427 1739 455 1767 «
488 1733 602 1787 que
634 1723 907 1773 orassent
937 1717 1048 1780 illi,
1097 1723 1296 1772 motus
1347 1723 1436 1772 est
1479 1717 1645 1771 locus
1675 1717 1736 1770 in
1771 1731 1886 1786 quo
1913 1716 2083 1769 erant

423 1829 452 1858 ‹‹
485 1807 848 1879 congregati,
902 1813 959 1862 et
1012 1806 1224 1878 repleti
1285 1812 1424 1862 sunt
1455 1822 1661 1862 omnes
1693 1804 1914 1876 Spiritu
1945 1819 2083 1859 san-

423 1921 451 1948 «
485 1903 599 1964 cto,
641 1915 709 1954 ac
763 1898 1171 1970 loquebantur
1229 1914 1565 1954 sermonem
1597 1895 1700 1954 Dei
1732 1913 1866 1952 cum
1897 1896 2076 1952 libero

424 2009 451 2038 ιι
490 1993 627 2042 tate.
663 2009 690 2037 ››

494 2077 738 2149 Signum
768 2076 924 2148 quod
976 2077 1177 2132 audita
1237 2081 1395 2132 esset
1452 2076 1662 2143 oratio,
1717 2075 1829 2130 fuit
1876 2079 2078 2130 terrae-

419 2173 616 2221 motus
645 2183 657 2219 :
688 2166 987 2221 interdum
1025 2183 1158 2221 vero
1191 2167 1404 2222 accidit
1452 2171 1519 2220 ut
1566 2165 1669 2220 irae
1717 2165 1950 2237 signum
1981 2164 2076 2219 sit.

422 2255 662 2326 Repleri
697 2261 898 2309 autem
943 2255 1165 2326 Spiritu
1215 2261 1417 2310 sancto
1467 2254 1763 2326 significat
1792 2259 1943 2308 totos
1975 2252 2081 2309 ad-

419 2343 610 2399 dictos
646 2361 774 2400 esse
807 2345 957 2399 datae
990 2344 1134 2416 ipsis
1165 2345 1495 2416 operationi
1528 2343 1711 2398 divini
1739 2343 1991 2415 Spiritus
2021 2349 2082 2398 et

423 2449 634 2504 parum
667 2451 701 2489 a
725 2433 908 2490 rebus
938 2435 1119 2489 averti
1146 2434 1486 2490 carnalibus
1511 2450 1525 2489 :
1550 2434 1638 2488 vel
1666 2433 1822 2504 quod
1847 2429 2076 2488 incensi

424 2529 613 2586 erant,
649 2530 707 2578 et
751 2523 996 2579 ardebat
1053 2525 1113 2578 in
1171 2525 1258 2580 eis
1315 2524 1560 2589 donum,
1616 2529 1859 2594 propter
1916 2521 2075 2594 quod

417 2611 822 2685 loquebantur
850 2630 984 2668 cum
1016 2613 1309 2678 libertate,
1345 2628 1630 2683 corporea
1672 2611 1937 2682 pericula
1969 2611 2074 2666 de-

419 2703 759 2773 spicientes,
793 2721 827 2759 a
856 2719 972 2774 quo
1031 2702 1210 2757 etiam
1267 2702 1420 2756 dono
1476 2707 1603 2756 erat
1631 2718 1732 2756 cor
1763 2707 1821 2756 et
1849 2701 2071 2770 anima,

407 2796 694 2862 tanquam
723 2792 885 2865 origo
911 2792 1171 2846 motibus
1226 2789 1752 2845 intellectualibus.
1801 2792 1945 2844 Nam
1972 2807 2076 2844 cor

411 2879 472 2935 id
517 2897 678 2936 nunc
733 2881 1048 2953 signiﬁcat.
1107 2878 1288 2934 veluti
1350 2879 1606 2951 primum
1669 2878 2070 2934 subsistentia:

406 2972 707 3039 animalis,
749 2972 908 3043 quod
939 2971 1117 3027 etiam
1177 2969 1378 3025 vitalia
1433 2969 1708 3025 sustinet.
1741 2969 1874 3023 Haec
1907 2969 2070 3024 enim

410 3065 752 3120 subindicat
780 3081 886 3136 per
916 3080 1018 3118 cor
1048 3068 1106 3118 et
1133 3062 1396 3118 animam
1428 3077 1560 3131 quae
1593 3060 1667 3116 ad
1697 3077 1883 3116 unum
1915 3076 2068 3115 con-

400 3160 648 3210 currunt
677 3154 1072 3225 compositum
1103 3151 1270 3218 Quod
1293 3157 1492 3206 autem
1517 3150 1734 3206 dicitur
1758 3168 1770 3205 :
1797 3174 1823 3201 ‹‹
1845 3151 2002 3214 Erat,
2027 3172 2056 3199 ››

402 3243 500 3298 Dei
522 3243 1033 3298 manutenentiam
1052 3239 1432 3313 signiﬁcatad
1451 3239 1917 3295 conservandam
1938 3239 2060 3295 ani-

402 3334 484 3388 mi
509 3332 993 3404 placabilitatem.
1029 3333 1120 3386 41
1162 3331 1305 3386 Nam
1331 3330 1719 3401 intelligentia
1743 3345 2059 3401 argumen-

400 3428 528 3477 tum
563 3429 653 3478 est
680 3428 1062 3477 contemnere
1095 3420 1382 3492 pericula,
1419 3418 1629 3474 vivacis
1673 3425 1872 3474 autem
1905 3418 2061 3473 indi-

401 3513 562 3568 cium
593 3511 928 3567 absolutam
958 3528 1087 3566 esse
1119 3511 1277 3566 circa
1331 3509 1663 3581 corporalia
1694 3514 2056 3578 temperatu-

399 3617 528 3656 ram
584 3617 800 3672 nempe
855 3607 921 3655 ut
969 3616 1178 3671 pauca,
1236 3605 1296 3655 et
1349 3605 1641 3669 quantum
1691 3596 1766 3652 ad
1800 3596 2058 3652 tenuiter

396 3689 709 3745 vivendum
743 3690 888 3744 satis
920 3690 1059 3753 sint,
1093 3689 1336 3743 habenti
1370 3687 1712 3743 sufficiant:
1763 3703 2056 3742 summam

397 3786 596 3834 autem
657 3779 871 3834 habeat
926 3795 1129 3834 curam
1191 3783 1256 3832 ut
1318 3776 1625 3848 egentibus
1657 3775 2051 3847 provideatur.

394 3870 688 3923 Przeterea
709 3868 780 3923 de
803 3885 871 3923 eo
895 3867 1052 3939 quod
1076 3871 1410 3921 commotus
1433 3871 1523 3920 est
1549 3865 1853 3928 locus,hoc
1875 3864 2054 3920 etiam

394 3957 728 4029 intelligere
785 3961 1018 4028 Oportet
1069 3955 1228 4026 quod
1287 3955 1478 4010 factus
1539 3961 1628 4010 est
1682 3960 2052 4010 terraemotus

393 4052 460 4099 ut
489 4045 830 4101 incredulos
887 4045 1127 4116 quidem
1185 4061 1253 4100 ac
1311 4044 1746 4100 comminantes
1779 4048 2048 4110 terreret,

393 4135 694 4208 apostolos
726 4151 860 4190 vero
913 4135 975 4189 in
1033 4134 1345 4190 audaciam
1397 4133 1737 4189 adduceret.
1775 4134 1935 4188 Finis
1967 4132 2045 4187 si-

393 4225 633 4296 quidem
665 4242 732 4280 ac
763 4225 1090 4280 necessitas
1115 4225 1325 4280 talium
1350 4223 1655 4295 signorum
1687 4228 1814 4278 erat
1841 4229 1907 4277 ut
1935 4222 2046 4293 ipsi

391 4315 913 4371 confirmarentur.

461 4404 554 4469 IV,
591 4406 678 4459 32.
744 4425 767 4454 ιι
805 4401 1200 4457 Multitudinis
1259 4405 1459 4456 autem
1520 4398 1889 4457 credentium
1923 4407 2050 4457 erat

399 4515 421 4544 ι
455 4510 558 4551 cor
587 4509 775 4549 unum
809 4498 866 4547 et
895 4491 1097 4546 anima
1129 4505 1287 4545 una:
1350 4505 1462 4544 nec
1492 4489 1810 4560 quisquam
1841 4506 2046 4546 eorum

1551 324 1982 390 (ECUMENII
2026 324 2330 390 TRICCE
2373 328 2752 392 EPISCOPI.

503 485 532 515 ‹‹
561 463 633 521 Ut
650 463 915 519 facerent
935 478 1304 535 quiscunque
1328 478 1540 519 manus
1562 467 1665 520 tua
1684 468 1745 518 et
1761 461 2080 518 consilium
2107 480 2160 542 Α

3695 332 3801 393 1θ4

2270 483 2300 514 «
2332 466 2566 533 Ποιῆσαι
2621 460 2719 518 ὅσα
2748 463 2783 533 ἡ
2819 461 2943 539 χείρ
3002 483 3099 520 σου
3149 463 3236 521 καὶ
3289 465 3324 535 ἡ
3368 460 3664 541 βουλήσου
3690 486 3815 537 προ-

2195 573 2224 603 α
2253 551 2418 626 ώρισε
2445 551 2712 628 γενέσθαι.
2747 583 2771 609 υ

2263 642 2340 698 Τὸ
2372 640 2501 697 αὐτὸ
2535 640 2792 718 βούλεται
2823 640 3026 714 δηλοῦν
3060 646 3095 714 ἡ
3127 644 3250 720 χεὶρ
3297 643 3387 700 καὶ
3429 647 3463 714 ἡ
3510 643 3700 720 βουλή.
3733 644 3817 700 Δύ-

2192 750 2358 802 ναμις
2386 731 2487 807 γὰρ
2541 733 2588 804 ᾧ
2634 733 2939 808 πρόσεστιν,
3001 734 3065 789 οὐ
3123 735 3285 810 χρεία
3318 733 3542 810 βουλῆς.
3579 735 3707 791 Ὅσα
3735 732 3816 788 οὖν

2190 815 2430 892 διέταξας
2480 819 2530 891 ἐξ
2570 821 2750 896 ἀρχῆς
2800 824 3040 900 γέγονεν.
3093 821 3171 879 Οὐ
3221 825 3599 895 παραιτήσεως
3637 818 3691 876 δὲ
3716 825 3814 876 τῶν

2189 905 2469 988 δυσχερῶν
2497 912 2532 980 ἡ
2563 915 2672 966 τῶν
2719 909 3042 966 ἀποστόλων
3104 910 3267 986 εύχὴ,
3300 910 3427 966 ἀλλ’
3473 910 3599 984 ὑπὲρ
3629 907 3818 965 εύοδώο

2188 1018 2324 1054 σεων
2367 1003 2464 1054 τοῦ
2513 998 2870 1074 εύαγγελικοῦ
2935 1000 3312 1075 κηρύγματος.
3367 999 3446 1057 Ού
3502 999 3603 1072 γὰρ
3656 997 3814 1067 εἷπον,

2188 1086 2429 1162 Ἐξελοῦ,
2461 1085 2629 1160 ἀλλὰ,
2689 1089 2787 1152 Δὸς
2844 1095 2964 1152 τοῖς
3022 1087 3245 1152 δούλοις
3301 1110 3424 1158 σου,
3462 1089 3596 1162 μετᾶ
3623 1085 3823 1161 παρῥη-

2189 1177 2307 1240 σίας
2341 1176 2554 1236 λαλεῖν.

2261 1289 2286 1320 ε
2319 1268 2422 1324 Καὶ
2469 1269 2539 1323 τὰ
2584 1271 2699 1338 νῦν,
2755 1269 2936 1344 Κύριε.
2984 1265 3136 1324 ἔπιδε
3175 1267 3265 1324 ἐπὶ
3312 1268 3410 1329 τὰς
3463 1262 3686 1326 ἀπειλὰς
3731 1261 3818 1318 αὖ·

2189 1378 2219 1407 ‹‹
2250 1359 2382 1425 τῶν,
2421 1356 2514 1412 καὶ
2574 1353 2665 1419 δὸς
2719 1363 2836 1420 τοῖς
2889 1355 3116 1422 δούλοις
3168 1377 3287 1430 σου,
3346 1376 3481 1430 μετα
3534 1351 3823 1430 παῤῥησίας

2190 1467 2218 1496 ι(
2247 1444 2431 1514 πάσης
2480 1443 2669 1501 λαλεῖν
2712 1447 2805 1502 τὸν
2860 1443 3026 1523 λόγον
3066 1467 3186 1517 σου,
3219 1444 3272 1501 ἐν
3300 1449 3382 1517 τῷ
3407 1445 3508 1513 τὴν
3549 1441 3707 1518 χεῖρά
3734 1460 3819 1494 σου

2189 1558 2216 1586 ιι
2252 1535 2504 1590 εκτείνειν
2556 1557 2612 1590 σε
2638 1535 2717 1601 εἴς
2760 1533 2926 1607 ἴασιν,
2971 1537 3062 1592 καὶ
3115 1541 3318 1611 σημεῖα
3363 1534 3453 1591 καὶ
3500 1535 3693 1609 τέρατα
3740 1551 3821 1604 γε·

2190 1647 2218 1675 ιι
2250 1620 2431 1678 νέσθαι
2480 1621 2569 1680 διὰ
2595 1629 2692 1680 τοῦ
2736 1624 3003 1699 ὀνόματος
3049 1630 3147 1681 τοῦ
3193 1624 3346 1700 ἁγίου
3374 1621 3570 1685 παιδός
3601 1642 3693 1677 σου
3723 1623 3823 1690 ⁸1η-

2191 1737 2219 1764 ‹‹
2252 1719 2373 1770 σοῦ.
2408 1713 2509 1770 Καὶ
2567 1712 2861 1787 δεηθέντων
2921 1715 3121 1786 αὐτῶν,
3179 1713 3444 1786 ἐσαλεύθη
3496 1714 3526 1768 6
3572 1714 3735 1773 τόπος
3775 1709 3822 1764 ἂν

2191 1827 2218 1858 ‹‹
2247 1802 2292 1876 ᾧ
2364 1805 2500 1874 ἦσαν
2581 1805 2926 1882 συνηγμένοι.
3004 1807 3101 1862 Καὶ
3183 1804 3535 1877 ἐπλήσθησαν
3607 1805 3820 1858 ἃπαντες

2189 1922 2218 1949 ‹‹
2253 1897 2567 1970 Πνεύματος
2611 1898 2786 1975 ἁγίου,
2817 1898 2908 1954 καὶ
2951 1897 3184 1954 ἐλάλουν
3231 1897 3322 1953 τὸν
3369 1895 3540 1972 λόγον
3575 1898 3671 1952 τοῦ
3698 1895 3823 1950 Θεοῦ

2187 2010 2217 2039 (ι
2251 1986 2384 2061 μετᾶ
2414 1987 2739 2064 παῤῥησίας,
2775 2012 2804 2040 ››

2259 2071 2553 2149 Σύμϐολον
2609 2081 2707 2132 τοῦ
2765 2077 3088 2146 ἀκουσθῆναι
3157 2077 3256 2144 τήν
3307 2074 3490 2144 δέησιν
3553 2073 3746 2142 αὐτῶν,
3797 2070 3823 2124 ὁ

2187 2165 2430 2238 σεισμός⁶
2485 2159 2596 2220 ἔστι
2645 2163 2703 2220 δὲ
2753 2167 2843 2222 ὅτε
2886 2165 2975 2221 καὶ
3019 2165 3207 2242 ὀργῆς.
3267 2166 3344 2222 Τὸ
3401 2161 3461 2218 δὶ
3520 2163 3822 2233 πλησθῆναι

2186 2253 2501 2328 Πνεύματος
2543 2255 2724 2330 ἁγίου,
2757 2253 2924 2325 δηλοῖ
2977 2257 3063 2322 τὸ,
3121 2253 3288 2316 ὅλους
3317 2260 3417 2324 τῆς
3447 2252 3714 2328 ἐνεργείας
3741 2251 3828 2304 τοῦ

2185 2341 2441 2408 δοθέντος
2499 2343 2684 2406 αὐτοῖς
2741 2344 2887 2408 θείου
2943 2343 3254 2416 Πνεύματος
3317 2343 3590 2418 γενέσθαι,
3652 2337 3831 2415 μικρὸν

2183 2433 2290 2488 ἀπὸ
2341 2431 2515 2488 τῶνδε
2568 2438 2676 2489 τῶν
2739 2437 3009 2508 σαρκικῶν
3072 2433 3614 2509 ἀποστρεφομένους.
3665 2430 3732 2486 ’Ἠ
3759 2426 3833 2482 ὅτι

2183 2523 2717 2598 ἀνεζωπυρίσθησαν.
2776 2523 2867 2578 καὶ
2919 2523 3188 2579 ἀνεκαίετο
3219 2520 3270 2576 ἐν
3324 2522 3508 2583 αὐτοῖς
3565 2520 3629 2576 τὸ
3681 2517 3832 2597 χάρι-

2181 2634 2313 2686 σμα,
2366 2610 2436 2667 δι’
2483 2612 2614 2688 ὅπερ
2672 2610 2905 2668 ἐλάλουν
2969 2613 3104 2686 μετὰ
3161 2610 3523 2688 παρῤῥησίας,
3561 2606 3838 2688 ἀφειδοῦν-

2175 2722 2263 2763 τες
2317 2706 2424 2758 τῶν
2481 2707 2807 2776 σωματικῶν
2868 2701 3146 2759 κινδύνων.
3207 2702 3322 2782 Ἀφ’
3379 2701 3442 2757 οὗ
3499 2701 3602 2756 καὶ
3650 2695 3834 2773 καρδία

2177 2790 2476 2867 καὶψυχὴ,
2531 2793 2700 2848 οἱονεὶ
2756 2794 2842 2848 καὶ
2901 2798 3020 2848 τοῖς
3075 2796 3286 2867 νοεροῖς
3341 2792 3642 2862 κινήμασι.
3672 2790 3834 2843 Τοῦτο

2177 2881 2281 2955 γάρ
2311 2885 2401 2934 νῦν
2433 2883 2468 2950 ἡ
2500 2878 2699 2956 καρδία
2749 2879 3030 2957 βούλεται,
3088 2882 3179 2935 ἅτε
3229 2879 3318 2935 καὶ
3381 2879 3584 2952 πρώτη
3613 2885 3714 2945 τῆς
3743 2878 3834 2932 τοῦ

2179 2970 2321 3039 ζώου
2381 2971 2726 3032 ὑποστάσεως
2813 2969 3145 3048 ὑφισταμένη
3226 2969 3319 3024 καὶ
3378 2973 3493 3030 τοῖς
3555 2970 3832 3039 ζωτικοῖς.

2175 3062 2360 3116 Ταῦτα
2420 3061 2524 3134 γὰρ
2588 3062 2956 3116 ὑπαινίττεται
3017 3057 3108 3114 διὰ
3162 3062 3263 3124 τῆς
3323 3055 3550 3131 καρδίας
3609 3055 3836 3123 καὶτῆς

2175 3150 2361 3224 ψυχῆς
2393 3151 2530 3220 πρὸς
2559 3145 2612 3204 ἓν
2644 3147 2933 3224 κατάλυμα
2984 3150 3084 3218 τήν
3134 3147 3313 3224 ὁρμὴν
3353 3145 3732 3219 ποιουμένων.
3763 3145 3834 3201 Τὸ

2175 3237 2252 3298 δὲ.
2310 3265 2336 3292 (ι
2378 3241 2505 3311 Ἢν,
2545 3265 2564 3290 ο
2625 3239 2688 3294 τὸ
2742 3238 2879 3314 πρός
2935 3238 3284 3314 εὐαρέστησιν
3341 3241 3618 3292 συντεῖνον
3679 3235 3833 3291 Θεοῦ.

2171 3333 2280 3384 Τοῦ
2328 3332 2521 3403 νοεροῦ
2567 3327 2666 3404 γὰρ
2717 3323 2973 3407 ἔλεγχος,
3015 3328 3079 3383 τὸ
3131 3323 3369 3404 ἀφειδεῖν
3401 3328 3506 3381 τῶν
3542 3321 3830 3380 κινδύνων.

2171 3423 2280 3475 Τοῦ
2316 3423 2549 3488 ζωτικοῦ
2581 3416 2637 3474 δὲ
2676 3420 2980 3495 γνώρισμα,
3012 3418 3074 3473 τὸ
3133 3417 3256 3490 περὶ
3311 3417 3378 3471 τά
3407 3415 3708 3489 σωματικά
3733 3413 3832 3481 τήν

2170 3503 2503 3584 διεξαγωγὴν
2561 3502 2980 3581 ἰξηκριϐῶσθαι,
3036 3506 3111 3568 ὡς
3171 3505 3335 3582 ὀλίγα
3397 3507 3491 3578 μὶν
3547 3507 3643 3561 καὶ
3706 3501 3830 3558 ὅσον

2169 3597 2400 3668 ἀποζῇν,
2449 3598 2817 3672 χορηγεῖσθαι
2866 3600 2946 3668 τῷ
2992 3592 3334 3668 κεκτημένῳ,
3366 3594 3428 3648 τὸ
3478 3599 3584 3648 πᾶν
3627 3590 3686 3648 δὲ
3714 3594 3832 3652 τοῖς

2168 3685 2290 3761 βίου
2349 3686 2664 3755 σπανίζουσι
2724 3690 3210 3763 καρποφορεῖσθαι.
3259 3686 3375 3740 “Et:
3431 3682 3556 3758 περὶ
3612 3685 3711 3738 τοῦ
3743 3700 3830 3734 σα-

2166 3773 2420 3844 λευθῆναι
2475 3776 2564 3830 τὸν
2618 3773 2811 3840 τόπον,
2869 3775 2960 3830 καὶ
3018 3777 3182 3829 τοῦτο
3234 3779 3424 3842 νοῆσαι
3480 3769 3582 3838 δεῖ,
3620 3771 3696 3834 ὡς
3729 3791 3834 3849 φο-

2165 3858 2276 3918 ϐῶν
2315 3864 2410 3936 μὲν
2461 3865 2590 3925 τοὺς
2645 3861 2908 3928 ἀπίστους
2960 3862 3051 3917 καὶ
3107 3860 3464 3922 ἀπειλοῦντας
3517 3860 3544 3914 6
3598 3861 3828 3934 σεισμὸς

2163 3953 2392 4027 ἐγένετο,
2427 3953 2503 4018 εἷς
2550 3955 2751 4028 Θάρσος
2783 3951 2842 4009 δξ
2889 3955 3035 4028 ἄγων
3066 3953 3193 4014 τοὺς
3225 3950 3592 4020 ἀποστόλους,
3626 3947 3823 4018 ἐπειδὴ

2160 4042 2309 4121 ἀρχή
2361 4043 2430 4112 ἦν
2481 4043 2567 4098 καὶ
2619 4042 2782 4118 χρεία
2815 4046 2925 4098 τῶν
2981 4039 3248 4097 τοιούτων
3299 4040 3542 4114 σημείων
3586 4040 3730 4118 πρὸς
3759 4038 3824 4094 τὸ

2164 4131 2362 4196 αὐτοὺς
2395 4134 2780 4210 στερεωθῆναι.

2228 4427 2256 4456 ‹‹
2282 4405 2388 4458 Τοῦ
2437 4399 2497 4458 δὲ
2542 4401 2792 4476 πλήθους
2841 4407 2950 4459 τῶν
2999 4403 3397 4460 πιστευσάνυων
3431 4401 3498 4474 ἦν
3543 4406 3579 4475 ἡ
3621 4399 3831 4479 καρδία

2153 4515 2182 4544 ιι
2210 4491 2298 4546 καὶ
2329 4494 2364 4562 ἡ
2399 4494 2554 4568 ψυχὴ
2593 4494 2708 4567 μία.
2771 4494 2874 4550 Καὶ
2931 4491 3061 4549 οὖδὶ
3118 4494 3199 4556 εἷς
3225 4514 3274 4549 τι
3307 4497 3417 4549 τῶν
3451 4494 3828 4570 ὑπαρχόντων

403 4608 430 4637 ι(
459 4602 591 4657 quae
621 4580 963 4656 p‘ossidebat
1010 4581 1238 4652 aliquid
1293 4596 1469 4635 suum
1502 4595 1631 4635 esse
1671 4579 1922 4650 dicebat,
1951 4581 2055 4636 sed

2184 4580 2365 4652 ιαύτῷ
2422 4579 2603 4657 ἔλεγεν
2659 4580 2800 4637 ἴδιον
2859 4582 3019 4653 εἶναι,
3075 4579 3204 4638 ἀλλ’
3261 4583 3329 4652 ἦν
3389 4581 3573 4644 αὐτοῖς
3607 4584 3832 4638 ἅπαντα

395 4698 423 4724 ‹‹
459 4681 630 4731 erant
659 4675 778 4729 illis
810 4674 1011 4729 omnia
1040 4671 1406 4729 communia.
1441 4693 1469 4720 ››

469 4764 700 4817 Mutuus
721 4779 889 4816 amor
909 4765 1064 4817 inter
1085 4779 1186 4817 eos
1209 4767 1337 4817 erat
1357 4760 1536 4815 etiam
1565 4776 1634 4814 ex
1665 4759 2047 4831 praeceptoris

391 4850 607 4907 Christi
642 4851 837 4920 jussu,
873 4867 1006 4904 cum
1039 4850 1306 4904 dixerat:
1341 4873 1367 4896 ‹‹
1404 4849 1516 4903 Per
1545 4848 1656 4902 hoc
1689 4854 2048 4919 cognoscent

391 4955 602 4996 omnes
634 4939 792 5011 quod
825 4939 939 4993 mei
974 4939 1101 4993 sitis
1135 4937 1434 5008 discipuli,
1460 4937 1507 4991 si
1537 4935 1916 4991 dilectionem
1951 4937 2047 4993 ha-

384 5029 639 5084 bueritis
672 5029 829 5083 inter
855 5044 955 5083 vos
979 5033 1246 5081 mutuam
1269 5026 1334 5081 ⁸⁵.
1359 5049 1386 5078 ››
1423 5026 1558 5081 Ideo
1583 5026 1758 5081 etiam
1794 5026 2045 5098 quisque

386 5119 722 5192 proximum
785 5123 1069 5189 reputans
1123 5124 1406 5186 tanquam
1440 5119 1723 5188 seipsum,
1771 5116 1924 5171 nihil
1957 5133 2049 5172 eo-

386 5225 519 5262 rum
553 5226 682 5280 quae
705 5207 1049 5278 possidebat
1067 5206 1180 5261 sibi
1211 5207 1322 5276 ipsi
1350 5207 1657 5277 praprium
1690 5206 2042 5262 vindicando

387 5299 684 5352 retinebat
724 5298 827 5352 sed
855 5299 911 5351 in
935 5312 1316 5352 communem
1340 5296 1654 5351 utilitatem
1689 5296 2042 5367 proferebat.

388 5385 554 5440 Unde
585 5389 760 5440 etiam
810 5387 1061 5459 gratiam
1124 5400 1400 5456 magnam
1457 5385 1540 5440 ait
1572 5386 1692 5440 illis
1735 5402 1804 5440 ex
1837 5391 2043 5442 mutua

385 5474 708 5530 dilectione
745 5476 1066 5532 accessisse
1094 5491 1107 5528 :
1144 5490 1216 5528 ex
1249 5488 1317 5528 eo
1371 5473 1530 5530 enim
1561 5474 1720 5545 quod
1750 5475 1904 5531 nihil
1934 5474 2046 5531 sibi

461 5678 511 5716 ⁸
535 5677 704 5736 Joan.
739 5691 859 5744 xm,
893 5679 982 5733 δε.

2161 4693 2191 4722 ι(
2218 4671 2394 4727 κοινά.
2429 4694 2456 4723 n

2227 4761 2302 4816 T6
2333 4758 2714 4838 φιλάλληλον,
2763 4763 2853 4818 καὶ
2897 4760 2950 4834 ἐξ
2998 4761 3200 4838 ἐγγύης
3239 4767 3449 4839 προσῆν
3499 4761 3690 4826 αὐτοῖς
3723 4766 3831 4818 τοῦ

2157 4845 2485 4906 διδασκάλου
2516 4851 2773 4924 Χριστοῦ,
2805 4848 2876 4905 δι’
2925 4851 2998 4905 ὧν
3045 4848 3243 4927 ἔλεγεψ
3278 4875 3306 4902 ‹‹
3340 4850 3427 4907 Ἐν
3456 4849 3639 4922 τούτῳ
3673 4851 3832 4924 γνώο

2157 4958 2340 4993 σονται
2392 4939 2590 5003 πάντες
2646 4941 2728 4994 ὅτι
2787 4938 2916 5012 ἐμοὶ
2979 4937 3218 5012 μαθηταί
3269 4939 3404 5009 ἐστε,
3457 4938 3544 4994 ἐὰν
3596 4938 3836 5013 ἀγάπην

2155 5021 2323 5102 ἔχητε
2369 5025 2420 5082 ἐν
2465 5025 2762 5098 ἀλλήλοις.
2799 5051 2827 5080 ››
2875 5029 3072 5103 Διόπερ
3116 5027 3207 5084 καὶ
3257 5026 3478 5089 ἕκαστος
3521 5027 3596 5089 ὡς
3626 5026 3831 5082 ἑαυτὸν

2155 5117 2473 5190 ἡγούμενος
2502 5117 2593 5171 τὸν
2629 5116 2888 5186 πλησίον,
2923 5115 3078 5173 οὐδὲν
3104 5122 3214 5173 τῶν
3253 5117 3611 5192 ὑπαρχόντων
3640 5117 3834 5189 ἑαυτῷ

2156 5201 2558 5276 ἐξιδιαζόμενος
2589 5211 2855 5281 κατεῖχεν,
2907 5204 3032 5261 ἀλλ’
3079 5207 3155 5268 εἷς
3204 5205 3596 5281 κοινοχρησίαν
3645 5225 3836 5279 προσ-

2155 5293 2337 5350 ετίθει.
2371 5295 2456 5367 Ἐξ
2500 5294 2562 5348 οὗ
2613 5296 2700 5349 καὶ
2754 5296 2916 5369 χάριν
2973 5295 3105 5374 φησὶ
3157 5295 3399 5369 μεγάλην
3433 5294 3616 5355 αὑτοῖς
3649 5292 3835 5349 ἐπελ-

2154 5384 2265 5438 θεῖν
2293 5384 2398 5438 ἀπὸ
2447 5392 2550 5453 τῆς
2599 5385 2980 5456 φιλαλληλίας
3052 5389 3146 5458 Τῷ
3189 5386 3290 5460 γὰρ
3325 5386 3402 5458 μή
3435 5382 3832 5455 ἐξιδιάζεσθαι,

2154 5471 2337 5536 οὐδεὶς
2393 5474 2460 5544 ἧν
2515 5472 2702 5546 ἐνδεὴς
2757 5474 2810 5532 ἐν
2865 5475 3070 5540 αὐτοῖς.
3126 5477 3298 5550 ’ὐπερ
3336 5477 3458 5546 τοῦ,
3491 5497 3519 5527 ‹‹
3553 5470 3834 5548 Ἀνοίγεις
