4098 6260
262 343 352 403 l05
1320 352 1724 418 COMMENT.
1772 355 1848 414 IN
1898 355 2097 417 ACTA
2142 354 2738 418 APOSTOLORUM.
3618 356 3733 418 106

245 472 294 568 ξδ’
318 475 408 547 τὴν
440 478 633 555 χεῖρά
671 504 811 556 σου,
847 487 963 543 καὶ
999 485 1294 563 ἰμπιπλᾷς
1324 491 1431 543 πᾶν
1459 491 1623 561 ζῶον,
1659 511 1686 538 ››
1739 485 1973 560 μίμησις

2121 489 2229 561 psis
2258 489 2856 561 vindicarent,nullus
2888 493 3045 549 inter
3073 510 3173 549 eos
3205 509 3383 568 egens
3412 488 3728 564 erat,quod

238 565 311 634 ἦν.
2086 579 2249 635 illius
2280 581 2536 636 Davidici
2587 583 2725 637 dicti
2783 582 3035 639 imitatio
3098 565 3264 639 erat;
3324 606 3352 634 ‹‹
3410 584 3621 655 Aperis
3671 588 3734 640 tu

2087 686 2331 725 manum
2364 678 2551 737 tuam,
2586 680 2645 728 et
2676 674 2892 745 imples
2924 691 3099 729 omne
3131 675 3358 730 animal
3389 674 3454 729 ⁵⁸.
3488 698 3516 725 ››

2159 781 2187 807 ‹‹
2219 761 2311 827 IV,
2345 763 2432 827 33,
2468 764 2553 815 34.
2590 765 2659 817 Et
2690 780 2904 832 magna
2936 764 3149 819 virtute
3207 764 3537 820 reddebant
3591 780 3734 835 apo-

2087 869 2114 898 «
2149 849 2285 902 stoli
2320 851 2727 906 testimonium
2784 853 3238 908 resurrectionis
3297 853 3531 908 Domini
3574 854 3730 919 Jesu,

2086 957 2116 986 ‹‹
2148 938 2452 1009 gratiaque
2477 956 2689 1010 magna
2722 947 2849 995 erat
2897 957 3077 1012 super
3109 942 3269 1012 ipsos
3304 958 3317 995 τ
3348 958 3542 1012 neque
3572 942 3734 996 enim

2085 1045 2116 1075 «
2151 1025 2443 1097 quispiam
2477 1044 2656 1101 egens
2693 1036 2823 1085 erat
2851 1030 3009 1084 inter
3057 1031 3213 1085 illos.
3273 1032 3415 1086 Nam
3448 1034 3740 1102 quotquot

2091 1132 2118 1165 ι
2149 1131 2521 1184 possessores
2552 1118 2916 1189 praediorum
2951 1124 3055 1173 aut
3113 1119 3328 1174 aedium
3362 1125 3533 1175 erant
3584 1120 3741 1173 inter

2088 1222 2114 1255 α
2159 1219 2279 1271 eos,
2327 1205 2647 1263 vendentes
2706 1207 3037 1263 aﬂ‘erebant
3092 1209 3283 1280 pretia
3343 1225 3546 1265 eorum
3606 1224 3738 1280 qua

302 772 321 799 I
362 750 476 806 Καὶ
514 753 771 831 μεγάλῃ
804 753 1075 831 δυνάμει
1127 755 1409 814 ἀπεδίδουν
1462 758 1525 813 τὸ
1571 756 1863 832 μαρτύριον
1924 755 1976 810 οἱ

247 836 655 898 «ἀπόστολοι
721 851 843 915 τῆς
914 847 1270 909 ἀναστάσεως
1327 852 1421 902 τοῦ
1498 847 1701 921 Κυρίου
1772 848 1973 917 Ἰησοῦ,

259 954 283 980 ι(
308 930 469 1004 χάρις
500 951 567 985 τε
605 931 859 1008 μεγάλη
898 936 977 1004 ἦν
1022 935 1118 990 ἐπὶ
1175 936 1377 998 πάντας
1427 935 1645 997 αὐτούς.
1680 931 1820 992 Οὐδὲ
1873 934 1975 1010 γὰρ

278 1019 501 1094 ιὶνδεής
530 1044 621 1086 τις
660 1024 953 1105 ὑπῆρχεν
988 1025 1043 1080 ἐν
1089 1026 1291 1088 αὐτοῖς.
1350 1029 1506 1084 ’Όσοι
1554 1026 1656 1102 γὰρ
1712 1027 1976 1098 κτήτορες

290 1141 313 1170 ιι
338 1116 557 1193 χωρίων
586 1116 629 1185 ἢ
672 1116 891 1172 οἰκιῶν
928 1119 1219 1197 ὑπῆρχον,
1269 1116 1580 1179 πωλοῦντες
1639 1111 1827 1196 ἔφερον
1880 1115 1975 1176 τὰς

301 1234 327 1262 ιι
350 1207 511 1283 τιμὰς
544 1210 656 1262 τῶν
691 1207 1203 1283 πιπρασκομένων.
1239 1231 1261 1258 ι

377 1390 480 1459 Τὸ,
536 1385 861 1455 ἀπεδίδουν,
958 1387 1205 1461 καθάπερ
1290 1386 1729 1463 ἐγχειρισθέντας
1785 1382 1980 1448 αὐτούς

317 1502 389 1552 τι,
423 1477 680 1547 δείκνυσι,
710 1476 802 1532 καὶ
836 1477 916 1538 ὡς
946 1475 1075 1550 περὶ
1108 1472 1432 1554 ὀφλήματος
1471 1473 1617 1549 λέγει
1672 1472 1828 1528 αὐτό.
1884 1472 1981 1526 Διᾶ

321 1571 425 1647 γὰρ
456 1573 567 1624 τῶν
597 1569 977 1641 θεοσημειῶν,
1012 1563 1156 1629 θείαν
1185 1562 1412 1635 δύναμιν
1441 1561 1711 1618 ἐδείκνυον
1736 1558 1859 1616 ὄντα
1887 1561 1979 1615 τὸν

320 1660 378 1715 ἐκ
408 1663 613 1733 νεκρῶν
646 1657 973 1711 ἀναστάντα.

389 1774 418 1801 ς(
452 1748 558 1803 Καὶ
608 1747 821 1803 ἐτίθουν
857 1746 1003 1819 παρὰ
1060 1742 1190 1806 τοὺς
1237 1741 1407 1806 πόδας
1465 1747 1573 1798 τῶν
1632 1740 1982 1804 ἀποστόλων.

2090 1314 2118 1342 ‹‹
2148 1293 2577 1351 vendebantur.
2611 1318 2639 1347 »

2161 1383 2369 1452 Dictio,
2402 1384 2750 1454 reddebant,
2796 1390 3080 1458 tanquam
3139 1388 3365 1459 aliquid
3422 1388 3600 1443 fuerit
3654 1388 3738 1444 eis

2090 1472 2496 1528 concreditum
2528 1474 2912 1547 signiﬁcat,et
2930 1476 3042 1531 hoc
3056 1477 3234 1531 veluti
3258 1476 3329 1532 de
3361 1476 3560 1533 debito
3574 1478 3738 1533 dicit.

2090 1563 2233 1617 Nam
2268 1579 2372 1634 per
2416 1562 2613 1619 divina
2668 1564 2836 1637 signa
2892 1566 3152 1621 divinam
3210 1567 3607 1622 ostendebant
3636 1583 3745 1638 po-

2092 1652 2340 1706 tentiam
2372 1653 2501 1724 ejus
2527 1653 2626 1723 qui
2660 1669 2693 1707 a
2724 1654 2975 1709 mortuis
3007 1656 3383 1710 surrexisset.

2166 1762 2193 1789 ‹‹
2227 1742 2320 1806 IV,
2356 1743 2441 1794 35.
2488 1742 2557 1795 Et
2605 1743 2911 1813 ponebant
2969 1743 3044 1798 ad
3100 1744 3281 1815 pedes
3314 1744 3746 1816 apostolorum.

324 1862 351 1893 α
383 1833 673 1892 Διεδίδοτο
731 1832 790 1890 δὲ
844 1831 1060 1907 ’ἑκάστῳ
1115 1834 1304 1898 καθότι
1363 1831 1422 1887 ἄν
1504 1852 1586 1893 τις
1668 1829 1855 1906 χρείαν
1904 1832 1983 1883 εἴ·

2121 1851 2123 1877 :
2179 1830 2653 1886 Distribuebatur
2700 1838 2901 1887 autem
2961 1834 3214 1905 singulis
3271 1840 3446 1906 prout
3527 1836 3745 1906 cuique

322 1954 350 1981 α
387 1948 502 1984 Ἰεν.
542 1952 573 1979 ὶ)

389 1948 401 1957 '
430 1949 502 1984 εν.
542 1952 573 1979 η

389 1946 476 2074 ἑὸ
510 2014 665 2090 παρᾶ
692 2012 822 2075 τοὺς
870 2009 1040 2073 πόδας
1099 2013 1193 2074 τὰς
1248 2010 1415 2085 τιμὰς
1470 2011 1674 2065 τιθέναι
1703 2013 1810 2063 τῶν
1843 2007 1983 2063 ἀπο-

328 2105 571 2176 στόλων,
605 2103 753 2160 ἀλλᾶ
788 2104 864 2177 μὴ
896 2103 1033 2178 πρὸς
1056 2100 1149 2164 τὰς
1182 2105 1394 2179 χεῖρας,
1435 2100 1533 2168 τήν
1562 2098 1782 2168 πολλὴν
1813 2099 1982 2171 τιμὴν

324 2197 423 2253 καὶ
449 2190 734 2251 εὒλάϐειαν
765 2198 875 2248 τῶν
936 2192 1322 2267 προσαγόντων
1375 2188 1563 2261 δηλοῖ.
1619 2191 1738 2247 Ὀτι
1772 2186 1828 2243 δὲ
1885 2188 1986 2242 οὐκ

335 2286 418 2350 εἷς
447 2285 543 2346 τὰς
576 2290 760 2359 χεῖρας
811 2282 1065 2354 ἐτόλμων
1122 2277 1323 2349 δοῦναι,
1383 2278 1579 2341 αὐτοὺς
1644 2277 1865 2353 κυρίους
1919 2277 1983 2346 ἦν

335 2378 520 2427 ποιεῖν
573 2372 660 2427 καὶ
716 2370 1065 2443 οἰκονόμους,
1122 2367 1197 2431 ὡς
1243 2366 1303 2422 ἐκ
1351 2371 1546 2423 κοινῶν
1602 2365 1987 2426 ἀναλίσκοντας

326 2461 598 2537 ταμείων,
631 2460 828 2533 καὶμὴ
872 2459 947 2520 ὡς
1005 2458 1054 2527 ἐξ
1118 2456 1270 2512 ίδίων
1333 2456 1422 2512 διὰ
1479 2460 1701 2533 χειρῶν.
1754 2456 1875 2512 Ἔτι
1926 2455 1988 2509 τὸ

318 2554 469 2629 πρὸς
498 2553 631 2611 τοὺς
662 2546 856 2619 πόδας,
914 2547 1007 2602 καὶ
1064 2541 1224 2608 σέϐας
1282 2545 1474 2609 αὐτοῖς
1534 2545 1861 2620 περιεποίει,
1924 2563 1994 2599 κα

321 2640 574 2705 ὀνείδους
604 2640 807 2717 ἀφῄρει
837 2640 936 2707 τήν
966 2633 1169 2692 ἔνδειαν
1200 2642 1307 2692 τῶν
1338 2633 1705 2713 τρεφομένων.
1743 2632 1989 2693 Ἐδίδουν

312 2731 397 2801 δὲ,
435 2733 514 2794 ὡς
548 2729 611 2787 ἐκ
640 2733 846 2786 κοινῶν
869 2727 1111 2802 ταμείων
1141 2722 1595 2802 χορηγουμένων.

392 2936 422 2963 α
454 2912 657 2977 Ἰωπῆς
694 2904 753 2961 δὶ
813 2907 841 2959 ὁ
894 2901 1215 2974 ἐπικληθεὶς
1256 2897 1540 2978 Βαρνάϐας
1575 2902 1676 2958 ὑπὸ
1709 2906 1816 2956 τῶν
1851 2900 1991 2957 ἁπο-

308 3026 339 3052 α
376 2996 631 3065 στόλων,
658 2998 690 3051 ὅ
721 2995 887 3063 ἐστιν,
922 2994 1037 3054 υίὸς
1099 2991 1520 3069 παρακλήσεως,
1581 2989 1830 3061 Λευίτης,
1892 2989 1994 3047 Κό-

316 3118 337 3139 .
378 3109 553 3164 πριος
583 3091 668 3159 τῷ
709 3080 869 3160 γένει,
932 3083 1276 3157 ὑπάρχοντος
1332 3081 1501 3135 αὐτοῦ
1550 3081 1737 3156 ἀγροῦ,
1795 3076 1995 3149 πωλή-

320 3204 345 3229 ι
380 3197 483 3235 σας
513 3174 713 3248 ἤνεγκε
739 3173 801 3228 τὸ
840 3175 1058 3246 χρῆμα,
1092 3170 1185 3224 καὶ
1214 3167 1376 3240 ἔθηκε
1430 3168 1578 3244 παρὰ
1635 3167 1765 3231 τοὺς
1822 3164 1994 3227 πόδας

326 3289 362 3319 (ι
392 3270 510 3319 τῶν
542 3263 885 3319 ἀποστόλων.
922 3284 950 3311 ι)

418 3358 651 3425 Πρῶτον
682 3354 944 3424 μέμνηται
1001 3354 1104 3404 τοῦ
1160 3350 1616 3423 κατωρθωκότος,
1677 3348 1843 3424 ἣγουν
1901 3349 1997 3401 τοῦ

338 3446 536 3512 Ἰωσῆ,
571 3442 646 3503 εἷς
697 3436 917 3517 ἔλεγχον
985 3440 1207 3512 μείζονα
1264 3437 1531 3506 Ἀνανίου,
1587 3436 1671 3491 ὅτι
1727 3435 1999 3491 τοσούτων

333 3530 521 3588 ὄντων
551 3536 657 3586 τῶν
687 3535 858 3587 ταῦτα
886 3537 1212 3594 ποιούντων,
1261 3526 1350 3581 καὶ
1398 3525 1672 3582 τοσούτων
1729 3526 1997 3599 σημείων,

326 3622 425 3677 καὶ
456 3621 734 3690 τοσαύτης
759 3620 1019 3695 χάριτος,
1053 3617 1141 3672 ὑπ’
1174 3613 1394 3677 οὐδενὸς
1442 3616 1650 3671 τούτων
1683 3612 1996 3684 ἐπαιδεύθη.

334 3716 429 3783 Τῷ
460 3709 711 3782 δὲίωσῇ
768 3710 873 3765 ἀπὸ
903 3714 1014 3764 τῶν
1076 3703 1431 3762 Ἀποστόλων
1490 3707 1525 3773 ἡ
1585 3703 1784 3773 κλῆσις
1837 3702 2000 3777 ἐπρυ-

326 3801 596 3868 τανεῦθη,
635 3798 938 3871 μαρτύριον
994 3794 1190 3868 ἀρετῆς
1247 3791 1717 3869 φιλοικτίρμονος.
1774 3792 2003 3859 Λευῒτης

332 3888 393 3944 δε
424 3888 528 3954 ὢν,
568 3887 819 3961 Κύπριος
854 3882 1249 3962 ἐχρημάτιζεν,
1278 3878 1364 3936 ὅτι
1393 3881 1420 3935 ὁ
1450 3880 1619 3952 νόμος
1651 3876 1756 3949 ἤδη
1790 3878 2000 3949 ἐλύετο,

330 3979 424 4032 καέ
468 3976 760 4051 μετῴκουν
792 3973 843 4043 ἐξ
881 3970 1145 4032 Ἰουδαίας
1177 3971 1314 4025 ὅπου
1370 3969 1430 4023 ἂν
1484 3990 1565 4030 τις
1616 3968 1902 4042 βοΰΙοιτο.
1933 3968 2004 4022 Τὸ

332 4067 395 4123 δὲ
432 4060 723 4142 βαρνάϐας
849 4060 1113 4123 Ἰουδαίας
1161 4058 1416 4133 γλώσσης
1474 4058 1547 4118 εἰς
1601 4054 1839 4113 Ἑλλάδα
1890 4057 2007 4112 ἀνα.

335 4156 755 4227 πτυσσόμενον,
835 4152 952 4207 υἱὸν
1038 4146 1434 4224 παρακλήσεως
1508 4151 1762 4221 παριστᾷ,
1847 4146 2009 4201 οἱονεὶ

332 4242 703 4319 παραμυθίας
751 4240 845 4297 καὶ
880 4238 1196 4313 οἰκτιρμοῦ.
1265 4236 1690 4311 ΙΙροπαρασκευή
1750 4232 1807 4289 δὲ
1850 4238 2011 4290 τοῦτο

334 4338 438 4390 τοῦ
470 4332 616 4388 κατὰ
640 4333 653 4352 ’
674 4330 885 4386 λνανίαν
912 4328 1001 4382 καὶ
1026 4329 1332 4401 Σαπφειραν
1362 4323 1612 4399 ὀλεθρίου
1645 4322 2015 4399 διηγήματος,

337 4426 603 4496 May-rica:
632 4423 736 4495 γὰρ
762 4419 856 4474 καὶ
890 4418 1058 4479 οὗτος
1090 4420 1186 4472 τοῦ
1212 4419 1397 4486 Ἰωσῆ,
1431 4415 1519 4468 τὸν
1550 4412 1709 4488 ἀργὸν
1739 4411 2016 4486 ἀποδόμε-

342 4535 458 4579 νος,
509 4514 589 4585 μή
626 4507 1003 4577 καταλλήλως
1075 4504 1427 4581 χρησάμενος
1478 4507 1545 4576 τῇ
1603 4501 1752 4577 ἀρχῇ
1799 4502 1887 4557 καί
1942 4508 2021 4575 τῷ

344 4600 526 4670 τὲλει,
566 4598 761 4655 ἔλαθεν
800 4598 974 4666 ἑαυτῷ
1006 4592 1233 4669 ὄλεθρον
1266 4589 1599 4668 διαθέμενος.

428 4898 457 4925 «ι
490 4874 669 4944 Ἀνήρ
703 4864 761 4923 δὲ
789 4887 874 4928 τις
912 4864 1163 4924 Ἀνανίας
1196 4861 1428 4931 ὀνόματι
1483 4859 1574 4915 σὺν
1606 4861 1889 4939 Σαπφείρῃ
1946 4864 2016 4935 τῇ

360 4988 387 5014 υ
422 4959 641 5035 γυναικὶ
705 4956 871 5011 αὐτοῦ
955 4953 1211 5022 ἐπώλησε
1282 4958 1487 5024 κτῆμα,
1556 4950 1647 5006 καὶ
1703 4948 2018 5022 ἐνοσφίσατο

369 5076 396 5102 ιι
420 5049 528 5105 ἀπὸ
560 5054 663 5115 τῆς
691 5046 880 5119 τιμῆς,
912 5040 1213 5103 συνειδυίας
1250 5040 1340 5095 καὶ
1397 5048 1496 5109 τῆς
1550 5043 1799 5116 γυναικὸς
1831 5038 2017 5109 αὐτοῦ,

362 5166 388 5193 α
421 5141 512 5195 καὶ
548 5132 775 5213 ἐνέγκας
806 5133 969 5209 μέρος
1003 5153 1054 5187 τι
1087 5133 1231 5207 παρὰ
1259 5128 1387 5192 τοὺς
1418 5127 1588 5192 πόδας
1647 5134 1753 5185 τῶν
1784 5128 2021 5183 ἀποστό-

365 5261 384 5285 ι
422 5235 543 5288 λων
575 5229 789 5300 ἔθηκεν.
828 5250 850 5279 ι

429 5318 760 5380 Ὀλοτελῶς
792 5316 895 5391 γὰρ
927 5312 1228 5380 Σατανικῆς
1290 5313 1483 5387 μανίας
1539 5312 1750 5385 μεστὸς,
1806 5312 1834 5365 ὁ
1894 5310 2025 5376 αὐθ-

358 5417 637 5490 ορμήτως
699 5407 790 5462 καὶ
817 5406 917 5461 οὐκ
945 5404 998 5478 ἐξ
1031 5402 1272 5479 ἀνάγκης
1328 5400 1417 5456 καὶ
1481 5400 1598 5475 βίας
1654 5398 1916 5490 ελόμενος
1964 5403 2026 5456 τὸ

362 5489 650 5581 χρηστὸν,
682 5496 795 5572 ἅμα
826 5494 885 5552 δὲ
1014 5495 1163 5568 ἀρχῇ
1222 5492 1320 5561 τὴν
1367 5491 1491 5565 περὶ
1522 5489 1583 5544 τὸ
1639 5489 1836 5565 ἀγαθὸν
1890 5490 2028 5560 ζέσιν

431 5655 483 5693 ⁸⁸
512 5651 682 5713 Psal.
717 5663 986 5718 unum,
1010 5645 1098 5703 16.

699 5783 934 5842 Pyram
959 5823 971 5835 .
1020 5775 1132 5835 GR.
1180 5770 1433 5835 CXVIII.

2097 1941 2124 1969 «
2159 1936 2305 1990 opus
2339 1927 2481 1975 erat.
2516 1942 2545 1971 »

2166 2009 2253 2063 Ad
2283 2010 2464 2081 pedes
2496 2010 2898 2081 apostolorum
2934 2013 3123 2083 pretia
3154 2029 3373 2084 ponere
3434 2019 3492 2069 et
3520 2030 3640 2069 non
3671 2012 3747 2068 ad

2096 2114 2329 2168 manus,
2358 2115 2640 2171 magnum
2673 2100 2899 2156 indicat
2919 2101 3207 2157 honorem
3254 2119 3321 2158 ac
3356 2103 3749 2158 reverentiam

2098 2204 2303 2244 eorum
2336 2189 2434 2259 qui
2462 2190 2792 2246 alTerebant
2819 2192 2982 2256 Quod
3009 2198 3203 2248 autem
3222 2194 3282 2248 in
3313 2194 3596 2248 manibus
3612 2193 3752 2247 dare

2096 2295 2217 2333 non
2248 2278 2569 2347 audebant,
2599 2286 2727 2335 erat
2783 2281 2919 2336 illos
2978 2284 3339 2337 constituere
3379 2284 3658 2338 dominos
3685 2298 3753 2345 ac

2098 2369 2561 2440 dispensatores,
2596 2377 2743 2425 utex
2762 2372 3040 2427 omnibus
3077 2375 3502 2445 promptuariis
3536 2389 3744 2429 consu-

2098 2463 2415 2527 merent,et
2440 2476 2560 2513 non
2583 2461 2682 2516 42
2706 2477 2809 2531 per
2837 2477 3049 2516 manus
3079 2462 3150 2517 de
3172 2463 3755 2533 propriis.Praeterea

2101 2548 2258 2618 quod
2289 2548 2506 2603 dicitur
2531 2570 2558 2598 ‹‹
2593 2549 2667 2604 ad
2699 2549 2936 2621 pedes,»
2974 2555 3033 2605 et
3051 2551 3491 2605 venerationem
3516 2552 3637 2605 illis
3656 2549 3751 2605 ad-

2103 2636 2366 2706 debat,et
2394 2636 2786 2706 indigentiam
2820 2654 3023 2694 eorum
3066 2640 3166 2710 qui
3201 2639 3507 2695 alerentur
3535 2637 3751 2711 probro

2101 2725 2893 2782 liberabat.Distribuebatur
2912 2733 3110 2783 autem
3135 2735 3419 2800 tanquam
3435 2745 3464 2784 e
3482 2742 3750 2784 commu-

2100 2815 2278 2870 nibus
2309 2820 2366 2870 et
2395 2815 2842 2871 abundantibus
2876 2818 3320 2889 promptuariis.

2176 2906 2329 2969 «IV,
2361 2907 2452 2970 36,
2493 2905 2581 2960 37.
2640 2906 2803 2961 Joses
2858 2912 3078 2974 autem,
3140 2908 3241 2980 qui
3296 2909 3745 2981 cognominatus

2103 3017 2130 3044 «
2167 2999 2255 3048 est
2282 2993 2583 3049 Barnabas
2614 2994 2684 3049 ab
2719 2996 3025 3066 apostolis,
3061 2997 3219 3067 quod
3251 3002 3360 3064 est,
3413 2998 3574 3052 ﬁlius
3606 3014 3746 3052 con-

2105 3105 2132 3133 «
2167 3083 2495 3151 solationis,
2533 3083 2775 3149 Levites,
2810 3084 3054 3155 Cyprius
3084 3102 3321 3157 genere,
3371 3103 3506 3140 cum
3566 3085 3748 3139 habe-

2109 3196 2135 3224 ‹‹
2170 3177 2261 3228 ret
2290 3189 2515 3244 agrum,
2546 3172 2813 3227 vendidit
2843 3180 3074 3242 eum,et
3103 3175 3303 3230 attulit
3330 3175 3608 3246 pretium,
3642 3190 3751 3245 po-

2054 3266 2069 3290 ¹
2109 3284 2136 3312 ‹‹
2171 3261 2407 3331 suitque
2437 3260 2509 3315 ad
2540 3260 2720 3331 pedes
2752 3261 3175 3332 apostolorum.
3209 3283 3236 3316 ιι

2178 3350 2443 3405 Primum
2469 3350 2598 3422 ejus
2630 3351 2907 3406 meminit
2956 3353 3057 3423 qui
3113 3354 3467 3425 praaclarum
3515 3354 3751 3412 facinus

2108 3446 2385 3514 operatus
2417 3445 2525 3509 est,
2557 3457 2770 3513 nempe
2805 3442 2991 3513 ipsius
3020 3444 3254 3509 Jose,ad
3278 3446 3567 3518 majorem
3600 3448 3761 3501 Ana-

2109 3531 2223 3586 niae
2254 3530 2716 3586 confutationem
2739 3548 2751 3585 :
2777 3532 2955 3603 quod,
2989 3551 3124 3588 cum
3148 3536 3296 3590 tanti
3331 3541 3532 3591 essent
3553 3535 3653 3607 qui
3675 3540 3760 3589 ta-

2109 3619 2191 3675 lia
2220 3624 2462 3691 agerent
2494 3625 2551 3674 et
2580 3624 2741 3674 tanta
2780 3620 2966 3691 signa,
3002 3626 3284 3694 tantaque
3335 3625 3543 3695 gratia,
3595 3623 3761 3678 nullo

2111 3708 2323 3763 horum
2357 3714 2660 3763 correctus
2718 3708 2809 3763 sit.
2863 3710 2997 3781 Ipsa
3050 3717 3246 3766 autem
3273 3714 3406 3767 Jose
3438 3711 3759 3783 appellatio

2113 3797 2184 3853 ab
2217 3797 2500 3867 apostolis
2534 3797 2774 3852 inducta
2807 3804 2895 3852 est
2944 3798 3004 3852 in
3059 3802 3465 3855 testimonium
3524 3799 3761 3853 virtutis

2114 3887 2296 3941 animi
2332 3903 2467 3958 erga
2488 3903 2779 3957 pauperes
2813 3888 3113 3959 pr0pensi.
3147 3889 3290 3943 Cum
3323 3896 3517 3944 autem
3551 3889 3761 3943 lev1tes

2116 3982 2293 4041 esset,
2326 3975 2572 4046 Cyprius
2603 3976 2929 4039 dicebatur,
2964 3979 3121 4048 quod
3154 3979 3246 4034 lex
3282 3982 3411 4051 jam
3442 3980 3635 4035 soluta
3667 3997 3763 4035 es-

2119 4068 2293 4128 set,et
2322 4080 2356 4117 a
2386 4062 2585 4117 Judaaa
2616 4066 3120 4136 transmigrabant
3149 4084 3264 4137 quo
3293 4068 3543 4139 quisque
3566 4068 3767 4123 vellet.

2120 4152 2307 4207 Dictio
2340 4157 2537 4206 autem
2570 4153 2867 4208 Barnabas
2900 4155 2971 4209 ab
3008 4155 3293 4211 Hebraica
3316 4157 3517 4229 lingua
3538 4159 3599 4211 in
3652 4159 3768 4211 La-

2123 4242 2307 4296 tinam
2327 4241 2593 4295 traducta
2616 4242 2804 4295 filium
2822 4241 3771 4316 designatconsolationis,nempe

2125 4330 2360 4404 pietatis
2392 4347 2527 4403 erga
2557 4348 2867 4402 pauperes.
2902 4334 3020 4387 Hoc
3052 4339 3250 4388 autem
3296 4340 3576 4405 tanquam
3610 4351 3770 4405 prin-

2126 4421 2357 4476 ludium
2390 4426 2479 4474 est
2508 4419 2582 4475 ad
2613 4421 3017 4477 narrationem
3063 4423 3415 4493 perditionis
3444 4424 3686 4479 Anauiaa
3718 4429 3777 4479 et

2132 4510 2451 4582 Sapphiras.
2490 4512 2632 4565 Nam
2667 4516 2725 4565 et
2756 4511 2851 4567 hic
2877 4512 3064 4584 ipsius
3096 4514 3225 4568 Jose
3258 4513 3585 4568 imitatione
3636 4529 3773 4586 agro

2053 4600 2097 4664 D
2130 4600 2448 4668 divendita,
2483 4618 2602 4656 non
2631 4603 3005 4676 convenienti
3048 4603 3222 4658 modo
3281 4620 3424 4658 usus
3480 4603 3774 4675 principio

2122 4694 2181 4745 et
2210 4689 2348 4756 ﬁne,
2381 4689 2672 4761 ignoravit
2702 4690 2861 4760 quod
2894 4691 3007 4746 sibi
3056 4691 3168 4762 ipsi
3201 4692 3600 4762 perditionem
3635 4709 3777 4749 con-

2126 4779 2375 4835 ciliaret.

2200 4891 2227 4918 ‹‹
2260 4870 2320 4935 V,
2358 4872 2405 4931 1,
2431 4872 2483 4922 2.
2515 4869 2821 4923 Virautem
2838 4869 3081 4939 quidam
3097 4871 3356 4926 Ananias
3381 4873 3624 4928 nomine
3643 4888 3779 4927 cum

2130 4981 2155 5008 ιι
2191 4957 2479 5029 Sapphira
2509 4974 2689 5012 uxore
2743 4975 2848 5012 sua
2906 4959 3172 5014 vendidit
3225 4962 3665 5032 possessionem
3725 4966 3785 5015 et

2131 5070 2159 5096 ‹‹
2192 5046 2484 5100 fraudavit
2514 5045 2586 5100 de
2617 5047 2832 5117 pretio,
2868 5049 3105 5104 conscia
3141 5051 3315 5105 etiam
3353 5068 3533 5105 uxore
3578 5067 3703 5115 sua,
3729 5054 3789 5103 et

2133 5159 2161 5186 «
2190 5136 2428 5190 allatam
2452 5141 2681 5206 partem
2719 5137 3041 5207 quamdam
3075 5141 3271 5211 posuit
3310 5139 3382 5195 ad
3415 5139 3597 5211 pedes
3641 5155 3787 5209 apo-

2135 5248 2162 5274 «
2193 5225 2499 5279 stolorum.
2543 5248 2569 5275 »

2206 5314 2459 5368 Omnino
2492 5314 2652 5369 enim
2686 5315 2959 5372 Satanica
2988 5318 3223 5372 insania
3250 5317 3473 5388 plenus
3507 5321 3651 5380 erat,
3690 5333 3769 5389 qu

2137 5420 2273 5458 cum
2306 5403 2542 5475 proprio
2569 5404 2859 5460 instinctu
2891 5412 2948 5461 et
2978 5423 3096 5461 non
3129 5424 3199 5460 ex
3252 5407 3628 5476 necessitate,
3692 5410 3796 5462 aut

2138 5493 2192 5547 vi
2223 5492 2425 5562 aliqua
2464 5494 2621 5564 quod
2652 5494 2876 5551 bonum
2893 5500 2981 5551 est
3009 5495 3494 5568 elegisset,simul
3517 5499 3798 5552 tamenut
