4098 6260
422 301 537 361 107

1533 296 1941 365 (ῈΟΗΜΕΝΙΙ
1986 292 2294 362 TBICCE
2341 296 2690 360 EPISCOPI

3711 291 3827 354 108

418 433 660 504 incepit,
686 434 747 488 in
767 433 992 489 fervore
1023 434 1165 490 boni
1199 434 1458 506 tepidior
1487 435 1674 491 factus
1701 442 1810 504 est,
1843 441 1902 490 et
1931 450 2053 490 cen:

2172 429 2602 506 κατεψυγμένος,
2635 429 2724 483 καὶ
2752 429 2816 484 τὸ
2843 432 2958 503 χρῆ
2971 447 3047 501 μα
3077 425 3207 482 ὅλον
3255 423 3564 486 ἀναλώσας.
3597 425 3740 501 Τρία
3770 421 3828 478 δὲ

415 539 548 582 sum
580 540 816 578 omnem
848 525 1128 596 perdidit.
1162 525 1295 579 Tria
1324 530 1520 580 autem
1573 530 1712 579 tunc
1739 525 1899 580 edita
1929 529 2068 579 sunt

417 613 574 667 circa
605 612 879 668 eumdem
913 615 1079 686 signa
1114 631 1126 667 :
1156 614 1412 686 cognitio
1446 613 1837 682 occultorum,
1871 619 2066 670 exter-

416 702 661 756 refactio
688 719 843 757 curaa
874 704 1114 765 mentis.
1151 708 1209 757 et
1239 708 1532 774 praeterea
1579 703 1858 758 interitus
1892 703 2066 776 jussa

419 790 789 847 subsecutus.

495 901 521 931 α
553 883 616 947 V,
643 883 673 934 3
705 885 757 936 6.
787 882 944 936 Dixit
1000 888 1198 938 autem
1248 885 1455 938 Petrus
1487 901 1498 936 :
1532 883 1782 951 Anania,
1816 899 1923 938 cur
1951 883 2064 938 im-

417 992 446 1020 (ι
483 969 663 1041 plevit
693 970 939 1025 Satanas
971 987 1072 1026 cor
1102 979 1290 1039 tuum,
1324 978 1388 1026 ut
1418 973 1758 1028 mentireris
1817 972 2059 1043 Spiritui

417 1080 444 1106 «
476 1064 679 1113 sancto
713 1064 772 1113 et
801 1059 1108 1115 fraudares
1141 1060 1211 1114 de
1251 1062 1440 1132 pretio
1472 1062 1594 1133 agri
1624 1061 1651 1116 ‘2
1679 1063 1884 1116 Nonne
1937 1077 2064 1116 ma—

417 1168 446 1196 «
479 1164 629 1202 nens
656 1154 798 1214 (non
833 1148 1126 1216 venditus)
1159 1150 1264 1203 tibi
1301 1152 1606 1214 mansit,et
1634 1149 1971 1205 divenditus
1999 1151 2061 1206 in

418 1258 446 1286 «
474 1243 571 1291 tua
597 1244 722 1292 erat
752 1243 1043 1308 potestate
1065 1238 1092 1292 ‘P
1121 1239 1312 1302 Quare
1347 1240 1600 1310 posuisti
1633 1241 1694 1294 in
1726 1239 1903 1294 corde
1960 1245 2059 1294 tuo

419 1348 440 1374 ιι
478 1341 605 1380 rem
627 1326 800 1380 istam
829 1325 856 1380 ?
885 1328 1009 1380 Non
1043 1343 1104 1380 es
1134 1328 1420 1381 mentitus
1452 1326 1922 1394 hominibus,43
1957 1327 2059 1382 sed

420 1436 442 1466 α
477 1417 615 1470 Deo.
650 1415 912 1470 Audiens
942 1422 1140 1471 autem
1167 1417 1428 1472 Ananias
1458 1417 1568 1472 hos
1599 1433 1906 1472 sermones
1937 1416 2059 1472 col-

415 1529 444 1556 «
472 1505 674 1577 lapsus
697 1507 1029 1577 exspiravit.
1062 1509 1132 1561 Et
1189 1508 1381 1563 factus
1438 1513 1528 1563 est
1581 1509 1758 1563 timor
1810 1523 2059 1580 magnus

419 1617 440 1643 ι
481 1611 660 1665 super
693 1611 900 1650 omnes
927 1595 1027 1664 qui
1061 1595 1186 1649 haec
1218 1595 1556 1651 audiebant.
1609 1595 1925 1667 Surgentes
1956 1612 2057 1649 au-

391 1705 442 1745 ,α
472 1690 592 1739 tem
617 1685 868 1756 juvenes
900 1691 1248 1740 amaverunt
1277 1702 1411 1740 eum
1447 1690 1505 1739 et
1553 1686 1773 1741 elatum
1807 1684 2056 1757 sepelie-

416 1794 442 1823 «
477 1779 634 1828 runt.
670 1795 699 1822 »

485 1885 512 1911 ‹‹
545 1863 800 1930 Anania,
834 1879 940 1917 cur
961 1863 1245 1934 implevit,
1280 1886 1307 1913 »
1332 1869 1441 1918 etc.
1474 1867 1672 1935 Neque
1714 1864 1872 1918 enim
1906 1862 2052 1917 invi-

414 1957 504 2006 tos
526 1968 627 2006 vos
660 1952 951 2006 trahimus
981 1953 1008 2006 ?
1039 1954 1142 2008 sed
1167 1970 1302 2008 cum
1333 1953 1602 2009 ultrones
1633 1953 1924 2026 placuerit
1953 1970 2052 2007 vo-

411 2039 504 2093 bis
527 2041 740 2094 offerre
795 2042 911 2095 Deo
961 2043 1281 2110 victimam,
1341 2059 1549 2098 rursus
1605 2059 1705 2097 vos
1765 2043 1928 2114 ipsos
1983 2042 2058 2097 ad

409 2129 717 2201 proprium
749 2147 922 2184 usum
948 2133 1654 2205 insumeregsacrilegium
1681 2132 1924 2187 indubie
1946 2137 2054 2187 est.

409 2219 546 2274 Ideo
580 2237 817 2291 quoque
871 2222 1293 2292 sacrilegorum
1353 2239 1525 2294 paena
1579 2223 1843 2294 percussi
1898 2229 2054 2277 sunt.

411 2309 676 2372 Quanam
709 2309 735 2363 ?
765 2315 954 2364 morte
979 2328 993 2366 ε
1022 2327 1162 2366 nam
1195 2311 1304 2366 hoc
1326 2312 1620 2383 signiﬁcat
1643 2309 1905 2382 ἐξέψυξεν,
1937 2312 2060 2365 vel-

411 2397 496 2451 uti
528 2399 775 2466 exaruit,
809 2399 922 2453 hoc
951 2405 1061 2467 est,
1095 2400 1256 2455 vitali
1314 2401 1560 2455 humore
1627 2401 1890 2472 privatus
1948 2407 2056 2456 est.

410 2487 547 2541 Ideo
607 2487 784 2543 etiam
833 2489 1030 2543 vivens
1092 2489 1402 2544 dicebatur
1448 2489 1603 2561 apud
1669 2496 1895 2546 veteres
1949 2485 2056 2543 διε-

415 2576 528 2650 ρός,
564 2576 722 2648 quod
753 2577 912 2633 idem
944 2578 1242 2650 signiﬁcat
1272 2578 1432 2649 quod
1494 2577 1678 2652 ὑγρός,
1711 2579 1772 2634 id
1801 2584 1909 2646 est,
1945 2581 2058 2634 hu-

412 2665 629 2720 midus.

486 2755 546 2818 V,
581 2757 696 2807 7-9.
732 2776 759 2802 ‹‹
791 2754 1135 2808 Intercessit
1174 2759 1372 2808 autem
1431 2755 1611 2809 trium
1667 2754 1855 2809 ferme
1886 2755 2058 2810 hora-

408 2865 436 2894 ‹‹
470 2859 603 2896 rum
635 2841 1039 2910 intervallum,
1090 2849 1148 2897 et
1189 2860 1336 2897 uxor
1380 2844 1508 2915 ejus
1566 2845 1840 2898 nesciens
1901 2843 2058 2914 quod

406 2931 783 2999 «acciderat,
880 2932 1163 2986 introivit.
1265 2932 1422 2986 Dixit
1523 2938 1719 2988 autem
1823 2933 1874 2988 ei
1951 2935 2058 2987 Pe-

401 3042 431 3069 «
467 3026 590 3075 trus
625 3021 766 3075 :Dic
798 3021 968 3086 mihi,
1008 3037 1152 3074 num
1206 3021 1352 3075 tanti
1385 3038 1593 3093 agrum
1653 3021 2003 3076 vendidistis
2032 3021 2059 3076 ‘2

402 3131 427 3162 α
461 3112 534 3164 At
562 3110 666 3165 illa
692 3110 1115 3177 dixitzEtiam,
1176 3111 1340 3164 tanti.
1405 3112 1612 3166 Petrus
1663 3126 1799 3166 vero
1850 3111 1933 3166 ait
1983 3109 2056 3165 ad

2172 520 2307 576 κατὰ
2364 519 2554 574 ταυτὸν
2611 521 2905 589 τηνικαῦτα
2984 520 3204 590 σημεῖα·
3282 513 3556 590 λαθραίων
3605 517 3825 588 γνῶσις,

2179 606 2409 682 μελέτης
2444 607 2680 670 διανοίας
2715 601 3035 685 ἐκφόϐησις,
3062 605 3152 661 καὶ
3197 604 3286 660 ἐπὶ
3315 606 3531 666 τούτοις
3561 602 3825 678 ἀναίρεσις

2175 698 2234 754 ἐκ
2263 697 2720 774 προσταγμάτων.

2247 877 2444 934 «Eine
2475 875 2530 931 δὲ
2584 873 2806 949 Πέτρος*
2865 873 3103 944 Ἀνανία,
3164 872 3252 928 διὰ
3305 871 3361 928 τί
3417 871 3735 946 ἐπλήρωσεν
3796 870 3824 924 6

2180 987 2202 1016 ι
2237 970 2478 1029 Σατανᾶς
2507 967 2607 1034 τήν
2635 963 2861 1040 καρδίαν
2893 985 3010 1030 σου,
3053 962 3348 1037 ψεύσασθαί
3381 982 3438 1016 σε
3492 960 3554 1016 16
3605 964 3825 1032 Πνεῦμα

2173 1056 2303 1109 «τὸ
2335 1055 2504 1130 ἅγιον,
2535 1055 2625 1109 καὶ
2652 1053 3007 1134 νοσφίσασθαί
3064 1073 3122 1107 σε
3176 1052 3280 1106 ἀπὸ
3344 1057 3445 1120 τῆς
3505 1056 3674 1121 τιμῆς
3728 1050 3824 1103 τοῦ

2174 1170 2203 1200 ‹‹
2235 1147 2494 1221 χωρίους
2525 1147 2651 1222 ούχῖ
2691 1148 2847 1221 μένον
2879 1169 2965 1202 σοι
3008 1140 3214 1220 ἔμεινε,
3247 1144 3340 1200 καὶ
3389 1143 3584 1218 πραθὲν
3645 1140 3696 1196 ἐν

2173 1261 2201 1289 ‹‹
2229 1240 2296 1310 σῇ
2328 1235 2539 1308 ἐξουσίᾳ
2569 1237 2789 1316 ὑπῆρχε
2820 1259 2833 1308 ;
2865 1236 2917 1291 τί
2945 1235 3027 1291 ὅτι
3088 1233 3210 1289 ἔθου
3270 1232 3321 1287 ἐν
3373 1237 3442 1307 τῇ
3501 1229 3699 1306 καρδίᾳ
3728 1251 3822 1285 σου

2171 1348 2202 1378 «
2231 1326 2292 1380 16
2335 1330 2563 1401 πρᾶγμα
2618 1331 2819 1395 τοῦτο;
2875 1326 2974 1381 οὐκ
3030 1323 3239 1399 ἐψεύσω
3291 1321 3621 1397 ἀνθρώποις,
3677 1317 3822 1375 ἀλλά

2173 1438 2202 1466 ‹‹
2224 1419 2301 1486 τῷ
2321 1420 2458 1488 Θεῷ.
2491 1415 2730 1472 Ἀκούων
2762 1412 2818 1470 δὲ
2849 1413 3094 1476 Ἀνανίας
3144 1412 3269 1475 τοὺς
3335 1410 3537 1487 λογους
3569 1409 3822 1478 τούτους,

2173 1527 2201 1556 ι(
2259 1504 2436 1558 πεσὼν
2500 1503 2735 1579 ἐξέψυξε.
2795 1505 2896 1560 Καὶ
2977 1502 3181 1580 ἐγένετο
3245 1494 3416 1578 φόϐος
3506 1500 3680 1576 μέγας
3736 1497 3823 1552 έπὶ

2168 1591 2422 1656 «πάντας
2452 1593 2582 1656 τοὺς
2643 1593 2945 1655 ἀκούοντας
3000 1596 3193 1648 ταῦτα.
3245 1592 3597 1650 Ἀναστάντες
3657 1585 3715 1642 δὲ
3772 1588 3823 1642 οἱ

2154 1709 2196 1762 ⁸(ι
2228 1685 2484 1758 νεώτεροι
2516 1681 2862 1739 συνέστειλαν
2922 1684 3108 1754 αὐτὸν,
3166 1682 3256 1737 καὶ
3311 1679 3676 1755 ἐξενέγκαντες
3705 1675 3826 1742 ἓθα-

2168 1795 2195 1823 ‹‹
2233 1776 2353 1846 qm.

2239 1883 2266 1913 ι(
2299 1862 2537 1928 Ἀνανία,
2568 1858 2656 1916 διὰ
2683 1861 2758 1932 τί,
2793 1885 2820 1914 ››
2855 1863 2943 1917 καὶ
2977 1861 3046 1916 τὰ
3094 1861 3240 1931 ἑξῆς.
3301 1859 3390 1928 Μὴ
3447 1858 3570 1935 γὰρ.
3629 1856 3818 1937 φησὶν,

2168 1950 2391 2014 ἃκοντας
2423 1951 2562 2025 ὑμᾶς
2619 1949 2905 2026 ’έλκομεν;
2965 1951 3028 2006 τὸ
3088 1950 3419 2026 αὐθαιρέτως
3479 1949 3607 2023 ὑμῖν
3665 1945 3814 2004 δοκι·

2171 2041 2366 2114 μασθὲν
2397 2040 2474 2104 εἷς
2521 2045 2656 2097 Θεοῦ
2688 2039 3064 2114 καλλιέρημα,
3095 2038 3248 2104 αὖθις
3307 2037 3503 2100 αὐτοὺς
3560 2036 3635 2099 εἰς
3691 2038 3816 2092 ἔαυ-

2165 2134 2272 2183 τῶν
2303 2133 2491 2208 χρείαν
2522 2128 2781 2202 δαπανᾷν,
2813 2127 3101 2204 ἱεροσυλία
3130 2127 3533 2203 ἀναντίρῥητος.
3576 2126 3669 2180 Διὸ
3712 2126 3817 2180 ,καὶ

2166 2223 2246 2290 τῷ
2274 2224 2382 2274 τῶν
2413 2217 2715 2294 ἱεροσύλων
2775 2212 3263 2288 καθυπεϐλήθησαν
3322 2214 3632 2291 προστίμῳ.
3691 2215 3816 2273 Τίνι

2165 2309 2345 2383 τούτῳ
2380 2331 2393 2378 ;
2425 2311 2653 2384 θανάτῳ
2681 2315 2841 2366 τοῦτο
2871 2308 2971 2384 γάρ
3027 2308 3090 2363 τὸ
3148 2307 3413 2378 ἐξέψυξεν,
3470 2305 3632 2360 οἱονεὶ
3688 2304 3815 2375 ἐξη-

2170 2401 2361 2474 ράνθη,
2439 2402 2708 2467 τουτέστι,
2764 2405 2864 2469 τῆς
2923 2403 3164 2469 ζωτικῆς
3239 2392 3452 2457 νοτίδος
3510 2393 3814 2468 ἐστέρηται.

2169 2488 2262 2542 Διὸ
2291 2488 2381 2543 καὶ
2409 2486 2608 2565 διερὸς,
2640 2490 2668 2542 6
2716 2493 2848 2558 ζῶν,
2889 2486 3036 2562 παρά
3088 2491 3204 2547 τοῖς
3263 2483 3519 2546 παλαιοῖς
3580 2482 3816 2558 εἷ’ρηται,

2167 2574 2221 2630 ἐν
2251 2573 2356 2631 ἷ¹σω
2385 2580 2504 2647 τοῦ,
2542 2577 2728 2652 ὑγρός.

2239 2755 2548 2828 «Ἐγένετο
2607 2752 2663 2809 δὲ
2721 2754 2795 2816 ὡς
2855 2754 3011 2828 ὡρῶν
3070 2757 3238 2826 τριῶν
3297 2749 3713 2825 διάστημα,καί
3773 2753 3808 2821 ἡ

2167 2866 2195 2894 ‹‹
2230 2844 2365 2918 γυνὴ
2400 2843 2566 2898 αὐτοῦ
2603 2844 2680 2916 μὴ
2733 2839 2909 2897 εἰδυῖα
2953 2841 3017 2897 τὸ
3073 2843 3317 2916 γεγονὸς,
3376 2840 3648 2910 εἰσῆλθεν.
3677 2841 3813 2896 Ἀπ-

2165 2951 2198 2984 ·.‹
2232 2930 2416 3007 εκρίθη
2452 2927 2509 2986 δὲ
2539 2931 2678 3005 αὐτῇ
2718 2931 2747 2986 6
2787 2932 3014 3002 Πέτρος·
3048 2931 3186 2988 Εἰπέ
3247 2951 3362 3003 μοι,
3423 2928 3468 2983 εί
3519 2930 3808 2984 τοσούτου.

2166 3045 2194 3073 ‹‹
2226 3023 2288 3076 τὸ
2319 3020 2526 3099 χωρίον
2581 3018 2886 3088 ἀπέδοσθε;
2930 3022 2993 3076 Ἦ
3043 3018 3100 3075 δὲ
3158 3020 3299 3088 εἶπε,
3359 3020 3486 3087 Ναὶ,
3517 3017 3804 3074 τοσούτου.

2165 3111 2267 3166 «'0
2300 3107 2355 3164 δὲ
2388 3110 2591 3184 Πέτρος
2625 3110 2741 3164 εἶπε
2769 3109 2906 3184 πρὸς
2938 3108 3130 3179 αὐτήνο
3185 3109 3254 3166 Τί
3313 3107 3396 3162 ὅτι
3447 3109 3807 3184 συνεφωνήθη

399 3220 427 3249 ι(
461 3215 590 3253 eam
623 3217 634 3252 :
663 3206 775 3254 Cur
804 3200 1211 3270 conspiratum
1225 3205 1316 3254 est
1343 3199 1500 3254 inter
1522 3218 1620 3255 vos
1643 3207 1707 3255 ut
1738 3200 2044 3255 tentaretis

2171 3225 2184 3250 ‹
2220 3200 2346 3273 ὑμῖν
2371 3203 2620 3274 πειρᾶσαι
2651 3200 2712 3254 τὸ
2742 3201 2949 3271 πνεῦμα
2979 3198 3187 3273 Κυρίου
3224 3215 3237 3266 ;
3275 3193 3393 3250 ἰδοὺ
3425 3197 3477 3250 οἱ
3503 3193 3665 3258 πόδες
3697 3201 3806 3250 τῶν

405 3308 432 3340 ιι
464 3288 748 3358 Spiritum
783 3289 1014 3341 Domini
1044 3287 1071 3341 ?
1112 3289 1257 3342 Ecce
1325 3287 1506 3358 pedes
1539 3304 1742 3343 eorum
1793 3289 1894 3360 qui
1954 3305 2045 3343 se-

344 3365 354 3372 ’
398 3399 426 3427 ι(
461 3376 762 3447 pelierunt
789 3376 978 3430 virum
1013 3381 1176 3430 tuum
1201 3376 1274 3431 ad
1297 3377 1516 3431 ostium
1547 3377 1784 3445 adsunt,
1818 3383 1875 3432 et
1905 3379 2043 3432 eﬂ‘e-

399 3486 427 3514 «
462 3470 596 3520 rent
625 3471 698 3518 te.
729 3486 750 3516 ι

469 3553 612 3608 Vide
645 3554 802 3624 quod
850 3571 972 3609 non
1023 3555 1267 3610 vocabat
1315 3571 1444 3610 eam
1503 3557 1730 3624 Petrus,
1786 3555 1890 3610 sed
1948 3571 2044 3610 ex-

404 3641 712 3711 spectabat
739 3646 805 3695 ut
851 3641 982 3711 ipsa
1011 3641 1153 3696 dum
1199 3641 1378 3696 vellet
1423 3642 1854 3714 ingrederetur,
1911 3641 2046 3697 data

403 3729 493 3784 illi
525 3736 815 3800 potestate
847 3737 905 3785 et
956 3730 1367 3801 resipiscendi,
1402 3737 1461 3785 et
1515 3748 1635 3787 non
1669 3732 2046 3802 impudenter

401 3819 796 3891 ingrediendi.
858 3820 1129 3892 Ingressa
1203 3826 1293 3874 est
1348 3825 1547 3875 autem
1600 3823 1878 3893 ignorans
1910 3837 2041 3892 quae

395 3909 554 3962 circa
582 3909 771 3964 virum
800 3909 1143 3964 acciderant
1177 3926 1188 3962 :
1244 3910 1386 3980 quia
1414 3926 1609 3981 neque
1670 3910 1758 3964 illi
1789 3910 2044 3966 audebat

393 3996 710 4068 quisquam
737 3998 1008 4069 detegere
1043 3997 1254 4052 timore
1285 4015 1353 4054 ac
1394 3999 1727 4054 reverentia
1753 4000 2037 4072 magistri.

392 4087 568 4156 Atqui
600 4087 877 4142 horarum
921 4088 1100 4142 trium
1152 4088 1531 4144 intervallum
1581 4088 1884 4143 sufﬁciens
1917 4094 2043 4143 erat

386 4180 453 4230 ut
482 4192 589 4246 per
619 4176 839 4231 multos
873 4182 1269 4250 spargerctur,
1294 4177 1396 4233 sed
1426 4179 1635 4232 timore
1667 4177 2040 4232 continentes

389 4265 838 4321 elTecerat.Nam
873 4271 930 4320 et
960 4267 1070 4320 hoc
1102 4266 1409 4320 admirans
1443 4266 1625 4320 Lucas
1656 4266 2036 4338 evangelista,

383 4361 702 4426 utrumque
734 4356 953 4425 posuit,
985 4360 1043 4409 et
1074 4354 1354 4408 horarum
1390 4355 1646 4424 spatium
1681 4359 1740 4409 et
1767 4354 2036 4410 mulieris

383 4443 804 4515 ignorantiam.
879 4445 1256 4516 Interrogans
1303 4449 1500 4498 autem
1563 4445 1770 4515 quanti
1830 4461 2034 4517 agrum

2156 3313 2184 3341 ι(
2217 3288 2498 3362 θαψάντων
2527 3289 2619 3343 τὸν
2674 3284 2840 3362 ἄνδρα
2895 3308 3014 3356 σου,
3073 3284 3160 3341 ἐπὶ
3215 3289 3284 3358 τῇ
3334 3285 3492 3361 θύρᾳ,
3547 3285 3636 3339 καὶ
3668 3282 3810 3355 ἐξοί-

2157 3400 2184 3430 ι(
2217 3379 2368 3433 σουσί
2403 3399 2478 3434 σε.
2517 3403 2538 3433 ι

2222 3562 2354 3632 *Ορα
2384 3557 2470 3612 ὅτι
2496 3557 2595 3612 οὐκ
2625 3553 2803 3612 ἐκάλει
2836 3556 2864 3610 6
2920 3555 3150 3630 Πέτρος,
3205 3551 3334 3608 ἀλλ’
3394 3551 3666 3625 ἀναμένει,
3728 3551 3807 3614 ὡς

2153 3644 2319 3715 αὐτὴν
2360 3643 2619 3700 εἶσελθεῖν
2648 3643 2737 3699 ὅτε
2785 3642 3065 3718 βούλεται,
3125 3639 3311 3703 διδοὺς
3367 3641 3512 3715 αὐτῇ
3564 3639 3808 3713 ἐξουσίαν

2151 3735 2241 3790 καὶ
2267 3738 2366 3790 τοῦ
2423 3733 2892 3808 μεταμεληθῆναι,
2948 3731 3038 3788 καὶ
3081 3735 3183 3786 τοῦ
3215 3731 3291 3804 μή
3327 3727 3565 3791 ἀναιδῶς
3618 3729 3804 3784 εἰσελ-

2152 3828 2282 3887 θεῖν.
2319 3823 2556 3888 Εῗσῆλθε
2587 3820 2644 3877 δὲ
2693 3823 2760 3878 τὰ
2806 3820 2942 3876 κατᾶ
2985 3821 3077 3875 τὸν
3134 3816 3300 3894 ἄνδρα
3356 3819 3433 3891 μὴ
3489 3814 3683 3887 εῗδυῖα,
3713 3816 3800 3871 ὅτι

2153 3910 2294 3985 μηδέ
2322 3932 2404 3973 τις
2434 3909 2645 3985 ἐτόλμα
2701 3911 2838 3985 αὐτῇ
2889 3909 3139 3980 ἐξειπεῖν,
3187 3903 3344 3988 φόϐῳ
3373 3905 3463 3962 καὶ
3517 3909 3655 3980 τιμῇ
3698 3904 3798 3959 τοῦ

2151 3997 2498 4056 διδασκάλου.
2535 4001 2728 4057 Καίτοι
2776 4020 2841 4074 γε
2891 3998 3047 4074 ὡρῶν
3105 4001 3274 4072 τριῶν
3305 3994 3578 4068 διάστημα
3608 3994 3795 4048 ἱκανὸν

2147 4091 2216 4160 ἦν
2249 4090 2324 4152 εἷς
2355 4088 2604 4158 πολλοὺς
2633 4086 2929 4145 διαδοῦναι.
2964 4085 3120 4145 Ἀλλ’
3152 4087 3180 4142 6
3239 4081 3408 4162 φόϐος
3466 4084 3660 4146 αὐτοὺς
3716 4082 3808 4161 ἐγ-

2147 4184 2361 4250 κρατεῖς
2390 4178 2587 4234 ἐποίει.
2621 4181 2795 4235 Τοῦτο
2827 4177 2930 4254 γάρ
2987 4175 3077 4231 καὶ
3127 4175 3155 4230 6
3211 4172 3619 4250 Εὐαγγελιστής
3655 4181 3801 4227 Λου-

2149 4274 2245 4330 κᾶς
2302 4267 2611 4341 θαυμάζων,
2671 4268 2837 4344 ἂμφω
2920 4263 3142 4335 τέθεικε,
3201 4263 3291 4319 καὶ
3345 4263 3409 4319 τὸ
3467 4267 3576 4318 τῶν
3638 4263 3798 4336 ὡρῶν

2148 4355 2446 4429 διάστημα,
2505 4357 2595 4412 καὶ
2647 4357 2749 4424 τὴν
2808 4361 2907 4423 τῆς
2966 4354 3223 4430 γυναικὸς
3253 4353 3498 4428 ἃγνοιαν.
3537 4353 3797 4428 Ἐρωτῶν

2147 4443 2203 4501 δὲ
2231 4447 2406 4502 πόσου
2435 4448 2498 4503 τὸ
2528 4445 2733 4522 χωρίον
2763 4442 3048 4513 ἀπέδοντο,
3092 4443 3228 4518 αὐτῇ
3278 4448 3513 4522 παρεῖχε
3553 4441 3800 4518 συγγνώ-

381 4533 791 4601 vendiderant,
825 4534 1010 4588 veniae
1038 4533 1122 4587 illi
1149 4532 1525 4588 occasionem
1559 4533 1878 4604 prmbebat,
1901 4539 2034 4588 tan-

2171 4559 2257 4606 ιης
2284 4535 2567 4613 ἀφορμὴν,
2600 4535 2674 4597 ὡς
2699 4533 2799 4590 οὐκ
2827 4533 2909 4590 ἐπ’
2936 4533 3094 4608 αὐτῇ,
3153 4531 3298 4589 ἀλλᾶ
3353 4531 3439 4588 ἐπὶ
3505 4536 3586 4603 τῷ
3640 4528 3794 4606 ἀνδρὶ

383 4638 561 4690 quam
595 4639 712 4677 non
740 4621 896 4694 apud
942 4623 1130 4689 illam,
1163 4622 1266 4676 sed
1299 4622 1455 4693 apud
1513 4623 1701 4676 virum
1762 4623 1874 4676 sita
1902 4622 2032 4678 fue-

2173 4632 2237 4694 ἧς
2271 4625 2507 4695 ἐξουσίας
2535 4624 2795 4697 κειμένης
2823 4627 2921 4680 τοῦ
2948 4621 3248 4686 ἀποδόσθαι
3305 4619 3395 4675 καὶ
3453 4624 3550 4674 τοῦ
3601 4619 3793 4694 νοσφί-

383 4712 457 4764 rit
489 4718 748 4781 potestas
779 4712 1072 4767 vendendi
1135 4717 1192 4765 et
1246 4711 1558 4767 fraudandi
1595 4728 1608 4766 :
1650 4717 1708 4766 et
1747 4713 2027 4783 quoniam

2174 4716 2350 4770 ασθαι.
2383 4713 2487 4769 Καὶ
2536 4711 2724 4782 ἐπειδή
2757 4713 3046 4792 σύμφωνον
3072 4710 3193 4784 εὗρε
3243 4711 3312 4781 τῇ
3346 4705 3632 4778 δολιότητι
3687 4710 3788 4761 τοῦ

381 4799 442 4852 in
475 4798 610 4853 dolo
643 4799 1010 4855 conformem
1069 4801 1189 4854 viro
1246 4799 1488 4871 reperit,
1548 4799 1730 4854 simili
1790 4817 2026 4872 quoque

2173 4800 2354 4878 νδρὸς,
2385 4806 2462 4874 τῷ
2494 4803 2672 4875 ὁμοίῳ
2700 4801 2788 4857 καὶ
2821 4802 2988 4868 αὐτὴν
3041 4798 3368 4870 ὑποτιμᾶται
3415 4799 3588 4868 κακῷ.
3647 4793 3783 4852 Οἵδε

377 4904 552 4958 pinna
583 4887 1019 4943 condemnavit.
1057 4889 1222 4942 Novit
1262 4889 1422 4943 enim
1471 4895 1847 4960 contemptus
1879 4890 2026 4945 divi-

2171 4888 2234 4964 :‘zp
2265 4890 2299 4958 ἡ
2327 4890 2724 4966 καταφρόνησις
2757 4886 2913 4952 θείων
2940 4885 3029 4940 καὶ
3086 4884 3178 4940 τὸν
3238 4881 3509 4958 ἀόργητον
3545 4879 3784 4966 ἐκκαίειν

376 4994 592 5033 norum
624 4994 760 5032 eum
792 4994 1029 5049 quoque
1061 4979 1122 5033 in
1154 4979 1303 5033 iram
1335 4979 1654 5034 incendere
1687 4979 1787 5051 qui
1839 4986 1928 5035 est
1952 4981 2023 5035 ab

2171 4977 2270 5051 ’ρὸς
2298 4965 2489 5051 ὀργή-ιζ
2524 4976 2708 5038 Ιῐίστις
2731 4980 2838 5030 τῶν
2873 4974 3074 5049 λόγων,
3131 4973 3222 5028 καὶ
3278 4973 3314 5042 ἡ
3361 4975 3459 5026 τοῦ
3512 4969 3567 5025 ἐν
3634 4965 3786 5026 Σαϐ-

371 5068 460 5123 ira
506 5067 758 5123 alienus.
821 5067 920 5122 His
975 5068 1152 5122 etiam
1213 5067 1391 5122 ﬁdem
1447 5068 1588 5123 facit
1646 5069 2024 5124 sermonibus

2175 5065 2284 5138 άτῳ
2316 5063 2679 5139 ξυλευομένου
2715 5064 2817 5120 ὑπὸ
2868 5063 3148 5125 Μωΰσέως
3178 5066 3276 5118 τοῦ
3309 5061 3622 5136 πραοτάτου
3654 5061 3791 5137 πρὸς

366 5157 471 5211 illa
503 5157 742 5212 traditio
775 5156 884 5212 sub
918 5159 1072 5212 Mose
1127 5158 1633 5223 mansuetissimo,
1685 5164 1752 5212 ut
1802 5157 2019 5230 lapidi-

2177 5152 2509 5219 ιθολευστίαν
2544 5149 2776 5216 ἕκδοσις.
2811 5153 3003 5209 Καίτοι
3033 5151 3145 5208 ἐκεῖ
3169 5153 3263 5227 μὲν
3299 5148 3534 5220 ἐντολῆς
3572 5150 3695 5224 περὶ
3727 5151 3799 5204 τά

361 5246 471 5300 bus
497 5245 875 5308 obrueretur,
921 5245 1021 5316 qui
1074 5244 1325 5300 Sabbato
1383 5244 1543 5317 ligna
1602 5245 1924 5318 collegerat
1954 5247 2016 5301 1°.

2171 5245 2433 5314 αθήκοντα
2460 5239 2762 5317 παράϐασις
2823 5243 3023 5318 ὡρᾶτο,
3088 5242 3312 5298 ἐνταῦθα
3373 5237 3430 5296 δὲ
3478 5237 3797 5317 ἱεροσυλία.

366 5335 436 5388 Et
460 5335 540 5388 ibi
574 5334 817 5405 quidem
850 5335 1240 5407 transgressio
1273 5334 1547 5405 apparuit
1588 5334 1647 5388 in
1709 5334 1799 5389 his
1887 5351 2017 5406 quas

2171 5333 2209 5389 ‘c‘z
2239 5333 2340 5408 γὰρ
2373 5337 2452 5405 τῷ
2491 5338 2608 5406 Θεῷ
2639 5333 2953 5390 ἀνατεθέντα
2988 5333 3137 5407 πρὸς
3174 5330 3468 5412 διατροφὴν
3515 5335 3623 5386 τῶν
3654 5328 3797 5384 ἀπό-

353 5423 460 5479 dec
475 5425 641 5480 entia
653 5424 944 5492 erant,hic
959 5429 1159 5480 autem
1183 5423 1557 5495 sacrilegium
1576 5440 1588 5478 :
1607 5426 1706 5480 44
1721 5423 2017 5495 siquidem

2171 5443 2258 5492 ων,
2310 5422 2464 5477 αὐτοὶ
2524 5421 2600 5486 εἷς
2659 5423 2914 5500 περιττὰς
2976 5423 3156 5478 αὐτῶν
3215 5422 3412 5498 χρείας
3469 5417 3788 5492 ἀνήλισκον.

439 5634 490 5670 ⁵⁷
513 5638 684 5692 Num.
721 5653 816 5704 xv,
849 5638 916 5692 32
949 5651 1112 5707 seqq.
