4098 6260
258 331 369 395 109

1280 328 1685 394 COMMENT.
1734 332 1811 392 IN
1858 331 2054 393 ACTA
2104 334 2706 401 APOSTOLORUM.

3578 349 3695 407 110

262 484 384 540 quae
412 469 535 523 Deo
569 465 648 523 ad
684 468 1008 541 egentium
1049 468 1403 525 alimentum
1439 467 1698 540 reposita
1747 471 1935 535 erant,

2062 470 2178 531 Γαῖς
2225 469 2481 546 ἀνάγκαις
2538 471 2642 547 γάρ
2701 470 2881 526 ἱκανὸν
2931 476 3050 533 τοῖς
3108 473 3183 535 εἷς
3241 475 3418 530 κοινὸν
3473 483 3695 549 ταμεῖον

263 559 369 631 ipsi
399 557 476 613 ad
507 558 868 630 superﬂuos
902 576 1049 614 suos
1098 576 1242 614 usus
1290 558 1688 612 iusumebant.
1730 559 1939 612 Neces-

266 647 541 703 sitatibus
574 648 747 719 enim
782 650 932 703 satis
962 654 1097 704 erat
1123 654 1190 703 ut
1219 665 1288 703 ex
1343 648 1435 701 his
1468 664 1599 718 qua;
1658 646 1731 701 ad
1778 662 1940 700 com-

276 755 450 794 mune
481 740 982 810 promptuarium
1034 743 1501 805 asservarentur,
1555 736 1945 807 indigentiam

291 829 677 901 complerent.
720 830 1059 885 Considera
1087 846 1223 884 vero
1273 834 1331 883 et
1360 829 1490 894 hoc,
1546 827 1842 898 quomodo
1873 825 1947 881 ad

288 918 613 974 familiares
637 918 1034 973 vehementer
1063 918 1400 973 afficiantur
1452 916 1681 971 Etenim
1733 914 1948 970 nolunt

293 1026 409 1072 eos,
438 1008 534 1080 qui
564 1008 947 1079 spiritualem
1010 1008 1260 1080 gratiam
1317 1006 1503 1062 semel
1531 1005 1729 1076 adepti
1785 1008 1943 1071 sunt,

295 1102 395 1152 aut
424 1113 587 1152 suam
654 1098 1199 1165 conversationem,
1258 1096 1418 1151 fures
1476 1100 1579 1150 aut
1629 1092 1945 1165 sacrilegos

296 1205 443 1244 esse.
470 1188 534 1241 ln
565 1188 867 1243 extraneis
896 1193 1098 1243 autem
1128 1203 1249 1242 non
1289 1191 1427 1241 sunt
1479 1185 1570 1241 usi
1629 1182 1945 1263 supplicio,

291 1294 370 1333 ne
398 1274 738 1332 viderentur
766 1277 1048 1332 uolentes
1084 1292 1319 1347 quoque
1363 1274 1635 1330 homines
1673 1272 1947 1345 supplicii

283 1386 491 1442 cogere
524 1371 763 1435 timore,
796 1376 865 1424 ut
894 1369 969 1424 ad
1000 1369 1181 1424 ﬁdem
1221 1367 1592 1424 accederent.
1633 1367 1848 1421 Verum
1897 1363 1946 1418 si

283 1460 534 1514 Satanas
551 1459 803 1529 impleto
834 1458 1014 1513 corde
1034 1456 1278 1513 Ananiae
1298 1474 1423 1511 rem
1443 1472 1681 1511 omnem
1699 1453 1945 1527 peregit,

280 1565 411 1620 quae
435 1553 608 1604 tanta
639 1553 730 1603 est
751 1549 881 1603 haec
929 1546 1215 1603 adversus
1272 1546 1565 1602 Ananiam
1617 1541 1948 1599 severitas?

278 1638 461 1708 Atqui
490 1654 619 1692 non
654 1643 903 1706 temere,
938 1635 1045 1692 sed
1067 1637 1229 1707 juste
1263 1634 1322 1689 id
1361 1640 1558 1691 actum
1591 1639 1698 1701 est,
1731 1649 1865 1688 cum
1898 1631 1947 1685 is

279 1744 408 1783 sese
433 1727 592 1783 adeo
616 1728 850 1783 Satanae
872 1741 1151 1799 capacem
1183 1724 1552 1797 prtebuisset.

355 1820 419 1873 ν.
452 1821 544 1887 10,
584 1821 669 1872 ll.
721 1840 749 1867 κ
782 1816 1104 1872 Confestim
1165 1821 1361 1871 autem
1421 1814 1634 1870 cecidit
1663 1814 1735 1869 ad
1765 1812 1946 1885 pedes
1977 1819 2022 1886 Β

280 1928 309 1956 α
340 1908 478 1979 ejus
512 1912 577 1961 et
614 1908 955 1979 exspiravit.
1015 1906 1266 1979 Ingressi
1321 1922 1456 1961 vero
1500 1906 1749 1977 juvenes
1778 1922 1948 1977 repe-

283 2020 311 2049 α
344 2004 561 2055 rerunt
617 2015 753 2055 eam
806 2004 1128 2065 mortuam,
1164 2004 1220 2052 et
1260 1990 1599 2053 extulerunt
1656 2014 1723 2052 ac
1780 2014 1946 2069 sepe-

282 2108 308 2139 ι
342 2088 774 2160 lieruntjuxta
799 2088 991 2143 virum
1022 2104 1212 2142 suum.
1266 2088 1597 2158 Factusque
1649 2092 1740 2141 est
1768 2088 1949 2143 timor

284 2201 314 2227 «ι
342 2195 597 2251 magnus
621 2195 810 2250 super
828 2179 1165 2233 universam
1198 2178 1735 2250 congregationem,
1772 2182 1829 2231 et
1850 2194 1948 2231 su-

288 2282 328 2318 ἀ
354 2284 464 2339 per
502 2286 708 2324 omnes
740 2269 843 2339 qui
876 2268 1216 2324 audiebant.
1255 2293 1275 2319 ι

375 2358 672 2425 Quomodo
703 2357 776 2413 ad
796 2357 979 2429 pedes
1012 2357 1181 2429 ejus?
1202 2351 1341 2428 quia
1363 2357 1534 2427 juxta
1556 2372 1692 2411 eum
1721 2354 1944 2421 stabat;

290 2448 507 2502 Petrus
541 2464 671 2502 vero
722 2448 890 2502 stetit
929 2447 1103 2518 juxta
1159 2462 1309 2510 eam,
1371 2452 1436 2500 ut
1493 2447 1539 2500 si
1596 2445 1946 2515 resipiscere

287 2537 465 2592 vellet
498 2555 567 2593 ac
586 2537 895 2604 conﬁteri,
917 2553 1036 2591 non
1056 2536 1517 2591 verereturalios
1532 2535 1631 2606 qui
1650 2535 1943 2590 audirent.

286 2629 408 2682 Non
442 2634 533 2682 est
558 2626 919 2698 arrogantius
967 2625 1125 2697 quod
1183 2628 1390 2680 Petrus
1445 2625 1946 2697 prudentissimus

289 2733 385 2772 eos
416 2719 521 2788 qui
547 2717 709 2789 lapsi
740 2722 913 2772 erant
939 2717 1240 2781 terruerit,
1299 2717 1401 2771 sed
1456 2716 1745 2771 doctrinas
1783 2716 1943 2770 futu-

282 2823 490 2862 rerum
520 2806 965 2879 praecognitivaa
996 2822 1127 2876 quae
1158 2805 1346 2859 multa
1365 2805 1674 2860 hominum
1705 2809 1947 2876 peccata

282 2896 607 2953 evertebat.
644 2898 813 2950 Tunc
834 2896 994 2950 enim
1020 2911 1155 2950 cum
1177 2894 1472 2967 Evangelii
1500 2894 1728 2949 semina
1741 2895 1943 2966 jacere

275 2988 629 3058 cmpissent,
691 2986 1015 3056 statimque
1074 2990 1275 3040 exorta
1331 2985 1549 3040 zizania
1602 2985 1942 3057 conspexis-

276 3082 433 3140 sent,
494 3075 836 3148 prudenter
892 3090 961 3129 ea
1012 3074 1283 3145 protinus
1344 3074 1709 3130 evulserunt.
1764 3073 1855 3128 Sic
1888 3078 1946 3128 et

2053 558 2497 627 ἀποσωρευθεὶσι,
2531 560 2592 614 τὸ
2633 557 2802 623 ἐνδεὲς
2851 560 3216 632 ἀναπληροῦν,
3272 566 3465 621 Σκόπει
3525 566 3581 622 δὲ
3605 568 3694 623 καὶ

2048 651 2230 712 τοῦτο,
2264 653 2381 711 πῶς
2406 650 2539 723 πρὸς
2571 650 2695 705 τούς
2748 651 2980 713 οἰκείους
3040 651 3287 731 σφοδρῶς
3345 652 3691 712 διατίθενται.

2051 738 2132 793 Οὐ
2164 738 2267 811 γὰρ
2295 737 2585 811 βούλονται
2634 742 2759 801 τοὺς
2819 742 2953 811 ἅπαξ
3013 742 3338 811 ἀξιωθέντας
3392 766 3693 819 πνευματι-

2049 829 2150 895 κῆς
2208 828 2460 902 χάριτος,
2535 830 2624 883 καὶ
2681 836 2779 898 τῆς
2843 831 2960 904 μετ’
3020 831 3196 886 αὐτῶν
3258 841 3693 911 συναναστροφῆς

2050 915 2337 993 τυχόντας,
2368 915 2603 980 κλέπτας
2633 920 2721 973 καὶ
2770 918 3089 993 ἱεροσύλους
3137 922 3296 978 εἶναι.
3358 925 3443 978 Ἐν
3500 921 3557 977 δὲ
3581 931 3697 986 τοῖς

2054 1011 2372 1087 ἀλλοτρίοις
2404 1016 2469 1070 οὐ
2500 1018 2800 1091 κέχρηνται
2830 1018 3093 1091 τιμωρίᾳ,
3125 1019 3217 1072 ἳνα
3251 1021 3327 1093 μὴ
3370 1017 3565 1091 δόξωσι
3608 1020 3695 1075 καὶ

2057 1103 2133 1176 μὴ
2166 1102 2422 1169 θέλοντας
2443 1105 2570 1167 τοὺς
2602 1106 2936 1180 ἀνθρώπους,
2975 1112 3054 1178 τῷ
3083 1104 3241 1187 φόϐῳ
3297 1131 3396 1179 της
3426 1110 3697 1186 τιμωρίας

2054 1188 2393 1264 ἐκϐιάζεσθαι
2450 1195 2846 1271 προσέρχεσθαι
2896 1198 2967 1268 τῇ
3016 1197 3212 1255 πίστει.
3273 1196 3429 1255 Ἀλλ’
3487 1197 3636 1273 εἷ’περ
3668 1200 3697 1255 ὁ

2055 1288 2291 1343 Σατανᾶς
2349 1281 2649 1357 πληρώσας
2730 1286 2829 1353 τὴν
2888 1281 3110 1360 καρδίαν
3177 1288 3424 1342 Ἀνανίου
3482 1288 3542 1342 τὸ
3592 1294 3694 1342 πᾶν

2055 1370 2366 1448 εἰργάσατο,
2398 1372 2481 1434 τίς
2512 1374 2546 1442 ἠ
2598 1373 2832 1443 τοσαύτη
2891 1371 3208 1449 καταδρομῇ
3266 1373 3354 1431 ἐπὶ
3412 1374 3503 1431 τὸν
3542 1377 3700 1433 Ἀνα-

2051 1461 2164 1514 νίαν
2192 1480 2207 1528 ;
2240 1458 2383 1517 ΔλΛ⁹
2416 1461 2546 1536 οὐχί
2580 1459 2777 1534 μάτην,
2811 1459 2938 1516 ἀλλ’
2996 1459 3243 1533 ἐνδίκως,
3298 1462 3385 1519 ἐπὶ
3439 1469 3694 1520 τοσοῦτον

2056 1553 2266 1619 Σατανᾷ
2297 1549 2483 1604 ἑαυτὸν
2518 1552 2834 1630 χωρητικὸν
2866 1554 3295 1622 καταστήσαντα.

2127 1843 2153 1870 ‹‹
2187 1821 2379 1877 Ἐπεσε
2411 1819 2467 1876 δὲ
2493 1827 2837 1897 παραχρῆμα
2894 1823 3039 1896 παρὰ
3093 1824 3222 1886 τοὺς
3278 1821 3448 1886 πόδας
3509 1823 3694 1897 αὐτοῦ,

2057 1933 2085 1961 (ι
2116 1909 2205 1963 καὶ
2236 1907 2501 1984 ἐξέψυξεν.
2566 1908 2916 1975 Εἷσελθόντες
2974 1909 3031 1966 δὲ
3087 1914 3140 1967 ol
3196 1914 3487 1985 νεανίσκοι,
3542 1913 3693 1987 εὗρον

2059 2020 2087 2049 ‹‹
2139 1997 2304 2067 αὐτὴν
2360 1999 2573 2074 νεκράν,
2618 1999 2707 2055 καὶ
2765 2001 3127 2078 ἐξενέγκαντες
3183 1997 3383 2077 ἔθαψαν
3439 2001 3574 2077 πρὸς
3602 2001 3694 2057 τὸν

2059 2108 2083 2140 α
2116 2084 2281 2164 ἄνδρα
2311 2088 2500 2155 αὐτῆς.
2553 2090 2653 2145 Καὶ
2710 2087 2921 2165 ἐγένετο
2979 2085 3148 2170 φόϐος
3202 2092 3371 2165 μέγας
3430 2090 3511 2168 ἐφ’
3557 2088 3694 2160 ὅλην

2058 2200 2086 2228 ‹‹
2135 2179 2234 2245 τὴν
2276 2175 2591 2250 ἐκκλησίαν,
2660 2179 2749 2233 καὶ
2808 2177 2895 2233 ἐπὶ
2955 2181 3156 2242 πάντας
3225 2181 3349 2242 τοὺς
3406 2180 3698 2241 ἀκούοντας

2061 2288 2087 2319 Ι
2109 2288 2293 2322 ταυτα.
2317 2292 2343 2319 ι)

2132 2361 2252 2418 Πῶς
2284 2357 2427 2431 παρὰ
2457 2358 2584 2419 τοὺς
2615 2355 2786 2419 πόδας
2817 2357 2980 2413 αὐτοῦ
3010 2380 3024 2429 ;
3084 2360 3203 2415 Ὀτι
3238 2357 3477 2428 πλησίον
3525 2359 3696 2415 αὐτοῦ

2057 2445 2312 2516 εἱστήκει.
2351 2447 2593 2514 Πλησίον
2625 2444 2681 2500 δὲ
2713 2446 2878 2516 αὐτὴν
2917 2442 3156 2518 ἔστησεν,
3182 2448 3271 2502 ἳνα
3327 2450 3372 2503 εἱ
3436 2446 3695 2524 βούλοιτο

2060 2542 2390 2608 μετανοῆσαι
2447 2534 2536 2590 καὶ
2596 2535 2993 2609 ὁμολογῆσαι,
3056 2538 3129 2610 μή
3194 2536 3513 2615 αἰσχύνοιτο
3570 2536 3696 2599 τοὺς

2054 2624 2260 2686 ἄλλους
2302 2625 2375 2687 ὡς
2433 2624 2749 2688 ἀκούοντας.
2782 2625 2895 2682 Οὐκ
2925 2626 3179 2689 ἀπονοίας
3232 2624 3289 2681 δὲ
3336 2626 3474 2681 ἐστιν
3505 2628 3531 2681 ὁ
3562 2628 3698 2680 κατὰ

2053 2723 2158 2771 τῶν
2196 2719 2527 2773 πταισάντων
2568 2714 2737 2797 φόϐος
2779 2722 2876 2773 τοῦ
2921 2720 3236 2798 σοφωτάτου
3291 2715 3516 2792 Πέτρου,
3550 2713 3694 2771 ἀλλὰ

2055 2805 2408 2870 διδασκαλίας
2438 2815 2872 2883 προγνωστικῆς,
2904 2812 3001 2873 τῆς
3048 2805 3233 2862 πολλὰ
3260 2810 3367 2862 τῶν
3396 2806 3695 2882 ἀνθρώπων

2053 2896 2405 2972 προΐωμένης
2464 2897 2852 2972 ἁμαρτήματα.
2912 2896 3053 2954 Τότε
3128 2897 3229 2973 γὰρ
3297 2896 3585 2971 ἀρξάμενοι
3629 2894 3697 2950 τὰ

2052 2992 2147 3042 τοῦ
2178 2984 2521 3062 Εὐαγγελίου
2564 2982 3001 3044 καταϐάλλεσθαι
3060 2988 3365 3061 σπέρματα,
3414 2985 3502 3039 καὶ
3536 2981 3696 3047 εὐθὺς

2053 3074 2485 3150 παραντείλαντα
2566 3075 2864 3149 ἑωρακότες
2951 3074 3176 3143 ζιζάνια,
3259 3074 3439 3151 σοφῶς
3512 3070 3571 3126 ἂν
3630 3071 3698 3125 τὰ

278 3166 477 3220 loses
523 3166 592 3218 in
649 3163 894 3219 exordio
952 3163 1100 3235 legis
1144 3168 1641 3235 transgressorem
1674 3164 1734 3217 in
1766 3179 1942 3234 parvo

2062 3172 2399 3239 παραχρῆμα
2439 3162 2696 3233 ἔξέτιλον.
2730 3163 2891 3220 Οὕτω
2920 3162 3010 3218 καὶ
3071 3165 3276 3231 Μωσῆς
3330 3162 3421 3216 τὸν
3478 3161 3528 3215 έν
3560 3180 3696 3233 προ-

288 3254 478 3308 etiam
504 3260 743 3323 peccato
765 3253 1065 3325 lapidibus
1096 3253 1264 3308 obrui
1287 3253 1489 3325 jussit,
1523 3254 1728 3310 dicens
1750 3255 1935 3308 Deum

301 3356 435 3395 eam
469 3342 675 3395 tulisse
706 3343 1077 3397 sententiam.
1112 3342 1272 3397 Idem
1307 3360 1542 3414 quoque
1574 3349 1633 3397 et
1664 3343 1723 3397 in
1750 3348 1943 3413 proto-

294 3430 511 3501 plastis
538 3431 792 3504 contigit,
828 3433 930 3503 qui
964 3432 1037 3487 ob
1062 3448 1229 3487 esum
1275 3432 1419 3505 ligni
1461 3431 1608 3487 adeo
1657 3430 1939 3486 condem-

286 3520 410 3574 nati
436 3525 581 3574 sunt
607 3520 686 3587 u;
719 3538 859 3576 nam
904 3520 1199 3591 pestilenta
1236 3522 1519 3591 ﬂagellato
1568 3524 1784 3576 cautior
1837 3521 1943 3575 erit

284 3608 574 3679 insipiens,
600 3610 777 3681 juxta
806 3627 1035 3666 sacram
1065 3612 1411 3682 parmmiam
1430 3611 1496 3666 5’.
1532 3612 1734 3683 Itaque
1766 3615 1943 3669 etiam

286 3696 347 3753 in
376 3700 470 3753 his
489 3699 641 3753 ultio
663 3700 846 3755 cessit
866 3699 930 3754 in
954 3700 1187 3755 lucrum
1211 3699 1284 3754 iis
1306 3700 1407 3771 qui
1430 3707 1753 3772 praasentes
1776 3709 1947 3759 erant

290 3794 349 3842 et
377 3788 667 3844 videbant
697 3806 829 3859 qum
854 3782 1105 3845 ﬁebant.
1166 3791 1514 3860 Quanquam
1546 3791 1678 3846 aliis
1710 3810 1945 3863 quoque

297 3878 784 3947 praecedentibus
807 3879 990 3949 signis
1009 3878 1333 3933 nonnullus
1352 3879 1724 3936 exoriebatur
1746 3882 1944 3948 timor,

293 3973 349 4021 at
377 3983 504 4021 non
540 3973 771 4022 tantus.
826 3967 909 4022 lta
959 3968 1332 4039 cognoscitur
1390 3968 1672 4022 Dominus
1722 3968 1951 4039 judicia

286 4057 626 4112 faciens“:
664 4057 1177 4128 comprehensoin
1211 4057 1488 4128 operibus
1530 4074 1771 4112 manum
1814 4075 1951 4113 sua-

292 4163 425 4201 rum
461 4153 802 4218 peccatore,
836 4147 933 4202 45
967 4163 1036 4201 ex
1059 4146 1212 4201 facto
1245 4147 1401 4218 quod
1425 4146 1772 4202 circaillum
1802 4148 1951 4202 acci-

296 4236 404 4301 dit,
440 4236 726 4291 salutaris
752 4236 943 4290 oritur
968 4237 1029 4291 in
1060 4237 1192 4291 aliis
1223 4236 1419 4291 timor.
1445 4236 1953 4301 Quemadmodum

300 4331 359 4380 et
387 4327 454 4380 in
485 4326 720 4380 ultione
751 4327 875 4381 Ozae
902 4324 947 4362 ⁶¹
985 4347 1000 4392 ;
1059 4328 1238 4398 hujus
1284 4342 1542 4397 namque
1598 4325 1954 4397 supplicium

298 4416 511 4471 multis
562 4414 765 4469 timori
826 4415 957 4480 fuit,
1020 4420 1302 4487 tanquam
1359 4415 1827 4480 observantibus,
1889 4430 1958 4469 ea

298 4521 434 4575 quae
468 4505 591 4559 Deo
622 4510 853 4559 servata
902 4511 1059 4571 sunt,
1114 4506 1417 4561 inaccessa
1465 4522 1533 4559 ac
1582 4504 1961 4576 intangibilia

303 4610 432 4648 esse
466 4592 687 4648 debere
718 4593 1003 4664 profanis.
1042 4594 1145 4648 Hic
1173 4610 1307 4650 vero
1341 4592 1840 4649 considerandum
1873 4596 1963 4647 est

308 4698 378 4735 ex
408 4680 713 4735 ablatione
760 4680 1036 4736 funerum
1068 4682 1309 4737 Ananiaa
1337 4686 1396 4735 et
1422 4680 1623 4735 uxoris
1676 4680 1825 4751 ejus,
1858 4696 1963 4751 per

303 4787 405 4825 eos
436 4770 542 4841 qui
578 4775 846 4825 mortuos
878 4769 1225 4838 eﬂ'erebant,
1257 4770 1450 4842 legem
1482 4785 1611 4824 esse
1644 4769 1959 4840 abjectam.

305 4862 510 4931 Neque
572 4860 732 4914 enim
814 4860 913 4931 qui
963 4865 1231 4914 motuum
1279 4860 1594 4931 tetigerunt
1647 4858 1962 4923 Ananiam,

303 4947 606 5003 immundi
637 4954 1091 5019 permanserunt
1123 4964 1313 5020 usque
1368 4948 1441 5003 ad
1495 4964 1825 5019 vesperam,
1861 4946 1965 5002 sed

300 5037 418 5108 ipsi
453 5038 635 5093 etiam
662 5036 737 5092 ad
766 5038 944 5093 {unus
975 5038 1176 5093 uxoris
1225 5038 1353 5108 ejus
1411 5038 1821 5109 praestiterunt
1850 5036 1962 5091 mi-

300 5127 650 5183 nisterium.

379 5218 447 5287 V,
485 5218 674 5271 12-16.
714 5238 735 5268 ι
774 5217 883 5273 Per
930 5232 1143 5272 manus
1174 5233 1308 5272 vero
1366 5217 1772 5289 apostolorum
1828 5215 1965 5272 ede-

305 5328 335 5355 «ι
366 5306 593 5362 bantur
633 5307 802 5379 signa
842 5311 901 5362 et
933 5304 1203 5378 prodigia
1260 5306 1449 5361 multa
1506 5307 1567 5361 in
1626 5307 1864 5378 populo.
1901 5307 1969 5360 Et

312 5419 339 5445 κ
367 5401 543 5451 erant
568 5397 939 5452 unanimiter
969 5411 1180 5451 omnes
1211 5395 1274 5450 in
1318 5396 1551 5467 porticu
1611 5396 1963 5450 Salomonis.

310 5507 341 5533 α
371 5487 735 5543 Οωιει-οινιιω
765 5491 970 5545 autem
1001 5500 1177 5540 nemo
1201 5484 1457 5540 audebat
1477 5501 1539 5540 se
1571 5484 1691 5539 illis
1725 5485 1970 5557 conjun-

368 5687 414 5725 ⁸³
445 5688 589 5745 Gen.
623 5688 683 5743 ιὶι
708 5704 878 5759 seqq.

957 5682 1009 5718 5’
1041 5688 1199 5739 Prov.
1235 5699 1348 5750 xix,
1380 5685 1468 5738 25.
1545 5681 1593 5719 ⁶⁰
1631 5682 1782 5739 Psal.
1818 5697 1897 5750 ix,
1931 5684 1984 5739 5.

2050 3252 2255 3327 οιμίοις
2283 3256 2380 3307 τοῦ
2410 3253 2583 3326 νόμου
2621 3248 2962 3328 παραϐάτην,
2993 3252 3083 3307 καὶ
3114 3250 3200 3307 ἐπὶ
3264 3251 3462 3327 βραχεῖ
3518 3251 3696 3323 ἀμαρ-

2046 3345 2250 3415 τήματι
2305 3342 2739 3411 καταλευσθῆναι
2796 3342 3111 3415 προσέταξε,
3165 3342 3256 3396 τὸν
3333 3340 3462 3396 Θεὸν
3521 3339 3684 3416 φέσας

2048 3433 2428 3509 ἀποφήνασθαι
2456 3431 2640 3501 τοῦτο,
2673 3432 2750 3489 Τὸ
2784 3429 2831 3486 δ’
2864 3431 2991 3487 αὐτὸ
3040 3431 3130 3486 καὶ
3179 3430 3267 3485 ἐπὶ
3314 3433 3420 3485 τῶν
3476 3449 3693 3502 πρωτο-

2048 3521 2329 3591 πλάστων,
2370 3522 2459 3577 ἐπὶ
2516 3521 2680 3592 ξύλου
2732 3520 2913 3599 γεύσει
2971 3518 3113 3575 οὕτω
3171 3518 3688 3581 καταδικασθέντων.

2049 3616 2262 3685 Λοιμοῦ
2320 3612 2422 3687 γὰρ
2513 3612 2947 3687 μαστιγουμένου
3024 3609 3455 3685 πανουργότερος
3512 3605 3695 3684 ἄφρων

2049 3699 2274 3775 γίνεται,
2324 3701 2461 3754 κατὰ
2516 3702 2613 3769 τὴν
2655 3700 2800 3775 ἱεράν
2882 3700 3199 3775 παροιμίαν.
3265 3700 3421 3752 Ὥστε
3475 3695 3565 3750 καὶ
3604 3692 3692 3748 ἐπὶ

2051 3789 2258 3844 τούτων
2288 3791 2322 3858 ἡ
2355 3789 2595 3863 τιμωρία
2638 3789 2713 3852 εἰς
2750 3785 2939 3862 κέρδος
2991 3788 3362 3865 προύχώρησε
3411 3788 3527 3844 τοῖς
3556 3801 3695 3857 παρ-

2056 3882 2174 3932 οὖσι
2197 3879 2283 3932 καὶ
2315 3878 2483 3951 ὁρῶσι
2538 3877 2605 3931 τά
2653 3874 2926 3951 δρώμενα.
2989 3876 3179 3933 Καίτοι
3244 3896 3304 3949 γε
3355 3872 3446 3928 καὶ
3505 3869 3693 3926 ἄλλων

2054 3960 2372 4039 προϐάντων
2406 3966 2673 4037 σημείων,
2732 3962 2857 4018 ἀλλ’
2919 3964 3019 4019 οὐκ
3070 3967 3134 4032 ἦν
3193 3958 3361 4037 φόϐος
3413 3963 3693 4019 τοσοῦτος.

3474 4052 3558 4106 Ἐν
3605 4048 3706 4124 γὰρ

2057 4149 2173 4205 τοῖς
2207 4143 2387 4218 ἔργοις
2417 4147 2526 4196 τῶν
2576 4148 2778 4216 χειρῶν
2840 4142 3024 4209 αὐτοῦ,
3082 4147 3178 4196 τοῦ
3238 4138 3573 4216 ἀμαρτωλοῦ
3629 4137 3709 4209 τῷ

2063 4234 2144 4290 ἔπ’
2177 4233 2383 4288 ἐκεῖνον
2407 4230 2641 4305 δράματι
2673 4232 2700 4284 ὁ
2736 4233 3006 4305 σωτήριος
3061 4230 3292 4285 τίκτεται
3338 4234 3457 4289 τοῖς
3516 4225 3713 4286 ἄλλοις

2062 4317 2250 4402 φόϐος.
2281 4324 2480 4396 ’Ὠσπερ
2514 4321 2601 4376 καὶ
2637 4320 2724 4374 ἐπὶ
2753 4325 2850 4375 τοῦ
2880 4322 3007 4390 Ὀζᾶ
3037 4326 3135 4389 τῆς
3165 4317 3459 4393 τιμωρίας.
3511 4320 3574 4371 Ἦ
3610 4315 3714 4391 γὰρ

2060 4413 2257 4467 τούτου
2287 4409 2515 4472 κόλασις
2547 4405 2716 4487 φόϐος
2753 4409 2956 4482 ὑπῆρξε
2983 4414 3099 4473 τοῖς
3128 4406 3386 4472 πολλοῖς,
3419 4406 3495 4468 ὠς
3528 4406 3596 4460 τὰ
3628 4408 3709 4476 τῷ

2072 4504 2193 4573 Οεῷ
2230 4500 2548 4574 ἀνακείμενα
2586 4500 2831 4579 ἀνέπαφα
2885 4504 3002 4562 τοῖς
3045 4498 3275 4573 ἀνιέροις
3326 4494 3717 4569 διατηρεῖσθαι.

2067 4589 2501 4663 Ἐπισημαντέον
2545 4587 2602 4644 δὲ
2632 4588 2864 4644 ἐντεῦθεν
2906 4588 3012 4642 ἂπὸ
3062 4608 3123 4664 γε
3180 4588 3276 4655 τῆς
3327 4585 3555 4660 ἐκφορᾶς
3610 4586 3717 4636 τῶν

2069 4685 2271 4754 νεκρῶν
2342 4679 2589 4735 Ἀνανίου
2640 4677 2729 4732 καὶ
2778 4684 2878 4746 τῆς
2937 4675 3188 4750 γυναικὸς
3250 4673 3433 4743 αὐτοῦ,
3494 4670 3582 4726 διὰ
3610 4675 3717 4725 τῶν

2072 4767 2247 4823 αὐτῶν
2322 4765 2721 4843 νεκροστόλων,
2801 4762 3309 4843 καταφρονούμενον
3378 4762 3470 4817 τὸν
3530 4761 3718 4833 νόμον.

2074 4855 2208 4914 Θύδὲ
2259 4858 2360 4934 γὰρ
2420 4858 2471 4909 οἳ
2528 4859 2718 4930 νεκροῦ
2768 4855 3036 4929 ἁψάμενοι
3099 4854 3367 4922 Ἀνανίου,
3423 4852 3720 4927 ἀκάθαρτοι

2075 4944 2343 5019 διέμειναν
2375 4943 2478 5007 ἓως
2509 4946 2752 5018 ἑσπέρας,
2785 4942 2911 4998 ἀλλ’
2949 4944 3000 4998 οἱ
3026 4942 3181 4998 αὐτοὶ
3212 4942 3303 4997 καὶ
3334 4947 3413 5015 τῷ
3460 4948 3561 5011 τῆς
3621 4961 3719 5015 γυ-

2072 5037 2256 5098 ναικὸς
2285 5035 2629 5111 ὑπούργησαν
2660 5037 2857 5108 νεκρῷ.

2058 4053 2217 4111 Οὕτω
2274 4054 2593 4127 γινώσκεται
2655 4053 2850 4127 Κύριος
2896 4056 3137 4127 κρίματα
3192 4056 3389 4110 ποιῶν.

2149 5238 2177 5266 α
2214 5212 2311 5268 Διά
2341 5209 2397 5267 δὲ
2427 5216 2535 5266 τῶν
2560 5216 2761 5290 χειρῶν
2794 5216 2899 5266 τῶν
2930 5208 3253 5267 ἀποστόλων
3289 5207 3491 5280 ἐγένετο
3525 5209 3726 5275 σημεῖα

2082 5327 2109 5355 ‹‹
2143 5302 2234 5357 καὶ
2266 5303 2462 5378 τέρατα
2496 5300 2547 5356 ἐν
2578 5306 2657 5374 τῷ
2710 5301 2829 5373 λαῷ
2884 5298 3091 5357 πολλά.
3130 5299 3223 5355 Καὶ
3272 5298 3407 5365 ἦσαν
3440 5297 3728 5367 ὁμοθυμα-

2082 5415 2109 5445 ‹‹
2143 5390 2233 5447 δὸν
2267 5391 2496 5455 ἅπαντες
2512 5390 2563 5445 έν
2594 5394 2664 5464 τῇ
2720 5395 2851 5449 στοᾶ
2894 5390 3281 5461 Σολομῶντος.
3319 5388 3469 5453 Τῶν,
3526 5381 3585 5437 δὲ
3607 5383 3726 5438 λοι-

2080 5506 2107 5535 α
2140 5485 2257 5537 πῶν
2288 5478 2465 5543 οὐδεὶς
2523 5478 2731 5555 ἐτόλμα
2758 5478 3062 5542 κολλᾶσθαι
3111 5476 3295 5539 αὐτοῖς
3351 5474 3482 5531 ἀλλ’
3533 5472 3729 5548 ὲμεγά-

2060 5682 2104 5720 ⁸1
2135 5682 2186 5737 II
2211 5685 2347 5754 Reg,
2382 5696 2456 5749 1v,
2490 5682 2513 5733 1
2554 5695 2724 5751 seqq.
