4098 6260
433 291 544 351 Hi

1550 285 1977 349 (ECUMENII
2022 281 2329 343 TBICUE
2372 283 2719 350 EPISCOPI

3711 306 3818 367 ιη

432 444 456 477 α
492 440 651 496 gere,
685 424 786 479 sed
809 423 1231 496 magniﬁcabat
1249 439 1347 478 eos
1365 421 1638 494 populus.
1667 420 1846 492 Magis
1876 423 2039 474 auter

2193 441 2215 468 ι
2252 415 2425 508 λυνενν
2465 419 2660 483 αὐτοὺς
2712 422 2740 476 6
2799 422 2949 486 λαός.
3029 425 3258 484 Μᾶλλον
3332 427 3390 485 δὶ
3454 435 3816 508 προσετίθεντο

431 537 457 565 ‹‹
491 516 852 571 accedebant
878 516 1188 572 credentes
1221 516 1490 581 Domino,
1520 513 1836 570 multitudo
1859 529 2072 584 nempe

431 627 459 654 «
503 606 767 660 virorum
800 606 975 661 simul
1010 622 1077 661 ac
1109 605 1449 672 mulierum,
1481 603 1563 658 ita
1591 608 1657 657 ut
1712 619 1818 674 per
1847 601 2072 674 plateas

430 717 457 747 ‹‹
492 698 772 751 eﬂ‘errent
829 697 1118 760 inﬁrmos,
1179 699 1585 766 ponerentque
1637 695 1698 748 in
1749 693 1984 749 lectulis
2016 697 2072 747 et

428 807 456 836 «
490 785 812 858 grabbatis,
840 792 907 841 ut
936 786 1225 841 venientis
1284 785 1438 840 Petri
1487 785 1577 838 vel
1615 783 1826 838 umbra
1857 799 2067 854 quem-

425 898 453 926 ‹‹
494 877 654 948 piam
685 877 926 931 illorum
961 876 1360 931 obumbraret-
1421 874 1815 930 Conveniebat
1869 879 2067 929 autem

425 987 452 1016 «
493 972 552 1020 et
609 967 926 1022 multitudo
992 966 1316 1021 vicinarum
1367 966 1668 1020 civitatum
1715 963 2064 1029 Jerusalem,

423 1078 451 1105 «
486 1056 742 1110 aﬁ‘erens
764 1073 951 1128 agros
978 1072 1043 1110 ac
1068 1060 1305 1110 vexatos
1331 1072 1364 1110 a
1381 1053 1685 1126 spiritibus
1715 1052 2064 1119 immundis,

423 1168 449 1194 ‹‹
484 1147 584 1215 qui
617 1146 982 1201 sanabantur
1013 1161 1240 1200 omnes.
1279 1168 1305 1194 »

491 1236 571 1291 Tu
593 1252 728 1290 vero
754 1235 894 1290 mihi
926 1236 1157 1290 intuere
1188 1234 1485 1305 quomodo
1516 1233 1920 1305 apostolorum
1944 1231 2064 1287 vita

420 1326 796 1397 procedebat.
831 1325 1089 1381 Tristitia
1129 1326 1386 1396 primum
1427 1324 1646 1379 accidit
1694 1328 1936 1395 propter
1965 1338 2059 1377 as-

418 1417 840 1486 sumptionem,
863 1414 1079 1470 deinde
1111 1415 1318 1469 laetitia
1340 1419 1581 1485 propter
1603 1412 1856 1484 Spiritus
1870 1410 2059 1467 sancti

417 1505 772 1560 descensum
805 1521 818 1560 :
855 1522 1090 1559 rursum
1123 1504 1364 1558 tristitia
1395 1508 1637 1574 propter
1681 1501 2060 1557 subsannan-

419 1600 524 1660 tes,
551 1593 765 1649 deinde
784 1594 990 1649 laetitia
1007 1599 1249 1665 propter
1268 1593 1474 1647 ﬁdeles
1493 1597 1550 1646 et
1567 1592 1785 1647 factum
1801 1591 2055 1662 signum:

412 1682 486 1738 ad
516 1683 642 1737 haec
700 1683 940 1738 tristitia
966 1682 1124 1753 quod
1156 1686 1522 1748 tenerentur,
1579 1678 1792 1735 deinde
1851 1679 2056 1734 laatitia

409 1779 650 1845 propter
678 1773 1148 1844 responsionem.
1183 1774 1402 1827 Iterum
1435 1772 1532 1826 hic
1560 1788 1594 1825 a
1625 1769 1808 1842 signis
1839 1773 1897 1823 et
1917 1767 2049 1861 illus
2085 1795 2132 1861 B

410 1864 694 1919 stratione
726 1863 954 1930 laetitia,
989 1864 1091 1918 sed
1119 1879 1398 1918 asummo
1429 1862 1732 1917 sacerdote
1765 1867 1821 1915 et
1841 1860 2051 1929 bisqui

411 1969 511 2007 eos
567 1953 1148 2026 comprehenderunt
1203 1952 1460 2006 tristitia.
1506 1951 1768 2023 Idipsum
1815 1965 2052 2020 quoque

407 2041 566 2114 apud
590 2049 816 2098 veteres
856 2047 1147 2114 quotquot
1186 2042 1357 2113 juxta
1413 2042 1515 2095 Dei
1573 2045 1867 2113 praecepta
1894 2039 2049 2093 vixe-

409 2138 550 2186 runt
580 2133 876 2203 quispiam
910 2132 1172 2186 invenire
1204 2131 1438 2203 poterit.
1473 2133 1553 2186 Ne
1585 2130 1817 2184 mireris
1849 2133 2049 2185 autem

410 2221 708 2292 quomodo
741 2239 774 2276 a
796 2222 918 2276 suis
949 2221 1224 2276 domibus
1279 2219 1673 2286 discedentes,
1733 2220 1793 2273 in
1824 2217 2047 2288 templo

408 2311 795 2366 versabantur
797 2311 970 2382 juxta
981 2310 1275 2381 porticum
1295 2309 1650 2376 Salomonis,
1675 2313 1733 2363 et
1753 2307 2048 2379 quomodo

405 2400 924 2470 permittebantur.
956 2401 1082 2453 lam
1115 2400 1272 2454 enim
1323 2399 1554 2454 cunctis
1609 2398 1819 2453 terrori
1879 2401 2050 2452 erant

400 2495 642 2562 prepter
660 2489 1106 2544 multitudinem
1128 2489 1432 2561 signorum
1461 2503 1568 2558 per
1597 2503 1698 2542 eos
1731 2486 2045 2542 editorum.

401 2579 544 2633 Nam
575 2579 686 2633 hoc
729 2579 906 2633 etiam
955 2578 1081 2631 vult
1120 2578 1454 2648 signiﬁcare
1507 2594 1577 2630 ex
1613 2592 1680 2630 eo
1716 2575 1873 2646 quod
1905 2577 1990 2630 ait
2031 2592 2044 2631 :

401 2690 426 2716 ‹‹
460 2668 570 2720 Per
598 2683 810 2721 manus
838 2683 971 2720 vero
1005 2667 1409 2737 apostolorum
1433 2665 1762 2720 edebantur
1792 2666 1960 2737 signa
1989 2671 2049 2720 et

400 2755 669 2826 prodigia
702 2755 887 2809 multa
921 2755 982 2808 in
1013 2754 1253 2826 populo,
1286 2777 1313 2804 »
1351 2754 1668 2824 statimque
1700 2754 2044 2826 subjungit:

398 2866 426 2893 «
461 2845 815 2899 Caeterorum
849 2851 1045 2899 autem
1079 2861 1253 2900 nemo
1285 2844 1540 2900 audebat
1568 2862 1628 2899 se
1684 2845 2044 2917 conjungere

395 2931 537 3001 illis,
571 2955 598 2982 ››
621 2934 731 2988 hoc
755 2939 862 2997 est,
883 2950 1076 3004 neque
1098 2933 1170 2988 ad
1204 2934 1362 3006 ipsos
1386 2935 1701 3004 quisquam
1723 2935 2046 3006 appropin-

395 3030 576 3092 quare
589 3022 864 3079 audebat.
883 3023 981 3077 46
999 3046 1024 3072 ‹‹
1043 3021 1154 3078 Sed
1173 3023 1592 3096 magniﬁcabat
1605 3039 1705 3077 eos
1718 3023 1991 3095 populus.
2015 3044 2042 3072 »

392 3110 727 3176 Quisnam?
786 3113 1083 3168 Judaicus.
1147 3111 1348 3177 Quos?
1401 3111 1734 3183 Apostolos.
1796 3113 1866 3166 Et
1901 3111 2042 3182 quid

392 3206 517 3255 erat
546 3201 1088 3274 magnifaciendum
1118 3205 1145 3256 ?
1175 3201 1339 3266 Quod
1369 3202 1584 3256 Christi
1616 3201 1756 3256 ﬁdei
1787 3203 2042 3257 assenti-

392 3294 543 3343 rent.
579 3292 872 3345 Praeterea
907 3292 1083 3345 etiam
1109 3290 1266 3361 quod
1291 3291 1561 3346 inﬁrmos
1593 3307 1730 3345 suos
1762 3293 2042 3347 efferrent

394 3379 550 3433 cives
583 3379 644 3433 in
679 3380 837 3434 vicos
883 3385 941 3433 et
1005 3379 1231 3450 plateas
1290 3379 1540 3434 civitatis
1599 3380 1660 3433 in
1717 3379 1950 3435 lectulis
1983 3386 2040 3434 et

390 3467 708 3540 grabbatis,
732 3474 798 3522 ut
826 3486 931 3540 per
961 3468 1231 3522 umbram
1272 3468 1428 3522 Petri
1459 3468 1866 3540 prolongatam
1897 3486 2036 3524 con-

391 3563 782 3629 sequerentur
799 3557 1246 3629 salutem,quod
1273 3557 1334 3612 in
1365 3557 1595 3612 Christo
1625 3574 1746 3612 non
1769 3559 2032 3630 contigit.

391 3647 616 3703 Sedille
639 3649 749 3703 hoc
782 3665 1017 3720 quoque
1034 3665 1181 3718 opus
1223 3646 1578 3719 promiserat
1608 3663 1741 3702 cum
1774 3646 2032 3715 diceret;

386 3736 536 3801 «Qui
554 3737 814 3791 creditin
833 3753 925 3791 me
945 3752 1126 3807 opera
1138 3752 1268 3806 quas
1296 3751 1398 3807 ego
1412 3734 1563 3789 facio
1578 3734 1957 3805 etillefaciet,
1977 3741 2036 3791 et

384 3824 476 3880 his
494 3826 722 3896 majora
738 3824 991 3880 faciet”.
1012 3826 1254 3895 ultaque
1270 3823 1446 3879 etiam
1461 3823 1585 3878 haec
1600 3840 1633 3879 a
1649 3824 2032 3894 promittente

384 3915 615 3970 Christo
646 3917 1024 3988 contigerunt
1053 3915 1356 3987 apostolis,
1384 3919 1443 3970 et
1475 3930 1612 3986 erga
1642 3931 1742 3970 eos
1772 3916 1871 3986 qui
1905 3932 2030 3970 cre-

385 4003 605 4059 debant
635 4011 693 4059 et
719 4022 854 4075 erga
877 4022 977 4060 eos
1011 4005 1110 4075 qui
1139 4005 1500 4060 curabantur
1531 4009 1589 4058 et
1618 4005 1776 4059 circa
1806 4021 1906 4060 eos
1929 4005 2030 4076 qui

383 4093 804 4164 puniebantur,
839 4095 1032 4166 qualis
1072 4095 1184 4150 fuit
1236 4094 1518 4150 Ananias.
1552 4095 1696 4149 Nam
1729 4095 1836 4149 etsi
1876 4097 2031 4165 Apo-

382 4183 520 4237 stoli
550 4183 816 4239 modeste
858 4185 930 4238 de
961 4201 1021 4239 se
1055 4185 1403 4249 sentientes,
1435 4183 1856 4238 miraculorum
1891 4199 2025 4254 ope-

377 4275 640 4329 rationes
697 4275 772 4330 ad
805 4279 1232 4346 praecentorem
1281 4271 1638 4342 referebant,
1672 4289 1779 4343 per
1807 4289 2026 4329 nomen

377 4361 505 4431 ejus
538 4362 663 4418 haec
695 4362 1051 4417 efﬁcientes:
1085 4367 1347 4416 attamen
1363 4361 1475 4414 vita
1495 4377 1700 4416 eorum
1724 4362 2024 4434 virtusque

373 4466 506 4506 vere
540 4452 902 4525 evangelica,
937 4450 1151 4506 idonea
1183 4457 1308 4505 erat
1337 4467 1468 4520 quae
1515 4450 1841 4521 plurimum
1901 4453 2022 4508 col-

2188 528 2207 554 α
2245 507 2587 600 πιστεύοντες
2616 514 2695 583 τῷ
2735 511 2938 588 Κυρίῳ,
2997 513 3188 587 πλήθη
3224 513 3428 592 ἀνδρῶν
3483 507 3540 576 τε
3591 522 3678 578 καὶ
3723 547 3816 600 γυ-

2180 617 2207 645 ‹‹
2241 600 2459 666 ναικῶν,
2519 595 2659 655 ὥστε
2737 603 2878 658 κατά
2931 604 3030 666 τὰς
3103 603 3366 671 πλατείας
3415 607 3646 690 ἐκφέρειν
3697 595 3816 680 τοὺς

2179 708 2208 737 «
2240 685 2494 760 ἀσθενεῖς,
2527 691 2617 744 καὶ
2669 691 2871 756 τιθέναι
2930 693 3016 750 ἐπὶ
3084 696 3285 754 κλινῶν
3336 702 3426 755 καὶ
3465 685 3809 777 κραϐὃάπων,

2179 799 2207 828 ι(
2237 775 2325 830 ἳνα
2358 775 2662 853 ἐρχομένου
2724 781 2930 858 Πέτρου
2991 786 3087 841 κάν
3116 789 3151 856 ἡ
3192 788 3318 844 σκιά
3373 775 3652 867 ἐπισκιάσῃ
3705 775 3807 850 τινῖ

2178 888 2200 916 ι
2231 864 2434 956 αὐτῶνι
2465 871 2780 946 Συνήρχετο
2814 869 2872 927 δὲ
2921 875 3007 929 καὶ
3042 875 3105 930 τὸ
3151 875 3365 947 πλῆτος
3394 885 3500 935 τῶν
3529 864 3676 956 πέριξ
3707 886 3806 939 πό-

2175 978 2197 1008 σ
2235 953 2372 1050 λεων
2397 955 2483 1050 εἷς-
2506 959 2892 1050 Ἰερουσαλήμ,
2925 963 3172 1038 φέροντες
3219 964 3458 1032 ἀσθενεῖς
3487 970 3578 1025 καὶ
3601 953 3808 1050 ’ὀχλου-

2173 1066 2201 1094 ‹‹
2237 1043 2429 1136 μένους
2466 1047 2567 1136 ὑπὸ
2624 1051 2943 1124 πνευμάτων
2977 1055 3320 1130 ἀκαθάρτων,
3378 1055 3581 1123 οτίτινες
3626 1043 3811 1136 ἐθερα-

2175 1155 2204 1186 ιι
2235 1133 2465 1190 πεύοντο
2496 1135 2749 1202 ἅπαντες.
2787 1162 2812 1194 ο

2237 1226 2376 1316 ἶΌρα
2407 1223 2463 1280 δὲ
2497 1249 2592 1300 μοι
2621 1235 2740 1292 πῶς
2771 1232 2799 1286 6
2829 1236 2934 1288 τῶν
2996 1233 3324 1292 ἀποστόλων
3379 1237 3645 1316 ὑφαίνετο
3666 1239 3809 1316 βίος.

2168 1313 2414 1403 ξΑθυμία
2437 1319 2627 1391 πρώτη
2688 1319 2874 1397 γέγονε
2927 1319 3017 1378 διὰ
3069 1325 3171 1394 τὴν
3230 1313 3524 1403 ἀνάληψιν·
3557 1313 3691 1386 Εἶτα
3721 1331 3809 1386 εὐ-

2167 1401 2334 1474 θυμία
2364 1402 2451 1460 διά
2479 1407 2580 1475 τήν
2634 1409 2732 1463 τοῦ
2792 1410 3106 1485 Πνεύματος
3158 1401 3436 1479 κάθοδον(
3485 1419 3663 1474 Πάλιν
3694 1419 3820 1485 ἀθυ-

2168 1490 2265 1564 μία
2312 1490 2403 1548 διὰ
2455 1495 2583 1558 τοὺς
2641 1496 3027 1573 χλευάζοντας,
3089 1504 3204 1559 εἶτα
3253 1505 3483 1579 εὐθυμία
3545 1506 3640 1564 διὰ
3692 1510 3818 1574 τοὺς

2162 1583 2388 1647 πιστοὺς
2413 1585 2503 1640 καὶ
2533 1586 2595 1641 τὸ
2626 1593 2875 1659 σημεῖον.
2916 1591 3092 1647 Πάλιν
3124 1593 3332 1668 ἀθυμία
3391 1593 3480 1651 διὰ
3547 1598 3610 1652 τὸ
3655 1619 3820 1667 καταμ-

2163 1679 2446 1761 σχεθῆναι,
2493 1676 2611 1732 εἶτα
2668 1676 2898 1752 εὸθυμία
2957 1677 3048 1736 διὰ
3101 1689 3202 1753 τῆς
3261 1684 3588 1761 ἀπολογίας.
3642 1688 3814 1745 Πάλιν

2162 1759 2386 1850 ἐνταῦθα
2462 1764 2569 1819 ἀπὸ
2642 1771 2750 1821 τῶν
2811 1767 3055 1843 σημείων
3116 1772 3210 1827 καὶ
3260 1779 3360 1842 τῆς
3411 1759 3810 1850 λαμπρότητος

2167 1848 2417 1924 εὐθυμία,
2440 1852 2547 1908 ἀπὸ
2587 1851 2644 1909 δὲ
2699 1861 2795 1910 τοῦ
2855 1858 3156 1935 ἀρχιερέως
3193 1861 3284 1917 καὶ
3339 1868 3448 1918 τῶν
3505 1848 3820 1922 συλλαϐόν-

2163 1959 2273 1992 των
2332 1941 2552 2014 ἀθυμία.
2614 1944 2710 1999 Καὶ
2766 1945 2854 2000 ἐπὶ
2931 1953 3039 2004 τῶν
3099 1949 3347 2007 παλαιῶν
3405 1950 3462 2008 δὲ
3521 1953 3644 2010 ὅσοι
3689 1955 3824 2012 κατὰ

2165 2030 2293 2086 Θεὸν
2325 2029 2521 2102 ἔζησαν
2547 2035 2610 2089 τὸ
2643 2035 2776 2090 αὐτὸ
2808 2036 2955 2112 εὕροι
3010 2060 3091 2102 τις
3150 2041 3230 2101 ἂν.
3290 2043 3380 2112 Μὴ
3413 2046 3706 2118 θαυμάσῃς
3740 2045 3822 2118 δὲ,

2165 2121 2322 2198 φησὶ,
2378 2128 2495 2183 πῶς
2552 2129 2660 2180 τῶν
2714 2126 2918 2182 ἑαυτῶν
2971 2127 3157 2186 οἰκιῶν
3215 2131 3570 2206 ἀποστάντες,
3633 2136 3686 2192 ἐν
3743 2141 3823 2211 τῷ

2163 2210 2292 2284 ἱερῷ
2333 2208 2519 2288 διῆγον
2577 2214 2712 2269 κειτά
2763 2218 2862 2288 τὴν
2925 2219 3084 2274 στοὰν
3133 2220 3490 2296 Σολομῶνος,
3558 2227 3651 2282 καὶ
3705 2208 3821 2291 πῶς

2165 2307 2598 2377 συνεχωροῦντο.
2658 2300 2896 2383 Φοϐεροὶ
2947 2310 3053 2385 γὰρ
3109 2311 3246 2380 ἦσαν
3307 2311 3504 2370 ἅπασιν
3571 2314 3686 2386 ἤδη
3744 2321 3821 2389 τῷ

2160 2389 2363 2460 πλήθει
2432 2397 2542 2448 τῶν
2628 2391 2700 2449 δι’
2784 2397 2958 2454 αὐτῶν
3031 2399 3436 2478 ἐνεργουμένων
3493 2407 3818 2480 θαυμάτων.

2158 2485 2331 2536 Τοῦτο
2361 2482 2463 2558 γὰρ
2506 2484 2593 2538 καὶ
2658 2485 2917 2561 βούλεται
2967 2484 3168 2561 δηλοῦν
3202 2491 3253 2548 ἐν
3308 2499 3387 2566 τῷ
3444 2496 3676 2574 φάσκειν
3733 2499 3822 2570 τὸ,

2159 2594 2189 2622 ‹‹
2223 2571 2319 2626 Διὰ
2375 2577 2481 2626 τῶν
2536 2579 2752 2648 χειρῶν
2806 2582 2915 2632 τῶν
2967 2580 3288 2638 ἀποστόλων
3347 2571 3564 2659 ἐγίνετο
3619 2594 3824 2661 σημεῖα

2158 2659 2247 2714 καὶ
2279 2660 2469 2753 τέρατα
2500 2661 2685 2719 πολλὰ
2723 2664 2790 2753 έν
2824 2671 2904 2740 τῷ
2937 2666 3056 2742 λαῷ
3077 2693 3128 2740 ι),
3181 2671 3272 2727 καὶ
3325 2671 3478 2736 εὐθὺς
3511 2659 3820 2753 ἐπιφέρειν,

2161 2770 2186 2802 α
2219 2754 2333 2803 Τῶν
2365 2747 2422 2805 δὲ
2454 2749 2664 2807 λοιπῶν
2708 2752 2885 2818 οὐδεὶς
2936 2757 3145 2834 ἐτόλμα
3191 2759 3494 2827 κολλᾶσθαι
3549 2747 3768 2830 αὐτοῖς’
3794 2792 3822 2819 ι»

2155 2837 2450 2930 τουτέστιν,
2518 2838 2646 2930 οὐδὲ
2723 2845 3095 2922 προσεγγίζειν
3174 2870 3257 2911 τις
3328 2851 3516 2916 αὐτοῖς
3581 2853 3823 2930 ἐτόλμα.

2157 2951 2185 2978 ‹‹
2221 2927 2379 3016 ’ᾼλλ¹
2415 2927 2618 3002 ἔμελλε
2659 2932 2984 3008 μεγαλύνειν
3015 2937 3210 3002 αὐτοὺς
3270 2941 3298 2995 6
3357 2939 3506 3004 λαός.
3556 2971 3578 2995 ι
3615 2927 3761 3016 Τίςνς
3796 2947 3825 3002 6

2157 3015 2475 3080 Ἰουδαϊκός.
2549 3020 2758 3092 Τίνας;
2843 3024 2970 3087 τοὺς
3057 3027 3422 3093 ἀποστόλους.
3490 3035 3594 3090 Καὶ
3651 3035 3704 3090 τί
3750 3015 3825 3091 τὸ

2160 3104 2442 3180 μεγαλεῖον
2475 3126 2490 3176 ;
2520 3110 2582 3164 τὸ
2617 3111 2751 3183 μετά
2777 3117 2874 3167 τοῦ
2913 3117 2980 3188 τῇ
3030 3114 3208 3172 πίστει
3264 3118 3661 3193 προστίθεσθαι
3720 3128 3822 3182 τοῦ

2151 3195 2407 3269 Χριστοῦ,
2441 3195 2519 3252 ἔσι
2547 3199 2638 3254 καὶ
2679 3201 2806 3263 τοὺς
2837 3201 3074 3267 ἀσθενεῖς
3134 3206 3308 3263 αὐτῶν
3359 3207 3611 3286 ἐκφέρειν
3675 3215 3820 3270 κατᾶ

2147 3283 2240 3345 τὰς
2273 3285 2448 3358 ῥύμας
2478 3287 2689 3351 καὶτὰς
2739 3288 2998 3355 πλατείας
3047 3301 3146 3364 τῆς
3194 3283 3561 3359 πόλεως-ἐπὶ
3604 3302 3820 3360 κλινῶν

2146 3373 2234 3466 καὶ
2274 3371 2620 3449 κραϐϐάτων,
2675 3380 2750 3442 ὡς
2808 3379 2870 3435 ἃν
2927 3389 3028 3452 τῆς
3061 3391 3212 3448 σκιᾶς
3274 3387 3478 3463 Ηέτρου
3539 3390 3818 3466 ῥωννύειν

2145 3462 2543 3552 εὐμεγεθούσης
2615 3470 2953 3544 τυγχάνωσι.
3039 3473 3210 3550 Ὀπερ
3267 3462 3656 3552 ἐπιΧριστοῦ
3711 3482 3819 3538 οὐκ

2144 3548 2376 3642 ἐγένετο,
2412 3551 2558 3608 ἀλλὰ
2593 3555 2678 3610 ταὶ
2737 3561 2901 3614 τοῦτο
2956 3555 3109 3636 ἔργον
3170 3548 3268 3618 τοῦ
3325 3548 3824 3642 ἐπαγγειλαμένου

2141 3639 2231 3735 καὶ
2285 3640 2552 3706 εἰπόντος’
2619 3668 2643 3700 α
2677 3647 2733 3700 Ὀ
2788 3649 3055 3704 πιστεύων
3116 3650 3192 3714 εἷς
3263 3652 3361 3726 ἐμὲ
3395 3697 3410 3724 ,
3443 3639 3527 3712 -τά
3586 3639 3736 3735 ἔργα
3790 3663 3828 3718 ἃ

2141 3727 2250 3804 ἐγὼ
2308 3736 2477 3800 ποιῶ,
2532 3734 2778 3798 κάκεῖνος
2845 3740 3088 3809 ποιήσει,
3146 3738 3237 3796 καὶ
3301 3742 3521 3815 μείζονα
3579 3727 3823 3806 τούτων

2139 3822 2379 3890 ποιήσει.
2416 3846 2444 3873 ››
2473 3829 2630 3879 Ὥστε
2657 3825 2745 3880 καὶ
2800 3831 2967 3882 ταῦτα
3018 3829 3124 3884 ἀπὸ
3179 3835 3275 3886 τοῦ
3323 3831 3818 3911 ἐπαγγειλαμένου

2137 3913 2372 3982 Χριστοῦ
2417 3913 2652 3983 συνήντα
2701 3919 2818 3977 τοῖς
2874 3915 3228 3989 ἀποστόλοις,
3262 3919 3352 3978 διὰ
3400 3928 3508 3979 τῶν
3567 3947 3811 3986 πιστευ-

2139 3997 2364 4070 σάντων,
2426 3998 2515 4056 διά
2567 4006 2675 4057 τῶν
2726 4004 3194 4080 θεραπευομένων,
3257 4009 3346 4066 διὰ
3398 4017 3506 4068 τῶν
3555 4015 3811 4088 κολαζο-

2139 4088 2328 4162 μένων,
2363 4091 2437 4153 ὡς
2468 4093 2496 4146 6
2527 4093 2799 4157 Ἁνανίας.
2834 4095 2896 4152 Εἰ
2937 4097 3039 4173 γὰρ
3091 4098 3182 4153 καὶ
3213 4099 3366 4156 αὐτοὶ
3403 4103 3454 4158 οἱ
3481 4103 3812 4168 ἀπόστολοι

2138 4184 2669 4257 μετριοφρονοῦντες,
2752 4188 2832 4256 τῷ
2918 4181 3224 4264 ὃιδασκάλῃ
3310 4189 3617 4250 ἀνετίθεσαν
3698 4201 3809 4263 τὰς

2132 4268 2585 4345 θαυματουργίας,
2619 4271 2671 4326 ἐν
2702 4277 2782 4346 τῷ
2814 4272 3038 4346 ὀνόματι
3097 4277 3264 4333 αὐτοῦ
3318 4280 3518 4345 ταύτας
3574 4305 3815 4360 συμπι-

2133 4357 2465 4430 ραινόμενοι,
2491 4358 2635 4416 ἀλλά
2665 4362 2754 4416 καί
2788 4363 2815 4417 6
2851 4363 2969 4438 βίος
3003 4364 3177 4422 αὐτῶν
3237 4369 3326 4423 καὶ
3358 4371 3393 4440 ἡ
3429 4371 3591 4447 ἀρετή
3647 4357 3815 4434 ἀπο-

2131 4446 2359 4516 στολική
2419 4448 2551 4503 οῦσα
2625 4451 2780 4506 ἱκανὰ
2851 4453 2914 4508 τὸ
2968 4454 3254 4530 μεγαλεῖον
3312 4454 3606 4534 βραϐεῦσαι
3667 4472 3807 4531 τοῖς

370 4541 736 4610 laudaretur,
795 4557 1193 4613 magnumque
1251 4545 1670 4611 assequeretur
1706 4543 2018 4613 praemium

2160 4536 2272 4592 ὕτω
2301 4537 2735 4616 προαιρουμένος
2771 4541 2952 4616 βιοῦν.

370 4628 432 4684 in
462 4629 554 4685 his
588 4631 687 4702 qui
717 4631 799 4686 ita
821 4630 1008 4685 vivere
1037 4629 1418 4702 delegissent.

1011 4719 1244 4775 CAPUT
1288 4720 1375 4775 VI.

372 4808 662 4880 Apostolos
693 4813 901 4884 carceri
951 4811 1181 4884 injectos
1205 4811 1456 4884 angelus
1485 4812 1585 4864 Dei
1615 4818 1770 4866 nocte
1796 4813 2011 4884 eduwit,

439 4897 634 4936 curam
666 4882 904 4948 tradens,
928 4888 992 4935 ut
1021 4882 1087 4935 ob
1117 4881 1329 4936 nullam
1351 4883 1648 4937 obstantem
1672 4881 2009 4953 prohibitio;

437 4969 555 5024 nem
588 4961 861 5008 cessarent
889 4971 924 5008 a
950 4953 1357 5022 pradicatione
1404 4955 1550 5020 Jesu,
1583 4957 1642 5008 in
1691 4971 1799 5024 quo
1844 4957 2011 5011 etiam

437 5023 679 5079 habetur
707 5025 856 5095 quod
887 5031 1079 5095 postea
1127 5027 1413 5094 pontiﬁces
1442 5041 1660 5080 rursum
1691 5023 1834 5090 ipsos
1863 5044 2010 5082 com—

426 5097 848 5168 prehendentes,
953 5103 1246 5168 postquam
1311 5098 1597 5166 jusserunt
1649 5113 1715 5151 ne
1770 5098 2008 5168 amplius

434 5167 711 5234 docerent,
737 5183 892 5240 caesos
915 5167 1258 5222 dimiserunt.
1313 5168 1630 5240 Gamalielis
1657 5168 1722 5223 de
1745 5167 2005 5240 apostolis

432 5240 703 5293 sententia
730 5239 904 5306 ﬁdelis
927 5256 1036 5293 una
1057 5255 1178 5294 cum
1201 5255 1324 5293 cum
1347 5239 1612 5308 exemplis
1631 5239 1912 5296 nonnullis
1940 5259 2003 5297 ac

431 5311 770 5364 evidentibus
791 5311 1235 5382 probationibus.

431 5410 491 5476 V,
525 5409 717 5466 17-26.
752 5433 779 5461 ‹‹
815 5412 1148 5484 Exsurgens
1179 5414 1376 5466 autem
1415 5409 1696 5483 princeps
1727 5411 1999 5468 sacerdo-

353 5516 381 5544 ‹‹
415 5500 541 5552 tum
573 5501 632 5551 et
661 5513 869 5554 omnes
901 5497 1000 5569 qui
1032 5515 1166 5554 cum
1219 5513 1286 5552 eo
1317 5501 1507 5565 erant,
1540 5514 1670 5568 quas
1721 5503 1810 5554 est
1839 5503 2000 5554 secta

419 5674 465 5710 “
483 5674 649 5735 Joan.
681 5693 795 5749 xiv,
829 5681 913 5734 12.

2765 4723 3024 4779 ΚΕΦΑΛ.
3069 4727 3130 4790 ζ’.

2123 4810 2243 4894 Ἔτι
2302 4809 2435 4894 τοὺς
2487 4807 2846 4894 ἀποστόλους.
2911 4805 3314 4894 ἐμβληθέντας.
3355 4817 3434 4886 τῷ
3491 4812 3811 4894 δεσμωτη-

2196 4877 2317 4952 ρίῳ,
2401 4877 2639 4954 ἅγγελος
2714 4886 2848 4937 Θεοῦ
2942 4877 3158 4959 νύκτωρ
3239 4877 3478 4959 ἐξέωσεν,
3556 4877 3809 4969 ἐπιτρέ-

2196 4953 2294 5006 dia:
2356 4951 2653 5006 ἀκωλύτως
2735 4952 3026 5006 κηρύσσειν
3113 4957 3203 5006 τὸν
3285 4959 3517 5006 Ἰτ.σοῦν-
3590 4963 3692 5006 Ἐν
3751 4967 3807 5006 π.

2192 4953 2294 5021 ψας
2356 4953 2653 5014 ἀκωλύτως
2735 4953 3026 5029 κηρύσσειν
3113 4953 3203 5011 τὸν
3274 4953 3519 5026 Ἶησοῦν.
3590 4953 3712 5018 ἘνΙ
3751 4967 3808 5041 ᾧ

2192 5024 2274 5077 ὅτι
2321 5041 2388 5096 τῃ
2424 5022 2545 5148 ἑξῆς
2579 5021 2773 5086 αὐτοὺς
2834 5025 2885 5079 οἷ
2935 5025 3002 5102 ἀρ
3058 5047 3099 5081 ιε
3138 5033 3213 5091 εῖς
3273 5028 3438 5086 πάλιν
3497 5031 3809 5101 συλλαϐό-

2194 5113 2368 5154 μενοι.
2489 5097 2542 5154 φ’
2623 5095 2669 5154 ὦ
2765 5096 2962 5154 μηκέτι
3008 5045 3334 5154 χδιὲάσκειν.
3427 5104 3809 5154 ιιαστίέαντι-ε-

2188 5113 2368 5220 gregi,
2461 5095 2542 5171 ἐφ’
2623 5095 2669 5166 ᾦ
2765 5095 3334 5186 μηκέτίῘδιδάσκειν,
3425 5104 3809 5197 μαστὶίξανῖες

2200 5187 2261 5244 ’π
2331 5184 2476 5244 υσαν.
2536 5165 2836 5244 Γαμαλιηλ
2907 5190 3106 5244 γνωμῃ
3178 5176 3355 5244 πιστὴ
3451 5195 3575 5244 περι
3661 5199 3800 5236 των

2189 5188 2476 5255 απεΛυσαν.
2536 5188 2836 5239 ιναμαΛιηΛ
2907 5190 3106 5244 γνωμῃ
3186 5188 3355 5244 πιστὴ
3451 5188 3575 5250 περί
3661 5188 3800 5236 τῶν

2189 5236 2510 5319 ἀποστόλων
2590 5238 2726 5309 μετὰ
2838 5238 3298 5319 παραδειγμάτων
3403 5250 3566 5301 τινῶν
3681 5254 3792 5310 καὶ

2183 5305 2527 5379 ἀποδείξεων.

2183 5430 2211 5458 ι(
2246 5407 2499 5468 Ἀναστὰς
2531 5401 2588 5460 δὲ
2617 5407 2646 5460 ό
2669 5405 2955 5484 ἀρχιερεὺς
2980 5411 3071 5465 καὶ
3109 5410 3304 5476 πάντες
3362 5415 3418 5468 οἱ
3469 5414 3559 5470 σὺν
3589 5413 3792 5493 αὐτῷ,

2110 5519 2138 5545 ‹‹
2167 5496 2202 5564 ἡ
2236 5495 2370 5550 οὗσα
2399 5491 2601 5570 αἵρεσις
2636 5499 2743 5550 τῶν
2770 5495 3154 5556 Σαδδουκαίων
3188 5501 3536 5576 ἐπλήσθησαν
3572 5491 3790 5576 ζήλου
