4098 6260
243 395 352 456 113

1326 397 1726 459 ΟΟΜΜΕΝΤ.
1772 398 1849 457 lN
1893 396 2101 457 ACTA
2149 392 2757 455 APOSTULORUM.

3623 386 3737 446 114

240 544 269 584 ι
297 526 392 582 καὶ
423 523 724 584 ἐπέϐαλον
786 530 902 596 τὰς
962 540 1165 612 χεῖρας
1196 530 1367 586 αὐτῶν
1417 527 1503 584 ἐπὶ
1563 529 1689 591 τοὺς
1747 527 1971 583 ἀποστό-

2089 550 2118 580 ιι
2151 526 2629 591 Sadducmorum,
2662 526 2872 597 repleti
2902 530 3039 581 sunt
3067 524 3466 590 aemulatione,
3498 528 3559 578 et
3587 524 3731 596 inje-

240 642 267 669 σι
309 616 476 686 λους,
508 618 611 672 καὶ
648 614 865 683 ἔθεντο
904 622 1118 685 αὐτοὺς
1148 620 1197 676 ἐν
1227 621 1455 695 τηρήσει
1486 616 1746 691 δημοσίᾳ.
1781 619 1976 693 Ἀγγε-

246 733 273 761 ι
307 706 410 770 λος
476 704 540 762 δὲ
606 708 839 785 Κυρίου
907 708 1007 766 διὰ
1057 718 1158 781 τῆς
1204 710 1390 771 νυκτὸς
1448 708 1631 780 ⁴ἤνοιξε
1659 707 1753 770 τὰς
1811 708 1973 783 θύρας

259 822 284 854 ι
313 806 419 868 τῆς
451 797 755 876 φυλακῆς,
794 799 1096 877 ἐξαγαγὼν
1146 797 1203 855 δὲ
1256 798 1449 861 αὐτοὺς
1479 800 1614 853 εἴπε-
1679 798 1974 871 Πορεύεσθε

266 914 299 941 ut
327 888 420 943 καὶ
445 886 749 951 σταθέντες
785 887 1032 945 λαλεῖτε
1082 886 1135 943 ἐν
1182 892 1261 960 τῷ
1315 887 1444 961 ἱερῷ
1491 890 1568 956 τῷ
1627 884 1744 958 λαῷ
1802 885 1976 940 πάντα

284 1001 318 1037 ι
342 979 411 1033 τὰ
442 978 671 1051 ῥήματα
732 984 843 1047 τῆς
911 983 1065 1049 ζωῆς
1125 976 1347 1047 ταύτης.
1382 974 1748 1036 Ἀκούσωντες
1782 970 1838 1027 δὲ
1864 973 1971 1028 εἶσ-

297 1092 329 1122 ι
354 1067 524 1138 ἦλθον
562 1068 673 1122 ὑπὸ
704 1068 805 1122 τὸν
852 1067 1057 1143 ὄρθρον
1107 1066 1181 1129 εἷς
1210 1066 1271 1120 τὸ
1303 1065 1469 1140 ἱερὸν,
1526 1063 1616 1119 καὶ
1668 1060 1969 1122 ἐδίδασκον.

315 1186 344 1212 κ
379 1160 827 1236 Παραγενόμενος
890 1155 950 1213 δὲ
995 1156 1339 1233 όάρχιερεὺς
1395 1154 1485 1211 καὶ
1542 1155 1595 1209 οἱ
1654 1155 1743 1207 σὺν
1802 1153 1969 1225 αὐτῷ,

310 1276 339 1303 κ
375 1249 728 1306 συνεκάλεσαν
766 1250 834 1303 τὸ
870 1245 1148 1323 συνέδριον
1179 1247 1268 1301 καὶ
1300 1251 1473 1300 πᾶσαν
1531 1246 1631 1313 τὴν
1687 1242 1967 1319 γερουσίαν

305 1344 470 1394 «τῶν
494 1339 626 1393 υἱῶν
677 1338 938 1414 Ἰσραὴλ,
999 1336 1090 1392 καὶ
1122 1334 1441 1391 ἀπεστειλαν
1511 1332 1587 1395 εῗς
1645 1333 1707 1387 τὸ
1753 1329 1965 1404 δεσμω-

301 1453 329 1481 ci
360 1430 587 1503 τήριον,
620 1427 863 1502 ἀχθῆναι
914 1426 1134 1487 αύτούς.
1188 1424 1253 1482 Οἳ
1312 1424 1369 1479 δὲ
1419 1422 1683 1498 ὑπηρέται
1722 1441 1965 1497 παραγε-

299 1544 327 1573 ι
359 1519 616 1590 νόμενοι,
649 1517 763 1592 οὐχ
793 1518 948 1592 εὗρον
994 1516 1185 1578 αὐτοὺς
1244 1514 1297 1568 ὲν
1350 1518 1431 1585 τῷ
1488 1512 1727 1590 φυλακῇ.
1801 1514 1967 1567 Ἀνα-

300 1633 327 1661 κ
364 1608 703 1683 στρέψαντες
751 1604 810 1662 δὲ
864 1604 1230 1683 ἀπήγγειλαν,
1290 1603 1566 1683 λέγοντες,
1623 1604 1707 1658 δτι
1764 1602 1833 1656 Τὸ
1870 1604 1965 1674 μὲν

295 1720 325 1749 α
356 1695 752 1773 δεσμωτήριον
845 1696 1073 1771 εὕρομεν
1145 1693 1521 1766 κεκλεισμένον
1579 1691 1630 1747 ἐν
1689 1692 1833 1766 πάσῃ
1871 1692 1963 1747 ἀσ-

294 1812 322 1839 α
356 1785 590 1863 φαλείᾳ,
622 1784 715 1840 καὶ
767 1784 894 1847 τοὺς
954 1784 1200 1864 φύλακας
1255 1776 1356 1853 ἔξω
1418 1782 1651 1843 ἑστῶτας
1702 1781 1809 1855 πρὸ
1855 1785 1962 1835 τῶν

295 1900 321 1927 ιι
359 1879 565 1965 θυρῷν.
630 1872 965 1965 Ἀνοίξαντες
1008 1870 1103 1965 δὲ,
1154 1867 1508 1965 ἔσω-οὐδένα
1564 1870 1810 1965 εὕρομεν.
1870 1871 1957 1965 Ὠς
1998 1900 2042 1965 Β

297 1988 324 2018 κ
358 1963 417 2020 δὲ
463 1963 718 2033 ἤκουσαν
775 1963 902 2026 τοὺς
950 1961 1148 2038 λόγους
1203 1962 1429 2023 τούτους
1479 1962 1508 2015 ὅ
1536 1981 1595 2015 τε
1650 1962 1822 2035 ἱερεὺς
1866 1962 1955 2015 καὶ

298 2056 379 2109 «ὁ
412 2055 730 2132 στρατηγὸς
789 2058 885 2109 τοῦ
946 2054 1095 2128 ἱεροῦ
1150 2050 1238 2106 καί
1298 2051 1349 2106 οἷ
1410 2051 1706 2129 ἀρχιερεῖς,
1767 2047 1959 2119 διηπό-

304 2169 331 2195 (ι
359 2164 483 2219 ρουν
511 2143 637 2217 περὶ
666 2142 872 2212 αὐτῶν,
911 2141 963 2197 τί
1022 2141 1083 2195 ἂν
1146 2140 1357 2219 γένοιτο
1416 2144 1601 2195 τοῦτο.
1656 2138 1963 2215 Παραγενό-

309 2258 339 2286 ι
382 2255 542 2306 μενος
596 2232 653 2289 δέ
681 2254 765 2295 τις
824 2231 1146 2308 ἀπέγγειλεν
1194 2231 1406 2300 αὐτοῖς,
1438 2230 1522 2285 ὅτι
1582 2226 1721 2286 Ἰδοὺ
1772 2230 1825 2284 οἱ
1874 2226 1968 2282 ἄν-

326 2343 349 2371 ι
384 2320 505 2394 δρες
548 2324 635 2386 οὒς
690 2319 874 2387 ἔθεσθε
932 2321 984 2376 ὲν
1012 2324 1082 2395 τῇ
1113 2319 1351 2398 φυλακῇ,
1411 2317 1543 2375 είσὶν
1602 2318 1653 2374 ἐν
1708 2323 1786 2390 τῷ
1834 2319 1965 2392 ἱερῷ

324 2437 351 2466 ι
398 2413 626 2475 ἑστῶτες
644 2413 733 2467 καὶ
787 2408 1134 2473 διδάσκοντες
1163 2410 1254 2464 τὸν
1315 2408 1469 2468 λαόν.
1529 2408 1661 2464 Τότε
1718 2406 1966 2463 ἀπελθὼν

303 2527 335 2555 α
364 2503 396 2558 ὁ
431 2502 737 2577 στρατηγὸς
770 2501 862 2555 σὺν
892 2504 1011 2563 τοῖς
1045 2499 1360 2574 ὑπηρέταις,
1391 2498 1479 2553 καὶ
1514 2498 1715 2574 ἤγαγεν
1770 2495 1967 2558 αὐτοὺς

302 2615 332 2643 α
356 2591 419 2646 ού
456 2592 600 2665 μετά
632 2589 778 2665 βίας.
814 2614 841 2641 »ι

372 2681 601 2736 Τούτων
659 2677 1008 2754 τελουμένων
1065 2678 1168 2732 ὑπὸ
1224 2681 1331 2733 τῶν
1401 2677 1748 2749 ἀποστόλων,
1808 2675 1879 2732 δι’
1936 2674 1969 2729 ’ἀ

309 2770 399 2826 καὶ
431 2768 660 2839 πλῆθος
710 2773 790 2841 τῷ
842 2768 1155 2843 κηρύγματι
1213 2766 1658 2843 προσεπορίζετο,
1715 2767 1806 2821 καὶ
1862 2771 1970 2823 τῶν

308 2863 522 2914 πιστῶν
554 2858 621 2912 τὸ
652 2855 870 2926 πλῆθος
900 2856 1131 2931 πελάγει
1162 2854 1460 2928 ἐνάμιλλον
1510 2852 1619 2924 ἤδη
1679 2853 1969 2918 καθίστατο

296 2952 367 3022 τῇ
391 2950 520 3012 καθ’
576 2947 807 3010 ὲκάστθν
856 2943 1116 3001 ἐπιδόσει·
1177 2945 1427 3011 ἀναστὰς,
1480 2943 1666 3021 φησὶν,
1718 2946 1745 2999 ὁ
1780 2945 1971 3021 ἀρχιε-

301 3039 451 3112 ρεύς·
514 3036 772 3093 τουτέστι
818 3032 1111 3110 διεγερθεὶς
1146 3077 1159 3101 ,
1210 3034 1451 3105 κινηθεὶς
1526 3033 1612 3087 ἐπὶ
1663 3038 1780 3098 τοῖς
1825 3055 1973 3110 γινο-

308 3128 524 3201 μένοις,
554 3123 923 3201 σφοδρότερον
984 3122 1167 3186 αὐτοῖς
1224 3123 1545 3193 ἐπιτίθεται,
1580 3122 1816 3196 μάλιστα
1866 3128 1972 3178 τῶν

310 3213 703 3272 Σαδδουκαίων
781 3214 944 3270 αὐτὸν
1021 3212 1507 3288 ἀπανθρωπότερον
1587 3211 1914 3268 ἐκκαιόντων
1947 3256 1963 3281 ,
1996 3258 2038 3324 C

322 3306 338 3324 Ι
411 3307 422 3322 Ι
690 3308 715 3319 ο
1052 3302 1065 3324 Ι
1262 3303 1274 3321 ³
1329 3323 1336 3324 κ
1350 3308 1375 3318 ο
1499 3302 1517 3324 9,
1564 3323 1584 3324 η
1602 3323 1620 3324 7
1674 3303 1688 3324 ζ
1707 3323 1720 3324 κ
1736 3323 1740 3324 ,
1856 3323 1862 3324 κ
1881 3323 1888 3324 κ
1906 3303 1918 3319 ‘

690 3308 715 3319 ς

318 3306 583 3379 δρώντων
657 3308 721 3376 τῇ
792 3302 1135 3379 στυγουμένῃ
1217 3303 1402 3365 αὐτοῖς
1490 3302 1796 3371 ἀναστάσει,
1837 3303 1964 3364 τοὺς

322 3392 665 3455 ἀποστόλους
719 3395 776 3448 τὸ
829 3398 933 3448 πᾶν
965 3394 1388 3468 κατορθοῦντας.
1424 3393 1655 3466 Χριστὸν
1684 3393 1790 3467 γὰρ
1836 3392 1962 3446 ἀνα-

314 3484 513 3542 στάντα
570 3484 950 3561 κηρύσσοντες,
999 3483 1199 3553 ταύτης
1252 3482 1329 3545 εἷς
1388 3481 1567 3539 πίστιν
1608 3504 1673 3552 τη
1706 3487 1802 3538 τοῦ
1852 3485 1969 3538 ἀνα-

307 3576 538 3636 στάντος
560 3574 795 3648 όνόματι
839 3578 1375 3649 θαυματουργοῖωτες
1433 3572 1810 3650 ἀπεφαίνοντο,
1870 3572 1969 3628 οὐκ

306 3662 364 3719 ἃν
392 3668 561 3721 τοῦτο
598 3659 898 3736 συμϐαῖνον
933 3661 1049 3741 εἷ’γε
1105 3659 1301 3738 ψεῦδος
1356 3663 1419 3718 τὸ
1477 3668 1702 3737 πρᾶγμα
1746 3663 1965 3739 ὑπέτρε-

307 3773 422 3829 xcv.
458 3750 656 3816 Οὕτως
688 3754 783 3808 οὗν
825 3747 1286 3828 ὰτεθηριωμένοι
1336 3751 1424 3807 καὶ
1482 3753 1617 3826 πρὸς
1670 3753 1833 3829 φόνον
1863 3758 1971 3808 τῶν

309 3842 641 3899 ἀποστόλων
699 3842 1251 3917 παρασκευαζόμενοι,
1332 3840 1465 3903 τέως
1549 3842 1643 3913 μὲν
1720 3843 1968 3921 φυλακῆς

308 3931 585 4011 ἀστγαλεία
668 3931 1004 4007 συνέχουσιν,
1089 3930 1151 3985 οὐ
1237 3929 1504 4005 παρευθὺς
1554 3930 1837 4006 ἀγαγόντες
1892 3931 1968 3993 εἷς

306 4023 509 4098 κρίσιν,
577 4020 735 4076 αὐτοὶ
787 4018 844 4076 δὶ
866 4026 945 4093 τῷ
1001 4018 1277 4092 ἰνδοσίμῳ
1334 4021 1431 4090 τήν
1495 4020 1825 4096 μετάγνωσιν
1877 4020 1969 4076 αὖ·

310 4118 426 4175 τοῖς
470 4109 567 4166 διὰ
595 4115 695 4165 τοῦ
750 4107 901 4173 δέους
957 4116 1057 4180 τῆς
1122 4110 1309 4186 εἱρκῆς
1366 4110 1687 4185 πανούργως
1750 4108 1970 4185 μαιευό-

318 4222 494 4273 μενοι.
562 4202 798 4258 Ἐκεῖνοι
859 4200 955 4273 μὶν
997 4197 1092 4254 οὗν
1146 4199 1340 4263 οὕτως.
1394 4199 1522 4262 Θεὸς
1545 4196 1602 4254 δὲ
1630 4202 1698 4273 τῇ
1760 4198 1847 4254 διὰ
1871 4220 1970 4253 καο

319 4290 585 4366 κουργίαν
614 4283 885 4363 ἀναϐολῇ,
936 4287 1061 4351 τοὺς
1123 4290 1218 4364 μὲν
1276 4292 1354 4361 τῷ
1383 4288 1458 4350 είς
1496 4288 1669 4363 μάτην
1726 4308 1970 4358 πεπονη-

320 4384 546 4453 ρεῦσθαι
636 4378 963 4459 κατῄσχυνε,
1048 4379 1176 4442 τοὺς
1254 4376 1601 4441 ἀποστόλους
1656 4375 1715 4432 δὲ
1759 4381 1827 4450 τῇ
1886 4374 1975 4431 διὰ

322 4468 471 4533 θείου
533 4466 766 4543 ἀγγέλου
823 4474 925 4536 τῆς
980 4465 1229 4545 φυλακῆς
1288 4464 1493 4540 ἐκϐολῇ
1558 4466 1767 4540 μᾶλλον
1829 4466 1971 4521 ἐστε-

328 4557 521 4633 ρέωσε,
553 4554 708 4611 καὶᾶ
747 4556 859 4630 χρὴ
910 4554 1003 4610 καὶ
1063 4556 1187 4611 ὅποι
1245 4560 1782 4632 προσκαρτεροῦντας
1828 4554 1975 4629 ἐνερ-

2089 638 2114 670 α
2140 622 2350 672 cerunt
2369 632 2581 670 manus
2607 616 2669 670 in
2692 614 3012 685 apostolos,
3040 616 3133 669 47
3163 619 3605 684 posueruntque
3632 630 3733 670 eos

2088 728 2115 757 «
2149 707 2207 760 in
2233 705 2503 760 custodia
2523 704 2778 775 publica.
2804 704 3061 776 Angelus
3083 709 3279 757 autem
3306 703 3537 757 Domini
3560 709 3734 758 nocte

2084 817 2113 845 ‹‹
2148 795 2380 865 aperuit
2401 795 2553 849 ostia
2574 794 2852 859 carceris,
2899 793 3162 865 ipsisque
3188 792 3415 846 eductis
3438 792 3617 845 dixit:
3650 794 3732 847 Ite

2082 908 2111 935 «
2147 890 2203 939 et
2234 890 2456 939 stantes
2500 884 2560 937 in
2618 884 2837 954 templo
2892 883 3205 953 loquimini
3256 882 3474 953 populo
3534 883 3735 937 omnia

2084 996 2111 1023 ‹‹
2142 974 2322 1029 verba
2352 973 2483 1027 vitae
2513 974 2714 1044 hujus.
2750 976 2823 1027 At
2872 972 2981 1037 illi,
3034 989 3167 1026 cum
3218 972 3343 1026 haec
3402 971 3730 1040 audissent,

2087 1064 2509 1119 cintraverunt
2539 1062 2802 1117 diluculo
2836 1063 2896 1116 in
2951 1063 3240 1132 templum
3294 1079 3359 1116 ac
3417 1062 3727 1116 docebant.

2085 1174 2113 1208 ι
2142 1155 2477 1210 Adveniens
2510 1160 2707 1207 autem
2752 1152 3026 1223 princeps
3081 1152 3475 1218 sacerdotum,
3523 1158 3580 1205 et
3629 1152 3727 1222 qui

2084 1267 2107 1296 α
2146 1261 2280 1299 cum
2316 1261 2382 1298 eo
2418 1248 2609 1305 erant,
2669 1247 3140 1296 convocaverunt
3195 1242 3534 1307 concilium,
3594 1242 3728 1296 uni-

2079 1358 2107 1385 ‹‹
2140 1350 2495 1404 versumque
2527 1338 2802 1388 senatum
2832 1332 3091 1386 filiorum
3120 1331 3321 1396 Israel,
3349 1336 3406 1385 et
3436 1331 3730 1386 miserunt

2078 1446 2105 1474 ‹‹
2138 1424 2213 1479 ad
2243 1440 2568 1491 carcerem,
2596 1428 2660 1476 ut
2711 1422 2798 1476 illi
2856 1422 3313 1476 adducerentur.
3366 1421 3726 1476 Accedentes

2078 1538 2108 1567 «
2138 1520 2337 1570 autem
2370 1514 2630 1569 ministri
2664 1530 2783 1567 non
2815 1512 3174 1567 invenerunt
3204 1529 3302 1567 eos
3333 1514 3395 1567 in
3447 1530 3682 1568 carcere
3710 1531 3723 1568 :

2076 1612 2479 1683 «reversique
2538 1611 2967 1665 nuntiaverunt
3020 1611 3287 1666 dicentes
3346 1628 3357 1664 :
3417 1613 3725 1669 Carcerem

2078 1723 2107 1752 «
2138 1701 2379 1773 quidem
2401 1700 2669 1755 clausum
2694 1700 3031 1753 invenimus
3051 1716 3185 1754 cum
3209 1701 3369 1755 omni
3393 1699 3721 1771 diligentia,

2077 1813 2106 1841 «
2140 1795 2197 1845 et
2228 1789 2502 1844 custodes
2550 1788 2694 1843 foris
2748 1794 2992 1856 stantes,
3052 1806 3253 1843 verum
3303 1789 3400 1843 ubi
3453 1791 3721 1860 aperuis-

2075 1900 2105 1929 ‹‹
2138 1896 2357 1944 semus,
2391 1878 2891 1956 neminem'intus
2922 1879 3273 1949 reperimus.
3326 1878 3471 1932 Cum
3519 1884 3717 1934 autem

2074 1992 2101 2019 «
2145 1969 2453 2025 audissent
2516 1969 2623 2023 hos
2682 1984 2990 2023 sermones
3046 1973 3103 2022 et.
3168 1968 3432 2039 pontifex
3489 1974 3548 2023 et
3604 1968 3721 2024 dux

2072 2081 2100 2109 ‹‹
2131 2057 2338 2130 templi
2368 2058 2787 2129 principesque
2820 2057 3213 2124 sacerdotum,
3233 2058 3613 2127 ambigebant
3638 2058 3711 2114 de

2071 2149 2251 2203 «illis
2282 2148 2569 2219 quidnam
2609 2148 2719 2202 hoc
2776 2146 2996 2202 factum
3052 2151 3226 2202 esset.
3277 2147 3527 2213 Quidam
3574 2164 3708 2202 vero

2072 2260 2100 2287 «
2133 2238 2455 2293 adveniens
2484 2237 2777 2291 nuntiavit
2806 2237 2926 2291 eis:
2970 2238 3115 2291 Ecce
3171 2236 3274 2289 viri
3317 2254 3465 2307 quos
3510 2237 3714 2307 posui-

2072 2348 2100 2376 «
2135 2326 2241 2381 stis
2273 2327 2334 2380 in
2365 2342 2601 2380 carcere
2634 2330 2794 2379 stant
2850 2326 2911 2379 in
2953 2326 3174 2395 templo
3226 2325 3558 2396 docentque
3611 2344 3714 2396 po-

2078 2436 2106 2465 ‹‹
2136 2413 2365 2485 pulum.
2398 2415 2557 2468 Tunc
2588 2413 2734 2467 abiit
2763 2413 2879 2467 dux
2910 2429 3044 2467 cum
3074 2414 3388 2479 ministris,
3436 2430 3503 2469 ac
3551 2414 3719 2470 duxit

2075 2525 2103 2553 ι(
2136 2502 2272 2558 illos
2306 2502 2434 2557 sine
2466 2502 2541 2556 Vi.
2574 2523 2601 2552 ››

2146 2682 2245 2736 His
2276 2680 2348 2735 ab
2375 2680 2661 2752 apostolis
2717 2682 2994 2752 peractis,
3055 2686 3296 2752 propter
3336 2697 3468 2751 quas
3513 2682 3717 2737 multi-

2075 2770 2217 2826 tudo
2240 2770 2649 2841 praedicationi
2671 2770 3035 2837 attendebat,
3062 2774 3121 2824 et
3142 2770 3409 2825 fidelium
3430 2788 3717 2827 numerus

2074 2859 2421 2930 quotidiano
2446 2859 2813 2914 incremento
2839 2860 2965 2931 jam
3016 2860 3197 2914 maris
3227 2876 3423 2915 arenae
3473 2861 3719 2931 aequalis

2076 2949 2285 3005 ﬂebat:
2310 2949 3161 3020 exsurgens,inquit,princeps
3177 2950 3571 3017 sacerdotum,
3605 2951 3717 3007 hoc

2077 3044 2167 3094 est
2197 3043 2449 3103 erectus,
2483 3044 2813 3093 commotus
2842 3038 2916 3092 ob
2965 3055 3034 3092 ea
3092 3056 3224 3109 qua:
3273 3039 3713 3111 contingebant,

2074 3128 2483 3183 vehementius
2516 3127 2576 3182 in
2610 3144 2710 3182 eos
2744 3128 2949 3181 irruit:
2985 3128 3240 3182 maxime
3274 3127 3610 3183 Sadducaais
3633 3130 3719 3185 in-

2078 3215 2398 3269 humanius
2457 3231 2591 3269 eum
2650 3214 3181 3277 inﬂammantibus.
3243 3233 3376 3271 cum
3453 3216 3723 3271 viderent

2078 3303 2377 3376 apostolos
2410 3320 2646 3358 omnem
2678 3320 2910 3358 movere
2945 3304 3203 3375 lapidem
3235 3304 3308 3360 ad
3352 3306 3719 3377 probandam

2076 3394 2597 3462 resurrectionem,
2657 3394 2749 3448 cui
2815 3394 2927 3466 ipsi
3001 3394 3485 3451 adversabantur.
3576 3398 3720 3452 Cum

2079 3483 2239 3539 enim
2266 3483 2565 3539 Christum
2614 3484 3010 3539 resurrexisse
3068 3485 3481 3556 praedicarent,
3542 3487 3720 3543 etiam

2079 3572 2153 3627 ad
2180 3572 2638 3628 resurrectionis
2669 3574 3204 3639 conﬁrmationem,
3238 3576 3367 3646 ejus
3394 3577 3494 3647 qui
3527 3594 3718 3632 resur-

2078 3670 2313 3717 rexerat
2332 3663 2575 3717 nomine
2602 3663 2887 3718 miracula
2906 3664 3078 3718 edere
3123 3663 3685 3722 demonstrabantur
3708 3685 3720 3723 :

2080 3752 2237 3823 quod
2270 3769 2650 3824 nequaquam
2681 3754 3026 3825 contigisset
3046 3755 3093 3809 si
3126 3772 3219 3809 res
3242 3756 3553 3811 mendacio
3586 3757 3721 3811 sub-

2082 3841 2345 3896 serviret.
2377 3842 2463 3897 Ita
2494 3859 2631 3914 ergo
2664 3844 2889 3897 efferati
2922 3849 2980 3898 et
3026 3843 3100 3897 ad
3150 3844 3373 3898 caedem
3422 3844 3723 3915 apostolo-

2081 3945 2214 3984 rum
2246 3931 2580 4000 praeparati,
2612 3931 2852 3987 interim
2905 3933 3143 4003 quidem
3195 3935 3451 3989 carceris
3500 3934 3725 3989 securi-

2082 4022 2201 4073 tate
2234 4034 2333 4071 eos
2365 4025 2688 4084 asservant,
2722 4037 2841 4075 non
2895 4022 3090 4076 statim
3151 4022 3224 4078 ad
3274 4023 3571 4095 judicium
3619 4023 3726 4080 du-

2084 4112 2306 4173 centes,
2342 4108 2444 4161 sed
2473 4114 2704 4162 versute
2766 4126 2911 4164 ansa
2966 4111 3197 4166 timoris
3255 4114 3529 4178 carceris,
3590 4113 3727 4170 facti

2085 4197 2493 4269 pamitentiam
2525 4199 2597 4253 ab
2630 4199 2751 4253 illis
2782 4206 3135 4270 quaerentes.
3170 4202 3239 4256 Et
3267 4203 3352 4256 illi
3386 4204 3625 4274 quidem
3649 4206 3731 4259 ita

2085 4286 2289 4343 afﬂicti
2315 4293 2502 4342 erant.
2539 4289 2693 4343 Deus
2720 4294 2918 4345 autem
2950 4306 3056 4362 per
3083 4308 3310 4346 moram
3343 4309 3473 4363 quas
3506 4298 3633 4348 erat
3657 4294 3729 4348 ad

2087 4378 2311 4433 malum
2346 4383 2645 4445 conatum,
2674 4379 2808 4435 illos
2834 4380 3076 4451 quidem
3100 4381 3325 4453 pudore
3351 4382 3732 4453 atTecit,quod

2087 4471 2306 4525 frustra
2329 4469 2637 4541 malignati
2663 4470 2799 4539 sint,
2834 4471 3135 4541 apostolos
3158 4489 3292 4527 vero
3314 4472 3569 4528 carceris
3587 4473 3730 4528 edu-

2088 4559 2283 4614 ctione
2315 4574 2420 4629 per
2449 4558 2715 4613 divinum
2748 4559 3024 4630 angelum
3053 4560 3237 4631 magis
3270 4561 3369 4616 48
3395 4560 3691 4616 roboravit
3716 4579 3729 4617 :

321 4631 459 4721 γεῖν,
492 4643 783 4701 συνέτισεν.
820 4642 1075 4723 Ἀγνοίας
1136 4640 1193 4699 δὲ
1246 4631 1349 4715 τῆς
1405 4643 1705 4722 ἀγγελικῆς
1762 4642 1971 4714 ἀντιλή-

2096 4655 2153 4705 et
2183 4646 2399 4719 quibus
2428 4648 2491 4701 in
2522 4647 2699 4702 rebus
2725 4653 2784 4701 et
2811 4647 2911 4702 ubi
2951 4665 3083 4703 cum
3143 4650 3581 4720 perseverantia
3627 4667 3731 4706 an-

326 4738 475 4809 ψεως
509 4732 642 4796 τοὺς
677 4734 1006 4808 μιαιφόνους
1070 4729 1507 4806 μεσολαϐούσης,
1538 4736 1656 4788 καθ’
1685 4734 1742 4788 ’ὀν
1793 4732 1979 4807 καιρὸν

326 4819 663 4880 ανεϐάλοντο
737 4822 799 4877 τὸ
876 4821 1001 4897 τρὸς
1056 4821 1230 4897 κρίσιν
1303 4822 1430 4884 τοὺς
1477 4821 1819 4883 ἀποστόλους
1878 4842 1980 4877 πα-

330 4920 625 4990 ραστῆσαι,
653 4912 755 4967 ούκ
802 4909 942 4967 ἐλέει
989 4915 1129 4983 (πῶς
1163 4912 1270 4986 γὰρ
1300 4912 1351 4965 οἱ
1382 4909 1571 4967 πλεῖον
1624 4907 1798 4989 ὄφεων
1847 4912 1982 4985 πρὸς

329 5003 501 5077 ὀργῆν
574 5000 1067 5081 ἀφωρμημένοις),
1126 4999 1253 5057 ἀλλ’
1308 5000 1398 5055 ἰνα
1456 5004 1672 5075 πρῶτον
1726 5002 1982 5073 μὲντοὺς

331 5093 619 5165 οἰηθέντας
650 5093 711 5148 τὸ
743 5093 945 5147 ἑαυτῶν
982 5091 1244 5168 βούλημα
1275 5088 1365 5146 διὰ
1420 5099 1519 5160 τῆς
1568 5099 1812 5167 κατοχῆς
1846 5090 1986 5147 ἐκτε-

326 5184 468 5251 λεῖν,
500 5182 593 5239 καὶ
624 5182 806 5255 τούτῳ
835 5180 1226 5259 φραξαμένους,
1260 5181 1376 5236 εἶτα
1433 5182 1818 5256 ἡστοχηκότας
1874 5185 1982 5236 τῶν

330 5272 747 5347 μελετηθέντων
808 5269 901 5326 διὰ
964 5277 1065 5341 τῆς
1112 5270 1255 5335 θείας
1315 5269 1639 5340 ἐπισκοπῆς,
1691 5272 1725 5340 ἡ
1787 5270 1986 5346 ἀπορία

331 5368 441 5421 τῶν
478 5358 932 5438 βεϐουλευμένων
980 5357 1263 5434 παιδεύσῃ,
1297 5359 1441 5424 θείαν
1500 5361 1640 5414 εἶναι
1694 5362 1793 5429 τὴν
1827 5358 1986 5416 δύνα-

331 5475 440 5526 μιν.
466 5454 529 5511 Ἡ
579 5452 689 5529 γὰρ
754 5450 859 5506 ὗπὸ
917 5453 1015 5504 τοῦ
1072 5448 1308 5524 ἀγγέλου
1360 5456 1462 5519 τῆς
1524 5448 1773 5525 φυλακῆς
1834 5450 1986 5519 ὑπεξ-

328 5544 537 5620 αγωγὴ,
606 5546 728 5603 τοῖς
791 5538 885 5613 μὶν
928 5537 1267 5600 ἀποστόλοις
1326 5537 1403 5603 εἷς
1458 5538 1821 5614 παραμυθίαν,
1870 5544 1987 5601 τοῖς

328 5631 619 5695 Ἰουδαίοις
654 5627 715 5686 Si
745 5628 823 5692 είς
855 5624 1124 5702 ὠφέλειαν
1175 5627 1484 5692 καθίστατο.
1547 5627 1747 5683 Ἔλαθε
1779 5624 1835 5682 δὲ
1862 5627 1989 5691 τοὺς

328 5722 654 5791 Ἰουδαίους,
716 5720 809 5774 ἳνα
876 5721 1115 5795 πρῶτον,
1170 5717 1243 5779 ὡς
1294 5714 1447 5793 ἔφην,
1503 5715 1556 5773 ἂν
1586 5716 1785 5795 ἀπορίᾳ
1834 5717 1989 5790 γενό-

2092 4739 2201 4793 niti
2244 4741 2563 4808 oporteret,
2625 4735 2878 4791 edocuit.
2941 4738 3084 4791 Cum
3142 4742 3338 4793 autem
3399 4740 3733 4813 ignorantia

2093 4826 2344 4899 angelici
2378 4825 2579 4880 auxilii
2636 4830 2913 4881 cruentos
2968 4826 3240 4882 homines
3298 4830 3732 4901 intercepisset,

2094 4934 2162 4973 eo
2193 4922 2457 4987 tempore
2498 4932 2614 4985 quo
2647 4914 2942 4985 apostolos
2967 4915 3195 4987 judicio
3228 4919 3505 4975 exhibere
3546 4920 3733 4976 distu-

2092 5009 2306 5069 lerant,
2364 5021 2484 5059 non
2544 5004 2953 5061 misericordia
3010 5008 3177 5074 moti,
3238 5010 3534 5079 quomodo
3577 5011 3735 5064 enim

2094 5097 2207 5152 hoc
2237 5094 2365 5149 fieri
2396 5092 2709 5164 potuisset,
2742 5110 2877 5149 cum
2918 5095 3051 5166 plus
3079 5113 3256 5167 quam
3308 5103 3615 5169 serpentes
3665 5100 3737 5154 ad

2096 5185 2245 5240 iram
2276 5182 2509 5238 excitati
2542 5182 2785 5237 essent?
2816 5183 2919 5238 sed
2950 5190 3014 5239 ut
3045 5186 3304 5257 primum
3344 5187 3583 5257 quidem
3615 5188 3741 5259 Opi-

2096 5280 2267 5329 natos
2294 5288 2399 5343 per
2429 5271 2833 5327 detentionem
2867 5273 3104 5344 explere
3137 5292 3303 5329 suam
3355 5274 3741 5344 voluntatem,

2096 5380 2235 5419 nam
2259 5363 2319 5417 in
2341 5362 2500 5416 hunc
2523 5362 2700 5417 finem
2721 5379 2956 5418 carcere
2975 5364 3108 5418 illos
3133 5364 3741 5427 incluserant.deinde

2098 5469 2204 5525 per
2262 5450 2521 5505 divinam
2577 5452 2972 5508 visitationem
3033 5454 3335 5525 conceptis
3392 5455 3570 5512 rebus
3616 5456 3738 5512 fru-

2100 5546 2334 5609 stratos,
2368 5540 2493 5610 ipsa
2526 5541 2760 5596 concilii
2795 5543 2995 5613 inopia
3026 5542 3183 5598 circa
3209 5560 3277 5599 ea
3310 5562 3441 5615 quae
3473 5547 3739 5601 decreve-

2098 5637 2252 5701 rant,
2312 5630 2549 5687 doceret
2605 5631 2863 5687 divinam
2923 5650 3051 5689 esse
3108 5637 3433 5706 potentiam
3504 5637 3737 5708 angeli:

2101 5738 2357 5794 namque
2377 5739 2408 5777 e
2427 5738 2659 5779 carcere
2691 5723 2923 5779 eductio
2942 5724 3226 5796 apostolis
3253 5726 3490 5796 quidem
3516 5726 3589 5782 ad
3607 5742 3743 5782 con-
