4098 6260
387 367 501 427 115

1505 363 1929 427 (ECUMFINII
1974 361 2281 425 TRICCIE
2326 365 2677 426 EPISCOPI

3683 371 3795 431 “6

389 499 763 558 solutionem.
795 499 1013 556 Iudaeis
1043 516 1179 556 vero
1201 498 1275 555 ad
1299 498 1616 555 utilitatem
1640 499 1902 554 exhibita
1919 505 2027 555 est.

2183 517 2320 566 ενοι,
2357 497 2400 552 εί
2429 496 2657 567 θέλοιεν,
2717 499 3140 570 καταλήψωνται
3197 507 3286 553 καί
3336 498 3493 554 αὐτοὶ
3554 499 3648 554 καὶ
3678 515 3809 556 παιο

391 592 745 664 Ignorarunt
772 595 971 645 autem
1001 590 1184 645 Judaei
1217 590 1476 645 divinam
1510 606 1638 644 esse
1685 591 2032 661 potentiam,

393 685 459 734 ut
487 679 745 750 primum
777 679 836 732 in
869 677 1232 750 agendorum
1286 678 1674 749 perplexitate
1730 678 2034 732 constituti

397 769 549 824 sicut
591 768 842 833 aiebam,
904 768 950 822 si
1011 768 1230 822 vellent
1284 767 1935 839 comprehenderentur
1982 771 2040 821 et

393 861 507 932 ipsi
539 877 605 915 ac
632 861 1004 915 docerentur.
1039 859 1130 913 Illi
1162 875 1297 913 vero
1320 859 1466 914 adeo
1487 860 1762 914 excaacati
1787 865 1944 922 sunt,
1976 863 2043 912 ut

394 967 589 1020 neque
621 948 911 1003 auderent
939 949 988 1001 vi
1022 965 1055 1003 a
1088 948 1306 1019 templo
1338 948 1682 1004 abstrahere
1721 947 2038 1019 apostolos.

397 1056 547 1110 quos
570 1044 767 1093 tamen
789 1037 1046 1093 maxime
1074 1038 1590 1093 abominabantur.
1608 1040 1688 1092 Ex
1717 1055 1832 1109 quo
1865 1037 2042 1092 etiam

400 1127 786 1186 manifestum
817 1133 907 1182 est
941 1127 1266 1199 gregariam
1319 1127 1548 1182 turbam
1598 1127 2043 1199 prudentiorem

399 1217 581 1274 fuisse
607 1217 865 1272 Judaicis
896 1215 1303 1287 principibus;
1354 1216 1512 1287 quod
1556 1233 1688 1271 cum
1735 1217 1820 1270 illi
1865 1216 2045 1272 rudes

411 1311 630 1371 essent,
664 1323 698 1360 a
750 1305 964 1362 divinis
1021 1306 1204 1378 signis
1255 1306 1507 1362 salutem
1556 1307 1729 1361 citius
1787 1307 2044 1378 amplexi

405 1398 526 1452 sint
555 1412 734 1467 qnam
765 1395 1110 1467 legisperiti.
1147 1394 1282 1450 Ideo
1331 1400 1464 1466 post
1517 1396 1765 1452 multam
1820 1396 2047 1450 divino-

403 1503 537 1542 rum
555 1486 858 1558 signorum
881 1484 1153 1539 notitiam
1168 1500 1234 1539 ac
1247 1484 1664 1540 certitudinem
1678 1486 2049 1558 interrogant

402 1575 765 1648 legisperiti:
805 1597 824 1623 α
862 1575 1067 1629 Nonne
1106 1579 1400 1646 praecepto
1459 1575 1837 1646 praacipimus
1883 1575 2047 1630 vobis

405 1681 479 1721 ne
502 1663 933 1735 loqueremini:
963 1686 983 1711 ι
1011 1663 1184 1734 Atqui
1210 1663 1257 1717 si
1282 1663 1407 1718 solo
1429 1670 1744 1736 praecepto,
1761 1681 2046 1736 quorsum

407 1752 680 1810 custodia
735 1767 1135 1824 magnumque
1193 1752 1680 1808 munimentum?
1748 1753 2050 1824 Siquidem

2143 583 2394 656 δευθῶσι,
2445 587 2590 652 θείαν
2654 589 2793 642 εἶναι
2843 589 2939 657 τὴν
2999 585 3246 661 δνόναμιν.
3308 588 3376 644 Οἱ
3425 585 3483 643 δὶ
3537 593 3801 644 τοσοῦτον

2142 675 2526 750 ἐπηρώθησαν,
2561 675 2699 733 ὥστε
2741 674 2868 732 οὐδὲ
2914 678 3042 739 τοὺς
3078 675 3547 752 βδελυκτοτάτους
3617 678 3804 742 αὐτοῖς

2145 766 2481 830 ἀποστόλους
2535 766 2800 843 θαρρῆσαι
2893 767 3026 840 μετᾶ
3089 766 3210 842 βίας
3259 771 3357 821 τοῦ
3415 767 3568 843 ἱεροῦ
3628 767 3802 844 ἀφελ-

2142 859 2320 914 κῦσκι.
2357 857 2476 935 Ἀφ’
2507 854 2568 909 οὗ
2616 856 2704 910 καὶ
2738 854 2909 926 δῆλον
2959 857 3034 919 ὡς
3084 857 3437 932 συνετώτερος
3470 858 3500 911 6
3532 856 3798 931 ἀγελαῖος

2144 941 2319 1023 ὄχλος
2358 950 2466 999 τῶν
2489 941 2798 999 Ἰουδαϊκῶν
2834 945 3136 1020 ἀρχόντων,
3171 951 3375 1009 θᾶττων
3417 943 3640 999 ἐκείνων
3686 950 3805 1000 τῶν

2146 1035 2390 1108 ἀμαθῶν,
2419 1035 2626 1088 τούτων
2683 1039 2790 1089 τῶν
2838 1039 3103 1108 νομικῶν,
3146 1041 3264 1097 ταῖς
3322 1034 3680 1108 θεοσημείαις
3731 1036 3794 1092 τὸ

2147 1126 2417 1197 σωτήριον
2473 1123 2938 1197 ἐπισπασαμένων.
2989 1124 3186 1200 Διόπερ
3253 1123 3531 1199 ἐρωτῶσιν
3598 1125 3651 1178 οἱ
3709 1145 3806 1178 νο-

2152 1214 2304 1288 μικοὶ
2356 1214 2443 1269 ἐπὶ
2492 1214 2679 1288 πολλῇ
2736 1219 2804 1289 τῇ
2862 1216 3058 1292 γνώσει
3107 1219 3215 1270 τῶν
3272 1217 3620 1286 θεοσημειῶν
3712 1215 3803 1270 καὶ

2151 1305 2522 1385 πληροφορίᾳ·
2557 1331 2584 1358 ‹‹
2617 1305 2692 1363 Οὔ
2749 1306 3095 1382 παραγγελία
3150 1305 3602 1381 παρηγγείλαμεν
3669 1306 3800 1380 ὑμῖν

2156 1397 2230 1470 μή
2266 1394 2453 1451 λαλεῖν
2477 1415 2490 1464 ;
2510 1417 2536 1449 ι
2569 1395 2745 1450 καίτοι
2778 1397 2823 1450 εί
2855 1394 3195 1472 παραγγελία
3229 1396 3388 1470 μόνῃ,
3409 1394 3493 1459 τίς
3515 1398 3553 1465 ἡ
3579 1394 3800 1471 φυλακὴ

2152 1487 2241 1541 καὶ
2272 1488 2307 1555 ἡ
2337 1486 2524 1555 πολλή
2554 1486 2817 1562 ἀσφάλεια
2851 1507 2864 1555 ;
2898 1487 3034 1563 πρὸς
3092 1487 3197 1562 γὰρ
3250 1491 3320 1560 τῇ
3379 1485 3652 1561 καθείρξει
3714 1485 3806 1540 καὶ

2155 1575 2390 1653 φύλακες
2421 1575 2815 1652 προσήδρευον,
2873 1577 2946 1631 ὧν
3008 1577 3072 1631 οὐ
3131 1578 3324 1649 μνήμη
3383 1575 3483 1651 νῦγ
3545 1576 3626 1638 εἷς
3671 1575 3811 1630 ἀπο-

2154 1660 2361 1738 κρυϐἠν
2418 1671 2518 1733 τῆς
2576 1664 2876 1738 ἀγγελικῆς
2943 1664 3398 1738 θαυματουργίας.
3454 1663 3615 1732 Πλήν
3678 1659 3819 1718 ἔστιν

2157 1752 2346 1808 εἰπεῖν·
2401 1752 2463 1808 Εἰ
2522 1757 2589 1825 τῇ
2640 1752 2943 1827 πραγγελίᾳ
2999 1752 3150 1825 ὑμῶν
3209 1752 3298 1807 καὶ
3355 1754 3390 1823 ἠ
3459 1755 3596 1827 παρ’
3655 1755 3816 1826 ἡμῶν

410 1841 684 1900 custodes
715 1858 949 1913 quoque
973 1840 1314 1896 assidebant
1333 1843 1576 1908 carceri,
1611 1859 1864 1913 quorum
1887 1843 2053 1898 nulla

2183 1842 2296 1916 πρὸς
2357 1842 2604 1915 φυλακὴν
2666 1842 3053 1919 συγκατάθεσις
3109 1840 3428 1918 προσετέθη,
3483 1839 3717 1918 εὓλογοι
3765 1840 3821 1895 αἱ

411 1933 587 1989 modo
620 1932 686 1988 ﬁt
713 1933 939 1987 mentio
971 1931 1044 1987 ad
1076 1931 1534 1987 occultationem
1587 1933 1840 2005 angelici
1874 1934 2050 1988 mira-

415 2022 567 2078 culi:
601 2037 803 2076 verum
835 2020 1033 2076 dicere
1066 2025 1308 2092 possent
1337 2021 1626 2092 apostoli:
1660 2021 1715 2075 Si
1760 2025 2054 2092 praecepto

413 2117 604 2167 vestro
634 2117 839 2166 noster
869 2111 1044 2165 etiam
1076 2127 1356 2166 assensus
1381 2110 1455 2165 ad
1485 2110 1918 2166 observantiam
1949 2110 2056 2165 ad-

2162 1935 2251 1986 νῦν
2286 1930 2370 1985 ἐπ’
2430 1930 2682 2001 ἀθέτησιν
2739 1931 3044 2006 ἀνακρίσεις
3099 1952 3157 1986 τε
3212 1931 3303 1985 καὶ
3345 1929 3584 1986 εὐθῦναι.
3640 1930 3705 1986 Εἰ
3763 1927 3819 1984 δὲ

2163 2018 2371 2074 τούτων
2429 2018 2604 2090 οὐδεν,
2657 2021 2902 2097 ἀφρόνων
2962 2022 3019 2075 αὶ
3075 2025 3166 2075 νῦν
3227 2021 3300 2082 ὡς
3360 2019 3467 2087 ἐπὶ
3506 2014 3821 2095 παραϐάσει

2169 2106 2507 2178 ἐπικλήσεις.
2953 2169 2960 2174 ,
3161 2103 3166 2106 Ι

402 2201 648 2273 junctus
682 2206 788 2266 est,
822 2199 1205 2254 rationabiles
1238 2205 1439 2254 essent
1469 2216 1629 2255 nunc
1659 2199 1732 2254 ob
1778 2206 2046 2270 spretum
2100 2205 2462 2270 praceptum
2509 2200 3004 2272 interrogationes
3049 2199 3228 2256 simul
3276 2205 3335 2254 et
3382 2199 3688 2256 examina.
3748 2199 3823 2254 At

414 2293 461 2346 si
491 2290 643 2346 nihil
672 2291 906 2351 horum.
937 2290 1303 2344 dementium
1337 2295 1477 2344 sunt
1510 2289 1706 2356 modo,
1738 2289 1899 2344 velut
1928 2289 2001 2344 ob
2035 2290 2568 2362 transgressionem
2593 2290 3039 2362 appellationes.

482 2381 548 2448 ν,
581 2383 671 2440 26.
702 2383 790 2435 2‘7.
833 2399 853 2427 ι
883 2379 1193 2434 Timebant
1225 2379 1383 2433 enim
1415 2378 1673 2449 plebem,
1724 2396 1797 2434 ne
1843 2378 2058 2449 lapidi-

411 2493 440 2521 ‹‹
470 2469 582 2524 bus
611 2470 1111 2540 opprimerentur.
1158 2468 1459 2524 Adductos
1509 2475 1707 2524 autem
1755 2469 1891 2523 illos
1941 2474 2060 2523 sta-

415 2581 442 2611 α
477 2564 720 2614 tuerunt
749 2558 808 2613 in
841 2558 1094 2614 concilio
1120 2574 1131 2611 :
1167 2562 1225 2612 et
1255 2558 1638 2630 interrogavit
1658 2573 1760 2613 eos
1781 2558 2059 2630 princeps

416 2635 444 2699 «ἆ
481 2648 858 2705 sacerdotum
890 2646 1116 2701 dicens.
1150 2667 1178 2695 ι)

487 2738 531 2793 Ο
563 2737 926 2791 dementiam
953 2736 1201 2790 istorum
1228 2736 1239 2789 Ι
1275 2737 1374 2806 qui
1404 2735 1590 2790 turba)
1631 2736 1870 2806 quidem
1920 2754 2058 2808 pru-

420 2826 682 2882 dentiam
713 2825 920 2878 latenti
954 2825 1164 2878 timore
1211 2831 1625 2896 cognoverant,
1681 2825 1958 2881 similiter
2004 2833 2065 2882 et

418 2917 543 2986 Dei,
577 2916 676 2987 qui
707 2915 1018 2970 manifeste
1053 2932 1190 2970 suos
1208 2932 1444 2988 semper
1461 2915 1534 2971 de
1556 2916 1832 2972 manibus
1857 2934 2063 2974 eorum

416 3011 700 3078 tanquam
730 3005 997 3061 volucres
1029 3005 1318 3077 eripiebat
1346 3021 1359 3059 :
1393 3021 1502 3060 nec
1553 3011 1750 3061 tamen
1798 3023 2062 3078 unquam

420 3097 687 3168 adOptari
721 3097 1061 3169 cupiebant.

489 3187 586 3242 49
614 3188 676 3254 V,
699 3188 766 3242 28
795 3208 820 3239 α
842 3188 1047 3242 Nonne
1069 3193 1363 3260 przecepto
1390 3191 1782 3261 praecepimus
1795 3189 2061 3254 vobis,ne

2241 2401 2267 2428 ‹‹
2305 2372 2638 2455 Ἐφοϐοῢντο
2685 2379 2788 2453 γὰρ
2816 2379 2908 2433 τὸν
2962 2377 3118 2448 λαὸν,
3171 2376 3262 2432 ⁹ίνα
3323 2378 3400 2450 μή
3459 2376 3822 2433 λιθασθῶσιν.

2161 2466 2485 2541 Ἂγαγόντες
2514 2463 2571 2522 Si
2631 2466 2827 2530 αὐτοὺς
2883 2464 3110 2538 ἔστησαν
3169 2467 3222 2522 ἐν
3253 2471 3334 2539 τῷ
3373 2463 3664 2542 συνεδρίῳ.
3728 2463 3825 2522 Καὶ

2169 2552 2521 2629 ἐπηρώτησεν
2554 2555 2747 2617 αὐτοὺς
2771 2557 2798 2610 6
2828 2556 3133 2632 ἀρχιερεύς.
3180 2580 3208 2608 ››

2239 2739 2336 2795 ’Ώς
2363 2741 2462 2804 τῆς
2495 2730 2896 2809 ἐμϐροντησίας
2927 2740 3035 2791 τῶν
3068 2734 3152 2791 ἔπ’
3183 2733 3376 2807 ἀδήλῳ
3411 2735 3504 2807 μὲν
3531 2728 3636 2807 τίίί
3667 2728 3824 2812 φόϐῳ

2171 2825 2266 2877 τοῦ
2293 2818 2471 2901 ὄχλου
2502 2823 2565 2877 τὸ
2597 2827 2811 2902 σῶφρον
2846 2823 3260 2901 ἐπεγνωκότων,
3318 2827 3416 2878 τοῦ
3465 2829 3609 2878 Θεοῦ
3642 2821 3702 2878 δὲ
3727 2825 3823 2878 τοῦ

2171 2908 2466 2984 προδήλως
2491 2913 2571 2966 ἀεὶ
2619 2917 2727 2967 τῶν
2783 2918 2984 2989 χειρῶν
3047 2913 3220 2969 αὐτῶν
3279 2913 3520 2987 καθάπερ
3583 2909 3824 2982 πτηνοὺς

2171 2999 2297 3062 τοὺς
2330 3001 2522 3056 ἑαυτοῦ
2579 3001 2993 3078 ἐξαρπάζοντοςξ
3031 3000 3160 3076 μηδ’
3205 3005 3272 3071 ἣν
3326 3023 3446 3057 τινα
3501 2999 3655 3077 ὥραν
3710 3001 3824 3055 υἱο-

2172 3093 2439 3146 ποιεῖσθαι
2470 3092 2940 3168 προθυμουμένων
2977 3093 2990 3148 Ι

2250 3206 2270 3231 ι
2307 3181 2385 3237 Οὑ
2436 3180 2780 3256 παραγγελίᾳ
2833 3181 3282 3255 παρηγγείλαμεν
3349 3183 3501 3254 ὑμῖν,
3558 3183 3640 3254 μὴ
3675 3176 3825 3235 διδά-

501 3240 564 3242 _-
663 3240 675 3254 ,
744 3240 756 3242 ε
844 3240 856 3242 ,
901 3240 1038 3242 ﬁ---
1069 3240 1354 3260 ,,--_T__
1391 3240 1780 3261 Γηητωη-
1807 3240 2056 3254 .-η-,ω

417 3296 445 3324 ‹‹
478 3275 770 3330 doceretis
801 3276 862 3328 in
893 3276 1004 3330 hoc
1035 3276 1324 3332 nomine?
1355 3283 1414 3331 et
1445 3295 1578 3333 ecce
1601 3279 1877 3350 replestis
1897 3281 2059 3334 Jeru-

2183 3293 2209 3323 ‹‹
2241 3290 2380 3325 σχειν
2415 3269 2491 3324 ὲτὶ
2521 3275 2600 3343 τῷ
2658 3269 2885 3342 ὀνόματι
2937 3270 3162 3342 τούτῳ;
3210 3270 3296 3325 καὶ
3353 3268 3472 3326 ἱδοὺ
3521 3268 3825 3342 πεπληρώ-

419 3385 446 3414 ‹‹
483 3364 669 3419 salem
700 3364 972 3419 doctrina
1002 3370 1215 3420 vestra.
1252 3386 1280 3414 »

489 3453 589 3506 Vir
616 3453 1013 3524 propudiosus
1041 3459 1098 3508 et
1127 3454 1434 3525 improbus
1467 3460 1526 3510 et
1555 3456 1772 3512 stultus
1817 3475 1917 3512 eos
1967 3459 2063 3512 in-

417 3542 751 3612 terrogavit,
786 3543 1047 3596 «Nonne
1094 3549 1411 3614 praecepto,
1471 3551 1581 3600 etc.
1619 3568 1647 3594 ››
1697 3547 2065 3618 Praeceptum

423 3630 662 3702 quidem
689 3631 816 3702 jam
845 3630 1070 3686 dictum
1103 3638 1190 3687 est
1209 3633 1452 3703 plenum
1512 3651 1640 3690 esse
1690 3635 2064 3702 temeritatis,

425 3725 482 3776 et
511 3719 878 3792 superﬂuum
910 3738 1036 3776 esse
1071 3722 1278 3777 eadem
1307 3722 1532 3778 eisdem
1565 3723 1636 3778 de
1667 3723 1845 3780 rebus
1898 3741 2063 3797 repe-

419 3815 567 3866 tere.

497 3902 559 3966 V,
591 3901 680 3970 28,
712 3903 800 3954 29.
837 3923 864 3951 ‹‹
896 3903 966 3954 Et
993 3901 1168 3956 vultis
1216 3902 1498 3958 inducere
1550 3920 1728 3975 super
1770 3921 1880 3960 nos
1928 3921 2065 3960 san-

431 4007 454 4037 α
489 3989 726 4061 guinem
756 3989 863 4042 viri
911 3990 1108 4062 hujus.
1171 3992 1555 4063 Respondens
1613 3999 1811 4048 autem
1863 3995 2066 4050 Simon

425 4100 453 4127 «
488 4079 698 4132 Petrus
730 4083 789 4132 et
817 4079 1090 4150 apostoli,
1128 4079 1424 4136 dixerunt.
1463 4101 1487 4131 n

497 4166 701 4222 Adhuc
732 4168 817 4222 eis
841 4168 1036 4224 nudus
1062 4169 1240 4225 homo
1261 4170 1590 4227 videbatur.
1628 4173 1700 4228 Ut
1742 4177 1939 4228 autem
1973 4189 2070 4228 os-

425 4259 671 4314 tendant
699 4261 1103 4316 necessarium
1134 4261 1317 4316 fuisse
1349 4270 1733 4334 praeceptum,
1767 4270 1825 4319 et
1855 4270 1919 4318 ut
1949 4280 2069 4318 sum

424 4348 805 4420 providerent
833 4349 1030 4417 saluti,
1065 4355 1248 4421 utque
1292 4351 1738 4407 multitudinem
1792 4353 2070 4408 adversus

426 4437 563 4492 illos
597 4437 1036 4506 exacerbarent,
1070 4439 1196 4493 haec
1229 4438 1524 4495 dicebant.

499 4527 564 4594 V,
596 4529 778 4581 29-31.
805 4550 834 4577 ‹‹
869 4526 1120 4582 Obedire
1151 4532 1384 4599 oportet
1414 4529 1530 4582 Deo
1558 4530 1744 4602 magis
1776 4547 1951 4601 quam
1973 4530 2074 4585 ho-

2185 3382 2207 3412 ι
2239 3382 2368 3416 κατε
2394 3363 2494 3430 τήν
2529 3360 2892 3437 Ἰερουσαλὴμ
2921 3368 3021 3430 τῆς
3056 3358 3291 3436 διδαχῆς
3320 3361 3493 3433 ὑμῶν.
3531 3385 3562 3413 »

2249 3452 2309 3507 Ὁ
2340 3451 2699 3526 ἀναίσχυντος
2752 3451 2843 3506 καὶ
2897 3452 3090 3526 ἰταμὸς
3143 3454 3230 3506 καὶ
3288 3451 3472 3528 μωρὸς
3533 3453 3834 3526 ἠρώτησεν

2180 3540 2394 3607 αὐτοὺς,
2432 3565 2459 3592 ‹‹
2491 3541 2635 3616 Οὐχὶ
2665 3542 3030 3616 παραγγελία,
3059 3565 3086 3592 ››
3117 3542 3206 3595 καὶ
3241 3542 3383 3613 ἑξῆς.
3412 3542 3475 3596 Ἦ
3501 3542 3595 3613 μὲν
3624 3558 3841 3614 -παραγ-

2180 3630 2337 3707 γελία
2363 3629 2445 3684 ὅτι
2481 3633 2650 3704 μεστή
2683 3630 3013 3706 ἐμπληξίας,
3041 3629 3252 3705 εἷ’ρηται
3309 3627 3444 3701 ἤδη,
3471 3631 3562 3684 καὶ
3618 3627 3836 3705 παρέλ-

2179 3740 2272 3777 κον
2299 3709 2529 3775 τὰαύτὰ
2557 3719 2680 3796 περὶ
2711 3725 2817 3776 τῶν
2851 3721 3025 3776 αὐτῶν
3057 3715 3588 3794 ἐπαναλαμϐάνουσι.

2253 3928 2280 3955 ‹‹
2315 3903 2412 3958 Καὶ
2473 3903 2735 3978 βούλεσθε
2787 3903 3062 3979 ἐπαγανεῖν
3115 3903 3195 3966 ἐφ’
3248 3905 3396 3976 ἡμᾶς
3445 3903 3508 3957 τὸ
3556 3901 3706 3974 αἷμα
3733 3902 3829 3954 τοῦ

2185 4017 2211 4045 ‹‹
2242 3993 2530 4069 ἀνθρώπου
2554 3993 2748 4049 τούτο.)
2777 4013 2789 4064 ;
2851 3993 3194 4067 Ἀποκριθεὶς
3235 3989 3293 4047 δὲ
3323 3993 3351 4047 6
3387 3991 3587 4066 Πέτρος
3656 3988 3746 4045 καὶ
3778 3987 3831 4043 οἳ

2188 4106 2209 4133 ι
2246 4083 2594 4152 Ἀπόστολοι,
2628 4087 2800 4140 εἷπον.
2837 4107 2864 4134 n

2253 4173 2374 4227 Ἔτι
2412 4171 2597 4234 αὐτοῖς
2651 4172 2814 4246 ψιλὸς
2870 4171 3153 4247 ἄνθρωπος
3185 4169 3384 4227 ἐδόκει.
3419 4167 3550 4227 ΔἽνα
3599 4167 3660 4225 δὲ
3719 4165 3828 4222 δεί-

2185 4261 2342 4331 ξωσιν
2378 4260 2459 4316 ὅτι
2491 4261 2750 4336 ἀναγκαία
2779 4262 2846 4330 ἦν
2878 4263 2911 4330 ἡ
2949 4260 3316 4335 παραγγελία,
3375 4259 3466 4315 καὶ
3519 4256 3701 4337 φειδοῖ
3727 4262 3827 4325 τῆς

2185 4351 2386 4412 οἰκείας
2446 4349 2740 4423 σωτηρίας,
2826 4349 2915 4403 καὶ
2971 4349 3062 4403 ἳνα
3112 4350 3423 4429 τραχύνωσι
3475 4349 3590 4402 κατ’
3648 4346 3824 4402 αὐτῶν

2181 4440 2244 4493 τὸ
2273 4437 2508 4508 πλῆθος,
2541 4442 2708 4494 ταῦτα
2740 4435 2947 4512 ἔλεγον.

2261 4552 2286 4580 ι(
2321 4531 2639 4602 Πειθαρχεῖν
2700 4524 2782 4581 δεῖ
2839 4531 2954 4599 Θεῷ
3016 4527 3250 4600 μᾶλλον,
3307 4528 3343 4596 ἢ
3403 4525 3733 4600 ἀνθρώποις.
3767 4525 3828 4579 Ὁ

435 4614 776 4671 «minibus.
839 4617 991 4671 Deus
1048 4621 1283 4687 patrum
1369 4623 1709 4673 nostrorum
1770 4619 2059 4674 suscitavit

2188 4643 2207 4668 ε
2244 4618 2374 4679 Θεὸς
2403 4622 2510 4672 τῶν
2541 4617 2786 4694 πατέρων
2819 4621 2980 4691 ἡμῶν
3010 4620 3223 4694 ἤγειρεν
3285 4619 3516 4686 Ἰησοῦν,
3569 4617 3627 4670 ὃν
3672 4616 3834 4686 ὑμεῖς

431 4725 458 4753 ‹‹
492 4705 710 4769 Iesum,
754 4720 930 4774 quem
997 4722 1097 4760 vos
1154 4705 1545 4762 interemistis
1601 4724 1954 4779 suspensum
2013 4709 2074 4762 in

431 4813 461 4841 «
494 4792 673 4863 ligno.
699 4793 863 4847 Hunc
893 4795 1222 4866 principem
1256 4802 1313 4851 et
1343 4796 1701 4852 Salvatorem
1734 4799 1886 4852 Deus
1918 4798 2073 4854 exal-

434 4901 461 4930 ‹‹
494 4882 635 4936 tavit
663 4881 904 4937 dextera
936 4900 1065 4939 sua.
1108 4907 1135 4934 »

505 4970 646 5025 Vide
679 4977 902 5041 quanta
931 4972 1111 5028 fuerit
1136 4991 1362 5042 eorum,
1397 4978 1496 5047 qui
1530 4976 2074 5049 interrogabantur,

428 5061 750 5116 modestia:
784 5077 980 5132 neque
998 5063 1158 5117 enim
1177 5081 1311 5118 cum
1341 5065 1646 5122 ferocitate
1671 5067 2036 5139 respondent
2059 5083 2072 5124 :

429 5151 724 5220 siquidem
753 5156 1149 5223 praeceptores
1181 5159 1370 5219 erant,
1419 5171 1530 5212 nec
1588 5157 2075 5229 indignabantur,

429 5239 530 5294 sed
565 5241 1002 5296 miserabantur
1033 5257 1258 5308 eorum,
1316 5243 1494 5315 idque
1552 5244 1960 5312 intendebant,
2015 5251 2080 5301 ut

431 5327 564 5382 illos
595 5346 794 5385 errore
829 5331 1176 5387 eximerent.
1213 5335 1337 5388 Non
1371 5334 1529 5387 enim
1590 5334 1868 5390 adversus
1916 5337 2077 5406 ipsos

431 5417 603 5472 rixati
636 5425 811 5474 sunt:
858 5425 960 5476 aut
1017 5421 1154 5475 elati
1205 5422 1359 5477 dono
1408 5422 1708 5495 signorum
1743 5441 1775 5479 a
1809 5426 1924 5480 Deo
1973 5442 2080 5497 per

436 5522 536 5560 eos
577 5508 894 5574 editorum,
949 5513 1378 5569 contumeliose
1438 5514 1558 5569 illis
1615 5515 2075 5586 responderunt,

435 5595 596 5666 ipsos
619 5597 897 5653 adversus
923 5602 1230 5656 stimulum
1267 5602 1573 5658 calcitrare
1620 5605 1937 5659 docentes:
1974 5604 2078 5659 sed

436 5683 693 5752 primum
725 5686 964 5757 quidem
997 5689 1163 5746 aiunt
1190 5690 1587 5748 obedientiam
1613 5696 1726 5746 Deo
1747 5691 2077 5764 promptius

2186 4730 2214 4756 ‹‹
2248 4703 2643 4783 διεχειρίσασθε
2723 4707 3087 4784 κρεμάσαντες
3166 4705 3253 4759 ἐπὶ
3305 4703 3489 4777 ξύλου.
3552 4705 3760 4759 Τοῦτον
3796 4701 3823 4754 6

2188 4819 2212 4847 α
2247 4796 2376 4858 Θεὸς
2435 4795 2677 4874 ἀρχηγὸν
2737 4797 2826 4852 καὶ
2882 4803 3109 4868 Σωτῆρα
3161 4793 3342 4868 ὕψωσε
3389 4795 3457 4866 τῇ
3519 4789 3664 4866 δεξιᾷ
3722 4788 3821 4845 αὖ·

2188 4909 2216 4936 (ι
2242 4905 2356 4940 του.
2393 4906 2424 4938 )›

2258 4973 2454 5029 Σκόπει
2489 4972 2546 5029 δὲ
2605 4973 2706 5046 ὅση
2741 4979 2775 5045 ἡ
2811 4973 3068 5030 ἐπιείκεια
3123 4979 3230 5028 τῶν
3279 4960 3691 5046 ἐξεταζομένων.
3748 4969 3826 5027 Οὐ

2185 5065 2290 5140 γὰρ
2345 5061 2583 5141 θρασέως
2644 5064 3039 5140 ἀπ·κρίνονται.
3129 5061 3458 5119 Διδάσκαλοι
3514 5065 3616 5141 γὰρ
3670 5057 3826 5131 ἦσαν,

2186 5155 2275 5210 καὶ
2313 5155 2413 5210 οὐκ
2468 5154 2788 5232 ὠργίζοντο,
2846 5153 2971 5209 ἀλλ’
3010 5152 3208 5223 ἠλέουν
3269 5151 3486 5225 αὐτοὺς,
3523 5139 3630 5207 ’καὶ
3676 5148 3825 5206 ἐσκό-

2186 5265 2322 5300 πουν
2355 5247 2504 5308 ὅπως
2551 5244 2744 5307 αὐτοὺς
2801 5242 3154 5316 ἂπαλλάξωσι
3202 5249 3299 5312 τῆς
3352 5242 3586 5313 πλάνης.
3621 5239 3697 5299 Οὐ
3727 5237 3826 5313 γὰρ

2188 5332 2485 5408 ἐνάμιλλον
2518 5334 2724 5402 αὐτοῖς,
2755 5333 2841 5388 ἐπὶ
2871 5319 2952 5407 τῇ⁵
2992 5329 3064 5387 δι’
3120 5331 3317 5393 αὐτοὺς
3349 5331 3647 5404 θεοσημείᾳ
3674 5329 3823 5383 ἐπαι-

2191 5426 2439 5501 ρόμενοι,
2517 5419 2843 5498 ὑϐριστικῶς
2929 5422 3114 5483 αὐτοῖς
3191 5423 3511 5496 κέχρηνται,
3565 5419 3640 5492 μὴ
3692 5414 3826 5491 πρὸς

2185 5513 2379 5587 κέντρα
2425 5511 2695 5582 λακτίζειν
2755 5511 2950 5572 αὐτοὺς
3001 5511 3378 5580 συνετίζοντες.
3445 5507 3622 5564 Ἀλλὰ
3683 5505 3826 5580 πρῶ-

2187 5620 2276 5655 τον
2315 5600 2410 5672 μὶν
2440 5604 2522 5672 τῷ
2580 5597 2696 5672 Θεῷ
2752 5601 3029 5670 πειθήνιον
3089 5589 3482 5672 προτιμότερον
3535 5597 3824 5672 φάσκουσιν

2186 5688 2486 5764 ἀνθρώπων
2571 5688 2896 5760 ἀνατιθέναι,
2977 5686 3408 5765 ἀποῤῥῃτότερον
3494 5674 3691 5745 αὐτοὺς
3725 5677 3830 5734 -30.-
