4098 6260
266 380 388 443 11⁵1

1340 382 1749 447 ΟΟΜΜΕΝΤ.
1797 384 1877 443 ΙΝ
1924 380 2131 441 ACTA
2174 381 2787 445 APUSTOLORUM.

3656 386 3774 446 118

281 511 663 591 ελὲγρχοντες
694 513 779 576 ὥς
833 518 1242 597 καταφόνητάς
1273 520 1381 572 τῶν
1442 512 1513 570 δι’
1571 514 1765 576 αὐτοὺς
1825 514 1977 568 θεόθε

2120 514 2496 570 referendam
2528 532 2656 571 esse
2680 532 2857 586 quam
2886 516 3263 571 hominibus:
3289 516 3579 572 occultius
3601 516 3763 589 ipsos

282 600 737 676 ἶιιλιτελουμενων⁹
772 606 919 659 εἶτα
964 604 1027 662 δὲ
1090 607 1181 661 καὶ
1240 604 1323 660 ὅτι
1377 602 1433 659 ὅν
1495 602 1779 677 ἄνθρωπον
1842 599 2003 675 ψιλὸν

296 690 672 763 ἀπεκάλεσαν,
704 698 927 749 τοῦτον
988 697 1136 750 εἶναι
1190 694 1281 749 καὶ
1335 699 1572 767 Σωτῆρα
1626 691 1714 746 καὶ
1757 692 1836 763 τῷ
1890 695 2005 762 Θεῷ

312 782 732 858 μεμελημὲνον,
780 785 867 845 ὡς
934 786 1034 839 καὶ
1094 783 1156 839 ἐκ
1213 789 1412 858 νεκρῶν
1470 782 1629 837 αὐτὸν
1687 782 1999 849 ἀναστῆσαι.

319 875 403 934 Ti)
430 875 533 951 γὰρ
565 873 751 943 οἰκείᾳ
779 874 1026 952 φάσκειν
1065 872 1220 948 ἰσχύϊ
1246 872 1343 927 οὐκ
1372 870 1609 949 ἀσφαλὲς
1656 869 1794 933 τέως
1840 869 2002 945 ἐρεῖν,

343 964 496 1027 ῶςᾶν
525 965 599 1038 μὴ
630 962 883 1026 ἀντίθεος
924 963 1114 1034 τούτῳ
1166 963 1471 1036 νομίζοιτο.
1531 962 1741 1017 Τοῦτον
1798 956 1854 1012 δὲ
1907 959 1999 1013 τὸν

350 1056 451 1113 ὑπὸ
500 1054 628 1109 Θεοῦ
686 1051 980 1126 ὓψωῦἑντα
1040 1050 1237 1113 αὐτοὺς
1323 1047 1725 1124 διαχρήσασθαι
1793 1046 2001 1119 θανάτῳ

348 1146 592 1217 σταυροῦ,
620 1141 751 1196 ὅσου
798 1145 900 1195 τοῦ
954 1140 1361 1215 κατακρίματος
1424 1135 1708 1203 ὑπόδικον,
1767 1138 1841 1199 ὡς
1893 1135 1999 1191 ἀπὸ

342 1232 507 1308 κάρου
547 1232 743 1307 βαθέος
777 1229 1101 1301 ἱξανιστῶν,
1133 1228 1491 1305 προτρέπεται
1523 1225 1744 1281 ἐννοεῖν.

401 1526 431 1553 α
462 1505 669 1557 Δοῦναι
708 1500 995 1573 μετάνοιαν
1027 1502 1108 1569 τῷ
1143 1493 1385 1572 ’[σραήλ,
1436 1494 1525 1551 καὶ
1573 1491 1758 1569 ἄφεσιν
1817 1492 1994 1568 ἀμαρ-

327 1616 357 1643 κ
386 1596 548 1648 τιῶν.
590 1614 621 1641 ιθ

398 1682 567 1739 Οὕτω
638 1678 966 1752 μετεωρίσας
1018 1678 1112 1733 τὸν
1179 1676 1302 1752 περὶ
1358 1680 1455 1731 τοῦ
1510 1678 1742 1747 σταυροῦ
1796 1672 1989 1751 λόγον,

324 1772 411 1826 καὶ
449 1770 529 1831 ὡς
564 1769 951 1845 ἀσύγγνωστον
997 1767 1311 1841 κατάκριμα
1367 1771 1485 1826 τοῖς
1540 1768 1609 1839 τῇ
1672 1762 1809 1834 αὐτῇ
1854 1762 1988 1817 κατά

2112 609 2459 659 accusantes
2500 609 2783 674 tanquam
2841 610 3279 675 contemptores
3338 621 3563 671 eorum,
3624 624 3755 677 quaa

2112 701 2353 766 propter
2382 694 2516 748 illos
2550 700 2789 765 peracta
2816 700 3002 749 erant.
3038 695 3260 749 Deinde
3294 694 3471 749 etiam
3513 696 3670 765 quod
3702 697 3752 751 is

2112 799 2288 853 quem
2321 783 2433 853 ipsi
2466 784 2691 838 nudum
2721 784 3025 839 hominem
3056 785 3379 855 appellant,
3414 786 3754 840 etSalvator

2110 878 2256 936 erat,
2290 879 2348 927 et
2380 875 2529 928 Deus
2562 879 2791 928 tantum
2825 875 2985 929 illius
3017 891 3221 929 curam
3271 874 3575 937 habuerat,
3625 881 3691 929 ut
3724 890 3758 929 a

2111 962 2363 1017 mortuis
2389 963 2583 1033 ipsum
2611 964 3093 1018 suscitaret.Nam
3118 963 3497 1018 dicereillum
3514 966 3752 1034 propria

2108 1052 2435 1106 surrexisse
2462 1052 2695 1121 virtute,
2730 1053 2966 1107 interim
2998 1058 3191 1106 tutum
3221 1053 3487 1107 nondum
3516 1059 3659 1110 erat.
3679 1069 3752 1108 ne

2106 1141 2260 1212 apud
2283 1142 2441 1197 hunc
2463 1142 2905 1197 existimaretur
2925 1144 3042 1196 Deo
3065 1143 3417 1197 contrarius.
3453 1144 3524 1198 Ut
3555 1148 3751 1198 autem

2106 1247 2139 1284 a
2163 1230 2458 1301 profundo
2483 1232 2697 1286 excitet
2719 1248 2950 1302 sopore,
2968 1231 3393 1286 exhortaturad
3410 1232 3748 1303 intelligenv

2101 1318 2245 1373 dum
2277 1326 2512 1389 quantas
2544 1320 2912 1375 damnationi
2945 1321 3021 1374 sit
3049 1320 3370 1375 obnoxium
3403 1322 3561 1391 ipsos
3588 1321 3748 1377 hunc

2104 1424 2139 1463 ει
2172 1412 2286 1463 Deo
2319 1409 2641 1463 exaltatum
2674 1413 2864 1462 morte
2899 1410 3092 1463 crucis
3123 1410 3520 1465 interemisse.

2174 1518 2203 1547 ‹‹
2234 1497 2323 1553 Ad
2348 1496 2602 1552 dandam
2634 1498 3040 1569 paenitentiam
3072 1498 3276 1565 Israel,
3324 1514 3391 1552 ac
3438 1498 3745 1552 remissio-

2101 1606 2126 1637 α
2162 1601 2300 1641 nem
2329 1592 2726 1657 peccatorum.
2758 1611 2784 1638 ››

2170 1675 2269 1730 50
2291 1676 2434 1731 Cum
2468 1693 2805 1733 sermonem
2837 1679 2909 1734 de
2941 1695 3113 1734 cruce
3153 1678 3299 1733 adeo
3333 1678 3742 1746 sublimasset,

2098 1770 2448 1836 ettanquam
2463 1766 2937 1822 irremissibilem
2952 1767 3747 1822 exhibuissetdairnationem

326 1860 565 1934 Χριστὸν
603 1857 782 1931 λύσσῃ
835 1855 1356 1928 ἐναποκαθημὲνοις,
1416 1853 1597 1928 ὥσπερ
1653 1856 1751 1908 τοῦ
1795 1853 1980 1907 τοσού-

2100 1854 2190 1908 bis
2223 1856 2323 1925 qui
2354 1855 2537 1910 furori
2570 1856 2850 1911 adversus
2881 1857 3177 1911 Christum
3206 1857 3497 1911 intentato
3538 1856 3738 1913 adhae-

328 1971 422 2004 του
454 1948 672 2024 ἃχθους
705 1946 1122 2021 ἀποφορτισμὸν
1152 1944 1334 2006 αὐτοῖς
1396 1945 1821 2019 μηχανώμενος,
1883 1963 1989 2017 φη-

330 2039 435 2093 σίν.
472 2036 641 2093 Ἀλλ’
674 2035 835 2097 οὗτος
865 2036 958 2107 μὲν
996 2034 1085 2112 ὑφ’
1118 2034 1268 2107 ὑμῶν
1324 2033 1641 2106 ἀτιμωθεὶς,
1696 2031 1798 2086 ὑπὸ
1856 2034 1988 2085 Θεοῦ

338 2126 396 2183 δὶ
436 2127 699 2201 ὕψωθεὶς,
763 2119 933 2179 ἔδωκε
990 2127 1201 2194 πνεῦμα
1257 2121 1543 2195 μετανοίας
1608 2124 1687 2191 τῷ
1745 2118 1986 2191 Ἰσραήλ,

350 2218 443 2272 καὶ
476 2214 653 2294 ἔφεσιν
686 2214 995 2289 ἀμαρτιῶν,
1029 2211 1180 2267 οὐδὲν
1212 2218 1311 2281 τῆς
1365 2208 1453 2266 διά
1494 2210 1584 2265 τὸν
1632 2208 1858 2282 σταυρὸν
1911 2207 1987 2269 εἷς

337 2306 499 2362 αὐτὸν
548 2303 849 2378 παροινίας,
910 2302 987 2364 εἷς
1045 2301 1402 2375 ἀποστροφήν
1463 2297 1764 2372 δυναμένης
1815 2296 1983 2372 ἄγειν,

328 2395 517 2451 καθότι
550 2395 579 2448 ὀ
612 2394 717 2449 ὑπὸ
765 2395 902 2448 Θεοῦ
960 2389 1202 2464 ὑψωθεὶς
1259 2390 1621 2463 ἀμνησικακεῖ
1668 2388 1804 2460 πρὸς
1857 2385 1987 2447 τοὺς

322 2484 415 2541 διὰ
447 2486 673 2546 πειθοῦς
701 2483 862 2538 αὐτὸν
896 2480 1296 2557 ὲπεγνωκότας.
1329 2481 1467 2551 Ὅρα
1501 2476 1559 2534 δὲ
1606 2481 1723 2539 πῶς
1767 2477 1861 2530 καὶ
1914 2472 1985 2529 δι’

317 2574 499 2649 ἕογων
532 2572 628 2627 καὶ
659 2571 926 2648 ῥημάτων
959 2566 1346 2642 παιδευόμενοι
1381 2564 1664 2636 Ἰουδαῖοι,
1706 2566 1766 2620 οὐ
1812 2585 1986 2639 προσ-

309 2672 489 2741 εῖχον..
524 2662 613 2719 διὸ
642 2663 739 2718 καὶ
768 2665 804 2731 ἡ
838 2662 1154 2733 κατάκρισις
1184 2659 1365 2714 αὐτῶν
1414 2656 1618 2714 δικαία.
1680 2657 1758 2711 Δι’
1804 2654 1979 2731 ἔργων

311 2756 431 2828 μὶν,
494 2755 820 2828 συγχωρῶν
878 2749 1008 2810 τοὺς
1062 2746 1408 2811 ἀποστόλους
1466 2746 1541 2808 εἷς
1629 2743 1982 2819 δεσμωτήρια

300 2844 532 2918 ἄγεσθαι
581 2843 707 2914 μὶν,
769 2838 1083 2911 θυυμασίως
1137 2835 1194 2892 δὲ
1256 2837 1500 2900 λύεσθαι.
1564 2835 1662 2890 Διά
1713 2834 1976 2911 ῥημάτων

301 2932 383 3003 ὂὶ,
408 2932 508 2986 ’ίνα
538 2931 635 2985 καὶ
667 2926 928 2986 Ἰουδαῖοι
961 2925 1050 2982 διὰ
1085 2931 1184 2982 τοῦ
1242 2924 1416 3002 λόγου
1465 2929 1573 2979 τῶν
1632 2921 1976 2993 ἀποστόλων,

302 3023 396 3078 καὶ
421 3023 631 3080 πάντες
663 3016 1047 3073 παιδεύωνται.
1082 3014 1256 3071 Ἀλλά
1301 3014 1390 3068 καὶ
1439 3011 1592 3067 αὐτοὶ
1641 3013 1693 3066 οἱ
1740 3011 1972 3067 ἀπόστο-

311 3113 409 3167 λοι
470 3109 556 3170 εἷς
613 3106 924 3183 παρρησίαν
986 3103 1319 3183 ἀλείφονται.
1381 3103 1449 3160 Οἱ
1510 3104 1603 3175 μὶν
1661 3099 1750 3155 οὖν
1810 3099 1973 3156 ἄλλοι

324 3200 723 3272 κατενῦγησαν,
777 3195 870 3250 καὶ
926 3198 997 3269 τῇ
1055 3198 1237 3257 πειθοῖ
1284 3197 1393 3248 τῶν
1479 3190 1658 3267 λόγων
1716 3190 1971 3246 κοινωνοὶ

332 3292 446 3342 τῶν
481 3283 789 3340 ἀποστόλων
840 3285 1143 3359 γεγόνασιν.
1202 3283 1263 3339 Ὀ
1318 3280 1603 3356 ἀρχίερεὺς
1660 3276 1717 3335 δὶ
1772 3281 1859 3334 καὶ
1920 3280 1973 3333 οἱ

335 3376 606 3451 ἄρχοντες
631 3376 759 3429 κατὰ
786 3378 897 3429 τῶν
952 3369 1280 3427 ἀποστόλων
1331 3368 1661 3445 διεπρίοντο,
1706 3372 1975 3449 φονῶντες

322 3468 443 3519 κατ’
472 3465 677 3532 αὐτῶν,
737 3462 852 3519 ἐπεὶ
918 3461 1115 3518 λοιπὸν
1167 3458 1548 3538 ἐκφανέστερον
1578 3465 1612 3527 ἧ
1643 3460 1782 3513 κατὰ
1828 3461 1971 3530 Χρι-

320 3559 444 3609 στοῦ
478 3553 657 3608 αὐτῶν
692 3551 865 3608 λύσσα
897 3550 1097 3625 προῄει
1136 3550 1209 3612 ὼς
1243 3549 1302 3604 οὔ
1336 3547 1537 3618 δικαία,
1596 3546 1741 3603 ἀλλὰ
1789 3546 1973 3626 φθόνῳ

315 3645 402 3699 καὶ
459 3642 550 3698 ἐπὶ
610 3643 813 3713 ’ὁμοιον
871 3641 1035 3719 φόνον
1084 3637 1276 3700 αὐτοὺς
1332 3639 1672 3714 προάγουσα.
1732 3637 1826 3692 Διὸ
1882 3636 1972 3691 καὶ

312 3752 458 3810 φασι·
496 3758 526 3783 ι(
564 3729 846 3789 Βούλεσοε
874 3729 936 3783 τὸ
968 3730 1105 3802 αἷμα
1137 3732 1234 3782 τοῦ
1294 3727 1586 3797 ἀνθρώπου
1642 3723 1838 3781 τούτου
1892 3721 1974 3802 ἐφ’

312 3824 459 3894 ἡμᾶς
483 3820 717 3897 ἀγαγεῖν
747 3838 761 3887 ;
798 3842 825 3869 ››
858 3819 997 3889 αἷμα
1023 3816 1115 3871 τὸν
1149 3815 1310 3893 φόνον
1370 3814 1642 3891 λέγοντες,
1694 3814 1769 3876 ὠς
1820 3812 1911 3868 καὶ
1945 3813 1972 3867 6

311 3910 439 3971 Θεὸς
464 3908 611 3984 πρὸς
642 3907 756 3961 τὸν·
794 3907 920 3961 Κάῖν
939 3928 966 3954 α
990 3906 1153 3973 Φωνή
1176 3905 1409 3976 αἳματος
1429 3907 1525 3958 τοῦ
1551 3900 1789 3979 ἀδελφοῦ
1817 3923 1971 3971 σου,››

316 3999 431 4053 ἀντὶ
460 4001 566 4053 τοῦ
598 3997 628 4051 6
660 3997 849 4070 φόνος.
879 3997 1061 4052 Ταῦτα
1106 3991 1164 4048 δὲ
1221 3990 1470 4071 ἔφασκον.
1530 3989 1806 4059 Ἰουδαῖοι,
1856 4011 1970 4070 φει-

316 4086 401 4143 δοῖ
428 4085 595 4156 δῆθεν
632 4092 734 4155 τῆς
762 4086 965 4141 ἑαυτῶν
1000 4083 1295 4157 σωτηρίας,
1325 4082 1388 4137 τὸ
1414 4080 1628 4151 πλῆθος
1676 4080 1812 4135 κατὰ
1863 4084 1970 4136 τῶν

312 4175 645 4234 ἀποστόλων
690 4173 1066 4249 τραχύνοντες.

2102 1951 2322 2011 serant,
2347 1946 2523 2000 veluti
2550 1946 2693 2000 tanti
2720 1947 2943 2001 doloris
2962 1946 3445 2001 exonerationem
3468 1948 3551 2001 eis
3572 1965 3748 2004 exco-

2097 2035 2310 2105 gitans,
2345 2035 2463 2091 ait:
2499 2035 2610 2091 Sed
2640 2036 2736 2091 hic
2766 2053 2801 2092 a
2822 2036 2984 2091 vobis
3016 2037 3256 2107 quidem
3278 2037 3641 2093 contumelia
3656 2038 3744 2093 af-

2094 2122 2346 2192 fectus,a
2360 2126 2475 2179 Deo
2496 2142 2628 2180 vero
2648 2126 3130 2188 exaltatus,dedit
3151 2127 3427 2197 spiritum
3448 2127 3740 2197 pwniten-

2098 2216 2193 2269 tias
2215 2216 2325 2285 ipsi
2348 2216 2551 2280 Israel,
2573 2233 2640 2271 ac
2666 2218 3076 2273 remissionem
3103 2219 3656 2288 peccatorum,adeo
3681 2225 3746 2274 ut

2097 2298 2479 2359 debacchatio
2510 2306 2571 2359 in
2594 2322 2725 2360 eum
2751 2322 2854 2375 per
2875 2322 3111 2360 crucem
3130 2306 3388 2360 admissa
3408 2322 3527 2359 non
3558 2308 3744 2377 possit

2096 2389 2352 2455 efﬁcere,
2386 2396 2451 2445 ut
2505 2408 2539 2446 a
2593 2391 2756 2446 vobis
2805 2398 3120 2457 avertatur,
3181 2410 3248 2447 eo
3307 2392 3461 2462 quod
3522 2394 3572 2447 is
3631 2394 3732 2464 qui

2094 2495 2128 2534 a
2158 2480 2277 2534 Deo
2309 2480 2598 2535 exaltatus
2654 2486 2743 2535 est
2789 2480 3143 2552 injuriarum
3192 2481 3559 2538 obliviscitur
3604 2500 3743 2555 erga

2093 2568 2228 2623 illos
2259 2570 2359 2639 qui
2392 2585 2498 2641 per
2528 2569 2927 2625 obedientiam
2962 2570 3132 2625 illum
3177 2573 3539 2643 agnoverint.
3596 2574 3738 2627 Vide

2090 2666 2289 2715 autem
2306 2661 2604 2731 quomodo
2616 2662 2800 2716 Judaai
2818 2667 2876 2716 et
2892 2679 2999 2733 per
3016 2678 3195 2733 opera
3212 2669 3270 2718 et
3294 2680 3400 2734 per
3412 2664 3589 2719 verba
3606 2681 3738 2719 cor—

2091 2750 2241 2821 repti
2289 2766 2408 2804 non
2462 2750 2976 2822 obtemperarunt,
3036 2751 3290 2824 ideoque
3346 2769 3552 2808 eorum
3605 2771 3739 2809 con-

2090 2838 2389 2894 demnatio
2414 2840 2579 2910 justa
2611 2846 2713 2895 est.
2753 2842 2865 2896 Per
2896 2858 3077 2912 opera
3106 2842 3371 2912 quidem,
3404 2859 3539 2898 cum
3582 2844 3737 2899 Deus

2088 2928 2388 2999 apostolos
2411 2929 2472 2982 in
2493 2945 2758 2985 carceres
2784 2930 2920 2984 duci
2938 2931 3361 3001 permittit,sed
3383 2932 3734 2988 admirando

2090 3018 2265 3072 modo
2296 3018 2530 3073 liberat.
2565 3021 2677 3073 Per
2700 3020 2876 3074 verba
2908 3036 3068 3083 vero,
3101 3026 3240 3074 utet
3262 3022 3447 3075 Judaei
3478 3040 3585 3092 per
3600 3039 3739 3094 apo-

2087 3107 2372 3161 stolorum
2387 3123 2693 3161 sermones
2709 3114 2766 3161 et
2781 3108 2977 3163 caatcri
2991 3125 3197 3163 omnes
3212 3110 3654 3180 corriperentur
3666 3128 3733 3166 ac

2085 3194 2483 3250 erudirentur.
2518 3196 2639 3251 lmo
2674 3201 2731 3250 et
2755 3197 2868 3266 ipsi
2899 3213 3133 3267 quoque
3166 3197 3416 3268 apostoli
3441 3198 3515 3252 ad
3546 3197 3735 3253 libere

2084 3283 2450 3355 loquendum
2469 3285 2980 3357 inunguntur.Alii
3002 3288 3200 3358 itaque
3214 3288 3552 3359 compuncti
3566 3295 3724 3354 sunt,

2084 3378 2143 3427 et
2162 3388 2270 3444 per
2289 3371 2690 3428 obedientiam
2711 3374 3033 3446 participes
3058 3375 3196 3430 facti
3226 3381 3365 3430 sunt
3384 3392 3729 3432 sermonum

2082 3461 2573 3532 apostolicorum:
2596 3464 2813 3518 summi
2834 3480 2966 3519 vero
2984 3465 3320 3520 sacerdotes
3335 3481 3401 3521 ac
3422 3467 3721 3538 principes

2082 3549 2280 3605 furore
2299 3550 2578 3606 adversus
2597 3551 2897 3622 apostolos
2924 3553 3297 3625 agitabantur
3317 3553 3557 3609 illorum
3578 3571 3729 3609 mor-

2086 3644 2203 3694 tem
2218 3644 2565 3711 appetentes
2583 3657 2595 3695 :
2615 3646 2680 3696 ut
2684 3642 2705 3712 j
2716 3658 2811 3697 am
2826 3642 3198 3696 manifestius
3220 3644 3296 3697 sit
3309 3659 3511 3697 eorum
3527 3644 3725 3699 adver-

2084 3745 2184 3783 sus
2198 3728 2492 3783 Christum
2512 3729 2769 3785 furorem
2788 3747 2908 3785 non
2923 3732 3325 3802 quasijustum
3340 3733 3722 3801 processisse,

2085 3816 2187 3871 sed
2209 3816 2533 3885 exinvidia,
2564 3819 2665 3889 qui
2687 3818 2761 3873 ad
2782 3819 3119 3891 hujusmodi
3147 3818 3369 3874 caadem
3393 3820 3553 3889 ipsos
3583 3836 3721 3890 pro-

2085 3903 2421 3959 ducat.Ideo
2440 3904 2619 3959 etiam
2638 3906 2808 3960 aiunt
2827 3923 2839 3959 :
2856 3930 2881 3956 ‹‹
2902 3906 3089 3961 Vultis
3106 3905 3389 3961 inducere
3413 3922 3590 3976 super
3613 3922 3720 3962 nos

2085 3995 2435 4066 sanguinem
2453 3996 2559 4050 viri
2586 3997 2763 4067 hujus
2780 3996 2806 4051 ?
2823 4016 2847 4047 ιο
2875 3999 3222 4070 sanguinem
3239 3996 3607 4070 appellantes
3620 4015 3701 4053 caa
3714 4030 3729 4039 -

2084 4082 2218 4137 dem
2246 4084 2758 4148 Quemadmodum
2774 4086 2951 4141 etiam
2967 4088 3118 4142 Deus
3132 4088 3206 4143 ad
3218 4088 3384 4143 Cain:
3410 4108 3431 4139 ει
3454 4088 3576 4142 Vox
3593 4104 3727 4143 san-

2083 4172 2279 4244 guinis
2299 4172 2499 4227 fratris
2522 4175 2605 4228 tui
2622 4172 2806 4241 6‘,hoc
2826 4180 2915 4229 est
2932 4176 3144 4231 caedes.
3183 4178 3312 4232 Haec
3339 4181 3537 4232 autem
3570 4177 3731 4233 dice—

314 4273 463 4329 bant
481 4269 694 4335 Judaei,
705 4264 1144 4323 multitudinem
1159 4270 1365 4321 contra
1377 4263 1676 4336 apostolos
1690 4261 2201 4331 exacerbantes,ac
2216 4262 2263 4317 si
2279 4262 2340 4317 id
2360 4268 2587 4319 tantum
2602 4270 3024 4336 queererent,ut
3039 4283 3158 4321 suae
3174 4267 3348 4322 saluti
3364 4273 3730 4339 parceretur-

389 4384 418 4411 ι(
466 4357 579 4414 Καὶ
636 4359 802 4429 ἡμεῖς
862 4354 1019 4427 ἐσμεν
1074 4351 1223 4408 αὐτοὶ
1289 4352 1556 4428 μάρτυρες
1612 4353 1721 4405 τῶν
1789 4347 1972 4425 ῥημά-

321 4473 349 4501 α
376 4470 490 4503 των
520 4443 751 4502 τούτων.
789 4468 818 4496 n

2159 4353 2221 4421 V,
2255 4354 2341 4409 32.
2373 4376 2399 4402 «
2433 4353 2503 4408 Et
2531 4370 2638 4410 nos
2671 4370 2876 4411 sumus
2907 4355 3020 4428 ipsi
3071 4361 3253 4412 testes
3310 4357 3543 4425 horum,
3595 4374 3725 4428 quae

2087 4463 2115 4491 «
2148 4442 2420 4498 dicimus.
2456 4466 2485 4494 »

390 4532 575 4587 Ποίων
609 4548 624 4600 ;
656 4529 739 4585 ὅτι
772 4528 981 4607 ἄφεσιν,
1013 4527 1094 4583 δτι
1131 4529 1419 4600 μετάνοιαν
1475 4524 1870 4601 ἐπηγγείλατο.
1902 4524 1967 4581 Ἦ

2153 4533 2452 4597 Quorum?
2481 4532 2637 4605 quod
2668 4535 3101 4601 remissionem,
3136 4536 3295 4605 quod
3319 4534 3729 4605 pmnitentiam

316 4623 418 4697 γὰρ
449 4619 741 4680 ἀνάστασις
771 4618 839 4687 ἦν
876 4615 1069 4672 λοιπὸν
1100 4614 1210 4687 ἤδη
1244 4613 1684 4690 ὡμολογημένη.

394 4738 424 4767 ι(
462 4714 572 4771 Καὶ
606 4712 671 4767 τὸ
703 4714 923 4785 Ηνεῦμα
956 4707 1013 4767 δὲ
1039 4711 1103 4765 τὸ
1133 4712 1311 4787 ἅγιον,
1343 4707 1373 4764 6'
1401 4702 1598 4764 ἔδωκεν
1642 4708 1670 4763 ὁ
1701 4706 1829 4769 Θεὸς
1859 4712 1976 4770 τοῖς

324 4831 348 4860 α
381 4808 784 4880 πειθαρχοῦσιν
816 4800 984 4876 αὸτῷ.
1014 4804 1112 4881 ,Οἱ
1170 4799 1227 4858 δὲ
1270 4801 1591 4862 ἀκούσαντες
1642 4797 1971 4876 διεπρίοντο,

320 4921 351 4946 α
384 4894 480 4950 καὶ
513 4890 877 4949 ἐϐουλεύοντο
905 4891 1112 4948 ἀνελεῖν
1145 4888 1367 4952 αὐτούς.

395 5077 525 5132 Ὀτι
558 5072 743 5128 ἃωεσιν
787 5067 999 5142 δίδωσι,
1055 5080 1145 5125 καί
1201 5071 1365 5141 ἡμεῖς
1427 5070 1828 5142 μαρτυροῦμεν,
1885 5063 1976 5119 καὶ

320 5164 386 5220 τὸ
422 5167 646 5234 Πνεῦμα
674 5161 738 5216 τὸ
777 5161 948 5236 ἅγιον,
988 5158 1020 5214 6'
1051 5156 1149 5214 οὐκ
1194 5155 1253 5212 ἄν
1300 5156 1558 5227 ἐπῆλθεν,
1599 5156 1646 5209 εἷ
1699 5156 1773 5229 μή
1838 5154 1974 5227 πρό-

316 5272 474 5327 τερον
517 5250 572 5305 αἱ
632 5246 891 5323 ἁμαρτίαι
950 5243 1226 5303 ἑλέλυντο.
1288 5246 1812 5323 Ταπεινοφροσόνμς
1860 5247 1918 5305 δὲ
1949 5251 1976 5305 6

317 5345 579 5403 τοιοῦτος
615 5339 807 5418 λόγος.
840 5338 919 5396 Οὐ
948 5339 1049 5413 γὰρ
1079 5340 1214 5410 ἡμῖν
1244 5335 1453 5413 εἶ’ρηται
1504 5338 1976 5411 ἀποκληρωτικῶς

317 5435 438 5490 τοῖς
487 5429 773 5504 ἀγαπῶσιν
833 5426 1020 5496 αὐτὸν,
1071 5422 1219 5480 ἀλλά
1271 5428 1340 5498 τῇ
1393 5427 1781 5501 κοινοποιοῦσῃ
1838 5449 1976 5502 προ-

320 5521 602 5590 ενήνεκται
634 5517 852 5573 πάντων
883 5519 999 5571 τῶν
1030 5513 1474 5590 πειθαρχούντων
1519 5516 1687 5589 αὐτῷ.
1742 5519 1900 5574 Ὥστε
1932 5517 1977 5573 εί

387 5693 435 5733 ⁸⁸
464 5694 613 5753 Gen.
645 5708 722 5766 xv,
757 5693 844 5749 10.

2084 4622 2418 4692 promiserit
2447 4640 2459 4677 :
2494 4638 2632 4677 nam
2665 4624 3020 4679 resurrectio
3045 4624 3173 4694 jam
3196 4623 3256 4677 in
3279 4622 3547 4677 confesso
3582 4629 3728 4679 erat.

2155 4712 2215 4780 V,
2240 4712 2328 4767 33.
2367 4734 2387 4759 ι
2422 4713 2673 4782 Insuper
2704 4717 2763 4766 et
2794 4711 3044 4783 Spiritus
3076 4717 3335 4779 sanctus,
3370 4729 3547 4783 quem
3569 4713 3732 4769 dedit

2086 4823 2111 4849 α
2131 4801 2284 4855 Deus
2297 4799 2861 4871 obedientibusipsi.
2880 4801 3014 4855 Haec
3044 4806 3243 4856 autem
3265 4818 3400 4857 cum
3421 4802 3729 4858 audissent

2089 4910 2117 4940 ‹‹
2158 4888 2608 4945 dissecabantur
2640 4905 2708 4944 ac
2751 4889 3189 4961 consultabant,
3224 4896 3290 4946 ut
3318 4892 3727 4948 interficerent

2090 5000 2114 5030 α
2143 4979 2297 5035 illos.
2332 4999 2356 5023 »

2156 5069 2322 5135 Quod
2351 5070 2768 5127 remissionem
2800 5071 3040 5137 tribuat,
3063 5078 3123 5127 et
3150 5089 3257 5128 nos
3292 5078 3470 5129 testes
3499 5088 3726 5142 sumus,

2087 5163 2146 5213 et
2175 5159 2427 5230 Spiritus
2457 5166 2718 5224 sanctus,
2752 5162 2851 5232 qui
2872 5178 3245 5233 nequaquam
3293 5162 3730 5232 supervenisset

2086 5248 2201 5303 nisi
2224 5250 2483 5321 primum
2508 5250 2701 5305 soluta
2720 5250 2973 5307 fuissent
2996 5250 3611 5323 peccata.Hujusmodi
3631 5268 3732 5307 au-

2087 5344 2207 5393 tem
2236 5355 2429 5394 sermo
2463 5340 2711 5395 modesti
2747 5339 2930 5395 animi
2964 5346 3079 5395 est:
3106 5356 3299 5409 neque
3322 5341 3481 5396 enim
3504 5341 3729 5399 dictum

2087 5434 2214 5483 est:
2251 5428 2424 5483 nobis
2456 5429 2618 5496 solis,
2648 5430 2747 5499 qui
2790 5445 2924 5484 eum
2972 5428 3274 5500 diligimus
3316 5429 3729 5488 distribuendo

2090 5520 2457 5590 munera,5l
2490 5519 2591 5576 sed
2616 5519 2916 5575 communi
2936 5534 3208 5573 sermone
3226 5519 3300 5576 ad
3317 5537 3525 5577 omnes
3535 5523 3729 5593 prola-
