4098 6260
404 361 522 426 119

1527 360 1943 423 CECUMENII
1987 362 2295 425 TRICCJE
2341 363 2684 428 EPISCOPI

3725 369 3842 430 120

401 501 528 552 tum
559 501 649 552 est
679 497 779 569 qui
810 495 922 569 ipsi
955 497 1387 568 obtemperant.
1425 498 1511 553 Ita
1541 503 1606 551 ut
1636 498 1815 553 etiam
1862 497 1910 552 si
1968 497 2055 553 illi

2193 496 2261 552 ιαὶ
2295 497 2449 552 αὐτοὶ
2479 497 2777 567 πείθοιντο,
2812 503 2888 573 μὴ
2944 502 3279 576 ἀμοιρησειν
3335 507 3432 570 τῆς
3491 501 3673 556 αὐτοῦ
3733 499 3841 558 δω-

399 586 730 651 obedirent,
758 604 878 642 non
911 586 1331 642 fraudarentur
1355 591 1521 658 parte
1566 588 1702 642 doni
1760 588 1948 659 ipsius
1985 588 2058 642 ob

413 676 944 748 transgressionem
960 692 1090 746 quae
1107 681 1346 747 propter
1368 693 1602 732 crucem
1619 678 1938 732 commissa
1952 683 2062 732 est.

483 786 510 815 «
545 767 606 831 V,
639 767 828 819 34-36.
864 767 1116 837 Surgens
1149 770 1346 820 autem
1402 766 1645 837 quidam
1698 768 1758 822 in
1808 767 2060 823 concilio

410 877 439 906 «
471 855 805 910 Pharisaeus
851 856 1095 910 nomine
1161 855 1470 921 Gamaliel,
1531 856 1676 928 legis
1727 856 1954 923 doctor,
2002 857 2062 910 in

412 966 442 995 α
476 946 664 1016 pretio
697 944 934 998 habitus
967 944 1128 1016 apud
1179 949 1366 1000 totum
1419 946 1728 1016 populum,
1773 947 1957 1017 jussit
2000 951 2067 1001 ut

408 1059 433 1084 ιι
465 1033 955 1106 ροιιιὶερενιΐοινειε
989 1034 1338 1089 secederent
1367 1034 1646 1106 apostoli,
1695 1035 1959 1106 dixitque
1991 1035 2065 1091 ad

413 1145 442 1174 «
477 1124 625 1178 alios
658 1139 670 1178 :
706 1124 823 1177 Viri
846 1123 1150 1189 Israelitze,
1184 1123 1472 1178 attendite
1498 1124 1663 1179 vobis
1710 1125 1855 1196 ipsis
1888 1141 2067 1196 super

411 1236 440 1265 ‹‹
469 1214 814 1270 hominibus
846 1213 975 1268 istis
1007 1212 1148 1283 quid
1181 1215 1367 1268 acturi
1405 1214 1554 1269 sitis.
1584 1216 1733 1270 Ante
1765 1215 1874 1270 hos
1906 1216 2062 1271 enim

412 1323 443 1356 «
474 1303 602 1358 dies
634 1301 858 1357 exstitit
885 1301 1179 1367 Theudas,
1210 1302 1414 1357 dicens
1449 1320 1510 1357 se
1571 1320 1699 1358 esse
1751 1303 2011 1376 aliquem
2049 1319 2062 1360 :

415 1413 444 1442 «
478 1392 572 1446 cui
605 1391 856 1447 adhaesit
886 1407 1172 1446 numerus
1193 1392 1452 1448 virorum
1502 1393 1739 1448 circiter
1778 1394 2064 1464 quadrin-

413 1502 441 1531 ‹‹
475 1484 790 1551 gentorum
822 1497 834 1534 :
868 1480 969 1551 qui
1002 1480 1232 1536 occisus
1263 1485 1370 1548 est,
1405 1497 1726 1552 omnesque
1774 1488 2071 1555 quotquot

416 1591 446 1620 «
481 1569 535 1625 ei
566 1568 952 1624 adhaerebant
981 1568 1252 1640 dissipati
1283 1575 1444 1634 sunt,
1479 1575 1537 1624 et
1561 1569 1635 1626 ad
1676 1571 1935 1626 nihilum
1968 1589 2066 1628 re-

422 1680 444 1708 α
481 1659 655 1716 dacti.
689 1680 718 1710 »

489 1748 593 1803 Hic
612 1747 898 1804 Gamaliel
920 1748 1086 1804 Pauli
1111 1755 1441 1821 praeceptor
1461 1751 1780 1806 erat.Hunc
1813 1768 1948 1824 ergo
1967 1752 2069 1822 qui

417 1843 750 1910 prmoeptor
769 1844 912 1904 erat,
933 1842 992 1892 et
1020 1839 1082 1892 in
1105 1838 1352 1909 judiciis
1379 1839 1524 1912 legis
1556 1840 1936 1912 approbatus,
1966 1841 2067 1896 ad-

416 1926 533 1981 huc
554 1941 674 1980 non
698 1925 960 1989 credere,
997 1942 1336 1997 quanquam
1367 1927 1622 1998 perfecte
1646 1927 2068 2000 nonintellige-

422 2021 532 2081 ret,
567 2020 845 2069 extremm
879 2019 1005 2068 erat
1045 2015 1381 2069 dementiae.
1436 2018 1505 2070 Et
1547 2016 1932 2072 manifestum
1981 2023 2071 2071 est

420 2120 490 2158 ex
519 2103 713 2158 verbis
745 2104 896 2175 ejus.
927 2120 1057 2174 quae
1092 2105 1270 2158 etiam
1332 2107 1475 2160 satis
1527 2106 1854 2162 ostendunt
1911 2106 2068 2177 quod

419 2193 744 2266 prudentia
775 2193 1110 2248 excelleret.
1145 2195 1214 2248 Et
1245 2195 1423 2249 etiam
1457 2211 1526 2249 ex
1574 2195 1747 2251 factis
1798 2196 1919 2250 suis
1968 2212 2074 2267 pa-

419 2288 520 2338 tet.
557 2284 702 2338 Nam
727 2281 995 2354 jubendo
1054 2284 1358 2354 apostolos
1417 2284 1551 2356 ejici
1604 2301 1638 2339 a
1686 2285 1960 2347 consilio,
2013 2290 2078 2340 ut

419 2374 567 2445 ipsis
601 2379 888 2428 terrorem
914 2373 1226 2440 incuteret,
1247 2373 1508 2444 seipsum
1528 2390 1765 2445 quoque
1786 2374 2044 2445 suspicio
2061 2405 2078 2413 -

423 2478 499 2518 ne
531 2461 969 2532 liberabat,qua
997 2466 1308 2533 putaretur
1329 2462 1506 2517 verba
1528 2461 1722 2518 facere
1746 2462 1807 2518 in
1829 2464 2079 2535 gratiam

424 2552 689 2618 illorum,
721 2551 821 2622 qui
853 2550 1124 2621 ejusdem
1159 2568 1294 2606 cum
1325 2553 1454 2622 ipso
1489 2558 1693 2608 essent
1748 2553 2079 2608 sententiae.

430 2641 567 2696 Ideo
599 2655 794 2710 neque
827 2655 1041 2711 magna
1071 2639 1448 2694 vehementia
1481 2656 1625 2694 usus
1656 2644 1766 2706 est,
1801 2641 1904 2694 sed
1953 2646 2083 2694 tan-

435 2745 615 2801 quam
642 2727 986 2782 temulentis
1007 2743 1128 2798 pree
1159 2727 1358 2782 furore
1380 2728 1494 2783 ait:
1537 2749 1565 2776 «
1590 2726 1890 2783 Attendite
1919 2727 2083 2782 vobis

435 2818 583 2889 ipsis
609 2817 751 2887 quid
783 2815 972 2871 acturi
1006 2816 1158 2882 sitis,
1197 2839 1216 2864 ι
1256 2832 1322 2870 ac
1354 2817 1400 2870 si
1426 2816 1678 2871 diceret:
1711 2819 1836 2872 Non
1860 2822 2083 2872 temere

431 2903 958 2961 feramini.Deinde
973 2920 1175 2960 eorum
1197 2921 1432 2976 quoque
1454 2905 1797 2976 exemplain
1820 2905 2084 2961 medium

441 2995 811 3066 adducit,qui
837 2995 1140 3066 sapienter
1162 3012 1228 3050 ac
1253 2995 1364 3049 sibi
1388 2995 1533 3068 ipsis
1553 2996 1846 3052 inutiliter
1874 3013 2090 3052 consu-

436 3083 629 3137 lentes
660 3087 902 3154 propter
934 3083 1271 3152 hujusmodi
1307 3083 1646 3156 interempti
1682 3088 2087 3158 sunt,fnempe

439 3172 742 3228 Theudam
773 3188 840 3227 ac
860 3172 1067 3227 Judam
1101 3173 1430 3240 Galiloeum,
1466 3175 1565 3244 qui
1599 3174 1671 3229 ad
1717 3175 2087 3247 auspicatum

2172 591 2314 662 ρεᾶς,
2345 590 2413 661 τῇ
2448 585 2537 643 διὰ
2566 587 2660 643 τὸν
2700 590 2927 662 σταυρὸν
2962 592 3305 666 παρανομίᾳ.

2241 782 2269 808 ‹‹
2299 758 2560 823 Ἀναστὰς
2591 755 2647 814 δέ
2673 781 2755 824 τις
2794 759 2844 814 έν
2903 759 2982 833 τῷ
3032 758 3295 837 συνεδρίῳ
3351 767 3662 836 Φαρισαῖος
3721 762 3842 817 ὄνό-

2171 870 2198 896 ‹‹
2237 867 2363 920 ματι
2394 847 2711 922 Γαμαλιήλ,
2741 848 3241 922 νομοδιδάσκαλος,
3297 853 3483 925 τίμιος
3538 851 3709 906 παντὶ
3761 853 3841 925 τῷ

2177 933 2373 1008 ιλαῷ,
2424 935 2700 992 ἐκέλευσεν
2753 937 2852 1010 ἔξω
2913 941 3094 1016 βραχύ
3152 961 3202 994 τι
3270 941 3398 1002 τοὺς
3478 941 3842 1004 ἀποστόλους

2172 1051 2199 1078 ‹‹
2233 1034 2481 1100 ποιῆσαι,
2541 1027 2659 1084 εἶπέ
2703 1050 2761 1084 τε
2801 1029 2937 1105 πρὸς
2997 1030 3213 1092 αὐτούς.
3265 1029 3490 1107 Ἀνδρες
3554 1029 3845 1106 Ἰσραηλῖ-

2171 1137 2341 1186 «ται,
2384 1119 2683 1192 προσέχετε
2740 1119 2952 1180 ἑαυτοῖς
3009 1119 3098 1174 ἐπὶ
3153 1127 3270 1183 τοῖς
3331 1122 3653 1198 ἀνθρώποις
3710 1121 3845 1176 τού.

2173 1229 2200 1257 ‹‹
2235 1225 2371 1275 τοις,
2400 1205 2453 1261 τί
2487 1206 2718 1280 μέλλετε
2776 1211 3054 1283 πράσσειν.
3114 1209 3226 1285 Πρὸ
3284 1212 3390 1286 γὰρ
3447 1210 3669 1266 τούτων
3731 1216 3843 1266 τῶν

2174 1319 2202 1347 ‹‹
2235 1297 2458 1370 ἡμερῶν
2492 1295 2683 1367 ἀνέστη
2732 1295 2952 1368 Θευδᾶς,
3014 1298 3188 1376 λέγων
3250 1299 3390 1354 εἶναί
3436 1321 3562 1354 τινα
3623 1299 3844 1356 ἑαυτόν.

2172 1407 2200 1435 ι(
2232 1388 2298 1462 ’ῼ
2341 1384 2764 1460 προσεκολλγςθη
2824 1386 3057 1460 ἀριθμὸς
3117 1385 3325 1462 ἀνδρῶν
3386 1389 3515 1444 ὡσεὶ
3573 1409 3845 1465 τετρακο-

2174 1495 2202 1524 ‹‹
2226 1471 2376 1529 σίων.
2410 1475 2510 1538 "Oc
2535 1473 2796 1550 ἀνῃρέθη,
2832 1477 2920 1531 καὶ
2953 1475 3167 1538 πάντως
3216 1475 3335 1533 ὅσοι
3392 1476 3686 1543 ἐπείθοντο
3742 1479 3842 1534 αὖ·

2179 1586 2200 1612 ι
2235 1565 2312 1633 τῷ
2343 1559 2670 1632 διελύθησαν
2714 1563 2805 1619 καὶ
2838 1563 3086 1640 ἐγένοντο
3120 1566 3195 1629 είς
3224 1564 3402 1624 οὐδέν.
3439 1589 3463 1620 ι

2248 1740 2418 1802 Οὗτος
2452 1739 2804 1813 ὁΓαμαλιὴλ
2857 1744 3007 1798 ὀτοῦ
3069 1741 3288 1799 Παύλου
3351 1741 3693 1806 διδάσκαλος
3753 1745 3843 1813 ἦν.

2179 1828 2272 1884 Ὂν
2335 1825 2661 1886 διδάσκαλον
2723 1830 2850 1886 ὄντα
2909 1833 2997 1886 καὶ
3055 1833 3149 1895 τὰς
3211 1834 3346 1888 κατά
3399 1832 3574 1906 νόμον
3635 1833 3845 1909 κρίσεις

2182 1911 2492 1988 εὐδόκιμον,
2531 1919 2606 1989 μὴ
2639 1924 2922 1974 πιστεῦσαι
2956 1920 3031 1982 εἷς
3059 1917 3207 1989 τόδε,
3266 1919 3310 1975 εἰ
3363 1922 3449 1976 καὶ
3512 1922 3592 1994 μή
3650 1918 3846 1977 διόλου

2184 2003 2407 2074 ἐννοεῖν,
2450 2006 2687 2082 ἐσχάτης
2746 2009 2930 2071 ἀνοίας
2987 2009 3116 2067 ἐστί.
3173 2009 3277 2068 Καὶ
3338 2007 3508 2081 δῆλον
3565 2011 3679 2066 ἀπὸ
3736 2016 3846 2066 τῶν

2186 2096 2450 2170 ῥημάτων
2481 2096 2673 2165 αὐτοῦ,
2719 2096 2752 2152 ἃ
2801 2100 2891 2153 καὶ
2951 2100 3036 2154 δτι
3094 2098 3296 2155 συνέσει
3354 2097 3625 2178 διέφερεν,
3685 2099 3849 2154 ἱκανά

2186 2190 2470 2260 παριστᾷν.
2508 2186 2612 2242 Καὶ
2646 2185 2816 2256 δῆλον
2861 2185 2919 2243 δὲ
2971 2189 3061 2244 καὶ
3109 2189 3201 2244 ἀπ’
3261 2190 3438 2245 αὐτῶν
3492 2194 3602 2245 τῶν
3667 2206 3848 2268 πραγ-

2191 2275 2393 2347 μάτων.
2428 2277 2508 2332 Τὸ
2541 2279 2644 2354 γὰρ
2679 2275 2928 2333 κελεῦσαι
2975 2280 3103 2341 τοὺς
3155 2278 3494 2342 ἀποστόλους
3552 2275 3854 2350 ἐκϐληθῆ-

2188 2384 2271 2418 ναι
2304 2369 2402 2419 τοῦ
2436 2363 2736 2441 συνεδρίου,
2778 2367 2914 2442 πρὸς
2971 2367 3034 2422 τὸ
3091 2362 3365 2447 έμφόὸους
3433 2366 3638 2431 αὑτοὺς
3689 2388 3852 2423 κατα-

2192 2460 2408 2526 στῆσαι,
2433 2453 2514 2526 ,ἔτι
2548 2455 2636 2510 καὶ
2670 2457 2843 2528 ἑαυτῷ
2900 2457 2962 2512 τὸ
3002 2457 3309 2512 ἀνύποπτον
3368 2458 3704 2531 περιεποίει,
3753 2461 3854 2516 τοῦ

2195 2545 2272 2614 μὴ
2305 2545 2378 2606 ὡς
2412 2541 2773 2621 ὁμογνῶμοσι
2805 2545 3195 2620 χαριζόμενον,
3227 2547 3354 2610 τοὺς
3405 2544 3614 2622 λόγους
3672 2550 3857 2601 ποιεῖ-

2192 2630 2331 2685 σθαι.
2367 2631 2562 2704 Διόπερ
2625 2628 2750 2686 οὐδὲ
2801 2631 2994 2706 πολλῇ
3053 2631 3383 2713 σφοδρότητι
3441 2639 3685 2710 χρῆται,
3728 2630 3854 2688 ἀλλ’

2193 2719 2268 2782 ὡς
2300 2719 2402 2772 ὑπὸ
2461 2722 2636 2792 θυμοῦ
2704 2721 2996 2793 μεθύουσιν
3057 2723 3200 2778 οὓτω
3259 2723 3412 2800 φησί’
3476 2721 3858 2799 «Προσέχετε

2193 2809 2403 2869 ἑαυτοῖς
2436 2808 2488 2862 τί
2515 2805 2746 2880 μέλλετε
2775 2809 3053 2884 πράττειν,
3081 2834 3108 2861 ››
3140 2811 3349 2882 ξοῖονεῖ,
3407 2812 3497 2880 Μὴ
3549 2811 3636 2874 ὡς
3697 2807 3859 2886 ἔτυχε

2195 2896 2436 2972 φέρεσθε.
2473 2899 2606 2953 Εἶτα
2643 2899 2731 2952 καὶ
2789 2897 3201 2976 παραδείγματα
3259 2899 3526 2963 ἀσυνέτως
3586 2899 3687 2957 ἐπὶ
3741 2904 3858 2962 τοῖς

2195 2985 2466 3048 τοιούτοις
2500 2986 2863 3061 χρησαμένων
2897 2989 2986 3042 καὶ
3037 2987 3376 3052 ἀλυσιτελῶς
3427 2990 3672 3061 ἑαυτοῖς,
3724 3010 3858 3062 προ⁶

2199 3078 2346 3152 φέρει
2409 3073 2606 3130 Θευδᾶν
2667 3077 2758 3130 καὶ
2814 3074 3022 3132 Ἰούδαν
3079 3078 3172 3132 τὸν
3253 3077 3579 3147 Γαλιλαῖον,
3669 3077 3722 3134 οἵ
3785 3079 3859 3144 μὴ

2199 3165 2335 3241 πρὸς
2368 3161 2541 3220 αἶ’σιον
2603 3165 2813 3227 έαυτοῖς
2872 3161 3197 3238 ἐκϐεϐήκασι
3256 3169 3444 3243 πέρας.
3507 3167 3584 3225 Οὐ
3650 3166 3861 3225 παλαιά

430 3261 544 3316 sibi
579 3263 898 3316 terminum
932 3278 1052 3316 non
1081 3268 1582 3332 pervenerunt.At
1603 3280 1724 3318 non
1747 3270 1943 3320 vetera
1959 3283 2081 3336 pro-

2202 3254 2258 3311 δὲ
2287 3256 2352 3309 τὰ
2401 3252 2838 3332 παραδείγματα,
2895 3255 3040 3312 ἀλλὰ
3082 3257 3263 3332 νεαροὶ,
3313 3258 3403 3312 καὶ
3448 3258 3522 3312 ὧν
3582 3257 3856 3314 αὐτόπται

436 3350 552 3406 fert
579 3350 872 3420 exempla,
907 3350 1010 3404 sed
1042 3351 1325 3418 recentia,
1361 3357 1419 3404 et
1449 3369 1705 3421 quorum
1754 3354 1927 3410 multi
1960 3354 2092 3410 fue-

440 3443 579 3494 rant
599 3438 711 3508 ipsi
734 3443 1144 3509 conspectores
1171 3456 1181 3492 :
1207 3445 1272 3493 ut
1294 3440 1662 3510 experientia
1679 3447 1902 3509 caveat,
1938 3460 2012 3497 ne
2036 3444 2095 3498 in

444 3526 704 3582 similem
729 3526 1134 3597 exemplorum
1157 3527 1479 3582 terminum
1501 3529 2012 3585 incurrat.Deinde
2033 3537 2098 3585 ut

458 3632 734 3673 sermone
768 3617 858 3671 his
891 3616 1155 3670 emollito
1187 3621 1374 3670 tentet
1419 3617 1719 3673 auditores
1772 3625 2033 3675 evertere
2064 3639 2098 3677 a

459 3705 677 3761 damno
703 3705 987 3778 apostolis
1011 3705 1356 3760 inferendo:
1381 3722 1455 3760 ne
1478 3706 1852 3776 quomodo,si
1877 3725 1946 3763 ea
1965 3727 2095 3781 qua;

454 3797 639 3852 Deum
680 3797 902 3853 habent
931 3797 1340 3851 auxiliatorem
1372 3797 1499 3850 sine
1521 3797 1644 3852 ullo
1667 3798 2096 3869 impedimento

451 3889 631 3945 finem
665 3888 1017 3952 sortiuntur,
1052 3885 1487 3957 imprudenter,
1511 3887 1729 3958 inquit,
1754 3891 1872 3944 Deo
1891 3906 2098 3964 repug-

447 3981 662 4031 nantes
693 3976 802 4030 hos
853 3974 1235 4029 occidamus:
1291 3980 1469 4046 atque
1522 3975 1603 4032 ita
1649 3992 1768 4032 non
1817 3977 2099 4034 adversus

445 4065 602 4132 illos,
637 4064 740 4118 sed
771 4063 1054 4120 adversus
1085 4081 1195 4120 nos
1231 4066 1392 4138 ipsos
1425 4082 1744 4123 armemur.
1779 4068 1887 4134 Qui
1937 4069 2096 4125 enim

445 4159 695 4210 conatur
713 4154 798 4210 rei
815 4155 928 4209 Deo
952 4155 1213 4226 probata-3
1231 4155 1608 4219 adversariis
1623 4158 1883 4229 seipsum
1899 4175 2094 4230 oppu-

444 4261 623 4318 gnare
647 4244 798 4299 solet
822 4245 919 4301 52
944 4247 1088 4300 Nam
1125 4245 1171 4300 si
1203 4245 1469 4300 humano
1503 4246 1689 4301 haeret
1705 4248 1976 4315 consilio,
2002 4265 2098 4304 su-

445 4334 675 4408 perﬂua
692 4341 782 4391 est
801 4334 1081 4389 adversus
1105 4335 1266 4405 ipsos
1291 4334 1652 4406 indignatio:
1679 4336 1815 4390 finis
1838 4353 2096 4409 namque

447 4440 515 4481 ac
549 4425 677 4495 ejus
709 4441 738 4479 e
773 4423 967 4476 medio
997 4423 1253 4476 sublalio
1288 4423 1568 4476 similiter
1588 4423 1953 4493 procedetut
1982 4427 2094 4480 ini-

449 4516 622 4579 tium,
653 4517 829 4585 prout
859 4511 1129 4582 exempla
1160 4510 1564 4565 subindicant.
1600 4513 1725 4565 Non
1758 4517 1955 4566 autem
1981 4529 2098 4568 ma-

2196 3343 2422 3400 πολλοί.
2459 3345 2546 3406 Ὠς
2580 3344 2638 3398 ἂν
2672 3347 2706 3414 ἡ
2738 3350 2917 3419 πεῖρα,
2976 3346 3037 3400 τὸ
3093 3346 3168 3418 μὴ
3212 3347 3346 3422 πρὸς
3401 3345 3594 3418 ὅμοιον
3657 3367 3853 3402 καταν-

2194 3436 2355 3502 τῆσαι
2413 3429 2577 3508 πέρας
2637 3432 2940 3510 φυλάξηται
2996 3438 3104 3488 τῶν
3182 3433 3670 3510 παραδειγμάτων
3735 3435 3849 3491 εἶτα

2199 3523 2272 3584 ὡς
2302 3522 2517 3582 τούτοις
2551 3521 2874 3594 ἐξομαλίσας
2910 3524 3000 3578 τὸν
3061 3522 3252 3600 λόγον,
3302 3525 3605 3594 ἀποστῆναι
3655 3524 3847 3598 πειρά-

2197 3633 2354 3682 σηται
2388 3613 2514 3674 τοὺς
2551 3614 2816 3688 ἀκροατὰς
2846 3621 2944 3683 τῆς
2977 3614 3112 3668 κατὰ
3166 3619 3272 3670 τῶν
3328 3613 3676 3686 ἀποστόλων,
3725 3617 3848 3671 ἐπι·

2199 3696 2427 3770 ϐουλῆς,
2464 3703 2687 3773 μήπως,
2730 3701 2772 3756 εἰ
2831 3703 2967 3778 πρὸς
3028 3701 3420 3777 ἀνεμπόδιστον
3477 3704 3845 3782 ἀφώρμηνται

2196 3789 2379 3860 τέλος,
2412 3791 2546 3866 ἅπερ
2573 3788 2689 3867 ἕχει
2724 3793 2853 3848 Θεὸν
2886 3791 3262 3869 συλλήπτορα,
3320 3793 3604 3868 λάθοιμεν,
3659 3795 3844 3875 φησὶν,

2198 3879 2286 3936 ἐπὶ
2356 3882 2659 3959 θεομαχίαν
2711 3880 3198 3953 ἀποτελευτῶντες,
3229 3883 3318 3938 καὶ
3377 3883 3548 3946 οὕτως
3606 3885 3670 3940 ού
3731 3885 3848 3940 κατ’

2199 3971 2416 4027 ἐκείνων
2475 3970 2622 4028 ἀλλά
2677 3973 2796 4026 καθ’
2855 3972 3057 4027 ἑαυτῶν
3123 3975 3484 4048 ὁπλιζόμενοι
3541 3976 3846 4051 πεφυκότος

2196 4066 2294 4117 τοῦ
2325 4061 2460 4117 κατὰ
2489 4065 2586 4116 τοῦ
2602 4065 2680 4130 τῷ
2712 4066 2827 4134 Θεῷ
2849 4060 3139 4124 δοκοῦντος
3167 4062 3393 4139 βάλλειν
3414 4064 3846 4141 έπῖχειροῦντος,

2201 4150 2276 4212 εἰς
2321 4151 2384 4205 τὸ
2437 4151 2554 4205 καθ’
2612 4148 2803 4205 ἑαυτοῦ
2859 4156 3148 4222 καταντᾷν.
3217 4151 3281 4209 Εἰ
3337 4152 3438 4229 γάρ
3493 4154 3843 4229 ἀνθρωπίνης

2200 4241 2378 4313 ὁρμῆς
2417 4237 2625 4314 ἔχεται,
2682 4241 2908 4316 περιττή
2953 4242 2986 4308 ἡ
3043 4243 3158 4296 κατ’
3217 4242 3392 4298 αὐτῶν
3452 4243 3842 4319 ἀγανάκτησις.

2200 4334 2284 4404 Τῇ
2314 4331 2416 4406 γὰρ
2448 4330 2599 4408 ἀρχῇ
2645 4333 2731 4385 καὶ
2790 4332 2816 4386 ὁ
2867 4331 3168 4410 ἀφανιςμὸς
3226 4331 3547 4409 σύνδρομος,
3587 4335 3728 4411 ὥσγε
3777 4334 3844 4390 τὰ

2198 4419 2608 4498 παραδείγματα
2640 4422 3027 4479 ὑπαινίττεται.
3083 4424 3197 4480 Οὐκ
3247 4425 3364 4480 εἶπε
3419 4422 3474 4481 δὲ
3522 4431 3839 4505 προφανῶς,

2200 4511 2260 4566 τὸ
2290 4514 2396 4564 τῶν
2441 4509 2763 4565 ἀποστόλων
2821 4509 2878 4566 έκ
2935 4515 3089 4582 Θεοῦ,
3188 4511 3239 4583 ἐξ
3301 4512 3601 4588 ἀνθρώπων
3661 4517 3840 4592 ὁρμῆς

449 4603 662 4658 nifeste
680 4601 828 4657 dixit
857 4598 1630 4672 apostolorumfactum,Dei
1657 4605 1758 4654 aut
1783 4600 2081 4657 hominum

2200 4603 2533 4667 κεκινῆσθαι,
2567 4597 2694 4653 ἀλλ’
2720 4597 3120 4664 ένδοιαστικῶς.
3157 4601 3220 4658 Εἰ
3255 4603 3348 4675 μὲν
3401 4603 3502 4677 γάρ
3556 4591 3706 4659 εἶπεν
3756 4604 3840 4660 ὅτι

449 4698 677 4748 motum
700 4706 830 4746 esse
853 4688 1233 4752 consilio.sed
1255 4688 1788 4760 ambigue.Etenim
1812 4690 1860 4744 si
1886 4707 1955 4744 ex
1972 4691 2086 4747 Deo

447 4780 711 4840 dixisset.
747 4779 1018 4851 protinus
1049 4778 1136 4834 illi
1169 4779 1668 4834 contradixissent
1696 4795 1707 4832 :
1741 4779 1789 4834 si
1829 4796 1964 4836 vero
2021 4798 2090 4836 ex

446 4866 812 4931 hominibus,
843 4883 1082 4922 rursum
1115 4873 1420 4938 promptos
1460 4866 1742 4922 adversus
1791 4870 2089 4940 apostolos

443 4955 1142 5026 reddidisset.Propterea
1161 4957 1460 5026 sapienter
1474 4963 1797 5028 temperato
1813 4975 2088 5015 sermone

443 5048 624 5103 ﬁnem
641 5044 1159 5119 exspectarejubet
1201 5051 1257 5099 et
1271 5063 1390 5100 non
1406 5051 1628 5101 temere
1646 5046 1784 5101 ferri
1808 5048 2087 5106 adversus

440 5153 566 5192 rem
599 5152 730 5206 quas
757 5131 1068 5207 ignoretur
1120 5133 1226 5198 Qui
1260 5134 1417 5189 enim
1448 5141 1670 5206 pugnat
1714 5135 1994 5193 adversus
2025 5141 2088 5195 in

441 5227 597 5297 quod
630 5227 745 5281 Deo
780 5224 1082 5297 probatur,
1117 5239 1238 5278 non
1265 5223 1434 5290 illud,
1459 5224 1561 5280 sed
1585 5225 1847 5297 seipsum
1871 5229 2083 5299 perdit.

442 5315 672 5370 Etenim
711 5315 759 5370 si
784 5315 1110 5369 humanum
1131 5317 1240 5378 est,
1265 5313 1478 5384 inquit,
1505 5314 1647 5385 quid
1667 5316 1828 5370 vobis
1846 5334 2088 5375 necesse

445 5409 536 5459 est
574 5404 864 5458 facessere
899 5403 1200 5473 negotium
1224 5402 1251 5456 ί.)
1282 5401 1328 5456 si
1379 5418 1509 5456 vero
1559 5402 1848 5470 divinum,
1897 5423 2090 5479 neque

445 5491 736 5563 susceptis
768 5491 1057 5545 molestiis
1084 5492 1351 5562 poteritis
1383 5492 1577 5562 ipsum
1637 5493 1981 5563 dissolvere,
2033 5503 2090 5552 et

446 5583 527 5637 ita
550 5597 668 5635 non
703 5579 931 5633 videtur
961 5585 1180 5636 temere
1209 5581 1650 5652 procedendum
1678 5582 1958 5640 adversus
1995 5602 2086 5640 res

448 5687 578 5745 qua
609 5670 978 5743 ignorantur.

2198 4687 2258 4743 ἐκ
2286 4691 2439 4758 Θεοῦ,
2471 4687 2755 4763 ἀντέλεγον
2788 4686 2847 4742 ἄν
2891 4691 3086 4754 εὗθέως
3145 4689 3357 4747 ἐκεῖνοι.
3416 4691 3483 4748 Εἴ
3531 4691 3588 4747 δὲ
3641 4692 3690 4764 ἐξ
3745 4695 3841 4748 ἀν-

2201 4775 2454 4853 θρώπων,
2489 4776 2820 4853 προχείρους
2869 4778 3034 4834 πάλιν
3081 4780 3251 4835 ἐποίει
3307 4780 3500 4844 αὐτοὺς
3551 4784 3684 4837 κατὰ
3733 4787 3842 4837 τῶν

2200 4865 2543 4923 ἀποστόλων.
2575 4870 2670 4922 Διά
2721 4873 2880 4922 τοῦτο
2939 4873 3120 4945 σοφῶς
3178 4871 3268 4924 τὸν
3320 4871 3483 4947 λόγον
3543 4871 3840 4944 οἰκονομή-

2199 4977 2313 5021 σας,
2349 4962 2657 5031 περιμεῖιαι
2689 4959 2751 5012 τὸ
2779 4956 2939 5019 τέλος
2995 4957 3227 5027 κελεύει,
3277 4960 3367 5014 καὶ
3424 4963 3500 5034 μὴ
3554 4966 3839 5037 προπετῶς

2198 5044 2334 5102 κατᾶ
2389 5047 2706 5122 πράγματος
2789 5046 3158 5122 ἀγνοουμένου
3216 5049 3486 5124 φέρεσθαι.
3544 5051 3840 5126 Πρὸςγὰρ

2198 5135 2259 5190 τὸ
2290 5141 2370 5208 τῷ
2399 5140 2514 5206 Θεῷ
2563 5131 2756 5190 δοκοῦν
2818 5136 2844 5188 δ
2907 5135 3247 5211 μαχόμενος,
3309 5139 3408 5194 οὐκ.
3461 5138 3659 5210 έκεῖνο,
3714 5138 3841 5196 ἀλλ’

2199 5225 2385 5282 ἑαυτὸν
2418 5222 2696 5281 καταλύει.
2740 5223 2803 5281 Εἰ
2865 5225 2960 5298 μὲν
3011 5225 3114 5302 γὰρ
3162 5225 3519 5303 ἀνθρώπινον,
3579 5230 3734 5303 cpia-‘2,
3791 5228 3842 5283 τί

2201 5313 2283 5371 δεῖ
2312 5313 2647 5388 πραγμάτων
2682 5314 2808 5386 ὑμῖν
2837 5332 2851 5382 ;
2883 5314 2925 5367 εἰ
2975 5311 3031 5370 δὲ
3086 5317 3252 5384 θεῖον,
3305 5315 3431 5372 οὐδὲ
3483 5319 3618 5391 μετά
3670 5340 3841 5394 πραγ-

2203 5425 2385 5481 μῃτων
2421 5401 2709 5474 δυνήσεσθε
2741 5403 2869 5457 αὐτὸ
2927 5402 3248 5472 καταλῦσαι,
3304 5407 3378 5469 ὡς
3434 5411 3509 5482 μὴ
3561 5413 3844 5484 προπετῶς

2200 5491 2349 5566 δόξαι
2378 5493 2513 5547 κατὰ
2543 5493 2870 5567 πραγμάτων
2907 5493 3280 5568 ἀγνοουμένων
3311 5503 3536 5572 χωρεῖν·
