4098 6260
236 400 334 464 Ml

257 622 668 695 «ἡμέραιςτῆς
734 620 1165 704 ἀπογραφῆς,
1225 629 1314 684 καὶ
1366 627 1634 697 ἀπέστησε
1691 625 1821 682 λαὸν
1863 627 1979 681 ικα-

260 740 285 767 ‹ι
319 713 400 767 viw
428 709 599 766 ὀπίσω
630 709 862 767 αὐτοῦ.
951 716 1241 781 Κάκεῖνος
1298 717 1568 773 ἀπώλετο.
1632 718 1733 772 Καὶ
1789 715 1982 778 πάντες

270 831 295 855 α
330 800 761 858 ὅσοιὶπείθοντο
822 804 1011 877 mimi)
1072 804 1580 880 διεσκορπίσθησαν.
1632 806 1730 860 Καὶ
1782 805 1847 860 τὰ
1900 808 1987 858 νῦν

290 920 310 947 ι
341 891 480 969 λέγω
510 893 661 963 ὑμῖν.
702 914 732 940 ιι

358 981 619 1041 Ἑοίκασιν
654 978 711 1034 οἱ
746 981 1093 1040 Γαλιλαῖοι
1129 988 1267 1041 κατὰ
1302 986 1428 1049 τοὺς
1461 985 1701 1065 χρόνους
1746 984 1986 1040 Πιλάτου

302 1070 675 1139 ἒστασιακὲναι,
744 1067 1056 1147 δόγμασιν
1117 1075 1379 1149 ἑπόμενοι
1437 1073 1613 1131 Ἰούδα
1667 1080 1763 1130 τοῦ
1822 1072 1988 1130 Γαλι-

309 1163 484 1219 λαίου.
510 1162 611 1219 Ἦν
644 1157 702 1215 δι
742 1162 820 1216 τὸ
855 1159 1057 1238 δόγμα
1088 1169 1187 1220 τοῦ
1224 1162 1421 1234 Ἰοόδα,
1452 1165 1526 1229 ὡς
1574 1165 1664 1219 καὶ
1719 1166 1987 1237 Ἰῳσηπος

320 1256 369 1312 ὲν
429 1260 532 1315 τοῖς
585 1251 951 1318 τελευταίοις
1015 1262 1121 1325 τῆς
1190 1254 1496 1326 Ἰουδαϊκῆς
1580 1254 1984 1335 ἀρχαιολογίας

319 1344 527 1416 ἔδειξεν,
585 1343 896 1418 φαντασίαν
962 1343 1362 1416 ἐξαποστέλλον
1424 1344 1643 1415 πολλὴν
1700 1342 1770 1399 δι’
1838 1343 1987 1400 εὑσέ-

312 1426 468 1491 ’ὗειαν
521 1432 795 1495 εὐτονίας.
856 1434 1066 1511 Κύριον
1120 1434 1220 1510 γὰρ
1284 1432 1423 1508 μηδὲ
1494 1434 1661 1510 μέχρι
1717 1433 1986 1507 στόματος

326 1522 522 1602 ἔφασκε
552 1520 659 1578 δεῖν
693 1544 819 1579 τινα
851 1522 1062 1600 λεγειν,
1124 1521 1267 1597 μηδὲ
1315 1524 1452 1580 κατά
1504 1544 1622 1579 τινα
1672 1525 1840 1597 τιμὴν
1898 1523 1989 1579 καὶ

322 1614 757 1698 φιλοφροσόνην.
787 1613 952 1672 Οὕτω
994 1612 1051 1670 δὲ
1114 1613 1255 1688 μηδὲ
1303 1617 1397 1670 τὸν
1458 1613 1832 1691 βασιλεύοντα.
1892 1614 1990 1669 Καὶ

324 1703 536 1764 πολλοί
567 1725 629 1782 γε
659 1703 839 1759 αὐτῶν
874 1700 967 1759 διὰ
1002 1705 1066 1759 τὸ
1123 1706 1199 1777 μὴ
1269 1704 1436 1760 εἰπεῖν
1490 1704 1732 1779 Καίσαρα
1782 1704 1988 1780 κόριον,

326 1797 734 1876 χαλεπωτάτας
794 1794 977 1855 αἰκίας
1038 1795 1351 1868 ὑπέμειναν.
1410 1793 1479 1852 Οἵ
1534 1793 1623 1850 καὶ
1680 1791 1982 1863 ἐδίδασκον,

1300 403 1709 469 ΟΟΜΜΕΝΤ.
1757 399 1849 464 IN
1893 400 2094 460 ACTA
2141 397 2752 462 APOSTOLORUM.

309 557 333 586 «
358 528 498 589 Πετᾶ
523 526 746 585 τοῦτον
788 531 1044 609 ἆνὲστη
1115 536 1327 603 Ἰούδας
1358 541 1385 595 ὁ
1416 536 1711 599 Γαλιλαῖος
1760 534 1813 591 ἐν
1853 540 1971 598 ταῖς
2006 540 2053 603 Α

3616 400 3730 464 122

2158 556 2186 585 ‹‹
2220 535 2284 589 V.
2318 537 2405 599 37,
2440 537 2527 590 38.
2571 537 2713 592 Post
2739 537 2897 592 hunc
2923 537 3147 593 exstitit
3173 535 3351 592 Iudas
3371 536 3646 593 Galilaeus
3667 539 3728 594 in

2096 644 2117 673 ι
2153 624 2364 681 diebus
2394 626 2831 698 descriptionis,
2865 633 2923 683 et
2953 628 3205 683 multum
3240 630 3449 684 avertit
3478 634 3611 701 post
3669 646 3729 685 se

2090 738 2117 761 «ι
2152 716 2475 787 populum:
2506 716 2725 787 illeque
2758 717 2952 788 periit,
2987 724 3045 772 et
3076 724 3368 789 quotquot
3411 724 3730 789 paruerant

2090 826 2117 853 «
2153 804 2204 859 ei
2238 804 2490 875 dispersi
2521 812 2677 860 sunt.
2713 810 2780 859 Et
2808 806 2879 861 de
2926 805 3101 861 rebus
3155 807 3548 879 prassentibus
3598 809 3727 863 dico

2092 916 2121 944 «
2153 894 2334 949 vobis.
2372 916 2397 942 ι)

2162 983 2497 1039 Verisimile
2520 989 2610 1039 est
2635 985 2905 1040 Galilmos
2924 986 3291 1057 temporibus
3304 988 3475 1043 Pilati
3498 989 3562 1042 in
3582 988 3732 1044 sedi-

2091 1073 2314 1129 tionem
2339 1080 2530 1129 motos
2552 1074 3036 1147 fuisse.dogmata
3059 1083 3375 1146 sequentes
3395 1078 3557 1134 Judaa
3574 1077 3728 1133 Gali-

2092 1162 2205 1217 laei.
2243 1163 2461 1235 Dogma
2490 1169 2686 1218 autem
2717 1164 2879 1218 Iudae
2910 1171 3085 1235 prout
3111 1166 3289 1220 etiam
3344 1167 3636 1237 Josephus
3668 1168 3730 1221 in

2091 1253 2411 1325 postremis
2440 1253 2854 1323 Antiquitatum
2888 1255 3134 1311 Judaicoz
3162 1255 3404 1310 historia:
3442 1256 3609 1311 libris
3637 1273 3729 1311 os-

2094 1340 2285 1397 tendit
2312 1340 2379 1409 ‘5,
2412 1343 2658 1399 multam
2689 1361 2810 1414 pra}
2837 1361 2898 1399 se
2929 1344 3580 1412 ferebatambitionem,
3601 1362 3735 1417 pro-

2094 1437 2225 1504 pter
2251 1433 2662 1488 strenuitatem
2693 1433 3017 1506 religionis.
3052 1435 3293 1491 Dicebat
3314 1437 3474 1491 enim
3505 1436 3737 1491 nullum

2096 1526 2368 1593 oportere
2398 1522 2487 1578 vel
2519 1540 2618 1577 ore
2652 1528 2822 1578 tenus
2854 1525 3167 1579 Dominum
3199 1525 3519 1597 appellare,
3546 1542 3737 1596 neque

2096 1611 2278 1665 ullius
2308 1611 2552 1667 honoris
2574 1618 2676 1667 aut
2692 1612 3119 1668 benevolentiae
3147 1616 3352 1686 gratia,
3370 1620 3427 1668 et
3443 1615 3525 1669 ita
3545 1632 3737 1685 neque

2099 1716 2235 1754 eum
2266 1701 2365 1772 qui
2397 1717 2578 1772 regno
2611 1702 2922 1772 potiretur.
2965 1704 3034 1756 Et
3090 1703 3261 1758 multi
3319 1704 3606 1773 ipsorum,
3663 1721 3738 1759 ne

2098 1790 2387 1845 Caasarem
2421 1789 2729 1847 dominum
2760 1797 3053 1860 vocarent,
3091 1793 3428 1848 miserrima
3474 1793 3739 1865 perpessi

329 1891 406 1962 μή
443 1883 558 1941 δεῖν
591 1885 742 1960 παρᾶ
777 1884 873 1945 τὰς
935 1879 1351 1957 διατεταγμένας
1410 1882 1461 1937 ἐν
1518 1888 1597 1953 τῷ
1656 1884 1811 1956 νόμῳ
1864 1885 1993 1939 Μω-

2119 1886 2241 1934 ιιωῐ
2262 1879 2646 1952 suppliciaﬂi
2667 1880 2845 1935 etiam
2864 1880 3157 1936 docebant
3173 1899 3293 1937 non
3312 1894 3583 1953 oportere
3596 1882 3742 1937 alias

327 1976 485 2041 σέως,
551 1973 746 2039 θυσίας
809 1971 993 2047 ἑτέρας
1051 1973 1405 2050 ἀναφέρεσθαι
1462 1977 1543 2044 τῷ
1600 1976 1739 2044 Θεῷ.
1798 1973 1995 2046 Διόπερ

324 2069 418 2124 καὶ
447 2063 705 2121 ἐκώλυον
732 2064 832 2124 τὰς
867 2063 972 2118 ὑπὸ
1013 2065 1111 2127 τῆς
1144 2062 1430 2137 γερουσίας
1483 2066 1582 2117 τοῦ
1631 2060 1769 2117 λαοῦ
1820 2081 1998 2136 παρα-

336 2153 634 2228 δεδομένας
668 2154 918 2230 γίνεσθαι
949 2152 1075 2227 περὶ
1099 2157 1199 2220 τῆς
1256 2152 1528 2226 σωτηρίας
1580 2156 1678 2205 τοῦ
1731 2148 2001 2227 βασιλέως

339 2246 433 2299 καὶ
485 2247 584 2297 τοῦ
638 2239 935 2313 Ῥωμαίων
994 2237 1205 2303 ἔθνους.
1275 2240 1437 2302 Εἰκὸς
1497 2240 1588 2295 οὗν
1644 2238 1731 2295 ἐπὶ
1787 2239 2003 2303 τούτοις

354 2336 745 2411 ἀγανακτοῦντα
778 2331 919 2405 πρὸς
951 2330 1281 2394 Γαλιλαίους
1328 2333 1420 2387 τὸν
1470 2329 1707 2386 Πιλᾶτον
1754 2331 2000 2386 κελεῦσαι

352 2425 483 2499 παρ’
514 2421 699 2483 αὐταῖς
732 2423 821 2483 αἷς
872 2417 1097 2475 ἐδόκουν
1139 2420 1276 2475 κατᾶ
1320 2421 1411 2475 τὸν
1457 2421 1629 2494 νόμον
1681 2419 2003 2497 προσφέρειν

342 2513 561 2579 θυσίαις
614 2511 815 2574 αὐτοὺς
872 2511 1242 2584 ἀναιρεθῆναι.
1300 2511 1387 2573 Ὠς
1441 2509 1566 2565 τότε
1636 2510 2006 2584 ἀναμιχθῆναι

334 2608 459 2665 ταῖς
492 2596 970 2677 προσφιρομέναις
1003 2598 1210 2663 θυσίαις
1266 2601 1322 2653 εὸ
1371 2600 1512 2673 αἷμα
1568 2602 1676 2655 τῶν
1734 2618 2005 2675 προσαγο-

338 2694 545 2767 μένων,
578 2689 726 2745 γαθὶι
756 2688 848 2744 καὶ
880 2688 933 2745 ἐν
966 2692 1047 2760 τῷ
1076 2687 1212 2743 κατᾶ
1261 2694 1471 2745 Λουκᾶν
1527 2686 1860 2766 Εὗαγγελίῳ
1910 2686 2007 2761 ἐμ-

338 2782 543 2861 φέρετα
552 2803 567 2834 ι
578 2824 590 2837 .

412 2896 439 2923 κ
517 2868 837 2938 Ἀπόστητε
893 2867 998 2922 ἀπὸ
1054 2887 1163 2938 τρν
1244 2866 1544 2941 ἀνθρώπων
1623 2864 1855 2934 τούτων,
1913 2866 2008 2923 καὶ

337 2988 365 3014 κ
396 2961 599 3017 ἐάσατε
632 2956 856 3018 αὑτούς.
913 2957 1037 3014 Ὀτι
1093 2956 1178 3010 ἐᾶν
1319 2955 1368 3029 ἐξ
1427 2955 1726 3032 ἀνθρώπων
1758 2954 2005 3031 ἠβουλή

338 3075 367 3101 κ
400 3048 437 3119 ἤ
473 3049 541 3105 τὸ
574 3046 740 3124 ἔργον
787 3050 975 3116 τοῦτο,
1033 3042 1488 3114 καταλυθήσεται.
1542 3043 1606 3101 Ei
1652 3042 1709 3099 δὲ
1758 3043 1818 3099 ἐκ
1874 3049 2010 3101 Θεοῦ

344 3165 373 3191 α
408 3137 578 3205 ἔστιν,
613 3136 679 3192 οὐ
712 3132 1007 3204 δυνήσεσθε
1059 3132 1356 3190 καταλῦσαι
1402 3134 1558 3203 αὐτὸ,
1608 3136 1683 3204 πή
1734 3154 1867 3189 ποτε
1920 3134 2010 3189 καὶ

352 3254 380 3281 ιι
418 3226 698 3303 θεομάχοι
754 3223 1038 3298 εὑρεθῆτε.
1096 3222 1448 3293 Ἐπείσθησαν
1510 3220 1567 3278 δὲ
1652 3223 1816 3295 αὑτῷ.
1906 3223 2009 3280 Καὶ

366 3340 393 3367 ιι
426 3311 928 3387 προσκαλεσάμενοι
961 3308 1090 3371 τοὺς
1130 3310 1492 3381 ἀποστόλους,
1551 3308 1817 3385 δείραντες
1869 3331 2011 3386 παρ-

373 3429 400 3454 ιι
435 3401 697 3478 ἤγγειλαν
724 3403 797 3474 μὴ
831 3399 1023 3458 λαλεῖν
1079 3398 1174 3454 ἐπὶ
1230 3404 1310 3472 τῷ
1366 3400 1596 3473 ὀνόματι
1652 3404 1748 3455 τοῦ
1804 3400 2007 3469 Ἰησοῦ.

362 3516 391 3542 α
426 3492 535 3548 Καὶ
571 3487 836 3545 ἀπέλυσαν
868 3488 1087 3552 αὐτούς.
1123 3489 1190 3546 Οἳ
1225 3489 1318 3563 μὲν
1370 3489 1461 3544 οὗν
1509 3487 1831 3564 ἐπορεύοντο
1890 3489 2013 3563 χαί-

358 3608 383 3632 α
421 3600 604 3656 ροντες
645 3580 753 3633 ἀπὸ
784 3579 1085 3653 προσώπου
1115 3582 1211 3633 τοῦ
1251 3575 1552 3654 συνεδρίου,
1610 3576 1691 3633 ὅτι
1744 3578 1876 3653 ὑπὲρ
1913 3584 2010 3633 τοῦ

356 3671 700 3744 «ὀνόματος
756 3668 924 3723 αὐτοῦ
982 3668 1394 3738 κατηξιώθησαν
1454 3669 1839 3742 ἀτιμασθῆναι.
1900 3673 2009 3723 Πᾶ-

352 3784 383 3812 α
415 3761 511 3816 σάν
548 3781 608 3816 τε
668 3760 883 3835 ἡμέραν
943 3757 995 3812 ἐν
1051 3762 1129 3829 τῷ
1186 3758 1315 3834 ἱερῷ
1371 3756 1460 3813 καὶ
1515 3759 1633 3813 κατ’
1700 3759 1856 3813 οἷκον
1914 3758 2014 3814 οὐκ

354 3876 382 3902 κ
412 3850 688 3906 ἐπαύοντο
752 3846 1094 3910 διδάσκοντες
1145 3847 1235 3903 καὶ
1272 3842 1750 3924 εόαγγελιζόμενοι
1800 3849 2009 3919 Ἰησοῦν

355 3964 380 3994 α
410 3941 503 3995 τὸν
539 3937 800 4015 Χριστόν.
835 3962 864 3989 ››

428 4030 555 4086 Οὐκ
587 4028 744 4083 εἶπεν
774 4025 859 4082 ὅτι
916 4024 976 4082 ἐκ
1005 4029 1139 4082 Θεοῦ
1187 4025 1349 4096 ἐστιν,
1398 4023 1524 4083 ἀλλ’
1568 4024 1682 4082 οὐδ’
1739 4026 2016 4103 ἀνθρώπι-

352 4140 442 4174 νον
476 4118 544 4174 τὸ
576 4112 758 4191 ἔργον.
809 4116 949 4192 Πρὸς
1009 4117 1113 4192 γὰρ
1168 4116 1231 4170 τὸ
1288 4124 1346 4171 εκ
1397 4119 1550 4187 Θεοῦ,
1606 4115 1761 4179 εὐθὺς
1820 4117 2016 4172 ἐκεῖνοι

354 4207 658 4279 ἀντέλεγον
687 4205 778 4275 ἂν,
807 4206 869 4261 τὸ
901 4203 957 4260 δὲ
987 4203 1036 4276 ἐξ
1065 4205 1381 4280 ἀνθρώπων,
1440 4207 1795 4281 θρασυτέρους
1842 4205 2015 4263 ἐποίει

360 4299 499 4354 κατὰ
530 4302 644 4352 τῶν
674 4294 1019 4353 ἀποστόλων.
1055 4296 1252 4370 Διόπερ
1299 4296 1399 4372 ’ὀρα
1453 4296 1660 4351 σύνεσιν
1707 4297 2015 4373 ἀνθρώπου,

364 4394 551 4465 σὸςοῶς
585 4385 680 4442 τόν
712 4384 879 4460 λόγον
915 4386 1358 4458 οἶκονομοῦντος.
1394 4390 1712 4459 Ηεριμεῖναι
1756 4389 1818 4443 τὸ
1857 4387 2017 4452 τέλος

360 4476 603 4534 κελεύει.
640 4475 757 4533 Οὐκ
788 4476 907 4530 εἷπε
945 4472 1023 4529 δὲ.
1060 4474 1155 4529 Καὶ
1187 4474 1275 4529 ἐὰν
1336 4476 1411 4548 μή
1471 4474 1816 4546 καταλόσητε
1866 4477 2016 4551 αὐτὸ,

366 4571 546 4642 γνῶτε
578 4567 663 4621 ὅτι
694 4564 800 4619 ἀπὸ
824 4568 953 4619 Θιοῦ
984 4562 1148 4631 ἐστιν,
1181 4561 1308 4618 ἀλλ’
1365 4565 1488 4620 Ἐὰν
1548 4563 1608 4619 ἐκ
1662 4570 1795 4621 Θεοῦ
1852 4565 2018 4636 ἐστιν,

371 4657 435 4711 οὗ
462 4652 919 4723 καταλυθήσεται.
955 4654 1033 4709 Τὸ
1069 4654 1164 4727 μὲν
1196 4652 1299 4729 γὰρ
1327 4658 1427 4721 τῆς
1468 4653 1685 4709 ἐκείνων
1738 4654 2015 4730 λογισθείη

366 4743 661 4813 ἀπηνείας,
691 4743 753 4797 τὸ
815 4740 871 4797 δὲ
924 4747 1026 4813 τῆς
1093 4740 1239 4804 θείας
1299 4738 1602 4815 δυνάμεως·
1661 4744 2018 4815 Ἐπείσθησαν

359 4833 424 4891 δὲ
452 4839 538 4905 τῷ
571 4834 649 4904 μὴ
684 4832 954 4903 παρουσίᾳ
983 4835 1090 4885 τῶν
1151 4830 1477 4886 ἀποστόλων
1539 4837 1708 4888 ταῦτα
1766 4836 2021 4909 ῥηθῆναι,

360 4923 515 4982 ἆλλὲ
546 4922 743 4999 χωρίς.
793 4923 912 4979 Ἔτι
970 4918 1026 4976 δὲ
1086 4921 1176 4975 καὶ
1235 4921 1317 4976 ὅτι
1369 4924 1792 4997 συνεπιγνώμων
1838 4926 2023 4989 αὐτοῖς

369 5013 679 5089 νομισθεὶς,
716 5009 807 5066 καὶ
837 5013 936 5080 τήν
967 5004 1185 5066 ἔκϐασιν
1228 5011 1303 5073 ὡς
1331 5010 1391 5066 ἂν
1446 5012 1536 5067 καὶ
1582 5014 1793 5086 γένοιτο
1849 5012 2026 5072 δεδοι-

362 5104 501 5170 κὼς,
564 5099 746 5175 ὥσπερ
802 5099 893 5153 καὶ
946 5097 1131 5161 αὐτοῖς
1193 5097 1448 5155 ὑπετίθει.
1506 5101 1647 5175 Πρὸς
1708 5098 1765 5156 δὶ
1839 5104 1928 5158 καὶ
1987 5108 2022 5175 ἡ

371 5190 661 5267 γλυκῦτης
691 5193 801 5244 τῶν
844 5188 1028 5266 λόγων
1089 5188 1223 5261 μετᾶ
1277 5192 1374 5243 τοῦ
1433 5186 1646 5245 δικαίου
1700 5190 2024 5251 συνεϐάλετο

375 5282 530 5352 αὑτῷ
582 5280 722 5351 πρὸς
782 5279 846 5333 τὸ
903 5281 1107 5335 πεῖσαι.
1167 5275 1346 5341 Ἀλλ’,
1406 5277 1451 5333 εἰ
1512 5278 1854 5353 ἐπείσθησαν,
1907 5289 2026 5345 πῶς

374 5365 626 5446 ἔδειρανς
660 5367 1018 5435 ἰ-,πείσθησαν
1050 5369 1149 5432 τῆς
1191 5387 1295 5447 σφα
1332 5373 1399 5435 ἧς
1449 5369 1804 5447 ἀποσχέσθαι.
1857 5377 2026 5427 Τοῦτο

369 5460 477 5539 γὰρ
537 5457 730 5533 ὤργων
788 5452 1103 5530 μανιωδῶς.
1160 5453 1409 5531 Ἲίξδειραν
1473 5454 1529 5511 δὲ
1602 5463 1681 5530 τῷ
1741 5461 1817 5532 μὴ
1878 5459 2026 5531 δόξαι

357 5549 610 5628 ἀφρόνως
641 5547 961 5623 ὁρμηθῆναι
994 5542 1083 5600 καὶ
1115 5546 1254 5600 κατὰ
1296 5540 1627 5604 ἀνεκὸάτων.
1684 5550 1791 5604 Καὶ
1834 5550 1904 5620 ἦν
1950 5573 2029 5623 τῳ

402 5755 481 5841 ,οδ
513 5710 825 5826 “mm,
863 5758 885 5811 ί
925 5756 1069 5809 διε.
1146 5751 1358 5818 σλιπ.
1386 5754 1554 5824 «1,1.

2107 1975 2323 2043 praeter
2354 1971 2683 2044 assignatas
2716 1971 2775 2026 in
2806 1972 2932 2043 lege
2962 1973 3138 2027 Mosis
3168 1973 3433 2027 victimas
3483 1972 3747 2027 exhiberi

2108 2062 2249 2128 Deo,
2272 2060 2523 2131 ideoque
2546 2060 2941 2132 prohibebant
2972 2062 3217 2117 traditas
3248 2079 3279 2117 a
3311 2067 3524 2117 senatu
3554 2078 3621 2116 ac
3648 2079 3747 2133 po-

2107 2149 2247 2223 pulo
2280 2150 2407 2204 fieri
2436 2167 2541 2221 pro
2575 2149 2765 2205 salute
2797 2151 2950 2223 regis
2983 2168 3048 2205 ac
3078 2151 3267 2222 gentis
3326 2152 3750 2205 Romanorum.

2111 2238 2443 2293 Verisimile
2483 2256 2619 2309 ergo
2652 2245 2741 2294 est
2772 2240 3027 2295 Pilatum
3059 2247 3299 2312 propter
3329 2242 3441 2296 ista
3497 2240 3752 2295 Galilaais

2111 2328 2490 2400 indignatum
2513 2328 2789 2399 jussisse,
2822 2330 2979 2383 inter
3009 2330 3298 2383 sacrificia
3329 2330 3644 2401 quaejuxta
3666 2330 3751 2384 le-

2110 2432 2244 2491 gem
2274 2417 2486 2470 offerre
2516 2416 2887 2484 videbantur,
2938 2418 3099 2488 ipsos
3141 2418 3443 2473 interimi:
3503 2424 3569 2472 ut
3616 2424 3753 2473 tunc

2112 2506 2326 2563 mistus
2358 2505 2433 2560 sit
2463 2505 2675 2561 oblatis
2709 2504 2916 2561 hostiis
2952 2506 3190 2577 sanguis
3214 2522 3417 2561 eorum
3437 2508 3536 2577 qui
3559 2507 3751 2577 capie—

2112 2596 2350 2663 bantur,
2383 2600 2560 2666 prout
2605 2594 2784 2650 etiam
2843 2595 2903 2651 in
2961 2594 3273 2667 Evangelia
3325 2595 3496 2666 juxta
3544 2596 3755 2652 Lucam

2113 2685 2369 2742 refertur
2396 2683 2464 2739 ⁸⁵.

2188 2862 2286 2919 58
2319 2884 2349 2913 ››
2382 2864 2445 2930 V,
2478 2863 2668 2917 38-42.
2705 2862 3009 2918 Abstinete
3040 2863 3112 2919 ab
3144 2863 3488 2919 hominibus
3518 2862 3666 2930 istis,
3703 2868 3761 2918 et

2120 2977 2140 3003 ι
2173 2954 2348 3009 sinite
2366 2954 2521 3008 illos.
2556 2955 2702 3008 Nam
2720 2955 2769 3008 si
2795 2954 2973 3010 fuerit
2991 2971 3059 3009 ex
3081 2954 3423 3010 hominibus
3438 2954 3753 3010 consilium

2118 3065 2147 3094 «
2177 3048 2280 3098 aut
2308 3060 2456 3114 opus
2488 3043 2620 3110 hoc,
2654 3043 3008 3098 dissolvetur
3039 3044 3163 3097 :sin
3188 3050 3386 3099 autem
3411 3060 3479 3098 ex
3505 3045 3621 3098 Deo
3644 3048 3752 3109 est,

2117 3154 2145 3182 ‹‹
2180 3148 2301 3187 non
2331 3132 2601 3203 poteritis
2632 3131 2781 3185 illud
2808 3132 3147 3200 dissolvere,
3174 3150 3247 3186 ne
3281 3132 3518 3203 quando
3550 3138 3608 3187 et
3637 3133 3754 3186 Deo

2124 3243 2151 3273 α
2180 3237 2511 3293 repugnare
2542 3221 2942 3291 reperiamini.
2979 3223 3252 3277 Persuasi
3286 3226 3425 3277 sunt
3455 3228 3654 3278 autem
3686 3223 3757 3279 ab

2118 3335 2145 3363 «
2179 3328 2269 3367 eo.
2304 3312 2567 3382 Cumque
2589 3310 3311 3383 advocassentapostolos,
3337 3313 3507 3368 caesis
3538 3331 3764 3384 praece-

2119 3424 2147 3451 «
2179 3405 2396 3472 perunt
2425 3416 2498 3455 ne
2532 3400 2917 3471 loquerentur
2948 3402 3008 3455 in
3039 3403 3279 3457 nomine
3309 3404 3465 3470 Jesu,
3497 3408 3557 3458 et
3586 3403 3762 3458 dimi-

2121 3513 2143 3541 .
2168 3496 2372 3546 serunt
2392 3506 2511 3545 eos.
2532 3490 2624 3544 Illi
2639 3491 2836 3562 itaque
2861 3491 3368 3564 ibantgaudentes
3390 3509 3424 3547 a
3441 3500 3763 3564 conspectu

2122 3604 2149 3632 ‹‹
2182 3581 2461 3637 concilii:
2493 3582 2651 3653 quod
2683 3581 2845 3654 digni
2878 3588 3096 3647 essent,
3130 3588 3196 3637 ut
3224 3602 3329 3655 pro
3362 3585 3603 3639 nomine
3631 3586 3759 3655 ejus

2120 3693 2147 3720 «
2182 3669 2542 3726 contumelia
2572 3669 2974 3726 afficerentur.
2995 3673 3065 3725 Et
3085 3673 3350 3743 quotidie
3373 3673 3433 3727 in
3456 3673 3678 3743 templo
3705 3679 3763 3729 et

2119 3781 2148 3809 ‹‹
2181 3760 2243 3814 in
2277 3759 2525 3832 singulis
2553 3759 2828 3814 domibus
2886 3777 3007 3814 non
3062 3760 3375 3817 cessabant
3430 3761 3641 3817 docere
3701 3768 3759 3818 et

2122 3871 2149 3900 ‹‹
2183 3850 2538 3905 annuntiare
2566 3849 2764 3903 Jesum
2795 3849 3111 3906 Christum.
3150 3870 3177 3899 ››

2190 4031 2316 4085 Non
2349 4029 2497 4084 dixit
2530 4028 2688 4099 quod
2720 4044 2789 4083 ex
2820 4031 2937 4085 Deo
2973 4036 3148 4100 esset,
3204 4032 3309 4088 sed
3365 4048 3559 4104 neque
3610 4033 3766 4104 quod

2121 4120 2450 4176 humanum
2475 4121 2815 4187 essetopus.
2850 4120 2994 4175 Nam
3015 4119 3235 4176 dicenti
3260 4123 3420 4192 quod
3442 4140 3509 4177 ex
3531 4124 3765 4188 Deo,illi

2126 4208 2324 4265 statim
2360 4204 2900 4261 contradixissent:
2934 4207 2980 4262 si
3012 4226 3146 4263 vero
3196 4211 3441 4266 dixisset
3489 4213 3646 4282 quod
3695 4230 3765 4267 ex

2124 4294 2841 4363 bominibus,audaciores
2859 4299 3375 4370 contraapostolos
3388 4300 3763 4357 reddidisset.

2126 4386 2268 4442 Vide
2285 4401 2421 4457 ergo
2444 4384 2706 4440 hominis
2724 4385 3101 4456 prudentiam
3121 4388 3220 4459 qui
3240 4389 3542 4460 sapienter
3557 4389 3765 4460 dirige-

2123 4478 2223 4533 bat
2245 4491 2601 4531 sermonem.
2629 4474 2801 4530 Jubet
2822 4482 3020 4531 autem
3045 4485 3383 4549 exspectare
3408 4480 3609 4534 ﬁnem.
3643 4483 3762 4536 Ne—

2127 4584 2242 4638 que
2263 4565 2439 4621 dixit:
2462 4565 2655 4620 Sinon
2682 4566 3068 4621 dissolveritis
3087 4568 3254 4633 illud,
3280 4570 3487 4624 scitote
3506 4571 3662 4640 quod
3697 4588 3767 4627 ex

2053 4625 2096 4689 Β
2130 4625 2247 4712 ί)οο
2279 4661 2386 4713 est.
2421 4654 2548 4720 sed,
2582 4654 2637 4708 Si
2671 4672 2738 4709 ex
2771 4656 2886 4709 Deo
2919 4660 3027 4718 est,
3062 4673 3183 4712 non
3214 4625 3585 4715 dissolvetur.
3620 4625 3773 4716 Illud

2088 4762 2091 4767 ί
2133 4746 2293 4803 enim
2325 4744 2565 4799 daretur
2595 4743 2813 4799 feritati
2847 4744 3107 4812 illorum,
3155 4748 3264 4802 hoc
3314 4755 3511 4806 autem
3560 4752 3771 4807 divina)

2130 4834 2713 4908 potentiaPersuasi
2735 4838 2871 4888 sunt
2892 4840 3254 4900 autem,cum
3277 4839 3401 4896 haec
3432 4842 3493 4896 in
3537 4850 3772 4913 aposto-

2132 4925 2330 4981 lorum
2363 4925 2677 4995 praasentia
2706 4939 2824 4978 non
2887 4924 3246 4996 dicerentur,
3300 4931 3401 4985 sed
3450 4932 3570 4987 illis
3616 4934 3772 4989 foras

2136 5015 2359 5087 ejectis,
2396 5020 2519 5068 tum
2552 5012 2711 5083 quod
2741 5013 2791 5067 is
2823 5015 2921 5085 qui
2954 5031 3078 5070 rem
3111 5034 3230 5073 una
3258 5036 3392 5076 cum
3416 5022 3559 5092 ipsis
3580 5025 3773 5094 explo-

2135 5104 2322 5167 rabat,
2356 5102 2442 5157 rei
2475 5108 2774 5163 eventum.
2809 5103 2998 5161 hocne
3028 5123 3104 5161 an
3136 5107 3238 5162 illo
3271 5110 3444 5164 modo
3496 5116 3775 5167 succede-

2135 5201 2245 5253 ret.
2280 5192 2651 5255 formidabat,
2686 5196 3189 5266 quemadmodum
3222 5201 3399 5255 etiam
3427 5201 3547 5256 illis
3575 5219 3776 5277 sugge-

2137 5284 2320 5339 rebat.
2346 5285 2637 5338 Praeterea
2658 5290 2852 5339 autem
2878 5303 3224 5342 sermonum
3246 5289 3461 5344 lenitas
3494 5308 3611 5346 una
3642 5311 3778 5352 cum

2137 5374 2416 5445 aequitate
2447 5374 2519 5428 ad
2554 5375 3056 5445 persuadendum.
3092 5378 3332 5433 fuerunt
3372 5380 3485 5452 ipsi
3536 5385 3780 5441 auxilio.

2137 5463 2353 5517 Verum
2378 5463 2425 5517 si
2452 5465 2715 5534 persuasi
2749 5472 2907 5532 sunt,
2941 5468 3236 5535 quomodo
3260 5468 3459 5542 ﬂagris
3499 5472 3634 5528 illos
3685 5491 3784 5530 ce-

2140 5554 2459 5609 ciderunt?
2488 5555 2762 5611 Persuasi
2794 5556 3035 5630 quidem
3087 5565 3243 5628 sunt,
3294 5577 3369 5618 ne
3415 5563 3779 5632 occiderent,
