4098 6260
416 415 528 475 123

1527 409 1947 472 (ECUMENII
1990 411 2298 474 TRJCCE
2337 411 2688 474 EPISCOPI

3707 417 3817 477 lﬂ

408 563 546 605 nam
580 549 692 604 hoc
721 547 1039 604 furibunde
1073 546 1466 619 exoptabant:
1522 551 1785 602 attamen
1833 545 2057 602 cecide-

2180 539 2324 614 ὄντι,
2363 545 2425 600 τό
2490 547 2584 618 μὶν
2641 548 2742 615 τήν
2797 545 3141 625 σφοδρότητα
3195 545 3370 604 αὐτῶν
3430 547 3819 620 καταλυθῆναι,

410 644 651 699 runt,ne
671 636 1010 692 viderentur
1024 638 1377 708 insipienter
1391 653 1458 692 ea
1477 641 1738 691 tentasse
1758 653 1888 706 qua:
1908 636 2055 707 ipsis

410 727 806 797 impossibilia
837 732 1026 781 erant.
1058 726 1141 781 Ad
1188 727 1313 781 haec
1364 742 1567 780 revera
1615 725 1939 792 accidebat,
1990 731 2058 781 ut

411 815 830 870 truculentiam
855 816 1094 886 quidem
1127 815 1364 870 illorum
1418 813 1676 881 dissolvi,
1728 830 1799 868 ex
1842 815 2055 870 virtute

412 910 569 960 esset
589 904 1251 971 consiliarii,verberare
1274 909 1472 958 autem
1494 903 1817 974 apostolos,
1851 919 2055 958 eorum

410 995 510 1065 qui
536 994 762 1050 imbuta
783 995 1016 1048 insania
1043 994 1306 1065 persuasi
1331 998 1517 1047 erant.
1536 993 1680 1047 Vide
1701 997 1897 1048 autem
1922 1009 2056 1063 apo-

412 1085 698 1139 stolorum
731 1084 804 1139 ad
842 1083 1088 1138 meliora
1119 1084 1578 1137 incrementum.
1614 1084 1756 1137 Nam
1777 1099 1881 1153 per
1901 1082 2056 1138 afﬂi-

410 1175 637 1228 ctiones
663 1173 877 1244 quibus
903 1171 1252 1226 devincendi
1273 1171 1884 1243 sperabantur,magis
1902 1187 2059 1226 exer-

409 1262 718 1328 cebantur,
751 1268 816 1316 ut
846 1263 919 1317 ad
950 1262 1346 1317 efﬁcaciorem
1369 1262 1678 1334 magisque
1699 1261 2060 1332 imperterri-

407 1360 529 1410 tam
552 1355 885 1409 doctrinam
908 1353 1318 1425 procederent,
1350 1359 1416 1409 ut
1437 1371 1556 1409 non
1576 1355 1637 1408 in
1669 1353 1924 1416 occulto,
1957 1353 2062 1408 sed

411 1444 609 1498 statim
633 1444 694 1498 in
718 1445 942 1514 templo
975 1459 1212 1514 quoque
1232 1443 1389 1497 unde
1423 1443 1836 1516 comprehensi
1869 1447 2059 1511 erant,

2167 641 2269 703 τῆς
2303 635 2501 705 ἀρετῆς
2529 639 2626 691 τοῦ
2659 632 3004 709 συμϐούλου,
3035 639 3096 692 τὸ
3147 634 3202 693 δὲ
3264 639 3514 712 μαστίξαι
3574 642 3675 704 τῆς
3719 644 3820 694 τῶν

2172 719 2695 796 συμϐουλευθὲντων
2757 723 3078 782 δευσοποιοῦ
3141 727 3358 800 μανίας.
3415 729 3554 802 Ὅρα
3634 726 3690 784 δὲ
3739 730 3826 783 καὶ

2166 818 2276 869 τῶν
2311 813 2632 870 ἀποστόλων
2665 819 2764 886 τήν
2794 815 2880 870 ἐπὶ
2914 817 2975 871 τὸ
3007 823 3250 891 κρεῖττον
3305 815 3568 876 ἐπίδοσιν.
3622 817 3724 874 Καὶ
3757 816 3824 872 δι’

2169 903 2243 956 ὧν
2300 901 2600 973 ἠλπίζοντο
2659 908 3118 980 καταγωνίζεσθαι
3206 901 3498 981 θλιϐερῶν,
3581 905 3826 979 μάλιστα

2170 989 2260 1046 διά
2301 992 2508 1047 τούτων
2563 991 3028 1071 ἐπαλειφομένους
3080 996 3218 1068 πρὸς
3277 993 3651 1071 ἐνεργεστέραν
3711 1015 3822 1070 χω-

2174 1088 2284 1156 ρεῖν
2339 1082 2429 1136 καὶ
2489 1081 3045 1158 ἀκαταπληκτοτὲραν
3110 1081 3484 1151 διδασκαλίαν,
3543 1085 3620 1146 ὡς
3662 1086 3740 1158 μὴ
3773 1085 3822 1139 ὲν

2172 1166 2523 1244 παραϐύστῳ,
2557 1169 2702 1227 ἀλλά
2731 1172 2820 1227 καὶ
2851 1175 3001 1238 αὗθις
3034 1173 3084 1228 ἐν
3139 1179 3216 1246 τῷ
3268 1175 3401 1249 ἱερῷ
3453 1174 3540 1251 ἀφ’
3591 1175 3656 1229 οὗ
3705 1196 3824 1229 συν-

2172 1259 2514 1337 ελήφθησαν,
2545 1261 2636 1315 καὶ
2668 1261 2792 1317 ὅποι
2826 1259 2893 1329 δὴ
2928 1260 3186 1338 ἀλλαχοῦ
3238 1263 3329 1317 τὸν
3376 1263 3612 1336 Χριστὸν
3663 1264 3824 1338 εὐαγ-

2170 1350 2500 1426 γελίζεσθαι,
2587 1351 2649 1406 τὸ
2752 1351 2979 1424 μάταιον
3061 1356 3168 1407 τῶν
3234 1351 3650 1427 ἐπηρεασάντων
3707 1359 3824 1415 τοῖς

2170 1437 2459 1512 ἀκροαταῖς
2485 1437 2960 1513 ἐμπομπεύοντας.

407 1532 598 1587 ubivis
630 1532 808 1588 etiam
840 1531 979 1586 alibi
1012 1532 1311 1587 Christum
1344 1532 1796 1599 annuntiarent,
1828 1547 2035 1587 eorum
2066 1529 2167 1610 qui
2197 1529 2314 1584 vim
2346 1531 2430 1585 eis
2462 1531 2790 1588 intulerant
2818 1532 3139 1588 vanitatem
3195 1532 3570 1590 auditoribus
3623 1538 3822 1588 osten-

405 1627 622 1676 tantes.

966 1711 1070 1767 54
1110 1711 1342 1766 CAPUT
1383 1711 1500 1764 VII.

722 1804 798 1857 De
825 1801 1092 1857 electione
1119 1807 1322 1871 septem
1354 1801 1732 1856 diaconorum.

480 1916 507 1941 ιι
543 1893 635 1958 VI,
670 1892 722 1960 1,
754 1894 808 1946 2.
843 1893 907 1945 In
939 1891 1033 1946 his
1064 1896 1264 1946 autem
1295 1889 1506 1945 diebus
1536 1906 1673 1944 cum
1695 1889 2059 1960 multiplica-

2523 1777 2526 1780 ,
2813 1711 3176 1767 ΚΕΦΑΛ.Ζ.

2425 1799 2562 1872 ,Περὶ
2595 1797 2939 1873 χειροτονίας
2969 1803 3077 1854 τῶν
3106 1798 3241 1855 ἐπτά
3268 1796 3558 1857 διακόνων.

2241 1909 2270 1936 ‹‹
2305 1887 2393 1942 Ἐν
2428 1885 2485 1942 δὲ
2511 1893 2632 1951 ταῖς
2687 1889 2922 1963 ἡμέραις
2979 1887 3200 1952 ταύταις
3255 1887 3655 1958 πληθυνόντων
3715 1894 3821 1944 τῶν

407 2004 434 2030 ι‹
468 1986 677 2036 rentur
698 1979 996 2051 discipuli,
1022 1985 1292 2035 exortum
1314 1984 1404 2034 est
1426 1995 1698 2034 murmur
1721 1979 2057 2034 Graacorum

2170 1998 2197 2024 «
2235 1979 2518 2046 μαθητῶν,
2579 1975 2794 2053 ἐγένετο
2880 1978 3203 2054 γογγυσμὸς
3269 1982 3376 2033 τῶν
3445 1975 3827 2048 Ἑλληνιστῶν

407 2092 435 2119 ‹‹
469 2071 750 2125 adversus
788 2069 1089 2135 Hebraeos,
1148 2085 1216 2123 eo
1269 2068 1427 2139 quod
1485 2068 1936 2139 despicerentur
1993 2067 2055 2121 in

409 2181 436 2209 ‹‹
470 2159 803 2215 ministerio
836 2158 1183 2229 quotidiano
1217 2157 1403 2212 viduae
1442 2158 1730 2228 ipsorum.
1763 2157 2054 2211 Caeterum

411 2270 438 2297 ‹‹
473 2249 786 2304 duodecim
828 2248 917 2302 illi
975 2264 1108 2302 cum
1167 2247 1554 2302 advocassent
1609 2245 2055 2300 multitudinem

415 2362 440 2390 ‹ι
475 2339 926 2410 discipulorum,
960 2337 1237 2392 dixerunt
1261 2355 1273 2391 :
1299 2339 1424 2392 Non
1447 2342 1536 2392 est
1565 2353 1802 2407 aequum
1832 2340 1899 2391 ut
1925 2352 2055 2406 nos,

419 2451 446 2478 α
476 2429 761 2484 derelicto
795 2443 1067 2482 sermone
1095 2427 1219 2495 Dei,
1254 2427 1662 2481 ministremus
1709 2425 1958 2481 mensis.
1993 2449 2014 2477 ι

480 2520 606 2572 Non
626 2518 686 2572 in
711 2516 935 2571 eisdem
955 2515 1185 2578 diebus,
1221 2515 1397 2570 sedin
1421 2515 1775 2586 quibusdam
1801 2531 2056 2586 sequen-

408 2605 587 2661 tibus.
625 2607 838 2660 Verum
867 2621 1030 2660 more
1063 2603 1378 2675 Scriptura:
1409 2603 1671 2658 facturus
1699 2603 2060 2658 narrationis

409 2693 740 2760 exordium,
768 2692 880 2747 hoc
910 2690 1086 2746 modo
1115 2692 1290 2745 etiam
1324 2707 1484 2745 nunc
1516 2690 1800 2762 procedit.
1850 2687 2058 2759 Ἐλλη-

411 2782 594 2840 venit:
615 2787 812 2836 autem
836 2785 1003 2835 vocat
1025 2795 1144 2834 non
1169 2781 1400 2834 Graecos
1413 2779 1722 2851 religione,
1742 2779 1846 2834 sed
1863 2781 2058 2834 Graece

412 2871 744 2941 loquentes.
771 2871 883 2924 Per
913 2885 1185 2923 murmur
1215 2884 1374 2936 vero,
1424 2868 1669 2922 alterius
1715 2867 2059 2922 tentationis

411 2975 596 3029 genus
623 2963 881 3026 enarrat,
909 2973 1029 3013 non
1051 2956 1123 3012 ab
1147 2957 1497 3011 extrinsecis
1530 2961 1822 3024 exortum,
1851 2955 1956 3011 sed
1985 2955 2057 3011 ab

408 3050 500 3104 his
527 3048 628 3119 qui
659 3049 820 3102 intus
842 3051 1031 3103 erant.
1066 3047 1185 3102 Hoc
1205 3047 1362 3102 enim
1379 3045 1782 3118 apostolorum
1793 3044 2060 3118 probita-

407 3146 524 3196 tem
553 3141 941 3204 demonstrat,
977 3138 1075 3210 qui
1111 3138 1374 3210 undique
1399 3144 1458 3193 et
1481 3138 1842 3194 intrinsecus
1874 3143 1932 3192 et
1959 3155 2058 3193 ex-

406 3230 697 3284 trinsecus
725 3227 1252 3299 impugnabantur,
1287 3226 1553 3298 undique
1577 3232 1777 3283 autem
1796 3227 2058 3300 palmam

2173 2086 2194 2114 ι
2231 2065 2366 2138 πρὸς
2415 2066 2542 2128 τοὺς
2595 2061 2906 2139 Ἐϐραίους,
2962 2067 3078 2133 ὃτι,
3123 2069 3566 2142 παρεθεωροῦντο
3645 2067 3698 2123 ἐν
3755 2071 3823 2142 τῇ

2165 2176 2194 2203 ‹‹
2229 2150 2474 2225 διακονίᾳ
2503 2159 2571 2229 τῇ
2603 2157 2945 2230 καθημερινῇ
2978 2157 3035 2211 αἱ
3089 2163 3264 2232 χῆραι
3315 2156 3512 2213 αὐτῶν.
3569 2162 3826 2234 “pona-

2166 2265 2190 2296 ε
2231 2245 2517 2316 λεσάμενοι
2549 2241 2606 2299 δὲ
2637 2245 2689 2299 οἱ
2721 2242 2932 2300 δώδεκα
2987 2247 3048 2301 τὸ
3099 2244 3314 2315 πλῆθος
3367 2251 3472 2302 τῶν
3535 2249 3828 2319 μαθητῶν,

2165 2353 2193 2382 ‹‹
2227 2333 2400 2390 εἶπον.
2433 2333 2550 2390 Ούκ
2577 2333 2798 2410 ἀρεστόν
2832 2333 2972 2390 ἐστιν
3027 2337 3174 2408 ἡμᾶς
3231 2334 3669 2409 καταλείψαντας
3722 2337 3811 2392 τὸν

2164 2444 2192 2472 ι(
2228 2417 2398 2497 λόγον
2429 2426 2527 2476 τοῦ
2553 2428 2687 2478 Θεοῦ
2719 2421 2984 2480 διακονεῖν
3007 2423 3318 2499 τραπέζαις.
3351 2451 3378 2477 κ

2234 2508 2348 2566 Ούκ
2404 2509 2456 2566 ἐν
2517 2519 2634 2574 ταῖς
2694 2513 2880 2575 αὐταῖς
2935 2514 3188 2588 ἡμέραις,
3246 2512 3376 2569 ἀλλ’
3428 2511 3483 2570 ἔν
3536 2537 3656 2571 τισι
3708 2521 3814 2572 τῶν

2167 2604 2281 2671 μετ’
2335 2598 2558 2663 ἐκείνας.
2618 2607 2708 2674 Τῷ
2785 2607 3027 2678 γρασικῷ
3111 2601 3169 2658 δὲ
3251 2601 3382 2672 ἔθει,
3463 2604 3652 2680 ἀρχὴν
3737 2602 3822 2659 δι-

2165 2694 2418 2766 ηγήσεως
2450 2686 2853 2756 καταϐαλέσθαι
2888 2690 3134 2764 μέλλων,
3166 2693 3316 2749 οὕτω
3349 2694 3556 2769 πρόεισι
3585 2694 3683 2750 καὶ
3709 2698 3820 2753 νῦν.

2141 2779 2520 2856 ,Ἑλληνιστάς
2554 2778 2611 2835 δὲ
2642 2780 2703 2835 ού
2733 2784 2830 2850 τήν
2867 2783 3178 2856 θρησκείαν,
3229 2781 3377 2838 ἀλλά
3428 2785 3555 2848 τοὺς
3607 2783 3822 2854 Ἐλλη-

2163 2869 2303 2923 νιστὶ
2347 2870 2746 2948 φθεγγομένους
2815 2869 2995 2926 καλεῖ.
3058 2874 3156 2926 Διά
3209 2869 3266 2926 δὲ
3319 2876 3417 2927 τοῦ
3471 2877 3818 2948 γογγυσμοῦ,

2165 2955 2341 3013 ἄλλου
2372 2963 2684 3033 πειρασμοῦ
2722 2955 2865 3021 εἶδος
2895 2957 3238 3037 ἐξαγγέλλει,
3271 2961 3370 3016 οὐκ
3397 2961 3503 3017 ἀπὸ
3533 2967 3646 3016 τῶν
3682 2958 3820 3034 ἔξω·

2141 3048 2274 3120 θεν,
2304 3044 2449 3100 ἀλλά
2479 3047 2586 3102 ἀπὸ
2617 3052 2728 3102 τῶν
2757 3045 2922 3110 ἐντός.
2957 3050 3136 3105 Τοῦτο
3172 3049 3275 3127 γάρ
3325 3051 3386 3105 τὸ
3433 3047 3669 3124 δόκιμον
3715 3055 3819 3106 τῶν

2142 3133 2488 3216 ,ἀποστόλων
2521 3139 2774 3209 παριστᾷ,
2834 3137 3176 3217 πανταχόθεν
3235 3139 3329 3211 μὶν
3377 3138 3819 3216 πολεμουμένων

2164 3224 2271 3280 ἀπὸ
2300 3229 2408 3280 τῶν
2443 3224 2591 3288 ἐντὸς
2642 3226 2732 3280 καὶ
2782 3224 2959 3293 ἐκτὸς,
3010 3227 3270 3291 πάντοθεν
3323 3225 3380 3284 δὲ
3425 3228 3488 3284 τὸ
3541 3229 3816 3300 ἀριστεῖον

401 3319 759 3375 referebant.
794 3320 938 3373 Nam
969 3334 1102 3371 cum
1137 3316 1451 3372 duodecim
1485 3317 1570 3371 illi
1605 3317 2052 3373 multitudinem

2170 3313 2613 3392 ἀποφερομένων.
2650 3313 3164 3389 Προσκαλεσάμενοι
3218 3316 3322 3391 γὰρ
3373 3317 3424 3372 οἱ
3485 3315 3710 3375 δώδοκα
3754 3319 3815 3376 τὸ

408 3406 960 3468 advocassent,illos
975 3422 1190 3476 nempe
1206 3406 1305 3476 qui
1321 3422 1391 3460 ex
1408 3421 1612 3460 eorum
1628 3407 1728 3477 qui
1742 3407 2054 3478 designan-

407 3498 467 3554 di
490 3501 661 3551 erant
681 3495 1055 3567 praefectura,
1081 3495 1461 3549 commodum
1491 3501 1660 3550 erant
1679 3497 2059 3567 reportaturi,

409 3587 762 3644 electionem
796 3584 943 3655 ipsis
975 3583 1331 3656 permittunt
1354 3600 1366 3636 :
1389 3583 1696 3655 indignum
1721 3585 2062 3655 judicantes

407 3692 537 3732 sese
553 3675 709 3730 circa
721 3690 1066 3730 mensarum
1084 3677 1431 3744 apparatum
1447 3673 1718 3744 impediri
1736 3673 2060 3744 postposito

405 3765 581 3822 verbo
613 3765 830 3820 divino.
866 3763 1031 3820 Unde
1059 3763 1284 3819 electos
1307 3762 1913 3829 crearuntdiaconos,
1939 3780 2060 3818 non

397 3857 573 3929 juxta
602 3855 848 3928 gradum
883 3853 985 3925 qui
1019 3869 1178 3907 nunc
1210 3858 1300 3906 est
1329 3853 1390 3906 in
1433 3852 1715 3919 Ecclesia,
1749 3851 1853 3908 sed
1875 3847 2062 3905 διακό-

402 3965 548 4008 νους,
572 3945 630 3999 id
663 3950 770 4010 est,
809 3943 1146 3997 ministros:
1176 3946 1240 3995 ut
1277 3942 1438 3996 omni
1482 3958 1616 3996 cum
1665 3941 1975 4015 diligentia
2001 3947 2062 4008 ct

406 4051 524 4088 non
542 4031 854 4104 neglectim
871 4029 1500 4086 distribuereutviduis
1513 4031 1690 4086 simul
1705 4032 2060 4104 etorphanis

409 4139 478 4178 ea
499 4138 629 4191 quae
662 4120 733 4174 ad
765 4119 1115 4174 alimentum
1149 4121 1409 4192 reposita
1433 4127 1642 4176 erant:
1675 4121 1852 4193 idque
1876 4121 2056 4193 potis-

409 4213 626 4267 simum
657 4208 849 4264 viduis
883 4215 941 4264 et
982 4209 1289 4282 orphanis,
1322 4216 1565 4282 propter
1603 4227 1750 4281 quos
1803 4211 2058 4266 maxime

405 4305 673 4357 exortum
708 4305 834 4355 erat
863 4316 1156 4354 murmur.
1195 4301 1371 4353 Vocat
1410 4305 1608 4353 autem
1659 4300 2056 4355 ministerium

405 4389 820 4463 quotidianum
851 4388 1314 4458 eleemosynam,
1350 4393 1414 4440 ut
1443 4404 1574 4456 qua:
1607 4393 1666 4442 et
1703 4387 2058 4444 facientibus

406 4479 716 4536 medicinaa
734 4477 862 4531 loco
879 4476 975 4540 sit,
1000 4474 1361 4529 etbenellcio
1384 4476 1624 4530 all'ectos
1638 4475 1907 4530 honoret.
1933 4479 2056 4530 Non

409 4576 536 4627 erat
566 4574 765 4624 autem
797 4564 1040 4620 malitiae
1074 4562 1230 4634 quod
1271 4562 1458 4617 vidua:
1507 4569 2056 4633 contemnerentur,

411 4659 514 4716 sed
546 4657 791 4731 ignavias
824 4653 1168 4709 multorum.
1202 4653 1460 4723 Ideoque
1481 4652 1580 4708 ubi
1605 4653 1846 4725 dignum
1868 4653 2056 4708 visum

2165 3403 2404 3474 πλῆθος,
2435 3403 2561 3466 τοὺς
2590 3406 2676 3460 καὶ
2712 3402 3008 3461 ἀπολαύειν
3069 3403 3369 3478 μέλλοντας
3419 3415 3518 3477 τῆς
3564 3429 3816 3484 προσταο

2167 3490 2284 3552 σίας
2317 3495 2423 3546 τῶν
2479 3490 3017 3567 προχειριζομένων,
3075 3492 3258 3555 αὐτοῖς
3314 3492 3669 3570 ἐπιτρέπουσι
3717 3500 3814 3567 τὴν

2165 3577 2422 3653 ἐκλογὴν,
2463 3579 2708 3651 ἀναξίους
2764 3580 3035 3656 κρίνοντες
3090 3581 3311 3645 ἑαυτοὺς
3364 3585 3484 3659 περῖ
3544 3592 3815 3661 τραπεζο-

2164 3668 2345 3723 ποιίαν
2382 3667 2840 3742 ἀπασχολεῖσθαι,
2870 3669 2966 3724 τοῦ
3007 3671 3143 3726 κατά
3200 3673 3329 3727 Θεὸν
3372 3672 3545 3752 λόγου
3584 3675 3819 3755 ὠλιγω-

2166 3757 2418 3847 ρηκότας.
2453 3759 2610 3847 ’Όθεν
2648 3757 2777 3821 τοὺς
2836 3757 3158 3836 ἐκλεγέντας
3195 3760 3270 3823 εἷς
3331 3759 3613 3826 διακόνους
3660 3764 3823 3847 ἐκει-

2167 3845 2482 3923 ροτόνησαν,
2516 3845 2578 3900 ού
2609 3847 2745 3902 κατὰ
2783 3848 2873 3903 τὸν
2907 3851 2998 3902 νῦν
3055 3847 3107 3904 ἐν
3169 3855 3285 3911 ταῖς
3337 3849 3658 3921 ἐκκλησίαις
3708 3845 3820 3931 βασι

2167 3933 2323 4007 θμὸν,
2357 3932 2503 3990 ἀλλᾶ
2531 3939 2627 3990 τοῦ
2663 3932 2931 4009 διανέμειν
2976 3937 3112 4008 μετὰ
3169 3933 3447 4010 ἀκριϐείας
3499 3941 3589 3995 καὶ
3639 3941 3816 4020 ὀρφα-

2163 4031 2279 4087 νοῖς
2316 4025 2407 4080 καὶ
2449 4028 2652 4101 χήραις
2707 4027 2775 4081 τὰ
2833 4027 2968 4100 πρὸς
3031 4024 3332 4103 διατροφην
3392 4030 3478 4085 καὶ
3539 4033 3615 4106 μὴ
3681 4055 3815 4091 κατ-

2164 4112 2561 4188 ημελημένως,
2597 4114 2835 4188 μάλιστα
2867 4112 2922 4170 δὲ
2953 4117 3156 4190 χήραις
3185 4119 3273 4173 καὶ
3311 4119 3570 4194 ὀρφανοῖς
3616 4119 3685 4177 δι’
3717 4124 3817 4188 οὓς

2167 4203 2406 4277 μάλιστα
2439 4205 2466 4258 ὁ
2494 4205 2830 4282 γογγυσμός.
2865 4205 3145 4260 Διακονίαν
3181 4203 3236 4263 δὲ
3291 4206 3451 4264 καλεῖ
3498 4211 3597 4279 τὴν
3647 4208 3815 4283 ἐλεη-

2169 4291 2431 4365 μοσύνην,
2465 4293 2539 4354 ὡς
2571 4292 2661 4348 καὶ
2711 4292 2838 4354 τοὺς
2892 4297 3184 4358 ποιοῦντας
3245 4299 3662 4371 θεραπεύουσαν,
3717 4301 3815 4358 καὶ

2161 4383 2291 4444 τοὺς
2321 4381 2809 4456 εύεργετουμένους
2857 4384 3244 4459 σεμνύνουσαν.
3303 4386 3418 4444 Οὐκ
3471 4389 3538 4457 ἦν
3599 4386 3656 4444 at
3709 4411 3813 4448 κα-

2163 4472 2286 4533 κίας
2319 4471 2382 4526 τὺ
2414 4474 2793 4548 παροραθῆναι
2822 4471 2915 4534 τάς
2944 4475 3148 4549 χήρας,
3190 4475 3336 4532 ἀλλά
3391 4478 3656 4554 ῥᾳθυμίας
3701 4486 3814 4538 τῶν

2163 4559 2414 4616 πολλῶν.
2452 4563 2549 4617 Διὸ
2579 4561 2668 4615 καὶ
2701 4559 2995 4638 φροντίδος
3029 4564 3250 4636 ἀξιωθὶν
3306 4566 3574 4622 ἐπαύσατο
3621 4569 3683 4625 τὸ
3715 4567 3816 4626 λυ-

2165 4654 2325 4706 ποῦν.
2364 4651 2433 4707 Ἥ
2466 4649 2554 4704 καῖ
2613 4651 2712 4718 τήν
2775 4647 3047 4724 δημοσίαν
3101 4653 3417 4728 ὑπηρεσίαν.
3476 4661 3650 4713 Τοῦτο
3709 4660 3816 4734 γάρ

409 4754 498 4805 est
529 4753 596 4802 ut
626 4762 766 4800 cura
797 4743 1201 4810 adhiberetur,
1237 4741 1475 4798 sedatus
1508 4747 1598 4798 est
1621 4743 1805 4797 animi
1867 4742 2054 4798 dolor.

2170 4742 2228 4796 τὸ
2259 4747 2360 4810 τῆς
2394 4738 2670 4806 διακονίας
2695 4737 2868 4815 ὄνομα
2898 4739 3103 4812 δηλοῦν
3136 4715 3414 4819 βούλεται.
3462 4750 3666 4818 Λήϊτον

408 4835 516 4890 Vel
545 4835 723 4889 etiam
747 4830 1048 4902 publicam
1072 4830 1278 4885 dicunt
1294 4830 1895 4886 administrationem.
1911 4833 2056 4886 Nam

410 4927 518 4981 hoc
569 4921 905 4994 significare
964 4919 1089 4974 vult
1146 4936 1366 4974 nomen
1425 4916 1689 4974 διακονία.
1753 4919 2055 4991 Siquidem

413 5013 593 5071 Graeci
627 5009 933 5084 publicum
968 5025 1126 5080 penu
1159 5006 1352 5076 λήϊτον
1386 5009 1710 5082 appellant,
1769 5008 1926 5081 quod
1958 5008 2052 5067 55

414 5105 666 5177 quisque
696 5115 912 5171 magno
939 5097 1132 5152 studio
1158 5098 1467 5154 contendit
1488 5098 2061 5155 liberaliterinillud

413 5193 632 5249 inferre
663 5190 734 5245 ad
768 5203 1144 5244 communem
1180 5187 1516 5258 impensam
1547 5205 1677 5259 quas
1711 5187 1822 5242 sibi
1861 5187 2059 5244 abun-

412 5283 572 5338 dant.

485 5373 574 5433 Vl,
619 5371 727 5424 3-7.
763 5390 788 5416 ‹‹
823 5365 1275 5436 Circumspicite
1307 5381 1463 5438 ergo.
1526 5365 1759 5435 fratres,
1810 5366 1965 5423 viros
1993 5383 2064 5423 ex

412 5485 439 5511 ‹‹
475 5460 639 5514 vobis
671 5455 1013 5511 testimonio
1075 5453 1495 5525 comprobatos
1554 5462 1801 5527 septem,
1856 5457 2065 5528 plenos

420 5570 441 5596 σ
475 5548 696 5620 Spiritu
730 5550 932 5599 sancto
963 5549 1021 5598 et
1053 5545 1368 5615 sapientia,
1429 5561 1584 5616 quos
1633 5547 2065 5601 constituamus

419 5660 440 5690 (ι
480 5654 657 5709 super
683 5635 792 5689 hoc
824 5633 1080 5704 negotio.
1118 5635 1231 5688 Nos
1263 5649 1398 5688 vero
1460 5635 1714 5690 orationi
1771 5640 1826 5689 et
1874 5634 2068 5689 admi-

412 5747 441 5782 (ι
475 5723 809 5782 nistrationi
863 5722 1157 5779 sermonis
1217 5722 1659 5780 incumbemus.
1721 5723 2067 5798 Placuitque

2166 4829 2229 4886 τὸ
2256 4827 2522 4905 δημόσιον
2553 4829 2813 4886 καλοῦσιν
2857 4830 3128 4903 Ἓλληνες
3156 4840 3400 4909 ταμεῖον,
3458 4838 3699 4912 παρόσον
3741 4839 3819 4907 εἰς

2131 4919 2298 4975 αὐτὸ
2355 4926 2459 4983 πᾶς
2525 4942 2627 4998 τις.
2659 4923 3133 4997 κατεσπευσμένως
3190 4921 3357 4999 ἵεται,
3401 4925 3723 5008 προσφέρειν
3773 4924 3820 4984 ’ἅ

2171 5008 2482 5091 φιλοτίμως
2513 5009 2663 5082 αὐτῷ
2701 5009 3001 5086 εύπόρηται
3031 5014 3168 5088 πρὸς
3201 5013 3470 5092 χορηγίαν
3501 5017 3707 5088 κοινήν.

2249 5370 2729 5446 ‹‹⁹Επισκέψασθε
2789 5374 2906 5440 οῦν,
2964 5367 3217 5446 ἀδελφοὶ,
3277 5372 3465 5451 ἄνδρες
3545 5377 3594 5450 ἐξ
3665 5379 3816 5453 ὑμῶν

2176 5484 2204 5512 ‹‹
2239 5458 2718 5538 μαρτυρουμένους
2775 5459 2929 5530 ἑπτὰ,
2983 5458 3215 5534 πλήρεις
3286 5465 3603 5538 ΙΙνεύματος
3662 5467 3821 5544 ἀγίου

2181 5572 2206 5603 ιι
2238 5549 2326 5603 καῖ
2355 5549 2562 5627 σοφίας,
2604 5549 2700 5610 οὓς
2733 5550 3146 5622 καταστήσομεν
3181 5550 3268 5607 ἐπὶ
3299 5560 3400 5622 τῆς
3451 5557 3639 5631 χρείας
3688 5559 3820 5613 ταύ-

2180 5661 2208 5690 ‹‹
2238 5659 2357 5707 της.
2391 5639 2582 5714 Ἡμεῖς
2614 5634 2671 5692 δὲ
2712 5641 2779 5712 τῇ
2839 5638 3124 5716 προσευχῇ
3181 5641 3271 5696 καὶ
3328 5647 3398 5718 τῇ
3450 5641 3697 5720 διακονίᾳ
3723 5651 3821 5704 τοῦ
3909 5663 3918 5673 ·

2182 5751 2211 5780 ‹‹
2241 5725 2410 5802 λόγου
2468 5728 3040 5806 προσκαρτερήσομεν.
3119 5731 3218 5786 Καὶ
3302 5729 3493 5809 ἤρεσεν
3557 5734 3587 5792 6
3646 5735 3820 5817 λόγος
