  <div class='ocr_page' id='page_1' title='image "/cluster/home/n/w/nwhite01/storage/ocr_20150623/118/mdp.39015078384297/072.png"; bbox 0 0 4098 6260; ppageno 0'>
   <div class='ocr_carea' id='block_1_1' title="bbox 230 345 3686 421">
    <p class='ocr_par' dir='ltr' id='par_1_1' title="bbox 230 345 3686 421">
     <span class='ocr_line' id='line_1_1' title="bbox 230 345 3686 421; baseline 0.002 -10"><span class='ocrx_word' id='word_1_1' title='bbox 230 350 344 414; x_wconf 84' lang='grc'>129</span> <span class='ocrx_word' id='word_1_2' title='bbox 1277 350 1683 413; x_wconf 85' lang='lat' dir='ltr'>COMMENT.</span> <span class='ocrx_word' id='word_1_3' title='bbox 1731 348 1809 411; x_wconf 86' lang='lat' dir='ltr'><strong>IN</strong></span> <span class='ocrx_word' id='word_1_4' title='bbox 1860 348 2060 411; x_wconf 80' lang='lat' dir='ltr'>ACTA</span> <span class='ocrx_word' id='word_1_5' title='bbox 2106 345 2714 411; x_wconf 79' lang='lat' dir='ltr'>APOS’I‘OLOBUM.</span> <span class='ocrx_word' id='word_1_6' title='bbox 3568 358 3686 421; x_wconf 74' lang='lat'>130</span> 
     </span>
    </p>
   </div>
   <div class='ocr_carea' id='block_1_2' title="bbox 234 478 1852 564">
    <p class='ocr_par' dir='ltr' id='par_1_2' title="bbox 234 478 1852 564">
     <span class='ocr_line' id='line_1_2' title="bbox 234 478 1852 564; baseline -0.002 -25"><span class='ocrx_word' id='word_1_7' title='bbox 234 504 396 564; x_wconf 64' lang='grc' dir='ltr'>φανον</span> <span class='ocrx_word' id='word_1_8' title='bbox 435 481 551 539; x_wconf 73' lang='grc' dir='ltr'>ἀπὸ</span> <span class='ocrx_word' id='word_1_9' title='bbox 608 488 715 539; x_wconf 88' lang='grc' dir='ltr'>τοῦ</span> <span class='ocrx_word' id='word_1_10' title='bbox 747 481 1155 541; x_wconf 79' lang='grc' dir='ltr'>διδασκαλικοῦ</span> <span class='ocrx_word' id='word_1_11' title='bbox 1183 482 1355 541; x_wconf 82' lang='grc' dir='ltr'>τόπου</span> <span class='ocrx_word' id='word_1_12' title='bbox 1408 481 1499 540; x_wconf 64' lang='grc' dir='ltr'>ἰπὶ</span> <span class='ocrx_word' id='word_1_13' title='bbox 1550 483 1613 539; x_wconf 90' lang='lat'>16</span> <span class='ocrx_word' id='word_1_14' title='bbox 1642 478 1852 557; x_wconf 78' lang='grc' dir='ltr'>συνέ8ρι</span> 
     </span>
    </p>
   </div>
   <div class='ocr_carea' id='block_1_3' title="bbox 2060 478 3678 564">
    <p class='ocr_par' dir='ltr' id='par_1_3' title="bbox 2060 481 3678 554">
     <span class='ocr_line' id='line_1_3' title="bbox 2060 481 3678 554; baseline 0.007 -19"><span class='ocrx_word' id='word_1_15' title='bbox 2060 486 2093 537; x_wconf 75' lang='grc' dir='ltr'>ιι</span> <span class='ocrx_word' id='word_1_16' title='bbox 2122 481 2485 553; x_wconf 79' lang='lat' dir='ltr'>Stephanum</span> <span class='ocrx_word' id='word_1_17' title='bbox 2535 481 2953 554; x_wconf 88' lang='lat' dir='ltr'>judicandum,</span> <span class='ocrx_word' id='word_1_18' title='bbox 3008 501 3043 541; x_wconf 72' lang='grc' dir='ltr'>ε</span> <span class='ocrx_word' id='word_1_19' title='bbox 3100 484 3385 543; x_wconf 74' lang='lat' dir='ltr'>doctrinae</span> <span class='ocrx_word' id='word_1_20' title='bbox 3441 488 3573 546; x_wconf 88' lang='lat' dir='ltr'>loco</span> <span class='ocrx_word' id='word_1_21' title='bbox 3601 488 3678 549; x_wconf 84' lang='lat' dir='ltr'>ad</span> 
     </span>
    </p>
   </div>
   <div class='ocr_carea' id='block_1_4' title="bbox 241 573 1859 652">
    <p class='ocr_par' dir='ltr' id='par_1_4' title="bbox 241 573 1055 652">
     <span class='ocr_line' id='line_1_4' title="bbox 241 573 1055 652; baseline 0.002 -21"><span class='ocrx_word' id='word_1_22' title='bbox 241 573 647 652; x_wconf 66' lang='grc' dir='ltr'>κριθησόμενον</span> <span class='ocrx_word' id='word_1_23' title='bbox 685 576 1055 649; x_wconf 70' lang='grc' dir='ltr'>ἁρπάζοντες.</span> 
     </span>
    </p>
   </div>
   <div class='ocr_carea' id='block_1_5' title="bbox 1080 573 2698 652">
    <p class='ocr_par' dir='ltr' id='par_1_5' title="bbox 2034 573 2698 645">
     <span class='ocr_line' id='line_1_5' title="bbox 2034 573 2698 645; baseline 0.002 -16"><span class='ocrx_word' id='word_1_24' title='bbox 2034 573 2359 629; x_wconf 85' lang='lat' dir='ltr'>concilium</span> <span class='ocrx_word' id='word_1_25' title='bbox 2380 574 2698 645; x_wconf 82' lang='lat' dir='ltr'>rapientes.</span> 
     </span>
    </p>
   </div>
   <div class='ocr_carea' id='block_1_6' title="bbox 320 660 1938 741">
    <p class='ocr_par' dir='ltr' id='par_1_6' title="bbox 320 660 1925 739">
     <span class='ocr_line' id='line_1_6' title="bbox 320 660 1925 739; baseline 0.001 -22"><span class='ocrx_word' id='word_1_26' title='bbox 320 664 657 734; x_wconf 67' lang='grc' dir='ltr'>«Ἐστησάν</span> <span class='ocrx_word' id='word_1_27' title='bbox 745 686 809 719; x_wconf 90' lang='grc' dir='ltr'>τε</span> <span class='ocrx_word' id='word_1_28' title='bbox 904 665 1179 739; x_wconf 79' lang='grc' dir='ltr'>μάρτυρας</span> <span class='ocrx_word' id='word_1_29' title='bbox 1235 660 1469 739; x_wconf 79' lang='grc' dir='ltr'>ψευδεῖς,</span> <span class='ocrx_word' id='word_1_30' title='bbox 1524 660 1802 737; x_wconf 78' lang='grc' dir='ltr'>λέγοντας·</span> <span class='ocrx_word' id='word_1_31' title='bbox 1863 660 1925 718; x_wconf 92' lang='grc' dir='ltr'><strong>Ὁ</strong></span> 
     </span>
    </p>
   </div>
   <div class='ocr_carea' id='block_1_7' title="bbox 2064 660 3682 741">
    <p class='ocr_par' dir='ltr' id='par_1_7' title="bbox 2108 664 3682 741">
     <span class='ocr_line' id='line_1_7' title="bbox 2108 664 3682 741; baseline 0.007 -25"><span class='ocrx_word' id='word_1_32' title='bbox 2108 664 2193 733; x_wconf 86' lang='lat' dir='ltr'>VI,</span> <span class='ocrx_word' id='word_1_33' title='bbox 2230 665 2315 729; x_wconf 84' lang='grc'>13,</span> <span class='ocrx_word' id='word_1_34' title='bbox 2354 665 2437 717; x_wconf 77' lang='grc'><strong>14.</strong></span> <span class='ocrx_word' id='word_1_35' title='bbox 2477 688 2496 712; x_wconf 78' lang='grc' dir='ltr'>ι</span> <span class='ocrx_word' id='word_1_36' title='bbox 2530 666 2610 719; x_wconf 86' lang='lat' dir='ltr'>Ac</span> <span class='ocrx_word' id='word_1_37' title='bbox 2643 670 2978 720; x_wconf 84' lang='lat' dir='ltr'>statuean</span> <span class='ocrx_word' id='word_1_38' title='bbox 3006 665 3189 721; x_wconf 89' lang='lat' dir='ltr'>falsos</span> <span class='ocrx_word' id='word_1_39' title='bbox 3214 673 3415 734; x_wconf 83' lang='lat' dir='ltr'>testes,</span> <span class='ocrx_word' id='word_1_40' title='bbox 3452 671 3551 741; x_wconf 90' lang='lat' dir='ltr'>qui</span> <span class='ocrx_word' id='word_1_41' title='bbox 3584 672 3682 727; x_wconf 88' lang='lat' dir='ltr'>di-</span> 
     </span>
    </p>
   </div>
   <div class='ocr_carea' id='block_1_8' title="bbox 259 749 1877 832">
    <p class='ocr_par' dir='ltr' id='par_1_8' title="bbox 259 749 1877 832">
     <span class='ocr_line' id='line_1_8' title="bbox 259 749 1877 832; baseline -0.002 -24"><span class='ocrx_word' id='word_1_42' title='bbox 259 780 287 808; x_wconf 83' lang='grc' dir='ltr'>(ι</span> <span class='ocrx_word' id='word_1_43' title='bbox 316 753 605 829; x_wconf 73' lang='grc' dir='ltr'>ἅνθρωπος</span> <span class='ocrx_word' id='word_1_44' title='bbox 638 755 807 817; x_wconf 78' lang='grc' dir='ltr'>οὗτος</span> <span class='ocrx_word' id='word_1_45' title='bbox 842 753 907 809; x_wconf 81' lang='grc' dir='ltr'>ού</span> <span class='ocrx_word' id='word_1_46' title='bbox 960 753 1186 810; x_wconf 84' lang='grc' dir='ltr'>παύεται</span> <span class='ocrx_word' id='word_1_47' title='bbox 1223 753 1442 829; x_wconf 79' lang='grc' dir='ltr'>ῥήματα</span> <span class='ocrx_word' id='word_1_48' title='bbox 1474 750 1777 832; x_wconf 71' lang='grc' dir='ltr'>βλάσφημα</span> <span class='ocrx_word' id='word_1_49' title='bbox 1827 749 1877 804; x_wconf 87' lang='grc' dir='ltr'>λι</span> 
     </span>
    </p>
   </div>
   <div class='ocr_carea' id='block_1_9' title="bbox 2062 749 3680 832">
    <p class='ocr_par' dir='ltr' id='par_1_9' title="bbox 2096 753 3680 827">
     <span class='ocr_line' id='line_1_9' title="bbox 2096 753 3680 827; baseline 0.006 -20"><span class='ocrx_word' id='word_1_50' title='bbox 2096 758 2334 808; x_wconf 88' lang='lat' dir='ltr'>cerent:</span> <span class='ocrx_word' id='word_1_51' title='bbox 2371 753 2553 808; x_wconf 86' lang='lat' dir='ltr'>Homo</span> <span class='ocrx_word' id='word_1_52' title='bbox 2580 754 2689 808; x_wconf 91' lang='lat' dir='ltr'>iste</span> <span class='ocrx_word' id='word_1_53' title='bbox 2722 771 2842 809; x_wconf 92' lang='lat' dir='ltr'>non</span> <span class='ocrx_word' id='word_1_54' title='bbox 2874 761 3067 810; x_wconf 83' lang='lat' dir='ltr'>cessat</span> <span class='ocrx_word' id='word_1_55' title='bbox 3110 756 3270 827; x_wconf 90' lang='lat' dir='ltr'>loqui</span> <span class='ocrx_word' id='word_1_56' title='bbox 3304 758 3482 815; x_wconf 88' lang='lat' dir='ltr'>verba</span> <span class='ocrx_word' id='word_1_57' title='bbox 3514 760 3680 817; x_wconf 87' lang='lat' dir='ltr'>blas-</span> 
     </span>
    </p>
   </div>
   <div class='ocr_carea' id='block_1_10' title="bbox 262 839 1880 922">
    <p class='ocr_par' dir='ltr' id='par_1_10' title="bbox 262 839 1880 917">
     <span class='ocr_line' id='line_1_10' title="bbox 262 839 1880 917; baseline -0.004 -19"><span class='ocrx_word' id='word_1_58' title='bbox 262 872 289 898; x_wconf 73' lang='grc' dir='ltr'>ι(</span> <span class='ocrx_word' id='word_1_59' title='bbox 321 844 434 902; x_wconf 76' lang='grc' dir='ltr'>λῶν</span> <span class='ocrx_word' id='word_1_60' title='bbox 461 844 601 899; x_wconf 70' lang='grc' dir='ltr'>κατὰ</span> <span class='ocrx_word' id='word_1_61' title='bbox 627 847 728 898; x_wconf 91' lang='grc' dir='ltr'>τοῦ</span> <span class='ocrx_word' id='word_1_62' title='bbox 758 844 939 898; x_wconf 83' lang='grc' dir='ltr'>τόπου</span> <span class='ocrx_word' id='word_1_63' title='bbox 987 847 1085 898; x_wconf 90' lang='grc' dir='ltr'>τοῦ</span> <span class='ocrx_word' id='word_1_64' title='bbox 1144 841 1299 917; x_wconf 83' lang='grc' dir='ltr'>ἁγίου</span> <span class='ocrx_word' id='word_1_65' title='bbox 1354 841 1551 898; x_wconf 85' lang='grc' dir='ltr'>τούτου</span> <span class='ocrx_word' id='word_1_66' title='bbox 1580 839 1670 895; x_wconf 84' lang='grc' dir='ltr'>καὶ</span> <span class='ocrx_word' id='word_1_67' title='bbox 1702 843 1799 894; x_wconf 88' lang='grc' dir='ltr'>τοῦ</span> <span class='ocrx_word' id='word_1_68' title='bbox 1824 859 1880 893; x_wconf 85' lang='grc' dir='ltr'>νο</span> 
     </span>
    </p>
   </div>
   <div class='ocr_carea' id='block_1_11' title="bbox 2062 839 3680 922">
    <p class='ocr_par' dir='ltr' id='par_1_11' title="bbox 2062 842 3680 922">
     <span class='ocr_line' id='line_1_11' title="bbox 2062 842 3680 922; baseline 0.008 -29"><span class='ocrx_word' id='word_1_69' title='bbox 2062 865 2064 893; x_wconf 76' lang='grc' dir='ltr'><em>ς</em></span> <span class='ocrx_word' id='word_1_70' title='bbox 2096 843 2313 913; x_wconf 90' lang='lat' dir='ltr'>phema</span> <span class='ocrx_word' id='word_1_71' title='bbox 2346 842 2627 898; x_wconf 88' lang='lat' dir='ltr'>adversus</span> <span class='ocrx_word' id='word_1_72' title='bbox 2658 843 2853 899; x_wconf 90' lang='lat' dir='ltr'>locum</span> <span class='ocrx_word' id='word_1_73' title='bbox 2885 851 3155 901; x_wconf 90' lang='lat' dir='ltr'>sanctum</span> <span class='ocrx_word' id='word_1_74' title='bbox 3188 846 3350 903; x_wconf 90' lang='lat' dir='ltr'>hunc</span> <span class='ocrx_word' id='word_1_75' title='bbox 3381 855 3439 903; x_wconf 91' lang='lat' dir='ltr'>et</span> <span class='ocrx_word' id='word_1_76' title='bbox 3469 849 3680 922; x_wconf 84' lang='lat' dir='ltr'>legem.</span> 
     </span>
    </p>
   </div>
   <div class='ocr_carea' id='block_1_12' title="bbox 268 929 1886 1009">
    <p class='ocr_par' dir='ltr' id='par_1_12' title="bbox 268 929 1886 1009">
     <span class='ocr_line' id='line_1_12' title="bbox 268 929 1886 1009; baseline -0.002 -23"><span class='ocrx_word' id='word_1_77' title='bbox 268 962 289 986; x_wconf 82' lang='grc' dir='ltr'>ι</span> <span class='ocrx_word' id='word_1_78' title='bbox 325 956 451 1009; x_wconf 88' lang='grc' dir='ltr'>μου.</span> <span class='ocrx_word' id='word_1_79' title='bbox 511 933 867 1005; x_wconf 75' lang='grc' dir='ltr'>Ἀκηκόαμεν</span> <span class='ocrx_word' id='word_1_80' title='bbox 927 933 1033 1008; x_wconf 80' lang='grc' dir='ltr'>γὰρ</span> <span class='ocrx_word' id='word_1_81' title='bbox 1088 932 1257 986; x_wconf 84' lang='grc' dir='ltr'>αὐτοῦ</span> <span class='ocrx_word' id='word_1_82' title='bbox 1315 930 1593 1005; x_wconf 72' lang='grc' dir='ltr'>λὲγοντος,</span> <span class='ocrx_word' id='word_1_83' title='bbox 1627 929 1711 984; x_wconf 76' lang='grc' dir='ltr'>ὅτι</span> <span class='ocrx_word' id='word_1_84' title='bbox 1752 930 1780 981; x_wconf 98' lang='lat'>6</span> <span class='ocrx_word' id='word_1_85' title='bbox 1816 931 1886 997; x_wconf 83' lang='grc' dir='ltr'>Ἰη</span> 
     </span>
    </p>
   </div>
   <div class='ocr_carea' id='block_1_13' title="bbox 2063 929 3681 1009">
    <p class='ocr_par' dir='ltr' id='par_1_13' title="bbox 2063 932 3681 1006">
     <span class='ocr_line' id='line_1_13' title="bbox 2063 932 3681 1006; baseline 0.006 -21"><span class='ocrx_word' id='word_1_86' title='bbox 2063 952 2065 980; x_wconf 90' lang='lat'>:</span> <span class='ocrx_word' id='word_1_87' title='bbox 2096 932 2449 987; x_wconf 83' lang='lat' dir='ltr'>Audivimus</span> <span class='ocrx_word' id='word_1_88' title='bbox 2473 933 2632 987; x_wconf 87' lang='lat' dir='ltr'>enim</span> <span class='ocrx_word' id='word_1_89' title='bbox 2665 949 2797 987; x_wconf 91' lang='lat' dir='ltr'>eum</span> <span class='ocrx_word' id='word_1_90' title='bbox 2828 932 3145 999; x_wconf 84' lang='lat' dir='ltr'>dicentem,</span> <span class='ocrx_word' id='word_1_91' title='bbox 3184 936 3339 1006; x_wconf 93' lang='lat' dir='ltr'>quod</span> <span class='ocrx_word' id='word_1_92' title='bbox 3371 938 3538 993; x_wconf 83' lang='lat' dir='ltr'>Jesus</span> <span class='ocrx_word' id='word_1_93' title='bbox 3572 943 3681 994; x_wconf 90' lang='lat' dir='ltr'>Na-</span> 
     </span>
    </p>
   </div>
   <div class='ocr_carea' id='block_1_14' title="bbox 266 1014 1884 1095">
    <p class='ocr_par' dir='ltr' id='par_1_14' title="bbox 266 1014 1884 1095">
     <span class='ocr_line' id='line_1_14' title="bbox 266 1014 1884 1095; baseline -0.004 -20"><span class='ocrx_word' id='word_1_94' title='bbox 266 1050 295 1075; x_wconf 71' lang='grc' dir='ltr'>κ</span> <span class='ocrx_word' id='word_1_95' title='bbox 328 1028 452 1085; x_wconf 87' lang='grc' dir='ltr'>σοῦς</span> <span class='ocrx_word' id='word_1_96' title='bbox 484 1024 514 1077; x_wconf 86' lang='lat'><strong>6</strong></span> <span class='ocrx_word' id='word_1_97' title='bbox 544 1027 871 1095; x_wconf 75' lang='grc' dir='ltr'>Ναζωραῖος</span> <span class='ocrx_word' id='word_1_98' title='bbox 933 1022 1091 1082; x_wconf 78' lang='grc' dir='ltr'>οὗτος</span> <span class='ocrx_word' id='word_1_99' title='bbox 1148 1018 1438 1074; x_wconf 74' lang='grc' dir='ltr'>καταλύσει</span> <span class='ocrx_word' id='word_1_100' title='bbox 1480 1016 1571 1073; x_wconf 84' lang='grc' dir='ltr'>τὸν</span> <span class='ocrx_word' id='word_1_101' title='bbox 1602 1014 1769 1073; x_wconf 85' lang='grc' dir='ltr'>τόπον</span> <span class='ocrx_word' id='word_1_102' title='bbox 1799 1020 1884 1070; x_wconf 76' lang='grc' dir='ltr'>τοί</span> 
     </span>
    </p>
   </div>
   <div class='ocr_carea' id='block_1_15' title="bbox 2064 1014 3682 1095">
    <p class='ocr_par' dir='ltr' id='par_1_15' title="bbox 2095 1022 3682 1093">
     <span class='ocr_line' id='line_1_15' title="bbox 2095 1022 3682 1093; baseline 0.005 -18"><span class='ocrx_word' id='word_1_103' title='bbox 2095 1038 2340 1077; x_wconf 85' lang='lat' dir='ltr'>zarenus</span> <span class='ocrx_word' id='word_1_104' title='bbox 2370 1022 2467 1076; x_wconf 90' lang='lat' dir='ltr'>hic</span> <span class='ocrx_word' id='word_1_105' title='bbox 2497 1022 2854 1077; x_wconf 85' lang='lat' dir='ltr'>demolietur</span> <span class='ocrx_word' id='word_1_106' title='bbox 2899 1022 3094 1078; x_wconf 91' lang='lat' dir='ltr'>locum</span> <span class='ocrx_word' id='word_1_107' title='bbox 3136 1024 3314 1093; x_wconf 91' lang='lat' dir='ltr'>hunc,</span> <span class='ocrx_word' id='word_1_108' title='bbox 3349 1032 3407 1081; x_wconf 93' lang='lat' dir='ltr'>et</span> <span class='ocrx_word' id='word_1_109' title='bbox 3432 1028 3682 1083; x_wconf 79' lang='lat' dir='ltr'>mutabit</span> 
     </span>
    </p>
   </div>
   <div class='ocr_carea' id='block_1_16' title="bbox 275 1106 1893 1184">
    <p class='ocr_par' dir='ltr' id='par_1_16' title="bbox 275 1106 1893 1184">
     <span class='ocr_line' id='line_1_16' title="bbox 275 1106 1893 1184; baseline -0.003 -18"><span class='ocrx_word' id='word_1_110' title='bbox 275 1140 297 1166; x_wconf 79' lang='grc' dir='ltr'>ι</span> <span class='ocrx_word' id='word_1_111' title='bbox 332 1113 566 1183; x_wconf 79' lang='grc' dir='ltr'>τον,καὶ</span> <span class='ocrx_word' id='word_1_112' title='bbox 622 1108 853 1180; x_wconf 74' lang='grc' dir='ltr'>ἀλλάξει</span> <span class='ocrx_word' id='word_1_113' title='bbox 910 1111 978 1165; x_wconf 82' lang='grc' dir='ltr'>τὰ</span> <span class='ocrx_word' id='word_1_114' title='bbox 1036 1108 1220 1181; x_wconf 72' lang='grc' dir='ltr'>ἔθη,’ὰ</span> <span class='ocrx_word' id='word_1_115' title='bbox 1274 1106 1585 1184; x_wconf 75' lang='grc' dir='ltr'>παρέδωκεν</span> <span class='ocrx_word' id='word_1_116' title='bbox 1638 1109 1768 1181; x_wconf 72' lang='grc' dir='ltr'>ἡμῖν</span> <span class='ocrx_word' id='word_1_117' title='bbox 1796 1112 1893 1162; x_wconf 84' lang='grc' dir='ltr'>Μω</span> 
     </span>
    </p>
   </div>
   <div class='ocr_carea' id='block_1_17' title="bbox 1687 1106 3305 1184">
    <p class='ocr_par' dir='ltr' id='par_1_17' title="bbox 1687 1110 3305 1181">
     <span class='ocr_line' id='line_1_17' title="bbox 1687 1110 3305 1181; baseline 0.002 -20"><span class='ocrx_word' id='word_1_118' title='bbox 1687 1111 1768 1179; x_wconf 67' lang='grc' dir='ltr'>αῖν</span> <span class='ocrx_word' id='word_1_119' title='bbox 1796 1112 1925 1162; x_wconf 84' lang='grc' dir='ltr'>Μω-</span> <span class='ocrx_word' id='word_1_120' title='bbox 2035 1132 2063 1160; x_wconf 93' lang='grc'>‹‹</span> <span class='ocrx_word' id='word_1_121' title='bbox 2096 1110 2369 1166; x_wconf 87' lang='lat' dir='ltr'>instituta</span> <span class='ocrx_word' id='word_1_122' title='bbox 2399 1128 2530 1181; x_wconf 63' lang='lat' dir='ltr'>quae</span> <span class='ocrx_word' id='word_1_123' title='bbox 2562 1111 2805 1166; x_wconf 83' lang='lat' dir='ltr'>tradidit</span> <span class='ocrx_word' id='word_1_124' title='bbox 2834 1111 3004 1166; x_wconf 92' lang='lat' dir='ltr'>nobis</span> <span class='ocrx_word' id='word_1_125' title='bbox 3036 1113 3243 1170; x_wconf 86' lang='lat' dir='ltr'>Moses.</span> <span class='ocrx_word' id='word_1_126' title='bbox 3279 1137 3305 1164; x_wconf 83' lang='grc'>››</span> 
     </span>
    </p>
   </div>
   <div class='ocr_carea' id='block_1_18' title="bbox 274 1211 518 1273">
    <p class='ocr_par' dir='ltr' id='par_1_18' title="bbox 274 1211 518 1273">
     <span class='ocr_line' id='line_1_18' title="bbox 274 1211 518 1273; baseline 0 -16"><span class='ocrx_word' id='word_1_127' title='bbox 274 1211 518 1273; x_wconf 58' lang='grc' dir='ltr'>«σῆς»</span> 
     </span>
    </p>
   </div>
   <div class='ocr_carea' id='block_1_19' title="bbox 344 1283 1962 1365">
    <p class='ocr_par' dir='ltr' id='par_1_19' title="bbox 344 1283 1928 1365">
     <span class='ocr_line' id='line_1_19' title="bbox 344 1283 1928 1365; baseline -0.005 -18"><span class='ocrx_word' id='word_1_128' title='bbox 344 1286 640 1347; x_wconf 80' lang='grc' dir='ltr'>Ὑπὲὄαλον</span> <span class='ocrx_word' id='word_1_129' title='bbox 696 1287 897 1364; x_wconf 77' lang='grc' dir='ltr'>ἄνδρας</span> <span class='ocrx_word' id='word_1_130' title='bbox 961 1288 1243 1365; x_wconf 73' lang='grc' dir='ltr'>λέγοντας,</span> <span class='ocrx_word' id='word_1_131' title='bbox 1300 1286 1384 1343; x_wconf 77' lang='grc' dir='ltr'>ὅτι</span> <span class='ocrx_word' id='word_1_132' title='bbox 1444 1283 1789 1360; x_wconf 75' lang='grc' dir='ltr'>Ἀκηκόαμεν</span> <span class='ocrx_word' id='word_1_133' title='bbox 1828 1284 1928 1340; x_wconf 79' lang='grc' dir='ltr'>αύ-</span> 
     </span>
    </p>
   </div>
   <div class='ocr_carea' id='block_1_20' title="bbox 2064 1283 3682 1365">
    <p class='ocr_par' dir='ltr' id='par_1_20' title="bbox 2108 1286 3682 1358">
     <span class='ocr_line' id='line_1_20' title="bbox 2108 1286 3682 1358; baseline 0.005 -16"><span class='ocrx_word' id='word_1_134' title='bbox 2108 1286 2523 1343; x_wconf 80' lang='lat' dir='ltr'>Submisemnt</span> <span class='ocrx_word' id='word_1_135' title='bbox 2552 1288 2729 1353; x_wconf 90' lang='lat' dir='ltr'>viros,</span> <span class='ocrx_word' id='word_1_136' title='bbox 2780 1289 2882 1358; x_wconf 90' lang='lat' dir='ltr'>qui</span> <span class='ocrx_word' id='word_1_137' title='bbox 2931 1288 3238 1345; x_wconf 88' lang='lat' dir='ltr'>dicerent:</span> <span class='ocrx_word' id='word_1_138' title='bbox 3275 1315 3301 1341; x_wconf 84' lang='lat'><strong>«</strong></span> <span class='ocrx_word' id='word_1_139' title='bbox 3336 1292 3682 1350; x_wconf 84' lang='lat' dir='ltr'>Audivimus</span> 
     </span>
    </p>
   </div>
   <div class='ocr_carea' id='block_1_21' title="bbox 268 1375 1886 1456">
    <p class='ocr_par' dir='ltr' id='par_1_21' title="bbox 268 1376 1886 1456">
     <span class='ocr_line' id='line_1_21' title="bbox 268 1376 1886 1456; baseline -0.005 -19"><span class='ocrx_word' id='word_1_140' title='bbox 268 1386 365 1438; x_wconf 86' lang='grc' dir='ltr'>τοῦ</span> <span class='ocrx_word' id='word_1_141' title='bbox 425 1381 651 1455; x_wconf 64' lang='grc' dir='ltr'>ῥήματα</span> <span class='ocrx_word' id='word_1_142' title='bbox 710 1379 1018 1456; x_wconf 74' lang='grc' dir='ltr'>βλάσφημα</span> <span class='ocrx_word' id='word_1_143' title='bbox 1076 1376 1378 1440; x_wconf 86' lang='grc' dir='ltr'>λαλοῦντος</span> <span class='ocrx_word' id='word_1_144' title='bbox 1436 1376 1511 1439; x_wconf 83' lang='grc' dir='ltr'>εἷς</span> <span class='ocrx_word' id='word_1_145' title='bbox 1568 1382 1805 1445; x_wconf 71' lang='grc' dir='ltr'>Μωυσῆς</span> <span class='ocrx_word' id='word_1_146' title='bbox 1836 1396 1886 1430; x_wconf 72' lang='grc' dir='ltr'>κε</span> 
     </span>
    </p>
   </div>
   <div class='ocr_carea' id='block_1_22' title="bbox 2062 1375 3680 1456">
    <p class='ocr_par' dir='ltr' id='par_1_22' title="bbox 2062 1375 3680 1451">
     <span class='ocr_line' id='line_1_22' title="bbox 2062 1375 3680 1451; baseline 0.004 -21"><span class='ocrx_word' id='word_1_147' title='bbox 2062 1392 2170 1431; x_wconf 70' lang='lat' dir='ltr'>rum</span> <span class='ocrx_word' id='word_1_148' title='bbox 2204 1376 2544 1446; x_wconf 88' lang='lat' dir='ltr'>loquentem</span> <span class='ocrx_word' id='word_1_149' title='bbox 2573 1375 2748 1430; x_wconf 90' lang='lat' dir='ltr'>verba</span> <span class='ocrx_word' id='word_1_150' title='bbox 2772 1376 3122 1448; x_wconf 90' lang='lat' dir='ltr'>blasphema</span> <span class='ocrx_word' id='word_1_151' title='bbox 3150 1379 3430 1436; x_wconf 90' lang='lat' dir='ltr'>adversus</span> <span class='ocrx_word' id='word_1_152' title='bbox 3460 1383 3680 1451; x_wconf 85' lang='lat' dir='ltr'>Mosen,</span> 
     </span>
    </p>
   </div>
   <div class='ocr_carea' id='block_1_23' title="bbox 265 1466 1883 1543">
    <p class='ocr_par' dir='ltr' id='par_1_23' title="bbox 265 1466 1883 1543">
     <span class='ocr_line' id='line_1_23' title="bbox 265 1466 1883 1543; baseline -0.006 -15"><span class='ocrx_word' id='word_1_153' title='bbox 265 1472 360 1528; x_wconf 82' lang='grc' dir='ltr'>τὸν</span> <span class='ocrx_word' id='word_1_154' title='bbox 389 1472 549 1526; x_wconf 79' lang='grc' dir='ltr'>Θεόν.</span> <span class='ocrx_word' id='word_1_155' title='bbox 586 1495 609 1523; x_wconf 76' lang='grc' dir='ltr'><strong><em>ι</em></strong></span> <span class='ocrx_word' id='word_1_156' title='bbox 648 1470 777 1525; x_wconf 82' lang='grc' dir='ltr'>Τίνα</span> <span class='ocrx_word' id='word_1_157' title='bbox 809 1466 867 1523; x_wconf 76' lang='grc' dir='ltr'>δὶ</span> <span class='ocrx_word' id='word_1_158' title='bbox 894 1469 964 1522; x_wconf 75' lang='grc' dir='ltr'>τὰ</span> <span class='ocrx_word' id='word_1_159' title='bbox 996 1467 1253 1543; x_wconf 68' lang='grc' dir='ltr'>ῥήματας</span> <span class='ocrx_word' id='word_1_160' title='bbox 1287 1490 1315 1519; x_wconf 76' lang='grc' dir='ltr'>ι(</span> <span class='ocrx_word' id='word_1_161' title='bbox 1345 1473 1465 1523; x_wconf 86' lang='grc' dir='ltr'>⁴Οτι</span> <span class='ocrx_word' id='word_1_162' title='bbox 1516 1468 1725 1537; x_wconf 82' lang='grc' dir='ltr'>Ἰησοῦς</span> <span class='ocrx_word' id='word_1_163' title='bbox 1757 1466 1785 1519; x_wconf 87' lang='lat'>6</span> <span class='ocrx_word' id='word_1_164' title='bbox 1818 1471 1883 1519; x_wconf 77' lang='lat' dir='ltr'>Na</span> 
     </span>
    </p>
   </div>
   <div class='ocr_carea' id='block_1_24' title="bbox 2064 1466 3682 1543">
    <p class='ocr_par' dir='ltr' id='par_1_24' title="bbox 2064 1466 3682 1537">
     <span class='ocr_line' id='line_1_24' title="bbox 2064 1466 3682 1537; baseline 0.004 -16"><span class='ocrx_word' id='word_1_165' title='bbox 2064 1482 2102 1521; x_wconf 91' lang='lat' dir='ltr'>.c</span> <span class='ocrx_word' id='word_1_166' title='bbox 2136 1466 2339 1521; x_wconf 90' lang='lat' dir='ltr'>Deum.</span> <span class='ocrx_word' id='word_1_167' title='bbox 2367 1489 2393 1515; x_wconf 84' lang='lat'>»</span> <span class='ocrx_word' id='word_1_168' title='bbox 2429 1467 2711 1531; x_wconf 67' lang='lat' dir='ltr'>Quasnam</span> <span class='ocrx_word' id='word_1_169' title='bbox 2733 1471 2930 1521; x_wconf 90' lang='lat' dir='ltr'>autem</span> <span class='ocrx_word' id='word_1_170' title='bbox 2960 1473 3099 1523; x_wconf 90' lang='lat' dir='ltr'>sunt</span> <span class='ocrx_word' id='word_1_171' title='bbox 3120 1485 3189 1524; x_wconf 90' lang='lat' dir='ltr'>ea</span> <span class='ocrx_word' id='word_1_172' title='bbox 3218 1469 3393 1525; x_wconf 91' lang='lat' dir='ltr'>verba</span> <span class='ocrx_word' id='word_1_173' title='bbox 3414 1471 3442 1526; x_wconf 86' lang='lat'><strong>?</strong></span> <span class='ocrx_word' id='word_1_174' title='bbox 3465 1494 3491 1521; x_wconf 82' lang='lat'>«</span> <span class='ocrx_word' id='word_1_175' title='bbox 3516 1472 3682 1537; x_wconf 87' lang='lat' dir='ltr'>Quod</span> 
     </span>
    </p>
   </div>
   <div class='ocr_carea' id='block_1_25' title="bbox 268 1552 1886 1635">
    <p class='ocr_par' dir='ltr' id='par_1_25' title="bbox 268 1556 1886 1635">
     <span class='ocr_line' id='line_1_25' title="bbox 268 1556 1886 1635; baseline -0.004 -19"><span class='ocrx_word' id='word_1_176' title='bbox 268 1566 509 1635; x_wconf 81' lang='grc' dir='ltr'>ζωραῖος</span> <span class='ocrx_word' id='word_1_177' title='bbox 568 1561 728 1621; x_wconf 72' lang='grc' dir='ltr'>οὗτος</span> <span class='ocrx_word' id='word_1_178' title='bbox 786 1556 1079 1614; x_wconf 78' lang='grc' dir='ltr'>καταλύσει</span> <span class='ocrx_word' id='word_1_179' title='bbox 1135 1557 1227 1614; x_wconf 82' lang='grc' dir='ltr'>τὸν</span> <span class='ocrx_word' id='word_1_180' title='bbox 1286 1556 1454 1611; x_wconf 83' lang='grc' dir='ltr'>τόπον</span> <span class='ocrx_word' id='word_1_181' title='bbox 1505 1560 1718 1612; x_wconf 85' lang='grc' dir='ltr'>τοῦτον.</span> <span class='ocrx_word' id='word_1_182' title='bbox 1757 1578 1785 1607; x_wconf 81' lang='grc'>››</span> <span class='ocrx_word' id='word_1_183' title='bbox 1826 1556 1886 1611; x_wconf 83' lang='grc' dir='ltr'>Κι</span> 
     </span>
    </p>
   </div>
   <div class='ocr_carea' id='block_1_26' title="bbox 2058 1552 3676 1635">
    <p class='ocr_par' dir='ltr' id='par_1_26' title="bbox 2058 1555 3676 1617">
     <span class='ocr_line' id='line_1_26' title="bbox 2058 1555 3676 1617; baseline 0.002 -8"><span class='ocrx_word' id='word_1_184' title='bbox 2058 1556 2202 1610; x_wconf 90' lang='lat' dir='ltr'>esus</span> <span class='ocrx_word' id='word_1_185' title='bbox 2234 1556 2564 1609; x_wconf 88' lang='lat' dir='ltr'>Nazarenus</span> <span class='ocrx_word' id='word_1_186' title='bbox 2623 1555 2717 1609; x_wconf 90' lang='lat' dir='ltr'>hic</span> <span class='ocrx_word' id='word_1_187' title='bbox 2776 1555 3135 1611; x_wconf 90' lang='lat' dir='ltr'>demolietur</span> <span class='ocrx_word' id='word_1_188' title='bbox 3190 1558 3388 1613; x_wconf 90' lang='lat' dir='ltr'>locum</span> <span class='ocrx_word' id='word_1_189' title='bbox 3438 1559 3619 1617; x_wconf 89' lang='lat' dir='ltr'>hunc.</span> <span class='ocrx_word' id='word_1_190' title='bbox 3656 1585 3676 1612; x_wconf 82' lang='grc' dir='ltr'><strong><em>ι</em></strong></span> 
     </span>
    </p>
   </div>
   <div class='ocr_carea' id='block_1_27' title="bbox 269 1642 1887 1725">
    <p class='ocr_par' dir='ltr' id='par_1_27' title="bbox 269 1644 1887 1725">
     <span class='ocr_line' id='line_1_27' title="bbox 269 1644 1887 1725; baseline -0.006 -19"><span class='ocrx_word' id='word_1_191' title='bbox 269 1652 380 1725; x_wconf 82' lang='grc' dir='ltr'>μὴν</span> <span class='ocrx_word' id='word_1_192' title='bbox 442 1649 638 1723; x_wconf 70' lang='grc' dir='ltr'>εἴρηκε</span> <span class='ocrx_word' id='word_1_193' title='bbox 691 1652 857 1705; x_wconf 83' lang='grc' dir='ltr'>τοῦτο</span> <span class='ocrx_word' id='word_1_194' title='bbox 918 1646 1209 1723; x_wconf 71' lang='grc' dir='ltr'>Στέφανος,</span> <span class='ocrx_word' id='word_1_195' title='bbox 1238 1644 1404 1701; x_wconf 75' lang='grc' dir='ltr'>εἶκαὶ</span> <span class='ocrx_word' id='word_1_196' title='bbox 1462 1647 1537 1717; x_wconf 80' lang='grc' dir='ltr'>μὴ</span> <span class='ocrx_word' id='word_1_197' title='bbox 1586 1649 1803 1718; x_wconf 81' lang='grc' dir='ltr'>γυμνῶς</span> <span class='ocrx_word' id='word_1_198' title='bbox 1835 1644 1887 1698; x_wconf 65' lang='grc' dir='ltr'>οὓ</span> 
     </span>
    </p>
   </div>
   <div class='ocr_carea' id='block_1_28' title="bbox 2065 1642 3683 1725">
    <p class='ocr_par' dir='ltr' id='par_1_28' title="bbox 2065 1643 3683 1720">
     <span class='ocr_line' id='line_1_28' title="bbox 2065 1643 3683 1720; baseline 0.003 -21"><span class='ocrx_word' id='word_1_199' title='bbox 2065 1644 2211 1715; x_wconf 76' lang='lat' dir='ltr'>Ltqui</span> <span class='ocrx_word' id='word_1_200' title='bbox 2243 1644 2353 1698; x_wconf 93' lang='lat' dir='ltr'>hoc</span> <span class='ocrx_word' id='word_1_201' title='bbox 2386 1643 2536 1698; x_wconf 87' lang='lat' dir='ltr'>dixit</span> <span class='ocrx_word' id='word_1_202' title='bbox 2560 1644 2912 1715; x_wconf 85' lang='lat' dir='ltr'>Stephanus,</span> <span class='ocrx_word' id='word_1_203' title='bbox 2946 1646 3056 1700; x_wconf 85' lang='lat' dir='ltr'>etsi</span> <span class='ocrx_word' id='word_1_204' title='bbox 3111 1664 3231 1702; x_wconf 88' lang='lat' dir='ltr'>non</span> <span class='ocrx_word' id='word_1_205' title='bbox 3262 1648 3409 1703; x_wconf 92' lang='lat' dir='ltr'>adeo</span> <span class='ocrx_word' id='word_1_206' title='bbox 3438 1654 3638 1720; x_wconf 91' lang='lat' dir='ltr'>aperte</span> <span class='ocrx_word' id='word_1_207' title='bbox 3671 1666 3683 1703; x_wconf 88' lang='lat'>:</span> 
     </span>
    </p>
   </div>
   <div class='ocr_carea' id='block_1_29' title="bbox 260 1732 1878 1809">
    <p class='ocr_par' dir='ltr' id='par_1_29' title="bbox 260 1732 1878 1809">
     <span class='ocr_line' id='line_1_29' title="bbox 260 1732 1878 1809; baseline -0.007 -10"><span class='ocrx_word' id='word_1_208' title='bbox 260 1764 397 1804; x_wconf 85' lang='grc' dir='ltr'>τως.</span> <span class='ocrx_word' id='word_1_209' title='bbox 431 1746 563 1803; x_wconf 79' lang='grc' dir='ltr'>Πῶς</span> <span class='ocrx_word' id='word_1_210' title='bbox 595 1738 690 1794; x_wconf 83' lang='grc' dir='ltr'>οῦν</span> <span class='ocrx_word' id='word_1_211' title='bbox 726 1732 1130 1809; x_wconf 73' lang='grc' dir='ltr'>ὑποϐολιμαῖοι</span> <span class='ocrx_word' id='word_1_212' title='bbox 1186 1736 1338 1791; x_wconf 85' lang='grc' dir='ltr'>οὗτοι</span> <span class='ocrx_word' id='word_1_213' title='bbox 1397 1734 1488 1790; x_wconf 80' lang='grc' dir='ltr'>καὶ</span> <span class='ocrx_word' id='word_1_214' title='bbox 1546 1732 1878 1809; x_wconf 71' lang='grc' dir='ltr'>ψευδομάρτι</span> 
     </span>
    </p>
   </div>
   <div class='ocr_carea' id='block_1_30' title="bbox 2071 1732 3689 1809">
    <p class='ocr_par' dir='ltr' id='par_1_30' title="bbox 2071 1733 3689 1808">
     <span class='ocr_line' id='line_1_30' title="bbox 2071 1733 3689 1808; baseline 0.004 -20"><span class='ocrx_word' id='word_1_215' title='bbox 2071 1733 2334 1804; x_wconf 80' lang='lat' dir='ltr'>juomodo</span> <span class='ocrx_word' id='word_1_216' title='bbox 2366 1751 2501 1807; x_wconf 88' lang='lat' dir='ltr'>ergo</span> <span class='ocrx_word' id='word_1_217' title='bbox 2535 1740 2675 1789; x_wconf 91' lang='lat' dir='ltr'>sunt</span> <span class='ocrx_word' id='word_1_218' title='bbox 2704 1735 2763 1789; x_wconf 88' lang='lat' dir='ltr'>hi</span> <span class='ocrx_word' id='word_1_219' title='bbox 2798 1736 3159 1807; x_wconf 90' lang='lat' dir='ltr'>supposititii</span> <span class='ocrx_word' id='word_1_220' title='bbox 3183 1737 3438 1808; x_wconf 86' lang='lat' dir='ltr'>falsique</span> <span class='ocrx_word' id='word_1_221' title='bbox 3465 1738 3689 1794; x_wconf 86' lang='lat' dir='ltr'>testes?</span> 
     </span>
    </p>
   </div>
   <div class='ocr_carea' id='block_1_31' title="bbox 268 1821 1886 1906">
    <p class='ocr_par' dir='ltr' id='par_1_31' title="bbox 268 1821 1886 1906">
     <span class='ocr_line' id='line_1_31' title="bbox 268 1821 1886 1906; baseline -0.007 -18"><span class='ocrx_word' id='word_1_222' title='bbox 268 1852 355 1906; x_wconf 85' lang='grc' dir='ltr'>ρες</span> <span class='ocrx_word' id='word_1_223' title='bbox 385 1852 400 1899; x_wconf 85' lang='lat'><strong>;</strong></span> <span class='ocrx_word' id='word_1_224' title='bbox 431 1830 521 1886; x_wconf 79' lang='grc' dir='ltr'>ὅτι</span> <span class='ocrx_word' id='word_1_225' title='bbox 552 1830 666 1904; x_wconf 70' lang='grc' dir='ltr'>οὐχ</span> <span class='ocrx_word' id='word_1_226' title='bbox 711 1825 895 1901; x_wconf 77' lang='grc' dir='ltr'>ὥσπερ</span> <span class='ocrx_word' id='word_1_227' title='bbox 952 1825 1213 1895; x_wconf 81' lang='grc' dir='ltr'>ἤκουσαν,</span> <span class='ocrx_word' id='word_1_228' title='bbox 1254 1826 1342 1880; x_wconf 75' lang='grc' dir='ltr'>καὶ</span> <span class='ocrx_word' id='word_1_229' title='bbox 1401 1822 1739 1897; x_wconf 80' lang='grc' dir='ltr'>ἐληρώδουν.</span> <span class='ocrx_word' id='word_1_230' title='bbox 1775 1821 1886 1880; x_wconf 69' lang='grc' dir='ltr'>’Λλί</span> 
     </span>
    </p>
   </div>
   <div class='ocr_carea' id='block_1_32' title="bbox 2066 1821 3684 1906">
    <p class='ocr_par' dir='ltr' id='par_1_32' title="bbox 2066 1824 3684 1899">
     <span class='ocr_line' id='line_1_32' title="bbox 2066 1824 3684 1899; baseline 0.004 -22"><span class='ocrx_word' id='word_1_231' title='bbox 2066 1824 2184 1888; x_wconf 59' lang='lat' dir='ltr'>Quia</span> <span class='ocrx_word' id='word_1_232' title='bbox 2213 1841 2333 1879; x_wconf 90' lang='lat' dir='ltr'>non</span> <span class='ocrx_word' id='word_1_233' title='bbox 2364 1830 2429 1879; x_wconf 89' lang='lat' dir='ltr'>ut</span> <span class='ocrx_word' id='word_1_234' title='bbox 2453 1824 2766 1880; x_wconf 87' lang='lat' dir='ltr'>audierant</span> <span class='ocrx_word' id='word_1_235' title='bbox 2790 1826 2872 1880; x_wconf 90' lang='lat' dir='ltr'>ita</span> <span class='ocrx_word' id='word_1_236' title='bbox 2893 1826 3251 1882; x_wconf 89' lang='lat' dir='ltr'>narrabant:</span> <span class='ocrx_word' id='word_1_237' title='bbox 3276 1827 3381 1882; x_wconf 90' lang='lat' dir='ltr'>sed</span> <span class='ocrx_word' id='word_1_238' title='bbox 3408 1828 3525 1883; x_wconf 88' lang='lat' dir='ltr'>alio</span> <span class='ocrx_word' id='word_1_239' title='bbox 3557 1830 3684 1899; x_wconf 86' lang='lat' dir='ltr'>qui-</span> 
     </span>
    </p>
   </div>
   <div class='ocr_carea' id='block_1_33' title="bbox 264 1883 1882 1993">
    <p class='ocr_par' dir='ltr' id='par_1_33' title="bbox 264 1883 1882 1993">
     <span class='ocr_line' id='line_1_33' title="bbox 264 1883 1882 1993; baseline -0.006 -15"><span class='ocrx_word' id='word_1_240' title='bbox 264 1883 717 1993; x_wconf 30' lang='lat' dir='ltr'><strong>61:16:66-6}.ch</strong></span> <span class='ocrx_word' id='word_1_241' title='bbox 778 1883 876 1991; x_wconf 71' lang='grc' dir='ltr'>μὲνΙ</span> <span class='ocrx_word' id='word_1_242' title='bbox 930 1883 1213 1987; x_wconf 44' lang='lat' dir='ltr'>“nitentum,</span> <span class='ocrx_word' id='word_1_243' title='bbox 1266 1914 1455 1977; x_wconf 72' lang='grc' dir='ltr'>ἄλλως</span> <span class='ocrx_word' id='word_1_244' title='bbox 1490 1883 1569 1971; x_wconf 48' lang='grc' dir='ltr'>’δὲ</span> <span class='ocrx_word' id='word_1_245' title='bbox 1624 1920 1713 1969; x_wconf 90' lang='grc' dir='ltr'>νῦν</span> <span class='ocrx_word' id='word_1_246' title='bbox 1775 1914 1882 1970; x_wconf 71' lang='grc' dir='ltr'>αὐτη</span> 
     </span>
    </p>
   </div>
   <div class='ocr_carea' id='block_1_34' title="bbox 2067 1883 3685 1993">
    <p class='ocr_par' dir='ltr' id='par_1_34' title="bbox 2067 1914 3685 1988">
     <span class='ocr_line' id='line_1_34' title="bbox 2067 1914 3685 1988; baseline 0.004 -20"><span class='ocrx_word' id='word_1_247' title='bbox 2067 1914 2175 1969; x_wconf 91' lang='lat' dir='ltr'>lem</span> <span class='ocrx_word' id='word_1_248' title='bbox 2208 1914 2383 1968; x_wconf 92' lang='lat' dir='ltr'>modo</span> <span class='ocrx_word' id='word_1_249' title='bbox 2414 1914 2747 1982; x_wconf 88' lang='lat' dir='ltr'>audierant,</span> <span class='ocrx_word' id='word_1_250' title='bbox 2780 1932 2939 1971; x_wconf 91' lang='lat' dir='ltr'>nunc</span> <span class='ocrx_word' id='word_1_251' title='bbox 2996 1933 3131 1971; x_wconf 87' lang='lat' dir='ltr'>vero</span> <span class='ocrx_word' id='word_1_252' title='bbox 3190 1917 3302 1988; x_wconf 91' lang='lat' dir='ltr'>ipsi</span> <span class='ocrx_word' id='word_1_253' title='bbox 3361 1917 3477 1973; x_wconf 93' lang='lat' dir='ltr'>alio</span> <span class='ocrx_word' id='word_1_254' title='bbox 3509 1919 3685 1975; x_wconf 91' lang='lat' dir='ltr'>modo</span> 
     </span>
    </p>
   </div>
   <div class='ocr_carea' id='block_1_35' title="bbox 264 2002 1882 2088">
    <p class='ocr_par' dir='ltr' id='par_1_35' title="bbox 264 2002 1882 2088">
     <span class='ocr_line' id='line_1_35' title="bbox 264 2002 1882 2088; baseline -0.006 -21"><span class='ocrx_word' id='word_1_255' title='bbox 264 2013 665 2088; x_wconf 67' lang='grc' dir='ltr'>προυχώρουν,</span> <span class='ocrx_word' id='word_1_256' title='bbox 727 2008 955 2069; x_wconf 78' lang='grc' dir='ltr'>εἰκότως</span> <span class='ocrx_word' id='word_1_257' title='bbox 1021 2006 1110 2061; x_wconf 86' lang='grc' dir='ltr'>καὶ</span> <span class='ocrx_word' id='word_1_258' title='bbox 1186 2002 1628 2080; x_wconf 75' lang='grc' dir='ltr'>ψευδομάρτυρες</span> <span class='ocrx_word' id='word_1_259' title='bbox 1702 2004 1882 2078; x_wconf 80' lang='grc' dir='ltr'>ἂναγρι</span> 
     </span>
    </p>
   </div>
   <div class='ocr_carea' id='block_1_36' title="bbox 2068 2002 3686 2088">
    <p class='ocr_par' dir='ltr' id='par_1_36' title="bbox 2068 2004 3686 2077">
     <span class='ocr_line' id='line_1_36' title="bbox 2068 2004 3686 2077; baseline 0.006 -22"><span class='ocrx_word' id='word_1_260' title='bbox 2068 2004 2455 2060; x_wconf 47' lang='lat' dir='ltr'>traferebant:</span> <span class='ocrx_word' id='word_1_261' title='bbox 2490 2005 2700 2059; x_wconf 90' lang='lat' dir='ltr'>merito</span> <span class='ocrx_word' id='word_1_262' title='bbox 2749 2006 2947 2077; x_wconf 88' lang='lat' dir='ltr'>itaque</span> <span class='ocrx_word' id='word_1_263' title='bbox 2998 2006 3133 2061; x_wconf 87' lang='lat' dir='ltr'>falsi</span> <span class='ocrx_word' id='word_1_264' title='bbox 3165 2012 3345 2063; x_wconf 89' lang='lat' dir='ltr'>testes</span> <span class='ocrx_word' id='word_1_265' title='bbox 3378 2026 3507 2064; x_wconf 91' lang='lat' dir='ltr'>esse</span> <span class='ocrx_word' id='word_1_266' title='bbox 3538 2010 3686 2064; x_wconf 87' lang='lat' dir='ltr'>refe-</span> 
     </span>
    </p>
   </div>
   <div class='ocr_carea' id='block_1_37' title="bbox 271 2092 1889 2177">
    <p class='ocr_par' dir='ltr' id='par_1_37' title="bbox 271 2092 1889 2177">
     <span class='ocr_line' id='line_1_37' title="bbox 271 2092 1889 2177; baseline -0.004 -22"><span class='ocrx_word' id='word_1_267' title='bbox 271 2101 608 2177; x_wconf 68' lang='grc' dir='ltr'>φονται.Ὧς</span> <span class='ocrx_word' id='word_1_268' title='bbox 664 2098 771 2173; x_wconf 81' lang='grc' dir='ltr'>γὰρ</span> <span class='ocrx_word' id='word_1_269' title='bbox 827 2097 915 2152; x_wconf 76' lang='grc' dir='ltr'>ἐπὶ</span> <span class='ocrx_word' id='word_1_270' title='bbox 974 2099 1205 2172; x_wconf 79' lang='grc' dir='ltr'>Χριστοῦ</span> <span class='ocrx_word' id='word_1_271' title='bbox 1257 2096 1318 2150; x_wconf 83' lang='grc' dir='ltr'>τὸ</span> <span class='ocrx_word' id='word_1_272' title='bbox 1378 2093 1665 2168; x_wconf 75' lang='grc' dir='ltr'>δυνάμενον</span> <span class='ocrx_word' id='word_1_273' title='bbox 1694 2092 1889 2149; x_wconf 82' lang='grc' dir='ltr'>καταλί</span> 
     </span>
    </p>
   </div>
   <div class='ocr_carea' id='block_1_38' title="bbox 2070 2092 3688 2177">
    <p class='ocr_par' dir='ltr' id='par_1_38' title="bbox 2070 2095 3688 2171">
     <span class='ocr_line' id='line_1_38' title="bbox 2070 2095 3688 2171; baseline 0.004 -22"><span class='ocrx_word' id='word_1_274' title='bbox 2070 2101 2270 2150; x_wconf 90' lang='lat' dir='ltr'>untur.</span> <span class='ocrx_word' id='word_1_275' title='bbox 2297 2095 2807 2161; x_wconf 87' lang='lat' dir='ltr'>Quemadmodum</span> <span class='ocrx_word' id='word_1_276' title='bbox 2830 2097 2991 2151; x_wconf 90' lang='lat' dir='ltr'>enim</span> <span class='ocrx_word' id='word_1_277' title='bbox 3014 2097 3084 2152; x_wconf 93' lang='lat' dir='ltr'>de</span> <span class='ocrx_word' id='word_1_278' title='bbox 3108 2098 3337 2153; x_wconf 85' lang='lat' dir='ltr'>Christo</span> <span class='ocrx_word' id='word_1_279' title='bbox 3364 2099 3521 2169; x_wconf 90' lang='lat' dir='ltr'>quod</span> <span class='ocrx_word' id='word_1_280' title='bbox 3552 2118 3688 2171; x_wconf 91' lang='lat' dir='ltr'>pos-</span> 
     </span>
    </p>
   </div>
   <div class='ocr_carea' id='block_1_39' title="bbox 280 2182 1898 2260">
    <p class='ocr_par' dir='ltr' id='par_1_39' title="bbox 280 2182 1898 2260">
     <span class='ocr_line' id='line_1_39' title="bbox 280 2182 1898 2260; baseline -0.005 -15"><span class='ocrx_word' id='word_1_281' title='bbox 280 2210 373 2245; x_wconf 84' lang='grc' dir='ltr'>σαι</span> <span class='ocrx_word' id='word_1_282' title='bbox 425 2191 517 2244; x_wconf 73' lang='grc' dir='ltr'>τὸν</span> <span class='ocrx_word' id='word_1_283' title='bbox 565 2188 713 2256; x_wconf 84' lang='grc' dir='ltr'>ναὸν,</span> <span class='ocrx_word' id='word_1_284' title='bbox 775 2183 1219 2260; x_wconf 78' lang='grc' dir='ltr'>ψευδομαρτυρία</span> <span class='ocrx_word' id='word_1_285' title='bbox 1268 2183 1355 2257; x_wconf 84' lang='grc' dir='ltr'>(ού</span> <span class='ocrx_word' id='word_1_286' title='bbox 1396 2183 1497 2260; x_wconf 77' lang='grc' dir='ltr'>γὰρ</span> <span class='ocrx_word' id='word_1_287' title='bbox 1528 2184 1760 2259; x_wconf 86' lang='grc' dir='ltr'>Χριστὸς</span> <span class='ocrx_word' id='word_1_288' title='bbox 1789 2182 1898 2237; x_wconf 73' lang='grc' dir='ltr'>εἶπε</span> 
     </span>
    </p>
   </div>
   <div class='ocr_carea' id='block_1_40' title="bbox 2066 2182 3684 2260">
    <p class='ocr_par' dir='ltr' id='par_1_40' title="bbox 2071 2185 3684 2258">
     <span class='ocr_line' id='line_1_40' title="bbox 2071 2185 3684 2258; baseline 0.003 -19"><span class='ocrx_word' id='word_1_289' title='bbox 2071 2191 2127 2239; x_wconf 92' lang='lat' dir='ltr'>et</span> <span class='ocrx_word' id='word_1_290' title='bbox 2158 2185 2445 2256; x_wconf 89' lang='lat' dir='ltr'>templum</span> <span class='ocrx_word' id='word_1_291' title='bbox 2474 2186 2793 2241; x_wconf 87' lang='lat' dir='ltr'>dissolvere</span> <span class='ocrx_word' id='word_1_292' title='bbox 2816 2186 3031 2241; x_wconf 89' lang='lat' dir='ltr'>falsum</span> <span class='ocrx_word' id='word_1_293' title='bbox 3052 2186 3165 2242; x_wconf 93' lang='lat' dir='ltr'>fuit</span> <span class='ocrx_word' id='word_1_294' title='bbox 3193 2189 3684 2258; x_wconf 69' lang='lat' dir='ltr'>testimonium“,</span> 
     </span>
    </p>
   </div>
   <div class='ocr_carea' id='block_1_41' title="bbox 288 2269 1906 2346">
    <p class='ocr_par' dir='ltr' id='par_1_41' title="bbox 288 2269 1906 2346">
     <span class='ocr_line' id='line_1_41' title="bbox 288 2269 1906 2346; baseline -0.006 -12"><span class='ocrx_word' id='word_1_295' title='bbox 288 2278 473 2346; x_wconf 70' lang='grc' dir='ltr'>Λύσω,</span> <span class='ocrx_word' id='word_1_296' title='bbox 530 2275 687 2342; x_wconf 69' lang='grc' dir='ltr'>αλλὰ,</span> <span class='ocrx_word' id='word_1_297' title='bbox 746 2298 769 2329; x_wconf 74' lang='grc' dir='ltr'>ι</span> <span class='ocrx_word' id='word_1_298' title='bbox 813 2274 1045 2344; x_wconf 84' lang='grc' dir='ltr'>Λύσατε,</span> <span class='ocrx_word' id='word_1_299' title='bbox 1090 2298 1116 2325; x_wconf 75' lang='grc' dir='ltr'>ι)</span> <span class='ocrx_word' id='word_1_300' title='bbox 1185 2270 1407 2334; x_wconf 82' lang='grc' dir='ltr'>ἐκείνοις</span> <span class='ocrx_word' id='word_1_301' title='bbox 1460 2272 1523 2326; x_wconf 89' lang='grc' dir='ltr'>τὸ</span> <span class='ocrx_word' id='word_1_302' title='bbox 1580 2269 1762 2338; x_wconf 91' lang='grc' dir='ltr'>λῦσαι,</span> <span class='ocrx_word' id='word_1_303' title='bbox 1822 2271 1906 2345; x_wconf 70' lang='grc' dir='ltr'>ού]</span> 
     </span>
    </p>
   </div>
   <div class='ocr_carea' id='block_1_42' title="bbox 2073 2269 3691 2346">
    <p class='ocr_par' dir='ltr' id='par_1_42' title="bbox 2073 2275 3691 2344">
     <span class='ocr_line' id='line_1_42' title="bbox 2073 2275 3691 2344; baseline 0.004 -17"><span class='ocrx_word' id='word_1_304' title='bbox 2073 2289 2255 2344; x_wconf 83' lang='lat' dir='ltr'>neque</span> <span class='ocrx_word' id='word_1_305' title='bbox 2289 2275 2447 2329; x_wconf 91' lang='lat' dir='ltr'>enim</span> <span class='ocrx_word' id='word_1_306' title='bbox 2481 2276 2748 2330; x_wconf 89' lang='lat' dir='ltr'>Christus</span> <span class='ocrx_word' id='word_1_307' title='bbox 2780 2275 3028 2343; x_wconf 83' lang='lat' dir='ltr'>dixerat,</span> <span class='ocrx_word' id='word_1_308' title='bbox 3065 2277 3314 2344; x_wconf 91' lang='lat' dir='ltr'>Solvam,</span> <span class='ocrx_word' id='word_1_309' title='bbox 3352 2278 3475 2344; x_wconf 89' lang='lat' dir='ltr'>sed,</span> <span class='ocrx_word' id='word_1_310' title='bbox 3502 2303 3528 2330; x_wconf 86' lang='lat'><strong>«</strong></span> <span class='ocrx_word' id='word_1_311' title='bbox 3563 2279 3691 2334; x_wconf 90' lang='lat' dir='ltr'>Sol-</span> 
     </span>
    </p>
   </div>
   <div class='ocr_carea' id='block_1_43' title="bbox 289 2357 1907 2440">
    <p class='ocr_par' dir='ltr' id='par_1_43' title="bbox 289 2357 1907 2440">
     <span class='ocr_line' id='line_1_43' title="bbox 289 2357 1907 2440; baseline -0.007 -17"><span class='ocrx_word' id='word_1_312' title='bbox 289 2368 468 2440; x_wconf 74' lang='grc' dir='ltr'>ὲαυτῷ</span> <span class='ocrx_word' id='word_1_313' title='bbox 521 2364 798 2431; x_wconf 65' lang='grc' dir='ltr'>ἀνατιθεὶς,</span> <span class='ocrx_word' id='word_1_314' title='bbox 859 2360 931 2418; x_wconf 80' lang='grc' dir='ltr'>δι’</span> <span class='ocrx_word' id='word_1_315' title='bbox 986 2364 1016 2417; x_wconf 84' lang='lat'>&#39;6</span> <span class='ocrx_word' id='word_1_316' title='bbox 1073 2360 1162 2417; x_wconf 78' lang='grc' dir='ltr'>καὶ</span> <span class='ocrx_word' id='word_1_317' title='bbox 1219 2357 1458 2436; x_wconf 82' lang='grc' dir='ltr'>ψευδεῖς)</span> <span class='ocrx_word' id='word_1_318' title='bbox 1491 2380 1505 2393; x_wconf 75' lang='grc' dir='ltr'>ο</span> <span class='ocrx_word' id='word_1_319' title='bbox 1547 2358 1809 2416; x_wconf 75' lang='grc' dir='ltr'>οὕτωκαὶ</span> <span class='ocrx_word' id='word_1_320' title='bbox 1838 2363 1907 2412; x_wconf 89' lang='grc' dir='ltr'>νῦ·</span> 
     </span>
    </p>
   </div>
   <div class='ocr_carea' id='block_1_44' title="bbox 2069 2357 3687 2440">
    <p class='ocr_par' dir='ltr' id='par_1_44' title="bbox 2069 2361 3687 2439">
     <span class='ocr_line' id='line_1_44' title="bbox 2069 2361 3687 2439; baseline 0.006 -25"><span class='ocrx_word' id='word_1_321' title='bbox 2069 2361 2153 2415; x_wconf 85' lang='lat' dir='ltr'>ite</span> <span class='ocrx_word' id='word_1_322' title='bbox 2172 2362 2240 2429; x_wconf 78' lang='grc'>⁸³,</span> <span class='ocrx_word' id='word_1_323' title='bbox 2275 2383 2302 2411; x_wconf 86' lang='grc'><strong>››</strong></span> <span class='ocrx_word' id='word_1_324' title='bbox 2334 2363 2406 2417; x_wconf 92' lang='lat' dir='ltr'>ad</span> <span class='ocrx_word' id='word_1_325' title='bbox 2438 2363 2593 2431; x_wconf 90' lang='lat' dir='ltr'>illos,</span> <span class='ocrx_word' id='word_1_326' title='bbox 2620 2380 2741 2418; x_wconf 90' lang='lat' dir='ltr'>non</span> <span class='ocrx_word' id='word_1_327' title='bbox 2764 2365 2837 2419; x_wconf 90' lang='lat' dir='ltr'>ad</span> <span class='ocrx_word' id='word_1_328' title='bbox 2860 2382 2920 2419; x_wconf 93' lang='lat' dir='ltr'>se</span> <span class='ocrx_word' id='word_1_329' title='bbox 2948 2366 3211 2421; x_wconf 85' lang='lat' dir='ltr'>referens</span> <span class='ocrx_word' id='word_1_330' title='bbox 3238 2366 3687 2439; x_wconf 86' lang='lat' dir='ltr'>resolutionem)</span> 
     </span>
    </p>
   </div>
   <div class='ocr_carea' id='block_1_45' title="bbox 279 2449 1897 2534">
    <p class='ocr_par' dir='ltr' id='par_1_45' title="bbox 279 2453 1897 2534">
     <span class='ocr_line' id='line_1_45' title="bbox 279 2453 1897 2534; baseline -0.006 -20"><span class='ocrx_word' id='word_1_331' title='bbox 279 2456 519 2534; x_wconf 80' lang='grc' dir='ltr'>ψευδεῖς,</span> <span class='ocrx_word' id='word_1_332' title='bbox 576 2458 625 2513; x_wconf 68' lang='lat' dir='ltr'>oi</span> <span class='ocrx_word' id='word_1_333' title='bbox 679 2461 760 2529; x_wconf 76' lang='grc' dir='ltr'>τῷ</span> <span class='ocrx_word' id='word_1_334' title='bbox 814 2455 1125 2528; x_wconf 83' lang='grc' dir='ltr'>Ναζωραίῳ</span> <span class='ocrx_word' id='word_1_335' title='bbox 1173 2454 1264 2509; x_wconf 90' lang='grc' dir='ltr'>τὸν</span> <span class='ocrx_word' id='word_1_336' title='bbox 1314 2454 1586 2530; x_wconf 76' lang='grc' dir='ltr'>Στέφανον</span> <span class='ocrx_word' id='word_1_337' title='bbox 1634 2453 1897 2529; x_wconf 76' lang='grc' dir='ltr'>φάσκοντε</span> 
     </span>
    </p>
   </div>
   <div class='ocr_carea' id='block_1_46' title="bbox 2075 2449 3693 2534">
    <p class='ocr_par' dir='ltr' id='par_1_46' title="bbox 2075 2452 3693 2525">
     <span class='ocr_line' id='line_1_46' title="bbox 2075 2452 3693 2525; baseline 0.005 -20"><span class='ocrx_word' id='word_1_338' title='bbox 2075 2455 2122 2505; x_wconf 73' lang='lat' dir='ltr'>La</span> <span class='ocrx_word' id='word_1_339' title='bbox 2154 2456 2211 2505; x_wconf 89' lang='lat' dir='ltr'>et</span> <span class='ocrx_word' id='word_1_340' title='bbox 2242 2468 2398 2507; x_wconf 91' lang='lat' dir='ltr'>nunc</span> <span class='ocrx_word' id='word_1_341' title='bbox 2428 2452 2743 2507; x_wconf 89' lang='lat' dir='ltr'>mendaces</span> <span class='ocrx_word' id='word_1_342' title='bbox 2790 2459 2929 2508; x_wconf 90' lang='lat' dir='ltr'>sunt</span> <span class='ocrx_word' id='word_1_343' title='bbox 2976 2454 3077 2524; x_wconf 91' lang='lat' dir='ltr'>qui</span> <span class='ocrx_word' id='word_1_344' title='bbox 3128 2456 3493 2525; x_wconf 87' lang='lat' dir='ltr'>Stephanum</span> <span class='ocrx_word' id='word_1_345' title='bbox 3524 2459 3693 2512; x_wconf 90' lang='lat' dir='ltr'>aiunt</span> 
     </span>
    </p>
   </div>
   <div class='ocr_carea' id='block_1_47' title="bbox 270 2538 1888 2616">
    <p class='ocr_par' dir='ltr' id='par_1_47' title="bbox 270 2539 1883 2616">
     <span class='ocr_line' id='line_1_47' title="bbox 270 2539 1883 2616; baseline -0.006 -14"><span class='ocrx_word' id='word_1_346' title='bbox 270 2549 373 2616; x_wconf 72' lang='grc' dir='ltr'>τήν</span> <span class='ocrx_word' id='word_1_347' title='bbox 403 2544 702 2602; x_wconf 68' lang='grc' dir='ltr'>κατάλυσιν</span> <span class='ocrx_word' id='word_1_348' title='bbox 752 2548 850 2600; x_wconf 89' lang='grc' dir='ltr'>τοῦ</span> <span class='ocrx_word' id='word_1_349' title='bbox 904 2542 1079 2616; x_wconf 89' lang='grc' dir='ltr'>νόμου</span> <span class='ocrx_word' id='word_1_350' title='bbox 1132 2542 1222 2597; x_wconf 83' lang='grc' dir='ltr'>καὶ</span> <span class='ocrx_word' id='word_1_351' title='bbox 1276 2546 1374 2596; x_wconf 91' lang='grc' dir='ltr'>τοῦ</span> <span class='ocrx_word' id='word_1_352' title='bbox 1401 2540 1573 2596; x_wconf 86' lang='grc' dir='ltr'>τόπου</span> <span class='ocrx_word' id='word_1_353' title='bbox 1608 2539 1883 2595; x_wconf 72' lang='grc' dir='ltr'>ἆνατιθένα</span> 
     </span>
    </p>
   </div>
   <div class='ocr_carea' id='block_1_48' title="bbox 2070 2538 3688 2616">
    <p class='ocr_par' dir='ltr' id='par_1_48' title="bbox 2070 2539 3688 2612">
     <span class='ocr_line' id='line_1_48' title="bbox 2070 2539 3688 2612; baseline 0.006 -19"><span class='ocrx_word' id='word_1_354' title='bbox 2070 2539 2187 2611; x_wconf 91' lang='lat' dir='ltr'>egis</span> <span class='ocrx_word' id='word_1_355' title='bbox 2209 2556 2273 2595; x_wconf 88' lang='lat' dir='ltr'>ac</span> <span class='ocrx_word' id='word_1_356' title='bbox 2292 2540 2405 2595; x_wconf 93' lang='lat' dir='ltr'>loci</span> <span class='ocrx_word' id='word_1_357' title='bbox 2429 2541 2875 2597; x_wconf 89' lang='lat' dir='ltr'>demolitionem</span> <span class='ocrx_word' id='word_1_358' title='bbox 2899 2544 3193 2598; x_wconf 82' lang='lat' dir='ltr'>Nazareno</span> <span class='ocrx_word' id='word_1_359' title='bbox 3217 2544 3539 2600; x_wconf 90' lang='lat' dir='ltr'>attribuere</span> <span class='ocrx_word' id='word_1_360' title='bbox 3557 2564 3569 2612; x_wconf 92' lang='lat'>;</span> <span class='ocrx_word' id='word_1_361' title='bbox 3586 2547 3688 2602; x_wconf 75' lang='lat'>59</span> 
     </span>
    </p>
   </div>
   <div class='ocr_carea' id='block_1_49' title="bbox 270 2627 1888 2707">
    <p class='ocr_par' dir='ltr' id='par_1_49' title="bbox 270 2627 1888 2707">
     <span class='ocr_line' id='line_1_49' title="bbox 270 2627 1888 2707; baseline -0.008 -12"><span class='ocrx_word' id='word_1_362' title='bbox 270 2638 368 2695; x_wconf 73' lang='grc' dir='ltr'>Καὶ</span> <span class='ocrx_word' id='word_1_363' title='bbox 423 2641 591 2692; x_wconf 80' lang='grc' dir='ltr'>τοῦτο</span> <span class='ocrx_word' id='word_1_364' title='bbox 646 2640 821 2690; x_wconf 87' lang='grc' dir='ltr'>ποιεῖν</span> <span class='ocrx_word' id='word_1_365' title='bbox 878 2630 1048 2707; x_wconf 74' lang='grc' dir='ltr'>ἄνδρα</span> <span class='ocrx_word' id='word_1_366' title='bbox 1100 2635 1417 2706; x_wconf 85' lang='grc' dir='ltr'>Ναζωραῖον</span> <span class='ocrx_word' id='word_1_367' title='bbox 1468 2628 1722 2696; x_wconf 85' lang='grc' dir='ltr'>δηλονότι</span> <span class='ocrx_word' id='word_1_368' title='bbox 1778 2627 1888 2683; x_wconf 73' lang='grc' dir='ltr'>αύτι</span> 
     </span>
    </p>
   </div>
   <div class='ocr_carea' id='block_1_50' title="bbox 2076 2627 3694 2707">
    <p class='ocr_par' dir='ltr' id='par_1_50' title="bbox 2084 2628 3694 2699">
     <span class='ocr_line' id='line_1_50' title="bbox 2084 2628 3694 2699; baseline 0.003 -16"><span class='ocrx_word' id='word_1_369' title='bbox 2084 2628 2317 2699; x_wconf 91' lang='lat' dir='ltr'>uodque</span> <span class='ocrx_word' id='word_1_370' title='bbox 2345 2630 2431 2683; x_wconf 88' lang='lat' dir='ltr'>vir</span> <span class='ocrx_word' id='word_1_371' title='bbox 2455 2632 2787 2685; x_wconf 86' lang='lat' dir='ltr'>Nazarenus</span> <span class='ocrx_word' id='word_1_372' title='bbox 2820 2631 2941 2686; x_wconf 90' lang='lat' dir='ltr'>suis</span> <span class='ocrx_word' id='word_1_373' title='bbox 2990 2632 3265 2687; x_wconf 84' lang='lat' dir='ltr'>videlicet</span> <span class='ocrx_word' id='word_1_374' title='bbox 3297 2633 3576 2688; x_wconf 88' lang='lat' dir='ltr'>manibus</span> <span class='ocrx_word' id='word_1_375' title='bbox 3606 2634 3694 2689; x_wconf 86' lang='lat' dir='ltr'>fa-</span> 
     </span>
    </p>
   </div>
   <div class='ocr_carea' id='block_1_51' title="bbox 262 2715 1880 2806">
    <p class='ocr_par' dir='ltr' id='par_1_51' title="bbox 262 2715 1877 2806">
     <span class='ocr_line' id='line_1_51' title="bbox 262 2715 1877 2806; baseline -0.006 -25"><span class='ocrx_word' id='word_1_376' title='bbox 262 2726 440 2806; x_wconf 83' lang='grc' dir='ltr'>χειρὶ,</span> <span class='ocrx_word' id='word_1_377' title='bbox 472 2724 566 2781; x_wconf 83' lang='grc' dir='ltr'>καὶ</span> <span class='ocrx_word' id='word_1_378' title='bbox 624 2725 689 2779; x_wconf 83' lang='grc' dir='ltr'>ού</span> <span class='ocrx_word' id='word_1_379' title='bbox 741 2724 870 2779; x_wconf 86' lang='grc' dir='ltr'>Θεὸν</span> <span class='ocrx_word' id='word_1_380' title='bbox 916 2721 1007 2777; x_wconf 80' lang='grc' dir='ltr'>καὶ</span> <span class='ocrx_word' id='word_1_381' title='bbox 1054 2719 1141 2776; x_wconf 81' lang='grc' dir='ltr'>διὰ</span> <span class='ocrx_word' id='word_1_382' title='bbox 1170 2721 1497 2793; x_wconf 69' lang='grc' dir='ltr'>Ῥωμαῖοιῶν</span> <span class='ocrx_word' id='word_1_383' title='bbox 1530 2715 1877 2794; x_wconf 73' lang='grc' dir='ltr'>στρατοπέδω</span> 
     </span>
    </p>
   </div>
   <div class='ocr_carea' id='block_1_52' title="bbox 2069 2715 3687 2806">
    <p class='ocr_par' dir='ltr' id='par_1_52' title="bbox 2069 2720 3687 2792">
     <span class='ocr_line' id='line_1_52' title="bbox 2069 2720 3687 2792; baseline 0.004 -21"><span class='ocrx_word' id='word_1_384' title='bbox 2069 2723 2221 2785; x_wconf 55' lang='grc' dir='ltr'>νει-οι,</span> <span class='ocrx_word' id='word_1_385' title='bbox 2254 2724 2313 2773; x_wconf 93' lang='lat' dir='ltr'>et</span> <span class='ocrx_word' id='word_1_386' title='bbox 2338 2736 2456 2773; x_wconf 90' lang='lat' dir='ltr'>non</span> <span class='ocrx_word' id='word_1_387' title='bbox 2490 2726 2644 2774; x_wconf 90' lang='lat' dir='ltr'>Deus</span> <span class='ocrx_word' id='word_1_388' title='bbox 2676 2720 2855 2775; x_wconf 87' lang='lat' dir='ltr'>etiam</span> <span class='ocrx_word' id='word_1_389' title='bbox 2900 2738 3005 2792; x_wconf 93' lang='lat' dir='ltr'>per</span> <span class='ocrx_word' id='word_1_390' title='bbox 3046 2724 3344 2777; x_wconf 81' lang='lat' dir='ltr'>Romanos</span> <span class='ocrx_word' id='word_1_391' title='bbox 3377 2722 3687 2778; x_wconf 88' lang='lat' dir='ltr'>exercitus.</span> 
     </span>
    </p>
   </div>
   <div class='ocr_carea' id='block_1_53' title="bbox 265 2807 1883 2884">
    <p class='ocr_par' dir='ltr' id='par_1_53' title="bbox 265 2807 1883 2884">
     <span class='ocr_line' id='line_1_53' title="bbox 265 2807 1883 2884; baseline -0.004 -14"><span class='ocrx_word' id='word_1_392' title='bbox 265 2817 351 2874; x_wconf 77' lang='grc' dir='ltr'>Τὰ</span> <span class='ocrx_word' id='word_1_393' title='bbox 407 2812 469 2869; x_wconf 74' lang='grc' dir='ltr'>δὲ</span> <span class='ocrx_word' id='word_1_394' title='bbox 528 2810 813 2873; x_wconf 70' lang='grc' dir='ltr'>Μωῦσέως</span> <span class='ocrx_word' id='word_1_395' title='bbox 879 2809 972 2881; x_wconf 84' lang='grc' dir='ltr'>ἔθη</span> <span class='ocrx_word' id='word_1_396' title='bbox 1030 2807 1333 2884; x_wconf 80' lang='grc' dir='ltr'>προδήλως</span> <span class='ocrx_word' id='word_1_397' title='bbox 1387 2810 1414 2863; x_wconf 82' lang='grc'>6</span> <span class='ocrx_word' id='word_1_398' title='bbox 1465 2808 1627 2871; x_wconf 78' lang='grc' dir='ltr'>αὐτὸς</span> <span class='ocrx_word' id='word_1_399' title='bbox 1660 2810 1810 2872; x_wconf 81' lang='grc' dir='ltr'>θεὸς,</span> <span class='ocrx_word' id='word_1_400' title='bbox 1841 2830 1883 2863; x_wconf 56' lang='grc' dir='ltr'>κη</span> 
     </span>
    </p>
   </div>
   <div class='ocr_carea' id='block_1_54' title="bbox 2072 2807 3690 2884">
    <p class='ocr_par' dir='ltr' id='par_1_54' title="bbox 2072 2808 3690 2884">
     <span class='ocr_line' id='line_1_54' title="bbox 2072 2808 3690 2884; baseline 0.002 -23"><span class='ocrx_word' id='word_1_401' title='bbox 2072 2808 2214 2863; x_wconf 82' lang='lat' dir='ltr'>losis</span> <span class='ocrx_word' id='word_1_402' title='bbox 2240 2825 2374 2863; x_wconf 91' lang='lat' dir='ltr'>vero</span> <span class='ocrx_word' id='word_1_403' title='bbox 2403 2809 2677 2865; x_wconf 89' lang='lat' dir='ltr'>instituta</span> <span class='ocrx_word' id='word_1_404' title='bbox 2705 2810 3017 2866; x_wconf 87' lang='lat' dir='ltr'>manifeste</span> <span class='ocrx_word' id='word_1_405' title='bbox 3050 2812 3202 2867; x_wconf 91' lang='lat' dir='ltr'>Deus</span> <span class='ocrx_word' id='word_1_406' title='bbox 3232 2812 3359 2884; x_wconf 92' lang='lat' dir='ltr'>ipse</span> <span class='ocrx_word' id='word_1_407' title='bbox 3383 2828 3487 2883; x_wconf 93' lang='lat' dir='ltr'>per</span> <span class='ocrx_word' id='word_1_408' title='bbox 3513 2812 3690 2867; x_wconf 59' lang='lat' dir='ltr'>disci.</span> 
     </span>
    </p>
   </div>
   <div class='ocr_carea' id='block_1_55' title="bbox 265 2896 1883 2974">
    <p class='ocr_par' dir='ltr' id='par_1_55' title="bbox 265 2896 1883 2974">
     <span class='ocr_line' id='line_1_55' title="bbox 265 2896 1883 2974; baseline -0.008 -14"><span class='ocrx_word' id='word_1_409' title='bbox 265 2904 357 2961; x_wconf 76' lang='grc' dir='ltr'>διὰ</span> <span class='ocrx_word' id='word_1_410' title='bbox 415 2910 531 2959; x_wconf 78' lang='grc' dir='ltr'>τῶν</span> <span class='ocrx_word' id='word_1_411' title='bbox 600 2902 772 2958; x_wconf 69' lang='grc' dir='ltr'>αὑτοῦ</span> <span class='ocrx_word' id='word_1_412' title='bbox 833 2904 1093 2974; x_wconf 84' lang='grc' dir='ltr'>μαθητῶν</span> <span class='ocrx_word' id='word_1_413' title='bbox 1176 2900 1268 2954; x_wconf 83' lang='grc' dir='ltr'>καὶ</span> <span class='ocrx_word' id='word_1_414' title='bbox 1328 2896 1671 2966; x_wconf 70' lang='grc' dir='ltr'>ἀποστόλων,</span> <span class='ocrx_word' id='word_1_415' title='bbox 1725 2896 1812 2952; x_wconf 80' lang='grc' dir='ltr'>ἐπὶ</span> <span class='ocrx_word' id='word_1_416' title='bbox 1870 2919 1883 2947; x_wconf 68' lang='grc' dir='ltr'>ιι</span> 
     </span>
    </p>
   </div>
   <div class='ocr_carea' id='block_1_56' title="bbox 2069 2896 3687 2974">
    <p class='ocr_par' dir='ltr' id='par_1_56' title="bbox 2069 2896 3687 2971">
     <span class='ocr_line' id='line_1_56' title="bbox 2069 2896 3687 2971; baseline 0.004 -21"><span class='ocrx_word' id='word_1_417' title='bbox 2069 2896 2214 2952; x_wconf 72' lang='grc' dir='ltr'>ιιιιοε</span> <span class='ocrx_word' id='word_1_418' title='bbox 2267 2914 2404 2953; x_wconf 91' lang='lat' dir='ltr'>suos</span> <span class='ocrx_word' id='word_1_419' title='bbox 2465 2905 2523 2953; x_wconf 91' lang='lat' dir='ltr'>et</span> <span class='ocrx_word' id='word_1_420' title='bbox 2580 2900 2879 2971; x_wconf 88' lang='lat' dir='ltr'>apostolos</span> <span class='ocrx_word' id='word_1_421' title='bbox 2910 2901 2971 2955; x_wconf 89' lang='lat' dir='ltr'>in</span> <span class='ocrx_word' id='word_1_422' title='bbox 3022 2901 3237 2956; x_wconf 90' lang='lat' dir='ltr'>melius</span> <span class='ocrx_word' id='word_1_423' title='bbox 3283 2902 3687 2957; x_wconf 87' lang='lat' dir='ltr'>commutavit.</span> 
     </span>
    </p>
   </div>
   <div class='ocr_carea' id='block_1_57' title="bbox 257 2984 1875 3069">
    <p class='ocr_par' dir='ltr' id='par_1_57' title="bbox 257 2984 1875 3069">
     <span class='ocr_line' id='line_1_57' title="bbox 257 2984 1875 3069; baseline -0.006 -18"><span class='ocrx_word' id='word_1_424' title='bbox 257 3000 519 3069; x_wconf 68' lang='grc' dir='ltr'>κρεῖττον</span> <span class='ocrx_word' id='word_1_425' title='bbox 550 2990 890 3062; x_wconf 80' lang='grc' dir='ltr'>ἠΑλοίωσεν.</span> <span class='ocrx_word' id='word_1_426' title='bbox 932 2991 1006 3045; x_wconf 80' lang='lat' dir='ltr'>&#39;l‘6</span> <span class='ocrx_word' id='word_1_427' title='bbox 1054 2987 1130 3059; x_wconf 72' lang='grc' dir='ltr'>δὲ,</span> <span class='ocrx_word' id='word_1_428' title='bbox 1190 2990 1218 3043; x_wconf 92' lang='lat'>6</span> <span class='ocrx_word' id='word_1_429' title='bbox 1272 2992 1609 3061; x_wconf 76' lang='grc' dir='ltr'>Ναζωραῖος,</span> <span class='ocrx_word' id='word_1_430' title='bbox 1644 2984 1875 3042; x_wconf 86' lang='grc' dir='ltr'>ὁνειδιστ</span> 
     </span>
    </p>
   </div>
   <div class='ocr_carea' id='block_1_58' title="bbox 2070 2984 3688 3069">
    <p class='ocr_par' dir='ltr' id='par_1_58' title="bbox 2070 2988 3688 3046">
     <span class='ocr_line' id='line_1_58' title="bbox 2070 2988 3688 3046; baseline 0.004 -7"><span class='ocrx_word' id='word_1_431' title='bbox 2070 2988 2370 3042; x_wconf 82' lang='lat' dir='ltr'>lazarenus</span> <span class='ocrx_word' id='word_1_432' title='bbox 2426 2994 2625 3043; x_wconf 91' lang='lat' dir='ltr'>autem</span> <span class='ocrx_word' id='word_1_433' title='bbox 2682 2990 3111 3044; x_wconf 87' lang='lat' dir='ltr'>contumeliose</span> <span class='ocrx_word' id='word_1_434' title='bbox 3170 2990 3364 3045; x_wconf 91' lang='lat' dir='ltr'>dictus</span> <span class='ocrx_word' id='word_1_435' title='bbox 3404 2998 3510 3045; x_wconf 90' lang='lat' dir='ltr'>est.</span> <span class='ocrx_word' id='word_1_436' title='bbox 3546 2994 3688 3046; x_wconf 89' lang='lat' dir='ltr'>Nam</span> 
     </span>
    </p>
   </div>
   <div class='ocr_carea' id='block_1_59' title="bbox 263 3075 1881 3160">
    <p class='ocr_par' dir='ltr' id='par_1_59' title="bbox 263 3075 1881 3160">
     <span class='ocr_line' id='line_1_59' title="bbox 263 3075 1881 3160; baseline -0.006 -20"><span class='ocrx_word' id='word_1_437' title='bbox 263 3089 401 3146; x_wconf 72' lang='grc' dir='ltr'>κῶς.</span> <span class='ocrx_word' id='word_1_438' title='bbox 467 3079 748 3160; x_wconf 63' lang='grc' dir='ltr'>Στέφανος</span> <span class='ocrx_word' id='word_1_439' title='bbox 805 3076 865 3134; x_wconf 77' lang='grc' dir='ltr'>δὲ</span> <span class='ocrx_word' id='word_1_440' title='bbox 921 3076 1169 3152; x_wconf 79' lang='grc' dir='ltr'>οὐδαμοῦ</span> <span class='ocrx_word' id='word_1_441' title='bbox 1229 3079 1550 3152; x_wconf 82' lang='grc' dir='ltr'>Ναζωραῖον</span> <span class='ocrx_word' id='word_1_442' title='bbox 1604 3075 1789 3151; x_wconf 74' lang='grc' dir='ltr'>ε’ἶρηκε</span> <span class='ocrx_word' id='word_1_443' title='bbox 1842 3098 1881 3131; x_wconf 73' lang='grc' dir='ltr'>τε</span> 
     </span>
    </p>
   </div>
   <div class='ocr_carea' id='block_1_60' title="bbox 2079 3075 3697 3160">
    <p class='ocr_par' dir='ltr' id='par_1_60' title="bbox 2084 3076 3697 3148">
     <span class='ocr_line' id='line_1_60' title="bbox 2084 3076 3697 3148; baseline 0.003 -19"><span class='ocrx_word' id='word_1_444' title='bbox 2084 3076 2374 3147; x_wconf 90' lang='lat' dir='ltr'>tephanus</span> <span class='ocrx_word' id='word_1_445' title='bbox 2400 3094 2774 3148; x_wconf 82' lang='lat' dir='ltr'>nequaquam</span> <span class='ocrx_word' id='word_1_446' title='bbox 2801 3080 3161 3133; x_wconf 84' lang='lat' dir='ltr'>Nazarenum</span> <span class='ocrx_word' id='word_1_447' title='bbox 3195 3079 3342 3133; x_wconf 84' lang='lat' dir='ltr'>dixit</span> <span class='ocrx_word' id='word_1_448' title='bbox 3371 3080 3697 3146; x_wconf 87' lang='lat' dir='ltr'>Christum,</span> 
     </span>
    </p>
   </div>
   <div class='ocr_carea' id='block_1_61' title="bbox 267 3160 1885 3245">
    <p class='ocr_par' dir='ltr' id='par_1_61' title="bbox 267 3160 1885 3245">
     <span class='ocr_line' id='line_1_61' title="bbox 267 3160 1885 3245; baseline -0.008 -17"><span class='ocrx_word' id='word_1_449' title='bbox 267 3169 540 3245; x_wconf 66' lang='grc' dir='ltr'>Χριστὸν,</span> <span class='ocrx_word' id='word_1_450' title='bbox 571 3169 619 3223; x_wconf 80' lang='grc' dir='ltr'>εἰ</span> <span class='ocrx_word' id='word_1_451' title='bbox 657 3168 731 3241; x_wconf 79' lang='grc' dir='ltr'>μὴ</span> <span class='ocrx_word' id='word_1_452' title='bbox 769 3167 818 3221; x_wconf 77' lang='grc' dir='ltr'>οἱ</span> <span class='ocrx_word' id='word_1_453' title='bbox 853 3160 1119 3239; x_wconf 73' lang='grc' dir='ltr'>Ἑϐραίων</span> <span class='ocrx_word' id='word_1_454' title='bbox 1172 3162 1457 3239; x_wconf 82' lang='grc' dir='ltr'>ἄρχοντες.</span> <span class='ocrx_word' id='word_1_455' title='bbox 1511 3162 1684 3223; x_wconf 76' lang='grc' dir='ltr'>Αὐτὸς</span> <span class='ocrx_word' id='word_1_456' title='bbox 1735 3160 1790 3217; x_wconf 76' lang='grc' dir='ltr'>δὲ</span> <span class='ocrx_word' id='word_1_457' title='bbox 1846 3182 1885 3216; x_wconf 79' lang='grc' dir='ltr'>σε</span> 
     </span>
    </p>
   </div>
   <div class='ocr_carea' id='block_1_62' title="bbox 2079 3160 3697 3245">
    <p class='ocr_par' dir='ltr' id='par_1_62' title="bbox 2079 3164 3697 3239">
     <span class='ocr_line' id='line_1_62' title="bbox 2079 3164 3697 3239; baseline 0.002 -20"><span class='ocrx_word' id='word_1_458' title='bbox 2079 3164 2148 3219; x_wconf 89' lang='lat' dir='ltr'>ed</span> <span class='ocrx_word' id='word_1_459' title='bbox 2180 3164 2562 3221; x_wconf 66' lang='lat' dir='ltr'>Hebraeorum</span> <span class='ocrx_word' id='word_1_460' title='bbox 2589 3167 2922 3238; x_wconf 91' lang='lat' dir='ltr'>principes:</span> <span class='ocrx_word' id='word_1_461' title='bbox 2957 3168 3081 3239; x_wconf 91' lang='lat' dir='ltr'>ipse</span> <span class='ocrx_word' id='word_1_462' title='bbox 3108 3167 3511 3223; x_wconf 85' lang='lat' dir='ltr'>venerandum</span> <span class='ocrx_word' id='word_1_463' title='bbox 3540 3185 3697 3223; x_wconf 91' lang='lat' dir='ltr'>sem—</span> 
     </span>
    </p>
   </div>
   <div class='ocr_carea' id='block_1_63' title="bbox 276 3248 1894 3331">
    <p class='ocr_par' dir='ltr' id='par_1_63' title="bbox 276 3250 1894 3331">
     <span class='ocr_line' id='line_1_63' title="bbox 276 3250 1894 3331; baseline -0.006 -17"><span class='ocrx_word' id='word_1_464' title='bbox 276 3256 523 3330; x_wconf 71' lang='grc' dir='ltr'>ϐάσμιον</span> <span class='ocrx_word' id='word_1_465' title='bbox 562 3259 641 3312; x_wconf 63' lang='grc' dir='ltr'>ἀεὶ</span> <span class='ocrx_word' id='word_1_466' title='bbox 689 3257 780 3311; x_wconf 87' lang='grc' dir='ltr'>τὸν</span> <span class='ocrx_word' id='word_1_467' title='bbox 835 3255 1065 3331; x_wconf 84' lang='grc' dir='ltr'>Χριστὸν</span> <span class='ocrx_word' id='word_1_468' title='bbox 1120 3254 1209 3309; x_wconf 80' lang='grc' dir='ltr'>καὶ</span> <span class='ocrx_word' id='word_1_469' title='bbox 1264 3250 1471 3309; x_wconf 85' lang='grc' dir='ltr'>δίκαιον</span> <span class='ocrx_word' id='word_1_470' title='bbox 1505 3252 1607 3307; x_wconf 85' lang='grc' dir='ltr'>ὑπὸ</span> <span class='ocrx_word' id='word_1_471' title='bbox 1636 3255 1894 3325; x_wconf 81' lang='grc' dir='ltr'>προφητᾶ</span> 
     </span>
    </p>
   </div>
   <div class='ocr_carea' id='block_1_64' title="bbox 2078 3248 3696 3331">
    <p class='ocr_par' dir='ltr' id='par_1_64' title="bbox 2078 3254 3696 3328">
     <span class='ocr_line' id='line_1_64' title="bbox 2078 3254 3696 3328; baseline 0.006 -25"><span class='ocrx_word' id='word_1_472' title='bbox 2078 3270 2152 3309; x_wconf 66' lang='grc' dir='ltr'>μει-</span> <span class='ocrx_word' id='word_1_473' title='bbox 2182 3254 2477 3309; x_wconf 85' lang='lat' dir='ltr'>Christum</span> <span class='ocrx_word' id='word_1_474' title='bbox 2509 3270 2576 3309; x_wconf 89' lang='lat' dir='ltr'>ac</span> <span class='ocrx_word' id='word_1_475' title='bbox 2600 3255 2829 3326; x_wconf 91' lang='lat' dir='ltr'>justum</span> <span class='ocrx_word' id='word_1_476' title='bbox 2856 3273 2887 3311; x_wconf 85' lang='lat' dir='ltr'>a</span> <span class='ocrx_word' id='word_1_477' title='bbox 2919 3257 3224 3328; x_wconf 88' lang='lat' dir='ltr'>prophetis</span> <span class='ocrx_word' id='word_1_478' title='bbox 3256 3258 3696 3327; x_wconf 85' lang='lat' dir='ltr'>annuntiatum,</span> 
     </span>
    </p>
   </div>
   <div class='ocr_carea' id='block_1_65' title="bbox 286 3342 1904 3422">
    <p class='ocr_par' dir='ltr' id='par_1_65' title="bbox 286 3342 1904 3422">
     <span class='ocr_line' id='line_1_65' title="bbox 286 3342 1904 3422; baseline -0.004 -20"><span class='ocrx_word' id='word_1_479' title='bbox 286 3345 813 3422; x_wconf 73' lang='grc' dir='ltr'>καταγγελλόμενον,</span> <span class='ocrx_word' id='word_1_480' title='bbox 868 3344 958 3400; x_wconf 89' lang='grc' dir='ltr'>καὶ</span> <span class='ocrx_word' id='word_1_481' title='bbox 1018 3342 1370 3418; x_wconf 80' lang='grc' dir='ltr'>συμπαρόντα</span> <span class='ocrx_word' id='word_1_482' title='bbox 1428 3343 1506 3397; x_wconf 84' lang='grc' dir='ltr'>ἀεὶ</span> <span class='ocrx_word' id='word_1_483' title='bbox 1562 3346 1642 3413; x_wconf 79' lang='grc' dir='ltr'>τῷ</span> <span class='ocrx_word' id='word_1_484' title='bbox 1688 3345 1822 3413; x_wconf 77' lang='grc' dir='ltr'>Θεῷ.</span> <span class='ocrx_word' id='word_1_485' title='bbox 1855 3342 1904 3395; x_wconf 84' lang='grc' dir='ltr'><strong><em>Ὦ</em></strong></span> 
     </span>
    </p>
   </div>
   <div class='ocr_carea' id='block_1_66' title="bbox 2083 3342 3701 3422">
    <p class='ocr_par' dir='ltr' id='par_1_66' title="bbox 2083 3343 3701 3415">
     <span class='ocr_line' id='line_1_66' title="bbox 2083 3343 3701 3415; baseline 0.004 -20"><span class='ocrx_word' id='word_1_486' title='bbox 2083 3347 2286 3413; x_wconf 71' lang='grc' dir='ltr'>ιεοςμιε</span> <span class='ocrx_word' id='word_1_487' title='bbox 2319 3360 2557 3415; x_wconf 90' lang='lat' dir='ltr'>semper</span> <span class='ocrx_word' id='word_1_488' title='bbox 2610 3343 2755 3399; x_wconf 83' lang='lat' dir='ltr'>dixit</span> <span class='ocrx_word' id='word_1_489' title='bbox 2809 3350 3124 3412; x_wconf 90' lang='lat' dir='ltr'>astantem,</span> <span class='ocrx_word' id='word_1_490' title='bbox 3175 3346 3353 3401; x_wconf 89' lang='lat' dir='ltr'>veluti</span> <span class='ocrx_word' id='word_1_491' title='bbox 3399 3347 3579 3402; x_wconf 87' lang='lat' dir='ltr'>etiam</span> <span class='ocrx_word' id='word_1_492' title='bbox 3630 3362 3701 3402; x_wconf 78' lang='lat' dir='ltr'>ex</span> 
     </span>
    </p>
   </div>
   <div class='ocr_carea' id='block_1_67' title="bbox 290 3430 1908 3509">
    <p class='ocr_par' dir='ltr' id='par_1_67' title="bbox 290 3430 1908 3509">
     <span class='ocr_line' id='line_1_67' title="bbox 290 3430 1908 3509; baseline -0.007 -15"><span class='ocrx_word' id='word_1_493' title='bbox 290 3436 467 3508; x_wconf 82' lang='grc' dir='ltr'>δῆλον</span> <span class='ocrx_word' id='word_1_494' title='bbox 516 3437 601 3491; x_wconf 68' lang='grc' dir='ltr'>καὶ</span> <span class='ocrx_word' id='word_1_495' title='bbox 652 3436 756 3492; x_wconf 80' lang='grc' dir='ltr'>ἀπὸ</span> <span class='ocrx_word' id='word_1_496' title='bbox 815 3440 926 3491; x_wconf 81' lang='grc' dir='ltr'>τῶν</span> <span class='ocrx_word' id='word_1_497' title='bbox 987 3434 1372 3509; x_wconf 73' lang='grc' dir='ltr'>προκειμένων</span> <span class='ocrx_word' id='word_1_498' title='bbox 1407 3430 1571 3487; x_wconf 79' lang='grc' dir='ltr'>αὐτοῦ</span> <span class='ocrx_word' id='word_1_499' title='bbox 1604 3430 1804 3507; x_wconf 81' lang='grc' dir='ltr'>λόγων.</span> <span class='ocrx_word' id='word_1_500' title='bbox 1840 3431 1908 3487; x_wconf 74' lang='grc' dir='ltr'>Οἳ</span> 
     </span>
    </p>
   </div>
   <div class='ocr_carea' id='block_1_68' title="bbox 2077 3430 3695 3509">
    <p class='ocr_par' dir='ltr' id='par_1_68' title="bbox 2077 3432 3695 3504">
     <span class='ocr_line' id='line_1_68' title="bbox 2077 3432 3695 3504; baseline 0.004 -19"><span class='ocrx_word' id='word_1_501' title='bbox 2077 3432 2369 3504; x_wconf 59' lang='lat' dir='ltr'>propositis</span> <span class='ocrx_word' id='word_1_502' title='bbox 2398 3433 2527 3504; x_wconf 85' lang='lat' dir='ltr'>ejus</span> <span class='ocrx_word' id='word_1_503' title='bbox 2573 3434 2948 3490; x_wconf 89' lang='lat' dir='ltr'>sermonibus</span> <span class='ocrx_word' id='word_1_504' title='bbox 3002 3435 3389 3491; x_wconf 89' lang='lat' dir='ltr'>manifectum</span> <span class='ocrx_word' id='word_1_505' title='bbox 3421 3442 3528 3499; x_wconf 91' lang='lat' dir='ltr'>est,</span> <span class='ocrx_word' id='word_1_506' title='bbox 3563 3452 3695 3491; x_wconf 90' lang='lat' dir='ltr'>cum</span> 
     </span>
    </p>
   </div>
   <div class='ocr_carea' id='block_1_69' title="bbox 280 3519 1898 3600">
    <p class='ocr_par' dir='ltr' id='par_1_69' title="bbox 280 3519 1898 3600">
     <span class='ocr_line' id='line_1_69' title="bbox 280 3519 1898 3600; baseline -0.009 -16"><span class='ocrx_word' id='word_1_507' title='bbox 280 3531 370 3585; x_wconf 77' lang='grc' dir='ltr'>καί</span> <span class='ocrx_word' id='word_1_508' title='bbox 404 3527 718 3597; x_wconf 78' lang='grc' dir='ltr'>συναπῆλθε</span> <span class='ocrx_word' id='word_1_509' title='bbox 746 3531 846 3583; x_wconf 90' lang='grc' dir='ltr'>τοῦ</span> <span class='ocrx_word' id='word_1_510' title='bbox 909 3530 1203 3600; x_wconf 86' lang='grc' dir='ltr'>μοχθηροῦ</span> <span class='ocrx_word' id='word_1_511' title='bbox 1256 3523 1455 3579; x_wconf 86' lang='grc' dir='ltr'>τούτου</span> <span class='ocrx_word' id='word_1_512' title='bbox 1498 3524 1594 3596; x_wconf 80' lang='grc' dir='ltr'>ζῇν</span> <span class='ocrx_word' id='word_1_513' title='bbox 1627 3519 1898 3585; x_wconf 71' lang='grc' dir='ltr'>ἀπολυθείη</span> 
     </span>
    </p>
   </div>
   <div class='ocr_carea' id='block_1_70' title="bbox 2078 3519 3696 3600">
    <p class='ocr_par' dir='ltr' id='par_1_70' title="bbox 2078 3521 3696 3597">
     <span class='ocr_line' id='line_1_70' title="bbox 2078 3521 3696 3597; baseline 0.004 -23"><span class='ocrx_word' id='word_1_514' title='bbox 2078 3521 2266 3591; x_wconf 81' lang='lat' dir='ltr'>[uibus</span> <span class='ocrx_word' id='word_1_515' title='bbox 2285 3538 2406 3577; x_wconf 92' lang='lat' dir='ltr'>una</span> <span class='ocrx_word' id='word_1_516' title='bbox 2422 3521 2693 3578; x_wconf 86' lang='lat' dir='ltr'>discessit</span> <span class='ocrx_word' id='word_1_517' title='bbox 2710 3522 2781 3577; x_wconf 89' lang='lat' dir='ltr'>ab</span> <span class='ocrx_word' id='word_1_518' title='bbox 2801 3523 2909 3579; x_wconf 90' lang='lat' dir='ltr'>hac</span> <span class='ocrx_word' id='word_1_519' title='bbox 2927 3524 3043 3579; x_wconf 90' lang='lat' dir='ltr'>vita</span> <span class='ocrx_word' id='word_1_520' title='bbox 3060 3524 3354 3597; x_wconf 89' lang='lat' dir='ltr'>ﬂagitiosa</span> <span class='ocrx_word' id='word_1_521' title='bbox 3370 3524 3696 3581; x_wconf 89' lang='lat' dir='ltr'>absolutus.</span> 
     </span>
    </p>
   </div>
   <div class='ocr_carea' id='block_1_71' title="bbox 283 3610 1901 3688">
    <p class='ocr_par' dir='ltr' id='par_1_71' title="bbox 283 3610 1901 3688">
     <span class='ocr_line' id='line_1_71' title="bbox 283 3610 1901 3688; baseline -0.006 -13"><span class='ocrx_word' id='word_1_522' title='bbox 283 3646 309 3669; x_wconf 78' lang='grc' dir='ltr'>ι(</span> <span class='ocrx_word' id='word_1_523' title='bbox 346 3616 664 3676; x_wconf 79' lang='grc' dir='ltr'>Καταλύσει</span> <span class='ocrx_word' id='word_1_524' title='bbox 692 3618 786 3672; x_wconf 89' lang='grc' dir='ltr'>τὸν</span> <span class='ocrx_word' id='word_1_525' title='bbox 813 3616 982 3671; x_wconf 83' lang='grc' dir='ltr'>τόπον</span> <span class='ocrx_word' id='word_1_526' title='bbox 1004 3618 1217 3671; x_wconf 84' lang='grc' dir='ltr'>τοῦτον.</span> <span class='ocrx_word' id='word_1_527' title='bbox 1246 3638 1273 3665; x_wconf 82' lang='grc' dir='ltr'>›ι</span> <span class='ocrx_word' id='word_1_528' title='bbox 1300 3610 1493 3681; x_wconf 84' lang='grc' dir='ltr'>Πολλὴ</span> <span class='ocrx_word' id='word_1_529' title='bbox 1529 3611 1633 3688; x_wconf 61' lang='grc' dir='ltr'>ι(ιὶιρ</span> <span class='ocrx_word' id='word_1_530' title='bbox 1666 3610 1729 3680; x_wconf 77' lang='grc' dir='ltr'>ἦν</span> <span class='ocrx_word' id='word_1_531' title='bbox 1757 3610 1901 3665; x_wconf 72' lang='grc' dir='ltr'>αὐτο</span> 
     </span>
    </p>
   </div>
   <div class='ocr_carea' id='block_1_72' title="bbox 2083 3610 3701 3688">
    <p class='ocr_par' dir='ltr' id='par_1_72' title="bbox 2117 3610 3701 3685">
     <span class='ocr_line' id='line_1_72' title="bbox 2117 3610 3701 3685; baseline 0.002 -21"><span class='ocrx_word' id='word_1_532' title='bbox 2117 3610 2481 3666; x_wconf 92' lang='lat' dir='ltr'>Demolietur</span> <span class='ocrx_word' id='word_1_533' title='bbox 2513 3611 2709 3667; x_wconf 91' lang='lat' dir='ltr'>locum</span> <span class='ocrx_word' id='word_1_534' title='bbox 2760 3612 2938 3667; x_wconf 91' lang='lat' dir='ltr'>hunc.</span> <span class='ocrx_word' id='word_1_535' title='bbox 2972 3636 2991 3662; x_wconf 79' lang='grc' dir='ltr'>ι</span> <span class='ocrx_word' id='word_1_536' title='bbox 3052 3614 3266 3668; x_wconf 91' lang='lat' dir='ltr'>Multus</span> <span class='ocrx_word' id='word_1_537' title='bbox 3299 3614 3597 3685; x_wconf 89' lang='lat' dir='ltr'>siquidem</span> <span class='ocrx_word' id='word_1_538' title='bbox 3630 3614 3701 3667; x_wconf 92' lang='lat' dir='ltr'>de</span> 
     </span>
    </p>
   </div>
   <div class='ocr_carea' id='block_1_73' title="bbox 276 3696 1894 3781">
    <p class='ocr_par' dir='ltr' id='par_1_73' title="bbox 276 3696 1894 3781">
     <span class='ocr_line' id='line_1_73' title="bbox 276 3696 1894 3781; baseline -0.008 -16"><span class='ocrx_word' id='word_1_539' title='bbox 276 3702 539 3765; x_wconf 75' lang='grc' dir='ltr'>εύλαϐεια</span> <span class='ocrx_word' id='word_1_540' title='bbox 567 3706 823 3781; x_wconf 75' lang='grc' dir='ltr'>περὶτοῦ</span> <span class='ocrx_word' id='word_1_541' title='bbox 879 3708 1032 3773; x_wconf 82' lang='grc' dir='ltr'>ναοῦ,</span> <span class='ocrx_word' id='word_1_542' title='bbox 1087 3704 1179 3758; x_wconf 78' lang='grc' dir='ltr'>ἅτε</span> <span class='ocrx_word' id='word_1_543' title='bbox 1236 3700 1325 3757; x_wconf 81' lang='grc' dir='ltr'>καὶ</span> <span class='ocrx_word' id='word_1_544' title='bbox 1371 3704 1643 3774; x_wconf 86' lang='grc' dir='ltr'>μετοικεῖν</span> <span class='ocrx_word' id='word_1_545' title='bbox 1680 3696 1894 3774; x_wconf 88' lang='grc' dir='ltr'>βουλομ</span> 
     </span>
    </p>
   </div>
   <div class='ocr_carea' id='block_1_74' title="bbox 2084 3696 3702 3781">
    <p class='ocr_par' dir='ltr' id='par_1_74' title="bbox 2084 3700 3702 3775">
     <span class='ocr_line' id='line_1_74' title="bbox 2084 3700 3702 3775; baseline 0.002 -21"><span class='ocrx_word' id='word_1_546' title='bbox 2084 3700 2273 3772; x_wconf 86' lang='lat' dir='ltr'>emplo</span> <span class='ocrx_word' id='word_1_547' title='bbox 2306 3700 2427 3755; x_wconf 88' lang='lat' dir='ltr'>illis</span> <span class='ocrx_word' id='word_1_548' title='bbox 2450 3707 2644 3757; x_wconf 91' lang='lat' dir='ltr'>metus</span> <span class='ocrx_word' id='word_1_549' title='bbox 2672 3708 2816 3769; x_wconf 91' lang='lat' dir='ltr'>erat,</span> <span class='ocrx_word' id='word_1_550' title='bbox 2841 3710 2907 3757; x_wconf 91' lang='lat' dir='ltr'>ut</span> <span class='ocrx_word' id='word_1_551' title='bbox 2932 3704 3032 3773; x_wconf 92' lang='lat' dir='ltr'>qui</span> <span class='ocrx_word' id='word_1_552' title='bbox 3056 3704 3235 3758; x_wconf 86' lang='lat' dir='ltr'>etiam</span> <span class='ocrx_word' id='word_1_553' title='bbox 3259 3711 3501 3775; x_wconf 88' lang='lat' dir='ltr'>propter</span> <span class='ocrx_word' id='word_1_554' title='bbox 3531 3704 3702 3769; x_wconf 90' lang='lat' dir='ltr'>illud,</span> 
     </span>
    </p>
   </div>
   <div class='ocr_carea' id='block_1_75' title="bbox 273 3784 1891 3870">
    <p class='ocr_par' dir='ltr' id='par_1_75' title="bbox 273 3784 1890 3870">
     <span class='ocr_line' id='line_1_75' title="bbox 273 3784 1890 3870; baseline -0.006 -17"><span class='ocrx_word' id='word_1_555' title='bbox 273 3822 409 3861; x_wconf 80' lang='grc' dir='ltr'>νοις.</span> <span class='ocrx_word' id='word_1_556' title='bbox 478 3796 670 3862; x_wconf 81' lang='grc' dir='ltr'>Διπλῆ</span> <span class='ocrx_word' id='word_1_557' title='bbox 730 3794 787 3851; x_wconf 74' lang='grc' dir='ltr'>δὲ</span> <span class='ocrx_word' id='word_1_558' title='bbox 845 3793 1149 3870; x_wconf 76' lang='grc' dir='ltr'>κατηγορία</span> <span class='ocrx_word' id='word_1_559' title='bbox 1201 3790 1247 3847; x_wconf 74' lang='grc' dir='ltr'>εί</span> <span class='ocrx_word' id='word_1_560' title='bbox 1300 3790 1522 3863; x_wconf 81' lang='grc' dir='ltr'>ἀλλάξει</span> <span class='ocrx_word' id='word_1_561' title='bbox 1572 3790 1638 3845; x_wconf 74' lang='grc' dir='ltr'>τὰ</span> <span class='ocrx_word' id='word_1_562' title='bbox 1684 3784 1806 3859; x_wconf 75' lang='grc' dir='ltr'>ἔθη,</span> <span class='ocrx_word' id='word_1_563' title='bbox 1857 3809 1890 3843; x_wconf 90' lang='grc' dir='ltr'>κ</span> 
     </span>
    </p>
   </div>
   <div class='ocr_carea' id='block_1_76' title="bbox 2091 3784 3709 3870">
    <p class='ocr_par' dir='ltr' id='par_1_76' title="bbox 2091 3789 3709 3864">
     <span class='ocr_line' id='line_1_76' title="bbox 2091 3789 3709 3864; baseline 0.002 -21"><span class='ocrx_word' id='word_1_564' title='bbox 2091 3806 2251 3845; x_wconf 79' lang='lat' dir='ltr'>)cum</span> <span class='ocrx_word' id='word_1_565' title='bbox 2286 3789 2667 3846; x_wconf 87' lang='lat' dir='ltr'>habitationis</span> <span class='ocrx_word' id='word_1_566' title='bbox 2714 3798 3060 3848; x_wconf 87' lang='lat' dir='ltr'>mutassent.</span> <span class='ocrx_word' id='word_1_567' title='bbox 3098 3794 3321 3864; x_wconf 87' lang='lat' dir='ltr'>Duplex</span> <span class='ocrx_word' id='word_1_568' title='bbox 3353 3800 3550 3848; x_wconf 89' lang='lat' dir='ltr'>autem</span> <span class='ocrx_word' id='word_1_569' title='bbox 3585 3798 3709 3847; x_wconf 87' lang='lat' dir='ltr'>erat</span> 
     </span>
    </p>
   </div>
   <div class='ocr_carea' id='block_1_77' title="bbox 276 3878 1894 3964">
    <p class='ocr_par' dir='ltr' id='par_1_77' title="bbox 276 3878 1894 3964">
     <span class='ocr_line' id='line_1_77' title="bbox 276 3878 1894 3964; baseline -0.008 -19"><span class='ocrx_word' id='word_1_570' title='bbox 276 3887 439 3964; x_wconf 67' lang='grc' dir='ltr'>ἳτερα</span> <span class='ocrx_word' id='word_1_571' title='bbox 501 3886 817 3957; x_wconf 70' lang='grc' dir='ltr'>ἐπεισάξει.</span> <span class='ocrx_word' id='word_1_572' title='bbox 891 3878 1273 3959; x_wconf 76' lang='grc' dir='ltr'>Προεϐάλλετο</span> <span class='ocrx_word' id='word_1_573' title='bbox 1332 3879 1389 3935; x_wconf 76' lang='grc' dir='ltr'>δὲ</span> <span class='ocrx_word' id='word_1_574' title='bbox 1444 3882 1728 3957; x_wconf 81' lang='grc' dir='ltr'>πανταχοῦ</span> <span class='ocrx_word' id='word_1_575' title='bbox 1760 3880 1787 3932; x_wconf 91' lang='lat'>6</span> <span class='ocrx_word' id='word_1_576' title='bbox 1822 3884 1894 3935; x_wconf 87' lang='grc' dir='ltr'>Μι</span> 
     </span>
    </p>
   </div>
   <div class='ocr_carea' id='block_1_78' title="bbox 2089 3878 3707 3964">
    <p class='ocr_par' dir='ltr' id='par_1_78' title="bbox 2092 3879 3707 3949">
     <span class='ocr_line' id='line_1_78' title="bbox 2092 3879 3707 3949; baseline 0.001 -16"><span class='ocrx_word' id='word_1_577' title='bbox 2092 3879 2351 3934; x_wconf 90' lang='lat' dir='ltr'>ccusatio</span> <span class='ocrx_word' id='word_1_578' title='bbox 2376 3897 2387 3933; x_wconf 87' lang='lat'><strong>:</strong></span> <span class='ocrx_word' id='word_1_579' title='bbox 2414 3880 2570 3949; x_wconf 94' lang='lat' dir='ltr'>quod</span> <span class='ocrx_word' id='word_1_580' title='bbox 2593 3881 2864 3935; x_wconf 88' lang='lat' dir='ltr'>instituta</span> <span class='ocrx_word' id='word_1_581' title='bbox 2885 3887 3219 3936; x_wconf 87' lang='lat' dir='ltr'>mutaturus</span> <span class='ocrx_word' id='word_1_582' title='bbox 3243 3888 3483 3939; x_wconf 71' lang='lat' dir='ltr'>essetet</span> <span class='ocrx_word' id='word_1_583' title='bbox 3505 3897 3707 3935; x_wconf 90' lang='lat' dir='ltr'>eorum</span> 
     </span>
    </p>
   </div>
   <div class='ocr_carea' id='block_1_79' title="bbox 278 3965 1896 4050">
    <p class='ocr_par' dir='ltr' id='par_1_79' title="bbox 278 3965 1894 4050">
     <span class='ocr_line' id='line_1_79' title="bbox 278 3965 1894 4050; baseline -0.009 -15"><span class='ocrx_word' id='word_1_584' title='bbox 278 3988 399 4049; x_wconf 79' lang='grc' dir='ltr'>σῆς,</span> <span class='ocrx_word' id='word_1_585' title='bbox 432 3975 635 4046; x_wconf 72' lang='grc' dir='ltr'>ἐπειδὴ</span> <span class='ocrx_word' id='word_1_586' title='bbox 666 3978 734 4031; x_wconf 70' lang='grc' dir='ltr'>τὰ</span> <span class='ocrx_word' id='word_1_587' title='bbox 773 3978 871 4030; x_wconf 90' lang='grc' dir='ltr'>τοῦ</span> <span class='ocrx_word' id='word_1_588' title='bbox 927 3976 1061 4029; x_wconf 83' lang='grc' dir='ltr'>Θεοῦ</span> <span class='ocrx_word' id='word_1_589' title='bbox 1119 3970 1182 4027; x_wconf 84' lang='grc' dir='ltr'>ού</span> <span class='ocrx_word' id='word_1_590' title='bbox 1241 3968 1447 4050; x_wconf 75' lang='grc' dir='ltr'>σφόδρα</span> <span class='ocrx_word' id='word_1_591' title='bbox 1476 3965 1705 4041; x_wconf 82' lang='grc' dir='ltr'>ἔμελλεν</span> <span class='ocrx_word' id='word_1_592' title='bbox 1740 3966 1894 4022; x_wconf 73' lang='grc' dir='ltr'>αύτοῖ</span> 
     </span>
    </p>
   </div>
   <div class='ocr_carea' id='block_1_80' title="bbox 2090 3965 3708 4050">
    <p class='ocr_par' dir='ltr' id='par_1_80' title="bbox 2090 3969 3708 4040">
     <span class='ocr_line' id='line_1_80' title="bbox 2090 3969 3708 4040; baseline 0.002 -18"><span class='ocrx_word' id='word_1_593' title='bbox 2090 3984 2184 4023; x_wconf 77' lang='lat' dir='ltr'>)co</span> <span class='ocrx_word' id='word_1_594' title='bbox 2217 3969 2727 4024; x_wconf 88' lang='lat' dir='ltr'>aliainducturus.</span> <span class='ocrx_word' id='word_1_595' title='bbox 2787 3970 3012 4040; x_wconf 91' lang='lat' dir='ltr'>Ubique</span> <span class='ocrx_word' id='word_1_596' title='bbox 3065 3971 3241 4025; x_wconf 89' lang='lat' dir='ltr'>etiam</span> <span class='ocrx_word' id='word_1_597' title='bbox 3275 3970 3708 4025; x_wconf 87' lang='lat' dir='ltr'>obtendebatur</span> 
     </span>
    </p>
   </div>
   <div class='ocr_carea' id='block_1_81' title="bbox 278 4057 1896 4133">
    <p class='ocr_par' dir='ltr' id='par_1_81' title="bbox 278 4057 1896 4133">
     <span class='ocr_line' id='line_1_81' title="bbox 278 4057 1896 4133; baseline -0.009 -10"><span class='ocrx_word' id='word_1_598' title='bbox 278 4070 351 4131; x_wconf 80' lang='grc' dir='ltr'>ὡς</span> <span class='ocrx_word' id='word_1_599' title='bbox 381 4068 454 4124; x_wconf 74' lang='grc' dir='ltr'>τὰ</span> <span class='ocrx_word' id='word_1_600' title='bbox 484 4061 756 4128; x_wconf 76' lang='grc' dir='ltr'>Μωσέως.</span> <span class='ocrx_word' id='word_1_601' title='bbox 819 4062 1007 4124; x_wconf 71' lang='grc' dir='ltr'>Οὕτως</span> <span class='ocrx_word' id='word_1_602' title='bbox 1065 4060 1212 4123; x_wconf 79' lang='grc' dir='ltr'>ὅλως</span> <span class='ocrx_word' id='word_1_603' title='bbox 1268 4057 1402 4130; x_wconf 83' lang='grc' dir='ltr'>ἔζων</span> <span class='ocrx_word' id='word_1_604' title='bbox 1462 4059 1595 4133; x_wconf 87' lang='grc' dir='ltr'>πρὸς</span> <span class='ocrx_word' id='word_1_605' title='bbox 1642 4057 1813 4132; x_wconf 80' lang='grc' dir='ltr'>μόνην</span> <span class='ocrx_word' id='word_1_606' title='bbox 1844 4057 1896 4112; x_wconf 82' lang='lat'>11&#39;</span> 
     </span>
    </p>
   </div>
   <div class='ocr_carea' id='block_1_82' title="bbox 2087 4057 3705 4133">
    <p class='ocr_par' dir='ltr' id='par_1_82' title="bbox 2087 4057 3705 4131">
     <span class='ocr_line' id='line_1_82' title="bbox 2087 4057 3705 4131; baseline 0.001 -21"><span class='ocrx_word' id='word_1_607' title='bbox 2087 4058 2281 4111; x_wconf 83' lang='lat' dir='ltr'>loses:</span> <span class='ocrx_word' id='word_1_608' title='bbox 2315 4057 2796 4127; x_wconf 90' lang='lat' dir='ltr'>quandoquidem</span> <span class='ocrx_word' id='word_1_609' title='bbox 2830 4059 2931 4112; x_wconf 92' lang='lat' dir='ltr'>Dei</span> <span class='ocrx_word' id='word_1_610' title='bbox 2977 4059 3193 4129; x_wconf 88' lang='lat' dir='ltr'>placita</span> <span class='ocrx_word' id='word_1_611' title='bbox 3237 4076 3358 4114; x_wconf 91' lang='lat' dir='ltr'>non</span> <span class='ocrx_word' id='word_1_612' title='bbox 3391 4076 3557 4131; x_wconf 67' lang='lat' dir='ltr'>aeque</span> <span class='ocrx_word' id='word_1_613' title='bbox 3586 4058 3705 4113; x_wconf 90' lang='lat' dir='ltr'>illis</span> 
     </span>
    </p>
   </div>
   <div class='ocr_carea' id='block_1_83' title="bbox 275 4147 1893 4227">
    <p class='ocr_par' dir='ltr' id='par_1_83' title="bbox 275 4150 880 4227">
     <span class='ocr_line' id='line_1_83' title="bbox 275 4150 880 4227; baseline -0.007 -14"><span class='ocrx_word' id='word_1_614' title='bbox 275 4162 372 4213; x_wconf 78' lang='grc' dir='ltr'>τοῦ</span> <span class='ocrx_word' id='word_1_615' title='bbox 403 4156 671 4227; x_wconf 77' lang='grc' dir='ltr'>πλήθους</span> <span class='ocrx_word' id='word_1_616' title='bbox 700 4150 880 4225; x_wconf 77' lang='grc' dir='ltr'>δόξαν.</span> 
     </span>
    </p>
   </div>
   <div class='ocr_carea' id='block_1_84' title="bbox 2087 4147 3705 4227">
    <p class='ocr_par' dir='ltr' id='par_1_84' title="bbox 2090 4147 3705 4205">
     <span class='ocr_line' id='line_1_84' title="bbox 2090 4147 3705 4205; baseline 0.002 -5"><span class='ocrx_word' id='word_1_617' title='bbox 2090 4162 2212 4201; x_wconf 70' lang='lat' dir='ltr'>ure)</span> <span class='ocrx_word' id='word_1_618' title='bbox 2262 4151 2431 4201; x_wconf 87' lang='lat' dir='ltr'>erant</span> <span class='ocrx_word' id='word_1_619' title='bbox 2486 4152 2551 4201; x_wconf 93' lang='lat' dir='ltr'>ut</span> <span class='ocrx_word' id='word_1_620' title='bbox 2606 4147 2790 4201; x_wconf 89' lang='lat' dir='ltr'>Mosi:</span> <span class='ocrx_word' id='word_1_621' title='bbox 2851 4149 2930 4203; x_wconf 87' lang='lat' dir='ltr'>ita</span> <span class='ocrx_word' id='word_1_622' title='bbox 2978 4149 3050 4203; x_wconf 90' lang='lat' dir='ltr'>ad</span> <span class='ocrx_word' id='word_1_623' title='bbox 3084 4149 3271 4204; x_wconf 89' lang='lat' dir='ltr'>solam</span> <span class='ocrx_word' id='word_1_624' title='bbox 3304 4149 3705 4205; x_wconf 87' lang='lat' dir='ltr'>multitudinis</span> 
     </span>
    </p>
   </div>
   <div class='ocr_carea' id='block_1_85' title="bbox 2055 4235 3195 4309">
    <p class='ocr_par' dir='ltr' id='par_1_85' title="bbox 2055 4235 3195 4309">
     <span class='ocr_line' id='line_1_85' title="bbox 2055 4235 3195 4309; baseline -0.001 -19"><span class='ocrx_word' id='word_1_625' title='bbox 2055 4235 2327 4308; x_wconf 79' lang='lat' dir='ltr'>gloriam,</span> <span class='ocrx_word' id='word_1_626' title='bbox 2358 4236 2533 4291; x_wconf 88' lang='lat' dir='ltr'>vitam</span> <span class='ocrx_word' id='word_1_627' title='bbox 2567 4235 2809 4291; x_wconf 90' lang='lat' dir='ltr'>omnino</span> <span class='ocrx_word' id='word_1_628' title='bbox 2842 4236 3195 4309; x_wconf 85' lang='lat' dir='ltr'>dirigebant.</span> 
     </span>
    </p>
   </div>
   <div class='ocr_carea' id='block_1_86' title="bbox 348 4323 1966 4393">
    <p class='ocr_par' dir='ltr' id='par_1_86' title="bbox 348 4324 1951 4393">
     <span class='ocr_line' id='line_1_86' title="bbox 348 4324 1951 4393; baseline -0.006 -5"><span class='ocrx_word' id='word_1_629' title='bbox 348 4362 379 4388; x_wconf 68' lang='grc' dir='ltr'>κ</span> <span class='ocrx_word' id='word_1_630' title='bbox 414 4334 528 4392; x_wconf 79' lang='grc' dir='ltr'>Καὶ</span> <span class='ocrx_word' id='word_1_631' title='bbox 585 4331 921 4393; x_wconf 77' lang='grc' dir='ltr'>ἀτενίσαντες</span> <span class='ocrx_word' id='word_1_632' title='bbox 978 4328 1054 4391; x_wconf 72' lang='grc' dir='ltr'>εἷς</span> <span class='ocrx_word' id='word_1_633' title='bbox 1112 4327 1270 4383; x_wconf 75' lang='grc' dir='ltr'>αὐτὸν</span> <span class='ocrx_word' id='word_1_634' title='bbox 1330 4327 1557 4389; x_wconf 72' lang='grc' dir='ltr'>ἅπαντες</span> <span class='ocrx_word' id='word_1_635' title='bbox 1617 4326 1668 4380; x_wconf 79' lang='grc' dir='ltr'>οἱ</span> <span class='ocrx_word' id='word_1_636' title='bbox 1724 4324 1951 4393; x_wconf 85' lang='grc' dir='ltr'>καθεζό-</span> 
     </span>
    </p>
   </div>
   <div class='ocr_carea' id='block_1_87' title="bbox 2090 4323 3708 4393">
    <p class='ocr_par' dir='ltr' id='par_1_87' title="bbox 2130 4323 3708 4393">
     <span class='ocr_line' id='line_1_87' title="bbox 2130 4323 3708 4393; baseline 0.004 -16"><span class='ocrx_word' id='word_1_637' title='bbox 2130 4323 2218 4389; x_wconf 89' lang='lat' dir='ltr'>VI,</span> <span class='ocrx_word' id='word_1_638' title='bbox 2254 4327 2359 4390; x_wconf 81' lang='lat' dir='ltr'>l5;</span> <span class='ocrx_word' id='word_1_639' title='bbox 2419 4325 2538 4393; x_wconf 88' lang='lat' dir='ltr'>VII,</span> <span class='ocrx_word' id='word_1_640' title='bbox 2599 4328 2715 4379; x_wconf 83' lang='grc'>1-2.</span> <span class='ocrx_word' id='word_1_641' title='bbox 2778 4345 2798 4373; x_wconf 80' lang='grc' dir='ltr'>ι</span> <span class='ocrx_word' id='word_1_642' title='bbox 2832 4326 2901 4379; x_wconf 89' lang='lat' dir='ltr'>Et</span> <span class='ocrx_word' id='word_1_643' title='bbox 2945 4325 3247 4380; x_wconf 89' lang='lat' dir='ltr'>intuentes</span> <span class='ocrx_word' id='word_1_644' title='bbox 3280 4342 3417 4381; x_wconf 91' lang='lat' dir='ltr'>eum</span> <span class='ocrx_word' id='word_1_645' title='bbox 3448 4328 3708 4383; x_wconf 89' lang='lat' dir='ltr'>universi</span> 
     </span>
    </p>
   </div>
   <div class='ocr_carea' id='block_1_88' title="bbox 284 4412 1902 4499">
    <p class='ocr_par' dir='ltr' id='par_1_88' title="bbox 284 4412 1902 4499">
     <span class='ocr_line' id='line_1_88' title="bbox 284 4412 1902 4499; baseline -0.009 -18"><span class='ocrx_word' id='word_1_646' title='bbox 284 4450 310 4480; x_wconf 74' lang='grc' dir='ltr'>ι</span> <span class='ocrx_word' id='word_1_647' title='bbox 346 4446 505 4499; x_wconf 82' lang='grc' dir='ltr'>μενοι</span> <span class='ocrx_word' id='word_1_648' title='bbox 541 4422 593 4478; x_wconf 74' lang='grc' dir='ltr'>ἑν</span> <span class='ocrx_word' id='word_1_649' title='bbox 651 4421 730 4493; x_wconf 83' lang='grc' dir='ltr'>τῷ</span> <span class='ocrx_word' id='word_1_650' title='bbox 788 4416 1070 4494; x_wconf 87' lang='grc' dir='ltr'>συνεδρίῳ,</span> <span class='ocrx_word' id='word_1_651' title='bbox 1136 4415 1283 4473; x_wconf 72' lang='grc' dir='ltr'>εἶδον</span> <span class='ocrx_word' id='word_1_652' title='bbox 1340 4417 1405 4471; x_wconf 86' lang='grc' dir='ltr'>τὸ</span> <span class='ocrx_word' id='word_1_653' title='bbox 1462 4416 1754 4490; x_wconf 88' lang='grc' dir='ltr'>πρόσωπον</span> <span class='ocrx_word' id='word_1_654' title='bbox 1786 4412 1902 4468; x_wconf 85' lang='grc' dir='ltr'>αύτι</span> 
     </span>
    </p>
   </div>
   <div class='ocr_carea' id='block_1_89' title="bbox 2086 4412 3704 4499">
    <p class='ocr_par' dir='ltr' id='par_1_89' title="bbox 2120 4415 3704 4489">
     <span class='ocr_line' id='line_1_89' title="bbox 2120 4415 3704 4489; baseline 0.003 -19"><span class='ocrx_word' id='word_1_655' title='bbox 2120 4417 2221 4487; x_wconf 91' lang='lat' dir='ltr'>qui</span> <span class='ocrx_word' id='word_1_656' title='bbox 2252 4415 2538 4471; x_wconf 88' lang='lat' dir='ltr'>sedebant</span> <span class='ocrx_word' id='word_1_657' title='bbox 2585 4416 2644 4470; x_wconf 91' lang='lat' dir='ltr'>in</span> <span class='ocrx_word' id='word_1_658' title='bbox 2696 4416 2971 4482; x_wconf 91' lang='lat' dir='ltr'>consilio,</span> <span class='ocrx_word' id='word_1_659' title='bbox 3022 4416 3299 4471; x_wconf 90' lang='lat' dir='ltr'>viderunt</span> <span class='ocrx_word' id='word_1_660' title='bbox 3334 4417 3548 4472; x_wconf 85' lang='lat' dir='ltr'>faciem</span> <span class='ocrx_word' id='word_1_661' title='bbox 3576 4418 3704 4489; x_wconf 86' lang='lat' dir='ltr'>ejus</span> 
     </span>
    </p>
   </div>
   <div class='ocr_carea' id='block_1_90' title="bbox 290 4501 1908 4587">
    <p class='ocr_par' dir='ltr' id='par_1_90' title="bbox 290 4502 1908 4587">
     <span class='ocr_line' id='line_1_90' title="bbox 290 4502 1908 4587; baseline -0.002 -23"><span class='ocrx_word' id='word_1_662' title='bbox 290 4537 312 4564; x_wconf 80' lang='grc' dir='ltr'>ι</span> <span class='ocrx_word' id='word_1_663' title='bbox 346 4514 477 4570; x_wconf 76' lang='grc' dir='ltr'>ὡσεὶ</span> <span class='ocrx_word' id='word_1_664' title='bbox 540 4512 833 4587; x_wconf 89' lang='grc' dir='ltr'>πρόσωπον</span> <span class='ocrx_word' id='word_1_665' title='bbox 892 4504 1148 4584; x_wconf 66' lang='grc' dir='ltr'>ἀγγέλου.</span> <span class='ocrx_word' id='word_1_666' title='bbox 1206 4507 1340 4564; x_wconf 62' lang='lat' dir='ltr'>Eius</span> <span class='ocrx_word' id='word_1_667' title='bbox 1389 4503 1445 4560; x_wconf 67' lang='grc' dir='ltr'>δὲ</span> <span class='ocrx_word' id='word_1_668' title='bbox 1477 4506 1505 4560; x_wconf 92' lang='lat'>6</span> <span class='ocrx_word' id='word_1_669' title='bbox 1539 4502 1848 4579; x_wconf 74' lang='grc' dir='ltr'>ἀρχιερεὺς,</span> <span class='ocrx_word' id='word_1_670' title='bbox 1884 4506 1908 4560; x_wconf 71' lang='grc' dir='ltr'>Ε</span> 
     </span>
    </p>
   </div>
   <div class='ocr_carea' id='block_1_91' title="bbox 2086 4501 3704 4587">
    <p class='ocr_par' dir='ltr' id='par_1_91' title="bbox 2120 4507 3704 4580">
     <span class='ocr_line' id='line_1_91' title="bbox 2120 4507 3704 4580; baseline 0.002 -19"><span class='ocrx_word' id='word_1_671' title='bbox 2120 4512 2404 4578; x_wconf 88' lang='lat' dir='ltr'>tanquam</span> <span class='ocrx_word' id='word_1_672' title='bbox 2454 4507 2667 4563; x_wconf 89' lang='lat' dir='ltr'>faciem</span> <span class='ocrx_word' id='word_1_673' title='bbox 2717 4508 2931 4580; x_wconf 80' lang='lat' dir='ltr'>angeli.</span> <span class='ocrx_word' id='word_1_674' title='bbox 2985 4507 3141 4562; x_wconf 83' lang='lat' dir='ltr'>Dixit</span> <span class='ocrx_word' id='word_1_675' title='bbox 3191 4512 3388 4563; x_wconf 88' lang='lat' dir='ltr'>autem</span> <span class='ocrx_word' id='word_1_676' title='bbox 3427 4508 3704 4580; x_wconf 89' lang='lat' dir='ltr'>princeps</span> 
     </span>
    </p>
   </div>
   <div class='ocr_carea' id='block_1_92' title="bbox 288 4591 1906 4680">
    <p class='ocr_par' dir='ltr' id='par_1_92' title="bbox 288 4591 1446 4680">
     <span class='ocr_line' id='line_1_92' title="bbox 288 4591 1446 4680; baseline -0.007 -23"><span class='ocrx_word' id='word_1_677' title='bbox 288 4630 314 4657; x_wconf 77' lang='grc' dir='ltr'>ιι</span> <span class='ocrx_word' id='word_1_678' title='bbox 345 4604 448 4680; x_wconf 76' lang='grc' dir='ltr'>ἄρα</span> <span class='ocrx_word' id='word_1_679' title='bbox 476 4604 651 4658; x_wconf 89' lang='grc' dir='ltr'>ταῦτα</span> <span class='ocrx_word' id='word_1_680' title='bbox 682 4598 855 4660; x_wconf 74' lang='grc' dir='ltr'>οὕτως</span> <span class='ocrx_word' id='word_1_681' title='bbox 886 4591 1007 4673; x_wconf 76' lang='grc' dir='ltr'>ἔχει</span> <span class='ocrx_word' id='word_1_682' title='bbox 1033 4615 1048 4668; x_wconf 84' lang='grc'><strong>;</strong></span> <span class='ocrx_word' id='word_1_683' title='bbox 1078 4597 1139 4653; x_wconf 82' lang='grc' dir='ltr'>Ὀ</span> <span class='ocrx_word' id='word_1_684' title='bbox 1172 4592 1231 4652; x_wconf 73' lang='grc' dir='ltr'>δὶ</span> <span class='ocrx_word' id='word_1_685' title='bbox 1260 4591 1385 4673; x_wconf 74' lang='grc' dir='ltr'>ἔφη.</span> <span class='ocrx_word' id='word_1_686' title='bbox 1418 4618 1446 4646; x_wconf 82' lang='lat'><strong>»</strong></span> 
     </span>
    </p>
   </div>
   <div class='ocr_carea' id='block_1_93' title="bbox 2087 4591 3705 4680">
    <p class='ocr_par' dir='ltr' id='par_1_93' title="bbox 2122 4595 3705 4653">
     <span class='ocr_line' id='line_1_93' title="bbox 2122 4595 3705 4653; baseline 0.001 -2"><span class='ocrx_word' id='word_1_687' title='bbox 2122 4595 2532 4653; x_wconf 86' lang='lat' dir='ltr'>sacerdotum:</span> <span class='ocrx_word' id='word_1_688' title='bbox 2566 4598 2715 4652; x_wconf 88' lang='lat' dir='ltr'>Num</span> <span class='ocrx_word' id='word_1_689' title='bbox 2766 4597 2892 4651; x_wconf 80' lang='lat' dir='ltr'>haec</span> <span class='ocrx_word' id='word_1_690' title='bbox 2941 4597 3023 4652; x_wconf 90' lang='lat' dir='ltr'>ita</span> <span class='ocrx_word' id='word_1_691' title='bbox 3076 4614 3136 4652; x_wconf 91' lang='lat' dir='ltr'>se</span> <span class='ocrx_word' id='word_1_692' title='bbox 3187 4596 3455 4652; x_wconf 85' lang='lat' dir='ltr'>habent?</span> <span class='ocrx_word' id='word_1_693' title='bbox 3502 4600 3575 4652; x_wconf 86' lang='lat' dir='ltr'>At</span> <span class='ocrx_word' id='word_1_694' title='bbox 3606 4596 3705 4653; x_wconf 91' lang='lat' dir='ltr'>ille</span> 
     </span>
    </p>
   </div>
   <div class='ocr_carea' id='block_1_94' title="bbox 2061 4686 2289 4741">
    <p class='ocr_par' dir='ltr' id='par_1_94' title="bbox 2061 4686 2289 4741">
     <span class='ocr_line' id='line_1_94' title="bbox 2061 4686 2289 4741; baseline 0.009 -5"><span class='ocrx_word' id='word_1_695' title='bbox 2061 4707 2087 4736; x_wconf 80' lang='grc' dir='ltr'>ι(</span> <span class='ocrx_word' id='word_1_696' title='bbox 2118 4686 2219 4741; x_wconf 91' lang='lat' dir='ltr'>ait.</span> <span class='ocrx_word' id='word_1_697' title='bbox 2267 4709 2289 4738; x_wconf 69' lang='grc' dir='ltr'><strong><em>ι</em></strong></span> 
     </span>
    </p>
   </div>
   <div class='ocr_carea' id='block_1_95' title="bbox 365 4748 1983 4854">
    <p class='ocr_par' dir='ltr' id='par_1_95' title="bbox 365 4748 1942 4854">
     <span class='ocr_line' id='line_1_95' title="bbox 365 4748 1942 4854; baseline -0.006 -19"><span class='ocrx_word' id='word_1_698' title='bbox 365 4806 386 4835; x_wconf 84' lang='grc' dir='ltr'>ι</span> <span class='ocrx_word' id='word_1_699' title='bbox 424 4778 593 4841; x_wconf 66' lang='grc' dir='ltr'>Εἶδον</span> <span class='ocrx_word' id='word_1_700' title='bbox 632 4780 695 4835; x_wconf 84' lang='grc' dir='ltr'>τὸ</span> <span class='ocrx_word' id='word_1_701' title='bbox 743 4748 1037 4854; x_wconf 77' lang='grc' dir='ltr'>πρόσωπον</span> <span class='ocrx_word' id='word_1_702' title='bbox 1100 4775 1296 4834; x_wconf 84' lang='grc' dir='ltr'>αύτοῦ.</span> <span class='ocrx_word' id='word_1_703' title='bbox 1337 4798 1366 4825; x_wconf 78' lang='grc' dir='ltr'>ι)</span> <span class='ocrx_word' id='word_1_704' title='bbox 1398 4774 1589 4835; x_wconf 66' lang='grc' dir='ltr'>Οὕτως</span> <span class='ocrx_word' id='word_1_705' title='bbox 1624 4770 1736 4828; x_wconf 73' lang='grc' dir='ltr'>ἔστι</span> <span class='ocrx_word' id='word_1_706' title='bbox 1766 4772 1856 4829; x_wconf 83' lang='grc' dir='ltr'>καὶ</span> <span class='ocrx_word' id='word_1_707' title='bbox 1891 4772 1942 4828; x_wconf 69' lang='grc' dir='ltr'>ἐν</span> 
     </span>
    </p>
   </div>
   <div class='ocr_carea' id='block_1_96' title="bbox 2086 4748 3704 4854">
    <p class='ocr_par' dir='ltr' id='par_1_96' title="bbox 2127 4774 3704 4847">
     <span class='ocr_line' id='line_1_96' title="bbox 2127 4774 3704 4847; baseline 0.004 -22"><span class='ocrx_word' id='word_1_708' title='bbox 2127 4798 2155 4825; x_wconf 89' lang='grc'>‹‹</span> <span class='ocrx_word' id='word_1_709' title='bbox 2191 4774 2473 4830; x_wconf 89' lang='lat' dir='ltr'>Viderunt</span> <span class='ocrx_word' id='word_1_710' title='bbox 2487 4776 2697 4831; x_wconf 88' lang='lat' dir='ltr'>faciem</span> <span class='ocrx_word' id='word_1_711' title='bbox 2713 4776 2761 4847; x_wconf 89' lang='lat' dir='ltr'>ej</span> <span class='ocrx_word' id='word_1_712' title='bbox 2772 4792 2859 4830; x_wconf 89' lang='lat' dir='ltr'>us.</span> <span class='ocrx_word' id='word_1_713' title='bbox 2884 4796 2904 4825; x_wconf 77' lang='grc' dir='ltr'>ι</span> <span class='ocrx_word' id='word_1_714' title='bbox 2929 4775 3013 4830; x_wconf 86' lang='lat' dir='ltr'>Ita</span> <span class='ocrx_word' id='word_1_715' title='bbox 3030 4775 3511 4847; x_wconf 89' lang='lat' dir='ltr'>contingitetiam</span> <span class='ocrx_word' id='word_1_716' title='bbox 3534 4776 3704 4833; x_wconf 87' lang='lat' dir='ltr'>illum</span> 
     </span>
    </p>
   </div>
   <div class='ocr_carea' id='block_1_97' title="bbox 290 4861 1908 4945">
    <p class='ocr_par' dir='ltr' id='par_1_97' title="bbox 290 4861 1908 4945">
     <span class='ocr_line' id='line_1_97' title="bbox 290 4861 1908 4945; baseline -0.007 -17"><span class='ocrx_word' id='word_1_717' title='bbox 290 4872 543 4928; x_wconf 66' lang='grc' dir='ltr'>ἰλᾶττονι</span> <span class='ocrx_word' id='word_1_718' title='bbox 604 4871 799 4945; x_wconf 79' lang='grc' dir='ltr'>βαομῷ</span> <span class='ocrx_word' id='word_1_719' title='bbox 854 4863 1003 4935; x_wconf 77' lang='grc' dir='ltr'>ὄντα,</span> <span class='ocrx_word' id='word_1_720' title='bbox 1053 4863 1308 4944; x_wconf 67' lang='grc' dir='ltr'>ἐπίχαριν</span> <span class='ocrx_word' id='word_1_721' title='bbox 1366 4864 1457 4918; x_wconf 81' lang='grc' dir='ltr'>καὶ</span> <span class='ocrx_word' id='word_1_722' title='bbox 1516 4861 1770 4937; x_wconf 87' lang='grc' dir='ltr'>λαμπρὸν</span> <span class='ocrx_word' id='word_1_723' title='bbox 1826 4862 1908 4937; x_wconf 71' lang='grc' dir='ltr'>όρὲ</span> 
     </span>
    </p>
   </div>
   <div class='ocr_carea' id='block_1_98' title="bbox 2082 4861 3700 4945">
    <p class='ocr_par' dir='ltr' id='par_1_98' title="bbox 2082 4863 3700 4937">
     <span class='ocr_line' id='line_1_98' title="bbox 2082 4863 3700 4937; baseline 0.001 -18"><span class='ocrx_word' id='word_1_724' title='bbox 2082 4864 2157 4934; x_wconf 81' lang='lat' dir='ltr'>[ui</span> <span class='ocrx_word' id='word_1_725' title='bbox 2186 4865 2244 4918; x_wconf 92' lang='lat' dir='ltr'>in</span> <span class='ocrx_word' id='word_1_726' title='bbox 2275 4864 2541 4920; x_wconf 89' lang='lat' dir='ltr'>inferiori</span> <span class='ocrx_word' id='word_1_727' title='bbox 2564 4863 2751 4936; x_wconf 86' lang='lat' dir='ltr'>gradu</span> <span class='ocrx_word' id='word_1_728' title='bbox 2773 4868 2863 4919; x_wconf 88' lang='lat' dir='ltr'>est</span> <span class='ocrx_word' id='word_1_729' title='bbox 2882 4864 3207 4937; x_wconf 89' lang='lat' dir='ltr'>gratiosum</span> <span class='ocrx_word' id='word_1_730' title='bbox 3231 4881 3298 4920; x_wconf 90' lang='lat' dir='ltr'>ac</span> <span class='ocrx_word' id='word_1_731' title='bbox 3322 4865 3700 4937; x_wconf 91' lang='lat' dir='ltr'>splendidum</span> 
     </span>
    </p>
   </div>
   <div class='ocr_carea' id='block_1_99' title="bbox 289 4951 1907 5031">
    <p class='ocr_par' dir='ltr' id='par_1_99' title="bbox 289 4951 1907 5031">
     <span class='ocr_line' id='line_1_99' title="bbox 289 4951 1907 5031; baseline -0.007 -14"><span class='ocrx_word' id='word_1_732' title='bbox 289 4965 434 5019; x_wconf 85' lang='grc' dir='ltr'>σθαι.</span> <span class='ocrx_word' id='word_1_733' title='bbox 465 4962 582 5018; x_wconf 80' lang='grc' dir='ltr'>Ἰνα</span> <span class='ocrx_word' id='word_1_734' title='bbox 612 4956 706 5013; x_wconf 85' lang='grc' dir='ltr'>οῦν</span> <span class='ocrx_word' id='word_1_735' title='bbox 737 4957 1031 5031; x_wconf 84' lang='grc' dir='ltr'>πληγῶσιν</span> <span class='ocrx_word' id='word_1_736' title='bbox 1082 4956 1169 5017; x_wconf 79' lang='grc' dir='ltr'>οἷς</span> <span class='ocrx_word' id='word_1_737' title='bbox 1217 4951 1446 5027; x_wconf 74' lang='grc' dir='ltr'>ἔμελλεν</span> <span class='ocrx_word' id='word_1_738' title='bbox 1487 4952 1650 5026; x_wconf 83' lang='grc' dir='ltr'>ἐρεῖν,</span> <span class='ocrx_word' id='word_1_739' title='bbox 1682 4956 1759 5024; x_wconf 82' lang='grc' dir='ltr'>τῷ</span> <span class='ocrx_word' id='word_1_740' title='bbox 1787 4972 1907 5008; x_wconf 78' lang='grc' dir='ltr'>κατι</span> 
     </span>
    </p>
   </div>
   <div class='ocr_carea' id='block_1_100' title="bbox 2087 4951 3705 5031">
    <p class='ocr_par' dir='ltr' id='par_1_100' title="bbox 2092 4952 3705 5025">
     <span class='ocr_line' id='line_1_100' title="bbox 2092 4952 3705 5025; baseline 0.002 -19"><span class='ocrx_word' id='word_1_741' title='bbox 2092 4952 2260 5008; x_wconf 86' lang='lat' dir='ltr'>ideri.</span> <span class='ocrx_word' id='word_1_742' title='bbox 2319 4954 2390 5008; x_wconf 92' lang='lat' dir='ltr'>Ut</span> <span class='ocrx_word' id='word_1_743' title='bbox 2447 4969 2582 5024; x_wconf 88' lang='lat' dir='ltr'>ergo</span> <span class='ocrx_word' id='word_1_744' title='bbox 2642 4952 3018 5009; x_wconf 88' lang='lat' dir='ltr'>sermonibus</span> <span class='ocrx_word' id='word_1_745' title='bbox 3073 4971 3223 5025; x_wconf 87' lang='lat' dir='ltr'>quos</span> <span class='ocrx_word' id='word_1_746' title='bbox 3282 4955 3548 5011; x_wconf 89' lang='lat' dir='ltr'>dicturus</span> <span class='ocrx_word' id='word_1_747' title='bbox 3581 4960 3705 5009; x_wconf 90' lang='lat' dir='ltr'>erat</span> 
     </span>
    </p>
   </div>
   <div class='ocr_carea' id='block_1_101' title="bbox 286 5039 1904 5121">
    <p class='ocr_par' dir='ltr' id='par_1_101' title="bbox 286 5039 1904 5121">
     <span class='ocr_line' id='line_1_101' title="bbox 286 5039 1904 5121; baseline -0.007 -15"><span class='ocrx_word' id='word_1_748' title='bbox 286 5049 585 5121; x_wconf 85' lang='grc' dir='ltr'>πληκτικῷ</span> <span class='ocrx_word' id='word_1_749' title='bbox 613 5051 711 5103; x_wconf 83' lang='grc' dir='ltr'>τοῦ</span> <span class='ocrx_word' id='word_1_750' title='bbox 766 5046 1065 5121; x_wconf 85' lang='grc' dir='ltr'>προσώπου</span> <span class='ocrx_word' id='word_1_751' title='bbox 1122 5042 1198 5104; x_wconf 81' lang='grc' dir='ltr'>είς</span> <span class='ocrx_word' id='word_1_752' title='bbox 1248 5042 1313 5098; x_wconf 85' lang='grc' dir='ltr'>τὸ</span> <span class='ocrx_word' id='word_1_753' title='bbox 1363 5045 1473 5097; x_wconf 82' lang='grc' dir='ltr'>τῶν</span> <span class='ocrx_word' id='word_1_754' title='bbox 1508 5039 1685 5115; x_wconf 83' lang='grc' dir='ltr'>λόγων</span> <span class='ocrx_word' id='word_1_755' title='bbox 1718 5040 1904 5114; x_wconf 80' lang='grc' dir='ltr'>εὐπαρι</span> 
     </span>
    </p>
   </div>
   <div class='ocr_carea' id='block_1_102' title="bbox 2086 5039 3704 5121">
    <p class='ocr_par' dir='ltr' id='par_1_102' title="bbox 2092 5042 3704 5115">
     <span class='ocr_line' id='line_1_102' title="bbox 2092 5042 3704 5115; baseline -0.001 -18"><span class='ocrx_word' id='word_1_756' title='bbox 2092 5048 2605 5110; x_wconf 88' lang='lat' dir='ltr'>onsternarentur,</span> <span class='ocrx_word' id='word_1_757' title='bbox 2660 5058 2694 5097; x_wconf 88' lang='lat' dir='ltr'>a</span> <span class='ocrx_word' id='word_1_758' title='bbox 2740 5042 2914 5098; x_wconf 84' lang='lat' dir='ltr'>faciei</span> <span class='ocrx_word' id='word_1_759' title='bbox 2973 5050 3235 5115; x_wconf 91' lang='lat' dir='ltr'>stupore,</span> <span class='ocrx_word' id='word_1_760' title='bbox 3297 5062 3412 5115; x_wconf 94' lang='lat' dir='ltr'>quo</span> <span class='ocrx_word' id='word_1_761' title='bbox 3471 5044 3704 5098; x_wconf 88' lang='lat' dir='ltr'>facilius</span> 
     </span>
    </p>
   </div>
   <div class='ocr_carea' id='block_1_103' title="bbox 286 5130 1904 5212">
    <p class='ocr_par' dir='ltr' id='par_1_103' title="bbox 286 5136 883 5212">
     <span class='ocr_line' id='line_1_103' title="bbox 286 5136 883 5212; baseline -0.007 -17"><span class='ocrx_word' id='word_1_762' title='bbox 286 5138 477 5195; x_wconf 80' lang='grc' dir='ltr'>δεκτον</span> <span class='ocrx_word' id='word_1_763' title='bbox 507 5136 835 5212; x_wconf 67' lang='grc' dir='ltr'>προοιμιάζι.</span> <span class='ocrx_word' id='word_1_764' title='bbox 848 5160 883 5191; x_wconf 90' lang='grc' dir='ltr'>ι.</span> 
     </span>
    </p>
   </div>
   <div class='ocr_carea' id='block_1_104' title="bbox 1762 5130 3380 5212">
    <p class='ocr_par' dir='ltr' id='par_1_104' title="bbox 2055 5130 3380 5203">
     <span class='ocr_line' id='line_1_104' title="bbox 2055 5130 3380 5203; baseline 0.002 -18"><span class='ocrx_word' id='word_1_765' title='bbox 2055 5131 2232 5187; x_wconf 89' lang='lat' dir='ltr'>verba</span> <span class='ocrx_word' id='word_1_766' title='bbox 2260 5148 2390 5203; x_wconf 82' lang='lat' dir='ltr'>ejus</span> <span class='ocrx_word' id='word_1_767' title='bbox 2423 5130 2810 5202; x_wconf 86' lang='lat' dir='ltr'>excipiantur,</span> <span class='ocrx_word' id='word_1_768' title='bbox 2844 5132 3025 5188; x_wconf 91' lang='lat' dir='ltr'>sumit</span> <span class='ocrx_word' id='word_1_769' title='bbox 3055 5133 3380 5188; x_wconf 81' lang='lat' dir='ltr'>exordium.</span> 
     </span>
    </p>
   </div>
   <div class='ocr_carea' id='block_1_105' title="bbox 354 5218 1972 5303">
    <p class='ocr_par' dir='ltr' id='par_1_105' title="bbox 354 5218 1692 5303">
     <span class='ocr_line' id='line_1_105' title="bbox 354 5218 1692 5303; baseline -0.006 -22"><span class='ocrx_word' id='word_1_770' title='bbox 354 5253 387 5281; x_wconf 79' lang='grc' dir='ltr'>α</span> <span class='ocrx_word' id='word_1_771' title='bbox 418 5225 652 5303; x_wconf 79' lang='grc' dir='ltr'>’Δνδρες</span> <span class='ocrx_word' id='word_1_772' title='bbox 682 5224 917 5303; x_wconf 77' lang='grc' dir='ltr'>ἀδελφοὶ</span> <span class='ocrx_word' id='word_1_773' title='bbox 946 5223 1036 5279; x_wconf 84' lang='grc' dir='ltr'>καὶ</span> <span class='ocrx_word' id='word_1_774' title='bbox 1066 5222 1313 5297; x_wconf 74' lang='grc' dir='ltr'>πατέρες,</span> <span class='ocrx_word' id='word_1_775' title='bbox 1344 5218 1628 5277; x_wconf 77' lang='grc' dir='ltr'>ἀκούσατε.</span> <span class='ocrx_word' id='word_1_776' title='bbox 1663 5244 1692 5273; x_wconf 83' lang='grc'>››</span> 
     </span>
    </p>
   </div>
   <div class='ocr_carea' id='block_1_106' title="bbox 1565 5218 3183 5303">
    <p class='ocr_par' dir='ltr' id='par_1_106' title="bbox 1565 5220 3183 5291">
     <span class='ocr_line' id='line_1_106' title="bbox 1565 5220 3183 5291; baseline 0.001 -16"><span class='ocrx_word' id='word_1_777' title='bbox 1565 5241 1628 5276; x_wconf 75' lang='grc' dir='ltr'>τε.</span> <span class='ocrx_word' id='word_1_778' title='bbox 1663 5244 1692 5273; x_wconf 84' lang='grc'>››</span> <span class='ocrx_word' id='word_1_779' title='bbox 2129 5244 2157 5273; x_wconf 85' lang='grc'><em>‹‹</em></span> <span class='ocrx_word' id='word_1_780' title='bbox 2188 5220 2302 5275; x_wconf 92' lang='lat' dir='ltr'>Viri</span> <span class='ocrx_word' id='word_1_781' title='bbox 2331 5220 2542 5276; x_wconf 88' lang='lat' dir='ltr'>fratres</span> <span class='ocrx_word' id='word_1_782' title='bbox 2569 5226 2626 5277; x_wconf 91' lang='lat' dir='ltr'>et</span> <span class='ocrx_word' id='word_1_783' title='bbox 2654 5227 2873 5291; x_wconf 87' lang='lat' dir='ltr'>patres,</span> <span class='ocrx_word' id='word_1_784' title='bbox 2906 5222 3125 5277; x_wconf 91' lang='lat' dir='ltr'>audite.</span> <span class='ocrx_word' id='word_1_785' title='bbox 3165 5246 3183 5270; x_wconf 82' lang='grc' dir='ltr'>ι</span> 
     </span>
    </p>
   </div>
   <div class='ocr_carea' id='block_1_107' title="bbox 350 5304 1968 5391">
    <p class='ocr_par' dir='ltr' id='par_1_107' title="bbox 350 5304 1945 5391">
     <span class='ocr_line' id='line_1_107' title="bbox 350 5304 1945 5391; baseline -0.011 -16"><span class='ocrx_word' id='word_1_786' title='bbox 350 5318 495 5391; x_wconf 88' lang='grc' dir='ltr'>Ὅρα</span> <span class='ocrx_word' id='word_1_787' title='bbox 550 5315 711 5371; x_wconf 70' lang='grc' dir='ltr'>αὐτὸν</span> <span class='ocrx_word' id='word_1_788' title='bbox 772 5312 875 5368; x_wconf 78' lang='grc' dir='ltr'>οὐκ</span> <span class='ocrx_word' id='word_1_789' title='bbox 930 5310 1289 5385; x_wconf 64' lang='grc' dir='ltr'>ἐπιτρέχοντα</span> <span class='ocrx_word' id='word_1_790' title='bbox 1343 5312 1423 5381; x_wconf 83' lang='grc' dir='ltr'>τῷ</span> <span class='ocrx_word' id='word_1_791' title='bbox 1483 5304 1773 5376; x_wconf 74' lang='grc' dir='ltr'>διδάσκειν,</span> <span class='ocrx_word' id='word_1_792' title='bbox 1815 5304 1945 5364; x_wconf 82' lang='grc' dir='ltr'>ἀλλ’</span> 
     </span>
    </p>
   </div>
   <div class='ocr_carea' id='block_1_108' title="bbox 2088 5304 3706 5391">
    <p class='ocr_par' dir='ltr' id='par_1_108' title="bbox 2130 5309 3706 5380">
     <span class='ocr_line' id='line_1_108' title="bbox 2130 5309 3706 5380; baseline 0.003 -16"><span class='ocrx_word' id='word_1_793' title='bbox 2130 5309 2267 5365; x_wconf 91' lang='lat' dir='ltr'>Vide</span> <span class='ocrx_word' id='word_1_794' title='bbox 2300 5310 2456 5380; x_wconf 91' lang='lat' dir='ltr'>quod</span> <span class='ocrx_word' id='word_1_795' title='bbox 2487 5326 2547 5365; x_wconf 89' lang='lat' dir='ltr'>se</span> <span class='ocrx_word' id='word_1_796' title='bbox 2578 5310 2651 5365; x_wconf 90' lang='lat' dir='ltr'>ad</span> <span class='ocrx_word' id='word_1_797' title='bbox 2682 5310 3015 5366; x_wconf 91' lang='lat' dir='ltr'>docendum</span> <span class='ocrx_word' id='word_1_798' title='bbox 3068 5327 3187 5365; x_wconf 90' lang='lat' dir='ltr'>non</span> <span class='ocrx_word' id='word_1_799' title='bbox 3228 5310 3567 5378; x_wconf 87' lang='lat' dir='ltr'>inseruerit,</span> <span class='ocrx_word' id='word_1_800' title='bbox 3601 5312 3706 5367; x_wconf 91' lang='lat' dir='ltr'>sed</span> 
     </span>
    </p>
   </div>
   <div class='ocr_carea' id='block_1_109' title="bbox 282 5395 1900 5481">
    <p class='ocr_par' dir='ltr' id='par_1_109' title="bbox 282 5395 1900 5481">
     <span class='ocr_line' id='line_1_109' title="bbox 282 5395 1900 5481; baseline -0.007 -18"><span class='ocrx_word' id='word_1_801' title='bbox 282 5404 719 5481; x_wconf 70' lang='grc' dir='ltr'>ἀναγκαζόμενον</span> <span class='ocrx_word' id='word_1_802' title='bbox 772 5403 877 5459; x_wconf 78' lang='grc' dir='ltr'>ὑπὸ</span> <span class='ocrx_word' id='word_1_803' title='bbox 925 5405 1033 5457; x_wconf 80' lang='grc' dir='ltr'>τῶν</span> <span class='ocrx_word' id='word_1_804' title='bbox 1066 5399 1395 5471; x_wconf 83' lang='grc' dir='ltr'>ζητούντων.</span> <span class='ocrx_word' id='word_1_805' title='bbox 1431 5397 1535 5454; x_wconf 81' lang='grc' dir='ltr'>Καὶ</span> <span class='ocrx_word' id='word_1_806' title='bbox 1565 5395 1752 5466; x_wconf 78' lang='grc' dir='ltr'>ἐπειδὴ</span> <span class='ocrx_word' id='word_1_807' title='bbox 1793 5395 1900 5472; x_wconf 73' lang='grc' dir='ltr'>ἑκρι</span> 
     </span>
    </p>
   </div>
   <div class='ocr_carea' id='block_1_110' title="bbox 2088 5395 3706 5481">
    <p class='ocr_par' dir='ltr' id='par_1_110' title="bbox 2088 5399 3706 5471">
     <span class='ocr_line' id='line_1_110' title="bbox 2088 5399 3706 5471; baseline 0.003 -20"><span class='ocrx_word' id='word_1_808' title='bbox 2088 5399 2126 5454; x_wconf 90' lang='lat' dir='ltr'>b</span> <span class='ocrx_word' id='word_1_809' title='bbox 2160 5399 2251 5453; x_wconf 92' lang='lat' dir='ltr'>his</span> <span class='ocrx_word' id='word_1_810' title='bbox 2282 5399 2383 5469; x_wconf 91' lang='lat' dir='ltr'>qui</span> <span class='ocrx_word' id='word_1_811' title='bbox 2417 5400 2927 5471; x_wconf 83' lang='lat' dir='ltr'>interrogaverunt</span> <span class='ocrx_word' id='word_1_812' title='bbox 2957 5405 3193 5454; x_wconf 77' lang='lat' dir='ltr'>coactus</span> <span class='ocrx_word' id='word_1_813' title='bbox 3218 5400 3313 5453; x_wconf 90' lang='lat' dir='ltr'>sit.</span> <span class='ocrx_word' id='word_1_814' title='bbox 3331 5401 3399 5453; x_wconf 90' lang='lat' dir='ltr'>Et</span> <span class='ocrx_word' id='word_1_815' title='bbox 3421 5401 3706 5470; x_wconf 91' lang='lat' dir='ltr'>quoniam</span> 
     </span>
    </p>
   </div>
   <div class='ocr_carea' id='block_1_111' title="bbox 281 5486 1899 5571">
    <p class='ocr_par' dir='ltr' id='par_1_111' title="bbox 281 5486 1899 5571">
     <span class='ocr_line' id='line_1_111' title="bbox 281 5486 1899 5571; baseline -0.007 -19"><span class='ocrx_word' id='word_1_816' title='bbox 281 5516 365 5553; x_wconf 71' lang='grc' dir='ltr'>ττι</span> <span class='ocrx_word' id='word_1_817' title='bbox 393 5502 472 5569; x_wconf 80' lang='grc' dir='ltr'>τῷ</span> <span class='ocrx_word' id='word_1_818' title='bbox 499 5494 651 5571; x_wconf 75' lang='grc' dir='ltr'>λόγῳ</span> <span class='ocrx_word' id='word_1_819' title='bbox 707 5495 799 5550; x_wconf 75' lang='grc' dir='ltr'>καὶ</span> <span class='ocrx_word' id='word_1_820' title='bbox 854 5495 974 5554; x_wconf 87' lang='grc' dir='ltr'>τοῖς</span> <span class='ocrx_word' id='word_1_821' title='bbox 1033 5488 1308 5563; x_wconf 78' lang='grc' dir='ltr'>σημείοις,</span> <span class='ocrx_word' id='word_1_822' title='bbox 1350 5487 1626 5566; x_wconf 74' lang='grc' dir='ltr'>ἀφόρητος</span> <span class='ocrx_word' id='word_1_823' title='bbox 1655 5487 1724 5557; x_wconf 77' lang='grc' dir='ltr'>ἦν</span> <span class='ocrx_word' id='word_1_824' title='bbox 1757 5486 1899 5541; x_wconf 63' lang='grc' dir='ltr'>αύτοῖ</span> 
     </span>
    </p>
   </div>
   <div class='ocr_carea' id='block_1_112' title="bbox 2087 5486 3705 5571">
    <p class='ocr_par' dir='ltr' id='par_1_112' title="bbox 2090 5486 3705 5558">
     <span class='ocr_line' id='line_1_112' title="bbox 2090 5486 3705 5558; baseline 0.001 -17"><span class='ocrx_word' id='word_1_825' title='bbox 2090 5486 2250 5543; x_wconf 85' lang='lat' dir='ltr'>erbis</span> <span class='ocrx_word' id='word_1_826' title='bbox 2296 5503 2363 5542; x_wconf 91' lang='lat' dir='ltr'>ac</span> <span class='ocrx_word' id='word_1_827' title='bbox 2420 5487 2603 5558; x_wconf 82' lang='lat' dir='ltr'>signis</span> <span class='ocrx_word' id='word_1_828' title='bbox 2660 5488 2952 5557; x_wconf 87' lang='lat' dir='ltr'>vincebat,</span> <span class='ocrx_word' id='word_1_829' title='bbox 3010 5487 3407 5543; x_wconf 92' lang='lat' dir='ltr'>intolerabilis</span> <span class='ocrx_word' id='word_1_830' title='bbox 3440 5489 3522 5544; x_wconf 82' lang='lat' dir='ltr'>eis</span> <span class='ocrx_word' id='word_1_831' title='bbox 3558 5494 3705 5544; x_wconf 87' lang='lat' dir='ltr'>erat.</span> 
     </span>
    </p>
   </div>
   <div class='ocr_carea' id='block_1_113' title="bbox 361 5688 1491 5764">
    <p class='ocr_par' dir='ltr' id='par_1_113' title="bbox 361 5688 1491 5764">
     <span class='ocr_line' id='line_1_113' title="bbox 361 5688 1491 5764; baseline -0.007 -8"><span class='ocrx_word' id='word_1_832' title='bbox 361 5697 407 5735; x_wconf 83' lang='grc'><strong><em>⁸⁸</em></strong></span> <span class='ocrx_word' id='word_1_833' title='bbox 436 5694 643 5757; x_wconf 63' lang='lat' dir='ltr'>Matth.</span> <span class='ocrx_word' id='word_1_834' title='bbox 677 5711 836 5764; x_wconf 73' lang='lat' dir='ltr'>xxvr,</span> <span class='ocrx_word' id='word_1_835' title='bbox 868 5695 960 5748; x_wconf 64' lang='lat' dir='ltr'>ﬁt.</span> <span class='ocrx_word' id='word_1_836' title='bbox 1038 5688 1088 5725; x_wconf 79' lang='grc'>⁸⁷</span> <span class='ocrx_word' id='word_1_837' title='bbox 1116 5690 1281 5747; x_wconf 76' lang='lat' dir='ltr'>Joan.</span> <span class='ocrx_word' id='word_1_838' title='bbox 1313 5704 1370 5758; x_wconf 80' lang='grc' dir='ltr'>ιι,</span> <span class='ocrx_word' id='word_1_839' title='bbox 1406 5689 1491 5748; x_wconf 73' lang='grc' dir='ltr'>ιθ.</span> 
     </span>
    </p>
   </div>
  </div>
