4098 6260
417 323 530 385 131

1537 323 1946 385 CECUMENII
1992 321 2302 383 THICCxE
2346 321 2688 386 EPISCOPl

3731 336 3844 394 132

419 453 656 516 Falsum
706 462 841 511 vero
888 453 1295 511 testimonium
1335 455 1609 511 mercede
1641 457 2059 512 conductorum

2186 451 2249 508 Ἣ
2283 449 2341 534 Si
2370 449 2813 529 ψευδομαρτυρία
2858 458 2965 512 τῶν
3025 455 3400 530 μισθωθέντων
3445 459 3716 537 εἰσήγετο,
3744 461 3832 520 ἵνα

425 546 734 601 inductum
788 551 895 612 est,
945 563 1018 601 ne
1068 546 1348 601 violentia
1391 545 1451 601 in
1501 547 1734 619 negotio
1775 547 2064 603 suboleat.

422 635 723 705 Siquidem
756 636 942 690 Deum
974 651 1094 689 non
1145 635 1452 706 timebant,
1487 637 1590 691 sed
1644 637 1717 691 ad
1759 637 2068 692 hominum

419 724 665 796 gloriam
700 724 1117 795 respiciebant.
1175 726 1275 779 Est
1330 731 1526 780 autem
1560 743 1690 781 vere
1731 728 1968 799 sapiens
2000 743 2068 782 ac

420 816 601 870 animi
632 815 1040 887 magnitudine
1093 816 1338 886 plenum
1389 817 1718 873 exordium.
1752 819 2068 873 Nominum

417 905 638 959 etenim
670 905 1027 976 proprietate
1051 904 1457 960 demonstrare
1481 906 1740 961 intendit
1758 906 2068 977 prudentis

416 1014 537 1053 non
565 1015 715 1064 esse,
741 999 1098 1069 injuriosum
1123 998 1450 1070 quidpiam,
1473 1006 1577 1054 aut
1597 1000 1752 1070 quod
1781 1000 2067 1056 damnum

417 1089 625 1142 afferat
656 1089 933 1143 adversus
964 1089 1173 1143 fratres
1199 1106 1265 1143 ac
1288 1094 1485 1160 patres
1517 1089 1797 1145 inducere
1824 1107 1836 1144 :
1871 1089 1930 1145 id
1960 1107 2067 1145 au-

416 1182 534 1231 tem
558 1179 770 1232 afferre
793 1177 950 1246 quod
969 1183 1026 1230 et
1045 1177 1291 1244 gloriam
1323 1177 1484 1232 novit
1507 1184 1564 1233 et
1586 1179 1814 1234 lucrum
1838 1194 2065 1256 parere,

419 1267 529 1321 hoc
563 1267 802 1321 demum
839 1268 945 1320 viri
980 1273 1069 1321 est
1098 1273 1310 1321 natura
1340 1267 1619 1329 absoluti,
1653 1269 1874 1338 quique
1906 1268 2066 1324 salu-

421 1355 589 1409 tifere
615 1355 688 1410 ad
719 1371 818 1409 eos
850 1355 1114 1426 loquitur
1143 1354 1216 1410 ad
1249 1372 1397 1425 quos
1411 1357 1891 1413 estsermo.Atde
1906 1356 2068 1412 vobis

411 1445 624 1515 inquit,
658 1444 809 1498 nihil
843 1445 958 1499 tale
981 1445 1211 1516 concipi
1236 1451 1468 1516 potest:
1502 1445 1661 1516 quod
1692 1445 1855 1500 enim
1889 1461 2063 1501 voca-

412 1533 592 1588 tionis
615 1534 866 1588 fratrum
889 1550 956 1589 ac
979 1539 1213 1605 patrum
1250 1534 1394 1588 mihi
1416 1535 1572 1590 facta
1593 1535 1670 1590 sit
1691 1536 1793 1590 60
1817 1536 2062 1604 mentio,

414 1621 474 1676 in
505 1623 873 1678 contrarium
899 1623 1078 1694 hujus
1109 1628 1306 1678 actum
1337 1629 1446 1693 est,
1480 1641 1614 1678 cum
1648 1641 1748 1679 vos
1780 1629 2067 1694 tanquam

411 1712 746 1766 communis
769 1717 998 1767 naturae
1021 1712 1237 1768 oblitos
1255 1712 1575 1784 procedere
1597 1713 2066 1769 animadvertam

2188 542 2265 613 μὴ
2301 539 2427 614 δόξῃ
2457 544 2517 596 τὸ
2561 549 2785 620 πρᾶγμα
2839 545 3064 621 ἐπήρεια
3119 548 3278 608 εἶναι.
3309 551 3409 605 Τὸν
3445 553 3539 622 μὲν
3570 552 3671 626 γὰρ
3701 553 3828 608 Θεὸν

2182 632 2282 687 οὐκ
2313 627 2629 710 ἐφοϐοῦντο,
2690 635 2826 710 πρὸς
2887 634 2946 692 δὲ
3000 638 3100 706 τήν
3159 643 3267 694 τῶν
3326 639 3624 714 ἀνθρώπων
3681 638 3834 712 δόξαν

2182 715 2503 781 ἐπέϐλεπον.
2554 723 2729 803 Σοφὸν
2790 722 2846 780 δὲ
2896 729 2975 798 τῷ
3031 727 3146 781 ὂντι
3199 727 3290 782 καὶ
3349 728 3833 809 μεγαλοφροσύνης

2188 811 2383 883 μεστὸν
2414 812 2476 866 τὸ
2507 813 2826 887 προοίμιον.
2861 817 2946 888 Τῇ
3007 816 3114 891 γὰρ
3170 821 3278 871 τῶν
3315 817 3598 890 ὀνομάτων
3632 819 3843 874 οἰκειώο

2183 917 2260 954 σει
2295 899 2555 974 βούλεται
2598 908 2884 977 παριστᾷν,
2945 905 3018 966 ὼς
3076 907 3212 980 πρὸς
3269 906 3397 969 τοὺς
3456 905 3723 986 ἀδελφοὺς
3753 896 3842 962 m3-

2177 992 2417 1065 πατέρας
2458 986 2766 1065 ὑϐριστικόν
2810 1013 2860 1047 τι
2911 993 3000 1049 καὶ
3053 992 3347 1067 ἐπιζήμιον
3380 995 3715 1071 εἰσηγεῖσθαι
3748 996 3846 1052 οὐκ

2181 1075 2471 1153 ἔμφρονος,
2511 1079 2671 1135 Ἀλλ’
2729 1081 2759 1135 ὃ
2814 1082 2904 1136 καὶ
2965 1079 3119 1152 δόξαν
3176 1080 3293 1138 οἶδε
3349 1084 3439 1138 καὶ
3468 1081 3661 1159 κέρδος
3696 1104 3845 1160 περι-

2178 1173 2380 1237 ποιεῖν,
2420 1166 2614 1243 ἀνδρὸς
2671 1173 2832 1224 τοῦτο
2888 1171 2988 1240 τήν
3050 1170 3204 1250 φύσιν
3257 1167 3691 1248 ἐξακριϐοῦντος,
3749 1173 3838 1230 καῖ

2181 1257 2466 1333 σωτηρίως
2517 1263 2634 1320 τοῖς
2688 1259 2822 1334 πρὸς
2883 1259 2977 1322 οὕς
3031 1263 3061 1316 6
3120 1259 3286 1336 λόγος
3327 1261 3838 1340 ἀποφθεγγομένου.

2182 1344 2342 1402 Ἀλλ’
2372 1347 2455 1424 ἐφ’
2486 1348 2636 1421 ὑμῖν,
2669 1349 2857 1426 φησὶν,
2913 1346 3064 1405 οὐδὲν
3114 1345 3225 1406 ἔστι
3280 1356 3503 1407 τοιοῦτο
3531 1358 3841 1410 κατανοεῖν.

2173 1440 2348 1512 .⁶Οπερ
2376 1436 2483 1512 γὰρ
2512 1435 2638 1510 ἐμοὶ
2671 1440 2705 1508 ἡ
2737 1442 2844 1493 τῶν
2892 1437 3140 1520 ἀδελφῶν
3190 1441 3280 1495 καὶ
3309 1442 3556 1516 πατέρων
3593 1437 3843 1499 ὑποϐάλ-

2180 1523 2335 1582 λεται
2365 1525 2588 1596 κλῆσις,
2619 1527 2942 1592 ἀπεναντίας
2990 1528 3210 1598 τούτου,
3239 1527 3423 1606 ὥσπερ
3466 1529 3842 1606 ἐπιλελησμέ-
3923 1541 3927 1544 “

2172 1637 2304 1678 ,νους
2334 1623 2435 1685 τῆς
2468 1622 2655 1685 κοινῆς
2706 1617 2925 1696 ’φύσεως
2978 1623 3294 1694 χωροῦντας
3346 1621 3483 1694 ὑμᾶς
3515 1620 3834 1696 ἀναθεωρῶ,

2178 1704 2276 1763 τοῦ
2332 1709 2468 1782 πρὸς
2535 1709 2684 1780 ἡμᾶς
2758 1705 3074 1783 ἀδιακρίτου
3133 1709 3352 1783 μίσους,
3407 1709 3835 1786 παρευδοκιμεῖν

411 1801 736 1856 indiscreto
789 1817 924 1874 erga
971 1819 1080 1856 nos
1120 1802 1278 1872 odio,
1313 1801 1472 1872 quod
1502 1819 1603 1857 vos
1635 1801 1869 1858 inducit
1898 1803 1972 1859 ad
2004 1819 2059 1859 ea

2181 1795 2538 1870 ἐμποιοῦντος
2597 1797 2724 1871 ὑμῖν
2785 1797 2875 1852 καὶ
2930 1797 3000 1853 τὰ
3044 1798 3179 1872 πρὸς
3238 1799 3383 1854 θείαν
3435 1798 3608 1876 ῥοπὴν
3639 1800 3835 1878 ἀναγό-

411 1907 644 1961 quoque
677 1891 1307 1964 praetergrediendum,
1343 1909 1474 1963 quaa
1506 1892 1579 1947 ad
1610 1891 1870 1948 divinam
1901 1892 2063 1949 refe-

410 1985 624 2034 runtur
655 1983 997 2050 potentiam.
1033 1982 1178 2035 Nam
1211 1986 1274 2036 ut
1306 1987 1521 2037 caetera
1550 1982 2064 2045 omittam,horum

409 2069 573 2124 vobis
606 2072 955 2125 memoriam
981 2087 1249 2143 suggero,
1277 2089 1408 2142 qua:
1435 2088 1554 2126 non
1585 2071 1712 2127 sine
1737 2072 1934 2127 divina
1958 2089 2062 2144 po-

405 2159 593 2214 tentia
645 2160 826 2214 tinem
887 2161 1239 2220 sortiuntur.
1301 2163 1631 2234 signorum,
1688 2163 1954 2233 inquam,
1995 2178 2063 2217 ac

406 2247 808 2319 prodigiorum
853 2266 959 2321 per
1015 2267 1124 2305 nos
1180 2250 1498 2319 editorum,
1546 2267 1798 2321 quorum
1855 2255 1913 2304 et
1962 2267 2061 2305 vos

408 2343 588 2392 testes
620 2339 781 2403 estis,
817 2355 948 2408 quas
984 2355 1104 2393 non
1138 2339 1254 2393 alio
1287 2339 1464 2394 modo
1503 2355 1854 2411 prosperum
1884 2341 2060 2395 sorti-

405 2432 616 2482 rentur
647 2429 944 2484 effectum.
1008 2428 1118 2483 Sed
1177 2435 1491 2500 postquam
1548 2430 1912 2501 Stephanum
1956 2447 2062 2502 per

403 2515 656 2570 fratrum
687 2532 754 2571 ac
799 2522 1035 2588 patrum
1097 2519 1582 2590 appellationem,
1636 2519 1760 2574 haec
1809 2519 2058 2574 obscure

2181 1905 2329 1957 μενα.
2361 1887 2470 1941 "Iv:
2498 1886 2603 1960 γὰρ
2633 1886 2680 1940 τ’
2709 1885 2855 1942 ἄλλα
2883 1886 3059 1967 ἀφεὶς,
3104 1889 3202 1957 τὴν
3251 1890 3459 1944 τούτων
3490 1889 3616 1963 ὑμῖν
3642 1889 3832 1955 ἀναθῶ

2175 1977 2424 2049 μνήμην,
2458 1976 2491 2030 di
2519 1976 2663 2040 Θείας
2701 1977 2799 2032 οὐκ
2828 1975 3034 2051 ἄμοιρα
3081 1977 3242 2040 τέλος
3301 1981 3468 2035 θεῖναι
3522 1981 3726 2054 ῥοπῆς,
3769 1981 3835 2036 τὰ

2175 2061 2244 2118 δι’
2301 2067 2460 2137 ἡμῶν
2518 2087 2662 2141 φημι
2725 2072 2929 2139 σημεῖα
2985 2068 3074 2122 καὶ
3129 2067 3347 2143 τέρατα,
3393 2071 3468 2124 ὧν
3519 2069 3610 2124 καὶ
3671 2071 3834 2142 ὑμεῖς

2180 2152 2466 2228 μάρτυρες,
2528 2153 2627 2209 οὐκ
2707 2153 2894 2216 ἄλλως
2981 2154 3305 2232 ἐνεργεῖσθαι
3365 2156 3831 2232 κατευοδοόμενα.

2171 2232 2350 2298 Ἀλλὰ
2403 2247 2570 2298 ταῦτα
2629 2240 2718 2297 διὰ
2771 2250 2871 2314 τῆς
2906 2254 2908 2256 ’
2940 2249 3049 2299 τῶν
3123 2243 3373 2321 ἀδελφῶν
3433 2245 3524 2302 καὶ
3578 2249 3834 2322 πατέρων

2172 2331 2879 2405 ὑπαίνιξάμενοννκλήσιως
2929 2336 3199 2409 Στέφανον
3253 2335 3671 2414 κατειληφότες,
3709 2355 3841 2393 σκο“

2169 2427 2358 2496 πῶμεν
2409 2420 2517 2494 ἤδη
2577 2424 2664 2478 καὶ
2715 2423 2781 2478 τὰ
2839 2423 2975 2498 πρὸς
3030 2423 3247 2487 τούτοις
3280 2426 3348 2480 οὐ
3380 2426 3517 2480 κατὰ
3543 2428 3602 2482 τὸ
3632 2427 3835 2504 τυχὸν,

2172 2513 2318 2572 ἆλλᾶ
2349 2515 2483 2588 μετὰ
2517 2513 2737 2584 πολλῆς
2770 2515 2994 2588 κείμενα
3021 2522 3124 2585 τῆς
3157 2515 3340 2571 ἐνθέου
3373 2517 3581 2596 σοφίας.

408 2603 819 2676 designantem
852 2607 1256 2677 comperimus
1282 2625 1293 2660 :
1328 2624 1487 2662 nunc
1518 2607 1697 2661 etiam
1729 2607 2176 2663 consideremus
2209 2623 2340 2678 qua)
2383 2605 2476 2660 his
2526 2605 2726 2660 addita
2759 2611 2898 2661 sunt
2924 2623 3045 2661 non
3077 2606 3304 2678 vulgari
3336 2608 3536 2676 modo,
3560 2607 3662 2664 sed
3693 2625 3839 2666 cum

407 2709 622 2764 magna
647 2710 715 2748 ac
745 2694 1026 2749 divinitus
1058 2695 1260 2750 afﬂata
1291 2697 1602 2766 sapientia.

479 2783 599 2847 VII,
659 2785 768 2837 2-5.
831 2784 985 2837 Deus
1047 2783 1246 2854 gloriae
1306 2785 1582 2856 apparuit
1647 2785 1799 2855 patri
1857 2791 2061 2840 nostro

411 2868 790 2938 «Abraham,
846 2888 981 2926 cum
1033 2876 1190 2926 esset
1246 2873 1306 2927 in
1364 2874 1802 2945 Mesopotamia,
1866 2874 2064 2945 prius-

413 2979 443 3008 ιι
475 2974 654 3028 quam
687 2959 979 3015 habitaret
1039 2962 1101 3016 in
1159 2961 1443 3030 Charran,
1477 2963 1743 3034 dixitque
1785 2964 1859 3018 ad
1893 2979 2027 3018 eum
2055 2980 2068 3018 :

2252 2783 2368 2839 ιὉ
2423 2783 2552 2844 Θεὸς
2611 2788 2712 2851 τῆς
2775 2778 2939 2852 δοςης
3025 2780 3181 2862 ὣφθη
3260 2788 3340 2856 τῷ
3421 2785 3587 2859 πατρὶ
3655 2787 3826 2858 ἡμῶν

2178 2895 2206 2924 ιι
2236 2867 2488 2946 Ἀϐραὰμ
2519 2866 2633 2926 ὄντι
2677 2869 2728 2925 έν
2778 2875 2847 2945 τῇ
2901 2871 3313 2945 Μεσοποταμίᾳ,
3347 2874 3466 2949 πρὶν
3501 2875 3538 2944 ἢ
3568 2881 3839 2945 κατοικῆ-

2171 2983 2201 3011 ιι
2234 2980 2322 3014 σαι
2353 2959 2513 3018 αὐτὸν
2543 2957 2596 3014 ἐν
2627 2957 2872 3034 Χαῤῥὰν,
2902 2960 2992 3015 καὶ
3047 2961 3165 3016 εἶπε
3212 2960 3347 3036 πρὸς
3379 2961 3560 3018 αὐτόν·
3595 2961 3829 3032 Ἔξελθε

408 3068 437 3098 ιι
471 3047 761 3119 Egredere
793 3049 865 3103 de
905 3055 1064 3105 terra
1110 3056 1210 3106 tua
1257 3057 1314 3106 et
1357 3052 1430 3106 de
1478 3053 1828 3125 cognatione
1859 3058 1980 3116 tua,
2014 3059 2059 3108 et

2178 3072 2199 3100 ι
2236 3048 2295 3105 ἐκ
2321 3056 2421 3118 τῆς
2476 3056 2577 3124 γῆς
2637 3070 2754 3117 σου,
2811 3049 2904 3105 καὶ
2959 3048 3020 3105 ἐκ
3074 3054 3174 3124 τῇς
3233 3051 3543 3127 συγγενείας
3586 3072 3704 3121 σου,
3735 3052 3836 3108 καὶ

408 3159 437 3187 ‹‹
471 3138 605 3192 veni
637 3138 698 3192 in
727 3144 943 3194 terram
976 3157 1394 3212 quamcunque
1427 3141 1743 3197 ostendero
1767 3142 2061 3198 tibi.Tunc

415 3248 434 3275 ιι
473 3243 745 3298 egressus
773 3229 844 3284 de
869 3235 1026 3285 terra
1047 3231 1457 3287 Chaldaeorum
1483 3232 1767 3287 habitavit
1789 3232 1849 3286 in
1883 3233 2058 3288 Char-

409 3338 438 3364 «
472 3332 579 3370 ran
606 3333 618 3370 :
652 3321 712 3370 et
741 3318 899 3385 inde,
934 3327 1249 3390 postquam
1295 3327 1564 3376 mortuus
1595 3326 1685 3376 est
1715 3327 1881 3392 pater
1912 3323 2061 3392 ejus,

415 3425 437 3453 σ
471 3408 777 3461 transtulit
807 3425 942 3464 eum
977 3410 1037 3464 in
1071 3417 1287 3466 terram
1315 3413 1489 3476 hanc,
1523 3413 1583 3466 in
1625 3429 1742 3483 qua
1771 3430 1871 3468 vos
1902 3429 2062 3468 nunc

409 3517 436 3544 ‹‹
469 3495 771 3562 habitatis,
805 3503 863 3553 et
893 3515 1012 3552 non
1069 3499 1233 3554 dedit
1289 3500 1376 3554 illi
1436 3501 1844 3557 haereditatem
1877 3503 1938 3556 in
1970 3519 2060 3570 ea,

405 3605 434 3635 «
468 3601 544 3640 ne
576 3586 886 3658 vestigium
921 3588 1162 3658 quidem
1196 3589 1384 3660 pedis.
1423 3611 1447 3642 ιι

476 3674 621 3730 Vide
655 3681 713 3731 et
771 3677 866 3731 hic
921 3677 1220 3748 quomodo
1264 3679 1462 3734 statim
1515 3680 1588 3734 ab
1631 3679 1872 3735 exordio
1905 3679 2063 3734 tollit

404 3781 610 3820 eorum
633 3765 904 3839 gloriam,
925 3765 1235 3822 referendo
1256 3767 1504 3839 gloriam
1528 3785 1648 3823 non
1671 3769 1745 3823 ad
1773 3769 2058 3840 templum

403 3869 597 3926 neque
630 3855 704 3910 ad
721 3864 988 3928 gentem,
1020 3857 1122 3912 sed
1153 3857 1226 3912 ad
1259 3857 1450 3912 solum
1484 3858 1689 3912 Deum.
1724 3861 1867 3914 Nam
1898 3858 2058 3929 quod

401 3945 487 3998 ait
514 3947 653 4000 Deus
684 3946 903 4014 glorias,
939 3945 1097 4000 idem
1139 3953 1228 4000 est
1283 3964 1350 4003 ac
1403 3949 1452 4003 si
1512 3948 1731 4004 dictum
1772 3948 1867 4014 sit,
1904 3949 2056 4004 Deus

401 4033 786 4104 gloriﬁcatus.
822 4035 924 4088 Hic
983 4043 1179 4091 autem
1239 4035 1394 4092 Deus
1452 4039 1816 4111 glorificatus
1863 4044 1952 4094 est
1987 4055 2055 4094 eo

401 4121 561 4190 quod
592 4123 640 4176 is
673 4123 773 4192 qui
806 4140 876 4178 ex
907 4125 1204 4196 perplexis
1247 4143 1314 4182 ac
1355 4127 1701 4183 difficilibus
1744 4127 2056 4184 commoda

397 4209 541 4264 facit
572 4217 629 4264 et
656 4210 873 4278 facilia,
909 4221 1086 4285 atque
1119 4233 1189 4270 ex
1221 4216 1490 4288 ingloriis
1517 4216 1712 4272 reddit
1741 4217 2051 4288 gloriosos,

401 4299 578 4353 etiam
611 4317 720 4356 nos
753 4302 901 4358 tales
925 4304 1161 4359 efficiet.
1189 4305 1491 4374 Siquidem
1521 4306 1621 4376 qui
1646 4306 1940 4361 immensa
1960 4322 2052 4361 sa-

399 4390 626 4460 pientia
654 4390 996 4446 hominibus
1027 4408 1060 4446 a
1093 4393 1309 4447 saeculo
1361 4394 1692 4464 imperavit,
1735 4395 1894 4450 idem
1925 4397 2050 4467 ipse

398 4493 559 4533 nunc
591 4494 660 4533 ea
691 4495 821 4549 qua:
855 4478 946 4532 his
978 4479 1099 4533 visa
1129 4484 1269 4533 sunt
1298 4480 1708 4551 impossibilia,
1743 4482 1817 4536 ad
1855 4481 2048 4537 facili-

2174 3164 2203 3191 «
2236 3137 2392 3214 δεῦρο
2437 3138 2512 3200 εἰς
2563 3144 2685 3215 γῆν,
2737 3135 2803 3208 ἤν
2864 3137 2923 3194 ἄν
2985 3149 3070 3194 σοι
3129 3137 3306 3212 δείξω.
3340 3140 3476 3198 Τότε
3505 3139 3735 3211 ἐξελθὼν
3771 3141 3838 3197 ἔκ

2183 3250 2205 3279 ι
2240 3235 2346 3303 γῆς
2407 3224 2722 3297 Χαλδαίων,
2781 3228 3099 3301 κατῴκησεν
3169 3227 3221 3283 ἑν
3280 3229 3523 3306 Χαρῥάν.
3587 3230 3841 3287 Κάκεῖθεν

2172 3341 2200 3370 ιι
2237 3318 2371 3391 μετὰ
2430 3320 2493 3372 τὸ
2557 3318 2845 3372 ἀποθανεῖν
2900 3318 2995 3372 τὸν
3051 3319 3256 3393 πατέρα
3311 3319 3479 3374 αὐτοῦ
3534 3320 3839 3393 μετῴκισεν

2171 3429 2200 3456 ιι
2233 3405 2390 3461 αὐτὸν
2423 3406 2499 3468 εἰς
2528 3407 2628 3476 τῆν
2676 3413 2777 3480 γῆν
2805 3404 3010 3478 ταύτην
3043 3407 3119 3469 εἶς
3166 3404 3233 3475 ἤν
3285 3407 3443 3480 ὑμεῖς
3493 3411 3584 3462 νῦν
3639 3428 3836 3464 κατοι-

2175 3518 2202 3548 ιι
2233 3501 2396 3552 κεῖτε.
2449 3497 2544 3551 Καὶ
2598 3496 2699 3551 οὐκ
2754 3493 2952 3552 ἔδωκεν
3000 3496 3150 3566 αὐτῷ
3179 3493 3553 3571 κληρονομίαν
3585 3494 3640 3552 ἐν
3666 3498 3833 3573 αὐτῇ,

2171 3607 2198 3635 ιι
2233 3579 2357 3638 οὐδὲ
2389 3585 2546 3658 βῆμα
2575 3581 2766 3646 ποδός.
2801 3609 2831 3636 ››

2235 3674 2374 3747 Ὅρα
2429 3673 2698 3728 κάνταῦθα
2748 3677 2870 3736 πῶς
2947 3672 3007 3729 έκ
3065 3677 3375 3749 προοιμίων
3406 3675 3504 3743 τήν
3555 3671 3710 3744 δόξαν
3745 3675 3837 3729 αὐ-

2168 3765 2280 3817 τῶν
2315 3762 2585 3836 καθαιρεῖ,
2640 3763 2738 3829 τήν
2799 3759 2954 3832 δόξαν
3014 3763 3080 3818 οὗ
3131 3767 3213 3836 τῷ
3266 3768 3398 3836 ναῷ,
3448 3765 3512 3818 οὐ
3569 3767 3648 3835 τῷ
3693 3758 3836 3819 ἔθνει

2164 3849 2610 3919 ἀνατιθεὶς,ἀλλᾶ
2635 3851 2788 3924 μόνῳ
2810 3851 2946 3924 Θεῷ.
2970 3851 3046 3908 Τὸ
3067 3851 3193 3926 γὰρ,
3219 3875 3246 3903 ιι
3271 3853 3299 3906 6
3322 3851 3452 3915 Θεὸς
3471 3859 3572 3922 τῆς
3596 3850 3780 3923 δόξης,
3803 3875 3833 3903 ιο

2173 3941 2202 3964 ﬂ
2275 3943 2288 3958 ι
2421 3947 2445 3958 ~
2571 3940 2595 3960 ﬂ
2633 3941 2656 3960 ἢ
2847 3948 2855 3963 ι
3047 3943 3070 3976 η’
3564 3944 3588 3960 ν
3723 3942 3763 3960 ιν

2167 3964 2290 3997 αντι
2352 3964 2473 4013 του,
2507 3944 2534 3998 6
2567 3945 2978 4018 οεοοξοσμενος,
3018 3964 3250 4019 ειρηται,
3308 3946 3456 4008 Θεός.
3513 3947 3686 4006 Ουτος
3719 3965 3776 3999 οε
3807 3947 3836 4000 6

2175 4030 2594 4108 δεδοξασμένος,
2810 4035 3118 4114 ἀμηχάνων
3174 4036 3464 4115 εὐμήχανα
3521 4034 3685 4111 δρῶν,
3743 4034 3832 4090 καὶ

2175 4124 2305 4186 τοὺς
2345 4123 2573 4198 ἀτίμους
2631 4123 2884 4198 ἐντίμους
2928 4129 3124 4194 ποιῶν,
3175 4127 3266 4180 καὶ
3321 4128 3470 4199 ἡμᾶς
3499 4128 3743 4196 ποιήσει.
3771 4127 3834 4182 Ὀ

2169 4213 2275 4287 γὰρ
2309 4219 2427 4275 τοῖς
2492 4213 2541 4283 ἐξ
2600 4213 2796 4276 αῗῶνος
2854 4213 3131 4290 ἀμηχάνῳ
3187 4214 3492 4290 ἀνθρώποις
3523 4217 3686 4294 σοφίᾳ
3719 4213 3834 4270 δια-

2167 4303 2494 4375 ταξάμενος,
2555 4304 2711 4365 οὗτος
2771 4301 2975 4366 ἐκεῖνος
3049 4307 3164 4373 νῦν,
3216 4304 3281 4359 τὰ
3331 4302 3555 4374 δόξαντα
3609 4304 3828 4367 τούτοις

2160 4392 2424 4467 ἀμήχανα
2455 4391 2542 4448 ἐπὶ
2574 4393 2636 4447 τὸ
2673 4393 2993 4467 εὐμήχανον
3027 4393 3288 4469 προάγειν
3336 4389 3690 4469 βεϐούληται.
3726 4393 3824 4448 Καὶ

2158 4481 2250 4535 ἳνα
2295 4486 2461 4536 τοῦτο
2527 4481 2719 4536 πιστὸν
2770 4483 2828 4552 ᾖ,
2890 4476 3144 4557 ’Δϐραάμ
3197 4488 3277 4556 τῷ
3333 4481 3488 4558 λόγῳ
3525 4482 3827 4557 παράγεται

395 4571 579 4622 tatem
611 4566 936 4638 perducere
969 4567 1172 4623 voluit.
1227 4569 1414 4639 thue
1467 4569 1576 4625 hoc
1607 4570 1711 4625 ﬁat
1740 4571 2045 4643 credibile,

2174 4570 2245 4624 ιαὶ
2277 4572 2311 4640 ἡ
2339 4571 2455 4625 κατ’
2483 4569 2641 4624 αὐτὸν
2670 4570 2905 4644 ἱστορία,
2954 4571 3012 4633 ὃς
3050 4572 3174 4644 ςοῦκ
3223 4570 3278 4628 έν
3328 4577 3464 4644 ναῷ,
3525 4570 3585 4626 οὗ
3617 4569 3707 4626 διὰ
3737 4583 3826 4635 θυ-

397 4656 692 4712 Abraham
728 4657 977 4728 ejusque
1011 4656 1265 4712 historia
1310 4658 1372 4712 in
1419 4658 1684 4714 medium
1715 4659 2052 4726 adducitur,

399 4746 498 4816 qui
532 4762 652 4800 non
698 4746 756 4800 in
804 4747 1047 4817 templo,
1083 4764 1202 4802 non
1247 4765 1353 4819 per
1405 4749 1652 4813 hostias,
1685 4749 1784 4804 Dei
1818 4751 2052 4820 appari-

397 4836 622 4890 tionem
654 4841 863 4890 nactus
897 4843 987 4891 est
1017 4854 1151 4892 cum
1183 4838 1243 4892 in
1278 4839 1703 4910 Mesopotamia
1734 4840 2052 4895 esset.Haac

396 4930 595 4980 autem
627 4925 870 4996 profert,
893 4926 1219 4998 velutijam
1245 4926 1465 4983 dictum
1491 4933 1601 4997 est,
1634 4929 2053 4985 demonstrans

400 5014 585 5068 Deum
632 5015 978 5086 gloriosum,
1019 5016 1177 5086 quod
1221 5018 1286 5071 in
1336 5017 1455 5071 illis
1503 5017 1663 5084 fecit,
1697 5035 1873 5089 posse
1905 5022 1964 5072 et
1991 5018 2052 5072 in

398 5102 570 5158 nobis
602 5103 816 5174 facere,
851 5104 1129 5176 quodque
1181 5105 1481 5161 occultum
1531 5113 1620 5162 est
1670 5108 2052 5162 manifestum

400 5195 781 5250 constituere.
837 5195 1011 5265 Atqui
1063 5211 1197 5249 cum
1249 5195 1451 5250 multaa
1483 5196 1755 5252 nationes
1785 5213 1852 5252 ac
1883 5213 2052 5270 reges

400 5281 604 5339 dolose
627 5303 759 5340 cum
781 5285 1074 5339 Abraham
1099 5286 1346 5356 ejusque
1367 5286 1590 5340 semine
1615 5285 2049 5358 congrederen-

399 5377 516 5439 tur,
575 5375 662 5428 illi
723 5374 963 5445 quidem
1017 5375 1091 5430 ad
1144 5375 1404 5430 nihilum
1448 5376 1669 5432 redacti
1701 5385 1858 5444 sunt,
1893 5379 2052 5450 quod

381 5467 597 5517 autem
629 5463 938 5533 humilius,
960 5464 1182 5519 factum
1207 5470 1296 5519 est
1317 5465 1717 5520 sublimius.Si
1739 5483 1875 5540 ergo
1897 5469 2050 5524 Deus

398 5551 604 5626 gloriae
636 5552 696 5606 in
727 5551 820 5607 his
846 5553 927 5608 ita
974 5553 1363 5626 dispensavit,
1397 5554 1488 5610 6|
1548 5560 1799 5626 oportet,
1831 5556 2050 5628 inquit,

402 5641 779 5700 considerare
837 5660 914 5699 ne
971 5649 1031 5700 et
1085 5645 1148 5702 in
1198 5644 1371 5701 nobis
1420 5645 1562 5702 talia
1590 5646 1953 5720 contingant.
1982 5679 2051 5690 —

2165 4664 2316 4730 σιῶν,
2354 4667 2456 4730 τῆς
2519 4658 2652 4715 Θεοῦ
2709 4659 2998 4741 ἐμφανείας
3053 4662 3281 4732 ἠξίωται
3311 4662 3363 4718 έν
3390 4666 3459 4737 τῇ
3494 4664 3826 4720 Μεσοποτα·

2167 4750 2284 4822 μίᾳ.
2318 4753 2501 4807 Ταῦτα
2533 4749 2591 4806 δὲ
2619 4753 2972 4827 προκομίζει,
3007 4753 3082 4815 ὡς
3123 4749 3250 4824 ἢδη
3271 4751 3506 4829 εἴρηται,
3540 4756 3819 4828 παριστῶν

2163 4841 2250 4902 ὡς’
2293 4841 2321 4894 6
2379 4837 2769 4916 δεδοξασμένος
2827 4843 2957 4905 Θεὸς
3017 4841 3150 4916 ὅπερ
3207 4841 3290 4897 ἐπ’
3347 4841 3564 4898 ἐκείνων
3611 4844 3703 4898 καὶ
3734 4842 3820 4920 ἐφ’

2161 4931 2321 5001 ἡμῶν
2383 4927 2602 4992 δυνατὸς
2660 4937 2913 5003 ποιῆσαι,
2969 4931 3056 4987 καὶ
3119 4931 3171 5002 ἐξ
3219 4931 3472 5011 ἀφανείας
3526 4931 3602 4994 εἷς
3651 4929 3823 5010 ἐμφά-

2160 5038 2304 5072 νειαν
2343 5025 2689 5094 περιστῆσαι.
2751 5019 3000 5097 Καίτοιγε
3038 5019 3266 5076 πολλῶν
3327 5016 3641 5083 ἐπιϐούλως
3672 5021 3822 5092 αὐτῷ

2163 5103 2415 5184 ’Δϐραάμ
2460 5110 2549 5164 καὶ
2594 5113 2674 5181 τῷ
2731 5109 2999 5185 σπέρματι
3060 5110 3224 5166 αὐτοῦ
3282 5110 3449 5176 ἐθνῶν
3520 5110 3611 5166 καὶ
3665 5111 3819 5185 βασι-

2163 5196 2301 5252 λέων
2335 5198 2826 5278 προσενεχθέντων,
2859 5198 2988 5256 ἆλλ’
3047 5201 3100 5255 οἱ
3161 5201 3257 5274 μὲν
3300 5200 3700 5278 ἠφανίσθησαν,
3730 5199 3818 5254 ἐπὶ

2164 5293 2350 5362 μεῖζον
2393 5285 2450 5343 δί
2478 5289 2539 5344 τὸ
2576 5289 2954 5364 ταπεινότερον
3010 5285 3252 5365 προῦϐη.
3303 5290 3366 5346 El
3395 5289 3489 5345 οὖν
3522 5290 3699 5352 οὕτως
3729 5289 3818 5344 ἐπὶ

2160 5377 2365 5432 τούτων
2429 5378 2456 5432 ό
2517 5383 2620 5448 τῆς
2682 5375 2842 5449 δόξης
2899 5379 3030 5442 Θεὸς
3111 5378 3438 5453 ᾠκονόμεῖν,
3496 5380 3651 5457 φησὶ,
3708 5380 3818 5455 χρῆ

2150 5467 2250 5521 ’καὶ
2282 5467 2406 5542 περὶ
2437 5468 2584 5540 ἡμᾶς
2621 5469 2698 5540 μῆ
2729 5467 2797 5522 τὰ
2825 5466 2994 5542 ὅμοια
3037 5463 3234 5543 ἀροϐῇ.
3281 5501 3350 5512 --
3397 5467 3647 5530 ’Ἄλλως
3679 5469 3820 5544 Ὅρα

2161 5559 2281 5618 πῶς
2311 5555 2506 5618 αὐτοὺς
2557 5556 2750 5633 ἀπάγει
2808 5560 2916 5612 τῶν
2975 5562 3324 5632 σωματικῶν,
3370 5559 3459 5614 καὶ
3516 5556 3652 5622 τέως
3712 5556 3817 5613 ἀπὸ

2158 5642 2257 5700 τοῦ
2283 5664 2484 5717 τοπου,
2514 5649 2632 5722 Θεῷ
2673 5647 2773 5714 τὴν
2822 5643 3001 5720 δόξαν,
3052 5647 3117 5703 οὗ
3163 5651 3245 5720 τῷ
3291 5647 3444 5721 τόπῳ
3467 5648 3816 5722 προσνέμων,
