4098 6260
239 312 344 375 133

1256 309 1666 373 COMMENT.
1714 307 1791 369 IN
1836 305 2044 369 ACTA
2086 307 2699 371 APOSTOLORUM.

3570 313 3684 376 134

251 447 419 509 Αὐτὸς
444 442 556 523 γὰρ
586 444 627 516 ἦ
660 451 774 516 τῆς
813 441 986 519 δόξης
1011 449 1190 525 πηγὴ,
1251 446 1327 522 μὴ
1361 443 1615 519 δεόμενος
1669 450 1771 514 τῆς
1803 443 1928 518 παρ’

2058 444 2161 499 ilio
2189 447 2371 502 modo.
2429 446 2569 502 Vide
2628 447 2926 518 quomodo
2986 447 3146 521 ipsos
3205 464 3239 504 a
3289 448 3696 521 corporalibus

252 536 426 611 ύμῶν,
452 536 618 613 φησὶ,
653 531 759 589 διὰ
783 540 886 590 τοῦ
916 535 1049 591 ναοῦ
1079 534 1257 610 δόξης.
1291 539 1399 600 Τῆς
1422 537 1636 611 Γραφῆς
1660 531 1716 588 δὲ
1740 531 1925 609 λεγού-

261 649 374 699 σης,
407 625 599 702 Θάρρει
638 625 740 680 τὸν
807 627 1016 701 πατέρα
1071 631 1167 682 τοῦ
1228 620 1477 699 Ἀϐραάμ
1534 622 1812 697 ἐξορμίσαι
1867 620 1927 676 ἐκ

265 724 361 794 γῆς
418 712 723 773 Χαλδαίων
780 713 1045 783 ἐξελθεῖν,
1114 716 1232 778 πῶς
1312 718 1404 767 νῦν
1494 710 1765 789 Στέφανος
1851 714 1930 782 τῷ

266 800 528 881 ’Δϐραάμ
558 803 853 874 ἀνατίθησι
906 804 998 857 τὸν
1060 801 1452 878 χρηματισμὸν
1505 799 1736 869 τοῦτον;
1792 800 1929 874 πρὸς

272 896 473 952 Sic-rw
517 894 709 961 εἰπεῖν,
772 893 852 954 ὼς
911 896 993 963 τῷ
1052 886 1303 964 Ἀϐραὰμ
1364 889 1931 966 μὲνὸχρηματισμὸς

274 990 514 1063 γέγονεν,
546 982 673 1041 ἀλλ’
704 980 898 1052 ἐπειδὴ
962 980 1155 1044 παιδὸς
1215 983 1362 1055 ὁρμή
1423 980 1482 1037 ἐκ
1534 983 1932 1055 ’χρηματισμοῦ

287 1082 390 1154 οὐκ
444 1081 587 1154 εἶχεν
646 1074 959 1149 ἀντιλέγειν
1019 1072 1111 1129 κᾶν
1172 1075 1374 1149 πατὴρ,
1434 1077 1512 1145 τῷ
1575 1070 1932 1147 ὑποδείγματι

278 1147 462 1241 τούτῳ
513 1168 584 1228 εἰς
645 1164 920 1220 ἀπείθειαν
980 1164 1342 1219 ἀποσκάπτων
1427 1162 1553 1224 τοὺς
1611 1165 1726 1229 νῦν,
1789 1162 1934 1216 οὕτω

279 1260 513 1332 προάγει
551 1257 641 1311 τὸν
698 1253 885 1329 λόγον.
944 1253 1064 1313 Πῶς
1116 1252 1216 1328 γὰρ
1269 1250 1366 1307 οὐκ
1425 1251 1661 1305 ἀπειθεῖν
1721 1248 1937 1326 ἐξελέγ-

275 1367 500 1422 χονται,
562 1346 608 1399 εἱ
659 1342 840 1419 Θάρῥα
901 1342 994 1415 μὲν
1057 1336 1247 1403 παιδὸς
1308 1338 1404 1395 οὐκ
1460 1339 1703 1394 ἀντεῖπεν
1762 1340 1931 1413 ὁρμῇ,

271 1437 433 1491 αὐτοὶ
468 1432 527 1489 δὲ
553 1432 688 1507 μετά
708 1435 1052 1504 θεοσημειῶν
1097 1435 1285 1505 πεῖραν
1332 1428 1394 1483 οὐ
1443 1430 1606 1503 μόνον
1653 1430 1935 1491 ἄπειθοῦν-

261 1547 377 1592 τες,
410 1522 564 1579 ἀλλὰ
596 1522 685 1577 καὶ
712 1521 893 1599 φθόνῳ
924 1521 1063 1595 πρὸς
1095 1521 1258 1595 φόνον
1296 1524 1405 1574 τῶν
1437 1524 1554 1580 ταῖς
1585 1515 1933 1591 θεοσημείαις

266 1613 590 1685 δοξάζεσθαι
652 1612 833 1682 ἀξίων,
891 1607 1169 1683 δυσμενῶς
1249 1607 1688 1684 προσφερόμενοι
1757 1605 1937 1661 διατε-

272 1703 483 1771 λοῦσις

2033 534 2297 601 abducit,
2334 542 2393 591 et
2422 537 2666 592 interim
2706 556 2739 592 a
2771 538 2924 603 loco,
2958 538 3207 611 gloriam
3234 541 3373 606 Deo,
3407 558 3530 595 non
3560 541 3690 596 loco

2034 625 2387 680 attribuens.
2415 632 2544 697 lpse
2574 627 2795 682 etenim
2820 628 3022 700 gloriae
3053 629 3187 684 fons
3221 635 3331 695 est,
3366 647 3486 685 non
3512 647 3690 703 egens

2039 716 2243 787 gloria,
2284 734 2416 787 quaa
2446 734 2553 788 per
2582 718 2869 789 templum
2901 736 2934 773 a
2966 719 3136 774 nobis
3168 724 3275 774 est.
3312 721 3455 775 Cum
3488 727 3687 777 autem

2040 805 2183 861 dicit
2209 806 2508 876 Scriptura
2537 808 2721 861 Thare
2754 813 2988 878 patrem
3042 809 3338 865 Abraham
3385 826 3689 882 egressum

2042 909 2192 959 esse,
2221 899 2285 948 ut
2309 895 2786 965 proﬁcisceretur
2808 897 2880 952 de
2908 902 3065 952 terra
3079 899 3516 970 Chaldzeprum,
3539 916 3688 969 quo-

2041 982 2216 1038 modo
2239 1000 2398 1038 nunc
2430 986 2763 1056 Stephanus
2787 986 2897 1056 ipsi
2930 986 3223 1042 Abraham
3244 989 3557 1043 oraculum
3583 990 3693 1044 hoc

2043 1074 2355 1129 attribuit?
2378 1074 2465 1128 Ad
2499 1074 2654 1145 quod
2687 1075 2802 1129 dici
2844 1081 3039 1146 potest
3073 1077 3229 1146 quod
3282 1077 3397 1148 ipsi
3450 1078 3690 1148 quidem

2043 1162 2340 1218 Abraham
2396 1162 2659 1218 divinum
2741 1180 3095 1235 responsum
3156 1165 3357 1221 datum
3417 1173 3526 1227 est.
3588 1166 3691 1222 sed

2044 1250 2348 1321 Seriptura
2368 1252 2520 1322 patri
2543 1251 3121 1323 attribuit,quoniam
3147 1255 3253 1308 lilii
3274 1256 3523 1311 consilio
3547 1257 3691 1327 quid

2046 1357 2079 1396 a
2109 1341 2305 1395 divino
2339 1349 2463 1397 erat
2494 1342 2730 1397 oraculo
2764 1360 2883 1397 non
2914 1345 3291 1412 contradixit,
3348 1363 3689 1417 quanquam

2045 1436 2215 1502 pater
2254 1436 2429 1496 esset,
2485 1431 2596 1486 hoc
2652 1433 2923 1503 exemplo
2983 1434 3258 1506 detegens
3306 1437 3691 1506 praasentium

2046 1519 2533 1576 inobedientiam.
2561 1522 2764 1576 Utrum
2792 1522 2951 1577 enim
2976 1539 3104 1577 esse
3123 1524 3535 1581 inobedientes
3570 1543 3692 1580 non

2046 1609 2497 1679 convincuntur,
2531 1626 2665 1664 eum
2688 1611 2869 1666 Thare
2902 1612 3151 1667 consilio
3185 1614 3290 1668 ﬁlii
3324 1632 3443 1669 non
3467 1621 3695 1670 contra-

2050 1696 2284 1765 dixerit,
2318 1697 2431 1769 ipsi
2458 1715 2592 1754 vero
2624 1705 2757 1769 post
2785 1699 3116 1756 divinorum
3163 1703 3465 1774 signorum
3513 1721 3694 1777 expe-

269 1795 557 1851 rientiam
589 1808 717 1848 non
747 1790 943 1846 solum
972 1788 1288 1856 increduli,
1329 1804 1535 1843 verum
1568 1788 1746 1843 etiam
1776 1804 1897 1859 prae
1946 1786 2168 1842 invidia
2196 1786 2270 1842 ad
2324 1787 2546 1843 caedem
2600 1789 2900 1845 hostiliter
2952 1807 3051 1845 eos
3113 1793 3509 1865 aggrediendo
3558 1812 3694 1866 per-

272 1889 573 1951 severent,
610 1879 715 1951 qul
740 1879 815 1934 ob
848 1878 1048 1933 divina
1079 1878 1247 1947 signa
1274 1876 1598 1949 glorificari
1626 1880 1933 1931 merentur
1958 1875 1986 1929 ?

346 1998 375 2024 ιι
406 1970 513 2025 Καὶ
568 1965 943 2043 ἐπηγγείλατο
1000 1964 1148 2037 αὐτῷ
1202 1962 1384 2034 δοῦναι
1445 1962 1520 2025 εἷς
1605 1965 1935 2039 κατάσχεσιν
1969 1969 2016 2035 Β

276 2061 527 2128 «αὐτὴν,
578 2057 672 2112 καὶ
732 2053 813 2128 τῷ
869 2052 1138 2129 σπέρματι
1194 2053 1361 2107 αύτοῦ
1414 2055 1531 2125 μετ’
1589 2053 1774 2123 αὐτὸν,
1836 2054 1939 2108 οὐκ

282 2175 311 2205 ει
340 2149 499 2209 ἒντος
534 2147 683 2217 αὐτῷ
710 2146 919 2201 τέκνου.
956 2140 1227 2213 Ἐλάλησε
1261 2139 1318 2196 δὲ
1367 2142 1539 2204 οὕτως
1583 2143 1610 2196 6
1666 2143 1820 2213 Θεὸς,
1853 2142 1939 2197 ὅτι

294 2236 588 2293 κ’ἐστιιτὸ
618 2235 836 2309 σπέρμα
883 2233 1051 2288 αὐτοῦ
1107 2233 1367 2307 πάροικον
1418 2230 1472 2286 ἐν
1520 2234 1591 2305 γῇ
1646 2229 1937 2306 ἀλλοτρίᾳ,

304 2352 333 2380 α
363 2327 455 2381 καὶ
493 2324 853 2379 δουλώσουσιν
884 2322 1037 2390 αὐτὸ,
1077 2320 1164 2375 καὶ
1222 2319 1561 2375 κακώσουσιν
1610 2313 1703 2390 ἔτη
1752 2340 1938 2394 τετρα-

300 2441 329 2470 ιι
362 2416 541 2471 κόσια.
568 2412 666 2469 Καὶ
693 2413 754 2467 τὸ
788 2410 937 2475 ἔθνος
968 2411 1014 2481 ᾧ
1044 2410 1132 2464 ἐὰν
1169 2406 1531 2478 δουλεύσωσι,
1581 2412 1754 2483 κρινῶ
1810 2406 1938 2482 ἐγὼ,

294 2527 321 2555 ι.
352 2502 508 2557 εἶπεν
541 2501 566 2554 ὁ
598 2500 750 2561 Θεός.
793 2497 898 2553 Καὶ
935 2498 1071 2569 μετά
1096 2499 1262 2551 ταῦτα
1293 2494 1658 2566 ἐξελεύσονται
1700 2496 1787 2549 καὶ
1844 2492 1942 2549 λα-

285 2617 315 2645 ιι
347 2587 641 2666 τρεύσουσί
678 2608 770 2660 μοι
804 2587 855 2641 ἐν
886 2590 967 2658 τῷ
998 2585 1149 2658 τόπῳ
1177 2585 1375 2657 τούτῳ.
1414 2584 1511 2638 Καὶ
1570 2578 1768 2638 ἔδωκεν
1801 2583 1945 2654 αὐτῷ

289 2706 315 2733 ιι
351 2678 629 2749 διαθήκην
715 2681 1045 2750 περιτομῆς.
1127 2673 1224 2728 Καὶ
1312 2671 1485 2736 οὕτως
1565 2672 1805 2747 ἐγέννησε
1855 2672 1946 2726 τὸν

286 2794 315 2822 ιι
350 2770 560 2837 Ἰσαὰκ,
591 2766 686 2822 καὶ
713 2766 1033 2839 περιέτεμεν
1064 2762 1223 2818 αὐτὸν
1282 2760 1351 2836 τῇ
1401 2761 1583 2837 ἡμέρᾳ
1625 2765 1694 2835 τῇ
1750 2758 1945 2836 ὀγδόῃ,

278 2886 309 2916 α
344 2860 436 2915 καὶ
470 2860 501 2913 6
534 2857 725 2913 Ἰσαὰκ
753 2854 844 2911 τὸν
908 2848 1128 2922 Ἰακὼϐ,
1187 2852 1275 2907 καὶ
1335 2853 1363 2906 6
1421 2846 1613 2907 Ἰακὼϐ
1670 2850 1795 2913 τοὺς
1829 2847 1946 2904 δώ-

278 2973 310 3002 ιι
343 2947 477 3005 δεκα
508 2947 886 3023 πατριάρχας.
940 2943 1041 2999 Καὶ
1100 2943 1151 2996 οἱ
1200 2940 1539 3016 πατριάρχαι
1599 2938 1947 3010 ζηλώσαντες

277 3064 306 3091 ιι
332 3041 428 3095 τὸν
466 3038 704 3111 Ἰωσήφ,
739 3030 1004 3089 ἀπέδοντο
1039 3030 1115 3093 εἷς
1163 3030 1460 3105 Αἴγυπτον.
1513 3030 1610 3084 Καὶ
1660 3031 1725 3099 ἧν
1761 3031 1790 3084 6
1822 3030 1948 3089 Θεὸς

280 3156 307 3181 ιι
345 3130 464 3202 μετ’
500 3127 692 3193 αὐτοῦ,
724 3124 818 3178 καὶ
850 3120 1086 3193 ἐξείλετο
1117 3120 1279 3176 αὐτὸν
1326 3118 1387 3175 ἐκ
1433 3126 1616 3175 πασῶν
1666 3125 1774 3175 τῶν
1828 3117 1948 3183 θλί-

290 3242 317 3273 ι
347 3221 501 3290 ﬁgam
532 3215 714 3269 αὐτοῦ.
764 3206 1125 3269 Καὶξὲδωκεν
1187 3210 1335 3282 αύτῷ
1393 3210 1555 3285 χάριν
1607 3207 1699 3263 καὶ
1754 3209 1944 3283 σοφίαν

2124 1990 2145 2014 ιι
2171 1967 2290 2033 VII,
2316 1968 2467 2020 5-18.
2486 1970 3087 2039 Etpromisitillieam
3116 1988 3178 2027 se
3200 1971 3475 2029 daturum
3504 1977 3695 2046 possi—

2046 2076 2073 2105 «
2100 2053 2378 2122 dendam,
2412 2058 2694 2112 etsemini
2722 2059 2847 2131 ejus
2887 2066 3021 2130 post
3042 2060 3403 2131 ipsum,cum
3437 2080 3556 2118 non
3589 2064 3696 2119 ha-

2049 2165 2076 2193 ιι
2099 2143 2266 2198 heret
2287 2144 2752 2201 ﬁlium.Locutus
2775 2154 2863 2202 est
2884 2154 3082 2204 autem
3116 2150 3200 2205 ita
3230 2152 3385 2207 Deus
3419 2152 3577 2223 quod
3608 2153 3697 2207 fu-

2050 2238 2297 2287 «turum
2320 2240 2693 2290 essetsemen
2714 2236 2840 2307 ejus
2856 2238 3218 2308 inquilinum
3234 2240 3296 2294 in
3313 2246 3467 2296 terra
3480 2242 3699 2309 aliena,

2051 2346 2073 2371 ιι
2099 2324 2444 2377 etservituti
2469 2324 2663 2395 ipsum
2696 2326 3019 2397 subjecturi
3044 2336 3243 2383 essent
3272 2332 3546 2403 maleque
3581 2339 3701 2387 tra—

2052 2436 2078 2463 (‹
2106 2414 2317 2468 ctaturi
2342 2415 2515 2468 annis
2539 2415 3088 2487 quadringentis.Et
3108 2425 3342 2490 gentem
3369 2421 3703 2493 cuicunque

2054 2527 2078 2557 ιι
2103 2502 2417 2557 seis/ierint
2458 2502 2741 2573 judicabo
2774 2520 2902 2577 ego,
2936 2505 3082 2559 dicit
3111 2508 3287 2561 Deus.
3322 2510 3388 2561 Et
3421 2516 3555 2579 post
3584 2511 3711 2565 haec

2052 2613 2081 2641 ιι
2107 2591 2353 2645 exibunt
2392 2596 2449 2645 et
2476 2592 2731 2647 servient
2761 2593 2907 2647 mihi
2936 2594 2997 2648 in
3029 2594 3157 2650 loco
3193 2596 3327 2650 isto.
3366 2599 3429 2651 Et
3461 2597 3622 2653 dedit
3656 2601 3709 2654 ei

2052 2703 2080 2731 «
2118 2685 2543 2736 testamentum
2569 2683 3062 2738 circumcisionis.
3116 2687 3307 2755 Atque
3358 2686 3455 2742 hic
3506 2689 3714 2759 genuit

2054 2790 2081 2817 «
2111 2771 2297 2838 Isaac,
2319 2774 2378 2824 et
2397 2768 2773 2826 circumcidit
2795 2788 2930 2826 eum
2956 2778 3157 2828 octavo
3181 2773 3297 2843 die,
3333 2781 3391 2830 et
3422 2776 3581 2832 Isaac
3612 2779 3707 2833 Ja-

2055 2880 2082 2905 «
2117 2856 2246 2925 cob,
2281 2863 2340 2912 et
2368 2858 2546 2914 Jacob
2577 2858 2889 2916 duodecim
2921 2863 3313 2933 patriarchas.
3347 2866 3418 2918 Et
3448 2867 3707 2937 patriar-

2058 2969 2083 2996 ιι
2117 2947 2243 3001 chaa
2302 2948 2524 3003 invidia
2578 2951 2811 3004 accensi
2896 2952 3112 3022 Joseph
3191 2952 3590 3010 vendiderunt
3645 2957 3706 3011 in

2056 3056 2085 3084 «
2122 3037 2468 3108 Egyptum:
2504 3042 2561 3092 et
2591 3044 2718 3092 erat
2750 3040 2905 3093 Deus
2938 3057 3071 3094 cum
3107 3058 3197 3107 eo,
3237 3047 3295 3095 et
3324 3044 3542 3113 eripuit
3570 3061 3706 3099 eum

2056 3144 2088 3174 ιι
2112 3139 2179 3177 ex
2208 3124 2483 3178 omnibus
2509 3124 2940 3181 afﬂictionibus
2970 3127 3180 3198 ipsius,
3212 3134 3271 3183 et
3300 3130 3462 3184 dedit
3493 3132 3541 3185 ei
3575 3148 3709 3210 gra-

2061 3233 2087 3263 ι
2115 3213 2256 3266 tiam
2281 3218 2339 3266 et
2364 3214 2720 3285 sapientiam
2751 3232 2948 3269 coram
2973 3217 3281 3273 Pharaone
3306 3235 3441 3291 rege
3459 3220 3707 3293 Egypti.

296 3330 325 3359 ι
358 3304 600 3359 ἐναντίον
628 3302 823 3378 Φαραὼ
859 3299 1129 3376 βασιλέως
1159 3297 1464 3374 Αἰγύπτου,
1486 3297 1589 3355 Καὶ
1615 3298 1938 3367 κατέστησεν

410 3393 425 3403 .
474 3394 487 3403 .
580 3394 593 3403 .
690 3392 701 3403 .
908 3388 922 3403 .
978 3393 989 3403 .
1039 3386 1096 3403 ..
1421 3386 1436 3403 ι
1474 3386 1525 3403 ..ι
1690 3387 1702 3403 ι
1823 3389 1846 3403 ν

2061 3322 2089 3351 ‹‹
2121 3302 2557 3373 Constituitque
2591 3320 2728 3358 eum
2781 3305 3124 3376 praefectum
3175 3324 3354 3379 super
3399 3311 3709 3381 Egyptum

303 3419 332 3446 ιι
366 3393 529 3448 αὐτὸν
569 3392 870 3465 ἡγούμενον
905 3388 989 3443 ἐπ’
1021 3386 1317 3464 Αἴγυπτον,
1349 3386 1437 3442 καὶ
1470 3386 1602 3442 ὅλον
1649 3387 1741 3441 τὸν
1790 3389 1938 3441 οἷκον

294 3510 322 3535 ιι
346 3482 543 3538 αὐτοῦ.
579 3480 744 3538 Ἦλθε
775 3477 833 3535 δέ
865 3478 1030 3551 λιμὸς
1062 3476 1143 3556 ἐφ’
1174 3478 1311 3546 ὅλην
1351 3477 1452 3546 τήν
1509 3482 1612 3551 γῆν
1660 3475 1943 3553 Αἰγύπτου

278 3599 309 3627 ιι
342 3572 433 3628 καί
463 3572 706 3641 Χαναὰν,
751 3569 845 3625 καὶ
887 3567 1073 3642 θλίψις
1110 3564 1344 3641 μεγάλη,
1391 3567 1480 3620 καὶ
1540 3565 1647 3641 οὐχ
1696 3563 1943 3640 εὕρισκον

293 3688 319 3716 ιι
351 3663 721 3739 χορτάσματα
750 3660 803 3714 οἱ
834 3659 1062 3733 πατέρες
1093 3660 1274 3730 ἡμῶν.
1328 3655 1588 3720 Ἀκούσας
1645 3652 1702 3711 δέ
1749 3650 1945 3711 Ἰακὼϐ

279 3750 475 3807 «ὄντα
496 3755 624 3806 σῖτα
673 3748 726 3804 ἐν
786 3747 1071 3823 Αἰγύπτῳ,
1131 3742 1474 3817 ἐξαπέστειλε
1528 3744 1656 3805 τοὺς
1714 3744 1945 3820 πατέρας

290 3868 317 3895 ιι
346 3845 515 3915 ἡμῶν
549 3845 797 3917 πρῶτον.
832 3838 933 3895 Καὶ
967 3836 1017 3891 ἐν
1046 3841 1126 3909 τῷ
1156 3833 1389 3910 δευτέρῳ
1423 3836 1792 3911 ἀνεγνωρίσθη
1829 3838 1944 3890 Ἰω-

300 3957 325 3987 σ
354 3934 466 4009 σὴιρ
494 3936 617 3990 τοῖς
651 3926 914 4002 ἀδελφοῖς
949 3926 1135 3981 αὐτοῦ.
1170 3925 1273 3982 Καὶ
1327 3926 1553 4004 φανερὸν
1606 3924 1815 4001 ἐγένετο
1870 3929 1949 3997 τῷ

292 4046 318 4071 ιι
348 4025 566 4095 Φαραῷ
596 4020 663 4073 τὸ
692 4017 848 4091 γένος
878 4020 974 4071 τοῦ
1007 4017 1230 4092 Ἰωσήφ.
1266 4013 1622 4086 ’νποστείλας
1657 4012 1713 4069 δέ
1746 4015 1947 4091 Ἰωσήφ

293 4133 316 4161 ι
353 4108 773 4185 μετακαλέσατο
803 4107 895 4161 τὸν
928 4103 1132 4179 πατέρα
1158 4104 1325 4159 αὐτοῦ
1374 4098 1591 4171 Ἰακὼϐ,
1641 4104 1730 4158 καὶ
1780 4110 1950 4158 πᾶσαν

295 4226 323 4253 ιι
355 4202 456 4269 τὴν
524 4195 841 4273 συγγένειαν
900 4196 951 4250 ἐν
1031 4197 1234 4269 ψυχαῖς
1321 4187 1701 4267 ἐϐδομήκοντα
1769 4194 1947 4249 πέντε.

290 4314 319 4343 ιι
350 4281 578 4357 Κατέῧη
613 4285 673 4340 δὲ
728 4278 927 4342 Ἰακὼϐ
978 4284 1052 4345 εἰς
1108 4281 1409 4358 Αἴγυπτον,
1463 4282 1550 4337 καὶ
1608 4281 1953 4353 ἐτελεύτησεν

295 4406 323 4429 ιι
354 4378 521 4441 αὐτὸς
549 4376 642 4431 καὶ
678 4376 729 4429 οἱ
786 4373 1009 4449 πατέρες
1065 4374 1249 4445 ἡμῶν,
1308 4372 1397 4427 καὶ
1464 4370 1816 4445 μετετέθησαν
1878 4371 1953 4433 εἲς

301 4492 328 4518 ιι
365 4467 589 4542 Συχὲμ,
616 4465 705 4519 καὶ
741 4463 996 4533 ἐτέθησαν
1045 4460 1097 4517 ἐν
1142 4467 1223 4535 τῷ
1284 4462 1553 4534 μνήματι,
1615 4462 1644 4515 6'
1702 4461 1953 4532 ὠνήσατο

303 4583 325 4608 ι
361 4551 624 4629 Ἀϐραάμ
649 4559 819 4626 τιμῆς
857 4551 1115 4628 ἀργυρίου
1173 4550 1318 4625 παρά
1376 4555 1487 4605 τῶν
1545 4551 1676 4604 υἱῶν
1736 4551 1952 4626 Ἐμμὸρ

2059 3416 2083 3442 ιι
2106 3406 2174 3446 ac
2204 3397 2386 3447 totam
2424 3392 2668 3448 domum
2702 3410 2891 3448 suam.
2926 3396 3098 3450 Venit
3136 3402 3333 3451 autem
3395 3398 3583 3454 fames
3614 3416 3709 3453 su-

2052 3501 2080 3529 ιι
2108 3496 2214 3550 per
2244 3480 2581 3536 universam
2614 3487 2835 3537 terram
2869 3485 3093 3556 Egypti
3129 3490 3185 3540 et
3232 3486 3542 3557 Chanaan,
3580 3504 3711 3542 ma-

2057 3592 2085 3620 «
2124 3585 2360 3641 gnaque
2391 3569 2657 3638 afﬂictio,
2692 3588 2801 3626 nec
2861 3571 3248 3629 inveniebant
3295 3575 3458 3630 cibos
3515 3582 3714 3647 patres

2054 3678 2085 3711 «
2116 3659 2321 3713 nostri.
2364 3659 2631 3714 Audiens
2664 3666 2864 3715 autem
2898 3661 3073 3716 Iacob
3115 3663 3273 3733 quod
3299 3664 3597 3719 frumenta
3625 3682 3714 3719 es-

2054 3769 2082 3798 ιι
2119 3754 2256 3802 eent
2284 3748 2346 3803 in
2378 3750 2620 3820 Egypto
2664 3749 2831 3804 misit
2887 3756 3087 3820 patres
3136 3758 3370 3807 nostros
3429 3754 3711 3823 primum,

2058 3859 2079 3885 ι
2117 3854 2372 3907 cumque
2402 3837 2663 3894 secundo
2715 3839 2881 3893 missi
2918 3845 3134 3904 essent,
3168 3842 3401 3912 agnitus
3432 3842 3710 3897 estafra-

2058 3947 2087 3977 ιι
2120 3925 2306 3980 tribus
2340 3926 2483 3992 suis,
2519 3933 2577 3981 et
2608 3928 2872 3981 innotuit
2903 3928 3193 3983 Pharaoni
3226 3946 3411 4002 genus
3464 3931 3705 4002 Ioseph.

2063 4036 2084 4065 ιι
2115 4015 2214 4070 62
2250 4013 2403 4067 Misit
2430 4020 2625 4067 autem
2654 4016 2869 4087 Joseph
2902 4018 3253 4073 accersitum
3286 4026 3511 4090 patrem
3540 4038 3711 4076 suum

2060 4125 2089 4152 ιι
2121 4101 2318 4169 Jacob,
2384 4117 2745 4173 omnemque
2812 4107 3225 4176 cognationem
3284 4109 3345 4162 in
3399 4111 3711 4166 animabus

2063 4213 2091 4241 ιι
2130 4189 2504 4262 septuaginta
2562 4190 2846 4261 quinque.
2903 4194 2972 4245 Et
3030 4193 3337 4249 descendit
3418 4198 3593 4253 Jacob
3646 4201 3708 4254 in

2076 4302 2096 4329 ιι
2133 4281 2463 4352 ιιΕεγρῐωη,
2493 4285 2878 4352 mortuusque
2912 4287 3001 4336 est
3028 4283 3155 4353 ipse
3188 4290 3246 4338 et
3274 4290 3469 4356 patres
3495 4288 3706 4342 nostri.

2064 4392 2091 4422 ιι
2124 4374 2189 4423 Et
2222 4369 2491 4424 translati
2526 4379 2664 4426 sunt
2694 4371 2756 4426 in
2807 4372 3058 4441 Sichem,
3114 4375 3405 4448 positique
3455 4384 3594 4432 sunt
3644 4379 3705 4434 in

2062 4481 2090 4509 ιι
2125 4458 2420 4530 sepulcro,
2457 4459 2613 4531 quod
2647 4462 2788 4515 emit
2834 4461 3128 4518 Abraham
3184 4466 3372 4535 pretio
3413 4467 3640 4538 argenti
3674 4484 3709 4523 a

2064 4570 2090 4598 ιι
2119 4548 2257 4602 ﬁliis
2282 4549 2459 4603 Emor
2483 4549 2591 4603 ﬁlii
2615 4549 2868 4607 Sichem.
2893 4553 3035 4607 Cum
3059 4559 3256 4609 autem
3280 4555 3529 4611 instaret
3555 4563 3700 4613 tem-

302 4674 329 4700 ιι
360 4651 462 4703 τοῦ
497 4643 713 4720 Συχέμ.
749 4644 935 4707 Καθὼς
988 4640 1044 4696 δέ
1094 4639 1316 4716 ἤγγιζεν
1348 4642 1375 4696 6
1406 4642 1604 4717 χρόνος
1645 4647 1747 4710 τῆς
1796 4639 1956 4716 ἐπαγ-

270 4722 332 4791 ἰι
363 4711 678 4815 γελίαςξῖς
710 4730 921 4806 ὤμοσεν
956 4733 983 4786 6
1034 4711 1161 4793 Θεὸς
1184 4711 1292 4803 -τῷ
1343 4711 1616 4804 ’Λέραάμ,
1668 4711 1958 4802 ηὔξησεν-ὁ
1991 4711 2035 4775 D

304 4851 335 4878 ιι
369 4826 506 4886 λαὸς
536 4824 629 4879 καὶ
663 4822 978 4893 ἐπληθύνθη
1012 4819 1063 4875 ἐν
1095 4819 1377 4894 Αἰγύπτῳ,
1436 4816 1601 4893 ἄχρις
1652 4820 1713 4873 οὗ
1764 4818 1956 4890 ἀνέστη

305 4942 333 4969 ιι
372 4912 638 4991 βασιλεὺς
669 4910 873 4986 ἕτερος,
905 4910 963 4972 ὅς
994 4910 1094 4965 οὐκ
1122 4907 1242 4984 ᾔδει
1270 4909 1361 4964 τὸν
1394 4911 1619 4987 Ἰωσήφ.
1652 4932 1680 4961 ))

376 5008 472 5062 Ἐκ
502 5000 736 5059 πολλῶν
770 4998 859 5055 διά
888 5006 987 5068 τῆς
1017 4994 1385 5072 προκειμένης
1417 4995 1760 5073 δημηγορίας
1794 4997 1821 5053 ὁ
1855 5019 1959 5071 μα-

300 5094 493 5171 κέριος
556 5093 837 5170 Στέφανος
896 5088 1189 5164 ἀπελέγχει
1247 5087 1336 5141 καὶ
1391 5087 1488 5157 τὴν
1575 5088 1766 5143 ἑαυτοῦ
1822 5088 1958 5163 πρὸς

298 5184 425 5247 τοὺς
446 5180 754 5242 Ἰουδαίους
787 5178 1088 5251 εὐμένειαν,
1121 5176 1210 5231 καὶ
1259 5176 1358 5243 τὴν
1411 5173 1627 5229 ἐκείνων
1678 5177 1815 5251 πρὸς
1859 5178 1960 5231 “6"

302 5275 393 5330 τὸν
424 5274 755 5349 ἀγριότητα.
780 5270 853 5325 Τὸ
885 5267 988 5343 γάρ
1017 5266 1091 5326 ὡς
1140 5265 1275 5341 πρὸς
1333 5261 1599 5341 ἀδελφοὺς
1658 5267 1745 5321 καὶ
1796 5265 1960 5321 πατέ-

298 5385 395 5440 ρας
426 5363 741 5421 ἀποτείνειν
771 5359 866 5414 τὸν
900 5356 1085 5428 λόγον,
1127 5355 1178 5409 τί
1214 5355 1272 5408 ἄν
1306 5352 1448 5409 ἄλλο
1472 5354 1560 5409 διὰ
1590 5354 1795 5410 τούτων
1851 5360 1959 5410 τῶν

295 5450 582 5527 ὀνομάτων
616 5446 922 5511 δείκνυται,
959 5441 994 5509 ἢ
1026 5440 1088 5494 τὸ
1118 5440 1233 5494 κατ’
1280 5439 1449 5510 ἀξίαν,
1500 5441 1599 5510 τῆς
1648 5440 1957 5517 συγγενείας

264 5520 427 5619 γπράς
452 5539 685 5602 ἀὐτοὺς
750 5531 1052 5612 φέρεσθαι;
1106 5526 1233 5619 τοξς
1265 5525 1586 5619 -Ἲουδαίους
1647 5528 1717 5619 δὲ,
1760 5530 1954 5607 μικρὸν

262 5614 463 5709 ιτρύτῳ
494 5626 983 5710 προσανέχοντας,
1013 5622 1130 5679 τοῖς
1163 5615 1220 5673 δὲ
1262 5614 1333 5671 δι’
1380 5617 1545 5675 αὑτοῦ
1592 5618 1804 5693 μᾶλλον
1856 5640 1953 5691 ση-

2069 4660 2088 4687 ι
2126 4654 2235 4708 pus
2254 4638 2689 4709 promissionis,
2717 4656 2895 4710 quam
2917 4643 3191 4712 promisit
3214 4645 3365 4701 Deus
3383 4646 3701 4714 Abraham,

2076 4749 2105 4777 ιι
2139 4727 2318 4781 crevit
2349 4727 2605 4798 populus
2638 4732 2695 4781 et
2724 4729 3152 4800 multiplicatus
3212 4739 3300 4787 est
3348 4735 3408 4789 in
3457 4737 3698 4808 .‘Egypto

2072 4837 2099 4866 ιι
2129 4815 2317 4870 donec
2350 4821 2586 4871 exortus
2616 4821 2706 4870 est
2759 4817 2912 4873 alius
2961 4836 3083 4888 rex,
3144 4822 3242 4892 qui
3290 4840 3409 4878 non
3468 4831 3711 4881 noverat

2071 4926 2098 4954 «
2126 4904 2363 4975 Ioseph.
2400 4926 2427 4953 »

2140 4997 2205 5049 In
2237 4995 2514 5067 praasenti
2537 4995 2821 5051 concione
2864 4996 3072 5056 beatus
3122 5001 3452 5073 Stephanus
3500 5004 3705 5059 multis

2071 5083 2441 5139 demonstrat
2469 5088 2527 5138 et
2557 5100 2723 5139 suam
2756 5102 2892 5159 erga
2929 5088 3161 5145 Judmos
3210 5091 3709 5148 benevolentiam.

2073 5178 2130 5228 et
2150 5172 2388 5226 illorum
2411 5188 2547 5244 erga
2569 5190 2630 5227 se
2654 5173 3037 5233 ferocitatem.
3067 5182 3206 5234 Nam
3237 5181 3395 5250 quod
3430 5187 3712 5251 tanquam

2071 5261 2144 5317 ad
2170 5260 2381 5315 fratres
2398 5278 2464 5315 ac
2488 5266 2683 5331 patres
2704 5262 2973 5321 intendat
2995 5283 3352 5333 sermonem,
3386 5268 3526 5338 quid
3550 5269 3715 5325 aliud

2072 5350 2163 5405 his
2196 5349 2419 5405 indicat
2443 5352 2787 5407 nominibus
2820 5371 2996 5424 quam
3030 5356 3186 5426 quod
3245 5356 3572 5413 secundum
3614 5376 3710 5413 co-

2071 5439 2368 5512 gnationis
2399 5439 2747 5511 dignitatem
2778 5443 2851 5498 ad
2884 5444 3019 5498 illos
3050 5444 3291 5513 feratur,
3342 5446 3527 5502 Judaei
3578 5466 3711 5504 vero

2071 5545 2281 5602 parum
2315 5528 2452 5583 huic
2481 5530 2719 5586 aﬂ‘ectui
2750 5532 3037 5602 deferant,
3063 5534 3166 5588 sed
3191 5536 3389 5606 potius
3437 5538 3715 5594 adversus

2075 5619 2243 5692 signa
2271 5634 2377 5693 per
2401 5619 2597 5691 ipsum
2624 5618 2783 5678 facta
2810 5621 3131 5681 crudeliter
3160 5626 3355 5683 aﬂ‘ecti
3387 5628 3549 5683 sint?
3577 5628 3712 5682 Ideo
