4098 6260
380 329 491 392 135

1497 326 1904 393 mCUMENn
1947 326 2260 390 nucem
2302 286 2652 389 EPISCOPI
2730 311 2732 314 ’

3670 331 3788 393 136

380 481 615 537 quoque
645 462 977 534 Stephanus
1009 461 1070 518 in
1095 462 1336 520 illorum
1361 462 1764 534 improbitate,
1797 478 1928 534 quea
1951 478 2020 518 ex

2146 479 2320 534 μειοις
2378 454 2798 524 ὁποϐλεπτικῶς
2837 440 3314 538 προσκειμένουςς
3371 457 3457 518 διὸ
3505 441 3597 518 καὶ
3656 461 3791 519 Στε-

381 555 600 610 infecto
624 553 823 608 animo
855 558 1000 622 erat,
1031 553 1278 608 liberius
1306 552 1680 625 coarguenda
1700 558 2019 624 occupatus

378 651 486 699 est.
521 643 590 697 Et
614 643 1094 714 promissionem,
1129 660 1259 714 qua)
1293 643 1365 697 ad
1396 648 1592 714 patres
1623 643 1777 698 facta
1807 647 1916 709 est,
1945 641 2019 697 ob

375 749 552 805 quam
577 731 996 801 efferebantur,
1016 732 1277 787 ostendit
1303 737 1439 787 ante
1462 749 1595 786 cum
1627 732 1848 798 locum,
1882 735 2021 787 ante

374 821 910 888 circumcisionem,
945 827 1081 876 ante
1113 820 1423 888 sacriﬁcia,
1454 828 1591 876 ante
1619 820 1908 892 templum
1938 819 2022 876 fa-

376 918 530 969 ctam
559 927 686 965 esse
714 927 726 965 :
759 916 819 966 et
849 927 1043 982 neque
1075 910 1134 964 hi
1154 911 1671 966 circumcisionem
1701 916 1803 965 aut
1830 911 2020 984 legem

377 1004 730 1072 acceperant
755 999 912 1070 quod
935 999 1092 1070 digni
1117 998 1500 1067 fuissent,sed
1524 999 1708 1054 solius
1739 998 2024 1053 obedien-

379 1090 474 1144 tiaa
506 1105 734 1144 merces
765 1093 891 1143 erat
920 1088 1046 1144 sola
1077 1092 1252 1143 terra.
1288 1089 1359 1142 Et
1386 1105 1580 1160 neque
1603 1088 1739 1143 data
1769 1088 2022 1143 circum-

379 1178 603 1235 cisione
635 1177 935 1249 completa
955 1182 1044 1233 est
1063 1177 1398 1248 promissio,
1429 1177 1589 1249 quod
1611 1179 1789 1234 etiam
1813 1178 1939 1233 haec
1960 1176 2025 1232 in

380 1269 569 1341 ﬁgura
589 1269 1020 1340 contingerent.
1051 1266 1375 1322 Considera
1401 1283 1554 1335 vero,
1590 1267 1747 1339 quod
1779 1267 1825 1322 si
1858 1272 2030 1338 pater

379 1359 566 1413 Thare
597 1373 720 1413 non
775 1357 887 1411 fuit
941 1357 1134 1411 socius
1174 1357 1670 1429 peregrinationis
1719 1372 1855 1412 cum
1903 1355 2026 1411 filio

383 1446 679 1503 Abraham
699 1462 765 1502 eo
790 1445 947 1516 quod
972 1445 1250 1518 indignus
1274 1452 1450 1512 esset,
1477 1447 1664 1502 multo
1689 1446 1874 1519 magis
1893 1445 2026 1515 filii,

387 1535 619 1591 etiamsi
650 1534 976 1607 plurimum
1005 1535 1112 1589 viai
1144 1535 1528 1591 confecerint.
1578 1536 1867 1590 Abraham
1918 1535 2027 1591 ita-

386 1643 500 1700 que
532 1626 678 1682 adeo
708 1625 819 1680 fuit
844 1626 1282 1697 obtemperans,
1318 1632 1383 1680 ut
1413 1632 1471 1681 et
1501 1627 1914 1698 cognationem
1975 1631 2032 1681 et

387 1719 639 1791 patriam
673 1717 798 1772 solo
830 1723 1026 1771 motus
1059 1717 1297 1772 oraculo
1322 1717 1630 1789 reliquerit
1659 1717 1824 1782 Quod
1855 1718 1902 1772 si
1934 1717 2030 1772 hic

2137 572 2305 625 φανος
2335 554 2404 624 τῇ
2439 547 2656 606 ἐκείνων
2691 551 2795 607 ἀπὸ
2855 556 3153 628 χρὼματος
3210 553 3596 632 κακεντρεχείᾳ
3648 552 3792 627 παῤ-

2131 637 2624 716 ῥησιαστικώτερον
2670 636 3012 716 ἐπεμϐαίνων
3073 642 3454 714 κατείληπται.
3515 642 3618 699 Καὶ
3678 639 3791 696 δεί-

2129 748 2281 783 κνυσι
2319 730 2419 798 τήν
2445 731 2581 805 πρὸς
2608 731 2735 791 τοὺς
2767 727 3005 807 πατέρας
3035 729 3384 806 ἐπαγγελίαν,
3417 730 3501 808 ἐφ’
3527 731 3596 807 ἣν
3652 733 3791 806 μέγα

2133 816 2413 896 ἐφρόνουν,
2445 820 2553 894 πρὸ
2582 823 2680 875 τοῦ
2709 819 2882 876 τόπου
2911 820 3236 895 γενομένην,
3268 822 3374 895 πρὸ
3418 827 3518 882 τῖς
3566 840 3792 895 περιτο-

2141 913 2270 978 μῆς,
2303 909 2409 982 πρὸ
2434 915 2534 976 τῆς
2564 908 2771 978 θυσίας,
2823 911 2929 984 πρὸ
2985 914 3082 964 τοῦ
3134 908 3290 969 ναοῦ.
3360 909 3463 966 Καὶ
3523 908 3607 965 δτι
3665 907 3794 965 οὐδὲ

2132 997 2248 1051 κατ’
2281 997 2428 1068 ἀξίαν
2457 999 2604 1053 οῦτοι
2630 993 2827 1054 ἔλαϐον
2861 997 2986 1055 οὑδὲ
3046 1000 3370 1075 περιτομὴν,
3420 997 3544 1054 οὑδὲ
3592 999 3789 1072 νόμον,

2135 1083 2281 1141 ἀλλά
2310 1094 2410 1156 τῆς
2455 1087 2701 1154 ὑπακοῆς
2745 1088 2913 1160 μόνης
2965 1089 2992 1143 ὁ
3051 1089 3242 1163 μισθὸς
3287 1088 3355 1158 ἦν
3405 1091 3440 1159 ἡ
3495 1095 3568 1164 γῆ
3620 1090 3788 1161 μόνη.

2135 1175 2238 1232 Καὶ
2273 1173 2401 1231 οὑδὶ
2447 1183 2753 1251 περιτομῆς
2809 1175 3054 1248 δοθείσης
3109 1180 3144 1248 ἡ
3196 1175 3500 1256 ἐπαγγελία
3546 1177 3792 1252 πληροῦ-

2133 1287 2244 1334 ται,
2277 1267 2366 1320 καὶ
2402 1265 2488 1321 ὅτι
2516 1266 2683 1321 τύποι
2733 1264 2868 1341 ᾖσαν
2919 1270 3106 1324 ταῦτα.
3160 1267 3361 1324 Σκόπει
3411 1264 3468 1322 δὲ
3515 1268 3624 1335 ὃτι,
3680 1264 3788 1322 εΐὸ

2138 1357 2321 1431 πατὴρ
2354 1355 2534 1432 Θάρῥα
2564 1355 2665 1411 οὐκ
2695 1355 3023 1428 ἐκοινώνησε
3078 1361 3158 1429 τῷ
3217 1356 3320 1429 υἱῷ
3379 1350 3634 1432 Ἀϐραὰμ
3689 1361 3792 1426 τῆς

2141 1443 2454 1520 ἀποδημίας
2487 1447 2592 1501 ἀπὸ
2623 1450 2732 1502 τῶν
2764 1443 3084 1515 Χαλδαίων,
3117 1443 3207 1501 διὰ
3251 1447 3315 1501 τὸ
3363 1445 3578 1517 ἀνάξιος
3629 1447 3790 1515 εἶναι,

2138 1533 2337 1608 πολλῷ
2401 1535 2614 1609 μᾶλλον
2660 1536 2726 1590 τὰ
2778 1534 2995 1605 παιδία,
3051 1533 3148 1591 κάν
3206 1533 3431 1606 δόξωσιν
3490 1535 3576 1590 ἐπὶ
3644 1533 3791 1591 πολὺ

2139 1625 2424 1699 προελθεῖν
2455 1632 2554 1695 τῆς
2593 1623 2744 1682 ὀδοῦ.
2778 1620 3027 1700 Ἀϐραὰμ
3061 1625 3155 1699 μὶν
3190 1625 3283 1679 οὗν
3317 1625 3461 1680 οὕτω
3508 1625 3795 1695 πειθήνιος

2141 1715 2375 1792 ἐγένετο,
2409 1715 2482 1776 ὡς
2516 1714 2605 1769 καὶ
2634 1712 2786 1790 γένος
2816 1714 2906 1769 καὶ
2955 1711 3188 1790 πατρίδα
3238 1713 3344 1769 ἀπὸ
3391 1717 3794 1790 χρηματισμοῦ

384 1808 468 1862 ita
490 1824 550 1862 se
582 1807 807 1873 habuit,
833 1806 1128 1877 quomodo
1163 1807 1243 1874 hi,
1278 1806 1378 1876 qui
1411 1807 1471 1861 in
1511 1807 1788 1861 omnibus
1819 1805 2030 1861 inobe-

2146 1803 2310 1877 ψιλοῦ
2341 1802 2602 1859 ἐκλιπεῖν.
2654 1803 2718 1860 Εἰ
2774 1801 2830 1859 δὲ
2890 1803 3048 1868 οὗτος
3101 1802 3302 1872 οὕτως,
3355 1806 3474 1866 πῶς
3531 1801 3678 1858 οὗτοι
3738 1801 3792 1858 ἐν

383 1896 614 1952 dientes
646 1912 773 1950 esse
805 1894 1354 1966 deprehenduntur,
1388 1896 1446 1949 in
1485 1896 1637 1950 ﬁlios
1659 1895 1899 1951 Abrahae
1931 1912 2028 1950 re-

384 1985 789 2056 putabuntur?
810 1985 1007 2054 Neque
1031 1985 1190 2039 enim
1213 1984 1341 2038 vitm
1363 1985 1772 2051 nativitas,sed
1794 2002 2030 2040 morum

383 2073 636 2129 imitatio
671 2073 1021 2128 ﬁliationem
1053 2073 1369 2128 conciliat:
1395 2074 1674 2144 quoniam
1698 2075 1779 2129 ita
1795 2090 2032 2146 quoque

387 2165 673 2220 monstris
704 2163 861 2218 mala
887 2163 1127 2217 fortuna
1153 2163 1330 2229 natis,
1387 2162 1546 2233 quod
1604 2163 1935 2236 legitimum
1965 2179 2033 2218 ac

386 2253 658 2309 naturale
672 2251 1350 2323 estpossetattribui.68
1372 2252 1488 2307 [Ioc
1503 2253 1677 2308 modo
1691 2268 2035 2323 quanquam

389 2342 669 2398 dictionis
701 2341 852 2396 serie
879 2357 999 2394 non
1026 2340 1325 2412 procedat,
1359 2357 1572 2413 magna
1593 2346 1792 2396 tamen
1821 2341 2033 2396 abbre-

386 2431 524 2488 viati
555 2431 872 2497 sermonis,
898 2429 1292 2502 intelligentia
1307 2429 2034 2502 progrediens,etillorum

389 2520 827 2593 impudentiam
859 2519 931 2574 ad
971 2519 1185 2574 Christi
1233 2536 1422 2590 usque
1472 2521 1810 2591 passionem
1869 2537 2038 2576 coar-

389 2629 577 2686 guens
608 2629 819 2684 passus
852 2616 940 2665 est
969 2628 1099 2682 quae
1157 2611 1477 2666 verisimile
1536 2618 1664 2667 erat
1719 2629 1856 2667 eum
1914 2612 2036 2684 pati

393 2709 688 2774 oportere,
720 2701 820 2771 qui
853 2699 1043 2755 malos
1074 2705 1363 2771 argueret.
1397 2703 1467 2754 Et
1513 2701 1787 2772 promisit
1836 2717 1898 2756 se
1947 2701 2036 2756 illi

395 2793 693 2847 daturum.
729 2818 752 2841 ι)
785 2789 887 2843 Hic
914 2788 1194 2859 deinceps
1228 2788 1476 2843 Abrahae
1533 2789 1802 2860 procedit
1850 2790 2039 2846 histo-

393 2881 504 2947 ria,
535 2896 666 2949 quaa
699 2884 822 2932 tota
861 2877 1214 2949 patriarcth
1273 2882 1476 2931 narrat
1533 2877 1911 2933 tolerantiam
1963 2877 2038 2933 ad

393 2973 667 3023 eventum
701 2982 888 3038 usque
907 2967 1392 3038 promissionum.
1420 2966 1721 3037 Siquidem
1742 2967 2038 3022 Abraham

393 3060 642 3131 ejusque
670 3062 938 3128 nepotes,
973 3056 1071 3127 qui
1113 3056 1271 3112 circa
1326 3055 1553 3111 divinas
1610 3056 2038 3128 promissiones

390 3147 762 3222 longanimes
782 3146 1043 3212 fuerunt,
1067 3145 2039 3221 demonstratpercelebres,negli-

387 3243 592 3310 gentes
613 3254 747 3292 vero
781 3225 1007 3291 similes
1037 3235 1432 3306 praesentibus
1478 3240 1620 3291 tunc
1664 3235 2034 3292 auditoribus

390 3329 492 3399 qui
525 3334 583 3382 et
612 3327 722 3398 ipsi
763 3326 1004 3382 illorum
1046 3326 1414 3381 calamitates
1471 3325 1693 3397 absque
1748 3326 2032 3384 dilatione

392 3433 513 3472 una
543 3432 672 3470 cum
709 3415 792 3468 eis
851 3420 1266 3485 assequentur,
1323 3414 1636 3470 abstractis
1693 3414 1767 3470 ab
1827 3432 2034 3472 eorum

388 3502 665 3560 manibus
695 3503 867 3557 bonis
894 3519 1024 3573 quae
1057 3502 1396 3573 sperabant.

459 3594 596 3658 Qua;
630 3596 828 3646 tamen
858 3591 1058 3646 omnia
1086 3607 1264 3662 parva
1293 3594 1453 3657 sunt,
1487 3591 1534 3645 si
1581 3591 1652 3647 ad
1706 3597 2035 3649 extremum

386 3685 448 3740 in
468 3683 763 3762 Christum
779 3700 989 3739 ausum
1012 3688 1592 3738 commensurentur.
1632 3682 1766 3738 ideo
1800 3701 2035 3756 quoque

385 3774 520 3830 duri
552 3774 775 3828 cervice
805 3780 860 3828 et
892 3771 1294 3827 incircumcisi
1327 3772 1504 3826 corde
1535 3789 1602 3827 ac
1655 3772 1897 3828 auribus
1947 3773 2035 3828 di-

388 3869 641 3920 cuntur:
674 3867 918 3935 propter
948 3877 1077 3932 quae
1132 3867 1189 3914 et
1249 3861 1668 3932 prophetarum
1721 3861 2035 3918 homicndm

389 3968 516 4007 esse
550 3957 973 4024 coarguuntur,
1010 3949 1126 4003 imo
1161 3949 1347 4020 ipsius
1374 3950 1552 4004 etiam
1587 3949 1823 4018 Christi,
1849 3951 1948 4022 qui
1981 3955 2039 4006 et

388 4040 698 4097 interitum
732 4047 790 4094 et
832 4040 1213 4094 novissimam
1267 4039 1410 4110 ipsis
1461 4039 1892 4112 dispersionem
1943 4058 2036 4096 re-

387 4131 628 4203 pendet.
662 4131 846 4185 Tanta
876 4129 1076 4200 itaque
1107 4135 1266 4199 sunt,
1319 4147 1450 4201 qua
1499 4130 1696 4185 videre
1747 4130 2040 4202 contingit

386 4222 448 4277 in
471 4222 582 4276 hoc
614 4219 950 4276 abbreviato
985 4235 1257 4274 sermone
1292 4218 1768 4290 prudentissima:
1800 4220 2039 4275 concio-

386 4311 481 4367 nis
520 4310 800 4382 Stephani
864 4307 1061 4363 divina
1117 4306 1349 4378 praediti
1407 4308 1720 4378 sapientia,
1781 4325 2034 4378 quorum

388 4401 566 4456 etiam
591 4400 762 4471 juxta
793 4405 1056 4453 nostram
1091 4395 1436 4450 tenuitatem
1471 4401 1773 4466 sumptum
1804 4397 2038 4452 intelle-

389 4496 548 4547 ctum
579 4489 866 4544 hactenus
889 4485 1292 4541 ordinavimus
1331 4486 1657 4539 secundum
1689 4485 2036 4555 qualitatem

2141 1899 2300 1949 πᾶσιν
2360 1892 2600 1957 ἀπειθεῖς
2657 1887 3226 1967 καταλαμϐανόμενοι,
3311 1893 3388 1955 εἷς
3470 1894 3630 1948 τέκνα
3692 1894 3793 1948 τοῦ

2138 1977 2398 2058 Ἀϐραὰμ
2428 1980 2851 2057 λογισθήσονται
2879 2001 2892 2051 ;
2931 1979 2994 2037 οὗ
3023 1980 3127 2058 γὰρ
3157 1983 3192 2052 ἡ
3227 1977 3456 2052 ζωώδης
3509 1980 3789 2052 σύστασις,

2143 2070 2271 2127 ἀλλ’
2301 2074 2336 2140 ἡ
2368 2075 2473 2125 τῶν
2515 2070 2732 2146 τρόπων
2792 2071 3032 2145 μίμησις
3085 2073 3185 2141 τὴν
3239 2070 3467 2141 υἱότητα
3520 2070 3786 2145 προξενεῖ.

2143 2159 2292 2218 Ἐπεί
2325 2159 2472 2216 οὕτω
2500 2181 2560 2236 γε
2589 2159 2678 2214 καὶ
2709 2161 2892 2235 τέρασι
2925 2159 2988 2215 τὸ
3045 2161 3269 2236 γνήσιον
3327 2165 3442 2222 τοῖς
3502 2157 3788 2234 δυστυχῶς

2143 2250 2338 2326 φύσασι
2396 2248 2828 2325 προσιεμηθείη.
2887 2250 3046 2306 Οῦτω
3102 2248 3198 2306 κᾶν
3276 2248 3320 2304 εί
3383 2249 3458 2322 μὴ
3516 2251 3585 2322 τῇ
3645 2245 3786 2320 λέξει

2141 2338 2447 2414 προελθὼν,
2478 2342 2548 2413 τῇ
2579 2342 2708 2415 γοῦν
2736 2343 2834 2394 τοῦ
2893 2337 3333 2413 συντετμημένου
3388 2335 3555 2412 λόγου
3613 2336 3794 2392 πολυ-

2143 2429 2263 2501 νοίᾳ
2300 2422 2530 2504 προϐὰς,
2586 2428 2674 2484 καὶ
2739 2429 2906 2504 μέχρι
2953 2432 3051 2484 τοῦ
3106 2427 3242 2484 κατὰ
3291 2428 3525 2503 Χριστὸν
3583 2426 3791 2491 πάθους

2141 2520 2240 2587 τήν
2272 2515 2536 2573 ἀναίδειαν
2570 2516 2892 2594 ἀπελὲγξας,
2931 2513 3123 2582 ἔπαθεν
3185 2517 3288 2573 ὑπὸ
3343 2521 3452 2572 τῶν
3498 2516 3597 2572 ὅσα
3649 2515 3795 2577 εἰκὸς

2143 2608 2234 2662 τὸν
2303 2606 2607 2682 ἐλέγχοντα
2660 2607 2877 2680 κακοὺς,
2946 2612 3157 2672 παθεῖν.
3242 2607 3337 2661 Καὶ
3420 2603 3794 2679 ἐπηγγείλατο

2147 2693 2329 2751 δοῦναι
2361 2697 2525 2766 αὐτῷ.
2559 2696 2693 2754 Ἀπὸ
2724 2697 2934 2753 τούτων
2955 2693 3151 2753 λοιπὸν
3180 2697 3216 2766 ἡ
3247 2695 3383 2751 κατὰ
3411 2692 3507 2750 τὸν
3543 2689 3798 2770 Ἀϐραὰμ

2144 2785 2361 2861 ἱστορία
2415 2785 2679 2859 πρόεισιν,
2732 2786 2855 2854 ἥτις
2935 2781 3112 2840 ἅπασα
3186 2785 3247 2839 τὸ
3334 2783 3792 2859 προσκαρτερικὸν

2146 2875 2234 2929 ἐπὶ
2275 2879 2392 2936 ταῖς
2431 2879 2538 2929 τῶν
2598 2873 2936 2950 ἐπαγγελιῶν
2993 2870 3239 2930 ἐκϐάσεσι
3297 2877 3392 2928 τοῦ
3445 2872 3792 2948 πατριάρχου

2148 2961 2441 3034 διεξιοῦσα,
2471 2965 2563 3019 τὸν
2599 2957 2851 3039 ’Δϐραάμ
2884 2964 2977 3038 μὲν
3009 2963 3100 3019 καὶ
3131 2962 3260 3026 τοὺς
3290 2964 3406 3018 κατ’
3447 2961 3630 3030 αὐτὸν,
3661 2961 3792 3024 τοὺς

2146 3055 2268 3128 περὶ
2327 3055 2422 3116 τὰς
2482 3054 2625 3115 θείας
2683 3051 3005 3128 ἐπαγγελίας
3063 3051 3439 3129 καρτερικοὺς,
3502 3048 3794 3124 ἀοιδίμους

2147 3141 2456 3217 ἀποφαίνει,
2486 3142 2612 3205 τοὺς
2663 3140 2974 3217 ὀλιγώρους
3025 3139 3102 3212 δε,
3154 3139 3381 3214 ὁμοίους
3426 3144 3535 3196 τῶν
3585 3139 3792 3216 παρόν-

2144 3254 2252 3288 των
2279 3237 2578 3303 τηνικαῦτα
2633 3231 2933 3306 ἀκροατῶν,
2997 3229 3050 3286 ο⁹ί
3100 3231 3190 3286 καὶ
3232 3229 3386 3286 αὐτοὶ
3443 3234 3552 3285 τῶν
3612 3229 3791 3285 αὐτῶν

2148 3321 2370 3385 ἐκείνοις
2431 3319 2840 3397 ἀκληρημάτων
2929 3321 3297 3396 ἀνυπερθέτως
3379 3318 3681 3393 τεύξονται,
3741 3318 3790 3388 ἐξ

2146 3410 2320 3467 αὐτῶν
2381 3415 2603 3488 χειρῶν,
2662 3414 2770 3466 τῶν
2854 3409 3229 3484 ἐλπιζομένων
3292 3409 3502 3472 αὐτοῖς,
3576 3409 3792 3483 ῥυϊσκο-

2150 3502 2344 3574 μένων.

2217 3591 2386 3664 Ἃπερ
2416 3589 2624 3646 ἃπαντα
2677 3589 2830 3663 ὅμως
2887 3589 3055 3664 μικρὰ
3108 3588 3603 3666 παραμετρούμεια
3659 3587 3796 3662 πρὸς

2145 3678 2207 3733 τὸ
2238 3673 2467 3754 ἔσχατον
2498 3679 2633 3733 κατὰ
2663 3681 2896 3753 Χριστοῦ
2924 3679 3213 3752 τόλμημα.
3263 3679 3355 3733 Διὸ
3413 3677 3500 3733 καὶ
3552 3675 3794 3752 σκληρο-

2147 3767 2423 3844 τράχηλοι
2457 3768 2545 3822 καὶ
2578 3767 3045 3842 ἀπερίτμητοιτῇ
3097 3765 3312 3844 καρδίᾳ,
3370 3767 3460 3821 καὶ
3517 3769 3632 3828 τοῖς
3691 3764 3794 3820 ὠσὶ

2149 3852 2643 3934 παραϐεϐυσμένοι.
2678 3859 2756 3913 Δι’
2787 3861 2819 3912 ἅ
2847 3859 2933 3913 καὶ
2969 3863 3152 3934 φονεῖς
3193 3861 3488 3936 προφητῶν
3536 3857 3628 3911 τὸν
3675 3851 3798 3911 ὅλε-

2147 3953 2273 4026 θρον
2307 3951 2395 4006 καὶ
2425 3950 2879 4028 ἀπηλέγχθησαν,
2913 3951 3000 4006 καὶ
3035 3951 3200 4006 αὐτοῦ
3230 3954 3327 4006 τοῦ
3381 3951 3635 4025 Χριστοῦ.
3693 3951 3794 4012 ’Ός

2146 4043 2235 4098 καὶ
2261 4045 2359 4113 τήν
2394 4044 2627 4121 ἐσχάτην
2677 4044 2858 4106 αὐτοῖς
2909 4038 3194 4119 βραϐεύσει
3246 4041 3562 4118 διασποράν.
3596 4043 3663 4099 Ἀ
3699 4042 3793 4115 μὲν

2148 4130 2239 4186 οῦν
2277 4131 2673 4210 ἐνθεωρηθῆναι
2705 4133 2848 4196 είκὸς
2877 4136 2984 4187 τῶν
3017 4134 3152 4188 κατά
3207 4133 3299 4186 τὸν
3358 4130 3798 4203 συντετμημὲνον

2147 4219 2311 4298 λόγον
2343 4229 2442 4294 τῆς
2478 4226 2742 4301 θεοσόιρου
2775 4223 3052 4300 Στεφάνου
3105 4229 3276 4300 σοφῆς
3324 4219 3667 4295 δημηγορίας
3719 4240 3802 4276 τε·

2149 4315 2619 4384 θησαυρισμὲνων,
2655 4310 2908 4366 τοσαῦτα·
2956 4311 3030 4365 ὧν
3074 4311 3164 4366 καὶ
3191 4312 3275 4366 ’τὸ
3324 4309 3589 4386 ἡμέτερον
3650 4309 3800 4364 εὖτε-

2147 4398 2238 4462 λές
2270 4400 2403 4456 κατὰ
2433 4402 2494 4456 τὸ
2524 4397 2819 4473 ἐνάμιλλον
2842 4407 2942 4469 τῆς
2999 4399 3309 4476 προσούσης
3352 4401 3487 4474 ἡμῖν
3539 4399 3796 4473 καθαριό-

2147 4513 2311 4562 τητος
2344 4485 2514 4546 λαϐὸν
2537 4492 2633 4561 τὴν
2667 4490 2878 4545 σύνεσιν
2936 4488 3069 4564 τῇδε
3109 4489 3494 4562 κατετάξαμεν,
3545 4487 3795 4544 συνελόν-

392 4579 512 4635 dati
536 4578 707 4633 nobis
729 4575 1045 4644 sermonis,
1071 4575 1252 4630 finem
1281 4590 1402 4628 una
1424 4589 1558 4628 cum
1581 4574 1874 4645 principio
1897 4592 2034 4631 con-

2146 4604 2232 4646 τες
2265 4585 2400 4658 πρὸς
2429 4586 2499 4657 τῇ
2531 4583 2681 4658 ἀρχῇ
2707 4581 2796 4638 καὶ
2822 4582 2884 4638 τὸ
2915 4583 3103 4658 πέρας,
3165 4581 3311 4654 αὐτῷ
3367 4601 3426 4637 τε
3475 4581 3645 4655 λόγῳ,
3708 4581 3800 4656 ἀφ’

390 4671 732 4724 trahentes:
763 4669 823 4722 in
855 4669 983 4738 ipso
1017 4681 1316 4731 sermone,
1349 4680 1382 4719 a
1415 4680 1531 4735 quo
1564 4663 1720 4718 latex
1749 4663 1846 4718 hic
1890 4664 2039 4720 divi-

390 4757 552 4813 nitus
583 4758 914 4811 scaturiens
946 4755 1197 4822 efﬂuxit,
1231 4771 1340 4809 nos
1373 4752 1761 4808 oblectantes.
1785 4753 1913 4809 Jam
1939 4771 2040 4810 au-

390 4853 510 4902 tem
543 4845 687 4900 utile
721 4845 833 4899 erit
863 4861 968 4915 per
999 4851 1196 4915 partes
1243 4860 1311 4897 ea
1355 4858 1591 4914 quoque
1640 4843 2039 4914 interpretari,

381 4938 557 5010 juxta
588 4939 854 4988 nostram
886 4932 1366 5004 possibilitatem,
1400 4949 1532 5003 quas
1565 4931 1854 5002 majorem
1885 4932 2045 4988 desi-

392 5027 605 5083 derant
633 5038 881 5078 moram.
917 5023 1042 5076 Non
1075 5021 1235 5076 enim
1267 5020 1485 5075 frustra
1513 5020 1586 5075 ad
1632 5021 2044 5078 concionantis

388 5113 834 5171 roborationem
866 5116 1173 5180 assumpta
1200 5115 1289 5163 est
1323 5109 1570 5164 Abrahaa
1601 5109 1850 5181 ejusque
1872 5110 2046 5166 dein-

397 5223 536 5278 ceps
563 5208 846 5274 nepotum
880 5199 1128 5254 historia
1156 5215 1169 5252 :
1203 5197 1306 5252 sed
1339 5204 1404 5252 ut
1435 5198 1800 5262 ostendatur,
1837 5206 1895 5255 et
1918 5217 2042 5257 ma-

386 5297 593 5368 jorum
626 5295 785 5349 circa
816 5291 872 5346 id
907 5289 1063 5362 quod
1096 5287 1363 5343 divinum
1396 5294 1486 5344 est
1528 5287 1718 5344 facilis
1763 5290 2042 5348 obedien-

396 5383 498 5446 tia,
531 5387 588 5436 et
621 5381 916 5434 minorum
949 5377 1022 5431 ob
1054 5375 1358 5447 improbos
1391 5391 1584 5429 mores
1618 5376 2042 5436 inobedientia.

394 5473 465 5526 Et
486 5470 743 5542 primum
767 5467 1008 5540 quidem
1031 5465 1370 5537 exemplum
1389 5480 1459 5518 ex
1490 5463 1786 5521 Abraham
1814 5471 2046 5541 profer-

396 5565 516 5627 tur,
544 5557 704 5630 quod
734 5573 855 5613 non
883 5561 1152 5628 oporteat
1181 5553 1514 5611 accelerare
1549 5570 1617 5609 ea
1671 5571 1802 5626 quae
1834 5556 2046 5614 divinis

398 5646 712 5720 promissis
733 5646 1102 5714 deferuntur,
1126 5645 1267 5720 quia
1283 5659 1476 5716 neque
1497 5642 1798 5705 Abraham
1827 5652 2049 5710 accele-

2152 4671 2214 4728 οὗ
2271 4673 2362 4728 καὶ
2417 4675 2480 4729 τὸ
2539 4669 2866 4738 θεόϐλυστον
2924 4679 3086 4729 τοῦτο
3158 4672 3323 4748 ἐῤῥύη
3381 4676 3548 4746 νᾶμα,
3607 4671 3802 4726 ἐπανα-

2149 4762 2471 4826 παῦσαντες.
2507 4761 2686 4820 Ἀλλὰ
2712 4765 2814 4842 γὰρ
2847 4765 3012 4838 σοφὸν
3055 4761 3164 4834 ἢδη
3213 4763 3304 4818 καὶ
3352 4767 3469 4825 τοῖς
3515 4760 3651 4816 κατὰ
3705 4760 3799 4835 μέ-

2155 4873 2246 4928 ρος
2273 4855 2603 4932 χρήσασθαι,
2634 4853 2856 4909 κατὰτὸ
2913 4854 3048 4923 ἡμῖν
3105 4851 3318 4931 ἐφικτὸν
3371 4849 3800 4928 ἐμφιλοχωροῦ-

2153 4962 2256 4998 σιν.
2306 4941 2383 4999 Οὐ
2447 4941 2551 5019 γὰρ
2599 4943 2773 5016 μάτην
2828 4940 2905 5003 εἷς
2963 4939 3258 5019 ἐπίρῥωσιν
3317 4941 3647 5020 παρελήφθη
3704 4942 3804 4994 τοῦ

2153 5028 2633 5107 δημηγοροῦντος,
2673 5033 2706 5100 ἡ
2737 5030 2871 5086 κατά
2922 5032 3014 5086 τὸν
3069 5025 3330 5107 Ἀϐραὰμ
3381 5029 3472 5086 καὶ
3527 5033 3636 5085 τῶν
3686 5027 3807 5094 καθ’

2154 5122 2276 5192 ἑξῆς
2309 5122 2592 5195 ἀπογόνων
2650 5119 2814 5175 αὐτοῦ
2871 5120 3112 5196 ἱσαορία,
3169 5118 3296 5175 ἀλλ’
3353 5119 3428 5182 ὡς
3483 5117 3544 5174 ἂν
3604 5115 3804 5194 δειχθῇ

2151 5211 2242 5267 καὶ
2275 5216 2382 5266 τῶν
2417 5210 2702 5286 προγόνων
2754 5212 2789 5281 ἡ
2853 5210 2975 5286 περὶ
3026 5211 3090 5266 τὸ
3149 5215 3303 5265 Θεῖον
3365 5208 3657 5274 εὐπείθεια,
3713 5208 3806 5265 καί

2155 5304 2262 5355 τῶν
2315 5299 2602 5374 ἀπογόνων
2661 5302 2696 5368 ἡ
2749 5298 2809 5354 ἐκ
2855 5304 3046 5355 σκαιοῦ
3097 5298 3302 5375 τρόπου
3357 5299 3624 5364 ἀπείθεια,
3698 5295 3809 5354 Καὶ

2157 5392 2374 5463 πρῶτον
2404 5389 2497 5461 μὲν
2535 5386 2840 5463 ὑπόδειγμα
2869 5387 2920 5459 ἐξ
2955 5386 3228 5462 Ἀϐραὰμ,
3282 5389 3345 5444 τὸ
3406 5389 3483 5461 μή
3538 5384 3811 5461 ἐπιταχύ-

2156 5499 2263 5534 νειν
2318 5478 2384 5532 τὰ
2440 5482 2558 5540 ταῖς
2616 5478 2784 5542 θείαις
2840 5477 3188 5553 ἐμφερόμινα
3237 5476 3603 5554 ἐπαγγελίαις.
3674 5478 3808 5534 "Ou

2162 5564 2302 5641 μηδὲ
2361 5561 2614 5643 Ἀϐραὰμ
2664 5568 2765 5636 τήν
2814 5567 2908 5624 ἀπ’
2964 5567 3242 5646 Αἴγύπτου
3322 5571 3430 5623 τῶν
3520 5565 3805 5643 ἀπογόνων

2161 5652 2365 5730 ἔξοδον,
2395 5656 2494 5724 τῆς
2522 5659 2770 5732 κατοχῆς
2823 5655 2998 5712 αὐτῶν
3044 5653 3135 5713 ἐπὶ
3181 5654 3502 5731 τετρακόσια
3545 5649 3640 5726 ἐτη
3694 5673 3812 5709 πα-
