  <div class='ocr_page' id='page_1' title='image "/cluster/home/n/w/nwhite01/storage/ocr_20150623/118/mdp.39015078384297/076.png"; bbox 0 0 4098 6260; ppageno 0'>
   <div class='ocr_carea' id='block_1_1' title="bbox 265 330 368 391">
    <p class='ocr_par' dir='ltr' id='par_1_1' title="bbox 265 330 368 391">
     <span class='ocr_line' id='line_1_1' title="bbox 265 330 368 391; baseline -0.019 0"><span class='ocrx_word' id='word_1_1' title='bbox 265 330 368 391; x_wconf 81' lang='grc'>137</span> 
     </span>
    </p>
   </div>
   <div class='ocr_carea' id='block_1_2' title="bbox 1281 329 2709 395">
    <p class='ocr_par' dir='ltr' id='par_1_2' title="bbox 1281 329 2709 395">
     <span class='ocr_line' id='line_1_2' title="bbox 1281 329 2709 395; baseline -0.001 0"><span class='ocrx_word' id='word_1_2' title='bbox 1281 332 1679 395; x_wconf 70' lang='lat' dir='ltr'>COMMENT.</span> <span class='ocrx_word' id='word_1_3' title='bbox 1728 331 1804 390; x_wconf 90' lang='lat' dir='ltr'>IN</span> <span class='ocrx_word' id='word_1_4' title='bbox 1851 329 2050 390; x_wconf 81' lang='lat' dir='ltr'>ACTA</span> <span class='ocrx_word' id='word_1_5' title='bbox 2094 330 2709 394; x_wconf 79' lang='lat' dir='ltr'>APUSTOLORUM.</span> 
     </span>
    </p>
   </div>
   <div class='ocr_carea' id='block_1_3' title="bbox 3587 334 3706 394">
    <p class='ocr_par' dir='ltr' id='par_1_3' title="bbox 3587 334 3706 394">
     <span class='ocr_line' id='line_1_3' title="bbox 3587 334 3706 394; baseline -0.008 0"><span class='ocrx_word' id='word_1_6' title='bbox 3587 334 3706 394; x_wconf 85' lang='grc'>138</span> 
     </span>
    </p>
   </div>
   <div class='ocr_carea' id='block_1_4' title="bbox 252 461 1950 544">
    <p class='ocr_par' dir='ltr' id='par_1_4' title="bbox 252 461 1948 539">
     <span class='ocr_line' id='line_1_4' title="bbox 252 461 1948 539; baseline -0.001 -20"><span class='ocrx_word' id='word_1_7' title='bbox 252 465 541 537; x_wconf 77' lang='grc' dir='ltr'>ραταθῆναι</span> <span class='ocrx_word' id='word_1_8' title='bbox 573 461 989 535; x_wconf 79' lang='grc' dir='ltr'>δηλωθείσης,</span> <span class='ocrx_word' id='word_1_9' title='bbox 1012 463 1107 519; x_wconf 86' lang='grc' dir='ltr'>καὶ</span> <span class='ocrx_word' id='word_1_10' title='bbox 1128 466 1265 539; x_wconf 82' lang='grc' dir='ltr'>μετὰ</span> <span class='ocrx_word' id='word_1_11' title='bbox 1288 463 1508 535; x_wconf 81' lang='grc' dir='ltr'>πολλῆς</span> <span class='ocrx_word' id='word_1_12' title='bbox 1526 472 1626 534; x_wconf 81' lang='grc' dir='ltr'>τῆς</span> <span class='ocrx_word' id='word_1_13' title='bbox 1658 462 1948 527; x_wconf 79' lang='grc' dir='ltr'>κακώσεως</span> 
     </span>
    </p>
   </div>
   <div class='ocr_carea' id='block_1_5' title="bbox 2063 461 3705 544">
    <p class='ocr_par' dir='ltr' id='par_1_5' title="bbox 2063 467 3705 542">
     <span class='ocr_line' id='line_1_5' title="bbox 2063 467 3705 542; baseline 0.002 -22"><span class='ocrx_word' id='word_1_14' title='bbox 2063 467 2175 521; x_wconf 89' lang='lat' dir='ltr'>rari</span> <span class='ocrx_word' id='word_1_15' title='bbox 2209 467 2382 538; x_wconf 85' lang='lat' dir='ltr'>petiit</span> <span class='ocrx_word' id='word_1_16' title='bbox 2411 477 2693 542; x_wconf 83' lang='lat' dir='ltr'>nepotum</span> <span class='ocrx_word' id='word_1_17' title='bbox 2741 469 2814 523; x_wconf 89' lang='lat' dir='ltr'>ab</span> <span class='ocrx_word' id='word_1_18' title='bbox 2871 470 3113 541; x_wconf 67' lang='lat' dir='ltr'>Egypto</span> <span class='ocrx_word' id='word_1_19' title='bbox 3171 482 3510 539; x_wconf 78' lang='lat' dir='ltr'>egressum:</span> <span class='ocrx_word' id='word_1_20' title='bbox 3566 484 3705 524; x_wconf 87' lang='lat' dir='ltr'>cum</span> 
     </span>
    </p>
   </div>
   <div class='ocr_carea' id='block_1_6' title="bbox 252 551 1958 629">
    <p class='ocr_par' dir='ltr' id='par_1_6' title="bbox 252 551 1958 629">
     <span class='ocr_line' id='line_1_6' title="bbox 252 551 1958 629; baseline -0.001 -21"><span class='ocrx_word' id='word_1_21' title='bbox 252 556 322 608; x_wconf 73' lang='grc' dir='ltr'>καὶ</span> <span class='ocrx_word' id='word_1_22' title='bbox 353 551 737 615; x_wconf 66' lang='grc' dir='ltr'>δουλώσεως.</span> <span class='ocrx_word' id='word_1_23' title='bbox 780 553 1141 616; x_wconf 81' lang='grc' dir='ltr'>Δουλώσεως</span> <span class='ocrx_word' id='word_1_24' title='bbox 1174 551 1230 610; x_wconf 74' lang='grc' dir='ltr'>δὲ</span> <span class='ocrx_word' id='word_1_25' title='bbox 1262 554 1322 609; x_wconf 74' lang='grc' dir='ltr'>οὗ</span> <span class='ocrx_word' id='word_1_26' title='bbox 1356 562 1454 623; x_wconf 80' lang='grc' dir='ltr'>τῆς</span> <span class='ocrx_word' id='word_1_27' title='bbox 1484 555 1786 629; x_wconf 73' lang='grc' dir='ltr'>τυχούσης,</span> <span class='ocrx_word' id='word_1_28' title='bbox 1812 552 1958 608; x_wconf 82' lang='grc' dir='ltr'>ἀλλὰ</span> 
     </span>
    </p>
   </div>
   <div class='ocr_carea' id='block_1_7' title="bbox 246 642 1958 718">
    <p class='ocr_par' dir='ltr' id='par_1_7' title="bbox 246 642 1958 718">
     <span class='ocr_line' id='line_1_7' title="bbox 246 642 1958 718; baseline -0.001 -19"><span class='ocrx_word' id='word_1_29' title='bbox 246 647 323 711; x_wconf 73' lang='grc' dir='ltr'>τῆς</span> <span class='ocrx_word' id='word_1_30' title='bbox 353 644 752 701; x_wconf 83' lang='grc' dir='ltr'>ἀνυποίστου.</span> <span class='ocrx_word' id='word_1_31' title='bbox 789 646 922 701; x_wconf 81' lang='grc' dir='ltr'>Ὀτι</span> <span class='ocrx_word' id='word_1_32' title='bbox 964 644 1114 716; x_wconf 70' lang='grc' dir='ltr'>μηδὲ</span> <span class='ocrx_word' id='word_1_33' title='bbox 1146 645 1220 706; x_wconf 83' lang='grc' dir='ltr'>ὡς</span> <span class='ocrx_word' id='word_1_34' title='bbox 1256 643 1496 709; x_wconf 68' lang='grc' dir='ltr'>δούλοις,</span> <span class='ocrx_word' id='word_1_35' title='bbox 1555 642 1683 698; x_wconf 83' lang='grc' dir='ltr'>ἀλλ’</span> <span class='ocrx_word' id='word_1_36' title='bbox 1735 644 1809 705; x_wconf 85' lang='grc' dir='ltr'>ὡς</span> <span class='ocrx_word' id='word_1_37' title='bbox 1862 643 1958 718; x_wconf 78' lang='grc' dir='ltr'>ἐχ-</span> 
     </span>
    </p>
   </div>
   <div class='ocr_carea' id='block_1_8' title="bbox 239 729 1956 807">
    <p class='ocr_par' dir='ltr' id='par_1_8' title="bbox 239 729 1956 807">
     <span class='ocr_line' id='line_1_8' title="bbox 239 729 1956 807; baseline -0.002 -20"><span class='ocrx_word' id='word_1_38' title='bbox 239 736 371 807; x_wconf 76' lang='grc' dir='ltr'>θροῖς</span> <span class='ocrx_word' id='word_1_39' title='bbox 408 732 717 807; x_wconf 73' lang='grc' dir='ltr'>ἐχρῶντο.</span> <span class='ocrx_word' id='word_1_40' title='bbox 764 734 879 788; x_wconf 77' lang='grc' dir='ltr'>Καὶ</span> <span class='ocrx_word' id='word_1_41' title='bbox 915 734 983 787; x_wconf 77' lang='grc' dir='ltr'>οὐ</span> <span class='ocrx_word' id='word_1_42' title='bbox 1018 732 1203 803; x_wconf 68' lang='grc' dir='ltr'>δήπου</span> <span class='ocrx_word' id='word_1_43' title='bbox 1236 731 1418 803; x_wconf 80' lang='grc' dir='ltr'>δέησις</span> <span class='ocrx_word' id='word_1_44' title='bbox 1452 732 1500 803; x_wconf 77' lang='grc' dir='ltr'>ἐξ</span> <span class='ocrx_word' id='word_1_45' title='bbox 1538 729 1792 807; x_wconf 74' lang='grc' dir='ltr'>Ἀϐραὰμ</span> <span class='ocrx_word' id='word_1_46' title='bbox 1824 753 1956 785; x_wconf 89' lang='grc' dir='ltr'>συν-</span> 
     </span>
    </p>
   </div>
   <div class='ocr_carea' id='block_1_9' title="bbox 230 820 1959 896">
    <p class='ocr_par' dir='ltr' id='par_1_9' title="bbox 230 820 1959 896">
     <span class='ocr_line' id='line_1_9' title="bbox 230 820 1959 896; baseline -0.001 -19"><span class='ocrx_word' id='word_1_47' title='bbox 230 820 433 893; x_wconf 85' lang='grc' dir='ltr'>τέμνειν</span> <span class='ocrx_word' id='word_1_48' title='bbox 472 824 578 876; x_wconf 78' lang='grc' dir='ltr'>τὸν</span> <span class='ocrx_word' id='word_1_49' title='bbox 619 824 879 896; x_wconf 71' lang='grc' dir='ltr'>χρόνον,</span> <span class='ocrx_word' id='word_1_50' title='bbox 917 822 1053 877; x_wconf 80' lang='grc' dir='ltr'>ἀλλ’</span> <span class='ocrx_word' id='word_1_51' title='bbox 1090 824 1177 877; x_wconf 69' lang='grc' dir='ltr'>ὅτι</span> <span class='ocrx_word' id='word_1_52' title='bbox 1231 824 1395 895; x_wconf 77' lang='grc' dir='ltr'>μόνον</span> <span class='ocrx_word' id='word_1_53' title='bbox 1458 824 1650 896; x_wconf 81' lang='grc' dir='ltr'>μικρὸν</span> <span class='ocrx_word' id='word_1_54' title='bbox 1705 821 1778 882; x_wconf 84' lang='grc' dir='ltr'>εἷς</span> <span class='ocrx_word' id='word_1_55' title='bbox 1832 822 1959 875; x_wconf 88' lang='grc' dir='ltr'>ἀνα-</span> 
     </span>
    </p>
   </div>
   <div class='ocr_carea' id='block_1_10' title="bbox 228 910 1956 987">
    <p class='ocr_par' dir='ltr' id='par_1_10' title="bbox 228 910 1956 987">
     <span class='ocr_line' id='line_1_10' title="bbox 228 910 1956 987; baseline -0.001 -21"><span class='ocrx_word' id='word_1_56' title='bbox 228 914 394 987; x_wconf 69' lang='grc' dir='ltr'>ψυχὴν</span> <span class='ocrx_word' id='word_1_57' title='bbox 433 914 471 980; x_wconf 79' lang='grc' dir='ltr'>ἡ</span> <span class='ocrx_word' id='word_1_58' title='bbox 516 911 878 973; x_wconf 80' lang='grc' dir='ltr'>ἀντέκτισις</span> <span class='ocrx_word' id='word_1_59' title='bbox 934 914 1079 984; x_wconf 82' lang='grc' dir='ltr'>πρὸς</span> <span class='ocrx_word' id='word_1_60' title='bbox 1141 913 1269 975; x_wconf 77' lang='grc' dir='ltr'>τοὺς</span> <span class='ocrx_word' id='word_1_61' title='bbox 1324 917 1622 971; x_wconf 79' lang='grc' dir='ltr'>κακοῦντας</span> <span class='ocrx_word' id='word_1_62' title='bbox 1684 910 1732 983; x_wconf 78' lang='grc' dir='ltr'>ἐξ</span> <span class='ocrx_word' id='word_1_63' title='bbox 1791 910 1956 965; x_wconf 76' lang='grc' dir='ltr'>αὐτοῦ</span> 
     </span>
    </p>
   </div>
   <div class='ocr_carea' id='block_1_11' title="bbox 230 997 1957 1078">
    <p class='ocr_par' dir='ltr' id='par_1_11' title="bbox 230 997 1957 1078">
     <span class='ocr_line' id='line_1_11' title="bbox 230 997 1957 1078; baseline -0.002 -21"><span class='ocrx_word' id='word_1_64' title='bbox 230 1003 408 1057; x_wconf 76' lang='grc' dir='ltr'>τοὸτου</span> <span class='ocrx_word' id='word_1_65' title='bbox 436 1014 669 1075; x_wconf 72' lang='grc' dir='ltr'>κρίνειν</span> <span class='ocrx_word' id='word_1_66' title='bbox 720 999 1236 1078; x_wconf 64' lang='grc' dir='ltr'>ἐπαγγειλαμένου</span> <span class='ocrx_word' id='word_1_67' title='bbox 1292 1002 1417 1062; x_wconf 72' lang='grc' dir='ltr'>τοὺς</span> <span class='ocrx_word' id='word_1_68' title='bbox 1478 997 1774 1075; x_wconf 73' lang='grc' dir='ltr'>ἐχθρωδῶς</span> <span class='ocrx_word' id='word_1_69' title='bbox 1830 999 1957 1064; x_wconf 82' lang='grc' dir='ltr'>τοὺς</span> 
     </span>
    </p>
   </div>
   <div class='ocr_carea' id='block_1_12' title="bbox 241 1088 1956 1166">
    <p class='ocr_par' dir='ltr' id='par_1_12' title="bbox 241 1088 1956 1166">
     <span class='ocr_line' id='line_1_12' title="bbox 241 1088 1956 1166; baseline -0.003 -19"><span class='ocrx_word' id='word_1_70' title='bbox 241 1088 376 1147; x_wconf 65' lang='grc' dir='ltr'>οὐδέν</span> <span class='ocrx_word' id='word_1_71' title='bbox 405 1090 796 1161; x_wconf 70' lang='grc' dir='ltr'>ἠδικηκότας</span> <span class='ocrx_word' id='word_1_72' title='bbox 838 1091 1335 1166; x_wconf 75' lang='grc' dir='ltr'>ἐπανῃρημένους.</span> <span class='ocrx_word' id='word_1_73' title='bbox 1380 1092 1455 1149; x_wconf 88' lang='grc' dir='ltr'>Τὸ</span> <span class='ocrx_word' id='word_1_74' title='bbox 1503 1089 1559 1145; x_wconf 82' lang='grc' dir='ltr'>δὲ</span> <span class='ocrx_word' id='word_1_75' title='bbox 1606 1090 1711 1144; x_wconf 74' lang='grc' dir='ltr'>ἀπὸ</span> <span class='ocrx_word' id='word_1_76' title='bbox 1762 1089 1956 1158; x_wconf 64' lang='grc' dir='ltr'>Περσί-</span> 
     </span>
    </p>
   </div>
   <div class='ocr_carea' id='block_1_13' title="bbox 238 1180 1955 1259">
    <p class='ocr_par' dir='ltr' id='par_1_13' title="bbox 238 1180 1955 1259">
     <span class='ocr_line' id='line_1_13' title="bbox 238 1180 1955 1259; baseline -0.003 -21"><span class='ocrx_word' id='word_1_77' title='bbox 238 1181 316 1244; x_wconf 81' lang='grc' dir='ltr'>δος</span> <span class='ocrx_word' id='word_1_78' title='bbox 368 1183 445 1245; x_wconf 72' lang='grc' dir='ltr'>εἷς</span> <span class='ocrx_word' id='word_1_79' title='bbox 508 1180 947 1252; x_wconf 69' lang='grc' dir='ltr'>Παλαιστίνην</span> <span class='ocrx_word' id='word_1_80' title='bbox 1012 1184 1110 1245; x_wconf 81' lang='grc' dir='ltr'>τὰς</span> <span class='ocrx_word' id='word_1_81' title='bbox 1199 1181 1529 1259; x_wconf 79' lang='grc' dir='ltr'>ἐπαγγελίας</span> <span class='ocrx_word' id='word_1_82' title='bbox 1615 1180 1955 1256; x_wconf 77' lang='grc' dir='ltr'>περαίνεσθαι</span> 
     </span>
    </p>
   </div>
   <div class='ocr_carea' id='block_1_14' title="bbox 236 1266 1954 1347">
    <p class='ocr_par' dir='ltr' id='par_1_14' title="bbox 236 1266 1954 1347">
     <span class='ocr_line' id='line_1_14' title="bbox 236 1266 1954 1347; baseline -0.003 -20"><span class='ocrx_word' id='word_1_83' title='bbox 236 1270 566 1347; x_wconf 74' lang='grc' dir='ltr'>προσδοκᾷν,</span> <span class='ocrx_word' id='word_1_84' title='bbox 606 1272 714 1326; x_wconf 81' lang='grc' dir='ltr'>καὶ</span> <span class='ocrx_word' id='word_1_85' title='bbox 754 1270 903 1327; x_wconf 69' lang='grc' dir='ltr'>οὖδέ</span> <span class='ocrx_word' id='word_1_86' title='bbox 940 1269 1036 1326; x_wconf 76' lang='grc' dir='ltr'>διὰ</span> <span class='ocrx_word' id='word_1_87' title='bbox 1084 1274 1148 1327; x_wconf 83' lang='grc' dir='ltr'>τὸ</span> <span class='ocrx_word' id='word_1_88' title='bbox 1192 1271 1532 1346; x_wconf 77' lang='grc' dir='ltr'>μακροδαπές</span> <span class='ocrx_word' id='word_1_89' title='bbox 1592 1270 1665 1333; x_wconf 84' lang='grc' dir='ltr'>εἷς</span> <span class='ocrx_word' id='word_1_90' title='bbox 1715 1271 1776 1325; x_wconf 89' lang='grc' dir='ltr'>τὸ</span> <span class='ocrx_word' id='word_1_91' title='bbox 1824 1266 1954 1323; x_wconf 67' lang='grc' dir='ltr'>ἀδύ-</span> 
     </span>
    </p>
   </div>
   <div class='ocr_carea' id='block_1_15' title="bbox 236 1362 1954 1439">
    <p class='ocr_par' dir='ltr' id='par_1_15' title="bbox 236 1362 1954 1439">
     <span class='ocr_line' id='line_1_15' title="bbox 236 1362 1954 1439; baseline -0.001 -23"><span class='ocrx_word' id='word_1_92' title='bbox 236 1384 378 1418; x_wconf 84' lang='grc' dir='ltr'>νατον</span> <span class='ocrx_word' id='word_1_93' title='bbox 411 1368 738 1435; x_wconf 80' lang='grc' dir='ltr'>περιιστᾷν</span> <span class='ocrx_word' id='word_1_94' title='bbox 787 1366 907 1433; x_wconf 68' lang='grc' dir='ltr'>τήν</span> <span class='ocrx_word' id='word_1_95' title='bbox 941 1362 1297 1439; x_wconf 79' lang='grc' dir='ltr'>ἐπαγγελίαν,</span> <span class='ocrx_word' id='word_1_96' title='bbox 1348 1365 1410 1418; x_wconf 85' lang='grc' dir='ltr'>τὸ</span> <span class='ocrx_word' id='word_1_97' title='bbox 1467 1367 1570 1417; x_wconf 77' lang='grc' dir='ltr'>πᾶν</span> <span class='ocrx_word' id='word_1_98' title='bbox 1622 1362 1954 1435; x_wconf 80' lang='grc' dir='ltr'>ἀναθέμενον</span> 
     </span>
    </p>
   </div>
   <div class='ocr_carea' id='block_1_16' title="bbox 242 1451 1954 1529">
    <p class='ocr_par' dir='ltr' id='par_1_16' title="bbox 242 1451 1954 1529">
     <span class='ocr_line' id='line_1_16' title="bbox 242 1451 1954 1529; baseline -0.002 -21"><span class='ocrx_word' id='word_1_99' title='bbox 242 1457 297 1527; x_wconf 78' lang='grc' dir='ltr'>τῇ</span> <span class='ocrx_word' id='word_1_100' title='bbox 323 1458 427 1508; x_wconf 88' lang='grc' dir='ltr'>τοῦ</span> <span class='ocrx_word' id='word_1_101' title='bbox 493 1451 1037 1529; x_wconf 65' lang='grc' dir='ltr'>ἐπαγγειλαμένου</span> <span class='ocrx_word' id='word_1_102' title='bbox 1099 1451 1346 1525; x_wconf 78' lang='grc' dir='ltr'>δυνάμει,</span> <span class='ocrx_word' id='word_1_103' title='bbox 1405 1451 1603 1522; x_wconf 80' lang='grc' dir='ltr'>πόσης,</span> <span class='ocrx_word' id='word_1_104' title='bbox 1659 1459 1757 1520; x_wconf 77' lang='grc' dir='ltr'>τῆς</span> <span class='ocrx_word' id='word_1_105' title='bbox 1818 1452 1954 1525; x_wconf 84' lang='grc' dir='ltr'>πρὸς</span> 
     </span>
    </p>
   </div>
   <div class='ocr_carea' id='block_1_17' title="bbox 244 1537 1955 1616">
    <p class='ocr_par' dir='ltr' id='par_1_17' title="bbox 244 1537 1955 1616">
     <span class='ocr_line' id='line_1_17' title="bbox 244 1537 1955 1616; baseline -0.002 -19"><span class='ocrx_word' id='word_1_106' title='bbox 244 1544 350 1598; x_wconf 82' lang='grc' dir='ltr'>Θεὸν</span> <span class='ocrx_word' id='word_1_107' title='bbox 391 1537 762 1615; x_wconf 65' lang='grc' dir='ltr'>σύμῧουλον</span> <span class='ocrx_word' id='word_1_108' title='bbox 800 1545 1225 1613; x_wconf 65' lang='grc' dir='ltr'>πεποιθήσεως,</span> <span class='ocrx_word' id='word_1_109' title='bbox 1257 1543 1392 1616; x_wconf 84' lang='grc' dir='ltr'>πρὸς</span> <span class='ocrx_word' id='word_1_110' title='bbox 1436 1542 1655 1603; x_wconf 73' lang='grc' dir='ltr'>τούτοις</span> <span class='ocrx_word' id='word_1_111' title='bbox 1700 1542 1726 1595; x_wconf 86' lang='grc' dir='ltr'>ὁ</span> <span class='ocrx_word' id='word_1_112' title='bbox 1784 1540 1955 1609; x_wconf 83' lang='grc' dir='ltr'>ζῆλος</span> 
     </span>
    </p>
   </div>
   <div class='ocr_carea' id='block_1_18' title="bbox 243 1630 1952 1711">
    <p class='ocr_par' dir='ltr' id='par_1_18' title="bbox 243 1630 1952 1711">
     <span class='ocr_line' id='line_1_18' title="bbox 243 1630 1952 1711; baseline -0.003 -22"><span class='ocrx_word' id='word_1_113' title='bbox 243 1638 330 1689; x_wconf 74' lang='grc' dir='ltr'>τῶν</span> <span class='ocrx_word' id='word_1_114' title='bbox 360 1631 647 1710; x_wconf 63' lang='grc' dir='ltr'>ἀδελφῶν</span> <span class='ocrx_word' id='word_1_115' title='bbox 687 1634 849 1706; x_wconf 65' lang='grc' dir='ltr'>πρὶς</span> <span class='ocrx_word' id='word_1_116' title='bbox 876 1634 974 1687; x_wconf 87' lang='grc' dir='ltr'>τὸν</span> <span class='ocrx_word' id='word_1_117' title='bbox 1040 1633 1266 1711; x_wconf 65' lang='grc' dir='ltr'>Ἰωσήφ,</span> <span class='ocrx_word' id='word_1_118' title='bbox 1324 1632 1414 1686; x_wconf 83' lang='grc' dir='ltr'>καὶ</span> <span class='ocrx_word' id='word_1_119' title='bbox 1476 1630 1849 1705; x_wconf 83' lang='grc' dir='ltr'>ἀμνησικακία</span> <span class='ocrx_word' id='word_1_120' title='bbox 1900 1631 1952 1684; x_wconf 80' lang='grc' dir='ltr'>ἐν</span> 
     </span>
    </p>
   </div>
   <div class='ocr_carea' id='block_1_19' title="bbox 247 1719 1952 1797">
    <p class='ocr_par' dir='ltr' id='par_1_19' title="bbox 247 1719 1952 1797">
     <span class='ocr_line' id='line_1_19' title="bbox 247 1719 1952 1797; baseline -0.004 -18"><span class='ocrx_word' id='word_1_121' title='bbox 247 1722 308 1795; x_wconf 73' lang='grc' dir='ltr'>τῷ</span> <span class='ocrx_word' id='word_1_122' title='bbox 339 1725 417 1797; x_wconf 75' lang='grc' dir='ltr'>μὴ</span> <span class='ocrx_word' id='word_1_123' title='bbox 485 1720 935 1776; x_wconf 75' lang='grc' dir='ltr'>ἀνταποδοῦναι</span> <span class='ocrx_word' id='word_1_124' title='bbox 998 1721 1191 1795; x_wconf 82' lang='grc' dir='ltr'>καίπερ</span> <span class='ocrx_word' id='word_1_125' title='bbox 1254 1719 1567 1790; x_wconf 88' lang='grc' dir='ltr'>δυνηθέντα,</span> <span class='ocrx_word' id='word_1_126' title='bbox 1629 1725 1737 1775; x_wconf 81' lang='grc' dir='ltr'>τῶν</span> <span class='ocrx_word' id='word_1_127' title='bbox 1797 1741 1952 1774; x_wconf 83' lang='grc' dir='ltr'>κεκα-</span> 
     </span>
    </p>
   </div>
   <div class='ocr_carea' id='block_1_20' title="bbox 2067 558 3688 632">
    <p class='ocr_par' dir='ltr' id='par_1_20' title="bbox 2067 558 3688 632">
     <span class='ocr_line' id='line_1_20' title="bbox 2067 558 3688 632; baseline 0.002 -21"><span class='ocrx_word' id='word_1_128' title='bbox 2067 559 2444 615; x_wconf 86' lang='lat' dir='ltr'>manifestata</span> <span class='ocrx_word' id='word_1_129' title='bbox 2475 567 2632 615; x_wconf 91' lang='lat' dir='ltr'>esset</span> <span class='ocrx_word' id='word_1_130' title='bbox 2668 561 2719 615; x_wconf 90' lang='lat' dir='ltr'>ei</span> <span class='ocrx_word' id='word_1_131' title='bbox 2754 560 3037 616; x_wconf 87' lang='lat' dir='ltr'>delentio.</span> <span class='ocrx_word' id='word_1_132' title='bbox 3060 576 3191 630; x_wconf 61' lang='lat' dir='ltr'>quas</span> <span class='ocrx_word' id='word_1_133' title='bbox 3222 558 3295 614; x_wconf 92' lang='lat' dir='ltr'>ad</span> <span class='ocrx_word' id='word_1_134' title='bbox 3319 558 3688 632; x_wconf 86' lang='lat' dir='ltr'>quadringen</span> 
     </span>
    </p>
   </div>
   <div class='ocr_carea' id='block_1_21' title="bbox 2068 646 3721 721">
    <p class='ocr_par' dir='ltr' id='par_1_21' title="bbox 2068 646 3721 721">
     <span class='ocr_line' id='line_1_21' title="bbox 2068 646 3721 721; baseline 0.001 -21"><span class='ocrx_word' id='word_1_135' title='bbox 2068 652 2157 702; x_wconf 90' lang='lat' dir='ltr'>tos</span> <span class='ocrx_word' id='word_1_136' title='bbox 2198 666 2386 703; x_wconf 89' lang='lat' dir='ltr'>annos</span> <span class='ocrx_word' id='word_1_137' title='bbox 2418 650 2790 721; x_wconf 88' lang='lat' dir='ltr'>proroganda</span> <span class='ocrx_word' id='word_1_138' title='bbox 2820 656 2965 715; x_wconf 90' lang='lat' dir='ltr'>erat,</span> <span class='ocrx_word' id='word_1_139' title='bbox 2999 649 3179 720; x_wconf 88' lang='lat' dir='ltr'>idque</span> <span class='ocrx_word' id='word_1_140' title='bbox 3211 666 3346 704; x_wconf 89' lang='lat' dir='ltr'>cum</span> <span class='ocrx_word' id='word_1_141' title='bbox 3391 649 3578 702; x_wconf 87' lang='lat' dir='ltr'>multa</span> <span class='ocrx_word' id='word_1_142' title='bbox 3633 646 3721 702; x_wconf 80' lang='lat' dir='ltr'>af-</span> 
     </span>
    </p>
   </div>
   <div class='ocr_carea' id='block_1_22' title="bbox 2066 736 3718 805">
    <p class='ocr_par' dir='ltr' id='par_1_22' title="bbox 2066 736 3718 805">
     <span class='ocr_line' id='line_1_22' title="bbox 2066 736 3718 805; baseline -0.001 -14"><span class='ocrx_word' id='word_1_143' title='bbox 2066 736 2331 791; x_wconf 81' lang='lat' dir='ltr'>flictione</span> <span class='ocrx_word' id='word_1_144' title='bbox 2365 745 2423 792; x_wconf 92' lang='lat' dir='ltr'>et</span> <span class='ocrx_word' id='word_1_145' title='bbox 2480 739 2825 793; x_wconf 89' lang='lat' dir='ltr'>subactione</span> <span class='ocrx_word' id='word_1_146' title='bbox 2877 739 2936 792; x_wconf 90' lang='lat' dir='ltr'>in</span> <span class='ocrx_word' id='word_1_147' title='bbox 2970 740 3335 805; x_wconf 77' lang='lat' dir='ltr'>servitutem,</span> <span class='ocrx_word' id='word_1_148' title='bbox 3371 736 3718 792; x_wconf 86' lang='lat' dir='ltr'>subactione</span> 
     </span>
    </p>
   </div>
   <div class='ocr_carea' id='block_1_23' title="bbox 2066 826 3717 897">
    <p class='ocr_par' dir='ltr' id='par_1_23' title="bbox 2066 826 3717 897">
     <span class='ocr_line' id='line_1_23' title="bbox 2066 826 3717 897; baseline 0 -19"><span class='ocrx_word' id='word_1_149' title='bbox 2066 842 2199 880; x_wconf 87' lang='lat' dir='ltr'>vero</span> <span class='ocrx_word' id='word_1_150' title='bbox 2218 843 2337 881; x_wconf 92' lang='lat' dir='ltr'>non</span> <span class='ocrx_word' id='word_1_151' title='bbox 2352 827 2745 896; x_wconf 89' lang='lat' dir='ltr'>qualibet,sed</span> <span class='ocrx_word' id='word_1_152' title='bbox 2762 827 3120 882; x_wconf 84' lang='lat' dir='ltr'>intolerabili</span> <span class='ocrx_word' id='word_1_153' title='bbox 3134 826 3447 897; x_wconf 75' lang='lat' dir='ltr'>,siquidem</span> <span class='ocrx_word' id='word_1_154' title='bbox 3464 826 3582 880; x_wconf 87' lang='lat' dir='ltr'>illis</span> <span class='ocrx_word' id='word_1_155' title='bbox 3596 840 3717 879; x_wconf 90' lang='lat' dir='ltr'>non</span> 
     </span>
    </p>
   </div>
   <div class='ocr_carea' id='block_1_24' title="bbox 2066 918 3715 983">
    <p class='ocr_par' dir='ltr' id='par_1_24' title="bbox 2066 918 3715 983">
     <span class='ocr_line' id='line_1_24' title="bbox 2066 918 3715 983; baseline 0.002 -13"><span class='ocrx_word' id='word_1_156' title='bbox 2066 923 2131 970; x_wconf 90' lang='lat' dir='ltr'>ut</span> <span class='ocrx_word' id='word_1_157' title='bbox 2159 918 2363 983; x_wconf 80' lang='lat' dir='ltr'>servis,</span> <span class='ocrx_word' id='word_1_158' title='bbox 2399 918 2498 972; x_wconf 91' lang='lat' dir='ltr'>sed</span> <span class='ocrx_word' id='word_1_159' title='bbox 2533 925 2598 971; x_wconf 93' lang='lat' dir='ltr'>ut</span> <span class='ocrx_word' id='word_1_160' title='bbox 2628 918 2889 973; x_wconf 87' lang='lat' dir='ltr'>inimicis</span> <span class='ocrx_word' id='word_1_161' title='bbox 2920 919 3265 973; x_wconf 85' lang='lat' dir='ltr'>utebantur.</span> <span class='ocrx_word' id='word_1_162' title='bbox 3298 919 3399 973; x_wconf 74' lang='lat'><strong>64</strong></span> <span class='ocrx_word' id='word_1_163' title='bbox 3431 920 3500 973; x_wconf 90' lang='lat' dir='ltr'>Et</span> <span class='ocrx_word' id='word_1_164' title='bbox 3556 924 3715 973; x_wconf 85' lang='lat' dir='ltr'>certe</span> 
     </span>
    </p>
   </div>
   <div class='ocr_carea' id='block_1_25' title="bbox 2066 1006 3714 1079">
    <p class='ocr_par' dir='ltr' id='par_1_25' title="bbox 2066 1006 3714 1079">
     <span class='ocr_line' id='line_1_25' title="bbox 2066 1006 3714 1079; baseline 0.002 -20"><span class='ocrx_word' id='word_1_165' title='bbox 2066 1006 2232 1060; x_wconf 90' lang='lat' dir='ltr'>nulla</span> <span class='ocrx_word' id='word_1_166' title='bbox 2263 1009 2561 1077; x_wconf 79' lang='lat' dir='ltr'>profertur</span> <span class='ocrx_word' id='word_1_167' title='bbox 2590 1006 2662 1062; x_wconf 85' lang='lat' dir='ltr'>ab</span> <span class='ocrx_word' id='word_1_168' title='bbox 2695 1007 2991 1062; x_wconf 64' lang='lat' dir='ltr'>Abraham</span> <span class='ocrx_word' id='word_1_169' title='bbox 3025 1008 3359 1079; x_wconf 81' lang='lat' dir='ltr'>deprecatio</span> <span class='ocrx_word' id='word_1_170' title='bbox 3400 1008 3471 1061; x_wconf 91' lang='lat' dir='ltr'>de</span> <span class='ocrx_word' id='word_1_171' title='bbox 3503 1007 3714 1063; x_wconf 88' lang='lat' dir='ltr'>abbre-</span> 
     </span>
    </p>
   </div>
   <div class='ocr_carea' id='block_1_26' title="bbox 2064 1095 3715 1168">
    <p class='ocr_par' dir='ltr' id='par_1_26' title="bbox 2064 1095 3715 1168">
     <span class='ocr_line' id='line_1_26' title="bbox 2064 1095 3715 1168; baseline 0.002 -20"><span class='ocrx_word' id='word_1_172' title='bbox 2064 1095 2275 1150; x_wconf 91' lang='lat' dir='ltr'>viando</span> <span class='ocrx_word' id='word_1_173' title='bbox 2310 1104 2595 1168; x_wconf 90' lang='lat' dir='ltr'>tempore,</span> <span class='ocrx_word' id='word_1_174' title='bbox 2627 1096 2731 1152; x_wconf 92' lang='lat' dir='ltr'>sed</span> <span class='ocrx_word' id='word_1_175' title='bbox 2765 1098 3075 1168; x_wconf 85' lang='lat' dir='ltr'>paululum</span> <span class='ocrx_word' id='word_1_176' title='bbox 3108 1096 3392 1168; x_wconf 87' lang='lat' dir='ltr'>quiddam</span> <span class='ocrx_word' id='word_1_177' title='bbox 3424 1096 3715 1152; x_wconf 81' lang='lat' dir='ltr'>duntaxat</span> 
     </span>
    </p>
   </div>
   <div class='ocr_carea' id='block_1_27' title="bbox 2064 1185 3711 1258">
    <p class='ocr_par' dir='ltr' id='par_1_27' title="bbox 2064 1185 3711 1258">
     <span class='ocr_line' id='line_1_27' title="bbox 2064 1185 3711 1258; baseline 0.001 -19"><span class='ocrx_word' id='word_1_178' title='bbox 2064 1185 2138 1239; x_wconf 88' lang='lat' dir='ltr'>ad</span> <span class='ocrx_word' id='word_1_179' title='bbox 2168 1186 2663 1241; x_wconf 88' lang='lat' dir='ltr'>refocillationem</span> <span class='ocrx_word' id='word_1_180' title='bbox 2694 1188 3047 1258; x_wconf 75' lang='lat' dir='ltr'>praestitum,</span> <span class='ocrx_word' id='word_1_181' title='bbox 3076 1203 3292 1258; x_wconf 86' lang='lat' dir='ltr'>nempe</span> <span class='ocrx_word' id='word_1_182' title='bbox 3341 1187 3711 1258; x_wconf 85' lang='lat' dir='ltr'>respondens</span> 
     </span>
    </p>
   </div>
   <div class='ocr_carea' id='block_1_28' title="bbox 2065 1275 3711 1349">
    <p class='ocr_par' dir='ltr' id='par_1_28' title="bbox 2065 1275 3711 1349">
     <span class='ocr_line' id='line_1_28' title="bbox 2065 1275 3711 1349; baseline 0.001 -20"><span class='ocrx_word' id='word_1_183' title='bbox 2065 1275 2343 1330; x_wconf 87' lang='lat' dir='ltr'>adversus</span> <span class='ocrx_word' id='word_1_184' title='bbox 2367 1276 2696 1349; x_wconf 82' lang='lat' dir='ltr'>afﬁigentes</span> <span class='ocrx_word' id='word_1_185' title='bbox 2714 1277 2882 1343; x_wconf 91' lang='lat' dir='ltr'>ultio,</span> <span class='ocrx_word' id='word_1_186' title='bbox 2908 1277 2978 1331; x_wconf 92' lang='lat' dir='ltr'>ab</span> <span class='ocrx_word' id='word_1_187' title='bbox 3001 1292 3067 1331; x_wconf 88' lang='lat' dir='ltr'>eo</span> <span class='ocrx_word' id='word_1_188' title='bbox 3094 1276 3194 1347; x_wconf 90' lang='lat' dir='ltr'>qui</span> <span class='ocrx_word' id='word_1_189' title='bbox 3224 1293 3284 1331; x_wconf 90' lang='lat' dir='ltr'>se</span> <span class='ocrx_word' id='word_1_190' title='bbox 3302 1277 3711 1347; x_wconf 88' lang='lat' dir='ltr'>judicaturum</span> 
     </span>
    </p>
   </div>
   <div class='ocr_carea' id='block_1_29' title="bbox 2064 1366 3711 1437">
    <p class='ocr_par' dir='ltr' id='par_1_29' title="bbox 2064 1366 3711 1437">
     <span class='ocr_line' id='line_1_29' title="bbox 2064 1366 3711 1437; baseline 0.001 -19"><span class='ocrx_word' id='word_1_191' title='bbox 2064 1366 2338 1435; x_wconf 88' lang='lat' dir='ltr'>promisit</span> <span class='ocrx_word' id='word_1_192' title='bbox 2386 1366 2541 1435; x_wconf 87' lang='lat' dir='ltr'>illos,</span> <span class='ocrx_word' id='word_1_193' title='bbox 2603 1367 2701 1437; x_wconf 90' lang='lat' dir='ltr'>qui</span> <span class='ocrx_word' id='word_1_194' title='bbox 2760 1366 3058 1421; x_wconf 85' lang='lat' dir='ltr'>hostiliter</span> <span class='ocrx_word' id='word_1_195' title='bbox 3116 1383 3215 1422; x_wconf 91' lang='lat' dir='ltr'>eos</span> <span class='ocrx_word' id='word_1_196' title='bbox 3273 1366 3711 1432; x_wconf 88' lang='lat' dir='ltr'>interimerent,</span> 
     </span>
    </p>
   </div>
   <div class='ocr_carea' id='block_1_30' title="bbox 2064 1454 3715 1527">
    <p class='ocr_par' dir='ltr' id='par_1_30' title="bbox 2064 1454 3715 1527">
     <span class='ocr_line' id='line_1_30' title="bbox 2064 1454 3715 1527; baseline 0.001 -20"><span class='ocrx_word' id='word_1_197' title='bbox 2064 1455 2164 1525; x_wconf 92' lang='lat' dir='ltr'>qui</span> <span class='ocrx_word' id='word_1_198' title='bbox 2196 1455 2346 1508; x_wconf 88' lang='lat' dir='ltr'>nihil</span> <span class='ocrx_word' id='word_1_199' title='bbox 2368 1454 2604 1526; x_wconf 66' lang='lat' dir='ltr'>injurias</span> <span class='ocrx_word' id='word_1_200' title='bbox 2628 1456 2740 1527; x_wconf 91' lang='lat' dir='ltr'>ipsi</span> <span class='ocrx_word' id='word_1_201' title='bbox 2770 1455 3137 1511; x_wconf 89' lang='lat' dir='ltr'>intulissent.</span> <span class='ocrx_word' id='word_1_202' title='bbox 3172 1455 3439 1510; x_wconf 84' lang='lat' dir='ltr'>Animari</span> <span class='ocrx_word' id='word_1_203' title='bbox 3471 1471 3608 1509; x_wconf 86' lang='lat' dir='ltr'>vero</span> <span class='ocrx_word' id='word_1_204' title='bbox 3640 1454 3715 1510; x_wconf 86' lang='lat' dir='ltr'>ad</span> 
     </span>
    </p>
   </div>
   <div class='ocr_carea' id='block_1_31' title="bbox 2067 1545 3713 1617">
    <p class='ocr_par' dir='ltr' id='par_1_31' title="bbox 2067 1545 3713 1617">
     <span class='ocr_line' id='line_1_31' title="bbox 2067 1545 3713 1617; baseline 0.001 -19"><span class='ocrx_word' id='word_1_205' title='bbox 2067 1545 2491 1616; x_wconf 83' lang='lat' dir='ltr'>exspectandas</span> <span class='ocrx_word' id='word_1_206' title='bbox 2523 1563 2555 1600; x_wconf 94' lang='lat' dir='ltr'>a</span> <span class='ocrx_word' id='word_1_207' title='bbox 2581 1546 2821 1601; x_wconf 88' lang='lat' dir='ltr'>Perside</span> <span class='ocrx_word' id='word_1_208' title='bbox 2854 1548 2915 1600; x_wconf 92' lang='lat' dir='ltr'>in</span> <span class='ocrx_word' id='word_1_209' title='bbox 2949 1546 3327 1601; x_wconf 63' lang='lat' dir='ltr'>Palaestinam</span> <span class='ocrx_word' id='word_1_210' title='bbox 3357 1546 3713 1617; x_wconf 88' lang='lat' dir='ltr'>promissio-</span> 
     </span>
    </p>
   </div>
   <div class='ocr_carea' id='block_1_32' title="bbox 2064 1637 3714 1709">
    <p class='ocr_par' dir='ltr' id='par_1_32' title="bbox 2064 1637 3714 1709">
     <span class='ocr_line' id='line_1_32' title="bbox 2064 1637 3714 1709; baseline 0 -21"><span class='ocrx_word' id='word_1_211' title='bbox 2064 1650 2188 1700; x_wconf 89' lang='lat' dir='ltr'>nes,</span> <span class='ocrx_word' id='word_1_212' title='bbox 2224 1641 2281 1689; x_wconf 91' lang='lat' dir='ltr'>et</span> <span class='ocrx_word' id='word_1_213' title='bbox 2312 1653 2504 1706; x_wconf 92' lang='lat' dir='ltr'>neque</span> <span class='ocrx_word' id='word_1_214' title='bbox 2538 1642 2781 1709; x_wconf 86' lang='lat' dir='ltr'>propter</span> <span class='ocrx_word' id='word_1_215' title='bbox 2829 1637 3066 1708; x_wconf 81' lang='lat' dir='ltr'>longam</span> <span class='ocrx_word' id='word_1_216' title='bbox 3118 1653 3347 1692; x_wconf 89' lang='lat' dir='ltr'>moram</span> <span class='ocrx_word' id='word_1_217' title='bbox 3403 1653 3469 1691; x_wconf 91' lang='lat' dir='ltr'>ac</span> <span class='ocrx_word' id='word_1_218' title='bbox 3512 1650 3714 1689; x_wconf 90' lang='lat' dir='ltr'>rerum</span> 
     </span>
    </p>
   </div>
   <div class='ocr_carea' id='block_1_33' title="bbox 2064 1725 3712 1798">
    <p class='ocr_par' dir='ltr' id='par_1_33' title="bbox 2064 1725 3712 1798">
     <span class='ocr_line' id='line_1_33' title="bbox 2064 1725 3712 1798; baseline 0 -19"><span class='ocrx_word' id='word_1_219' title='bbox 2064 1726 2537 1793; x_wconf 64' lang='lat' dir='ltr'>magnitudinem</span> <span class='ocrx_word' id='word_1_220' title='bbox 2556 1727 2912 1797; x_wconf 87' lang='lat' dir='ltr'>detorquere</span> <span class='ocrx_word' id='word_1_221' title='bbox 2927 1726 3387 1798; x_wconf 88' lang='lat' dir='ltr'>promissionem</span> <span class='ocrx_word' id='word_1_222' title='bbox 3401 1725 3475 1781; x_wconf 90' lang='lat' dir='ltr'>ad</span> <span class='ocrx_word' id='word_1_223' title='bbox 3489 1726 3712 1796; x_wconf 88' lang='lat' dir='ltr'>impos-</span> 
     </span>
    </p>
   </div>
   <div class='ocr_carea' id='block_1_34' title="bbox 251 1811 1950 1918">
    <p class='ocr_par' dir='ltr' id='par_1_34' title="bbox 251 1811 1950 1918">
     <span class='ocr_line' id='line_1_34' title="bbox 251 1811 1950 1887; baseline -0.003 -20"><span class='ocrx_word' id='word_1_224' title='bbox 251 1816 531 1884; x_wconf 72' lang='grc' dir='ltr'>κωμένων,</span> <span class='ocrx_word' id='word_1_225' title='bbox 571 1811 720 1866; x_wconf 72' lang='grc' dir='ltr'>ἀλλ’</span> <span class='ocrx_word' id='word_1_226' title='bbox 781 1813 1020 1887; x_wconf 78' lang='grc' dir='ltr'>ἀγαθοῖς</span> <span class='ocrx_word' id='word_1_227' title='bbox 1080 1811 1525 1885; x_wconf 77' lang='grc' dir='ltr'>ἂνταμείψασθνι.</span> <span class='ocrx_word' id='word_1_228' title='bbox 1581 1811 1726 1867; x_wconf 84' lang='grc' dir='ltr'>Μετὰ</span> <span class='ocrx_word' id='word_1_229' title='bbox 1783 1814 1950 1865; x_wconf 87' lang='grc' dir='ltr'>ταῦτα</span> 
     </span>
     <span class='ocr_line' id='line_1_35' title="bbox 255 1900 1901 1918; baseline -0.002 1"><span class='ocrx_word' id='word_1_230' title='bbox 255 1902 295 1917; x_wconf 67' lang='grc' dir='ltr'>μ</span> <span class='ocrx_word' id='word_1_231' title='bbox 562 1907 590 1918; x_wconf 80' lang='lat'>-</span> <span class='ocrx_word' id='word_1_232' title='bbox 719 1902 735 1918; x_wconf 67' lang='grc' dir='ltr'><strong>ς</strong></span> <span class='ocrx_word' id='word_1_233' title='bbox 999 1901 1009 1917; x_wconf 82' lang='grc'>.</span> <span class='ocrx_word' id='word_1_234' title='bbox 1320 1902 1333 1918; x_wconf 64' lang='grc' dir='ltr'><strong>ς</strong></span> <span class='ocrx_word' id='word_1_235' title='bbox 1409 1908 1442 1918; x_wconf 88' lang='grc'>..</span> <span class='ocrx_word' id='word_1_236' title='bbox 1614 1902 1638 1913; x_wconf 56' lang='grc' dir='ltr'><strong>ν</strong></span> <span class='ocrx_word' id='word_1_237' title='bbox 1768 1900 1782 1918; x_wconf 57' lang='grc' dir='ltr'><strong>ε</strong></span> <span class='ocrx_word' id='word_1_238' title='bbox 1875 1904 1901 1915; x_wconf 87' lang='grc'>..</span> 
     </span>
    </p>
   </div>
   <div class='ocr_carea' id='block_1_35' title="bbox 2063 1811 3711 1918">
    <p class='ocr_par' dir='ltr' id='par_1_35' title="bbox 2063 1815 3711 1887">
     <span class='ocr_line' id='line_1_36' title="bbox 2063 1815 3711 1887; baseline 0 -18"><span class='ocrx_word' id='word_1_239' title='bbox 2063 1815 2433 1879; x_wconf 88' lang='lat' dir='ltr'>sibilitatem,</span> <span class='ocrx_word' id='word_1_240' title='bbox 2468 1817 2608 1886; x_wconf 85' lang='lat' dir='ltr'>quia</span> <span class='ocrx_word' id='word_1_241' title='bbox 2639 1823 2828 1871; x_wconf 90' lang='lat' dir='ltr'>totum</span> <span class='ocrx_word' id='word_1_242' title='bbox 2861 1817 2923 1870; x_wconf 92' lang='lat' dir='ltr'>in</span> <span class='ocrx_word' id='word_1_243' title='bbox 2968 1816 3372 1887; x_wconf 82' lang='lat' dir='ltr'>promittentis</span> <span class='ocrx_word' id='word_1_244' title='bbox 3420 1820 3711 1886; x_wconf 88' lang='lat' dir='ltr'>potestate</span> 
     </span>
    </p>
   </div>
   <div class='ocr_carea' id='block_1_36' title="bbox 255 1900 1945 1979">
    <p class='ocr_par' dir='ltr' id='par_1_36' title="bbox 255 1900 1945 1979">
     <span class='ocr_line' id='line_1_37' title="bbox 255 1900 1945 1979; baseline -0.001 -23"><span class='ocrx_word' id='word_1_245' title='bbox 255 1902 481 1979; x_wconf 64' lang='grc' dir='ltr'>ἔλεγχος</span> <span class='ocrx_word' id='word_1_246' title='bbox 515 1907 639 1957; x_wconf 79' lang='grc' dir='ltr'>τῶν</span> <span class='ocrx_word' id='word_1_247' title='bbox 708 1901 1159 1979; x_wconf 61' lang='grc' dir='ltr'>ἀπροφασίστως</span> <span class='ocrx_word' id='word_1_248' title='bbox 1213 1902 1346 1955; x_wconf 81' lang='grc' dir='ltr'>κατὰ</span> <span class='ocrx_word' id='word_1_249' title='bbox 1406 1902 1639 1974; x_wconf 81' lang='grc' dir='ltr'>Χριστοῦ</span> <span class='ocrx_word' id='word_1_250' title='bbox 1696 1900 1784 1955; x_wconf 82' lang='grc' dir='ltr'>καὶ</span> <span class='ocrx_word' id='word_1_251' title='bbox 1836 1904 1945 1955; x_wconf 79' lang='grc' dir='ltr'>τῶν</span> 
     </span>
    </p>
   </div>
   <div class='ocr_carea' id='block_1_37' title="bbox 271 1987 1480 2065">
    <p class='ocr_par' dir='ltr' id='par_1_37' title="bbox 271 1987 1480 2065">
     <span class='ocr_line' id='line_1_38' title="bbox 271 1987 1480 2065; baseline -0.002 -18"><span class='ocrx_word' id='word_1_252' title='bbox 271 1998 520 2065; x_wconf 78' lang='grc' dir='ltr'>μαθητῶν</span> <span class='ocrx_word' id='word_1_253' title='bbox 555 1992 744 2046; x_wconf 64' lang='grc' dir='ltr'>αὑτοῦ</span> <span class='ocrx_word' id='word_1_254' title='bbox 781 1987 1093 2052; x_wconf 79' lang='grc' dir='ltr'>λυσσωδῶς</span> <span class='ocrx_word' id='word_1_255' title='bbox 1126 1992 1480 2063; x_wconf 86' lang='grc' dir='ltr'>κινουμένων.</span> 
     </span>
    </p>
   </div>
   <div class='ocr_carea' id='block_1_38' title="bbox 2058 1903 3712 1978">
    <p class='ocr_par' dir='ltr' id='par_1_38' title="bbox 2058 1903 3712 1978">
     <span class='ocr_line' id='line_1_39' title="bbox 2058 1903 3712 1978; baseline -0.001 -19"><span class='ocrx_word' id='word_1_256' title='bbox 2058 1905 2387 1975; x_wconf 87' lang='lat' dir='ltr'>reponitur,</span> <span class='ocrx_word' id='word_1_257' title='bbox 2421 1913 2657 1976; x_wconf 69' lang='lat' dir='ltr'>quantm</span> <span class='ocrx_word' id='word_1_258' title='bbox 2691 1911 2781 1961; x_wconf 92' lang='lat' dir='ltr'>est</span> <span class='ocrx_word' id='word_1_259' title='bbox 2820 1922 2957 1978; x_wconf 87' lang='lat' dir='ltr'>erga</span> <span class='ocrx_word' id='word_1_260' title='bbox 2998 1906 3185 1961; x_wconf 91' lang='lat' dir='ltr'>Deum</span> <span class='ocrx_word' id='word_1_261' title='bbox 3244 1905 3346 1976; x_wconf 89' lang='lat' dir='ltr'>qui</span> <span class='ocrx_word' id='word_1_262' title='bbox 3395 1905 3455 1959; x_wconf 91' lang='lat' dir='ltr'>id</span> <span class='ocrx_word' id='word_1_263' title='bbox 3501 1903 3712 1960; x_wconf 86' lang='lat' dir='ltr'>suadet</span> 
     </span>
    </p>
   </div>
   <div class='ocr_carea' id='block_1_39' title="bbox 2058 1992 3708 2050">
    <p class='ocr_par' dir='ltr' id='par_1_39' title="bbox 2058 1992 3708 2050">
     <span class='ocr_line' id='line_1_40' title="bbox 2058 1992 3708 2050; baseline 0 -3"><span class='ocrx_word' id='word_1_264' title='bbox 2058 1994 2484 2049; x_wconf 73' lang='lat' dir='ltr'>conﬁdentiae?</span> <span class='ocrx_word' id='word_1_265' title='bbox 2513 1995 2807 2050; x_wconf 61' lang='lat' dir='ltr'>Prwterea</span> <span class='ocrx_word' id='word_1_266' title='bbox 2854 1994 3075 2049; x_wconf 86' lang='lat' dir='ltr'>invidia</span> <span class='ocrx_word' id='word_1_267' title='bbox 3131 1994 3381 2049; x_wconf 83' lang='lat' dir='ltr'>fratrum</span> <span class='ocrx_word' id='word_1_268' title='bbox 3428 1992 3708 2048; x_wconf 88' lang='lat' dir='ltr'>adversus</span> 
     </span>
    </p>
   </div>
   <div class='ocr_carea' id='block_1_40' title="bbox 275 2080 3707 2156">
    <p class='ocr_par' dir='ltr' id='par_1_40' title="bbox 275 2080 3707 2156">
     <span class='ocr_line' id='line_1_41' title="bbox 275 2080 3707 2156; baseline -0 -17"><span class='ocrx_word' id='word_1_269' title='bbox 275 2084 479 2155; x_wconf 78' lang='lat' dir='ltr'>Ioseph</span> <span class='ocrx_word' id='word_1_270' title='bbox 519 2084 792 2156; x_wconf 87' lang='lat' dir='ltr'>ponitur</span> <span class='ocrx_word' id='word_1_271' title='bbox 826 2089 888 2137; x_wconf 90' lang='lat' dir='ltr'>et</span> <span class='ocrx_word' id='word_1_272' title='bbox 926 2082 1282 2153; x_wconf 71' lang='lat' dir='ltr'>iniuriarum</span> <span class='ocrx_word' id='word_1_273' title='bbox 1316 2081 1551 2143; x_wconf 89' lang='lat' dir='ltr'>oblivio,</span> <span class='ocrx_word' id='word_1_274' title='bbox 1588 2082 1647 2135; x_wconf 93' lang='lat' dir='ltr'>in</span> <span class='ocrx_word' id='word_1_275' title='bbox 1682 2098 1749 2136; x_wconf 92' lang='lat' dir='ltr'>eo</span> <span class='ocrx_word' id='word_1_276' title='bbox 1782 2080 1960 2152; x_wconf 89' lang='lat' dir='ltr'>quod,</span> <span class='ocrx_word' id='word_1_277' title='bbox 1995 2098 2126 2137; x_wconf 89' lang='lat' dir='ltr'>cum</span> <span class='ocrx_word' id='word_1_278' title='bbox 2162 2089 2384 2155; x_wconf 89' lang='lat' dir='ltr'>posset,</span> <span class='ocrx_word' id='word_1_279' title='bbox 2418 2100 2539 2138; x_wconf 91' lang='lat' dir='ltr'>non</span> <span class='ocrx_word' id='word_1_280' title='bbox 2583 2084 2746 2139; x_wconf 92' lang='lat' dir='ltr'>ultus</span> <span class='ocrx_word' id='word_1_281' title='bbox 2798 2084 2874 2139; x_wconf 88' lang='lat' dir='ltr'>sit</span> <span class='ocrx_word' id='word_1_282' title='bbox 2925 2100 3025 2139; x_wconf 90' lang='lat' dir='ltr'>eos</span> <span class='ocrx_word' id='word_1_283' title='bbox 3075 2084 3175 2154; x_wconf 91' lang='lat' dir='ltr'>qui</span> <span class='ocrx_word' id='word_1_284' title='bbox 3237 2099 3298 2139; x_wconf 89' lang='lat' dir='ltr'>se</span> <span class='ocrx_word' id='word_1_285' title='bbox 3349 2082 3707 2151; x_wconf 85' lang='lat' dir='ltr'>afﬂixerant,</span> 
     </span>
    </p>
   </div>
   <div class='ocr_carea' id='block_1_41' title="bbox 282 2169 3707 2245">
    <p class='ocr_par' dir='ltr' id='par_1_41' title="bbox 282 2169 3707 2245">
     <span class='ocr_line' id='line_1_42' title="bbox 282 2169 3707 2245; baseline 0 -19"><span class='ocrx_word' id='word_1_286' title='bbox 282 2174 415 2243; x_wconf 80' lang='lat' dir='ltr'>quin</span> <span class='ocrx_word' id='word_1_287' title='bbox 445 2173 650 2244; x_wconf 84' lang='lat' dir='ltr'>potius</span> <span class='ocrx_word' id='word_1_288' title='bbox 685 2171 999 2227; x_wconf 87' lang='lat' dir='ltr'>beneﬁcia</span> <span class='ocrx_word' id='word_1_289' title='bbox 1057 2172 1347 2242; x_wconf 86' lang='lat' dir='ltr'>rependit.</span> <span class='ocrx_word' id='word_1_290' title='bbox 1406 2173 1548 2225; x_wconf 92' lang='lat' dir='ltr'>Post</span> <span class='ocrx_word' id='word_1_291' title='bbox 1594 2169 1720 2225; x_wconf 69' lang='lat' dir='ltr'>haec</span> <span class='ocrx_word' id='word_1_292' title='bbox 1779 2169 2157 2243; x_wconf 82' lang='lat' dir='ltr'>subjungitur</span> <span class='ocrx_word' id='word_1_293' title='bbox 2212 2189 2415 2228; x_wconf 90' lang='lat' dir='ltr'>eorum</span> <span class='ocrx_word' id='word_1_294' title='bbox 2473 2175 2789 2245; x_wconf 89' lang='lat' dir='ltr'>correptio,</span> <span class='ocrx_word' id='word_1_295' title='bbox 2850 2173 2950 2243; x_wconf 89' lang='lat' dir='ltr'>qui</span> <span class='ocrx_word' id='word_1_296' title='bbox 3010 2178 3211 2245; x_wconf 87' lang='lat' dir='ltr'>aperte</span> <span class='ocrx_word' id='word_1_297' title='bbox 3262 2189 3330 2228; x_wconf 89' lang='lat' dir='ltr'>ac</span> <span class='ocrx_word' id='word_1_298' title='bbox 3386 2171 3707 2227; x_wconf 81' lang='lat' dir='ltr'>furibunde</span> 
     </span>
    </p>
   </div>
   <div class='ocr_carea' id='block_1_42' title="bbox 289 2259 1983 2332">
    <p class='ocr_par' dir='ltr' id='par_1_42' title="bbox 289 2259 1983 2332">
     <span class='ocr_line' id='line_1_43' title="bbox 289 2259 1983 2332; baseline -0.001 -17"><span class='ocrx_word' id='word_1_299' title='bbox 289 2262 668 2316; x_wconf 75' lang='lat' dir='ltr'>movebantur</span> <span class='ocrx_word' id='word_1_300' title='bbox 699 2261 1000 2316; x_wconf 86' lang='lat' dir='ltr'>adversus</span> <span class='ocrx_word' id='word_1_301' title='bbox 1031 2260 1330 2315; x_wconf 84' lang='lat' dir='ltr'>Christum</span> <span class='ocrx_word' id='word_1_302' title='bbox 1364 2260 1611 2332; x_wconf 85' lang='lat' dir='ltr'>ejusque</span> <span class='ocrx_word' id='word_1_303' title='bbox 1645 2259 1983 2330; x_wconf 88' lang='lat' dir='ltr'>discipulos.</span> 
     </span>
    </p>
   </div>
   <div class='ocr_carea' id='block_1_43' title="bbox 366 2345 1951 2425">
    <p class='ocr_par' dir='ltr' id='par_1_43' title="bbox 366 2345 1951 2425">
     <span class='ocr_line' id='line_1_44' title="bbox 366 2345 1951 2425; baseline 0 -26"><span class='ocrx_word' id='word_1_304' title='bbox 366 2373 391 2399; x_wconf 73' lang='grc' dir='ltr'>κ</span> <span class='ocrx_word' id='word_1_305' title='bbox 425 2348 594 2409; x_wconf 74' lang='grc' dir='ltr'>Οὗτος</span> <span class='ocrx_word' id='word_1_306' title='bbox 623 2349 1143 2421; x_wconf 66' lang='grc' dir='ltr'>κατασοφισάμενος</span> <span class='ocrx_word' id='word_1_307' title='bbox 1171 2349 1233 2402; x_wconf 80' lang='grc' dir='ltr'>τὸ</span> <span class='ocrx_word' id='word_1_308' title='bbox 1264 2347 1417 2425; x_wconf 83' lang='grc' dir='ltr'>γένος</span> <span class='ocrx_word' id='word_1_309' title='bbox 1468 2350 1655 2419; x_wconf 76' lang='grc' dir='ltr'>ἡμῶν,</span> <span class='ocrx_word' id='word_1_310' title='bbox 1711 2345 1951 2399; x_wconf 80' lang='grc' dir='ltr'>ἐκάκωσε</span> 
     </span>
    </p>
   </div>
   <div class='ocr_carea' id='block_1_44' title="bbox 295 2432 1949 2513">
    <p class='ocr_par' dir='ltr' id='par_1_44' title="bbox 295 2432 1949 2513">
     <span class='ocr_line' id='line_1_45' title="bbox 295 2432 1949 2513; baseline -0.001 -24"><span class='ocrx_word' id='word_1_311' title='bbox 295 2438 475 2501; x_wconf 70' lang='grc' dir='ltr'>«τοὺς</span> <span class='ocrx_word' id='word_1_312' title='bbox 508 2444 743 2512; x_wconf 78' lang='grc' dir='ltr'>πατέρας</span> <span class='ocrx_word' id='word_1_313' title='bbox 789 2440 984 2508; x_wconf 75' lang='grc' dir='ltr'>ἡμῶν,</span> <span class='ocrx_word' id='word_1_314' title='bbox 1032 2441 1128 2492; x_wconf 87' lang='grc' dir='ltr'>τοῦ</span> <span class='ocrx_word' id='word_1_315' title='bbox 1187 2443 1363 2492; x_wconf 84' lang='grc' dir='ltr'>ποιεῖν</span> <span class='ocrx_word' id='word_1_316' title='bbox 1422 2432 1611 2501; x_wconf 81' lang='grc' dir='ltr'>ἔκθετα</span> <span class='ocrx_word' id='word_1_317' title='bbox 1667 2436 1733 2490; x_wconf 78' lang='grc' dir='ltr'>τὰ</span> <span class='ocrx_word' id='word_1_318' title='bbox 1775 2435 1949 2513; x_wconf 71' lang='grc' dir='ltr'>βρέφη</span> 
     </span>
    </p>
   </div>
   <div class='ocr_carea' id='block_1_45' title="bbox 284 2527 1380 2601">
    <p class='ocr_par' dir='ltr' id='par_1_45' title="bbox 284 2527 1380 2601">
     <span class='ocr_line' id='line_1_46' title="bbox 284 2527 1380 2601; baseline -0.003 -21"><span class='ocrx_word' id='word_1_319' title='bbox 284 2552 315 2580; x_wconf 84' lang='grc'><em>‹‹</em></span> <span class='ocrx_word' id='word_1_320' title='bbox 345 2527 542 2597; x_wconf 69' lang='grc' dir='ltr'>αὐτῶν,</span> <span class='ocrx_word' id='word_1_321' title='bbox 580 2528 658 2591; x_wconf 65' lang='grc' dir='ltr'>εἶς</span> <span class='ocrx_word' id='word_1_322' title='bbox 686 2529 754 2581; x_wconf 81' lang='grc' dir='ltr'>τὸ</span> <span class='ocrx_word' id='word_1_323' title='bbox 794 2529 872 2600; x_wconf 77' lang='grc' dir='ltr'>μή</span> <span class='ocrx_word' id='word_1_324' title='bbox 912 2528 1313 2601; x_wconf 81' lang='grc' dir='ltr'>ζωογονεῖσθαι.</span> <span class='ocrx_word' id='word_1_325' title='bbox 1352 2550 1380 2578; x_wconf 83' lang='grc'>››</span> 
     </span>
    </p>
   </div>
   <div class='ocr_carea' id='block_1_46' title="bbox 351 2614 1957 2696">
    <p class='ocr_par' dir='ltr' id='par_1_46' title="bbox 351 2614 1957 2696">
     <span class='ocr_line' id='line_1_47' title="bbox 351 2614 1957 2696; baseline -0.002 -24"><span class='ocrx_word' id='word_1_326' title='bbox 351 2616 909 2696; x_wconf 51' lang='grc' dir='ltr'>Κατασοοισάμενος,</span> <span class='ocrx_word' id='word_1_327' title='bbox 971 2616 1216 2670; x_wconf 80' lang='grc' dir='ltr'>τουτέστι</span> <span class='ocrx_word' id='word_1_328' title='bbox 1274 2616 1604 2692; x_wconf 66' lang='grc' dir='ltr'>πανούργοις</span> <span class='ocrx_word' id='word_1_329' title='bbox 1678 2614 1957 2685; x_wconf 77' lang='grc' dir='ltr'>ἐπινοίας,</span> 
     </span>
    </p>
   </div>
   <div class='ocr_carea' id='block_1_47' title="bbox 288 2704 1950 2782">
    <p class='ocr_par' dir='ltr' id='par_1_47' title="bbox 288 2704 1950 2782">
     <span class='ocr_line' id='line_1_48' title="bbox 288 2704 1950 2782; baseline -0.006 -20"><span class='ocrx_word' id='word_1_330' title='bbox 288 2706 457 2762; x_wconf 68' lang='grc' dir='ltr'>αὐτῶν</span> <span class='ocrx_word' id='word_1_331' title='bbox 515 2705 908 2781; x_wconf 65' lang='grc' dir='ltr'>περιγενέσθαι</span> <span class='ocrx_word' id='word_1_332' title='bbox 1000 2706 1453 2779; x_wconf 79' lang='grc' dir='ltr'>βουλευσάμενος.</span> <span class='ocrx_word' id='word_1_333' title='bbox 1515 2704 1792 2782; x_wconf 73' lang='grc' dir='ltr'>Σοφισμὸς</span> <span class='ocrx_word' id='word_1_334' title='bbox 1849 2704 1950 2779; x_wconf 70' lang='grc' dir='ltr'>γάρ</span> 
     </span>
    </p>
   </div>
   <div class='ocr_carea' id='block_1_48' title="bbox 285 2790 1951 2869">
    <p class='ocr_par' dir='ltr' id='par_1_48' title="bbox 285 2790 1951 2869">
     <span class='ocr_line' id='line_1_49' title="bbox 285 2790 1951 2869; baseline -0.004 -19"><span class='ocrx_word' id='word_1_335' title='bbox 285 2794 394 2850; x_wconf 79' lang='grc' dir='ltr'>ἐστι</span> <span class='ocrx_word' id='word_1_336' title='bbox 430 2790 781 2868; x_wconf 69' lang='grc' dir='ltr'>βεϐιασμένη</span> <span class='ocrx_word' id='word_1_337' title='bbox 820 2792 1100 2868; x_wconf 66' lang='grc' dir='ltr'>ἐξήγησις.</span> <span class='ocrx_word' id='word_1_338' title='bbox 1136 2796 1213 2848; x_wconf 86' lang='grc' dir='ltr'>Δι’</span> <span class='ocrx_word' id='word_1_339' title='bbox 1236 2794 1264 2848; x_wconf 80' lang='grc' dir='ltr'>ὅ</span> <span class='ocrx_word' id='word_1_340' title='bbox 1297 2792 1403 2848; x_wconf 85' lang='grc' dir='ltr'>ὧδε</span> <span class='ocrx_word' id='word_1_341' title='bbox 1427 2795 1462 2862; x_wconf 82' lang='grc' dir='ltr'>ἡ</span> <span class='ocrx_word' id='word_1_342' title='bbox 1497 2791 1725 2869; x_wconf 72' lang='grc' dir='ltr'>ἔμφασις</span> <span class='ocrx_word' id='word_1_343' title='bbox 1779 2790 1951 2867; x_wconf 81' lang='grc' dir='ltr'>λέγει,</span> 
     </span>
    </p>
   </div>
   <div class='ocr_carea' id='block_1_49' title="bbox 276 2879 1950 2959">
    <p class='ocr_par' dir='ltr' id='par_1_49' title="bbox 276 2879 1950 2959">
     <span class='ocr_line' id='line_1_50' title="bbox 276 2879 1950 2959; baseline -0.004 -19"><span class='ocrx_word' id='word_1_344' title='bbox 276 2887 338 2940; x_wconf 83' lang='grc' dir='ltr'>τὸ</span> <span class='ocrx_word' id='word_1_345' title='bbox 373 2885 572 2959; x_wconf 80' lang='grc' dir='ltr'>βιαίως</span> <span class='ocrx_word' id='word_1_346' title='bbox 604 2883 803 2945; x_wconf 70' lang='grc' dir='ltr'>αὐτοῖς</span> <span class='ocrx_word' id='word_1_347' title='bbox 834 2879 1110 2945; x_wconf 73' lang='grc' dir='ltr'>ἐπιθέσθαι</span> <span class='ocrx_word' id='word_1_348' title='bbox 1163 2880 1444 2950; x_wconf 84' lang='grc' dir='ltr'>δηλονότι·</span> <span class='ocrx_word' id='word_1_349' title='bbox 1494 2883 1610 2936; x_wconf 84' lang='grc' dir='ltr'>’ὀθεν</span> <span class='ocrx_word' id='word_1_350' title='bbox 1656 2881 1742 2935; x_wconf 85' lang='grc' dir='ltr'>καὶ</span> <span class='ocrx_word' id='word_1_351' title='bbox 1794 2902 1950 2945; x_wconf 81' lang='grc' dir='ltr'>σοφι-</span> 
     </span>
    </p>
   </div>
   <div class='ocr_carea' id='block_1_50' title="bbox 274 2968 1948 3047">
    <p class='ocr_par' dir='ltr' id='par_1_50' title="bbox 274 2968 1948 3047">
     <span class='ocr_line' id='line_1_51' title="bbox 274 2968 1948 3047; baseline -0.004 -17"><span class='ocrx_word' id='word_1_352' title='bbox 274 2976 406 3036; x_wconf 70' lang='grc' dir='ltr'>στὰς</span> <span class='ocrx_word' id='word_1_353' title='bbox 437 2973 574 3035; x_wconf 68' lang='grc' dir='ltr'>τοὺς</span> <span class='ocrx_word' id='word_1_354' title='bbox 606 2973 823 3047; x_wconf 77' lang='grc' dir='ltr'>γόητας</span> <span class='ocrx_word' id='word_1_355' title='bbox 850 2972 1134 3039; x_wconf 86' lang='grc' dir='ltr'>καλοῦσιν,</span> <span class='ocrx_word' id='word_1_356' title='bbox 1171 2972 1246 3033; x_wconf 83' lang='grc' dir='ltr'>ὡς</span> <span class='ocrx_word' id='word_1_357' title='bbox 1276 2974 1338 3025; x_wconf 88' lang='grc' dir='ltr'>τὸ</span> <span class='ocrx_word' id='word_1_358' title='bbox 1368 2971 1571 3041; x_wconf 76' lang='grc' dir='ltr'>ἀληθὲς</span> <span class='ocrx_word' id='word_1_359' title='bbox 1617 2968 1686 3024; x_wconf 89' lang='grc' dir='ltr'>δι’</span> <span class='ocrx_word' id='word_1_360' title='bbox 1739 2971 1948 3040; x_wconf 75' lang='grc' dir='ltr'>ἀπάτης</span> 
     </span>
    </p>
   </div>
   <div class='ocr_carea' id='block_1_51' title="bbox 268 3054 1955 3143">
    <p class='ocr_par' dir='ltr' id='par_1_51' title="bbox 268 3054 1955 3143">
     <span class='ocr_line' id='line_1_52' title="bbox 268 3054 1955 3143; baseline -0.004 -24"><span class='ocrx_word' id='word_1_361' title='bbox 268 3066 359 3119; x_wconf 78' lang='grc' dir='ltr'>καὶ</span> <span class='ocrx_word' id='word_1_362' title='bbox 396 3068 699 3143; x_wconf 66' lang='grc' dir='ltr'>σοφισμῶν</span> <span class='ocrx_word' id='word_1_363' title='bbox 727 3062 1096 3136; x_wconf 71' lang='grc' dir='ltr'>κρύπτοντας.</span> <span class='ocrx_word' id='word_1_364' title='bbox 1130 3062 1352 3137; x_wconf 75' lang='grc' dir='ltr'>Ἐφεξῆς</span> <span class='ocrx_word' id='word_1_365' title='bbox 1382 3065 1489 3115; x_wconf 81' lang='grc' dir='ltr'>τῶν</span> <span class='ocrx_word' id='word_1_366' title='bbox 1524 3061 1643 3132; x_wconf 78' lang='grc' dir='ltr'>περί</span> <span class='ocrx_word' id='word_1_367' title='bbox 1680 3054 1955 3130; x_wconf 62' lang='grc' dir='ltr'>Ἀϐραὰμ-</span> 
     </span>
    </p>
   </div>
   <div class='ocr_carea' id='block_1_52' title="bbox 272 3147 1955 3229">
    <p class='ocr_par' dir='ltr' id='par_1_52' title="bbox 272 3147 1955 3229">
     <span class='ocr_line' id='line_1_53' title="bbox 272 3147 1955 3229; baseline -0.005 -20"><span class='ocrx_word' id='word_1_368' title='bbox 272 3153 621 3229; x_wconf 71' lang='grc' dir='ltr'>εἱρημένων,</span> <span class='ocrx_word' id='word_1_369' title='bbox 658 3151 721 3205; x_wconf 77' lang='grc' dir='ltr'>ἐκ</span> <span class='ocrx_word' id='word_1_370' title='bbox 750 3153 1154 3225; x_wconf 70' lang='grc' dir='ltr'>’χρηματισμοῦ</span> <span class='ocrx_word' id='word_1_371' title='bbox 1202 3151 1299 3217; x_wconf 75' lang='grc' dir='ltr'>τήν</span> <span class='ocrx_word' id='word_1_372' title='bbox 1357 3153 1466 3204; x_wconf 80' lang='grc' dir='ltr'>τῶν</span> <span class='ocrx_word' id='word_1_373' title='bbox 1525 3149 1808 3222; x_wconf 81' lang='grc' dir='ltr'>ἀπογόνων</span> <span class='ocrx_word' id='word_1_374' title='bbox 1856 3147 1955 3201; x_wconf 83' lang='grc' dir='ltr'>αὐ-</span> 
     </span>
    </p>
   </div>
   <div class='ocr_carea' id='block_1_53' title="bbox 275 3237 1953 3315">
    <p class='ocr_par' dir='ltr' id='par_1_53' title="bbox 275 3237 1953 3315">
     <span class='ocr_line' id='line_1_54' title="bbox 275 3237 1953 3315; baseline -0.004 -20"><span class='ocrx_word' id='word_1_375' title='bbox 275 3248 384 3296; x_wconf 80' lang='grc' dir='ltr'>τοῦ</span> <span class='ocrx_word' id='word_1_376' title='bbox 413 3243 523 3296; x_wconf 67' lang='grc' dir='ltr'>ὕπὸ</span> <span class='ocrx_word' id='word_1_377' title='bbox 556 3240 866 3315; x_wconf 63' lang='grc' dir='ltr'>Αἶγυτιτίων</span> <span class='ocrx_word' id='word_1_378' title='bbox 904 3237 1075 3306; x_wconf 85' lang='grc' dir='ltr'>δηλοῖ</span> <span class='ocrx_word' id='word_1_379' title='bbox 1120 3237 1523 3312; x_wconf 86' lang='grc' dir='ltr'>ταλαιπωρίαν.</span> <span class='ocrx_word' id='word_1_380' title='bbox 1570 3241 1671 3298; x_wconf 77' lang='grc' dir='ltr'>Ἥς</span> <span class='ocrx_word' id='word_1_381' title='bbox 1713 3237 1802 3291; x_wconf 85' lang='grc' dir='ltr'>καὶ</span> <span class='ocrx_word' id='word_1_382' title='bbox 1861 3238 1953 3289; x_wconf 83' lang='grc' dir='ltr'>ἆν-</span> 
     </span>
    </p>
   </div>
   <div class='ocr_carea' id='block_1_54' title="bbox 286 3320 1950 3403">
    <p class='ocr_par' dir='ltr' id='par_1_54' title="bbox 286 3320 1950 3403">
     <span class='ocr_line' id='line_1_55' title="bbox 286 3320 1950 3403; baseline -0.002 -20"><span class='ocrx_word' id='word_1_383' title='bbox 286 3329 605 3397; x_wconf 70' lang='grc' dir='ltr'>τισῆκωσὶς</span> <span class='ocrx_word' id='word_1_384' title='bbox 632 3327 1155 3403; x_wconf 66' lang='grc' dir='ltr'>ἐστινάναψῦχουσα</span> <span class='ocrx_word' id='word_1_385' title='bbox 1214 3329 1241 3382; x_wconf 87' lang='grc' dir='ltr'>ὁ</span> <span class='ocrx_word' id='word_1_386' title='bbox 1294 3332 1401 3382; x_wconf 80' lang='grc' dir='ltr'>τῶν</span> <span class='ocrx_word' id='word_1_387' title='bbox 1460 3324 1773 3399; x_wconf 80' lang='grc' dir='ltr'>Αἰγυπτίων</span> <span class='ocrx_word' id='word_1_388' title='bbox 1830 3320 1950 3379; x_wconf 73' lang='grc' dir='ltr'>ὄλε-</span> 
     </span>
    </p>
   </div>
   <div class='ocr_carea' id='block_1_55' title="bbox 2130 2348 3710 2422">
    <p class='ocr_par' dir='ltr' id='par_1_55' title="bbox 2130 2348 3710 2422">
     <span class='ocr_line' id='line_1_56' title="bbox 2130 2348 3710 2422; baseline 0.004 -21"><span class='ocrx_word' id='word_1_389' title='bbox 2130 2348 2198 2419; x_wconf 82' lang='grc' dir='ltr'>ν,</span> <span class='ocrx_word' id='word_1_390' title='bbox 2264 2354 2349 2405; x_wconf 79' lang='grc'>19.</span> <span class='ocrx_word' id='word_1_391' title='bbox 2409 2373 2436 2400; x_wconf 91' lang='grc'><em>‹‹</em></span> <span class='ocrx_word' id='word_1_392' title='bbox 2495 2352 2599 2405; x_wconf 83' lang='lat' dir='ltr'>Hic</span> <span class='ocrx_word' id='word_1_393' title='bbox 2657 2352 3127 2406; x_wconf 89' lang='lat' dir='ltr'>circumveniens</span> <span class='ocrx_word' id='word_1_394' title='bbox 3184 2366 3368 2422; x_wconf 89' lang='lat' dir='ltr'>genus</span> <span class='ocrx_word' id='word_1_395' title='bbox 3438 2358 3710 2407; x_wconf 88' lang='lat' dir='ltr'>nostrum</span> 
     </span>
    </p>
   </div>
   <div class='ocr_carea' id='block_1_56' title="bbox 2062 2440 3709 2513">
    <p class='ocr_par' dir='ltr' id='par_1_56' title="bbox 2062 2440 3709 2513">
     <span class='ocr_line' id='line_1_57' title="bbox 2062 2440 3709 2513; baseline 0.005 -24"><span class='ocrx_word' id='word_1_396' title='bbox 2062 2463 2089 2489; x_wconf 88' lang='grc'><strong>‹‹</strong></span> <span class='ocrx_word' id='word_1_397' title='bbox 2124 2440 2336 2495; x_wconf 81' lang='lat' dir='ltr'>afﬂixit</span> <span class='ocrx_word' id='word_1_398' title='bbox 2373 2447 2571 2512; x_wconf 91' lang='lat' dir='ltr'>patres</span> <span class='ocrx_word' id='word_1_399' title='bbox 2604 2448 2860 2507; x_wconf 88' lang='lat' dir='ltr'>nostros,</span> <span class='ocrx_word' id='word_1_400' title='bbox 2922 2447 2988 2495; x_wconf 88' lang='lat' dir='ltr'>ut</span> <span class='ocrx_word' id='word_1_401' title='bbox 3032 2447 3397 2513; x_wconf 84' lang='lat' dir='ltr'>exponerent</span> <span class='ocrx_word' id='word_1_402' title='bbox 3448 2442 3709 2498; x_wconf 83' lang='lat' dir='ltr'>infantes</span> 
     </span>
    </p>
   </div>
   <div class='ocr_carea' id='block_1_57' title="bbox 2063 2531 3131 2594">
    <p class='ocr_par' dir='ltr' id='par_1_57' title="bbox 2063 2531 3131 2594">
     <span class='ocr_line' id='line_1_58' title="bbox 2063 2531 3131 2594; baseline -0.003 -12"><span class='ocrx_word' id='word_1_403' title='bbox 2063 2548 2093 2582; x_wconf 86' lang='lat'><strong>«</strong></span> <span class='ocrx_word' id='word_1_404' title='bbox 2125 2546 2285 2594; x_wconf 92' lang='lat' dir='ltr'>suos,</span> <span class='ocrx_word' id='word_1_405' title='bbox 2321 2546 2396 2585; x_wconf 90' lang='lat' dir='ltr'>ne</span> <span class='ocrx_word' id='word_1_406' title='bbox 2428 2531 2488 2584; x_wconf 91' lang='lat' dir='ltr'>in</span> <span class='ocrx_word' id='word_1_407' title='bbox 2520 2531 2637 2585; x_wconf 87' lang='lat' dir='ltr'>vita</span> <span class='ocrx_word' id='word_1_408' title='bbox 2671 2537 3065 2586; x_wconf 86' lang='lat' dir='ltr'>servarentur.</span> <span class='ocrx_word' id='word_1_409' title='bbox 3104 2553 3131 2579; x_wconf 82' lang='lat'><strong>»</strong></span> 
     </span>
    </p>
   </div>
   <div class='ocr_carea' id='block_1_58' title="bbox 2134 2616 3712 2693">
    <p class='ocr_par' dir='ltr' id='par_1_58' title="bbox 2134 2616 3712 2693">
     <span class='ocr_line' id='line_1_59' title="bbox 2134 2616 3712 2693; baseline 0.002 -21"><span class='ocrx_word' id='word_1_410' title='bbox 2134 2616 2669 2693; x_wconf 63' lang='grc' dir='ltr'>Κατασοφισάμενος,</span> <span class='ocrx_word' id='word_1_411' title='bbox 2703 2621 2760 2674; x_wconf 89' lang='lat' dir='ltr'>id</span> <span class='ocrx_word' id='word_1_412' title='bbox 2794 2626 2883 2675; x_wconf 85' lang='lat' dir='ltr'>est</span> <span class='ocrx_word' id='word_1_413' title='bbox 2930 2619 3421 2685; x_wconf 82' lang='lat' dir='ltr'>circumveniens,</span> <span class='ocrx_word' id='word_1_414' title='bbox 3479 2620 3589 2675; x_wconf 88' lang='lat' dir='ltr'>hoc</span> <span class='ocrx_word' id='word_1_415' title='bbox 3621 2625 3712 2675; x_wconf 87' lang='lat' dir='ltr'>est</span> 
     </span>
    </p>
   </div>
   <div class='ocr_carea' id='block_1_59' title="bbox 2064 2707 3707 2781">
    <p class='ocr_par' dir='ltr' id='par_1_59' title="bbox 2064 2707 3707 2781">
     <span class='ocr_line' id='line_1_60' title="bbox 2064 2707 3707 2781; baseline 0.002 -20"><span class='ocrx_word' id='word_1_416' title='bbox 2064 2707 2392 2765; x_wconf 88' lang='lat' dir='ltr'>decernens</span> <span class='ocrx_word' id='word_1_417' title='bbox 2422 2727 2540 2780; x_wconf 92' lang='lat' dir='ltr'>quo</span> <span class='ocrx_word' id='word_1_418' title='bbox 2574 2716 2743 2781; x_wconf 86' lang='lat' dir='ltr'>pacto</span> <span class='ocrx_word' id='word_1_419' title='bbox 2771 2710 3022 2765; x_wconf 89' lang='lat' dir='ltr'>versutis</span> <span class='ocrx_word' id='word_1_420' title='bbox 3056 2710 3287 2765; x_wconf 87' lang='lat' dir='ltr'>technis</span> <span class='ocrx_word' id='word_1_421' title='bbox 3319 2710 3591 2780; x_wconf 91' lang='lat' dir='ltr'>superior</span> <span class='ocrx_word' id='word_1_422' title='bbox 3623 2710 3707 2765; x_wconf 91' lang='lat' dir='ltr'>eis</span> 
     </span>
    </p>
   </div>
   <div class='ocr_carea' id='block_1_60' title="bbox 2064 2798 3707 2876">
    <p class='ocr_par' dir='ltr' id='par_1_60' title="bbox 2064 2798 3707 2876">
     <span class='ocr_line' id='line_1_61' title="bbox 2064 2798 3707 2876; baseline 0.002 -26"><span class='ocrx_word' id='word_1_423' title='bbox 2064 2798 2455 2853; x_wconf 89' lang='lat' dir='ltr'>sufﬁceretur.</span> <span class='ocrx_word' id='word_1_424' title='bbox 2504 2801 2649 2854; x_wconf 86' lang='lat' dir='ltr'>Nam</span> <span class='ocrx_word' id='word_1_425' title='bbox 2712 2798 2977 2876; x_wconf 74' lang='grc' dir='ltr'>σοιρισμὸς</span> <span class='ocrx_word' id='word_1_426' title='bbox 3037 2804 3241 2855; x_wconf 87' lang='lat' dir='ltr'>coacta</span> <span class='ocrx_word' id='word_1_427' title='bbox 3297 2798 3707 2870; x_wconf 89' lang='lat' dir='ltr'>interpretatio</span> 
     </span>
    </p>
   </div>
   <div class='ocr_carea' id='block_1_61' title="bbox 2062 2886 3705 2961">
    <p class='ocr_par' dir='ltr' id='par_1_61' title="bbox 2062 2886 3705 2961">
     <span class='ocr_line' id='line_1_62' title="bbox 2062 2886 3705 2961; baseline 0.002 -21"><span class='ocrx_word' id='word_1_428' title='bbox 2062 2886 2297 2942; x_wconf 90' lang='lat' dir='ltr'>dicitur.</span> <span class='ocrx_word' id='word_1_429' title='bbox 2333 2891 2580 2959; x_wconf 89' lang='lat' dir='ltr'>Propter</span> <span class='ocrx_word' id='word_1_430' title='bbox 2609 2889 2768 2959; x_wconf 89' lang='lat' dir='ltr'>quod</span> <span class='ocrx_word' id='word_1_431' title='bbox 2799 2890 2881 2943; x_wconf 88' lang='lat' dir='ltr'>ita</span> <span class='ocrx_word' id='word_1_432' title='bbox 2912 2889 3318 2961; x_wconf 88' lang='lat' dir='ltr'>signiﬁcanter</span> <span class='ocrx_word' id='word_1_433' title='bbox 3374 2887 3535 2959; x_wconf 86' lang='lat' dir='ltr'>dicit,</span> <span class='ocrx_word' id='word_1_434' title='bbox 3583 2888 3705 2943; x_wconf 86' lang='lat' dir='ltr'>vio-</span> 
     </span>
    </p>
   </div>
   <div class='ocr_carea' id='block_1_62' title="bbox 2062 2976 3709 3049">
    <p class='ocr_par' dir='ltr' id='par_1_62' title="bbox 2062 2976 3709 3049">
     <span class='ocr_line' id='line_1_63' title="bbox 2062 2976 3709 3049; baseline 0.001 -20"><span class='ocrx_word' id='word_1_435' title='bbox 2062 2976 2255 3031; x_wconf 87' lang='lat' dir='ltr'>lenter</span> <span class='ocrx_word' id='word_1_436' title='bbox 2283 2978 2558 3032; x_wconf 75' lang='lat' dir='ltr'>videlicet</span> <span class='ocrx_word' id='word_1_437' title='bbox 2598 2978 2718 3033; x_wconf 86' lang='lat' dir='ltr'>illis</span> <span class='ocrx_word' id='word_1_438' title='bbox 2776 2979 3082 3049; x_wconf 90' lang='lat' dir='ltr'>imponere</span> <span class='ocrx_word' id='word_1_439' title='bbox 3140 2978 3361 3032; x_wconf 90' lang='lat' dir='ltr'>volens.</span> <span class='ocrx_word' id='word_1_440' title='bbox 3428 2978 3591 3033; x_wconf 90' lang='lat' dir='ltr'>Unde</span> <span class='ocrx_word' id='word_1_441' title='bbox 3650 2982 3709 3031; x_wconf 87' lang='lat' dir='ltr'>et</span> 
     </span>
    </p>
   </div>
   <div class='ocr_carea' id='block_1_63' title="bbox 2063 3065 3705 3140">
    <p class='ocr_par' dir='ltr' id='par_1_63' title="bbox 2063 3065 3705 3140">
     <span class='ocr_line' id='line_1_64' title="bbox 2063 3065 3705 3140; baseline 0.001 -23"><span class='ocrx_word' id='word_1_442' title='bbox 2063 3065 2319 3140; x_wconf 75' lang='grc' dir='ltr'>σοφιστὰς</span> <span class='ocrx_word' id='word_1_443' title='bbox 2373 3073 2585 3121; x_wconf 88' lang='lat' dir='ltr'>vocant</span> <span class='ocrx_word' id='word_1_444' title='bbox 2640 3067 3019 3137; x_wconf 89' lang='lat' dir='ltr'>impostores,</span> <span class='ocrx_word' id='word_1_445' title='bbox 3104 3072 3308 3137; x_wconf 90' lang='lat' dir='ltr'>utpote</span> <span class='ocrx_word' id='word_1_446' title='bbox 3398 3066 3705 3120; x_wconf 87' lang='lat' dir='ltr'>veritatem</span> 
     </span>
    </p>
   </div>
   <div class='ocr_carea' id='block_1_64' title="bbox 2061 3153 3709 3225">
    <p class='ocr_par' dir='ltr' id='par_1_64' title="bbox 2061 3153 3709 3225">
     <span class='ocr_line' id='line_1_65' title="bbox 2061 3153 3709 3225; baseline 0.001 -17"><span class='ocrx_word' id='word_1_447' title='bbox 2061 3154 2267 3209; x_wconf 85' lang='lat' dir='ltr'>fraude</span> <span class='ocrx_word' id='word_1_448' title='bbox 2289 3172 2355 3210; x_wconf 92' lang='lat' dir='ltr'>ac</span> <span class='ocrx_word' id='word_1_449' title='bbox 2379 3156 2512 3209; x_wconf 92' lang='lat' dir='ltr'>dolo</span> <span class='ocrx_word' id='word_1_450' title='bbox 2533 3156 2919 3209; x_wconf 88' lang='lat' dir='ltr'>occultantes.</span> <span class='ocrx_word' id='word_1_451' title='bbox 2957 3157 3097 3209; x_wconf 90' lang='lat' dir='ltr'>Post</span> <span class='ocrx_word' id='word_1_452' title='bbox 3121 3172 3191 3210; x_wconf 91' lang='lat' dir='ltr'>ea</span> <span class='ocrx_word' id='word_1_453' title='bbox 3240 3171 3370 3225; x_wconf 73' lang='lat' dir='ltr'>qum</span> <span class='ocrx_word' id='word_1_454' title='bbox 3418 3154 3489 3208; x_wconf 92' lang='lat' dir='ltr'>de</span> <span class='ocrx_word' id='word_1_455' title='bbox 3521 3153 3709 3209; x_wconf 79' lang='lat' dir='ltr'>Abra-</span> 
     </span>
    </p>
   </div>
   <div class='ocr_carea' id='block_1_65' title="bbox 2064 3242 3706 3316">
    <p class='ocr_par' dir='ltr' id='par_1_65' title="bbox 2064 3242 3706 3316">
     <span class='ocr_line' id='line_1_66' title="bbox 2064 3242 3706 3316; baseline 0 -18"><span class='ocrx_word' id='word_1_456' title='bbox 2064 3246 2199 3298; x_wconf 91' lang='lat' dir='ltr'>ham</span> <span class='ocrx_word' id='word_1_457' title='bbox 2233 3244 2389 3299; x_wconf 87' lang='lat' dir='ltr'>dicta</span> <span class='ocrx_word' id='word_1_458' title='bbox 2419 3249 2559 3298; x_wconf 89' lang='lat' dir='ltr'>sunt</span> <span class='ocrx_word' id='word_1_459' title='bbox 2589 3262 2659 3298; x_wconf 87' lang='lat' dir='ltr'>ex</span> <span class='ocrx_word' id='word_1_460' title='bbox 2682 3244 2878 3298; x_wconf 89' lang='lat' dir='ltr'>divino</span> <span class='ocrx_word' id='word_1_461' title='bbox 2910 3260 3216 3315; x_wconf 88' lang='lat' dir='ltr'>responso,</span> <span class='ocrx_word' id='word_1_462' title='bbox 3268 3242 3562 3316; x_wconf 89' lang='lat' dir='ltr'>signiﬁcat</span> <span class='ocrx_word' id='word_1_463' title='bbox 3592 3259 3706 3298; x_wconf 89' lang='lat' dir='ltr'>ne-</span> 
     </span>
    </p>
   </div>
   <div class='ocr_carea' id='block_1_66' title="bbox 2062 3332 3710 3405">
    <p class='ocr_par' dir='ltr' id='par_1_66' title="bbox 2062 3332 3710 3405">
     <span class='ocr_line' id='line_1_67' title="bbox 2062 3332 3710 3405; baseline 0 -17"><span class='ocrx_word' id='word_1_464' title='bbox 2062 3340 2267 3405; x_wconf 85' lang='lat' dir='ltr'>potum</span> <span class='ocrx_word' id='word_1_465' title='bbox 2295 3333 2482 3404; x_wconf 87' lang='lat' dir='ltr'>ipsius</span> <span class='ocrx_word' id='word_1_466' title='bbox 2504 3350 2799 3387; x_wconf 69' lang='lat' dir='ltr'>mrumnas</span> <span class='ocrx_word' id='word_1_467' title='bbox 2830 3332 2902 3388; x_wconf 93' lang='lat' dir='ltr'>ab</span> <span class='ocrx_word' id='word_1_468' title='bbox 2934 3333 3215 3405; x_wconf 55' lang='lat' dir='ltr'>[Egyptiis</span> <span class='ocrx_word' id='word_1_469' title='bbox 3246 3333 3522 3389; x_wconf 90' lang='lat' dir='ltr'>toleratas</span> <span class='ocrx_word' id='word_1_470' title='bbox 3563 3349 3710 3405; x_wconf 85' lang='lat' dir='ltr'>qua-</span> 
     </span>
    </p>
   </div>
   <div class='ocr_carea' id='block_1_67' title="bbox 297 3415 1950 3494">
    <p class='ocr_par' dir='ltr' id='par_1_67' title="bbox 297 3415 1946 3492">
     <span class='ocr_line' id='line_1_68' title="bbox 297 3415 1946 3492; baseline -0.003 -21"><span class='ocrx_word' id='word_1_471' title='bbox 297 3430 456 3492; x_wconf 79' lang='grc' dir='ltr'>θρος,</span> <span class='ocrx_word' id='word_1_472' title='bbox 490 3418 549 3478; x_wconf 76' lang='grc' dir='ltr'>’ὸς</span> <span class='ocrx_word' id='word_1_473' title='bbox 581 3417 671 3471; x_wconf 83' lang='grc' dir='ltr'>ὑπ’</span> <span class='ocrx_word' id='word_1_474' title='bbox 696 3418 851 3473; x_wconf 72' lang='grc' dir='ltr'>αὐτοῦ</span> <span class='ocrx_word' id='word_1_475' title='bbox 881 3423 980 3472; x_wconf 87' lang='grc' dir='ltr'>τοῦ</span> <span class='ocrx_word' id='word_1_476' title='bbox 1013 3420 1148 3472; x_wconf 85' lang='grc' dir='ltr'>Θεοῦ</span> <span class='ocrx_word' id='word_1_477' title='bbox 1202 3416 1385 3478; x_wconf 76' lang='grc' dir='ltr'>αὐτοῖς</span> <span class='ocrx_word' id='word_1_478' title='bbox 1439 3416 1577 3470; x_wconf 72' lang='grc' dir='ltr'>κατὰ</span> <span class='ocrx_word' id='word_1_479' title='bbox 1622 3416 1720 3483; x_wconf 76' lang='grc' dir='ltr'>τήν</span> <span class='ocrx_word' id='word_1_480' title='bbox 1781 3415 1946 3487; x_wconf 84' lang='grc' dir='ltr'>Ἐρυ-</span> 
     </span>
    </p>
   </div>
   <div class='ocr_carea' id='block_1_68' title="bbox 2063 3415 3711 3494">
    <p class='ocr_par' dir='ltr' id='par_1_68' title="bbox 2063 3422 3711 3494">
     <span class='ocr_line' id='line_1_69' title="bbox 2063 3422 3711 3494; baseline 0.001 -18"><span class='ocrx_word' id='word_1_481' title='bbox 2063 3439 2187 3476; x_wconf 85' lang='lat' dir='ltr'>rum</span> <span class='ocrx_word' id='word_1_482' title='bbox 2222 3423 2398 3477; x_wconf 88' lang='lat' dir='ltr'>etiam</span> <span class='ocrx_word' id='word_1_483' title='bbox 2430 3423 2836 3493; x_wconf 90' lang='lat' dir='ltr'>compensatio</span> <span class='ocrx_word' id='word_1_484' title='bbox 2864 3438 3160 3487; x_wconf 90' lang='lat' dir='ltr'>recreans,</span> <span class='ocrx_word' id='word_1_485' title='bbox 3183 3422 3585 3494; x_wconf 59' lang='lat' dir='ltr'>{Egyptiorum</span> <span class='ocrx_word' id='word_1_486' title='bbox 3620 3426 3711 3477; x_wconf 88' lang='lat' dir='ltr'>est</span> 
     </span>
    </p>
   </div>
   <div class='ocr_carea' id='block_1_69' title="bbox 293 3503 1947 3580">
    <p class='ocr_par' dir='ltr' id='par_1_69' title="bbox 293 3503 1947 3580">
     <span class='ocr_line' id='line_1_70' title="bbox 293 3503 1947 3580; baseline -0.003 -19"><span class='ocrx_word' id='word_1_487' title='bbox 293 3509 434 3580; x_wconf 69' lang='grc' dir='ltr'>θρᾶν</span> <span class='ocrx_word' id='word_1_488' title='bbox 497 3505 762 3561; x_wconf 70' lang='grc' dir='ltr'>θάλασσαν</span> <span class='ocrx_word' id='word_1_489' title='bbox 822 3506 1163 3578; x_wconf 67' lang='grc' dir='ltr'>ἐπηρτῆσθαι</span> <span class='ocrx_word' id='word_1_490' title='bbox 1228 3504 1644 3577; x_wconf 80' lang='grc' dir='ltr'>ὑπεσημαίνετο.</span> <span class='ocrx_word' id='word_1_491' title='bbox 1720 3504 1809 3564; x_wconf 87' lang='grc' dir='ltr'>Ὡς</span> <span class='ocrx_word' id='word_1_492' title='bbox 1871 3503 1947 3574; x_wconf 79' lang='grc' dir='ltr'><strong>μή</strong></span> 
     </span>
    </p>
   </div>
   <div class='ocr_carea' id='block_1_70' title="bbox 282 3596 1950 3677">
    <p class='ocr_par' dir='ltr' id='par_1_70' title="bbox 282 3596 1950 3677">
     <span class='ocr_line' id='line_1_71' title="bbox 282 3596 1950 3677; baseline -0.004 -25"><span class='ocrx_word' id='word_1_493' title='bbox 282 3601 354 3670; x_wconf 79' lang='grc' dir='ltr'>τῇ</span> <span class='ocrx_word' id='word_1_494' title='bbox 414 3596 651 3677; x_wconf 64' lang='grc' dir='ltr'>ἐπιφορᾷ</span> <span class='ocrx_word' id='word_1_495' title='bbox 705 3601 815 3652; x_wconf 78' lang='grc' dir='ltr'>τῶν</span> <span class='ocrx_word' id='word_1_496' title='bbox 876 3596 1180 3661; x_wconf 81' lang='grc' dir='ltr'>ἀνιώντων,</span> <span class='ocrx_word' id='word_1_497' title='bbox 1241 3596 1550 3671; x_wconf 80' lang='grc' dir='ltr'>ἀπόγνωσις</span> <span class='ocrx_word' id='word_1_498' title='bbox 1598 3598 1707 3648; x_wconf 79' lang='grc' dir='ltr'>τῶν</span> <span class='ocrx_word' id='word_1_499' title='bbox 1768 3613 1950 3662; x_wconf 86' lang='grc' dir='ltr'>σωτη-</span> 
     </span>
    </p>
   </div>
   <div class='ocr_carea' id='block_1_71' title="bbox 283 3684 1948 3761">
    <p class='ocr_par' dir='ltr' id='par_1_71' title="bbox 283 3684 1948 3761">
     <span class='ocr_line' id='line_1_72' title="bbox 283 3684 1948 3761; baseline -0.003 -20"><span class='ocrx_word' id='word_1_500' title='bbox 283 3688 446 3761; x_wconf 82' lang='grc' dir='ltr'>ρίων,</span> <span class='ocrx_word' id='word_1_501' title='bbox 491 3688 638 3761; x_wconf 83' lang='grc' dir='ltr'>πρὸς</span> <span class='ocrx_word' id='word_1_502' title='bbox 695 3686 949 3741; x_wconf 75' lang='grc' dir='ltr'>ἀπιστίαν</span> <span class='ocrx_word' id='word_1_503' title='bbox 1009 3684 1353 3756; x_wconf 77' lang='grc' dir='ltr'>ἐξολισθῆσαι</span> <span class='ocrx_word' id='word_1_504' title='bbox 1412 3687 1695 3759; x_wconf 78' lang='grc' dir='ltr'>παράσχῃ.</span> <span class='ocrx_word' id='word_1_505' title='bbox 1751 3684 1948 3738; x_wconf 76' lang='grc' dir='ltr'>Σκόπει</span> 
     </span>
    </p>
   </div>
   <div class='ocr_carea' id='block_1_72' title="bbox 276 3772 1947 3850">
    <p class='ocr_par' dir='ltr' id='par_1_72' title="bbox 276 3772 1947 3850">
     <span class='ocr_line' id='line_1_73' title="bbox 276 3772 1947 3850; baseline -0.002 -19"><span class='ocrx_word' id='word_1_506' title='bbox 276 3778 370 3831; x_wconf 75' lang='grc' dir='ltr'>καὶ</span> <span class='ocrx_word' id='word_1_507' title='bbox 405 3778 470 3831; x_wconf 81' lang='grc' dir='ltr'>τὸ</span> <span class='ocrx_word' id='word_1_508' title='bbox 504 3775 785 3850; x_wconf 79' lang='grc' dir='ltr'>ἐχέγγυον</span> <span class='ocrx_word' id='word_1_509' title='bbox 817 3782 917 3843; x_wconf 76' lang='grc' dir='ltr'>τῆς</span> <span class='ocrx_word' id='word_1_510' title='bbox 976 3775 1209 3835; x_wconf 86' lang='grc' dir='ltr'>πίστεως</span> <span class='ocrx_word' id='word_1_511' title='bbox 1264 3780 1370 3828; x_wconf 80' lang='grc' dir='ltr'>τῶν</span> <span class='ocrx_word' id='word_1_512' title='bbox 1431 3772 1947 3848; x_wconf 75' lang='grc' dir='ltr'>ἐπαγγελλομένων.</span> 
     </span>
    </p>
   </div>
   <div class='ocr_carea' id='block_1_73' title="bbox 278 3862 1947 3938">
    <p class='ocr_par' dir='ltr' id='par_1_73' title="bbox 278 3862 1947 3938">
     <span class='ocr_line' id='line_1_74' title="bbox 278 3862 1947 3938; baseline -0.003 -19"><span class='ocrx_word' id='word_1_513' title='bbox 278 3871 449 3919; x_wconf 79' lang='grc' dir='ltr'>Ποῖον</span> <span class='ocrx_word' id='word_1_514' title='bbox 480 3869 652 3920; x_wconf 78' lang='grc' dir='ltr'>τοῦτο</span> <span class='ocrx_word' id='word_1_515' title='bbox 683 3882 700 3931; x_wconf 84' lang='grc'>;</span> <span class='ocrx_word' id='word_1_516' title='bbox 734 3866 836 3933; x_wconf 75' lang='grc' dir='ltr'>τὴν</span> <span class='ocrx_word' id='word_1_517' title='bbox 866 3864 1171 3936; x_wconf 78' lang='grc' dir='ltr'>περιτομὴν</span> <span class='ocrx_word' id='word_1_518' title='bbox 1203 3868 1309 3917; x_wconf 78' lang='grc' dir='ltr'>τῶν</span> <span class='ocrx_word' id='word_1_519' title='bbox 1362 3868 1688 3938; x_wconf 79' lang='grc' dir='ltr'>γεννητικῶν</span> <span class='ocrx_word' id='word_1_520' title='bbox 1739 3862 1947 3937; x_wconf 83' lang='grc' dir='ltr'>μορίων</span> 
     </span>
    </p>
   </div>
   <div class='ocr_carea' id='block_1_74' title="bbox 276 3950 1951 4028">
    <p class='ocr_par' dir='ltr' id='par_1_74' title="bbox 276 3950 1951 4028">
     <span class='ocr_line' id='line_1_75' title="bbox 276 3950 1951 4028; baseline 0.007 -19"><span class='ocrx_word' id='word_1_521' title='bbox 276 3955 471 4015; x_wconf 69' lang='grc' dir='ltr'>αὖτοῐς</span> <span class='ocrx_word' id='word_1_522' title='bbox 508 3956 713 4024; x_wconf 77' lang='grc' dir='ltr'>μόνοις</span> <span class='ocrx_word' id='word_1_523' title='bbox 748 3951 848 4007; x_wconf 82' lang='grc' dir='ltr'>οὐκ</span> <span class='ocrx_word' id='word_1_524' title='bbox 878 3950 1074 4013; x_wconf 68' lang='grc' dir='ltr'>ἄλλοις</span> <span class='ocrx_word' id='word_1_525' title='bbox 1107 3955 1387 4028; x_wconf 85' lang='grc' dir='ltr'>γνώριμον</span> <span class='ocrx_word' id='word_1_526' title='bbox 1418 3957 1534 4013; x_wconf 81' lang='grc' dir='ltr'>τοῖς</span> <span class='ocrx_word' id='word_1_527' title='bbox 1582 3952 1657 4023; x_wconf 76' lang='grc' dir='ltr'>μή</span> <span class='ocrx_word' id='word_1_528' title='bbox 1692 3950 1951 4005; x_wconf 72' lang='grc' dir='ltr'>πεπονθό-</span> 
     </span>
    </p>
   </div>
   <div class='ocr_carea' id='block_1_75' title="bbox 278 4040 1948 4115">
    <p class='ocr_par' dir='ltr' id='par_1_75' title="bbox 278 4040 1948 4115">
     <span class='ocr_line' id='line_1_76' title="bbox 278 4040 1948 4115; baseline -0.003 -17"><span class='ocrx_word' id='word_1_529' title='bbox 278 4066 385 4100; x_wconf 77' lang='grc' dir='ltr'>σιν.</span> <span class='ocrx_word' id='word_1_530' title='bbox 424 4046 515 4114; x_wconf 80' lang='grc' dir='ltr'>Ἐξ</span> <span class='ocrx_word' id='word_1_531' title='bbox 550 4044 630 4097; x_wconf 79' lang='grc' dir='ltr'>ὧν</span> <span class='ocrx_word' id='word_1_532' title='bbox 660 4040 730 4109; x_wconf 80' lang='grc' dir='ltr'>δὴ</span> <span class='ocrx_word' id='word_1_533' title='bbox 759 4043 971 4097; x_wconf 76' lang='grc' dir='ltr'>πάντων</span> <span class='ocrx_word' id='word_1_534' title='bbox 1024 4042 1086 4096; x_wconf 88' lang='grc' dir='ltr'>τὸ</span> <span class='ocrx_word' id='word_1_535' title='bbox 1144 4044 1421 4112; x_wconf 67' lang='grc' dir='ltr'>πειθήνιον</span> <span class='ocrx_word' id='word_1_536' title='bbox 1483 4040 1583 4115; x_wconf 80' lang='grc' dir='ltr'>δρα</span> <span class='ocrx_word' id='word_1_537' title='bbox 1637 4045 1741 4094; x_wconf 81' lang='grc' dir='ltr'>τῶν</span> <span class='ocrx_word' id='word_1_538' title='bbox 1806 4059 1948 4114; x_wconf 84' lang='grc' dir='ltr'>χρη-</span> 
     </span>
    </p>
   </div>
   <div class='ocr_carea' id='block_1_76' title="bbox 280 4126 1947 4209">
    <p class='ocr_par' dir='ltr' id='par_1_76' title="bbox 280 4126 1947 4209">
     <span class='ocr_line' id='line_1_77' title="bbox 280 4126 1947 4209; baseline -0.003 -21"><span class='ocrx_word' id='word_1_539' title='bbox 280 4135 706 4207; x_wconf 81' lang='grc' dir='ltr'>ματιζομένων.</span> <span class='ocrx_word' id='word_1_540' title='bbox 737 4130 916 4187; x_wconf 76' lang='grc' dir='ltr'>Ἀλλὰ</span> <span class='ocrx_word' id='word_1_541' title='bbox 972 4132 1061 4185; x_wconf 76' lang='grc' dir='ltr'>καὶ</span> <span class='ocrx_word' id='word_1_542' title='bbox 1112 4133 1229 4185; x_wconf 85' lang='grc' dir='ltr'>καθ’</span> <span class='ocrx_word' id='word_1_543' title='bbox 1281 4126 1338 4184; x_wconf 76' lang='grc' dir='ltr'>ὅν</span> <span class='ocrx_word' id='word_1_544' title='bbox 1395 4130 1655 4209; x_wconf 65' lang='grc' dir='ltr'>χρόνοιιὴ</span> <span class='ocrx_word' id='word_1_545' title='bbox 1687 4135 1792 4185; x_wconf 82' lang='grc' dir='ltr'>τῶν</span> <span class='ocrx_word' id='word_1_546' title='bbox 1852 4150 1947 4183; x_wconf 85' lang='grc' dir='ltr'>κα-</span> 
     </span>
    </p>
   </div>
   <div class='ocr_carea' id='block_1_77' title="bbox 271 4218 1949 4298">
    <p class='ocr_par' dir='ltr' id='par_1_77' title="bbox 271 4218 1949 4298">
     <span class='ocr_line' id='line_1_78' title="bbox 271 4218 1949 4298; baseline -0.005 -20"><span class='ocrx_word' id='word_1_547' title='bbox 271 4224 699 4298; x_wconf 73' lang='grc' dir='ltr'>κουχουμένων</span> <span class='ocrx_word' id='word_1_548' title='bbox 727 4220 951 4295; x_wconf 72' lang='grc' dir='ltr'>ἢγγιζεν</span> <span class='ocrx_word' id='word_1_549' title='bbox 1004 4218 1209 4292; x_wconf 81' lang='grc' dir='ltr'>ἔξοδος,</span> <span class='ocrx_word' id='word_1_550' title='bbox 1266 4220 1352 4275; x_wconf 79' lang='grc' dir='ltr'>ἐπὶ</span> <span class='ocrx_word' id='word_1_551' title='bbox 1409 4222 1471 4273; x_wconf 85' lang='grc' dir='ltr'>τὸ</span> <span class='ocrx_word' id='word_1_552' title='bbox 1530 4218 1741 4290; x_wconf 82' lang='grc' dir='ltr'>μᾶλλον</span> <span class='ocrx_word' id='word_1_553' title='bbox 1775 4220 1949 4287; x_wconf 77' lang='grc' dir='ltr'>ἡτῶν</span> 
     </span>
    </p>
   </div>
   <div class='ocr_carea' id='block_1_78' title="bbox 265 4304 1950 4383">
    <p class='ocr_par' dir='ltr' id='par_1_78' title="bbox 265 4304 1950 4383">
     <span class='ocr_line' id='line_1_79' title="bbox 265 4304 1950 4383; baseline -0.005 -15"><span class='ocrx_word' id='word_1_554' title='bbox 265 4314 606 4368; x_wconf 61' lang='grc' dir='ltr'>κακούντων</span> <span class='ocrx_word' id='word_1_555' title='bbox 661 4304 823 4383; x_wconf 61' lang='grc' dir='ltr'>ὕϐρις</span> <span class='ocrx_word' id='word_1_556' title='bbox 874 4304 1143 4383; x_wconf 68' lang='grc' dir='ltr'>προεᾶσα,</span> <span class='ocrx_word' id='word_1_557' title='bbox 1196 4311 1296 4378; x_wconf 75' lang='grc' dir='ltr'>τήν</span> <span class='ocrx_word' id='word_1_558' title='bbox 1377 4313 1484 4363; x_wconf 81' lang='grc' dir='ltr'>τῶν</span> <span class='ocrx_word' id='word_1_559' title='bbox 1539 4307 1775 4381; x_wconf 70' lang='grc' dir='ltr'>ἀρρένων</span> <span class='ocrx_word' id='word_1_560' title='bbox 1832 4311 1950 4368; x_wconf 83' lang='grc' dir='ltr'>ταῖς</span> 
     </span>
    </p>
   </div>
   <div class='ocr_carea' id='block_1_79' title="bbox 269 4393 1953 4478">
    <p class='ocr_par' dir='ltr' id='par_1_79' title="bbox 269 4393 1953 4478">
     <span class='ocr_line' id='line_1_80' title="bbox 269 4393 1953 4478; baseline -0.005 -22"><span class='ocrx_word' id='word_1_561' title='bbox 269 4402 475 4474; x_wconf 79' lang='grc' dir='ltr'>μαίαις</span> <span class='ocrx_word' id='word_1_562' title='bbox 508 4398 720 4478; x_wconf 64' lang='grc' dir='ltr'>ςρθορὰν</span> <span class='ocrx_word' id='word_1_563' title='bbox 756 4398 1071 4473; x_wconf 66' lang='grc' dir='ltr'>εἷσγτςσατο.</span> <span class='ocrx_word' id='word_1_564' title='bbox 1107 4396 1265 4451; x_wconf 72' lang='grc' dir='ltr'>Ἀλλ’</span> <span class='ocrx_word' id='word_1_565' title='bbox 1306 4396 1393 4451; x_wconf 79' lang='grc' dir='ltr'>ἐπὶ</span> <span class='ocrx_word' id='word_1_566' title='bbox 1444 4396 1537 4468; x_wconf 75' lang='grc' dir='ltr'>μὲν</span> <span class='ocrx_word' id='word_1_567' title='bbox 1586 4402 1706 4458; x_wconf 87' lang='grc' dir='ltr'>ταῖς</span> <span class='ocrx_word' id='word_1_568' title='bbox 1752 4393 1953 4457; x_wconf 74' lang='grc' dir='ltr'>ἆλλαις</span> 
     </span>
    </p>
   </div>
   <div class='ocr_carea' id='block_1_80' title="bbox 266 4484 1949 4558">
    <p class='ocr_par' dir='ltr' id='par_1_80' title="bbox 266 4484 1949 4558">
     <span class='ocr_line' id='line_1_81' title="bbox 266 4484 1949 4558; baseline -0.005 -13"><span class='ocrx_word' id='word_1_569' title='bbox 266 4491 588 4555; x_wconf 74' lang='grc' dir='ltr'>κακώσεσι,</span> <span class='ocrx_word' id='word_1_570' title='bbox 622 4489 687 4541; x_wconf 88' lang='grc' dir='ltr'>τὸ</span> <span class='ocrx_word' id='word_1_571' title='bbox 743 4484 910 4540; x_wconf 84' lang='grc' dir='ltr'>πλέον</span> <span class='ocrx_word' id='word_1_572' title='bbox 971 4486 1098 4549; x_wconf 71' lang='grc' dir='ltr'>τοὺς</span> <span class='ocrx_word' id='word_1_573' title='bbox 1150 4486 1517 4558; x_wconf 85' lang='grc' dir='ltr'>κακουμένους</span> <span class='ocrx_word' id='word_1_574' title='bbox 1582 4484 1949 4552; x_wconf 79' lang='grc' dir='ltr'>πληθύνεσθαι</span> 
     </span>
    </p>
   </div>
   <div class='ocr_carea' id='block_1_81' title="bbox 270 4574 1949 4653">
    <p class='ocr_par' dir='ltr' id='par_1_81' title="bbox 270 4574 1949 4653">
     <span class='ocr_line' id='line_1_82' title="bbox 270 4574 1949 4653; baseline -0.004 -18"><span class='ocrx_word' id='word_1_575' title='bbox 270 4580 644 4653; x_wconf 66' lang='grc' dir='ltr'>ἀντεξηγετο,</span> <span class='ocrx_word' id='word_1_576' title='bbox 683 4576 909 4640; x_wconf 76' lang='grc' dir='ltr'>ἐνταῦθα</span> <span class='ocrx_word' id='word_1_577' title='bbox 940 4574 995 4630; x_wconf 72' lang='grc' dir='ltr'>δὲ</span> <span class='ocrx_word' id='word_1_578' title='bbox 1024 4577 1161 4651; x_wconf 84' lang='grc' dir='ltr'>πρὸς</span> <span class='ocrx_word' id='word_1_579' title='bbox 1205 4580 1283 4649; x_wconf 80' lang='grc' dir='ltr'>τῷ</span> <span class='ocrx_word' id='word_1_580' title='bbox 1339 4574 1653 4651; x_wconf 80' lang='grc' dir='ltr'>διαμαρτεῖν</span> <span class='ocrx_word' id='word_1_581' title='bbox 1704 4579 1812 4628; x_wconf 81' lang='grc' dir='ltr'>τῶν</span> <span class='ocrx_word' id='word_1_582' title='bbox 1858 4594 1949 4628; x_wconf 87' lang='grc' dir='ltr'>κα-</span> 
     </span>
    </p>
   </div>
   <div class='ocr_carea' id='block_1_82' title="bbox 264 4660 1950 4743">
    <p class='ocr_par' dir='ltr' id='par_1_82' title="bbox 264 4660 1950 4743">
     <span class='ocr_line' id='line_1_83' title="bbox 264 4660 1950 4743; baseline -0.004 -20"><span class='ocrx_word' id='word_1_583' title='bbox 264 4668 730 4743; x_wconf 71' lang='grc' dir='ltr'>κουργημάτων,</span> <span class='ocrx_word' id='word_1_584' title='bbox 788 4667 879 4719; x_wconf 84' lang='grc' dir='ltr'>καὶ</span> <span class='ocrx_word' id='word_1_585' title='bbox 936 4666 1096 4720; x_wconf 73' lang='grc' dir='ltr'>αὐτὸι</span> <span class='ocrx_word' id='word_1_586' title='bbox 1154 4660 1351 4721; x_wconf 76' lang='grc' dir='ltr'>Μωσέα</span> <span class='ocrx_word' id='word_1_587' title='bbox 1404 4666 1496 4720; x_wconf 86' lang='grc' dir='ltr'>τὸν</span> <span class='ocrx_word' id='word_1_588' title='bbox 1554 4664 1950 4738; x_wconf 70' lang='grc' dir='ltr'>ὂλοθρεύσοντα</span> 
     </span>
    </p>
   </div>
   <div class='ocr_carea' id='block_1_83' title="bbox 2058 3511 3705 3584">
    <p class='ocr_par' dir='ltr' id='par_1_83' title="bbox 2058 3511 3705 3584">
     <span class='ocr_line' id='line_1_84' title="bbox 2058 3511 3705 3584; baseline 0.001 -18"><span class='ocrx_word' id='word_1_589' title='bbox 2058 3512 2355 3574; x_wconf 88' lang='lat' dir='ltr'>interitus,</span> <span class='ocrx_word' id='word_1_590' title='bbox 2381 3513 2479 3584; x_wconf 91' lang='lat' dir='ltr'>qui</span> <span class='ocrx_word' id='word_1_591' title='bbox 2502 3513 2572 3568; x_wconf 91' lang='lat' dir='ltr'>ab</span> <span class='ocrx_word' id='word_1_592' title='bbox 2597 3513 2726 3584; x_wconf 92' lang='lat' dir='ltr'>ipso</span> <span class='ocrx_word' id='word_1_593' title='bbox 2762 3513 2874 3566; x_wconf 92' lang='lat' dir='ltr'>Deo</span> <span class='ocrx_word' id='word_1_594' title='bbox 2908 3512 3027 3566; x_wconf 89' lang='lat' dir='ltr'>illis</span> <span class='ocrx_word' id='word_1_595' title='bbox 3058 3512 3214 3567; x_wconf 90' lang='lat' dir='ltr'>circa</span> <span class='ocrx_word' id='word_1_596' title='bbox 3246 3528 3409 3566; x_wconf 88' lang='lat' dir='ltr'>mare</span> <span class='ocrx_word' id='word_1_597' title='bbox 3442 3511 3705 3568; x_wconf 83' lang='lat' dir='ltr'>Rubrum</span> 
     </span>
    </p>
   </div>
   <div class='ocr_carea' id='block_1_84' title="bbox 2057 3601 3707 3674">
    <p class='ocr_par' dir='ltr' id='par_1_84' title="bbox 2057 3601 3707 3674">
     <span class='ocr_line' id='line_1_85' title="bbox 2057 3601 3707 3674; baseline 0.001 -20"><span class='ocrx_word' id='word_1_598' title='bbox 2057 3601 2419 3673; x_wconf 88' lang='lat' dir='ltr'>impendisse</span> <span class='ocrx_word' id='word_1_599' title='bbox 2462 3602 2826 3674; x_wconf 89' lang='lat' dir='ltr'>signiﬁcatus</span> <span class='ocrx_word' id='word_1_600' title='bbox 2860 3607 2968 3664; x_wconf 90' lang='lat' dir='ltr'>est,</span> <span class='ocrx_word' id='word_1_601' title='bbox 2999 3618 3074 3655; x_wconf 91' lang='lat' dir='ltr'>ne</span> <span class='ocrx_word' id='word_1_602' title='bbox 3098 3601 3585 3656; x_wconf 91' lang='lat' dir='ltr'>discruciantium</span> <span class='ocrx_word' id='word_1_603' title='bbox 3607 3616 3707 3655; x_wconf 87' lang='lat' dir='ltr'>re-</span> 
     </span>
    </p>
   </div>
   <div class='ocr_carea' id='block_1_85' title="bbox 2055 3690 3701 3763">
    <p class='ocr_par' dir='ltr' id='par_1_85' title="bbox 2055 3690 3701 3763">
     <span class='ocr_line' id='line_1_86' title="bbox 2055 3690 3701 3763; baseline -0.001 -19"><span class='ocrx_word' id='word_1_604' title='bbox 2055 3708 2185 3745; x_wconf 88' lang='lat' dir='ltr'>rum</span> <span class='ocrx_word' id='word_1_605' title='bbox 2219 3692 2465 3763; x_wconf 84' lang='lat' dir='ltr'>impetu,</span> <span class='ocrx_word' id='word_1_606' title='bbox 2496 3691 2829 3761; x_wconf 87' lang='lat' dir='ltr'>desperatio</span> <span class='ocrx_word' id='word_1_607' title='bbox 2863 3690 3212 3745; x_wconf 89' lang='lat' dir='ltr'>salutarium</span> <span class='ocrx_word' id='word_1_608' title='bbox 3265 3707 3503 3745; x_wconf 87' lang='lat' dir='ltr'>causam</span> <span class='ocrx_word' id='word_1_609' title='bbox 3550 3707 3701 3760; x_wconf 73' lang='lat' dir='ltr'>prm-</span> 
     </span>
    </p>
   </div>
   <div class='ocr_carea' id='block_1_86' title="bbox 2054 3778 3696 3835">
    <p class='ocr_par' dir='ltr' id='par_1_86' title="bbox 2054 3778 3696 3835">
     <span class='ocr_line' id='line_1_87' title="bbox 2054 3778 3696 3835; baseline -0.001 -2"><span class='ocrx_word' id='word_1_610' title='bbox 2054 3779 2192 3834; x_wconf 90' lang='lat' dir='ltr'>beat</span> <span class='ocrx_word' id='word_1_611' title='bbox 2220 3779 2553 3835; x_wconf 89' lang='lat' dir='ltr'>collabendi</span> <span class='ocrx_word' id='word_1_612' title='bbox 2588 3780 2645 3833; x_wconf 93' lang='lat' dir='ltr'>in</span> <span class='ocrx_word' id='word_1_613' title='bbox 2678 3778 3113 3833; x_wconf 88' lang='lat' dir='ltr'>inﬁdelitatem.</span> <span class='ocrx_word' id='word_1_614' title='bbox 3149 3778 3472 3833; x_wconf 89' lang='lat' dir='ltr'>Considera</span> <span class='ocrx_word' id='word_1_615' title='bbox 3522 3778 3696 3831; x_wconf 87' lang='lat' dir='ltr'>etiam</span> 
     </span>
    </p>
   </div>
   <div class='ocr_carea' id='block_1_87' title="bbox 2057 3866 3695 3938">
    <p class='ocr_par' dir='ltr' id='par_1_87' title="bbox 2057 3866 3695 3938">
     <span class='ocr_line' id='line_1_88' title="bbox 2057 3866 3695 3938; baseline -0.002 -16"><span class='ocrx_word' id='word_1_616' title='bbox 2057 3884 2188 3938; x_wconf 75' lang='lat' dir='ltr'>quae</span> <span class='ocrx_word' id='word_1_617' title='bbox 2221 3869 2297 3922; x_wconf 89' lang='lat' dir='ltr'>sit</span> <span class='ocrx_word' id='word_1_618' title='bbox 2328 3868 2465 3923; x_wconf 86' lang='lat' dir='ltr'>ﬁdei</span> <span class='ocrx_word' id='word_1_619' title='bbox 2492 3868 2778 3923; x_wconf 90' lang='lat' dir='ltr'>securitas</span> <span class='ocrx_word' id='word_1_620' title='bbox 2810 3866 2880 3921; x_wconf 91' lang='lat' dir='ltr'>de</span> <span class='ocrx_word' id='word_1_621' title='bbox 2933 3868 3024 3921; x_wconf 86' lang='lat' dir='ltr'>his</span> <span class='ocrx_word' id='word_1_622' title='bbox 3078 3884 3207 3936; x_wconf 66' lang='lat' dir='ltr'>quia</span> <span class='ocrx_word' id='word_1_623' title='bbox 3248 3866 3695 3937; x_wconf 88' lang='lat' dir='ltr'>promittuntur.</span> 
     </span>
    </p>
   </div>
   <div class='ocr_carea' id='block_1_88' title="bbox 2056 3955 3696 4027">
    <p class='ocr_par' dir='ltr' id='par_1_88' title="bbox 2056 3955 3696 4027">
     <span class='ocr_line' id='line_1_89' title="bbox 2056 3955 3696 4027; baseline -0.001 -17"><span class='ocrx_word' id='word_1_624' title='bbox 2056 3958 2338 4022; x_wconf 71' lang='lat' dir='ltr'>Quaenam</span> <span class='ocrx_word' id='word_1_625' title='bbox 2364 3958 2467 4011; x_wconf 89' lang='lat' dir='ltr'>illa</span> <span class='ocrx_word' id='word_1_626' title='bbox 2489 3963 2597 4023; x_wconf 92' lang='lat' dir='ltr'>est,</span> <span class='ocrx_word' id='word_1_627' title='bbox 2617 3956 2890 4027; x_wconf 85' lang='lat' dir='ltr'>inquies?</span> <span class='ocrx_word' id='word_1_628' title='bbox 2908 3959 3127 4027; x_wconf 83' lang='lat' dir='ltr'>Nempe</span> <span class='ocrx_word' id='word_1_629' title='bbox 3144 3957 3299 4027; x_wconf 93' lang='lat' dir='ltr'>quod</span> <span class='ocrx_word' id='word_1_630' title='bbox 3324 3955 3696 4010; x_wconf 86' lang='lat' dir='ltr'>circumcisio</span> 
     </span>
    </p>
   </div>
   <div class='ocr_carea' id='block_1_89' title="bbox 2056 4043 3696 4120">
    <p class='ocr_par' dir='ltr' id='par_1_89' title="bbox 2056 4043 3696 4120">
     <span class='ocr_line' id='line_1_90' title="bbox 2056 4043 3696 4120; baseline -0.003 -18"><span class='ocrx_word' id='word_1_631' title='bbox 2056 4047 2400 4120; x_wconf 79' lang='lat' dir='ltr'>genitalium</span> <span class='ocrx_word' id='word_1_632' title='bbox 2427 4045 2683 4115; x_wconf 86' lang='lat' dir='ltr'>partium</span> <span class='ocrx_word' id='word_1_633' title='bbox 2712 4045 2856 4114; x_wconf 92' lang='lat' dir='ltr'>ipsis</span> <span class='ocrx_word' id='word_1_634' title='bbox 2889 4044 3030 4098; x_wconf 90' lang='lat' dir='ltr'>solis</span> <span class='ocrx_word' id='word_1_635' title='bbox 3062 4044 3218 4111; x_wconf 89' lang='lat' dir='ltr'>data,</span> <span class='ocrx_word' id='word_1_636' title='bbox 3243 4045 3474 4116; x_wconf 80' lang='lat' dir='ltr'>insigne</span> <span class='ocrx_word' id='word_1_637' title='bbox 3495 4043 3696 4110; x_wconf 91' lang='lat' dir='ltr'>fuerit,</span> 
     </span>
    </p>
   </div>
   <div class='ocr_carea' id='block_1_90' title="bbox 2056 4132 3698 4205">
    <p class='ocr_par' dir='ltr' id='par_1_90' title="bbox 2056 4132 3698 4205">
     <span class='ocr_line' id='line_1_91' title="bbox 2056 4132 3698 4205; baseline -0.004 -13"><span class='ocrx_word' id='word_1_638' title='bbox 2056 4156 2175 4193; x_wconf 90' lang='lat' dir='ltr'>non</span> <span class='ocrx_word' id='word_1_639' title='bbox 2208 4137 2279 4189; x_wconf 91' lang='lat' dir='ltr'>iis</span> <span class='ocrx_word' id='word_1_640' title='bbox 2312 4134 2525 4205; x_wconf 90' lang='lat' dir='ltr'>quibus</span> <span class='ocrx_word' id='word_1_641' title='bbox 2555 4150 2675 4187; x_wconf 90' lang='lat' dir='ltr'>non</span> <span class='ocrx_word' id='word_1_642' title='bbox 2707 4132 3052 4201; x_wconf 80' lang='lat' dir='ltr'>contigerat.</span> <span class='ocrx_word' id='word_1_643' title='bbox 3082 4135 3159 4185; x_wconf 86' lang='lat' dir='ltr'>Ex</span> <span class='ocrx_word' id='word_1_644' title='bbox 3180 4134 3395 4202; x_wconf 86' lang='lat' dir='ltr'>quibus</span> <span class='ocrx_word' id='word_1_645' title='bbox 3419 4133 3698 4187; x_wconf 88' lang='lat' dir='ltr'>omnibus</span> 
     </span>
    </p>
   </div>
   <div class='ocr_carea' id='block_1_91' title="bbox 2058 4220 3703 4291">
    <p class='ocr_par' dir='ltr' id='par_1_91' title="bbox 2058 4220 3703 4291">
     <span class='ocr_line' id='line_1_92' title="bbox 2058 4220 3703 4291; baseline -0.005 -10"><span class='ocrx_word' id='word_1_646' title='bbox 2058 4242 2259 4281; x_wconf 87' lang='lat' dir='ltr'>eorum</span> <span class='ocrx_word' id='word_1_647' title='bbox 2293 4225 2525 4277; x_wconf 89' lang='lat' dir='ltr'>intuere</span> <span class='ocrx_word' id='word_1_648' title='bbox 2558 4221 2980 4281; x_wconf 88' lang='lat' dir='ltr'>obedientiam,</span> <span class='ocrx_word' id='word_1_649' title='bbox 3009 4220 3107 4289; x_wconf 92' lang='lat' dir='ltr'>qui</span> <span class='ocrx_word' id='word_1_650' title='bbox 3135 4220 3330 4274; x_wconf 85' lang='lat' dir='ltr'>divina</span> <span class='ocrx_word' id='word_1_651' title='bbox 3350 4223 3703 4291; x_wconf 83' lang='lat' dir='ltr'>acceperant</span> 
     </span>
    </p>
   </div>
   <div class='ocr_carea' id='block_1_92' title="bbox 2056 4308 3704 4386">
    <p class='ocr_par' dir='ltr' id='par_1_92' title="bbox 2056 4308 3704 4386">
     <span class='ocr_line' id='line_1_93' title="bbox 2056 4308 3704 4386; baseline -0.005 -16"><span class='ocrx_word' id='word_1_652' title='bbox 2056 4330 2360 4386; x_wconf 89' lang='lat' dir='ltr'>responsa.</span> <span class='ocrx_word' id='word_1_653' title='bbox 2396 4312 2506 4366; x_wconf 90' lang='lat' dir='ltr'>Sed</span> <span class='ocrx_word' id='word_1_654' title='bbox 2539 4317 2899 4381; x_wconf 89' lang='lat' dir='ltr'>ettempore,</span> <span class='ocrx_word' id='word_1_655' title='bbox 2925 4327 3040 4380; x_wconf 90' lang='lat' dir='ltr'>quo</span> <span class='ocrx_word' id='word_1_656' title='bbox 3068 4308 3704 4364; x_wconf 83' lang='lat' dir='ltr'>afﬁictoruminstabat</span> 
     </span>
    </p>
   </div>
   <div class='ocr_carea' id='block_1_93' title="bbox 2058 4398 3704 4476">
    <p class='ocr_par' dir='ltr' id='par_1_93' title="bbox 2058 4398 3704 4476">
     <span class='ocr_line' id='line_1_94' title="bbox 2058 4398 3704 4476; baseline -0.003 -17"><span class='ocrx_word' id='word_1_657' title='bbox 2058 4420 2349 4476; x_wconf 85' lang='lat' dir='ltr'>egressus,</span> <span class='ocrx_word' id='word_1_658' title='bbox 2383 4401 2639 4471; x_wconf 91' lang='lat' dir='ltr'>amplius</span> <span class='ocrx_word' id='word_1_659' title='bbox 2672 4415 2982 4471; x_wconf 86' lang='lat' dir='ltr'>progressa</span> <span class='ocrx_word' id='word_1_660' title='bbox 3012 4405 3101 4454; x_wconf 91' lang='lat' dir='ltr'>est</span> <span class='ocrx_word' id='word_1_661' title='bbox 3130 4398 3516 4470; x_wconf 86' lang='lat' dir='ltr'>affligentium</span> <span class='ocrx_word' id='word_1_662' title='bbox 3540 4399 3704 4469; x_wconf 81' lang='lat' dir='ltr'>inju-</span> 
     </span>
    </p>
   </div>
   <div class='ocr_carea' id='block_1_94' title="bbox 2056 4487 3701 4563">
    <p class='ocr_par' dir='ltr' id='par_1_94' title="bbox 2056 4487 3701 4563">
     <span class='ocr_line' id='line_1_95' title="bbox 2056 4487 3701 4563; baseline -0.003 -15"><span class='ocrx_word' id='word_1_663' title='bbox 2056 4495 2164 4559; x_wconf 89' lang='lat' dir='ltr'>ria,</span> <span class='ocrx_word' id='word_1_664' title='bbox 2226 4509 2355 4563; x_wconf 68' lang='lat' dir='ltr'>quaa</span> <span class='ocrx_word' id='word_1_665' title='bbox 2415 4490 2762 4544; x_wconf 85' lang='lat' dir='ltr'>obstetrices</span> <span class='ocrx_word' id='word_1_666' title='bbox 2821 4488 3093 4543; x_wconf 87' lang='lat' dir='ltr'>admonit</span> <span class='ocrx_word' id='word_1_667' title='bbox 3157 4488 3229 4542; x_wconf 90' lang='lat' dir='ltr'>ad</span> <span class='ocrx_word' id='word_1_668' title='bbox 3296 4487 3701 4543; x_wconf 88' lang='lat' dir='ltr'>masculorum</span> 
     </span>
    </p>
   </div>
   <div class='ocr_carea' id='block_1_95' title="bbox 2055 4576 3703 4655">
    <p class='ocr_par' dir='ltr' id='par_1_95' title="bbox 2055 4576 3703 4655">
     <span class='ocr_line' id='line_1_96' title="bbox 2055 4576 3703 4655; baseline -0.002 -18"><span class='ocrx_word' id='word_1_669' title='bbox 2055 4583 2474 4655; x_wconf 88' lang='lat' dir='ltr'>perditionem.</span> <span class='ocrx_word' id='word_1_670' title='bbox 2514 4581 2726 4634; x_wconf 81' lang='lat' dir='ltr'>Verum</span> <span class='ocrx_word' id='word_1_671' title='bbox 2762 4579 2822 4633; x_wconf 89' lang='lat' dir='ltr'>in</span> <span class='ocrx_word' id='word_1_672' title='bbox 2854 4578 2989 4632; x_wconf 88' lang='lat' dir='ltr'>aliis</span> <span class='ocrx_word' id='word_1_673' title='bbox 3013 4577 3254 4647; x_wconf 90' lang='lat' dir='ltr'>quidem</span> <span class='ocrx_word' id='word_1_674' title='bbox 3277 4576 3703 4633; x_wconf 85' lang='lat' dir='ltr'>afflictionibus</span> 
     </span>
    </p>
   </div>
   <div class='ocr_carea' id='block_1_96' title="bbox 2056 4665 3702 4742">
    <p class='ocr_par' dir='ltr' id='par_1_96' title="bbox 2056 4665 3702 4742">
     <span class='ocr_line' id='line_1_97' title="bbox 2056 4665 3702 4742; baseline -0.002 -16"><span class='ocrx_word' id='word_1_675' title='bbox 2056 4672 2115 4726; x_wconf 92' lang='lat' dir='ltr'>id</span> <span class='ocrx_word' id='word_1_676' title='bbox 2148 4670 2483 4742; x_wconf 88' lang='lat' dir='ltr'>oppositum</span> <span class='ocrx_word' id='word_1_677' title='bbox 2516 4675 2605 4723; x_wconf 88' lang='lat' dir='ltr'>est</span> <span class='ocrx_word' id='word_1_678' title='bbox 2636 4670 2794 4737; x_wconf 91' lang='lat' dir='ltr'>quod</span> <span class='ocrx_word' id='word_1_679' title='bbox 2829 4666 3033 4721; x_wconf 83' lang='lat' dir='ltr'>afflicti</span> <span class='ocrx_word' id='word_1_680' title='bbox 3059 4665 3315 4736; x_wconf 81' lang='lat' dir='ltr'>amplius</span> <span class='ocrx_word' id='word_1_681' title='bbox 3340 4666 3702 4737; x_wconf 87' lang='lat' dir='ltr'>multiplica-</span> 
     </span>
    </p>
   </div>
   <div class='ocr_carea' id='block_1_97' title="bbox 271 4755 1950 4845">
    <p class='ocr_par' dir='ltr' id='par_1_97' title="bbox 271 4756 1946 4833">
     <span class='ocr_line' id='line_1_98' title="bbox 271 4756 1946 4833; baseline -0.004 -16"><span class='ocrx_word' id='word_1_682' title='bbox 271 4762 485 4824; x_wconf 67' lang='grc' dir='ltr'>αὖτοὺς</span> <span class='ocrx_word' id='word_1_683' title='bbox 548 4760 703 4824; x_wconf 69' lang='grc' dir='ltr'>παρὰ</span> <span class='ocrx_word' id='word_1_684' title='bbox 756 4756 1080 4833; x_wconf 83' lang='grc' dir='ltr'>προσδοκίαν</span> <span class='ocrx_word' id='word_1_685' title='bbox 1143 4756 1417 4827; x_wconf 83' lang='grc' dir='ltr'>διασωζει,</span> <span class='ocrx_word' id='word_1_686' title='bbox 1504 4760 1594 4813; x_wconf 87' lang='grc' dir='ltr'>καὶ</span> <span class='ocrx_word' id='word_1_687' title='bbox 1665 4759 1946 4833; x_wconf 83' lang='grc' dir='ltr'>βασιλείου</span> 
     </span>
    </p>
   </div>
   <div class='ocr_carea' id='block_1_98' title="bbox 2063 4755 3704 4845">
    <p class='ocr_par' dir='ltr' id='par_1_98' title="bbox 2063 4755 3704 4827">
     <span class='ocr_line' id='line_1_99' title="bbox 2063 4755 3704 4827; baseline -0.002 -11"><span class='ocrx_word' id='word_1_688' title='bbox 2063 4761 2395 4816; x_wconf 78' lang='lat' dir='ltr'>bantur.65</span> <span class='ocrx_word' id='word_1_689' title='bbox 2417 4760 2549 4813; x_wconf 65' lang='lat' dir='ltr'>Haec</span> <span class='ocrx_word' id='word_1_690' title='bbox 2563 4764 2757 4811; x_wconf 87' lang='lat' dir='ltr'>autem</span> <span class='ocrx_word' id='word_1_691' title='bbox 2777 4755 3123 4826; x_wconf 89' lang='lat' dir='ltr'>improbitas</span> <span class='ocrx_word' id='word_1_692' title='bbox 3136 4762 3529 4827; x_wconf 72' lang='lat' dir='ltr'>prmterquam</span> <span class='ocrx_word' id='word_1_693' title='bbox 3547 4756 3704 4827; x_wconf 90' lang='lat' dir='ltr'>quod</span> 
     </span>
    </p>
   </div>
   <div class='ocr_carea' id='block_1_99' title="bbox 268 4847 1946 4927">
    <p class='ocr_par' dir='ltr' id='par_1_99' title="bbox 268 4847 1946 4927">
     <span class='ocr_line' id='line_1_100' title="bbox 268 4847 1946 4927; baseline -0.004 -20"><span class='ocrx_word' id='word_1_694' title='bbox 268 4856 500 4927; x_wconf 66' lang='grc' dir='ltr'>τροφῆς</span> <span class='ocrx_word' id='word_1_695' title='bbox 538 4850 689 4919; x_wconf 70' lang='grc' dir='ltr'>ἀξιοῖ</span> <span class='ocrx_word' id='word_1_696' title='bbox 718 4850 809 4903; x_wconf 83' lang='grc' dir='ltr'>καὶ</span> <span class='ocrx_word' id='word_1_697' title='bbox 842 4848 1179 4922; x_wconf 82' lang='grc' dir='ltr'>ἐπιμελείας.</span> <span class='ocrx_word' id='word_1_698' title='bbox 1214 4850 1360 4923; x_wconf 87' lang='grc' dir='ltr'>Πρὸς</span> <span class='ocrx_word' id='word_1_699' title='bbox 1408 4848 1459 4903; x_wconf 84' lang='grc' dir='ltr'>τί</span> <span class='ocrx_word' id='word_1_700' title='bbox 1510 4847 1567 4902; x_wconf 83' lang='grc' dir='ltr'>δὲ</span> <span class='ocrx_word' id='word_1_701' title='bbox 1620 4847 1946 4926; x_wconf 67' lang='grc' dir='ltr'>παρελήφθη</span> 
     </span>
    </p>
   </div>
   <div class='ocr_carea' id='block_1_100' title="bbox 266 4936 1949 5012">
    <p class='ocr_par' dir='ltr' id='par_1_100' title="bbox 266 4936 1949 5012">
     <span class='ocr_line' id='line_1_101' title="bbox 266 4936 1949 5012; baseline -0.004 -15"><span class='ocrx_word' id='word_1_702' title='bbox 266 4943 369 4997; x_wconf 77' lang='grc' dir='ltr'>καὶ</span> <span class='ocrx_word' id='word_1_703' title='bbox 401 4946 576 4996; x_wconf 80' lang='grc' dir='ltr'>τοῦτο</span> <span class='ocrx_word' id='word_1_704' title='bbox 607 4959 619 5007; x_wconf 89' lang='grc'><strong>;</strong></span> <span class='ocrx_word' id='word_1_705' title='bbox 657 4938 797 5012; x_wconf 69' lang='grc' dir='ltr'>Πρὸς</span> <span class='ocrx_word' id='word_1_706' title='bbox 833 4936 1186 5009; x_wconf 76' lang='grc' dir='ltr'>ὑποδήΛωσιν</span> <span class='ocrx_word' id='word_1_707' title='bbox 1215 4943 1310 4992; x_wconf 86' lang='grc' dir='ltr'>τοῦ</span> <span class='ocrx_word' id='word_1_708' title='bbox 1341 4939 1430 4993; x_wconf 84' lang='grc' dir='ltr'>καὶ</span> <span class='ocrx_word' id='word_1_709' title='bbox 1478 4942 1566 4993; x_wconf 84' lang='grc' dir='ltr'>νῦν</span> <span class='ocrx_word' id='word_1_710' title='bbox 1621 4940 1696 5010; x_wconf 85' lang='grc' dir='ltr'>μή</span> <span class='ocrx_word' id='word_1_711' title='bbox 1748 4938 1949 5011; x_wconf 78' lang='grc' dir='ltr'>ἀπογι-</span> 
     </span>
    </p>
   </div>
   <div class='ocr_carea' id='block_1_101' title="bbox 264 5027 1949 5104">
    <p class='ocr_par' dir='ltr' id='par_1_101' title="bbox 264 5027 1949 5104">
     <span class='ocr_line' id='line_1_102' title="bbox 264 5027 1949 5104; baseline -0.002 -18"><span class='ocrx_word' id='word_1_712' title='bbox 264 5035 538 5099; x_wconf 56' lang='lat' dir='ltr'>wits-45w,</span> <span class='ocrx_word' id='word_1_713' title='bbox 570 5031 703 5091; x_wconf 78' lang='grc' dir='ltr'>τοὺς</span> <span class='ocrx_word' id='word_1_714' title='bbox 759 5030 893 5083; x_wconf 79' lang='grc' dir='ltr'>κατᾶ</span> <span class='ocrx_word' id='word_1_715' title='bbox 952 5032 1189 5104; x_wconf 78' lang='grc' dir='ltr'>Χριστοῦ</span> <span class='ocrx_word' id='word_1_716' title='bbox 1233 5030 1322 5083; x_wconf 81' lang='grc' dir='ltr'>καὶ</span> <span class='ocrx_word' id='word_1_717' title='bbox 1381 5033 1487 5083; x_wconf 80' lang='grc' dir='ltr'>τῶν</span> <span class='ocrx_word' id='word_1_718' title='bbox 1546 5027 1711 5083; x_wconf 83' lang='grc' dir='ltr'>αὐτοῦ</span> <span class='ocrx_word' id='word_1_719' title='bbox 1771 5040 1949 5100; x_wconf 85' lang='grc' dir='ltr'>μαθη-</span> 
     </span>
    </p>
   </div>
   <div class='ocr_carea' id='block_1_102' title="bbox 268 5114 1947 5194">
    <p class='ocr_par' dir='ltr' id='par_1_102' title="bbox 268 5114 1947 5194">
     <span class='ocr_line' id='line_1_103' title="bbox 268 5114 1947 5194; baseline -0.003 -19"><span class='ocrx_word' id='word_1_720' title='bbox 268 5123 384 5176; x_wconf 80' lang='grc' dir='ltr'>τών</span> <span class='ocrx_word' id='word_1_721' title='bbox 418 5119 844 5192; x_wconf 80' lang='grc' dir='ltr'>ὀπλιζομένους</span> <span class='ocrx_word' id='word_1_722' title='bbox 873 5123 977 5172; x_wconf 78' lang='grc' dir='ltr'>τῶν</span> <span class='ocrx_word' id='word_1_723' title='bbox 1015 5119 1227 5190; x_wconf 87' lang='grc' dir='ltr'>ὁμοίων</span> <span class='ocrx_word' id='word_1_724' title='bbox 1257 5124 1468 5194; x_wconf 82' lang='grc' dir='ltr'>τυχεῖν,</span> <span class='ocrx_word' id='word_1_725' title='bbox 1502 5116 1553 5171; x_wconf 76' lang='grc' dir='ltr'>ἐν</span> <span class='ocrx_word' id='word_1_726' title='bbox 1600 5123 1718 5179; x_wconf 87' lang='grc' dir='ltr'>τοῖς</span> <span class='ocrx_word' id='word_1_727' title='bbox 1766 5114 1947 5194; x_wconf 79' lang='grc' dir='ltr'>ἔργοις</span> 
     </span>
    </p>
   </div>
   <div class='ocr_carea' id='block_1_103' title="bbox 276 5203 1948 5287">
    <p class='ocr_par' dir='ltr' id='par_1_103' title="bbox 276 5203 1948 5287">
     <span class='ocr_line' id='line_1_104' title="bbox 276 5203 1948 5287; baseline -0.004 -21"><span class='ocrx_word' id='word_1_728' title='bbox 276 5217 390 5266; x_wconf 79' lang='grc' dir='ltr'>τῶν</span> <span class='ocrx_word' id='word_1_729' title='bbox 437 5215 655 5287; x_wconf 81' lang='grc' dir='ltr'>χειρῶν</span> <span class='ocrx_word' id='word_1_730' title='bbox 719 5208 893 5264; x_wconf 72' lang='grc' dir='ltr'>αὐτῶν</span> <span class='ocrx_word' id='word_1_731' title='bbox 955 5203 1540 5281; x_wconf 78' lang='grc' dir='ltr'>συΛλαμϐανομένους.</span> <span class='ocrx_word' id='word_1_732' title='bbox 1599 5208 1675 5262; x_wconf 88' lang='grc' dir='ltr'>Τὸ</span> <span class='ocrx_word' id='word_1_733' title='bbox 1736 5203 1793 5261; x_wconf 67' lang='grc' dir='ltr'>δὲ</span> <span class='ocrx_word' id='word_1_734' title='bbox 1849 5213 1948 5275; x_wconf 75' lang='grc' dir='ltr'>τῆς</span> 
     </span>
    </p>
   </div>
   <div class='ocr_carea' id='block_1_104' title="bbox 274 5294 1949 5376">
    <p class='ocr_par' dir='ltr' id='par_1_104' title="bbox 274 5294 1949 5376">
     <span class='ocr_line' id='line_1_105' title="bbox 274 5294 1949 5376; baseline -0.004 -20"><span class='ocrx_word' id='word_1_735' title='bbox 274 5307 601 5376; x_wconf 74' lang='grc' dir='ltr'>περιτομῆς</span> <span class='ocrx_word' id='word_1_736' title='bbox 662 5304 896 5369; x_wconf 79' lang='grc' dir='ltr'>σημεῖον</span> <span class='ocrx_word' id='word_1_737' title='bbox 955 5296 1043 5351; x_wconf 80' lang='grc' dir='ltr'>ἐπὶ</span> <span class='ocrx_word' id='word_1_738' title='bbox 1113 5302 1228 5358; x_wconf 84' lang='grc' dir='ltr'>τοῖς</span> <span class='ocrx_word' id='word_1_739' title='bbox 1312 5301 1652 5371; x_wconf 82' lang='grc' dir='ltr'>γεννητικοῖς</span> <span class='ocrx_word' id='word_1_740' title='bbox 1734 5294 1949 5370; x_wconf 85' lang='grc' dir='ltr'>μορίοις</span> 
     </span>
    </p>
   </div>
   <div class='ocr_carea' id='block_1_105' title="bbox 274 5386 1949 5462">
    <p class='ocr_par' dir='ltr' id='par_1_105' title="bbox 274 5386 1949 5462">
     <span class='ocr_line' id='line_1_106' title="bbox 274 5386 1949 5462; baseline -0.005 -17"><span class='ocrx_word' id='word_1_741' title='bbox 274 5398 440 5446; x_wconf 79' lang='grc' dir='ltr'>τοῦτο</span> <span class='ocrx_word' id='word_1_742' title='bbox 478 5389 697 5461; x_wconf 75' lang='grc' dir='ltr'>δηλοῦν</span> <span class='ocrx_word' id='word_1_743' title='bbox 735 5386 1014 5462; x_wconf 71' lang='grc' dir='ltr'>βούλεται.</span> <span class='ocrx_word' id='word_1_744' title='bbox 1048 5387 1119 5441; x_wconf 85' lang='grc' dir='ltr'>Τὸ</span> <span class='ocrx_word' id='word_1_745' title='bbox 1150 5386 1529 5461; x_wconf 73' lang='grc' dir='ltr'>προκάλυμμα</span> <span class='ocrx_word' id='word_1_746' title='bbox 1559 5386 1622 5440; x_wconf 88' lang='grc' dir='ltr'>τὸ</span> <span class='ocrx_word' id='word_1_747' title='bbox 1660 5390 1777 5447; x_wconf 85' lang='grc' dir='ltr'>τοῖς</span> <span class='ocrx_word' id='word_1_748' title='bbox 1817 5406 1949 5462; x_wconf 88' lang='grc' dir='ltr'>γεν-</span> 
     </span>
    </p>
   </div>
   <div class='ocr_carea' id='block_1_106' title="bbox 271 5473 1948 5560">
    <p class='ocr_par' dir='ltr' id='par_1_106' title="bbox 271 5473 1948 5560">
     <span class='ocr_line' id='line_1_107' title="bbox 271 5473 1948 5560; baseline -0.003 -27"><span class='ocrx_word' id='word_1_749' title='bbox 271 5484 515 5560; x_wconf 71' lang='grc' dir='ltr'>ναρχαις</span> <span class='ocrx_word' id='word_1_750' title='bbox 581 5478 636 5533; x_wconf 80' lang='grc' dir='ltr'>ἐν</span> <span class='ocrx_word' id='word_1_751' title='bbox 698 5478 778 5548; x_wconf 78' lang='grc' dir='ltr'>τῷ</span> <span class='ocrx_word' id='word_1_752' title='bbox 829 5473 1160 5550; x_wconf 84' lang='grc' dir='ltr'>παραδείσω,</span> <span class='ocrx_word' id='word_1_753' title='bbox 1222 5477 1408 5552; x_wconf 70' lang='grc' dir='ltr'>φθόνῳ</span> <span class='ocrx_word' id='word_1_754' title='bbox 1490 5478 1593 5529; x_wconf 86' lang='grc' dir='ltr'>τοῦ</span> <span class='ocrx_word' id='word_1_755' title='bbox 1640 5474 1948 5548; x_wconf 67' lang='grc' dir='ltr'>ἀρχεκάκου</span> 
     </span>
    </p>
   </div>
   <div class='ocr_carea' id='block_1_107' title="bbox 274 5562 1949 5648">
    <p class='ocr_par' dir='ltr' id='par_1_107' title="bbox 274 5562 1949 5648">
     <span class='ocr_line' id='line_1_108' title="bbox 274 5562 1949 5648; baseline -0.005 -23"><span class='ocrx_word' id='word_1_756' title='bbox 274 5568 455 5648; x_wconf 61' lang='grc' dir='ltr'>ἔ-ξεως</span> <span class='ocrx_word' id='word_1_757' title='bbox 488 5569 766 5647; x_wconf 72' lang='grc' dir='ltr'>ὗποφυὲν,</span> <span class='ocrx_word' id='word_1_758' title='bbox 800 5567 888 5646; x_wconf 73' lang='grc' dir='ltr'>ἀφ’</span> <span class='ocrx_word' id='word_1_759' title='bbox 920 5566 984 5621; x_wconf 77' lang='grc' dir='ltr'>οῦ</span> <span class='ocrx_word' id='word_1_760' title='bbox 1016 5565 1106 5619; x_wconf 82' lang='grc' dir='ltr'>καὶ</span> <span class='ocrx_word' id='word_1_761' title='bbox 1162 5564 1602 5639; x_wconf 83' lang='grc' dir='ltr'>ἀξιοπιστότερος</span> <span class='ocrx_word' id='word_1_762' title='bbox 1660 5562 1809 5634; x_wconf 80' lang='grc' dir='ltr'>ἔδοξε</span> <span class='ocrx_word' id='word_1_763' title='bbox 1851 5567 1949 5618; x_wconf 89' lang='grc' dir='ltr'>τοῦ</span> 
     </span>
    </p>
   </div>
   <div class='ocr_carea' id='block_1_108' title="bbox 270 5650 1947 5732">
    <p class='ocr_par' dir='ltr' id='par_1_108' title="bbox 270 5650 1947 5732">
     <span class='ocr_line' id='line_1_109' title="bbox 270 5650 1947 5732; baseline -0.005 -15"><span class='ocrx_word' id='word_1_764' title='bbox 270 5662 652 5729; x_wconf 62' lang='grc' dir='ltr'>πεποιηκότος</span> <span class='ocrx_word' id='word_1_765' title='bbox 687 5660 825 5713; x_wconf 82' lang='grc' dir='ltr'>Θεοῦ</span> <span class='ocrx_word' id='word_1_766' title='bbox 854 5656 980 5731; x_wconf 86' lang='grc' dir='ltr'>περῖ</span> <span class='ocrx_word' id='word_1_767' title='bbox 1010 5655 1110 5723; x_wconf 76' lang='grc' dir='ltr'>τὴν</span> <span class='ocrx_word' id='word_1_768' title='bbox 1140 5658 1319 5732; x_wconf 88' lang='grc' dir='ltr'>γεῦσιν</span> <span class='ocrx_word' id='word_1_769' title='bbox 1378 5651 1476 5710; x_wconf 85' lang='grc' dir='ltr'>τοῦ</span> <span class='ocrx_word' id='word_1_770' title='bbox 1525 5650 1718 5724; x_wconf 76' lang='grc' dir='ltr'>ξύλου.</span> <span class='ocrx_word' id='word_1_771' title='bbox 1772 5656 1947 5709; x_wconf 86' lang='grc' dir='ltr'>Τοῦτο</span> 
     </span>
    </p>
   </div>
   <div class='ocr_carea' id='block_1_109' title="bbox 732 5777 1428 5838">
    <p class='ocr_par' dir='ltr' id='par_1_109' title="bbox 732 5777 1428 5838">
     <span class='ocr_line' id='line_1_110' title="bbox 732 5777 1428 5838; baseline -0.006 0"><span class='ocrx_word' id='word_1_772' title='bbox 732 5788 981 5838; x_wconf 71' lang='grc' dir='ltr'>ΡΑτιιοι..</span> <span class='ocrx_word' id='word_1_773' title='bbox 1026 5777 1131 5834; x_wconf 78' lang='lat' dir='ltr'>Gn.</span> <span class='ocrx_word' id='word_1_774' title='bbox 1172 5778 1428 5836; x_wconf 78' lang='lat' dir='ltr'>CXVIII.</span> 
     </span>
    </p>
   </div>
   <div class='ocr_carea' id='block_1_110' title="bbox 2061 4845 3704 4913">
    <p class='ocr_par' dir='ltr' id='par_1_110' title="bbox 2061 4845 3704 4913">
     <span class='ocr_line' id='line_1_111' title="bbox 2061 4845 3704 4913; baseline -0.002 -9"><span class='ocrx_word' id='word_1_775' title='bbox 2061 4851 2122 4904; x_wconf 93' lang='lat' dir='ltr'>in</span> <span class='ocrx_word' id='word_1_776' title='bbox 2154 4849 2326 4903; x_wconf 88' lang='lat' dir='ltr'>malis</span> <span class='ocrx_word' id='word_1_777' title='bbox 2369 4847 2519 4901; x_wconf 87' lang='lat' dir='ltr'>dolis</span> <span class='ocrx_word' id='word_1_778' title='bbox 2553 4847 2780 4899; x_wconf 82' lang='lat' dir='ltr'>intento</span> <span class='ocrx_word' id='word_1_779' title='bbox 2813 4845 3228 4905; x_wconf 86' lang='lat' dir='ltr'>frustrabatur.</span> <span class='ocrx_word' id='word_1_780' title='bbox 3274 4846 3471 4900; x_wconf 84' lang='lat' dir='ltr'>Mosen</span> <span class='ocrx_word' id='word_1_781' title='bbox 3502 4847 3704 4913; x_wconf 89' lang='lat' dir='ltr'>etiam,</span> 
     </span>
    </p>
   </div>
   <div class='ocr_carea' id='block_1_111' title="bbox 2062 4934 3706 5010">
    <p class='ocr_par' dir='ltr' id='par_1_111' title="bbox 2062 4934 3706 5010">
     <span class='ocr_line' id='line_1_112' title="bbox 2062 4934 3706 5010; baseline -0.002 -18"><span class='ocrx_word' id='word_1_782' title='bbox 2062 4940 2161 5010; x_wconf 90' lang='lat' dir='ltr'>qui</span> <span class='ocrx_word' id='word_1_783' title='bbox 2194 4939 2353 5009; x_wconf 83' lang='lat' dir='ltr'>ipsos</span> <span class='ocrx_word' id='word_1_784' title='bbox 2384 4934 2723 5006; x_wconf 83' lang='lat' dir='ltr'>perditurus</span> <span class='ocrx_word' id='word_1_785' title='bbox 2756 4946 2882 4988; x_wconf 88' lang='lat' dir='ltr'>erat</span> <span class='ocrx_word' id='word_1_786' title='bbox 2935 4940 3151 5003; x_wconf 66' lang='lat' dir='ltr'>praeter</span> <span class='ocrx_word' id='word_1_787' title='bbox 3201 4935 3706 5005; x_wconf 84' lang='lat' dir='ltr'>exspectationem</span> 
     </span>
    </p>
   </div>
   <div class='ocr_carea' id='block_1_112' title="bbox 2062 5021 3703 5095">
    <p class='ocr_par' dir='ltr' id='par_1_112' title="bbox 2062 5021 3703 5095">
     <span class='ocr_line' id='line_1_113' title="bbox 2062 5021 3703 5095; baseline -0.005 -13"><span class='ocrx_word' id='word_1_788' title='bbox 2062 5026 2330 5085; x_wconf 78' lang='lat' dir='ltr'>servavit,</span> <span class='ocrx_word' id='word_1_789' title='bbox 2355 5040 2422 5078; x_wconf 85' lang='lat' dir='ltr'>ac</span> <span class='ocrx_word' id='word_1_790' title='bbox 2447 5022 2607 5085; x_wconf 69' lang='lat' dir='ltr'>regia</span> <span class='ocrx_word' id='word_1_791' title='bbox 2629 5021 2981 5077; x_wconf 88' lang='lat' dir='ltr'>educatione</span> <span class='ocrx_word' id='word_1_792' title='bbox 3007 5038 3268 5093; x_wconf 89' lang='lat' dir='ltr'>curaque</span> <span class='ocrx_word' id='word_1_793' title='bbox 3292 5023 3535 5095; x_wconf 87' lang='lat' dir='ltr'>dignum</span> <span class='ocrx_word' id='word_1_794' title='bbox 3561 5022 3703 5075; x_wconf 70' lang='lat' dir='ltr'>eﬁ‘e-</span> 
     </span>
    </p>
   </div>
   <div class='ocr_carea' id='block_1_113' title="bbox 2061 5108 3704 5181">
    <p class='ocr_par' dir='ltr' id='par_1_113' title="bbox 2061 5108 3704 5181">
     <span class='ocr_line' id='line_1_114' title="bbox 2061 5108 3704 5181; baseline -0.005 -10"><span class='ocrx_word' id='word_1_795' title='bbox 2061 5117 2158 5171; x_wconf 91' lang='lat' dir='ltr'>cit.</span> <span class='ocrx_word' id='word_1_796' title='bbox 2193 5116 2315 5179; x_wconf 88' lang='lat' dir='ltr'>Quo</span> <span class='ocrx_word' id='word_1_797' title='bbox 2348 5118 2546 5168; x_wconf 90' lang='lat' dir='ltr'>autem</span> <span class='ocrx_word' id='word_1_798' title='bbox 2581 5112 2697 5165; x_wconf 89' lang='lat' dir='ltr'>ﬁne</span> <span class='ocrx_word' id='word_1_799' title='bbox 2727 5111 2785 5165; x_wconf 92' lang='lat' dir='ltr'>id</span> <span class='ocrx_word' id='word_1_800' title='bbox 2832 5118 3203 5181; x_wconf 89' lang='lat' dir='ltr'>assumptum</span> <span class='ocrx_word' id='word_1_801' title='bbox 3254 5114 3388 5165; x_wconf 84' lang='lat' dir='ltr'>est?</span> <span class='ocrx_word' id='word_1_802' title='bbox 3434 5109 3519 5164; x_wconf 88' lang='lat' dir='ltr'>Ad</span> <span class='ocrx_word' id='word_1_803' title='bbox 3550 5108 3704 5164; x_wconf 88' lang='lat' dir='ltr'>indi-</span> 
     </span>
    </p>
   </div>
   <div class='ocr_carea' id='block_1_114' title="bbox 2061 5198 3709 5271">
    <p class='ocr_par' dir='ltr' id='par_1_114' title="bbox 2061 5198 3709 5271">
     <span class='ocr_line' id='line_1_115' title="bbox 2061 5198 3709 5271; baseline -0.004 -11"><span class='ocrx_word' id='word_1_804' title='bbox 2061 5204 2314 5260; x_wconf 90' lang='lat' dir='ltr'>candum</span> <span class='ocrx_word' id='word_1_805' title='bbox 2343 5200 2500 5271; x_wconf 88' lang='lat' dir='ltr'>quod</span> <span class='ocrx_word' id='word_1_806' title='bbox 2534 5216 2728 5270; x_wconf 90' lang='lat' dir='ltr'>neque</span> <span class='ocrx_word' id='word_1_807' title='bbox 2762 5217 2921 5255; x_wconf 88' lang='lat' dir='ltr'>nunc</span> <span class='ocrx_word' id='word_1_808' title='bbox 2954 5200 3289 5270; x_wconf 82' lang='lat' dir='ltr'>negandum</span> <span class='ocrx_word' id='word_1_809' title='bbox 3336 5200 3409 5252; x_wconf 90' lang='lat' dir='ltr'>sit</span> <span class='ocrx_word' id='word_1_810' title='bbox 3463 5198 3555 5265; x_wconf 89' lang='lat' dir='ltr'>iis,</span> <span class='ocrx_word' id='word_1_811' title='bbox 3606 5199 3709 5269; x_wconf 91' lang='lat' dir='ltr'>qui</span> 
     </span>
    </p>
   </div>
   <div class='ocr_carea' id='block_1_115' title="bbox 2060 5289 3706 5361">
    <p class='ocr_par' dir='ltr' id='par_1_115' title="bbox 2060 5289 3706 5361">
     <span class='ocr_line' id='line_1_116' title="bbox 2060 5289 3706 5361; baseline -0.005 -10"><span class='ocrx_word' id='word_1_812' title='bbox 2060 5296 2342 5351; x_wconf 89' lang='lat' dir='ltr'>adversus</span> <span class='ocrx_word' id='word_1_813' title='bbox 2373 5291 2671 5345; x_wconf 87' lang='lat' dir='ltr'>Christum</span> <span class='ocrx_word' id='word_1_814' title='bbox 2705 5292 2953 5361; x_wconf 77' lang='lat' dir='ltr'>ejusque</span> <span class='ocrx_word' id='word_1_815' title='bbox 3005 5289 3327 5360; x_wconf 85' lang='lat' dir='ltr'>discipulos</span> <span class='ocrx_word' id='word_1_816' title='bbox 3378 5296 3706 5358; x_wconf 88' lang='lat' dir='ltr'>armantur,</span> 
     </span>
    </p>
   </div>
   <div class='ocr_carea' id='block_1_116' title="bbox 2060 5379 3710 5450">
    <p class='ocr_par' dir='ltr' id='par_1_116' title="bbox 2060 5379 3710 5450">
     <span class='ocr_line' id='line_1_117' title="bbox 2060 5379 3710 5450; baseline -0.004 -10"><span class='ocrx_word' id='word_1_817' title='bbox 2060 5383 2280 5440; x_wconf 89' lang='lat' dir='ltr'>similia</span> <span class='ocrx_word' id='word_1_818' title='bbox 2311 5382 2673 5450; x_wconf 88' lang='lat' dir='ltr'>contingere,</span> <span class='ocrx_word' id='word_1_819' title='bbox 2704 5381 2802 5450; x_wconf 92' lang='lat' dir='ltr'>qui</span> <span class='ocrx_word' id='word_1_820' title='bbox 2838 5381 2896 5434; x_wconf 91' lang='lat' dir='ltr'>in</span> <span class='ocrx_word' id='word_1_821' title='bbox 2932 5379 3211 5450; x_wconf 88' lang='lat' dir='ltr'>Operibus</span> <span class='ocrx_word' id='word_1_822' title='bbox 3252 5394 3538 5432; x_wconf 88' lang='lat' dir='ltr'>manuum</span> <span class='ocrx_word' id='word_1_823' title='bbox 3570 5395 3710 5435; x_wconf 84' lang='lat' dir='ltr'>sua-</span> 
     </span>
    </p>
   </div>
   <div class='ocr_carea' id='block_1_117' title="bbox 2058 5466 3711 5541">
    <p class='ocr_par' dir='ltr' id='par_1_117' title="bbox 2058 5466 3711 5541">
     <span class='ocr_line' id='line_1_118' title="bbox 2058 5466 3711 5541; baseline -0.004 -13"><span class='ocrx_word' id='word_1_824' title='bbox 2058 5490 2193 5528; x_wconf 88' lang='lat' dir='ltr'>rum</span> <span class='ocrx_word' id='word_1_825' title='bbox 2212 5469 2804 5541; x_wconf 88' lang='lat' dir='ltr'>comprehenduntur</span> <span class='ocrx_word' id='word_1_826' title='bbox 2832 5468 3075 5539; x_wconf 87' lang='lat' dir='ltr'>Signum</span> <span class='ocrx_word' id='word_1_827' title='bbox 3092 5483 3223 5520; x_wconf 72' lang='lat' dir='ltr'>vero</span> <span class='ocrx_word' id='word_1_828' title='bbox 3238 5466 3711 5525; x_wconf 81' lang='lat' dir='ltr'>circumcisionis</span> 
     </span>
    </p>
   </div>
   <div class='ocr_carea' id='block_1_118' title="bbox 2059 5556 3710 5634">
    <p class='ocr_par' dir='ltr' id='par_1_118' title="bbox 2059 5556 3710 5634">
     <span class='ocr_line' id='line_1_119' title="bbox 2059 5556 3710 5634; baseline -0.004 -16"><span class='ocrx_word' id='word_1_829' title='bbox 2059 5564 2121 5618; x_wconf 91' lang='lat' dir='ltr'>in</span> <span class='ocrx_word' id='word_1_830' title='bbox 2152 5560 2420 5634; x_wconf 89' lang='lat' dir='ltr'>partibus</span> <span class='ocrx_word' id='word_1_831' title='bbox 2446 5558 2808 5631; x_wconf 85' lang='lat' dir='ltr'>genitalibus</span> <span class='ocrx_word' id='word_1_832' title='bbox 2840 5558 2899 5612; x_wconf 94' lang='lat' dir='ltr'>id</span> <span class='ocrx_word' id='word_1_833' title='bbox 2932 5556 3266 5630; x_wconf 84' lang='lat' dir='ltr'>signiﬁcare</span> <span class='ocrx_word' id='word_1_834' title='bbox 3299 5557 3444 5625; x_wconf 89' lang='lat' dir='ltr'>vult,</span> <span class='ocrx_word' id='word_1_835' title='bbox 3496 5572 3710 5628; x_wconf 81' lang='lat' dir='ltr'>nempe</span> 
     </span>
    </p>
   </div>
   <div class='ocr_carea' id='block_1_119' title="bbox 2060 5645 3715 5724">
    <p class='ocr_par' dir='ltr' id='par_1_119' title="bbox 2060 5645 3715 5724">
     <span class='ocr_line' id='line_1_120' title="bbox 2060 5645 3715 5724; baseline -0.004 -15"><span class='ocrx_word' id='word_1_836' title='bbox 2060 5651 2503 5724; x_wconf 82' lang='lat' dir='ltr'>operimentum</span> <span class='ocrx_word' id='word_1_837' title='bbox 2528 5664 2643 5720; x_wconf 90' lang='lat' dir='ltr'>quo</span> <span class='ocrx_word' id='word_1_838' title='bbox 2669 5664 2732 5704; x_wconf 90' lang='lat' dir='ltr'>se</span> <span class='ocrx_word' id='word_1_839' title='bbox 2754 5647 2931 5719; x_wconf 90' lang='lat' dir='ltr'>primi</span> <span class='ocrx_word' id='word_1_840' title='bbox 2955 5650 3231 5719; x_wconf 84' lang='lat' dir='ltr'>parentes</span> <span class='ocrx_word' id='word_1_841' title='bbox 3256 5653 3621 5721; x_wconf 88' lang='lat' dir='ltr'>operuerunt</span> <span class='ocrx_word' id='word_1_842' title='bbox 3648 5645 3715 5703; x_wconf 82' lang='lat' dir='ltr'>in</span> 
     </span>
    </p>
   </div>
   <div class='ocr_carea' id='block_1_120' title="bbox 3316 5768 3353 5821">
    <p class='ocr_par' dir='ltr' id='par_1_120' title="bbox 3316 5768 3353 5821">
     <span class='ocr_line' id='line_1_121' title="bbox 3316 5768 3353 5821; baseline 0 0"><span class='ocrx_word' id='word_1_843' title='bbox 3316 5768 3353 5821; x_wconf 85' lang='lat'><strong>5</strong></span> 
     </span>
    </p>
   </div>
  </div>
