4098 6260
483 279 596 386 439

1600 320 1846 383 (Et)le
1860 322 2022 383 ENlI
2070 319 2370 381 TRICCAE
2414 322 2767 386 EPISCOPI

3745 307 3842 401 MO

477 463 776 535 paradiso,
811 467 1016 518 natum
1051 460 1270 517 invidia
1293 459 1606 533 serpentis,
1634 459 1734 530 qui
1768 454 2119 530 principium

2244 453 2570 530 ἀναιρεῖσθαι
2627 462 2660 529 ἡ
2722 465 2997 536 περιτομή
3058 460 3390 540 ε’σηγήσατο
3445 467 3520 519 τῶ
3563 463 3692 537 πρὸς
3735 470 3843 524 Θεὸν

481 561 541 610 et
563 559 739 626 caput
768 553 1181 623 esﬁmalorum
1209 569 1221 608 :
1257 569 1326 606 ex
1359 568 1474 622 quo
1507 550 1686 605 etiam
1718 548 1834 603 ﬁde
1894 545 2128 618 dignior

478 643 714 699 habitus
746 650 835 698 est
865 660 1043 715 quam
1077 645 1227 697 Deus
1261 642 1418 697 circa
1445 641 1588 713 ligni
1632 655 1820 694 esum.
1874 638 1992 691 Hoc
2023 635 2124 690 ab-

469 732 659 805 jicere
693 733 1066 790 circumcisio
1121 749 1254 787 eum
1302 730 1744 791 adhortabatur,
1799 726 1899 798 qui
1949 726 2125 780 vitam

479 821 808 880 secundum
841 824 1026 879 Deum
1050 821 1504 882 transmutubat,
1517 819 1690 892 juxta
1715 817 1859 872 Mosi
1883 815 2126 886 quidem

474 914 914 986 Iegislationem
978 930 1183 970 eorum
1241 912 1596 985 praecipiens
1652 908 2124 981 amputationem

476 1021 606 1076 quas
639 1021 673 1060 a
730 1011 944 1060 natura
1001 1004 1196 1058 solent
1254 1002 1569 1073 amputari.
1639 1005 1932 1055 Prmterea
1985 1012 2124 1051 vero

475 1094 652 1150 etiam
680 1101 914 1166 tempus
939 1093 1224 1150 adventus
1255 1091 1470 1148 Christi
1504 1091 1806 1162 designat:
1841 1104 1956 1158 quo
1989 1086 2120 1140 uni-

474 1200 644 1239 versa
666 1184 995 1240 umbratica
1016 1201 1082 1239 ac
1111 1183 1417 1256 figurativa
1437 1181 1511 1236 ad
1539 1178 1942 1250 evangelicam
1974 1175 2124 1230 veri—

477 1278 660 1328 tatem
686 1273 1144 1329 transferuntur.
1180 1270 1346 1327 Unde
1385 1287 1487 1326 eos
1520 1271 1618 1341 qui
1651 1270 1734 1323 ita
1763 1267 1975 1338 corrigi
2003 1281 2124 1320 non

478 1364 778 1418 sustinent
803 1363 863 1418 in
896 1361 1284 1434 sequentibus
1316 1361 1496 1416 duros
1545 1359 1770 1414 cervice
1818 1374 1885 1412 ac
1934 1355 2123 1410 incir-

476 1454 770 1510 cumcisos
801 1471 931 1510 esse
963 1453 1285 1509 describit:
1320 1451 1499 1506 duros
1522 1451 1765 1522 quidem
1795 1444 2125 1510 cervice,ad

477 1542 920 1616 subjiciendum
955 1561 1017 1598 se
1070 1542 1268 1597 divino
1329 1540 1610 1612 Spiritui:
1675 1536 2125 1593 incircumcisos

475 1641 675 1690 autem
707 1634 885 1690 corde
930 1640 989 1690 et
1045 1632 1308 1694 auribus,
1367 1636 1570 1702 utpote
1623 1645 1743 1684 non
1805 1628 2124 1682 tolerantes

475 1730 684 1779 mutuo
716 1723 870 1778 datis
898 1720 1311 1777 occasionibus
1341 1717 1588 1790 expiari,
1647 1722 1748 1772 aut
1796 1715 2004 1787 attingi
2061 1714 2124 1768 in

475 1812 673 1868 rebus.
704 1811 868 1877 Quod
899 1812 948 1866 si
980 1808 1401 1865 admirandum
1433 1814 1560 1862 erat
1588 1807 1650 1861 in
1705 1804 1921 1876 Joseph
1965 1802 2124 1876 quod

479 1902 558 1956 sit
582 1901 855 1956 venditus
885 1917 920 1955 a
940 1899 1244 1966 fratribus,
1276 1898 1435 1970 ipsos
1469 1902 1665 1951 tamen
1697 1894 1969 1949 venditus
1999 1909 2125 1948 ser-

479 1989 918 2046 vaverit:illud
977 1989 1163 2062 magis
1221 1987 1614 2043 admiratione
1673 1984 1914 2051 dignum
1973 1979 2130 2054 quod

482 2097 586 2135 rex
617 2096 752 2136 eum
785 2078 1083 2138 nutrierit.
1137 2077 1237 2148 qui
1293 2077 1481 2148 ipsius
1539 2073 1938 2146 principatum
2007 2076 2132 2126 erat

478 2169 888 2224 subversurus.
952 2166 1227 2224 Ostendit
1282 2171 1478 2220 autem
1563 2163 1788 2218 faciens
1872 2160 2130 2215 infantes

479 2259 692 2331 exponi
726 2258 885 2331 quod
916 2275 1036 2313 non
1068 2257 1244 2312 vellet
1285 2273 1385 2311 eos
1439 2253 1752 2309 manifeste
1803 2251 2013 2307 occidi.
2061 2251 2130 2304 Et

477 2350 608 2405 vide
639 2350 794 2420 quod
832 2347 1106 2403 diabolus
1136 2363 1244 2418 per
1265 2362 1333 2401 ea
1365 2343 1698 2417 provexerit
1727 2341 1829 2398 Dei
1869 2341 2126 2414 promis-

477 2441 728 2505 sionem,
763 2454 868 2509 per
907 2454 1036 2508 quas
1093 2435 1420 2492 conabatur
1469 2451 1600 2490 eam
1660 2431 2001 2488 dissolvere.
2063 2431 2129 2486 In

477 2529 751 2585 exsilium
786 2528 1084 2600 relegatur
1115 2527 1323 2589 Moses,
1359 2525 1462 2581 sed
1495 2525 1555 2579 in
1602 2522 1808 2578 exsilio
1839 2522 2127 2576 visionem

477 2617 642 2672 illam
674 2616 1047 2687 adipiscitur,
1081 2621 1140 2670 et
1169 2615 1372 2686 populi
1412 2613 1662 2668 ducatus
1712 2611 1799 2666 illi
1853 2611 2128 2666 commit-

476 2706 659 2760 titur:
693 2706 775 2760 ita
805 2704 1108 2759 venditum
1151 2719 1387 2774 quoque
1446 2718 1676 2756 servum
1748 2699 1827 2754 ibi
1878 2716 2124 2771 regnare

2231 545 2294 600 τὸ
2328 548 2422 620 ζῇν
2461 550 2872 622 μετατάττοντι,
2899 551 3035 605 κατὰ
3072 552 3166 624 μὲν
3225 553 3324 623 τὴν
3387 552 3655 616 Μωῢσέως
3702 578 3848 630 νομο-

2234 637 2416 691 θεσίαν
2450 643 2552 693 τῶν
2587 639 2691 695 ἀπὸ
2723 647 2906 717 γενεᾶς
2957 639 3164 714 ἐθίμων
3223 641 3572 697 ἐπιτάττουσα
3621 646 3712 715 τὴν
3762 669 3845 702 τε·

2234 727 2520 800 ριαίρεσιν.
2563 730 2684 785 Ἔτι
2715 727 2773 784 δὲ
2803 732 2893 785 καὶ
2951 731 3137 805 καιρὸν
3185 737 3345 788 τοῦτο
3406 740 3501 801 τῆς
3553 736 3681 790 κατᾶ
3737 742 3847 811 Χρ-

2230 816 2354 870 στὸν
2387 815 2682 889 ἐπιδημίας
2713 817 3111 894 προβαλλεται.
3147 824 3271 877 Καθ’
3303 818 3360 876 ὅν
3389 823 3454 878 τὰ
3503 821 3700 893 σκιώδη
3732 825 3848 880 πάν·

2229 926 2295 959 τα
2325 908 2413 961 καὶ
2436 909 2637 962 τυπικὰ
2667 907 2754 963 ἐπὶ
2783 911 2880 979 τήν
2931 911 3066 965 ποιτὸ⁵
3123 912 3185 966 τὸ
3231 911 3567 990 Εὐαγγέλνον
3613 914 3847 984 ἀλήθειαν

2235 997 2646 1073 μεταφέρονται.
2697 999 2858 1055 ’Όθεν
2912 1001 3038 1062 τοὺς
3103 1002 3248 1055 οὕτω
3331 1009 3724 1073 μεταποιεῖσθαι
3782 1006 3846 1077 μὴ

2229 1084 2596 1160 ἀνεχομὲνους
2627 1087 2701 1149 εἷς
2751 1086 3283 1164 σκληροτραχήλους
3331 1091 3422 1145 καὶ
3474 1091 3850 1168 ἀπεριτμγίτους

2230 1169 2539 1250 προϐαίνων
2595 1175 2897 1246 ἀπεικάσει,
2975 1178 3507 1253 σκΛηροτραχτςλους
3566 1181 3673 1254 μὶν,
3731 1181 3849 1256 πρὸς

2227 1265 2326 1333 τήν
2385 1268 2481 1318 τοῦ
2539 1265 2683 1328 θείου
2744 1266 3060 1340 Πνεύματος
3121 1268 3424 1346 ὑποταγὴν,
3473 1269 3854 1344 ἀπεριτμήτους

2232 1350 2289 1408 δὲ
2310 1355 2407 1423 τὴν
2439 1351 2660 1429 καρδίαν
2691 1355 2780 1410 καὶ
2810 1357 2876 1410 τὰ
2908 1357 3040 1422 ὦτα,
3074 1356 3149 1420 ὡς
3182 1359 3256 1431 μὴ
3292 1356 3653 1434 ἀνεχομένους
3673 1358 3852 1414 καταλ-

2231 1441 2424 1514 λήλως
2455 1449 2571 1505 τοῖς
2600 1451 2815 1518 καιροῖς
2847 1445 3198 1523 ἀφοσιοῦσθαι
3231 1447 3296 1501 τὰ
3352 1447 3658 1523 πράγματα.
3707 1447 3768 1504 Ei“
3805 1445 3854 1502 δὶ

2228 1532 2290 1586 τὸ
2319 1537 2417 1587 τοῦ
2444 1536 2647 1613 Ἰωσὴφ
2691 1535 3023 1607 θαυμαστὸν,
3075 1531 3159 1590 ὅτι
3211 1535 3300 1590 ὑπ’
3349 1533 3597 1615 ἀδελφῶν
3643 1535 3852 1612 ἐπράθη,

2229 1622 2319 1675 καὶ
2351 1620 2545 1677 ἔσωσεν
2608 1621 2801 1686 αὐτοὺς
2835 1625 2861 1679 6
2893 1625 3136 1700 πραθεὶς,
3190 1629 3351 1680 τοῦτο
3411 1628 3854 1699 θαυμασιώτερον,

2231 1711 2312 1766 ὅτι
2343 1712 2369 1766 6
2407 1709 2665 1785 βασιλεὺς
2699 1711 2914 1790 ἔτρεφεν
2950 1712 3108 1768 αὐτὸν
3139 1715 3228 1768 τὸν
3285 1713 3561 1789 μέλλοντα
3608 1717 3856 1790 καθαιρή-

2157 1827 2204 1892 Β
2238 1823 2346 1856 σειν
2376 1803 2542 1856 αὐτοῦ
2571 1802 2670 1869 τήν
2705 1803 2903 1876 ἀρχήν.
2937 1804 3014 1859 Τὸ
3049 1801 3105 1859 δὲ
3135 1810 3308 1859 ποιεῖν
3359 1803 3549 1870 ἔκθετα
3576 1807 3641 1861 τὰ
3683 1805 3858 1882 βρέφη,

2238 1887 2475 1945 δείκνυσι
2511 1892 2586 1962 μή
2619 1889 2953 1966 βουλόμενον
2986 1898 3224 1969 φανερῶς
3275 1895 3374 1962 τὴν
3415 1894 3623 1950 τούτων
3672 1894 3861 1968 ἀναίρε-

2237 2001 2318 2035 σιν
2348 1982 2637 2037 ποιεῖσθαι.
2671 1981 2773 2036 Καὶ
2802 1983 2902 2054 ὅρα
2949 1981 3032 2037 ὅτι
3083 1981 3129 2038 δ’
3182 1984 3254 2038 ὧν
3287 1985 3315 2038 6
3348 1980 3610 2046 διάϐολος
3665 1984 3859 2060 ἐπεχεί·

2237 2091 2316 2146 ρει
2347 2069 2634 2127 καταλύειν
2662 2074 2763 2140 τήν
2807 2070 3135 2149 ἐπαγγελίαν
3180 2080 3277 2128 τοῦ
3327 2079 3483 2141 Θεοῦ,
3539 2074 3626 2130 διὰ
3674 2074 3863 2130 τούτων

2235 2158 2444 2234 ηὔξετο.
2488 2157 2854 2239 Φυγαδεῦεται
2917 2165 3150 2230 Μωσῆς,
3207 2163 3333 2220 ἀλλ’
3391 2163 3441 2220 ἐν
3497 2171 3570 2240 τῇ
3618 2163 3863 2243 φυγαδείᾳ

2233 2258 2333 2318 τῆς
2394 2247 2570 2324 ὅψεως
2624 2249 2832 2321 ἐκείνης
2893 2252 3160 2324 ἀξιοῦται,
3219 2253 3310 2309 καὶ
3367 2255 3467 2322 τήν
3533 2251 3863 2330 δημαγωγζαν

2235 2339 2617 2415 ἐγχειρίζεται.
2661 2340 2819 2398 Οὕτω
2874 2340 2967 2396 καὶ
3029 2343 3119 2396 τὸν
3171 2342 3432 2416 πραθέντα
3477 2339 3676 2399 δοῦλον
3731 2345 3866 2399 ποιεῖ

2238 2429 2544 2504 βασιλεύειν
2592 2427 2714 2493 ἔνθα
2767 2430 3050 2502 ἐνομίζετο
3109 2429 3332 2493 δοῦλος.
3393 2433 3492 2488 Καὶ
3553 2433 3711 2494 αὐτὸς
3761 2429 3863 2486 δὲὸ

2233 2519 2471 2593 Χριστὸς
2503 2517 2554 2572 ἐν
2584 2522 2662 2590 τῷ
2722 2521 2932 2592 θανάτῳ
2987 2521 3087 2589 τήν
3144 2517 3368 2593 δύναμιν
3430 2519 3736 2593 ἐπεδείξατο
3788 2515 3867 2576 καὶ

2230 2609 2294 2664 τὸ
2325 2610 2544 2682 κράτος.
2579 2605 2769 2670 Οὕτως
2799 2610 3114 2686 εὐμήχανος
3157 2612 3184 2665 ὁ
3243 2611 3396 2682 Θεὸς,
3455 2613 3551 2667 καὶ
3611 2608 3871 2680 ἀκατάλη-

2229 2718 2365 2759 πτος
2401 2701 2434 2766 ἡ
2468 2697 2700 2766 πρόνοια
2730 2699 2919 2754 αὐτοῦ.

475 2793 617 2849 facit
663 2793 764 2848 ubi
815 2809 1015 2848 servus
1044 2791 1379 2847 habebatur
1407 2789 1456 2825 ⁸⁸
1509 2791 1578 2844 Et
1610 2790 1734 2861 ipse
1766 2789 2033 2844 Christus
2063 2789 2122 2844 in
2152 2795 2341 2845 morte
2369 2789 2700 2861 potentiam
2753 2789 3181 2847 demonsttavit
3221 2809 3288 2848 ac
3342 2791 3553 2863 robur,
3603 2793 3745 2851 adeo
3793 2808 3872 2847 sa-

472 2883 644 2955 piens
675 2887 766 2938 est
794 2882 968 2949 Deus,
1003 2887 1060 2935 et
1091 2878 1716 2952 incomprehensibilis
1747 2877 2119 2950 providentia
2150 2879 2298 2952 ejus.

540 2973 666 3042 νυ,
699 2973 892 3026 2024.
952 2972 1142 3035 «Quo
1201 2976 1466 3041 tempore
1538 2974 1716 3024 natus
1768 2973 1857 3023 est
1911 2969 2120 3037 Moses,

479 3083 500 3112 ι
532 3062 763 3132 fuitque
793 3065 994 3133 gratus
1026 3061 1165 3128 Deo,
1197 3059 1297 3130 qui
1329 3058 1590 3114 nutritus
1644 3057 1745 3113 66
1795 3063 1885 3112 est
1931 3057 2120 3112 tribus

2309 2993 2329 3019 ι
2364 2968 2451 3024 Ἐν
2485 2967 2530 3040 ᾦ
2561 2971 2734 3041 καιρῷ
2773 2967 3034 3045 ἐγεννήθη
3090 2975 3350 3040 Μωυσῆς.
3398 2971 3503 3028 Καὶ
3557 2973 3625 3042 ἦν
3673 2972 3872 3031 ἀστεῖος

2233 3080 2262 3110 ιι
2292 3061 2372 3129 τῷ
2403 3060 2540 3129 Θεῷ,
2573 3057 2631 3117 ὅς
2662 3057 2928 3136 ἀνετράφη
2966 3065 3137 3130 μῆνας
3167 3065 3314 3134 τρεῖς
3367 3060 3418 3114 ἐν
3469 3067 3560 3136 τῷ
3614 3059 3748 3132 οἳκῳ
3784 3061 3869 3114 τοῦ

472 3175 500 3203 ‹‹
535 3149 841 3207 mensibus
899 3150 960 3204 in
1019 3149 1194 3204 domo
1253 3148 1458 3220 patris,
1530 3146 1862 3218 expositum
1920 3152 2118 3201 autem

2233 3146 2508 3220 «πατρός.
2560 3133 2878 3210 Ἐκτεθέντα
2930 3147 2987 3202 δὲ
3051 3148 3207 3204 αὐτὸν
3255 3133 3600 3222 ἀνείλετο
3644 3150 3867 3226 θυγάτηρ

474 3263 501 3291 ‹‹
537 3240 732 3311 ipsum
760 3239 897 3292 tulit
927 3238 1050 3292 filia
1081 3238 1426 3298 Pharaonis.
1455 3241 1513 3291 et
1543 3235 1814 3291 educavit
1844 3251 1978 3290 eum
2013 3234 2123 3289 sibi

475 3355 499 3380 κ
532 3329 594 3383 in
618 3329 831 3382 ﬁlium.
865 3329 934 3380 Et
965 3327 1231 3382 eruditus
1257 3334 1346 3382 est
1376 3327 1565 3381 Moses
1595 3326 1656 3380 in
1689 3325 1850 3380 omni
1884 3325 2121 3396 sapien-

476 3443 496 3469 α
531 3420 613 3474 tia
640 3420 1066 3490 Egyptiorum,
1102 3424 1346 3489 eratque
1381 3424 1590 3488 potens
1623 3417 1683 3470 in
1740 3415 2019 3486 operibus
2068 3419 2127 3470 et

473 3507 928 3564 «sermonibus.
987 3508 1057 3561 Iit
1097 3513 1293 3562 autem
1347 3506 1646 3578 expletum
1700 3513 1788 3560 est
1835 3505 1922 3558 illi
1979 3521 2122 3575 qua-

477 3619 500 3649 c
537 3597 809 3669 draginta
837 3613 1130 3652 annorum
1173 3604 1426 3667 tempus,
1463 3595 1645 3650 subiit
1676 3595 1734 3649 in
1769 3611 1869 3648 cor
1894 3594 2126 3663 ejus.ut

474 3711 501 3738 ι(
537 3688 818 3743 inviseret
844 3688 1055 3742 fratres
1087 3703 1223 3742 suos
1258 3686 1412 3740 filios
1463 3684 1664 3739 Israel.
1722 3685 1984 3754 Cumque
2039 3683 2122 3737 vi-

481 3800 501 3827 ι
537 3777 723 3832 disset
753 3777 1070 3848 quemdam
1117 3777 1342 3846 injuria
1370 3773 1548 3837 afﬁci,
1581 3772 1850 3828 defendit
1875 3787 2032 3837 eum,
2066 3777 2125 3827 et

476 3889 504 3918 α
538 3868 700 3922 ultus
730 3873 820 3923 est
848 3867 1032 3922 vicem
1067 3866 1197 3938 ejus
1227 3865 1326 3935 qui
1351 3863 1742 3937 aflligebatur.
1779 3885 1804 3912 ι)

549 3956 658 4010 Illo
689 3955 867 4028 igitur
898 3961 1160 4027 tempore
1193 3961 1368 4010 natus
1395 3952 1725 4025 est,inquit.
1759 3954 1966 4018 Moses,
1991 3951 2123 4007 fuit-

476 4061 590 4117 que
621 4043 852 4109 ἀστεῖος,
884 4045 945 4101 id
976 4053 1067 4101 est
1094 4051 1316 4118 gratus,
1350 4045 1468 4100 sive
1519 4045 1772 4101 dilectus
1825 4045 1966 4100 Deo.
2017 4042 2119 4098 Vel

469 4133 682 4196 ἀστεῖος
714 4136 975 4208 proprie,
1006 4136 1118 4192 hoc
1152 4141 1260 4198 est,
1289 4134 1351 4188 in
1399 4135 1616 4206 puerili
1663 4133 1858 4206 quoad
1903 4150 2117 4206 corpus

468 4232 639 4282 aetate
673 4225 1237 4297 irrejrehensibilis.
1274 4225 1620 4294 Expositum
1671 4230 1868 4278 autem
1921 4225 2116 4295 ipsum

465 4333 596 4372 cum
621 4316 856 4371 tulisset
877 4315 1001 4370 tilia
1020 4311 1610 4377 Pharaonis,edocuit
1631 4313 1792 4366 omni
1824 4311 2116 4384 sapientia

459 4405 888 4478 Egyptiorum.
920 4405 1001 4458 Ex
1031 4403 1144 4458 hoc
1176 4399 1560 4455 manifestum
1595 4404 1686 4454 est
1714 4417 1835 4454 non
1869 4401 2111 4472 ejicien-

2235 3259 2264 3290 ι
2295 3236 2499 3301 Φαραὼ
2527 3235 2624 3290 παὶ
2658 3235 2982 3310 ἀνεθρέψατο
3032 3237 3191 3292 αὐτὸν
3239 3237 3402 3311 ἑαυτῇ
3456 3237 3540 3304 εἷς
3590 3241 3723 3296 υἱόν.
3770 3234 3866 3293 Καὶ

2228 3322 2581 3393 «ἐπαιδεύθη
2617 3328 2855 3394 Μωΰσῆς
2885 3327 3027 3400 πάσῃ
3088 3325 3249 3404 σοφίᾳ
3305 3326 3650 3405 Αἰγυπτίων,
3710 3328 3772 3397 ἦν
3819 3323 3871 3380 δὲ

2229 3437 2257 3466 ιι
2291 3410 2517 3476 δυνατὸς
2545 3411 2596 3467 ἐν
2627 3411 2807 3488 ἔργοις
2828 3414 2918 3468 καὶ
2949 3413 2999 3468 ἐν
3035 3412 3244 3490 λόγοις.
3303 3416 3392 3477 Ὠς
3451 3414 3510 3472 δὲ
3571 3417 3866 3491 ἐπληροῦτο

2226 3526 2253 3553 ‹‹
2289 3501 2437 3574 αὖτῷ
2468 3507 2990 3576 τεσταρακονταετὴς
3023 3506 3246 3579 χρόνος.
3279 3501 3439 3576 ἆνὲϐη
3474 3507 3570 3562 ἐπὶ
3619 3510 3717 3576 τὴν
3747 3525 3867 3580 καρ-

2225 3616 2252 3643 ‹‹
2293 3588 2412 3646 δίαν
2441 3590 2631 3657 αὐτοῦ,
2665 3591 3050 3666 ἐπισκέψασθαι
3082 3594 3207 3655 τοὺς
3235 3591 3508 3675 ἀδελφοὺς
3559 3599 3724 3652 αὑτοῦ
3755 3595 3870 3654 τοὺς

2227 3702 2251 3734 ι
2287 3678 2710 3754 υἱοὺςἸσραήλ.
2775 3681 2871 3735 Καὶ
2927 3679 3058 3736 ἰδών
3112 3704 3234 3738 τινα
3295 3681 3683 3759 ἀδικούμενον,
3739 3683 3869 3755 1311.6-

2225 3791 2433 3836 uvarco,
2520 3769 2611 3824 καὶ
2687 3767 2936 3841 ἐποίησεν
3022 3769 3296 3844 ἐκδίκησιν
3372 3778 3450 3846 τῷ
3538 3793 3872 3831 καταπονου-

2223 3884 2248 3910 ‹‹
2289 3860 2453 3933 μένῳ.
2492 3884 2512 3909 ι)

2295 3951 2382 4006 Ἐν
2417 3948 2563 4021 αὐτῷ
2593 3949 2775 4005 τοίνυν
2806 3955 2885 4023 τῷ
2914 3956 3091 4026 καιρῷ
3121 3950 3402 4027 ἐγεννήθη,
3441 3957 3602 4031 φησὶ,
3645 3959 3864 4022 Μωσῆς,

2221 4037 2310 4094 καὶ
2341 4039 2407 4108 ἦν
2446 4037 2659 4102 ἀστεῖος
2707 4043 2785 4110 τῷ
2842 4044 2977 4109 Θεῷ,
3038 4043 3312 4096 τνυτέστιν
3373 4043 3684 4116 εὐάρεστος,
3742 4040 3863 4112 ἤτοι

2220 4125 2501 4205 θεοφιλής·
2535 4129 2604 4184 ἸΙ
2661 4129 2872 4189 ἀστεῖος
2929 4129 3132 4200 κυρίως
3192 4131 3220 4184 ὁ
3277 4130 3330 4185 ἐν
3384 4130 3619 4207 παιδικῇ
3678 4131 3866 4202 ἡλικίᾳ

2218 4218 2356 4272 κατᾶ
2387 4221 2545 4288 σῶμα
2574 4215 2906 4288 ἀμώμητος.
2968 4217 3280 4282 Ἐκτεθέντα
3337 4217 3393 4274 δὲ
3441 4221 3605 4278 αὐτὸν
3646 4225 3681 4291 ἡ
3716 4219 3870 4294 θυγά-

2216 4326 2321 4375 τηρ
2353 4305 2555 4379 Φαραὼ
2587 4302 2888 4380 ἀνελομένη
2921 4311 3093 4362 πᾶσαν
3156 4307 3345 4383 σοφίαν
3404 4309 3720 4384 Λῖγσπτίων
3775 4308 3875 4365 ἐδί-

2217 4390 2384 4464 δαξεν.
2421 4395 2514 4450 Ἐκ
2542 4393 2737 4449 τούτου
2793 4391 2983 4466 δῆλον,
3037 4397 3112 4461 ὡς
3162 4397 3262 4452 οὐκ
3315 4394 3642 4470 ἀποϐλητέα
3696 4401 3868 4467 πάντη

463 4494 600 4550 dam
631 4510 760 4551 esse
792 4507 1031 4548 omnem
1065 4495 1322 4545 externae
1351 4487 1656 4559 scripturae
1687 4487 2105 4543 eruditionem.

2229 4482 2420 4552 ἑστῖνή
2469 4487 2576 4539 τῶν
2637 4481 2824 4556 ἔξωθεν
2867 4491 2968 4554 τῆς
3036 4491 3259 4561 Γραφῆς
3315 4485 3617 4552 παίδευσις.
3675 4489 3872 4566 Τρόπῳ

465 4582 765 4653 Siquidem
794 4579 1045 4637 encomii
1106 4578 1228 4633 vice
1285 4576 1508 4632 dictum
1561 4581 1650 4632 est
1703 4577 1862 4647 quod
1919 4579 2104 4633 Moses

462 4671 730 4726 eruditus
762 4676 852 4725 est
881 4668 1041 4724 omni
1075 4667 1366 4740 sapientia
1401 4665 1823 4738 lEgyptiorum.
1881 4668 1959 4722 De
2009 4667 2107 4722 tri-

461 4758 572 4814 bus
604 4775 839 4830 quoque
878 4758 1078 4832 pueris
1108 4774 1176 4813 ac
1207 4755 1448 4811 Dauiele
1481 4754 1698 4810 dicitur
1729 4756 1886 4826 quod
1928 4773 2106 4828 super

461 4863 668 4903 omnes
682 4846 1025 4902 eminebant
1039 4845 1438 4901 Chaldaeorum
1451 4843 1742 4914 sapientia
1755 4846 2102 4918 casterisque

459 4936 725 4992 scientiis
742 4936 808 4994 6°.
839 4937 1076 5007 Oportet
1099 4941 1294 4990 autem
1320 4933 1626 5005 paululum
1654 4933 1776 4988 illis
1799 4934 2101 4992 adhaerere

457 5025 685 5096 eos.qui
707 5024 1016 5096 Scriptura:
1033 5024 1317 5078 divinitus
1349 5022 1651 5092 inspiratus
1684 5023 2099 5081 immorantur.

453 5117 654 5186 Neque
682 5115 838 5170 enim
872 5116 1060 5168 Moses
1091 5128 1284 5182 neque
1319 5112 1604 5172 Ananias.
1636 5120 1737 5166 aut
1769 5113 1973 5168 Daniel
1996 5131 2099 5187 pe-

452 5205 745 5276 regrinam
781 5204 1120 5259 didicerunt
1149 5199 1566 5264 eruditionem,
1601 5201 1714 5254 nisi
1747 5205 2099 5259 necessitate

451 5309 519 5348 ac
549 5295 851 5350 coactione
884 5292 1264 5348 dominorum
1301 5304 1312 5341 :
1348 5287 1410 5341 in
1443 5287 1608 5342 nullo
1641 5291 1864 5345 etenim
1906 5309 1974 5347 ea
2003 5294 2096 5348 usi

449 5389 606 5447 sunt,
642 5385 756 5439 nisi
791 5385 939 5439 forte
972 5383 1106 5454 quis
1151 5379 1310 5435 dicat
1358 5377 1516 5448 quod
1571 5377 1793 5435 bonum
1843 5383 1919 5437 sit
1967 5399 2096 5440 eam

447 5469 675 5528 discere
707 5473 780 5528 ad
814 5472 1161 5530 evertendas
1189 5468 1433 5526 illorum
1464 5466 1728 5527 fraudes.

437 5603 450 5610 μ
485 5631 487 5634 ⁴
517 5625 562 5663 ⁸⁸
591 5627 723 5704 Sap.
757 5646 817 5718 ι,
849 5631 932 5686 ut.
965 5629 1012 5666 ⁸⁸
1045 5630 1186 5689 Dan.
1223 5648 1260 5701 ι,
1299 5635 1383 5691 l7.

2216 4573 2320 4650 γὰρ
2353 4573 2634 4648 ἐγκωμίου
2684 4572 2919 4650 εἷ’ρηται,
2986 4578 3060 4639 ὡς
3112 4573 3400 4649 ἐπαιδεύθη
3455 4585 3668 4648 Μωσῆς
3725 4582 3868 4653 πάσῃ

2216 4663 2378 4740 σοφίᾳ
2408 4664 2742 4739 Αἰγυπτίων.
2782 4666 2885 4722 Καὶ
2943 4667 3066 4741 περῖ
3125 4672 3232 4722 τῶν
3287 4672 3452 4742 τριῶν
3512 4668 3728 4725 παίδων
3780 4665 3869 4724 καὶ

2214 4753 2443 4824 Δανιὴλ,
2495 4755 2569 4814 ὡς
2631 4751 3003 4829 ὑπερέϐαλλον
3072 4760 3272 4819 πάντας
3331 4759 3382 4812 ἐν
3437 4762 3506 4833 τῇ
3567 4758 3866 4817 Χαλδαίων

2213 4845 2528 4923 φιλοσοφίᾳ,
2561 4845 2651 4900 καὶ
2682 4851 2800 4907 ταῖς
2852 4844 3072 4908 λοιπαῖς
3131 4847 3479 4922 ἐπιστήμαις.
3525 4856 3618 4904 Δεῖ
3669 4849 3729 4906 δὲ
3786 4848 3872 4905 ἐπ’

2213 4930 2399 5010 ὀλίγον
2433 4934 2618 4995 αὐταῖς
2649 4933 2961 5009 προσέχειν,
3004 4939 3072 5008 τῇ
3129 4937 3467 5010 θεοπνεύστῳ
3520 4943 3712 5016 Γραφῇ
3774 4937 3870 5010 ἐμ·

2214 5022 2487 5096 μένοντας.
2525 5020 2663 5080 Οὔτε
2692 5025 2796 5099 γὰρ
2831 5031 3092 5093 Μωυσῆς,
3146 5023 3268 5080 οὔτε
3326 5027 3377 5080 οἱ
3426 5027 3549 5100 περὶ
3610 5028 3865 5085 Ἀνανίαν

2209 5114 2298 5168 καὶ
2335 5113 2542 5182 Δανιήλ
2567 5111 2765 5184 ἔμαθον
2799 5112 2854 5167 ἄν
2882 5115 2980 5182 τὴν
3011 5112 3158 5184 ξένην
3193 5113 3460 5177 παιδείαν,
3495 5116 3540 5172 εἰ
3575 5118 3654 5190 μή
3706 5117 3871 5190 ἀνάγ-

2207 5222 2277 5276 κῃ
2301 5203 2389 5256 καὶ
2423 5203 2516 5277 βίᾳ
2560 5199 2854 5260 δεσποτῶν.
2917 5203 3021 5258 Καὶ
3076 5203 3180 5280 γὰρ
3233 5204 3284 5258 ἐν
3341 5202 3520 5260 οὐδενὶ
3576 5206 3722 5279 αὐτῇ
3775 5203 3866 5260 v.6-

2208 5290 2550 5367 χρηνται,εῗ
2584 5293 2658 5364 μή
2692 5313 2796 5347 που
2841 5292 2972 5369 φαίη
3035 5293 3093 5347 ἄν
3151 5315 3256 5362 τις,
3317 5295 3399 5349 ’ὁτι
3459 5293 3630 5350 καλὸν
3689 5295 3862 5362 αὐτήν

2211 5381 2400 5455 μαθεῖν
2432 5379 2569 5454 πρὸς
2597 5379 2660 5436 τὸ
2694 5378 2987 5456 ἀνατρέψαι
3017 5382 3112 5444 τὰς
3143 5382 3359 5437 ἐκείνων
3384 5381 3611 5445 ἀπάτας.
