4098 6260
253 366 331 427 Mi

309 525 331 555 ε
355 505 643 579 Πατᾶξας
677 512 797 568 ’τὸν
857 516 1209 593 Αἶγῦπτιον.
1241 541 1269 571 ››

278 684 398 761 “ﬁt
425 691 737 760 ιιντιθεῗς.
780 695 960 768 ζήλῳ
994 693 1078 753 δέ.
1116 702 1220 751 Πᾶν
1249 695 1305 752 δὲ
1334 697 1363 751 ’ὀ
1396 696 1483 752 ἐὰν
1516 694 1737 773 γένηται
1768 694 1845 757 είς
1880 694 1978 749 λόο

282 799 363 852 γον
390 783 560 840 Θεοῦ.
601 778 889 838 εὐσέϐεια
923 786 1068 856 ἐστι,
1117 785 1213 841 κᾶν
1268 787 1426 864 φνενος
1456 786 1492 860 ᾖ
1541 782 1629 839 διὰ
1676 787 1825 855 Θεὸν,
1887 784 1985 838 οὐκ

293 864 391 924 ἶστι
422 868 620 949 στὸνος.
651 872 721 929 '0
752 877 895 948 γοῦν
928 875 1124 938 Φινεὲς
1180 872 1272 929 δύο
1330 874 1379 929 ἐν
1438 879 1535 947 μιᾷ
1588 876 1734 953 χειρὶ
1792 872 1983 952 φονεύ-

316 982 425 1029 σας,
449 957 711 1029 ἤκουσεν
753 986 784 1013 ιι
817 966 1005 1033 ’Έστη
1041 965 1225 1025 Φινεὲς
1254 964 1342 1018 καὶ
1375 962 1679 1037 έξιλάσατο,
1739 963 1827 1017 καὶ
1861 961 1982 1017 ἐκό-

325 1052 831 1123 πασενὴθραῦσις,
892 1054 986 1106 καὶ
1050 1052 1311 1129 ἐλογίσθη
1373 1052 1521 1124 αὐτῷ
1576 1053 1651 1114 εἷς
1705 1049 1982 1106 δικαιοσύο

326 1163 447 1211 νην.
480 1166 508 1191 ι)
537 1143 808 1217 adeo?“
838 1141 1009 1216 γὰρὴ
1057 1146 1368 1217 προαίρεσις
1426 1144 1632 1219 φονέως
1690 1141 1781 1197 καὶ
1839 1140 1984 1196 εὗσε-

331 1225 577 1297 6οὖντος,
633 1230 730 1284 κᾶν
790 1230 856 1284 τὸ
909 1231 1200 1305 γινόμενον
1254 1235 1482 1306 πρᾶγμα
1540 1227 1617 1286 ἓν.
1680 1231 1758 1288 Τὸ
1802 1229 1980 1285 τοίνυν

323 1319 607 1394 γενόμενον
654 1316 747 1373 διὰ
806 1318 1110 1388 Μωῦσέως,
1159 1325 1389 1392 σημεῖον
1442 1320 1509 1388 ἦν
1565 1314 1648 1373 ὅτι
1706 1317 1898 1392 μέλλει
1955 1321 1983 1373 6

318 1410 456 1471 Θεὸς
489 1407 583 1463 Sci
637 1412 922 1471 Μωυσέως
963 1409 1293 1483 Αἰκρπτίους
1352 1408 1715 1481 ἀποκτείνειν,
1767 1409 1895 1471 τοὺς
1929 1406 1986 1462 δὲ

318 1497 671 1573 λεγομένους
727 1496 1071 1573 Ἰσραηλίτας
1129 1498 1339 1568 σώζειν.
1396 1500 1495 1554 Καὶ
1578 1497 1685 1554 ὧδε
1767 1499 1860 1571 μὲν
1917 1499 1985 1553 τὰ

315 1590 606 1650 Μωσέως.
668 1588 907 1662 Θεωρίας
993 1585 1052 1643 δὲ
1158 1591 1254 1657 τῆς
1366 1589 1626 1645 ἀνωτάτω
1735 1590 1984 1657 συνθήσει

313 1677 491 1733 πάλιν
523 1682 667 1750 ἡμῖν
706 1679 733 1732 6
763 1678 929 1755 λόγος
979 1680 1079 1749 τήν
1147 1678 1488 1754 οἷ’κονομίαν,
1544 1682 1644 1749 τήν
1704 1679 1789 1733 ἐπὶ
1848 1679 1982 1751 Χρι-

316 1773 455 1840 στῷ.
553 1769 752 1840 Εὸρὼν
810 1768 910 1843 γὰρ
979 1769 1006 1821 6
1068 1771 1266 1843 Σωτὴρ
1352 1767 1531 1838 δεινὴν
1618 1768 1985 1841 ὑπομένοντας

1290 352 1691 446 οοΜΜἘΝΤ.
1742 382 1818 442 IN
1866 379 2070 440 ACTA
2114 379 2727 448 APOSTOLORUM.

2002 516 2059 581 Α

308 593 534 653 ’Ᾱνεῖλε
572 602 861 671 Μωῦσῆς
896 608 1001 662 τὸν
1036 607 1362 683 Αἶγὸπτιον,
1394 606 1462 662 οὐ
1488 608 1648 679 θυμῷ
1677 602 1983 677 εἴξας,οὖδὲ
2044 634 2049 639 ι

3620 387 3738 448 142

2159 538 2190 567 ‹‹
2222 517 2510 576 Percusso
2541 519 2826 593 Egyptio.
2866 540 2894 570 »ι

2165 607 2392 663 Occidit
2412 610 2599 665 Moses
2629 610 2961 682 Aigyptium
2986 623 3107 664 non
3139 607 3321 665 animi
3352 607 3537 665 furori
3571 609 3741 667 obse-

2094 697 2385 765 cundans,
2416 716 2612 770 neque
2650 701 2738 754 ira
2770 708 2985 763 motus,
3020 700 3121 754 sed
3153 700 3294 755 zelo.
3330 700 3515 755 Omne
3543 708 3741 757 autem

2095 787 2490 858 quodcunque
2520 790 2733 843 factum
2758 789 3121 860 fueritjuxta
3152 790 3251 843 Dei
3284 789 3525 844 verbum
3556 790 3743 861 pietas

2096 882 2204 943 est,
2240 877 2471 932 etiamsi
2507 878 2697 933 caedes
2728 879 2909 933 fuerit
2941 879 3037 933 Dei
3071 880 3310 943 intuitu,
3335 880 3461 951 jam
3494 896 3615 933 non
3657 883 3748 933 est

2095 966 2305 1021 caedes.
2341 966 2507 1021 Certe
2540 984 2675 1022 cum
2710 968 2961 1022 Phinees
2994 968 3141 1022 duos
3172 984 3290 1022 una
3341 985 3522 1024 manu
3562 970 3748 1023 inter-

2097 1055 2343 1110 emisset
2387 1055 2724 1113 "°.audivit:
2762 1080 2789 1107 «
2824 1057 3292 1124 StetitPhinees,
3328 1065 3386 1113 et
3415 1058 3657 1129 placuit,
3691 1061 3751 1112 et

2098 1145 2321 1215 quievit
2353 1146 2618 1219 plaga,ac
2643 1154 2981 1217 reputatum
3015 1153 3105 1201 est
3126 1147 3237 1217 ipsi
3269 1146 3678 1219 adjustitiam.
3717 1168 3747 1196 »

2097 1235 2336 1290 Diversa
2367 1253 2623 1307 namque
2657 1248 2747 1291 est
2775 1238 3047 1292 voluntas
3074 1237 3388 1292 homicidas
3412 1244 3469 1292 et
3486 1236 3615 1309 ejus
3648 1236 3749 1308 qui

2097 1325 2378 1395 pietatem
2412 1327 2905 1391 exercet,etiamsi
2934 1333 3235 1398 peractum
3270 1343 3419 1398 opus
3447 1328 3521 1381 sit
3543 1342 3746 1381 unum.

2096 1413 2338 1468 Factum
2363 1414 2563 1485 itaque
2595 1431 2701 1486 per
2731 1417 2929 1471 Mosen
2963 1417 3196 1489 signum
3246 1416 3357 1470 fuit
3390 1414 3549 1486 quod
3597 1416 3750 1470 Deus

2095 1518 2201 1573 per
2222 1505 2421 1559 Mosen
2450 1506 2745 1577 IEgyptios
2776 1504 3092 1573 occideret,
3126 1506 3317 1561 dictos
3347 1512 3545 1560 autem
3567 1505 3749 1559 Israe-

2094 1592 2229 1647 litas
2262 1601 2544 1649 servaret.
2578 1595 2649 1648 Et
2679 1596 2760 1649 ita
2821 1594 3063 1665 quidem
3121 1611 3183 1650 se
3242 1594 3465 1650 habent
3516 1608 3648 1664 quas
3678 1591 3754 1648 ad

2098 1683 2297 1737 Mosen
2314 1684 2586 1738 attinent.
2612 1686 2825 1739 Verum
2858 1699 3053 1739 sermo
3086 1684 3180 1738 hic
3206 1699 3443 1739 rursum
3467 1681 3640 1737 nobis
3663 1697 3751 1736 su-

2098 1789 2318 1842 premae
2352 1772 2877 1844 contemplationis
2905 1773 3412 1844 dispensationem
3431 1772 3757 1827 concinna-

309 1860 418 1927 τὴν
472 1859 798 1927 πλεονεξίαν
856 1858 982 1919 τοὺς
1040 1858 1091 1928 ἐξ
1151 1859 1373 1934 Ἰσραὴλ
1429 1856 1699 1932 (έπεπήδα
1753 1860 1853 1931 γὰρ
1913 1857 1987 1920 εἷς

2116 1861 2206 1928 ait,
2227 1879 2357 1931 qua:
2373 1862 2433 1916 in
2450 1862 2678 1917 Christo
2694 1862 2823 1917 fuit.
2846 1863 2941 1917 67
2962 1862 3266 1932 Siquidem
3280 1879 3413 1918 cum
3430 1861 3756 1917 invenisset

317 1949 529 2009 αὐτοὺς
613 1948 800 2022 ὥσπερ
884 1943 1182 2023 συντρίϐων
1264 1950 1292 2003 6
1360 1953 1652 2017 Σατανᾶς),
1732 1946 1991 2017 ἐλεήσας,

321 2038 657 2113 ἐλευθεροῦν
717 2037 1022 2094 ἐσκέπτετο.
1085 2040 1429 2101 Ἀπεκτονὼς
1505 2037 1561 2093 δὲ
1615 2039 1814 2114 τρόπον
1873 2038 1995 2093 τινα

321 2130 428 2183 ’τὸν
489 2125 699 2182 ἀδικεῖν
756 2128 1062 2201 ᾑρημένον,
1121 2126 1447 2202 κατέκρυψεν
1510 2127 1585 2190 εἰς
1652 2135 1776 2204 γῆν,
1834 2150 1990 2184 τουτ-

339 2216 492 2270 έστιν
552 2216 605 2269 έν
658 2222 769 2277 τοῖς
853 2216 1206 2291 ὑποχθονίοις
1291 2217 1630 2272 κατέκλεισεν
1690 2217 1767 2279 εἷς
1834 2215 1991 2288 ᾅδην.

349 2304 818 2379 Προκατακλείσας
850 2307 1029 2361 τοίνυν
1060 2306 1242 2381 ὥσπερ
1283 2306 1359 2369 εἷς
1418 2305 1550 2377 ᾅδην
1609 2308 1700 2361 τὸν
1757 2311 1994 2362 Σατανᾶν

343 2396 373 2449 6
406 2397 623 2469 Σωτὴρ,
667 2393 1014 2466 δικαιοσύνης
1076 2395 1318 2473 ἐφαίνετο
1382 2392 1613 2471 βραϐεὺς
1671 2402 1787 2458 τοῖς
1820 2396 1869 2467 ἐξ
1901 2397 1999 2452 ’Ῑσ-

332 2484 507 2560 ρατξλ.
544 2486 615 2540 Οἱ
648 2482 709 2539 δὲ
764 2484 847 2563 ἐφ’
902 2486 987 2547 οἷς
1048 2480 1284 2557 ἔμελλον
1346 2486 1688 2561 εὐχαριστεῖν
1740 2481 2000 2565 ἔφασκον,

325 2600 353 2626 u.
379 2572 565 2636 Οὗτος
597 2574 703 2628 οὐκ
742 2569 1004 2629 ἐκϐάλλει
1060 2576 1129 2629 τὰ
1166 2571 1444 2648 δαιμόνια,
1477 2573 1523 2630 εἰ
1560 2576 1635 2647 μή
1670 2574 1721 2629 έν
1773 2572 1997 2642 Βεελζε-

328 2661 473 2719 ϐου).
505 2666 875 2741 Ξρχοντιτῶν
938 2663 1254 2738 δαιμονίων.
1316 2690 1344 2719 ››
1393 2668 1492 2721 Διά
1546 2688 1632 2722 τοι
1688 2670 1850 2721 τοῦτο
1907 2664 1998 2719 καὶ

336 2758 820 2837 μεταπεφοίτηκεν
855 2757 913 2812 ἐκ
964 2764 1065 2826 τῆς
1125 2755 1383 2821 Ἰουδαίας
1415 2758 1490 2821 εἷς
1529 2760 1626 2827 τὴν
1677 2754 1999 2825 Γαλιλαίαν,

320 2850 574 2924 καθαπερ
598 2849 690 2902 καὶ
730 2850 939 2915 Μωσῆς
975 2848 1229 2921 μετετέθη
1262 2848 1337 2911 εἷς
1371 2856 1473 2922 γῆν
1499 2846 1744 2920 Μαδιὰμ,
1778 2849 1868 2902 καὶ
1898 2848 2002 2916 τὴν

322 2936 379 3008 ἔξ
424 2936 599 2993 ἔθνῶν
636 2935 829 2991 ἐκάλει
869 2939 1208 3013 συναγωγήν.

406 3142 438 3168 ι(
467 3117 729 3187 Ἐνόμιζε
761 3113 821 3170 δὲ
853 3115 1087 3170 συνιέναι
1119 3115 1246 3178 τοὺς
1305 3113 1574 3194 ἆδελφους
1608 3116 1794 3185 αὐτοῦ,
1829 3118 1914 3171 ὅτι
1977 3117 2005 3172 6

348 3234 376 3257 ις
412 3208 547 3267 Θεὸς
575 3203 667 3260 ’δά
703 3206 894 3284 χειρὸς
955 3205 1120 3260 αὗτοῦ
1181 3202 1400 3261 δίδωσιν
1453 3206 1647 3268 αὐτοῖς
1704 3205 1999 3279 σωτηρίαν.

366 3319 395 3345 ιι
425 3295 497 3350 υἱ
526 3292 586 3347 ’ὁὶ
613 3294 673 3347 οὒ
701 3302 940 3363 σδνῆκαν.
994 3296 1073 3365 Τῇ
1101 3315 1159 3349 τε
1214 3293 1442 3370 ἐπιούσῃ
1476 3293 1654 3369 ἡμέρα
1687 3294 1842 3371 ὤφθη
1905 3294 1999 3349 αὖ·

366 3388 545 3446 ιτοῖς
572 3382 932 3456 μαχομένοις,
989 3384 1078 3438 καὶ
1134 3384 1433 3455 συνήλασεν
1490 3383 1684 3446 αὐτοὺς
1743 3383 1818 3446 εἷς
1852 3384 2001 3459 εἰρή-

354 3502 382 3527 ες
417 3498 535 3543 νην,
580 3475 761 3529 εἷπών·
822 3472 1074 3549 Ἀνδρες,
1131 3473 1361 3551 ἀδελφοί
1408 3476 1523 3531 ἐστε
1574 3475 1748 3548 ὑμεῖς.
1781 3478 1893 3531 Ἰνα
1948 3474 2002 3529 τί

347 3590 375 3617 α
410 3562 647 3620 ἀδικεῖτε
678 3562 968 3633 ἀλλήλους
994 3582 1010 3633 ;
1032 3565 1094 3619 Ὁ
1126 3560 1183 3618 δὲ
1214 3561 1410 3619 ἀδικῶν
1444 3566 1532 3618 τὸν
1562 3564 1821 3632 πλησίον,
1848 3563 2004 3617 ἀπώ-

346 3686 371 3709 ςι
408 3679 538 3713 σατο
572 3660 756 3727 αὐτὸν,
788 3658 979 3713 ε’πών·
1015 3656 1115 3719 Τίς
1146 3678 1204 3712 σε
1258 3655 1582 3728 κατέστησεν
1637 3655 1882 3733 ἄρχοντα
1910 3657 1999 3711 καὶ

344 3771 370 3797 ει
402 3746 668 3818 δικαστήν
704 3747 786 3827 ἐφ’
821 3752 966 3818 ἡμᾶς
998 3766 1012 3816 ;
1049 3749 1125 3819 μή
1158 3746 1366 3802 ἀνελεῖν
1431 3768 1497 3821 με
1558 3746 1620 3800 σὺ
1682 3745 1879 3817 θέλεις,
1940 3746 1999 3801 δν

342 3862 368 3889 ιι
400 3838 611 3911 τρᾶπον
641 3837 854 3899 ἀνεῖλες
888 3838 1016 3910 χθὲς
1037 3836 1127 3890 τὸν
1157 3836 1454 3914 Αἶγόπτιον
1491 3853 1504 3905 ;
1539 3837 1744 3916 Ἐφυγε
1778 3834 1834 3890 δὲ
1870 3837 2003 3891 Μω-

338 3952 364 3976 κ
403 3933 505 3994 σῆς
539 3926 591 3980 έν
653 3930 737 3997 τῷ
796 3926 952 4001 λόγῳ
1011 3923 1208 3997 τούτῳ,
1246 3926 1335 3979 καὶ
1368 3923 1584 4002 ἐγένετο
1624 3925 1896 4001 πάροικος
1947 3924 1999 3979 έν

341 4040 367 4065 εί
401 4019 481 4091 γῇ
513 4012 774 4086 Madrig,
804 4013 867 4069 οὗ
898 4013 1170 4089 ἐγέννησεν
1206 4013 1357 4076 υἱοὺς
1402 4012 1519 4073 δ·5ο,
1555 4038 1583 4066 ››

418 4196 656 4260 Σκόπει,
679 4192 868 4271 φησὶν,
889 4192 977 4248 καῖ
1013 4191 1248 4257 ἐντεῦθεν
1281 4195 1342 4250 τὸ
1392 4193 1714 4272 ἀχάριστον,
1749 4193 1838 4249 καὶ
1871 4193 2005 4269 πρὸς

337 4283 477 4346 τοὺς
533 4283 822 4358 εὐεργέτας
872 4276 1162 4337 ἐπίϐουλον
1222 4287 1328 4337 τῶν
1404 4280 1704 4342 Ἰουδαίων.
1763 4285 2005 4347 Μωϋσῆς

343 4376 445 4445 μὲν
480 4374 591 4448 γὰρ
640 4372 669 4426 ὁ
732 4371 866 4445 μετὰ
926 4375 1102 4442 θυμοῦ
1157 4371 1364 4426 ἆνελων
1424 4374 1515 4426 τὸν
1574 4369 1859 4427 ἀδικουντα
1914 4375 2005 4428 τὸν

343 4465 625 4536 ὁμοεθνῆ,
688 4460 939 4524 ἐπιεικῶς
996 4466 1085 4516 νῦν
1140 4465 1497 4539 προσφέρεται
1552 4467 1631 4535 τῷ
1710 4461 2005 4522 ἀδικοῦντι.

340 4554 406 4610 Ὀ
460 4552 521 4607 δὲ
567 4557 639 4624 τῇ
722 4552 946 4627 πατρῴᾳ
1004 4551 1289 4631 χρώμενος
1347 4554 1483 4606 κατᾶ
1536 4556 1643 4606 τῶν
1713 4552 2004 4628 εὐεργετῶν

618 4611 639 4624 .-
834 4611 843 4627 .
883 4611 892 4624 .
926 4611 934 4622 .
1009 4611 1058 4631 η..
1138 4611 1146 4624 .
1277 4611 1286 4614 -
1807 4611 1814 4628 ι
1850 4611 1859 4627 .

345 4641 641 4719 ἀσελγείᾳ,
676 4643 931 4696 ἀπώσατο
978 4642 1139 4696 αὐτὸν
1196 4640 1407 4716 μᾶλλον
1460 4636 1853 4713 ἐνδιαϐάλλων,
1914 4644 2004 4698 καὶ
2037 4611 2084 4677 D

342 4731 433 4788 ἒπῗ
472 4732 728 4807 ὄλεθρον,
778 4731 871 4786 τὸν
930 4734 1197 4806 σωτήριον
1248 4736 1328 4803 τῷ
1394 4732 1640 4803 ὁμοεθνεῖ
1694 4733 1858 4811 φόνον
1912 4738 2007 4788 τοῦ

349 4822 669 4895 Αἰγυπτίου
700 4822 794 4875 τὸν
834 4820 1299 4896 κατεργασάμενον
1360 4821 1555 4877 Μωσέα
1615 4826 2009 4901 περιστοιχῶν.

346 4916 416 4991 ’ῼ
454 4909 525 4979 δή
561 4911 755 4986 τρόπῳ
779 4911 869 4964 καὶ
920 4911 1055 4965 κατᾶ
1112 4912 1344 4986 Χριστοῦ
1398 4908 1703 4984 διεγένοντο
1752 4911 1839 4965 ἐπὶ
1896 4917 2013 4974 ταῖς

349 5002 704 5079 εὐεργεσίαις
765 5000 928 5055 αὐτοῦ
983 5001 1073 5055 τὸν
1126 4996 1349 5074 ὄλεθρον
1403 5004 1499 5054 τοῦ
1539 5001 1819 5076 εὐεργέτου
1878 5003 2011 5077 βου-

352 5091 640 5155 Αεῦοντες.
676 5092 770 5146 Διὸ
800 5090 891 5145 καί
924 5111 1071 5170 φασι·
1114 5114 1139 5144 ι
1169 5090 1235 5147 Τί
1283 5095 1567 5167 ποιοῦμεν,
1603 5090 1686 5146 ὅτι
1746 5092 1773 5145 6
1806 5088 2011 5168 ἅνθρω-

350 5203 460 5245 πος
498 5181 665 5245 οὗτος
698 5178 886 5235 πολλᾶ
914 5186 1119 5255 σημεῖα
1148 5185 1296 5235 ποιεῖ
1328 5198 1343 5249 ;
1382 5205 1410 5232 υ

422 5389 455 5415 ε(
518 5362 629 5420 Καὶ
684 5360 1085 5438 πληρωθέντων
1174 5361 1307 5417 ἒτῶν
1380 5362 1795 5437 τεσσαράκοντα,
1856 5363 2011 5442 ὤφθη

346 5476 375 5505 α
412 5452 569 5525 αὖτῷ
609 5451 661 5506 ἐν
694 5456 761 5526 τῇ
784 5453 981 5529 ἐρήμῳ
1018 5458 1118 5509 τοῦ
1149 5452 1308 5527 ὄρους
1341 5458 1470 5509 Σινᾶ
1526 5449 1755 5529 ἃγγελος
1815 5455 2014 5528 Κυρίου

340 5568 370 5633 ⁴ι
406 5542 466 5601 ἐν
501 5544 677 5623 φλογὶ
715 5545 880 5621 πυρὸς
915 5546 1110 5622 βάτου.
1142 5544 1204 5601 Ὀ
1238 5540 1295 5598 δὲ
1348 5550 1589 5613 Μωϋσῆς
1649 5542 1778 5600 ἰδὼν
1856 5543 2037 5633 secus.

424 5730 473 5767 ⁷⁸
498 5732 680 5789 Nam.
716 5746 842 5802 xxv,
876 5732 906 5787 1
941 5744 1114 5801 seqq.
1146 5728 1188 5765 τί
1224 5727 1379 5786 Psal.
1412 5744 1498 5799 αν,
1531 5729 1620 5799 30,
1652 5730 1740 5788 31.
1772 5730 1819 5766 ⁷³
1850 5730 2032 5789 Matth

2100 1950 2564 2007 Deuslsraelitas
2588 1952 2894 2022 indignam
2930 1952 3226 2007 sustinere
3241 1951 3755 2021 violentiam(nam

2099 2039 2395 2097 insilierat
2418 2042 2478 2096 in
2511 2058 2611 2097 eos
2643 2042 2889 2098 Satanas
2921 2043 3099 2099 veluti
3133 2043 3548 2098 comminuens
3569 2040 3756 2097 acde-

2099 2138 2359 2197 vorans),
2392 2131 2671 2186 misertus
2704 2132 3101 2187 consideravit
3150 2138 3219 2187 ut
3248 2131 3549 2187 liberaret.
3609 2131 3755 2186 Cum

2102 2225 2299 2273 autem
2332 2219 2507 2274 modo
2539 2220 3214 2291 quodaminteremisset
3239 2219 3755 2292 quiinjuriamin-

2102 2307 2661 2373 tulerat,abscondit
2681 2311 2742 2362 in
2775 2310 3133 2373 terram,hoc
3148 2309 3326 2377 est,in
3349 2307 3755 2363 subterraneis

2103 2398 2251 2453 locis
2277 2398 2642 2454 conclusitin
2671 2399 3169 2454 infernum.Prius
3192 2400 3349 2454 enim
3373 2400 3434 2453 in
3456 2400 3756 2454 infernum

2104 2489 2265 2549 velut
2295 2490 2532 2544 occluso
2566 2490 2801 2557 Satana,
2833 2491 2990 2545 visus
3047 2496 3136 2545 est
3175 2489 3460 2544 Israelitis
3511 2488 3761 2559 justitim

2105 2579 2419 2649 praemium
2454 2578 2752 2634 tribuisse.
2790 2582 2861 2633 At
2897 2578 2982 2632 illi
3018 2594 3150 2633 cum
3191 2579 3408 2651 gratias
3458 2592 3628 2650 agere
3660 2575 3763 2631 de-

2104 2666 2397 2738 buissent,
2427 2667 2742 2723 dicebant:
2777 2691 2804 2718 «
2840 2669 2942 2722 Hic
2972 2684 3095 2723 non
3128 2668 3291 2736 ejicit
3319 2667 3614 2722 daemonia
3646 2665 3766 2721 nisi

2106 2757 2538 2828 perBeelzebul
2561 2758 2895 2829 principem
2917 2757 3349 2813 daemoniorum
3369 2755 3437 2813 ⁷³.
3452 2782 3472 2805 ι
3492 2757 3775 2827 Propter-

2110 2863 2179 2902 ea
2212 2849 2392 2903 etiam
2417 2866 2486 2904 ex
2514 2849 2716 2905 Judzea
2748 2846 3770 2921 transmigravitinGalilaeam,sicut

2112 2944 2170 2993 et
2200 2940 2387 2994 Moses
2408 2940 2727 2994 translatus
2761 2946 2850 2994 est
2879 2940 2941 2993 in
2974 2946 3193 2994 terram
3225 2938 3572 3005 Madiam,et
3595 2952 3767 2992 voca-

2109 3028 2196 3081 vit
2222 3029 2808 3096 transmigrationem
2839 3029 3127 3099 gentium.

2184 3116 2305 3183 VII,
2338 3119 2518 3172 25-29.
2554 3140 2581 3166 «
2614 3115 3003 3172 Existimabat
3032 3122 3231 3171 autem
3279 3114 3613 3187 intelligere
3643 3113 3766 3169 fra-

2122 3227 2146 3259 ιι
2179 3210 2297 3260 tres
2329 3222 2489 3274 suos,
2552 3206 2710 3277 quod
2760 3207 2915 3261 Deus
2955 3222 3061 3277 per
3112 3220 3355 3260 manum
3408 3204 3537 3276 ejus
3596 3202 3766 3259 daret

2119 3296 2326 3366 «ipsis
2358 3295 2654 3351 salutem:
2694 3294 2781 3350 illi
2839 3311 2973 3351 vero
3023 3311 3143 3351 non
3198 3293 3642 3349 intellexerunt.
3701 3293 3771 3347 Et

2046 3390 2051 3393 ’
2119 3408 2146 3434 ‹‹
2181 3386 2451 3457 sequenti
2484 3386 2578 3441 die
2610 3391 2963 3458 conspectus
2995 3391 3085 3441 est
3114 3385 3234 3441 illis
3283 3382 3675 3457 litigantibus,
3708 3387 3769 3438 et

2124 3499 2143 3525 ι
2178 3476 2403 3548 redegit
2437 3493 2537 3531 eos
2595 3476 2657 3531 in
2718 3476 3119 3544 concordiam,
3182 3474 3435 3531 dicens:
3478 3474 3621 3541 Viri,
3670 3488 3771 3527 vos

2119 3565 2392 3621 «fratres
2424 3566 2585 3631 estis,
2637 3571 2703 3621 ut
2759 3566 2901 3637 quid
2959 3582 3059 3620 vos
3114 3564 3365 3619 invicem
3416 3561 3772 3618 lmditis‘Hs

2122 3676 2145 3706 ιι
2182 3664 2402 3722 autem,
2456 3656 2556 3727 qui
2614 3656 2807 3727 primo
2866 3654 3164 3727 irrogabat
3220 3652 3503 3725 injuriam
3552 3650 3775 3723 repulit

2121 3766 2147 3795 ‹‹
2183 3761 2338 3810 eum,
2375 3745 2578 3800 dicens
2613 3761 2625 3798 :
2655 3745 2796 3809 Quis
2834 3749 2890 3799 te
2955 3743 3264 3798 constituit
3314 3740 3647 3812 principem
3705 3755 3771 3794 ac

2120 3861 2147 3888 ‹‹
2174 3838 2436 3910 judicem
2472 3852 2650 3907 super
2678 3834 2836 3890 nos?
2889 3836 3039 3889 Num
3074 3840 3137 3889 tu
3168 3849 3261 3888 me
3292 3832 3376 3887 vis
3408 3829 3767 3897 interﬁcere,

2120 3951 2147 3978 «
2181 3925 2683 3999 quemadmodum
2714 3924 3063 3979 interfecisti
3097 3923 3225 3977 heri
3249 3918 3627 3993 Egyptium?
3659 3919 3773 3974 Fu-

2123 4040 2149 4067 ι(
2181 4017 2479 4089 gitautem
2514 4016 2701 4067 Moses
2727 4013 2801 4067 ad
2844 4012 3088 4066 verbum
3144 4011 3278 4075 hoc,
3340 4010 3650 4080 factusque
3683 4012 3774 4062 est

2122 4107 2387 4163 «advena
2416 4105 2477 4158 in
2510 4109 2668 4157 terra
2694 4101 3035 4156 Madiam.et
3058 4100 3359 4173 generavit
3393 4098 3548 4152 ﬁlios
3562 4097 3771 4151 duos.»

2191 4196 2337 4251 Hinc
2369 4207 2604 4264 quoque
2637 4188 3147 4263 ingratitudinem.
3202 4188 3419 4257 inquit,
3454 4185 3769 4240 considera

2119 4291 2178 4341 et
2207 4283 2452 4339 insidias
2483 4280 2822 4337 Iudaeorum
2866 4294 3003 4351 erga
3035 4277 3183 4332 bene
3243 4275 3314 4330 de
3378 4290 3440 4330 se
3503 4273 3769 4328 meritos.

2120 4366 2306 4432 MoSes
2336 4374 2632 4445 siquidem
2672 4372 2771 4443 qui
2831 4370 3014 4425 animi
3076 4366 3571 4424 excandescentia
3599 4364 3774 4419 illum

2120 4466 2442 4529 interemit,
2478 4465 2579 4535 qui
2605 4464 2860 4518 alterum
2893 4460 3001 4515 sibi
3048 4458 3445 4532 congentilem
3478 4453 3774 4511 afficiebat

2121 4557 2365 4627 injuria,
2401 4559 2709 4609 mansuete
2742 4558 2883 4605 tunc
2914 4567 3046 4605 cum
3081 4566 3148 4603 eo
3181 4549 3301 4620 agit
3331 4546 3428 4617 qui
3490 4544 3775 4615 injuriam

2123 4649 2359 4715 irrogat.
2396 4648 2465 4699 At
2497 4644 2597 4698 ille
2632 4642 2821 4713 patria
2849 4647 3023 4694 utens
3056 4639 3335 4692 adversus
3366 4634 3775 4690 benefactores

2125 4735 2502 4808 procacitate,
2537 4749 2672 4787 eum
2708 4729 2893 4795 magis
2920 4728 3086 4782 illata
3110 4726 3473 4782 contumelia
3510 4724 3730 4795 repulit
3757 4739 3771 4780 :

2125 4844 2191 4881 ac
2218 4828 2415 4880 Mosen
2448 4823 2519 4878 ad
2551 4820 2952 4893 perditionem
2988 4824 3253 4885 venatur,
3282 4816 3382 4888 qui
3414 4815 3633 4871 caedem
3668 4830 3773 4868 suo

2125 4913 2443 4972 contributi
2496 4910 2865 4966 salutiferam
2952 4910 3194 4980 Egypto
3282 4906 3587 4961 intulerat.
3648 4904 3771 4969 Quo

2126 5021 2267 5060 sane
2303 5001 2476 5057 modo
2509 5001 2688 5055 etiam
2719 4997 3002 5053 adversus
3055 4996 3356 5051 Christum
3419 4994 3611 5049 affecti
3644 4992 3773 5045 fue-

2127 5101 2283 5155 runt.
2303 5094 2374 5149 ob
2408 5093 2538 5165 ejus
2570 5090 2880 5145 benefacta
2899 5095 3148 5143 mortem
3182 5087 3333 5141 bene
3365 5085 3437 5140 de
3468 5101 3529 5137 se
3562 5080 3772 5136 merito

2124 5184 2505 5242 meditantes.
2566 5180 2701 5235 Ideo
2734 5179 2913 5234 etiam
2948 5178 3154 5233 dicunt
3187 5193 3199 5230 :
3235 5199 3262 5225 ‹‹
3314 5172 3464 5239 Quid
3493 5170 3769 5237 facimus,

2125 5274 2265 5346 quia
2299 5273 2390 5326 hic
2420 5272 2595 5325 homo
2630 5268 2818 5323 multa
2849 5267 3017 5339 signa
3048 5265 3170 5319 edit
3199 5263 3244 5297 ⁷³
3273 5262 3302 5317 ‘I
3332 5283 3359 5311 ››

2197 5362 2296 5417 68
2333 5362 2447 5425 VII,
2482 5360 2670 5414 3032.
2705 5380 2732 5407 ‹‹
2766 5359 2835 5411 Et
2876 5354 3127 5426 expletis
3162 5351 3336 5408 annis
3366 5348 3783 5422 quadraginta,

2125 5451 2456 5525 «apparuit
2508 5448 2559 5503 ei
2619 5447 2681 5502 in
2738 5446 2969 5502 deserto
3031 5442 3255 5499 montis
3312 5441 3451 5496 Sina
3535 5437 3783 5511 angelus

2126 5567 2155 5598 α
2188 5540 2424 5600 Domini
2450 5540 2513 5596 in
2563 5536 2807 5594 ﬂamma
2871 5535 3027 5607 ignis
3086 5530 3241 5587 rubi.
3297 5531 3552 5588 lntuitus
3579 5534 3782 5585 autem

2042 5773 2054 5787 .
2088 5746 2193 5800 xu,
2224 5727 2314 5783 24.
2351 5724 2399 5763 ⁷³
2426 5724 2593 5782 Joan.
2629 5726 2710 5790 χι,
2742 5718 2831 5775 £7.
