  <div class='ocr_page' id='page_1' title='image "/cluster/home/n/w/nwhite01/storage/ocr_20150623/118/mdp.39015078384297/079.png"; bbox 0 0 4098 6260; ppageno 0'>
   <div class='ocr_carea' id='block_1_1' title="bbox 475 359 588 424">
    <p class='ocr_par' dir='ltr' id='par_1_1' title="bbox 475 359 588 424">
     <span class='ocr_line' id='line_1_1' title="bbox 475 359 588 424; baseline -0.009 -3"><span class='ocrx_word' id='word_1_1' title='bbox 475 359 588 424; x_wconf 73' lang='grc'>143</span> 
     </span>
    </p>
   </div>
   <div class='ocr_carea' id='block_1_2' title="bbox 1593 350 2756 413">
    <p class='ocr_par' dir='ltr' id='par_1_2' title="bbox 1593 350 2756 413">
     <span class='ocr_line' id='line_1_2' title="bbox 1593 350 2756 413; baseline -0.003 0"><span class='ocrx_word' id='word_1_2' title='bbox 1593 351 2010 413; x_wconf 78' lang='lat' dir='ltr'>OECUMENII</span> <span class='ocrx_word' id='word_1_3' title='bbox 2055 351 2358 411; x_wconf 64' lang='lat' dir='ltr'>TlthC/E</span> <span class='ocrx_word' id='word_1_4' title='bbox 2410 350 2756 412; x_wconf 80' lang='lat' dir='ltr'>EPISCOPI</span> 
     </span>
    </p>
   </div>
   <div class='ocr_carea' id='block_1_3' title="bbox 3732 353 3828 410">
    <p class='ocr_par' dir='ltr' id='par_1_3' title="bbox 3732 353 3828 410">
     <span class='ocr_line' id='line_1_3' title="bbox 3732 353 3828 410; baseline 0.021 -2"><span class='ocrx_word' id='word_1_5' title='bbox 3732 353 3828 410; x_wconf 71' lang='grc' dir='ltr'>ιιι</span> 
     </span>
    </p>
   </div>
   <div class='ocr_carea' id='block_1_4' title="bbox 478 481 2113 564">
    <p class='ocr_par' dir='ltr' id='par_1_4' title="bbox 478 487 2113 559">
     <span class='ocr_line' id='line_1_4' title="bbox 478 487 2113 559; baseline -0.004 -12"><span class='ocrx_word' id='word_1_6' title='bbox 478 516 508 547; x_wconf 89' lang='grc'>‹‹</span> <span class='ocrx_word' id='word_1_7' title='bbox 542 497 728 550; x_wconf 82' lang='lat' dir='ltr'>Moses</span> <span class='ocrx_word' id='word_1_8' title='bbox 759 492 1085 549; x_wconf 90' lang='lat' dir='ltr'>admiratus</span> <span class='ocrx_word' id='word_1_9' title='bbox 1116 495 1207 546; x_wconf 87' lang='lat' dir='ltr'>est</span> <span class='ocrx_word' id='word_1_10' title='bbox 1232 490 1422 546; x_wconf 88' lang='lat' dir='ltr'>visum</span> <span class='ocrx_word' id='word_1_11' title='bbox 1453 508 1465 543; x_wconf 83' lang='lat'>;</span> <span class='ocrx_word' id='word_1_12' title='bbox 1500 504 1753 559; x_wconf 91' lang='lat' dir='ltr'>cumque</span> <span class='ocrx_word' id='word_1_13' title='bbox 1785 487 2113 555; x_wconf 84' lang='lat' dir='ltr'>accederet,</span> 
     </span>
    </p>
   </div>
   <div class='ocr_carea' id='block_1_5' title="bbox 2225 481 3830 564">
    <p class='ocr_par' dir='ltr' id='par_1_5' title="bbox 2233 481 3830 564">
     <span class='ocr_line' id='line_1_5' title="bbox 2233 481 3830 564; baseline -0.001 -24"><span class='ocrx_word' id='word_1_14' title='bbox 2233 510 2260 537; x_wconf 84' lang='grc'>‹‹</span> <span class='ocrx_word' id='word_1_15' title='bbox 2300 507 2435 559; x_wconf 86' lang='grc' dir='ltr'>μασε</span> <span class='ocrx_word' id='word_1_16' title='bbox 2459 489 2520 542; x_wconf 90' lang='grc' dir='ltr'>τὸ</span> <span class='ocrx_word' id='word_1_17' title='bbox 2551 485 2733 562; x_wconf 63' lang='grc' dir='ltr'>ὅραμα</span> <span class='ocrx_word' id='word_1_18' title='bbox 2791 483 3242 564; x_wconf 85' lang='grc' dir='ltr'>Προσερχομένου</span> <span class='ocrx_word' id='word_1_19' title='bbox 3283 481 3337 540; x_wconf 72' lang='grc' dir='ltr'>δὲ</span> <span class='ocrx_word' id='word_1_20' title='bbox 3392 485 3550 538; x_wconf 71' lang='grc' dir='ltr'>αὐτοῦ</span> <span class='ocrx_word' id='word_1_21' title='bbox 3598 488 3830 553; x_wconf 74' lang='grc' dir='ltr'>κατανοῆ-</span> 
     </span>
    </p>
   </div>
   <div class='ocr_carea' id='block_1_6' title="bbox 479 579 2121 647">
    <p class='ocr_par' dir='ltr' id='par_1_6' title="bbox 479 579 2121 647">
     <span class='ocr_line' id='line_1_6' title="bbox 479 579 2121 647; baseline -0.001 -12"><span class='ocrx_word' id='word_1_22' title='bbox 479 607 507 636; x_wconf 88' lang='grc'><strong><em>‹‹</em></strong></span> <span class='ocrx_word' id='word_1_23' title='bbox 543 591 611 639; x_wconf 87' lang='lat' dir='ltr'>ut</span> <span class='ocrx_word' id='word_1_24' title='bbox 640 584 994 647; x_wconf 86' lang='lat' dir='ltr'>attenderet,</span> <span class='ocrx_word' id='word_1_25' title='bbox 1024 582 1179 637; x_wconf 82' lang='lat' dir='ltr'>facta</span> <span class='ocrx_word' id='word_1_26' title='bbox 1219 587 1309 636; x_wconf 89' lang='lat' dir='ltr'>est</span> <span class='ocrx_word' id='word_1_27' title='bbox 1364 597 1470 634; x_wconf 91' lang='lat' dir='ltr'>vox</span> <span class='ocrx_word' id='word_1_28' title='bbox 1529 579 1763 634; x_wconf 87' lang='lat' dir='ltr'>Domini</span> <span class='ocrx_word' id='word_1_29' title='bbox 1817 580 1889 633; x_wconf 90' lang='lat' dir='ltr'>ad</span> <span class='ocrx_word' id='word_1_30' title='bbox 1939 596 2073 634; x_wconf 90' lang='lat' dir='ltr'>eum</span> <span class='ocrx_word' id='word_1_31' title='bbox 2107 595 2121 633; x_wconf 90' lang='lat'>:</span> 
     </span>
    </p>
   </div>
   <div class='ocr_carea' id='block_1_7' title="bbox 480 668 2124 748">
    <p class='ocr_par' dir='ltr' id='par_1_7' title="bbox 480 668 2124 748">
     <span class='ocr_line' id='line_1_7' title="bbox 480 668 2124 748; baseline -0.001 -23"><span class='ocrx_word' id='word_1_32' title='bbox 480 697 500 725; x_wconf 80' lang='grc' dir='ltr'>σ</span> <span class='ocrx_word' id='word_1_33' title='bbox 539 676 654 748; x_wconf 87' lang='lat' dir='ltr'>Ego</span> <span class='ocrx_word' id='word_1_34' title='bbox 687 690 817 729; x_wconf 88' lang='lat' dir='ltr'>sum</span> <span class='ocrx_word' id='word_1_35' title='bbox 852 674 1006 727; x_wconf 91' lang='lat' dir='ltr'>Deus</span> <span class='ocrx_word' id='word_1_36' title='bbox 1035 679 1265 742; x_wconf 91' lang='lat' dir='ltr'>patrum</span> <span class='ocrx_word' id='word_1_37' title='bbox 1312 677 1572 736; x_wconf 88' lang='lat' dir='ltr'>tuorum,</span> <span class='ocrx_word' id='word_1_38' title='bbox 1615 669 1769 724; x_wconf 90' lang='lat' dir='ltr'>Deus</span> <span class='ocrx_word' id='word_1_39' title='bbox 1804 668 2124 735; x_wconf 82' lang='lat' dir='ltr'>Abraham,</span> 
     </span>
    </p>
   </div>
   <div class='ocr_carea' id='block_1_8' title="bbox 479 758 1553 825">
    <p class='ocr_par' dir='ltr' id='par_1_8' title="bbox 479 758 1553 825">
     <span class='ocr_line' id='line_1_8' title="bbox 479 758 1553 825; baseline -0.004 -12"><span class='ocrx_word' id='word_1_40' title='bbox 479 785 508 814; x_wconf 84' lang='grc'>‹‹</span> <span class='ocrx_word' id='word_1_41' title='bbox 538 769 598 818; x_wconf 90' lang='lat' dir='ltr'>et</span> <span class='ocrx_word' id='word_1_42' title='bbox 629 763 782 817; x_wconf 88' lang='lat' dir='ltr'>Deus</span> <span class='ocrx_word' id='word_1_43' title='bbox 815 763 998 825; x_wconf 90' lang='lat' dir='ltr'>Isaac,</span> <span class='ocrx_word' id='word_1_44' title='bbox 1028 766 1086 815; x_wconf 90' lang='lat' dir='ltr'>et</span> <span class='ocrx_word' id='word_1_45' title='bbox 1109 760 1262 814; x_wconf 90' lang='lat' dir='ltr'>Deus</span> <span class='ocrx_word' id='word_1_46' title='bbox 1291 758 1488 814; x_wconf 85' lang='lat' dir='ltr'>Jacob.</span> <span class='ocrx_word' id='word_1_47' title='bbox 1526 781 1553 808; x_wconf 75' lang='grc' dir='ltr'><strong>η</strong></span> 
     </span>
    </p>
   </div>
   <div class='ocr_carea' id='block_1_9' title="bbox 548 846 2126 920">
    <p class='ocr_par' dir='ltr' id='par_1_9' title="bbox 548 846 2126 920">
     <span class='ocr_line' id='line_1_9' title="bbox 548 846 2126 920; baseline -0.003 -13"><span class='ocrx_word' id='word_1_48' title='bbox 548 851 763 907; x_wconf 90' lang='lat' dir='ltr'>Filium</span> <span class='ocrx_word' id='word_1_49' title='bbox 796 851 898 906; x_wconf 89' lang='lat' dir='ltr'>Dei</span> <span class='ocrx_word' id='word_1_50' title='bbox 929 855 1095 904; x_wconf 88' lang='lat' dir='ltr'>vocat</span> <span class='ocrx_word' id='word_1_51' title='bbox 1122 864 1282 903; x_wconf 89' lang='lat' dir='ltr'>nunc</span> <span class='ocrx_word' id='word_1_52' title='bbox 1312 846 2126 920; x_wconf 86' lang='lat' dir='ltr'>angelum,quemadmodum</span> 
     </span>
    </p>
   </div>
   <div class='ocr_carea' id='block_1_10' title="bbox 475 939 2126 1012">
    <p class='ocr_par' dir='ltr' id='par_1_10' title="bbox 475 939 2126 1012">
     <span class='ocr_line' id='line_1_10' title="bbox 475 939 2126 1012; baseline -0.004 -14"><span class='ocrx_word' id='word_1_53' title='bbox 475 950 535 997; x_wconf 90' lang='lat' dir='ltr'>et</span> <span class='ocrx_word' id='word_1_54' title='bbox 564 942 706 998; x_wconf 83' lang='lat' dir='ltr'>alibi</span> <span class='ocrx_word' id='word_1_55' title='bbox 733 942 1060 997; x_wconf 88' lang='lat' dir='ltr'>hominem.</span> <span class='ocrx_word' id='word_1_56' title='bbox 1085 942 1216 1012; x_wconf 88' lang='lat' dir='ltr'>Ipse</span> <span class='ocrx_word' id='word_1_57' title='bbox 1247 956 1505 1010; x_wconf 88' lang='lat' dir='ltr'>namque</span> <span class='ocrx_word' id='word_1_58' title='bbox 1538 944 1629 994; x_wconf 88' lang='lat' dir='ltr'>est</span> <span class='ocrx_word' id='word_1_59' title='bbox 1658 939 1855 1012; x_wconf 83' lang='lat' dir='ltr'>magni</span> <span class='ocrx_word' id='word_1_60' title='bbox 1888 939 2126 995; x_wconf 89' lang='lat' dir='ltr'>consilii</span> 
     </span>
    </p>
   </div>
   <div class='ocr_carea' id='block_1_11' title="bbox 473 1029 2127 1104">
    <p class='ocr_par' dir='ltr' id='par_1_11' title="bbox 473 1029 2127 1104">
     <span class='ocr_line' id='line_1_11' title="bbox 473 1029 2127 1104; baseline -0.003 -17"><span class='ocrx_word' id='word_1_61' title='bbox 473 1032 742 1104; x_wconf 79' lang='lat' dir='ltr'>angelus.</span> <span class='ocrx_word' id='word_1_62' title='bbox 789 1031 926 1086; x_wconf 91' lang='lat' dir='ltr'>Ideo</span> <span class='ocrx_word' id='word_1_63' title='bbox 977 1046 1214 1101; x_wconf 92' lang='lat' dir='ltr'>quoque</span> <span class='ocrx_word' id='word_1_64' title='bbox 1253 1029 1431 1101; x_wconf 88' lang='lat' dir='ltr'>paulo</span> <span class='ocrx_word' id='word_1_65' title='bbox 1491 1034 1625 1100; x_wconf 91' lang='lat' dir='ltr'>post</span> <span class='ocrx_word' id='word_1_66' title='bbox 1671 1029 1934 1084; x_wconf 81' lang='lat' dir='ltr'>ostendit</span> <span class='ocrx_word' id='word_1_67' title='bbox 1991 1044 2127 1082; x_wconf 92' lang='lat' dir='ltr'>eum</span> 
     </span>
    </p>
   </div>
   <div class='ocr_carea' id='block_1_12' title="bbox 472 1119 2126 1189">
    <p class='ocr_par' dir='ltr' id='par_1_12' title="bbox 472 1119 2126 1189">
     <span class='ocr_line' id='line_1_12' title="bbox 472 1119 2126 1189; baseline -0.003 -13"><span class='ocrx_word' id='word_1_68' title='bbox 472 1120 647 1177; x_wconf 91' lang='lat' dir='ltr'>beato</span> <span class='ocrx_word' id='word_1_69' title='bbox 694 1122 836 1175; x_wconf 92' lang='lat' dir='ltr'>Mosi</span> <span class='ocrx_word' id='word_1_70' title='bbox 898 1119 1194 1174; x_wconf 83' lang='lat' dir='ltr'>dicentem</span> <span class='ocrx_word' id='word_1_71' title='bbox 1231 1135 1244 1172; x_wconf 92' lang='lat'><strong>:</strong></span> <span class='ocrx_word' id='word_1_72' title='bbox 1277 1142 1304 1168; x_wconf 83' lang='lat'>«</span> <span class='ocrx_word' id='word_1_73' title='bbox 1339 1120 1452 1189; x_wconf 84' lang='lat' dir='ltr'>Ego</span> <span class='ocrx_word' id='word_1_74' title='bbox 1512 1135 1641 1173; x_wconf 90' lang='lat' dir='ltr'>sum</span> <span class='ocrx_word' id='word_1_75' title='bbox 1683 1119 1836 1173; x_wconf 88' lang='lat' dir='ltr'>Deus</span> <span class='ocrx_word' id='word_1_76' title='bbox 1893 1123 2126 1189; x_wconf 85' lang='lat' dir='ltr'>patrum</span> 
     </span>
    </p>
   </div>
   <div class='ocr_carea' id='block_1_13' title="bbox 472 1207 2127 1275">
    <p class='ocr_par' dir='ltr' id='par_1_13' title="bbox 472 1207 2127 1275">
     <span class='ocr_line' id='line_1_13' title="bbox 472 1207 2127 1275; baseline -0.002 -10"><span class='ocrx_word' id='word_1_77' title='bbox 472 1216 732 1274; x_wconf 85' lang='lat' dir='ltr'>tuorum,</span> <span class='ocrx_word' id='word_1_78' title='bbox 765 1211 916 1264; x_wconf 90' lang='lat' dir='ltr'>Deus</span> <span class='ocrx_word' id='word_1_79' title='bbox 948 1209 1268 1271; x_wconf 84' lang='lat' dir='ltr'>Abraham,</span> <span class='ocrx_word' id='word_1_80' title='bbox 1302 1214 1360 1262; x_wconf 92' lang='lat' dir='ltr'>et</span> <span class='ocrx_word' id='word_1_81' title='bbox 1390 1209 1574 1275; x_wconf 89' lang='lat' dir='ltr'>Isaac,</span> <span class='ocrx_word' id='word_1_82' title='bbox 1608 1213 1665 1262; x_wconf 90' lang='lat' dir='ltr'>et</span> <span class='ocrx_word' id='word_1_83' title='bbox 1692 1207 1867 1262; x_wconf 87' lang='lat' dir='ltr'>Jacob</span> <span class='ocrx_word' id='word_1_84' title='bbox 1899 1207 1963 1258; x_wconf 62' lang='lat'>7‘.</span> <span class='ocrx_word' id='word_1_85' title='bbox 2001 1229 2027 1256; x_wconf 83' lang='lat'>»</span> <span class='ocrx_word' id='word_1_86' title='bbox 2060 1208 2127 1261; x_wconf 86' lang='lat' dir='ltr'>In</span> 
     </span>
    </p>
   </div>
   <div class='ocr_carea' id='block_1_14' title="bbox 473 1295 2126 1370">
    <p class='ocr_par' dir='ltr' id='par_1_14' title="bbox 473 1295 2126 1370">
     <span class='ocr_line' id='line_1_14' title="bbox 473 1295 2126 1370; baseline -0.002 -16"><span class='ocrx_word' id='word_1_87' title='bbox 473 1299 717 1354; x_wconf 88' lang='lat' dir='ltr'>ﬂamma</span> <span class='ocrx_word' id='word_1_88' title='bbox 747 1305 942 1354; x_wconf 91' lang='lat' dir='ltr'>autem</span> <span class='ocrx_word' id='word_1_89' title='bbox 972 1297 1125 1370; x_wconf 81' lang='lat' dir='ltr'>ignis</span> <span class='ocrx_word' id='word_1_90' title='bbox 1169 1296 1300 1351; x_wconf 91' lang='lat' dir='ltr'>rubi</span> <span class='ocrx_word' id='word_1_91' title='bbox 1354 1297 1786 1352; x_wconf 75' lang='lat' dir='ltr'>manifestatur.</span> <span class='ocrx_word' id='word_1_92' title='bbox 1823 1295 2126 1367; x_wconf 86' lang='lat' dir='ltr'>Siquidem</span> 
     </span>
    </p>
   </div>
   <div class='ocr_carea' id='block_1_15' title="bbox 477 1385 2126 1460">
    <p class='ocr_par' dir='ltr' id='par_1_15' title="bbox 477 1385 2126 1460">
     <span class='ocr_line' id='line_1_15' title="bbox 477 1385 2126 1460; baseline -0.002 -17"><span class='ocrx_word' id='word_1_93' title='bbox 477 1390 538 1444; x_wconf 92' lang='lat' dir='ltr'>in</span> <span class='ocrx_word' id='word_1_94' title='bbox 569 1389 764 1460; x_wconf 89' lang='lat' dir='ltr'>specie</span> <span class='ocrx_word' id='word_1_95' title='bbox 797 1405 1033 1459; x_wconf 92' lang='lat' dir='ltr'>quoque</span> <span class='ocrx_word' id='word_1_96' title='bbox 1100 1385 1254 1459; x_wconf 87' lang='lat' dir='ltr'>ignis</span> <span class='ocrx_word' id='word_1_97' title='bbox 1286 1392 1342 1440; x_wconf 90' lang='lat' dir='ltr'>et</span> <span class='ocrx_word' id='word_1_98' title='bbox 1397 1387 1459 1440; x_wconf 93' lang='lat' dir='ltr'>in</span> <span class='ocrx_word' id='word_1_99' title='bbox 1518 1392 1718 1440; x_wconf 90' lang='lat' dir='ltr'>monte</span> <span class='ocrx_word' id='word_1_100' title='bbox 1780 1386 1917 1440; x_wconf 91' lang='lat' dir='ltr'>Sina</span> <span class='ocrx_word' id='word_1_101' title='bbox 1974 1386 2126 1440; x_wconf 86' lang='lat' dir='ltr'>Deus</span> 
     </span>
    </p>
   </div>
   <div class='ocr_carea' id='block_1_16' title="bbox 473 1474 2130 1546">
    <p class='ocr_par' dir='ltr' id='par_1_16' title="bbox 473 1474 2130 1546">
     <span class='ocr_line' id='line_1_16' title="bbox 473 1474 2130 1546; baseline -0.004 -11"><span class='ocrx_word' id='word_1_102' title='bbox 473 1479 940 1541; x_wconf 85' lang='lat' dir='ltr'>demonstratur,</span> <span class='ocrx_word' id='word_1_103' title='bbox 968 1476 1162 1532; x_wconf 88' lang='lat' dir='ltr'>dando</span> <span class='ocrx_word' id='word_1_104' title='bbox 1197 1477 1385 1545; x_wconf 80' lang='lat' dir='ltr'>legem</span> <span class='ocrx_word' id='word_1_105' title='bbox 1441 1477 1579 1540; x_wconf 72' lang='lat' dir='ltr'>Quae</span> <span class='ocrx_word' id='word_1_106' title='bbox 1603 1476 1781 1546; x_wconf 83' lang='lat' dir='ltr'>igitur</span> <span class='ocrx_word' id='word_1_107' title='bbox 1811 1475 1960 1530; x_wconf 84' lang='lat' dir='ltr'>ratio</span> <span class='ocrx_word' id='word_1_108' title='bbox 1985 1481 2074 1530; x_wconf 89' lang='lat' dir='ltr'>est</span> <span class='ocrx_word' id='word_1_109' title='bbox 2102 1474 2130 1529; x_wconf 80' lang='lat' dir='ltr'>‘I</span> 
     </span>
    </p>
   </div>
   <div class='ocr_carea' id='block_1_17' title="bbox 473 1565 2130 1640">
    <p class='ocr_par' dir='ltr' id='par_1_17' title="bbox 473 1565 2130 1640">
     <span class='ocr_line' id='line_1_17' title="bbox 473 1565 2130 1640; baseline -0.004 -16"><span class='ocrx_word' id='word_1_110' title='bbox 473 1569 648 1624; x_wconf 88' lang='lat' dir='ltr'>Sacra</span> <span class='ocrx_word' id='word_1_111' title='bbox 684 1569 984 1640; x_wconf 87' lang='lat' dir='ltr'>Scriptura</span> <span class='ocrx_word' id='word_1_112' title='bbox 1015 1567 1272 1621; x_wconf 87' lang='lat' dir='ltr'>divinam</span> <span class='ocrx_word' id='word_1_113' title='bbox 1335 1572 1606 1620; x_wconf 89' lang='lat' dir='ltr'>naturam</span> <span class='ocrx_word' id='word_1_114' title='bbox 1666 1565 1784 1636; x_wconf 82' lang='lat' dir='ltr'>igni</span> <span class='ocrx_word' id='word_1_115' title='bbox 1836 1565 2130 1620; x_wconf 87' lang='lat' dir='ltr'>assimilat</span> 
     </span>
    </p>
   </div>
   <div class='ocr_carea' id='block_1_18' title="bbox 473 1653 2124 1729">
    <p class='ocr_par' dir='ltr' id='par_1_18' title="bbox 473 1653 2124 1729">
     <span class='ocr_line' id='line_1_18' title="bbox 473 1653 2124 1729; baseline -0.001 -18"><span class='ocrx_word' id='word_1_116' title='bbox 473 1665 715 1729; x_wconf 82' lang='lat' dir='ltr'>prOpter</span> <span class='ocrx_word' id='word_1_117' title='bbox 745 1655 1330 1727; x_wconf 88' lang='lat' dir='ltr'>omnipotentiam.et</span> <span class='ocrx_word' id='word_1_118' title='bbox 1355 1653 1512 1724; x_wconf 91' lang='lat' dir='ltr'>quod</span> <span class='ocrx_word' id='word_1_119' title='bbox 1545 1654 1745 1708; x_wconf 90' lang='lat' dir='ltr'>omnia</span> <span class='ocrx_word' id='word_1_120' title='bbox 1766 1660 2079 1708; x_wconf 84' lang='lat' dir='ltr'>consumat</span> <span class='ocrx_word' id='word_1_121' title='bbox 2111 1671 2124 1709; x_wconf 92' lang='lat'>:</span> 
     </span>
    </p>
   </div>
   <div class='ocr_carea' id='block_1_19' title="bbox 473 1742 2122 1816">
    <p class='ocr_par' dir='ltr' id='par_1_19' title="bbox 473 1742 2122 1816">
     <span class='ocr_line' id='line_1_19' title="bbox 473 1742 2122 1816; baseline -0.002 -15"><span class='ocrx_word' id='word_1_122' title='bbox 473 1745 779 1801; x_wconf 88' lang='lat' dir='ltr'>hominem</span> <span class='ocrx_word' id='word_1_123' title='bbox 813 1761 947 1800; x_wconf 87' lang='lat' dir='ltr'>vero</span> <span class='ocrx_word' id='word_1_124' title='bbox 982 1744 1158 1816; x_wconf 88' lang='lat' dir='ltr'>lignis</span> <span class='ocrx_word' id='word_1_125' title='bbox 1191 1750 1249 1797; x_wconf 92' lang='lat' dir='ltr'>et</span> <span class='ocrx_word' id='word_1_126' title='bbox 1280 1743 1501 1797; x_wconf 82' lang='lat' dir='ltr'>herbis.</span> <span class='ocrx_word' id='word_1_127' title='bbox 1539 1742 1690 1796; x_wconf 88' lang='lat' dir='ltr'>Dicit</span> <span class='ocrx_word' id='word_1_128' title='bbox 1720 1743 1880 1797; x_wconf 90' lang='lat' dir='ltr'>enim</span> <span class='ocrx_word' id='word_1_129' title='bbox 1931 1742 2073 1796; x_wconf 89' lang='lat' dir='ltr'>alibi</span> <span class='ocrx_word' id='word_1_130' title='bbox 2110 1761 2122 1798; x_wconf 88' lang='lat'><strong>:</strong></span> 
     </span>
    </p>
   </div>
   <div class='ocr_carea' id='block_1_20' title="bbox 2237 572 3831 650">
    <p class='ocr_par' dir='ltr' id='par_1_20' title="bbox 2237 572 3831 650">
     <span class='ocr_line' id='line_1_20' title="bbox 2237 572 3831 650; baseline -0.001 -20"><span class='ocrx_word' id='word_1_131' title='bbox 2237 601 2263 626; x_wconf 80' lang='grc' dir='ltr'>ι(</span> <span class='ocrx_word' id='word_1_132' title='bbox 2308 597 2417 646; x_wconf 85' lang='grc' dir='ltr'>σαι,</span> <span class='ocrx_word' id='word_1_133' title='bbox 2473 575 2679 650; x_wconf 77' lang='grc' dir='ltr'>ἐγένετο</span> <span class='ocrx_word' id='word_1_134' title='bbox 2740 577 2892 644; x_wconf 83' lang='grc' dir='ltr'>φωνὴ</span> <span class='ocrx_word' id='word_1_135' title='bbox 2955 579 3159 650; x_wconf 75' lang='grc' dir='ltr'>Κυρίου</span> <span class='ocrx_word' id='word_1_136' title='bbox 3219 574 3352 649; x_wconf 77' lang='grc' dir='ltr'>πρὸς</span> <span class='ocrx_word' id='word_1_137' title='bbox 3408 572 3582 627; x_wconf 75' lang='grc' dir='ltr'>αὐτόν·</span> <span class='ocrx_word' id='word_1_138' title='bbox 3638 575 3760 646; x_wconf 80' lang='grc' dir='ltr'>Ἐγὼ</span> <span class='ocrx_word' id='word_1_139' title='bbox 3807 576 3831 628; x_wconf 99' lang='lat'>6</span> 
     </span>
    </p>
   </div>
   <div class='ocr_carea' id='block_1_21' title="bbox 2248 659 3836 741">
    <p class='ocr_par' dir='ltr' id='par_1_21' title="bbox 2248 659 3836 741">
     <span class='ocr_line' id='line_1_21' title="bbox 2248 659 3836 741; baseline 0.001 -25"><span class='ocrx_word' id='word_1_140' title='bbox 2248 692 2266 716; x_wconf 77' lang='grc' dir='ltr'>ι</span> <span class='ocrx_word' id='word_1_141' title='bbox 2300 667 2430 728; x_wconf 85' lang='grc' dir='ltr'>Θεὸς</span> <span class='ocrx_word' id='word_1_142' title='bbox 2456 671 2562 720; x_wconf 79' lang='grc' dir='ltr'>τῶν</span> <span class='ocrx_word' id='word_1_143' title='bbox 2596 663 2839 741; x_wconf 76' lang='grc' dir='ltr'>πατέρων</span> <span class='ocrx_word' id='word_1_144' title='bbox 2871 686 2987 733; x_wconf 86' lang='grc' dir='ltr'>σου,</span> <span class='ocrx_word' id='word_1_145' title='bbox 3013 665 3040 719; x_wconf 98' lang='lat'>6</span> <span class='ocrx_word' id='word_1_146' title='bbox 3068 665 3198 726; x_wconf 89' lang='grc' dir='ltr'>Θεὸς</span> <span class='ocrx_word' id='word_1_147' title='bbox 3233 659 3500 737; x_wconf 71' lang='grc' dir='ltr'>Ἀϐραὰμ,</span> <span class='ocrx_word' id='word_1_148' title='bbox 3546 662 3630 716; x_wconf 74' lang='grc' dir='ltr'>καὶ</span> <span class='ocrx_word' id='word_1_149' title='bbox 3659 664 3683 715; x_wconf 97' lang='lat'>6</span> <span class='ocrx_word' id='word_1_150' title='bbox 3727 664 3836 725; x_wconf 83' lang='grc' dir='ltr'>Θεὸς</span> 
     </span>
    </p>
   </div>
   <div class='ocr_carea' id='block_1_22' title="bbox 2236 749 3136 826">
    <p class='ocr_par' dir='ltr' id='par_1_22' title="bbox 2236 749 3136 826">
     <span class='ocr_line' id='line_1_22' title="bbox 2236 749 3136 826; baseline -0.002 -19"><span class='ocrx_word' id='word_1_151' title='bbox 2236 780 2263 807; x_wconf 83' lang='grc' dir='ltr'>ι(</span> <span class='ocrx_word' id='word_1_152' title='bbox 2297 755 2494 826; x_wconf 77' lang='grc' dir='ltr'>Ἰσαὰκ,</span> <span class='ocrx_word' id='word_1_153' title='bbox 2526 756 2614 810; x_wconf 83' lang='grc' dir='ltr'>καὶ</span> <span class='ocrx_word' id='word_1_154' title='bbox 2647 756 2674 810; x_wconf 91' lang='lat'>6</span> <span class='ocrx_word' id='word_1_155' title='bbox 2704 755 2834 816; x_wconf 91' lang='grc' dir='ltr'>Θεὸς</span> <span class='ocrx_word' id='word_1_156' title='bbox 2863 749 3078 810; x_wconf 76' lang='grc' dir='ltr'>Ἰακώϐ.</span> <span class='ocrx_word' id='word_1_157' title='bbox 3108 779 3136 805; x_wconf 83' lang='grc'><strong>››</strong></span> 
     </span>
    </p>
   </div>
   <div class='ocr_carea' id='block_1_23' title="bbox 2307 838 3838 920">
    <p class='ocr_par' dir='ltr' id='par_1_23' title="bbox 2307 838 3838 920">
     <span class='ocr_line' id='line_1_23' title="bbox 2307 838 3838 920; baseline -0.005 -19"><span class='ocrx_word' id='word_1_158' title='bbox 2307 845 2415 901; x_wconf 89' lang='grc' dir='ltr'>Τὸν</span> <span class='ocrx_word' id='word_1_159' title='bbox 2449 845 2564 899; x_wconf 81' lang='grc' dir='ltr'>υἱὸν</span> <span class='ocrx_word' id='word_1_160' title='bbox 2590 849 2687 900; x_wconf 89' lang='grc' dir='ltr'>τοῦ</span> <span class='ocrx_word' id='word_1_161' title='bbox 2719 849 2855 900; x_wconf 90' lang='grc' dir='ltr'>Θεοῦ</span> <span class='ocrx_word' id='word_1_162' title='bbox 2882 841 3110 920; x_wconf 76' lang='grc' dir='ltr'>ἄγγελον</span> <span class='ocrx_word' id='word_1_163' title='bbox 3143 847 3234 896; x_wconf 88' lang='grc' dir='ltr'>νῦν</span> <span class='ocrx_word' id='word_1_164' title='bbox 3263 840 3438 911; x_wconf 84' lang='grc' dir='ltr'>καλεῖ,</span> <span class='ocrx_word' id='word_1_165' title='bbox 3494 840 3716 915; x_wconf 74' lang='grc' dir='ltr'>καθάπερ</span> <span class='ocrx_word' id='word_1_166' title='bbox 3763 838 3838 895; x_wconf 82' lang='grc' dir='ltr'>καὶ</span> 
     </span>
    </p>
   </div>
   <div class='ocr_carea' id='block_1_24' title="bbox 2237 929 3839 1015">
    <p class='ocr_par' dir='ltr' id='par_1_24' title="bbox 2237 929 3839 1015">
     <span class='ocr_line' id='line_1_24' title="bbox 2237 929 3839 1015; baseline -0.002 -26"><span class='ocrx_word' id='word_1_167' title='bbox 2237 935 2520 1010; x_wconf 75' lang='grc' dir='ltr'>ἂνθρωπον</span> <span class='ocrx_word' id='word_1_168' title='bbox 2556 933 2834 1015; x_wconf 85' lang='grc' dir='ltr'>ἀλλαχοῦ.</span> <span class='ocrx_word' id='word_1_169' title='bbox 2881 935 3054 997; x_wconf 82' lang='grc' dir='ltr'>Αὐτὸς</span> <span class='ocrx_word' id='word_1_170' title='bbox 3083 938 3186 1009; x_wconf 78' lang='grc' dir='ltr'>γάρ</span> <span class='ocrx_word' id='word_1_171' title='bbox 3243 933 3382 987; x_wconf 80' lang='grc' dir='ltr'>ἐστιν</span> <span class='ocrx_word' id='word_1_172' title='bbox 3417 933 3443 986; x_wconf 89' lang='lat'>6</span> <span class='ocrx_word' id='word_1_173' title='bbox 3479 929 3704 1005; x_wconf 69' lang='grc' dir='ltr'>μεγάλης</span> <span class='ocrx_word' id='word_1_174' title='bbox 3730 932 3839 1005; x_wconf 84' lang='grc' dir='ltr'>βου-</span> 
     </span>
    </p>
   </div>
   <div class='ocr_carea' id='block_1_25' title="bbox 2237 1018 3840 1100">
    <p class='ocr_par' dir='ltr' id='par_1_25' title="bbox 2237 1018 3840 1100">
     <span class='ocr_line' id='line_1_25' title="bbox 2237 1018 3840 1100; baseline -0.003 -21"><span class='ocrx_word' id='word_1_175' title='bbox 2237 1023 2342 1094; x_wconf 80' lang='grc' dir='ltr'>λῆς</span> <span class='ocrx_word' id='word_1_176' title='bbox 2373 1023 2623 1098; x_wconf 75' lang='grc' dir='ltr'>ἅγγελος.</span> <span class='ocrx_word' id='word_1_177' title='bbox 2672 1025 2764 1080; x_wconf 79' lang='grc' dir='ltr'>Διὸ</span> <span class='ocrx_word' id='word_1_178' title='bbox 2823 1025 2912 1079; x_wconf 85' lang='grc' dir='ltr'>καὶ</span> <span class='ocrx_word' id='word_1_179' title='bbox 2973 1025 3087 1096; x_wconf 86' lang='grc' dir='ltr'>μετ’</span> <span class='ocrx_word' id='word_1_180' title='bbox 3147 1021 3337 1100; x_wconf 79' lang='grc' dir='ltr'>ὀλίγον</span> <span class='ocrx_word' id='word_1_181' title='bbox 3400 1018 3650 1076; x_wconf 82' lang='grc' dir='ltr'>δείκνυσιν</span> <span class='ocrx_word' id='word_1_182' title='bbox 3705 1021 3840 1074; x_wconf 84' lang='grc' dir='ltr'>αὐτὸν</span> 
     </span>
    </p>
   </div>
   <div class='ocr_carea' id='block_1_26' title="bbox 2237 1112 3843 1191">
    <p class='ocr_par' dir='ltr' id='par_1_26' title="bbox 2237 1112 3843 1191">
     <span class='ocr_line' id='line_1_26' title="bbox 2237 1112 3843 1191; baseline -0.004 -20"><span class='ocrx_word' id='word_1_183' title='bbox 2237 1114 2470 1190; x_wconf 79' lang='grc' dir='ltr'>λέγοντα</span> <span class='ocrx_word' id='word_1_184' title='bbox 2499 1120 2576 1187; x_wconf 84' lang='grc' dir='ltr'>τῷ</span> <span class='ocrx_word' id='word_1_185' title='bbox 2609 1117 2862 1191; x_wconf 87' lang='grc' dir='ltr'>μακαρίῳ</span> <span class='ocrx_word' id='word_1_186' title='bbox 2895 1117 3135 1171; x_wconf 76' lang='grc' dir='ltr'>Μωϋσεῖσ</span> <span class='ocrx_word' id='word_1_187' title='bbox 3173 1137 3200 1165; x_wconf 78' lang='grc' dir='ltr'>(ι</span> <span class='ocrx_word' id='word_1_188' title='bbox 3236 1113 3381 1187; x_wconf 86' lang='grc' dir='ltr'>Ἐγὼ</span> <span class='ocrx_word' id='word_1_189' title='bbox 3413 1114 3440 1166; x_wconf 92' lang='lat'>6</span> <span class='ocrx_word' id='word_1_190' title='bbox 3487 1112 3610 1173; x_wconf 86' lang='grc' dir='ltr'>Θεὸς</span> <span class='ocrx_word' id='word_1_191' title='bbox 3637 1115 3734 1164; x_wconf 82' lang='grc' dir='ltr'>τῶν</span> <span class='ocrx_word' id='word_1_192' title='bbox 3760 1131 3843 1164; x_wconf 83' lang='grc' dir='ltr'>πα-</span> 
     </span>
    </p>
   </div>
   <div class='ocr_carea' id='block_1_27' title="bbox 2234 1195 3838 1280">
    <p class='ocr_par' dir='ltr' id='par_1_27' title="bbox 2234 1195 3838 1280">
     <span class='ocr_line' id='line_1_27' title="bbox 2234 1195 3838 1280; baseline -0.007 -20"><span class='ocrx_word' id='word_1_193' title='bbox 2234 1206 2403 1280; x_wconf 81' lang='grc' dir='ltr'>τέρων</span> <span class='ocrx_word' id='word_1_194' title='bbox 2446 1227 2563 1274; x_wconf 87' lang='grc' dir='ltr'>σου,</span> <span class='ocrx_word' id='word_1_195' title='bbox 2599 1206 2626 1260; x_wconf 88' lang='grc' dir='ltr'>ὁ</span> <span class='ocrx_word' id='word_1_196' title='bbox 2659 1205 2786 1267; x_wconf 88' lang='grc' dir='ltr'>Θεὸς</span> <span class='ocrx_word' id='word_1_197' title='bbox 2829 1199 3101 1279; x_wconf 76' lang='grc' dir='ltr'>Ἀϐραὰμ,</span> <span class='ocrx_word' id='word_1_198' title='bbox 3134 1201 3225 1257; x_wconf 83' lang='grc' dir='ltr'>καὶ</span> <span class='ocrx_word' id='word_1_199' title='bbox 3260 1204 3456 1270; x_wconf 76' lang='grc' dir='ltr'>Ἰσαὰκ,</span> <span class='ocrx_word' id='word_1_200' title='bbox 3486 1201 3572 1256; x_wconf 81' lang='grc' dir='ltr'>καὶ</span> <span class='ocrx_word' id='word_1_201' title='bbox 3603 1195 3797 1255; x_wconf 74' lang='grc' dir='ltr'>Ἰακώϐ.</span> <span class='ocrx_word' id='word_1_202' title='bbox 3821 1223 3838 1249; x_wconf 75' lang='grc' dir='ltr'>ι</span> 
     </span>
    </p>
   </div>
   <div class='ocr_carea' id='block_1_28' title="bbox 2238 1286 3841 1372">
    <p class='ocr_par' dir='ltr' id='par_1_28' title="bbox 2238 1286 3841 1372">
     <span class='ocr_line' id='line_1_28' title="bbox 2238 1286 3841 1372; baseline -0.006 -22"><span class='ocrx_word' id='word_1_203' title='bbox 2238 1295 2324 1350; x_wconf 88' lang='grc' dir='ltr'>Ἐν</span> <span class='ocrx_word' id='word_1_204' title='bbox 2358 1293 2521 1372; x_wconf 77' lang='grc' dir='ltr'>φλογὶ</span> <span class='ocrx_word' id='word_1_205' title='bbox 2553 1295 2722 1370; x_wconf 84' lang='grc' dir='ltr'>πυρὸς</span> <span class='ocrx_word' id='word_1_206' title='bbox 2754 1296 2926 1370; x_wconf 70' lang='grc' dir='ltr'>βάτου</span> <span class='ocrx_word' id='word_1_207' title='bbox 2957 1291 3014 1348; x_wconf 73' lang='grc' dir='ltr'>δὲ</span> <span class='ocrx_word' id='word_1_208' title='bbox 3044 1289 3426 1347; x_wconf 78' lang='grc' dir='ltr'>διαδείκνυται.</span> <span class='ocrx_word' id='word_1_209' title='bbox 3466 1293 3552 1346; x_wconf 83' lang='grc' dir='ltr'>Ἐν</span> <span class='ocrx_word' id='word_1_210' title='bbox 3584 1286 3704 1342; x_wconf 74' lang='grc' dir='ltr'>εἶ’δει</span> <span class='ocrx_word' id='word_1_211' title='bbox 3755 1289 3841 1361; x_wconf 70' lang='grc' dir='ltr'>γὰρ</span> 
     </span>
    </p>
   </div>
   <div class='ocr_carea' id='block_1_29' title="bbox 2236 1377 3844 1458">
    <p class='ocr_par' dir='ltr' id='par_1_29' title="bbox 2236 1377 3844 1458">
     <span class='ocr_line' id='line_1_29' title="bbox 2236 1377 3844 1458; baseline -0.006 -20"><span class='ocrx_word' id='word_1_212' title='bbox 2236 1385 2406 1456; x_wconf 86' lang='grc' dir='ltr'>πυρὸς</span> <span class='ocrx_word' id='word_1_213' title='bbox 2436 1385 2525 1438; x_wconf 89' lang='grc' dir='ltr'>καὶ</span> <span class='ocrx_word' id='word_1_214' title='bbox 2559 1383 2608 1439; x_wconf 80' lang='grc' dir='ltr'>ἐν</span> <span class='ocrx_word' id='word_1_215' title='bbox 2653 1388 2730 1456; x_wconf 81' lang='grc' dir='ltr'>τῷ</span> <span class='ocrx_word' id='word_1_216' title='bbox 2788 1381 2902 1458; x_wconf 80' lang='grc' dir='ltr'>ὄρει</span> <span class='ocrx_word' id='word_1_217' title='bbox 2952 1388 3086 1454; x_wconf 82' lang='grc' dir='ltr'>Σινᾷ</span> <span class='ocrx_word' id='word_1_218' title='bbox 3143 1385 3170 1437; x_wconf 86' lang='grc' dir='ltr'>ὁ</span> <span class='ocrx_word' id='word_1_219' title='bbox 3231 1381 3360 1443; x_wconf 83' lang='grc' dir='ltr'>Θεὸς</span> <span class='ocrx_word' id='word_1_220' title='bbox 3418 1377 3732 1456; x_wconf 71' lang='grc' dir='ltr'>διαφαίνεται</span> <span class='ocrx_word' id='word_1_221' title='bbox 3765 1377 3844 1430; x_wconf 88' lang='grc' dir='ltr'>τὸν</span> 
     </span>
    </p>
   </div>
   <div class='ocr_carea' id='block_1_30' title="bbox 2236 1467 3843 1546">
    <p class='ocr_par' dir='ltr' id='par_1_30' title="bbox 2236 1467 3843 1546">
     <span class='ocr_line' id='line_1_30' title="bbox 2236 1467 3843 1546; baseline -0.007 -18"><span class='ocrx_word' id='word_1_222' title='bbox 2236 1472 2404 1546; x_wconf 85' lang='grc' dir='ltr'>νόμον</span> <span class='ocrx_word' id='word_1_223' title='bbox 2435 1471 2636 1536; x_wconf 66' lang='grc' dir='ltr'>διδούς,</span> <span class='ocrx_word' id='word_1_224' title='bbox 2673 1474 2764 1536; x_wconf 82' lang='grc' dir='ltr'>Τίς</span> <span class='ocrx_word' id='word_1_225' title='bbox 2797 1473 2888 1528; x_wconf 77' lang='grc' dir='ltr'>οὖν</span> <span class='ocrx_word' id='word_1_226' title='bbox 2923 1474 2949 1528; x_wconf 84' lang='grc' dir='ltr'>ὁ</span> <span class='ocrx_word' id='word_1_227' title='bbox 2982 1470 3144 1546; x_wconf 79' lang='grc' dir='ltr'>λόγος</span> <span class='ocrx_word' id='word_1_228' title='bbox 3181 1490 3194 1541; x_wconf 90' lang='grc'><strong>;</strong></span> <span class='ocrx_word' id='word_1_229' title='bbox 3227 1469 3362 1546; x_wconf 82' lang='grc' dir='ltr'>Πυρὶ</span> <span class='ocrx_word' id='word_1_230' title='bbox 3395 1471 3491 1536; x_wconf 65' lang='grc' dir='ltr'>τὴν</span> <span class='ocrx_word' id='word_1_231' title='bbox 3539 1467 3674 1532; x_wconf 69' lang='grc' dir='ltr'>θείαν</span> <span class='ocrx_word' id='word_1_232' title='bbox 3727 1485 3843 1537; x_wconf 72' lang='grc' dir='ltr'>παρ-</span> 
     </span>
    </p>
   </div>
   <div class='ocr_carea' id='block_1_31' title="bbox 2237 1554 3844 1644">
    <p class='ocr_par' dir='ltr' id='par_1_31' title="bbox 2237 1554 3844 1644">
     <span class='ocr_line' id='line_1_31' title="bbox 2237 1554 3844 1644; baseline -0.006 -27"><span class='ocrx_word' id='word_1_233' title='bbox 2237 1565 2438 1632; x_wconf 74' lang='grc' dir='ltr'>εικάζει</span> <span class='ocrx_word' id='word_1_234' title='bbox 2471 1563 2627 1644; x_wconf 72' lang='grc' dir='ltr'>φύσιν</span> <span class='ocrx_word' id='word_1_235' title='bbox 2656 1564 2719 1617; x_wconf 87' lang='grc' dir='ltr'>τὸ</span> <span class='ocrx_word' id='word_1_236' title='bbox 2750 1564 2978 1638; x_wconf 73' lang='grc' dir='ltr'>γράμμα</span> <span class='ocrx_word' id='word_1_237' title='bbox 3037 1562 3098 1615; x_wconf 89' lang='grc' dir='ltr'>τὸ</span> <span class='ocrx_word' id='word_1_238' title='bbox 3151 1562 3318 1637; x_wconf 74' lang='grc' dir='ltr'>ἱερὸν,</span> <span class='ocrx_word' id='word_1_239' title='bbox 3380 1557 3467 1613; x_wconf 82' lang='grc' dir='ltr'>διὰ</span> <span class='ocrx_word' id='word_1_240' title='bbox 3492 1560 3552 1613; x_wconf 83' lang='grc' dir='ltr'>τὸ</span> <span class='ocrx_word' id='word_1_241' title='bbox 3582 1554 3844 1618; x_wconf 81' lang='grc' dir='ltr'>παναλκες,</span> 
     </span>
    </p>
   </div>
   <div class='ocr_carea' id='block_1_32' title="bbox 2236 1647 3846 1725">
    <p class='ocr_par' dir='ltr' id='par_1_32' title="bbox 2236 1647 3846 1725">
     <span class='ocr_line' id='line_1_32' title="bbox 2236 1647 3846 1725; baseline -0.006 -18"><span class='ocrx_word' id='word_1_242' title='bbox 2236 1651 2422 1722; x_wconf 64' lang='grc' dir='ltr'>ξῦλοις</span> <span class='ocrx_word' id='word_1_243' title='bbox 2453 1674 2509 1707; x_wconf 88' lang='grc' dir='ltr'>τε</span> <span class='ocrx_word' id='word_1_244' title='bbox 2567 1653 2654 1708; x_wconf 82' lang='grc' dir='ltr'>καὶ</span> <span class='ocrx_word' id='word_1_245' title='bbox 2709 1653 2869 1714; x_wconf 73' lang='grc' dir='ltr'>πόαις</span> <span class='ocrx_word' id='word_1_246' title='bbox 2920 1653 3010 1705; x_wconf 88' lang='grc' dir='ltr'>τὸν</span> <span class='ocrx_word' id='word_1_247' title='bbox 3046 1650 3350 1725; x_wconf 84' lang='grc' dir='ltr'>ἃνΟρωπον.</span> <span class='ocrx_word' id='word_1_248' title='bbox 3396 1647 3539 1719; x_wconf 78' lang='grc' dir='ltr'>Φησὶ</span> <span class='ocrx_word' id='word_1_249' title='bbox 3598 1648 3694 1723; x_wconf 67' lang='grc' dir='ltr'>γάρ</span> <span class='ocrx_word' id='word_1_250' title='bbox 3737 1662 3846 1698; x_wconf 86' lang='grc' dir='ltr'>που·</span> 
     </span>
    </p>
   </div>
   <div class='ocr_carea' id='block_1_33' title="bbox 2238 1734 3849 1817">
    <p class='ocr_par' dir='ltr' id='par_1_33' title="bbox 2238 1734 3849 1817">
     <span class='ocr_line' id='line_1_33' title="bbox 2238 1734 3849 1817; baseline -0.004 -21"><span class='ocrx_word' id='word_1_251' title='bbox 2238 1766 2264 1792; x_wconf 91' lang='grc'>‹‹</span> <span class='ocrx_word' id='word_1_252' title='bbox 2297 1743 2353 1796; x_wconf 87' lang='grc' dir='ltr'>Ὁ</span> <span class='ocrx_word' id='word_1_253' title='bbox 2385 1742 2512 1803; x_wconf 86' lang='grc' dir='ltr'>Θεὸς</span> <span class='ocrx_word' id='word_1_254' title='bbox 2545 1747 2651 1817; x_wconf 84' lang='grc' dir='ltr'>πῦρ</span> <span class='ocrx_word' id='word_1_255' title='bbox 2681 1740 3078 1796; x_wconf 74' lang='grc' dir='ltr'>καταναλίσκον</span> <span class='ocrx_word' id='word_1_256' title='bbox 3113 1738 3246 1794; x_wconf 79' lang='grc' dir='ltr'>ἐστί.</span> <span class='ocrx_word' id='word_1_257' title='bbox 3281 1765 3300 1789; x_wconf 77' lang='grc' dir='ltr'>ι</span> <span class='ocrx_word' id='word_1_258' title='bbox 3341 1737 3441 1795; x_wconf 76' lang='grc' dir='ltr'>Καὶ</span> <span class='ocrx_word' id='word_1_259' title='bbox 3473 1734 3653 1796; x_wconf 76' lang='grc' dir='ltr'>πάλιν,</span> <span class='ocrx_word' id='word_1_260' title='bbox 3682 1760 3706 1785; x_wconf 89' lang='grc'><strong>‹‹</strong></span> <span class='ocrx_word' id='word_1_261' title='bbox 3737 1735 3849 1789; x_wconf 70' lang='grc' dir='ltr'>Ἀν-</span> 
     </span>
    </p>
   </div>
   <div class='ocr_carea' id='block_1_34' title="bbox 468 1822 2113 1929">
    <p class='ocr_par' dir='ltr' id='par_1_34' title="bbox 468 1829 2113 1905">
     <span class='ocr_line' id='line_1_34' title="bbox 468 1829 2113 1905; baseline 0.001 -21"><span class='ocrx_word' id='word_1_262' title='bbox 468 1856 497 1884; x_wconf 79' lang='grc'>‹‹</span> <span class='ocrx_word' id='word_1_263' title='bbox 535 1834 688 1890; x_wconf 89' lang='lat' dir='ltr'>Deus</span> <span class='ocrx_word' id='word_1_264' title='bbox 747 1833 900 1905; x_wconf 81' lang='lat' dir='ltr'>ignis</span> <span class='ocrx_word' id='word_1_265' title='bbox 959 1848 1322 1887; x_wconf 90' lang='lat' dir='ltr'>consumens</span> <span class='ocrx_word' id='word_1_266' title='bbox 1373 1837 1462 1885; x_wconf 90' lang='lat' dir='ltr'>est</span> <span class='ocrx_word' id='word_1_267' title='bbox 1514 1829 1583 1899; x_wconf 66' lang='grc' dir='ltr'>π’,</span> <span class='ocrx_word' id='word_1_268' title='bbox 1645 1851 1669 1881; x_wconf 73' lang='grc' dir='ltr'>υ</span> <span class='ocrx_word' id='word_1_269' title='bbox 1733 1837 1791 1886; x_wconf 89' lang='lat' dir='ltr'>et</span> <span class='ocrx_word' id='word_1_270' title='bbox 1845 1848 2113 1886; x_wconf 79' lang='lat' dir='ltr'>rursum:</span> 
     </span>
    </p>
   </div>
   <div class='ocr_carea' id='block_1_35' title="bbox 2225 1822 3847 1929">
    <p class='ocr_par' dir='ltr' id='par_1_35' title="bbox 2235 1822 3847 1906">
     <span class='ocr_line' id='line_1_35' title="bbox 2235 1822 3847 1906; baseline -0.005 -22"><span class='ocrx_word' id='word_1_271' title='bbox 2235 1833 2475 1906; x_wconf 85' lang='grc' dir='ltr'>θρωπος,</span> <span class='ocrx_word' id='word_1_272' title='bbox 2508 1831 2633 1886; x_wconf 79' lang='grc' dir='ltr'>ὡσεὶ</span> <span class='ocrx_word' id='word_1_273' title='bbox 2667 1831 2868 1906; x_wconf 85' lang='grc' dir='ltr'>χόρτος</span> <span class='ocrx_word' id='word_1_274' title='bbox 2903 1831 2954 1884; x_wconf 76' lang='grc' dir='ltr'>αἱ</span> <span class='ocrx_word' id='word_1_275' title='bbox 2985 1829 3187 1904; x_wconf 64' lang='grc' dir='ltr'>ἡμέραι</span> <span class='ocrx_word' id='word_1_276' title='bbox 3217 1827 3403 1886; x_wconf 74' lang='grc' dir='ltr'>αὐτοῦ.</span> <span class='ocrx_word' id='word_1_277' title='bbox 3457 1851 3484 1878; x_wconf 83' lang='grc'><strong>››</strong></span> <span class='ocrx_word' id='word_1_278' title='bbox 3517 1824 3662 1884; x_wconf 81' lang='grc' dir='ltr'>Ἀλλ’</span> <span class='ocrx_word' id='word_1_279' title='bbox 3691 1822 3847 1896; x_wconf 79' lang='grc' dir='ltr'>ὥσπερ</span> 
     </span>
    </p>
   </div>
   <div class='ocr_carea' id='block_1_36' title="bbox 469 1918 2122 1991">
    <p class='ocr_par' dir='ltr' id='par_1_36' title="bbox 469 1918 2122 1991">
     <span class='ocr_line' id='line_1_36' title="bbox 469 1918 2122 1991; baseline 0.001 -17"><span class='ocrx_word' id='word_1_280' title='bbox 469 1945 498 1974; x_wconf 83' lang='grc'>‹‹</span> <span class='ocrx_word' id='word_1_281' title='bbox 532 1923 737 1987; x_wconf 82' lang='lat' dir='ltr'>Homo,</span> <span class='ocrx_word' id='word_1_282' title='bbox 774 1922 927 1976; x_wconf 89' lang='lat' dir='ltr'>sicut</span> <span class='ocrx_word' id='word_1_283' title='bbox 963 1922 1168 1976; x_wconf 88' lang='lat' dir='ltr'>fenum</span> <span class='ocrx_word' id='word_1_284' title='bbox 1202 1919 1330 1974; x_wconf 90' lang='lat' dir='ltr'>dies</span> <span class='ocrx_word' id='word_1_285' title='bbox 1361 1920 1489 1988; x_wconf 81' lang='lat' dir='ltr'>ejus</span> <span class='ocrx_word' id='word_1_286' title='bbox 1509 1918 1574 1974; x_wconf 79' lang='grc'>⁷⁸.</span> <span class='ocrx_word' id='word_1_287' title='bbox 1610 1943 1635 1969; x_wconf 82' lang='lat' dir='ltr'>n</span> <span class='ocrx_word' id='word_1_288' title='bbox 1694 1920 1805 1974; x_wconf 91' lang='lat' dir='ltr'>Sed</span> <span class='ocrx_word' id='word_1_289' title='bbox 1837 1920 2122 1991; x_wconf 84' lang='lat' dir='ltr'>quemad-</span> 
     </span>
    </p>
   </div>
   <div class='ocr_carea' id='block_1_37' title="bbox 470 2008 2123 2083">
    <p class='ocr_par' dir='ltr' id='par_1_37' title="bbox 470 2008 2123 2083">
     <span class='ocr_line' id='line_1_37' title="bbox 470 2008 2123 2083; baseline -0.002 -17"><span class='ocrx_word' id='word_1_290' title='bbox 470 2010 717 2066; x_wconf 89' lang='lat' dir='ltr'>modum</span> <span class='ocrx_word' id='word_1_291' title='bbox 751 2011 901 2083; x_wconf 87' lang='lat' dir='ltr'>ignis</span> <span class='ocrx_word' id='word_1_292' title='bbox 932 2017 1024 2065; x_wconf 89' lang='lat' dir='ltr'>est</span> <span class='ocrx_word' id='word_1_293' title='bbox 1053 2009 1242 2080; x_wconf 87' lang='lat' dir='ltr'>spinis</span> <span class='ocrx_word' id='word_1_294' title='bbox 1268 2008 1684 2072; x_wconf 86' lang='lat' dir='ltr'>intolerabilis,</span> <span class='ocrx_word' id='word_1_295' title='bbox 1712 2009 1795 2063; x_wconf 91' lang='lat' dir='ltr'>sic</span> <span class='ocrx_word' id='word_1_296' title='bbox 1826 2015 1885 2064; x_wconf 93' lang='lat' dir='ltr'>et</span> <span class='ocrx_word' id='word_1_297' title='bbox 1905 2008 2123 2063; x_wconf 87' lang='lat' dir='ltr'>divini-</span> 
     </span>
    </p>
   </div>
   <div class='ocr_carea' id='block_1_38' title="bbox 471 2098 2120 2155">
    <p class='ocr_par' dir='ltr' id='par_1_38' title="bbox 471 2098 2120 2155">
     <span class='ocr_line' id='line_1_38' title="bbox 471 2098 2120 2155; baseline -0.001 -1"><span class='ocrx_word' id='word_1_298' title='bbox 471 2105 562 2154; x_wconf 90' lang='lat' dir='ltr'>tas</span> <span class='ocrx_word' id='word_1_299' title='bbox 593 2100 974 2155; x_wconf 85' lang='lat' dir='ltr'>humanitati.</span> <span class='ocrx_word' id='word_1_300' title='bbox 1009 2102 1283 2154; x_wconf 75' lang='lat' dir='ltr'>Attamen</span> <span class='ocrx_word' id='word_1_301' title='bbox 1314 2099 1374 2153; x_wconf 88' lang='lat' dir='ltr'>in</span> <span class='ocrx_word' id='word_1_302' title='bbox 1404 2099 1635 2153; x_wconf 90' lang='lat' dir='ltr'>Christo</span> <span class='ocrx_word' id='word_1_303' title='bbox 1668 2098 1845 2153; x_wconf 90' lang='lat' dir='ltr'>simul</span> <span class='ocrx_word' id='word_1_304' title='bbox 1875 2115 2120 2153; x_wconf 85' lang='lat' dir='ltr'>concur-</span> 
     </span>
    </p>
   </div>
   <div class='ocr_carea' id='block_1_39' title="bbox 470 2187 2122 2259">
    <p class='ocr_par' dir='ltr' id='par_1_39' title="bbox 470 2187 2122 2259">
     <span class='ocr_line' id='line_1_39' title="bbox 470 2187 2122 2259; baseline -0.001 -16"><span class='ocrx_word' id='word_1_305' title='bbox 470 2189 552 2243; x_wconf 90' lang='lat' dir='ltr'>rit</span> <span class='ocrx_word' id='word_1_306' title='bbox 580 2189 852 2259; x_wconf 84' lang='lat' dir='ltr'>factaque</span> <span class='ocrx_word' id='word_1_307' title='bbox 869 2195 959 2243; x_wconf 86' lang='lat' dir='ltr'>est</span> <span class='ocrx_word' id='word_1_308' title='bbox 977 2187 1496 2247; x_wconf 81' lang='lat' dir='ltr'>tolerabilis.velut</span> <span class='ocrx_word' id='word_1_309' title='bbox 1516 2187 1821 2258; x_wconf 86' lang='lat' dir='ltr'>quidpiam</span> <span class='ocrx_word' id='word_1_310' title='bbox 1847 2187 2122 2259; x_wconf 88' lang='lat' dir='ltr'>operiens</span> 
     </span>
    </p>
   </div>
   <div class='ocr_carea' id='block_1_40' title="bbox 471 2278 2119 2351">
    <p class='ocr_par' dir='ltr' id='par_1_40' title="bbox 471 2278 2119 2351">
     <span class='ocr_line' id='line_1_40' title="bbox 471 2278 2119 2351; baseline 0 -17"><span class='ocrx_word' id='word_1_311' title='bbox 471 2295 688 2351; x_wconf 90' lang='lat' dir='ltr'>purum</span> <span class='ocrx_word' id='word_1_312' title='bbox 723 2296 1026 2334; x_wconf 90' lang='lat' dir='ltr'>accessum</span> <span class='ocrx_word' id='word_1_313' title='bbox 1060 2279 1313 2350; x_wconf 66' lang='lat' dir='ltr'>propria}</span> <span class='ocrx_word' id='word_1_314' title='bbox 1347 2285 1574 2332; x_wconf 81' lang='lat' dir='ltr'>naturae</span> <span class='ocrx_word' id='word_1_315' title='bbox 1607 2278 1779 2350; x_wconf 88' lang='lat' dir='ltr'>ignis,</span> <span class='ocrx_word' id='word_1_316' title='bbox 1811 2285 1878 2332; x_wconf 91' lang='lat' dir='ltr'>ut</span> <span class='ocrx_word' id='word_1_317' title='bbox 1933 2279 1994 2333; x_wconf 92' lang='lat' dir='ltr'>in</span> <span class='ocrx_word' id='word_1_318' title='bbox 2050 2295 2119 2334; x_wconf 95' lang='lat' dir='ltr'>eo</span> 
     </span>
    </p>
   </div>
   <div class='ocr_carea' id='block_1_41' title="bbox 473 2365 2116 2438">
    <p class='ocr_par' dir='ltr' id='par_1_41' title="bbox 473 2365 2116 2438">
     <span class='ocr_line' id='line_1_41' title="bbox 473 2365 2116 2438; baseline 0 -18"><span class='ocrx_word' id='word_1_319' title='bbox 473 2365 696 2436; x_wconf 89' lang='lat' dir='ltr'>suscipi</span> <span class='ocrx_word' id='word_1_320' title='bbox 731 2371 948 2436; x_wconf 88' lang='lat' dir='ltr'>posset.</span> <span class='ocrx_word' id='word_1_321' title='bbox 972 2365 1470 2436; x_wconf 88' lang='lat' dir='ltr'>quemadmodum</span> <span class='ocrx_word' id='word_1_322' title='bbox 1503 2371 1561 2419; x_wconf 93' lang='lat' dir='ltr'>et</span> <span class='ocrx_word' id='word_1_323' title='bbox 1617 2366 1677 2418; x_wconf 91' lang='lat' dir='ltr'>in</span> <span class='ocrx_word' id='word_1_324' title='bbox 1708 2366 1896 2436; x_wconf 90' lang='lat' dir='ltr'>spinis</span> <span class='ocrx_word' id='word_1_325' title='bbox 1945 2366 2116 2438; x_wconf 89' lang='lat' dir='ltr'>ignis.</span> 
     </span>
    </p>
   </div>
   <div class='ocr_carea' id='block_1_42' title="bbox 473 2451 2120 2518">
    <p class='ocr_par' dir='ltr' id='par_1_42' title="bbox 473 2451 2120 2518">
     <span class='ocr_line' id='line_1_42' title="bbox 473 2451 2120 2518; baseline 0.001 -13"><span class='ocrx_word' id='word_1_326' title='bbox 473 2451 637 2516; x_wconf 91' lang='lat' dir='ltr'>Quod</span> <span class='ocrx_word' id='word_1_327' title='bbox 669 2457 868 2505; x_wconf 90' lang='lat' dir='ltr'>autem</span> <span class='ocrx_word' id='word_1_328' title='bbox 901 2467 1138 2506; x_wconf 88' lang='lat' dir='ltr'>carnem</span> <span class='ocrx_word' id='word_1_329' title='bbox 1165 2451 1530 2506; x_wconf 90' lang='lat' dir='ltr'>suointeritu</span> <span class='ocrx_word' id='word_1_330' title='bbox 1561 2451 1770 2506; x_wconf 86' lang='lat' dir='ltr'>reddat</span> <span class='ocrx_word' id='word_1_331' title='bbox 1785 2451 2120 2518; x_wconf 90' lang='lat' dir='ltr'>meliorem,</span> 
     </span>
    </p>
   </div>
   <div class='ocr_carea' id='block_1_43' title="bbox 473 2541 2116 2614">
    <p class='ocr_par' dir='ltr' id='par_1_43' title="bbox 473 2541 2116 2614">
     <span class='ocr_line' id='line_1_43' title="bbox 473 2541 2116 2614; baseline 0.001 -19"><span class='ocrx_word' id='word_1_332' title='bbox 473 2542 842 2612; x_wconf 69' lang='lat' dir='ltr'>aenigmatice</span> <span class='ocrx_word' id='word_1_333' title='bbox 876 2542 1258 2596; x_wconf 87' lang='lat' dir='ltr'>manifestare</span> <span class='ocrx_word' id='word_1_334' title='bbox 1291 2548 1484 2612; x_wconf 86' lang='lat' dir='ltr'>potest</span> <span class='ocrx_word' id='word_1_335' title='bbox 1511 2541 1666 2614; x_wconf 84' lang='lat' dir='ltr'>ignis</span> <span class='ocrx_word' id='word_1_336' title='bbox 1706 2543 1766 2596; x_wconf 91' lang='lat' dir='ltr'>in</span> <span class='ocrx_word' id='word_1_337' title='bbox 1817 2542 1983 2607; x_wconf 91' lang='lat' dir='ltr'>rubo,</span> <span class='ocrx_word' id='word_1_338' title='bbox 2017 2541 2116 2612; x_wconf 89' lang='lat' dir='ltr'>qui</span> 
     </span>
    </p>
   </div>
   <div class='ocr_carea' id='block_1_44' title="bbox 469 2631 2118 2703">
    <p class='ocr_par' dir='ltr' id='par_1_44' title="bbox 469 2631 2118 2703">
     <span class='ocr_line' id='line_1_44' title="bbox 469 2631 2118 2703; baseline 0.001 -17"><span class='ocrx_word' id='word_1_339' title='bbox 469 2631 698 2701; x_wconf 77' lang='lat' dir='ltr'>lignum</span> <span class='ocrx_word' id='word_1_340' title='bbox 733 2633 977 2686; x_wconf 91' lang='lat' dir='ltr'>omnino</span> <span class='ocrx_word' id='word_1_341' title='bbox 1010 2632 1716 2703; x_wconf 89' lang='lat' dir='ltr'>servabatincorruptum.</span> <span class='ocrx_word' id='word_1_342' title='bbox 1743 2633 1935 2702; x_wconf 84' lang='lat' dir='ltr'>Capax</span> <span class='ocrx_word' id='word_1_343' title='bbox 1960 2633 2118 2687; x_wconf 89' lang='lat' dir='ltr'>enim</span> 
     </span>
    </p>
   </div>
   <div class='ocr_carea' id='block_1_45' title="bbox 473 2723 2118 2795">
    <p class='ocr_par' dir='ltr' id='par_1_45' title="bbox 473 2723 2118 2795">
     <span class='ocr_line' id='line_1_45' title="bbox 473 2723 2118 2795; baseline 0.001 -18"><span class='ocrx_word' id='word_1_344' title='bbox 473 2725 682 2778; x_wconf 73' lang='lat' dir='ltr'>effecta</span> <span class='ocrx_word' id='word_1_345' title='bbox 714 2729 804 2777; x_wconf 91' lang='lat' dir='ltr'>est</span> <span class='ocrx_word' id='word_1_346' title='bbox 835 2723 1158 2778; x_wconf 85' lang='lat' dir='ltr'>divinitatis</span> <span class='ocrx_word' id='word_1_347' title='bbox 1216 2723 1558 2778; x_wconf 87' lang='lat' dir='ltr'>humanitas</span> <span class='ocrx_word' id='word_1_348' title='bbox 1588 2738 1602 2777; x_wconf 88' lang='lat'><strong>:</strong></span> <span class='ocrx_word' id='word_1_349' title='bbox 1645 2729 1704 2778; x_wconf 89' lang='lat' dir='ltr'>et</span> <span class='ocrx_word' id='word_1_350' title='bbox 1759 2723 1868 2778; x_wconf 90' lang='lat' dir='ltr'>hoc</span> <span class='ocrx_word' id='word_1_351' title='bbox 1899 2729 2118 2795; x_wconf 88' lang='lat' dir='ltr'>myste-</span> 
     </span>
    </p>
   </div>
   <div class='ocr_carea' id='block_1_46' title="bbox 464 2811 1364 2866">
    <p class='ocr_par' dir='ltr' id='par_1_46' title="bbox 464 2811 1364 2866">
     <span class='ocr_line' id='line_1_46' title="bbox 464 2811 1364 2866; baseline -0.001 -1"><span class='ocrx_word' id='word_1_352' title='bbox 464 2811 620 2866; x_wconf 89' lang='lat' dir='ltr'>rium</span> <span class='ocrx_word' id='word_1_353' title='bbox 652 2812 712 2865; x_wconf 91' lang='lat' dir='ltr'>in</span> <span class='ocrx_word' id='word_1_354' title='bbox 744 2811 976 2866; x_wconf 89' lang='lat' dir='ltr'>Christo</span> <span class='ocrx_word' id='word_1_355' title='bbox 1008 2812 1229 2866; x_wconf 88' lang='lat' dir='ltr'>factum</span> <span class='ocrx_word' id='word_1_356' title='bbox 1257 2817 1364 2866; x_wconf 89' lang='lat' dir='ltr'>est.</span> 
     </span>
    </p>
   </div>
   <div class='ocr_carea' id='block_1_47' title="bbox 538 2900 2118 2965">
    <p class='ocr_par' dir='ltr' id='par_1_47' title="bbox 538 2900 2118 2965">
     <span class='ocr_line' id='line_1_47' title="bbox 538 2900 2118 2965; baseline 0.001 -11"><span class='ocrx_word' id='word_1_357' title='bbox 538 2901 659 2965; x_wconf 81' lang='lat' dir='ltr'>VII,</span> <span class='ocrx_word' id='word_1_358' title='bbox 687 2901 882 2955; x_wconf 86' lang='lat'>32-36.</span> <span class='ocrx_word' id='word_1_359' title='bbox 931 2924 959 2950; x_wconf 92' lang='grc'>‹‹</span> <span class='ocrx_word' id='word_1_360' title='bbox 1019 2900 1472 2956; x_wconf 91' lang='lat' dir='ltr'>Tremebundus</span> <span class='ocrx_word' id='word_1_361' title='bbox 1522 2917 1658 2956; x_wconf 86' lang='lat' dir='ltr'>vero</span> <span class='ocrx_word' id='word_1_362' title='bbox 1726 2903 1912 2956; x_wconf 86' lang='lat' dir='ltr'>Moses</span> <span class='ocrx_word' id='word_1_363' title='bbox 1997 2917 2118 2956; x_wconf 88' lang='lat' dir='ltr'>non</span> 
     </span>
    </p>
   </div>
   <div class='ocr_carea' id='block_1_48' title="bbox 470 2988 2116 3046">
    <p class='ocr_par' dir='ltr' id='par_1_48' title="bbox 470 2988 2116 3046">
     <span class='ocr_line' id='line_1_48' title="bbox 470 2988 2116 3046; baseline 0 -2"><span class='ocrx_word' id='word_1_364' title='bbox 470 3009 491 3038; x_wconf 79' lang='grc' dir='ltr'>ι</span> <span class='ocrx_word' id='word_1_365' title='bbox 525 2988 784 3044; x_wconf 88' lang='lat' dir='ltr'>audebat</span> <span class='ocrx_word' id='word_1_366' title='bbox 825 2990 1156 3046; x_wconf 90' lang='lat' dir='ltr'>attendere.</span> <span class='ocrx_word' id='word_1_367' title='bbox 1205 2990 1360 3045; x_wconf 88' lang='lat' dir='ltr'>Dixit</span> <span class='ocrx_word' id='word_1_368' title='bbox 1415 2996 1612 3046; x_wconf 87' lang='lat' dir='ltr'>autem</span> <span class='ocrx_word' id='word_1_369' title='bbox 1665 2991 1718 3046; x_wconf 89' lang='lat' dir='ltr'>ei</span> <span class='ocrx_word' id='word_1_370' title='bbox 1780 2991 2116 3045; x_wconf 86' lang='lat' dir='ltr'>Dominus:</span> 
     </span>
    </p>
   </div>
   <div class='ocr_carea' id='block_1_49' title="bbox 464 3081 2117 3154">
    <p class='ocr_par' dir='ltr' id='par_1_49' title="bbox 464 3081 2117 3154">
     <span class='ocr_line' id='line_1_49' title="bbox 464 3081 2117 3154; baseline 0.001 -19"><span class='ocrx_word' id='word_1_371' title='bbox 464 3103 486 3129; x_wconf 78' lang='grc' dir='ltr'>ι</span> <span class='ocrx_word' id='word_1_372' title='bbox 524 3081 692 3136; x_wconf 91' lang='lat' dir='ltr'>Solve</span> <span class='ocrx_word' id='word_1_373' title='bbox 754 3081 1226 3137; x_wconf 86' lang='lat' dir='ltr'>calceamentum</span> <span class='ocrx_word' id='word_1_374' title='bbox 1291 3082 1510 3154; x_wconf 85' lang='lat' dir='ltr'>pedum</span> <span class='ocrx_word' id='word_1_375' title='bbox 1593 3087 1827 3137; x_wconf 89' lang='lat' dir='ltr'>tuorum</span> <span class='ocrx_word' id='word_1_376' title='bbox 1882 3098 1896 3137; x_wconf 89' lang='lat'><strong>:</strong></span> <span class='ocrx_word' id='word_1_377' title='bbox 1953 3082 2117 3138; x_wconf 83' lang='lat' dir='ltr'>locus</span> 
     </span>
    </p>
   </div>
   <div class='ocr_carea' id='block_1_50' title="bbox 463 3170 2113 3242">
    <p class='ocr_par' dir='ltr' id='par_1_50' title="bbox 463 3170 2113 3242">
     <span class='ocr_line' id='line_1_50' title="bbox 463 3170 2113 3242; baseline 0.001 -18"><span class='ocrx_word' id='word_1_378' title='bbox 463 3192 490 3219; x_wconf 87' lang='grc'>‹‹</span> <span class='ocrx_word' id='word_1_379' title='bbox 521 3170 680 3225; x_wconf 89' lang='lat' dir='ltr'>enim</span> <span class='ocrx_word' id='word_1_380' title='bbox 713 3171 774 3226; x_wconf 92' lang='lat' dir='ltr'>in</span> <span class='ocrx_word' id='word_1_381' title='bbox 804 3188 921 3242; x_wconf 92' lang='lat' dir='ltr'>quo</span> <span class='ocrx_word' id='word_1_382' title='bbox 955 3177 1094 3231; x_wconf 85' lang='lat' dir='ltr'>stas.</span> <span class='ocrx_word' id='word_1_383' title='bbox 1130 3178 1288 3226; x_wconf 89' lang='lat' dir='ltr'>terra</span> <span class='ocrx_word' id='word_1_384' title='bbox 1347 3178 1551 3228; x_wconf 85' lang='lat' dir='ltr'>sancta</span> <span class='ocrx_word' id='word_1_385' title='bbox 1603 3178 1710 3227; x_wconf 91' lang='lat' dir='ltr'>est.</span> <span class='ocrx_word' id='word_1_386' title='bbox 1749 3171 1966 3226; x_wconf 88' lang='lat' dir='ltr'>Videns</span> <span class='ocrx_word' id='word_1_387' title='bbox 1997 3171 2113 3226; x_wconf 84' lang='lat' dir='ltr'>vidi</span> 
     </span>
    </p>
   </div>
   <div class='ocr_carea' id='block_1_51' title="bbox 462 3258 2117 3332">
    <p class='ocr_par' dir='ltr' id='par_1_51' title="bbox 462 3258 2117 3332">
     <span class='ocr_line' id='line_1_51' title="bbox 462 3258 2117 3332; baseline 0.003 -23"><span class='ocrx_word' id='word_1_388' title='bbox 462 3280 489 3309; x_wconf 75' lang='grc' dir='ltr'>ι(</span> <span class='ocrx_word' id='word_1_389' title='bbox 524 3258 912 3313; x_wconf 84' lang='lat' dir='ltr'>afﬂictionem</span> <span class='ocrx_word' id='word_1_390' title='bbox 948 3260 1149 3331; x_wconf 91' lang='lat' dir='ltr'>populi</span> <span class='ocrx_word' id='word_1_391' title='bbox 1183 3260 1320 3324; x_wconf 93' lang='lat' dir='ltr'>mei,</span> <span class='ocrx_word' id='word_1_392' title='bbox 1357 3260 1459 3330; x_wconf 88' lang='lat' dir='ltr'>qui</span> <span class='ocrx_word' id='word_1_393' title='bbox 1493 3266 1582 3314; x_wconf 91' lang='lat' dir='ltr'>est</span> <span class='ocrx_word' id='word_1_394' title='bbox 1639 3261 1698 3314; x_wconf 92' lang='lat' dir='ltr'>in</span> <span class='ocrx_word' id='word_1_395' title='bbox 1730 3262 1997 3332; x_wconf 71' lang='lat' dir='ltr'>Egypto,</span> <span class='ocrx_word' id='word_1_396' title='bbox 2059 3266 2117 3316; x_wconf 87' lang='lat' dir='ltr'>et</span> 
     </span>
    </p>
   </div>
   <div class='ocr_carea' id='block_1_52' title="bbox 459 3347 2116 3418">
    <p class='ocr_par' dir='ltr' id='par_1_52' title="bbox 459 3347 2116 3418">
     <span class='ocr_line' id='line_1_52' title="bbox 459 3347 2116 3418; baseline 0.004 -22"><span class='ocrx_word' id='word_1_397' title='bbox 459 3368 488 3396; x_wconf 79' lang='grc' dir='ltr'>α</span> <span class='ocrx_word' id='word_1_398' title='bbox 520 3347 809 3418; x_wconf 82' lang='lat' dir='ltr'>gemitum</span> <span class='ocrx_word' id='word_1_399' title='bbox 843 3363 1048 3400; x_wconf 91' lang='lat' dir='ltr'>eorum</span> <span class='ocrx_word' id='word_1_400' title='bbox 1082 3347 1298 3413; x_wconf 88' lang='lat' dir='ltr'>audivi,</span> <span class='ocrx_word' id='word_1_401' title='bbox 1353 3347 1758 3418; x_wconf 88' lang='lat' dir='ltr'>descendique</span> <span class='ocrx_word' id='word_1_402' title='bbox 1797 3355 1863 3402; x_wconf 90' lang='lat' dir='ltr'>ut</span> <span class='ocrx_word' id='word_1_403' title='bbox 1895 3349 2116 3403; x_wconf 88' lang='lat' dir='ltr'>libera-</span> 
     </span>
    </p>
   </div>
   <div class='ocr_carea' id='block_1_53' title="bbox 455 3436 2112 3509">
    <p class='ocr_par' dir='ltr' id='par_1_53' title="bbox 455 3436 2112 3509">
     <span class='ocr_line' id='line_1_53' title="bbox 455 3436 2112 3509; baseline 0.005 -24"><span class='ocrx_word' id='word_1_404' title='bbox 455 3457 483 3484; x_wconf 84' lang='lat'><strong>«</strong></span> <span class='ocrx_word' id='word_1_405' title='bbox 520 3450 648 3488; x_wconf 90' lang='lat' dir='ltr'>rem</span> <span class='ocrx_word' id='word_1_406' title='bbox 681 3450 780 3489; x_wconf 92' lang='lat' dir='ltr'>eos</span> <span class='ocrx_word' id='word_1_407' title='bbox 818 3436 887 3488; x_wconf 89' lang='lat' dir='ltr'>Et</span> <span class='ocrx_word' id='word_1_408' title='bbox 915 3451 1074 3489; x_wconf 90' lang='lat' dir='ltr'>nunc</span> <span class='ocrx_word' id='word_1_409' title='bbox 1093 3436 1220 3489; x_wconf 90' lang='lat' dir='ltr'>veni</span> <span class='ocrx_word' id='word_1_410' title='bbox 1253 3452 1321 3490; x_wconf 91' lang='lat' dir='ltr'>ac</span> <span class='ocrx_word' id='word_1_411' title='bbox 1351 3436 1584 3491; x_wconf 89' lang='lat' dir='ltr'>mittam</span> <span class='ocrx_word' id='word_1_412' title='bbox 1615 3443 1670 3492; x_wconf 90' lang='lat' dir='ltr'>te</span> <span class='ocrx_word' id='word_1_413' title='bbox 1703 3437 1760 3490; x_wconf 92' lang='lat' dir='ltr'>in</span> <span class='ocrx_word' id='word_1_414' title='bbox 1781 3439 2112 3509; x_wconf 68' lang='lat' dir='ltr'>Egyptum.</span> 
     </span>
    </p>
   </div>
   <div class='ocr_carea' id='block_1_54' title="bbox 457 3523 2115 3595">
    <p class='ocr_par' dir='ltr' id='par_1_54' title="bbox 457 3523 2115 3595">
     <span class='ocr_line' id='line_1_54' title="bbox 457 3523 2115 3595; baseline 0.004 -23"><span class='ocrx_word' id='word_1_415' title='bbox 457 3543 486 3572; x_wconf 77' lang='grc' dir='ltr'>ι(</span> <span class='ocrx_word' id='word_1_416' title='bbox 522 3523 688 3578; x_wconf 83' lang='grc' dir='ltr'>Ηυηο</span> <span class='ocrx_word' id='word_1_417' title='bbox 720 3524 915 3578; x_wconf 90' lang='lat' dir='ltr'>Mosen</span> <span class='ocrx_word' id='word_1_418' title='bbox 949 3539 1127 3593; x_wconf 91' lang='lat' dir='ltr'>quem</span> <span class='ocrx_word' id='word_1_419' title='bbox 1159 3531 1544 3595; x_wconf 88' lang='lat' dir='ltr'>negaverunt,</span> <span class='ocrx_word' id='word_1_420' title='bbox 1579 3524 1846 3579; x_wconf 87' lang='lat' dir='ltr'>dicentes</span> <span class='ocrx_word' id='word_1_421' title='bbox 1872 3525 2039 3589; x_wconf 89' lang='lat' dir='ltr'>:Quis</span> <span class='ocrx_word' id='word_1_422' title='bbox 2060 3531 2115 3579; x_wconf 90' lang='lat' dir='ltr'>te</span> 
     </span>
    </p>
   </div>
   <div class='ocr_carea' id='block_1_55' title="bbox 457 3612 2111 3685">
    <p class='ocr_par' dir='ltr' id='par_1_55' title="bbox 457 3612 2111 3685">
     <span class='ocr_line' id='line_1_55' title="bbox 457 3612 2111 3685; baseline 0.005 -24"><span class='ocrx_word' id='word_1_423' title='bbox 457 3634 486 3661; x_wconf 86' lang='grc'>‹‹</span> <span class='ocrx_word' id='word_1_424' title='bbox 516 3612 825 3667; x_wconf 88' lang='lat' dir='ltr'>constituit</span> <span class='ocrx_word' id='word_1_425' title='bbox 853 3612 1184 3684; x_wconf 89' lang='lat' dir='ltr'>principem</span> <span class='ocrx_word' id='word_1_426' title='bbox 1213 3629 1278 3668; x_wconf 87' lang='lat' dir='ltr'>ac</span> <span class='ocrx_word' id='word_1_427' title='bbox 1304 3612 1571 3684; x_wconf 88' lang='lat' dir='ltr'>judicem</span> <span class='ocrx_word' id='word_1_428' title='bbox 1602 3613 1630 3668; x_wconf 83' lang='lat'><strong><em>?</em></strong></span> <span class='ocrx_word' id='word_1_429' title='bbox 1659 3614 2111 3685; x_wconf 77' lang='lat' dir='ltr'>hunc.inquam,</span> 
     </span>
    </p>
   </div>
   <div class='ocr_carea' id='block_1_56' title="bbox 461 3703 2113 3776">
    <p class='ocr_par' dir='ltr' id='par_1_56' title="bbox 461 3703 2113 3776">
     <span class='ocr_line' id='line_1_56' title="bbox 461 3703 2113 3776; baseline 0.002 -18"><span class='ocrx_word' id='word_1_430' title='bbox 461 3724 488 3753; x_wconf 85' lang='grc'>‹‹</span> <span class='ocrx_word' id='word_1_431' title='bbox 524 3703 677 3758; x_wconf 90' lang='lat' dir='ltr'>Deus</span> <span class='ocrx_word' id='word_1_432' title='bbox 708 3703 1043 3775; x_wconf 90' lang='lat' dir='ltr'>principem</span> <span class='ocrx_word' id='word_1_433' title='bbox 1075 3720 1143 3759; x_wconf 80' lang='lat' dir='ltr'>ac</span> <span class='ocrx_word' id='word_1_434' title='bbox 1196 3703 1580 3759; x_wconf 87' lang='lat' dir='ltr'>liberatorem</span> <span class='ocrx_word' id='word_1_435' title='bbox 1614 3705 1775 3759; x_wconf 92' lang='lat' dir='ltr'>misit</span> <span class='ocrx_word' id='word_1_436' title='bbox 1829 3721 1936 3776; x_wconf 87' lang='lat' dir='ltr'>per</span> <span class='ocrx_word' id='word_1_437' title='bbox 1987 3722 2113 3761; x_wconf 86' lang='lat' dir='ltr'>ma—</span> 
     </span>
    </p>
   </div>
   <div class='ocr_carea' id='block_1_57' title="bbox 459 3793 2115 3866">
    <p class='ocr_par' dir='ltr' id='par_1_57' title="bbox 459 3793 2115 3866">
     <span class='ocr_line' id='line_1_57' title="bbox 459 3793 2115 3866; baseline 0.004 -23"><span class='ocrx_word' id='word_1_438' title='bbox 459 3815 487 3843; x_wconf 88' lang='grc'>‹‹</span> <span class='ocrx_word' id='word_1_439' title='bbox 521 3809 660 3848; x_wconf 87' lang='lat' dir='ltr'>num</span> <span class='ocrx_word' id='word_1_440' title='bbox 691 3793 1016 3866; x_wconf 87' lang='lat' dir='ltr'>angeli,qui</span> <span class='ocrx_word' id='word_1_441' title='bbox 1044 3799 1402 3864; x_wconf 88' lang='lat' dir='ltr'>apparuerat</span> <span class='ocrx_word' id='word_1_442' title='bbox 1433 3794 1483 3848; x_wconf 92' lang='lat' dir='ltr'>ei</span> <span class='ocrx_word' id='word_1_443' title='bbox 1517 3794 1577 3848; x_wconf 91' lang='lat' dir='ltr'>in</span> <span class='ocrx_word' id='word_1_444' title='bbox 1614 3793 1894 3850; x_wconf 87' lang='lat' dir='ltr'>rubo.Hic</span> <span class='ocrx_word' id='word_1_445' title='bbox 1913 3795 2115 3851; x_wconf 85' lang='lat' dir='ltr'>eduxit</span> 
     </span>
    </p>
   </div>
   <div class='ocr_carea' id='block_1_58' title="bbox 459 3881 2114 3956">
    <p class='ocr_par' dir='ltr' id='par_1_58' title="bbox 459 3881 2114 3956">
     <span class='ocr_line' id='line_1_58' title="bbox 459 3881 2114 3956; baseline 0.005 -24"><span class='ocrx_word' id='word_1_446' title='bbox 459 3898 613 3937; x_wconf 80' lang='lat' dir='ltr'>«eos</span> <span class='ocrx_word' id='word_1_447' title='bbox 645 3882 828 3937; x_wconf 91' lang='lat' dir='ltr'>edens</span> <span class='ocrx_word' id='word_1_448' title='bbox 855 3881 1122 3953; x_wconf 87' lang='lat' dir='ltr'>prodigia</span> <span class='ocrx_word' id='word_1_449' title='bbox 1178 3883 1276 3937; x_wconf 81' lang='lat'>69</span> <span class='ocrx_word' id='word_1_450' title='bbox 1330 3889 1390 3937; x_wconf 89' lang='lat' dir='ltr'>et</span> <span class='ocrx_word' id='word_1_451' title='bbox 1449 3883 1618 3956; x_wconf 90' lang='lat' dir='ltr'>signa</span> <span class='ocrx_word' id='word_1_452' title='bbox 1666 3884 1728 3938; x_wconf 89' lang='lat' dir='ltr'>in</span> <span class='ocrx_word' id='word_1_453' title='bbox 1758 3885 2000 3956; x_wconf 70' lang='lat' dir='ltr'>Egypto</span> <span class='ocrx_word' id='word_1_454' title='bbox 2055 3889 2114 3940; x_wconf 84' lang='lat' dir='ltr'>et</span> 
     </span>
    </p>
   </div>
   <div class='ocr_carea' id='block_1_59' title="bbox 460 3971 2110 4048">
    <p class='ocr_par' dir='ltr' id='par_1_59' title="bbox 460 3971 2110 4048">
     <span class='ocr_line' id='line_1_59' title="bbox 460 3971 2110 4048; baseline 0.001 -26"><span class='ocrx_word' id='word_1_455' title='bbox 460 3993 488 4022; x_wconf 84' lang='lat'><strong>«</strong></span> <span class='ocrx_word' id='word_1_456' title='bbox 522 3972 584 4026; x_wconf 88' lang='lat' dir='ltr'>in</span> <span class='ocrx_word' id='word_1_457' title='bbox 599 3972 748 4026; x_wconf 89' lang='lat' dir='ltr'>mari</span> <span class='ocrx_word' id='word_1_458' title='bbox 782 3971 1084 4040; x_wconf 82' lang='lat' dir='ltr'>Rubro,ac</span> <span class='ocrx_word' id='word_1_459' title='bbox 1115 3972 1178 4027; x_wconf 90' lang='lat' dir='ltr'>in</span> <span class='ocrx_word' id='word_1_460' title='bbox 1209 3972 1445 4028; x_wconf 89' lang='lat' dir='ltr'>deserto</span> <span class='ocrx_word' id='word_1_461' title='bbox 1465 3974 1637 4030; x_wconf 89' lang='lat' dir='ltr'>annis</span> <span class='ocrx_word' id='word_1_462' title='bbox 1653 3974 2110 4048; x_wconf 81' lang='lat' dir='ltr'>quadraginta.»</span> 
     </span>
    </p>
   </div>
   <div class='ocr_carea' id='block_1_60' title="bbox 527 4149 2109 4226">
    <p class='ocr_par' dir='ltr' id='par_1_60' title="bbox 527 4149 2109 4226">
     <span class='ocr_line' id='line_1_60' title="bbox 527 4149 2109 4226; baseline 0.004 -22"><span class='ocrx_word' id='word_1_463' title='bbox 527 4149 878 4222; x_wconf 87' lang='lat' dir='ltr'>Quanquam</span> <span class='ocrx_word' id='word_1_464' title='bbox 912 4168 1032 4207; x_wconf 90' lang='lat' dir='ltr'>non</span> <span class='ocrx_word' id='word_1_465' title='bbox 1058 4153 1270 4207; x_wconf 90' lang='lat' dir='ltr'>iisdem</span> <span class='ocrx_word' id='word_1_466' title='bbox 1304 4152 1665 4208; x_wconf 88' lang='lat' dir='ltr'>dictionibus</span> <span class='ocrx_word' id='word_1_467' title='bbox 1688 4159 1976 4224; x_wconf 88' lang='lat' dir='ltr'>apparent</span> <span class='ocrx_word' id='word_1_468' title='bbox 2007 4171 2109 4226; x_wconf 92' lang='lat' dir='ltr'>po-</span> 
     </span>
    </p>
   </div>
   <div class='ocr_carea' id='block_1_61' title="bbox 455 4239 2109 4314">
    <p class='ocr_par' dir='ltr' id='par_1_61' title="bbox 455 4239 2109 4314">
     <span class='ocr_line' id='line_1_61' title="bbox 455 4239 2109 4314; baseline 0.003 -21"><span class='ocrx_word' id='word_1_469' title='bbox 455 4239 582 4293; x_wconf 70' lang='lat' dir='ltr'>sitaa</span> <span class='ocrx_word' id='word_1_470' title='bbox 617 4241 676 4294; x_wconf 88' lang='lat' dir='ltr'>in</span> <span class='ocrx_word' id='word_1_471' title='bbox 710 4241 904 4296; x_wconf 83' lang='lat' dir='ltr'>Exodo</span> <span class='ocrx_word' id='word_1_472' title='bbox 936 4258 1104 4296; x_wconf 91' lang='lat' dir='ltr'>voces</span> <span class='ocrx_word' id='word_1_473' title='bbox 1126 4241 1190 4308; x_wconf 77' lang='grc'>⁷⁷,</span> <span class='ocrx_word' id='word_1_474' title='bbox 1227 4242 1433 4297; x_wconf 89' lang='lat' dir='ltr'>eodem</span> <span class='ocrx_word' id='word_1_475' title='bbox 1466 4249 1661 4298; x_wconf 81' lang='lat' dir='ltr'>tamen</span> <span class='ocrx_word' id='word_1_476' title='bbox 1695 4259 1872 4298; x_wconf 83' lang='lat' dir='ltr'>sensu</span> <span class='ocrx_word' id='word_1_477' title='bbox 1905 4246 2109 4314; x_wconf 61' lang='lat' dir='ltr'>positae</span> 
     </span>
    </p>
   </div>
   <div class='ocr_carea' id='block_1_62' title="bbox 453 4328 2110 4404">
    <p class='ocr_par' dir='ltr' id='par_1_62' title="bbox 453 4328 2110 4404">
     <span class='ocr_line' id='line_1_62' title="bbox 453 4328 2110 4404; baseline 0.001 -19"><span class='ocrx_word' id='word_1_478' title='bbox 453 4335 610 4385; x_wconf 89' lang='lat' dir='ltr'>sunt.</span> <span class='ocrx_word' id='word_1_479' title='bbox 645 4331 843 4400; x_wconf 86' lang='lat' dir='ltr'>Neque</span> <span class='ocrx_word' id='word_1_480' title='bbox 868 4330 1026 4383; x_wconf 91' lang='lat' dir='ltr'>enim</span> <span class='ocrx_word' id='word_1_481' title='bbox 1080 4330 1336 4384; x_wconf 90' lang='lat' dir='ltr'>multum</span> <span class='ocrx_word' id='word_1_482' title='bbox 1401 4331 1686 4385; x_wconf 80' lang='lat' dir='ltr'>dill‘erunt</span> <span class='ocrx_word' id='word_1_483' title='bbox 1726 4328 1991 4404; x_wconf 63' lang='grc' dir='ltr'>ἔντρομος</span> <span class='ocrx_word' id='word_1_484' title='bbox 2051 4337 2110 4387; x_wconf 93' lang='lat' dir='ltr'>et</span> 
     </span>
    </p>
   </div>
   <div class='ocr_carea' id='block_1_63' title="bbox 451 4411 2107 4497">
    <p class='ocr_par' dir='ltr' id='par_1_63' title="bbox 451 4411 2107 4497">
     <span class='ocr_line' id='line_1_63' title="bbox 451 4411 2107 4497; baseline 0.005 -27"><span class='ocrx_word' id='word_1_485' title='bbox 451 4411 715 4497; x_wconf 70' lang='grc' dir='ltr'>ἔμφοϐος,</span> <span class='ocrx_word' id='word_1_486' title='bbox 749 4418 810 4472; x_wconf 89' lang='lat' dir='ltr'>id</span> <span class='ocrx_word' id='word_1_487' title='bbox 842 4425 933 4474; x_wconf 86' lang='lat' dir='ltr'>est</span> <span class='ocrx_word' id='word_1_488' title='bbox 967 4417 1391 4473; x_wconf 89' lang='lat' dir='ltr'>tremebundus</span> <span class='ocrx_word' id='word_1_489' title='bbox 1424 4425 1481 4473; x_wconf 89' lang='lat' dir='ltr'>et</span> <span class='ocrx_word' id='word_1_490' title='bbox 1513 4421 1942 4490; x_wconf 79' lang='lat' dir='ltr'>expavel‘actus.</span> <span class='ocrx_word' id='word_1_491' title='bbox 1978 4423 2107 4478; x_wconf 66' lang='lat' dir='ltr'>Haec</span> 
     </span>
    </p>
   </div>
   <div class='ocr_carea' id='block_1_64' title="bbox 447 4507 2108 4566">
    <p class='ocr_par' dir='ltr' id='par_1_64' title="bbox 447 4507 2108 4566">
     <span class='ocr_line' id='line_1_64' title="bbox 447 4507 2108 4566; baseline 0.001 -2"><span class='ocrx_word' id='word_1_492' title='bbox 447 4515 647 4565; x_wconf 88' lang='lat' dir='ltr'>autem</span> <span class='ocrx_word' id='word_1_493' title='bbox 678 4508 886 4564; x_wconf 88' lang='lat' dir='ltr'>dicunt</span> <span class='ocrx_word' id='word_1_494' title='bbox 922 4507 994 4561; x_wconf 92' lang='lat' dir='ltr'>de</span> <span class='ocrx_word' id='word_1_495' title='bbox 1032 4507 1159 4561; x_wconf 84' lang='lat' dir='ltr'>visu</span> <span class='ocrx_word' id='word_1_496' title='bbox 1201 4507 1359 4562; x_wconf 90' lang='lat' dir='ltr'>circa</span> <span class='ocrx_word' id='word_1_497' title='bbox 1417 4507 1632 4563; x_wconf 90' lang='lat' dir='ltr'>rubum</span> <span class='ocrx_word' id='word_1_498' title='bbox 1693 4510 2000 4564; x_wconf 89' lang='lat' dir='ltr'>tremendo</span> <span class='ocrx_word' id='word_1_499' title='bbox 2053 4517 2108 4566; x_wconf 93' lang='lat' dir='ltr'>et</span> 
     </span>
    </p>
   </div>
   <div class='ocr_carea' id='block_1_65' title="bbox 2233 1913 3847 1998">
    <p class='ocr_par' dir='ltr' id='par_1_65' title="bbox 2233 1913 3847 1998">
     <span class='ocr_line' id='line_1_65' title="bbox 2233 1913 3847 1998; baseline -0.007 -23"><span class='ocrx_word' id='word_1_500' title='bbox 2233 1919 2377 1975; x_wconf 65' lang='grc' dir='ltr'>ἐστὶν</span> <span class='ocrx_word' id='word_1_501' title='bbox 2409 1919 2474 1974; x_wconf 82' lang='grc' dir='ltr'>οὐ</span> <span class='ocrx_word' id='word_1_502' title='bbox 2505 1922 2741 1998; x_wconf 74' lang='grc' dir='ltr'>φορητὸν</span> <span class='ocrx_word' id='word_1_503' title='bbox 2775 1920 3029 1982; x_wconf 80' lang='grc' dir='ltr'>ἀκάνθαις</span> <span class='ocrx_word' id='word_1_504' title='bbox 3061 1919 3123 1972; x_wconf 90' lang='grc' dir='ltr'>τὸ</span> <span class='ocrx_word' id='word_1_505' title='bbox 3174 1922 3303 1993; x_wconf 93' lang='grc' dir='ltr'>πῦρ,</span> <span class='ocrx_word' id='word_1_506' title='bbox 3363 1917 3507 1972; x_wconf 76' lang='grc' dir='ltr'>οὕτω</span> <span class='ocrx_word' id='word_1_507' title='bbox 3563 1915 3648 1970; x_wconf 77' lang='grc' dir='ltr'>καὶ</span> <span class='ocrx_word' id='word_1_508' title='bbox 3678 1913 3847 1982; x_wconf 69' lang='grc' dir='ltr'>θεὸτῃς</span> 
     </span>
    </p>
   </div>
   <div class='ocr_carea' id='block_1_66' title="bbox 2229 2001 3844 2083">
    <p class='ocr_par' dir='ltr' id='par_1_66' title="bbox 2229 2001 3844 2083">
     <span class='ocr_line' id='line_1_66' title="bbox 2229 2001 3844 2083; baseline -0.005 -20"><span class='ocrx_word' id='word_1_509' title='bbox 2229 2008 2632 2083; x_wconf 56' lang='grc' dir='ltr'>ἀνθρωπόττβι.</span> <span class='ocrx_word' id='word_1_510' title='bbox 2667 2005 2819 2077; x_wconf 73' lang='grc' dir='ltr'>ΙΙλὴν</span> <span class='ocrx_word' id='word_1_511' title='bbox 2859 2007 2912 2063; x_wconf 77' lang='grc' dir='ltr'>ἐν</span> <span class='ocrx_word' id='word_1_512' title='bbox 2966 2009 3184 2082; x_wconf 80' lang='grc' dir='ltr'>Χριστῷ</span> <span class='ocrx_word' id='word_1_513' title='bbox 3245 2001 3444 2076; x_wconf 74' lang='grc' dir='ltr'>συνέϐη</span> <span class='ocrx_word' id='word_1_514' title='bbox 3509 2003 3594 2059; x_wconf 79' lang='grc' dir='ltr'>καὶ</span> <span class='ocrx_word' id='word_1_515' title='bbox 3651 2004 3844 2080; x_wconf 83' lang='grc' dir='ltr'>γέγονεν</span> 
     </span>
    </p>
   </div>
   <div class='ocr_carea' id='block_1_67' title="bbox 2231 2095 3847 2174">
    <p class='ocr_par' dir='ltr' id='par_1_67' title="bbox 2231 2095 3847 2174">
     <span class='ocr_line' id='line_1_67' title="bbox 2231 2095 3847 2174; baseline -0.006 -21"><span class='ocrx_word' id='word_1_516' title='bbox 2231 2098 2411 2168; x_wconf 82' lang='grc' dir='ltr'>οἰστή,</span> <span class='ocrx_word' id='word_1_517' title='bbox 2453 2099 2619 2153; x_wconf 78' lang='grc' dir='ltr'>οἱονεὶ</span> <span class='ocrx_word' id='word_1_518' title='bbox 2652 2096 3008 2174; x_wconf 81' lang='grc' dir='ltr'>περιστέλλον</span> <span class='ocrx_word' id='word_1_519' title='bbox 3045 2119 3099 2151; x_wconf 93' lang='grc' dir='ltr'>τι</span> <span class='ocrx_word' id='word_1_520' title='bbox 3154 2099 3252 2167; x_wconf 73' lang='grc' dir='ltr'>τήν</span> <span class='ocrx_word' id='word_1_521' title='bbox 3311 2095 3542 2170; x_wconf 81' lang='grc' dir='ltr'>ἄκρατον</span> <span class='ocrx_word' id='word_1_522' title='bbox 3595 2096 3690 2148; x_wconf 84' lang='grc' dir='ltr'>τοῦ</span> <span class='ocrx_word' id='word_1_523' title='bbox 3759 2096 3847 2158; x_wconf 77' lang='grc' dir='ltr'>τῆς</span> 
     </span>
    </p>
   </div>
   <div class='ocr_carea' id='block_1_68' title="bbox 2231 2181 3846 2269">
    <p class='ocr_par' dir='ltr' id='par_1_68' title="bbox 2231 2181 3846 2269">
     <span class='ocr_line' id='line_1_68' title="bbox 2231 2181 3846 2269; baseline -0.006 -27"><span class='ocrx_word' id='word_1_524' title='bbox 2231 2186 2372 2250; x_wconf 83' lang='grc' dir='ltr'>ἰδίας</span> <span class='ocrx_word' id='word_1_525' title='bbox 2399 2189 2609 2269; x_wconf 67' lang='grc' dir='ltr'>φύσεως</span> <span class='ocrx_word' id='word_1_526' title='bbox 2641 2190 2808 2263; x_wconf 86' lang='grc' dir='ltr'>πυρὸς</span> <span class='ocrx_word' id='word_1_527' title='bbox 2865 2181 3202 2264; x_wconf 75' lang='grc' dir='ltr'>προσϐολὴν,</span> <span class='ocrx_word' id='word_1_528' title='bbox 3255 2184 3348 2240; x_wconf 68' lang='grc' dir='ltr'>’ἕνα</span> <span class='ocrx_word' id='word_1_529' title='bbox 3403 2183 3624 2260; x_wconf 75' lang='grc' dir='ltr'>γένηται</span> <span class='ocrx_word' id='word_1_530' title='bbox 3677 2199 3846 2255; x_wconf 78' lang='grc' dir='ltr'>χωρη·</span> 
     </span>
    </p>
   </div>
   <div class='ocr_carea' id='block_1_69' title="bbox 2227 2267 3847 2354">
    <p class='ocr_par' dir='ltr' id='par_1_69' title="bbox 2227 2267 3847 2354">
     <span class='ocr_line' id='line_1_69' title="bbox 2227 2267 3847 2354; baseline -0.01 -18"><span class='ocrx_word' id='word_1_531' title='bbox 2227 2279 2342 2346; x_wconf 60' lang='grc' dir='ltr'>τὸθ,</span> <span class='ocrx_word' id='word_1_532' title='bbox 2400 2267 2642 2354; x_wconf 82' lang='grc' dir='ltr'>καθάπερ</span> <span class='ocrx_word' id='word_1_533' title='bbox 2698 2278 2788 2333; x_wconf 80' lang='grc' dir='ltr'>καὶ</span> <span class='ocrx_word' id='word_1_534' title='bbox 2854 2277 3110 2339; x_wconf 76' lang='grc' dir='ltr'>ἀκάνθαις</span> <span class='ocrx_word' id='word_1_535' title='bbox 3163 2276 3227 2330; x_wconf 86' lang='grc' dir='ltr'>τὸ</span> <span class='ocrx_word' id='word_1_536' title='bbox 3283 2281 3414 2350; x_wconf 85' lang='grc' dir='ltr'>πῦρ.</span> <span class='ocrx_word' id='word_1_537' title='bbox 3478 2275 3603 2331; x_wconf 68' lang='grc' dir='ltr'>’Ότι</span> <span class='ocrx_word' id='word_1_538' title='bbox 3659 2267 3712 2325; x_wconf 76' lang='grc' dir='ltr'>δὲ</span> <span class='ocrx_word' id='word_1_539' title='bbox 3762 2269 3847 2335; x_wconf 74' lang='grc' dir='ltr'>τήν</span> 
     </span>
    </p>
   </div>
   <div class='ocr_carea' id='block_1_70' title="bbox 2229 2359 3858 2444">
    <p class='ocr_par' dir='ltr' id='par_1_70' title="bbox 2229 2359 3858 2444">
     <span class='ocr_line' id='line_1_70' title="bbox 2229 2359 3858 2444; baseline -0.009 -18"><span class='ocrx_word' id='word_1_540' title='bbox 2229 2370 2399 2443; x_wconf 54' lang='grc' dir='ltr'>σέρκα</span> <span class='ocrx_word' id='word_1_541' title='bbox 2437 2371 2537 2438; x_wconf 73' lang='grc' dir='ltr'>τὴν</span> <span class='ocrx_word' id='word_1_542' title='bbox 2599 2366 2790 2424; x_wconf 73' lang='grc' dir='ltr'>ἑαυτοῦ</span> <span class='ocrx_word' id='word_1_543' title='bbox 2850 2374 3053 2444; x_wconf 73' lang='grc' dir='ltr'>φθορᾶς</span> <span class='ocrx_word' id='word_1_544' title='bbox 3108 2365 3358 2421; x_wconf 83' lang='grc' dir='ltr'>ἀπετέλει</span> <span class='ocrx_word' id='word_1_545' title='bbox 3421 2365 3706 2441; x_wconf 82' lang='grc' dir='ltr'>κρείττονα,</span> <span class='ocrx_word' id='word_1_546' title='bbox 3760 2359 3858 2414; x_wconf 80' lang='grc' dir='ltr'>δια-</span> 
     </span>
    </p>
   </div>
   <div class='ocr_carea' id='block_1_71' title="bbox 2229 2447 3855 2535">
    <p class='ocr_par' dir='ltr' id='par_1_71' title="bbox 2229 2447 3855 2535">
     <span class='ocr_line' id='line_1_71' title="bbox 2229 2447 3855 2535; baseline -0.006 -24"><span class='ocrx_word' id='word_1_547' title='bbox 2229 2455 2443 2528; x_wconf 80' lang='grc' dir='ltr'>δείξειεν</span> <span class='ocrx_word' id='word_1_548' title='bbox 2475 2455 2534 2512; x_wconf 76' lang='grc' dir='ltr'>ἂν</span> <span class='ocrx_word' id='word_1_549' title='bbox 2565 2453 2986 2535; x_wconf 78' lang='grc' dir='ltr'>αἰνιγματωδῶς</span> <span class='ocrx_word' id='word_1_550' title='bbox 3016 2456 3078 2511; x_wconf 91' lang='grc' dir='ltr'>τὸ</span> <span class='ocrx_word' id='word_1_551' title='bbox 3130 2455 3220 2510; x_wconf 79' lang='grc' dir='ltr'>ἐπὶ</span> <span class='ocrx_word' id='word_1_552' title='bbox 3275 2459 3341 2528; x_wconf 81' lang='grc' dir='ltr'>τῇ</span> <span class='ocrx_word' id='word_1_553' title='bbox 3378 2455 3532 2530; x_wconf 78' lang='grc' dir='ltr'>βάτῳ</span> <span class='ocrx_word' id='word_1_554' title='bbox 3574 2458 3698 2526; x_wconf 79' lang='grc' dir='ltr'>πῦρ,</span> <span class='ocrx_word' id='word_1_555' title='bbox 3730 2447 3855 2504; x_wconf 67' lang='lat' dir='ltr'>66m-</span> 
     </span>
    </p>
   </div>
   <div class='ocr_carea' id='block_1_72' title="bbox 2229 2537 3859 2622">
    <p class='ocr_par' dir='ltr' id='par_1_72' title="bbox 2229 2537 3859 2622">
     <span class='ocr_line' id='line_1_72' title="bbox 2229 2537 3859 2622; baseline -0.006 -22"><span class='ocrx_word' id='word_1_556' title='bbox 2229 2543 2486 2613; x_wconf 74' lang='grc' dir='ltr'>λώϐτ,τον</span> <span class='ocrx_word' id='word_1_557' title='bbox 2518 2546 2797 2609; x_wconf 84' lang='grc' dir='ltr'>παντελῶς</span> <span class='ocrx_word' id='word_1_558' title='bbox 2855 2553 3100 2622; x_wconf 71' lang='grc' dir='ltr'>τηρῆσαν</span> <span class='ocrx_word' id='word_1_559' title='bbox 3141 2546 3204 2599; x_wconf 90' lang='grc' dir='ltr'>τὸ</span> <span class='ocrx_word' id='word_1_560' title='bbox 3235 2544 3417 2614; x_wconf 72' lang='grc' dir='ltr'>ξύλον.</span> <span class='ocrx_word' id='word_1_561' title='bbox 3458 2544 3749 2618; x_wconf 75' lang='grc' dir='ltr'>Κεχώρτ,κε</span> <span class='ocrx_word' id='word_1_562' title='bbox 3773 2537 3859 2612; x_wconf 67' lang='grc' dir='ltr'>γὰρ</span> 
     </span>
    </p>
   </div>
   <div class='ocr_carea' id='block_1_73' title="bbox 2227 2629 3861 2711">
    <p class='ocr_par' dir='ltr' id='par_1_73' title="bbox 2227 2629 3861 2711">
     <span class='ocr_line' id='line_1_73' title="bbox 2227 2629 3861 2711; baseline -0.004 -23"><span class='ocrx_word' id='word_1_563' title='bbox 2227 2637 2418 2704; x_wconf 74' lang='grc' dir='ltr'>θεὸτης</span> <span class='ocrx_word' id='word_1_564' title='bbox 2449 2634 2499 2689; x_wconf 82' lang='grc' dir='ltr'>ἐν</span> <span class='ocrx_word' id='word_1_565' title='bbox 2534 2636 2935 2711; x_wconf 79' lang='grc' dir='ltr'>ἀνθρωπὸτητι.</span> <span class='ocrx_word' id='word_1_566' title='bbox 2970 2635 3067 2690; x_wconf 74' lang='grc' dir='ltr'>Καὶ</span> <span class='ocrx_word' id='word_1_567' title='bbox 3098 2637 3259 2689; x_wconf 88' lang='grc' dir='ltr'>τοῦτο</span> <span class='ocrx_word' id='word_1_568' title='bbox 3309 2641 3525 2708; x_wconf 84' lang='grc' dir='ltr'>γέγονεν</span> <span class='ocrx_word' id='word_1_569' title='bbox 3583 2631 3632 2686; x_wconf 81' lang='grc' dir='ltr'>ἐν</span> <span class='ocrx_word' id='word_1_570' title='bbox 3665 2629 3861 2706; x_wconf 87' lang='grc' dir='ltr'>Χριστῷ</span> 
     </span>
    </p>
   </div>
   <div class='ocr_carea' id='block_1_74' title="bbox 2225 2724 2637 2800">
    <p class='ocr_par' dir='ltr' id='par_1_74' title="bbox 2225 2724 2637 2800">
     <span class='ocr_line' id='line_1_74' title="bbox 2225 2724 2637 2800; baseline 0.002 -22"><span class='ocrx_word' id='word_1_571' title='bbox 2225 2724 2287 2778; x_wconf 89' lang='grc' dir='ltr'>τὸ</span> <span class='ocrx_word' id='word_1_572' title='bbox 2318 2727 2637 2800; x_wconf 65' lang='grc' dir='ltr'>μυστήριον.</span> 
     </span>
    </p>
   </div>
   <div class='ocr_carea' id='block_1_75' title="bbox 2298 2896 3861 2980">
    <p class='ocr_par' dir='ltr' id='par_1_75' title="bbox 2298 2896 3861 2980">
     <span class='ocr_line' id='line_1_75' title="bbox 2298 2896 3861 2980; baseline -0.008 -17"><span class='ocrx_word' id='word_1_573' title='bbox 2298 2929 2325 2957; x_wconf 87' lang='grc'>‹‹</span> <span class='ocrx_word' id='word_1_574' title='bbox 2360 2905 2667 2980; x_wconf 84' lang='grc' dir='ltr'>’Ἑντρομος</span> <span class='ocrx_word' id='word_1_575' title='bbox 2726 2903 2784 2960; x_wconf 85' lang='grc' dir='ltr'>δε</span> <span class='ocrx_word' id='word_1_576' title='bbox 2851 2906 3142 2980; x_wconf 88' lang='grc' dir='ltr'>γενόμενος</span> <span class='ocrx_word' id='word_1_577' title='bbox 3197 2910 3467 2973; x_wconf 78' lang='grc' dir='ltr'>Μωϋσῆς,</span> <span class='ocrx_word' id='word_1_578' title='bbox 3525 2903 3621 2958; x_wconf 78' lang='grc' dir='ltr'>οὐκ</span> <span class='ocrx_word' id='word_1_579' title='bbox 3675 2896 3861 2970; x_wconf 77' lang='grc' dir='ltr'>ἐτόλμα</span> 
     </span>
    </p>
   </div>
   <div class='ocr_carea' id='block_1_76' title="bbox 2226 2985 3855 3068">
    <p class='ocr_par' dir='ltr' id='par_1_76' title="bbox 2226 2985 3855 3068">
     <span class='ocr_line' id='line_1_76' title="bbox 2226 2985 3855 3068; baseline -0.004 -22"><span class='ocrx_word' id='word_1_580' title='bbox 2226 3019 2254 3046; x_wconf 87' lang='grc'><strong>‹‹</strong></span> <span class='ocrx_word' id='word_1_581' title='bbox 2287 3001 2639 3064; x_wconf 77' lang='grc' dir='ltr'>κατανοῆσαι,</span> <span class='ocrx_word' id='word_1_582' title='bbox 2673 2996 2815 3051; x_wconf 82' lang='grc' dir='ltr'>Εἷπε</span> <span class='ocrx_word' id='word_1_583' title='bbox 2847 2992 2903 3049; x_wconf 74' lang='grc' dir='ltr'>δὲ</span> <span class='ocrx_word' id='word_1_584' title='bbox 2926 2995 3072 3066; x_wconf 80' lang='grc' dir='ltr'>αὐτῷ</span> <span class='ocrx_word' id='word_1_585' title='bbox 3102 2996 3129 3048; x_wconf 91' lang='lat'>6</span> <span class='ocrx_word' id='word_1_586' title='bbox 3162 2993 3382 3068; x_wconf 77' lang='grc' dir='ltr'>Κύριος·</span> <span class='ocrx_word' id='word_1_587' title='bbox 3424 2997 3601 3048; x_wconf 88' lang='grc' dir='ltr'>Λῦσον</span> <span class='ocrx_word' id='word_1_588' title='bbox 3647 2991 3705 3045; x_wconf 88' lang='grc' dir='ltr'>τὸ</span> <span class='ocrx_word' id='word_1_589' title='bbox 3740 2985 3855 3042; x_wconf 83' lang='grc' dir='ltr'>ὑπό-</span> 
     </span>
    </p>
   </div>
   <div class='ocr_carea' id='block_1_77' title="bbox 2225 3078 3854 3159">
    <p class='ocr_par' dir='ltr' id='par_1_77' title="bbox 2225 3078 3854 3159">
     <span class='ocr_line' id='line_1_77' title="bbox 2225 3078 3854 3159; baseline -0.001 -22"><span class='ocrx_word' id='word_1_590' title='bbox 2225 3108 2253 3135; x_wconf 89' lang='grc'>‹‹</span> <span class='ocrx_word' id='word_1_591' title='bbox 2290 3081 2439 3158; x_wconf 76' lang='grc' dir='ltr'>δημα</span> <span class='ocrx_word' id='word_1_592' title='bbox 2465 3088 2574 3138; x_wconf 90' lang='grc' dir='ltr'>τῶν</span> <span class='ocrx_word' id='word_1_593' title='bbox 2607 3081 2794 3138; x_wconf 83' lang='grc' dir='ltr'>ποδῶν</span> <span class='ocrx_word' id='word_1_594' title='bbox 2827 3103 2943 3139; x_wconf 85' lang='grc' dir='ltr'>σου·</span> <span class='ocrx_word' id='word_1_595' title='bbox 2979 3085 3006 3138; x_wconf 81' lang='grc' dir='ltr'><strong>ὁ</strong></span> <span class='ocrx_word' id='word_1_596' title='bbox 3045 3083 3147 3159; x_wconf 73' lang='grc' dir='ltr'>γὰρ</span> <span class='ocrx_word' id='word_1_597' title='bbox 3201 3083 3368 3145; x_wconf 74' lang='grc' dir='ltr'>τόπος</span> <span class='ocrx_word' id='word_1_598' title='bbox 3434 3084 3486 3139; x_wconf 83' lang='grc' dir='ltr'>ἐν</span> <span class='ocrx_word' id='word_1_599' title='bbox 3537 3083 3581 3154; x_wconf 84' lang='grc' dir='ltr'>ᾧ</span> <span class='ocrx_word' id='word_1_600' title='bbox 3623 3078 3854 3148; x_wconf 69' lang='grc' dir='ltr'>ἕστηκας,</span> 
     </span>
    </p>
   </div>
   <div class='ocr_carea' id='block_1_78' title="bbox 2233 3166 3852 3250">
    <p class='ocr_par' dir='ltr' id='par_1_78' title="bbox 2233 3166 3852 3250">
     <span class='ocr_line' id='line_1_78' title="bbox 2233 3166 3852 3250; baseline -0.007 -21"><span class='ocrx_word' id='word_1_601' title='bbox 2233 3195 2256 3222; x_wconf 71' lang='grc' dir='ltr'>ι</span> <span class='ocrx_word' id='word_1_602' title='bbox 2280 3181 2349 3250; x_wconf 79' lang='grc' dir='ltr'>γῆ</span> <span class='ocrx_word' id='word_1_603' title='bbox 2385 3174 2508 3248; x_wconf 81' lang='grc' dir='ltr'>ἁγία</span> <span class='ocrx_word' id='word_1_604' title='bbox 2539 3173 2701 3230; x_wconf 77' lang='grc' dir='ltr'>ἐστίν.</span> <span class='ocrx_word' id='word_1_605' title='bbox 2739 3170 2886 3229; x_wconf 84' lang='grc' dir='ltr'>Ἰδὼν</span> <span class='ocrx_word' id='word_1_606' title='bbox 2920 3171 3066 3228; x_wconf 81' lang='grc' dir='ltr'>εἶδον</span> <span class='ocrx_word' id='word_1_607' title='bbox 3125 3173 3222 3240; x_wconf 64' lang='grc' dir='ltr'>τήν</span> <span class='ocrx_word' id='word_1_608' title='bbox 3283 3174 3526 3227; x_wconf 74' lang='grc' dir='ltr'>κάκωσιν</span> <span class='ocrx_word' id='word_1_609' title='bbox 3587 3173 3679 3225; x_wconf 84' lang='grc' dir='ltr'>τοῦ</span> <span class='ocrx_word' id='word_1_610' title='bbox 3734 3166 3852 3221; x_wconf 79' lang='grc' dir='ltr'>λαοῦ</span> 
     </span>
    </p>
   </div>
   <div class='ocr_carea' id='block_1_79' title="bbox 2227 3257 3852 3338">
    <p class='ocr_par' dir='ltr' id='par_1_79' title="bbox 2227 3257 3852 3338">
     <span class='ocr_line' id='line_1_79' title="bbox 2227 3257 3852 3338; baseline -0.006 -21"><span class='ocrx_word' id='word_1_611' title='bbox 2227 3289 2253 3315; x_wconf 79' lang='grc' dir='ltr'>α</span> <span class='ocrx_word' id='word_1_612' title='bbox 2284 3285 2410 3336; x_wconf 80' lang='grc' dir='ltr'>μου,</span> <span class='ocrx_word' id='word_1_613' title='bbox 2437 3267 2533 3317; x_wconf 91' lang='grc' dir='ltr'>τοῦ</span> <span class='ocrx_word' id='word_1_614' title='bbox 2585 3262 2637 3319; x_wconf 66' lang='grc' dir='ltr'>ἦν</span> <span class='ocrx_word' id='word_1_615' title='bbox 2701 3262 2973 3338; x_wconf 72' lang='grc' dir='ltr'>Αἰγύπτῳ,</span> <span class='ocrx_word' id='word_1_616' title='bbox 3035 3263 3123 3317; x_wconf 80' lang='grc' dir='ltr'>καὶ</span> <span class='ocrx_word' id='word_1_617' title='bbox 3182 3266 3279 3316; x_wconf 83' lang='grc' dir='ltr'>τοῦ</span> <span class='ocrx_word' id='word_1_618' title='bbox 3332 3264 3644 3336; x_wconf 87' lang='grc' dir='ltr'>στεναγμοῦ</span> <span class='ocrx_word' id='word_1_619' title='bbox 3696 3257 3852 3312; x_wconf 78' lang='grc' dir='ltr'>αὐτῶν</span> 
     </span>
    </p>
   </div>
   <div class='ocr_carea' id='block_1_80' title="bbox 2222 3347 3853 3422">
    <p class='ocr_par' dir='ltr' id='par_1_80' title="bbox 2222 3347 3853 3422">
     <span class='ocr_line' id='line_1_80' title="bbox 2222 3347 3853 3422; baseline -0.004 -15"><span class='ocrx_word' id='word_1_620' title='bbox 2222 3349 2510 3422; x_wconf 74' lang='grc' dir='ltr'>«ἤκουσα,</span> <span class='ocrx_word' id='word_1_621' title='bbox 2562 3354 2651 3407; x_wconf 80' lang='grc' dir='ltr'>καὶ</span> <span class='ocrx_word' id='word_1_622' title='bbox 2705 3347 2938 3422; x_wconf 76' lang='grc' dir='ltr'>κατέϐην</span> <span class='ocrx_word' id='word_1_623' title='bbox 2997 3349 3270 3421; x_wconf 76' lang='grc' dir='ltr'>ἐξελέσθαι</span> <span class='ocrx_word' id='word_1_624' title='bbox 3324 3350 3548 3414; x_wconf 70' lang='grc' dir='ltr'>αὐτούς,</span> <span class='ocrx_word' id='word_1_625' title='bbox 3605 3349 3697 3404; x_wconf 79' lang='grc' dir='ltr'>Καὶ</span> <span class='ocrx_word' id='word_1_626' title='bbox 3773 3348 3853 3397; x_wconf 84' lang='grc' dir='ltr'>νῦν</span> 
     </span>
    </p>
   </div>
   <div class='ocr_carea' id='block_1_81' title="bbox 2221 3435 3852 3516">
    <p class='ocr_par' dir='ltr' id='par_1_81' title="bbox 2221 3435 3852 3516">
     <span class='ocr_line' id='line_1_81' title="bbox 2221 3435 3852 3516; baseline -0.004 -23"><span class='ocrx_word' id='word_1_627' title='bbox 2221 3464 2249 3493; x_wconf 87' lang='grc'>‹‹</span> <span class='ocrx_word' id='word_1_628' title='bbox 2281 3441 2459 3516; x_wconf 84' lang='grc' dir='ltr'>δεῦρο,</span> <span class='ocrx_word' id='word_1_629' title='bbox 2491 3441 2579 3496; x_wconf 88' lang='grc' dir='ltr'>καὶ</span> <span class='ocrx_word' id='word_1_630' title='bbox 2621 3441 2905 3496; x_wconf 84' lang='grc' dir='ltr'>ἀποστελῶ</span> <span class='ocrx_word' id='word_1_631' title='bbox 2965 3461 3022 3495; x_wconf 87' lang='grc' dir='ltr'>σε</span> <span class='ocrx_word' id='word_1_632' title='bbox 3056 3441 3132 3502; x_wconf 81' lang='grc' dir='ltr'>εἰς</span> <span class='ocrx_word' id='word_1_633' title='bbox 3187 3437 3491 3514; x_wconf 62' lang='grc' dir='ltr'>Αἴγυπτον,</span> <span class='ocrx_word' id='word_1_634' title='bbox 3551 3442 3747 3496; x_wconf 86' lang='grc' dir='ltr'>Τοῦτον</span> <span class='ocrx_word' id='word_1_635' title='bbox 3771 3435 3852 3488; x_wconf 81' lang='grc' dir='ltr'>τὸν</span> 
     </span>
    </p>
   </div>
   <div class='ocr_carea' id='block_1_82' title="bbox 2218 3525 3860 3604">
    <p class='ocr_par' dir='ltr' id='par_1_82' title="bbox 2218 3525 3860 3604">
     <span class='ocr_line' id='line_1_82' title="bbox 2218 3525 3860 3604; baseline -0.002 -23"><span class='ocrx_word' id='word_1_636' title='bbox 2218 3554 2246 3581; x_wconf 87' lang='grc'><em>‹‹</em></span> <span class='ocrx_word' id='word_1_637' title='bbox 2279 3536 2536 3599; x_wconf 72' lang='grc' dir='ltr'>Μωυσῆν,</span> <span class='ocrx_word' id='word_1_638' title='bbox 2565 3529 2624 3584; x_wconf 80' lang='grc' dir='ltr'>ὅν</span> <span class='ocrx_word' id='word_1_639' title='bbox 2684 3533 2988 3604; x_wconf 57' lang='grc' dir='ltr'>ἠρνήσαντο</span> <span class='ocrx_word' id='word_1_640' title='bbox 3049 3528 3313 3596; x_wconf 78' lang='grc' dir='ltr'>εἰπόντες,</span> <span class='ocrx_word' id='word_1_641' title='bbox 3364 3530 3468 3593; x_wconf 80' lang='grc' dir='ltr'>Τίς</span> <span class='ocrx_word' id='word_1_642' title='bbox 3524 3551 3580 3584; x_wconf 81' lang='grc' dir='ltr'>σε</span> <span class='ocrx_word' id='word_1_643' title='bbox 3624 3525 3860 3591; x_wconf 86' lang='grc' dir='ltr'>κατέστη·</span> 
     </span>
    </p>
   </div>
   <div class='ocr_carea' id='block_1_83' title="bbox 2219 3615 3859 3694">
    <p class='ocr_par' dir='ltr' id='par_1_83' title="bbox 2219 3615 3859 3694">
     <span class='ocr_line' id='line_1_83' title="bbox 2219 3615 3859 3694; baseline -0.004 -23"><span class='ocrx_word' id='word_1_644' title='bbox 2219 3643 2246 3671; x_wconf 79' lang='grc' dir='ltr'>ι(</span> <span class='ocrx_word' id='word_1_645' title='bbox 2281 3640 2366 3674; x_wconf 91' lang='grc' dir='ltr'>σεν</span> <span class='ocrx_word' id='word_1_646' title='bbox 2400 3616 2636 3694; x_wconf 75' lang='grc' dir='ltr'>ἄρχοντα</span> <span class='ocrx_word' id='word_1_647' title='bbox 2665 3620 2755 3674; x_wconf 84' lang='grc' dir='ltr'>καὶ</span> <span class='ocrx_word' id='word_1_648' title='bbox 2789 3617 3045 3688; x_wconf 75' lang='grc' dir='ltr'>δικαστήν</span> <span class='ocrx_word' id='word_1_649' title='bbox 3083 3637 3097 3688; x_wconf 88' lang='grc'>;</span> <span class='ocrx_word' id='word_1_650' title='bbox 3129 3623 3320 3674; x_wconf 85' lang='grc' dir='ltr'>τοῦτον</span> <span class='ocrx_word' id='word_1_651' title='bbox 3381 3619 3408 3672; x_wconf 89' lang='lat'>6</span> <span class='ocrx_word' id='word_1_652' title='bbox 3475 3619 3604 3680; x_wconf 76' lang='grc' dir='ltr'>Θεὸς</span> <span class='ocrx_word' id='word_1_653' title='bbox 3635 3615 3859 3691; x_wconf 73' lang='grc' dir='ltr'>ἂρχοντα</span> 
     </span>
    </p>
   </div>
   <div class='ocr_carea' id='block_1_84' title="bbox 2218 3702 3860 3784">
    <p class='ocr_par' dir='ltr' id='par_1_84' title="bbox 2218 3702 3860 3784">
     <span class='ocr_line' id='line_1_84' title="bbox 2218 3702 3860 3784; baseline -0.003 -24"><span class='ocrx_word' id='word_1_654' title='bbox 2218 3708 2370 3765; x_wconf 81' lang='grc' dir='ltr'>«καὶ</span> <span class='ocrx_word' id='word_1_655' title='bbox 2416 3709 2702 3782; x_wconf 77' lang='grc' dir='ltr'>Λυτρωτὴν</span> <span class='ocrx_word' id='word_1_656' title='bbox 2768 3708 3084 3763; x_wconf 79' lang='grc' dir='ltr'>ἀπέστειλεν</span> <span class='ocrx_word' id='word_1_657' title='bbox 3145 3707 3194 3763; x_wconf 79' lang='grc' dir='ltr'>ἐν</span> <span class='ocrx_word' id='word_1_658' title='bbox 3252 3708 3397 3783; x_wconf 83' lang='grc' dir='ltr'>χειρῖ</span> <span class='ocrx_word' id='word_1_659' title='bbox 3467 3707 3721 3784; x_wconf 84' lang='grc' dir='ltr'>ἀγγέλου,</span> <span class='ocrx_word' id='word_1_660' title='bbox 3774 3702 3860 3756; x_wconf 78' lang='grc' dir='ltr'>τοῦ</span> 
     </span>
    </p>
   </div>
   <div class='ocr_carea' id='block_1_85' title="bbox 2216 3790 3859 3876">
    <p class='ocr_par' dir='ltr' id='par_1_85' title="bbox 2216 3790 3859 3876">
     <span class='ocr_line' id='line_1_85' title="bbox 2216 3790 3859 3876; baseline -0.005 -24"><span class='ocrx_word' id='word_1_661' title='bbox 2216 3822 2242 3846; x_wconf 79' lang='grc' dir='ltr'>α</span> <span class='ocrx_word' id='word_1_662' title='bbox 2278 3793 2535 3876; x_wconf 55' lang='grc' dir='ltr'>ὀφθέντος</span> <span class='ocrx_word' id='word_1_663' title='bbox 2565 3796 2711 3871; x_wconf 82' lang='grc' dir='ltr'>αὐτῷ</span> <span class='ocrx_word' id='word_1_664' title='bbox 2751 3794 2802 3852; x_wconf 82' lang='grc' dir='ltr'>ἐν</span> <span class='ocrx_word' id='word_1_665' title='bbox 2857 3801 2926 3871; x_wconf 82' lang='grc' dir='ltr'>τῇ</span> <span class='ocrx_word' id='word_1_666' title='bbox 2987 3798 3156 3873; x_wconf 66' lang='grc' dir='ltr'>βάτῳ.</span> <span class='ocrx_word' id='word_1_667' title='bbox 3219 3795 3390 3859; x_wconf 80' lang='grc' dir='ltr'>Οὗτος</span> <span class='ocrx_word' id='word_1_668' title='bbox 3461 3798 3713 3872; x_wconf 71' lang='grc' dir='ltr'>ἐξήγαγεν</span> <span class='ocrx_word' id='word_1_669' title='bbox 3770 3790 3859 3846; x_wconf 80' lang='grc' dir='ltr'>αὖ·</span> 
     </span>
    </p>
   </div>
   <div class='ocr_carea' id='block_1_86' title="bbox 2217 3882 3855 3961">
    <p class='ocr_par' dir='ltr' id='par_1_86' title="bbox 2217 3882 3855 3961">
     <span class='ocr_line' id='line_1_86' title="bbox 2217 3882 3855 3961; baseline -0.003 -23"><span class='ocrx_word' id='word_1_670' title='bbox 2217 3911 2245 3938; x_wconf 89' lang='grc'>‹‹</span> <span class='ocrx_word' id='word_1_671' title='bbox 2275 3886 2425 3951; x_wconf 86' lang='grc' dir='ltr'>τοὺς,</span> <span class='ocrx_word' id='word_1_672' title='bbox 2455 3889 2693 3957; x_wconf 72' lang='grc' dir='ltr'>ποιήσας</span> <span class='ocrx_word' id='word_1_673' title='bbox 2722 3888 2920 3961; x_wconf 83' lang='grc' dir='ltr'>τέρατα</span> <span class='ocrx_word' id='word_1_674' title='bbox 2969 3886 3058 3941; x_wconf 83' lang='grc' dir='ltr'>καὶ</span> <span class='ocrx_word' id='word_1_675' title='bbox 3116 3892 3318 3957; x_wconf 71' lang='grc' dir='ltr'>σημεῖα</span> <span class='ocrx_word' id='word_1_676' title='bbox 3376 3885 3430 3940; x_wconf 82' lang='grc' dir='ltr'>ἐν</span> <span class='ocrx_word' id='word_1_677' title='bbox 3494 3890 3559 3960; x_wconf 82' lang='grc' dir='ltr'>τῇ</span> <span class='ocrx_word' id='word_1_678' title='bbox 3597 3882 3855 3960; x_wconf 65' lang='grc' dir='ltr'>Αἰγύπτῳ,</span> 
     </span>
    </p>
   </div>
   <div class='ocr_carea' id='block_1_87' title="bbox 2217 3971 3854 4051">
    <p class='ocr_par' dir='ltr' id='par_1_87' title="bbox 2217 3971 3854 4051">
     <span class='ocr_line' id='line_1_87' title="bbox 2217 3971 3854 4051; baseline -0.004 -23"><span class='ocrx_word' id='word_1_679' title='bbox 2217 3999 2246 4028; x_wconf 81' lang='grc' dir='ltr'>ι(</span> <span class='ocrx_word' id='word_1_680' title='bbox 2276 3976 2364 4030; x_wconf 78' lang='grc' dir='ltr'>καὶ</span> <span class='ocrx_word' id='word_1_681' title='bbox 2407 3974 2460 4030; x_wconf 81' lang='grc' dir='ltr'>ἐν</span> <span class='ocrx_word' id='word_1_682' title='bbox 2491 3975 2688 4051; x_wconf 76' lang='grc' dir='ltr'>ἐρυθρᾷ</span> <span class='ocrx_word' id='word_1_683' title='bbox 2718 3975 2987 4049; x_wconf 76' lang='grc' dir='ltr'>θαλάσσῃ,</span> <span class='ocrx_word' id='word_1_684' title='bbox 3021 3976 3111 4030; x_wconf 76' lang='grc' dir='ltr'>καὶ</span> <span class='ocrx_word' id='word_1_685' title='bbox 3142 3973 3196 4029; x_wconf 87' lang='grc' dir='ltr'>ἐν</span> <span class='ocrx_word' id='word_1_686' title='bbox 3255 3979 3323 4049; x_wconf 81' lang='grc' dir='ltr'>τῇ</span> <span class='ocrx_word' id='word_1_687' title='bbox 3358 3974 3561 4051; x_wconf 67' lang='grc' dir='ltr'>ἐρήμῳ</span> <span class='ocrx_word' id='word_1_688' title='bbox 3617 3971 3705 4042; x_wconf 80' lang='grc' dir='ltr'>ἔτη</span> <span class='ocrx_word' id='word_1_689' title='bbox 3744 3989 3854 4024; x_wconf 71' lang='grc' dir='ltr'>τεσ-</span> 
     </span>
    </p>
   </div>
   <div class='ocr_carea' id='block_1_88' title="bbox 2215 4063 2674 4139">
    <p class='ocr_par' dir='ltr' id='par_1_88' title="bbox 2215 4063 2674 4139">
     <span class='ocr_line' id='line_1_88' title="bbox 2215 4063 2674 4139; baseline -0.007 -22"><span class='ocrx_word' id='word_1_690' title='bbox 2215 4089 2243 4117; x_wconf 87' lang='grc'>‹‹</span> <span class='ocrx_word' id='word_1_691' title='bbox 2287 4063 2608 4139; x_wconf 69' lang='grc' dir='ltr'>σαρπὶκοντα.</span> <span class='ocrx_word' id='word_1_692' title='bbox 2649 4089 2674 4115; x_wconf 83' lang='grc'>›;</span> 
     </span>
    </p>
   </div>
   <div class='ocr_carea' id='block_1_89' title="bbox 2289 4145 3856 4225">
    <p class='ocr_par' dir='ltr' id='par_1_89' title="bbox 2289 4145 3856 4225">
     <span class='ocr_line' id='line_1_89' title="bbox 2289 4145 3856 4225; baseline -0.002 -16"><span class='ocrx_word' id='word_1_693' title='bbox 2289 4153 2346 4209; x_wconf 79' lang='grc' dir='ltr'>Εἰ</span> <span class='ocrx_word' id='word_1_694' title='bbox 2378 4155 2466 4209; x_wconf 83' lang='grc' dir='ltr'>καὶ</span> <span class='ocrx_word' id='word_1_695' title='bbox 2514 4155 2589 4225; x_wconf 71' lang='grc' dir='ltr'>μὴ</span> <span class='ocrx_word' id='word_1_696' title='bbox 2649 4154 2838 4216; x_wconf 71' lang='grc' dir='ltr'>αὐταῖς</span> <span class='ocrx_word' id='word_1_697' title='bbox 2893 4153 3064 4224; x_wconf 82' lang='grc' dir='ltr'>λέξεσι</span> <span class='ocrx_word' id='word_1_698' title='bbox 3125 4155 3364 4225; x_wconf 78' lang='grc' dir='ltr'>φαίνεται</span> <span class='ocrx_word' id='word_1_699' title='bbox 3426 4154 3482 4208; x_wconf 76' lang='grc' dir='ltr'>ἐν</span> <span class='ocrx_word' id='word_1_700' title='bbox 3541 4157 3608 4225; x_wconf 81' lang='grc' dir='ltr'>τῇ</span> <span class='ocrx_word' id='word_1_701' title='bbox 3662 4145 3856 4219; x_wconf 55' lang='grc' dir='ltr'>’ἐξόδῳ</span> 
     </span>
    </p>
   </div>
   <div class='ocr_carea' id='block_1_90' title="bbox 2211 4237 3855 4321">
    <p class='ocr_par' dir='ltr' id='par_1_90' title="bbox 2211 4237 3855 4321">
     <span class='ocr_line' id='line_1_90' title="bbox 2211 4237 3855 4321; baseline 0 -23"><span class='ocrx_word' id='word_1_702' title='bbox 2211 4244 2434 4315; x_wconf 84' lang='grc' dir='ltr'>κειμένη</span> <span class='ocrx_word' id='word_1_703' title='bbox 2469 4247 2503 4312; x_wconf 82' lang='grc' dir='ltr'>ἡ</span> <span class='ocrx_word' id='word_1_704' title='bbox 2537 4246 2712 4321; x_wconf 70' lang='grc' dir='ltr'>φωνὴ,</span> <span class='ocrx_word' id='word_1_705' title='bbox 2746 4242 2872 4298; x_wconf 85' lang='grc' dir='ltr'>ἀλλ’</span> <span class='ocrx_word' id='word_1_706' title='bbox 2904 4245 2995 4299; x_wconf 79' lang='grc' dir='ltr'>οὖν</span> <span class='ocrx_word' id='word_1_707' title='bbox 3031 4243 3356 4317; x_wconf 73' lang='grc' dir='ltr'>ἶσοόύναμος</span> <span class='ocrx_word' id='word_1_708' title='bbox 3380 4253 3579 4301; x_wconf 83' lang='grc' dir='ltr'>κεῖται.</span> <span class='ocrx_word' id='word_1_709' title='bbox 3615 4244 3691 4301; x_wconf 79' lang='grc' dir='ltr'>Οὐ</span> <span class='ocrx_word' id='word_1_710' title='bbox 3722 4237 3855 4294; x_wconf 73' lang='grc' dir='ltr'>πολὺ</span> 
     </span>
    </p>
   </div>
   <div class='ocr_carea' id='block_1_91' title="bbox 2212 4329 3856 4410">
    <p class='ocr_par' dir='ltr' id='par_1_91' title="bbox 2212 4329 3856 4410">
     <span class='ocr_line' id='line_1_91' title="bbox 2212 4329 3856 4410; baseline 0.002 -24"><span class='ocrx_word' id='word_1_711' title='bbox 2212 4332 2317 4407; x_wconf 75' lang='grc' dir='ltr'>γὰρ</span> <span class='ocrx_word' id='word_1_712' title='bbox 2375 4331 2567 4388; x_wconf 73' lang='grc' dir='ltr'>διοίσει</span> <span class='ocrx_word' id='word_1_713' title='bbox 2625 4335 2686 4387; x_wconf 91' lang='grc' dir='ltr'>τὸ</span> <span class='ocrx_word' id='word_1_714' title='bbox 2746 4332 3010 4408; x_wconf 78' lang='grc' dir='ltr'>ἔντρομος</span> <span class='ocrx_word' id='word_1_715' title='bbox 3083 4338 3180 4388; x_wconf 86' lang='grc' dir='ltr'>τοῦ</span> <span class='ocrx_word' id='word_1_716' title='bbox 3257 4329 3506 4410; x_wconf 67' lang='grc' dir='ltr'>ἔμφοϐος</span> <span class='ocrx_word' id='word_1_717' title='bbox 3561 4334 3856 4408; x_wconf 80' lang='grc' dir='ltr'>γενόμενος·</span> 
     </span>
    </p>
   </div>
   <div class='ocr_carea' id='block_1_92' title="bbox 2210 4419 3857 4497">
    <p class='ocr_par' dir='ltr' id='par_1_92' title="bbox 2210 4419 3857 4497">
     <span class='ocr_line' id='line_1_92' title="bbox 2210 4419 3857 4497; baseline 0.019 -23"><span class='ocrx_word' id='word_1_718' title='bbox 2210 4423 2432 4494; x_wconf 84' lang='grc' dir='ltr'>Λέγεται</span> <span class='ocrx_word' id='word_1_719' title='bbox 2470 4419 2714 4479; x_wconf 71' lang='grc' dir='ltr'>δὲταῦτα</span> <span class='ocrx_word' id='word_1_720' title='bbox 2748 4423 2867 4496; x_wconf 85' lang='grc' dir='ltr'>περὶ</span> <span class='ocrx_word' id='word_1_721' title='bbox 2898 4427 2994 4477; x_wconf 75' lang='grc' dir='ltr'>τοῦ</span> <span class='ocrx_word' id='word_1_722' title='bbox 3025 4423 3160 4477; x_wconf 78' lang='grc' dir='ltr'>κατᾶ</span> <span class='ocrx_word' id='word_1_723' title='bbox 3205 4424 3302 4491; x_wconf 61' lang='grc' dir='ltr'>τὴν</span> <span class='ocrx_word' id='word_1_724' title='bbox 3365 4424 3531 4497; x_wconf 63' lang='grc' dir='ltr'>βάτθν</span> <span class='ocrx_word' id='word_1_725' title='bbox 3566 4423 3857 4497; x_wconf 54' lang='grc' dir='ltr'>δράματ⁰ς’</span> 
     </span>
    </p>
   </div>
   <div class='ocr_carea' id='block_1_93' title="bbox 2213 4506 3855 4592">
    <p class='ocr_par' dir='ltr' id='par_1_93' title="bbox 2213 4506 3855 4592">
     <span class='ocr_line' id='line_1_93' title="bbox 2213 4506 3855 4592; baseline -0.001 -27"><span class='ocrx_word' id='word_1_726' title='bbox 2213 4510 2477 4584; x_wconf 68' lang='grc' dir='ltr'>μενούσης</span> <span class='ocrx_word' id='word_1_727' title='bbox 2506 4519 2606 4581; x_wconf 81' lang='grc' dir='ltr'>τῆς</span> <span class='ocrx_word' id='word_1_728' title='bbox 2637 4511 2804 4582; x_wconf 76' lang='grc' dir='ltr'>αὐτῆς</span> <span class='ocrx_word' id='word_1_729' title='bbox 2838 4510 3098 4590; x_wconf 69' lang='grc' dir='ltr'>διαφορᾶς</span> <span class='ocrx_word' id='word_1_730' title='bbox 3129 4516 3226 4568; x_wconf 91' lang='grc' dir='ltr'>τοῦ</span> <span class='ocrx_word' id='word_1_731' title='bbox 3257 4509 3501 4592; x_wconf 69' lang='grc' dir='ltr'>φοϐεροῦ</span> <span class='ocrx_word' id='word_1_732' title='bbox 3556 4513 3645 4567; x_wconf 78' lang='grc' dir='ltr'>καὶ</span> <span class='ocrx_word' id='word_1_733' title='bbox 3692 4506 3855 4583; x_wconf 60' lang='grc' dir='ltr'>ἐμφό-</span> 
     </span>
    </p>
   </div>
   <div class='ocr_carea' id='block_1_94' title="bbox 446 4587 2113 4678">
    <p class='ocr_par' dir='ltr' id='par_1_94' title="bbox 446 4596 2102 4670">
     <span class='ocr_line' id='line_1_94' title="bbox 446 4596 2102 4670; baseline 0.002 -18"><span class='ocrx_word' id='word_1_734' title='bbox 446 4597 712 4654; x_wconf 85' lang='lat' dir='ltr'>timendo</span> <span class='ocrx_word' id='word_1_735' title='bbox 735 4597 894 4670; x_wconf 91' lang='lat' dir='ltr'>quod</span> <span class='ocrx_word' id='word_1_736' title='bbox 926 4599 1052 4667; x_wconf 92' lang='lat' dir='ltr'>ipse</span> <span class='ocrx_word' id='word_1_737' title='bbox 1083 4603 1354 4652; x_wconf 86' lang='lat' dir='ltr'>maneret</span> <span class='ocrx_word' id='word_1_738' title='bbox 1382 4596 1783 4669; x_wconf 90' lang='lat' dir='ltr'>incorruptus.</span> <span class='ocrx_word' id='word_1_739' title='bbox 1819 4599 2102 4655; x_wconf 91' lang='lat' dir='ltr'>Similiter</span> 
     </span>
    </p>
   </div>
   <div class='ocr_carea' id='block_1_95' title="bbox 2225 4587 3856 4678">
    <p class='ocr_par' dir='ltr' id='par_1_95' title="bbox 2225 4597 3856 4678">
     <span class='ocr_line' id='line_1_95' title="bbox 2225 4597 3856 4678; baseline -0.002 -23"><span class='ocrx_word' id='word_1_740' title='bbox 2225 4597 2332 4668; x_wconf 65' lang='lat'>300,</span> <span class='ocrx_word' id='word_1_741' title='bbox 2363 4601 2453 4656; x_wconf 81' lang='grc' dir='ltr'>καὶ</span> <span class='ocrx_word' id='word_1_742' title='bbox 2511 4600 2564 4656; x_wconf 83' lang='grc' dir='ltr'>ἐν</span> <span class='ocrx_word' id='word_1_743' title='bbox 2611 4606 2678 4674; x_wconf 80' lang='grc' dir='ltr'>τῇ</span> <span class='ocrx_word' id='word_1_744' title='bbox 2713 4600 2968 4678; x_wconf 71' lang='grc' dir='ltr'>διηγήσει</span> <span class='ocrx_word' id='word_1_745' title='bbox 3019 4607 3087 4676; x_wconf 83' lang='grc' dir='ltr'>τῇ</span> <span class='ocrx_word' id='word_1_746' title='bbox 3146 4605 3266 4677; x_wconf 77' lang='grc' dir='ltr'>περὶ</span> <span class='ocrx_word' id='word_1_747' title='bbox 3328 4606 3424 4656; x_wconf 71' lang='grc' dir='ltr'>τοῦ</span> <span class='ocrx_word' id='word_1_748' title='bbox 3493 4606 3630 4659; x_wconf 83' lang='grc' dir='ltr'>Σινᾶ</span> <span class='ocrx_word' id='word_1_749' title='bbox 3682 4597 3856 4674; x_wconf 77' lang='grc' dir='ltr'>ὅρους.</span> 
     </span>
    </p>
   </div>
   <div class='ocr_carea' id='block_1_96' title="bbox 445 4687 2097 4745">
    <p class='ocr_par' dir='ltr' id='par_1_96' title="bbox 445 4687 2097 4745">
     <span class='ocr_line' id='line_1_96' title="bbox 445 4687 2097 4745; baseline 0.003 -5"><span class='ocrx_word' id='word_1_750' title='bbox 445 4688 593 4741; x_wconf 86' lang='lat' dir='ltr'>etin</span> <span class='ocrx_word' id='word_1_751' title='bbox 623 4687 965 4741; x_wconf 88' lang='lat' dir='ltr'>narratione</span> <span class='ocrx_word' id='word_1_752' title='bbox 1016 4687 1176 4742; x_wconf 90' lang='lat' dir='ltr'>circa</span> <span class='ocrx_word' id='word_1_753' title='bbox 1231 4693 1492 4742; x_wconf 89' lang='lat' dir='ltr'>montem</span> <span class='ocrx_word' id='word_1_754' title='bbox 1545 4687 1683 4744; x_wconf 86' lang='lat' dir='ltr'>Sina</span> <span class='ocrx_word' id='word_1_755' title='bbox 1765 4689 1883 4743; x_wconf 90' lang='lat' dir='ltr'>Deo</span> <span class='ocrx_word' id='word_1_756' title='bbox 1937 4691 2097 4745; x_wconf 91' lang='lat' dir='ltr'>enim</span> 
     </span>
    </p>
   </div>
   <div class='ocr_carea' id='block_1_97' title="bbox 441 4773 2094 4847">
    <p class='ocr_par' dir='ltr' id='par_1_97' title="bbox 441 4773 2094 4847">
     <span class='ocr_line' id='line_1_97' title="bbox 441 4773 2094 4847; baseline 0.002 -18"><span class='ocrx_word' id='word_1_757' title='bbox 441 4773 590 4829; x_wconf 88' lang='lat' dir='ltr'>dixit</span> <span class='ocrx_word' id='word_1_758' title='bbox 621 4776 900 4829; x_wconf 86' lang='lat' dir='ltr'>Moses:«</span> <span class='ocrx_word' id='word_1_759' title='bbox 962 4775 1388 4847; x_wconf 85' lang='lat' dir='ltr'>Expavefactus</span> <span class='ocrx_word' id='word_1_760' title='bbox 1446 4793 1577 4831; x_wconf 92' lang='lat' dir='ltr'>sum</span> <span class='ocrx_word' id='word_1_761' title='bbox 1634 4782 1693 4832; x_wconf 88' lang='lat' dir='ltr'>et</span> <span class='ocrx_word' id='word_1_762' title='bbox 1749 4777 2094 4833; x_wconf 86' lang='lat' dir='ltr'>tremebun-</span> 
     </span>
    </p>
   </div>
   <div class='ocr_carea' id='block_1_98' title="bbox 439 4862 2092 4938">
    <p class='ocr_par' dir='ltr' id='par_1_98' title="bbox 439 4862 2092 4938">
     <span class='ocr_line' id='line_1_98' title="bbox 439 4862 2092 4938; baseline 0.004 -20"><span class='ocrx_word' id='word_1_763' title='bbox 439 4863 551 4918; x_wconf 92' lang='lat' dir='ltr'>dus</span> <span class='ocrx_word' id='word_1_764' title='bbox 580 4862 647 4931; x_wconf 83' lang='grc'>⁷⁸,</span> <span class='ocrx_word' id='word_1_765' title='bbox 687 4886 710 4912; x_wconf 77' lang='grc' dir='ltr'>ι)</span> <span class='ocrx_word' id='word_1_766' title='bbox 742 4864 1050 4920; x_wconf 89' lang='lat' dir='ltr'>alternatis</span> <span class='ocrx_word' id='word_1_767' title='bbox 1081 4881 1148 4920; x_wconf 89' lang='lat' dir='ltr'>ac</span> <span class='ocrx_word' id='word_1_768' title='bbox 1177 4866 1494 4938; x_wconf 86' lang='lat' dir='ltr'>geminatis</span> <span class='ocrx_word' id='word_1_769' title='bbox 1528 4883 1673 4921; x_wconf 91' lang='lat' dir='ltr'>usus</span> <span class='ocrx_word' id='word_1_770' title='bbox 1706 4866 2092 4925; x_wconf 90' lang='lat' dir='ltr'>dictionibus.</span> 
     </span>
    </p>
   </div>
   <div class='ocr_carea' id='block_1_99' title="bbox 437 4951 2098 5024">
    <p class='ocr_par' dir='ltr' id='par_1_99' title="bbox 437 4951 2098 5024">
     <span class='ocr_line' id='line_1_99' title="bbox 437 4951 2098 5024; baseline 0.003 -17"><span class='ocrx_word' id='word_1_771' title='bbox 437 4951 810 5022; x_wconf 81' lang='lat' dir='ltr'>Stupel‘actus</span> <span class='ocrx_word' id='word_1_772' title='bbox 864 4953 1062 5024; x_wconf 88' lang='lat' dir='ltr'>itaque</span> <span class='ocrx_word' id='word_1_773' title='bbox 1140 4957 1265 5010; x_wconf 90' lang='lat' dir='ltr'>visu</span> <span class='ocrx_word' id='word_1_774' title='bbox 1323 4957 1534 5011; x_wconf 88' lang='lat' dir='ltr'>beatus</span> <span class='ocrx_word' id='word_1_775' title='bbox 1596 4958 1784 5011; x_wconf 88' lang='lat' dir='ltr'>Moses</span> <span class='ocrx_word' id='word_1_776' title='bbox 1843 4956 2098 5012; x_wconf 89' lang='lat' dir='ltr'>addebat</span> 
     </span>
    </p>
   </div>
   <div class='ocr_carea' id='block_1_100' title="bbox 436 5043 2090 5118">
    <p class='ocr_par' dir='ltr' id='par_1_100' title="bbox 436 5043 2090 5118">
     <span class='ocr_line' id='line_1_100' title="bbox 436 5043 2090 5118; baseline 0.002 -20"><span class='ocrx_word' id='word_1_777' title='bbox 436 5049 871 5113; x_wconf 58' lang='lat' dir='ltr'>consequunter</span> <span class='ocrx_word' id='word_1_778' title='bbox 903 5043 1072 5109; x_wconf 90' lang='lat' dir='ltr'>illud,</span> <span class='ocrx_word' id='word_1_779' title='bbox 1137 5043 1340 5098; x_wconf 90' lang='lat' dir='ltr'>dicens</span> <span class='ocrx_word' id='word_1_780' title='bbox 1389 5045 1529 5098; x_wconf 91' lang='lat' dir='ltr'>alibi</span> <span class='ocrx_word' id='word_1_781' title='bbox 1590 5046 1745 5116; x_wconf 92' lang='lat' dir='ltr'>apud</span> <span class='ocrx_word' id='word_1_782' title='bbox 1807 5047 2090 5118; x_wconf 85' lang='lat' dir='ltr'>seipsum,</span> 
     </span>
    </p>
   </div>
   <div class='ocr_carea' id='block_1_101' title="bbox 438 5132 2093 5207">
    <p class='ocr_par' dir='ltr' id='par_1_101' title="bbox 438 5132 2093 5207">
     <span class='ocr_line' id='line_1_101' title="bbox 438 5132 2093 5207; baseline 0.005 -26"><span class='ocrx_word' id='word_1_783' title='bbox 438 5156 465 5182; x_wconf 86' lang='grc'><em>‹‹</em></span> <span class='ocrx_word' id='word_1_784' title='bbox 495 5141 817 5205; x_wconf 80' lang='lat' dir='ltr'>Aggressus</span> <span class='ocrx_word' id='word_1_785' title='bbox 847 5132 1056 5187; x_wconf 87' lang='lat' dir='ltr'>videbo</span> <span class='ocrx_word' id='word_1_786' title='bbox 1091 5133 1381 5187; x_wconf 89' lang='lat' dir='ltr'>visionem</span> <span class='ocrx_word' id='word_1_787' title='bbox 1418 5133 1570 5188; x_wconf 88' lang='lat' dir='ltr'>hanc</span> <span class='ocrx_word' id='word_1_788' title='bbox 1623 5152 1915 5206; x_wconf 77' lang='lat' dir='ltr'>magnam.</span> <span class='ocrx_word' id='word_1_789' title='bbox 1950 5135 2093 5207; x_wconf 92' lang='lat' dir='ltr'>quid</span> 
     </span>
    </p>
   </div>
   <div class='ocr_carea' id='block_1_102' title="bbox 439 5224 2094 5297">
    <p class='ocr_par' dir='ltr' id='par_1_102' title="bbox 439 5224 2094 5297">
     <span class='ocr_line' id='line_1_102' title="bbox 439 5224 2094 5297; baseline 0.002 -20"><span class='ocrx_word' id='word_1_790' title='bbox 439 5224 694 5294; x_wconf 90' lang='lat' dir='ltr'>sitquod</span> <span class='ocrx_word' id='word_1_791' title='bbox 740 5241 860 5278; x_wconf 90' lang='lat' dir='ltr'>non</span> <span class='ocrx_word' id='word_1_792' title='bbox 893 5231 1175 5278; x_wconf 87' lang='lat' dir='ltr'>exuratur</span> <span class='ocrx_word' id='word_1_793' title='bbox 1223 5224 1407 5278; x_wconf 89' lang='lat' dir='ltr'>rubus</span> <span class='ocrx_word' id='word_1_794' title='bbox 1440 5225 1503 5278; x_wconf 74' lang='lat'>79.</span> <span class='ocrx_word' id='word_1_795' title='bbox 1540 5246 1566 5272; x_wconf 86' lang='grc'><strong>››</strong></span> <span class='ocrx_word' id='word_1_796' title='bbox 1620 5225 1730 5279; x_wconf 89' lang='lat' dir='ltr'>Sed</span> <span class='ocrx_word' id='word_1_797' title='bbox 1790 5227 2094 5297; x_wconf 45' lang='lat' dir='ltr'>prohibait</span> 
     </span>
    </p>
   </div>
   <div class='ocr_carea' id='block_1_103' title="bbox 439 5313 2090 5388">
    <p class='ocr_par' dir='ltr' id='par_1_103' title="bbox 439 5313 2090 5388">
     <span class='ocr_line' id='line_1_103' title="bbox 439 5313 2090 5388; baseline 0.004 -22"><span class='ocrx_word' id='word_1_798' title='bbox 439 5329 573 5367; x_wconf 92' lang='lat' dir='ltr'>eum</span> <span class='ocrx_word' id='word_1_799' title='bbox 606 5315 806 5369; x_wconf 87' lang='lat' dir='ltr'>statim</span> <span class='ocrx_word' id='word_1_800' title='bbox 851 5314 1157 5377; x_wconf 89' lang='lat' dir='ltr'>Dominus,</span> <span class='ocrx_word' id='word_1_801' title='bbox 1220 5313 1426 5368; x_wconf 87' lang='lat' dir='ltr'>dicens</span> <span class='ocrx_word' id='word_1_802' title='bbox 1463 5331 1476 5368; x_wconf 86' lang='lat'><strong>:</strong></span> <span class='ocrx_word' id='word_1_803' title='bbox 1511 5317 1588 5369; x_wconf 88' lang='lat' dir='ltr'>Ne</span> <span class='ocrx_word' id='word_1_804' title='bbox 1649 5318 2090 5388; x_wconf 82' lang='lat' dir='ltr'>appmpinques</span> 
     </span>
    </p>
   </div>
   <div class='ocr_carea' id='block_1_104' title="bbox 435 5401 2089 5478">
    <p class='ocr_par' dir='ltr' id='par_1_104' title="bbox 435 5401 2089 5478">
     <span class='ocr_line' id='line_1_104' title="bbox 435 5401 2089 5478; baseline 0.004 -22"><span class='ocrx_word' id='word_1_805' title='bbox 435 5401 574 5471; x_wconf 87' lang='lat' dir='ltr'>huc,</span> <span class='ocrx_word' id='word_1_806' title='bbox 629 5404 914 5476; x_wconf 88' lang='lat' dir='ltr'>pedisque</span> <span class='ocrx_word' id='word_1_807' title='bbox 972 5403 1446 5460; x_wconf 87' lang='lat' dir='ltr'>calceamentum</span> <span class='ocrx_word' id='word_1_808' title='bbox 1502 5404 1646 5460; x_wconf 88' lang='lat' dir='ltr'>solvi</span> <span class='ocrx_word' id='word_1_809' title='bbox 1698 5407 1890 5478; x_wconf 82' lang='lat' dir='ltr'>jubet.</span> <span class='ocrx_word' id='word_1_810' title='bbox 1942 5408 2089 5463; x_wconf 84' lang='lat' dir='ltr'>Ecce</span> 
     </span>
    </p>
   </div>
   <div class='ocr_carea' id='block_1_105' title="bbox 2209 4685 3857 4769">
    <p class='ocr_par' dir='ltr' id='par_1_105' title="bbox 2209 4685 3857 4769">
     <span class='ocr_line' id='line_1_105' title="bbox 2209 4685 3857 4769; baseline -0.005 -20"><span class='ocrx_word' id='word_1_811' title='bbox 2209 4693 2328 4749; x_wconf 84' lang='grc' dir='ltr'>Ἐπ’</span> <span class='ocrx_word' id='word_1_812' title='bbox 2357 4693 2524 4748; x_wconf 83' lang='grc' dir='ltr'>αὐτοῦ</span> <span class='ocrx_word' id='word_1_813' title='bbox 2552 4694 2654 4768; x_wconf 84' lang='grc' dir='ltr'>γὰρ</span> <span class='ocrx_word' id='word_1_814' title='bbox 2686 4694 2806 4747; x_wconf 72' lang='grc' dir='ltr'>εἶπε</span> <span class='ocrx_word' id='word_1_815' title='bbox 2839 4696 3100 4762; x_wconf 69' lang='grc' dir='ltr'>Μωυσῆς·</span> <span class='ocrx_word' id='word_1_816' title='bbox 3162 4718 3189 4743; x_wconf 91' lang='grc'>‹‹</span> <span class='ocrx_word' id='word_1_817' title='bbox 3253 4688 3547 4769; x_wconf 62' lang='grc' dir='ltr'>’Έμιρυϐός</span> <span class='ocrx_word' id='word_1_818' title='bbox 3600 4691 3714 4764; x_wconf 76' lang='grc' dir='ltr'>εἶμι</span> <span class='ocrx_word' id='word_1_819' title='bbox 3771 4685 3857 4742; x_wconf 82' lang='grc' dir='ltr'>καὶ</span> 
     </span>
    </p>
   </div>
   <div class='ocr_carea' id='block_1_106' title="bbox 2205 4780 3854 4861">
    <p class='ocr_par' dir='ltr' id='par_1_106' title="bbox 2205 4780 3854 4861">
     <span class='ocr_line' id='line_1_106' title="bbox 2205 4780 3854 4861; baseline -0.004 -23"><span class='ocrx_word' id='word_1_820' title='bbox 2205 4780 2486 4858; x_wconf 76' lang='grc' dir='ltr'>ἔντρομος,</span> <span class='ocrx_word' id='word_1_821' title='bbox 2518 4807 2544 4834; x_wconf 91' lang='grc'><strong>››</strong></span> <span class='ocrx_word' id='word_1_822' title='bbox 2577 4781 2636 4838; x_wconf 82' lang='grc' dir='ltr'>ἐκ</span> <span class='ocrx_word' id='word_1_823' title='bbox 2667 4780 3032 4858; x_wconf 69' lang='grc' dir='ltr'>παραλλήλου</span> <span class='ocrx_word' id='word_1_824' title='bbox 3085 4787 3205 4844; x_wconf 80' lang='grc' dir='ltr'>ταῖς</span> <span class='ocrx_word' id='word_1_825' title='bbox 3264 4780 3439 4852; x_wconf 82' lang='grc' dir='ltr'>λέξεσι</span> <span class='ocrx_word' id='word_1_826' title='bbox 3482 4780 3854 4861; x_wconf 77' lang='grc' dir='ltr'>χρησάμενος.</span> 
     </span>
    </p>
   </div>
   <div class='ocr_carea' id='block_1_107' title="bbox 2206 4867 3855 4947">
    <p class='ocr_par' dir='ltr' id='par_1_107' title="bbox 2206 4867 3855 4947">
     <span class='ocr_line' id='line_1_107' title="bbox 2206 4867 3855 4947; baseline -0.006 -17"><span class='ocrx_word' id='word_1_827' title='bbox 2206 4872 2605 4942; x_wconf 80' lang='grc' dir='ltr'>Κατατεθηπὼς</span> <span class='ocrx_word' id='word_1_828' title='bbox 2666 4871 2845 4926; x_wconf 77' lang='grc' dir='ltr'>τοίνυν</span> <span class='ocrx_word' id='word_1_829' title='bbox 2904 4873 3004 4938; x_wconf 76' lang='grc' dir='ltr'>τήν</span> <span class='ocrx_word' id='word_1_830' title='bbox 3062 4867 3186 4944; x_wconf 71' lang='grc' dir='ltr'>ὄψιν</span> <span class='ocrx_word' id='word_1_831' title='bbox 3241 4871 3267 4924; x_wconf 91' lang='lat'>6</span> <span class='ocrx_word' id='word_1_832' title='bbox 3322 4871 3589 4947; x_wconf 70' lang='grc' dir='ltr'>μακάριος</span> <span class='ocrx_word' id='word_1_833' title='bbox 3652 4871 3855 4935; x_wconf 79' lang='grc' dir='ltr'>Μωσῆς</span> 
     </span>
    </p>
   </div>
   <div class='ocr_carea' id='block_1_108' title="bbox 2205 4957 3852 5034">
    <p class='ocr_par' dir='ltr' id='par_1_108' title="bbox 2205 4957 3852 5034">
     <span class='ocr_line' id='line_1_108' title="bbox 2205 4957 3852 5034; baseline -0.002 -20"><span class='ocrx_word' id='word_1_834' title='bbox 2205 4959 2508 5034; x_wconf 79' lang='grc' dir='ltr'>προσετίθει</span> <span class='ocrx_word' id='word_1_835' title='bbox 2593 4959 2808 5030; x_wconf 81' lang='grc' dir='ltr'>λοιπὸν,</span> <span class='ocrx_word' id='word_1_836' title='bbox 2888 4959 3060 5014; x_wconf 76' lang='grc' dir='ltr'>ἐκεῖνό</span> <span class='ocrx_word' id='word_1_837' title='bbox 3117 4981 3222 5013; x_wconf 85' lang='grc' dir='ltr'>που</span> <span class='ocrx_word' id='word_1_838' title='bbox 3297 4959 3467 5032; x_wconf 86' lang='grc' dir='ltr'>λέγων</span> <span class='ocrx_word' id='word_1_839' title='bbox 3545 4958 3596 5013; x_wconf 74' lang='grc' dir='ltr'>ἐν</span> <span class='ocrx_word' id='word_1_840' title='bbox 3659 4957 3852 5024; x_wconf 75' lang='grc' dir='ltr'>έαυτῷ⁶</span> 
     </span>
    </p>
   </div>
   <div class='ocr_carea' id='block_1_109' title="bbox 2206 5040 3854 5124">
    <p class='ocr_par' dir='ltr' id='par_1_109' title="bbox 2206 5040 3854 5124">
     <span class='ocr_line' id='line_1_109' title="bbox 2206 5040 3854 5124; baseline -0.003 -25"><span class='ocrx_word' id='word_1_841' title='bbox 2206 5074 2232 5100; x_wconf 87' lang='grc'>‹‹</span> <span class='ocrx_word' id='word_1_842' title='bbox 2261 5047 2550 5124; x_wconf 78' lang='grc' dir='ltr'>Παρελθὼν</span> <span class='ocrx_word' id='word_1_843' title='bbox 2587 5045 2792 5120; x_wconf 70' lang='grc' dir='ltr'>ὄψομαι</span> <span class='ocrx_word' id='word_1_844' title='bbox 2823 5049 2885 5104; x_wconf 87' lang='grc' dir='ltr'>τὸ</span> <span class='ocrx_word' id='word_1_845' title='bbox 2913 5050 3094 5123; x_wconf 76' lang='grc' dir='ltr'>ὅραμα</span> <span class='ocrx_word' id='word_1_846' title='bbox 3123 5053 3284 5102; x_wconf 91' lang='grc' dir='ltr'>τοῦτο</span> <span class='ocrx_word' id='word_1_847' title='bbox 3334 5048 3394 5102; x_wconf 86' lang='grc' dir='ltr'>τὸ</span> <span class='ocrx_word' id='word_1_848' title='bbox 3450 5046 3608 5122; x_wconf 80' lang='grc' dir='ltr'>μέγα,</span> <span class='ocrx_word' id='word_1_849' title='bbox 3670 5045 3720 5098; x_wconf 81' lang='grc' dir='ltr'>τί</span> <span class='ocrx_word' id='word_1_850' title='bbox 3773 5040 3854 5096; x_wconf 80' lang='grc' dir='ltr'>ὅτι</span> 
     </span>
    </p>
   </div>
   <div class='ocr_carea' id='block_1_110' title="bbox 2204 5128 3854 5213">
    <p class='ocr_par' dir='ltr' id='par_1_110' title="bbox 2204 5128 3854 5213">
     <span class='ocr_line' id='line_1_110' title="bbox 2204 5128 3854 5213; baseline -0.005 -23"><span class='ocrx_word' id='word_1_851' title='bbox 2204 5137 2268 5191; x_wconf 82' lang='grc' dir='ltr'>οὐ</span> <span class='ocrx_word' id='word_1_852' title='bbox 2312 5138 2654 5192; x_wconf 72' lang='grc' dir='ltr'>κατακαίεται</span> <span class='ocrx_word' id='word_1_853' title='bbox 2761 5137 2949 5212; x_wconf 68' lang='grc' dir='ltr'>βάτος,</span> <span class='ocrx_word' id='word_1_854' title='bbox 2986 5161 3014 5187; x_wconf 85' lang='grc'><strong>››</strong></span> <span class='ocrx_word' id='word_1_855' title='bbox 3047 5135 3174 5191; x_wconf 79' lang='grc' dir='ltr'>ἀλλ’</span> <span class='ocrx_word' id='word_1_856' title='bbox 3207 5133 3372 5213; x_wconf 65' lang='grc' dir='ltr'>εἴργει</span> <span class='ocrx_word' id='word_1_857' title='bbox 3435 5133 3612 5210; x_wconf 86' lang='grc' dir='ltr'>λέγων</span> <span class='ocrx_word' id='word_1_858' title='bbox 3644 5132 3796 5191; x_wconf 69' lang='grc' dir='ltr'>εὐθὺς</span> <span class='ocrx_word' id='word_1_859' title='bbox 3827 5128 3854 5182; x_wconf 91' lang='lat'>6</span> 
     </span>
    </p>
   </div>
   <div class='ocr_carea' id='block_1_111' title="bbox 2203 5220 3856 5302">
    <p class='ocr_par' dir='ltr' id='par_1_111' title="bbox 2203 5220 3856 5302">
     <span class='ocr_line' id='line_1_111' title="bbox 2203 5220 3856 5302; baseline -0.019 1"><span class='ocrx_word' id='word_1_860' title='bbox 2203 5228 2430 5302; x_wconf 54' lang='grc' dir='ltr'>Κύριος,</span> <span class='ocrx_word' id='word_1_861' title='bbox 2470 5229 2559 5296; x_wconf 66' lang='grc' dir='ltr'>Μὴ</span> <span class='ocrx_word' id='word_1_862' title='bbox 2595 5227 2812 5302; x_wconf 72' lang='grc' dir='ltr'>ἐγγίτῃς</span> <span class='ocrx_word' id='word_1_863' title='bbox 2869 5224 2993 5282; x_wconf 73' lang='grc' dir='ltr'>ὧδε.</span> <span class='ocrx_word' id='word_1_864' title='bbox 3057 5226 3158 5283; x_wconf 80' lang='grc' dir='ltr'>Καὶ</span> <span class='ocrx_word' id='word_1_865' title='bbox 3217 5230 3312 5282; x_wconf 87' lang='grc' dir='ltr'>τοῦ</span> <span class='ocrx_word' id='word_1_866' title='bbox 3373 5222 3541 5285; x_wconf 80' lang='grc' dir='ltr'>ποδὸς</span> <span class='ocrx_word' id='word_1_867' title='bbox 3599 5220 3856 5277; x_wconf 64' lang='grc' dir='ltr'>ἀπολύειν</span> 
     </span>
    </p>
   </div>
   <div class='ocr_carea' id='block_1_112' title="bbox 2200 5309 3854 5390">
    <p class='ocr_par' dir='ltr' id='par_1_112' title="bbox 2200 5309 3854 5390">
     <span class='ocr_line' id='line_1_112' title="bbox 2200 5309 3854 5390; baseline -0.002 -22"><span class='ocrx_word' id='word_1_868' title='bbox 2200 5319 2590 5390; x_wconf 71' lang='grc' dir='ltr'>προστάττεται</span> <span class='ocrx_word' id='word_1_869' title='bbox 2622 5318 2684 5370; x_wconf 81' lang='grc' dir='ltr'>τὸ</span> <span class='ocrx_word' id='word_1_870' title='bbox 2717 5313 2996 5388; x_wconf 72' lang='grc' dir='ltr'>ὑπόδημα.</span> <span class='ocrx_word' id='word_1_871' title='bbox 3036 5314 3174 5370; x_wconf 65' lang='grc' dir='ltr'>Ἰδοὺ</span> <span class='ocrx_word' id='word_1_872' title='bbox 3215 5317 3272 5370; x_wconf 81' lang='grc' dir='ltr'>δν</span> <span class='ocrx_word' id='word_1_873' title='bbox 3304 5316 3408 5389; x_wconf 82' lang='grc' dir='ltr'>πρὸ</span> <span class='ocrx_word' id='word_1_874' title='bbox 3462 5316 3664 5388; x_wconf 66' lang='grc' dir='ltr'>μικροῦ</span> <span class='ocrx_word' id='word_1_875' title='bbox 3698 5309 3854 5382; x_wconf 80' lang='grc' dir='ltr'>ἂγγε·</span> 
     </span>
    </p>
   </div>
   <div class='ocr_carea' id='block_1_113' title="bbox 2200 5397 3829 5481">
    <p class='ocr_par' dir='ltr' id='par_1_113' title="bbox 2200 5397 3829 5481">
     <span class='ocr_line' id='line_1_113' title="bbox 2200 5397 3829 5481; baseline -0.005 -21"><span class='ocrx_word' id='word_1_876' title='bbox 2200 5403 2295 5460; x_wconf 90' lang='grc' dir='ltr'>λον</span> <span class='ocrx_word' id='word_1_877' title='bbox 2326 5405 2497 5479; x_wconf 74' lang='grc' dir='ltr'>εἶπεν,</span> <span class='ocrx_word' id='word_1_878' title='bbox 2521 5410 2611 5462; x_wconf 89' lang='grc' dir='ltr'>νῦν</span> <span class='ocrx_word' id='word_1_879' title='bbox 2666 5403 2930 5460; x_wconf 85' lang='grc' dir='ltr'>δείκνυσιν</span> <span class='ocrx_word' id='word_1_880' title='bbox 2971 5405 3130 5460; x_wconf 79' lang='grc' dir='ltr'>αὐτὸν</span> <span class='ocrx_word' id='word_1_881' title='bbox 3166 5404 3365 5481; x_wconf 77' lang='grc' dir='ltr'>Κύριον</span> <span class='ocrx_word' id='word_1_882' title='bbox 3421 5401 3550 5458; x_wconf 81' lang='grc' dir='ltr'>ὄντα</span> <span class='ocrx_word' id='word_1_883' title='bbox 3579 5402 3670 5457; x_wconf 81' lang='grc' dir='ltr'>καὶ</span> <span class='ocrx_word' id='word_1_884' title='bbox 3702 5397 3829 5455; x_wconf 85' lang='grc' dir='ltr'>Θεόν</span> 
     </span>
    </p>
   </div>
   <div class='ocr_carea' id='block_1_114' title="bbox 509 5609 2113 5690">
    <p class='ocr_par' dir='ltr' id='par_1_114' title="bbox 509 5613 2058 5690">
     <span class='ocr_line' id='line_1_114' title="bbox 509 5613 2058 5690; baseline 0.002 -19"><span class='ocrx_word' id='word_1_885' title='bbox 509 5613 555 5690; x_wconf 74' lang='lat'>&quot;_‘</span> <span class='ocrx_word' id='word_1_886' title='bbox 585 5617 697 5672; x_wconf 90' lang='lat' dir='ltr'>lsa.</span> <span class='ocrx_word' id='word_1_887' title='bbox 730 5633 807 5690; x_wconf 83' lang='lat' dir='ltr'>ix,</span> <span class='ocrx_word' id='word_1_888' title='bbox 838 5614 1172 5690; x_wconf 25' lang='lat' dir='ltr'>6.‘?|7Deu_t.</span> <span class='ocrx_word' id='word_1_889' title='bbox 1195 5633 1267 5689; x_wconf 83' lang='grc' dir='ltr'>ιν,</span> <span class='ocrx_word' id='word_1_890' title='bbox 1302 5619 1371 5673; x_wconf 74' lang='grc'>24</span> <span class='ocrx_word' id='word_1_891' title='bbox 1403 5633 1417 5685; x_wconf 91' lang='lat'><strong>;</strong></span> <span class='ocrx_word' id='word_1_892' title='bbox 1471 5616 1645 5674; x_wconf 82' lang='lat' dir='ltr'>Hebr.</span> <span class='ocrx_word' id='word_1_893' title='bbox 1706 5633 1807 5685; x_wconf 89' lang='lat' dir='ltr'>xn,</span> <span class='ocrx_word' id='word_1_894' title='bbox 1868 5619 1955 5672; x_wconf 67' lang='lat'>29.</span> <span class='ocrx_word' id='word_1_895' title='bbox 2013 5617 2058 5653; x_wconf 77' lang='grc'>⁷⁸</span> 
     </span>
    </p>
   </div>
   <div class='ocr_carea' id='block_1_115' title="bbox 2225 5609 3857 5690">
    <p class='ocr_par' dir='ltr' id='par_1_115' title="bbox 2225 5609 3857 5690">
     <span class='ocr_line' id='line_1_115' title="bbox 2225 5609 3857 5690; baseline -0.003 -20"><span class='ocrx_word' id='word_1_896' title='bbox 2225 5614 2271 5671; x_wconf 88' lang='lat' dir='ltr'>.l.</span> <span class='ocrx_word' id='word_1_897' title='bbox 2309 5632 2400 5686; x_wconf 84' lang='lat' dir='ltr'>cu,</span> <span class='ocrx_word' id='word_1_898' title='bbox 2462 5619 2546 5672; x_wconf 77' lang='lat' dir='ltr'>t5.</span> <span class='ocrx_word' id='word_1_899' title='bbox 2607 5618 2650 5652; x_wconf 77' lang='grc'><strong>⁷⁷</strong></span> <span class='ocrx_word' id='word_1_900' title='bbox 2704 5616 2884 5674; x_wconf 83' lang='lat' dir='ltr'>Exod.</span> <span class='ocrx_word' id='word_1_901' title='bbox 2943 5632 3023 5690; x_wconf 82' lang='lat' dir='ltr'>in,</span> <span class='ocrx_word' id='word_1_902' title='bbox 3056 5616 3080 5672; x_wconf 81' lang='grc'><strong>1</strong></span> <span class='ocrx_word' id='word_1_903' title='bbox 3117 5631 3280 5689; x_wconf 84' lang='lat' dir='ltr'>seqq.</span> <span class='ocrx_word' id='word_1_904' title='bbox 3325 5613 3375 5651; x_wconf 74' lang='grc' dir='ltr'>τε</span> <span class='ocrx_word' id='word_1_905' title='bbox 3407 5610 3593 5672; x_wconf 86' lang='lat' dir='ltr'>Exod.</span> <span class='ocrx_word' id='word_1_906' title='bbox 3624 5626 3744 5682; x_wconf 81' lang='lat' dir='ltr'>xxx,</span> <span class='ocrx_word' id='word_1_907' title='bbox 3779 5609 3804 5665; x_wconf 77' lang='grc'><strong>1</strong></span> <span class='ocrx_word' id='word_1_908' title='bbox 3836 5619 3857 5679; x_wconf 73' lang='lat'><em>3</em></span> 
     </span>
    </p>
   </div>
   <div class='ocr_carea' id='block_1_116' title="bbox 438 5686 1353 5758">
    <p class='ocr_par' dir='ltr' id='par_1_116' title="bbox 438 5686 1353 5758">
     <span class='ocr_line' id='line_1_116' title="bbox 438 5686 1353 5758; baseline 0.001 -15"><span class='ocrx_word' id='word_1_909' title='bbox 438 5686 614 5744; x_wconf 82' lang='lat' dir='ltr'>Hebr.</span> <span class='ocrx_word' id='word_1_910' title='bbox 648 5703 752 5758; x_wconf 78' lang='lat' dir='ltr'>xii,</span> <span class='ocrx_word' id='word_1_911' title='bbox 779 5689 866 5742; x_wconf 74' lang='lat' dir='ltr'>2i.</span> <span class='ocrx_word' id='word_1_912' title='bbox 901 5686 948 5723; x_wconf 75' lang='lat'>7°</span> <span class='ocrx_word' id='word_1_913' title='bbox 977 5688 1160 5748; x_wconf 82' lang='lat' dir='ltr'>Exod.</span> <span class='ocrx_word' id='word_1_914' title='bbox 1184 5686 1265 5758; x_wconf 66' lang='grc' dir='ltr'>ιιι,</span> <span class='ocrx_word' id='word_1_915' title='bbox 1302 5691 1353 5744; x_wconf 85' lang='grc'>3.</span> 
     </span>
    </p>
   </div>
  </div>
