4098 6260
260 309 337 368 143
1306 327 1715 389 ΟΟΜΜΕΝΤ.
1764 327 1843 388 ΙΝ
1889 328 2089 388 ACTA
2133 328 2746 397 APOSTOLORUM.

3631 339 3749 399 146

257 449 391 508 Αὐτὸς
437 450 565 526 γὰρ
643 450 826 509 ἐστιν
873 460 909 512 ὀ
948 467 1057 529 τῆς
1120 459 1363 532 μεγάλης
1398 460 1608 535 βουλῆς
1643 458 1872 536 ἄγγελος
1903 459 1987 515 καῖ

2114 482 2288 535 quem
2322 467 2495 537 paulo
2527 474 2662 523 ante
2696 470 2842 525 dixit
2864 472 3162 544 angelum,
3195 488 3357 527 nunc
3390 491 3523 529 eum
3554 476 3756 530 Domi-

255 542 353 593 930‘3
386 538 556 602 Υἱός.
600 541 689 599 Τί
743 543 867 600 οὖν
904 547 1031 603 ἐστι
1061 549 1125 604 τὸ
1156 547 1495 622 δηλούμενον
1525 548 1613 605 διὰ
1639 554 1735 604 τοῦ
1787 551 1994 619 ὑποδήο

255 648 394 699 μιτος
462 629 813 705 α’ἶνιγμαι;
889 638 1234 712 Ἀναγκαῖον
1289 639 1478 708 εἶπεῖν,
1537 641 1861 714 νεκρότητος
1903 640 1993 694 καὶ

252 721 436 793 φθορᾶς
503 726 580 774 τὸ
644 721 973 797 ὑπόδημα
1037 728 1170 782 εῖναι
1217 734 1463 799 σημεῖον.
1532 728 1697 804 Ε’ἶπερ
1744 729 1852 783 ἐστὶ
1893 734 1994 785 πᾶν

256 806 515 880 ὑπόδημα
575 813 758 881 ζ’ἱιου
828 813 1113 886 λείψανον
1171 820 1454 880 τεθνεῶτος
1513 814 1645 891 ᾔδη.
1680 824 1768 873 Δεῖ
1814 818 1995 873 τοίνυν

256 898 421 968 πάσης
452 908 681 976 νξκρίς
736 904 846 957 καὶ
918 914 1193 981 σαρκικῆς
1251 909 1536 983 φαντασίας
1566 906 1751 983 ὥσπερ
1782 906 1993 979 ὑποδη-

268 991 441 1063 μάτων
474 997 664 1046 τινῶν
734 993 930 1049 λῦσαι
988 997 1084 1051 τὸν
1136 997 1222 1050 ἐπὶ
1270 1002 1376 1051 τῶν
1428 998 1582 1052 θείων
1624 998 1995 1071 θεωρημάτων

272 1076 540 1151 ἀναῆἦναι
606 1083 998 1158 πειρώμενον
1056 1091 1199 1154 νοῦν,
1282 1088 1371 1141 καὶ
1444 1090 1507 1141 τὸ
1566 1088 1700 1142 κατὰ
1757 1090 1989 1162 Χριστὸν

278 1179 472 1243 νοῆσαι
538 1176 901 1247 μυστήριον.
973 1174 1302 1251 Ἀπρόσιτος
1358 1175 1536 1230 τοίνυν
1597 1176 1649 1231 ἐν
1707 1181 1785 1248 τῷ
1840 1197 1994 1250 νομῳ

284 1262 370 1316 καὶ
415 1265 487 1334 τῇ
537 1258 968 1337 παιδαγωγικῇ
1032 1263 1256 1338 λατρεία
1312 1265 1339 1318 6
1396 1266 1633 1335 Χριστὸς
1666 1264 1857 1339 (νόμου
1888 1265 1993 1341 γάρ

288 1353 589 1426 προσωπον
630 1353 661 1405 6
696 1357 1008 1425 Μωυσῆς),
1072 1355 1116 1407 εἰ
1174 1357 1252 1425 μή
1304 1374 1414 1408 που
1442 1354 1533 1408 τὸν
1563 1354 1669 1409 ἀπὸ
1692 1361 1793 1424 τῆς
1826 1357 1995 1429 ἁμαρ-

292 1442 406 1503 τίας
454 1442 1005 1517 προαποτρίψοιντο
1051 1442 1356 1515 μολυσμὸν,
1408 1444 1495 1497 καὶ
1541 1445 1641 1511 τὴν
1687 1442 1739 1498 ἐν
1798 1444 1991 1505 τύποις

296 1532 370 1587 ἔτι
402 1534 497 1586 καὶ
533 1537 729 1593 σκιαῖς
789 1534 1218 1607 προαπώθοιντο
1278 1530 1550 1606 λατρείαν.
1589 1532 1647 1587 Εἰ
1698 1530 1753 1586 δὲ
1788 1531 1993 1607 βουλη-

304 1625 438 1677 θεῖεν
474 1621 882 1676 ἀπολῦσασθαι
932 1622 994 1675 τὸ
1047 1620 1401 1696 προδηλωθὲν
1434 1620 1717 1693 ὑπόδημα,
1745 1621 1990 1696 ἐγείιοῦσι

306 1712 425 1765 vita
458 1716 718 1786 Χριστῷ,
783 1713 886 1779 τήν
939 1710 992 1764 ἐν
1055 1710 1326 1784 Ηνεύματι
1357 1710 1446 1765 καὶ
1475 1710 1706 1783 ἀληθείᾳ
1737 1711 1991 1787 λατρείαν

309 1802 700 1876 προσιέμενοι.

384 2096 411 2121 α
444 2070 619 2131 Οῧτός
675 2068 829 2124 ἐστιν
888 2069 917 2122 6
978 2070 1225 2138 Μωϋσῆς
1275 2069 1303 2123 6
1351 2067 1518 2123 εῐπὼν
1573 2073 1690 2130 τοῖς
1721 2069 1862 2131 υἱοῖς
1895 2069 1995 2125 ’Ia'

317 2186 347 2211 ιι
385 2159 551 2235 p13,).-
606 2161 920 2236 Προφήτην
980 2159 1108 2231 ὑμῖν
1166 2159 1453 2229 ἀναστήσει
1515 2157 1713 2233 Κύριος
1772 2160 1800 2213 6
1859 2160 1988 2221 Θεὸς

331 2274 361 2301 α
396 2251 553 2321 ὕμῶν
584 2249 644 2303 ὲκ
669 2255 771 2304 τῶν
804 2247 1058 2328 ἀδελφῶν
1090 2248 1265 2319 ὑμῶν,
1295 2248 1368 2311 ὡς
1400 2247 1516 2320 ἐμέ.
1554 2272 1584 2299 ››

404 2342 584 2395 Τοῦτο
615 2338 872 2413 ἐπήγαγεν
935 2340 964 2392 6
1030 2338 1291 2412 μακάριος
1353 2334 1645 2415 Στέφανος,
1678 2339 1986 2409 αἰνιττομέ-

318 2450 417 2490 νος
444 2427 633 2490 αὐτοῖς
688 2436 751 2481 τὸ
810 2427 949 2481 κατὰ
998 2427 1222 2502 Χριστὸν
1276 2430 1594 2502 μυστήριον,
1640 2427 1730 2481 καὶ
1780 2425 1985 2481 δεικνὺς

314 2520 398 2574 ὃτι
438 2522 538 2573 Καὶ
573 2520 603 2573 6
638 2524 849 2587 Μωσῆς
879 2518 1002 2593 περὶ
1034 2518 1201 2572 αὐτοῦ
1242 2519 1369 2590 ὑμῖν
1414 2516 1712 2586 λελάληκε.
1750 2525 1987 2593 Ιίροανα-

308 2614 487 2685 ρωνεῖ
516 2609 626 2682 γὰρ
656 2607 827 2662 πὶλιν
853 2608 953 2673 τὴν
979 2610 1075 2660 τοῦ
1126 2604 1265 2661 ἰδίου
1324 2609 1665 2680 γεννήματος
1726 2606 1986 2681 ένανθρώ-

304 2720 479 2769 πησεν
512 2700 539 2753 ὁ
575 2699 712 2760 Θεὸς
744 2698 836 2751 καὶ
872 2699 1056 2770 Πατὴρ
1116 2693 1204 2750 διὰ
1249 2701 1345 2751 τοῦ
1406 2697 1681 2774 πανσὸφου
1713 2698 1982 2766 Μωσέως,

298 2790 393 2843 καὶ
432 2788 518 2843 ὅτι
553 2785 814 2861 δεύτερος
845 2786 925 2859 ἐφ’
973 2788 1121 2858 ἡμᾶς
1171 2787 1477 2858 νομοθέτης
1508 2784 1978 2862 ἀναδειχθήσεται,

293 2877 563 2947 λαλήσας
602 2878 700 2950 μὲν
729 2875 897 2931 πάλιν
942 2881 1058 2937 τοῖς
1106 2875 1487 2954 ἀρχαιοτέροις
1532 2876 1691 2937 αὐτὸς
1726 2873 1792 2930 δι’
1826 2875 1983 2950 ἀγγέ-

282 2968 415 3027 λων
448 2970 549 3024 τὸν
585 2968 784 3039 νόμον,
813 2967 867 3022 ἐν
897 2963 955 3021 δὲ
985 2972 1100 3028 τοῖς
1129 2966 1464 3029 τελευταίοις
1506 2971 1718 3041 καιροῖς
1749 2966 1981 3040 αὐτουρ-

285 3063 395 3133 γὸς
464 3059 545 3121 εἷς
606 3060 761 3130 ἡμᾶς
816 3054 1285 3128 ἀναδεδειγμένος.
1332 3058 1423 3111 καὶ
1472 3063 1664 3125 καινῆς
1715 3053 1979 3126 διαθήκης

294 3146 674 3222 χρηματίσας
747 3144 999 3220 ἅγγελος.
1061 3147 1089 3201 6
1150 3144 1392 3218 μεγάλῆς
1469 3146 1681 3218 βουλῆς
1725 3152 1825 3214 τῆς
1882 3148 1981 3200 τοῦ

2102 572 2245 610 num
2277 574 2406 612 esse
2439 560 2698 614 ostendit
2727 578 2792 616 ac
2822 563 3023 617 Deum.
3059 565 3188 633 [pse
3237 564 3396 619 enim
3430 570 3520 618 est
3546 567 3743 638 magni

2103 646 2336 701 consilii
2374 648 2622 719 Angelus
2651 666 2718 705 ac
2766 652 2866 705 Dei
2900 652 3100 706 Filius.
3135 654 3299 716 Quod
3337 670 3472 725 ergo
3502 656 3755 727 aenigma

2101 752 2207 806 per
2260 737 2725 793 calceamentum
2787 741 3198 811 significatur?
3250 744 3498 798 Necesse
3545 752 3653 810 est,
3688 750 3751 799 ut

2101 825 2333 880 dicatur
2356 829 2822 883 calceamentum
2857 846 2985 885 esse
3016 832 3491 887 mortiﬁcationis
3515 833 3751 904 signum

2100 931 2168 969 ac
2198 918 2612 987 corruptionis.
2637 919 2803 973 Certe
2830 936 3008 974 omne
3033 921 3500 976 calceamentum
3535 924 3751 978 mortui

2091 1004 2219 1074 jam
2251 1007 2523 1061 animalis
2582 1007 2882 1078 reliquum
2942 1016 3048 1063 est.
3106 1011 3347 1081 Oportet
3375 1013 3553 1083 igitur
3583 1029 3753 1067 men-

2100 1100 2218 1149 tem
2251 1112 2401 1160 eam,
2437 1114 2569 1168 quas
2601 1106 2850 1152 conatur
2897 1099 2971 1153 ad
3002 1098 3229 1153 divinas
3260 1101 3580 1155 ascendere
3610 1118 3753 1157 con-

2100 1185 2539 1255 templationes,
2596 1187 2933 1258 Christique
2986 1188 3319 1260 intelligere
3378 1190 3750 1269 mysterium,

2100 1274 2261 1329 omni
2294 1280 2529 1329 mortua
2557 1290 2624 1330 ac
2678 1277 2903 1330 carnali
2957 1276 3100 1330 solvi
3146 1277 3591 1350 imaginatione.
3626 1281 3753 1334 Non

2101 1379 2236 1435 ergo
2267 1380 2373 1434 per
2403 1364 2592 1436 legem
2624 1363 2969 1435 cultumque
3002 1365 3454 1421 ministerialem
3484 1367 3557 1421 ad
3584 1366 3755 1421 Chri-

2100 1457 2254 1507 stum
2286 1458 2537 1523 possunt
2557 1453 2840 1508 accedere
2863 1456 3071 1523 (Moses
3096 1471 3354 1525 namque
3378 1455 3524 1527 legis
3546 1471 3752 1527 perso-

2098 1560 2235 1599 nam
2279 1544 2566 1616 gerebat),
2602 1544 2717 1599 nisi
2750 1545 3247 1616 inquinationem,
3282 1563 3414 1617 quas
3447 1564 3481 1601 a
3510 1552 3751 1617 peccato

2097 1639 2399 1688 contracta
2432 1639 2542 1698 est,
2577 1634 2946 1704 cultumque,
2993 1636 3095 1705 qui
3143 1635 3335 1690 adhuc
3367 1636 3427 1690 in
3460 1636 3664 1707 figuris
3695 1642 3754 1691 et

2095 1722 2324 1777 umbris
2374 1728 2481 1787 est,
2529 1729 2704 1777 antea
2750 1724 3098 1795 repulerint.
3134 1724 3191 1778 Si
3239 1730 3435 1779 autem
3468 1725 3749 1796 praedicto

2017 1832 2063 1896 B
2096 1812 2500 1867 calceamento
2559 1812 2781 1868 absolvi
2840 1813 3044 1880 velint,
3080 1818 3219 1869 tunc
3268 1815 3753 1886 appropinquant

2103 1902 2356 1971 Christo,
2389 1902 2615 1959 cultum
2647 1904 2747 1974 qui
2771 1904 2833 1958 in
2863 1904 3084 1976 Spiritu
3113 1910 3172 1959 et
3199 1904 3443 1962 veritate
3475 1910 3565 1961 est
3593 1922 3749 1960 com-

2102 1992 2442 2062 probantes.

2174 2082 2289 2149 VlI,
2318 2082 2399 2135 37.
2441 2100 2463 2129 ε
2497 2081 2601 2137 Hic
2656 2087 2746 2138 est
2802 2084 3010 2150 Moses,
3044 2082 3145 2155 qui
3179 2082 3327 2138 dixit
3356 2083 3497 2139 filiis
3528 2082 3749 2139 Israel:

2103 2191 2131 2218 ‹‹
2157 2171 2511 2242 Prophetam
2542 2172 2853 2227 suscitabit
2871 2173 3038 2227 vobis
3060 2172 3346 2228 Dominus
3378 2173 3532 2228 Deus
3562 2178 3755 2228 vester

2104 2283 2124 2308 ι
2164 2259 2235 2315 de
2263 2260 2547 2315 fratribus
2577 2262 2808 2325 vestris,
2844 2262 3102 2316 similem
3135 2263 3272 2316 mei.
3304 2284 3331 2310 ››

2170 2350 2289 2403 Hoc
2320 2348 2625 2419 subjunxit
2681 2349 2888 2403 beatus
2948 2351 3281 2420 Stephanus
3332 2350 3606 2406 indicans
3664 2350 3750 2407 eis

2098 2438 2258 2509 quod
2313 2439 2375 2492 in
2434 2439 2666 2493 Christo
2719 2445 3024 2510 peractum
3084 2445 3210 2493 erat
3269 2441 3643 2510 mysterium,
3680 2457 3748 2496 ac

2097 2527 2419 2582 ostendens
2440 2527 2595 2598 quod
2622 2530 2806 2582 Moses
2828 2545 3064 2598 quoque
3086 2528 3157 2584 de
3183 2529 3310 2600 ipso
3333 2529 3566 2583 locutus
3589 2535 3747 2584 esset

2094 2618 2236 2671 illis.
2272 2619 2524 2672 Rursum
2558 2617 2713 2671 enim
2749 2619 2848 2672 70
2883 2619 3033 2672 Deus
3065 2634 3132 2672 ac
3173 2621 3344 2673 Pater
3370 2635 3476 2689 per
3501 2619 3744 2689 sapien-

2096 2707 2393 2761 tissimum
2416 2708 2614 2762 Mosen
2639 2708 2860 2778 proprii
2886 2707 3013 2761 Filii
3039 2708 3511 2763 incarnationem
3536 2707 3744 2780 praedi-

2095 2796 2195 2862 cit,
2228 2796 2433 2866 utqui
2484 2796 2634 2850 alter
2692 2795 2992 2869 legislator
3047 2796 3119 2851 ad
3179 2813 3285 2851 nos
3343 2796 3743 2869 designandus

2096 2891 2283 2941 esset:
2320 2885 2421 2956 qui
2452 2884 2693 2955 quidem
2742 2885 3039 2940 veteribus
3087 2902 3323 2956 quoque
3370 2903 3473 2957 per
3502 2887 3746 2959 angelos

2092 2975 2283 3047 legem
2314 2975 2546 3029 locutus
2568 2981 2757 3029 esset:
2782 2975 3122 3029 novissimis
3152 2981 3350 3029 autem
3383 2976 3749 3047 temporibus

2094 3069 2300 3118 auctor
2329 3064 2455 3135 ipse
2496 3063 2569 3117 ad
2620 3080 2729 3117 nos
2783 3063 3147 3134 designatus,
3183 3064 3283 3135 qui
3318 3080 3531 3118 novum
3566 3070 3750 3120 testa-

2096 3159 2367 3209 mentum
2413 3158 2695 3223 tanquam
2756 3153 2999 3225 angelus
3058 3153 3184 3223 ipse
3243 3153 3520 3219 sanciret,
3552 3155 3751 3227 magni

310 3204 547 3309 ﬁtnisi):
608 3204 848 3308 αγγελοις..
913 3234 1015 3291 Καὶ
1071 3235 1232 3288 τοῦτὸ
1289 3234 1400 3289 ἐστι
1451 3231 1654 3305 δηλοῦν
1715 3234 1797 3299 τὸ,
1834 3258 1861 3284 ‹‹
1893 3234 1982 3295 Ὠς

2104 3204 2366 3209 ηηωπ--
2419 3204 2695 3223 ,ή-Ἰηψ
2760 3204 2995 3225 "hanc-
3244 3204 3749 3227 -ﬂ__-_---,---_o_-_

2104 3242 2330 3299 :onsilii
2390 3243 2579 3297 Patris
2633 3242 2878 3311 angelus
2928 3243 3047 3296 sive
3097 3243 3382 3298 nuntius:
3416 3249 3474 3297 et
3504 3244 3614 3298 hoc
3646 3260 3749 3315 per

502 3349 529 3373 ιο
587 3327 815 3379 τουτέστι
869 3322 1197 3395 νομοθέτην.
1268 3326 1560 3404 Προφήτην
1611 3320 1667 3377 δὲ
1715 3321 1874 3378 κάλεῐ
1901 3323 1991 3378 τὸν

320 3419 448 3472 τῶν
474 3419 766 3493 προφητῶν
798 3416 993 3489 Κύριον
1031 3411 1120 3468 διὰ
1146 3414 1209 3467 τὸ
1242 3414 1596 3488 ἀνθρώπινον.
1634 3436 1661 3464 ‹‹
1692 3418 1777 3475 Ὠς
1808 3412 1925 3485 ἐμὲ,
1962 3439 1983 3468 ι

310 3503 749 3577 έξσιθενημένον
779 3505 868 3581 ὑφ’
897 3505 971 3558 ὧν
1006 3499 1115 3557 ἔδει
1141 3510 1461 3574 τιμηθῆναι.
1494 3502 1782 3577 Ἑκάτερος
1819 3503 1989 3574 νόμον

324 3590 523 3663 ἔδωκε,
588 3599 794 3666 σημεῖα
851 3593 1115 3667 πρότερον
1171 3595 1424 3661 ποιήσας·
1481 3590 1607 3647 ἀλλ’
1657 3589 1785 3647 οὐδὲ
1816 3592 1989 3654 οὕτως

322 3683 505 3738 αὐτῶν
540 3680 837 3759 οὐδετέρου
866 3680 1144 3753 ἠθέλησαν
1181 3682 1501 3740 ὑπακοῦσαι.

392 3980 420 4004 α
462 3952 649 4010 Αὐτοῦ
691 3950 1005 4008 ἀκούσεσθε.
1066 3950 1239 4014 Οὗτός
1293 3950 1434 4006 ἐστιν
1468 3950 1497 4005 6
1526 3951 1813 4026 γενόμενος
1845 3950 1896 4005 ἐν
1923 3953 1991 4024 τῇ

323 4070 343 4092 σ
379 4041 664 4113 inligati;
694 4040 747 4095 ἐν
796 4044 865 4113 τῇ
926 4040 1118 4115 ἐρήμῳ
1182 4040 1315 4112 μετᾶ
1362 4044 1458 4096 τοῖ’)
1514 4034 1747 4114 ἀγγέλου
1779 4043 1869 4094 τοῦ
1900 4038 1995 4095 λά-

318 4157 347 4183 ιι
380 4130 626 4192 lto-3v“:
694 4130 839 4200 αὐτῷ
892 4131 943 4184 ἐν
998 4134 1077 4203 τῷ
1134 4125 1249 4205 ὄρει
1308 4133 1455 4199 Σινᾷ,
1491 4130 1713 4183 καὶτῶν
1746 4129 1993 4204 πατέρων

322 4247 349 4272 α
383 4225 579 4291 ἡμῶν.
615 4221 716 4283 Ὀς
778 4217 990 4293 ἐδέξατο
1049 4218 1212 4294 λόγον
1277 4223 1452 4289 ζῶντα
1507 4216 1702 4273 δοῦντα
1740 4221 1896 4290 ἡμῖν.
1929 4221 1996 4299 ’ῼ

318 4334 351 4362 α
384 4312 494 4368 οὐκ
524 4308 811 4381 ἠθέλησαν
870 4310 1106 4379 ὑπήκοοι
1159 4310 1405 4384 γενέσθαι
1456 4309 1509 4363 οἱ
1554 4309 1779 4383 πατέρες
1810 4310 1992 4381 ἡμῶν,

323 4422 355 4451 α
390 4399 525 4457 ἀλλ’
558 4400 855 4455 ἀπώσαντο
915 4399 1007 4453 καὶ
1065 4398 1401 4476 ἐστράφησαν
1450 4402 1519 4472 τῇ
1575 4394 1772 4473 καρδίᾳ
1818 4397 1995 4453 αὐτῶν

326 4515 355 4540 κ
386 4488 470 4552 εἷς
514 4487 828 4563 Αἴγυπτον,
868 4488 1111 4550 εἶπόν-τες
1166 4487 1245 4561 τῷ
1296 4487 1531 4563 Ἀαρών·
1588 4488 1821 4558 Ποίησον
1856 4489 1992 4560 ἡμῖν

2096 3332 2156 3387 id
2186 3332 2582 3404 significatum
2615 3337 2705 3387 est
2734 3332 2891 3402 quod
2922 3332 3160 3399 dicitur,
3192 3356 3215 3380 ι(
3251 3333 3516 3388 Similem
3551 3332 3689 3396 mei,
3719 3354 3748 3383 ››

2095 3422 2207 3478 hoc
2265 3427 2355 3476 est
2410 3421 2833 3493 legislatorem.
2893 3423 3071 3476 Vocat
3138 3427 3336 3476 autem
3397 3423 3749 3494 prophetam

2098 3511 2412 3566 Dominum
2492 3510 2918 3581 prophetarum
2974 3516 3215 3583 propter
3271 3511 3746 3568 humanitatem:

2100 3621 2127 3650 υ
2158 3599 2416 3656 similem
2474 3600 2612 3667 mei,
2648 3621 2675 3648 »
2743 3605 3151 3671 contemptum
3181 3601 3253 3655 ab
3293 3601 3387 3656 his
3439 3617 3473 3655 a
3530 3601 3745 3673 quibus

2096 3689 2301 3745 debuit
2331 3688 2630 3743 honorari.
2668 3689 2924 3758 Uterque
2956 3688 3145 3761 legem
3179 3688 3359 3752 dedit,
3400 3689 3583 3760 signis
3613 3690 3743 3760 pri-

2097 3796 2262 3836 mum
2293 3780 2503 3834 editis:
2567 3778 2668 3833 sed
2728 3795 2802 3833 ne
2857 3778 2942 3833 sic
2995 3778 3237 3848 quidem
3268 3778 3445 3833 alicui
3476 3777 3745 3848 ipsorum

2099 3869 2509 3938 obtemperare
2541 3867 2874 3922 voluerunt.

2170 3958 2293 4020 Vll,
2324 3958 2523 4010 37-42.
2561 3976 2585 4005 α
2619 3956 2820 4025 Ipsum
2877 3954 3151 4009 audietis.
3204 3955 3306 4009 Hic
3357 3958 3465 4013 est.
3508 3954 3610 4026 qui
3640 3954 3753 4009 fuit

2100 4066 2128 4094 (ι
2164 4044 2225 4098 in
2256 4042 2707 4115 congregatione
2738 4042 2800 4095 in
2834 4042 3067 4095 deserto
3100 4042 3161 4096 in
3192 4048 3394 4098 monte
3424 4043 3582 4101 Sina.
3618 4058 3755 4098 cum

2101 4158 2128 4186 «
2162 4134 2372 4207 angelo
2404 4133 2457 4188 ei
2486 4133 2766 4203 loquente
2798 4133 2859 4186 in
2892 4137 3094 4186 monte
3121 4132 3279 4199 Sina,
3316 4138 3375 4186 et
3403 4149 3536 4189 cum
3568 4134 3753 4205 patri-

2100 4248 2129 4277 «
2161 4224 2271 4280 bus
2321 4222 2560 4285 nostris,
2619 4221 2719 4293 qui
2778 4220 3008 4291 accepit
3064 4220 3307 4275 verbum
3364 4222 3565 4277 vivens
3612 4222 3755 4278 dare

2102 4337 2126 4368 α
2159 4314 2354 4382 nobis,
2409 4312 2505 4368 cui
2557 4312 2884 4368 noluerunt
2956 4311 3303 4367 obedientes
3362 4328 3491 4368 esse
3552 4318 3752 4385 patres

2102 4427 2130 4455 «
2158 4404 2345 4459 nostri
2374 4420 2386 4458 :
2420 4401 2523 4458 sed
2554 4401 2905 4475 repulerunt
2964 4406 3022 4456 et
3078 4402 3344 4457 conversi
3391 4406 3531 4457 sunt
3571 4400 3748 4458 corde

2105 4515 2131 4543 ι(
2162 4509 2268 4549 suo
2296 4493 2357 4548 in
2387 4493 2719 4564 Egyptum,
2750 4491 3017 4546 dicentes
3048 4490 3120 4545 ad
3156 4493 3350 4546 Aaron
3376 4508 3388 4546 :
3429 4491 3541 4546 Fac
3570 4489 3745 4546 nobis

330 4603 353 4631 ι
390 4580 577 4643 θεοὺς,
636 4577 688 4633 οἵ
753 4578 1215 4653 προπορε·5σονται
1271 4580 1455 4651 ἡμῶν.
1513 4578 1574 4635 Ὀ
1631 4579 1737 4653 γὰρ
1782 4584 1984 4648 Μωσῆς

2104 4606 2122 4631 ;‹
2156 4582 2318 4649 deos,
2352 4582 2452 4652 qui
2486 4580 2828 4652 praecedant
2873 4595 3021 4634 nos:
3076 4580 3264 4634 Moses
3295 4580 3454 4635 enim
3488 4580 3604 4641 hic,
3638 4578 3743 4651 qui

325 4692 355 4720 α
390 4668 581 4732 οὗτος,
639 4668 698 4729 ’ὀς
758 4666 1012 4743 ἐξήγαγεν
1069 4670 1216 4742 ἡμᾶς
1265 4666 1324 4722 ἐκ
1378 4674 1478 4742 γῆς
1526 4667 1825 4743 Αἰγύπτου,
1884 4668 1984 4723 οὐκ.

323 4778 354 4812 ε
386 4757 624 4831 οῗδαμεν
668 4756 725 4813 τί
761 4756 977 4832 γέγονεν
1036 4757 1202 4829 αὐτῷ.
1262 4756 1365 4815 Καὶ
1423 4757 1869 4832 ἐμοσχοποίησαν
1928 4757 1979 4813 ἂν

327 4853 514 4910 «ταῖς
576 4846 813 4920 ἡμέραες
870 4844 1115 4908 ἓκείναις,
1174 4845 1265 4899 καὶ
1329 4845 1599 4918 ἀνήγαγον
1670 4847 1851 4901 θυσίαν
1906 4850 1985 4918 τῷ

326 4960 354 4985 ¢
391 4935 644 5009 εἰδώλῳ,
676 4936 767 4990 καῖ
801 4936 1145 5012 εὐφραίνοντο
1194 4934 1247 4987 ἐν
1296 4939 1413 4997 τοῖς
1442 4932 1620 5009 ἔργοις
1649 4940 1757 4989 τῶν
1786 4939 1986 5011 χειρῶν

332 5050 351 5075 ι
384 5028 597 5081 αὐτῶν.
630 5026 891 5100 Ἐστρεψε
949 5022 1007 5078 δὲ
1061 5024 1089 5077 6
1149 5024 1298 5090 Θεὸς,
1330 5023 1418 5076 καὶ
1450 5022 1756 5098 παρέδωκεν
1790 5024 1985 5088 animi:

328 5138 351 5166 ι
384 5116 674 5189 λατρεῦειν
730 5118 797 5186 τῇ
858 5118 1082 5187 στρατιᾷ
1126 5117 1222 5167 τοῦ
1281 5111 1528 5187 οὐρανῶν
1579 5113 1756 5176 καθὼς
1787 5114 1986 5189 7&7”.

328 5226 519 5260 απται
585 5202 638 5257 ἐν
702 5198 881 5273 βίϐλῳ
936 5206 1044 5257 τῶν
1109 5205 1431 5278 προφητῶψ
1495 5202 1581 5268 Μὴ
1642 5202 1841 5278 σφάγια
1894 5202 1984 5257 καὶ

324 5319 351 5343 ι
384 5295 583 5358 θυσίας
640 5293 1046 5368 προσηνέγκατέ
1105 5312 1197 5363 μοι
1254 5287 1345 5362 ἔτη
1403 5290 1799 5366 τεσσαράκοντα
1834 5291 1886 5348 ἐν
1914 5295 1982 5367 τῇ

327 5408 353 5434 ει
387 5383 616 5460 Epig-4;,
649 5383 803 5445 οἶκος
834 5382 1097 5458 ’1σραήλ;
1134 5404 1161 5433 »

399 5474 608 5529 Σκόπει
660 5472 746 5527 ὅτι
802 5478 1022 5547 πρῶτον
1079 5470 1272 5531 αὐτοὺς
1314 5469 1516 5545 εἷ’σάγει
1557 5468 1743 5533 θυσίας
1770 5470 1984 5546 ἀνενεγ-

325 5564 544 5627 κόντας,
578 5564 667 5619 καὶ
702 5564 827 5618 τότε
853 5567 973 5624 τοῖς
1008 5556 1285 5622 εἰδώλοις.
1322 5559 1468 5614 Ἐπεῖ
1499 5560 1603 5635 πρὸ
1650 5559 1844 5615 τούτου
1897 5560 1988 5614 οὐ-

329 5650 509 5728 δαμοῦ
535 5655 726 5718 θυσίας
785 5649 989 5729 ὄνομα,
1047 5647 1193 5709 ἀλλὰ
1244 5650 1633 5726 προστάγματα
1673 5654 1865 5724 ζῶντα,
1897 5650 1986 5708 καὶ

2098 4696 2117 4721 ι
2150 4670 2351 4727 eduxit
2383 4686 2492 4725 nos
2524 4668 2594 4723 de
2642 4675 2798 4723 terra
2842 4666 3089 4738 Egypti,
3123 4668 3424 4723 nescimus
3456 4667 3602 4740 quid
3640 4684 3740 4724 ac-

2099 4783 2119 4810 ι
2156 4758 2367 4815 ciderit
2394 4759 2466 4813 ei.
2500 4759 2571 4811 Et
2594 4756 2868 4811 fecerunt
2891 4755 3138 4811 vitulum
3175 4756 3237 4810 in
3268 4756 3477 4813 diebus
3507 4758 3649 4823 illis,
3684 4762 3743 4814 et

2101 4870 2128 4901 α
2158 4848 2502 4904 obtulerunt
2530 4846 2784 4900 hostiam
2832 4844 3014 4907 idolo,
3065 4861 3133 4899 ac
3175 4844 3536 4902 laetabantur
3564 4863 3743 4919 super

2095 4960 2123 4988 «
2157 4936 2435 5010 operibus
2462 4950 2747 4989 manuum
2806 4949 3068 4988 suarum.
3120 4934 3419 4990 Convertit
3448 4952 3509 4991 se
3540 4944 3741 4991 autem

2099 5048 2122 5079 α
2157 5028 2310 5082 Deus
2343 5030 2396 5077 et
2428 5022 2671 5079 tradidit
2702 5039 2824 5091 eos,
2875 5029 2940 5077 ut
2988 5024 3254 5080 colerent
3284 5026 3556 5080 militiam
3587 5024 3740 5092 cceli,

2099 5138 2126 5167 ‹‹
2158 5116 2309 5171 sicut
2339 5114 2622 5184 scriptum
2656 5117 2745 5167 est
2774 5112 2836 5166 in
2874 5112 3024 5168 libro
3079 5115 3505 5186 Prophetarum
3536 5130 3550 5167 :
3581 5115 3744 5169 Nun-

2098 5229 2126 5256 ‹‹
2158 5205 2301 5277 quid
2332 5205 2599 5259 victimas
2632 5208 2690 5257 et
2726 5203 2950 5257 hostias
2981 5203 3279 5259 obtulistis
3310 5204 3456 5257 mihi
3488 5203 3742 5274 quadra-

2099 5316 2127 5347 «
2158 5296 2318 5368 ginta
2349 5293 2521 5348 annis
2560 5292 2624 5347 in
2650 5292 2905 5359 deserto,
2939 5291 3149 5347 domus
3180 5290 3410 5347 Israel?
3440 5313 3468 5341 ››

2168 5474 2490 5531 Considera
2519 5472 2678 5545 quod
2721 5473 2979 5544 primum
3037 5471 3267 5526 inducit
3295 5487 3396 5527 eos
3426 5472 3747 5529 offerentes

2097 5566 2342 5629 hostias,
2376 5569 2434 5619 et
2465 5569 2604 5618 tunc
2636 5562 2792 5634 quod
2838 5577 2936 5617 eas
2994 5559 3170 5615 idolis
3199 5560 3566 5616 obtulerunt.
3599 5562 3743 5617 Nam

2095 5662 2271 5715 antea
2297 5668 2595 5729 nusquam
2624 5651 2923 5710 invenitur
2961 5650 3148 5715 θυσίας
3181 5667 3422 5720 nomen,
3454 5651 3560 5709 sed
3590 5667 3741 5725 pra)-
