4098 6260
404 332 517 402 14⁸1

1525 327 1956 391 (ECUMENII
1999 328 2311 391 TRICCE
2355 326 2712 388 EPlSCOPI

3713 330 3818 391 148

403 475 576 542 cepta
625 471 798 525 erant
851 467 923 524 de
973 465 1116 523 vivis
1147 472 1208 524 et
1245 467 1637 524 rationalibus
1667 467 2052 523 animalibus.-

2180 463 2332 539 λόγια
2362 469 2553 536 ζῶντα.
2590 463 2835 538 Παράγει
2886 461 2945 518 δὶ
2979 465 3076 533 τὴν
3132 461 3439 538 μαρτυρίαν
3488 460 3594 541 οὔχ
3623 460 3818 533 ἁτλῶς,

403 559 829 626 Testimonium
862 562 1059 612 autem
1119 558 1346 613 inducit
1399 574 1516 612 non
1573 563 1917 629 utcumque,
1947 556 2052 611 sed

407 649 564 722 quod
594 647 868 704 ostendat
897 647 1123 702 nullam
1183 663 1312 702 esse
1371 648 1696 702 hostiarum
1732 647 2055 702 necessita-

406 744 548 805 tem,
583 739 642 793 in
702 754 769 792 eo
827 737 986 809 quod
1042 737 1161 792 ait:
1223 737 1498 808 Nunquid
1558 737 1823 792 victimas
1868 743 1926 790 et
1957 736 2058 790 ho-

406 829 569 892 stias,
603 834 740 895 etc.,
773 844 841 883 ac
872 827 920 882 si
951 827 1148 882 dicat:
1201 827 1400 881 Dicere
1449 844 1567 882 non
1619 828 1864 898 potestis
1896 825 2056 897 quod

405 933 540 972 eum
569 917 685 972 Deo
717 915 1154 982 sacriﬁcaretis,
1199 915 1376 970 etiam
1410 916 1530 970 illis
1560 915 1918 981 otl‘erebatis,
1952 913 2056 970 sed

404 1006 524 1062 illis
555 1006 814 1078 primum
846 1004 1221 1060 immolastis.
1285 1005 1354 1060 Et
1409 1005 1534 1062 haec
1585 1005 1826 1077 quidem
1858 1005 1919 1058 in
1952 1003 2056 1058 de-

404 1101 561 1153 serto
594 1095 694 1151 ubi
726 1095 1073 1168 longissima
1101 1094 1213 1150 fuit
1243 1111 1408 1151 mora
1437 1100 1646 1151 vestra.
1685 1095 1827 1150 Vide
1858 1101 2056 1151 autem

402 1185 692 1255 integram
725 1185 1092 1252 concionem,
1118 1201 1301 1253 quam
1324 1184 1555 1240 fortiter
1585 1189 1642 1239 et
1672 1184 1895 1257 absque
1919 1184 2055 1240 odio

402 1275 466 1330 in
523 1279 647 1330 tota
699 1274 938 1330 illorum
991 1275 1369 1330 accusatione
1420 1281 1774 1346 perseveret,
1826 1280 2057 1330 tantum

402 1380 526 1420 non
557 1363 794 1419 dicens:
827 1365 896 1419 Et
918 1364 963 1419 si
989 1363 1273 1435 templum
1303 1364 1553 1419 dixerim
1585 1362 2053 1431 dissolvendum,

403 1457 464 1508 et
495 1454 586 1508 τι
632 1452 908 1507 instituta
933 1453 1278 1525 hostiasque
1310 1453 1705 1513 immutanda,
1738 1453 1891 1509 nihil
1922 1452 2057 1508 novi

406 1540 545 1596 dixi.
581 1543 768 1597 Moses
800 1541 1119 1612 siquidem,
1155 1542 1217 1596 in
1276 1559 1392 1612 quo
1439 1542 1764 1613 plurimum
1817 1542 2057 1614 gloriari

405 1628 712 1694 videmini,
745 1629 918 1683 annis
942 1628 1333 1702 quadraginta
1356 1645 1550 1700 neque
1575 1629 1798 1684 hostias
1820 1629 2054 1696 obtulit,

407 1734 602 1790 neque
635 1718 924 1788 templum
983 1718 1188 1778 erexit,
1233 1717 1339 1772 sed
1387 1735 1580 1789 neque
1631 1717 1829 1785 David,
1863 1733 2056 1788 neque

2166 552 2313 610 ἀλλᾶ
2343 557 2431 609 καὶ
2456 556 2516 608 τὸ
2552 557 2626 625 μή
2662 555 2802 609 εἶναι
2863 553 3050 628 χρείαν
3108 559 3218 608 τῶν
3265 557 3471 618 θυσιῶν
3507 549 3730 620 δεικνὺς,
3762 551 3810 607 ἐν

2163 649 2242 716 τῷ
2272 644 2472 718 λέγειν.
2511 645 2598 712 Μή
2631 645 2849 718 σφάγια,
2883 643 2969 698 καὶ
3025 641 3167 713 ἑξῆς,
3221 642 3332 696 ἀντὶ
3363 647 3484 708 τοῦ,
3517 642 3636 697 Οὐκ
3663 641 3813 718 ἔχετε

2166 732 2333 787 εἰπεῖν
2367 733 2451 789 ὅτι
2505 733 2610 787 ἀπὸ
2667 737 2764 788 τοῦ
2827 731 2969 796 θῦειν
3022 737 3101 804 τῷ
3159 736 3277 804 Θεῷ
3303 732 3582 793 κάκείνοις
3615 731 3806 802 ἐθ·3ετε,

2165 821 2293 878 ἀλλ’
2348 822 2571 884 ἐκείνοις
2629 823 2890 897 πρότερον
2950 821 3188 888 ἐθύσατε,
3243 823 3333 876 καὶ
3391 825 3582 886 ταῦτα,
3634 818 3684 875 έν
3740 825 3807 896 τῇ

2166 910 2360 983 ἐρήμῳ
2417 906 2542 974 ἔνθα
2601 912 2752 983 ὑμῶν
2810 913 3194 985 προειστήκειν
3259 909 3527 984 μάλιστα.
3595 911 3732 983 Ὅρα
3761 908 3814 966 δε

2163 1005 2336 1056 πᾶσαν
2367 1003 2466 1070 τὴν
2497 998 2873 1076 δημηγορίαν,
2908 1005 3026 1061 πῶς
3083 1001 3330 1074 ἱσχυρῶς
3369 998 3463 1054 καὶ
3497 999 3816 1075 ἀνεπαχθῶς

2159 1089 2378 1145 ἵσταται
2411 1091 2547 1164 πρὸς
2579 1088 2716 1158 ’ὀλην
2758 1091 2937 1147 αὐτῶν
2969 1092 3070 1160 τὴν
3119 1089 3486 1164 κατηγορίαν,
3522 1088 3818 1165 μονονουχὶ

2164 1181 2361 1256 λέγων,
2393 1179 2475 1235 ὅτι
2523 1183 2626 1238 Καὶ
2677 1179 2828 1237 εἶπον
2879 1179 2971 1235 τόν
3007 1201 3065 1236 τε
3092 1180 3217 1236 ναὸν
3253 1179 3610 1250 λυθήσεσθαι,
3641 1180 3730 1235 καὶ
3757 1201 3822 1239 τα

2166 1267 2260 1339 ἔθη
2293 1269 2517 1332 καὶτὰς
2559 1268 2746 1332 θυσίας
2806 1268 3235 1346 ἀλλαγήσεσθαι,
3292 1267 3446 1325 οὐδὲν
3506 1267 3624 1344 ε’μι
3677 1267 3816 1341 ξένον

2167 1358 2422 1433 εἴρηκώς.
2485 1365 2688 1427 Μωσῆς
2747 1358 2874 1433 γὰρ,
2928 1357 3009 1434 ἐφ’
3062 1359 3108 1431 ᾧ
3161 1360 3302 1437 μέγα
3343 1363 3564 1433 φρονεῖν
3599 1356 3822 1430 δοκεῖτε,

2168 1447 2260 1520 ἔτη
2319 1451 2719 1524 τεσσαράκοντα
2805 1445 2930 1505 οὔτε
3006 1449 3192 1511 θυσίας
3257 1451 3651 1522 προσήνεγκεν,
3705 1447 3820 1503 οῧτε

2165 1538 2291 1594 ναὸν
2323 1537 2631 1608 ἀνέστησεν.
2666 1537 2824 1596 Ἀλλ’
2869 1535 2994 1594 οὐδὲ
3042 1536 3225 1606 Δαυῗδ,
3277 1535 3404 1594 οὐδέ
3434 1560 3520 1598 τις
3551 1536 3739 1592 ἄλλων
3771 1534 3818 1589 ἐν

2165 1631 2244 1699 τῷ
2277 1629 2444 1701 μέσῳ,
2473 1627 2651 1685 καίτοι
2703 1625 3367 1702 κατακληροδοτουμένης
3401 1629 3532 1699 ὑμῖν
3567 1631 3663 1691 τῆς
3695 1633 3814 1700 γῆς.

2168 1717 2346 1776 Ἀλλὰ
2371 1717 2461 1772 καὶ
2496 1718 2548 1772 οἱ
2581 1724 2856 1796 προφῆται
2916 1717 2990 1778 ὡς
3052 1718 3129 1790 μή
3171 1713 3298 1772 ὅντα
3348 1717 3619 1794 ἀναγκαῖα
3657 1719 3818 1771 ταῦτα

410 1807 708 1880 quispiam
738 1806 993 1862 aliorum
1017 1807 1080 1861 in
1108 1806 1306 1862 medio
1335 1807 1686 1878 positorum,
1716 1805 1894 1876 idque
1926 1822 2062 1862 cum

2180 1807 2313 1862 οὕτω
2364 1808 2485 1882 περὶ
2546 1806 2722 1861 αὐτῶν
2763 1807 3174 1886 ἀποφαίνονται.
3217 1807 3427 1874 Μωσῆν
3482 1803 3540 1862 δὲ
3586 1809 3676 1858 νῦν
3708 1809 3818 1866 πῶς

405 1895 531 1968 jam
563 1901 719 1952 sorte
751 1895 888 1951 data
937 1911 1003 1952 ac
1056 1895 1243 1951 divisa
1271 1895 1433 1950 vobis
1465 1900 1622 1965 esset
1651 1900 1828 1950 terra.
1862 1894 1973 1950 Sed
2005 1901 2065 1952 et

409 1985 716 2057 prophetae
739 1990 1025 2056 tanquam
1049 1983 1120 2039 de
1144 1983 1320 2040 rebus
1344 2001 1463 2039 non
1489 1985 1865 2052 necessariis,
1893 1983 1974 2040 ita
1995 1983 2065 2040 de

411 2074 508 2142 his
530 2074 944 2144 pronuntiant.
969 2075 1091 2140 Quo
1123 2079 1320 2130 autem
1350 2079 1520 2147 pacto
1548 2075 1747 2128 Mosen
1779 2090 1937 2128 nunc
1968 2089 2067 2129 vos

409 2162 619 2230 ulcisci
653 2162 893 2235 fingitis,
928 2179 1107 2235 quem
1155 2163 1506 2236 repulerunt
1550 2167 1609 2218 et
1660 2168 1858 2234 patres
1889 2163 2068 2220 vestri

2177 1897 2583 1972 σχηματίζεσθε
2614 1893 2920 1968 διεκδικεῖν,
2967 1896 3024 1951 ὅν
3077 1897 3363 1951 ἀπώσαντο
3393 1896 3489 1950 καὶ
3522 1897 3577 1950 οἱ
3605 1893 3825 1968 πατέρες

2178 1986 2331 2058 ὑμῶν
2377 1985 2468 2040 καὶ
2526 1985 2719 2058 ὑμεῖς;
2779 1985 2868 2040 καὶ
2926 1984 3118 2049 ἁπλῶς
3176 1983 3264 2040 διὰ
3319 1986 3504 2056 πάσης
3535 1981 3676 2040 ἔστιν
3703 1981 3825 2038 ἰδεῖν

2177 2077 2272 2142 τῆς
2303 2073 2669 2149 δημηγορίας,
2705 2078 2886 2151 σοφῶς
2935 2096 2994 2130 τε
3043 2075 3157 2149 ἅμα
3185 2076 3275 2129 καὶ
3305 2073 3565 2135 ἐπιεικῶς
3595 2071 3683 2128 καὶ
3715 2069 3825 2145 δρι-

2182 2162 2328 2237 μέως
2357 2165 2456 2232 τήν
2485 2163 2812 2238 κατηγορίαν
2845 2165 3020 2218 αὐτῶν
3054 2161 3450 2236 διαλυομένην.

411 2257 472 2308 et
501 2267 600 2308 vos
621 2251 648 2306 τ
679 2251 867 2323 thue
896 2269 1012 2306 uno
1044 2251 1220 2307 verbo
1252 2252 1468 2320 dicam,
1503 2257 1624 2308 tota
1655 2252 1939 2308 concione
1981 2252 2179 2310 videre
2224 2260 2314 2310 est
2360 2271 2538 2327 quam
2583 2255 2885 2327 sapienter
2930 2255 3110 2311 simul
3159 2260 3218 2310 et
3267 2255 3542 2312 modeste
3575 2259 3634 2310 et
3660 2256 3823 2310 acute

412 2341 656 2397 illorum
686 2341 983 2397 accusatio
1013 2341 1388 2399 dissolvatur.

478 2431 600 2496 Vll,
634 2431 721 2484 43.
755 2452 782 2478 «ι
817 2431 887 2484 Et
915 2431 1259 2501 suscepistis
1307 2430 1758 2487 tabernaculum
1806 2431 2054 2496 Moloch.

404 2542 434 2568 «
467 2523 526 2575 et
556 2519 719 2574 sidus
752 2519 852 2575 Dei
884 2520 1060 2575 vestri
1084 2521 1452 2594 Hephpham,
1486 2521 1703 2594 ﬁguras
1735 2537 1882 2593 quas
1910 2520 2056 2576 feci-

420 2627 442 2656 ι
479 2610 607 2677 stis,
633 2613 697 2663 ut
727 2609 1054 2665 adoraretis
1085 2625 1205 2666 eas.
1262 2611 1331 2666 Et
1378 2610 1732 2666 transferam
1764 2627 1864 2666 vos
1897 2615 2061 2666 trans

410 2718 439 2746 «
469 2698 854 2769 Babylonem.
889 2720 918 2748 ››

479 2787 728 2848 Moloch.
763 2788 881 2842 sive
926 2787 1217 2843 Molchom
1275 2788 1512 2844 dicitur.
1545 2789 1682 2845 Erat
1712 2794 1912 2844 autem
1945 2789 2058 2844 hoc

411 2875 798 2931 simulacrum
822 2876 1228 2943 Moabitarum,
1255 2877 1482 2933 habens
1507 2877 1763 2949 lapidem
1794 2884 2062 2949 transpa-

407 2970 641 3033 rentem
672 2982 740 3020 ac
771 2965 1097 3034 pretiosum
1139 2967 1199 3021 in
1249 2966 1487 3021 modum
1539 2967 1767 3022 luciferi
1801 2974 2067 3024 extrema

409 3053 624 3108 frontis
655 3061 841 3126 parte.
877 3056 1223 3127 Bephpham
1255 3072 1388 3111 vero
1423 3056 1650 3128 species
1681 3063 1771 3112 est
1800 3057 2064 3112 tenebra-

414 3159 568 3201 rum.
631 3146 773 3200 Nam
835 3161 968 3200 cum
1023 3145 1392 3201 ascendisset
1444 3148 1630 3203 Moses
1678 3148 1740 3202 in
1774 3152 2064 3215 montem,

414 3231 822 3303 conflaverunt
849 3233 1100 3289 vitulum
1160 3240 1218 3288 et
1273 3235 1564 3304 provoluti
1595 3242 1734 3291 sunt
1761 3237 1834 3290 ad
1868 3235 2064 3292 cultus

413 3327 732 3386 astrorum.
765 3321 1040 3393 factoque
1089 3322 1472 3379 tabernaculo
1512 3330 1849 3380 statuerunt
1877 3326 2064 3380 simu-

410 3408 660 3472 lacrum,
691 3410 850 3480 quod
881 3411 1259 3481 appellarunt
1305 3413 1552 3479 Moloch.
1587 3415 1688 3468 Est
1715 3421 1912 3469 autem
1945 3416 2066 3470 Mo-

413 3499 569 3565 loch,
605 3501 654 3552 si
703 3499 837 3570 quis
873 3500 1316 3572 interpretetur,
1370 3518 1472 3558 rex
1523 3518 1750 3569 eorum,
1782 3503 2070 3575 Rephpha

414 3604 552 3644 vero
586 3587 866 3654 tenebrae,
928 3595 1030 3644 aut
1087 3591 1420 3645 excascatio.
1484 3591 1839 3664 Susccpistis
1867 3592 2068 3663 itaque

419 3678 868 3734 tabernaculum
903 3679 1148 3736 Moloch.
1185 3680 1296 3734 hoc
1355 3687 1447 3735 est
1502 3680 1655 3752 regis
1684 3681 1898 3746 vestri;
1935 3681 2068 3752 quis

415 3773 616 3825 autem
650 3767 750 3823 ille
779 3768 911 3823 est?
934 3771 1170 3824 Astrum
1205 3769 1305 3823 Dei
1335 3770 1509 3823 vestri
1536 3771 2069 3842 liephpliamquod

416 3858 599 3914 etiam
651 3857 763 3911 fuit
809 3857 972 3912 vobis
1021 3857 1094 3912 ad
1146 3859 1622 3914 exczrcationem.
1675 3859 2072 3917 Obtenebrata

418 3953 559 4001 sunt
587 3948 747 4002 enim
776 3946 956 4002 corda
990 3953 1200 4002 vestra.
1236 3948 1523 4013 Quoniam
1558 3953 1756 4003 autem
1788 3949 2069 4005 Moabita-

414 4051 545 4090 rum
607 4035 900 4091 insaniam
959 4035 1316 4107 explevistis.
1381 4055 1512 4109 qum
1572 4039 1839 4095 Damasci
1883 4039 2072 4095 vicina

417 4123 576 4196 regio
621 4129 730 4186 est,
777 4131 1090 4195 prepterea
1141 4126 1586 4197 proficiscimini
1637 4135 1797 4184 trans
1857 4129 2070 4184 Dama-

417 4230 605 4272 scum.
639 4213 751 4269 hoc
807 4219 916 4280 est,
973 4215 1032 4270 in
1094 4215 1472 4288 Babylonem.
1508 4219 1577 4272 Et
1613 4217 1755 4274 licet
1784 4220 2074 4291 propheta

417 4303 654 4364 dixerit.
715 4325 743 4354 ‹‹
799 4304 984 4359 Trans
1039 4303 1390 4360 Damascum
1442 4327 1469 4355 »ο
1531 4305 1692 4378 (nam
1761 4307 1842 4362 ita
1895 4307 2074 4364 habet

420 4390 730 4447 translatio
775 4390 1198 4462 Septuaginta),
1245 4391 1453 4448 beatus
1503 4397 1700 4447 tamen
1742 4394 2072 4464 Stephanus

421 4482 524 4549 ait,
558 4505 582 4531 ‹‹
609 4483 792 4538 Trans
826 4481 1205 4554 Babylonem,
1243 4504 1269 4530 ››
1322 4499 1578 4553 sequens
1609 4481 1928 4538 editionem
1963 4485 2071 4540 He-

424 4570 741 4640 braeorum,
766 4571 854 4627 vel
878 4571 1033 4643 quod
1059 4571 1350 4628 terminus
1373 4572 1873 4627 Damascenorum
1901 4572 2072 4644 Syro-

427 4677 680 4731 rumque
712 4663 968 4735 regionis
1001 4662 1079 4717 sit
1109 4661 1392 4734 Babylon.

499 4749 610 4812 Vll,
644 4752 823 4807 44-46.
874 4772 900 4803 ιι
929 4751 1398 4808 Tabernaculum
1447 4750 1773 4806 testimonii
1824 4750 1931 4807 fuit
1967 4769 2069 4824 pa.-

421 4860 462 4887 ‹‹-
485 4837 677 4893 tribus
702 4840 922 4895 nostris
950 4841 1012 4896 in
1039 4841 1295 4906 deserto,
1329 4840 1482 4895 sicut
1528 4839 1902 4897 ordinaverat
1948 4841 2069 4899 illis

420 4927 732 5000 «loquens
763 4927 837 4984 ad
891 4930 1111 4994 Mosen,
1164 4933 1228 4985 ut
1281 4930 1502 4988 faceret
1559 4930 1710 4987 illud
1740 4933 2069 4989 secundum

421 5037 450 5066 <‹
479 5017 730 5073 formam
761 5033 940 5090 quam
989 5019 1231 5075 viderat.
1285 5019 1451 5085 Quod
1499 5021 1677 5077 etiam
1706 5021 2072 5079 induxerunt

421 5112 682 5180 «patres
714 5107 926 5172 nostri,
985 5108 1086 5180 qui
1149 5115 1566 5165 successerunt
1621 5127 1756 5166 cum
1811 5112 1949 5167 Jesu
2008 5113 2070 5169 in

423 5217 450 5243 α
487 5195 930 5268 possessionem
981 5197 1269 5270 gentium,
1331 5215 1478 5269 quas
1534 5199 1762 5272 expulit
1827 5201 1979 5256 Deus
2035 5217 2072 5256 a

417 5305 446 5332 «
481 5284 631 5340 facie
656 5291 890 5357 patrum
926 5291 1289 5355 nostrorum,
1321 5303 1509 5360 usque
1556 5289 1631 5345 ad
1678 5290 1773 5346 72
1803 5289 1931 5345 dies
1958 5291 2069 5346 Da-

414 5393 443 5421 «
475 5373 590 5438 vid,
619 5375 721 5444 qui
754 5379 963 5430 nactus
994 5380 1086 5430 est
1113 5377 1364 5446 gratiam
1409 5394 1605 5432 coram
1640 5379 1778 5445 Deo,
1816 5383 1874 5433 et
1901 5379 2073 5450 petiit

415 5484 442 5511 «
475 5467 543 5517 ut
565 5462 863 5519 inveniret
887 5464 1335 5522 tabernaculum
1365 5467 1484 5523 Deo
1511 5467 1708 5523 Iacob.
1744 5489 1772 5517 ››

490 5553 960 5614 Tabernaculum
1019 5557 1365 5625 testimonii,
1426 5559 1538 5616 hoc
1615 5565 1705 5616 est
1760 5558 2071 5631 jussorum

425 5643 546 5711 Dei,
608 5645 767 5716 quod
821 5646 1272 5706 tabernaculum
1330 5650 1473 5707 Mosi
1519 5651 1583 5707 in
1632 5656 1834 5706 monto
1868 5649 2008 5706 Sina
2031 5665 2073 5723 Διι

2101 4653 2150 4718 D

2247 2453 2274 2484 α
2304 2432 2409 2488 Καὶ
2449 2427 2738 2489 ἀνελάϐετε
2791 2433 2893 2500 τήν
2953 2433 3153 2502 σκηνὴν
3203 2435 3302 2487 τοῦ
3351 2429 3580 2506 Μολὸχ.
3632 2429 3721 2486 καὶ
3767 2427 3827 2486 τὸ

2175 2544 2196 2570 α
2233 2519 2426 2594 ἄστρον
2455 2525 2554 2576 τοῦ
2611 2524 2743 2577 Θεοῦ
2799 2521 2950 2593 ὑμῶν
3008 2520 3259 2598 Ῥεφφὰν,
3317 2521 3451 2583 τοὺς
3499 2521 3702 2582 τόπους
3733 2519 3822 2581 οὕς

2172 2633 2199 2660 ιι
2232 2607 2544 2678 ἐποιήσατε,
2577 2614 2895 2683 προσκυνεῖν
2949 2608 3158 2674 αὐτοῖς.
3229 2609 3330 2664 Καὶ
3383 2614 3656 2682 μετοικιῶ
3693 2610 3825 2682 ὑμᾶς

2172 2721 2200 2748 ‹‹
2234 2697 2474 2754 ἐπέκεινα
2509 2693 2856 2761 Βαϐυλῶνος.
2891 2723 2918 2752 »

2243 2789 2468 2866 ΜοΛὸχ,
2501 2787 2624 2857 ἤτοι
2652 2787 2921 2864 Μολχὸμ.
2949 2786 3201 2846 Εἴδωλον
3226 2786 3283 2845 δὲ
3302 2793 3477 2844 τοῦτο
3502 2783 3826 2856 Μωαϐιτῶν,

2173 2875 2327 2930 λίθον
2360 2873 2490 2952 ἔχον
2542 2874 2772 2958 διαφανῆ
2831 2879 2921 2934 καὶ
2983 2878 3250 2950 ἐξαίρετον
3304 2879 3381 2940 εἷς
3431 2878 3714 2958 ἑωσφόρου
3743 2877 3834 2931 τύ·-

2173 2986 2274 3021 πον
2342 2964 2430 3023 ἐπὶ
2489 2968 2746 3039 μετώπου
2805 2966 2995 3043 ἄκρου.
3067 2969 3302 3048 Ῥεφφᾶν
3361 2966 3423 3023 δέ
3491 2968 3634 3025 ἐστιν
3691 2962 3828 3026 εἶδος

2174 3059 2507 3126 σκοτασμοῦ.
2556 3053 2907 3118 Ἀνελθόντος
2960 3058 3062 3131 γὰρ
3123 3057 3196 3119 sic
3257 3056 3317 3112 τὸ
3375 3053 3508 3130 ὅρος
3573 3057 3827 3124 Μωσέως,

2179 3146 2704 3220 μεμοσχοποιήκασί
2760 3165 2818 3200 τε
2881 3146 2972 3201 καὶ
3030 3151 3147 3208 ταῖς
3223 3151 3331 3203 τῶν
3387 3145 3607 3222 ἄστρων
3666 3164 3830 3220 προσ-⁹

2177 3233 2538 3304 εκυλίσθησαν
2600 3232 2895 3308 λατρείαις.
2955 3234 3043 3290 καὶ
3103 3238 3648 3311 σκηνοποιησάμενοι
3680 3233 3832 3302 ἕστη-

2179 3344 2272 3378 σαν
2305 3319 2564 3394 εἶ’δωλον,
2595 3323 2624 3378 ’ὀ
2656 3322 2954 3393 κεκλήκασι
2991 3321 3212 3403 Μολόχ.
3262 3324 3657 3399 Ἐρμηνεῦεται
3687 3320 3740 3378 δὲ
3767 3320 3825 3376 τὸ

2179 3415 2272 3486 μὲν
2325 3411 2548 3492 Μολὸχ,
2602 3411 2855 3488 βασιλεὺς
2911 3413 3113 3482 αὐτῶν,
3161 3415 3367 3494 Ῥειρφα
3414 3412 3480 3472 δὲ
3507 3413 3825 3486 σκοτασμὸς,

2175 3500 2210 3568 ἢ
2241 3499 2542 3576 τύφλωσις.
2604 3499 2756 3558 Ἀνελ
2772 3497 2921 3558 ίϐετε
2974 3502 3154 3558 τοίνυν
3211 3504 3312 3573 τήν
3346 3505 3558 3572 σκηνὴν
3591 3506 3686 3560 τοῦ
3717 3507 3822 3556 M0-

2179 3589 2310 3669 Λὸχ.
2341 3591 2585 3644 τουτέστι
2635 3594 2731 3646 τοῦ
2773 3589 3045 3664 βασιλέως
3095 3593 3270 3665 ὑμῶν.
3301 3591 3394 3654 Τίς
3441 3591 3500 3652 δὲ
3531 3594 3727 3660 οὗτος;
3760 3587 3827 3646 Τὸ

2180 3677 2372 3754 ἄστρον
2406 3683 2502 3734 τοῦ
2535 3683 2673 3733 Θεοῦ
2724 3681 2876 3750 ὑμῶν
2937 3681 3163 3760 Ῥειρφα,
3218 3682 3248 3736 '6
3313 3683 3402 3736 καὶ
3461 3683 3675 3761 γέγονεν
3705 3680 3824 3753 ὑμῖν

2179 3766 2255 3828 εἷς
2288 3764 2589 3842 τύφλωσιν.
2652 3768 3070 3839 Ἐσκοτίσθησαν
3130 3770 3233 3846 γαρ
3287 3771 3343 3824 αἱ
3401 3769 3626 3848 καρδίαι
3661 3770 3827 3842 ὑμῶν.

2178 3852 2402 3922 Ἐπειδή
2439 3853 2495 3912 δὲ
2541 3857 2640 3924 τήν
2687 3860 2794 3911 τῶν
2831 3851 3141 3914 Μωαϐιτῶν
3179 3858 3373 3932 μανίαν
3405 3858 3828 3935 πεπληρώκατε,

2179 3942 2302 4014 ἥτις
2358 3943 2469 4002 ἐστὶ
2527 3945 2720 4019 γείτων
2797 3951 3105 4018 Δαμασκοῦ,
3165 3943 3254 4003 διὰ
3320 3953 3490 4006 τοῦτο
3547 3945 3828 4024 πορεύεσθε

2182 4039 2472 4109 Δαμασκοῦ
2522 4035 2784 4102 ἐπέκεινα,
2841 4038 3138 4106 τουτέστιν,
3201 4036 3277 4099 εἲς
3335 4033 3654 4097 Βαϐυλῶνα.
3688 4033 3749 4092 Εἴ
3776 4029 3831 4088 δὶ

2180 4124 2268 4179 καὶ
2301 4125 2328 4178 6
2357 4126 2610 4199 προήτης
2664 4150 2689 4176 α
2727 4125 2968 4180 ἐπέκεινα
3025 4130 3314 4200 Δαμασκοῦ
3347 4151 3375 4178 ››
3420 4128 3630 4204 εἰρήκει
3671 4122 3826 4201 (οὕτω

2183 4214 2284 4290 γὰρ
2316 4215 2350 4281 ἡ
2393 4217 2498 4267 τῶν
2532 4208 2944 4285 Ἑϐδομήκοντα
2985 4211 3198 4277 ἔκδοσις
3232 4214 3396 4296 ἔχει),
3431 4218 3565 4274 ἀλλ’
3595 4219 3622 4271 6
3655 4211 3825 4287 μακά-

2183 4321 2301 4377 ριος
2333 4299 2598 4380 Στέφανος
2633 4328 2659 4354 ‹‹
2693 4300 2937 4359 ἐπέκεινα
2960 4299 3284 4368 Βαϐυλῶνος
3321 4330 3348 4356 ››
3379 4297 3566 4384 φησὶν,
3598 4304 3826 4362 ἀκολου·

2184 4393 2351 4462 θήσας
2409 4397 2476 4466 τῇ
2536 4389 2799 4466 Ἑϐραίων
2857 4391 3086 4455 ἐκδόσει,
3139 4397 3207 4454 Ἤ
3256 4397 3339 4452 ὃτι
3389 4398 3568 4475 τέρμα
3596 4403 3694 4464 τῆς
3723 4401 3827 4448 Δα-

2185 4486 2474 4555 μασκηνῶν
2507 4483 2594 4538 καὶ
2625 4483 2812 4559 Σύρων
2846 4484 3034 4560 χώρας
3065 4487 3099 4556 ἡ
3133 4482 3397 4544 Βαϐυλὼν
3440 4486 3721 4566 τυγχάνει.

2252 4775 2278 4804 (ι
2313 4751 2376 4810 Ἥ
2407 4752 2582 4822 σκηνὴ
2643 4755 2739 4808 τοῦ
2796 4753 3095 4830 μαρτυρίου
3124 4755 3190 4825 ἦν
3223 4759 3339 4816 τοῖς
3379 4756 3640 4832 πατράσιν
3671 4751 3826 4822 ἡμῶν

2181 4866 2209 4893 ‹‹
2243 4839 2296 4896 ἐν
2329 4845 2398 4915 τῇ
2431 4839 2644 4914 ἐρήμῳ,
2702 4843 2880 4906 καθὼς
2942 4841 3221 4916 διετάξατο
3251 4847 3277 4900 ὁ
3308 4843 3497 4902 λαλῶν
3528 4849 3605 4915 τῷ
3634 4841 3827 4910 Μωσῇ’

2183 4957 2210 4983 ‹‹
2245 4939 2475 5002 ποιῆσαι
2532 4932 2702 5001 αὐτὴν
2761 4935 2902 4990 κατᾶ
2958 4936 3051 4990 τὸν
3107 4935 3298 4998 τύπον.
3353 4937 3410 4992 ’ὀν
3472 4934 3694 5009 ἑωράκει
3733 4928 3828 4984 Ἦν

2179 5047 2222 5099 ‹‹ἱ
2239 5021 2329 5077 καὶ
2362 5020 2654 5101 εἶ’σήγαγον
2697 5020 3072 5098 διαδεξάμενοι
3129 5026 3181 5079 o't
3242 5026 3468 5100 πατέρες
3505 5028 3662 5099 ἡμῶν
3696 5014 3822 5091 μετᾶ

2178 5137 2207 5163 ‹‹
2242 5115 2418 5178 Ἰησοῦ
2476 5113 2526 5169 έν
2583 5119 2652 5188 τῇ
2705 5117 3026 5191 κατασχέσει
3056 5121 3163 5170 τῶν
3193 5114 3385 5186 ἐθνῶν,
3444 5118 3518 5171 ὧν
3575 5111 3758 5183 ἕξωσεν
3790 5105 3818 5160 ὁ

2181 5224 2210 5252 ‹‹
2243 5202 2373 5266 Θεὸς
2402 5202 2510 5256 ἀπὸ
2555 5206 2854 5274 προσώπου
2907 5209 3014 5260 τῶν
3075 5205 3320 5280 πατέρων
3377 5209 3554 5278 ἡμῶν,
3587 5200 3688 5262 ἓως
3719 5200 3819 5254 τῶν

2185 5315 2209 5342 τί
2241 5292 2466 5366 ἡμερῶν
2497 5290 2680 5346 Δαυῖδ·
2731 5293 2790 5355 ὃς
2850 5294 2970 5368 εὗρε
3031 5294 3191 5370 χάριν
3244 5294 3472 5351 ἐνώπιον
3524 5297 3619 5347 τοῦ
3669 5287 3820 5345 Θεοῦ.

2180 5404 2208 5430 ‹‹
2243 5380 2339 5434 Καὶ
2370 5379 2621 5455 ᾐτήσατο
2649 5381 2821 5456 εὑρεῖν
2851 5385 3117 5455 σκήνωμα
3146 5388 3224 5456 τῷ
3263 5388 3381 5456 Θεῷ
3413 5376 3628 5444 Ἰακώϐ.
3663 5401 3690 5432 ³)

2251 5562 2436 5630 Σκηνή
2467 5563 2564 5614 τοῦ
2627 5561 2948 5637 μαρτυρίου,
3003 5563 3250 5619 τουτέστι
3307 5568 3414 5620 τῶν
3465 5551 3818 5640 προσταγμῷ

2178 5667 2287 5703 των
2319 5651 2415 5702 τοῦ
2446 5651 2600 5704 Θεοῦο
2657 5653 2693 5720 ἡ
2751 5649 2805 5710 ἕν
2864 5655 2944 5724 τῷ
2998 5649 3113 5727 ὄρει
3162 5656 3398 5740 Σινᾷιτῷ
3427 5651 3624 5729 Μωσεῖ
3651 5659 3816 5718 παρι-
