4098 6260
254 362 354 419 HQ

250 585 448 660 τάχθπι
491 588 715 659 αὐτὴν,
784 594 897 649 ἳνα
972 598 1224 672 μάρτυρα
1265 598 1353 651 τὸν
1385 597 1514 651 Θεὸν
1542 593 1765 670 ἔχωσιν,
1813 594 1896 647 δτι
1944 588 1994 643 ἐν

250 680 321 746 τῷ
356 672 480 749 ὄρει
510 681 552 748 ἡ
591 679 936 761 ὑπογραφὴ
977 688 1189 758 ταύτης
1242 687 1450 763 γέγονε,
1483 685 1574 740 καὶ
1634 683 1794 743 αὐτὸς
1828 679 1992 750 αὐτὴν

264 761 569 837 διετάξατο
593 771 685 841 τῷ
710 778 760 826 Μ
774 780 950 829 ωσεῖ.

340 880 370 907 (ί
404 857 697 931 Σολομὼν
734 859 801 917 δὲ
837 862 1220 937 ᾠκοδόμησεν
1272 864 1419 936 αὖτῷ
1477 864 1652 920 οἶκον.
1710 858 1865 918 Ἀλλ’
1889 858 1996 938 οὐχ

291 971 316 998 α
347 948 375 1002 ὸ
401 948 679 1022 Ὕψιστος
714 949 772 1005 ἐν
812 956 1257 1032 χειροποιήτοις
1284 959 1432 1015 ναοῖς
1489 956 1757 1017 κατοικεῖ,
1814 951 1994 1011 καθὼς

303 1062 330 1089 α
360 1037 389 1091 ὸ
418 1040 721 1114 προφήτης
755 1040 943 1116 λεγει”
980 1044 1045 1099 Ὀ
1088 1043 1311 1117 οὐρανός
1370 1064 1464 1114 μοι
1523 1042 1734 1115 θρόνος,
1766 1042 1801 1108 ἡ
1834 1035 1891 1093 δὲ
1920 1040 1993 1112 γῇ

315 1156 342 1181 ιι
376 1128 671 1186 ὑποπόδιον
704 1136 824 1186 τῶν
859 1130 1054 1189 ποδῶν
1088 1155 1213 1206 μου.
1273 1138 1434 1189 Ποῖον
1497 1138 1645 1188 οἷκον
1694 1128 1991 1200 οἰκοδομή·

332 1242 355 1269 α
393 1222 504 1276 σετὲ
534 1241 623 1293 μοι
656 1239 673 1289 ;
706 1219 875 1296 λέγει
908 1223 1136 1297 Κύριος,
1168 1224 1203 1293 ἢ
1233 1222 1317 1285 τίς
1345 1223 1515 1286 τόπος
1558 1228 1658 1289 τῆς
1717 1218 1991 1275 καταπαύ-

322 1338 349 1361 ιι
387 1311 524 1373 σεώς
552 1328 692 1381 μου;
729 1311 869 1386 οὐχὶ
895 1314 931 1381 ἡ
968 1313 1099 1386 χείρ
1132 1332 1236 1384 μου
1270 1310 1505 1382 ἐποίησε
1524 1313 1690 1366 ταῦτα
1721 1306 1893 1363 πάντα
1920 1329 1934 1371 ς
1963 1328 1990 1357 ››

396 1491 491 1561 Τῷ
521 1493 964 1563 τετρακοσιοστῷ
1018 1492 1435 1563 τεσσαρακοστῷ
1494 1484 1598 1543 ἔτει
1651 1492 1750 1556 τῆς
1804 1480 1988 1555 ἐξόδου

316 1581 429 1632 τῶν
460 1578 598 1631 υἱῶν
648 1574 876 1650 Ἰσραὴλ
936 1575 989 1647 ἐξ
1042 1575 1347 1652 Αἰγύπτου,
1405 1574 1605 1648 ἤρξατο
1655 1575 1683 1630 ὁ
1724 1570 1990 1647 Σολομῶν

321 1665 646 1741 οἰκοδομεῖν
681 1667 733 1720 ἐν
770 1666 1140 1741 Ἰερουσαλήμ
1170 1668 1262 1722 τὸν
1311 1667 1459 1738 ναὸν,
1517 1664 1593 1727 ὠς
1623 1666 1657 1734 ἡ
1692 1664 1848 1741 τρίτη
1880 1666 1986 1719 τῶν

322 1754 635 1813 Βασιλειῶν
671 1754 917 1812 διδάσκει
953 1752 1172 1831 βίϐλος.
1205 1756 1302 1811 Διά
1335 1759 1495 1811 τοῦτο
1545 1753 1602 1809 δὲ
1635 1754 1768 1827 μετά
1796 1756 1988 1809 τοσοῦ-

319 1868 412 1901 τον
446 1847 657 1921 χρόνον
683 1853 782 1914 τῆς
804 1843 1070 1901 ἐπανόδου
1100 1853 1203 1915 τῆς
1232 1846 1319 1899 ἀπ’
1344 1844 1624 1919 Αἰγύπτου
1646 1847 1742 1898 τοῦ
1763 1839 1986 1917 Ἰσραήλ

323 1937 353 1991 ὁ
381 1937 511 1997 ναὸς
541 1934 913 2008 ᾠκοδομήθη,
942 1933 1036 1989 ’ἱνα
1066 1938 1133 2007 τῇ
1188 1933 1262 1996 εῖς
1328 1934 1395 1989 1:5.
1426 1932 1527 2007 ὅρη
1591 1931 1985 2002 περιπλανήσει

321 2025 710 2098 ἀποκιμόντες
746 2069 758 2085 ,
817 2025 908 2078 τὸν
965 2020 1061 2079 ἕνα
1134 2024 1301 2079 τόπον
1360 2023 1450 2079 τὸν
1509 2022 1561 2077 ἐν
1620 2019 1986 2096 Ἰερουσαλὴμ

337 2116 349 2135 τ
498 2118 512 2137 ρ
749 2114 771 2128 ⁸
978 2114 992 2129 \
1066 2113 1079 2131 τ
1173 2113 1183 2130 Ι
1368 2113 1377 2130 l
1616 2112 1642 2131 ν
1767 2108 1808 2126 Νι

326 2136 714 2191 αγαπησωσιν,
750 2134 810 2169 ον
843 2116 871 2168 ὁ
903 2121 1033 2174 ﬂeo;
1064 2133 1283 2184 εποιησε
1326 2133 1533 2185 τιμιον.
1565 2115 1730 2167 Ουτοι
1764 2129 1819 2164 οε
1848 2110 1983 2186 βραο

330 2201 444 2266 δεῖς
502 2202 650 2263 ὄντες
725 2202 804 2265 εἰς
860 2201 1087 2265 σύνεσιν,
1144 2200 1232 2255 καὶ
1288 2205 1396 2254 τῶν
1448 2200 1571 2274 περὶ
1620 2199 1754 2254 Θεοδ
1803 2197 1984 2273 λόγων

332 2293 777 2362 ἀνεπιστήμονες,
818 2291 912 2346 καὶ
954 2291 1087 2346 Θεοῦ
1143 2289 1305 2347 πόλιν
1362 2288 1632 2359 οἰηθέντες
1694 2290 1824 2345 εἶναι
1880 2288 1981 2355 τὴν

334 2379 713 2457 Ἰερουσαλήμ,
746 2380 799 2435 ἐν
832 2380 969 2453 αὐτῇ
1012 2377 1083 2447 δὴ
1140 2380 1228 2434 καὶ
1290 2378 1431 2454 μόνῃ
1485 2382 1757 2433 κατοικεῖν
1821 2376 1981 2431 αὐτὸν

320 2472 534 2546 ἔλεγον.
568 2473 784 2547 Σμικρὶ
839 2475 1131 2550 τοιγαροῦν
1182 2468 1501 2541 δοξὶζοντας
1542 2466 1761 2544 ἐλέγχει
1795 2468 1822 2521 ὁ
1853 2466 1983 2527 Θεὸς

314 2564 408 2617 καί
436 2583 594 2642 φησί’
633 2569 799 2616 Ποῖον
820 2561 969 2619 οῗκον
1004 2558 1398 2633 οἰκοδομήσετὲ
1433 2580 1527 2631 μοι
1561 2558 1753 2633 θρόνον
1796 2550 1985 2633 ἔχοντι

315 2656 405 2709 τὸν
438 2654 699 2727 οὐρανοί,
732 2652 823 2707 καὶ
856 2649 1159 2706 ὑποπόδιον
1189 2653 1287 2720 τήν
1339 2657 1442 2725 γῆν
1480 2670 1493 2719 ;
1526 2647 1673 2707 Ἔδει
1733 2648 1835 2725 γὰρ
1866 2652 1983 2708 τοῖς

317 2741 689 2799 συνεστάλθαι
719 2742 812 2795 καὶ
868 2742 1225 2816 περιωρίσθαι
1283 2739 1477 2800 τόποις
1524 2740 1623 2805 τὴν
1685 2736 1848 2792 αὐτοῦ
1892 2734 1986 2816 φύς

320 2854 404 2887 σιν
442 2831 790 2911 ὑπειληφόσι
820 2829 1126 2900 καταδεῖξαι
1186 2833 1393 2905 σαφῶς,
1451 2827 1535 2883 ὅτι
1594 2848 1653 2883 τε
1705 2824 1789 2897 εἶή
1849 2846 1985 2879 παν-

309 2927 515 2998 ταχοῦ,
546 2920 644 2976 καὶ
677 2925 859 3000 χωρεῖ
888 2920 982 2992 μὲν
1038 2919 1201 2975 αὐτὸν
1254 2916 1433 2981 οὐδὲν,
1490 2918 1609 2987 ἣκει
1667 2913 1723 2972 δὲ
1771 2914 1985 2989 μᾶλλον

310 3009 402 3069 διὰ
432 3016 664 3067 παιτων
695 3010 882 3079 αὐτός,
915 3009 1001 3064 καὶ
1041 3007 1266 3083 πλήρης
1328 3008 1421 3079 μὲν
1453 3008 1480 3063 ὁ
1512 3005 1738 3078 οὐρανὸς
1790 3005 1984 3076 αὐτοῦ,

317 3103 494 3175 μεπὴ
529 3098 590 3156 δὲ
612 3102 652 3169 ἡ
698 3105 800 3174 γῆ,

409 3302 439 3329 ιι
464 3274 972 3357 Σκληροτράχηλοι
1009 3275 1102 3331 καὶ
1166 3272 1532 3349 ἀπερίτμητοι
1562 3276 1631 3348 τῇ
1661 3269 1858 3351 καρδίᾳ
1885 3270 1976 3326 καὶ

342 3394 370 3419 κ
403 3374 518 3431 τοῖς
550 3369 680 3424 ὠσίν
738 3394 765 3421 ιο

409 3458 568 3518 Τι’νος
597 3456 761 3513 ἕνεκεν
816 3456 983 3532 μέχρι
1041 3458 1238 3513 τούτου
1302 3455 1490 3528 πράως
1551 3452 1976 3531 δημηγορήσας,

323 3545 556 3610 ἐνταῦθα
586 3549 839 3628 τραχέως
873 3550 949 3617 τῷ
981 3544 1135 3620 λόγῳ
1163 3543 1431 3622 κέχρηται
1464 3563 1480 3614 ;
1537 3545 1659 3602 "Ut:
1716 3542 1861 3615 ἑώρα
1892 3539 1981 3595 αὖ·

326 3638 447 3713 τοὺς
481 3640 562 3710 μή
599 3641 976 3714 προσέχοντας
1005 3642 1123 3701 τοῖς
1151 3635 1495 3713 λογομένοις’

392 3841 417 3867 κ
445 3819 635 3891 Ὑμεῖς
670 3817 755 3871 ἀεὶ
784 3821 863 3888 τῷ
899 3815 1172 3889 ΙΙνεόματι
1209 3821 1290 3889 τῷ
1319 3815 1453 3892 ἁγίῳ
1484 3814 1842 3871 ἀντιπίπτετε.
1879 3836 1906 3864 »

387 3907 499 3962 οᾶκ
530 3908 681 3972 εἷπε,
714 3910 796 3978 τῷ
863 3910 978 3977 Θεῷ
1035 3905 1403 3969 ἀντιπίπτετε,
1462 3903 1628 3971 ἀλλὰ,
1686 3903 1766 3976 τῷ
1817 3904 1982 3961 Ilvati-

324 4018 453 4069 ματι
486 4001 570 4068 τῷ
603 3994 754 4068 ἁγίιυ
800 3994 988 4057 Οὕτως
1044 3992 1300 4070 οὐδεμίαν
1354 3991 1469 4050 οἶδε
1521 3990 1805 4073 διαφορὰν,
1864 3994 1978 4049 ἐπεὶ

312 4088 401 4141 καῖ
433 4087 501 4140 τὸ
538 4086 768 4156 Πνεῦμα
789 4084 943 4149 Θεὸς,
984 4081 1080 4138 κᾶν
1115 4085 1190 4156 μή
1221 4080 1361 4157 δοκῇ
1392 4088 1508 4145 τοῖς
1540 4082 1737 4144 ἀθέοις.
1799 4083 1980 4155 Ὑμεῖς

318 4176 506 4230 τοίνον
544 4174 659 4243 ἀεὶ,
719 4174 912 4246 ῳησὶν,
973 4174 1314 4230 ἀντιπίπτετε
1369 4177 1448 4246 τῷ
1504 4177 1640 4243 Θεῷ.
1692 4175 1820 4231 Ὅτε
1878 4173 1979 4246 γὰρ

315 4260 588 4321 ἑὸοὗλετο
623 4264 810 4327 θυσίας
842 4264 999 4333 εἶναι,
1052 4261 1151 4317 τύκ
1202 4260 1379 4319 ἒθῦετε
1437 4262 1604 4332 αὐτῷ,
1665 4261 1756 4319 ὅτε
1806 4258 1863 4318 δὲ
1920 4260 1982 4316 οὖ

316 4355 611 4429 βούλεται,
660 4354 832 4417 θύετε.
882 4354 1007 4407 Ὅτε
1058 4352 1292 4423 εἱστήκει
1326 4353 1355 4407 ὁ
1408 4352 1554 4418 ναὸς,
1616 4348 1821 4409 εἴδωλα
1878 4350 1982 4415 ἐθε.

318 4443 605 4519 puts-Sate.
692 4444 819 4500 Ὅτε
904 4441 1160 4517 βούλεται
1235 4442 1411 4519 χωρὶς
1496 4446 1630 4497 ναοῦ
1703 4441 1986 4511 θεραπεύε-

321 4544 471 4601 σθαι,
503 4531 569 4587 τὸ
601 4530 840 4587 ἐναντίον
875 4536 1104 4601 ποιεῖτε,
1135 4531 1306 4604 ὅμοια
1335 4534 1451 4591 τοῖς
1504 4531 1768 4605 πατράσιν
1831 4532 1982 4604 ὑμῶν

327 4618 821 4695 διαπραττόμενοι.

404 4823 426 4852 ι
457 4802 553 4864 Ὠς
583 4802 637 4855 οἳ
668 4801 891 4875 πατέρες
923 4800 1097 4872 ὑμῶν,
1119 4800 1209 4855 καὶ
1244 4799 1417 4872 ὑμεῖς.
1449 4820 1481 4853 ι

397 4892 649 4948 Δείκνυσι
718 4892 782 4946 τὸ
861 4890 1024 4947 κακὸν
1103 4889 1301 4946 ἄνωθεν
1387 4888 1462 4952 εἰς
1532 4888 1726 4954 αὐτοὺς
1773 4888 1981 4961 κατιόν,

321 4981 481 5038 Οἷὶτω
563 4981 656 5035 καὶ
719 4982 748 5035 ὁ
805 4979 1039 5055 Χριστὸς
1096 4978 1291 5051 ἐποίει,
1354 4975 1580 5048 Ἐπειδὴ
1636 4978 1843 5054 μεγάλα
1901 4980 1982 5036 ἀεὶ

320 5071 413 5127 ἐπὶ
442 5076 566 5132 τοῖς
595 5074 859 5145 πατράσιν
893 5066 1127 5145 ηὔχουν.

395 5159 597 5217 «Τίνα
650 5163 760 5216 τῶν
844 5162 1144 5232 προφητῶν
1206 5157 1307 5213 οὐκ
1361 5154 1585 5229 ἐδίωξαν
1648 5156 1699 5213 οἱ
1756 5157 1981 5235 πατέρες

326 5276 353 5301 α
388 5251 587 5322 ὗμῶνς
620 5272 650 5301 »

392 5342 581 5398 Ταῦτα
622 5336 853 5413 λίγοντα
899 5336 992 5391 τὸν
1056 5337 1322 5409 μακάριον
1384 5334 1651 5414 Στέφανον
1697 5334 1981 5408 ἀληθεύειν

324 5430 485 5485 αὐτὸν
542 5426 791 5499 οἴδαμεν,
860 5425 1133 5496 ΙΙνεῦματι
1185 5425 1328 5501 ἁγίῳ
1376 5427 1762 5504 φθεγγόμενον.
1815 5428 1984 5485 Ἀπο-

330 5518 494 5593 δεῖξαι
528 5516 587 5575 δὲ
640 5518 750 5574 ἀπὸ
806 5522 907 5586 τῆς
953 5512 1191 5576 παλαιᾶς
1242 5512 1532 5589 διαθήκης,
1594 5521 1710 5580 πῶς
1774 5517 1983 5596 μέμφε-

398 5700 447 5738 ⁸ο
473 5702 557 5760 ΠΙ
588 5702 732 5789 Reg.
763 5713 847 5769 vx,
880 5710 1047 5769 seqq.
1121 5695 1170 5732 ’ί
1199 5696 1361 5754 Joan.
1393 5712 1468 5767 iv.

1306 373 1710 436 COMMENT.
1760 372 1846 431 IN
1893 367 2097 427 ACTA
2141 364 2750 430 APOSTOLORUM.

254 493 545 570 δειχθεῖσα
585 500 712 557 ὑπὸ
748 510 941 573 Θεοῦ,
980 507 1209 583 ἕλεγετο
1237 505 1327 563 διὰ
1370 509 1434 563 τὸ
1496 508 1597 562 ὑπὸ
1645 508 1777 560 Θεοῦ
1830 501 2003 558 διατε-

3646 370 3765 453 rso,

2030 504 2081 569 Α
2114 502 2231 557 Deo
2262 501 2731 557 demonstratum
2766 508 2871 557 est.
2906 505 3224 574 Propterea
3278 510 3477 558 autem
3534 504 3757 562 dictum

2102 596 2192 646 est
2221 592 2417 663 ipsum
2440 608 2474 647 a
2501 592 2616 647 Deo
2648 593 3035 647 constitutum
3060 608 3209 657 esse,
3233 598 3299 647 ut
3327 594 3506 647 Deum
3541 598 3751 650 testem

2100 680 2406 746 haberent,
2442 681 2599 753 quod
2631 682 2761 753 ejus
2787 682 3105 737 delineatio
3132 683 3193 736 in
3238 688 3440 738 monte
3470 682 3665 751 fuerit,
3692 688 3753 740 et

2098 771 2223 841 ipse
2258 771 2405 825 illud
2440 772 2579 826 Mosi
2614 771 3031 843 descripserat.

2170 862 2285 925 Vll,
2321 864 2385 915 47
2420 865 2507 916 50.
2546 885 2566 910 ‹‹
2605 862 2883 916 Solomon
2936 868 3135 917 autem
3199 862 3509 918 aedificavit
3555 865 3605 918 ei
3640 863 3742 919 do-

2099 972 2126 1000 «
2160 967 2341 1005 mum.
2376 951 2487 1005 Sed
2519 951 2970 1006 Excelsissimus
3004 952 3104 1005 ille
3138 968 3256 1006 non
3297 952 3355 1006 in
3394 953 3746 1009 manufactis

2104 1061 2130 1091 α
2162 1039 2398 1111 templis
2436 1041 2680 1099 habitat.
2741 1041 3243 1111 quemadmodum
3296 1043 3379 1096 ait
3409 1043 3741 1114 Propheta:

2097 1154 2123 1179 ι(
2158 1130 2377 1185 Caelum
2412 1130 2559 1185 mihi
2591 1129 2761 1185 sedes
2793 1136 2903 1195 est,
2959 1136 3117 1184 terra
3164 1136 3361 1185 autem
3413 1130 3741 1188 scabellum

2096 1241 2123 1268 «
2157 1218 2375 1289 pedum
2402 1235 2690 1275 meorum.
2717 1220 2902 1285 Quam
2921 1219 3163 1275 domum
3190 1220 3567 1276 aadillcabitis
3590 1221 3742 1277 mihi

2099 1329 2123 1358 α
2157 1308 2301 1363 dicit
2331 1309 2636 1375 Dominus,
2669 1314 2770 1363 aut
2795 1309 2927 1379 quis
2957 1314 3126 1363 locus
3158 1309 3546 1379 requietionis
3594 1327 3743 1366 mea

2096 1420 2125 1446 ‹‹
2159 1398 2273 1453 erit
2299 1396 2327 1451 ?
2356 1414 2558 1453 nonne
2590 1414 2803 1453 manus
2834 1414 2967 1453 mea
2996 1397 3136 1453 fecit
3165 1398 3291 1454 haac
3324 1400 3526 1455 omnia
3552 1399 3580 1454 ?
3607 1422 3635 1448 »

2165 1486 2758 1555 Quadringentesimo
2786 1487 3145 1559 octogesimo
3178 1504 3333 1542 anno
3384 1490 3741 1557 egressionis

2094 1576 2356 1633 filiorum
2378 1577 2559 1632 Israel
2586 1594 2656 1632 ex
2672 1578 2913 1650 Egypto
2936 1578 3112 1649 caapit
3144 1577 3421 1633 Solomon
3447 1578 3742 1636 aedificare

2093 1667 2154 1721 in
2186 1665 2513 1721 Jerusalem
2565 1666 2874 1737 templum,
2906 1666 3087 1721 veluti
3120 1667 3292 1722 docet
3323 1668 3532 1722 tertius
3590 1668 3741 1724 liber

2093 1757 2314 1828 Regum
2344 1753 2413 1809 3°.
2438 1757 2757 1826 Propterea
2785 1762 2985 1811 autem
3018 1760 3179 1811 tanto
3199 1762 3333 1827 post
3362 1762 3628 1829 tempore
3658 1758 3731 1813 ab

2017 1860 2064 1925 Β
2093 1860 2347 1900 ascensu
2368 1844 2547 1899 Israel
2569 1861 2641 1900 ex
2662 1847 2903 1917 Egypto
2931 1845 3289 1900 aedificatum
3314 1852 3403 1902 est
3425 1847 3736 1918 templum,

2092 1940 2157 1990 ut
2186 1940 2499 2005 postquam
2532 1934 2592 1988 in
2623 1935 2926 1989 montibus
2956 1935 3439 1990 circumerrando
3472 1936 3735 1991 laboras-

2093 2030 2245 2090 sent,
2277 2041 2462 2079 unum
2496 2024 2714 2089 locum,
2747 2025 2847 2096 qui
2882 2030 3039 2079 esset
3068 2026 3127 2079 in
3157 2025 3504 2083 Jerusalem.
3539 2026 3743 2099 dilige-

2092 2120 2244 2179 rent,
2273 2130 2451 2184 quem
2494 2116 2645 2169 Deus
2701 2115 2762 2169 in
2803 2115 3028 2169 honore
3087 2114 3412 2169 habuisset.
3474 2116 3540 2171 Hi
3600 2133 3732 2172 vero

2089 2220 2225 2259 cum
2278 2204 2588 2260 intellectu
2620 2204 2769 2259 tardi
2831 2210 3052 2270 essent,
3107 2205 3326 2276 Deique
3386 2222 3733 2261 sermonum

2090 2292 2372 2363 imperiti,
2436 2294 2841 2348 existimantes
2896 2293 3223 2349 Jerusalem
3284 2294 3384 2349 Dei
3443 2295 3741 2350 civitatem

2091 2397 2243 2445 esse,
2326 2382 2385 2437 in
2429 2370 2591 2453 ipsa
2647 2382 2840 2436 solum
2919 2383 3187 2437 habitare
3253 2383 3549 2437 dicebant.
3628 2386 3739 2439 Eos

2089 2471 2288 2540 itaque
2321 2469 2615 2525 convincit
2642 2472 2792 2525 Deus
2825 2471 2982 2540 quod
3013 2488 3293 2543 perparce
3337 2472 3742 2543 gloriﬁcarent

2092 2576 2248 2624 eum,
2283 2564 2341 2613 et
2364 2560 2490 2615 ait:
2539 2560 2785 2624 Qualem
2840 2560 3081 2614 domum
3142 2560 3284 2614 mihi
3344 2560 3734 2629 uadiﬁcabilis,

2091 2648 2193 2720 qui
2223 2649 2437 2705 caelum
2469 2648 2719 2703 habeam
2751 2649 2812 2703 in
2854 2649 3155 2715 thronum,
3208 2655 3424 2705 terram
3484 2666 3618 2704 vero
3673 2651 3736 2706 in

2091 2738 2415 2794 scabellum
2446 2739 2665 2810 pedum
2694 2739 2721 2795 ?
2742 2739 2891 2811 Ipsis
2922 2739 3083 2795 enim
3130 2740 3231 2811 qui
3282 2746 3555 2796 naturam
3606 2742 3736 2812 ejus

2092 2827 2547 2899 suspicabantur
2575 2833 2941 2885 contractam
2983 2846 3134 2896 esse,
3170 2829 3433 2902 locisque
3485 2831 3736 2887 conclu-

2091 2934 2212 2974 sam
2263 2922 2464 2990 aperte
2522 2918 2931 2974 demonstrare
2988 2920 3252 2991 oportuit
3302 2920 3461 2992 quod
3522 2920 3738 2993 ubique

2090 3013 2248 3063 esset
2272 3007 2543 3078 nihilque
2569 3008 2698 3079 ejus
2729 3024 2913 3080 capax
2943 3014 3121 3074 esset,
3154 3009 3299 3079 quin
3357 3010 3555 3081 potius
3613 3010 3740 3081 ipse

2091 3114 2198 3171 per
2253 3114 2462 3153 omnes
2516 3098 2749 3166 transit,
2810 3114 2998 3169 eoque
3054 3098 3300 3169 plenum
3360 3104 3452 3154 est
3498 3100 3736 3168 ccelum,

2004 3217 2050 3283 C
2090 3187 2271 3283 plena
2301 3192 2392 3243 est
2419 3192 2478 3242 et
2507 3192 2683 3242 terra.

2164 3275 2280 3337 VII,
2318 3279 2405 3331 51.
2437 3298 2466 3325 ‹‹
2508 3276 2647 3331 Duri
2707 3275 2933 3332 cervice
2986 3281 3046 3332 et
3096 3276 3499 3333 incircumcisi
3557 3276 3737 3336 corde

2093 3388 2121 3415 α
2155 3364 2416 3422 auribus.
2454 3389 2477 3418 ι

2163 3456 2347 3521 Quam
2380 3456 2454 3510 ob
2475 3472 2735 3519 causam.
2769 3473 2904 3513 cum
2934 3457 3222 3513 hactenus
3252 3463 3561 3515 mansuete
3591 3475 3739 3516 con-

2093 3546 2363 3613 cinnatus
2393 3553 2570 3611 esset,
2594 3563 2802 3619 aspero
2834 3564 2995 3603 nunc
3024 3548 3211 3603 utitur
3243 3565 3517 3605 sermone
3536 3549 3565 3605 ?
3588 3550 3738 3616 Quia

2092 3635 2325 3691 videbat
2354 3636 2487 3691 illos
2521 3636 2720 3693 animo
2762 3652 2882 3693 non
2931 3637 3234 3694 advertere
3284 3637 3376 3695 his
3416 3655 3545 3711 quae
3578 3639 3737 3695 dice-

2093 3725 2329 3782 bantur.

2168 3836 2194 3865 ‹‹
2230 3816 2341 3869 Vos
2373 3832 2609 3887 semper
2639 3814 2881 3886 Spiritui
2915 3820 3118 3871 sancto
3151 3816 3447 3872 resistitis.
3483 3838 3511 3866 η

2169 3905 2265 3960 73
2299 3906 2423 3959 Non
2453 3904 2746 3966 dixit,Deo
2769 3905 3067 3970 resistitis,
3089 3904 3213 3964 sed.
3236 3904 3477 3976 Spiritui
3510 3910 3737 3975 sancto,

2094 3992 2791 4049 adeonullaminterhmc
2826 3994 2987 4048 novit
3007 3994 3435 4050 differentiam:
3473 3994 3739 4065 quando-

2093 4080 2332 4153 quidem
2366 4081 2543 4134 etiam
2572 4081 2825 4150 Spiritus
2855 4088 2946 4136 est
2994 4084 3147 4137 Deus
3176 4083 3246 4147 δι.
3294 4101 3637 4155 quanquam
3667 4085 3739 4141 iis

2094 4186 2215 4226 non
2243 4168 2614 4239 videaturqui
2642 4169 2822 4222 Deum
2844 4185 2963 4223 non
2987 4170 3210 4228 colunt.
3234 4174 3343 4228 Vos
3367 4174 3564 4245 itaque
3588 4190 3740 4230 sem-

2096 4276 2221 4331 per,
2254 4258 2468 4328 inquit,
2495 4259 2610 4313 Deo
2645 4257 3087 4319 resistitis,Nam
3120 4261 3356 4330 quando
3390 4262 3613 4316 hostias
3641 4262 3740 4317 of-

2096 4348 2235 4403 ferri
2262 4347 2515 4407 volebat.
2563 4364 2666 4402 vos
2716 4347 2805 4402 illi
2856 4365 2975 4405 non
3008 4350 3468 4405 sacriﬁcabatis:
3501 4351 3739 4423 quando

2096 4443 2294 4494 autem
2324 4453 2444 4493 non
2475 4437 2617 4501 vult,
2672 4438 3038 4497 sacriﬁcatis.
3089 4440 3331 4505 Quando
3381 4440 3744 4497 consistebat

2097 4525 2406 4598 templum,
2438 4526 2757 4583 simulacra
2788 4527 3271 4584 venerabamini:
3323 4528 3561 4599 quando
3618 4528 3744 4585 vult

2095 4617 2223 4673 sinc
2253 4616 2473 4688 templo
2504 4618 2639 4683 coli,
2672 4619 3033 4674 contrarium
3065 4619 3282 4689 facitis,
3304 4619 3528 4676 similia
3556 4619 3738 4692 patri-

2092 4705 2204 4763 bus
2235 4707 2443 4763 vestris
2460 4713 2796 4779 operantes.

2167 4818 2194 4846 ι(
2227 4797 2389 4853 Sicut
2419 4802 2613 4867 patres
2631 4796 2829 4863 vestri,
2864 4796 2943 4851 ita
2974 4802 3034 4851 et
3052 4813 3175 4853 vos.
3214 4817 3242 4846 υ

2163 4886 2431 4943 Ostendit
2460 4886 2683 4942 malum
2716 4901 2970 4958 superne
3002 4886 3076 4943 ad
3105 4904 3207 4943 eos
3238 4886 3620 4946 descendere.
3652 4888 3741 4946 Ita

2093 4982 2152 5033 et
2180 4977 2446 5033 Christus
2472 4975 2857 5032 ostendebat:
2892 4977 3174 5049 quoniam
3217 4977 3541 5050 plurimum
3573 4995 3737 5035 sem-

2093 5083 2199 5140 per
2230 5066 2301 5121 de
2333 5066 2599 5137 patribus
2629 5065 3058 5139 gloriabantur.

2166 5156 2283 5221 VII,
2313 5158 2405 5211 52.
2448 5156 2685 5220 «Quem
2733 5156 3159 5227 prophetarum
3216 5172 3338 5213 non
3394 5155 3741 5213 occiderunt

2093 5267 2120 5294 «
2156 5250 2355 5317 patres
2385 5244 2559 5299 vestri
2586 5244 2613 5299 ‘I
2643 5266 2669 5295 η

2164 5335 2440 5390 Novimus
2470 5334 2707 5391 beatum
2732 5336 3096 5407 Stephanum
3130 5352 3259 5390 cum
3289 5336 3415 5391 btec
3446 5344 3741 5396 assereret

2092 5440 2224 5479 vere
2257 5423 2474 5491 dicere,
2505 5429 2570 5478 ut
2587 5425 2685 5496 qui
2710 5442 2814 5496 per
2843 5425 3128 5496 Spiritum
3159 5431 3432 5481 sanctum
3462 5426 3739 5498 loquere-

2096 5519 2206 5570 tur.
2240 5515 2619 5571 Demonstrat
2646 5521 2845 5571 autem
2867 5531 2902 5570 a
2930 5513 3109 5571 veteri
3168 5514 3587 5591 instrumento,
3619 5532 3736 5588 quo

2014 4575 2062 4642 D
