4098 6260
377 380 494 445 151

1477 369 1888 431 CE‘JUMENII
1935 369 2240 429 TRICCE
2289 373 2638 439 l‘IPlSCOPI

3673 373 3777 432 152

377 519 516 592 jure
547 520 744 589 patres
773 515 1012 569 accuset
1059 509 1324 570 illorum.
1385 509 1485 580 qui
1544 508 1606 563 in
1663 509 1861 563 Jesum
1913 523 2033 562 non

2163 529 2234 564 ται
2267 517 2382 573 τοῖς
2413 513 2645 588 πατράσι
2703 517 2810 568 τῶν
2873 511 2949 572 sic
3003 509 3094 565 τὸν
3149 509 3362 579 Ἰησοῦν
3420 507 3784 564 ἀπιστούντων

386 608 730 671 credebant,
764 603 920 674 quod
954 600 1249 672 persecuti
1283 599 1403 653 sint
1441 599 1758 670 prophetas
1791 603 1848 652 et
1879 598 2034 652 occi-

388 697 588 753 derint
619 713 632 750 :
667 710 860 765 neque
893 692 1052 746 enim
1107 696 1311 762 posset
1343 689 1532 744 facere
1565 688 1636 742 ab
1670 688 1763 742 his
1822 688 1922 758 qui
1951 687 2033 741 fe-

386 794 600 844 runtur
629 785 766 840 Novi
786 780 1145 837 Testamenti
1171 779 1355 834 libris.
1384 779 1441 832 Si
1475 796 1631 850 ergo.
1663 779 1876 848 inquit,
1902 777 2038 832 illos

386 875 709 939 occidistis,
729 873 829 943 qui
849 871 919 925 de
941 871 1068 941 ejus
1091 869 1344 924 adventu
1365 868 1869 938 prmnuntiabant,
1893 865 2033 937 quid

387 967 604 1022 mirum
638 963 685 1018 si
713 968 772 1018 et
801 977 904 1032 ego
939 959 1038 1030 qui
1062 958 1525 1030 praenuntiatum
1558 957 1836 1028 prmdico,
1871 973 1904 1010 a
1933 973 2032 1009 vo-

384 1055 476 1110 bis
507 1049 860 1108 interimar?
886 1051 1011 1104 Non
1037 1047 1350 1118 ignorabat
1407 1052 1606 1101 autem
1639 1045 1795 1116 quod
1829 1044 1900 1099 ab
1949 1045 2034 1099 eis

387 1149 546 1201 esset
574 1138 957 1200 occidendus.
989 1155 1126 1193 cum
1183 1137 1400 1208 plenus
1442 1143 1598 1191 esset
1647 1136 1870 1207 Spiritu
1902 1150 2034 1188 san-

390 1241 505 1302 cto,
539 1233 790 1304 ideoque
822 1231 1045 1301 absque
1075 1233 1238 1284 metu
1264 1243 1407 1282 usus
1439 1232 1529 1282 est
1551 1225 1834 1298 loquendi
1865 1225 2040 1281 liber-

390 1330 529 1380 tate.

463 1414 580 1479 VII,
614 1415 701 1477 52,
744 1412 833 1466 53.
867 1430 894 1459 «
929 1410 1000 1463 Et
1044 1405 1392 1464 occiderunt
1437 1423 1560 1474 eos,
1612 1405 1713 1477 qui
1745 1421 2034 1479 praenun-

391 1528 417 1554 «
452 1503 682 1559 tiabant
709 1500 780 1556 de
811 1499 1066 1555 adventu
1088 1497 1238 1567 justi
1284 1496 1470 1564 illius,
1531 1497 1702 1566 cujus
1750 1513 1849 1550 vos
1880 1511 2038 1550 nunc

397 1617 416 1643 ι
460 1592 794 1665 proditores
827 1594 884 1644 et
913 1587 1208 1643 occisores
1237 1585 1456 1649 fuistis,
1483 1586 1582 1656 qui
1617 1585 1927 1656 accepistis
1960 1584 2035 1638 le'

393 1704 421 1731 ‹‹
453 1698 586 1755 gem
609 1680 683 1735 ad
739 1677 1163 1750 dispositiones
1211 1675 1580 1748 angelorum,
1633 1681 1691 1728 et
1745 1690 1865 1728 non
1915 1689 2039 1727 ser-

394 1794 422 1822 α
455 1770 654 1826 vastis.
695 1791 716 1817 υ

461 1859 611 1916 Justi
642 1857 856 1929 inquit,
891 1854 1214 1910 ostendens
1243 1852 1402 1924 quod
1433 1853 1481 1908 si
1515 1852 1616 1951 ille
1660 1854 1862 1924 justus
1893 1855 2036 1919 erat,
2073 1889 2116 1951 Β

391 1948 561 2004 valde
593 1947 784 2018 iniqui
836 1949 1005 2000 erant
1025 1944 1126 2015 qui
1161 1943 1333 1997 illum
1392 1941 1760 1997 occiderunt.
1809 1943 2039 1996 Justum

401 2044 598 2093 autem
631 2037 803 2091 illum
833 2038 1018 2098 vocat,
1044 2031 1200 2104 quod
1233 2047 1427 2102 neque
1467 2031 1555 2084 illi
1610 2046 1826 2102 negare
1878 2035 2044 2100 pote-

390 2133 544 2184 rant.
579 2127 928 2195 Quanquam
954 2123 1111 2177 enim
1143 2121 1463 2176 admodum
1489 2120 1781 2192 praifracti
1813 2136 1880 2174 ac
1903 2135 2040 2173 con-

392 2223 660 2274 tumaces
692 2219 880 2277 erant,
906 2214 968 2267 in
1001 2211 1166 2266 nullo
1209 2216 1408 2266 tamen
1443 2226 1579 2265 eum
1611 2209 1920 2279 injustitim
1943 2224 2038 2263 ac-

389 2305 681 2363 cusabant
715 2321 728 2358 :
763 2301 1059 2374 quomodo
1092 2301 1251 2355 enim
1314 2300 1424 2354 hoc
1482 2298 1766 2364 facerent,
1799 2314 1932 2352 cum
1968 2314 2041 2352 ne

392 2395 635 2450 domum
667 2392 908 2464 quidem
941 2390 1186 2445 haberet
1214 2389 1242 2444 ?
1268 2389 1498 2444 Justum
1522 2394 1719 2442 autem
1753 2393 1918 2441 vocat
1946 2388 2040 2441 Je—

390 2500 543 2550 sum,
577 2481 778 2538 volens
809 2497 910 2535 eos
940 2479 1259 2534 attrahere.
1296 2478 1488 2549 Ipsius
1519 2494 1656 2532 vero
1706 2477 2041 2548 proditores

390 2579 449 2628 et
477 2573 771 2627 occisores
803 2568 966 2626 dicit.
999 2566 1154 2639 quod
1187 2583 1392 2621 eorum
1452 2573 1653 2620 essent
1698 2565 2040 2636 participes,

391 2661 492 2735 qui
524 2661 719 2733 ipsum
742 2658 1178 2719 cruciﬁxerant,
1214 2655 1392 2726 idque
1415 2672 1550 2709 cum
1585 2655 1794 2726 legem.
1826 2653 2039 2724 inquit,

392 2751 763 2821 accepissent
791 2746 1201 2800 ordinationes
1234 2743 1574 2804 habentem,
1609 2760 1738 2813 qum
1779 2743 2047 2798 facerent

397 2839 630 2913 eosqui
661 2837 851 2908 ipsam
883 2850 1060 2906 opere
1087 2833 1455 2903 complerent
1503 2831 1733 2899 angelis
1787 2831 2044 2886 similem

397 2943 630 2985 servare
662 2925 951 2998 politiam.
978 2923 1097 2978 Hoc
1129 2938 1387 2992 namque
1421 2921 1580 2992 quod
1609 2921 1729 2976 ait:
1769 2921 1867 2974 74
1889 2940 1908 2965 ι
1935 2919 2043 2984 Qui

397 3017 710 3091 accepistis
765 3015 956 3087 legem
1013 3013 1087 3069 ad
1146 3012 1565 3085 dispositiones
1610 3011 2041 3084 angelorum.»

395 3107 645 3175 Quidam
678 3122 812 3160 vero
854 3105 1031 3158 etiam
1065 3103 1176 3157 hoc
1207 3102 1375 3156 aiunt
1413 3101 1583 3156 illum
1634 3101 1851 3165 dicere,
1885 3100 2041 3172 quod

391 3215 500 3271 per
546 3195 789 3269 angelos
843 3199 1062 3249 statuta
1114 3197 1289 3260 esset,
1350 3198 1409 3246 et
1463 3192 1604 3246 Mosi
1663 3191 1879 3246 tradita
1935 3208 2040 3262 per

396 3285 696 3358 angelum,
731 3283 832 3353 qui
880 3283 992 3353 ipsi
1025 3282 1086 3335 in
1136 3281 1282 3335 rubo
1342 3283 1636 3352 apparuit.
1705 3277 1799 3340 Ε”ς
1859 3277 2041 3334 διατα-

2140 601 2213 662 ὡς
2271 599 2507 672 διώξωσι
2564 603 2692 667 τοὺς
2746 603 3033 679 προφήτας
3115 599 3204 654 καὶ
3263 599 3674 670 ἀποκτείνωσιν,
3727 598 3782 654 οὔ

2143 687 2367 747 δυνατὸν
2426 694 2529 747 ἀπὸ
2581 698 2688 746 τῶν
2758 694 3068 770 φερομένων
3161 684 3389 764 βιϐλίων
3449 695 3547 756 τῆς
3603 695 3786 757 καινῆς

2141 777 2428 851 διαθήκης.
2466 782 2528 838 Εἰ
2577 781 2774 850 τοίνυν,
2838 781 2992 858 φησὶ,
3022 781 3149 839 τοὺς
3192 775 3786 855 προκαταγγείίλαντας

2139 871 2261 942 περὶ
2294 879 2394 939 τῆς
2424 870 2684 932 ἐλεύσεως
2722 871 2891 925 αὐτοῦ
2949 867 3210 937 ἀνείλετε,
3272 864 3426 922 οὐδὲν
3477 867 3784 940 θαυμαστὸν

2139 961 2228 1015 καὶ
2262 958 2359 1034 ἐμὲ
2388 962 2723 1035 κηρύττοντα
2765 962 2856 1015 τὸν
2915 955 3480 1034 προκαταγγελθὲντα,
3515 957 3604 1036 ὑφ’
3639 957 3789 1028 ὑμῶν

2141 1049 2503 1123 ἀναιρεθῆναι.
2537 1050 2652 1106 Οὐκ
2681 1049 2865 1127 ἠγνόει
2895 1046 2952 1103 δὲ
2996 1047 3389 1119 τεθνηξόμενος
3451 1047 3535 1100 ὑπ’
3593 1045 3787 1114 αὐτῶν,

2139 1137 2362 1214 πλήρης
2396 1135 2467 1193 ὥν
2511 1140 2818 1211 Πνεῦματος
2871 1139 3046 1214 ἁγίου.
3102 1139 3194 1192 Διὸ
3251 1137 3343 1191 καὶ
3402 1135 3790 1197 ἀνυποστόλως

2140 1229 2409 1305 κέχρηται
2443 1229 2739 1305 παρῥησίᾳ.

2213 1435 2241 1462 ‹‹
2301 1411 2398 1466 Καὶ
2455 1413 2763 1467 ἀπέκτειναν
2822 1411 2950 1472 τοὺς
3033 1407 3610 1487 προκαταγγείλαντας
3671 1407 3790 1482 περῖ

2143 1525 2172 1556 ιι
2201 1503 2300 1569 τῆς
2336 1499 2599 1563 ἐλεύσεως
2629 1507 2725 1557 τοῦ
2752 1499 2985 1567 δίκαίου,
3049 1498 3110 1555 οὗ
3167 1504 3258 1554 νῦν
3313 1500 3467 1572 ὑμεῖς
3527 1495 3792 1574 προδόται

2148 1610 2168 1636 α
2205 1587 2290 1640 καὶ
2327 1592 2505 1666 φονεῖς
2561 1586 2872 1663 γεγένησθε.
2932 1583 3148 1646 Οἶτινες
3205 1579 3425 1639 ἒλάὃετε
3486 1588 3578 1638 τὸν
3631 1582 3793 1654 νόμον

2144 1700 2172 1728 ‹‹
2207 1676 2281 1737 εἰς
2313 1674 2569 1754 διαταγὰς
2598 1675 2846 1753 ἀγγέλων
2879 1674 2969 1730 καὶ
3003 1675 3105 1729 οὐκ
3123 1671 3440 1750 ἐφυλάξατε.
3480 1697 3506 1724 ›ι

2215 1856 2328 1911 Τοῦ
2397 1850 2609 1908 δικαίου
2669 1852 2824 1930 gandi,
2885 1850 3094 1914 δεικνὺς
3164 1850 3250 1908 ὅτι
3303 1849 3508 1913 ἐκεῖνος
3569 1847 3798 1920 δίκαιος,

2151 1942 2273 2001 λίαν
2307 1941 2488 2000 ἄδικοι
2519 1945 2571 1998 οἱ
2601 1941 2798 1999 ἐκεῖνον
2861 1943 3220 2015 ἀνῃρηκότες.
3278 1941 3492 2000 Δίκαιον
3557 1939 3615 1998 δὲ
3644 1941 3802 1996 αὐτὸν

2149 2032 2330 2096 καλεῖ,
2374 2034 2404 2088 ’ὀ
2462 2030 2587 2088 οὐδὲ
2641 2034 2840 2088 ἐκεῖνον
2895 2029 3157 2101 ἠδύναντο
3218 2032 3572 2106 ἀρνήσασθαι.
3634 2029 3804 2085 Οὐδα-

2158 2122 2262 2198 μοῦ
2293 2123 2395 2200 γὰρ
2427 2122 2518 2177 καί
2549 2144 2632 2176 τοι
2657 2121 2778 2177 λὲαν
2813 2121 2960 2183 ὄντες
3025 2118 3294 2190 αὐθάδεις,
3320 2121 3370 2175 ἐν
3405 2118 3589 2176 οὐδενὶ
3646 2121 3802 2177 αὐτὸν

2153 2211 2364 2273 ἀδικίας
2397 2212 2712 2288 ᾐτιάσαντο.
2750 2217 2870 2272 Πῶς
2902 2214 3006 2286 γὰρ
3037 2211 3128 2268 τὸν
3167 2207 3308 2284 μηδὲ
3338 2210 3528 2285 στέγην
3563 2210 3800 2286 ἔχοντας

2152 2302 2364 2358 Δίκαιον
2400 2301 2456 2356 δὲ
2484 2301 2574 2356 τὸν
2629 2301 2840 2370 Ἰησοῦν
2901 2300 3106 2369 ἐλάλει,
3165 2300 3563 2364 ἐπισπάσασθαι
3604 2302 3801 2364 αὐτοὺς

2156 2390 2512 2467 βουλόμενος.
2549 2387 2825 2463 Προδότας
2860 2387 2917 2444 δὲ
2964 2389 3131 2443 αὐτοῦ
3187 2389 3277 2442 καὶ
3336 2394 3518 2468 φονεῖς
3572 2389 3802 2452 τοότους

2151 2480 2328 2548 καλεῖ,
2363 2481 2438 2541 ὡς
2468 2479 2764 2541 κοινωνοὺς
2799 2475 2956 2539 ὄντας
3015 2484 3132 2538 τοῖς
3190 2479 3565 2550 σταυρώσασιν
3630 2478 3805 2547 αὐτὸν,

2151 2571 2243 2624 καί
2292 2569 2566 2641 τοι,.φησὶ
2619 2568 2792 2638 νόμον
2849 2562 3116 2628 λαϐόντας
3177 2564 3438 2637 διατάξεις
3489 2565 3715 2642 ἔχοντα,
3758 2567 3813 2622 αἶ

2154 2679 2296 2719 τινες
2329 2655 2618 2734 ἱσάγγελον
2650 2654 2868 2710 ἐποίουν
2902 2655 3186 2711 τιολιτείαν
3213 2651 3361 2730 ἔχειν
3392 2655 3518 2717 τοῦς
3574 2656 3810 2713 τελοῦν-

2151 2747 2246 2808 τάς
2273 2746 2451 2804 αὐτὸν.
2486 2749 2662 2800 Τοῦτο
2696 2746 2798 2821 γάρ
2831 2743 2995 2809 ἔστιν,
3031 2770 3056 2796 ‹‹
3083 2745 3136 2799 οἳ
3163 2765 3303 2804 τινες
3335 2739 3556 2799 ἐλάϐετε
3585 2747 3688 2802 τὸν
3715 2747 3810 2801 νό-

2157 2855 2256 2907 μον
2291 2833 2367 2895 εἷς
2400 2831 2660 2906 διαταγὰς
2690 2831 2962 2910 ἀγγέλων.
3001 2857 3027 2883 ››
3058 2830 3208 2893 Τινὲς
3260 2829 3316 2887 δὲ
3369 2831 3459 2886 καὶ
3518 2837 3691 2889 τοῦτο
3725 2832 3813 2889 λέ-

2150 2943 2262 2999 γειν
2296 2923 2448 2992 ωασὲ,
2479 2923 2570 2977 τὸν
2605 2923 2694 2977 ὑπ’
2731 2921 2978 3000 ἀγγὲλων
3026 2919 3382 2996 διαταχθέντα
3413 2919 3501 2975 καὶ
3560 2919 3815 2998 ἐγχειρι-

2153 3014 2345 3067 σθὲντα
2376 3009 2446 3067 δι’
2476 3010 2711 3087 ἀγγέλου
2760 3015 2839 3084 τῷ
2898 3013 3140 3073 Μωϋςεῖ,
3195 3014 3292 3065 τοῦ
3350 3009 3604 3090 ὀφθέντος
3675 3011 3815 3083 αὐτῷ

2151 3099 2202 3156 ἰν
2243 3106 2310 3176 τῇ
2337 3103 2505 3178 βάτῳ.
2553 3101 2643 3163 Εἰς
2694 3098 2972 3173 διαταγὰς,
3015 3099 3138 3156 ἀντὶ
3170 3103 3286 3170 τοῦ,
3320 3101 3456 3155 κατά
3485 3100 3580 3161 τὰς
3643 3098 3820 3156 διατα-

2153 3193 2274 3267 γάς,
2306 3192 2486 3255 καθὼς
2528 3190 2730 3246 ἐκεῖνοι
2790 3187 3096 3260 διετάξαντο
3158 3195 3237 3261 τῷ
3297 3195 3505 3259 Μωσεῖ,
3565 3188 3815 3268 ὀφθέντες

2157 3281 2172 3298 Ἰ

2155 3281 2205 3336 ἑν
2239 3285 2308 3354 τῇ
2343 3282 2492 3356 βάτῳ
2513 3281 2603 3336 καὶ
2637 3280 2688 3336 ἐν
2713 3285 2791 3352 τῷ
2820 3275 2960 3355 ὄρει.

393 3371 516 3444 γὰς.
552 3373 611 3426 id
644 3377 751 3438 est,
785 3371 846 3424 in
875 3369 968 3423 vel
997 3369 1069 3424 ad
1095 3368 1536 3439 dispositiones,
1573 3369 1683 3424 hoc
1715 3377 1822 3436 est,
1856 3371 2186 3428 secundum
2242 3371 2687 3443 dispositiones,
2749 3368 3255 3443 quemadmodum
3312 3369 3400 3426 illi
3453 3375 3808 3430 statuerant.

395 3462 539 3516 Mosi
569 3463 924 3530 apparentes
954 3457 1015 3512 in
1045 3457 1192 3510 rubo
1224 3462 1283 3510 et
1311 3457 1373 3510 in
1405 3463 1631 3512 monte.

469 3549 587 3610 Vll,
619 3549 706 3610 54,
740 3549 828 3601 55.
863 3570 889 3595 ‹‹
925 3545 1252 3600 Audientes
1275 3551 1472 3600 autem
1508 3547 1633 3602 haec
1665 3546 2049 3602 dissecaban-

399 3660 428 3688 ‹‹
461 3643 558 3692 tur
586 3635 864 3691 cordibus
887 3635 1032 3701 suis,
1067 3639 1126 3688 et
1157 3633 1488 3688 stridebant
1517 3635 1798 3690 dentibus
1831 3636 1953 3690 suis
1985 3637 2046 3691 in

406 3751 426 3780 α
457 3745 612 3784 eum.
647 3727 790 3782 Cum
823 3732 1020 3781 autem
1061 3731 1218 3780 esset
1267 3725 1480 3795 plenus
1539 3726 1760 3797 Spiritu
1820 3733 2045 3794 sancto,

403 3819 703 3876 «intentis
732 3817 792 3872 in
824 3817 1037 3872 caalum
1068 3815 1276 3882 oculis,
1307 3815 1451 3869 vidit
1475 3815 1722 3887 gloriam
1754 3817 1876 3871 Dei.
1913 3839 1940 3866 ››

473 3908 530 3963 Si
565 3923 700 3962 eum
730 3905 998 3961 occidere
1022 3905 1316 3971 volebant,
1350 3905 1645 3975 quomodo
1678 3921 1798 3960 non
1851 3907 2048 3960 statim

403 3997 748 4053 occidebant
778 3996 805 4050 ?
837 3995 985 4060 Quia
1007 3994 1388 4050 verisimilem
1415 3995 1624 4050 sceleri
1675 3997 2048 4052 occasionem

400 4092 726 4161 praetexere
756 4084 1050 4139 volebant.
1095 4087 1236 4139 Nam
1289 4085 1509 4153 injuria
1557 4085 1836 4140 adversus
1890 4087 2048 4158 ipsos

399 4194 521 4235 non
553 4181 680 4231 erat
703 4174 1072 4231 rationabilis
1094 4180 1412 4245 prmtextus
1434 4174 1508 4230 ad
1527 4176 2050 4247 interemptionem

401 4269 504 4326 sed
535 4268 608 4323 ad
640 4267 993 4340 ejectionem
1025 4271 1127 4320 aut
1157 4265 1228 4320 ad
1262 4265 1719 4338 flagellationem
1758 4267 2075 4333 fortassis,.

402 4359 476 4415 ad
531 4357 892 4413 occisionem
952 4371 1089 4408 vero
1136 4371 1318 4409 causa
1372 4354 1677 4410 sufﬂziens
1735 4373 1855 4410 non
1903 4362 2047 4412 erat.

403 4446 641 4518 Alioqui
669 4445 846 4499 etiam
881 4459 1075 4512 neque
1107 4442 1294 4511 ipsius
1344 4443 1709 4497 contumelia
1766 4450 1913 4505 erat,
1947 4444 2052 4499 sed

403 4534 706 4607 prOphetze
739 4532 1018 4587 adversus
1051 4529 1184 4583 illos
1232 4529 1549 4596 accusatio,
1592 4546 1702 4585 nec
1730 4531 1912 4586 videri
1955 4549 2050 4586 vo-

2228 3573 2255 3599 ‹‹
2289 3546 2606 3611 Ἀκούοντες
2665 3545 2722 3604 δὶ
2777 3550 2944 3602 ταῦτα
3028 3544 3334 3621 διεπρίοντο
3386 3568 3506 3610 ταις
3559 3547 3812 3620 καρδίαις

2157 3661 2184 3689 ι(
2219 3637 2418 3706 αὐτῶν,
2450 3637 2538 3692 καὶ
2573 3632 2810 3716 ἔϐρυχον
2855 3637 2981 3698 τοὺς
3023 3633 3245 3697 ὀδόντας
3275 3635 3452 3692 αὐτων
3509 3635 3593 3693 ἐπ’
3623 3639 3809 3699 αὐτόν.

2158 3751 2185 3778 ι(
2218 3725 2505 3806 Ὑπάρχων
2559 3723 2614 3780 δὲ
2668 3724 2891 3796 πλήρης
2957 3725 3271 3798 Πνεύματος
3328 3726 3513 3802 ἁγίου,
3565 3726 3812 3791 ἀτενίσας

2157 3843 2183 3868 ‹‹
2215 3818 2288 3879 εἰς
2318 3817 2408 3872 τὸν
2442 3817 2687 3892 οὐρανὸν,
2721 3815 2834 3872 εἶδε
2872 3814 3025 3887 δόξαν
3060 3821 3214 3875 Θεοῦ,
3251 3841 3279 3868 ››

2229 3902 2617 3965 Εἰέϐοὖλοντο
2676 3906 2901 3975 ἀνελεῖν,
2959 3911 3076 3968 πῶς
3136 3905 3236 3962 οὐκ
3292 3907 3506 3963 ἀνείλον
3567 3908 3695 3966 τότε
3726 3911 3812 3967 εὖ·

2160 3997 2292 4061 θὲως
2321 4018 2344 4050 ε
2371 3998 2496 4053 ’Ότι
2526 4017 2796 4074 προφασιν
2845 3991 3074 4070 εὔλογον
3119 3992 3321 4063 ἤθελον
3372 3998 3675 4070 περιθεῖναι
3737 4005 3812 4073 τῷ

2158 4085 2502 4160 τολμήματι.
2536 4087 2594 4142 ἹΙ
2631 4088 2733 4162 γὰρ
2766 4085 2841 4145 εἰς
2877 4085 3070 4148 αὐτοὺς
3116 4079 3270 4159 ὕϐρις
3301 4086 3402 4141 οὐκ
3458 4087 3523 4155 ἦν
3582 4084 3811 4164 εὔλογος

2158 4177 2426 4255 πρόφασις
2467 4175 2601 4250 πρὸς
2631 4174 2924 4247 ἀναίρεσιν,
2986 4172 3114 4230 ἀλλ’
3182 4174 3449 4230 ἀπελάσαι
3510 4176 3602 4251 μὶν
3635 4182 3672 4248 ἢ
3709 4200 3813 4254 μα-

2161 4266 2333 4336 στίξαι
2367 4263 2517 4333 ἴσως,
2552 4262 2760 4318 ἀνελεῖν
2822 4261 2879 4318 δὲ
2910 4263 3008 4318 οὐκ
3066 4264 3298 4342 εὔλογος
3357 4265 3527 4320 αῗτία.
3579 4264 3813 4330 Ἀλλως

2161 4353 2216 4409 δὲ
2246 4353 2369 4408 οὐδὲ
2391 4354 2455 4421 ἧν
2497 4348 2711 4423 ἦῦϐρις
2747 4353 2936 4420 αὐτοῦ,
3000 4351 3145 4408 ἀλλά
3203 4358 3298 4408 τοῦ
3344 4355 3632 4433 προφήτου
3692 4357 3817 4413 κατ’

2159 4443 2333 4498 αὐτῶν
2367 4442 2687 4516 κατηγορία.
2721 4443 2820 4499 Καὶ
2867 4442 2969 4497 οὐκ
2997 4441 3200 4511 ἤθελον
3261 4441 3436 4498 δοκεῖν
3495 4442 3583 4499 διὰ
3635 4447 3704 4501 τὰ
3739 4447 3817 4508 εἷς

2161 4532 2352 4594 αὐτοὺς
2386 4532 2548 4586 αὐτὸν
2579 4531 2806 4587 ἀνελεῖν.
2856 4529 3036 4607 ὥσπερ
3093 4530 3218 4588 οὐδὲ
3271 4533 3362 4588 τὸν
3415 4534 3690 4608 Χριστόν.·
3732 4537 3814 4595 Οὐ

406 4623 611 4679 lehant
666 4623 1009 4678 izzterimere
1085 4619 1256 4673 illum
1314 4618 1387 4673 ob
1444 4619 1712 4690 pr0prias
1771 4621 2042 4690 injurias,

2163 4622 2254 4697 γὰρ
2289 4623 2526 4696 ᾑροῦντο
2559 4621 2633 4683 εἷς
2660 4622 2758 4689 τὴν
2795 4621 3126 4699 μιαιφονίαν,
3162 4621 3288 4678 ἀλλ’
3310 4617 3566 4680 ἔσπευδον
3596 4625 3685 4680 καὶ
3715 4629 3820 4698 τὴν

409 4712 911 4783 quemadmodum
942 4726 1135 4781 neque
1175 4709 1492 4764 Christum.
1528 4708 1756 4764 Etenim
1791 4711 2053 4765 contenti

411 4819 533 4861 non
566 4805 735 4855 erant
764 4799 1150 4853 homicidium
1183 4804 1546 4870 perpetrare,
1583 4797 1687 4854 sed
1741 4805 1799 4854 et
1853 4799 2055 4871 gloria)

409 4895 540 4965 ejus
567 4904 781 4944 nocere
813 4887 1200 4941 conabantur.
1235 4887 1538 4958 Siquidem
1577 4887 1944 4952 metuebant,
1980 4904 2056 4943 ne

407 4979 659 5040 celebris
690 4976 877 5048 magis
908 4975 1274 5043 redderetur,
1311 4977 1358 5030 si
1391 4976 1463 5031 ob
1490 4977 1774 5049 injuriam
1809 4977 1953 5049 ipsis
1980 4977 2055 5032 il-

403 5073 587 5131 latam
618 5067 1082 5123 interimeretur.

475 5183 503 5211 ‹‹
535 5162 607 5216 Et
627 5160 828 5215 Jesum
860 5158 1115 5210 stantem
1144 5169 1178 5207 a
1209 5153 1434 5208 dextris
1473 5155 1596 5221 Dei,
1645 5161 1704 5210 et
1733 5156 1854 5210 ait:
1909 5157 2056 5212 Ecce

402 5274 429 5302 ‹‹
453 5250 620 5305 video
648 5247 827 5305 ccelos
859 5247 1117 5316 apertos,
1147 5247 1205 5296 et
1235 5242 1450 5299 Filium
1483 5243 1745 5301 hominis
1797 5251 2054 5303 stantem

401 5363 429 5390 «
465 5355 501 5394 a
531 5337 752 5393 dextris
783 5334 907 5392 Dei.
945 5354 972 5382 »

468 5517 734 5572 Stantem
764 5517 823 5569 et
877 5527 1000 5568 non
1064 5509 1374 5566 sedentem
1406 5509 1548 5566 vidit
1594 5511 1792 5568 Iesum
1844 5511 2055 5568 beatus

398 5605 752 5679 Stephanus,
787 5605 851 5657 ut
882 5615 1049 5656 suam
1083 5599 1362 5656 exhibeat
1420 5600 1687 5657 Christus
1730 5601 2050 5674 protectio-

403 5711 543 5752 nem
572 5709 584 5749 :
619 5699 677 5750 et
706 5705 982 5764 magnam
1012 5703 1116 5742 suo
1141 5689 1374 5745 athletas
1407 5691 1629 5747 tribuat
1660 5691 2050 5748 alacritatem.

2165 4711 2320 4781 δόξαν
2353 4711 2516 4766 αὐτοῦ
2551 4709 2783 4786 βλάψαι.
2848 4708 3151 4767 Ἐδεδίεσαν
3191 4711 3294 4787 γὰρ
3358 4714 3432 4784 μὴ
3489 4714 3818 4790 ἀναιροῦμε-

2162 4821 2251 4861 νος
2303 4798 2391 4855 διὰ
2437 4802 2537 4868 τήν
2594 4800 2671 4861 εἷς
2728 4800 2931 4862 αὐτοὺς
2991 4795 3172 4874 ὕϐριν,
3233 4800 3663 4878 αἰδεσιμώτερος
3721 4805 3814 4881 γέο

2162 4911 2346 4962 νηται.

2236 5183 2262 5210 (ι
2299 5157 2395 5214 Καὶ
2455 5160 2668 5228 Ἰησοῦν
2737 5158 2944 5212 ἑστῶτα
3009 5155 3068 5211 ἐκ
3119 5153 3307 5231 δεξιῶν
3363 5165 3460 5216 τοῦ
3519 5168 3674 5229 Θεοῦ,
3723 5165 3812 5219 καὶ

2166 5273 2193 5300 ‹‹
2227 5248 2397 5302 εἶπεν·
2458 5243 2597 5304 Ἰδοὺ
2664 5247 2853 5321 θεωρῶ
2908 5247 3036 5308 τοὺς
3091 5247 3356 5322 οὐρανοὺς
3415 5251 3808 5327 ἀνεῳγμένους.

2166 5335 2316 5390 «καὶ
2370 5336 2492 5390 new
2550 5339 2646 5390 τοῦ
2727 5335 3014 5406 ἀνθρώπου
3075 5335 3134 5391 ἐκ
3201 5334 3387 5408 δεξιῶν
3452 5342 3657 5398 ἑστῶτα
3713 5345 3807 5399 τοῦ

2173 5448 2194 5476 ι
2228 5423 2384 5484 Θεοῦ,
2421 5449 2449 5476 ››

2235 5516 2474 5571 Ἐστῶτα
2501 5516 2592 5570 καὶ
2637 5515 2771 5591 οὐχὶ
2802 5517 3111 5589 καθήμενον
3146 5516 3174 5573 ὁ
3208 5519 3478 5591 μακάριος
3537 5521 3804 5602 Στέφανος

2165 5607 2264 5680 ὁρᾷ
2292 5606 2383 5660 τὸν
2439 5609 2670 5675 Ἰησοῦν,
2728 5605 2820 5659 ἳνα
2878 5601 3022 5680 δείξῃ
3079 5608 3177 5674 τήν
3233 5605 3524 5684 ἀντίληψιν
3570 5601 3671 5681 τήν
3730 5611 3803 5676 ε’ίς

2164 5693 2352 5762 αὐτὸν,
2375 5693 2460 5747 καὶ
2495 5689 2713 5764 πολλὴν
2736 5696 2814 5766 τῷ
2869 5691 3084 5769 ἀθλητῇ
3137 5695 3236 5766 τὴν
3292 5697 3598 5774 προθυμίαν
3631 5701 3804 5778 παρά.
