4098 6260
238 399 350 459 153

1283 406 1690 471 ΟΟΜΜΕΝΤ.
1738 404 1817 465 TN
1864 401 2072 461 ACTA
2116 397 2725 461 APOSTOLORUM.

3622 410 3639 463 l
3658 408 3731 465 54

247 553 374 607 σκῃ,
406 532 477 589 τὸ
508 538 621 590 τοῦ
661 537 1050 612 βοηθοῦντος
1070 539 1431 626 ἐπιδείκνυτειι
1484 548 1694 617 σχῆμα.
1752 537 1977 595 ἈΛλως

2106 534 2434 590 ιυχὶἰὶειηῐὶε
2458 536 2614 590 enim
2640 536 2873 592 habitus
2906 538 3259 593 ostenditur.
3285 540 3579 596 Praeterea
3600 557 3732 595 vero

256 644 311 678 τε
335 619 420 693 δὲ,
456 622 679 697 ἐφειδή
736 628 809 682 τὸ
851 632 1084 695 καθίσαι
1136 633 1393 710 φορτικὸν
1446 632 1512 700 ἧν
1572 630 1777 691 αὐτοῖς,
1838 622 1979 677 ἵστα-

266 716 388 770 σθαι
411 714 588 770 αυτὸν
646 717 776 773 εἶπε
842 720 1016 785 τέως,
1074 723 1172 789 τήν
1222 721 1506 777 ἀνάστασιν
1566 720 1728 774 αὐτοῦ
1784 713 1982 783 αίνιξά⁶

285 826 377 879 μεν
409 826 492 867 ος·
529 806 622 859 δτι
655 802 719 860 δῖε
752 806 881 883 οὐχ
908 807 1152 878 ἵσταται,
1186 809 1331 865 ἀλλὰ
1377 811 1630 880 κάθηται,
1682 806 1979 875 καῖὁίῐῐαυ·

291 896 394 959 λος
450 893 681 967 ἔδειξεν,
745 896 933 952 εἰπὼν
987 898 1070 953 ὅτι
1126 903 1407 975 συνήγειρε
1480 900 1569 954 καὶ
1640 896 1979 951 συνεκάθισεν

308 988 368 1042 tv
397 992 512 1049 τοῖς
543 986 913 1061 ἐπουρανίοις
948 986 1003 1042 ἐν
1039 985 1182 1059 δεξιᾷ
1211 990 1395 1046 αὑτοῦ.

392 1194 416 1221 tt
448 1167 747 1244 Κρᾶξαντες
802 1165 864 1222 δὲ
925 1172 1088 1242 φωνῇ
1142 1168 1379 1242 μεγάλῃ,
1434 1166 1697 1241 συνέσχον
1753 1165 1819 1218 τὰ
1873 1163 1987 1216 ὦτα

318 1284 340 1311 ι
382 1259 581 1322 αὐτῶν,
632 1257 725 1312 καὶ
782 1255 1056 1333 ὥρμησαν
1112 1255 1467 1330 ὁμοθυμαδὸν
1502 1255 1583 1311 ἐπ’
1640 1253 1821 1310 αὐτόν.
1877 1249 1981 1310 Καὶ

322 1371 349 1398 ι
384 1343 708 1408 ἐκϐαλόντες
738 1342 841 1420 ἔξω
870 1354 971 1416 τῆς
1014 1342 1232 1409 πόλεως
1266 1341 1652 1411 ἐλιθοϐόλουν.
1678 1367 1707 1396 »

385 1527 693 1603 Συνέσχον,
728 1528 780 1581 οἱ
813 1528 949 1582 κατὰ
971 1530 1071 1581 τοῦ
1123 1524 1280 1603 ἁγίου
1332 1522 1981 1602 ψευδομαρτυρήσαντες.

382 1732 408 1756 α
436 1706 544 1760 Καὶ
576 1706 631 1760 οἱ
668 1705 931 1781 μάρτυρες
990 1705 1247 1760 ἀπέθεντο
1297 1704 1363 1760 τὰ
1409 1703 1603 1777 ἱμάτια
1664 1702 1809 1779 παρὲι
1852 1700 1980 1764 τοὺς

309 1820 338 1846 ι(
374 1793 554 1857 πόδας
586 1794 829 1865 νεανίου,
876 1793 1221 1867 καλουμένου
1281 1792 1521 1850 Σαύλου.
1582 1793 1686 1851 Καὶ
1736 1786 1987 1856 ἐλιθοϐό-

320 1912 342 1936 ι
382 1886 521 1941 λουν
549 1885 650 1939 τὸν
680 1884 974 1961 Στέφανον,
1004 1882 1437 1957 ἐπικαλούμενον
1472 1882 1561 1937 καὶ
1591 1880 1842 1959 λέγοντα.
1879 1905 1907 1933 »

386 2065 689 2138 Μαρτυρας
749 2060 918 2137 λέγει,
977 2062 1072 2123 οὓς
1124 2056 1394 2117 ὑπέϐαλον
1471 2057 1979 2136 καταψευδομαρτυ-

327 2162 490 2229 pica:
522 2154 706 2210 αὐτοῦ.
758 2154 856 2207 Καὶ
890 2150 1127 2207 δείκνυσι
1149 2155 1274 2214 τοὺς
1326 2149 1619 2214 δοκοῦντας
1681 2152 1977 2227 μάρτυρας,

331 2246 418 2298 ὅτι
468 2242 633 2297 πλέον
706 2242 847 2311 ἦσαν
907 2241 1399 2316 παρεσκευασμένοι
1456 2242 1593 2317 πρὸς
1648 2243 1740 2296 τὸν
1789 2242 1976 2323 φόνον,

336 2331 450 2408 εἶ’γε
481 2333 567 2386 καὶ
617 2333 679 2385 τὰ
729 2332 927 2404 ἱμάτια
985 2332 1294 2394 ἀπετίθεντο
1344 2332 1479 2406 πρὸς
1511 2332 1572 2386 τὸ
1604 2334 1740 2386 εἶναι
1799 2331 1980 2386 εὐστα-

334 2422 450 2484 λεῖς
481 2422 567 2475 καὶ
599 2426 788 2499 κοῦοοι
822 2420 899 2482 εἷς
930 2420 994 2476 τὸ
1029 2419 1255 2496 βάλλειν
1313 2426 1429 2483 τοῖς
1490 2419 1690 2484 λίθοις.
1745 2420 1889 2491 Φησῖ
1924 2419 1981 2475 δὲ

325 2514 407 2566 ὅτι
442 2511 583 2565 καἶὸ
637 2509 861 2581 μέλλων
920 2508 1140 2585 ὕστερον
1196 2511 1363 2580 κῆρυξ
1416 2510 1668 2580 εἶναιτῇς
1722 2509 1981 2582 οἰκουμέ-

319 2623 441 2672 νης,
480 2601 573 2654 καὶ
627 2600 791 2660 αὐτὸς
840 2598 1202 2674 συνέπρατττε
1257 2599 1381 2654 τότε
1420 2604 1500 2672 τῷ
1550 2600 1716 2678 φόνῳ,
1769 2597 1979 2661 δεικνὺς

318 2691 401 2745 ὅτι
446 2690 567 2746 θεία
622 2710 705 2750 τις
754 2689 843 2743 καὶ
890 2685 1191 2761 παραδοξος
1238 2689 1326 2742 καὶ
1382 2688 1441 2743 οὐ
1500 2690 1636 2743 κατὰ
1693 2691 1978 2765 ἄνθρωπον

318 2781 545 2855 γέγονεν
574 2778 746 2834 αὑτοῦ
778 2780 810 2847 ἡ
844 2779 981 2852 μετᾶ
1027 2782 1196 2834 ταῦτα
1230 2773 1535 2852 μεταϐολὴ.
1588 2778 1658 2833 Τὸ
1705 2775 1782 2847 δὲ,
1817 2778 1980 2854 Κύριε

312 2870 520 2939 Ἰησοῦ,
560 2865 710 2937 δέξαι
745 2867 807 2921 τὸ
835 2866 1051 2937 πνεῦμά
1082 2887 1208 2938 μου,
1251 2864 1587 2928 δεικνύοντος
1617 2869 1684 2935 ῆν
1717 2866 1803 2921 καί
1838 2863 1981 2921 διδά-

313 2979 550 3021 σκοντος
580 2958 669 3012 δτι
693 2955 794 3011 οὐκ
824 2954 1156 3011 ἀπόλλυται.

384 3163 414 3188 ιι
450 3135 625 3209 Κΰριε
659 3135 866 3204 Ἰησοῦ,
896 3131 1037 3205 δέξαι
1069 3134 1131 3189 τὸ
1164 3135 1380 3206 πνεῦμά
1414 3156 1540 3205 μου.

389 3226 672 3279 Ἐντεῦθεν
704 3220 977 3279 δείκνυται
1014 3222 1211 3294 μηκέτι
1262 3222 1337 3285 είς
1387 3220 1519 3295 ᾅδου
1575 3223 1669 3283 τὶς
1727 3226 1834 3277 τῶν
1895 3220 1975 3275 δι-

2086 624 2367 695 quoniam
2398 642 2567 696 grave
2602 626 2683 680 eis
2733 626 2944 681 fuisset
3000 628 3204 682 aud're
3264 629 3419 698 quod
3479 630 3731 696 sederet,

2086 718 2240 766 stare
2275 712 2511 768 interim
2545 715 2710 774 dixit,
2749 716 3067 788 designans
3113 718 3300 789 ipsius
3348 722 3731 775 resurrectio-

2085 818 2242 856 nem.
2278 803 2442 867 Quod
2473 812 2668 859 autem
2694 822 2811 859 non
2844 813 2975 871 stet,
3002 807 3103 860 sed
3127 806 3348 870 sedeat,
3381 809 3558 863 etiam
3583 812 3730 865 Pau-

2085 890 2179 945 lus
2209 892 2489 958 ostendit,
2531 893 2758 959 dicens,
2801 894 2955 961 quod
3004 896 3181 949 simul
3248 898 3619 952 resuscitavit
3652 899 3733 951 si-

2086 985 2330 1056 mulque
2372 986 2576 1040 sedere
2614 986 2754 1041 fecit
2811 987 2967 1041 inter
3025 988 3291 1044 cmlestes
3350 990 3423 1045 ad
3462 991 3732 1046 dextram

2087 1090 2275 1132 suam.

2157 1165 2277 1225 VII.
2314 1168 2401 1231 36,
2434 1170 2520 1220 57.
2562 1188 2577 1212 α
2618 1166 3028 1222 Exclamantes
3073 1174 3269 1222 autem
3305 1186 3441 1224 voce
3497 1187 3730 1244 magna,

2089 1276 2115 1304 ι(
2144 1254 2580 1309 Continuerunt
2608 1272 2780 1310 aures
2827 1272 2984 1320 suas,
3018 1262 3076 1311 et
3124 1257 3411 1328 impetum
3466 1258 3737 1314 fecerunt

2089 1364 2115 1391 ‹‹
2150 1344 2514 1398 unanimiter
2546 1345 2605 1398 in
2639 1361 2791 1399 eum.
2830 1345 2899 1399 Et
2938 1346 3192 1417 ejectum
3224 1364 3359 1402 eum
3394 1354 3557 1404 extra
3591 1349 3728 1403 civi-

2089 1453 2115 1482 «
2151 1437 2331 1487 tatem
2364 1432 2725 1503 lapidabant.
2753 1455 2779 1482 ››

2159 1524 2613 1588 Continuerunt,
2665 1524 2766 1594 qui
2799 1524 3081 1581 adversus
3149 1531 3416 1581 sanctum
3472 1527 3741 1582 tulerunt

2085 1613 2301 1669 falsum
2327 1615 2753 1670 testimonium.

2158 1702 2281 1766 Vll,
2314 1707 2401 1770 57,
2435 1704 2521 1757 58.
2554 1727 2579 1753 (ι
2615 1706 2685 1757 Ει
2716 1708 2896 1758 testos
2956 1705 3358 1776 deposuerunt
3386 1707 3737 1763 vestimenta

2093 1815 2114 1842 ι
2151 1795 2242 1850 75
2274 1793 2345 1849 ad
2378 1794 2558 1865 pedes
2589 1794 3005 1862 adolescentis,
3035 1795 3136 1866 qui
3166 1796 3480 1851 vocabatur
3502 1797 3735 1852 Saulus-

2012 1909 2058 1973 Β
2089 1906 2116 1933 ‹‹
2150 1885 2221 1938 Et
2251 1882 2596 1955 lapidabant
2626 1884 3009 1956 Stephanum,
3037 1885 3413 1942 invocantem
3445 1903 3511 1941 ac
3534 1887 3735 1943 dicen-

2089 1995 2116 2022 «
2154 1978 2293 2027 tem.
2339 1994 2367 2021 >>

2159 2063 2358 2118 Testes
2412 2062 2554 2118 dicit
2611 2079 2761 2134 quos
2811 2063 3279 2120 subornaverant
3333 2070 3399 2119 ut
3453 2065 3733 2121 adversus

2088 2150 2257 2206 illum
2280 2151 2500 2206 ferrent
2516 2151 2732 2207 falsum
2758 2154 3190 2220 testimonium,
3211 2155 3587 2225 ostenditque
3603 2172 3723 2221 eos,

2090 2242 2191 2311 qui
2212 2247 2390 2297 testes
2414 2241 2781 2301 videbantur,
2803 2245 3199 2314 promptiores
3223 2245 3293 2298 ad
3313 2245 3533 2299 cuidem
3557 2245 3735 2300 fuisse

2090 2330 2573 2403 quandoquidem
2601 2333 2772 2385 etiam
2798 2340 2987 2386 vestes
3008 2333 3409 2404 deposuerunt
3428 2351 3542 2404 quo
3563 2351 3730 2405 expe-

2090 2420 2334 2474 ditiores
2367 2426 2651 2474 essentac
2684 2420 2932 2475 leviores
2963 2420 3366 2491 adjaciendos
3400 2422 3626 2492 lapides
3672 2422 3735 2477 Id

2089 2515 2287 2565 autem
2330 2508 2430 2563 ait.
2469 2509 2749 2581 quoniam
2795 2510 2842 2564 is
2878 2510 3076 2575 etiam,
3110 2512 3210 2581 qui
3267 2512 3525 2566 universi
3579 2513 3740 2567 orbis

2090 2598 2444 2671 praedicator
2475 2599 2707 2653 futurus
2758 2607 2903 2665 erat,
2960 2600 3084 2671 ipse
3140 2617 3375 2669 quoque
3406 2601 3478 2655 ad
3510 2602 3733 2658 czedem

2090 2688 2551 2760 cooperabatur:
2603 2688 2924 2743 Ostendens
2966 2689 3122 2759 quod
3154 2689 3349 2743 divina
3381 2689 3648 2760 quaedam
3684 2697 3741 2745 et

2089 2776 2439 2831 admiranda
2470 2793 2765 2846 supraque
2798 2776 3105 2831 hominem
3135 2776 3463 2848 fueritejus
3494 2794 3733 2833 conver-

2090 2866 2197 2921 sio.
2232 2865 2395 2930 Quod
2428 2881 2562 2919 vero
2582 2865 2682 2929 ait,
2716 2888 2741 2912 «
2778 2865 3200 2930 DomineJesu,
3234 2867 3434 2937 accipe
3457 2867 3733 2938 spiritum

2089 2971 2311 3015 meum,
2339 2976 2365 3003 ››
2395 2953 2862 3009 demonstrantis
2894 2963 3020 3009 erat
3040 2972 3107 3009 ac
3138 2955 3404 3009 docentis
3436 2958 3590 3026 quod
3616 2973 3739 3011 non

2089 3046 2331 3117 periret.

2161 3156 2186 3182 ‹‹
2224 3133 2470 3187 Domine
2491 3134 2646 3192 Jesu.
2682 3132 2881 3202 accipe
2906 3132 3179 3203 spiritum
3214 3148 3439 3186 meum.
3476 3153 3504 3180 »

2162 3223 2310 3277 Hinc
2356 3222 2690 3276 ostenditur
2726 3222 3024 3291 justorum
3066 3222 3295 3276 animas
3326 3238 3360 3275 a
3389 3221 3736 3292 corporibus

332 3308 511 3363 καίων
543 3308 744 3363 ἀπιέναι
774 3310 958 3384 ψυχὰς
990 3313 1097 3362 νῶν
1140 3308 1409 3379 σωμάτων
1464 3306 1974 3380 ἁπαλλαττομένας,

2106 3313 2372 3367 liberatas
2388 3328 2761 3383 nequaquam
2779 3312 2836 3365 in
2852 3312 3151 3365 infernum
3168 3312 3525 3367 descendere
3540 3329 3742 3383 quem-

344 3398 488 3460 καθᾶ
536 3400 624 3452 καὶ
670 3401 877 3475 πρώην,
935 3399 1242 3471 πέμπεσθαι
1289 3396 1346 3455 δὲ
1383 3398 1604 3471 μᾶλλον
1664 3398 1740 3463 εἰς
1798 3404 1988 3474 χεῖρας

338 3492 479 3544 Θεοῦ
509 3492 703 3559 ζῶντος
757 3484 848 3543 διὰ
897 3492 997 3543 τοῦ
1059 3486 1275 3544 πάντων
1334 3490 1498 3562 ἡμῶν
1551 3495 1809 3565 Σωτῆρος
1859 3494 1991 3564 Χρι-

335 3580 486 3631 στοῦ.

405 3692 425 3715 ι
466 3666 587 3727 Θεῖς
622 3663 681 3719 δὶ
710 3667 780 3721 τὰ
805 3667 1031 3739 γόνατα,
1073 3661 1257 3743 ἔκραξε
1309 3669 1465 3743 φωνῇ
1529 3666 1765 3741 μεγάλῃ.
1799 3665 1986 3740 Κνόριε,

328 3778 356 3805 α
392 3756 469 3825 μὴ
504 3756 716 3828 στήσῃς
748 3755 937 3817 αὐτοῖς
966 3755 1068 3822 τήν
1109 3754 1381 3830 ἁμαρτίαν
1414 3755 1637 3826 ταύτην.
1691 3756 1786 3809 Καὶ
1825 3759 1986 3809 τοῦτο

331 3868 358 3893 ι(
389 3844 562 3898 εἰπὼν
590 3844 902 3917 ἐκοιμήθη.
942 3843 1158 3906 Σαῦλος
1191 3841 1248 3899 δὲ
1278 3846 1343 3912 ἦν
1376 3842 1713 3900 συνευδοκῶν
1743 3848 1811 3918 τῇ
1843 3844 1991 3899 ἀναι-

332 3958 355 3983 a
379 3934 523 4007 ρέσει
555 3933 750 3989 αὐτοῦ.

392 4027 526 4081 Ὅτι
566 4021 628 4079 δὲ
716 4023 1149 4100 προσευξαμένου
1192 4022 1358 4078 αὐτοῦ
1420 4026 1495 4096 μὴ
1559 4031 1752 4095 στῆσαι
1803 4024 1987 4088 αὐτοῖς

325 4114 401 4177 εἷς
437 4112 717 4187 ἁμαρτίαν
748 4114 839 4168 τὸν
871 4114 1063 4169 ἑαυτοῦ
1107 4113 1357 4183 θάνατον,
1390 4113 1435 4168 εἰ
1493 4114 1662 4194 ἀφέοη
1737 4114 1920 4178 αὐτοῖς
1951 4118 1985 4183 ἠ

324 4204 596 4279 ἁμαρτία,
631 4200 1060 4274 ξητῆσαιᾶξιον.
1122 4205 1228 4260 Καὶ
1279 4224 1475 4278 φαμεν,
1527 4204 1573 4259 εἶ
1636 4205 1986 4275 μετενόησαν,

322 4293 555 4369 ἀφείθη.
624 4293 722 4348 Καὶ
781 4292 883 4370 γὰρ
940 4294 967 4347 ὁ
1025 4292 1244 4367 μυρίαις
1302 4293 1464 4348 αὐτὸν
1523 4292 1747 4369 βάλλων
1807 4295 1987 4370 χερσὶ,

319 4383 417 4435 καῖ
449 4379 651 4453 διώξας
673 4382 773 4449 τὴν
822 4380 1149 4454 Ἐκκλησίαν
1197 4381 1437 4452 Παῦλος,
1497 4389 1599 4452 τῆς
1655 4382 1990 4455 Ἐκκλησίας

321 4474 650 4545 προστάτης
682 4468 912 4545 ἐγένετο.

971 4583 1234 4635 ΚΕΦΔΛ.
1276 4585 1315 4635 Θ
1336 4622 1351 4636 .

327 4686 462 4762 Περῖ
493 4682 1258 4762 δίωγμοῦμτῆςμᾝκκλησίας
1314 4685 1403 4762 καὶ
1450 4693 1628 4762 rapi}:
1681 4688 1983 4762 Stagiyou,

431 4779 461 4810 ν
522 4754 569 4828 ᾦ
601 4754 759 4831 μ’περξ
811 4754 1127 4831 ᾉΦιλίππου-
1180 4762 1277 4831 τοῦ
1336 4754 1669 4827 ἀποστόλου,
1736 4754 1985 4815 πολλου)

405 4827 715 4899 ἰασαμένου
741 4827 827 4882 ζιπῖ
866 4834 965 4897 τῆς
997 4830 1308 4904 Σαμαρείας

405 4942 434 4969 ιι
468 4916 725 4995 Ἐγένετο
757 4913 815 4971 δε
846 4916 897 4971 ἐν
949 4918 1126 4993 ἐκείνῃ
1175 4922 1244 4991 τῇ
1288 4917 1471 4993 ἡμέρᾳ
1518 4916 1767 4993 διωγμὸς
1827 4919 1991 4993 μέγας

327 5030 360 5057 α
394 5004 486 5062 hri
518 5007 622 5074 τήν
664 5005 994 5077 Ἐκκλησίαν
1040 5008 1140 5075 τὴν
1201 5006 1253 5062 ἐν
1298 5007 1727 5081 Ἰεροσολύμοις.
1786 5011 1988 5074 Ηάντες

327 5118 362 5146 α
393 5116 455 5151 τε
488 5092 861 5169 διεσπάρησαν
894 5094 1032 5150 κατᾶ
1079 5095 1173 5158 τὰς
1204 5096 1393 5176 χώρας
1422 5103 1522 5165 τῆς
1582 5094 1840 5160 Ἰουδαίας
1899 5099 1988 5153 καὶ

326 5209 358 5237 κ
394 5185 734 5260 Σαμαρείας,
760 5184 911 5251 πλην
943 5188 1052 5239 τῶν
1116 5184 1459 5244 ἀποστόλων.
1513 5182 1880 5259 Συνεκόμισαν
1933 5185 1990 5243 δέ

327 5299 354 5327 σι
390 5275 486 5331 τὸν
520 5275 792 5352 Στέφανον
832 5271 1019 5349 ἄνδρες
1050 5270 1325 5341 εὐλαϐεῖς,
1357 5275 1445 5330 καὶ
1478 5275 1803 5348 ἐποιήσαντο
1834 5299 1990 5334 κοπε·

327 5388 356 5415 ι(
386 5365 483 5420 τὸν
520 5365 689 5441 μέγαν
724 5363 810 5419 ἐπ’
840 5366 1016 5436 αὐτῷ.
1049 5363 1263 5426 Σαῦλος
1296 5362 1353 5419 δὲ
1386 5363 1708 5438 ἐλυμαίνετο
1736 5369 1838 5438 τήν
1868 5370 1989 5426 Ἐκ-

330 5477 357 5507 ι
384 5454 643 5526 κλησίαν,
674 5456 822 5511 κατὰ
850 5456 978 5517 τοὺς
1013 5453 1199 5516 οἷ’κους
1228 5453 1701 5529 εἰσπορευόμενος,
1728 5457 1905 5530 σύρων
1933 5480 1992 5515 τε

332 5568 359 5593 α
392 5541 588 5620 ἄνδρας
618 5545 709 5600 καὶ
741 5548 1026 5618 γυναῖκας,
1054 5538 1347 5616 παρεδίδου
1386 5542 1462 5603 εἰς
1486 5542 1757 5623 φυλακην.
1792 5546 1859 5603 Οἱ
1896 5546 1988 5619 μὲν

330 5656 361 5684 α
394 5638 484 5689 οὖν
514 5631 910 5708 διασπαρέντες
946 5628 1180 5701 διῆλθον
1224 5631 1697 5708 εὐαγγελιζόμενοι
1744 5636 1837 5691 τὸν
1894 5634 1991 5692 λό-

340 5742 362 5771 ί
384 5744 495 5800 γον.

2017 4647 2064 4712 D

2093 3401 2414 3457 admodum
2448 3406 2505 3454 et
2542 3408 2736 3467 antea,
2772 3401 2873 3455 sed
2907 3401 3226 3455 transmitti
3273 3402 3470 3472 potius
3522 3402 3581 3455 in
3614 3418 3738 3457 ma-

2093 3507 2205 3545 nus
2240 3490 2340 3544 Dei
2372 3490 2619 3545 viventis
2651 3506 2756 3562 per
2789 3489 3047 3544 omnium
3080 3497 3350 3546 nostrum
3384 3490 3741 3547 Salvatorem

2093 3581 2410 3636 Christum.

2163 3671 2279 3731 VII.
2315 3674 2401 3726 59.
2437 3695 2460 3719 υ
2499 3671 2717 3726 Positis
2756 3676 2953 3725 autem
2987 3670 3239 3743 genibus
3298 3671 3572 3726 clamavit
3602 3688 3739 3726 voce

2093 3783 2119 3810 «
2156 3777 2369 3833 magna
2401 3777 2413 3815 :
2450 3761 2719 3826 Domine,
2754 3776 2825 3813 ne
2859 3767 3082 3814 statuas
3114 3761 3233 3814 illis
3267 3761 3377 3815 hoc
3411 3767 3738 3831 peccatum.

2094 3872 2121 3900 «
2155 3856 2416 3921 (lumque
2446 3850 2555 3904 hoc
2585 3848 2851 3907 dixisset.
2887 3848 3261 3903 obdormivit.
3298 3849 3509 3903 Saulus
3540 3856 3738 3904 autem

2098 3961 2125 3989 κ
2150 3939 2565 3994 consentiebat
2594 3939 2653 3992 in
2686 3954 2888 3993 necem
2924 3940 3076 4008 ejus.
3107 3957 3132 3986 ι

2164 4028 2308 4081 Cum
2341 4032 2533 4080 autem
2570 4027 2695 4096 ipse
2731 4035 3002 4095 precatus
3034 4026 3129 4091 sit,
3163 4042 3236 4080 ne
3272 4043 3377 4081 sua
3412 4044 3571 4081 mors
3621 4027 3742 4084 illis

2090 4116 2151 4171 in
2173 4121 2477 4186 peccatum
2499 4120 2875 4179 statueretur,
2903 4114 3148 4185 dignum
3171 4121 3259 4169 est
3284 4123 3349 4169 ut
3369 4118 3742 4188 inquiramus

2093 4210 2291 4260 utrum
2319 4208 2625 4274 peccatum
2660 4202 2838 4255 fuerit
2866 4202 2985 4255 illis
3016 4203 3354 4257 remissum.
3392 4208 3459 4258 Et
3489 4205 3740 4259 dicimus

2095 4276 2251 4349 quod
2282 4275 2394 4340 his,
2429 4274 2526 4345 qui
2563 4274 3291 4345 resipuerunt.remissum
3314 4276 3740 4345 est.Siquidem

2093 4365 2331 4431 Paulus,
2351 4364 2451 4435 qui
2467 4364 2637 4418 illum
2652 4364 2982 4418 innumeris
2997 4364 3457 4435 petiitmanibus
3474 4372 3744 4435 etperse-

2093 4466 2264 4513 cutus
2295 4462 2384 4511 est
2412 4455 2759 4519 Ecclesiam,
2783 4454 2972 4510 factus
3002 4461 3092 4510 est
3135 4454 3412 4510 defensor
3440 4456 3741 4511 Ecclesia.

2733 4580 2967 4636 CAPUT
3008 4581 3102 4635 IX.

2102 4693 2173 4748 De
2193 4693 2564 4759 persecutione
2616 4690 2887 4753 Ecclesia,
2939 4696 2993 4743 et
3032 4689 3317 4758 sepultura
3345 4691 3612 4761 Stephani
3645 4692 3746 4748 τίη

2168 4780 2276 4834 quo
2306 4767 2474 4818 etiam
2504 4765 2693 4831 agitur
2728 4763 2793 4815 de
2819 4761 3073 4830 Philippo
3103 4762 3371 4831 apostolo,
3416 4766 3513 4833 qui
3544 4766 3739 4821 multos

2168 4837 2226 4890 in
2254 4836 2510 4891 Samaria
2539 4834 2786 4888 curabat.

2168 4924 2312 4987 V111,
2349 4926 2460 4978 1-4.
2494 4942 2513 4969 ι
2542 4924 2715 4977 Facta
2737 4926 3042 4977 estautem
3076 4922 3135 4977 in
3162 4922 3265 4978 illo
3289 4923 3383 4978 die
3409 4927 3739 4995 persecutio

2106 5034 2128 5066 ι
2161 5030 2377 5087 magna
2406 5012 2685 5067 adversus
2718 5011 3059 5077 Ecclesiam,
3090 5030 3220 5084 qua:
3248 5019 3374 5068 erat
3405 5014 3744 5087 Hierosoly-

2100 5102 2286 5163 «mis,
2321 5116 2646 5169 omnesque
2678 5098 2927 5170 dispersi
2966 5101 3061 5154 76
3122 5108 3261 5156 sunt
3316 5120 3421 5173 per
3472 5103 3743 5173 regiones

2100 5212 2127 5239 «
2160 5189 2374 5245 Iudaeae
2398 5194 2454 5242 et
2479 5188 2775 5255 Samariaa,
2799 5194 3015 5259 praeter
3036 5190 3354 5260 apostolos.
3388 5198 3749 5249 Curaverunt

2100 5302 2128 5330 «
2162 5285 2360 5334 autem
2386 5278 2751 5349 Stephanum
2776 5294 2893 5333 una
2924 5279 3028 5332 viri
3062 5280 3343 5351 religiosi,
3379 5296 3445 5335 ac
3479 5280 3747 5337 fecerunt

2101 5392 2127 5420 (ι
2163 5369 2467 5440 planctum
2517 5384 2792 5440 magnum
2830 5385 3006 5440 super
3049 5384 3202 5424 eum.
3236 5368 3447 5424 Saulus
3476 5387 3609 5424 vero
3643 5372 3746 5427 de-

2104 5480 2129 5510 α
2162 5458 2425 5513 vastabat
2453 5458 2796 5524 Ecclesiam,
2825 5476 2932 5528 per
2961 5458 3221 5530 singulas
3253 5458 3461 5514 domos
3492 5460 3745 5527 intrans,

2101 5572 2129 5599 «
2165 5548 2523 5618 trahensque
2552 5547 2706 5603 viros
2737 5566 2804 5604 ac
2835 5548 3137 5613 mulieres,
3164 5549 3431 5604 tradebat
3463 5551 3523 5605 in
3550 5557 3745 5606 custo-

2099 5662 2132 5691 α
2162 5639 2341 5697 diam.
2378 5638 2469 5695 llli
2500 5638 2700 5712 itaque
2754 5639 3005 5713 dispersi
3064 5641 3458 5717 peragrabant
3512 5658 3746 5703 annun-

2101 5752 2137 5783 α
2163 5735 2254 5787 tu
2282 5728 2530 5791 verbum
2559 5729 2685 5788 Dei.
2718 5751 2749 5781 π
