4098 6260
326 325 436 384 155

322 554 478 603 stum
510 547 755 602 insidias
785 547 858 602 ad
890 547 1114 601 bonum
1167 547 1343 600 finem
1399 545 1671 600 deducat.
1708 542 1965 615 Dispersi

324 655 580 709 namque
605 638 789 692 multo
814 638 1015 708 plures
1035 635 1732 706 irretiebantevangelica
1753 649 1972 706 sagena

326 744 498 799 quam
533 734 668 782 ante
701 728 1196 798 persecutionem.
1232 725 1495 796 Apostoli
1530 741 1662 778 vero
1698 740 1816 778 non
1837 727 1974 778 sunt

324 817 597 889 dispersi,
636 818 737 872 sed
772 816 1195 887 Hierosolymis
1228 821 1414 869 erant.
1460 815 1567 871 Ubi
1598 815 1754 868 enim
1790 813 1970 884 potis-

330 906 477 961 sima
509 913 633 962 erat
655 907 1035 978 oppugnatio,
1070 905 1147 959 ibi
1174 906 1397 976 primos
1419 922 1485 960 ac
1519 905 1848 975 praecipuos
1872 903 1975 956 mi-

325 998 460 1052 lites
492 998 552 1052 in
583 998 706 1052 acie
741 1003 893 1051 stare
949 995 1278 1067 oportebat,
1312 995 1662 1064 czeterisque
1723 987 1975 1064 proponi

332 1090 392 1145 in
424 1088 761 1160 exemplum
787 1085 1152 1141 fortitudinis
1174 1091 1233 1140 et
1259 1083 1540 1140 audacias.
1572 1085 1782 1138 Verum
1814 1081 1861 1135 si
1888 1098 1975 1136 re-

326 1179 520 1253 ligiosi
545 1183 734 1244 erant,
755 1176 856 1247 qui
888 1176 1250 1248 Stephanum
1271 1173 1655 1245 sepelierunt,
1678 1171 1977 1243 quomodo

330 1270 633 1342 planctum
685 1265 1002 1319 fecerunt?
1057 1268 1165 1318 Aut
1217 1263 1356 1335 quia
1404 1263 1673 1318 nondum
1731 1260 1975 1333 perfecti

332 1363 520 1423 erant,
556 1361 656 1410 aut
682 1354 839 1426 quod
879 1353 1220 1426 planxerint
1277 1359 1440 1408 tanto
1472 1352 1781 1424 praefecto,
1818 1355 1978 1406 tanto

330 1447 680 1522 patrocinio,
715 1451 876 1500 tanta
902 1444 1196 1507 doctrina,
1231 1443 1526 1514 tantisque
1554 1443 1738 1516 signis
1770 1440 1981 1514 privati

335 1544 392 1596 et
423 1536 581 1610 quod
619 1535 824 1590 mitem
858 1535 1026 1589 illum
1059 1549 1128 1588 ac
1168 1532 1490 1604 benignum
1534 1530 1984 1603 conspiciebant

338 1634 660 1684 mortuum.
705 1623 1123 1696 lapidibusque
1154 1638 1526 1693 oppressum.

407 1717 546 1781 Vlll,
577 1716 689 1770 4-9.
731 1737 755 1763 α
791 1713 1098 1784 Philippus
1129 1718 1322 1766 autem
1359 1711 1658 1782 digressus
1689 1709 1752 1763 in
1779 1707 1980 1763 civita-

333 1830 360 1855 ‹‹
395 1813 512 1862 tem
544 1803 822 1859 Samariaa
847 1801 1205 1873 praedicabat
1224 1800 1342 1854 illis
1363 1800 1682 1854 Christum.
1708 1796 1981 1852 Intende-

340 1917 362 1947 α
398 1895 542 1951 baut
567 1899 767 1949 autem
800 1891 985 1946 turbas
1017 1891 1130 1955 his,
1161 1906 1291 1960 qua:
1321 1905 1356 1943 a
1386 1887 1657 1958 Philippo
1702 1885 1983 1941 diceban-

338 2008 364 2031 η
396 1991 510 2050 tur,
543 1982 910 2037 unanimiter
938 1979 1246 2035 audientes
1270 1995 1336 2033 ac
1361 1977 1628 2032 videntes
1659 1978 1826 2047 signa
1857 1992 1987 2047 qum

342 2097 369 2122 ‹‹
403 2072 632 2128 edebat.
667 2071 918 2141 Spiritus
944 2069 1100 2123 enim
1138 2067 1420 2122 immundi
1445 2082 1512 2122 ex
1545 2066 1770 2126 multis.
1798 2065 1897 2136 qui
1917 2063 1987 2118 ab

341 2165 537 2236 «ipsis
571 2161 947 2224 tenebantur,
979 2161 1307 2215 clamantes
1328 2175 1541 2231 magna
1563 2175 1702 2213 voce
1727 2157 1985 2213 exibant.

340 2279 364 2305 (ι
404 2253 568 2309 Multi
602 2257 798 2306 autem
853 2250 1161 2323 paralytici
1222 2255 1279 2305 et
1325 2248 1521 2304 claudi
1586 2249 1772 2304 curati
1828 2251 1988 2302 sunt.

343 2368 368 2394 ‹‹
401 2345 764 2414 Factumque
795 2347 882 2398 est
913 2341 1194 2414 gaudium
1237 2357 1516 2414 magnum
1576 2339 1637 2394 in
1687 2337 1792 2395 illa
1847 2334 1986 2393 civi-

342 2457 368 2484 ‹‹
402 2440 542 2490 tate.
573 2454 601 2483 »

413 2525 538 2580 Non
563 2528 651 2578 est
679 2521 775 2578 hic
806 2521 1115 2593 Philippus
1145 2519 1468 2592 apostolus,
1503 2518 1603 2591 qui
1651 2519 1807 2574 inter
1845 2516 1990 2572 duo-

345 2614 535 2671 decim
569 2621 920 2669 numeratus
951 2619 1058 2676 est,
1095 2612 1196 2666 sed
1255 2629 1410 2666 unus
1466 2627 1535 2665 ex
1580 2617 1827 2680 septem,
1888 2605 1991 2678 qui

341 2721 476 2760 cum
509 2705 804 2775 Stephano
854 2702 1118 2757 delectus
1147 2701 1341 2756 fuerat
1395 2700 1466 2754 ad
1498 2697 1992 2768 gubernationem

342 2794 672 2850 viduarum.
711 2791 770 2846 ld
795 2797 993 2845 autem
1027 2806 1226 2845 verum
1257 2805 1386 2844 esse
1427 2788 1565 2844 hinc
1609 2785 1992 2841 manifestum

344 2888 452 2938 est.
485 2881 637 2936 Solis
664 2881 822 2935 enim
854 2879 1140 2950 apostolis
1189 2875 1610 2946 Hierosolyma)
1669 2874 1991 2937 derelictis,

347 2978 689 3029 cmterorum
723 2987 858 3025 vero
886 2967 1316 3040 discipulorum
1349 2966 1482 3022 aliis
1513 2965 1652 3020 alibi
1686 2963 1993 3034 dispersis,

342 3068 520 3135 prout
540 3063 666 3133 jam
709 3060 931 3115 dictum
963 3065 1070 3125 est,
1105 3074 1312 3113 omnes
1343 3057 1500 3112 circa
1545 3055 1760 3112 Judaaaa
1792 3069 1860 3108 ac
1893 3052 1993 3108 Sa-

343 3153 544 3208 maria)
604 3150 873 3225 regiones
925 3149 1178 3220 dispersi
1220 3153 1377 3214 sunt,
1423 3152 1636 3219 praeter
1666 3143 1988 3219 apostolos.

1439 315 1859 380 mCUMENlI
1902 317 2207 379 TRICCE
2254 318 2608 381 EPISCOPI

326 458 466 512 Vide
498 458 790 528 quomodo
839 459 992 513 Deus
1042 456 1426 512 inimicorum
1483 455 1766 510 adversus
1797 453 1964 509 Chri-
1999 458 2050 520 Α

3613 326 3733 386 156

2150 453 2290 522 Ὅρα
2326 457 2494 517 πῶςὸ
2527 456 2656 518 Θεὸς
2703 457 2795 518 τὰς
2855 453 3158 520 ἐπιϐουλὰς
3216 465 3321 513 τῶν
3380 460 3594 535 ἐχθρῶν
3652 460 3740 522 εὶς

2083 542 2322 616 χρηστὸν
2367 545 2479 619 ἄγει
2511 542 2689 606 τέλος.
2725 548 3112 620 Διασπαρὲντες
3155 549 3256 626 γάρ
3301 547 3442 603 πολὺ
3504 547 3738 610 πλείους

2082 631 2467 706 ἐσαγήνευσᾳν,
2511 636 2545 706 ἢ
2606 637 2730 709 πρὶν
2801 635 3126 713 διωχθῆναι.
3188 641 3254 696 Οἱ
3314 638 3371 694 δέ
3429 640 3736 694 ἀπόστολοι

2083 723 2146 777 οὐ
2181 720 2568 798 διεσπάρησαν,
2601 724 2726 780 ἀλλ’
2778 729 2913 795 ἦσαν
2970 727 3020 781 ἐν
3084 727 3506 800 Ἰεροσολύμοις.
3569 731 3742 793 Ἔνθα

2081 812 2181 887 γάρ
2239 813 2446 868 πλείων
2506 816 2532 870 6
2588 815 2857 888 πόλεμος,
2939 817 3051 871 ἐκεῖ
3125 820 3555 889 παρατάττεσθαι
3602 820 3742 881 τοὺς

2083 905 2536 977 πρωταγωνιστάς
2569 903 2698 974 ἔδει,
2730 906 2819 959 καὶ
2871 909 3185 982 προκεῖσθαι
3234 915 3350 968 τοῖς
3411 907 3604 970 ἄλλοις
3638 911 3748 962 ἀν-

2086 985 2264 1062 δρείας
2297 989 2385 1044 καὶ
2417 991 2642 1062 θάρσους
2692 989 3014 1066 ὑπόδειγμα.
3051 993 3117 1050 Εῗ
3163 992 3219 1049 δὲ
3250 990 3497 1058 εὐλαϐεῖς
3553 997 3604 1049 oi
3664 994 3742 1049 01'

2087 1082 2277 1151 ψαντες
2303 1080 2393 1134 τὸν
2441 1078 2738 1156 Στέφανον,
2797 1087 2916 1143 πῶς
2975 1085 3300 1154 ἐποιήσαντο
3352 1084 3578 1138 κοπετόν
3618 1087 3744 1152 ;Ἥ

2088 1170 2169 1224 ὅτι
2203 1165 2356 1225 οὔπω
2386 1173 2519 1239 ἦσαν
2557 1170 2782 1240 τέλειοι,
2836 1172 2870 1242 ἢ
2931 1171 3014 1227 ὅτι
3073 1173 3355 1247 ἐκόψαντο,
3407 1173 3752 1244 προστασίας

2087 1258 2376 1328 τοσαύτης,
2411 1255 2763 1322 διδασκαλίας
2822 1263 3104 1331 τοιαύτης,
3166 1264 3408 1335 σημείων
3469 1263 3746 1319 τοιούτων

2090 1349 2581 1423 ἀποστερούμενοι,
2611 1352 2703 1406 καὶ
2735 1353 2967 1427 ὁρῶντες
2997 1358 3167 1428 πρᾶον
3212 1353 3412 1410 ἐκεῖνον
3445 1355 3532 1408 καὶ
3591 1357 3749 1428 ἣμε-

2092 1458 2184 1513 ρον
2215 1439 2428 1514 νεκρὸν,
2463 1437 2814 1504 λιθόλευστον
2846 1442 3121 1514 κείμενον.

2164 1733 2192 1760 ‹‹
2227 1707 2506 1771 Φίλιππος
2537 1705 2594 1763 δὲ
2614 1708 2891 1772 κατελθὼν
2923 1710 2997 1772 ε’ς
3059 1709 3219 1765 πόλιν
3269 1717 3371 1781 τῆς
3434 1713 3752 1785 Σαμαρείας

2099 1819 2119 1848 ι
2157 1795 2443 1869 ἐκήρυσσεν
2468 1798 2652 1858 αὐτοῖς
2673 1800 2762 1853 τὸν
2791 1799 3041 1868 Χριστόν.
3071 1802 3369 1876 Προσεῖχόν
3396 1822 3453 1856 τε
3486 1803 3536 1854 oi
3569 1798 3748 1880 ὄχλοι

2098 1912 2126 1939 ‹‹
2159 1893 2274 1949 τοῖς
2305 1886 2626 1963 λεγομένοις
2661 1889 2763 1944 ὑπὸ
2794 1895 2890 1944 τοῦ
2940 1890 3248 1960 Φιλίππου,
3303 1890 3654 1963 ὁμοθυμαδὸν
3688 1890 3749 1946 ἐν

2099 2001 2125 2028 ‹‹
2157 1981 2238 2049 τῷ
2269 1977 2479 2034 ἀκούειν
2510 1977 2721 2043 αὐτοὺς,
2755 1979 2840 2034 καὶ
2878 1980 3098 2056 βλέπειν
3130 1983 3195 2036 τά
3252 1987 3452 2057 σημεῖα
3483 1981 3516 2037 ’ἀ
3544 1981 3746 2040 ἐποίει,

2105 2066 2391 2123 σιΠολλῶν
2471 2069 2571 2143 γὰρ
2626 2075 2733 2125 τῶν
2812 2067 3051 2146 ἆχόντων
3107 2072 3388 2144 πνεύματα
3444 2072 3747 2144 ἀκάθαρτα,

2105 2184 2123 2207 σ
2164 2159 2374 2233 βοῶντα
2409 2159 2621 2233 μεγάλῃ
2657 2164 2835 2234 φωνῇ,
2896 2160 3177 2236 ἐξήρχετο.
3243 2160 3448 2216 Πολλοὶ
3485 2158 3541 2214 δὲ
3569 2181 3750 2234 παρα-

2100 2274 2126 2301 ‹‹
2155 2249 2448 2322 λελυμενοι
2480 2272 2566 2305 και
2629 2250 2808 2327 χωλοὶ
2871 2253 3323 2329 εθεραπεύοησαν.
3385 2253 3487 2312 Καὶ
3538 2251 3750 2327 ἐγένετο

2106 2362 2132 2394 α
2163 2341 2307 2416 χαρά
2335 2339 2546 2417 μεγάλη
2581 2340 2633 2396 ἐν
2661 2343 2731 2414 τῇ
2764 2341 2922 2398 πόλει
2954 2341 3152 2419 ἐκείνῃ.
3190 2367 3218 2394 ››

2171 2519 2293 2594 Ούχ
2323 2519 2350 2574 6
2380 2519 2690 2578 ἀπόστολος
2749 2519 3053 2586 Φίλιππος,
3091 2522 3118 2576 6
3147 2519 3200 2575 ἐν
3232 2525 3350 2582 τοῖς
3411 2517 3620 2574 δώδεκα
3649 2539 3752 2574 κα-

2097 2607 2489 2683 ταλεγόμενος,
2523 2609 2682 2672 οὗτός
2711 2609 2872 2677 ἐστιι,
2904 2609 3032 2667 ἀλλ’
3063 2610 3138 2674 εἷς
3194 2615 3304 2664 τῶν
3364 2609 3516 2676 ἑπτά,
3550 2610 3577 2664 ὁ
3614 2610 3757 2680 μετᾶ

2103 2700 2376 2774 Στεφάνου
2398 2696 2672 2776 ἐπιλεγεῖς
2704 2699 2840 2772 πρὸς
2868 2701 2966 2768 τήν
2998 2704 3104 2753 τῶν
3153 2703 3346 2774 χηρῶν
3403 2698 3748 2772 οἰκονομίαν.

2098 2787 2222 2844 ’Ότι
2283 2783 2340 2841 δὲ
2397 2785 2599 2856 ἀληθὲς
2659 2789 2822 2846 ἐστιν.
2910 2787 3144 2852 ἐντεῦθεν
3215 2786 3406 2859 δῆλον.
3466 2793 3580 2842 Τῶν
3639 2789 3748 2862 γὰρ

2099 2873 2420 2931 ἀποστόλων
2459 2875 2635 2948 μόνων
2669 2876 2721 2931 ἐν
2775 2875 3189 2952 Ἰεροσολύμοις
3244 2875 3749 2957 παραλειφθὲντων,

2099 2969 2205 3020 τῶν
2237 2962 2296 3020 δὲ
2322 2971 2538 3021 Λοιπῶν
2573 2968 2828 3038 μαθητῶν
2863 2965 3046 3022 ἀλλων
3082 2967 3363 3042 ἀλλαχόσε
3421 2963 3747 3040 διασπαρὲν-

2098 3075 2227 3120 των,
2257 3056 2393 3109 κατά
2420 3056 2481 3110 τὸ
2514 3051 2633 3129 έ“’ρη
2647 3054 2803 3128 μένον
2835 3053 2967 3124 ἤδη,
3010 3057 3203 3118 πάντες
3261 3053 3319 3110 δὲ
3377 3053 3748 3129 διεσπάρησαν

2101 3145 2240 3200 κατα
2265 3143 2360 3205 τὰς
2393 3145 2580 3219 χώρας
2621 3152 2721 3214 τῆς
2753 3141 3017 3209 Ἰουδαίας
3073 3144 3163 3198 καὶ
3213 3145 3544 3218 Σαμαρείας,
3595 3142 3751 3213 πλὴν

341 3244 503 3298 Inter
533 3243 640 3297 hos
670 3215 808 3314 ergo
841 3215 1140 3312 dispersos
1201 3242 1329 3294 erat
1381 3215 1492 3292 iste
1524 3215 1856 3307 Philippus,
1885 3233 1987 3306 qui

2110 3238 2207 3289 τῶν
2250 3232 2594 3290 ἀποστόλων.
2646 3237 2734 3291 Ἐν
2784 3239 2901 3296 τοῖς
2954 3232 3324 3309 διασπαρεῖσιν
3375 3235 3442 3304 ἦν
3501 3233 3591 3288 καὶ
3651 3233 3753 3289 οὗ-

341 3338 400 3387 et
430 3332 731 3386 Simonem
757 3329 1038 3384 instruxit
1070 3328 1130 3382 in
1189 3327 1466 3382 Samaria,
1503 3327 1574 3380 Et
1630 3341 1764 3380 cum
1799 3340 1986 3378 eunu-

341 3421 518 3475 chum
545 3420 716 3489 juxta
769 3419 1032 3473 divinum
1085 3417 1439 3488 baptizasset
1461 3415 1790 3480 oraculum,
1828 3415 1918 3468 77
1955 3429 1991 3469 a

342 3509 575 3564 Domini
608 3507 827 3578 Spiritu
859 3507 1155 3578 repositus
1172 3513 1262 3560 est
1278 3506 1458 3568 Azoti,
1492 3505 1770 3574 venitque
1802 3509 1991 3558 (Laesa-

339 3614 529 3660 ream,
563 3613 692 3667 qua:
724 3597 835 3666 ipsi
869 3596 1058 3666 patria
1088 3601 1234 3650 erat.
1259 3601 1401 3649 (lum
1435 3594 1594 3649 enim
1627 3594 1688 3647 in
1721 3607 1991 3663 persecu-

342 3688 504 3742 tione
550 3703 681 3757 quae
712 3685 904 3740 fuerat
933 3691 1196 3756 tempore
1228 3683 1528 3755 Stephani.
1567 3687 1824 3738 tentatus
1853 3679 1993 3735 fuis-

345 3782 454 3843 set,
486 3793 554 3831 ac
582 3774 872 3830 timuisset
933 3790 1006 3829 ne
1055 3780 1113 3828 et
1168 3774 1295 3846 ipse
1349 3771 1635 3827 similium
1695 3770 1992 3843 particeps

344 3863 948 3936 ﬂeretpericulorum,
975 3863 1217 3918 domum
1239 3877 1472 3916 rursum
1495 3861 1680 3932 petiit.
1702 3861 1994 3915 Praeterea

347 3956 395 4010 si
427 3972 584 4010 unus
602 3959 729 4008 erat
752 3952 1179 4024 apostolorum,
1205 3968 1338 4006 cum
1362 3953 1421 4004 in
1448 3950 1713 4005 Samaria
1736 3947 1994 4020 baptiza-

345 4052 456 4102 ret.
487 4043 743 4099 habebat
773 4044 978 4113 utique
1011 4041 1419 4096 auctoritatem
1454 4039 1592 4094 doni
1627 4038 1912 4110 Spiritus:
1938 4040 1997 4092 et

349 4149 728 4206 nequaquam
765 4135 968 4186 Petrus
990 4147 1058 4187 ac
1086 4133 1340 4186 Joannes
1369 4129 1441 4185 ab
1476 4127 1898 4198 Hierosolymis
1921 4124 1996 4182 ad

353 4240 452 4278 eos
475 4221 927 4284 descendentes,
946 4221 1196 4291 Spiritus
1215 4219 1464 4289 gratiam
1489 4217 1607 4272 illis
1625 4217 1994 4272 tribuissent.

355 4315 456 4369 Hic
486 4314 683 4384 itaque
718 4320 945 4368 tantum
977 4311 1230 4381 baptizat
1259 4315 1459 4380 utpote
1483 4307 1833 4378 discipulus,
1866 4323 2000 4378 gra-

351 4404 494 4460 tiam
523 4419 656 4458 vero
685 4402 1004 4474 perficiunt
1026 4398 1301 4472 apostoli,
1324 4397 1540 4470 quibus
1567 4395 1700 4453 talis
1722 4396 1860 4452 doni
1891 4412 1999 4453 au-

350 4493 590 4549 ctoritas
613 4507 897 4548 concessa
926 4494 1071 4543 erat.

1003 4577 1234 4634 CAPUT
1272 4574 1339 4631 X.

425 4744 737 4810 baptizatus
793 4734 869 4796 est
905 4759 917 4796 :
953 4734 1030 4793 'in
1078 4753 1185 4810 quo
1223 4734 1398 4792 etiam
1435 4736 1626 4810 agitur
1658 4735 1724 4788 de
1752 4734 1909 4810 Petri
1948 4739 2001 4810 et

423 4805 656 4869 Joannis
686 4813 758 4866 ad
787 4828 872 4867 eos
903 4805 1194 4880 legatione.
1218 4817 1268 4864 et
1299 4808 1642 4863 invocatione
1673 4807 1850 4862 sancti
1872 4805 1998 4876 Spi-

425 4888 565 4940 ritus
596 4901 758 4956 super
781 4899 888 4948 eos,
923 4882 1021 4954 qui
1052 4883 1320 4952 baptizuti
1347 4886 1526 4936 erant.

426 5047 569 5108 VIII.
588 5049 621 5104 9
661 5048 745 5101 15.
770 5068 788 5090 ι
809 5043 906 5098 Vir
922 5048 1117 5098 autem
1134 5041 1380 5114 quidam
1396 5040 1638 5096 nomine
1653 5041 1875 5100 Simon,
1898 5039 2001 5111 qui

358 5163 377 5187 -
414 5145 590 5195 antea
621 5137 680 5192 in
713 5151 782 5190 ea
804 5133 1037 5189 civitate
1065 5131 1376 5186 exercebat
1405 5137 1592 5186 artem
1624 5129 1913 5202 magicam
1934 5145 2004 5186 ac

355 5251 382 5280 α
417 5229 859 5284 dementaverat
906 5228 1142 5295 gentem
1176 5219 1476 5285 Samaria,
1509 5219 1717 5276 dicens
1766 5235 1828 5274 se
1874 5233 2004 5273 esse

356 5341 381 5366 «
417 5319 751 5390 quempiam
784 5328 1085 5386 magnum,
1139 5309 1232 5365 cui
1265 5309 1682 5365 auscultabant
1737 5324 1945 5364 omnes
1971 5322 2007 5362 a

356 5428 384 5455 «
426 5407 672 5462 minimo
707 5421 892 5477 usque
923 5402 997 5458 ad
1026 5400 1374 5464 maximum,
1409 5397 1712 5454 dicentes:
1750 5398 1864 5452 Iste
1917 5399 2008 5451 est

356 5520 383 5546 ‹‹
416 5496 600 5551 virtus
621 5497 740 5558 Dei,
772 5512 902 5567 quae
925 5498 1166 5548 vocatur
1185 5505 1416 5562 magna.
1446 5487 1877 5545 Auscultabant
1900 5501 2000 5542 au-

358 5609 385 5638 ‹‹
419 5592 538 5641 tem
570 5586 621 5640 ei
666 5590 977 5656 propterea
1022 5580 1180 5653 quod
1232 5578 1419 5636 multo
1452 5583 1719 5649 tempore
1766 5573 2004 5650 magicis

353 5697 382 5727 α
409 5674 636 5733 artibus
654 5674 1059 5732 dementasset
1077 5686 1200 5726 eos.
1222 5670 1436 5726 Verum
1458 5684 1595 5725 cum
1612 5665 2008 5746 credidissent

2025 4567 2073 4633 D

355 4674 427 4727 De
457 4673 675 4728 Simone
723 4687 905 4740 mago.
946 4669 1045 4740 qui
1073 4682 1194 4722 cum
1223 4663 1479 4740 pluribus
1507 4661 1636 4740 aliis
1665 4661 1916 4740 credidit,
1945 4668 2000 4740 et
2043 4659 2046 4661 Α

2097 3346 2191 3387 τος
2231 3326 2260 3379 ὁ
2302 3323 2605 3392 Φίλιππος,
2663 3324 2723 3388 ’ὸς
2778 3325 2866 3380 καὶ
2913 3324 3006 3380 τὸν
3058 3325 3282 3397 Σίμωνα
3338 3326 3651 3400 κατ-ἤχησεν
3697 3323 3750 3378 ἐν

2102 3416 2398 3488 Σαμαρείᾳ,
2429 3415 2518 3471 καὶ
2551 3416 2688 3470 κατά
2719 3418 2861 3471 θεῖον
2895 3415 3149 3495 χρησμὸν
3183 3416 3274 3470 τὸν
3313 3415 3588 3490 Εὐνοῦχον
3649 3415 3747 3488 βα-

2099 3506 2316 3572 πτίσας,
2354 3506 2456 3561 ὑπὸ
2490 3504 2801 3578 Ηνεύματος
2834 3505 3040 3580 Κυρίου
3089 3505 3163 3567 εἷς
3223 3507 3468 3576 Ἄζωτον
3529 3503 3749 3577 εύρέθη,

2099 3595 2234 3668 πρὸς
2260 3592 2315 3651 δὲ
2373 3596 2699 3668 Καισάρειαν
2753 3595 2980 3668 ὥρμησε
3035 3595 3134 3662 τήν
3186 3594 3346 3649 αὐτὸν
3400 3593 3748 3672 ἑνεγκοῦσαν,

2101 3688 2217 3753 Τῆς
2246 3686 2347 3760 γάρ
2381 3684 2463 3739 ἐπὶ
2503 3685 2776 3763 Στετάνου
2815 3683 2995 3754 λύπης
3051 3685 3383 3761 πειρασοεῖς,
3442 3684 3531 3738 καὶ
3565 3680 3750 3746 δείσας

2106 3775 2182 3848 μὴ
2241 3777 2347 3828 τῶν
2408 3773 2614 3846 ὁμοίων
2686 3775 2958 3848 μετάσχῃ,
3045 3772 3467 3841 ἐπαλινόστησεν
3538 3769 3750 3832 οἷ’καδε.

2102 3861 2326 3926 Ἄλλως
2350 3883 2427 3932 τε,
2461 3861 2506 3917 εί
2538 3863 2565 3917 ὁ
2599 3862 2862 3938 βαπτίσας
2921 3863 2972 3916 ἐν
3024 3863 3299 3936 Σαμαρείᾳ
3364 3862 3442 3925 εἷς
3471 3866 3576 3916 τῶν
3607 3861 3748 3916 ἀπο-

2104 3953 2312 4009 στόλων
2344 3953 2434 4021 ἦν,
2467 3954 2614 4028 εἶχεν
2646 3951 2706 4008 ἂν
2738 3953 2837 4022 τὴν
2884 3950 3162 4017 αύθεντίαν
3213 3958 3313 4020 τῆς
3368 3955 3465 4006 τοῦ
3499 3949 3749 4022 Πνεύμα-

2103 4065 2194 4106 τος
2225 4043 2450 4104 δόσεως.
2489 4043 2577 4096 καὶ
2609 4043 2709 4097 οὐκ
2739 4040 2799 4096 ἂν
2858 4043 3057 4117 Πετρος
3113 4041 3201 4097 γαῖ
3265 4040 3523 4112 Ἰωάννης
3580 4060 3754 4096 κατα·

2106 4128 2293 4193 ϐάντες
2319 4133 2424 4186 ἀπὸ
2446 4132 2846 4208 Ἰεροσολύμων
2899 4132 3032 4204 πρὸς
3084 4128 3279 4190 αὐτοὺς
3332 4131 3426 4198 την
3452 4133 3548 4184 τοῦ
3581 4128 3753 4184 [hs-5-

2111 4244 2278 4296 ματος
2311 4221 2647 4296 παρέσχοντο
2679 4223 2860 4301 χάριν.
2917 4220 3086 4281 Οὗτος
3119 4221 3209 4274 οὖν
3243 4217 3494 4294 βαπτίζει
3560 4217 3751 4290 μόνον,

2108 4313 2181 4374 ὡς
2218 4312 2485 4384 μαθητὴς,
2542 4314 2813 4365 τελειοῦσι
2847 4307 2905 4364 δὲ
2942 4311 3042 4379 τήν
3092 4309 3253 4384 χάριν
3315 4310 3372 4362 οἱ
3429 4305 3755 4381 ἀπόστολοι,

2110 4402 2189 4464 οἷς
2219 4403 2252 4468 ἡ
2278 4407 2378 4469 τῆς
2408 4399 2668 4468 τοιαύτης
2699 4397 2901 4462 δόσεως
2926 4397 3202 4462 αὐθεντεία
3223 4395 3462 4452 ἐδέδοτο.

2743 4579 3001 4636 ΚΕΦΑΛ.
3055 4581 3110 4636 l‘.

2111 4679 2178 4728 ﬂ=
2223 4670 2236 4689 ‘
2347 4670 2358 4688 ’
2671 4672 2698 4684 “
2846 4671 2855 4682 ’
3183 4666 3232 4702 ·”
3569 4667 3583 4686 “

2161 4691 2239 4746 ,ρι
2296 4676 2547 4746 ξιμωνος
2601 4689 2702 4746 του
2737 4669 2990 4746 ΔΜαγοι),
3048 4686 3435 4746 πιστεύσαντος
3497 4687 3585 4746 {ac
3649 4667 3753 4746 βας

2177 4736 2487 4804 πτισθὲντος
2567 4741 2660 4794 σὺν
2737 4736 2939 4810 ἑτέροις
3016 4737 3285 4794 πλείοσιν·
3350 4736 3425 4810 ,ἐν
3500 4736 3546 4810 ᾦ
3630 4737 3757 4810 περὶ

2177 4822 2278 4882 τῆς
2342 4813 2544 4886 ΙΙέτρου
2592 4811 2708 4886 *καὶ
2791 4808 3044 4870 Ἰωάννου
3079 4811 3247 4886 ⁸πρὸς
3303 4808 3469 4886 αὐτοῦ
3520 4808 3761 4864 ἀποστο-

2183 4881 2306 4955 λῆς,
2365 4881 2458 4940 καί
2513 4884 2803 4957 ἐπίκλησις
2886 4887 2984 4938 τοῦ
3069 4882 3223 4957 ἀγίου
3303 4881 3619 4954 ῙΙνεύματος
3667 4881 3760 4937 ἐπὶ

2179 4961 2308 5020 τοὺς
2341 4956 2752 5031 βαπτισθένταςη

2190 5053 2210 5079 ι
2246 5023 2415 5104 Ἀνῆρ
2447 5028 2504 5086 δέ
2535 5050 2616 5090 τις
2649 5026 2876 5095 ὀνόματι
2937 5025 3124 5098 Σίμων
3185 5031 3546 5100 προϋπῆρχεν
3605 5023 3658 5079 ἐν
3689 5026 3762 5092 τῆ

2115 5145 2142 5173 ‹‹
2172 5119 2348 5187 πόλει,
2413 5117 2657 5192 μαγεύων
2713 5117 2802 5170 καὶ
2850 5114 3069 5186 ἐξιστῶν
3127 5115 3189 5168 τὸ
3237 5111 3388 5175 ἔθνος
3419 5119 3519 5180 τῆς
3575 5119 3763 5185 Σαμα-

2117 5232 2141 5262 a
2176 5210 2343 5285 ρείας,
2379 5205 2552 5283 λέγων
2587 5204 2718 5260 εἶναί
2767 5225 2886 5260 τινα
2935 5204 3122 5260 ἑαυτὸν
3160 5201 3352 5280 μέγαν,
3385 5201 3430 5276 ᾦ
3459 5207 3761 5278 προσεῖχον

2115 5323 2142 5350 ‹‹
2169 5300 2276 5355 ἀπὸ
2319 5301 2516 5372 μικροῦ
2545 5293 2650 5358 ἕως
2679 5295 2954 5369 μεγάλου,
3000 5293 3272 5367 λέγοντες·
3329 5290 3500 5355 Οὗτός
3553 5291 3696 5346 ἐστιν
3725 5293 3763 5362 ἡ

2121 5386 2396 5459 «δύναμις
2425 5390 2523 5441 τοῦ
2557 5387 2708 5440 Θεοῦ.
2745 5385 2781 5453 ἡ
2815 5381 3057 5456 μεγάλη.
3111 5386 3416 5456 Προσεῖχον
3473 5377 3531 5435 δὲ
3592 5378 3766 5453 αὐτῷ,

2117 5501 2144 5530 ‹‹
2179 5476 2267 5532 διὰ
2291 5477 2354 5532 τὸ
2385 5477 2555 5544 ἰκανῷ
2586 5472 2773 5550 χρόνῳ
2821 5477 2940 5534 ταῖς
2998 5468 3248 5545 μαγείαις
3306 5469 3642 5540 ἐξεστηκέναι
3674 5468 3766 5523 αὖ.

2122 5593 2141 5618 ι
2172 5568 2320 5630 τούς.
2351 5568 2479 5624 ’Ὁτε
2502 5561 2559 5619 δὲ
2589 5562 2902 5619 ἐπίστευσαν
2955 5565 3034 5632 τῷ
3093 5558 3358 5632 Φιλίππῳ
3407 5556 3763 5633 εὐαγγελιζοο

2119 5681 2149 5711 ι(
2181 5657 2328 5731 μὲνῳ
2360 5655 2424 5710 τὰ
2451 5654 2573 5730 περῖ
2604 5656 2704 5724 τῆς
2737 5647 3021 5728 βασιλείας
3051 5652 3146 5704 τοῦ
3173 5652 3327 5722 Θεοῦ,
3361 5648 3447 5704 καὶ
3498 5651 3595 5704 τοῦ
3642 5647 3765 5705 όνό.
