4098 6260
313 358 433 417 151

1297 348 1710 414 ΟΟΜΜΕΝΤ.
1758 348 1845 410 lN
1890 347 2098 409 ACTA
2144 343 2754 408 APOSTOLORUM.

3616 344 3729 406 158

309 515 341 542 α
377 511 564 563 ματος
595 490 695 545 τοῦ
723 490 909 558 Ἰησοῦ
966 489 1230 560 Χριστοῦ,
1267 479 1618 553 ἐϐαπτίζοντο
1668 480 1854 554 ἄνδρες
1906 500 1965 537 τε

2106 502 2107 508 η
2141 481 2412 552 Philippo
2436 481 2851 555 evangelizanti
2880 481 2951 536 de
2974 498 3153 549 regno
3175 480 3274 537 Dei
3299 481 3449 537 etde
3478 481 3725 537 nomine

307 605 337 630 «ι
371 578 466 634 καὶ
526 583 800 653 γυναῖκες.
860 578 921 634 Ὁ
981 572 1040 630 δὲ
1089 573 1279 647 Σίμων
1337 573 1427 629 καὶ
1482 573 1642 634 αὐτὸς
1675 572 1973 639 ἐπίστευσε,

305 696 333 722 α
369 671 463 724 καὶ
532 667 850 744 βαπτισθεὴ
910 665 981 734 ἦν
1067 668 1484 738 προσκαρτερῶν
1545 668 1625 735 τῷ
1683 661 1973 732 Φιλίππῳ,

305 785 333 811 τι
379 762 609 832 θεωρῶν
639 778 698 811 τε
756 753 1011 826 δυνάμεις
1070 755 1162 807 καὶ
1218 759 1422 826 σημεῖα
1453 753 1734 831 γινόμενα,
1768 750 1976 821 ἐξίστα-

302 875 335 899 «ι
366 870 455 904 το.
491 846 850 905 ’Λκοῦσαντες
883 842 940 898 δὲ
994 844 1049 897 οἱ
1106 840 1158 897 ἐν
1200 841 1609 915 Ἱεροσολύμοις
1652 839 1972 907 ἀπόστολοι,

311 962 341 991 ι
372 938 464 993 ὅτι
498 933 740 991 δέδεκται
775 937 809 1003 ἡ
845 930 1125 1007 Σαμάρεια
1178 932 1271 986 τὸν
1323 932 1491 1005 λόγον
1546 935 1643 986 τοῦ
1675 933 1828 995 Θεοῦ,
1864 928 1970 982 ἀπ-

309 1054 339 1079 κ
380 1024 631 1082 ἔστειλαν
664 1024 799 1099 πρός
836 1022 1036 1083 αὐτοὺς
1078 1021 1168 1077 τὸν
1196 1020 1398 1097 Πέτρον
1447 1019 1537 1075 καὶ
1590 1020 1858 1090 Ἰωάννην,
1892 1017 1977 1071 οἳ·

313 1142 343 1168 α
378 1136 525 1176 τινες
578 1107 932 1176 καταϐάντες,
991 1108 1368 1187 προσηύξαντο
1417 1108 1540 1184 περῖ
1592 1108 1793 1175 αὐτῶν,
1825 1106 1977 1170 ὅπως

322 1231 344 1255 ι
388 1199 604 1260 λάϐωσι
638 1202 855 1275 Πνεῦμα
880 1200 1063 1275 ἅγιον.
1100 1225 1121 1253 ι

390 1380 748 1456 Σημειωτέον
807 1381 892 1436 δτι
950 1378 1013 1434 οὗ
1072 1377 1156 1434 δεῖ
1204 1377 1528 1449 πλησιάζειν
1581 1377 1793 1452 μάγοις.
1828 1373 1982 1434 Εἴδὶ

317 1496 409 1536 τις
469 1470 773 1541 ἀπατηθεὶς
832 1466 1189 1539 ἐπλησίασεν,
1255 1467 1565 1548 ἀφιστάσθω
1622 1466 1854 1541 ταχέως.
1914 1466 1979 1520 ἹΙ

312 1565 418 1640 γαρ
486 1561 731 1633 ἐπιμονὴ
799 1561 834 1628 ἡ
900 1559 953 1613 ἐν
1022 1558 1211 1619 αὐτοῖς
1249 1557 1326 1618 εἷς
1366 1553 1611 1613 ἔκστασιν
1671 1553 1784 1632 ἄγει
1842 1575 1979 1633 φρε-

312 1658 448 1722 νῶν,
522 1650 668 1705 ὥστε
735 1649 812 1723 μὴ
880 1646 1117 1702 συνιέναι
1179 1643 1468 1723 διακρῖναι.
1511 1646 1685 1708 Οὗτος
1728 1645 1904 1700 τοίνυν
1952 1645 1981 1699 6

317 1741 511 1815 Σίμων
602 1736 1076 1810 ὖποκορισάμενος
1159 1736 1286 1795 τοὺς
1381 1733 1723 1798 ἀποστόλους
1810 1733 1984 1807 μάγος

2083 593 2111 621 ‹‹
2143 571 2281 626 Jesu
2304 571 2997 643 Christi,baptizabantur
3017 573 3121 627 viri
3144 572 3321 626 simul
3339 590 3405 628 ac
3422 573 3725 628 mulieres.

2085 683 2111 711 «
2146 661 2347 715 Simon
2380 666 2577 715 autem
2602 669 2659 716 et
2682 662 2806 731 ipse
2826 662 3099 727 credidit,
3124 679 3377 733 cumque
3399 662 3724 733 baptizatus

2090 773 2110 800 ι
2144 756 2316 817 esset,
2353 750 2693 806 adhaarebat
2724 751 3017 822 Philippo,
3053 758 3110 805 et
3152 752 3354 807 videns
3387 752 3628 805 virtutes
3662 770 3727 806 ac

2086 861 2113 889 ‹‹
2147 840 2313 911 signa
2343 857 2473 911 qum
2500 840 2739 905 fiebant,
2766 847 3009 911 stupens
3028 841 3601 896 admirabatur.Cum
3625 860 3730 896 au-

2086 954 2113 983 α
2148 938 2263 986 tem
2298 931 2605 987 audissent
2638 931 2889 1002 apostoli
2937 932 3037 1002 qui
3083 939 3253 987 erant
3282 933 3729 1003 Hierosolymis,

2088 1044 2115 1071 ‹‹
2146 1021 2305 1094 quod
2338 1022 2659 1092 recepisset
2696 1021 2958 1075 Samaria
3004 1022 3245 1077 verbum
3283 1023 3403 1089 Dei,
3439 1023 3732 1077 miserunt

2088 1132 2114 1158 «
2149 1110 2221 1165 ad
2253 1126 2355 1166 eos
2381 1112 2618 1165 Petrum
2647 1127 2714 1165 ac
2732 1111 3040 1165 Joannem.
3071 1110 3165 1165 78
3193 1112 3457 1176 Quicum
3488 1111 3733 1166 descen-

2088 1222 2114 1249 ‹‹
2149 1199 2397 1266 dissent,
2429 1205 2745 1255 oraverunt
2772 1217 2876 1274 pro
2910 1200 3075 1271 ipsis,
3098 1206 3163 1255 ut
3192 1201 3531 1274 acciperent
3560 1201 3736 1273 Spiri-

2092 1310 2118 1337 «
2151 1294 2273 1345 tum
2308 1293 2597 1345 sanctum.
2634 1310 2661 1337 »

2160 1379 2279 1435 Hoc
2304 1378 2433 1433 loco
2464 1378 2849 1434 indicandum
2874 1384 2963 1434 est
2985 1396 3105 1434 non
3128 1385 3401 1451 oportere
3434 1380 3507 1436 ad
3534 1396 3736 1452 magos

2091 1470 2413 1526 accedere:
2458 1470 2617 1543 quod
2673 1471 2722 1526 si
2778 1471 3061 1542 deceptus
3115 1472 3189 1527 ad
3248 1488 3348 1526 eos
3397 1471 3735 1539 accesserit,

2091 1559 2444 1631 quantocius
2493 1567 2836 1631 separetur:
2887 1561 3320 1631 perseverantis
3370 1577 3627 1631 namque
3673 1561 3736 1615 in

2091 1648 2183 1704 his
2213 1648 2390 1703 rebus
2420 1655 2720 1720 stuporem
2747 1649 2962 1703 mentis
2988 1649 3250 1711 adducit,
3284 1666 3357 1703 ne
3390 1649 3578 1719 possit
3606 1648 3736 1720 quis

2092 1736 2427 1808 intelligere
2483 1738 2558 1792 ad
2617 1736 3086 1809 dijudicandum.
3149 1739 3252 1793 Hic
3304 1739 3503 1807 itaque
3535 1738 3738 1793 Simon

318 1832 614 1905 ὑπάρχων,
645 1828 735 1882 καὶ
770 1825 980 1899 ὁμοίως
1008 1830 1125 1885 τοῖς
1187 1823 1383 1886 ἄλλοις
1438 1825 1540 1880 ὑπὸ
1572 1822 1855 1879 Φιλίππου
1885 1827 1982 1879 τοῦ

2106 1843 2231 1882 :um
2265 1842 2469 1899 magus
2494 1833 2651 1881 esset
2678 1826 3079 1899 epostolisque
3110 1827 3567 1885 blandiretur.et
3588 1828 3741 1883 sicut

324 1918 441 1979 b6:
482 1920 594 1971 τῶν
634 1914 799 1981 ἑπτὰ,
832 1912 1147 1987 βαπτισθεὶς
1208 1912 1345 1984 μετᾶ
1401 1908 1647 1977 πολλῶν,
1680 1909 1741 1965 οὐ
1776 1913 1871 1980 μέν
1898 1931 1987 1966 τοι

330 2005 545 2077 ἐδέξατο
577 2003 673 2059 διὰ
698 2011 802 2072 τῆς
860 2002 1149 2064 ἐπιθέσεως
1206 2006 1313 2055 τῶν
1376 2005 1578 2076 χειρῶν
1609 2005 1716 2056 τῶν
1746 2001 1983 2057 ἀποστό-

328 2096 440 2153 λων
473 2098 539 2153 τὸ
567 2097 734 2170 ἅγιον
773 2095 1007 2165 Πνεῦμα.
1058 2091 1119 2149 Ti
1175 2092 1306 2159 05v;
1364 2093 1417 2146 οἱ
1476 2092 1850 2165 βαπτισθέντες
1884 2092 1987 2146 ὑπὸ

336 2186 621 2243 Φιλίππου
687 2184 789 2239 οὐκ
836 2177 1038 2238 ἔλαϐον
1103 2186 1326 2255 Πνεῦμα
1386 2181 1587 2255 ἅγιονς
1640 2185 1858 2253 Πνεῦμα
1890 2182 1983 2254 μὶν

336 2279 492 2350 ἅγιον
526 2269 712 2329 ἔλαϐον
754 2274 818 2328 τὸ
865 2279 965 2340 τῆς
998 2271 1261 2350 ἀφέσεως,
1294 2270 1356 2326 τὸ
1388 2267 1445 2327 δὲ
1474 2274 1581 2326 τῶν
1615 2270 1857 2343 σημείων
1888 2270 1989 2325 οὐκ

332 2360 554 2419 ἶλ-αϐον.
589 2365 733 2421 Ὅθεν
762 2364 791 2417 6
829 2364 1022 2434 Σίμων
1076 2358 1204 2417 ἰδὼν
1253 2358 1335 2415 ὅτι
1386 2356 1595 2414 δίδοται
1626 2356 1715 2414 διὰ
1742 2366 1839 2428 τῆς
1870 2359 1991 2414 ἐπι..

332 2454 535 2517 θέσεως
565 2457 673 2506 τῶν
705 2456 939 2530 χειρῶν,
973 2446 1255 2525 προσῆλθε
1303 2454 1422 2509 τοῖς
1480 2447 1812 2508 ἀποστόλοις
1855 2448 1988 2502 ἀπο·

328 2543 620 2615 τολμήσας
650 2543 803 2612 αὐτῷ
861 2540 1328 2614 ἐμπορεύσασθαι.
1384 2538 1515 2613 Ηρῖν
1568 2538 1674 2613 γὰρ
1710 2534 1841 2593 ἰδεῖν
1876 2535 1990 2592 ἐτέ-

326 2654 457 2707 ρους
523 2625 911 2703 λαμϐάνοντας
976 2629 1039 2683 τὸ
1103 2629 1211 2683 τῶν
1279 2628 1527 2701 σημείων
1608 2630 1826 2698 Πνεῦμα
1893 2626 1992 2681 οὐκ

330 2721 548 2799 ὶθάῥρἑι
609 2722 853 2789 αἰτῆσαι.
915 2724 1038 2781 Πῶς
1096 2715 1154 2773 δὲ
1207 2718 1298 2773 τὸν
1346 2721 1595 2772 τοιοῦτον
1628 2718 1656 2772 ὁ
1706 2714 1990 2779 Φίλιππος

324 2807 666 2877 ἐϐαπτισενς
723 2810 815 2871 Ὠς
868 2808 959 2862 καὶ
1016 2808 1108 2862 τὸν
1165 2803 1377 2863 Ἰούδαν
1428 2806 1658 2880 Χριστὸν
1691 2803 1989 2879 ἐξελέξατο.

326 2907 453 2963 Πῶς
488 2898 550 2956 δὲ
578 2898 747 2954 αὐτὸν
782 2897 878 2953 οὐκ
908 2896 1121 2950 ἀνεῖλον
1176 2896 1251 2957 ὡς
1290 2895 1383 2948 τὸν
1436 2894 1674 2951 Ἀνανίαν
1701 2913 1716 2963 ;
1749 2896 1871 2951 Ὀτι
1901 2880 1990 2948 κτιιἱ

319 2990 373 3045 ἐν
430 2993 503 3061 τῇ
558 2985 780 3056 παλαιᾷ
809 2987 890 3046 εἷς
938 2984 1174 3059 ἀνῃρέθη
1240 2984 1268 3038 6
1317 2984 1383 3037 τὰ
1430 2981 1567 3055 ξύλα
1597 2980 1881 3055 συλλέξας,
1915 2983 1991 3045 εἰς

318 3076 722 3155 σωφρονισμὸν
782 3075 1003 3149 ἑτέρων,
1072 3070 1251 3133 οὐδεὶς
1282 3069 1341 3126 δὲ
1368 3068 1552 3145 ἕτερος
1589 3074 1749 3127 τοῦτο
1791 3071 1993 3125 πέπον-

486 3169 512 3188 .
732 3166 749 3183 ι
942 3160 1022 3179 κο
1133 3162 1141 3171 ·
1256 3160 1284 3191 ν,
1392 3165 1418 3176 υ
1529 3161 1541 3178 ι
1750 3165 1775 3177 υ
1848 3162 1861 3179 ο

328 3171 437 3225 θεν.
518 3174 649 3221 Εστι
699 3162 759 3220 δε
816 3178 1050 3218 συνιοειν
1112 3163 1195 3217 ὁτι
1251 3182 1303 3216 ει
1353 3183 1421 3234 τῃ
1482 3158 1628 3216 δοσει
1683 3182 1779 3215 του
1836 3161 1991 3236 αγίου

2094 1916 2290 1970 θεειονί
2323 1932 2357 1971 a
2391 1915 2676 1987 Philippo,
2711 1916 2809 1987 qui
2853 1933 3005 1970 unus
3064 1933 3133 1972 ex
3191 1923 3418 1988 septem
3468 1924 3612 1981 erat,
3647 1917 3739 1971 in-

2092 2009 2184 2060 ter
2214 2004 2430 2059 multos
2453 2004 2775 2077 baptizatus
2802 2013 2975 2069 esset,
3001 2022 3117 2060 non
3142 2012 3341 2061 tamen
3365 2022 3470 2078 per
3501 2005 3743 2077 imposi-

2095 2094 2317 2150 tionem
2352 2110 2636 2149 manuum
2697 2095 3101 2165 apostolorum
3152 2096 3433 2167 Spiritum
3469 2101 3741 2150 sanctum

2095 2183 2327 2253 accipit.
2362 2183 2510 2247 Quid
2544 2182 2728 2255 ergo?
2779 2186 2866 2238 An
2924 2201 2958 2239 a
3013 2185 3284 2256 Philippo
3317 2185 3588 2256 baptizati
3622 2201 3744 2241 non

2096 2278 2449 2342 acceperant
2478 2272 2757 2344 Spiritum
2792 2279 3061 2328 sanctum
3088 2273 3115 2327 ?
3160 2275 3441 2344 Spiritum
3475 2281 3745 2330 sanctum

2096 2366 2449 2432 acceperant
2478 2361 2739 2431 quidem,
2778 2363 2973 2431 quoad
3012 2369 3389 2432 peccatorum
3443 2364 3749 2419 remissio-

2100 2466 2260 2515 nem,
2296 2450 2400 2504 sed
2451 2466 2572 2504 non
2604 2456 2957 2520 acceperant
2994 2457 3281 2521 quantum
3336 2451 3409 2506 ad
3443 2453 3745 2525 signorum

2098 2539 2441 2595 editionem.
2470 2538 2635 2594 Unde
2658 2538 2907 2592 intuitus
2933 2538 3133 2593 Simon
3156 2540 3314 2609 quod
3337 2556 3443 2610 per
3462 2556 3749 2597 manuum

2098 2628 2545 2699 impositionem
2577 2626 2839 2687 daretur,
2873 2628 3124 2683 accessit
3151 2628 3224 2682 ad
3256 2629 3557 2699 apostolos
3587 2645 3746 2685 sum-

2100 2724 2200 2790 pta
2225 2716 2493 2778 audacia,
2526 2722 2592 2771 ut
2622 2716 2793 2772 illum
2852 2717 2964 2771 sibi
2994 2725 3380 2774 mercaretur.
3416 2722 3751 2789 Antequam

2100 2806 2258 2861 enim
2289 2805 2436 2860 alios
2458 2804 2683 2860 videret
2707 2804 2989 2875 Spiritum
3032 2805 3105 2860 ad
3140 2806 3369 2861 edenda
3401 2807 3567 2876 signa
3597 2808 3751 2862 acci-

2100 2896 2349 2968 pientes.
2368 2911 2488 2949 non
2509 2894 2765 2950 audebat
2787 2901 3003 2965 petere.
3030 2895 3332 2959 Quomodo
3357 2902 3553 2951 autem
3579 2897 3747 2952 talem

2101 2984 2414 3055 baptizavit
2435 2983 2784 3054 Philippus?
2807 2984 3020 3038 Eodem
3045 2985 3242 3049 modo,
3268 3001 3382 3055 quo
3406 2991 3464 3038 et
3483 2985 3751 3041 Christus

2098 3073 2311 3130 Judam
2342 3073 2536 3143 elegit.
2591 3072 2894 3137 Quomodo
2955 3088 3087 3126 vero
3143 3073 3336 3143 ipsum
3378 3089 3498 3127 non
3538 3073 3756 3127 occidit

2102 3166 2311 3219 Petrus
2354 3167 2422 3217 ut
2467 3161 2805 3216 Ananiam?
2847 3162 3134 3226 Quoniam
3185 3161 3247 3216 in
3296 3162 3476 3215 veteri
3517 3178 3753 3232 quoque

336 3257 685 3326 Πνώματος,
735 3251 999 3322 αῗσθητόν
1031 3272 1082 3305 τι
1112 3250 1321 3323 ἐγίνετο
1378 3247 1707 3322 παράδοξον,
1754 3250 1858 3305 Καὶ
1890 3252 1990 3325 γὰρ

2106 3254 2479 3308 Testamento
2494 3268 2648 3306 unus
2666 3252 3061 3322 interemptus
3080 3257 3190 3318 est,
3209 3252 3309 3323 qui
3328 3252 3488 3324 ligna
3502 3226 3752 3307 sabbato

352 3346 383 3399 6
416 3344 608 3415 Σίμων
638 3342 726 3397 οὒκ
752 3341 807 3397 ἃν
840 3338 1155 3417 προσῆλθεν
1200 3338 1387 3407 αἰτῶν,
1438 3338 1485 3409 εἰ
1548 3340 1622 3410 μή
1655 3342 1815 3395 τοῦτο
1847 3336 1995 3401 lesi-

360 3454 516 3490 σατο.
551 3436 673 3493 Πῶς
700 3429 749 3489 δὲ
796 3434 873 3505 μὴ
936 3428 1067 3485 ἰδὼν
1125 3430 1254 3491 τοὺς
1303 3427 1647 3491 ἀποστόλους
1689 3430 1995 3504 χρημάτων

336 3528 504 3579 τοῦτο
537 3524 891 3595 πράττοντας,
944 3518 1223 3591 ἐτόλμησε
1269 3520 1535 3595 χρήματα
1578 3523 1996 3594 προσενεγκεῐνς

344 3616 466 3669 ὐτι
516 3612 619 3668 οὐκ
666 3611 733 3680 ἦν
784 3608 1033 3687 ἀγνοίας,
1083 3606 1230 3663 ἀλλά
1277 3607 1653 3679 πειράζοντος.
1687 3608 1819 3663 Δι”ὀ
1847 3606 1937 3662 καὶ
1969 3608 1998 3663 6

338 3705 567 3776 Πέτρος,
601 3702 667 3758 Ἡ
698 3696 898 3771 καρδία
948 3718 1044 3753 σου
1102 3695 1202 3751 οὐκ
1249 3692 1391 3751 ἔστιν
1423 3697 1623 3761 εὐθεῖά,
1657 3694 1888 3764 δεικνὺς,
1915 3696 2002 3752 ὅτι

337 3789 463 3847 οὗδὶ
514 3792 583 3847 τα
637 3788 691 3845 ἐν
754 3791 823 3861 τῇ
883 3784 1100 3855 διανοίᾳ
1157 3786 1323 3842 αὐτοῦ
1378 3784 1784 3859 σκευωρτςθέντα
1817 3783 2003 3841 ἔλαθεν

334 3881 519 3936 αὐτόν.
575 3880 722 3953 Ὀρα
754 3875 811 3932 3‘s
860 3878 961 3945 τὴν
1011 3874 1399 3954 ἀναισχυντίαν
1438 3878 1536 3949 τοῦ
1568 3874 1837 3947 Σίμωνος.
1873 3874 2000 3929 Δέον

333 3972 433 4047 γαρ
468 3968 643 4025 αὐτὸν
696 3966 920 4035 αἰτῆσαι
973 3968 1194 4036 Πιεῦμα
1242 3958 1429 4019 λαϐεῖν
1470 3964 1648 4042 ἅγιον,
1680 3961 1869 4029 ἐπειδὴ
1902 3964 2007 4018 οὐκ

330 4058 534 4133 ἔμελεν
575 4057 731 4129 αὐτῷ
764 4054 981 4119 τούτου,
1041 4052 1130 4107 ἳνα
1182 4050 1318 4123 διδῷ
1348 4051 1553 4125 ἑτέροις
1600 4052 1758 4107 αἰτεῖ.
1808 4053 2006 4109 Ἤθελε

329 4150 436 4224 γᾶρ
468 4149 564 4205 καὶ
601 4146 892 4203 Φιλίππου
942 4141 1091 4212 δόξαι
1139 4141 1542 4219 λαμπρότερος,
1570 4144 1630 4202 '0
1661 4146 1765 4221 γὰρ
1798 4143 2007 4199 Φίλιπ-

330 4260 437 4301 πος
467 4240 553 4298 εἷς
590 4235 670 4313 ὢν
719 4238 826 4290 τῶν
886 4232 1041 4299 ἑπτὰ,
1096 4230 1349 4293 διάκονος
1390 4227 1487 4309 ὢν,
1540 4231 1638 4287 οὐκ
1694 4232 1841 4309 εἶχεν
1890 4233 2008 4304 ξου-

333 4329 456 4381 σίαν
488 4324 583 4379 διὰ
637 4330 743 4391 τῆς
796 4321 1140 4402 χειροθεσίας
1200 4318 1385 4388 αὑτοῦ,
1447 4316 1656 4375 διδόναι
1693 4320 1754 4376 τὸ
1791 4324 2008 4392 Πνεῦμα

338 4416 403 4471 τὸ
426 4410 617 4488 ἅγιον,
650 4414 779 4468 Ὀτι
808 4409 866 4466 δὲ
918 4413 1085 4464 τοῦτο
1134 4408 1360 4478 ἀληθὲς,
1417 4408 1506 4464 καὶ
1534 4409 1597 4463 τὸ
1629 4414 1736 4464 τῶν
1765 4410 2008 4481 σημείων

339 4509 582 4576 Πνεῦμα
642 4501 744 4556 οὐκ
797 4494 1013 4569 ἔλαϐεν,
1070 4496 1172 4573 δρα
1224 4502 1346 4559 πῶς
1406 4519 1594 4575 φησιν,
1653 4499 1737 4553 ’ὁτι
1789 4504 2005 4576 θεωρῶν

2106 3341 2427 3414 collegerat
2444 3339 2512 3409 δε,
2536 3339 2608 3395 ad
2632 3341 3063 3395 correctionem
3090 3347 3602 3403 cmterorum,cum
3628 3342 3757 3396 nul-

2107 3430 2200 3486 lus
2232 3430 2384 3485 alius
2415 3430 2526 3485 hoc
2555 3446 2765 3500 passus
2820 3430 2913 3484 sit.
2975 3430 3133 3486 Licet
3189 3437 3388 3487 autem
3421 3432 3755 3503 intelligere

2109 3520 2265 3593 quod
2296 3521 2357 3575 in
2388 3520 2629 3576 datione
2652 3520 2903 3591 Spiritus
2935 3522 3122 3576 sancti
3158 3523 3417 3578 sensible
3450 3523 3756 3594 quidpiam

2109 3610 2526 3666 admirandum
2560 3610 2958 3681 contingebat,
2990 3627 3186 3681 neque
3217 3613 3376 3667 enim
3410 3612 3632 3682 alioqui
3667 3612 3755 3668 Si-

2111 3716 2251 3757 mon
2282 3699 2354 3754 ad
2386 3699 2705 3770 petendum
2739 3701 3107 3765 accessisset,
3137 3702 3251 3755 nisi
3286 3702 3398 3757 hoc
3428 3702 3765 3773 conspexis-

2112 3796 2217 3848 set.
2250 3791 2552 3857 Quomodo
2578 3796 2775 3845 autem
2802 3808 2935 3846 cum
2962 3792 3020 3845 id
3044 3809 3164 3846 non
3187 3793 3433 3847 vidisset
3462 3793 3761 3863 apostolos

2111 3881 2497 3953 pecuniarum
2529 3880 2717 3951 gratia
2745 3880 3050 3942 facientes,
3086 3898 3266 3936 ausus
3297 3887 3387 3935 est
3416 3883 3629 3935 otTerre
3662 3898 3764 3952 pe-

2113 3968 2362 4024 cunias?
2394 3968 2541 4032 Quia
2572 3984 2690 4021 non
2722 3969 2975 4025 errantis
3009 3969 3266 4025 eratsed
3293 3970 3595 4024 tentanlis.
3621 3972 3763 4024 Pro—

2112 4063 2315 4129 pterea
2346 4056 2522 4111 etiam
2554 4058 2783 4122 Petrus,
2840 4079 2866 4104 «
2908 4058 3021 4111 Cor
3050 4063 3240 4117 tuum.
3274 4059 3491 4129 inquit,
3524 4076 3643 4114 non
3677 4062 3768 4115 est

2111 4151 2369 4202 rectum:
2389 4169 2413 4192 ν»
2437 4144 2757 4200 ostendens
2780 4145 2937 4216 quod
2960 4162 3153 4216 neque
3177 4147 3279 4202 illa
3301 4149 3556 4203 laterent
3576 4150 3765 4219 ipsum

2115 4252 2247 4307 quas
2304 4235 2365 4290 in
2416 4234 2544 4305 ejus
2572 4240 2767 4288 mente
2800 4234 3225 4289 tractabantur.
3266 4238 3403 4292 Vide
3448 4244 3646 4292 autem
3678 4239 3769 4292 Si-

2115 4324 2309 4380 monis
2330 4323 2780 4395 impudentiam.
2806 4328 2947 4379 Cum
2971 4325 3128 4379 enim
3151 4325 3345 4396 ipsum
3378 4332 3577 4398 petere
3602 4345 3770 4398 opor-

2116 4414 2316 4479 tuerit,
2338 4419 2404 4467 ut
2425 4413 2705 4484 Spiritum
2724 4413 3050 4484 acciperet:
3077 4414 3357 4484 quoniam
3384 4416 3442 4469 id
3462 4416 3549 4470 illi
3571 4417 3766 4474 studio

2116 4520 2239 4558 non
2272 4508 2416 4568 erat,
2450 4503 2595 4574 petit
2629 4502 2691 4558 ul
2740 4502 2874 4558 aliis
2927 4502 3114 4559 daret.
3156 4503 3403 4560 Volebat
3434 4506 3591 4559 enim
3628 4508 3762 4563 Phi-

344 4591 611 4664 δυνάμεις
650 4610 713 4644 τε
740 4587 830 4644 καὶ
862 4592 1063 4659 σημεῖα
1091 4585 1370 4662 γινόμενα,
1429 4585 1694 4657 ἐξίστατο,
1718 4586 1809 4641 καὶ
1840 4606 1990 4662 προσι

2119 4593 2280 4667 lippo
2302 4609 2536 4665 quoque
2558 4592 2741 4665 videri
2763 4593 2997 4649 clarior.
3019 4597 3161 4649 Nam
3186 4596 3495 4667 Philippus
3513 4614 3667 4653 unus
3698 4616 3771 4657 ex

346 4678 491 4751 ἦλθε
523 4683 690 4735 τοῦτο
722 4676 906 4735 αῗτῶν.

2118 4688 2364 4754 septem,
2391 4698 2527 4738 cum
2548 4681 2834 4738 diaconus
2862 4688 3037 4741 esset,
3063 4689 3414 4753 potestatem
3440 4701 3559 4740 non
3584 4685 3766 4743 habe-

347 4773 473 4830 bat.
509 4778 579 4827 ut
605 4769 683 4826 ad
713 4784 998 4825 manuum
1031 4782 1275 4823 suarum
1303 4766 1744 4839 impositionem
1804 4767 1975 4825 daret
2020 4771 2304 4844 Spiritum
2352 4777 2647 4827 sanctum.
2681 4771 2845 4834 Quod
2879 4778 3076 4826 autem
3109 4773 3218 4829 hoc
3247 4790 3449 4828 verum
3482 4776 3577 4839 sit,
3610 4778 3770 4847 quod

344 4862 644 4934 Spiritum
675 4859 749 4914 ad
781 4856 1009 4915 edenda
1040 4857 1207 4928 signa
1237 4872 1358 4910 non
1389 4856 1706 4928 acceperit,
1740 4855 1873 4911 vide
1902 4860 2198 4929 quomodo
2222 4860 2379 4916 dicat
2399 4859 2557 4931 quod
2578 4860 2783 4915 videns
2812 4860 3058 4917 virtutes
3087 4879 3155 4918 ac
3188 4865 3353 4937 signa
3385 4884 3516 4938 qua)
3550 4868 3774 4924 fiebant

346 4958 606 5023 stupens
638 4946 1067 5010 admirabatur,
1101 4950 1160 5001 et
1189 4946 1301 5000 hoc
1331 4946 1626 5016 petiturus
1658 4945 1927 5003 accessit.

417 5064 443 5087 τι
484 5032 663 5094 Οῦπω
714 5033 815 5109 γὰρ
866 5032 936 5101 ἦν
988 5032 1073 5087 ἐπ’
1131 5029 1312 5087 οὗδενὶ
1370 5031 1546 5085 αὒτῶν
1607 5029 2010 5106 ἐπιπεπτωκός,

343 5151 373 5179 α
412 5129 583 5200 μόνον
612 5123 673 5181 δὶ
705 5118 1131 5198 βεϐαπτισμένοι
1166 5123 1419 5200 ὑπῆρχον
1471 5121 1550 5182 εἷς
1600 5122 1663 5177 τὸ
1708 5118 1884 5194 ὄνομα
1912 5129 2009 5178 τοῦ

345 5241 374 5267 α
404 5219 652 5292 Χριστοῦ
683 5216 885 5284 Ἰησοῦ.
944 5212 1077 5266 Τότε
1132 5211 1411 5266 ἐπετίθουν
1448 5212 1545 5272 τας
1577 5216 1765 5286 χεῖρας
1797 5210 1881 5266 ἐπ’
1912 5213 2013 5269 αὖ-

348 5329 378 5362 ι
406 5307 563 5374 τοὺς,
594 5304 687 5360 καὶ
714 5296 1030 5376 ἐλάμϐανον
1065 5304 1289 5373 Πνεῦμα
1314 5301 1490 5376 ἅγιον.
1524 5322 1555 5353 »

420 5482 716 5564 Πρόδηλον
749 5485 836 5540 ὅτι
866 5483 923 5538 οἱ
956 5482 1061 5539 ὑπὸ
1110 5477 1394 5538 Φιλίππου
1426 5481 1479 5537 ἐν
1513 5480 1790 5559 Σαμαρείᾳ
1820 5482 2012 5559 βαπτι-

424 5699 473 5737 ³³
499 5699 669 5757 Nam.
696 5709 790 5762 ιτ.
820 5692 919 5750 ³2.

2196 5039 2291 5094 79
2322 5036 2471 5093 VIII.
2507 5039 2592 5103 l6,
2630 5040 2713 5092 t7.
2763 5060 2791 5086 «
2824 5040 3095 5096 Nondum
3128 5044 3285 5098 enim
3319 5045 3380 5099 in
3409 5063 3770 5117 quemquam

2121 5151 2149 5177 ‹‹
2183 5128 2419 5182 illorum
2446 5126 2694 5199 illapsus
2713 5128 3037 5195 fuerat,sed
3056 5133 3325 5205 baptizati
3353 5142 3580 5190 tantum
3604 5143 3775 5193 erant

2123 5239 2147 5267 α
2182 5218 2243 5272 in
2277 5217 2518 5272 nomine
2555 5218 2783 5273 Domini
2833 5221 2988 5276 Jesu.
3022 5225 3179 5277 Tunc
3223 5225 3611 5296 imponebant
3642 5244 3771 5283 ma-

2121 5324 2297 5361 «nus
2350 5323 2529 5377 super
2576 5306 2732 5375 illos,
2768 5315 2827 5363 et
2872 5311 3246 5383 accipiebant
3293 5314 3574 5386 Spiritum
3630 5333 3769 5373 san-

2120 5416 2148 5445 «
2177 5401 2358 5451 ctum.
2406 5417 2420 5444 ›

2192 5486 2568 5542 Manifestum
2601 5492 2691 5542 est
2737 5504 2855 5557 eos,
2907 5489 3009 5561 qui
3040 5506 3074 5545 a
3102 5489 3375 5565 Philippo
3416 5494 3479 5550 in
3509 5494 3773 5553 Samaria
