4098 6260
367 353 482 412 159

1447 357 1880 424 (ECUMENII
1922 349 2234 414 TRIGCJE
2277 344 2630 408 EPISCOPI

3647 347 3753 410 160

363 487 637 558 baptizati
675 497 841 545 erant
871 509 987 547 non
1047 496 1347 565 accepisse
1402 497 1684 568 Spiritum
1717 497 2014 556 sanctum,

2132 481 2339 546 σθέντες
2375 482 2472 534 εὖῖι
2500 481 2631 557 ᾖσαν
2689 475 2948 541 λέοντες
3003 483 3218 553 Πνεῦμα
3269 481 3441 554 ἅγιον,
3487 477 3572 534 διὰ
3596 482 3654 535 τὸ
3687 486 3754 556 μὴ

369 595 436 632 eo
465 580 621 649 quod
654 580 871 636 donum
907 583 1245 651 huiusmodi
1277 603 1396 640 non
1433 587 1676 641 haberet
1704 601 1717 638 :
1750 581 2014 654 quando-

369 669 631 738 quidem.
655 676 719 724 ut
745 670 1023 736 diximus,
1049 674 1142 728 hic
1165 692 1318 729 unus
1350 693 1418 730 ex
1451 683 1677 746 septem
1705 680 1847 728 erat.
1872 674 2016 726 Nam

369 757 426 810 hi
464 757 734 812 virtutem
768 761 1004 829 quidem
1061 762 1131 816 ad
1181 764 1413 819 edenda
1452 765 1618 836 signa
1643 764 2014 832 acceperant,

370 863 488 900 non
520 854 715 901 autem
752 855 816 902 ut
855 851 1083 904 cmteris
1132 869 1365 923 quoque
1415 854 1627 909 darent
1674 847 2016 920 hujusmodi

370 936 648 1006 Spiritum
678 955 688 989 :
722 939 833 992 hoc
861 940 1018 994 enim
1052 943 1334 1011 apostolis
1366 951 1662 998 servatum
1696 942 2016 996 erat.Praa-

366 1029 528 1080 terea
578 1026 886 1098 Philippus
933 1029 994 1082 in
1045 1046 1166 1096 eos,
1222 1032 1385 1101 quia
1418 1049 1480 1087 se
1524 1030 1799 1102 baptizati
1852 1033 2021 1082 erant

369 1113 646 1183 Spiritum
682 1115 846 1169 illabi
889 1133 1007 1171 non
1056 1117 1213 1185 fecit,
1248 1119 1547 1174 honorans
1575 1119 1849 1174 videlicet
1879 1133 2011 1188 apo-

370 1201 571 1257 stolos.
609 1205 807 1274 Neque
840 1205 997 1260 enim
1048 1211 1327 1279 tanquam
1361 1209 1626 1280 abjectus
1653 1214 1711 1264 et
1739 1207 2017 1278 indignus

369 1292 626 1362 (quando
659 1294 837 1348 etiam
893 1296 963 1350 de
1023 1296 1150 1367 ipso
1209 1299 1510 1368 proditum
1543 1305 1631 1354 est
1663 1297 1821 1369 quod
1853 1297 2020 1369 signa

370 1382 624 1438 ediderit
645 1385 703 1438 in
737 1387 1086 1442 sanitatibus
1114 1389 1478 1456 morborum,
1505 1388 2018 1460 ejectionibusque

368 1474 751 1543 dzemonuml,
786 1477 886 1532 sed
947 1477 1105 1549 quod
1154 1496 1273 1533 non
1320 1480 1592 1546 oraverit,
1643 1485 1708 1534 ut
1754 1480 1868 1534 hoc
1898 1477 2018 1532 illis

365 1565 752 1637 contingeret.
808 1567 1076 1622 nondum
1132 1568 1406 1623 videlicet
1463 1570 1616 1640 aptis
1647 1569 1721 1623 ad
1765 1568 2016 1639 Spiritus

366 1656 844 1726 susceptionem:
879 1657 1119 1726 quando
1154 1664 1211 1712 et
1243 1659 1443 1712 Simon
1477 1659 1575 1730 qui
1609 1658 1680 1712 ab
1712 1675 1780 1712 eo
1823 1655 2015 1726 bapti-

365 1751 525 1798 zatus
553 1752 698 1811 erat,
732 1762 861 1816 qua:
895 1747 1090 1800 carnis
1140 1753 1280 1802 sunt
1328 1748 1522 1802 adhuc
1563 1747 1821 1817 sapiens,
1859 1749 2023 1815 pete-

2123 567 2270 648 ἔχειν
2307 573 2553 648 χάρισμα
2610 576 2880 626 τοιοῦτον·
2937 568 3125 638 ἐπειδὴ
3187 571 3365 635 οὗτος,
3421 571 3495 630 ὡς
3544 570 3758 647 ἔφημεν,

2121 665 2198 724 εἷς
2255 684 2361 716 των
2421 662 2556 717 ἑπτά
2613 663 2700 730 ἧν.
2755 662 2923 718 Οὗτοι
2972 661 3073 736 γὰρ
3125 657 3381 732 δυνάμεις
3437 661 3529 732 μὶν
3577 657 3759 716 ἔλαεον

2121 758 2296 807 ποιεῖν
2327 757 2550 824 σημεῖα,
2602 750 2728 826 οὐχὶ
2784 748 2840 804 δὲ
2893 751 2982 803 καὶ
3047 755 3264 822 Πνεῦμα
3311 747 3522 803 διδόναι
3549 751 3760 822 ἕτεροις·

2121 846 2282 896 τοῦτο
2331 841 2435 914 γάρ
2484 844 2550 908 ἦν
2597 841 2660 894 τὸ
2705 844 2814 894 τῶν
2862 838 3184 894 ἀποστόλων
3225 840 3517 912 ἐξαίρετον.
3552 839 3765 902 Ἀλλως

2119 952 2177 985 τε
2211 928 2266 984 δῖε
2301 931 2361 984 οὐ
2393 933 2669 1003 κατήγαγε
2719 930 2780 984 τὸ
2842 933 3058 1002 Πνεῦμα
3117 930 3145 983 ὁ
3205 928 3488 990 Φίλιππος
3532 928 3616 982 ἐπὶ
3647 931 3765 985 τοὺς

2123 1021 2212 1076 ὑπ’
2240 1019 2410 1075 αὐτοῦ
2445 1016 2850 1094 βαπτισθέντας,
2883 1016 3008 1086 ἤτοι
3050 1023 3226 1088 τιμῶν
3255 1016 3386 1078 τοὺς
3416 1017 3767 1081 ἀποστόλους.

2121 1110 2199 1166 Οὐ
2257 1110 2357 1183 γάρ
2416 1108 2489 1168 ὡς
2549 1107 2776 1174 εὐτελὴς
2835 1107 2923 1161 καὶ
2982 1106 3200 1176 ἀνάξιος
3261 1107 3452 1178 (ὁπότε
3501 1110 3590 1160 καὶ
3621 1106 3770 1168 αὐτὸς

2121 1197 2396 1272 ἀνεγράφη
2458 1201 2660 1266 σημεῖα
2716 1194 3033 1266 πεποιηκὼς
3093 1193 3143 1249 ἐν
3207 1193 3376 1249 ἲάσεσι
3438 1195 3634 1257 νόσων,
3686 1195 3770 1249 καὶ

2123 1281 2378 1348 ἐκϐολαῖς
2411 1283 2729 1360 δαιμόνων),
2755 1283 2884 1340 ἀλλ’
2914 1283 2998 1339 ὅτι
3031 1283 3131 1338 οὖιι
3170 1281 3367 1352 ηὔξατο
3399 1288 3565 1338 τοῦτο
3597 1283 3771 1345 αὐτοῖς

2125 1376 2378 1448 ὑπάρξαι,
2436 1375 2509 1435 ὡς
2559 1376 2736 1446 ἀκμήν
2797 1376 2872 1447 μὴ
2935 1372 3088 1426 οὖσιν
3147 1370 3482 1442 ἐπιτηδείοις
3515 1373 3650 1447 πρὸς
3678 1373 3770 1441 τήν

2120 1470 2217 1521 τοῦ
2252 1465 2562 1537 Πνεῦματος
2595 1461 2903 1538 ὑποδοχὴν,
2961 1462 3123 1518 ὁπότε
3166 1463 3255 1516 καὶ
3289 1464 3314 1516 ὁ
3351 1463 3543 1536 Σίμων
3585 1463 3772 1537 βαπτιο

2125 1561 2269 1620 σθεῖς
2301 1555 2391 1610 ὑπ’
2418 1555 2608 1622 αὐτοῦ,
2657 1554 2840 1625 ἀκμὴν
2896 1554 2965 1606 τὰ
3019 1559 3119 1620 τῆς
3176 1553 3372 1627 σαρκὸς
3407 1556 3623 1629 φρονῶν
3660 1548 3774 1626 ᾔτει

2122 1646 2249 1707 τοὺς
2282 1645 2624 1705 ἀποστόλους
2657 1641 2748 1698 διὰ
2803 1644 3112 1717 χρημάτων
3169 1639 3372 1702 δόσεως
3407 1636 3599 1696 λαϐεῖν
3634 1640 3778 1713 ἐξου-

2125 1735 2266 1802 σίαν,
2326 1735 2371 1806 ᾧ
2431 1733 2518 1788 ἐάν
2576 1732 2734 1807 ὲθέλῃ
2788 1730 2878 1786 διὰ
2931 1739 3034 1800 τῆς
3092 1735 3201 1786 τῶν
3243 1735 3453 1806 χειρῶν
3493 1729 3774 1792 ἐπιθέσεως

365 1832 466 1886 bat
487 1833 558 1888 ab
581 1835 866 1906 apostolis
889 1835 1045 1889 dono
1063 1837 1453 1906 pecuniarum
1474 1837 1741 1908 accipere
1766 1840 2014 1907 potesta-

2132 1822 2310 1879 δοῦναι
2344 1827 2560 1896 Πνεῦμα
2588 1824 2768 1900 ἅγιον.

365 1926 508 1988 tem,
543 1929 605 1977 ut
646 1926 980 1994 cuicunque
1036 1923 1234 1992 vellet,
1289 1941 1578 1981 manuum
1635 1924 2017 1996 impositione

365 2009 534 2065 daret
563 2012 847 2082 Spiritum
879 2017 1172 2068 sanctum.

437 2099 585 2164 VIII,
625 2103 708 2160 l8.
753 2106 837 2157 19.
886 2126 912 2151 ‹‹
951 2105 1206 2159 lntuitus
1260 2110 1459 2160 autem
1492 2105 1693 2160 Simon
1725 2103 1884 2175 quod
1913 2119 2020 2175 per

364 2212 391 2237 ‹‹
429 2191 873 2262 impositionem
909 2210 1191 2248 manuum
1223 2195 1629 2265 apostolorum
1662 2193 1905 2249 daretur
1935 2195 2019 2249 eis

363 2303 388 2329 ‹‹
430 2280 681 2351 Spiritus
713 2289 972 2344 sanctus,
1027 2283 1242 2337 obtulit
1294 2284 1379 2338 eis
1428 2284 1735 2355 pecunias.
1775 2283 2016 2338 dicens:

369 2389 394 2416 «
431 2369 570 2423 Date
604 2375 660 2422 et
688 2370 830 2424 mihi
861 2377 1212 2441 potestatem
1241 2373 1435 2439 istam,
1461 2379 1523 2427 ut
1551 2374 1884 2444 cuicunque
1917 2373 2022 2427 im-

371 2477 396 2508 α
427 2474 680 2527 posuero
713 2475 944 2525 manus,
981 2462 1227 2532 accipiat
1263 2463 1546 2533 Spiritum
1574 2469 1866 2518 sanctum.
1902 2485 1928 2511 »

435 2547 729 2602 Scelestus
762 2549 855 2604 hic
889 2549 1089 2605 Simon
1123 2568 1242 2606 non
1293 2552 1429 2607 fidei
1489 2553 1697 2625 gratia,
1732 2553 2019 2624 pecunias

368 2637 641 2692 offerens.
677 2637 791 2692 hoc
848 2639 958 2692 sibi
1029 2641 1373 2712 contingere
1413 2642 1729 2712 cupiebat:
1766 2641 1869 2696 sed
1901 2659 2016 2712 quo

369 2726 477 2780 sibi
514 2733 774 2795 quaestus
833 2744 901 2782 ac
959 2730 1188 2783 occasio
1247 2731 1635 2800 pecuniarum
1681 2731 1790 2785 hoc
1829 2732 2016 2786 fieret.

367 2817 632 2869 Accessit
670 2816 853 2875 enim.
888 2822 953 2870 ut
982 2823 1224 2888 accepta
1275 2820 1619 2888 hujusmodi
1650 2819 1837 2890 gratia
1866 2819 2018 2873 dite-

369 2911 561 2959 sceret
585 2921 689 2976 per
715 2906 917 2977 signa:
941 2907 1443 2977 quemadmodum
1469 2915 1642 2964 antea
1670 2907 2023 2980 imaginaria

365 2994 558 3047 solum
617 3011 871 3065 operans
932 2996 1270 3052 daemonum
1330 2998 1575 3060 auxilio,
1618 2998 1736 3052 sive
1786 3003 2020 3052 tentans

365 3083 662 3154 apostolos
696 3085 808 3140 hoc
835 3085 1320 3152 faciebat,volens
1343 3089 1784 3143 accusationem
1817 3103 2018 3160 capes-

363 3188 514 3228 sere.
549 3173 686 3228 Ideo
719 3174 896 3230 etiam
928 3175 1126 3231 audit:
1161 3199 1188 3226 ‹‹
1223 3178 1349 3232 Non
1381 3183 1472 3231 est
1502 3177 1603 3231 tibi
1639 3195 1775 3249 pars
1806 3177 1866 3232 in
1898 3194 2016 3232 ser-
2043 3213 2086 3278 C

361 3280 537 3318 mone
561 3265 696 3331 isto,
730 3282 834 3320 cor
863 3267 1023 3321 enim
1055 3273 1224 3322 tuum
1275 3285 1391 3323 non
1435 3275 1525 3323 est
1555 3276 1781 3324 rectum
1814 3285 2013 3324 coram

361 3351 498 3407 Deo.
537 3353 836 3422 Resipisce
867 3354 1046 3426 igitur
1073 3357 1120 3409 si
1153 3355 1302 3410 forte
1334 3357 1671 3412 remittatur
1695 3357 1776 3411 ibi
1807 3374 2016 3428 pecca-

362 3446 488 3494 tum
510 3439 574 3493 ⁸³.
613 3463 639 3489 ››
672 3441 1029 3497 Prmviderat
1073 3460 1330 3515 namque
1380 3447 1589 3499 Petrus
1621 3462 1752 3500 eum
1786 3447 1858 3500 ad
1892 3463 2014 3518 pcn-

362 3528 678 3584 nitentiam
714 3545 833 3584 non
866 3532 1350 3595 convertendum,
1379 3540 1693 3605 propterea
1714 3535 1876 3596 dicit,
1903 3558 1929 3583 «
1957 3535 2012 3590 Si

359 3617 511 3674 forte
568 3617 990 3674 remittatur.»
1052 3621 1205 3676 Illud
1274 3621 1568 3692 siquidem
1623 3624 1781 3693 quod
1829 3623 2010 3690 addit,

367 3730 386 3756 α
425 3708 595 3764 Orate
627 3726 747 3777 vos,
777 3732 801 3757 ››
827 3727 944 3764 non
970 3712 1333 3781 pmnitentize
1359 3719 1564 3768 estaut
1586 3714 2010 3780 conversionis,

365 3797 467 3852 80
512 3796 614 3851 sed
647 3797 1032 3854 defunctoria:
1067 3807 1294 3855 tantum
1329 3802 1695 3874 purgationis
1727 3807 2013 3872 praetextu

365 3884 634 3940 dicebat:
666 3886 768 3941 ubi
826 3887 982 3941 enim
1046 3888 1322 3960 lacrymaa
1383 3896 1522 3944 sunt
1570 3895 1628 3944 et
1671 3888 2016 3945 confessio?

365 3975 483 4031 Hoc
505 3983 703 4030 autem
727 3976 1095 4032 demonstrat
1113 3995 1238 4034 rem
1263 3996 1391 4034 esse
1413 3986 1680 4035 correctu
1713 3979 2013 4036 difﬁcilem

366 4064 675 4136 multaque
708 4067 1054 4135 pcenitentia
1082 4084 1230 4139 opus
1272 4068 1507 4124 habere,
1544 4069 1592 4123 si
1623 4069 1726 4140 qui
1758 4069 1819 4123 in
1850 4085 2009 4124 eam-

366 4154 498 4208 dem
534 4171 658 4209 rem
703 4155 960 4212 divinam
1001 4158 1324 4226 otl‘eudant,
1358 4160 1416 4213 in
1469 4176 1646 4230 quam
1678 4160 1928 4215 offendit
1955 4165 2015 4215 et

365 4243 586 4310 Simon,
622 4245 722 4316 qui
772 4247 1145 4302 existimabat
1189 4248 1474 4318 Spiritum
1520 4256 1792 4305 sanctum
1825 4266 2011 4320 pecu-

364 4333 478 4387 nias
503 4333 908 4390 obsecundare
931 4335 1004 4391 ad
1036 4336 1360 4393 efﬁcaciam
1392 4338 1757 4410 operationis
1786 4339 2016 4396 haben-

369 4424 525 4480 dam.

1007 4512 1238 4570 CAPUT
1276 4513 1365 4569 IV.

2198 2114 2226 2142 ‹‹
2259 2091 2597 2162 Θεασάμενος
2645 2087 2704 2144 δὶ
2755 2090 2783 2143 ὁ
2836 2087 3045 2161 Σίμων,
3097 2087 3184 2144 δτι
3241 2086 3331 2143 διὰ
3357 2091 3460 2156 τῆς
3501 2087 3780 2150 ἐπιθέσεως

2131 2202 2158 2234 α
2187 2184 2293 2234 τῶν
2339 2184 2542 2254 χειρῶν
2589 2183 2698 2233 τῶν
2755 2176 3077 2233 ἀποστόλων
3137 2174 3351 2233 δίδοται
3382 2179 3447 2232 τὸ
3479 2181 3696 2249 Πνεῦμα
3723 2178 3779 2231 τὸ

2125 2271 2358 2345 «ἅγιον,
2414 2270 2788 2345 προσήνεγκεν
2847 2268 3030 2328 αὐτοῖς
3089 2270 3376 2342 χεήματα,
3425 2266 3626 2341 λέγων’
3661 2267 3784 2321 Δότε

2127 2384 2155 2413 ‹‹
2187 2360 2354 2432 κάμοὶ
2413 2361 2512 2427 τὴν
2568 2356 2806 2431 ἐξουσίαν
2852 2358 3075 2426 ταύτην,
3124 2353 3218 2411 ’ίνα
3248 2358 3293 2429 ᾧ
3339 2357 3430 2412 ἐὰν
3489 2356 3660 2420 ἐπιθῶ
3691 2355 3778 2419 τὰς

2123 2473 2154 2501 ‹‹
2181 2454 2393 2524 χεῖρας,
2426 2443 2681 2521 λαμϐάνῃ
2714 2451 2935 2519 Πνεῦμα
2963 2447 3138 2520 ἅγιον.
3175 2471 3201 2497 ι)

2195 2539 2250 2591 Ὀ
2282 2538 2476 2613 μιαρὸς
2507 2537 2667 2596 οὗτος
2719 2536 2928 2607 Σίμων,
2990 2536 3054 2590 οὐ
3103 2535 3334 2596 πίστεως
3391 2533 3567 2591 ἕνεκεν
3615 2554 3775 2597 προσ-

2124 2629 2303 2701 φέρων
2331 2628 2399 2682 τά
2429 2629 2714 2702 χρήματα,
2773 2623 2892 2700 ᾔτει
2952 2629 3114 2680 τοῦτο
3167 2625 3408 2699 γενέσθαι
3453 2626 3622 2697 αὐτῷ,
3651 2624 3773 2681 ἀΛλ’

2125 2716 2263 2771 ὥστε
2320 2716 2589 2790 πορισμὸν
2649 2715 2796 2784 αὐτῷ
2859 2716 3164 2789 χρημάτων
3222 2714 3311 2768 καὶ
3369 2716 3630 2792 ἀφορμὴν
3690 2735 3776 2788 γε·

2124 2805 2491 2861 νὲσθαιτοῦτο
2547 2802 2836 2877 Προσῆλθε
2892 2805 2996 2878 γάρ
3061 2803 3217 2870 ὥστε,
3273 2801 3563 2877 δεξάμενος
3592 2803 3772 2858 τοιαύ-

2122 2917 2223 2966 την
2255 2895 2440 2973 χάριν,
2474 2893 2782 2958 πλουτῆσαι
2829 2891 2917 2948 διὰ
2967 2898 3074 2948 τῶν
3111 2895 3378 2965 σημείων,
3413 2895 3554 2949 κατᾶ
3583 2894 3768 2966 πρώην

2123 2984 2408 3064 φαντασίαν
2469 2983 2696 3060 ἐνεργῶν
2756 2980 2846 3039 διά
2899 2987 3006 3038 τῶν
3065 2980 3364 3056 δαιμόνων,
3423 2984 3551 3054 ἢτοι
3591 2982 3772 3058 πειρά-

2126 3081 2229 3144 ζων
2255 3075 2385 3136 τοὺς
2433 3071 2774 3134 ἀποστόλους
2819 3077 2986 3127 τοῦτο
3038 3071 3232 3141 ἐποίει,
3270 3071 3622 3148 βουλόμενος
3652 3093 3778 3126 κατ-

2127 3164 2354 3241 ηγορίαν
2406 3157 2746 3234 περιϐαλεῖν.
2805 3163 2898 3216 Διὸ
2955 3161 3044 3216 καὶ
3102 3161 3305 3216 ἀκούει·
3348 3184 3366 3210 ε
3401 3162 3527 3220 Οὐκ
3560 3159 3670 3216 ἔστι
3701 3180 3778 3213 σοι

2129 3255 2282 3326 μερὶς
2315 3253 2364 3308 ἓν
2393 3258 2473 3325 τῷ
2503 3252 2651 3327 λόγῳ
2697 3250 2896 3323 τούτῳ·
2930 3253 2964 3321 ἠ
2998 3250 3101 3326 γάρ
3150 3248 3341 3320 καρδία
3375 3272 3483 3305 σου
3515 3251 3613 3306 οὐκ
3641 3245 3775 3305 ἔστιν

2126 3343 2301 3400 εὐθεῖα
2357 3341 2586 3398 ἐνώπιον
2647 3345 2743 3398 τοῦ
2801 3345 2956 3397 Θεοῦ.
3019 3341 3366 3412 Μετανόησον
3425 3341 3552 3409 οὖν,
3588 3341 3630 3397 εἰ
3677 3338 3775 3414 ἄρα

2123 3431 2448 3511 ἀφεθήσεταί
2487 3453 2574 3486 σοι
2610 3431 2671 3486 τὸ
2721 3431 3044 3506 ἁμάρτημα.
3082 3454 3109 3479 ›ι
3144 3427 3380 3503 Προῄδει
3411 3431 3525 3506 γὰρ
3559 3430 3718 3486 αὐτὸν
3747 3428 3772 3482 ὁ

2125 3520 2326 3596 Πέτρος
2378 3522 2453 3593 μή
2504 3521 2640 3595 πρὸς
2703 3519 2987 3593 μετάνοιαν
3030 3517 3440 3592 ἐπιστρέψοντα.
3484 3520 3585 3575 Διὰ
3614 3517 3770 3574 τοῦτο

2123 3631 2310 3690 φησιν,
2354 3633 2380 3659 (ι
2416 3610 2480 3666 Εἰ
2537 3608 2862 3689 ἀφεθήσεταί
2921 3629 3026 3664 σοι.
3062 3629 3086 3654 η
3145 3609 3222 3664 Τὸ
3279 3609 3406 3685 γὰρ,
3465 3633 3504 3660 ‹‹
3539 3611 3774 3678 Δεήθητε

2125 3700 2302 3774 ὑμεῖς,
2342 3725 2366 3751 η
2425 3701 2489 3755 οὗ
2545 3703 2829 3772 μετανοίας
2884 3700 2976 3756 καὶ
3035 3697 3389 3778 ἐπιστροφῆς,
3421 3696 3579 3756 ἀλλὰ
3611 3698 3770 3772 μόνον

2122 3788 2471 3867 ἀφοσιώσεως
2525 3788 2678 3844 ’ἑνεκα
2732 3786 2858 3868 ἔφη·
2920 3787 3058 3858 ἐπεὶ,
3135 3791 3239 3844 ποῦ
3294 3789 3360 3842 τὰ
3421 3785 3635 3865 δάκρυα
3683 3784 3770 3842 καὶ

2122 3879 2156 3947 ἡ
2226 3875 2671 3954 ἐξομολόγησις
2737 3880 2908 3933 Τοῦτο
2975 3873 3034 3932 δὶ
3099 3874 3402 3940 δεικνύντος
3484 3878 3632 3934 ἐστιν
3698 3876 3770 3934 ὡς

2124 3963 2568 4041 δυσκατόρθωτον
2623 3967 2686 4022 τὸ
2741 3971 2991 4042 πρᾶγμα,
3062 3965 3153 4021 καὶ
3235 3965 3454 4034 πολλῆς
3522 3965 3769 4040 δεόμενον

2127 4057 2434 4128 μετανοίας,
2491 4061 2609 4119 τοῖς
2664 4056 2741 4118 είς
2791 4055 2923 4110 αιτὸ
2978 4055 3041 4111 τὸ
3098 4060 3240 4118 θεῖον
3296 4054 3772 4130 ἐξαμαρτάνουσιν,

2123 4145 2202 4206 εἷς
2233 4144 2264 4200 ὅ
2309 4146 2400 4200 καὶ
2457 4145 2642 4220 Σίμων
2701 4145 3022 4219 ἐξήμαρτεν,
3080 4144 3342 4222 ἀργυρίου
3377 4145 3672 4202 ὑπακούειν
3702 4143 3776 4202 εἷς

2123 4236 2218 4300 τὰς
2247 4235 2509 4311 ἐνεργείας
2536 4237 2598 4291 τὸ
2629 4239 2846 4307 Πνεῦμα
2873 4235 2935 4290 τὸ
2966 4233 3122 4310 ἅγιον
3157 4236 3526 4310 ἡγησάμενος.

2741 4505 3006 4561 ΚΕΦΑΛ.
3051 4503 3152 4561 ΙΑ“.

368 4601 523 4668 Quod
549 4619 659 4657 non
703 4609 931 4675 argento
985 4621 1162 4675 neque
1217 4602 1650 4662 simulatorihus.
1685 4603 1780 4659 sed
1806 4609 2010 4663 sanctis

2132 4593 2708 4675 'Oruooxﬁpyupiou
2778 4591 2902 4650 οὐδὲ
2960 4596 3335 4675 βποκριταξς,
3390 4593 3537 4675 ἀλλὰ
3583 4595 3771 4675 ,ἁγίοις

432 4690 536 4742 per
590 4677 749 4743 ﬁdem
804 4679 1046 4744 Spiritus
1099 4679 1277 4731 sancti
1325 4677 1680 4730 commutatio
1711 4675 1920 4735 datur:
1955 4681 2014 4733 in

439 4759 547 4818 quo
577 4747 741 4798 etiam
776 4756 1059 4814 ponuntur
1108 4764 1229 4818 quae
1284 4754 1412 4802 sunt
1461 4749 1527 4803 de
1570 4748 1922 4804 simulatione
1950 4766 2015 4806 ac

437 4816 821 4884 objurgatione
853 4818 1112 4873 Simonis.

440 4904 578 4967 Vlll,
618 4905 797 4957 19-25.
836 4926 862 4952 «
897 4907 1100 4961 Petrus
1130 4914 1328 4961 autem
1376 4907 1524 4962 dixit
1567 4907 1640 4963 ad
1690 4925 1825 4964 eum
1857 4926 1870 4963 :
1905 4909 2014 4964 Pe—

366 5015 394 5041 ‹‹
428 4992 598 5050 cunia
645 4999 744 5048 tua
797 4999 989 5048 tecum
1042 4996 1116 5049 sit
1162 4998 1223 5051 in
1277 4998 1696 5069 perditionem.
1731 4999 2015 5070 quoniam

368 5108 387 5130 ει
429 5083 652 5138 donum
690 5083 795 5137 Dei
827 5084 1174 5139 existimasti
1209 5087 1476 5156 pecuniis
1521 5087 1737 5158 parari.
1773 5091 1896 5144 Non
1931 5092 2020 5142 est

368 5197 387 5219 α
426 5174 531 5227 tibi
566 5191 703 5244 pars
733 5190 926 5245 neque
961 5191 1088 5228 sors
1130 5175 1189 5229 in
1242 5191 1512 5230 sermone
1546 5177 1694 5231 isto:
1727 5194 1828 5232 cor
1856 5177 2017 5231 enim

368 5280 394 5310 α
422 5266 588 5316 tuum
627 5280 742 5318 non
771 5269 861 5317 est
889 5269 1113 5318 rectum
1137 5279 1335 5318 coram
1360 5264 1494 5318 Deo.
1522 5266 1820 5336 Resipisce
1843 5265 2020 5338 igitur

369 5370 394 5400 ο
426 5350 496 5403 ab
530 5351 642 5405 hoc
670 5352 831 5419 vitio,
864 5359 922 5407 et
966 5370 1108 5426 roga
1159 5354 1344 5408 Deum
1403 5353 1449 5407 si
1498 5354 1648 5408 forte
1683 5356 2020 5411 remittatur

368 5464 394 5491 ‹‹
428 5440 534 5494 tibi
568 5443 842 5514 cogitatio
877 5445 1072 5501 cordis
1097 5445 1202 5501 tui.
1229 5447 1373 5500 Nam
1406 5445 1466 5500 in
1496 5445 1637 5500 felle
1669 5446 2019 5503 amaritudi-

367 5531 522 5586 «nis
571 5536 629 5585 et
676 5532 996 5590 collatione
1044 5535 1376 5608 iniquitatis
1427 5535 1594 5593 video
1629 5542 1683 5592 te
1717 5552 1868 5592 esse.
1907 5535 2017 5590 Re-

431 5711 635 5774 "Aat.
669 5716 1028 5788 πυ.ιι,ιι.

2199 4667 2287 4740 διᾲ
2367 4667 2613 4740 πίστεως,
2658 4669 2692 4735 ἡ
2726 4738 2734 4740 _
2771 4669 3008 4740 μετοχὴ-
3068 4667 3164 4723 τοῦ
3250 4668 3402 4740 ἁγίου
3459 4667 3772 4740 ,ΙΙνεῦματος

2195 4738 2424 4798 δίδοται·
2478 4737 2530 4795 ἐν
2589 4739 2634 4810 ᾧ
2686 4735 2946 4812 τὰ’περὶ’
2989 4735 3326 4814 ὑποκρίσεως
3384 4739 3474 4794 καὶ
3532 4735 3770 4805 ἐπιπλή-

2194 4814 2324 4884 ξεως
2358 4812 2628 4883 Σίμωνος.

2197 4928 2225 4956 ‹‹
2261 4902 2463 4974 Ηὲτρος
2492 4900 2549 4957 δὲ
2578 4902 2698 4957 ετπε
2735 4903 2870 4977 πρὸς
2929 4899 3108 4956 αὐτόν’
3165 4903 3234 4956 Τὸ
3265 4901 3517 4976 ἀργύριόν
3549 4922 3644 4956 σου
3677 4896 3766 4952 σὺν

2127 5019 2156 5047 ‹‹
2189 4994 2273 5050 σοὶ
2306 4990 2390 5061 εἶή
2425 4993 2499 5054 εἷς
2527 4990 2827 5058 ὰπώλειαν,
2862 4990 2948 5047 ὅτι
2988 4992 3085 5058 τήν
3133 4988 3337 5065 δωρεὰν
3360 4997 3456 5047 τοῦ
3487 4996 3624 5047 Θεοῦ
3656 4986 3768 5043 ἐνὸ-

2129 5110 2155 5136 υ
2193 5103 2354 5158 μισας
2414 5079 2502 5137 διὰ
2551 5082 2858 5161 χρημάτων
2913 5082 3159 5136 κτᾶσθαι.
3195 5080 3303 5135 Οὐκ
3335 5080 3446 5137 ἔστι
3501 5102 3584 5136 σοι
3619 5077 3769 5151 μερὶς

2127 5199 2155 5227 ‹‹
2189 5169 2314 5227 οὐδὲ
2341 5170 2551 5246 κλῆρος
2584 5170 2634 5225 ἐν
2683 5175 2761 5242 τῷ
2814 5168 2965 5246 λόγῳ
3022 5169 3223 5242 τούτῳ·
3257 5173 3290 5240 ἡ
3321 5171 3422 5244 γὰρ
3453 5167 3647 5245 καρδία
3678 5186 3769 5220 σου

2128 5287 2156 5315 ‹‹
2190 5260 2290 5316 οὐκ
2346 5258 2487 5315 ἔστιν
2545 5260 2721 5315 εὐθεῖα
2776 5257 3008 5314 ἐνώπιον
3065 5263 3162 5314 τοῦ
3220 5264 3371 5314 Θεοῦ.
3425 5257 3764 5327 Μετανὸησον

2129 5376 2155 5402 α
2191 5351 2281 5405 οὗν
2315 5350 2420 5404 ἀπὸ
2450 5356 2549 5418 τῆς
2588 5349 2778 5409 κακίας
2823 5369 2919 5403 σου
2971 5348 3213 5418 taxi-tm;
3273 5349 3364 5402 καὶ
3425 5345 3644 5419 δεήθητι
3672 5345 3766 5400 τοῦ

2128 5464 2156 5488 ιι
2193 5443 2346 5508 Θεοῦ,
2380 5439 2426 5494 εἷ
2454 5435 2554 5512 ἄρα
2583 5437 2909 5516 ἀφεθήσεταί
2957 5457 3040 5492 σοι
3090 5439 3124 5506 ἡ
3179 5435 3390 5492 ἐπίνοια
3421 5445 3519 5508 τῆς
3551 5431 3768 5508 καρδίας

2130 5554 2158 5583 ‹‹
2191 5551 2312 5584 σου.
2349 5526 2438 5589 Εἷς
2470 5527 2573 5605 γὰρ
2604 5524 2784 5602 χολήν
2827 5527 3070 5600 πικρίας,
3118 5525 3206 5580 καὶ
3240 5523 3533 5600 σύνδεσμον
3561 5521 3766 5579 ἀδικίας
