4098 6260
427 359 546 417 163

1543 353 1958 418 CECUMENII
2004 350 2305 413 TRICCAE
2347 351 2706 414 EPISCOPI

3695 367 3799 426 164

424 513 454 543 ‹‹
483 493 613 564 ejus
639 491 937 548 sublatum
970 494 1536 549 est.Generationem
1562 497 1760 548 autem
1790 491 1920 562 ejus
1942 489 2068 561 quis

2185 487 2279 556 «ἡ
2321 485 2498 562 κρίσις
2553 486 2722 543 αὖτοῦ
2777 486 2945 564 ἤρθη.
3004 492 3120 562 Τήν
3176 491 3234 549 δὶ
3280 493 3460 571 γενεὰν
3514 497 3672 554 αὐτοῦ
3726 500 3801 565 τίς

432 606 450 628 α
490 582 836 637 enarrabit?
865 583 1151 648 Quoniam
1187 584 1447 639 elevatur
1475 601 1510 638 a
1538 590 1696 638 terra
1743 583 1860 636 vita
1915 582 2065 652 ejus.

428 693 454 721 ‹‹
489 672 874 741 Respondens
906 681 1101 727 autem
1139 673 1446 727 eunuchus
1468 672 1739 743 Philippo
1758 669 1906 725 dixit
1930 687 1941 723 Ζ
1967 667 2074 724 0b-

428 783 454 810 «
479 779 644 816 secro
681 763 752 817 de
786 780 901 832 quo
937 763 1079 818 dicit
1112 764 1221 818 hoc
1251 762 1641 834 propheta,de
1673 762 1972 833 seipso,an
2003 759 2074 814 de

433 869 454 896 π
489 851 606 906 alio
640 852 988 923 quopiam?
1045 852 1331 923 Aperiens
1388 859 1586 906 autem
1644 851 1953 922 Philippus
2010 865 2074 903 os

430 964 448 988 ι
487 958 682 1008 suum,
704 949 762 995 et
783 943 1076 1012 incipiens
1108 943 1180 996 ab
1213 943 1322 996 hac
1354 941 1676 1012 Scriptura.
1706 940 2078 994 annuntiavit

423 1052 451 1078 ‹‹
484 1030 572 1084 illi
603 1033 823 1085 Jesum.
858 1032 1121 1103 Cumque
1159 1032 1315 1086 irent
1339 1048 1444 1102 per
1474 1031 1647 1099 viam,
1682 1035 1973 1085 venerunt
2000 1026 2075 1084 ad

427 1142 454 1169 «
493 1119 813 1190 quamdam
840 1137 1078 1192 aquam,
1115 1127 1172 1174 et
1203 1120 1285 1176 ait
1314 1119 1646 1176 eunuchus.
1682 1141 1711 1169 υ

499 1297 646 1352 Hinc
676 1298 1044 1370 significatur
1076 1303 1404 1370 spontanea
1436 1298 1650 1353 Christi
1708 1296 1981 1351 voluntas
2013 1295 2075 1348 in

427 1387 836 1458 aggrediendis
867 1388 959 1442 his
991 1406 1121 1459 qua:
1155 1388 1429 1443 ordinata
1458 1393 1645 1442 erant.
1709 1387 1867 1441 Sicut
1917 1383 2076 1439 enim

425 1477 566 1538 ovis,
603 1494 733 1547 quas
765 1476 839 1531 ad
871 1478 1169 1533 victimam
1202 1477 1460 1544 ducitur,
1493 1477 1586 1531 vel
1643 1493 1828 1548 agnus
1877 1489 2076 1529 coram

425 1565 709 1620 tondente
742 1583 803 1621 se
849 1568 972 1638 (qui
1007 1574 1204 1622 autem
1238 1567 1406 1622 nulla
1437 1567 1792 1620 necessitate
1824 1563 2073 1636 cogitur,

423 1671 618 1726 neque
651 1657 888 1711 balandi
919 1656 1097 1712 habet
1125 1658 1544 1725 occasionem).
1582 1656 1664 1709 ita
1695 1672 1834 1710 cum
1869 1658 2077 1725 sponte

423 1752 746 1816 pateretur,
802 1747 1054 1801 tacebat.
1113 1746 1276 1810 Quod
1335 1754 1534 1800 autem
1601 1745 1889 1815 sequitur,
1927 1767 1953 1793 (ι
2011 1743 2076 1795 In

422 1833 761 1890 humilitate
791 1837 975 1906 ipsius
1025 1836 1321 1905 judicium
1384 1836 1514 1904 ejus
1546 1833 1845 1888 sublatum
1903 1836 2014 1898 est,
2047 1852 2075 1880 ιι

424 1923 1348 1995 signiﬁcatiniquumjudicium
1400 1924 1462 1978 in
1514 1925 1712 1995 ipsum
1763 1922 2075 1977 inductum

421 2013 715 2067 occultata
744 2013 1008 2068 veritate.
1070 2015 1325 2068 Rursum
1389 2013 1674 2076 inferens,
1730 2034 1756 2062 «
1815 2012 2076 2066 Genera-

420 2102 647 2156 tionem
680 2103 808 2173 ejus
836 2103 969 2172 quis
1002 2102 1348 2156 enarrabit?
1379 2125 1407 2151 »
1439 2102 1702 2156 ostendit
1731 2101 1928 2172 ipsum
1959 2097 2077 2173 ἆγε-

423 2187 755 2263 νεολόγητον
787 2209 938 2259 esse,
975 2208 1189 2263 nempe
1221 2191 1377 2262 quod
1427 2192 1588 2264 origo
1619 2191 1855 2262 generis
1886 2190 2075 2261 ipsius

421 2280 547 2336 dari
581 2298 698 2336 non
731 2282 937 2354 possit.
994 2282 1297 2352 Siquidem
1351 2282 1478 2353 ipse
1529 2287 1586 2335 et
1640 2277 2074 2353 ἀγενεαλόγητος

420 2377 546 2426 erat
579 2377 859 2442 tanquam
897 2372 1069 2439 Deus,
1103 2379 1161 2426 et
1204 2371 1538 2443 descriptus
1588 2387 1654 2425 ac
1709 2370 1771 2424 in
1830 2384 2075 2424 censum

422 2461 646 2516 relatus
678 2468 959 2532 tanquam
1005 2463 1178 2532 juxta
1233 2478 1474 2516 carnem
1506 2465 1841 2534 generatus.
1893 2459 2073 2513 Sive:

423 2550 695 2621 gloriam,
717 2567 846 2622 qua:
881 2557 1013 2622 post
1042 2551 1542 2605 resurrectionem
1576 2549 1688 2620 ipsi
1721 2553 2072 2616 accesserat,

424 2655 490 2695 ac
522 2656 872 2706 generosam
903 2640 1088 2710 ipsius
1108 2639 1476 2711 dignitatem.
1500 2655 1677 2708 quam
1711 2637 2076 2709 experientia

425 2745 623 2782 rerum
701 2729 1108 2783 ordinatarum
1161 2728 1577 2795 manilestavit,
1635 2728 1768 2798 quis
1826 2727 2075 2782 idoneus

425 2818 627 2882 erit,ut
657 2834 929 2872 sermone
957 2817 1430 2872 edisserat?cum
1465 2818 1590 2887 ipse
1623 2816 1864 2888 quidem
1897 2817 2072 2872 morti

426 2906 731 2976 subjectus
759 2907 958 2973 fuerit,
1010 2906 1269 2961 universi
1302 2923 1435 2961 vero
1458 2906 1529 2962 ad
1563 2905 2073 2977 incorruptionem

424 2996 611 3067 gratia
633 2998 761 3066 ejus
792 2996 1062 3050 vivificati
1096 2996 1216 3050 sint
1246 2996 1481 3067 ﬁdeque
1513 2996 1823 3067 redempti.
1851 2995 2073 3050 Deinde

429 3085 530 3152 ait,
571 3110 589 3132 «ι
623 3086 911 3151 Quoniam
939 3087 1205 3141 elevatur
1233 3084 1306 3141 de
1339 3091 1496 3140 terra
1549 3086 1665 3140 vita
1695 3087 1844 3157 ejus.
1896 3108 1923 3135 ››
1956 3086 2075 3140 Hoc

2181 600 2210 628 «
2246 573 2571 654 διηγήσεται
2606 596 2619 646 ;
2651 579 2775 636 ὐτι
2807 578 3016 655 αἴρεται
3049 582 3156 638 ἀπὸ
3207 589 3309 654 τῆς
3344 590 3444 662 γῆς
3475 587 3509 655 ἡ
3559 590 3665 658 ζωὴ
3711 589 3799 644 αὖ·

2185 688 2212 717 ‹‹
2241 669 2360 720 τοῦ.
2393 666 2735 741 Ἀποκριθεὶς
2763 665 2819 724 δὲ
2851 670 2878 723 ὁ
2909 669 3174 750 εὐνοῦχος
3232 677 3314 745 τῷ
3343 671 3622 748 Φιλίππῳ,
3675 677 3797 734 εἶπε·

2185 777 2206 807 ι
2243 751 2442 827 Δέομαί
2479 777 2596 826 σου,
2629 757 2752 833 περῖ
2799 757 2946 822 τίνος
2976 761 3006 814 ὁ
3064 764 3357 838 προφήτης
3414 762 3559 841 λέγει
3607 770 3757 822 τοῦτο
3788 787 3801 838 ;

2180 867 2208 896 ι(
2241 843 2365 917 περῖ
2394 845 2606 914 ἑαυτοῦ,
2653 848 2687 916 ἢ
2748 847 2871 922 περὶ
2929 847 3112 922 ἑτέρου
3169 852 3366 920 τινὸςς
3419 852 3653 924 Ἀνοίξας
3683 853 3735 910 δὲ
3781 857 3807 911 ὁ

2182 955 2209 983 ισ
2243 930 2523 994 Φίλιππος
2551 935 2613 988 τὸ
2645 935 2820 1007 στόμα
2851 937 3036 1005 αὐτοϋ,
3094 938 3184 993 καὶ
3241 939 3535 1014 ἀρξάμενος
3566 941 3667 998 ἀπὸ
3718 951 3807 1013 τῆς

2183 1026 2458 1100 «Γραφῆς
2506 1023 2731 1094 ταύτης.
2787 1023 3177 1102 εὐηγγελίσατο
3236 1028 3385 1101 αὐτῷ
3440 1031 3531 1085 τὸν
3589 1032 3808 1103 Ἰησοῦν,

2179 1133 2207 1162 ι(
2237 1111 2324 1172 Ὠς
2357 1109 2413 1165 δὲ
2443 1110 2765 1186 ἐπορεύοντο
2791 1114 2926 1168 κατὰ
2954 1117 3053 1185 τήν
3083 1113 3228 1186 ὁδὸν,
3261 1115 3431 1186 ἦλθον
3453 1119 3537 1174 ἐπί
3570 1141 3620 1174 τι
3649 1118 3805 1197 ὕδωρ,

2185 1223 2205 1250 ι
2240 1198 2328 1254 καί
2361 1221 2523 1279 φησιν
2553 1203 2581 1254 ὁ
2617 1200 2893 1280 εὐνοῦχος.
2930 1227 2958 1254 ››

2250 1289 2518 1345 Ἐντεῦθεν
2547 1291 2608 1345 τὸ
2639 1291 2884 1347 ἑκούσιον
2913 1297 3015 1348 τοῦ
3059 1300 3322 1371 Σωτῆρος
3349 1297 3400 1352 ἐν
3432 1301 3500 1371 τῇ
3532 1298 3686 1374 πείρα
3712 1304 3808 1354 τῶν

2181 1376 2658 1451 οἲκονομουμένίυν
2689 1381 3030 1454 σημαίνεται.
3063 1384 3153 1447 Ὧς
3211 1387 3315 1462 γὰρ
3375 1383 3646 1460 πρόϐατον
3700 1388 3815 1466 ἀγό-

2185 1489 2345 1540 μενον
2378 1468 2454 1531 εἷς
2487 1469 2692 1539 θυσίαν,
2726 1469 2760 1540 ἢ
2794 1470 2964 1544 ἀμνὸς
2987 1471 3228 1530 ἐναντίου
3259 1479 3357 1531 τοῦ
3382 1477 3656 1553 κείροντος
3674 1480 3817 1534 αὐτὸν

2181 1555 2401 1642 (ᾇνάγκῃ
2445 1555 2502 1612 δὲ
2533 1554 2908 1633 δαμαζόμενος
2941 1559 3066 1618 οὐδὲ
3091 1560 3412 1640 βληχᾶσθαι
3455 1567 3520 1621 τὸ
3551 1565 3816 1642 ἐνδόσιμον

2181 1640 2347 1722 ἔχει),
2401 1645 2572 1710 οὕτως
2631 1649 2766 1703 ἑκὼν
2828 1649 2878 1704 ἐν
2939 1656 3018 1723 τῷ
3076 1654 3312 1729 πάσχειν
3368 1640 3819 1727 ἒσιώπα.Τὸνδὲ,

2187 1737 2334 1793 «Ἑν
2359 1740 2427 1810 τῇ
2455 1739 2772 1794 ταπεινώσει
2832 1740 2998 1796 αὐτοῦ
3056 1745 3090 1812 ἡ
3147 1745 3326 1816 κρίσις
3384 1745 3549 1801 αὐτοῦ
3603 1747 3814 1823 ﬁgor,”

2108 1854 2152 1920 Β
2185 1821 2478 1920 θηλοῖ-τὴν
2510 1827 2824 1920 παράνομον
2857 1828 3034 1902 κρίσιν
3062 1829 3146 1887 ἐπ’
3183 1833 3332 1906 αὐτῷ
3386 1821 3698 1911 γενομένην,
3725 1843 3816 1906 τῆς

2183 1913 2445 1985 ἀληθείας
2466 1912 2782 1991 κρυϐείσης.
2831 1919 2905 1974 Τὸ
2955 1917 3034 1992 δὲ,
3068 1947 3095 1973 ‹‹
3159 1924 3271 1992 Τήν
3327 1927 3512 1999 γενεὰν
3557 1925 3714 1981 αὐτοῦ
3748 1926 3822 1990 τίς

2183 2002 2554 2081 διηγήσεταις
2617 2030 2637 2059 ι
2702 2007 3018 2086 ἐπενεγκὼν,
3080 2008 3342 2068 δείκνυσιν
3405 2015 3568 2072 αὐτὸν
3618 2017 3818 2090 ἀγενεα-

2184 2091 2568 2169 λόγητον.Ἤν
2607 2095 2702 2168 μὲν
2756 2097 2859 2173 γὰρ
2899 2099 3058 2161 αὐτὸς
3115 2102 3204 2156 καὶ
3266 2103 3699 2181 ἀγενεαλόγητος
3752 2106 3818 2168 ὼς

2183 2182 2335 2252 Θεὸς,
2385 2183 2474 2237 καὶ
2531 2185 2668 2240 κατᾶ
2733 2187 2902 2262 σάρκα
2968 2191 3304 2264 γεννώμενος
3359 2193 3435 2256 ὡς
3511 2195 3813 2272 ἀπογραφό-

2187 2293 2366 2344 μενος.
2427 2275 2586 2329 "lito:
2644 2277 2742 2346 τήν
2821 2277 2954 2350 μετὰ
3000 2280 3098 2348 τὴν
3172 2280 3458 2337 ἀνάστασιν
3543 2281 3815 2358 γενομένην

2183 2355 2480 2430 δόξαν,καὶ
2511 2364 2610 2432 τήν
2667 2364 2847 2439 εὐγενῆ
2909 2366 3075 2423 αὐτοῦ
3125 2368 3295 2439 ἀξίαν,
3351 2371 3421 2441 ἢν
3482 2374 3518 2442 ἡ
3549 2376 3655 2427 τῶν
3687 2373 3816 2428 οἷκο-

2181 2453 2528 2522 νομηθέντων
2566 2451 2805 2526 ὑπέδειξε
2861 2461 3043 2531 πεῖρα,
3091 2457 3172 2520 τίς
3222 2452 3373 2515 ἔσται
3434 2462 3617 2524 ἱκανὸς
3674 2461 3810 2536 λόγῳ

2182 2539 2380 2618 φράσαι
2416 2560 2429 2610 ;
2462 2541 2626 2596 αὐτοῦ
2661 2543 2756 2616 μὲν
2816 2545 3025 2619 θανάτῳ
3083 2541 3569 2622 ὐποϐαλλομένου,
3625 2551 3818 2606 πάντων

2183 2625 2240 2682 δὲ
2273 2629 2349 2691 εἷς
2405 2630 2703 2707 ἀφθαρσίαν
2761 2633 2950 2709 χάριτι
3002 2634 3167 2690 αὐτοῦ
3227 2639 3824 2713 ζωοποιουμένων,καὶ

2181 2718 2364 2774 πίστει
2393 2717 2801 2795 λυτρουμένων.
2838 2723 2970 2779 Εἶτά
2999 2747 3186 2804 φησιν.
3236 2752 3262 2780 «
3297 2730 3417 2783 Ὅτι
3485 2727 3685 2802 αἳρεται
3736 2727 3828 2785 ἀπὸ

2182 2813 2282 2877 τῆς
2312 2813 2480 2883 γῆςὴ
2541 2813 2656 2881 ζωὴ
2716 2811 2904 2883 αὐτοῦ,
2969 2837 2993 2867 ι
3044 2817 3319 2871 τουτέστιν
3385 2817 3690 2895 ἐπαίρεται,
3742 2817 3824 2874 καί

2185 2894 2496 2972 ὑψηλοτέρα
2525 2904 2633 2954 τῶν
2667 2898 2753 2954 ἐπὶ
2783 2907 2886 2978 γῆς
2918 2900 3059 2958 ἐστιν
3086 2905 3121 2973 ἡ
3183 2905 3296 2974 ζωὴ
3338 2894 3539 2978 αὐτοῦ,
3571 2905 3826 2964 τουτέστιν

2180 2987 2215 3055 ἡ
2248 2985 2518 3046 πολιτεία.
2555 2987 2775 3064 Αἵρεται
2809 2987 2979 3046 δὲκαὶ
3011 2990 3226 3070 ἑτέρως.
3286 2994 3374 3049 καὶ
3452 2997 3582 3072 ὑπὲρ
3639 2996 3822 3058 πάντας

2182 3073 2381 3145 ἐστὶνή
2415 3077 2528 3146 ζωὴ
2560 3077 2750 3143 αὐτοῦ,
2780 3079 3055 3135 τουτέστιν
3113 3084 3148 3151 ἡ
3209 3079 3432 3159 ὕπαρξις
3507 3084 3602 3140 τοῦ
3659 3089 3822 3142 Μονο-

426 3181 515 3231 est
536 3174 828 3230 attollitur
857 3192 923 3230 ac
953 3174 1268 3230 sublimior
1316 3181 1405 3231 est
1459 3175 1572 3242 his,
1608 3192 1738 3246 qua:
1798 3175 1860 3229 in
1915 3181 2068 3229 terra

2181 3169 2390 3238 γενοῦς,
2425 3167 2551 3222 ὅταν
2585 3165 2684 3240 ἔξω
2714 3173 2914 3223 νοεῖται
2946 3171 3162 3244 σαρκὸς,
3197 3171 3286 3226 καὶ
3320 3172 3490 3229 οὓπω
3519 3177 3636 3240 καθ’
3689 3177 3827 3248 ἡμᾶς

425 3270 567 3319 sunt“
590 3265 704 3319 vita
735 3265 883 3335 ejus,
908 3264 967 3318 id
1001 3271 1090 3319 est
1119 3265 1507 3320 conversatio.
1543 3265 1816 3319 Elevatur
1871 3271 2069 3318 autem

421 3358 480 3406 et
509 3352 625 3407 alio
667 3352 938 3418 modo,ac
970 3370 1149 3424 super
1179 3370 1387 3408 omnes
1420 3354 1641 3407 estvita
1671 3354 1818 3424 ejus,
1849 3353 1959 3407 hoc
1982 3365 2074 3413 est

419 3441 752 3497 substantia
775 3442 1092 3514 Unigeniti,
1117 3458 1250 3496 cum
1283 3441 1602 3511 separatim
1639 3457 1672 3495 a
1697 3458 1873 3496 carne
1897 3441 2069 3496 intel-

418 3528 621 3600 ligitur
646 3529 746 3584 83
771 3530 1156 3601 nondumque
1189 3529 1261 3585 ad
1295 3547 1404 3585 nos
1434 3529 2069 3584 accedens.Cumenim

417 3618 488 3674 ad
515 3625 762 3674 mortem
782 3626 1106 3690 spontanee
1125 3617 2070 3678 descenderit.elevataestaterra

419 3710 553 3772 vita,
590 3710 980 3781 sublimisque
1040 3711 1250 3765 effecta
1294 3715 1404 3776 est,
1448 3725 1515 3763 ac
1547 3723 1929 3780 supergressa
1978 3712 2067 3762 est

418 3800 591 3856 cmlos
625 3801 688 3856 85,
710 3801 846 3871 quia
880 3817 979 3854 rex
1009 3801 1211 3873 gloria:
1231 3805 1443 3855 eratet
1470 3800 1587 3855 vita
1608 3799 1736 3870 ejus
1751 3796 2062 3865 naturalis,

414 3890 818 3960 Dominusque
845 3890 1126 3945 virtutum
1155 3906 1167 3944 :
1192 3906 1531 3960 quanquam
1556 3894 1796 3960 propter
1821 3887 2062 3959 dispen-

414 3981 707 4036 salionem
732 3981 889 4034 circa
919 3997 1029 4034 nos
1058 3997 1124 4035 ac
1157 3987 1545 4052 spontaneum
1571 3979 2062 4044 exinanitionem,

412 4071 475 4125 in
509 4071 780 4140 passione
815 4071 1236 4127 contumeliam
1270 4079 1329 4126 et
1358 4071 1742 4144 ignominiam
1765 4069 2061 4124 sustinue-

411 4159 510 4222 rit,
543 4160 720 4214 dante
749 4160 858 4216 hoc
891 4161 942 4215 ei
1003 4161 1213 4216 merito
1272 4177 1449 4217 carne
1507 4177 1637 4231 quas
1669 4158 2063 4231 personaliter

410 4265 477 4304 ac
518 4249 998 4320 inseparabiliter
1026 4252 1077 4305 ei
1111 4251 1277 4305 unita
1318 4257 1463 4315 erat,
1498 4249 1654 4303 circa
1686 4264 1863 4317 quam
1904 4245 2059 4302 afﬂi-

411 4337 526 4393 ctio
561 4339 842 4393 etexinde
874 4339 1238 4394 contumelia
1267 4337 1544 4408 contigit:
1578 4336 1803 4391 audens
1819 4336 2060 4407 quidem

363 4492 366 4493 ν
411 4427 692 4482 adversus
723 4428 908 4482 Deum
965 4429 1362 4486 incarnatum,
1414 4441 1533 4480 non
1593 4431 1792 4478 tamen
1849 4431 2059 4496 potens

410 4517 840 4586 impassibilem
876 4517 1186 4580 attingere,
1220 4515 1279 4569 id
1312 4515 1471 4569 enim
1505 4513 1872 4585 impossibile
1911 4517 2056 4570 erat.

411 4607 576 4661 Hunc
609 4607 787 4678 igitur
817 4622 945 4661 esse
975 4606 1196 4667 Jesum,
1232 4610 1290 4660 et
1314 4605 1467 4659 hanc
1500 4604 1560 4658 in
1606 4621 1673 4658 eo
1707 4603 2061 4674 completam

409 4710 537 4750 esse
570 4694 931 4764 Scripturam
966 4693 1275 4765 Philippus
1305 4693 1579 4750 ennucho
1612 4693 2061 4748 denuntiatzcui

411 4783 586 4837 etiam
618 4783 922 4848 obediens,
953 4783 1273 4854 statimque
1336 4783 1684 4854 baptizatus.
1728 4781 1943 4836 missus
1973 4787 2062 4839 est

412 4872 484 4928 ad
515 4872 813 4944 regionem
857 4873 1184 4944 EthiOpim.
1246 4872 1675 4944 praedicaturus
1732 4870 1842 4926 hoc
1901 4870 2059 4942 quod

411 4964 537 5035 ipse
569 4961 905 5018 crediderat
939 4980 952 5017 :
986 4965 1171 5017 Deum
1228 4962 1466 5035 quidem
1528 4978 1713 5017 unum
1769 4977 1898 5016 esse
1951 4978 2058 5034 per

408 5054 730 5127 prophetas
760 5052 1169 5124 praedicatum,
1203 5053 1380 5122 hujus
1415 5059 1610 5107 autem
1661 5051 1875 5107 Filium
1927 5051 2054 5122 jam

408 5143 736 5199 secundum
759 5142 1194 5197 humanitatem
1225 5141 1529 5196 advenisse
1561 5158 1627 5196 ac
1659 5141 1878 5196 factum
1903 5157 2052 5209 esse,

407 5238 466 5287 et
491 5240 558 5287 ut
585 5249 749 5289 ovem
774 5233 847 5288 ad
878 5231 1239 5288 occisionem
1297 5231 1538 5285 ductum
1571 5246 1720 5294 esse,
1756 5236 1813 5283 et
1841 5237 2056 5285 cmtera

2179 3254 2493 3328 γενόμενος.
2530 3255 2710 3311 Αὐτοῦ
2767 3258 2869 3333 γὰρ
2928 3255 3002 3321 εἷς
3057 3259 3282 3324 θάνατον
3343 3262 3435 3317 ἒκο
3457 3263 3617 3326 υσίως
3672 3285 3821 3320 κατα-

2181 3339 2508 3416 ϐεϐηκότος,
2540 3345 2682 3422 ἤρθη
2719 3347 2822 3402 ἀπὸ
2853 3354 2950 3418 τῆς
2982 3355 3085 3422 γῆς
3145 3351 3178 3419 ἡ
3241 3351 3355 3421 ζωὴ
3414 3353 3519 3409 διαὶ
3582 3351 3826 3430 μετεωρί-

2180 3434 2305 3504 σθη.
2373 3435 2460 3488 καῖ
2519 3431 2821 3510 ὑπερανέόη
2894 3437 3019 3500 τοὺς
3087 3437 3369 3514 οὐρανοὺς,
3439 3442 3537 3498 ὅτι
3592 3440 3828 3519 βασιλεὺς

2181 3521 2397 3597 ὑπῆρχε
2428 3529 2528 3594 τῆς
2561 3521 2744 3596 δόξης,
2777 3525 2864 3580 καὶ
2895 3527 2929 3597 ἡ
2973 3526 3138 3582 αὐτοῦ
3191 3531 3306 3599 ζωή
3337 3531 3491 3587 κατὰ
3545 3533 3712 3611 φύσιν,
3743 3532 3827 3586 καὶ

2178 3611 2379 3684 Κύριος
2436 3619 2542 3668 τῶν
2591 3611 2892 3688 δυνάμεων·
2955 3615 2999 3670 εἷ
3051 3618 3141 3672 καὶ
3193 3615 3282 3673 3ιᾶ
3334 3621 3433 3689 τήν
3509 3624 3627 3698 περῖ
3683 3623 3829 3696 ἡμῖις

2176 3698 2504 3774 οἰκονομίαν
2541 3704 2626 3757 καὶ
2662 3706 2760 3772 τήν
2803 3704 3047 3760 ἑκούσιον
3109 3703 3357 3773 κένωσιν,
3415 3717 3531 3782 τῆς
3588 3714 3718 3768 κατᾶ
3769 3710 3825 3768 τὸ

2174 3788 2344 3854 πάθος
2378 3790 2465 3846 ἐπὶ
2497 3799 2599 3866 γῆς
2633 3792 2853 3868 ἀτιμίας
2913 3795 3004 3850 καὶ
3055 3791 3271 3867 ἀδοξίας
3313 3799 3617 3882 ἠνέσχετο,
3675 3805 3826 3857 τοῦτο

2176 3877 2434 3952 διδούσης
2477 3879 2726 3960 εὐλόγως
2784 3881 2930 3954 αὐτῷ
2976 3891 3075 3954 τῆς
3127 3888 3246 3940 καθ’
3300 3877 3603 3946 ὑτιὸσπασιν
3685 3888 3822 3961 αὐτῷ

2172 3968 2262 4023 καὶ
2289 3964 2607 4043 ἀδιαιρέτιυς
2639 3969 2926 4044 ἡνωμένης
2958 3972 3176 4046 σαρκὸς,
3228 3975 3348 4050 περῖ
3409 3974 3487 4045 ἢν
3549 3979 3611 4033 τὸ
3642 3977 3823 4042 πάθος,

2171 4058 2260 4115 καὶ
2321 4060 2355 4128 ἡ
2417 4057 2654 4122 ἐντεῦθεν
2709 4059 2904 4132 ἀτιμία
2959 4056 3255 4118 συνέϐαινε·
3345 4067 3486 4122 κατὰ
3535 4072 3670 4124 Θεοῦ
3729 4067 3816 4140 μὲν

2169 4144 2504 4220 τολμωμένη
2537 4151 2632 4202 τοῦ
2665 4147 3097 4224 σεσαρκωμένου,
3160 4154 3361 4226 ψαῦσαι
3420 4153 3481 4212 δὲ
3542 4159 3618 4231 μή
3672 4153 3822 4212 δυνα-

2175 4235 2308 4308 μένη
2369 4241 2466 4291 τοῦ
2519 4237 2779 4310 ἀπαθοῦς,
2840 4239 2974 4314 ὅπερ
3031 4241 3343 4321 ἀμήχανον.
3403 4249 3606 4301 Τοῦτον
3651 4245 3825 4301 τοίνυν

2171 4326 2310 4382 εἶναι
2368 4327 2459 4381 τὸν
2515 4328 2746 4397 Ἰησοῦν,
2805 4328 2896 4383 καί
2958 4327 3357 4405 πεπληρῶσθαι
3416 4331 3470 4389 ἐν
3531 4336 3682 4407 αὐτῷ
3725 4335 3817 4402 τὴν

2168 4414 2444 4494 Γραφὴνὸ
2505 4412 2786 4477 Φίλιππος
2844 4415 3046 4486 ταύτην
3103 4422 3180 4490 τῷ
3238 4419 3491 4500 εὐνούχῳ
3542 4419 3819 4497 εὐαγγελίε

2171 4507 2332 4572 ζεται·
2397 4502 2442 4574 ᾧ
2499 4501 2589 4556 καὶ
2657 4505 2916 4573 πεισθεὶς,
2973 4506 3063 4560 καὶ
3123 4507 3432 4582 παραυτίκα
3508 4509 3817 4586 βαπτισθεὶς

2169 4591 2416 4673 ἐπέμφθη
2479 4593 2554 4654 εἷς
2610 4593 2676 4648 τα
2754 4591 2996 4668 κλίματα
3049 4602 3149 4666 τῆς
3206 4597 3517 4665 Αἰθιοπίας,
3577 4601 3817 4677 κηρύξων

2169 4683 2316 4746 τοῦθ’
2349 4684 2482 4757 ὅπερ
2520 4681 2680 4744 αὐτὸς
2738 4681 3033 4756 ἐπίστευσε,
3095 4685 3224 4740 Θεὸν
3285 4688 3379 4760 μὲν
3435 4687 3531 4744 ἓνα
3573 4688 3662 4746 διὰ
3716 4693 3818 4746 τῶν

2177 4775 2476 4849 προφητῶν
2534 4772 2959 4846 κεκηρυγμένον,
3039 4774 3236 4830 τούτου
3289 4772 3345 4831 δὲ
3398 4777 3493 4833 τὸν
3551 4779 3674 4834 Υίὸν
3724 4779 3818 4847 τήν

2169 4862 2311 4916 κατᾶ
2342 4859 2621 4936 ἄνθρωπον
2660 4857 2768 4931 ἤδη
2825 4865 3157 4933 πεποιῆσθαι
3215 4866 3538 4940 παρουσίαν,
3600 4869 3687 4923 καὶ
3748 4867 3820 4929 ὡς

2166 4947 2440 5029 πρόϐατον
2487 4951 2574 5008 ἐπὶ
2608 4955 2819 5030 σφαγῆν
2877 4955 3073 5027 ἦχθαι,
3134 4957 3225 5012 καὶ
3276 4959 3341 5014 τὰ
3395 4959 3566 5015 λοιπὰ
3623 4960 3720 5015 ὅσα
3771 4943 3824 5013 οι

2163 5049 2438 5122 προφῆται
2472 5039 2698 5118 λέγουσι
2759 5043 2884 5118 περὶ
2940 5043 3130 5104 αὐτοῦ.
3187 5048 3290 5103 Καὶ
3341 5048 3564 5104 ἐνταῦθα
3606 5046 3821 5117 πεπλή-

2163 5134 2397 5208 ρωταιὴ
2459 5131 2691 5207 λέγουσα
2751 5132 3080 5210 προφητεία,
3134 5161 3160 5188 ‹‹
3218 5136 3476 5195 Αἰθιοπία
3526 5136 3820 5218 προφθάσει

2162 5229 2324 5300 χεῖρα
2358 5223 2527 5292 αὐτῆς
2563 5227 2645 5295 τῷ
2673 5227 2810 5295 Θεῷ.
2849 5248 2877 5276 ››

410 5339 780 5393 quaecunque
813 5323 1020 5378 dicunt
1048 5320 1120 5376 de
1176 5321 1303 5392 ipso
1334 5319 1661 5392 prophetae.
1730 5319 1800 5373 Et
1827 5319 1923 5374 hic
1953 5316 2250 5389 completa
2307 5321 2396 5370 est
2435 5313 2770 5384 prOphetia,
2803 5331 2934 5385 quae
2966 5316 3050 5371 ait
3082 5333 3094 5372 :
3129 5339 3159 5368 «
3182 5318 3474 5391 Ethiopia
3500 5316 3823 5391 praeveniet

409 5426 624 5466 manus
648 5414 777 5482 ejus
805 5413 923 5466 Deo
954 5409 1022 5466 ⁸⁸.
1059 5434 1086 5461 ››

483 5500 914 5567 (cl/111,30“).
976 5503 1123 5558 Ecce
1178 5515 1352 5573 aqua,
1414 5498 1558 5572 quid
1613 5496 1891 5573 prohibet
1941 5511 2060 5571 quo

483 5681 530 5717 ³⁵
552 5680 704 5738 Psal.
742 5696 854 5749 vm,
888 5682 940 5737 3.
973 5681 1016 5717 ⁸⁸
1044 5679 1199 5737 Psal.
1233 5696 1400 5749 van,
1433 5682 1522 5736 21.

2244 5516 2273 5546 (ι
2303 5487 2443 5550 Ἰδοὺ
2467 5487 2634 5567 ὕδωρ,
2669 5489 2718 5546 τί
2751 5488 2956 5548 κωλύει
2989 5513 3058 5569 με
3109 5493 3473 5571 βαπτισθῆναι
3505 5511 3524 5567 ;
3585 5495 3723 5552 Εἴπι
3762 5489 3819 5548 δδ
