4098 6260
251 387 363 446 165

1318 385 1730 448 COMMENT.
1778 384 1856 445 IN
1901 373 2114 445 ACTA
2157 383 2764 447 APOSTOLORUM.

3612 385 3728 446 166

263 523 290 576 6
321 517 652 583 Φίλιππος·
690 521 767 580 Εἰ
805 523 1100 586 πίστεύεις
1129 522 1178 592 ἐξ
1229 519 1367 593 ὅλης
1431 523 1528 590 τῆς
1585 517 1832 594 καρδίας,
1882 518 1997 592 ἒξε

2140 523 2339 580 minus
2368 523 2665 598 baptizer?
2686 524 2842 580 Dixit
2859 530 3056 581 autem
3086 524 3396 598 Philippus
3422 544 3434 580 :
3456 526 3510 581 Si
3532 525 3725 581 credis

269 633 434 667 εστιν,
470 613 867 688 Ἀποκριθεὶς
933 613 990 668 δὲ
1044 613 1162 668 εἷπε
1243 612 1486 668 Πιστεύω
1545 611 1636 666 τὸν
1693 611 1815 665 Υἱὸν
1870 614 1967 666 τοῦ

282 707 416 760 Θεοῦ
449 703 594 758 εῖναι
625 703 725 758 τὸν
751 704 988 773 Ἰησοῦν
1040 702 1290 777 Χριστόν·
1332 701 1422 756 καὶ
1479 698 1728 756 ἐκέλευσε
1782 703 1967 767 στῆναι

296 793 358 850 το
413 793 592 867 ἅρμα.
662 792 766 848 Καὶ
831 787 1142 862 κατέϐησαν
1190 791 1488 870 ἀμφότεροι
1550 789 1625 851 εἷς
1683 790 1744 844 τὸ
1800 785 1966 863 ὕδωρ,

299 880 329 939 ὅ
389 904 446 939 τε
501 880 797 942 Φίλιππος
872 883 967 936 καὶ
1055 881 1081 936 6
1169 879 1446 954 εὐνοῦχος,
1523 878 1614 935 καὶ
1689 873 1972 934 ἐϐάπτισεν

309 977 472 1032 αὑτὸν
534 999 562 1026 ››

394 1062 772 1121 Ἐπισταστέον
810 1064 887 1125 ὡς
920 1060 1110 1131 πολλὴ
1153 1064 1186 1130 ἡ
1214 1058 1422 1129 σπουδή
1480 1060 1696 1135 ὑπῆρχε
1748 1057 1972 1120 τελείως

324 1154 762 1230 Χριστιανίζουσι
797 1152 924 1226 περὶ
984 1152 1047 1205 τὸ
1104 1150 1355 1220 αἰσθητὸν
1421 1149 1720 1223 βάπτισμα.
1781 1151 1973 1202 Διττοῦ

328 1246 440 1322 γὰρ
473 1241 617 1303 ὄντος
649 1247 746 1297 τοῦ
779 1237 1097 1314 διδομένου,
1130 1239 1219 1294 ὁτὶ
1269 1239 1362 1311 μὲν
1397 1235 1465 1292 δι’
1515 1235 1729 1305 ὕδατος,
1785 1236 1874 1292 ὁτὲ
1923 1233 1971 1294 δ.

319 1333 379 1388 ἐν
415 1333 685 1405 υνεύματι
716 1332 860 1407 ἁγίῳ
899 1329 990 1384 καὶ
1057 1329 1210 1404 πυρὶ,
1270 1326 1331 1382 οὗ
1392 1324 1479 1381 διὰ
1537 1327 1635 1396 τήν
1694 1325 1973 1400 ὑπεροχὴν

313 1428 418 1478 τοῦ
477 1423 530 1478 ἐν
589 1421 862 1495 Πνεύματι
943 1417 1342 1494 βαπτίσματος,
1432 1416 1797 1494 κατερρόνουν
1882 1418 1976 1470 τοῦ

313 1509 807 1586 σωματικωτέρου.
901 1503 1294 1582 Συμϐάλλεται
1360 1508 1463 1583 γὰρ
1522 1505 1612 1560 καὶ
1676 1509 1836 1560 τοῦτο
1899 1501 1976 1566 εἷς

316 1601 604 1676 σωτηρίαν
635 1600 723 1654 καὶ
753 1601 851 1668 τὴν
884 1597 1172 1653 ἀνάστασιν
1203 1598 1298 1650 to:
1330 1595 1607 1668 σώματος.

391 1808 420 1833 «ς
456 1782 593 1838 "Ore
628 1776 684 1834 δὲ
715 1773 973 1844 ἀνέϐησαν
1005 1774 1066 1832 ἐκ
1092 1781 1191 1832 τοῦ
1238 1771 1458 1845 ὕδατος,
1511 1777 1726 1847 Πνεῦμα
1781 1771 1979 1846 Κυρίου

2083 635 2112 664 ‹‹
2146 631 2214 670 ex
2253 621 2372 669 toto
2405 614 2602 682 corde,
2663 615 2819 670 licet.
2879 615 3269 687 Respondens
3322 624 3542 679 autem,
3603 618 3723 671 ait:

2083 726 2108 753 ‹‹
2139 705 2323 759 Credo
2343 706 2554 760 Filium
2581 706 2680 760 Dei
2707 722 2832 760 esse
2854 707 3054 760 Jesum
3078 705 3373 761 (.hristum
3396 724 3408 759 :
3429 707 3728 776 jussitque

2083 818 2109 844 ι(
2147 795 2276 850 sisti
2308 813 2567 851 currum.
2602 801 2678 850 Ac
2711 797 3106 852 descederunt
3149 796 3322 851 ambo
3369 797 3430 850 in
3489 813 3725 868 aquam,

2086 885 2454 955 «Philippus
2513 885 2692 940 simul
2771 891 2829 940 et
2913 886 3242 955 eunuchus,
3307 891 3366 940 et
3422 884 3732 957 baptizavit

2092 996 2111 1023 σ
2140 990 2296 1028 eum.
2337 997 2356 1022 ιι

2155 1065 2759 1122 Animadvertendum
2783 1071 2872 1122 est
2887 1066 3142 1121 multum
3163 1065 3345 1122 fuisse
3360 1067 3621 1122 studium
3637 1067 3728 1122 his

2089 1156 2188 1227 qui
2235 1156 2492 1226 perfecte
2543 1156 2860 1211 Christiani
2919 1156 3160 1222 ﬁebant,
3237 1156 3394 1211 circa
3447 1157 3728 1212 sensibile

2088 1243 2401 1316 baptisma.
2434 1244 2581 1300 Cum
2627 1245 2785 1300 enim
2836 1245 3152 1317 dupliciter
3195 1245 3455 1310 daretur,
3514 1263 3728 1318 nempe

2091 1353 2198 1408 per
2226 1351 2462 1406 aquam,
2498 1342 2555 1390 et
2585 1337 2646 1390 in
2678 1337 2899 1408 Spiritu
2931 1341 3133 1391 sancto
3184 1353 3251 1392 ac
3290 1337 3410 1406 igni
3445 1354 3458 1392 ε
3492 1343 3734 1408 propter

2092 1425 2505 1481 excPllentiam
2527 1424 2902 1498 baptismatis
2925 1426 3082 1497 quod
3105 1433 3231 1481 erat
3261 1427 3320 1480 in
3343 1427 3582 1498 Spiritu,
3615 1444 3732 1482 non

2093 1514 2501 1584 despiciebant
2556 1514 2706 1570 illud
2764 1515 2921 1585 quod
2979 1516 3166 1588 magis
3223 1516 3529 1586 corporale
3589 1522 3734 1570 erat.

2095 1602 2333 1658 Confert
2363 1604 2523 1658 enim
2554 1611 2613 1659 et
2643 1603 2752 1658 hoc
2783 1604 2856 1660 ad
2881 1605 3134 1660 salutem
3153 1622 3219 1661 ac
3241 1605 3739 1660 resurrectionem

2097 1708 2384 1764 corporis.

2172 1804 2198 1832 ιι
2234 1783 2376 1847 Vlll,
2402 1785 2490 1841 39.
2513 1785 2600 1838 40.
2623 1783 2765 1838 Cum
2797 1788 2996 1838 autem
3026 1783 3438 1840 ascendissent
3468 1801 3534 1840 ex
3566 1801 3741 1856 aqua,

319 1897 346 1923 α
381 1868 604 1946 ἥρπασε
643 1869 735 1924 τὸν
792 1865 1099 1935 Φίλιππον,
1156 1865 1245 1920 καὶ
1306 1863 1408 1920 οὐκ
1467 1859 1601 1918 εἶδεν
1660 1862 1819 1917 αὐτὸν
1880 1861 1983 1915 οὐκ

377 1959 400 1968 αι
508 1962 521 1968 ρ
630 1959 642 1968 ι
722 1962 745 1968 -
936 1957 990 1968 ιι,
1148 1955 1158 1968 Ι
1350 1954 1363 1968 ε
1513 1955 1525 1968 \
1637 1949 1715 1968 οδι
1855 1950 1867 1968 9
1945 1953 1970 1966 ~

2121 1896 2124 1921 ι
2163 1872 2414 1942 Spiritus
2447 1872 2681 1927 Domini
2710 1873 2906 1944 rapuit
2930 1872 3307 1944 Philippum:
3345 1890 3454 1930 nec
3485 1876 3742 1946 amplius

317 1959 456 2015 «ἔτι
501 1962 530 2014 6
591 1959 856 2031 εὐνοῦχος
936 1955 1258 2023 Ἑπορεῦετο
1307 1954 1411 2028 γὰρ
1467 1955 1564 2021 τὴν
1631 1949 1754 2007 ὁδὸν
1812 1950 1974 2006 αὐτοῦ

311 2078 341 2105 ι‹
389 2052 632 2126 χαίρων.
695 2045 978 2107 Φίλιππος
1040 2043 1096 2101 δὲ
1157 2044 1344 2120 εὑρέθη
1414 2044 1490 2105 εἷς
1547 2045 1811 2114 Ἄζωτον.
1873 2040 1974 2098 Καὶ

326 2166 347 2192 ι
380 2139 747 2214 διερχὸμενος
802 2133 1196 2213 εὐηγγελίζετο
1248 2135 1345 2196 τὶς
1402 2131 1593 2194 πόλεις
1648 2135 1818 2194 πασας
1872 2128 1976 2191 ἕως

336 2257 363 2282 ιι
398 2233 495 2284 τ’ιῦ
522 2227 698 2284 ἐλθεῖν
731 2227 892 2281 αὐτὸν
927 2227 1002 2286 εἲς
1038 2225 1383 2298 Καισάρειαν.
1420 2248 1448 2275 ››

415 2319 806 2397 Σομφερόντως
862 2315 956 2370 τὸν
1014 2311 1295 2368 Φίλιππον
1349 2312 1560 2384 ἥρπασε
1613 2311 1676 2366 τὸ
1738 2312 1979 2381 Πνεῦμα,

336 2409 448 2464 ita?
480 2411 696 2477 ἤξὲωσεν
726 2403 788 2462 ἄν
843 2405 934 2459 καὶ
994 2401 1392 2479 συμπαρελθεῖν
1455 2403 1604 2472 αὐτῷ
1634 2399 1662 2454 6
1695 2398 1980 2473 εὐνοῦχος.

329 2497 438 2556 Καί
498 2495 772 2564 ἐλύπησεν
837 2493 894 2548 ἂν
953 2489 1157 2556 ἐκεῖνος
1213 2491 1502 2551 ἀνανεῦσας
1578 2488 1667 2543 καὶ
1745 2485 1982 2559 ἀρνησά-

330 2609 516 2662 μενος,
550 2585 709 2641 οὔπω
757 2587 950 2656 καιροῦ
1008 2578 1178 2643 ὄντος.
1240 2581 1336 2636 Καὶ
1396 2578 1556 2641 αὐτὸς
1617 2579 1644 2633 6
1703 2577 1984 2636 Φίλιππος

953 2669 1085 2747 ὅπερ
1143 2672 1308 2740 ἣκουε
1377 2671 1499 2744 περί
1563 2666 1835 2744 Ἰεζεχιὴλ
1893 2665 1984 2721 καὶ

327 2764 655 2837 Ἀϐῧακοῦμ
685 2768 778 2820 καὶ
811 2763 891 2818 ἐπ’
943 2762 1090 2832 αὐτῷ
1149 2761 1435 2837 γενόμενον
1497 2757 1648 2815 ἰδών.
1707 2769 1986 2812 Δεικνυται

328 2860 386 2916 δὲ
419 2858 647 2926 πολλὴν
710 2851 837 2910 ὁδὸν
890 2849 1161 2923 ἀπελθὼν,
1218 2850 1324 2927 ε’ίγε
1381 2849 1432 2905 ἐν
1491 2850 1718 2922 Ἀζώτῳ
1771 2846 1985 2923 εὑρέθη.

323 2956 478 3012 Ἐκεῖ
507 2953 619 3028 γαρ
653 2948 820 3004 αὐτὸν
855 2945 1096 3016 ἔστησεν,
1148 2942 1268 3000 ἔνθα
1316 2942 1508 2998 λοιπὸν
1556 2943 1646 2998 καὶ
1700 2938 1989 3018 εὒαγγελί-

323 3055 526 3106 σασοαι
559 3039 725 3093 αὐτὸν
758 3033 888 3100 ἔδει,
939 3034 1032 3090 καὶ
1092 3032 1168 3096 εἷς
1224 3032 1546 3108 Καισάρειαν
1604 3029 1834 3086 ἐντεῦθεν
1895 3029 1994 3098 τὴν

329 3133 666 3206 ὲνεγκοῦσαν
697 3125 958 3181 ἀπελθεῖν
969 3166 980 3179 .

969 3214 1226 3270 ΚΕΦΑΛ.
1274 3211 1372 3269 II".

331 2677 470 2756 μέγα
555 2673 866 2751 ἐκέρδανεν,

2087 1986 2113 2012 ‹‹
2146 1961 2290 2016 vidit
2321 1979 2456 2016 eum
2495 1964 2824 2018 eunuchus.
2862 1963 2988 2018 lbat
3030 1963 3190 2017 enim
3225 1980 3328 2034 per
3370 1965 3523 2018 viam
3572 1981 3740 2018 suam

2093 2075 2113 2100 α
2149 2053 2432 2124 gaudens.
2475 2053 2786 2124 Philippus
2819 2068 2958 2106 vero
2991 2058 3262 2124 repertus
3301 2059 3390 2109 est
3435 2054 3636 2108 Azoti:
3689 2058 3747 2107 et

2089 2165 2116 2194 ‹‹
2151 2141 2560 2212 pertransiens
2614 2142 3058 2214 evangelizabat
3105 2142 3442 2198 civitatibus
3494 2143 3744 2211 cunctis,

2090 2252 2117 2280 ‹‹
2153 2230 2341 2286 donec
2374 2237 2604 2288 veniret
2641 2233 2992 2287 Caesaream.
3027 2257 3054 2282 ››

2163 2318 2263 2374 84
2299 2320 2530 2374 Utiliter
2561 2321 2812 2391 Spiritus
2841 2321 3037 2391 rapuit
3061 2321 3423 2393 Philippum,
3459 2323 3745 2394 quoniam

2091 2407 2376 2462 voluisset
2407 2425 2548 2463 sane
2582 2417 2641 2464 et
2675 2411 2986 2465 eunuchus
3042 2411 3346 2482 congredi,
3398 2419 3456 2466 et
3501 2413 3602 2467 ille
3647 2411 3752 2466 ab-

2094 2513 2286 2552 nuens
2318 2514 2384 2552 ac
2416 2497 2737 2570 denegans.
2782 2515 2915 2553 cum
2971 2500 3234 2554 nondum
3283 2506 3516 2570 tempus
3570 2507 3753 2574 esset,

2097 2587 2292 2658 ipsum
2327 2587 2534 2658 utique
2567 2587 2997 2643 contristasset.
3031 2589 3160 2660 Ipse
3184 2605 3420 2659 quoque
3447 2590 3754 2660 Philippus

2096 2676 2424 2749 plurimum
2457 2678 2604 2732 lucri
2640 2677 2795 2743 t'ecit,
2829 2677 3034 2733 videns
3095 2679 3155 2733 in
3215 2678 3342 2749 ipso
3391 2679 3755 2750 completum

2101 2765 2261 2836 quod
2297 2766 2452 2836 apud
2483 2765 2747 2820 Ezechiel
2781 2773 2839 2820 et
2879 2767 3151 2821 Habacuc
3198 2765 3484 2822 audierat.
3546 2772 3755 2823 Usten-

2103 2855 2266 2912 ditur
2291 2871 2528 2927 quoque
2556 2855 2795 2928 longum
2822 2856 2934 2910 iter
2955 2856 3275 2922 digressus.
3304 2856 3352 2910 si
3371 2855 3531 2911 Azoti
3557 2873 3756 2927 reper-

2105 2953 2200 3002 tus
2225 2947 2421 3002 est.lbi
2447 2947 2602 3001 enim
2631 2961 2764 3000 eum
2791 2945 2996 3000 statuit
3024 2945 3418 3017 ubideinceps
3433 2945 3758 3017 praedicare

2105 3038 2302 3107 ipsum
2329 3034 2658 3106 oportebat,
2693 3041 2752 3089 et
2809 3034 2949 3088 hinc
3009 3034 3072 3089 in
3127 3035 3457 3090 Cmsaream
3505 3035 3757 3105 patriam

2108 3141 2276 3180 suam
2309 3123 2638 3179 discedere.

2727 3210 2959 3266 CAPUT
2996 3211 3143 3266 XIII.

350 3302 491 3374 Περὶ
543 3306 641 3367 τῆς
694 3296 982 3373 οὐρανόθεν
1064 3295 1207 3360 θείας
1288 3291 1539 3364 κλήσεως
1627 3287 1850 3348 Παύλου
1928 3287 1997 3350 είς

2121 3304 2191 3357 De
2219 3303 2411 3374 divina
2440 3300 2604 3356 Pauli
2662 3301 2735 3356 ad
2788 3301 2994 3357 Christi
3049 3303 3419 3372 apostolatum
3473 3306 3758 3358 vocatione

437 3385 737 3457 ἀποστολὴν
818 3389 1081 3462 Χριστοῦ·
1164 3383 1225 3462 ἐν
1262 3455 1272 3462 _
1302 3383 1347 3456 ᾦ
1376 3455 1388 3462 _
1434 3381 1558 3462 περξ
1639 3379 1835 3462 idaeus;
1885 3362 2012 3462 pta?

433 3451 793 3531 βαπτίσματος
872 3451 1117 3531 ’Παύλου
1201 3451 1329 3531 616'
1376 3451 1620 3531 Ἀνανίου
1644 3453 1816 3531 puta}
1875 3451 2012 3505 ἀπο·

421 3517 656 3606 ὲέλυψιὲρ
739 3535 896 3606 Θεοῦρ
977 3527 1284 3606 παρῥησίες
1364 3525 1670 3606 τε“αὐτοᾷ
1729 3523 1818 3606 καὶ
1880 3543 2008 3606 συν-

410 3592 610 3679 τυχίας
685 3605 784 3672 τῆς
870 3592 961 3658 διὰ
1049 3592 1300 3674 Βαρνάϐα
1378 3596 1516 3672 πρὸς
1580 3597 1708 3658 τοὺς
1769 3592 2009 3650 ἀποστό-

414 3674 574 3736 λους.

414 3793 442 3818 σι
479 3768 540 3823 Ὀ
573 3765 632 3820 δὲ
667 3763 885 3825 Σαῦλος
953 3761 1031 3817 ἔτι
1089 3759 1337 3834 ἐμπνέωι
1393 3756 1628 3819 ἀπειλῆς
1685 3756 1777 3811 καὶ
1835 3756 2008 3836 φόνου

350 3858 483 3922 ιεῖς
538 3857 670 3921 τοὺς
728 3856 972 3928 μαθητὰς
1043 3857 1141 3908 τοῦ
1222 3851 1448 3925 Κυρίου,
1529 3848 1847 3918 προσελθὼν
1931 3847 2011 3918 τῷ

346 3969 368 3991 ε
403 3950 660 4022 ἀρχιερεῖ
701 3946 946 4018 ᾐτήσατο
1007 3942 1132 4015 παρ’
1190 3941 1360 3995 αὐτοῦ
1415 3937 1707 3998 ἐπιστολὰς
1769 3936 1845 3998 εἷς
1905 3945 2008 3990 Δα-

346 4064 373 4088 α
411 4037 626 4109 μασκὸν
657 4034 793 4108 πρὸς
823 4033 914 4094 τὰς
953 4031 1288 4105 συναγωγὰς,
1341 4028 1492 4090 ὅπως
1543 4026 1632 4082 ἐάν
1678 4037 1823 4088 τινας
1876 4023 2009 4100 εὕρῃ

353 4150 374 4176 ι
410 4135 517 4195 τῆς
552 4124 686 4180 ὁδοῦ
717 4121 872 4184 ὄντας
901 4119 1097 4192 ἄνδρας
1130 4141 1186 4174 τε
1216 4119 1306 4174 καὶ
1365 4122 1638 4194 γυναῖκας,
1696 4113 2012 4188 δεδεμένους

346 4216 591 4288 «ἀγάγῃ
656 4212 733 4275 εἰς
811 4207 1196 4282 Ἰερουσαλήμ.
1269 4209 1358 4264 Ἐν
1419 4203 1476 4262 δὲ
1531 4210 1612 4276 τῷ
1664 4204 2012 4277 πορεύεσθαι,

353 4331 382 4356 «ι
421 4302 645 4378 ἐγένετο
679 4301 837 4355 αὐτὸν
870 4299 1104 4373 ἐγγίζειν
1145 4301 1213 4370 τῇ
1264 4299 1554 4370 Δαμασκῷ.
1602 4294 1703 4352 Καὶ
1762 4294 2016 4373 ἐξαίφνης

355 4418 385 4445 ει
423 4392 836 4465 περιήστραψεν
892 4387 1056 4442 αὐτὸν
1115 4391 1227 4464 φῶς
1283 4383 1390 4440 ἀπὸ
1446 4387 1542 4438 τοῦ
1600 4382 1847 4457 οὐρανοῦ,
1926 4381 2018 4437 καὶ

354 4512 384 4538 κ
417 4485 604 4540 πεσὼν
639 4481 727 4537 ἐπὶ
754 4481 853 4548 τήν
880 4485 1008 4554 γῆν,
1039 4476 1238 4546 ἤκουσε
1286 4477 1467 4555 φωνήν
1530 4472 1795 4552 λέγουσαν
1845 4473 2012 4528 αὐτῶ·

355 4601 384 4628 α
418 4569 640 4636 Σαοὺλ,
673 4566 876 4634 Σαοὺλ,
899 4567 953 4623 τί
980 4587 1047 4640 με
1078 4562 1331 4634 διώκειςς
1363 4567 1499 4622 Eine
1524 4561 1603 4633 δὲ,
1645 4563 1740 4625 Τίς
1790 4563 1861 4631 εἶ,
1907 4563 2016 4620 Κύ-

2187 3373 2400 3429 σωιίῑηε
2435 3375 2632 3442 facta:
2660 3375 2718 3427 in
2750 3390 2856 3444 quo
2913 3377 3082 3429 etiam
3129 3377 3318 3444 agitur
3365 3375 3432 3430 de
3476 3375 3660 3430 saiute
3706 3381 3758 3430 et

2190 3446 2518 3515 baptismate
2547 3445 2711 3518 Pauli
2743 3462 2845 3514 per
2873 3448 3153 3518 Ananiam
3191 3448 3366 3518 juxta
3416 3449 3506 3502 Dei
3548 3446 3760 3502 revela-

2189 3519 2410 3573 tionem.
2469 3525 2523 3572 et
2582 3517 2841 3586 loquendi
2899 3517 3296 3578 libertatefac
3353 3521 3761 3574 conversatione

2189 3605 2320 3659 erga
2349 3589 2620 3659 apostolos
2643 3606 2749 3659 per
2771 3589 3087 3644 Barnabam
3117 3598 3418 3646 contracta.

2194 3787 2218 3817 α
2252 3767 2344 3834 ΙΧ,
2380 3766 2489 3821 4-9.
2526 3766 2736 3821 Saulus
2768 3772 2965 3822 autem
2990 3766 3184 3822 adhuc
3216 3767 3450 3838 spirans
3481 3768 3673 3822 minas
3696 3782 3763 3821 ac

2119 3877 2146 3905 «
2181 3855 2402 3910 caadem
2435 3854 2715 3910 adversus
2748 3854 3069 3926 discipulos
3099 3855 3354 3919 Domini,
3409 3856 3661 3910 accessit
3689 3854 3764 3910 ad

2121 3967 2145 3994 ιι
2182 3944 2509 4014 principem
2542 3943 2942 4010 sacerdotum,
2967 3945 3252 4016 petiitque
3276 3944 3348 3998 ab
3372 3961 3438 3999 eo
3462 3943 3764 4015 epistolas,

2122 4048 2316 4102 «quas
2343 4036 2684 4086 Damascum
2713 4033 3003 4102 perferret
3022 4033 3095 4087 ad
3123 4033 3598 4105 synagogasutsi
3616 4049 3764 4104 quos

2121 4145 2147 4172 ‹‹
2174 4121 2623 4190 invenisset,qui
2652 4121 2780 4191 ejus
2799 4121 2901 4174 vim
2926 4127 3143 4182 essent,
3177 4123 3328 4177 viros
3360 4140 3427 4178 ac
3461 4123 3762 4189 mulieres,

2123 4233 2150 4262 «
2185 4211 2410 4265 vinctos
2442 4208 2685 4265 duceret
2711 4209 3060 4264 Jerusalem.
3099 4215 3162 4264 tet
3210 4227 3345 4265 cum
3378 4212 3491 4265 iter
3545 4212 3768 4265 faceret

2122 4325 2149 4352 α
2187 4300 2431 4372 contigit
2455 4305 2520 4354 ut
2549 4301 3060 4372 appropinquaret
3091 4301 3375 4354 Damasco
3430 4301 3498 4353 Et
3524 4305 3768 4370 repente

2123 4415 2150 4441 (ι
2186 4390 2582 4446 circuml’ulsit
2611 4406 2747 4444 eum
2779 4389 2878 4444 lux
2910 4388 2981 4443 de
3034 4389 3202 4456 caelo,
3255 4388 3654 4460 delapsusque
3706 4389 3769 4443 in

2125 4502 2152 4530 ‹‹
2185 4484 2406 4534 terram
2439 4478 2658 4534 audivit
2685 4494 2886 4534 vocem
2912 4477 3208 4533 dicentem
3242 4477 3350 4532 sibi
3380 4495 3400 4538 ;
3436 4478 3571 4533 Saul
3601 4477 3760 4544 Saul,

2125 4591 2152 4619 «
2189 4568 2331 4640 quid
2363 4584 2457 4623 me
2489 4567 2915 4640 persequeris?
2943 4568 3035 4621 Ait
3059 4575 3254 4624 autem
3285 4585 3298 4622 :
3359 4568 3497 4633 Quis
3535 4584 3619 4631 es,
3654 4566 3772 4622 Do-

357 4687 386 4717 ι
425 4663 658 4737 ριεςὈ
701 4657 759 4714 δὲ
815 4657 1016 4732 Κύριος
1077 4657 1239 4711 εἶπενο
1303 4652 1444 4729 Ἐγώ
1501 4652 1615 4726 εἶμι
1674 4655 1906 4724 Ἰησοῦς,
1965 4651 1997 4708 6"

2132 4680 2160 4708 «
2193 4659 2400 4716 mine?
2436 4660 2506 4714 Et
2535 4659 2682 4713 dixit
2711 4657 3032 4713 Dominus:
3064 4661 3178 4730 Ego
3211 4675 3340 4714 sum
3371 4659 3559 4718 Jesus.
3595 4673 3773 4730 quem

357 4781 388 4809 (ι
424 4755 492 4808 σὺ
529 4750 748 4811 διώκεις
832 4744 1086 4819 Σκληρόν
1146 4766 1229 4799 σοι
1285 4744 1420 4820 πρὸς
1479 4741 1671 4818 κέντρα
1728 4739 2020 4812 λακτίζειν.

362 4865 386 4895 ι
419 4843 662 4916 Τρέμων
692 4859 751 4892 τε
777 4836 867 4892 καὶ
897 4829 1120 4908 Θαμϐὦν
1160 4833 1296 4889 εἶπε·
1360 4832 1547 4907 Κύριε,
1606 4832 1656 4887 τί
1721 4852 1786 4904 με
1844 4828 2021 4894 θέλεις

361 4960 390 4990 α
423 4941 666 5001 ποιῆσαι
696 4950 710 4999 ς
746 4930 842 4986 Καὶ
877 4930 904 4984 6
939 4927 1131 4999 Κύριος
1179 4926 1314 5001 πρὸς
1362 4926 1543 4981 αὐτόν.
1596 4924 1886 4996 Ἀνάστηθι
1932 4922 2020 4978 καὶ

362 5051 391 5079 σι
424 5021 643 5081 ε”σελθε
672 5021 748 5084 εἷς
775 5022 874 5088 τὴν
901 5015 1085 5082 πόλιν,
1144 5016 1234 5072 καὶ
1284 5012 1656 5086 λαληθήσεταί
1703 5034 1810 5082 σοι,
1858 5011 1912 5068 τί
1965 5034 2023 5068 σε

361 5142 390 5169 α
423 5114 514 5170 δεῖ
562 5117 760 5168 ποιεῖν,
824 5110 892 5167 Οἱ
953 5105 1015 5162 δὸ
1073 5104 1260 5178 ἂνδρες
1321 5105 1373 5160 οἱ
1427 5100 1795 5166 συνοδεύοντες
1853 5102 2022 5176 αὐτῷ,

359 5233 388 5260 ιι
423 5207 767 5273 εἷστῆκεισαν
855 5196 1046 5265 ἒννεοέ,
1135 5195 1420 5256 ἀκούοντες
1502 5193 1595 5264 μὶν
1654 5200 1755 5261 τῆς
1812 5196 2020 5272 φωνῆς’

355 5323 386 5352 a
430 5290 642 5369 μηδένα
673 5289 731 5346 δὲ
788 5291 1137 5360 θεωροῦντες.
1206 5285 1438 5359 Ἠγέρθη
1503 5281 1560 5338 δὲ
1592 5283 1620 5337 6
1654 5280 1865 5347 Σαῦλος
1917 5284 2022 5339 ἀπὸ

357 5389 521 5450 «τῆς
579 5389 704 5460 γῆς,
764 5374 1120 5452 ἀνεῳγμένων
1172 5395 1230 5429 τε
1284 5378 1393 5428 τῶν
1473 5370 1774 5452 ὀφθαλμῶν
1831 5372 2018 5443 αὐτοῦ,

358 5503 388 5532 α
422 5473 621 5532 οὐδένα
671 5465 891 5527 ἔϐλεπε.
993 5466 1475 5539 Χειραγωγοῦντες
1533 5460 1591 5516 δὲ
1673 5462 1861 5533 αὐτὸν,
1917 5462 2021 5519 εἰσ·

360 5593 386 5618 ιι
420 5569 628 5640 ἤγαγον
679 5560 758 5623 εἰς
812 5553 1127 5631 Δαμασκὸν,
1185 5551 1276 5607 καὶ
1332 5552 1400 5621 ἢν
1458 5551 1670 5626 ἡμέρας
1733 5557 1880 5628 τρεῖς
1940 5553 2015 5626 μὴ

363 5682 392 5712 α
429 5655 678 5734 βλέπων.
715 5679 741 5704 ι

433 5727 603 5817 ira;
641 5739 778 5801 ὁδοῦ
809 5735 991 5798 ὄντας.
1019 5760 1045 5788 ι.
1076 5728 1229 5787 Ὀδὸν
1291 5727 1544 5801 ικάλουν,
1589 5730 1687 5800 τὴν
1748 5729 1824 5792 εις
1881 5732 2017 5808 Χρι-

2135 4771 2162 4799 ‹‹
2197 4754 2257 4804 tu
2290 4748 2684 4821 persequeris.
2720 4750 2942 4802 Durum
2975 4754 3063 4803 est
3097 4748 3202 4802 tibi
3249 4756 3457 4805 contra
3501 4749 3776 4804 stimulos

2133 4841 2522 4895 «calcitrare.
2574 4840 2749 4908 Isque
2817 4844 3078 4893 tremens
3143 4855 3209 4894 ac
3267 4845 3536 4912 stupens.
3598 4839 3777 4894 dixit:

2134 4953 2160 4980 «
2192 4930 2459 4995 Domine,
2503 4927 2645 4998 quid
2689 4943 2783 4982 me
2832 4926 2917 4982 vis
2966 4927 3215 4983 facere?
3263 4930 3333 4984 Et
3373 4931 3654 4985 Dominus
3704 4927 3779 4983 ad

2138 5034 2369 5073 «eum:
2405 5017 2585 5089 Surge
2618 5022 2676 5070 et
2705 5015 3017 5089 ingredere
3076 5019 3386 5085 civitatem,
3437 5037 3503 5073 ac
3548 5019 3780 5072 dicetur

2132 5132 2158 5157 ‹‹
2187 5107 2292 5163 tibi
2317 5106 2458 5177 quid
2482 5111 2538 5161 te
2555 5112 2822 5176 oporteat
2846 5106 3056 5161 facere.
3083 5107 3182 5163 85
3206 5109 3320 5162 Viri
3345 5114 3542 5162 autem
3566 5106 3666 5176 qui
3687 5122 3779 5160 co-

2133 5219 2161 5248 «
2194 5197 2366 5251 mites
2400 5201 2569 5250 erant
2599 5195 2852 5264 itineris,
2889 5196 3124 5252 stabant
3153 5196 3411 5259 attoniti,
3466 5194 3775 5250 audientes

2135 5308 2156 5334 ι
2191 5285 2431 5356 quidem
2463 5301 2686 5348 vocem,
2715 5285 3018 5341 neminem
3052 5292 3252 5341 tamen
3301 5285 3583 5340 viden‘es.
3635 5285 3774 5341 Sur-

2133 5396 2162 5426 ‹‹
2194 5375 2345 5429 rexit
2373 5381 2571 5430 autem
2603 5373 2812 5429 Saulus
2843 5375 2915 5430 de
2948 5381 3122 5437 terra,
3175 5375 3514 5445 apertisque
3563 5376 3752 5430 oculis

2131 5487 2160 5515 «
2193 5463 2496 5519 neminem
2546 5463 2798 5519 videbat.
2863 5465 3059 5535 Ipsum
3116 5479 3248 5518 vero
3308 5467 3776 5520 manuducentes

2130 5576 2159 5605 «
2192 5553 2650 5607 introduxerunt
2678 5552 3050 5608 Damascum.
3111 5552 3182 5606 Et
3229 5558 3355 5628 erat
3410 5553 3606 5610 triduo
3659 5568 3777 5608 non

2133 5664 2163 5696 α
2193 5641 2419 5698 videns.
2451 5667 2476 5693 ιο

2202 5756 2231 5784 α
2260 5733 2400 5800 Qua
2423 5732 2552 5806 ejus
2580 5730 2686 5790 vita
2705 5735 2926 5790 essent.
2953 5753 2981 5784 η
3009 5732 3175 5794 Viam
3196 5723 3581 5808 appellabant
3598 5729 3777 5789 ﬁdem
