4112 6250
427 317 543 380 167

1546 309 1953 373 CECUSlENll
2003 308 2309 370 TRIOCzE
2355 309 2707 377 EPIBCOPI

3697 323 3800 385 168

428 453 491 509 in
511 450 809 508 Christum
837 465 1040 505 verum
1062 446 1249 505 Deum
1273 452 1566 503 nostrum.
1583 461 1761 516 quam
1783 444 2070 518 praedica-

2189 441 2309 497 στὸν
2340 443 2437 499 τὸν
2471 422 2653 514 ἀληθῆ
2686 444 2817 501 θεὸν
2850 446 3031 519 ἡμῶν,
3063 443 3130 517 ἤν
3160 446 3458 522 ἐκήρυττον
3491 448 3544 504 οἱ
3593 449 3808 509 ἀπόστο-

429 543 575 599 bant
603 542 850 613 apostoli
879 557 893 595 :
927 547 985 594 et
1016 539 1226 594 merito
1249 535 1718 608 sane.Siquidem
1743 537 1805 591 in
1829 551 2076 609 regnum

429 634 712 689 caelorum
733 648 837 703 per
859 630 1024 685 illam
1049 636 1109 684 et
1130 646 1249 684 non
1282 645 1386 700 per
1409 628 1588 684 aliam
1609 627 1795 683 ullam
1826 626 2078 699 ingredi-

426 738 578 776 mur.
620 719 839 774 Veriori
875 725 1074 774 autem
1109 733 1383 772 sermone
1430 717 1521 771 via
1571 715 1959 787 intelligenda
1989 718 2079 769 est

426 809 817 875 conversatio,
850 807 1026 861 velut:
1063 806 1219 877 apud
1250 806 1497 861 Isaiam:
1531 827 1558 854 ‹‹
1595 805 1668 860 Ut
1706 803 1847 874 quid
1879 819 2076 858 errare

429 917 539 956 nos
570 901 841 955 fecerunt
877 914 911 953 a
943 898 1034 952 via
1068 903 1164 950 tua
1195 897 1235 930 ³⁷
1258 897 1285 951 ?
1312 916 1337 946 ιο
1403 896 1522 950 Hoc
1569 900 1661 948 est
1688 911 1723 949 ο.
1767 908 2076 948 conversa-

428 990 611 1058 tione,
646 1006 777 1062 quae
811 988 925 1042 tuis
957 985 1233 1041 convenit
1292 983 1545 1055 placitis.
1597 984 1679 1036 lta
1723 997 1858 1054 ergo
1893 986 1951 1034 et
1979 979 2077 1034 hic

429 1083 581 1137 viam
615 1079 933 1151 appellavit
975 1076 1482 1153 conversatipnem
1529 1070 1855 1128 secundum
1909 1069 2077 1125 Chri-

428 1177 605 1226 stum.
639 1170 732 1224 Sic
751 1177 808 1222 et
840 1167 973 1222 aliis
1014 1166 1159 1221 locis
1192 1164 1289 1219 ubi
1324 1164 1427 1216 vim
1462 1162 1755 1223 meminit,
1792 1160 2076 1233 praedica-

428 1260 651 1314 tionem
683 1257 1010 1313 secundum
1043 1255 1343 1309 Christum
1377 1252 1746 1325 signiﬁcavit,
1774 1257 1876 1306 aut
1932 1265 2080 1305 con-

430 1348 831 1403 versationem
876 1345 1047 1415 juxta
1098 1343 1315 1415 placita
1370 1341 1607 1396 Christi.
1668 1340 1838 1394 Forte
1897 1338 2077 1394 etiam

433 1437 601 1508 quasi
621 1440 1000 1490 attenuantes
1023 1438 1124 1487 aut
1141 1431 1522 1487 detrahentes
1545 1430 1626 1484 ita
1647 1445 1749 1484 eos
1770 1427 2075 1484 vocabant.

430 1527 732 1598 Siquidem
747 1524 1065 1579 obscurum
1086 1522 1203 1577 sive
1223 1520 1541 1591 ignobilem
1556 1521 1751 1575 solent
1775 1517 2078 1590 appellare

430 1616 735 1671 hominem
768 1631 797 1668 e
829 1613 920 1669 via
952 1629 1053 1667 seu
1105 1628 1135 1666 e
1192 1610 1380 1664 trivio.
1447 1611 1573 1663 Non
1631 1608 1836 1680 petivit
1876 1614 2077 1663 autem

429 1711 787 1777 potestatem
811 1721 911 1759 eos
937 1702 1017 1756 ibi
1046 1699 1355 1773 puniendi.
1378 1698 1480 1753 sed
1503 1697 2079 1754 adducendiJeroso-

431 1794 592 1866 lyma
618 1811 630 1849 :
656 1793 814 1866 quod
852 1793 978 1847 haec
1000 1790 1211 1861 majori
1236 1788 1584 1844 auctoritate
1616 1788 1745 1843 fieri
1779 1787 1970 1842 vellet.
2008 1787 2073 1842 In

428 1884 664 1940 civitate
688 1900 824 1938 vero
849 1900 969 1937 non
992 1880 1207 1937 accidit
1229 1879 1392 1945 visio,
1424 1878 1525 1933 sed
1548 1879 1609 1932 in
1649 1878 1740 1933 via
1769 1893 1875 1948 per
1905 1876 2073 1948 quie-

430 1980 572 2041 tem,
606 1989 680 2028 ne
710 1973 844 2028 aliis
874 1973 1081 2026 liceret
1109 1970 1225 2025 alio
1258 1969 1431 2024 modo
1463 1983 1709 2023 narrare
1740 1966 1896 2039 quod
1919 1966 2080 2022 circa

430 2063 627 2134 ipsum
662 2062 1023 2131 contigisset,
1059 2060 1161 2115 sed
1194 2060 1318 2131 ipse
1369 2057 1484 2112 (ide
1538 2056 1750 2129 dignus
1801 2061 1971 2111 esset.
2003 2054 2078 2111 ad

426 2152 829 2219 referendum,
864 2150 965 2222 qui
997 2149 1287 2204 visionem
1318 2146 1581 2208 vidisset.
1615 2152 1675 2201 et
1695 2161 1896 2200 casum
1942 2161 2075 2217 per-

426 2262 636 2317 pessus
668 2244 894 2299 fuisset.
939 2244 1065 2297 Non
1125 2256 1335 2296 omnes
1383 2244 1581 2294 autem
1638 2243 1912 2297 excaecat.
1972 2235 2078 2292 sed

428 2335 621 2390 solum
655 2331 943 2387 duntaxat
995 2329 1266 2396 Paulum,
1323 2342 1399 2382 ne
1446 2325 1782 2382 communis
1835 2323 2077 2380 afﬂictio

430 2424 887 2485 existimaretur,
918 2425 976 2474 et
1004 2435 1135 2489 qua:
1180 2435 1321 2473 casu
1370 2415 1736 2488 contigisset,
1788 2413 1893 2469 sed
1923 2430 1957 2469 a
1988 2412 2078 2468 di-

427 2513 563 2567 vina
586 2510 973 2583 providentia.
998 2509 1187 2571 Quare
1209 2512 1407 2561 autem
1439 2522 1560 2559 non
1611 2502 1992 2559 crediderunt
2036 2503 2077 2557 ii

427 2603 526 2673 qui
554 2618 689 2657 cum
712 2617 781 2655 eo
806 2605 967 2653 erant
988 2596 1015 2651 ‘I
1045 2598 1116 2652 Ut
1148 2595 1263 2650 ﬁde
1312 2594 1476 2667 digni
1508 2600 1688 2648 testes
1720 2596 1921 2647 essent
1951 2593 2078 2662 ejus

426 2694 579 2763 quod
603 2691 759 2746 circa
784 2688 1027 2742 Paulum
1058 2684 1555 2755 contigerat.Nam
1583 2682 1629 2737 si
1657 2680 2074 2746 credidissent,

429 2780 771 2834 viderentur
827 2776 901 2831 ad
958 2775 1207 2848 gratiam
1270 2771 1593 2827 testificari.
1663 2793 1690 2820 ς(
1754 2769 2077 2824 Audientes

430 2867 672 2940 quidem
703 2882 924 2920 vocem.
967 2886 992 2912 ιι
1026 2864 1151 2918 Non
1184 2877 1313 2917 eam
1346 2877 1477 2931 quae
1527 2859 1785 2930 desuper
1836 2857 2080 2929 delapsa

427 2962 553 3013 erat
577 2971 773 3011 vocem
795 2952 1117 3008 audierunt
1156 2951 1213 3006 bi
1242 2950 1339 3022 qui
1370 2966 1503 3005 cum
1538 2948 1718 3003 Paulo
1750 2954 1940 3009 erant,
1974 2946 2079 3003 sed

426 3044 593 3100 Pauli
627 3059 841 3098 vocem.
884 3044 1084 3114 Ipsum
1121 3040 1339 3095 etenim
1375 3036 1623 3092 Paulum
1655 3036 1718 3091 in
1776 3036 2076 3106 sequenti-

425 3134 536 3189 bus
570 3133 799 3188 inducit
829 3131 1129 3186 dicentem
1157 3146 1170 3183 :
1206 3151 1231 3177 ‹‹
1273 3134 1337 3181 tat
1362 3127 1462 3198 qui
1497 3142 1729 3181 mecum
1763 3131 1952 3183 erant.
1987 3124 2080 3180 lu-

2186 532 2299 602 λοι,
2341 533 2547 588 πίστιν
2593 534 2685 589 καὶ
2745 533 2893 608 μάλα
2941 536 3184 599 εἰκότως.
3241 538 3320 592 Δι’
3377 537 3543 603 αὐτῆς
3596 540 3689 616 γάρ
3743 542 3810 605 είς

2182 623 2282 691 τήν
2314 626 2422 678 τῶν
2453 621 2695 697 οὐρανῶν
2728 623 3032 700 βασιλείαν,
3054 625 3145 681 καὶ
3197 625 3263 681 οὗ
3324 623 3395 681 δι’
3450 625 3626 697 ἄλλης
3677 632 3811 694 τινὸς

2184 712 2566 787 εἰσερχόμεθα.
2603 715 2982 791 Ἀληθεστέρῳ
3019 715 3075 772 δὲ
3117 714 3294 791 λόγῳ,
3344 714 3468 775 ὁδὸν
3508 718 3602 788 τὴν
3654 719 3808 776 πολι-

2182 801 2325 855 τείαν
2409 799 2718 869 ἀκουστέον,
2788 803 2864 865 ὡς
2920 803 3066 880 παρᾶ
3119 808 3198 877 τῷ
3257 804 3449 876 Ἡσαΐᾳ
3522 829 3551 857 ‹‹
3601 808 3711 863 Ἵνα
3761 797 3810 863 τί

2184 889 2496 961 ἐπλάνησαν
2530 894 2678 966 ἡμᾶς
2709 894 2817 951 ἀπὸ
2848 902 2947 965 τῆς
3006 892 3136 951 ὁδοῦ
3176 915 3314 965 con;
3351 921 3380 947 »
3435 898 3673 955 τουτέστι
3718 906 3808 969 τῆς

2182 986 2319 1041 κατὰ
2360 987 2417 1042 σὶ
2472 983 2776 1048 πολιτείας.
2840 987 3030 1051 [liith
3087 987 3177 1043 οὗν
3240 986 3461 1052 ἐνταῦθα
3518 986 3666 1058 ὁδὸν,
3715 993 3804 1059 τὴν

2183 1076 2320 1132 κατὰ
2353 1077 2581 1154 Χριστὸν
2612 1076 2730 1131 εἶπε
2768 1074 3047 1133 πολιτείαν
3104 1077 3202 1132 Καὶ
3234 1076 3286 1132 ἐν
3317 1079 3401 1142 οἷς
3449 1076 3636 1141 ἀλλοις
3694 1077 3810 1135 ὀδοῦ

2191 1166 2545 1238 μνημονεύει,
2578 1166 2639 1221 τὸ
2670 1166 2807 1221 κατά
2836 1166 3070 1241 Χριστὸν
3118 1169 3380 1243 κήρυγμα
3425 1168 3514 1223 καί
3560 1170 3655 1236 τὴν
3706 1169 3810 1224 κατ’

2183 1254 2343 1310 αὐτὸν
2379 1256 2628 1329 σημαίνει
2682 1253 2966 1312 πολιτείαν
3046 1256 3205 1319 Ἴσως
3250 1257 3343 1313 καὶ
3394 1257 3470 1321 ὡς
3528 1255 3814 1328 εὐτελίζον-

2187 1365 2274 1407 τες
2306 1344 2394 1400 καὶ
2428 1342 2772 1419 διασύροντες
2829 1345 3002 1409 οὓτως
3049 1345 3243 1409 αὐτοὺς
3289 1343 3540 1404 ἐκάλουν.
3590 1347 3685 1402 Καὶ
3725 1349 3814 1424 γάρ

2184 1434 2275 1490 τὸν
2308 1432 2502 1509 ἃτιμον
2535 1434 2755 1491 εἰώθασι
2805 1435 2992 1490 καλεῖν
3052 1434 3337 1512 ἄνθρωπον
3399 1436 3448 1508 ἐξ
3511 1434 3659 1494 ὁδοῦ.
3715 1437 3820 1495 Οὔκ

2184 1521 2417 1595 ἐζήτησε
2447 1521 2504 1580 δὶ
2535 1524 2778 1595 ἐξουσίαν
2808 1523 2919 1581 ἐκεῖ
2967 1528 3386 1602 τιμωρήσασθαι
3442 1526 3655 1596 αὐτοὺς,
3706 1523 3819 1582 ἀλλ’

2185 1612 2406 1690 ἀγαγεῖν
2439 1612 2518 1675 εἷς
2549 1611 2941 1687 Ἰερουσαλὴμ,
2973 1614 3058 1671 ὅτι
3120 1616 3256 1688 μετά
3307 1613 3565 1678 πλείονος
3608 1622 3704 1685 τῆς
3743 1614 3817 1686 ἐξ·

2185 1703 2369 1763 ουσίας
2399 1707 2565 1756 ταῦτα
2595 1702 2761 1772 ἤθελε
2792 1705 3068 1779 πράττειν.
3102 1705 3193 1760 Ἐν
3252 1705 3414 1761 πόλει
3453 1703 3510 1762 δὲ
3539 1707 3573 1776 ἠ
3607 1705 3820 1761 ὸπτασία

2186 1787 2247 1842 οὐ
2272 1788 2502 1864 γίνεται,
2534 1788 2661 1845 ἀλλ’
2692 1789 2746 1845 ἐν
2779 1793 2846 1864 τῇ
2879 1789 2993 1865 ὁδῷ
3024 1790 3104 1872 ἐφ’
3136 1794 3365 1870 ἡσυχίᾳ,
3426 1794 3503 1856 ὡς
3534 1797 3609 1867 μὴ
3641 1793 3817 1863 ἐξεῖναι

2186 1878 2249 1931 τὸ
2297 1878 2420 1954 περῖ
2478 1878 2636 1935 αὐτὸν
2694 1879 2923 1955 γεγονὸς
2980 1879 3187 1945 ἄλλους
3247 1881 3437 1945 ἁλλως
3505 1880 3816 1957 διηγεῖσθαι,

2187 1963 2318 2023 ἀλλ’
2343 1966 2503 2030 αὐτὸς
2544 1968 2855 2037 ἀξιόπιστος
2886 1966 2969 2040 εἴη
3008 1966 3316 2049 διηγεῖσθαι
3348 1972 3426 2034 ὡς
3452 1971 3543 2027 καὶ
3577 1973 3673 2042 τὴν
3704 1968 3817 2045 ὄψιν

2189 2051 2339 2125 ἰδὼν,
2372 2056 2463 2112 καὶ
2492 2055 2555 2112 τό
2586 2056 2757 2122 πάθος
2792 2058 3051 2122 ὑποστάς.
3083 2061 3162 2117 Οὑ
3191 2063 3396 2123 πάντας
3452 2059 3509 2117 δὲ
3559 2058 3753 2142 τυφλοῖ
3777 2057 3823 2115 εἶ’

2192 2146 2266 2219 μή
2304 2144 2516 2201 Παῦλον
2552 2146 2735 2220 μόνον,
2761 2146 2855 2203 ’ἱνα
2890 2150 2966 2223 μή
3019 2150 3203 2206 κοινὸν
3246 2150 3338 2206 καὶ
3387 2151 3463 2214 ὡς
3513 2151 3616 2206 ἀπὸ
3659 2150 3823 2224 τύχης

2187 2234 2250 2290 τὸ
2275 2236 2448 2299 πάθος
2479 2238 2741 2310 νομισθῇ,
2772 2234 2921 2292 ἀλλὰ
2951 2238 3096 2302 θείας
3128 2237 3411 2314 προνοίας.
3446 2239 3543 2296 Διὰ
3569 2239 3621 2296 τί
3668 2234 3723 2293 δὶ
3752 2236 3820 2307 μὴ

2186 2321 2500 2379 ἐπίστευσαν
2564 2325 2616 2380 οἱ
2677 2325 2769 2382 σὺν
2842 2325 3035 2400 αύτῷς
3124 2329 3237 2383 Ἵνα
3319 2329 3455 2385 ὦσιν
3537 2328 3824 2399 ἀξιόπιστοι

2191 2417 2585 2490 μαρτυροῦντες
2616 2416 2679 2471 τὸ
2733 2416 2856 2494 περὶ
2919 2414 3158 2473 Παῦλον.
3216 2418 3283 2476 Εἰ
3336 2419 3444 2496 γὰρ
3502 2418 3822 2485 ἐπίστευσαν,

2188 2500 2373 2574 ἔδοξαν
2403 2504 2464 2559 ἂν
2516 2504 2654 2580 πρὸς
2711 2507 2874 2581 χάριν
2937 2513 3252 2583 μαρτυρεῖν.
3307 2533 3334 2561 ‹‹
3371 2509 3686 2570 Ἀκούοντες
3736 2505 3821 2579 μὶν

2188 2599 2289 2662 τῆς
2340 2601 2549 2671 φωνῆς.
2584 2619 2610 2644 ιο
2668 2595 2747 2652 Οὐ
2802 2598 2901 2664 τῆς
2960 2594 3164 2661 ἂνωθεν
3244 2597 3488 2668 ἤκουσαν
3546 2604 3723 2679 φωνῆς
3774 2595 3821 2650 οἳ

2189 2682 2435 2744 συνόντες
2459 2688 2539 2754 τῷ
2571 2685 2791 2758 Παύλῳ,
2833 2684 2979 2741 ἀλλά
3033 2693 3133 2756 τῆς
3168 2691 3266 2742 τοῦ
3325 2687 3574 2745 Παύλου.
3633 2682 3822 2744 Οόδένα

2190 2766 2247 2824 δὲ
2275 2768 2542 2846 ἐθεώρουν
2574 2772 2711 2847 πρὸς
2745 2769 2803 2828 ὅν
2834 2773 3180 2848 ἀπεκρίνατο”
3237 2777 3267 2832 ὁ
3291 2774 3349 2833 δὲ
3399 2777 3617 2840 Παῦλος
3663 2773 3820 2851 μόνος

2185 2866 2287 2929 τῆς
2316 2857 2543 2917 ἃνωθεν.
2578 2862 2679 2919 Καὶ
2732 2862 2836 2940 γάρ
2885 2863 3092 2937 προϊὼν
3151 2865 3312 2921 αὑτὸν
3370 2858 3573 2942 εῗσάγει
3613 2863 3822 2941 λεγοντα

2186 2949 2280 3004 τὸν
2315 2947 2530 3004 Παῦλον
2616 2952 2740 3010 «Οἱ
2798 2949 2856 3008 δὲ
2904 2954 2996 3009 σὺν
3051 2954 3175 3028 ἐμοὶ
3230 2956 3380 3020 ὄντες
3440 2958 3503 3013 τὸ
3564 2956 3657 3030 μὲν
3716 2956 3823 3032 φῶς

2187 3035 2492 3110 ἐθεάσαντο,
2523 3040 2612 3096 καὶ
2645 3037 2882 3115 ἔμφοϐοι
2922 3041 3188 3119 ἐγένοντο,
3241 3046 3340 3115 τήν
3395 3044 3456 3103 δὲ
3504 3047 3690 3121 φωνήν
3733 3042 3825 3098 οὑκ

2187 3124 2424 3213 ἤκουσαν
2465 3135 2562 3213 τοῦ
2621 3130 2919 3195 λαλοῦντός
2980 3156 3097 3207 μοι.
3134 3159 3162 3187 ››
3215 3134 3278 3192 Εἰ
3336 3137 3446 3212 γάρ
3497 3139 3595 3204 τῆς
3649 3138 3824 3213 φωνῆς

425 3240 564 3279 men
595 3223 834 3293 quidem
867 3221 1143 3275 viderunt
1174 3225 1230 3272 et
1264 3216 1528 3273 exterriti
1555 3220 1714 3275 sunt.
1746 3231 1946 3270 vocem
1975 3230 2069 3269 au-

2189 3212 2424 3282 ἥκουσαν
2462 3212 2695 3286 ἐκείνης,
2730 3213 2829 3271 οὐκ
2858 3214 2919 3271 ἂν
2972 3199 3300 3288 ἦπίστησαν.
3342 3199 3452 3277 ΙΪἝίν
3511 3199 3569 3277 δὲ
3622 3199 3824 3275 Πάῦλον

422 3316 543 3366 tem
568 3328 688 3366 non
711 3310 1030 3366 audierunt
1054 3308 1183 3379 ejus
1206 3307 1304 3376 qui
1327 3304 1681 3376 loquebatur
1701 3320 1931 3359 mecum
1951 3301 2015 3356 ⁸³.
2047 3325 2074 3352 ››

424 3400 480 3454 Si
513 3400 671 3455 enim
695 3415 891 3453 vocem
927 3398 1089 3452 illam
1124 3395 1433 3450 audissent
1485 3408 1858 3464 nequaquam
1889 3393 2074 3449 incre-

424 3488 548 3544 duli
581 3486 1067 3558 permansissent.
1111 3483 1361 3538 Paulum
1421 3499 1556 3536 vero
1610 3481 2075 3553 respondentem

423 3573 1249 3632 videntesmirabanturldeo
1265 3578 1461 3627 autem
1479 3570 1589 3626 hoc
1602 3569 1674 3626 ab
1694 3569 1864 3625 initio
1877 3576 2075 3626 actum

425 3684 544 3723 non
578 3672 685 3733 est,
720 3666 819 3722 86
852 3670 917 3718 ut
956 3663 1369 3719 ostenderetur
1425 3660 1583 3731 quod
1617 3675 1751 3714 vere
1805 3675 2073 3715 surrexe.

422 3758 502 3813 rit
526 3756 814 3811 Christus.
849 3756 989 3809 Nam
1024 3753 1073 3807 is
1107 3750 1206 3822 qui
1233 3750 1405 3806 illum
1464 3748 1741 3821 ejiciebat
1791 3764 1902 3803 nec
1945 3748 2074 3819 ejus

2186 3303 2417 3379 ὁρῶντες
2478 3302 2940 3378 ἀποκρινόμενον,
2998 3306 3326 3381 ἐθαύμαζον.
3389 3312 3490 3367 Διὰ
3559 3309 3715 3365 τοῦτο
3773 3302 3824 3359 δέ

2186 3388 2288 3445 ούκ
2319 3390 2370 3462 ἐξ
2403 3391 2581 3468 ἀρχῆς
2613 3391 2774 3448 τοῦτο
2818 3396 3064 3470 γέγονεν,
3123 3393 3218 3451 ’ἱνα
3267 3394 3469 3474 δειχθῇ
3518 3396 3687 3459 ὄντως
3743 3394 3818 3449 ὅτι

2185 3478 2377 3553 ἀνέστη
2437 3482 2692 3557 Χριστός.
2742 3484 2803 3541 Ὁ
2850 3485 2951 3560 γάρ
3010 3484 3244 3542 ἐλαύνων
3323 3488 3490 3546 αὐτὸν
3542 3490 3633 3545 καὶ
3702 3487 3819 3541 ἀπι-

2183 3574 2321 3625 στῶν
2348 3569 2513 3626 αὐτοῦ
2542 3574 2611 3645 τῇ
2670 3570 2978 3644 ἀναστάσει,
3035 3575 3126 3630 καὶ
3169 3575 3296 3640 τοὺς
3357 3578 3608 3651 μαθητὰς
3661 3573 3816 3631 αὐτοῦ

2185 3656 2423 3727 διώκων,
2456 3660 2617 3716 πόθεν
2650 3663 2708 3716 ἂν
2747 3660 3074 3735 ἐπίστευσεν,
3128 3665 3175 3720 εἰ
3216 3667 3293 3740 μὴ
3352 3666 3546 3738 πολλή
3603 3666 3669 3737 ἦν
3723 3668 3816 3732 τῆς

2185 3749 2520 3812 ἀναστάσεως
2552 3750 2585 3821 ἠ
2621 3749 2784 3829 ΐσχύς
2811 3772 2826 3819 ;

418 3844 717 3903 credendo
746 3842 1167 3899 resurrectioni
1200 3840 1378 3895 etiam
1411 3838 1600 3911 ipsius
1631 3837 1957 3909 discipulos
1986 3839 2477 3912 persequebatur,
2510 3842 2669 3899 unde
2703 3842 3074 3914 credidisset,
3119 3845 3236 3902 nisi
3285 3863 3505 3923 magna
3547 3849 3701 3905 esset
3742 3839 3820 3895 vis

423 3933 880 3992 resurrectionis
912 3933 1041 4003 ejus
1061 3931 1089 3986 ?

497 4046 526 4075 «
558 4024 627 4078 Et
655 4039 777 4078 non
809 4021 1068 4077 comedit
1096 4035 1290 4090 neque
1316 4017 1485 4074 bibit.
1521 4039 1549 4068 »

492 4113 676 4179 Quam
711 4111 784 4167 ob
816 4127 1056 4167 causam
1079 4109 1107 4164 ‘2
1134 4108 1426 4175 Quoniam
1458 4107 1721 4179 seipsum
1753 4107 1973 4162 mirum
2010 4105 2069 4161 in

420 4202 665 4261 modum
697 4217 869 4273 poena
889 4201 1134 4273 dignum
1149 4197 1459 4270 judicabat
1477 4197 1551 4252 ob
1574 4197 1847 4253 Ecclesia
1872 4213 2069 4268 perse-

419 4294 743 4358 cutionem,
779 4292 1085 4362 tristisque
1130 4290 1313 4344 Deum
1363 4288 1800 4358 deprecabatur
1842 4294 1908 4342 ut
1956 4285 2070 4342 sibi

415 4382 765 4439 remitteret.

490 4472 584 4537 IX,
621 4474 697 4525 10·
723 4472 808 4525 12.
843 4470 980 4523 Erat
1029 4470 1228 4522 autem
1288 4463 1530 4536 quidam
1581 4463 1910 4535 discipulus
1960 4464 2069 4519 Da-

423 4583 450 4611 α
486 4560 671 4616 masci
704 4557 944 4614 nomine
975 4553 1276 4610 Ananias:
1329 4558 1388 4607 et
1428 4552 1575 4606 dixit
1621 4551 1695 4606 ad
1743 4551 1914 4606 illum
1965 4569 2073 4624 per

2254 4046 2278 4072 ι)
2314 4017 2414 4073 Καὶ
2446 4019 2546 4075 οὐκ
2574 4015 2765 4094 ἔφαγεν
2798 4019 2925 4076 οὐδὲ
2948 4017 3116 4080 ἔπιεν.
3152 4048 3181 4077 »

2254 4107 2351 4162 Διὰ
2379 4108 2432 4162 τί
2460 4129 2475 4178 ;
2509 4109 2627 4164 Ὀτι
2659 4110 2782 4164 Λίαν
2817 4109 3007 4166 ἑαυτοῦ
3048 4112 3289 4189 κατέγνω
3342 4112 3432 4169 ἐπὶ
3481 4119 3562 4187 τῷ
3609 4106 3824 4183 διωγμῷ

2179 4194 2281 4263 τῆς
2304 4197 2657 4268 Ἐκκλησίας,
2691 4198 2782 4255 καὶ
2812 4197 3158 4276 λυπούμενος
3217 4202 3518 4279 παρεκάλει
3569 4201 3660 4258 τὸν
3703 4194 3824 4252 Θεὸν

2180 4283 2445 4363 ἀφεθῆναι
2477 4286 2645 4361 αὐτῷΔ

2255 4487 2283 4516 ι(
2312 4466 2413 4522 Ἦν
2447 4463 2505 4521 δέ
2533 4485 2616 4528 τις
2644 4469 2897 4540 μαθητὴς
2926 4466 2979 4524 ἔν
3045 4475 3338 4544 Δαμασκῷ,
3390 4472 3617 4548 ὀνόματι
3673 4469 3820 4524 Ἀνα-

2183 4552 2366 4617 ιινίας·
2426 4554 2517 4610 καὶ
2574 4555 2695 4611 εἶπε
2750 4557 2890 4632 πρὸς
2941 4557 3100 4615 αὐτὸν
3157 4562 3185 4616 ὁ
3217 4563 3419 4635 Κύριος
3467 4563 3519 4618 ἐν
3571 4560 3818 4636 ὁράματι,

421 4672 448 4699 ι(
481 4649 671 4703 visum
701 4647 987 4702 Dominus
1014 4661 1026 4698 :
1073 4642 1319 4698 Anania.
1357 4647 1429 4697 At
1459 4640 1560 4695 ille
1590 4640 1713 4697 ait:
1765 4641 1908 4697 Ecce
1940 4659 2069 4715 ego,

2189 4667 2211 4696 ι(
2243 4643 2481 4734 Ἀνανία.
2542 4644 2604 4734 Ὁ
2661 4642 2735 4734 δὲ,
2774 4646 2942 4702 εἶπεν*
2997 4644 3144 4704 Ἰδοὺ
3201 4647 3329 4724 ἐγὼ.
3414 4653 3599 4726 Κύριε.
3656 4648 3711 4700 Ὀ
3766 4638 3820 4696 δὶ

421 4759 449 4787 ‹‹
482 4737 748 4791 Domine.
785 4737 853 4791 Et
882 4733 1165 4790 Dominus
1186 4733 1257 4788 ad
1286 4748 1462 4787 eum:
1511 4730 1689 4802 Surge
1743 4736 1803 4786 et
1834 4730 1977 4787 vade
2009 4732 2073 4789 in

420 4849 448 4878 ι(
481 4824 674 4880 vicum
701 4825 801 4896 qui
832 4830 1072 4879 vocatur
1110 4824 1346 4885 Rectus,
1407 4837 1475 4876 ac
1534 4836 1733 4892 quaere
1790 4820 1852 4875 in
1893 4819 2070 4876 domo

418 4938 447 4966 ‹‹
480 4914 644 4971 ludas
676 4915 917 4970 Saulum
966 4914 1209 4970 nomine
1266 4915 1653 4969 Tarsensem:
1716 4928 1851 4967 ecce
1910 4913 2070 4967 enim

423 5033 444 5062 ι
481 5017 632 5067 orat.
677 5009 951 5081 Viditque
984 5025 1089 5081 per
1139 5008 1325 5065 visum
1378 5008 1568 5063 virum
1618 5007 1862 5062 nomine
1912 5010 2072 5064 Ana-

418 5124 448 5155 «
485 5102 646 5158 niam
679 5102 1104 5157 introeuntem.
1137 5106 1196 5155 et
1223 5100 1634 5169 imponentem
1676 5097 1787 5153 sibi
1820 5112 2069 5153 manum

419 5213 447 5241 ιι
480 5198 547 5246 ut
574 5193 764 5247 visum
794 5191 1104 5263 reciperet.
1137 5210 1164 5241 ιι

488 5281 561 5336 Ut
593 5283 758 5352 quid,
791 5282 1055 5348 obsecro,
1114 5277 1350 5334 nullum
1398 5293 1749 5350 magnorum
1798 5276 1901 5348 qui
1951 5275 2068 5332 fide

415 5368 629 5442 dignus
660 5377 815 5427 esset
847 5370 1044 5436 traxit,
1093 5374 1195 5426 aut
1250 5367 1325 5423 ad
1382 5368 1549 5422 Pauli
1609 5366 2065 5421 instructionem

410 5459 763 5526 transmisit,
798 5461 900 5516 sed
923 5458 1213 5517 Ananiam
1237 5458 1339 5530 qui
1369 5473 1526 5513 unus
1558 5462 1686 5513 erat
1716 5473 1788 5512 ex
1818 5455 2065 5527 Septua-

482 5667 529 5706 ⁸⁷
556 5669 670 5730 Isa.
700 5684 860 5738 um,
895 5672 982 5729 17.
1056 5668 1100 5707 ³⁸
1124 5638 1306 5743 Infra,
1328 5687 1469 5731 nn.

2183 4731 2446 4808 «Κύριος
2488 4732 2623 4807 πρὸς
2680 4733 2864 4790 αὐτόν’
2926 4737 3181 4800 ’Δναστᾶς
3237 4739 3531 4817 πορεύθητι
3589 4736 3674 4794 ἐπὶ
3724 4732 3819 4799 τήν

2187 4819 2424 4898 «ῥύμην
2475 4823 2575 4891 τήν
2633 4823 2980 4898 καλουμένην
3043 4826 3288 4893 Εὐθεῖαν,
3328 4831 3420 4885 καὶ
3479 4832 3711 4902 ζήτησον
3766 4817 3816 4876 ἓν

2186 4932 2207 4963 ι
2242 4911 2389 4983 οἰκίᾳ
2444 4908 2625 4970 Ἰούδα
2684 4913 2899 4969 Σαῦλον
2954 4914 3185 4990 ὀνόματι
3245 4919 3476 4994 Ταρσὲαι
3547 4914 3663 4973 ἰδοὺ
3719 4909 3815 4985 γὰρ

2176 5027 2203 5055 ‹‹
2241 5002 2627 5079 προσεύχεται.
2660 5002 2764 5060 Καὶ
2797 5002 2935 5060 εἶδεν
2966 5005 3017 5060 ἒν
3079 5008 3313 5082 ὁράματι
3371 5008 3540 5086 ἄνδρα
3596 5002 3814 5075 ὀνόματι

2180 5117 2209 5146 (ι
2242 5093 2492 5149 Ἀνανίαν
2537 5091 2872 5164 εἰσελθόντα,
2930 5095 3021 5150 καὶ
3080 5095 3382 5156 ἐπιτιθέντα
3433 5100 3582 5171 αύτῷ
3637 5096 3811 5169 χεῖρα,

2178 5207 2205 5235 ι(
2241 5183 2391 5244 ὅπως
2424 5178 2723 5257 ἀναϐλέψῃ.
2760 5212 2785 5237 ιο

2247 5272 2317 5327 Τί
2346 5269 2412 5342 δή
2447 5291 2577 5326 ποτε
2609 5268 2802 5326 ούδὲνα
2859 5277 2968 5327 τῶν
3027 5273 3359 5344 ἀξιοπίστων
3417 5277 3505 5334 καὶ
3566 5267 3807 5349 μεγάλων

2177 5358 2443 5430 ε’ἶλκυσεν,
2503 5357 2628 5414 οὑδὲ
2691 5362 2985 5434 μετέστησε
3047 5365 3184 5437 πρὸς
3268 5368 3368 5436 τὴν
3426 5372 3524 5423 τοῦ
3599 5355 3808 5418 Παύλου

2175 5452 2510 5525 κατήγησιν,
2567 5446 2695 5505 ἀλλ’
2750 5449 2998 5508 ’Δνανίαν
3058 5450 3186 5510 ὄντα
3241 5459 3352 5512 τῶν
3405 5451 3809 5530 ἑϐδομήκονταὶ
