4112 6250
340 331 463 392 189

335 460 566 533 Ἐπειδή
605 463 708 518 οὐκ
750 457 955 535 ἔμελλε
1009 459 1077 515 δί’
1133 461 1431 535 ἀνθρώπων
1488 460 1790 536 ὲνάγεσθαι,
1845 459 1992 515 ἀλλὰ

335 552 409 609 δι’
440 555 611 609 αὐτοῦ
642 558 743 608 τοῦ
780 555 1029 625 Χριστοῦ.
1071 551 1221 608 Ἐπεὶ
1278 552 1367 605 καὶ
1429 549 1585 612 οὗτος
1644 548 1850 623 ἐδίδαξε
1902 551 1995 622 μὲν

333 645 503 700 αὐτὸν
544 641 725 710 οὐδὲν,
788 639 1040 697 ἐϐἑπτισε
1094 639 1404 713 δὶῖίμόνον.
1454 643 1606 713 ’Ἅμα
1662 640 1765 712 γὰρ
1823 659 1991 716 φωτι-

334 736 485 797 σθεὶς
539 731 743 805 ἔμελλε
801 731 1019 798 πολλῆν
1067 729 1455 785 ἐπισπάσασθαι
1526 734 1623 784 τοῦ
1684 728 1993 800 ῐΙνεύματος

336 827 505 901 χάριν
544 826 651 879 ἀπὸ
682 828 777 878 τοῦ
812 820 1106 893 ζήλουλκαὶ
1160 828 1263 890 τῆς
1318 822 1649 896 προθυμίας.
1714 821 1987 876 Ἐντεῦθεν

337 915 401 969 δὲ
442 911 779 985 σημειωτέον
814 913 895 966 ὅτι
956 910 1133 965 ἐκεῖνα
1163 911 1228 963 τὰ
1285 910 1531 983 ὀνείρατα
1585 906 1666 963 δεῖ
1717 907 1988 983 λέγεσθαι,

339 1006 479 1078 ἅπερ
538 1000 846 1079 κοινωφελῆ
899 1000 1035 1065 ἐστι,
1085 1000 1175 1053 καὶ
1235 994 1609 1070 συμϐάλλεται
1671 998 1744 1058 εἰς
1809 996 1991 1051 θεοσέ-

338 1088 522 1157 ϐειαν,
557 1092 653 1145 ὅσα
710 1089 828 1165 ἔχει
884 1094 984 1143 τοῦ
1042 1089 1241 1161 Κυρίου
1297 1090 1397 1156 τήν
1456 1084 1787 1161 παράστασιν
1820 1086 1854 1154 ἢ
1888 1085 1991 1159 ἀγ-

339 1180 547 1258 γέλων.
579 1183 730 1236 Ἐστι
764 1178 822 1234 δὲ
851 1178 941 1233 καὶ
990 1179 1106 1232 κατ’
1160 1173 1288 1248 ὄναρ
1356 1173 1524 1241 ίδικᾶ,
1560 1171 1591 1228 ἅ
1622 1175 1722 1230 οὐκ
1780 1173 1989 1253 ὀφείλει

338 1270 649 1333 λαλεῖσθαι.
686 1270 862 1338 Πλὴν,
896 1268 940 1322 εἰ
972 1268 1064 1321 καὶ
1108 1264 1253 1336 ἷδικὴ
1286 1270 1383 1320 τοῦ
1413 1263 1630 1320 Σαύλου
1660 1267 1695 1333 ἡ
1728 1263 1985 1341 ὠφέλεια,

335 1358 593 1413 ἇλλόύν
654 1355 793 1419 ἴασις
853 1354 1157 1428 παράδοξος
1204 1350 1476 1430 συμϐᾶσα,
1534 1353 1697 1408 πάλιν
1761 1352 1837 1410 είς
1869 1365 1990 1415 θεο-

332 1443 551 1503 σέϐειαν
580 1452 685 1501 τῶν
719 1445 1007 1518 ἄνθρωπον
1060 1442 1472 1518 προσκαλεῖται·
1529 1444 1618 1497 καὶ
1680 1439 1768 1497 διὰ
1826 1446 1988 1513 τοῦτο

328 1540 406 1598 ὡς
449 1535 766 1613 κοινωφελῆ
826 1534 1176 1597 ἰκλαλεῖσθαι
1234 1531 1362 1591 ἔδει.
1422 1557 1448 1584 ‹‹
1480 1533 1738 1593 Ἀναστὰς
1791 1532 1989 1602 πορεύ-

326 1629 475 1697 θητι.
518 1650 545 1675 ››
578 1625 863 1687 ﬁnio-510;
897 1626 925 1679 6
958 1624 1205 1683 Ἀνανίας
1261 1620 1511 1683 διάκονος
1569 1624 1658 1689 ἦν,
1705 1621 1779 1683 ὡς
1826 1619 1986 1682 αὐτὸς

326 1715 550 1779 Παῦλος
588 1720 852 1791 μαρτυρεῖ
909 1714 961 1769 ἐν
1013 1720 1131 1775 τοῖς
1184 1712 1393 1768 κανόσι.
1456 1714 1631 1769 Τοῦτο
1693 1708 1748 1765 δὲ
1801 1707 1988 1785 γέγονε

325 1806 414 1863 δια
440 1809 509 1861 τὸ
552 1808 631 1879 μή
686 1810 933 1881 παρεῖναι
982 1799 1345 1878 πρεσϐύτερον
1382 1802 1431 1856 ἐν
1494 1805 1765 1874 Δαμασκῷ
1808 1798 1983 1855 ἕνεκεν

1342 327 1748 389 COMMENT.
1797 328 1869 386 ΙΝ
1918 325 2117 387 ACTA
2162 326 2759 391 APOSTOLORUM.

3637 329 3754 393 170

2103 463 2266 535 ginta
2295 463 2323 518 ‘I
2350 464 2639 529 Quoniam
2671 480 2778 535 per
2806 463 3041 519 omines
3071 462 3427 519 inducturus
3458 479 3594 520 eum
3628 481 3751 523 non

2104 560 2249 620 erat,
2303 555 2406 609 sed
2462 572 2569 626 per
2626 557 2821 625 ipsum
2882 555 3196 609 (lhristum.
3233 555 3536 627 Siquidem
3596 558 3749 614 nihil

2103 660 2236 698 eum
2271 644 2491 708 docuit,
2527 646 2628 699 sed
2662 652 2890 699 tantum
2914 646 3241 716 baptizavit.
3277 647 3462 701 Simul
3494 648 3653 702 enim
3686 654 3752 704 ut

2104 732 2478 788 illuminatus
2510 742 2684 797 esset,
2711 751 2981 806 magnam
3017 735 3267 805 Spiritus
3292 736 3540 806 gratiam
3572 754 3605 791 a
3626 738 3748 792 zelo

2102 821 2409 892 animique
2468 823 2934 893 promptitudine
2964 830 3322 879 attracturus
3392 832 3537 880 erat.
3599 826 3747 882 Hinc

2100 917 2297 965 autem
2332 911 2783 983 intelligendum
2824 919 2913 966 est
2966 912 3101 967 illas
3158 914 3387 967 narrari
3420 914 3633 969 debere
3662 916 3743 970 vi-

2102 1000 2299 1054 siones
2332 1007 2432 1054 aut
2464 1002 2695 1055 somnia
2726 1019 2855 1071 qua;
2889 1002 2948 1055 in
2980 1019 3358 1056 communem
3418 1010 3557 1057 sunt
3582 1004 3743 1059 utili-

2101 1094 2302 1155 tatem,
2336 1089 2770 1160 conferuntque
2797 1090 2870 1144 ad
2905 1092 3004 1144 Dei
3037 1090 3284 1149 cultum.
3318 1108 3448 1161 qua)
3505 1093 3739 1148 Domini

2098 1177 2495 1233 assistentium
2516 1178 3204 1251 habentautangelorum
3232 1181 3347 1234 Con
3359 1180 3739 1252 tingitautem

2098 1272 2157 1320 et
2187 1268 2410 1337 privata
2456 1285 2563 1339 per
2618 1286 2892 1323 somnum
2926 1269 3132 1331 videri.
3162 1287 3292 1341 quae
3341 1288 3460 1326 non
3519 1271 3741 1328 debent

2098 1355 2326 1412 referri.
2360 1359 2636 1411 Attamen
2670 1374 3014 1429 quanquam
3045 1359 3140 1412 hic
3172 1360 3395 1430 privata
3426 1367 3551 1415 erat
3583 1361 3743 1417 Sauli

2096 1446 2344 1512 utilitas,
2380 1453 2435 1502 at
2468 1454 2626 1503 certe
2685 1449 3040 1504 admiranda
3095 1467 3227 1520 quas
3286 1452 3501 1506 accidit
3559 1453 3741 1522 salus,

2096 1553 2333 1591 rursum
2365 1538 2438 1593 ad
2470 1539 2733 1594 divinum
2766 1540 2992 1595 cultum
3026 1542 3263 1596 asciscit
3300 1542 3603 1598 hominem
3632 1560 3644 1597 :
3689 1548 3747 1600 et

2097 1625 2171 1679 ob
2205 1625 2261 1679 id
2296 1632 2576 1699 tanquam
2611 1628 2681 1683 de
2714 1631 3016 1684 communi
3047 1630 3302 1685 utilitate
3352 1632 3515 1703 loqui
3548 1632 3620 1687 de
3677 1650 3748 1690 ea

2097 1716 2375 1785 oportuit.
2407 1740 2426 1764 α
2461 1718 2641 1789 Surge
2684 1725 2741 1773 et
2770 1719 2933 1775 vade.
2971 1742 2998 1769 »
3034 1721 3102 1774 Et
3159 1721 3254 1776 hic
3308 1723 3569 1777 Ananias
3619 1724 3748 1781 dia-

2097 1824 2281 1863 conus
2310 1815 2453 1873 erat,
2490 1817 2666 1881 prout
2692 1812 2817 1883 ipse
2847 1812 3066 1867 Paulus
3100 1813 3160 1867 in
3206 1814 3534 1869 canonibus
3564 1810 3744 1870 testa-

324 1902 425 1952 τοῦ
452 1870 1073 1972 γεγονίύτοςΙδιωγμού,
1134 1915 1157 1945 α
1192 1892 1295 1947 Καὶ
1365 1889 1501 1946 εἶδεν
1559 1893 1609 1945 ἐν
1662 1892 1917 1963 ὁράματι.
1952 1914 1978 1942 ››

2097 1902 2206 1951 tur.
2242 1897 2305 1950 Id
2336 1870 2533 1953 autem
2566 1870 2786 1954 factum
2819 1906 2928 1967 est,
2972 1900 3131 1971 quod
3184 1903 3451 1958 Damasci
3505 1909 3746 1975 propter

325 1987 437 2045 Ούκ
462 1985 707 2055 ἠδύνατο
741 1985 845 2061 γὰρ
878 1981 1014 2037 ἰδεῖν
1046 1983 1162 2037 καθ’
1195 1981 1358 2056 ὕπαρ,
1391 1977 1579 2049 ἐπειδή
1613 1981 1788 2053 πηρὸς
1819 1980 1908 2048 ἦν,

415 2276 437 2303 ι
498 2254 789 2329 Ἀπεκρίθη
882 2251 939 2307 δὲ
1024 2252 1293 2313 Ἀνανῖας.
1366 2249 1553 2322 Κύριε,
1604 2248 1818 2318 ἀκήκοα
1874 2247 1981 2302 απὸ

344 2372 371 2396 α
402 2344 621 2399 πολλῶν
646 2344 769 2419 περὶ
797 2348 900 2398 τοῦ
931 2339 1128 2416 ἀνδρὸς
1154 2341 1371 2410 τούτου,
1412 2340 1510 2394 ὅσα
1566 2339 1705 2393 κακᾶ
1760 2336 1983 2406 ἐποίησε

334 2462 354 2485 ι
390 2440 505 2495 τοῖς
538 2420 705 2509 αείίοις
736 2454 834 2487 σου
864 2430 917 2486 ἐν
952 2429 1341 2504 Ἰερουσαλὴμ.
1395 2429 1496 2485 Καὶ
1558 2425 1668 2481 ὧδε
1724 2421 1837 2481 ἕκει
1896 2424 1983 2495 ἐξ-

320 2548 349 2580 α
382 2527 564 2581 ουσίαν
655 2525 802 2598 παρὰ
866 2528 975 2577 τῶν
1026 2520 1324 2596 ἀρχιερέων
1382 2516 1541 2584 δῆσαι
1593 2520 1794 2578 πάντας
1853 2515 1979 2578 τοὺς

320 2639 340 2667 ι
374 2613 855 2687 ἐπικαλουμένους
888 2612 950 2666 τὸ
985 2608 1160 2682 ὄνομά
1200 2630 1319 2665 σου.
1373 2609 1511 2665 Εἶπε
1543 2604 1599 2661 δὲ
1652 2606 1790 2679 πρὸς
1822 2604 1981 2660 αὐτὸν

316 2728 337 2755 σ
372 2707 400 2760 6
441 2706 667 2779 Κύριος*
718 2702 986 2778 Πορεύου,
1022 2701 1107 2754 ὅτι
1140 2703 1327 2761 σκεῦος
1386 2696 1617 2771 ἐκλογῆς
1689 2696 1782 2769 μοί
1840 2716 1981 2750 εστιν

306 2823 333 2847 «ι
370 2794 553 2861 οὗτος,
586 2797 689 2848 τοῦ
738 2792 999 2866 βαστάσαι
1030 2790 1093 2845 τὸ
1126 2786 1301 2862 ὄνομα
1364 2809 1467 2861 μου
1524 2786 1754 2841 ἐνῶπιον
1809 2784 1977 2840 ἐθνῶν

304 2886 446 2938 «καὶ
514 2882 821 2957 βασιλέων,
882 2882 1015 2934 υἱῶν
1064 2901 1122 2934 τε
1180 2875 1423 2951 Ἰσραήλ.
1484 2877 1622 2951 Ἐγώ
1679 2876 1779 2949 γὰρ
1840 2875 1978 2929 ὑπο-

307 2999 335 3026 ‹‹
369 2973 532 3047 δεξω
560 2973 715 3045 αύτῷ
767 2972 864 3026 ὅσα
894 2968 978 3025 δεῖ
1006 2970 1170 3025 αὐτὸν
1208 2969 1341 3042 ὑπὲρ
1388 2971 1486 3022 τοῦ
1544 2964 1812 3039 ὀνόματός
1875 2986 1979 3037 μου

308 3070 590 3128 «παθεῖν.
672 3058 921 3130 Ἀπῆλθε
1007 3057 1065 3114 δὲ
1114 3058 1388 3126 Ἀνανίας,
1443 3055 1534 3111 καὶ
1593 3054 1843 3124 εἰσῆλθεν
1902 3052 1978 3115 εἷς

313 3176 341 3205 ι
372 3154 475 3220 τὴν
511 3150 713 3206 οἰκίαν·
746 3149 836 3204 καὶ
870 3148 1075 3212 ἐπιθεὶς
1106 3147 1187 3202 ἐπ’
1230 3145 1391 3201 αὐτὸν
1447 3145 1541 3205 τὰς
1602 3149 1791 3218 χεῖρας
1838 3141 1970 3196 εἷπν

322 3260 348 3288 ι
385 3238 575 3292 Σαοῦλ
605 3238 818 3315 ἀδελφέ.
848 3265 870 3292 ι

412 3328 711 3395 ι’Ᾱκῆκοα
754 3328 856 3381 ἀπὸ
909 3324 1226 3382 πολλῶν.»
1276 3324 1459 3382 Ταῦτά
1521 3343 1682 3401 φησιν
1742 3322 1770 3375 6
1820 3321 1978 3377 Ἀνα-

330 3416 476 3483 vias,
515 3416 623 3489 οὐχ
654 3416 721 3476 ὡς
748 3418 984 3472 ἀπιστῶν
1006 3421 1126 3476 τοῖς
1185 3414 1528 3489 λεγομένοις,
1584 3409 1712 3466 οὐδὲ
1759 3412 1978 3479 ἠπατῆ-

327 3508 450 3560 σθαι
487 3506 719 3577 νομίζων
772 3507 865 3560 τὸν
918 3505 1181 3580 Χριστόν
1233 3506 1308 3578 μὴ
1359 3502 1623 3578 γὲνοιτοξί
1684 3498 1829 3555 ἀλλᾶ
1879 3520 1974 3575 φο-

317 3591 590 3668 ϐούμενος
645 3597 734 3649 καὶ
820 3592 1062 3669 τρέμων.
1150 3594 1312 3655 Εἰκὸς
1385 3592 1485 3668 γὰρ
1539 3592 1607 3660 ἦν
1669 3589 1866 3651 αὐτοὺς
1926 3589 1978 3653 ἐν

318 3684 473 3761 φόϐῳ
549 3688 711 3750 ὄντας
790 3686 1260 3761 περιεργάζεσθαι,
1357 3682 1497 3738 ὥστε
1576 3680 1856 3756 μανθάνειν
1911 3681 1978 3735 τὰ

310 3779 424 3831 κατ’
459 3776 639 3831 αύτῶν
694 3773 1159 3851 ὁριζόμεναίέπεὶ
1216 3775 1379 3837 πόθεν
1408 3774 1474 3842 ἧν
1536 3770 1705 3841 δῆλον
1768 3770 1974 3837 αὐτοῖς,

318 3868 525 3921 ὅτικαὶ
569 3864 681 3921 ὧδε
738 3865 985 3938 ἐξουσίαν
1043 3859 1159 3945 ἔχει
1218 3864 1365 3939 παρὰ
1418 3867 1525 3918 τῶν
1584 3860 1976 3936 ἀρχιερέωνς)

312 3956 401 4009 καὶ
437 3956 650 4030 λέγειν,
712 3956 799 4010 ὅτι
856 3954 1073 4009 Τούτων
1133 3950 1304 4007 ὄντων
1362 3958 1479 4013 πῶς
1531 3949 1748 4006 δύναται
1807 3954 1976 4004 ταῦτα

308 4050 562 4121 γενέσθαι
596 4068 611 4115 ;
645 4046 709 4100 Τί
768 4046 861 4100 οὖν
920 4046 947 4099 6
997 4044 1195 4120 Κύριος
1244 4045 1271 4098 6
1328 4050 1447 4105 ταῖς
1503 4040 1749 4117 καρδίαις
1804 4038 1975 4114 ἐμϐα-

307 4138 480 4191 τεύων
513 4136 660 4190 κατᾶ
691 4133 911 4190 Παύλου
969 4133 1346 4208 ἐμαρτύρησε;
1400 4130 1670 4187 Δείκνυσιν
1731 4131 1813 4184 ὅτι
1873 4131 1975 4185 οὐκ

305 4224 418 4280 ἔστι
454 4227 665 4304 cnam-ﬁ,
696 4228 731 4294 ἡ
758 4223 920 4279 κακία
978 4222 1144 4296 αὐτῷ.
1184 4216 1409 4285 Ἒκεῦος
1466 4223 1589 4298 γὰρ,
1641 4220 1825 4299 φησὶν,
1887 4218 1974 4274 ἐκ·

309 4314 488 4387 λογῆς
526 4314 664 4370 ἐστι.
702 4315 801 4369 Διὰ
855 4317 1043 4382 τοῦτο,
1104 4312 1289 4387 φησὶν,
1345 4306 1537 4380 ἔδειξεν
1598 4309 1683 4364 ὅτι
1741 4304 1969 4380 δόκιμος

304 4402 444 4457 ἐστι’
480 4404 547 4457 τὸ
582 4400 817 4475 δόκιμοι
872 4402 974 4477 γὰρ
1028 4421 1113 4462 τις
1170 4398 1443 4474 ἐκλέγεται
1494 4402 1703 4459 σκεῦος.
1765 4397 1868 4452 Καί
1912 4396 1974 4450 οὐ

308 4493 478 4564 μόνον
511 4491 712 4553 πιστὸς
746 4487 913 4561 ἔσται,
943 4490 1129 4565 φησὶν,
1164 4487 1309 4544 ἄλλα
1364 4489 1454 4543 καὶ
1514 4484 1840 4548 διδασκαλος
1880 4484 1971 4540 καὶ

2090 1994 2314 2042 motam
2347 1991 2823 2060 persecutionem
2849 2008 2967 2045 non
2990 1991 3225 2047 adesset
3250 1994 3578 2065 presbyter.
3617 2018 3637 2043 α
3674 1995 3745 2048 Ει

2088 2076 2234 2129 vidit
2256 2094 2360 2147 per
2390 2078 2597 2133 visum.
2619 2101 2645 2127 ››
2678 2082 2879 2151 Neque
2901 2081 3059 2137 enim
3086 2098 3285 2136 revera
3307 2081 3501 2137 videre
3524 2083 3736 2154 potuit,

2090 2166 2372 2234 quoniam
2401 2182 2593 2222 caecus
2623 2174 2768 2222 erat.

2163 2254 2258 2314 IX.
2287 2257 2473 2309 13-17.
2510 2276 2535 2306 ιι
2567 2257 2894 2328 Respondit
2918 2265 3113 2314 autem
3140 2261 3400 2316 Ananias
3426 2278 3439 2315 :
3466 2261 3734 2331 Domine,

2092 2363 2118 2389 «
2151 2342 2347 2396 audivi
2385 2360 2453 2398 ex
2486 2345 2690 2399 multis
2722 2346 2793 2400 de
2826 2347 2947 2401 viro
2977 2349 3106 2415 hoc,
3141 2356 3362 2419 quanta
3392 2350 3551 2406 mala
3580 2351 3737 2406 fece-

2092 2452 2119 2481 «
2150 2432 2230 2485 rit
2260 2434 2479 2487 sanctis
2517 2434 2631 2487 tuis
2662 2435 3064 2506 Jerosolymis.
3120 2439 3185 2491 Et
3216 2440 3325 2493 hoc
3381 2439 3510 2493 loco
3568 2447 3738 2511 pote-

2088 2544 2115 2571 ‹‹
2144 2528 2356 2577 statem
2389 2523 2567 2578 habet
2597 2542 2630 2579 a
2663 2526 3031 2598 principibus
3056 2529 3425 2583 sacerdotum
3443 2528 3739 2584 vinciendi

2088 2634 2116 2661 «
2142 2628 2351 2667 omnes
2371 2614 2470 2683 qui
2492 2614 2876 2669 invocant87
2906 2632 3124 2671 nomen
3150 2622 3337 2673 tuum.
3366 2618 3518 2672 Dixit
3539 2624 3738 2673 autem

2091 2723 2110 2748 ι
2149 2701 2221 2754 ad
2255 2718 2390 2755 eum
2425 2703 2707 2757 Dominus
2738 2720 2750 2757 :
2787 2703 2966 2766 Vade,
3003 2706 3288 2776 quoniam
3327 2723 3426 2761 vas
3484 2706 3739 2763 electum

2089 2810 2115 2836 ‹‹
2149 2794 2239 2843 est
2268 2791 2414 2845 mihi
2460 2791 2591 2857 iste,
2644 2798 2709 2846 ut
2762 2799 2956 2863 portet
3006 2811 3224 2851 nomen
3281 2812 3480 2850 meum
3539 2807 3739 2851 coram

2091 2901 2110 2927 ε
2146 2880 2421 2950 gentibus
2456 2888 2514 2935 et
2542 2882 2801 2953 regibus.
2835 2900 2902 2938 ac
2948 2884 3085 2939 filiis
3136 2886 3338 2942 Israel.
3398 2889 3515 2959 Ego
3575 2888 3731 2941 enim

2089 2988 2116 3017 ‹‹
2151 2969 2461 3024 ostendam
2490 2970 2576 3023 illi
2611 2978 2835 3041 quanta
2866 2980 3136 3043 oporteat
3166 2991 3301 3028 eum
3334 2993 3438 3046 pro
3489 2977 3731 3031 nomine

2086 3078 2113 3105 ‹‹
2149 3073 2281 3111 meo
2342 3060 2482 3128 pati.
2546 3062 2613 3112 Et
2662 3060 2812 3114 abiit
2872 3063 3153 3131 Ananias,
3216 3064 3596 3135 introivitque
3672 3065 3734 3119 in

2089 3166 2115 3193 «
2159 3146 2423 3215 domum,
2457 3154 2516 3201 et
2545 3148 2840 3219 impositis
2886 3149 2975 3204 illi
3029 3151 3304 3207 manibus
3361 3151 3511 3207 dixit
3543 3171 3555 3208 :
3591 3152 3733 3209 Saul

2087 3260 2114 3288 ‹‹
2148 3236 2351 3293 frater.
2400 3261 2427 3288 ››

2158 3347 2182 3379 σ
2215 3327 2422 3381 Audivi
2455 3345 2523 3383 ex
2571 3329 2794 3385 multis.
2828 3352 2855 3380 »
2914 3332 3046 3387 Haac
3106 3332 3250 3388 dicit
3295 3335 3577 3402 Ananias,
3608 3351 3730 3391 non

2084 3421 2365 3487 tanquam
2404 3419 2747 3475 incredulus
2793 3421 2885 3476 his
2943 3440 3073 3493 qua:
3116 3423 3485 3492 dicebantur,
3536 3441 3731 3496 neque

2084 3522 2280 3562 errare
2314 3508 2608 3563 Christum
2649 3510 3035 3567 existimans:
3098 3512 3287 3568 absit!
3350 3515 3453 3570 sed
3516 3516 3733 3571 timens

2084 3612 2150 3651 ac
2182 3604 2458 3652 tremens.
2525 3600 2661 3653 Erat
2692 3601 2853 3655 enim
2912 3603 3209 3657 versimile
3258 3604 3417 3675 quod
3482 3622 3616 3659 cum
3675 3606 3736 3661 in

2084 3686 2295 3741 timore
2327 3694 2548 3751 essent.
2612 3690 3086 3748 sciscitabantur.
3140 3699 3205 3746 ut
3258 3694 3556 3748 discerent
3606 3711 3737 3764 quas

2081 3782 2287 3830 contra
2311 3794 2371 3831 se
2404 3777 2648 3833 deﬁnita
2683 3786 2870 3834 erant.
2908 3781 3163 3852 (Alioqui
3221 3783 3378 3836 enim
3441 3782 3737 3853 quomodo

2081 3864 2201 3918 illis
2234 3865 2614 3920 manifestum
2676 3875 2832 3922 esset
2890 3870 3047 3939 quod
3100 3870 3278 3924 etiam
3339 3870 3433 3925 hic
3492 3870 3739 3927 haberet

2080 3958 2433 4022 potestatem
2466 3971 2499 4008 a
2522 3955 2890 4025 principibus
2922 3958 3299 4013 sacerdotum
3331 3959 3375 4021 ‘2)
3406 3961 3609 4031 Itaque
3641 3960 3735 4015 di-

2079 4041 2287 4095 cebat:
2321 4046 2462 4096 Cum
2497 4044 2622 4097 haec
2676 4045 2759 4098 ita
2791 4045 2929 4107 sint,
2965 4046 3260 4116 quomodo
3313 4056 3563 4119 possunt
3619 4051 3734 4106 ista

2081 4132 2447 4198 ﬁeri?Quid
2506 4150 2641 4205 ergo
2702 4134 3010 4198 Dominus,
3072 4137 3132 4191 in
3192 4154 3395 4192 eorum
3456 4141 3733 4196 cordibus

2081 4221 2375 4283 habitans.
2409 4222 2691 4278 adversus
2727 4224 2972 4278 Paulum
3026 4225 3353 4281 testabatur
3381 4228 3408 4282 ?
3463 4228 3734 4283 Ostendit

2078 4329 2197 4366 non
2231 4329 2359 4367 esse
2393 4312 2662 4367 naturale
2694 4313 2781 4367 illi
2828 4314 3056 4371 vitium.
3120 4317 3261 4370 Nam
3319 4333 3416 4371 vas
3477 4316 3730 4375 electum

2079 4406 2187 4466 est,
2223 4400 2435 4469 inquit.
2470 4402 2789 4471 Propterea
2822 4403 3084 4457 ostendit
3112 4404 3267 4473 quod
3302 4404 3581 4475 probatus
3613 4406 3730 4465 sit:

2080 4508 2217 4547 nam
2241 4492 2550 4562 probatum
2579 4509 2673 4547 vas
2698 4493 2889 4564 quivis
2917 4495 3099 4565 eligit.
3126 4497 3241 4550 Nec
3264 4496 3479 4555 solum.
3514 4497 3730 4568 inquit,

302 4586 481 4657 κῆρυξ
535 4588 639 4650 τῆς
715 4581 1061 4654 οἰκουμένης,
1133 4578 1279 4636 ἀλλὰ
1338 4580 1424 4634 καὶ
1482 4578 1718 4633 πείσεται
1776 4576 1964 4632 πολλὰ

2093 4580 2269 4635 idelis
2302 4581 2437 4639 erit.
2459 4580 2560 4635 sed
2588 4588 2647 4636 et
2664 4588 2992 4653 prmceptor
3009 4600 3075 4637 ac
3099 4583 3450 4654 praedicator
3472 4586 3733 4641 universi

304 4672 449 4747 ὑπὲρ
477 4672 642 4744 ἑμοῦ.
674 4672 771 4725 Διᾶ
793 4672 955 4726 τοῦτο
987 4691 1171 4747 ιρησιν,
1213 4668 1295 4723 ὅτι
1332 4672 1532 4729 Σκεῦος
1582 4665 1817 4741 ἐκλογῆς
1880 4665 1979 4738 μοί

309 4762 451 4827 ἑστι,
475 4761 573 4815 καί
600 4760 687 4815 ὅτι
723 4762 975 4835 βαστάσει
1012 4760 1074 4815 τὸ
1120 4758 1295 4831 ὄνομα
1330 4780 1455 4832 μου.
1509 4757 1659 4813 Ἐπεὶ
1714 4754 1772 4811 δὲ
1802 4754 1975 4810 ἀκού-

306 4872 407 4912 σας
441 4852 471 4905 6
502 4849 759 4911 Ἀνανίας
805 4851 887 4905 ὅτι
943 4848 1147 4923 τυφλός
1191 4848 1333 4902 ἐστιν
1393 4848 1420 4902 6
1474 4851 1713 4913 Παῦλος,
1774 4844 1974 4920 ἐχάρη,

303 4946 399 4995 καὶ
437 4940 744 5015 μονονουχὶ
775 4945 935 4995 τοῦτο
982 4938 1129 5015 λέγει
1158 4936 1245 4993 διὰ
1293 4942 1401 4993 τῶν
1461 4936 1625 4992 αὐτοῦ
1686 4935 1969 5012 ῥημάτων.

309 5029 513 5093 Καλῶς
600 5025 739 5103 ἔχει,
801 5026 929 5102 ἄφες
998 5028 1157 5083 αὐτὸν
1217 5031 1596 5099 πεπηρῶσθαι·
1657 5028 1707 5080 τί
1765 5046 1831 5098 με
1882 5045 1971 5080 κε-

308 5117 492 5181 λεύεις
525 5118 736 5188 ἀνοῖξαι
772 5117 897 5181 τοὺς
928 5115 1247 5194 ὁξθάλμοὺς
1285 5138 1298 5182 ;
1344 5115 1435 5170 ’ίνα
1491 5115 1653 5171 πάλιν
1712 5113 1923 5189 κολάσῃ
1955 5134 1969 5184 ;

306 5210 380 5262 0-5
419 5211 611 5279 μόνον,
649 5208 833 5283 φησὶν,
896 5203 1049 5262 οὐδεν
1110 5205 1387 5282 ἐργάσεται
1448 5202 1644 5277 δεινὸν,
1676 5202 1823 5259 ἀλλὰ
1878 5202 1970 5259 καὶ

316 5298 569 5354 πείσεται
601 5295 791 5352 πολλᾶ
823 5296 954 5370 ὑπὲρ
988 5296 1149 5369 ἐμοῦ.

380 5480 477 5546 ,ιό
508 5478 715 5553 Κύριος
747 5475 1054 5533 ἆπὲσταλκέ
1090 5496 1155 5548 με
1177 5477 1204 5531 ὁ
1260 5475 1443 5554 ὀφθεὶς
1501 5495 1584 5530 σοι
1647 5474 1698 5529 ἐν
1756 5478 1826 5549 τῇ
1857 5473 1969 5547 ὁδῷ

309 5593 333 5615 ιι
438 5569 643 5644 ἦσχου,
679 5567 832 5627 ὅπως
862 5560 1175 5639 ἀναϐλέψῃς
1220 5567 1307 5621 καὶ
1354 5562 1603 5635 κλησθῇς
1654 5565 1965 5638 Ηνεύματος

307 5684 335 5707 ιι
366 5660 554 5738 ἁγίου.
604 5656 710 5715 Καὶ
760 5654 964 5721 assio;
1024 5653 1286 5709 απὲπεσον
1348 5652 1454 5708 ἀπὸ
1505 5658 1613 5708 τῶν
1667 5652 1968 5731 ὀφθαλμῶν

508 5778 784 5842 Panos.
830 5774 945 5836 Gn.
997 5772 1263 5835 CXVIII.

2090 4670 2270 4737 orbis,
2297 4671 2599 4741 multaque
2627 4688 2731 4741 pro
2756 4688 2847 4725 me
2861 4671 3138 4741 patietur.
3163 4674 3482 4744 Propterea
3499 4676 3599 4739 ait,
3620 4676 3736 4733 Vas

2088 4759 2343 4815 electum
2404 4760 2547 4813 mihi
2603 4765 2711 4825 est,
2765 4765 2823 4813 et
2874 4776 3092 4815 nomen
3176 4778 3375 4818 meum
3454 4765 3735 4837 portabit.

2086 4851 2375 4915 Quoniam
2433 4856 2628 4905 autem
2685 4851 2948 4905 Ananias
3007 4851 3255 4908 audiens
3327 4856 3485 4926 quod
3544 4874 3735 4914 caecus

2085 4944 2244 4995 esset
2273 4938 2508 5003 Paulus,
2558 4938 2791 5009 gavisus
2821 4946 2928 5005 est,
2962 4946 3021 4996 et
3076 4943 3504 5014 propemodum
3536 4946 3729 5002 verbis

2085 5029 2208 5083 suis
2239 5029 2348 5081 hoc
2379 5027 2557 5081 dicit:
2596 5028 2747 5081 Bene
2780 5045 2841 5082 se
2874 5029 3068 5095 habet,
3112 5032 3240 5087 sine
3292 5049 3426 5087 eum
3477 5050 3733 5089 excaeca-

2083 5124 2209 5172 tum
2241 5134 2368 5173 esse
2396 5132 2407 5171 :
2438 5122 2501 5170 ut
2531 5116 2672 5187 quid
2704 5134 2797 5171 me
2823 5118 2999 5187 jubes
3045 5122 3173 5190 ejus
3206 5121 3407 5176 oculos
3438 5123 3668 5193 aperire
3700 5122 3727 5179 Ἰ

2082 5224 2157 5263 an
2190 5212 2254 5260 ut
2284 5222 2519 5259 rursum
2568 5206 2837 5261 vinciat?
2868 5214 2931 5261 ut
2979 5226 3214 5264 rursum
3274 5210 3538 5282 puniat?
3592 5210 3727 5268 ideo

2081 5297 2159 5352 ait
2187 5312 2198 5349 :
2224 5297 2347 5350 Non
2382 5294 2571 5349 solum
2599 5296 2750 5349 nihil
2780 5297 2919 5351 mali
2952 5298 3312 5369 operabitur,
3336 5299 3437 5354 sed
3462 5306 3520 5356 et
3541 5302 3734 5360 multa

2084 5403 2189 5457 pro
2216 5401 2307 5439 me
2332 5383 2628 5439 tolerabit.

2149 5476 2240 5537 IX.
2279 5476 2464 5527 17-19.
2505 5494 2526 5523 ι
2561 5474 2846 5529 Dominus
2879 5475 3153 5531 misitme
3185 5477 3285 5548 qui
3317 5482 3592 5551 apparuit
3622 5482 3733 5538 tibl

2083 5589 2105 5619 α
2142 5565 2203 5621 in
2236 5565 2326 5620 via
2360 5579 2476 5634 qua
2507 5563 2807 5630 veniebas,
2862 5569 2925 5619 ut
2971 5565 3160 5621 visum
3221 5569 3494 5641 recipias,
3529 5579 3583 5626 et
3618 5573 3729 5627 im-

2080 5679 2106 5707 ‹‹
2139 5655 2363 5727 plearis
2390 5653 2613 5725 Spiritu
2644 5659 2870 5727 sancto.
2907 5654 3235 5727 Statimque
3268 5658 3631 5717 deciderunt
3668 5659 3740 5715 ab

3506 5778 3544 5835 6
