4112 6250
445 365 549 424 171

1457 362 1948 426 (ECUMENIUS
1993 363 2294 425 'l‘tthCAS
2341 362 2783 426 EPISCOPUS.

3740 371 3843 432 I71

444 516 476 545 α
509 493 696 552 oculis
733 495 863 569 ejus
916 499 1201 567 tanquam
1255 512 1541 568 squama),
1576 501 1634 553 et
1673 495 1865 553 visum
1922 512 2089 553 rece-

2215 516 2242 546 κ
2271 494 2437 551 αὐτοῦ
2493 474 2631 551 ὡσεὶ
2722 493 2961 563 λεπίδες,
3037 490 3305 571 ἀνέϐλεψὲ
3366 517 3428 553 τε
3481 497 3576 554 καὶ
3633 485 3853 569 ἂναστᾶς

450 605 475 637 α
508 583 615 657 pit,
651 602 717 641 ac
751 602 999 659 surgens
1049 586 1375 660 baptizatus
1430 593 1539 643 est.
1600 588 1866 659 Cumque
1932 603 2102 643 acce—

450 696 479 725 ‹‹
513 676 700 747 pisset
733 675 930 730 cibum
963 677 1331 732 confortatus
1361 684 1467 731 est.
1498 676 1629 732 Fuit
1658 685 1857 733 autem
1891 676 2103 734 Saulus

400 802 407 807 .
452 781 638 819 «cum
698 764 1008 837 discipulis
1065 766 1166 836 qui
1225 772 1397 822 erant
1454 766 1723 822 Damasci
1804 766 1933 822 dies
1989 766 2100 823 ali-

456 877 484 906 σι
519 862 682 927 quot.
720 878 748 906 ››

531 984 555 1015 α
593 963 702 1028 Qui
738 963 1015 1034 apparuit
1045 963 1171 1017 tibi.
1208 985 1233 1011 η
1266 963 1441 1034 Atqui
1474 980 1595 1019 non
1647 963 1796 1019 dixit
1842 964 1893 1018 ei
1936 963 2105 1018 Chri-

460 1058 585 1108 stus
617 1071 630 1108 :
665 1055 781 1125 Ego
816 1054 902 1108 illi
937 1053 1204 1126 apparui,
1239 1053 1343 1109 sed
1395 1052 1507 1108 hoc
1537 1070 1571 1109 a
1601 1053 1842 1125 Spiritui
1900 1060 2103 1110 sancto

467 1141 693 1199 didicit.
731 1144 941 1199 Verum
975 1159 1094 1197 non
1124 1144 1233 1198 fuit
1262 1143 1333 1198 ab
1369 1160 1436 1198 eo
1472 1143 1629 1198 visus
1685 1143 1896 1214 Utique
1929 1143 2105 1198 rebus

460 1232 611 1304 ipsis
638 1238 695 1287 et
724 1233 989 1288 efﬁcacia
1014 1232 1171 1288 visus
1204 1232 1315 1287 fuit
1345 1238 1403 1286 et
1436 1232 1729 1304 apparuit.
1785 1234 1910 1288 Non
1957 1231 2107 1287 dixit

459 1330 693 1379 autem:
726 1322 824 1379 88
849 1324 956 1390 Qui
990 1330 1045 1379 te
1078 1323 1407 1383 excmcavit.
1463 1323 1891 1395 improperium
1923 1322 2106 1378 decli‘

457 1428 630 1481 nans,
652 1412 755 1467 sed
786 1412 886 1483 qui
919 1413 1194 1484 apparuit
1226 1412 1679 1486 tibi.:Decidunt
1697 1420 1897 1468 autem
1929 1428 2106 1484 squa—

454 1516 590 1569 mm,
622 1499 1056 1557 vehementiam
1088 1501 1370 1557 caecitatis
1417 1500 1824 1572 ostendentes,
1880 1501 2106 1558 sanita-

453 1589 649 1662 tisque
681 1590 1121 1647 certitudinem.

527 1702 625 1766 IX,
658 1704 841 1758 20-25.
876 1724 903 1751 «
939 1703 1009 1757 Et
1038 1700 1354 1757 confestim
1378 1701 1439 1756 in
1473 1701 1782 1775 synagogis
1813 1699 2108 1773 praedica-

460 1811 486 1845 σ
518 1790 622 1848 bat
649 1791 969 1851 Christum.
1004 1790 1162 1863 quod
1196 1792 1291 1846 hic
1323 1796 1480 1846 esset
1529 1790 1711 1845 Filius
1744 1789 1866 1845 Dei.
1902 1791 2111 1861 Stupe-

2216 610 2236 635 ι
2271 579 2593 655 ἐϐαπτίσθη,
2626 584 2716 641 καὶ
2750 580 2935 641 λαϐὼν
2993 586 3201 667 τροιρήν
3258 584 3563 664 ἐνίσχυσεν.
3617 589 3849 664 Ἐγένετο

2215 671 2329 729 αδὶ
2411 674 2441 729 6
2531 672 2742 738 Σαῦλος
2823 675 2956 750 μετὰ
2997 679 3103 731 τῶν
3157 673 3209 730 ἐν
3270 682 3547 752 Δαμασκῷ
3602 682 3851 755 μαθητῶν

2216 787 2237 815 ι
2275 762 2488 838 ἡμέρας
2519 764 2689 827 τινάς.
2729 788 2757 817 »

2290 959 2399 1014 αὈ
2457 959 2641 1039 ὀφθεὶς
2696 982 2802 1019 σοι.
2838 984 2866 1013 ι)
2927 962 3030 1018 Καὶ
3094 963 3205 1035 μὴν
3263 963 3368 1018 οὐκ
3423 964 3579 1018 εἶπεν
3645 962 3855 1037 αΰτῷδ

2213 1051 2464 1121 Χριστὸς,
2495 1049 2578 1103 ὅτι
2609 1051 2817 1129 Ὠφθην
2848 1050 3019 1123 αὐτῷ,
3073 1050 3200 1106 ἀλλ’
3239 1051 3346 1107 ἀπὸ
3395 1056 3497 1107 τοῦ
3558 1057 3857 1126 ΙΙνεύματος

2213 1133 2429 1212 ἔμαθεν.
2488 1138 2591 1194 Καὶ
2656 1141 2764 1213 μὴν
2824 1140 2927 1195 οὐκ
2978 1134 3157 1218 ὤφθη.
3219 1140 3323 1196 Ναὶ
3384 1138 3476 1197 διὰ
3524 1150 3853 1217 πραγματων

2211 1226 2430 1295 καὶτῆς
2458 1225 2726 1303 ἐνεργείας
2778 1224 2957 1304 ὤφθη.
3017 1230 3133 1287 υύκ
3182 1230 3297 1286 εἶπε
3354 1229 3431 1298 δὲ,
3483 1231 3547 1289 Ὀ
3606 1233 3856 1304 πηρώσας

2214 1336 2295 1383 σε,
2326 1314 2590 1371 ἐκκλίνων
2640 1318 2729 1371 τὸν
2790 1315 3121 1392 ὀνειδισμὸν,
3192 1316 3341 1390 ἀλλ’,
3399 1320 3464 1377 Ὀ
3516 1320 3702 1396 ὀφθεὶς
3757 1342 3855 1378 σοι.

2213 1403 2567 1461 Ἐκπίπτουσι
2601 1403 2657 1461 δὲ
2702 1403 2939 1477 λεπίδες,
2997 1408 3061 1463 τὸ
3118 1406 3356 1487 σφοδρὸν
3420 1406 3732 1465 δεικῦουσαι
3764 1416 3857 1480 τῆς

2211 1491 2565 1568 τυφλώσεως,
2599 1496 2685 1551 καὶ
2715 1495 2779 1550 τὸ
2807 1491 3185 1575 ἆναμφίϐολον
3216 1504 3319 1569 τῆς
3351 1496 3573 1562 ἰάσεως.

2289 1718 2317 1746 (ι
2352 1694 2453 1750 Καὶ
2505 1692 2704 1759 εὐθέως
2768 1692 2821 1749 ἐν
2879 1699 3000 1759 ταῖς
3055 1700 3401 1771 συναγωγαῖς
3457 1694 3724 1772 ἐκήρυσσε
3778 1698 3861 1754 τὸν

2222 1783 2535 1858 «Χριστὸν,
2597 1784 2684 1838 ὅτι
2734 1783 2890 1845 οὗτός
2942 1781 3085 1840 ἐστιν
3119 1785 3147 1839 ὁ
3185 1784 3302 1848 (ἱὸς
3358 1790 3464 1841 τοῦ
3524 1790 3680 1843 Θεοῦ.
3758 1786 3863 1857 Ἐε-

461 1902 491 1933 ‹‹
522 1879 667 1936 bant
691 1886 890 1935 autem
923 1896 1131 1936 omnes
1162 1880 1262 1951 qui
1298 1896 1433 1935 eum
1471 1879 1813 1943 audiebant,
1846 1895 1915 1934 ac
1952 1879 2097 1935 dice-

2224 1896 2251 1923 ‹‹
2289 1871 2501 1927 ίσταντο
2536 1870 2593 1927 δὶ
2630 1873 2826 1936 πάντες
2873 1874 2925 1928 οἱ
2986 1873 3294 1943 ἆκούοντις,
3349 1876 3445 1931 καὶ
3504 1874 3719 1952 ἔλεγον·
3753 1875 3866 1953 Οὐχ

467 1989 489 2021 ι
518 1968 661 2024 bant
686 1985 698 2022 :
723 1970 927 2024 Nonne
956 1968 1051 2024 hic
1076 1974 1166 2023 est
1194 1969 1295 2039 qui
1329 1966 1704 2040 expugnabat
1730 1967 2111 2039 Jerosolymis

463 2079 491 2109 ι(
521 2074 623 2113 eos
654 2058 754 2129 qui
780 2057 1130 2114 invocabant
1152 2073 1372 2112 nomen
1402 2056 1563 2111 istud
1593 2056 1711 2111 ?Et
1740 2056 1855 2112 huc
1885 2057 1959 2113 ad
2001 2057 2113 2112 hoc

469 2166 491 2195 ι
524 2147 685 2202 venit
704 2155 770 2201 ut
789 2146 1015 2203 vinctos
1046 2147 1327 2202 educeret
1348 2146 1484 2201 illos
1504 2146 1577 2201 ad
1602 2147 1902 2218 principes
1925 2162 2115 2202 sacer-

461 2260 491 2288 ι(
525 2238 727 2294 dotum
756 2239 784 2293 ‘I
814 2239 1024 2294 Saulus
1047 2255 1181 2294 vero
1213 2238 1400 2311 magis
1423 2238 1842 2306 invalescebat,
1879 2245 1937 2295 et
1964 2256 2111 2295 con-

460 2346 489 2375 «
518 2325 809 2382 fundebat
836 2327 1070 2383 Judzeos
1100 2327 1199 2398 qui
1235 2326 1508 2382 habitant
1551 2327 1840 2386 Damasci.
1891 2327 2108 2382 conﬁr-

458 2437 487 2467 «
522 2432 693 2473 mans
714 2417 875 2472 hunc
898 2433 1025 2472 esse
1051 2417 1367 2472 Christum.
1398 2416 1656 2487 Explctis
1679 2430 1877 2472 autem
1901 2416 2110 2472 diebus

458 2528 488 2557 «
522 2507 948 2579 compluribus,
980 2508 1246 2563 inierunt
1273 2508 1431 2563 inter
1461 2523 1523 2562 se
1565 2506 1751 2562 Judmi
1790 2506 2109 2563 consilium

461 2617 489 2647 «
520 2603 586 2651 ut
615 2598 809 2668 ipsum
853 2596 1211 2652 occiderent.
1276 2598 1489 2651 Verum
1534 2602 1690 2651 nota:
1747 2596 1914 2651 factm
1973 2601 2112 2652 sunt

459 2709 489 2738 ιι
523 2686 699 2741 Saulo
732 2686 964 2741 insidias
998 2701 1223 2740 eorum.
1265 2686 1330 2737 lit
1359 2684 1743 2739 asservabant
1781 2690 1980 2754 portas
2014 2685 2109 2739 die

460 2799 490 2828 ‹‹
522 2793 591 2832 ac
620 2782 792 2832 nocte
814 2782 879 2830 ut
917 2776 1111 2846 ipsum
1144 2774 1502 2829 occiderent.
1539 2779 1857 2844 Acceptum
1909 2779 2108 2828 autem

462 2888 490 2916 «
526 2881 657 2922 eum
683 2864 956 2936 discipuli
986 2870 1169 2919 noctu
1194 2880 1300 2936 per
1328 2860 1955 2935 murummdemiserunt
1977 2861 2110 2918 sub-

466 2978 490 3008 ι
525 2955 833 3012 mittentes
863 2954 924 3009 in
957 2960 1177 3026 sporta.
1213 2975 1241 3003 »

532 3088 560 3116 ‹‹
585 3063 951 3121 Prasdicabat
1008 3063 1308 3118 Christum
1358 3062 1418 3117 in
1451 3060 1781 3133 synagogis.
1820 3081 1847 3109 ››
1888 3062 2107 3132 Nempe

460 3172 595 3212 cum
640 3154 829 3226 legem
890 3152 1215 3219 didicisset,
1273 3168 1377 3207 ora
1435 3150 1553 3206 illis
1601 3149 1936 3217 obturabat,
1996 3164 2106 3204 nec

2223 1985 2251 2013 «
2281 1961 2438 2023 οὗτός
2468 1961 2608 2016 ἐστιν
2642 1962 2670 2016 6
2702 1964 2980 2037 πορθήσας
3038 1962 3093 2019 ἐν
3151 1962 3522 2040 Ἰερουσαλὴμ
3578 1965 3707 2028 τοὺς
3752 1965 3862 2021 ἐπι-

2222 2049 2648 2123 «καλουμένους
2705 2051 2768 2107 τὸ
2814 2046 2989 2125 ὄνομα
3042 2056 3243 2123 τοῦτο;
3287 2054 3387 2109 Καὶ
3438 2052 3550 2110 ὦδε
3608 2054 3685 2118 εἰς
3713 2060 3863 2111 τοῦτο

2221 2139 2569 2211 «ἐλήλυθεν,
2614 2140 2705 2196 ’ίνα
2764 2139 3083 2216 δεδεμένους
3143 2142 3345 2206 αὐτοὺς
3396 2144 3580 2221 ἀγάγῃ
3609 2145 3695 2201 ἐπὶ
3744 2145 3865 2207 τοὺς

2222 2229 2608 2309 «ἂρχιερεῖς;
2663 2231 2875 2294 Σαῦλος
2934 2229 2992 2287 δὲ
3052 2231 3267 2308 μᾶλλον
3327 2231 3729 2308 ἐνεδυναμοῦτο
3778 2233 3860 2289 καὶ

2224 2342 2249 2374 ι
2284 2321 2547 2398 συνέχυνε
2614 2318 2744 2383 τοὺς
2832 2318 3127 2384 Ἰουδαίους
3181 2321 3309 2385 τοὺς
3362 2327 3758 2385 κατοικοῦντας
3809 2320 3855 2377 ἐν

2226 2435 2246 2460 ι
2281 2414 2572 2484 Δαμασκῷ.
2608 2404 2960 2481 συμϐιϐἐζων
3020 2410 3102 2466 δτι
3157 2411 3315 2475 οὗτός
3380 2412 3529 2469 ἐστιν
3555 2413 3586 2469 6
3617 2413 3857 2489 Χριστός.

2221 2504 2365 2561 «Ὡς
2423 2496 2481 2554 δὲ
2537 2497 2879 2575 ἐπληροῦντο
2937 2498 3140 2575 ἡμέραι
3217 2502 3401 2558 ἱκαναὶ
3440 2549 3455 2571 ,
3518 2497 3865 2558 συνεϐουλιῦ-

2222 2612 2245 2639 ι
2280 2609 2442 2644 σαντο
2472 2589 2525 2643 οἱ
2558 2586 2811 2645 Ἰουδαῖοι
2871 2588 3080 2646 ἀνελεῖν
3142 2590 3319 2647 αὐτόν.
3393 2592 3677 2671 Ἐγνώσθη
3711 2588 3764 2647 δὲ
3792 2612 3860 2663 τῳ

2219 2702 2247 2730 ι(
2281 2676 2481 2751 Σαύλῳ
2509 2679 2543 2746 ἡ
2578 2672 2846 2748 ἐπιϐουλή
2881 2678 3077 2736 αὐτῶν.
3123 2683 3475 2757 Παρεττςρουν
3534 2702 3595 2738 τε
3646 2681 3740 2742 τὰς
3769 2681 3858 2735 πῦ-

2219 2789 2247 2818 (ι
2277 2763 2375 2827 λας
2404 2764 2614 2839 ἡμέρας
2653 2787 2712 2822 τε
2750 2766 2840 2822 καὶ
2897 2769 3110 2837 νυκτὸς,
3172 2769 3324 2832 ὅπως
3383 2770 3549 2828 αὐτὸν
3615 2769 3855 2827 ἆνέλωσι.

2219 2878 2247 2905 ‹‹
2282 2849 2553 2919 Λαϐόντες
2583 2852 2639 2910 δὲ
2670 2855 2827 2912 αὐτὸν
2858 2858 2908 2912 οἱ
2943 2858 3184 2932 μαθηταὶ
3225 2859 3442 2932 νυκτὸς,
3484 2867 3725 2932 καθῆκαν
3779 2856 3859 2913 διὰ

2218 2969 2246 2998 (ι
2269 2948 2366 2999 τοῦ
2396 2945 2637 3021 τείχους,
2672 2947 3010 3023 χαλάσαντες
3042 2948 3094 3005 ἐν
3127 2949 3370 3026 σπυρίδι.
3409 2976 3439 3004 n

2289 3076 2318 3105 «
2349 3053 2649 3128 Ἐκήρυσσε
2701 3056 2794 3111 τὸν
2860 3056 3087 3130 Χριστὸν
3146 3054 3199 3112 ἐν
3259 3063 3381 3120 ταῖς
3437 3064 3798 3137 συναγωγαῖς.
3829 3078 3855 3108 ιι

2215 3143 2343 3199 ’Ἀτε
2370 3146 2695 3217 νομομαθής
2726 3143 2800 3199 ὤν
2836 3145 3186 3221 ἐπεστόμιζεν
3240 3147 3470 3221 αὐτοὺς,
3528 3149 3618 3204 καὶ
3653 3146 3749 3204 οὐκ
3776 3145 3852 3201 εἴα

458 3222 919 3313 sinebat‘loqui.
961 3241 1062 3296 sed
1095 3258 1129 3296 a
1159 3240 1476 3311 Scripturis
1506 3239 1869 3295 contrarium
1900 3245 2097 3294 osten-

2217 3231 2550 3308 φθέγγεσθαι,
2585 3232 2711 3289 ἀλλ’
2736 3233 2843 3289 ἀπὸ
2893 3239 3001 3290 τῶν
3056 3240 3281 3313 Γραφῶν
3332 3234 3596 3296 ἐδείκνυε.
3653 3261 3681 3288 ιι
3714 3242 3851 3307 Συμο

456 3330 652 3384 debat.
677 3352 704 3379 ‹‹
732 3329 1125 3395 Conﬁrmans,
1152 3351 1179 3377 ››
1211 3328 1322 3382 hoc
1344 3335 1453 3391 est,
1476 3344 1610 3383 cum
1642 3327 2102 3383 mansuetudine

455 3419 675 3473 docens
705 3418 904 3471 Jesum
937 3434 1065 3471 esse
1122 3416 1421 3470 Christum
1482 3417 1584 3471 Dei
1643 3416 1876 3471 Filium.
1911 3418 1984 3471 At
2013 3417 2101 3472 illi

453 3504 892 3562 insidiabantur
920 3512 986 3559 ut
1011 3505 1205 3576 ipsum
1237 3504 1613 3560 occiderent:
1644 3521 1846 3560 verum
1878 3522 2101 3561 amuro

456 3612 562 3668 per
587 3594 908 3665 discipulos
949 3593 1243 3649 demissus
1302 3599 1391 3648 est
1438 3594 1498 3648 in
1567 3600 1788 3665 sporta,
1842 3610 1909 3649 ac
1964 3594 2103 3666 fuga

455 3691 722 3740 servatus
755 3690 863 3739 est.
897 3683 1217 3739 Considera
1247 3682 1405 3754 quod
1432 3684 1555 3751 jam
1592 3682 1917 3753 discipulos
1956 3700 2100 3753 quo-

460 3791 576 3846 que
609 3782 817 3830 nactus
848 3780 993 3839 erat,
1025 3773 1170 3828 adeo
1204 3779 1360 3829 totus
1389 3772 1635 3828 ardebat
1691 3789 1757 3827 ac
1814 3772 2100 3844 prazdica-

458 3866 621 3920 tione
655 3864 1109 3937 perﬁciebatur:
1139 3869 1315 3933 atque
1374 3879 1440 3917 eo
1494 3863 1623 3933 ipso
1668 3862 1826 3933 quod
1874 3862 2099 3919 tardius

456 3954 827 4020 accessisset,
859 3952 1190 4024 promptior
1220 3950 1609 4007 efficiebatur.
1660 3952 1727 4005 Et
1753 3967 2098 4023 quanquam

455 4042 597 4097 hinc
628 4043 881 4115 migrare
933 4047 1195 4114 cuperet,
1225 4048 1485 4098 attamen
1518 4041 1827 4097 hominum
1860 4057 2096 4113 quoque

452 4131 709 4188 salutem
739 4130 978 4188 amabat
1008 4148 1020 4186 :
1054 4135 1297 4203 propter
1325 4130 1484 4202 quod
1528 4130 1707 4186 etiam
1753 4130 2098 4202 frequenter

448 4220 793 4293 hujusmodi
851 4220 1417 4277 comminiscebatur
1449 4262 1462 4287 ,
1536 4236 1773 4275 servans
1832 4220 2094 4291 seipsum

445 4310 887 4381 praedicationi;
921 4325 1032 4364 nec
1062 4308 1376 4365 reeusabat
1393 4308 1674 4365 humanis
1697 4308 1785 4364 uti
1816 4308 2090 4374 inventis,

444 4399 546 4456 ubi
573 4399 860 4471 temporis
881 4398 1113 4454 occasio
1143 4402 1463 4468 expeteret.

513 4508 606 4571 1X.
637 4510 809 4564 26-28
864 4533 891 4558 «
925 4508 1068 4563 Cum
1100 4512 1298 4563 autem
1346 4506 1558 4562 Saulus
1614 4505 1873 4562 venisset
1897 4507 2083 4562 Jeru-

2218 3315 2482 3393 ϐιϐαζων,
2516 3347 2544 3376 ››
2601 3325 2869 3394 τουτέστι,
2931 3325 3047 3397 μετ’
3096 3324 3390 3388 ἐπιεικείας
3426 3325 3720 3394 διδάσκων,
3774 3324 3848 3378 ὅτι

2216 3410 2426 3480 Ἰησοῦς
2460 3412 2600 3467 ἐστιν
2633 3414 2661 3469 6
2687 3413 2923 3487 Χριστὸς
2953 3415 2983 3469 6
3015 3414 3138 3477 Υἱὸς
3194 3419 3294 3471 τοῦ
3358 3421 3492 3476 Boii.
3536 3418 3605 3475 Ol
3663 3413 3718 3471 δὲ
3758 3411 3846 3467 ἐπ·

2214 3495 2504 3557 εϐοόλευον
2534 3500 2671 3558 ὥστε
2700 3502 2909 3558 ἀνελεῖν
2952 3500 3133 3557 αὐτόν·
3167 3505 3196 3559 6
3227 3502 3282 3560 δὲ
3312 3504 3422 3561 ἀπὸ
3490 3510 3589 3562 τοῦ
3644 3503 3845 3580 τείχους

2214 3585 2266 3643 ἐν
2297 3587 2513 3663 σπυρίδι
2548 3589 2788 3667 ἐχαλᾶτο
2818 3588 2907 3647 διὰ
2934 3597 3042 3647 τῶν
3094 3594 3372 3666 μαθητῶν,
3436 3595 3529 3651 καὶ
3579 3592 3846 3660 διεσώζετο

2213 3680 2406 3755 φυγάς·
2439 3680 2639 3735 Σκόπει
2670 3680 2754 3736 ὅτι
2779 3679 2889 3751 ἤδη
2930 3684 3019 3738 καὶ
3074 3686 3317 3757 μαθητάς
3374 3686 3449 3755 ἦν
3501 3684 3845 3756 κτησάμενος,

2214 3768 2387 3831 οὕτως
2420 3769 2566 3832 ὅλως
2598 3769 2804 3826 ἐκαίετο
2846 3772 2937 3827 καὶ
2993 3772 3355 3848 ἐπεπλήρωτο
3413 3780 3515 3831 τοῦ
3571 3771 3843 3849 κηρύγμα-

2209 3878 2330 3929 τος,
2388 3858 2479 3914 καὶ
2535 3860 2597 3915 τὸ
2658 3857 2986 3935 βραδ·3τερον
3046 3862 3212 3920 αὐτὸν
3272 3863 3596 3937 προσελθεῖν
3654 3860 3840 3936 προθυ-

2213 3949 2440 4024 μότερον
2469 3947 2663 4007 ἐποίει.
2724 3948 2789 4005 is?
2840 3951 2940 4026 γὰρ
3000 3951 3090 4007 καὶ
3150 3951 3406 4025 ἐπεθύμει
3463 3957 3561 4022 τῆς
3617 3951 3837 4011 ἐντεῦθεν

2206 4036 2543 4111 ἀποδημίας,
2594 4038 2721 4096 ἀλλ’
2758 4039 2911 4113 ὅμως
2966 4042 3057 4097 καὶ
3121 4050 3219 4112 τῆς
3269 4048 3375 4099 τῶν
3428 4043 3721 4119 ἀνθρώπων
3741 4034 3841 4110 ἤρα

2207 4130 2498 4205 σωτηρίης·
2559 4127 2629 4186 δι’
2672 4130 2701 4184 ’ὀ
2756 4130 2847 4185 καὶ
2899 4130 3171 4195 πολλάκις
3222 4137 3453 4190 τοιαῦτα
3510 4133 3836 4209 ἐμηχανᾶτο,

2203 4220 2386 4294 τηρῶν
2414 4219 2603 4275 ἑαυτὸν
2651 4223 2730 4292 τῷ
2784 4220 3116 4297 κηρύγματι*
3175 4221 3264 4277 καὶ
3305 4222 3369 4278 οὐ
3430 4225 3727 4297 παρῃτεῖτο
3754 4212 3836 4271 καὶ

2205 4306 2567 4384 ἀνθρωπίνοις
2595 4309 2905 4383 χρήσασθαι
2956 4312 3373 4390 μηχανήμασιν,
3432 4312 3596 4383 ἡνίκα
3650 4305 3836 4379 ἀπῄτει

2201 4396 2413 4472 καιρός.

2276 4524 2302 4556 α
2338 4502 2774 4578 Παραγενόμενος
2855 4502 2913 4560 δὲ
2993 4505 3021 4560 6
3082 4505 3295 4568 Σαῦλος
3352 4506 3405 4562 ἐν
3463 4501 3830 4582 Ἰερουσαλὴμ,

442 4620 470 4648 ι(
497 4600 702 4661 salem.
729 4599 995 4655 tentabat
1016 4615 1077 4653 se
1095 4598 1418 4670 adiungere
1440 4596 1749 4668 discipulis
1770 4613 1782 4649 :
1803 4601 1863 4650 et
1882 4612 2090 4651 omnes

2215 4591 2511 4667 (ἐπειρᾶτο
2591 4592 2860 4651 κολλᾶσαι
2951 4601 3066 4660 τοῖς
3155 4600 3444 4671 μαθηταῖς·
3503 4596 3593 4653 καὶ
3646 4593 3830 4651 πάντες

441 4708 469 4736 ‹‹
502 4687 673 4741 illum
704 4688 1012 4755 timebant,
1046 4705 1165 4742 non
1196 4686 1505 4742 credentes
1531 4685 1688 4757 quod
1722 4691 1879 4740 esset
1907 4685 2082 4741 disci-

437 4795 467 4825 κ
497 4776 692 4845 pulus.
730 4778 1025 4832 Barnabas
1056 4794 1188 4831 vero
1221 4776 1657 4848 apprehensum
1701 4775 1873 4831 illum
1919 4774 2086 4830 duxit

435 4887 464 4915 «
488 4864 561 4921 ad
593 4868 913 4935 apostolos,
965 4868 1339 4938 narravitque
1368 4867 1514 4939 ipsis
1544 4866 1840 4937 quomodo
1877 4867 1939 4922 in
1991 4867 2082 4922 via

435 4976 460 5009 α
496 4955 737 5009 vidisset
769 4956 1085 5010 Dominum
1116 4956 1215 5011 89
1251 4963 1308 5011 et
1342 4956 1500 5027 quod
1534 4956 1766 5012 locutus
1795 4962 1951 5011 esset
1980 4956 2032 5011 ei
2063 4972 2077 5010 :

436 5066 456 5096 ι
495 5051 553 5100 et
582 5044 878 5116 quomodo
909 5045 1170 5100 Damasci
1205 5050 1441 5100 strenue
1465 5062 1527 5101 se
1573 5046 1852 5116 gessisset
1875 5047 1937 5100 in
1969 5062 2077 5101 no-

428 5158 454 5185 ‹‹
483 5137 648 5190 mine
677 5137 834 5191 Jesu.
860 5136 1115 5204 Eratque
1154 5152 1284 5189 cum
1321 5136 1467 5205 ipsis
1522 5136 1752 5191 intrans
1785 5141 1842 5191 et
1872 5136 2074 5190 exiens

426 5246 453 5274 ιι
487 5224 895 5296 Jerosolymis,
928 5240 995 5278 ac
1027 5240 1162 5279 cum
1193 5222 1413 5278 ﬁducia
1445 5224 1695 5295 loquens
1734 5224 1797 5279 in
1830 5225 2074 5279 nomine

428 5335 455 5362 ιι
496 5314 725 5369 Domini
760 5316 916 5370 Jesu.
951 5333 977 5362 ο

497 5405 682 5478 Digna
712 5407 807 5463 hic
841 5407 1145 5462 suboritur
1177 5404 1465 5461 dubitatio
1506 5406 1799 5477 quomodo
1848 5405 1908 5461 in
1934 5407 2073 5478 Epi-

422 5481 572 5550 stola
599 5495 669 5551 ad
697 5498 930 5552 Galatas
962 5497 1121 5552 dicat
1151 5495 1308 5567 quod
1340 5512 1459 5551 non
1516 5496 1729 5551 abierit
1776 5496 2069 5568 Jerosoly-

419 5601 604 5647 mam.
638 5585 742 5642 sed
773 5587 833 5640 in
864 5586 1165 5655 Arabium,
1194 5592 1253 5642 et
1298 5601 1537 5642 rursum
1596 5587 1967 5652 Damascum,
2000 5602 2069 5641 ac

413 5680 551 5751 post
577 5682 699 5734 tres
731 5692 921 5734 annos
969 5676 1395 5750 Jerosolymam
1426 5682 1492 5734 ut
1550 5675 1775 5735 videret
1804 5677 2064 5744 Petrum,

2190 4706 2221 4735 «
2254 4677 2551 4759 ἐφοϐοῦντο
2580 4684 2764 4747 αὐτὸν,
2818 4686 2894 4757 μή
2954 4685 3294 4749 πιστεύοντες
3352 4687 3436 4742 ὅτι
3491 4685 3602 4742 ἐστὶ
3660 4682 3831 4756 μαθη-

2195 4794 2225 4824 ‹‹
2252 4775 2372 4841 τῆς.
2406 4768 2684 4847 Βαρνάϐας
2727 4771 2785 4828 δὲ
2832 4770 3233 4848 ἐπιλαϐόμενος
3284 4775 3465 4843 αὐτὸν,
3498 4772 3670 4850 ἤγαγε
3696 4769 3825 4843 πρὸς

2191 4889 2218 4916 ‹‹
2247 4866 2374 4928 τοὺς
2403 4865 2765 4934 ἀποστόλους,
2818 4869 2907 4922 καὶ
2967 4865 3265 4943 διηγήσατο
3325 4869 3509 4930 αὐτοῖς
3539 4871 3654 4927 πῶς
3684 4863 3734 4918 ἐν
3758 4860 3819 4931 τῇ

2188 4980 2216 5007 ‹‹
2246 4953 2359 5027 ὁδῷ
2388 4954 2497 5011 εἶδε
2526 4954 2617 5011 τὸν
2654 4956 2876 5030 Κύριον,
2928 4959 3018 5013 καὶ
3077 4959 3160 5013 ὅτι
3221 4959 3488 5029 ἐλάλησεν
3543 4955 3706 5025 αὐτῷ·
3736 4944 3819 5003 καἶ

2189 5049 2363 5105 «πῶς
2419 5042 2473 5099 ἐν
2533 5054 2791 5118 Δαματκη
2854 5045 3294 5122 ἐπαῗρησιάσατο
3352 5046 3403 5103 ἐν
3465 5052 3543 5120 τῷ
3602 5040 3818 5113 ὀνόματι

2185 5161 2210 5187 ‹‹
2248 5137 2344 5187 τοῦ
2376 5132 2577 5203 Ἰησοῦ.
2618 5134 2717 5191 Καὶ
2759 5135 2826 5204 ἧν
2864 5138 2981 5209 μετ’
3014 5137 3189 5191 αὐτῶν
3245 5136 3694 5212 εἰσπορευόμενος
3747 5124 3820 5185 εἷς

2184 5245 2213 5275 ‹‹
2244 5220 2625 5295 Ἰερουσαλὴμ,
2657 5223 2746 5278 καὶ
2800 5222 3308 5301 παρρησιαζόμενος
3366 5224 3418 5282 ἐν
3471 5229 3552 5297 τῷ
3603 5219 3816 5291 ὀνόματι

2181 5336 2211 5365 ‹‹
2239 5316 2337 5368 τοῦ
2372 5314 2570 5387 Κυρίου
2603 5314 2807 5382 Ἰησοῦ.
2845 5339 2873 5366 »δ

2249 5404 2435 5474 ’Ἄξιον
2482 5402 2709 5466 ἐνταῦθα
2767 5401 3118 5479 διαπορῆσαι,
3153 5410 3271 5469 πῶς
3302 5407 3354 5463 ἐν
3424 5406 3518 5476 μὲν
3574 5404 3638 5474 τῇ
3682 5391 3811 5468 πρὸς

2178 5488 2423 5552 Γαλάτας
2455 5491 2640 5568 φησὶν,
2690 5491 2774 5547 ὅτι
2836 5490 2951 5550 Οὔκ
3007 5492 3259 5563 ἀπῆλθον
3319 5496 3393 5559 εὶς
3449 5485 3784 5568 Ἰεροσόλυμα

2177 5578 2301 5638 ἀλλ’
2329 5578 2405 5642 εἷς
2438 5564 2696 5654 ’Ᾰραϐίαν
2725 5582 2814 5638 καὶ
2872 5584 3180 5656 Δαμασκὸν,
3212 5583 3303 5643 καὶ
3361 5583 3494 5661 μετὰ
3520 5564 3664 5653 ’τρία

2174 5668 2252 5733 εἲς
2305 5668 2663 5748 Ἰεροσόλυμα
2698 5714 2714 5745 ,
2768 5671 2859 5728 καὶ
2937 5672 3225 5751 ὶστορῆσαι
3309 5656 3511 5752 Πέτρον
3580 5663 3666 5723 καὶ
3717 5656 3802 5712 ὅτι

3992 5190 3993 5213 ι

3988 5276 3991 5321 ί

3988 5396 3989 5427 ι

3984 5608 3985 5631 ι

3982 5690 3983 5741 ί
