4112 6250
299 392 330 456 1
341 399 408 457 73

1366 406 1763 467 COMMENT.
1818 403 1891 464 ιιι
1937 400 2146 463 ACTA
2191 399 2793 464 APOSTOLORUM.

3670 407 3785 472 174

286 525 471 584 οὐδένα
499 535 625 586 τῶν
658 533 1052 592 ἀποστόλων
1090 535 1261 594 εἶδον.
1300 540 1564 596 Ἐνταῦθα
1630 534 1690 591 δὲ
1715 533 2018 591 τοόναντίον

2140 533 2414 606 quodque
2435 533 2669 589 nullum
2692 539 3041 592 cmterorum
3060 535 3274 592 viderit
3296 540 3702 610 apostolorum
3716 543 3786 599 ⁸⁸.

274 617 456 695 φησὶν,
495 617 732 698 ἤγαγεν
804 625 1000 681 αὗτὸν
1067 628 1213 702 πρὸς
1263 626 1389 687 τοὺς
1447 623 1788 687 ἀποστόλους
1822 626 1850 679 ὁ
1885 627 2028 698 Βαρ-

271 705 456 771 νάϐας.
499 714 573 768 Ἥ
613 715 832 770 τοίνυν
882 717 1075 773 τοῦτό
1135 739 1297 789 φησιν
1359 716 1405 772 ἒν
1464 721 1531 792 τῇ
1588 717 1725 790 πρὸς
1787 712 2026 776 Γαλάτας

274 799 620 876 Ἐπιστολῇ,
661 803 766 858 ὅτι
806 805 935 861 οὐκ
995 805 1272 877 ἀπῆλθεν,
1332 806 1470 862 ὥστε
1527 803 1826 870 ἀναθέσθαι.
1884 803 2028 873 Φησὶ

270 888 386 964 γὰρ,
422 889 516 945 ὅτι
548 891 641 946 Ut}
678 895 1180 968 προσανεθέμην,
1235 893 1364 950 οὐδὲ
1419 894 1666 964 ἀπῆλθον
1726 895 1802 955 εἰς
1861 895 2026 968 Ἱερο-

274 975 517 1050 σόλυμα.
553 982 639 1036 Ἤ
674 981 730 1036 εἴ
778 985 875 1056 μή
913 989 1120 1056 τοῦτο,
1159 983 1325 1054 δῆλον
1355 985 1440 1040 ὅτι
1472 987 1508 1054 ἡ
1569 979 1845 1050 ἐπιϐουλὴ
1905 985 1938 1051 ἠ
1974 981 2027 1036 ἐν

277 1073 560 1141 Δαμασκῷ
631 1071 757 1127 οὐκ
844 1074 1072 1135 εὐθέως
1143 1075 1275 1147 μετά
1328 1075 1391 1129 τὸ
1451 1078 1731 1129 πιστεῦσαι
1789 1073 2026 1147 γέγονεν,

283 1156 424 1213 ἀλλὰ
459 1161 616 1231 μετᾶ
642 1162 720 1216 τὸ
759 1161 977 1227 ἐλθεῖν
1044 1164 1206 1219 αὐτὸν
1259 1163 1365 1218 ἀπὸ
1425 1158 1680 1238 Ἀραϐίας
1742 1163 1878 1234 μετὰ
1925 1154 2021 1230 ἔτη

289 1249 428 1324 τρία,
454 1251 537 1307 Ἦ
571 1252 626 1306 εἴ
659 1254 754 1323 μή
791 1260 983 1310 τοῦτο
1018 1252 1212 1324 πάλιν,
1269 1254 1431 1316 αὐτὸς
1492 1253 1586 1326 μὲν
1650 1252 1750 1308 οὐκ
1805 1248 2024 1319 ἀπῆλθε

299 1341 427 1412 πρὸς
449 1342 592 1403 τοὺς
629 1342 1062 1414 ἀποστόλους,
1096 1343 1242 1400 ἀλλά
1289 1348 1406 1403 τοῖς
1439 1347 1712 1416 μαθηταῖς
1767 1338 2023 1406 ἐπειρᾶτο

301 1429 650 1496 κολλᾶσθαι,
690 1435 1058 1508 μετριάζων,
1092 1431 1128 1488 δι’
1180 1453 1238 1488 τε
1296 1429 1622 1493 διδάσκαλος
1680 1436 1753 1485 ὢν
1812 1429 1902 1484 καὶ
1960 1429 2025 1483 οὐ

325 1523 608 1593 μαθητής.
641 1518 964 1596 Βαρνάϐας
988 1520 1048 1577 δὲ
1078 1522 1238 1578 αὐτὸν
1266 1523 1355 1576 καὶ
1414 1523 1552 1594 πρὸς
1606 1521 1732 1582 τοὺς
1786 1517 2024 1575 ἀποστό-

329 1608 461 1672 λους
493 1610 643 1686 ἒὶγει,
676 1614 778 1666 καὶ
815 1610 1100 1687 διηγεῖται
1157 1611 1246 1666 ατε
1304 1608 1440 1666 εἶδεν
1496 1612 1529 1664 δι
1577 1632 1636 1665 τε
1693 1608 2024 1685 ἐπαργξησιά-

344 1722 491 1760 σατο.
528 1703 633 1756 Διά
659 1705 842 1757 τοῦτο
878 1700 1155 1771 ἀπῆλθον,
1213 1702 1395 1780 φησὶν,
1424 1701 1511 1755 ἳνα
1543 1702 1678 1776 πρός
1730 1700 1858 1760 τοὺς
1919 1697 2026 1772 πρὸ

347 1791 477 1866 ἐμοῦ
533 1789 901 1853 ἀποστόλους
965 1789 1208 1855 ἀπέλθω
1270 1787 1422 1846 οὐδὲν
1474 1795 1604 1864 γοῦν
1664 1789 1790 1863 παρ’
1849 1785 2023 1842 αὐτῶν

2140 623 2244 678 Hic
2274 629 2472 678 autem
2503 625 2587 678 ait
2607 625 2990 682 contrarium.
3025 627 3184 698 quod
3215 627 3448 684 duxerit
3477 647 3610 686 eum
3649 633 3789 688 Bar-

2137 713 2324 768 nabas
2349 714 2422 768 ad
2453 714 2775 784 apostolos.
2807 716 2923 769 Aut
2953 716 3132 786 igitur
3188 717 3300 772 hoc
3357 719 3501 774 dicit
3557 721 3618 776 in
3649 723 3786 793 Epi-

2140 807 2291 862 stola
2321 807 2391 862 ad
2415 807 2669 865 Galatas.
2695 809 2851 878 quod
2877 826 2996 863 non
3029 809 3175 864 abiit
3199 818 3265 866 ut
3291 813 3365 867 ad
3388 829 3487 868 eos
3519 814 3788 871 referret.

2139 897 2236 951 Ait
2263 896 2423 950 enim
2455 896 2708 951 ibidem:
2744 898 2868 951 Non
2900 899 3121 953 contuli
3149 916 3240 955 me
3262 917 3457 972 neque
3488 903 3785 959 abiiJero-

2139 985 2426 1057 solymam
2459 1002 2472 1051 ;
2506 991 2608 1040 aut
2637 986 2682 1039 si
2717 985 2827 1040 hoc
2854 1003 2974 1041 non
3017 987 3209 1059 placet
3265 991 3646 1047 manifestum
3696 997 3786 1049 est

2141 1077 2298 1147 quod
2331 1076 2560 1131 insidiae
2585 1093 2716 1147 quae
2749 1078 3015 1133 Damasci
3051 1081 3431 1150 parabantur,
3458 1100 3576 1138 non
3603 1085 3789 1139 conti-

2137 1179 2256 1219 nuo
2289 1164 2457 1219 factae
2492 1165 2750 1219 suntubi
2807 1166 2908 1220 ille
2966 1168 3337 1237 credidisset,
3398 1171 3500 1226 sed
3553 1189 3688 1228 cum
3710 1172 3783 1228 ab

2137 1253 2354 1309 Arabia
2384 1259 2520 1324 post
2549 1270 2739 1309 annos
2771 1261 2888 1310 tres
2919 1257 3213 1314 rediisset.
3248 1261 3623 1332 Rursumque
3653 1264 3702 1317 si
3725 1262 3785 1319 id

2135 1359 2258 1398 non
2291 1343 2504 1414 placet,
2529 1344 2656 1413 ipsa
2688 1344 2929 1414 quidem
2962 1361 3082 1401 non
3142 1347 3289 1402 abiit
3333 1349 3408 1404 ad
3461 1351 3784 1422 apostolos.

2137 1433 2241 1488 sed
2272 1432 2581 1503 discipulis
2611 1432 2746 1487 aliis
2779 1435 3044 1489 tentabat
3063 1452 3126 1491 se
3147 1437 3496 1510 adiungere,
3521 1440 3788 1496 modeste

2137 1520 2209 1576 de
2241 1539 2302 1576 se
2335 1521 2620 1588 sentiens,
2653 1538 2787 1576 cum
2821 1529 3020 1578 tamen
3052 1534 3380 1597 praeceptor
3403 1535 3560 1584 esset
3581 1536 3638 1584 et
3669 1545 3791 1584 non

2137 1609 2484 1681 discipulus.
2513 1609 2810 1664 Barnabas
2844 1627 2976 1664 vero
3008 1611 3202 1683 ipsum
3226 1614 3403 1669 etiam
3437 1615 3512 1670 ad
3555 1621 3789 1687 aposto-

2135 1700 2226 1754 los
2257 1699 2440 1764 ducit,
2473 1705 2796 1771 narratque
2828 1707 2885 1755 et
2917 1718 3048 1772 quae
3079 1703 3292 1758 viderit
3331 1711 3390 1759 et
3422 1722 3552 1776 quae
3591 1705 3788 1777 palam

2135 1789 2368 1844 locutus
2399 1789 2491 1843 sit.
2530 1790 2777 1860 Propter
2809 1790 2939 1854 hoc,
2974 1790 3188 1861 inquit,
3221 1793 3521 1863 profectus
3545 1812 3697 1863 sum,
3721 1800 3788 1850 ut

347 1878 563 1956 ἔμαθον.
597 1883 673 1939 ”Η
705 1882 922 1950 ταότην
975 1883 1077 1950 τήν
1133 1878 1324 1936 ἄνοδον
1385 1875 1634 1953 λάμϐανε
1689 1878 1828 1934 ὥστε
1881 1879 2018 1932 εἶναι

2140 1879 2207 1934 ad
2242 1895 2343 1934 eos
2374 1878 2474 1948 qui
2507 1884 2644 1934 ante
2665 1895 2761 1934 me
2783 1879 3019 1935 fuerant
3037 1883 3291 1952 apostoli
3314 1885 3597 1940 venirem.
3625 1885 3783 1940 Nihil

355 1973 548 2043 οὕτως,
615 1974 704 2026 ὅτι
768 1971 1018 2040 ἀπῆλθεν
1079 1971 1154 2032 εἷς
1211 1965 1488 2044 Ἀραϐίαν,
1549 1971 1665 2025 εἶτα
1719 1967 1887 2037 ἦλθεν
1943 1967 2020 2029 εἷς

359 2063 672 2135 Δαμασκὸν,
735 2062 858 2116 εἶτα
918 2060 995 2122 εἲς
1051 2058 1426 2134 Ἰεροσόλυμα,
1488 2059 1602 2113 εἶτα
1660 2056 1735 2119 εἷς
1798 2057 2018 2132 Συρίαν.

361 2154 428 2209 ἸΙ
453 2152 502 2207 εἷ
536 2154 614 2223 μὴ
647 2155 826 2206 τοῦτο
885 2148 1080 2218 πάλιν,
1115 2148 1199 2204 ὅτι
1229 2149 1380 2212 αὗθις
1432 2145 1663 2217 ἀνῆλθεν
1723 2147 1797 2208 εἷς
1857 2148 2020 2219 Ἱερο-

377 2240 588 2312 σόλυμα
621 2286 635 2308 ,
695 2240 814 2294 εἶτα
905 2239 980 2300 εἷς
1042 2237 1325 2310 Δαμασκὸν
1382 2235 1711 2313 ἐξεπέμφθη,
1772 2241 1889 2290 εἶτα
1943 2235 2018 2296 εἷς

379 2326 805 2402 Ἀραϐἱαα,εἷτα
851 2327 931 2390 εἷς
989 2329 1274 2402 Δαμασκὸν
1331 2323 1523 2398 πάλιν,
1585 2325 1698 2380 εἶτα
1756 2325 1830 2387 εἰς
1886 2328 2020 2381 Και-

379 2419 610 2492 σάρειαν.
674 2417 774 2474 Καὶ
854 2417 977 2471 τότε
1065 2415 1153 2472 διὰ
1210 2414 1611 2489 δεκατεσσάρων
1667 2413 1797 2468 ἐτῶν
1855 2407 2018 2482 ἇνὲϐη

371 2506 536 2564 πάλιν
568 2509 645 2569 εἷς
678 2504 1062 2581 Ἱεροσόλυμα,
1106 2505 1235 2568 ἴσως
1289 2505 1377 2560 ὅτε
1421 2505 1548 2565 τοὺς
1600 2501 1871 2576 ἀδελφοὺς
1927 2504 2022 2557 ἀν-

366 2600 542 2674 ήγαγε
578 2597 718 2670 μετὰ
744 2591 1012 2669 Βαρνάϐα.
1043 2596 1115 2652 ’Ἠ
1168 2594 1213 2648 εἰ
1268 2595 1343 2666 μὴ
1395 2598 1578 2658 τοῦτο,
1637 2587 1816 2668 ἕτερον
1868 2589 2020 2668 λέγει

356 2685 570 2760 καιρόν.
609 2688 720 2743 Καὶ
768 2685 875 2758 γὰρ
935 2685 963 2738 6
1011 2683 1427 2762 ἱστοριογράφος
1482 2678 1670 2736 πολλα
1721 2680 2019 2752 ἐπιτέμνει,

353 2777 446 2832 καὶ
479 2773 738 2836 πολλοὺς
763 2774 979 2846 συνάγει
1034 2770 1279 2848 καιροὺς.
1313 2777 1471 2826 Δοκεῖ
1527 2767 1584 2825 δὲ
1631 2791 1724 2842 μοι
1754 2771 1781 2823 6
1815 2768 2021 2844 Βαρνά-

352 2861 452 2932 ϐας
540 2863 751 2920 ἄνωθεν
815 2863 961 2934 αὖτῷ
1033 2863 1166 2916 εἶναι
1227 2859 1406 2941 φίλος.
1473 2862 1572 2916 Ἦν
1630 2857 1687 2913 δὲ
1737 2857 2018 2934 ἄνθρωπος

352 2956 608 3023 ἐπιεικὴς
642 2954 740 3008 καὶ
775 2952 1017 3027 χρηστὸς
1051 2946 1276 3025 σφόδραο
1312 2946 1396 3004 διὸ
1425 2949 1514 3003 καὶ
1567 2948 1684 3010 υἱὸς
1733 2945 2021 3024 παρακλή-

343 3067 488 3108 σεως
577 3042 926 3122 φερωνόμως
1007 3038 1252 3116 ἐλέγετο’
1338 3039 1457 3094 ὅθεν
1543 3037 1630 3092 καὶ
1701 3036 2020 3112 εὐπρόσιτος

342 3138 546 3211 γέγονε
572 3139 657 3206 τῷ
686 3127 868 3206 ἀνδρί.

459 3308 732 3365 σἘλὰλει
784 3330 840 3364 τε
921 3307 1012 3363 καὶ
1067 3308 1345 3378 συνεζήτει
1393 3305 1532 3380 πρὸς
1581 3304 1708 3366 τοὺς
1757 3302 2016 3374 Ἐλληνι-

381 3424 411 3451 ει
450 3398 576 3460 στας
610 3399 662 3452 οἱ
709 3395 760 3452 δὲ
811 3397 1130 3472 ἐπεχείρουν
1179 3396 1334 3451 αὐτὸν
1384 3395 1613 3450 ἀνελεῖν.
1684 3393 2020 3466 Ἐπιγνόντες

371 3485 497 3544 «δὲ
527 3489 581 3540 οἱ
635 3483 882 3565 ἀδελφοὶ,
935 3489 1250 3560 κατήγαγον
1312 3483 1470 3539 αὑτὸν
1529 3483 1604 3545 εἷς
1669 3483 2016 3558 Καισάρειαν,

363 3604 393 3632 α
425 3579 519 3649 κᾳὲ
551 3574 935 3646 ἐξαπέστειλαν
966 3573 1126 3630 αὐτὸν
1157 3575 1232 3636 εἰς
1263 3575 1494 3648 Ταρσόν.
1530 3597 1558 3623 ››
1740 3585 1744 3589 ’

429 3667 800 3737 Ἑλληνιστάς
852 3687 987 3743 φησι
1045 3665 1177 3726 τοὺς
1225 3661 1547 3734 Ἑλληνιστί
1599 3663 2020 3739 φθεγγομένους,

357 3762 453 3819 καὶ
487 3760 696 3841 scyria-pa
729 3764 938 3834 σοφῶς.
972 3759 1038 3815 Οἱ
1071 3758 1175 3834 γὰρ
1204 3755 1393 3828 ἄλλοι,
1424 3755 1699 3811 τουτέστιν
1729 3755 1780 3808 οἱ
1835 3756 2017 3830 βαθεῖς

357 3847 629 3927 Ἑϐραῖοι,
663 3848 794 3904 οὗδὶ
825 3844 956 3902 ἰδεῖν
993 3847 1154 3902 αὐτὸν
1183 3845 1483 3916 ἠθέλησαν,

427 3967 455 3990 ιι
491 3941 565 3996 Αἱ
601 3942 699 4011 μὲν
735 3939 837 3992 οὔκ
865 3935 1185 4006 Ἐκκλησίαι
1243 3937 1360 3990 καθ’
1407 3933 1545 4006 ὅλης
1596 3942 1695 4004 τῆς
1753 3931 2018 3996 Ἰουδαίας

349 4055 384 4082 α
410 4032 502 4085 καὶ
551 4028 863 4089 Γαλιλαίας
891 4025 984 4080 καὶ
1018 4026 1326 4099 Σαμαρείας
1358 4023 1510 4098 εἶχον
1576 4023 1814 4098 εἰρήνην,
1870 4022 2018 4078 οἷκο·

344 4145 370 4174 ι
422 4117 772 4193 δομοῦμεναι
854 4115 946 4170 καὶ
999 4115 1361 4188 πορευόμεναι
1413 4117 1494 4184 τῷ
1543 4108 1698 4190 φόϐῳ
1747 4117 1844 4166 τοῦ
1905 4119 2017 4166 Κυ-

349 4234 380 4261 ιι
421 4210 570 4284 ρίου,
621 4207 715 4261 καὶ
799 4207 869 4278 τῇ
928 4200 1270 4277 παρακλήσει
1319 4206 1426 4257 ποῦ
1479 4203 1637 4278 ἁγίου
1700 4201 2017 4275 Πνεόματος

344 4323 376 4351 αι
413 4296 823 4366 ἐπληθῦνοντο.
859 4320 880 4348 ι

427 4389 500 4445 Αἱ
564 4386 658 4459 μὲν
738 4384 830 4438 οὗν
927 4381 1266 4452 Ἐκκλησίαι.
1302 4403 1328 4434 υ
1415 4377 1624 4436 Μέλλει
1687 4379 1866 4457 Λέγειν
1927 4379 2014 4437 ὅτι

343 4478 600 4532 κάτεισιν
635 4474 838 4537 ἐκεῖθεν
868 4473 896 4526 6
930 4473 1148 4541 Ιιὲτρος·
1201 4468 1291 4524 ἳνα
1340 4470 1432 4524 οὖν
1497 4470 1572 4542 μή
1633 4463 1802 4548 φόϐον
1853 4473 2020 4524 τοῦτο

344 4566 623 4639 νομίσῃς,
685 4567 940 4636 προεῖπεν
993 4561 1076 4614 ὅτι
1108 4559 1330 4631 εἰρήνην
1363 4559 1523 4637 εἶχον
1579 4558 1634 4611 αἱ
1667 4555 2015 4628 Ἐκκλησίαι.

345 4657 490 4712 Ὅτε
526 4653 624 4727 μὲν
649 4651 755 4728 γαρ
803 4651 838 4718 ἡ
887 4650 1036 4723 ἀκμή
1087 4652 1184 4703 τοῦ
1241 4647 1492 4719 πολέμου
1548 4644 1632 4713 ἦν,
1669 4646 1720 4699 ἓν
1781 4647 2016 4719 Ἰεροσο-

346 4742 564 4816 λύμοις
625 4733 896 4814 διέτριϐον
949 4738 1001 4792 οἱ
1045 4735 1365 4792 ἀπόστολοι·
1415 4736 1505 4792 ὅτε
1561 4732 1619 4789 δὲ
1677 4733 1892 4810 εἰρήνη,
1923 4735 2014 4790 καὶ

339 4836 473 4895 τθῐς
505 4830 712 4892 ἄλλοις
742 4828 1057 4904 ἐκήρυττον.

994 4919 1250 4974 ΚΕΦΑΛ.
1296 4916 1393 4972 ῘΔ“.

351 5013 491 5070 Hes?
583 5008 751 5066 Λὶνὲα
835 5004 1208 5079 πειιιοσιλυτικφὖ
1261 5003 1517 5079 ηῖαβέῖῖος
1575 5000 1626 5056 ἐν
1689 4999 1886 5079 Λέδδῖδη
1929 5000 2020 5058 διὰ

429 5085 663 5162 [li-.990.
703 5083 788 5137 Ἐν
916 5072 1006 5131 ’τά
1059 5077 1179 5162 περὶ
1219 5072 1467 5162 ’Ταϐηθᾶ
1512 5079 1612 5161 τῆς
1642 5072 2014 5162 ,φιλοχήροὶῃ

427 5157 498 5225 ἦν
542 5151 783 5231 -ἦγειρεν
835 5151 895 5206 ἐκ
948 5153 1151 5223 νεκρῶν
1213 5151 1240 5202 ὁ
1290 5151 1515 5221 Πέτρος,
1577 5151 1664 5200 διὰ
1700 5153 2015 5222 προσευχῆς

428 5225 483 5283 ἒν
509 5225 757 5298 Ἰώὶτπῃ.

424 5343 458 5370 σι
493 5317 742 5390 Ἐγένετο
817 5310 896 5381 δε,
960 5311 1160 5383 Πέτρον
1213 5305 1571 5382 διερχόμενον
1629 5303 1716 5361 διὰ
1774 5308 2013 5378 πὰντῶν,

352 5433 382 5461 α
413 5408 706 5464 κατελθεῖν
725 5405 818 5459 καὶ
847 5401 986 5476 πρὸς
1017 5399 1142 5460 τοὺς
1202 5397 1391 5472 ἁγίους
1447 5397 1573 5460 τοὺς
1629 5403 2014 5462 κατοικοῦντας

350 5497 610 5555 ιιΛόδαν.
656 5495 794 5570 Εὗρε
853 5489 913 5547 δὲ
972 5490 1082 5544 ἐκεῖ
1136 5487 1420 5560 ἄνθρωπόν
1478 5508 1598 5542 τινα
1659 5487 1848 5544 Αἰνέαν
1901 5489 2018 5543 6V6-

357 5613 387 5647 ι
422 5613 580 5665 ματι,
629 5589 684 5661 ἐξ
716 5587 853 5644 ἐτῶν
917 5582 1062 5637 ὀκτὼ
1115 5580 1501 5654 κατακείμενον
1553 5576 1637 5634 ἐπὶ
1693 5576 2012 5658 κραϐϐάτῳ,

421 5775 472 5812 ⁸⁵
499 5775 682 5833 Galat.
718 5791 761 5842 ι,
798 5771 868 5826 I1
903 5783 1046 5838 Iq‘I-

2133 1968 2312 2041 igitur
2341 1967 2412 2022 ab
2446 1968 2531 2022 eis
2557 1967 2757 2023 didici.
2793 1969 2897 2024 Vel
2929 1969 3088 2025 hunc
3147 1971 3403 2027 reditum
3465 1974 3550 2029 sic
3579 1974 3780 2045 accipe

2129 2063 2197 2111 ut
2225 2058 2306 2112 ita
2335 2057 2413 2112 sit
2442 2057 2600 2127 quod
2633 2057 2848 2112 abierit
2877 2057 2936 2112 in
2968 2059 3268 2127 Arabiam,
3301 2061 3517 2117 deinde
3549 2063 3777 2118 venerit

2130 2149 2500 2213 Damascum,
2517 2145 2733 2199 deinde
2745 2146 3194 2218 Jerosolymam,
3215 2149 3429 2205 deinde
3447 2151 3506 2205 in
3523 2151 3772 2221 Syriam.

2130 2240 2245 2289 Aut
2275 2236 2322 2289 si
2350 2251 2459 2289 nec
2516 2235 2627 2288 hoc
2661 2236 2903 2304 quidem
2960 2238 3266 2302 satisfacit,
3318 2240 3475 2310 quod
3532 2257 3770 2296 rursum

2126 2323 2554 2393 Jerosolymam
2587 2323 2850 2389 redierit,
2883 2324 3098 2380 deinde
3143 2328 3488 2383 Damascum
3524 2332 3780 2386 emissus

2131 2412 2614 2483 sit.postmodum
2633 2413 2694 2466 in
2730 2411 3026 2478 arabiam,
3049 2414 3263 2469 exinde
3286 2433 3522 2471 rursum
3543 2419 3778 2473 Damas-

2129 2518 2287 2560 cum.
2320 2507 2526 2572 postea
2546 2502 2869 2557 Caesaream
2894 2518 2907 2555 :
2933 2508 2990 2556 et
3011 2509 3151 2557 tunc
3173 2511 3306 2574 post
3325 2507 3776 2576 quatuordecim

2129 2609 2318 2648 annos
2375 2608 2577 2646 rursus
2677 2592 2946 2646 ascendit
3017 2593 3430 2666 Jerosolyma:
3507 2596 3779 2652 fortassis

2129 2682 2367 2754 quando
2399 2682 2609 2736 fratres
2639 2681 2884 2736 adduxit
2913 2699 3045 2736 cum
3072 2684 3358 2740 Barnaba.
3392 2685 3557 2750 Quod
3589 2687 3637 2742 si
3667 2687 3780 2743 hoc

2127 2789 2249 2828 non
2280 2777 2389 2838 est,
2420 2770 2584 2826 aliud
2616 2770 2760 2825 dicit
2787 2777 3040 2843 tempus.
3076 2773 3596 2846 Historiographus
3619 2776 3780 2831 enim

2128 2864 2317 2919 multa
2347 2863 2667 2926 abbreviat,
2702 2863 3006 2934 multaque
3039 2866 3336 2920 contrahit
3365 2872 3650 2938 tempora.
3683 2870 3776 2923 Vi-

2129 2954 2302 3009 detur
2330 2958 2528 3007 autem
2562 2952 2708 3006 mihi
2741 2953 3038 3028 Barnabas
3070 2955 3248 3009 etiam
3274 2961 3452 3010 antea
3479 2956 3664 3011 fuisse
3689 2957 3779 3012 illi

2130 3042 2376 3098 amicus.
2405 3043 2543 3095 Erat
2572 3041 2733 3095 enim
2784 3041 2959 3096 homo
3015 3042 3307 3115 benignus
3342 3049 3400 3098 et
3456 3044 3778 3101 admodum

2131 3131 2326 3187 suavis
2350 3147 2363 3184 :
2397 3130 2528 3185 ideo
2547 3145 2783 3199 quoque
2815 3129 2972 3184 ﬁlius
2989 3131 3419 3186 consolationis
3437 3149 3508 3187 ex
3528 3133 3777 3188 nomine

2131 3219 2439 3274 dicebatur
2458 3235 2478 3272 :
2505 3217 2665 3272 unde
2697 3224 2756 3272 et
2785 3234 3026 3274 accessu
3051 3219 3242 3274 facilis
3273 3220 3386 3274 fuit
3415 3222 3565 3277 viro.

2197 3309 2292 3373 ΙΧ,
2321 3310 2408 3370 29,
2435 3310 2520 3362 30.
2547 3330 2575 3358 ‹‹
2603 3309 3093 3379 Loquebaturque
3113 3315 3171 3364 et
3191 3309 3534 3381 disputabat
3564 3311 3777 3368 adver-

2128 3418 2155 3446 α
2192 3414 2292 3451 sus
2319 3397 2581 3452 Graecos:
2614 3402 2675 3451 at
2715 3396 2804 3450 illi
2863 3397 3209 3453 nitebantur
3274 3399 3546 3455 occidere
3579 3399 3773 3456 illum.

2127 3507 2154 3535 ‹‹
2190 3485 2356 3551 Quod
2385 3485 2487 3541 ubi
2540 3485 2954 3556 cognovissent
3003 3487 3235 3549 fratres.
3269 3489 3371 3554 90
3403 3489 3779 3545 deduxerunt

2125 3598 2154 3626 ι(
2189 3591 2323 3630 eum
2355 3576 2681 3630 Caesaream
2714 3581 2772 3631 et
2801 3577 3130 3632 emiserunt
3156 3578 3348 3649 ipsum
3376 3581 3640 3635 Tarsum.
3677 3602 3704 3630 »

2201 3667 2430 3721 Graecos
2462 3673 2629 3721 vocat
2659 3667 2853 3721 Graece
2879 3666 3214 3737 loquentes.
3247 3668 3426 3738 idque
3477 3670 3779 3739 sapienter

2127 3755 2468 3811 admodum.
2503 3757 2616 3810 Alii
2649 3756 2832 3814 enim.
2885 3773 3100 3827 nempe
3133 3758 3232 3827 qui
3284 3758 3494 3813 intime
3551 3757 3780 3812 Hebraei

2130 3853 2316 3905 erant.
2354 3863 2427 3900 ne
2449 3845 2648 3900 videre
2679 3845 2916 3916 quidem
2953 3846 3144 3916 ipsum
3176 3846 3512 3901 voluerunt.

2202 3937 2298 3994 IX.
2331 3936 2418 3989 3t.
2453 3956 2477 3986 ιι
2503 3936 2684 4007 Igitur
2713 3935 2993 3989 Ecclesia:
3021 3953 3128 4006 per
3151 3937 3484 3991 universam
3516 3936 3778 3992 Iudaeam

2129 4049 2157 4079 «
2191 4031 2248 4080 et
2280 4024 2580 4078 Galilaeam
2611 4040 2678 4077 ac
2709 4023 3034 4078 Samariam
3090 4042 3234 4095 pace
3294 4026 3644 4081 fruebantur
3671 4043 3685 4093 ;
3717 4033 3777 4082 et

2131 4137 2156 4164 ‹‹
2193 4112 2643 4168 mdiﬁcabantur
2672 4117 2971 4165 versantes
3031 4111 3091 4165 in
3154 4113 3362 4167 timore
3423 4116 3679 4178 Domini,
3717 4120 3776 4170 et

2135 4224 2161 4256 α
2192 4201 2595 4258 consolatione
2628 4199 2824 4254 Sancti
2860 4199 3103 4271 spiritus
3134 4200 3701 4272 multiplicabantur.
3742 4225 3768 4252 ››

2203 4407 2226 4438 (ι
2261 4385 2442 4459 Igitur
2463 4384 2754 4441 Ecclesiae.
2795 4406 2824 4435 »
2867 4385 3142 4441 Dicturus
3183 4391 3272 4442 est
3320 4385 3478 4457 quod
3531 4386 3776 4442 descen-

2128 4477 2283 4533 derit
2311 4477 2450 4532 inde
2479 4479 2688 4532 Petrus
2712 4493 2724 4532 :
2752 4493 2826 4531 ne
2858 4493 2997 4550 orgo
3026 4477 3255 4532 timoris
3286 4477 3344 4531 id
3377 4493 3505 4531 esse
3535 4477 3780 4534 arbitre-

2129 4567 2229 4634 ris,
2258 4567 2530 4638 praedixit
2560 4567 2717 4638 quod
2776 4567 3050 4621 Ecclesia:
3109 4583 3252 4638 pace
3283 4565 3650 4621 fruebantur.
3685 4567 3772 4622 Si-

2125 4657 2367 4729 quidem
2390 4657 2625 4728 quando
2645 4656 2786 4711 belli
2817 4656 2979 4727 vigor
3007 4661 3151 4723 erat,
3181 4656 3566 4730 Jerosolymis
3585 4673 3779 4713 versa-
3863 4690 3865 4693 ι

2128 4746 2344 4802 bantur
2373 4745 2677 4817 Apostoli:
2729 4745 2967 4816 quando
3023 4761 3160 4801 vero
3213 4763 3346 4820 pax,
3403 4747 3582 4804 etiam
3639 4747 3775 4804 aliis

2128 4835 2550 4908 praedicabant.

2745 4925 2972 4981 CAPUT
3010 4925 3154 4980 XIV.

2127 5016 2204 5068 De
2234 5016 2402 5068 Αζηεα
2433 5014 2747 5082 Pa-ralytico
2801 5014 3005 5081 Lycidas
3026 5030 3127 5083 per
3155 5016 3375 5070 Petrum
3428 5022 3620 5070 curato
3653 5030 3668 5069 :
3716 5017 3778 5070 in

2198 5102 2303 5155 quo
2330 5086 2518 5154 agitur
2546 5088 2711 5139 etiam
2740 5086 2804 5138 de
2832 5086 3066 5139 Tabitha
3119 5087 3318 5141 dilecta
3362 5086 3554 5149 vidua,
3607 5101 3773 5156 quam

2199 5161 2390 5212 Petrus
2419 5158 2610 5227 lappa:
2635 5173 2734 5229 per
2763 5156 3067 5212 orationem
3097 5175 3132 5212 a
3160 5160 3392 5213 mortuis
3419 5159 3701 5212 emanavit.

2199 5315 2297 5383 IX,
2329 5318 2396 5370 32
2430 5317 2518 5370 335.
2556 5338 2583 5366 ιι
2610 5317 2860 5388 Contigit
2894 5323 3092 5372 autem
3124 5321 3189 5371 ut
3220 5320 3442 5378 Petrus.
3477 5315 3616 5372 dum
3666 5335 3773 5390 per

2129 5430 2154 5458 ‹‹
2172 5424 2377 5463 omnes
2403 5413 2758 5478 peragraret,
2786 5407 3086 5462 deveniret
3108 5407 3285 5461 etiam
3310 5406 3382 5460 ad
3407 5413 3642 5463 sanctos
3671 5409 3770 5480 qui

2123 5519 2150 5548 «
2188 5496 2537 5553 habitabant
2565 5495 2798 5566 Lyddaz.
2824 5496 3105 5567 Repperit
3135 5500 3334 5550 autem
3366 5495 3443 5550 ibi
3467 5497 3771 5554 hominem

2125 5609 2155 5640 α
2185 5585 2509 5660 quemdam
2530 5585 2773 5642 nomine
2795 5587 3059 5656 Eneam,
3081 5584 3153 5642 ab
3179 5585 3352 5644 annis
3376 5592 3506 5644 octo
3537 5587 3772 5645 decum-
