4112 6250
449 414 569 472 175

1488 403 1912 465 (ῈΟΠΜΕΝΠ
1956 402 2260 464 ἸἪΙΟΟιΕ
2304 402 2755 466 EPISCUPUS.

3734 410 3844 474 ΠΒ

447 564 475 593 ι(
515 542 759 597 bentem
791 540 852 595 in
878 539 1183 613 gra‘bbato,
1214 537 1316 610 qui
1349 542 1476 593 erat
1503 536 1865 609 paralyticus
1893 553 1907 591 :
1941 542 1999 592 et
2022 537 2104 593 ait

2216 558 2244 587 ‹‹
2277 533 2337 599 ες
2363 536 2431 605 ἧν
2460 534 2930 611 παραλελυμένος,
2990 537 3080 592 καὶ
3139 538 3284 593 εἶπεν
3341 536 3489 612 αὗτῷ
3544 540 3573 596 ὁ
3631 540 3846 618 Πέτρος.

448 654 477 682 ‹‹
513 632 600 687 illi
632 634 880 686 Petrus:
912 633 1111 691 Ainea,
1142 635 1313 685 sanet
1334 634 1388 683 te
1419 630 1587 684 .Iesus
1604 627 1890 683 Christus.
1917 627 2099 701 Surge

455 746 482 775 ι
512 738 580 777 ac
605 727 802 776 sterne
821 718 924 773 tibi
954 720 1088 791 ipsi.
1110 720 1177 774 Et
1199 719 1470 791 protinus
1493 718 1767 773 surrexit.
1796 717 2102 773 Viderunt-

450 835 478 864 ιι
523 828 637 884 que
668 828 803 867 eum
835 826 1044 866 omnes
1075 810 1175 881 qui
1208 808 1555 864 habitabant
1584 806 1797 879 Lyddas
1832 814 1891 861 et
1920 810 2098 863 Assa-

452 924 481 954 ‹‹
513 919 680 970 rone,
715 902 815 973 qui
848 901 1115 956 conversi
1148 906 1288 955 sunt
1312 909 1385 954 ad
1418 898 1759 954 Dominum.
1787 919 1814 948 »

523 995 649 1047 Non
681 990 1166 1062 exspectavitviri
1209 989 1411 1056 ﬁdem,
1469 1004 1664 1059 neque
1720 987 2104 1059 interrogavit

453 1098 529 1137 an
561 1082 756 1137 sanari
786 1080 961 1135 vellet
989 1097 1000 1133 :
1032 1078 1184 1134 nulli
1214 1078 1356 1132 dum
1397 1077 1557 1132 enim
1608 1076 1861 1148 propriae
1894 1082 2104 1148 poten-

452 1171 548 1225 tia
580 1170 804 1225 indicia
834 1168 910 1223 ibi
943 1168 1169 1239 experti
1230 1172 1400 1222 erant
1431 1183 1443 1221 :
1505 1166 1720 1220 merito
1778 1165 1957 1238 igitur
1984 1181 2102 1220 non

441 1260 797 1332 exigebatur
825 1276 859 1314 a
890 1259 1010 1313 viro
1051 1258 1220 1319 fides.
1267 1256 1565 1327 siquidem
1593 1273 1789 1328 neque
1825 1272 1861 1311 a
1892 1254 2102 1311 claudo

450 1356 785 1422 exegerant.
810 1349 904 1404 9|
936 1347 1361 1402 Admultorum
1385 1347 1542 1401 enim
1562 1346 1817 1401 maxime
1832 1344 2103 1401 consola-

451 1440 677 1495 tionem
692 1438 980 1494 conduxit
997 1438 1108 1493 hoc
1124 1436 1475 1492 miraculum
1498 1436 1752 1509 insignis
1773 1436 1994 1507 quippe
2016 1434 2105 1489 vir

448 1536 592 1585 erat.
645 1527 1157 1595 Quemadmodum
1216 1543 1351 1599 ergo
1400 1527 1688 1594 Christus,
1758 1542 1893 1581 cum
1936 1526 2105 1597 signa

448 1618 643 1674 facere
684 1618 995 1688 inciperet,
1025 1615 1204 1671 fidem
1224 1632 1345 1670 non
1373 1616 1660 1688 exigebat,
1696 1616 1778 1670 ita
1800 1630 1995 1684 neque
2020 1614 2101 1667 hi.

449 1707 835 1778 Jerosolymis
867 1721 1127 1775 namque
1155 1704 1366 1758 merito
1390 1704 1536 1759 fides
1559 1720 1697 1776 erga
1725 1720 1827 1758 eos
1857 1718 2102 1773 praaces-

451 1798 566 1853 sit:
599 1803 665 1851 ut
695 1796 990 1851 venientis
1013 1794 1169 1849 Petri
1218 1793 1311 1847 vel
1340 1792 1551 1848 umbra
1595 1792 1934 1864 quempiam
1968 1790 2100 1845 illo-

2209 648 2237 676 «
2270 624 2451 693 Αἰνέα,
2478 623 2631 682 ’ίᾶταί
2662 647 2719 681 σε
2760 627 2788 680 ὁ
2848 628 3055 698 Ἰησοῦς
3120 627 3381 702 Χριστός·
3435 629 3719 700 Ἀναστηθι
3763 634 3845 689 καὶ

2212 720 2517 791 «στρῶσον
2574 720 2803 788 σεαυτῷ.
2863 716 2967 773 Καὶ
3028 715 3227 780 εὐθέως
3282 716 3499 789 ἀνέστη.
3558 720 3656 774 Καὶ
3711 719 3895 780 εἶδον.

2213 829 2241 857 «
2274 804 2433 859 αὐτὸν
2466 807 2661 866 πάντες
2687 807 2740 861 οἱ
2787 811 3164 868 κατοικοῦντες
3198 804 3409 862 Λύδδαν
3466 808 3557 863 καὶ
3613 809 3703 865 τὸν
3732 812 3852 868 Ἀσ-

2274 896 2511 971 σάρωνα,
2533 896 2729 958 οἳτινες
2761 896 3086 973 ἐπέστρεψαν
3115 896 3210 953 ἐπὶ
3233 897 3326 951 τὸν
3356 896 3585 973 Κύριον.
3618 922 3646 952 ιν

2283 983 2398 1041 Οὐκ
2426 983 2668 1057 ἀνέμεινε
2691 987 2793 1055 τὴν
2823 986 3005 1041 πίστιν
3036 990 3133 1040 τοῦ
3187 982 3407 1060 ἀνδρὸς,
3453 984 3583 1042 οὐδὶ
3635 988 3848 1061 ἠρώτη.

2213 1093 2317 1141 σεν,
2373 1072 2419 1127 εἰ
2497 1070 2760 1148 βούλοιτο
2845 1075 3259 1149 θεραπευθῆναι·
3348 1073 3505 1129 οῧπω
3563 1075 3666 1151 γὰρ
3722 1075 3847 1145 ἦσαν

2210 1165 2483 1237 τεκμήρια
2513 1170 2615 1233 τῆς
2646 1164 2848 1227 οἰκείας
2889 1165 3190 1240 πάσχοντες
3249 1162 3558 1239 δυνάμεως.
3620 1165 3852 1228 ιιίκότως

2210 1252 2388 1308 τοίνυν
2445 1253 2548 1308 οὐκ
2599 1252 2863 1328 ἀπῃτεῖτο
2916 1255 3015 1324 τὴν
3070 1254 3252 1310 πίστιν
3282 1254 3501 1327 ὁάνὴρ.
3567 1251 3709 1313 Οὐδὲ
3759 1257 3852 1331 γὰρ

2210 1342 2303 1398 τὸν
2347 1341 2540 1423 χωλὸν
2597 1344 2905 1418 ἀπῄτησαν.
2965 1342 3231 1402 Μάλιστα
3291 1345 3385 1418 μὶν
3449 1347 3543 1402 οὖν
3599 1346 3853 1421 καὶπρὸς

2210 1430 2439 1488 πολλῶν
2468 1431 2811 1508 παράκλησιν
2839 1437 3031 1512 γέγονε
3071 1436 3134 1491 τὸ
3192 1439 3395 1508 θαῦμα·
3451 1435 3728 1509 έπίσημος
3755 1436 3850 1512 γὰρ

2211 1524 2278 1592 ἧν
2312 1525 2341 1578 ὁ
2372 1523 2532 1599 ἀνὴρ·
2571 1526 2823 1599 Καθάπερ
2882 1525 2975 1580 οὗν
3035 1526 3064 1580 ὁ
3097 1525 3333 1600 Χριστὸς
3390 1526 3703 1601 ἀρχόμενος
3755 1530 3856 1581 τῶν

2212 1613 2481 1686 σημείων,
2514 1614 2612 1668 οὐκ
2640 1613 2838 1688 ἀπῄτει
2868 1615 3072 1687 πίστιν,
3118 1614 3291 1678 οὕτως
3353 1613 3483 1671 οὖδὶ
3540 1615 3715 1671 οὗτοι.
3773 1616 3855 1672 Ἐν

2210 1701 2621 1777 Ἱεροσολύμοις
2708 1704 2803 1778 μὲν
2885 1705 2991 1781 γὰρ
3067 1705 3291 1767 εἷκότως
3349 1707 3386 1774 ἡ
3441 1705 3629 1765 πίστις
3686 1705 3853 1760 αὐτῶν

2210 1793 2549 1868 προεγένετο,
2601 1791 2692 1848 ’ίνα
2750 1792 3053 1869 ἐρχομένου
3110 1793 3316 1869 Πέτρου
3364 1792 3531 1863 κᾶνὴ
3563 1794 3687 1862 σκιὰ
3740 1791 3854 1849 έπι-

449 1901 583 1943 rum
615 1883 1017 1939 obumbraret.
1052 1882 1231 1937 Multa
1253 1882 1412 1936 enim
1437 1881 1590 1936 facta
1610 1880 1877 1936 erantibi
1911 1880 2098 1951 signa.

2216 1882 2405 1956 σκιάσῃ
2438 1880 2542 1937 τινὶ
2574 1882 2775 1939 αὐτῶν.
2814 1880 3005 1939 Πολλᾶ
3060 1884 3163 1959 γὰρ
3193 1880 3306 1938 ἐκεῖ
3361 1882 3581 1960 ἐγένετο
3639 1887 3854 1956 σημεῖα.

451 1974 548 2029 hic
570 1978 768 2029 autem
794 1974 905 2027 hoc
926 1972 1185 2043 primum
1203 1969 1451 2025 accidit:
1473 1970 1641 2042 signa
1664 1971 1862 2040 itaque
1880 1968 2096 2040 partim

452 2064 677 2121 ﬁebant
703 2069 769 2119 ut
796 2063 898 2118 alii
929 2062 1002 2117 ad
1035 2061 1217 2117 ﬁdem
1235 2061 1696 2128 attraherentur,
1727 2059 1942 2132 partim
1960 2075 2096 2114 vero

449 2159 517 2211 ut
543 2153 854 2209 credentes
880 2151 1353 2208 consolarentur.

519 2334 616 2399 IX,
642 2332 833 2387 36-42.
876 2353 905 2380 «
926 2332 1128 2402 Joppaa
1149 2335 1348 2385 autem
1368 2333 1495 2385 erat
1513 2328 1786 2400 quaedam
1808 2326 2102 2400 discipula

444 2445 479 2479 ις
505 2421 748 2478 nomine
778 2420 1045 2486 Tabitha,
1078 2435 1208 2491 qum
1240 2435 1346 2490 per
1371 2418 1924 2489 interpretationem
1955 2416 2103 2471 dici-

456 2532 480 2561 ι
512 2519 609 2568 tur
639 2513 874 2567 Dorcas.
910 2510 1044 2565 Hmc
1075 2509 1254 2580 plena
1306 2513 1434 2564 erat
1489 2508 1665 2564 bonis
1721 2507 2002 2579 operibus
2033 2521 2102 2561 ac

455 2626 477 2654 ι
496 2601 1056 2672 eleemosynis’quas
1072 2598 1409 2669 praestabat.
1430 2598 1870 2653 Acciditautem
1892 2595 2103 2650 diebus

456 2716 485 2743 ιι
517 2692 639 2746 illis
665 2697 730 2744 ut
758 2688 1104 2743 infirmitate
1127 2693 1362 2759 gravata
1393 2692 1741 2740 moreretur.
1776 2686 1958 2750 Quam
2002 2682 2104 2738 ubi

455 2802 484 2832 ‹‹
514 2780 819 2843 lavissent,
840 2782 1169 2849 posuerunt
1187 2777 1245 2830 in
1266 2775 1589 2830 cmnaculo.
1622 2775 1768 2830 Cum
1791 2789 1924 2828 vero
1948 2776 2107 2828 esset

456 2893 485 2922 «
521 2869 720 2941 Lydda
747 2868 941 2923 vicina
955 2868 1175 2938 Joppaa,
1198 2866 1623 2937 audissentque
1655 2863 2106 2936 discipuliquod

453 2981 482 3010 (ι
518 2960 727 3013 Petrus
758 2956 996 3013 essetin
1027 2972 1116 3023 ea,
1148 2955 1441 3010 miserunt
1469 2955 1544 3010 ad
1566 2972 1704 3011 eum
1736 2960 2009 3027 rogantes
2030 2969 2105 3009 ne

462 3068 489 3101 α
517 3052 859 3121 gravaretur
875 3046 1075 3100 venire
1097 3062 1285 3115 usque
1319 3044 1394 3100 ad
1425 3062 1507 3100 se.
1544 3046 1876 3117 Exsurgens
1906 3051 2105 3100 autem

453 3162 482 3190 ‹‹
517 3142 727 3195 Petrus
769 3138 931 3193 venit
959 3154 1096 3192 cum
1127 3137 1267 3191 illis.
1301 3140 1568 3208 Cumque
1598 3136 1952 3199 advenisset.
1992 3135 2106 3190 du-

456 3253 482 3279 u
517 3235 734 3284 xerunt
764 3228 935 3282 illum
970 3228 1030 3282 in
1062 3226 1458 3291 cmnaculum,
1492 3234 1551 3282 et
1584 3228 2108 3282 circumsteterunt

2203 1971 2467 2036 ⁵Ἐνταῦθα
2519 1968 2577 2027 δὶ
2632 1975 2796 2027 τοῦτο
2851 1976 3069 2047 πρῶτον
3125 1967 3410 2029 ἐπιϐαίνει.
3473 1972 3557 2030 Ti
3617 1972 3710 2047 μὲν
3757 1971 3854 2047 γὰρ

2206 2066 2313 2117 τῶν
2362 2061 2606 2134 σημείων
2665 2062 2798 2136 ὑπὲρ
2852 2066 2951 2117 τοῦ
3008 2061 3137 2124 τοὺς
3191 2060 3402 2123 ἄλλους
3461 2058 3851 2125 ἔπισπάσασθαι

2202 2148 2433 2224 ἐγίνετο,
2463 2150 2530 2206 τὶ
2559 2147 2618 2205 δὶ
2645 2151 2736 2206 καὶ
2772 2150 2904 2225 ὑπὲρ
2957 2157 3060 2222 τῆς
3116 2155 3223 2207 τῶν
3277 2150 3647 2208 πιστευόντων
3687 2160 3854 2225 παραὸ

2206 2238 2481 2310 κλήσεως.

2285 2354 2310 2386 α
2342 2332 2431 2387 Ἐν
2461 2331 2657 2405 ἰόππῃ
2691 2327 2748 2387 δέ
2774 2351 2859 2393 τις
2899 2333 2965 2401 ἦν
2997 2332 3272 2407 μαθήτρια
3323 2331 3560 2405 ὀνόματι
3610 2325 3845 2402 Ταϐηθά,

2213 2444 2241 2473 κ
2272 2419 2307 2490 ἢ
2341 2417 2806 2493 διερμηνευομένη
2840 2418 3055 2499 λέγεται
3106 2421 3334 2496 Δορκάς.
3396 2420 3550 2492 Αὕτη
3615 2421 3679 2491 ἧν
3707 2417 3844 2489 πλή-

2213 2532 2241 2561 a
2274 2528 2374 2582 ρης
2431 2508 2648 2583 ἀγαθῶν
2704 2506 2877 2585 ἔργων
2933 2509 3024 2564 καὶ
3081 2508 3474 2582 ἐλεημοσυνῶν
3543 2508 3617 2565 ὧν
3668 2508 3849 2565 ἐποίει.

2211 2621 2240 2650 ‹‹
2273 2598 2513 2671 Ἐγένετο
2548 2593 2605 2652 δὲ
2628 2596 2679 2652 ἰν
2710 2603 2829 2659 ταῖς
2885 2598 3120 2673 ἡμέραις
3174 2599 3431 2666 ἐκείναις,
3492 2601 3846 2670 ἀσθενήσασαν

2214 2710 2242 2740 (ι
2276 2686 2441 2755 αὐτὴν
2473 2686 2778 2741 ἀτοθανεῖν.
2830 2687 3132 2750 Λούσαντες
3194 2685 3251 2743 δὲ
3296 2688 3502 2760 αὐτὴν,
3560 2687 3750 2759 ἔθηκαν
3803 2684 3849 2740 ἓν

2212 2800 2240 2828 ‹‹
2278 2776 2531 2850 ὑπερῴῳ.
2581 2776 2784 2853 Ἐγγὺς
2842 2774 2899 2832 δὲ
2938 2774 3104 2848 οὔσης
3163 2774 3380 2849 Λύδδης
3439 2783 3511 2853 τῇ
3560 2778 3775 2851 Ἰόππῃ.
3804 2774 3850 2829 οἱ

2213 2890 2240 2917 ‹‹
2279 2865 2516 2938 μαθηταὶ
2576 2866 2924 2935 ἀκούσαντες,
2981 2866 3066 2922 ὅτι
3127 2869 3328 2941 Πέτρος
3389 2866 3537 2924 ἐστὶν
3598 2866 3653 2923 ὲν
3707 2864 3851 2934 αὐτῇ,

2217 2978 2241 3009 α
2274 2952 2596 3010 ἀπέστειλαν
2626 2954 2763 3028 πρὸς
2795 2955 2977 3022 αὐτὸν,
3037 2954 3502 3029 παρακαλοῦντες,
3562 2958 3637 3030 μὴ
3697 2954 3852 3021 ὀκνῆ-

2202 3063 2242 3099 ’‹‹
2272 3068 2358 3102 σαι
2390 3044 2624 3110 διελθεῖν
2651 3043 2757 3109 ἕως
2802 3047 2996 3103 αὐτῶν.
3048 3049 3315 3113 Ἀναστὰς
3367 3047 3432 3105 δὲ
3490 3049 3692 3123 Πέτρος
3739 3066 3854 3101 συν·-

2215 3134 2437 3206 «ἧλθεν
2474 3138 2684 3206 αὐτοῖς,
2744 3137 2805 3191 ’ὀν
2861 3138 3296 3213 παραγετόμενον
3355 3139 3639 3217 ἀνήγαγον
3697 3135 3769 3196 εἷς
3794 3133 3849 3188 τὸ

2215 3252 2241 3278 ‹‹
2280 3227 2545 3301 ὑπερῷον,
2592 3227 2681 3282 καὶ
2741 3223 3097 3302 περιέστησαν
3147 3228 3297 3301 αύτῷ
3354 3235 3529 3285 πᾶσαι
3585 3228 3640 3283 αἱ
3687 3232 3847 3302 χῆραι

453 3341 481 3370 ‹‹
522 3335 657 3373 eum
690 3334 899 3372 omnes
918 3315 1103 3371 viduae
1121 3316 1353 3381 flentes,
1384 3323 1443 3371 et
1470 3316 1852 3371 ostendentes
1873 3316 2104 3370 tunicas

2286 3279 2405 3301 ’νήνΓ
2429 3279 2545 3299 17'»,
2597 3279 2679 3282 ’θη
2749 3279 3087 3302 "’FVv'v’iv‘v'
3152 3279 3291 3301 ⁷’”“Τ
3361 3279 3528 3285 ⁷’””“’
3588 3279 3638 3283 -’
3691 3279 3776 3302 hu

2216 3341 2241 3368 κ
2274 3315 2589 3380 κλαίουσαι,
2636 3316 2727 3371 καὶ
2794 3314 3225 3391 ἐπιδεικνύμεναι
3275 3324 3521 3397 χιτῶνας
3585 3317 3674 3373 καὶ
3727 3313 3844 3386 ἱμά-

457 3430 486 3459 ‹‹
517 3425 586 3463 ac
609 3413 797 3462 vestes
818 3423 965 3477 quas
990 3407 1250 3461 faciebat
1268 3421 1399 3460 cum
1424 3412 1583 3461 esset
1611 3422 1745 3461 cum
1779 3406 1925 3477 ipsis
1957 3407 2104 3461 Dor-

457 3520 486 3549 «
521 3514 640 3552 cas.
680 3498 887 3551 Petrus
916 3510 1051 3549 vero
1092 3494 1298 3564 ejectis
1354 3493 1511 3549 foras
1567 3495 1865 3561 omnibus,
1897 3493 2107 3565 positis

462 3609 490 3637 ‹‹
526 3585 776 3655 genibus
808 3584 1013 3649 oravit,
1074 3599 1509 3653 conversusque
1541 3583 1614 3638 ad
1646 3601 1860 3655 corpus
1911 3583 2061 3638 dixit
2093 3598 2106 3637 :

465 3697 494 3726 ‹‹
527 3674 794 3739 Tabitha,
828 3689 1021 3745 surge.
1060 3678 1129 3726 At
1160 3672 1263 3727 illa
1292 3672 1743 3743 aperuitoculos
1773 3689 1931 3739 suos,
1954 3673 2110 3728 viso-

469 3787 491 3814 ο
530 3780 644 3835 que
678 3769 847 3818 Petro
879 3763 1120 3817 resedit.
1157 3767 1297 3816 Uata
1324 3766 1524 3817 autem
1550 3762 1635 3815 illi
1666 3778 1868 3824 manu.
1902 3763 2107 3829 erexit,

474 3876 502 3905 ‹‹
535 3861 593 3909 et
623 3870 757 3909 cum
787 3858 1054 3908 vocasset
1083 3857 1317 3907 sanctos
1347 3868 1416 3907 ac
1437 3852 1660 3917 viduas,
1694 3836 2109 3908 exhibuiteam

468 3964 497 3993 «
532 3943 741 3997 vivam.
774 3942 957 4011 quue
992 3941 1252 3997 innotuit
1278 3958 1385 4012 per
1415 3947 1597 3997 totam
1622 3942 1870 4013 Joppen,
1894 3948 1953 3997 et
1981 3957 2111 3998 cre-

467 4052 495 4081 «
529 4030 807 4085 diderunt
839 4029 1011 4085 multi
1043 4029 1106 4084 in
1132 4030 1469 4086 Dominum.
1503 4052 1531 4081 »

537 4234 565 4265 (ι
595 4213 845 4269 Nomine
875 4212 1143 4276 Tabitha,
1168 4234 1195 4262 ››
1238 4218 1348 4268 etc.
1398 4211 1741 4268 Ostenditur
1769 4228 1839 4267 ex
1869 4212 2110 4268 nomine

464 4303 621 4374 quod
652 4304 784 4358 haec
807 4303 1059 4375 vigilans
1091 4306 1218 4355 erat
1247 4316 1313 4355 ac
1359 4300 1574 4365 sobria,
1610 4300 2110 4370 quemadmodum

464 4385 681 4463 δορκάς,
714 4391 774 4446 id
806 4396 896 4446 est
915 4405 1149 4460 caprea.
1174 4388 1354 4442 Multa
1372 4404 1630 4457 namque
1657 4389 1902 4444 nomina
1931 4390 2110 4445 etiam

461 4480 909 4552 dispensatione
923 4481 1363 4548 ponuntur,sua
1381 4475 1647 4531 efﬁcacia
1658 4477 2111 4547 appellationem

462 4568 862 4639 significantia
891 4582 1022 4637 quae
1054 4563 1460 4634 consequitur.
1498 4586 1523 4613 ‹‹
1556 4565 2025 4637 Contigitautem
2047 4571 2112 4622 ut

2210 3427 2380 3475 «τια,
2431 3407 2530 3461 ὅσα
2558 3404 2725 3461 ἐποίει
2779 3407 2894 3480 μετ’
2939 3405 3116 3463 αὐτῶν
3171 3405 3306 3462 οὖσα
3360 3410 3399 3478 ἠ
3459 3407 3679 3483 δορκάς.
3739 3405 3845 3459 Ἐκ-

2213 3520 2240 3547 ‹‹
2274 3491 2462 3550 ϐαλὼν
2491 3492 2549 3549 δὲ
2579 3490 2680 3566 ἔξω
2728 3499 2930 3557 πάντας
2993 3498 3022 3551 ὁ
3082 3495 3302 3570 Πέτρος,
3361 3496 3479 3559 θεὶς
3534 3499 3601 3553 τὰ
3666 3494 3845 3573 γόνατα

2213 3608 2240 3635 ‹‹
2273 3584 2755 3654 προσηύξατο,καὶ
2788 3584 3108 3657 ἐπιστρέψας
3166 3585 3304 3659 πρὸς
3359 3587 3428 3641 τὸ
3481 3592 3659 3659 σῶμα,
3715 3582 3843 3637 εἷπε³

2214 3696 2242 3724 ‹‹
2276 3666 2521 3740 Ταϐηθὰ,
2554 3671 2837 3743 ἀνάστηθι.
2882 3674 2944 3727 Ἦ
3003 3671 3060 3728 δὲ
3115 3671 3297 3746 ἤνοιξε
3352 3675 3489 3738 τοὺς
3546 3666 3844 3750 ὀφθαλμοὺς

2217 3783 2242 3814 α
2277 3759 2465 3829 αὐτῆς,
2497 3762 2587 3816 καὶ
2620 3758 2809 3816 ἰδοῦσα
2837 3763 2928 3817 τὸν
2984 3764 3201 3836 Πέτρον,
3258 3762 3563 3828 ἀνεκάθισε,
3619 3760 3747 3820 Δοίις
3794 3753 3847 3811 δδ

2218 3875 2246 3903 ι(
2279 3851 2417 3924 αὐτῇ
2467 3857 2650 3929 χεῖρα,
2710 3850 2995 3922 ἀνέστησεν
3056 3851 3244 3922 αὐτήν·
3305 3856 3570 3931 φωνήσας
3626 3848 3682 3905 δὲ
3730 3846 3846 3906 τοὺς

2215 3966 2243 3994 «
2278 3941 2585 4017 ἁγίουςκαί
2632 3940 2728 4002 τὰς
2789 3943 2991 4017 χήρας,
3048 3939 3380 4015 παρέστησεν
3447 3943 3613 4011 αὐτὴν
3669 3942 3844 4009 ζῶσαν.

2216 4054 2243 4083 ‹‹
2286 4031 2530 4085 Γνωστὸν
2561 4028 2618 4084 δὲ
2666 4026 2873 4107 ἐγένετο
2929 4032 3048 4085 καθ’
3105 4030 3242 4100 ὅλης
3296 4037 3398 4101 τῆς
3458 4030 3704 4100 Ἰόππης,
3765 4021 3847 4080 καί

2217 4143 2246 4173 ιι
2275 4117 2482 4175 πολλοὶ
2513 4118 2829 4175 ἐπίστευσαν
2860 4117 2947 4174 ἐπὶ
2975 4119 3067 4174 τὸν
3098 4118 3320 4194 Κύριον.
3355 4143 3384 4172 ρ»

2290 4209 2605 4281 «Ὀνόματι
2660 4204 2908 4279 Ταϐηθά,
2987 4209 3076 4264 καὶ
3160 4210 3231 4265 τὰ
3280 4210 3429 4283 ἑξῆς.
3494 4233 3524 4265 ››
3584 4207 3843 4265 Δείκνυται

2215 4298 2300 4354 ’ὁτι
2357 4299 2495 4369 αὕτη
2573 4297 2906 4377 φερωνύμως
2954 4298 3021 4367 ἦν
3082 4296 3419 4376 ἐγρηγορυῖα
3474 4299 3565 4357 καὶ
3616 4299 3845 4375 νήφουσα

2216 4385 2399 4463 ὥσπερ
2432 4385 2652 4462 δορκάς,
2681 4384 2872 4442 Πολλά
2900 4388 3006 4465 γὰρ
3047 4388 3140 4443 καὶ
3202 4388 3573 4465 οἰκονομικῶς
3623 4386 3846 4456 ὀνόματα

2213 4475 2440 4543 τίθεται,
2500 4472 2774 4546 δηλοῦντα
2839 4481 2906 4549 τῇ
3001 4476 3240 4554 ἐνεργείᾳ
3320 4480 3423 4548 τήν
3495 4468 3843 4553 προσηγορίαν

2215 4563 2647 4629 ἀκολουθοῦσαν.
2684 4589 2713 4618 ‹‹
2746 4561 2953 4637 Συνέϐη
2995 4566 3177 4622 τοίνυν
3243 4566 3447 4641 ταύτην
3507 4561 3849 4642 ἀρρωστήσα-

459 4657 585 4710 Ιιωο
648 4656 993 4710 inﬁmitate
1054 4659 1289 4726 gravata
1344 4658 1696 4708 moreretur.
1765 4655 1949 4719 Quam
2006 4655 2104 4711 ubi

2216 4676 2308 4710 σαν
2339 4656 2646 4712 ἀποθανεῖν.
2699 4657 2995 4718 Λούσαντες
3054 4653 3112 4712 δὲ
3154 4656 3340 4725 αὐτήν,
3380 4682 3408 4709 ››
3438 4661 3505 4713 τᾶ
3560 4654 3645 4711 ἐπὶ
3690 4647 3848 4721 νεκρῷ

457 4743 760 4811 lavissent,
800 4766 819 4792 ι
847 4743 1116 4798 fecerunt
1145 4747 1359 4799 cuncta
1394 4760 1524 4814 qum
1584 4743 1645 4798 in
1693 4750 1926 4800 mortuo
1976 4744 2102 4801 ﬁeri

456 4837 929 4888 consueverunt:
964 4837 1023 4886 et
1052 4838 1190 4887 tunc
1221 4833 1461 4886 Petrum
1493 4832 1948 4888 accersiverunt.
1985 4834 2104 4890 Hoc

455 4927 655 4978 autem
686 4937 807 4976 non
839 4922 1110 4977 fecerunt
1138 4922 1483 4993 priusquam
1535 4929 1897 4978 moreretur:
1944 4923 2101 4978 indi-

453 5027 634 5085 gnum
659 5011 759 5067 92
782 5009 1068 5065 ducentes
1103 5010 1176 5065 ob
1212 5010 1353 5065 talia
1382 5026 1589 5065 vexare
1631 5009 1955 5082 discipulos
1986 5018 2041 5067 et
2071 5028 2107 5068 a

453 5101 879 5174 praedicatione
903 5100 1179 5155 avellere.
1202 5101 1344 5154 Nam
1366 5104 1428 5153 ‘et
1446 5106 1758 5171 propterea
1784 5100 1927 5155 dicit
1945 5101 2105 5173 quod

454 5193 685 5248 vicinus
727 5198 853 5248 erat
883 5192 1069 5247 locus.
1104 5190 1164 5244 Id
1197 5191 1357 5245 enim
1391 5207 1495 5261 per
1524 5190 1764 5246 modum
1800 5194 2104 5250 succisisz

455 5297 651 5352 Operm
666 5282 949 5353 petebant
976 5280 1270 5352 siquidem
1288 5278 1580 5350 discipula
1592 5286 1766 5337 erat.-
1786 5282 1925 5337 Cum
1950 5298 2109 5348 esset

461 5386 596 5423 cum
627 5370 770 5441 ipsis
804 5371 1041 5426 Dorcas.
1080 5393 1108 5419 η
1139 5368 1305 5433 Quod
1336 5367 1554 5422 dicitur
1582 5368 1763 5424 fuisse
1795 5388 1913 5427 una
1970 5389 2104 5428 cum

457 5456 624 5527 ipsis,
658 5460 842 5514 animi
874 5460 1037 5514 illius
1071 5457 1423 5513 modestiam
1450 5456 1759 5529 signiﬁcat,
1787 5461 1945 5531 quod
1970 5479 2104 5517 cum

451 5544 643 5600 viduis
677 5548 1020 5603 convivebat
1041 5564 1108 5603 ac
1138 5545 1481 5601 versabalur
1520 5560 1587 5600 ac
1619 5546 1664 5600 si
1700 5563 1817 5603 una
1837 5548 2048 5606 fuisset
2076 5567 2108 5607 e

450 5635 644 5709 vulgo.
683 5636 831 5701 Quid
865 5636 1043 5709 igitur
1072 5638 1280 5692 Petrus
1302 5638 1330 5689 ξ)
1363 5636 1580 5692 Omnes
1610 5633 1767 5691 foras
1816 5638 1999 5711 ejicit,
2033 5632 2105 5695 ne

453 5742 658 5800 acrym
677 5741 851 5784 arum
866 5724 1117 5783 tumultu
1133 5725 1499 5789 turbaretur;
1515 5723 1844 5798 positisque
1859 5730 2107 5801 genibus

2211 4744 2385 4801 πάντα
2443 4742 2725 4818 ἐποίησαν.
2811 4746 2914 4803 Καὶ
2970 4746 3093 4802 τότε
3151 4745 3571 4807 ἀποστείλαντες
3627 4754 3847 4818 μετακα-

2214 4832 2435 4891 λοῦνται
2498 4840 2718 4911 Πετρον.
2779 4836 2894 4892 Οὐκ
2951 4835 3213 4908 ἐποίησαν
3274 4834 3331 4892 δὲ
3387 4842 3550 4893 τοῦτο
3603 4831 3705 4907 πρὸ
3758 4825 3846 4879 τοὗ

2212 4923 2538 4993 ἀποθανεῖν,
2597 4924 2808 4995 ἀνάξιον
2857 4924 3168 5002 ’ἡγὸύμενοι
3229 4926 3363 5002 ὑπὲρ
3422 4931 3528 4983 τῶν
3596 4915 3842 4977 τοιούτων

2214 5012 2468 5070 σκύλλειν
2497 5014 2627 5077 τοὺς
2663 5015 2934 5088 μαθητὰς,
2976 5017 3065 5070 καὶ
3125 5020 3221 5071 τοῦ
3278 5018 3630 5094 κηρύγματος
3685 5020 3841 5078 παρα-

2214 5108 2368 5174 σπᾷν.
2401 5103 2551 5161 Ἐπεὶ
2591 5106 2681 5158 καὶ
2715 5101 2802 5158 διᾶ
2830 5108 2990 5159 τοῦτο
3044 5102 3201 5183 λα’γξι
3262 5090 3361 5162 ὅτι
3405 5090 3569 5183 ἔγγὺς
3620 5098 3703 5168 ἦν.
3763 5090 3842 5183 :EV

2210 5194 2356 5263 τάξει
2388 5193 2491 5268 γὰρ
2524 5197 2794 5268 παρέργου
2824 5197 2986 5248 τοῦτο
3043 5190 3226 5268 ᾔτουν·
3290 5194 3566 5269 μαθήτρία
3617 5186 3713 5261 γὰρ
3757 5178 3835 5248 ἦν’

2215 5307 2243 5335 ‹‹
2279 5285 2409 5340 Μετ’
2439 5282 2614 5337 αὐτων
2647 5284 2776 5337 οὖσα
2810 5286 2845 5352 ἡ
2881 5285 3103 5358 Λοκρᾶς.
3142 5309 3167 5335 »ι
3203 5285 3303 5354 Τὸ,
3367 5311 3393 5336 α
3426 5284 3539 5357 μετ’
3596 5276 3782 5331 αὐτῶν·
3814 5286 3839 5315 ”

2213 5373 2311 5440 τὴν
2354 5373 2847 5452 ταπεινοφροσύνην
2892 5375 3060 5443 αὐτῆς
3093 5372 3260 5445 δηλοῖ
3313 5377 3398 5431 ὅτι
3449 5376 3607 5439 συνῆν
3665 5360 3840 5452 αὖταῖξ

2214 5460 2305 5515 καὶ
2336 5457 2660 5535 συνδιῃτᾶτο
2691 5463 2766 5519 ὼς
2798 5464 2894 5535 μία
2951 5470 3057 5519 τῶν
3112 5462 3343 5521 πολλῶν
3375 5465 3522 5520 οὖσα.
3583 5456 3649 5515 Τί
3700 5450 3783 5505 οὗν

2219 5552 2422 5626 Πέτρος
2458 5570 2471 5622 ;
2509 5553 2711 5617 Πάντας
2741 5549 3000 5609 ἐκϐάλλει
3033 5548 3156 5628 ἔξω,
3199 5552 3338 5611 ὥστε
3396 5555 3469 5630 μή
3527 5543 3843 5621 συγχυθῆναι

2214 5647 2331 5704 τοῖς
2389 5639 2612 5718 δάκρυσι
2647 5637 2788 5718 μηδὲ
2816 5645 3178 5720 ταραχθῆναι.
3216 5646 3317 5702 Καὶ
3378 5642 3486 5703 θεὶς
3543 5638 3607 5693 τὰ
3662 5630 3844 5720 γόνατα

2217 5713 2583 5807 προσηύξατο.
2628 5713 2719 5789 ὀῦν
2759 5713 2932 5791 πάντα
2960 5713 3084 5815 ⁷γὰρ
3145 5736 3279 5810 μιτά
3333 5741 3432 5806 τῆς
3485 5726 3648 5798 αὐτῆς
3698 5713 3843 5773 nixo.
