4112 6250
353 356 467 419 ΠΩ

1376 349 1873 414 οεουΜΕΜυε
1916 345 2223 411 TRICCIE
2267 349 2713 416 EPISCOPUS.

3629 352 3742 413 180

356 517 377 545 ι
412 494 494 551 Ex
523 493 764 550 cohorte
805 507 938 564 quas
973 488 1191 546 dicitur
1219 488 1439 545 Italica.
1483 509 1512 539 »
1546 491 1745 561 Σπεῖρα
1777 492 2000 553 autem,

2134 487 2197 541 tt'
2226 486 2257 541 δ
2284 486 2376 542 καὶ
2406 489 2507 557 τὴν
2534 487 2682 563 ἀξίαν
2736 486 3032 560 ἐδήλωσεν.
3067 513 3097 542 ‹‹
3155 489 3250 547 Ἐκ
3305 485 3528 562 σπείρης
3584 488 3741 546 εἰπὼν

348 585 411 642 id
443 590 536 641 est
560 585 796 650 cohors,
831 587 921 638 est
952 596 1132 652 quam
1162 596 1326 636 nunc
1357 577 1621 652 νούμερον
1653 578 1929 634 dicimus.

416 764 479 832 Χ,
510 768 567 825 6.
594 768 649 819 7.
682 786 709 813 α
742 762 849 819 Cui
882 762 1095 818 domus
1128 765 1218 816 est
1261 761 1434 833 juxta
1481 775 1666 816 mare.
1702 758 1806 814 Hic
1850 756 2008 813 dicet

348 877 376 905 ‹‹
410 854 515 909 tibi
552 851 698 925 quid
727 858 783 908 te
829 857 1103 923 Oporteat
1131 851 1347 906 facere.
1402 850 1475 905 Ut
1504 854 1701 905 autem
1734 847 2008 903 discessit

352 966 381 994 «
412 942 660 1015 angelus
692 942 792 1013 qui
829 939 1188 1012 loquebatur
1220 938 1517 998 Cornelio.
1577 938 1801 993 vocavit
1855 938 2007 991 duos

354 1054 383 1084 ιι
414 1031 672 1088 famulos
702 1037 761 1087 et
786 1031 1038 1086 militem
1069 1028 1414 1102 religiosum
1447 1044 1519 1083 ex
1546 1027 1639 1083 his
1669 1026 1772 1099 qui
1818 1024 1871 1083 ei
1902 1025 2010 1082 ad-

356 1143 385 1173 «
418 1120 747 1179 haerebant.
785 1142 810 1168 ιι

427 1211 739 1284 Segregata
768 1208 840 1264 ab
870 1207 1117 1263 urbibus
1148 1206 1279 1263 loca
1321 1205 1702 1262 sectabantur
1731 1202 2006 1277 apostoli,

355 1304 561 1373 utpote
589 1297 932 1356 solitudinis
962 1313 1032 1354 ac
1062 1297 1281 1369 quietis
1312 1295 1511 1351 amici.
1545 1295 1697 1361 Quid
1728 1302 1924 1351 autem
1957 1290 2009 1351 si

357 1379 423 1446 et
444 1389 628 1446 alium
661 1388 1010 1461 contigisset
1038 1403 1169 1443 esse
1203 1387 1503 1442 Simonem
1532 1385 1560 1439 ‘?
1596 1387 1742 1442 Ecce
1774 1385 2009 1458 signum

356 1479 460 1535 dat
488 1477 644 1550 quod
677 1477 903 1533 habitet
943 1477 1115 1549 juxta
1145 1491 1329 1530 mare.
1363 1475 1577 1530 Verum
1617 1490 1857 1531 causam
1889 1490 2010 1530 non

359 1567 608 1634 dixit,ne
640 1566 836 1639 ipsum
878 1570 1209 1629 enervaret,
1242 1563 1348 1620 sed
1376 1563 1438 1618 in
1468 1562 1790 1635 cupiditate
1813 1580 1881 1620 ac
1908 1562 2011 1619 de-

360 1657 578 1714 siderio
610 1653 894 1712 audiendi
927 1671 1056 1710 esse
1079 1652 1325 1709 dimisit.

430 1745 491 1816 X,
524 1747 678 1803 8-10.
706 1767 730 1797 ιι
765 1749 1030 1817 Cumque
1081 1748 1386 1800 narrasset
1432 1742 1552 1798 illis
1602 1743 1825 1809 omnia,
1848 1727 2016 1800 misit

2113 578 2215 641 τῆς
2240 575 2589 650 καλουμένης
2621 578 2912 648 Ἰταλικῆς.
2949 604 2976 630 »
3034 584 3242 655 Σπεῖρα
3300 575 3356 634 δὲ
3403 575 3544 633 ἔστιν
3596 578 3625 633 ὅ
3650 600 3742 634 κα-

2113 663 2319 739 λοῦμεν
2350 671 2442 720 νῦν
2473 666 2766 743 νοόμερον.

2188 779 2217 806 α
2251 758 2315 835 ᾮ
2346 756 2486 811 ἐστιν
2520 756 2666 814 οἶκία
2733 760 2881 833 παρὰ
2938 757 3234 823 θάλασσαν.
3295 756 3471 821 Οὗτος
3528 756 3750 829 λαλήσει

2118 868 2145 897 (ι
2176 866 2282 906 σοι,
2314 844 2366 902 τί
2397 867 2454 901 σε
2482 843 2566 901 δεῖ
2590 852 2791 905 ποιεῖν.
2823 849 2911 910 Ὠς
2957 846 3016 905 δὶ
3070 847 3313 916 ἀπῆλθεν
3366 847 3395 902 ὁ
3447 845 3665 922 ἅγγελος
3717 849 3745 903 ὁ

2120 959 2146 987 ει
2179 933 2364 991 λαλῶν
2392 941 2471 1008 τῷ
2503 934 2820 1010 Κορνηλίῳ,
2858 940 3112 1014 φωνήσας
3146 933 3243 991 δύο
3271 940 3381 991 τῶν
3412 936 3629 991 οἰκετῶν
3660 935 3752 992 αὖ·

2121 1048 2149 1078 ι(
2176 1030 2296 1091 τοῦ,
2327 1026 2417 1082 καὶ
2451 1027 2791 1103 στρατιώτην
2821 1022 3017 1099 εὐσεϐῆ
3052 1032 3161 1083 τῶν
3212 1025 3750 1103 προσκαρτερούντων

2118 1138 2148 1167 (ι
2180 1114 2347 1189 αὐτῷ.
2382 1138 2410 1168 n

2188 1204 2268 1261 Τὰ
2295 1203 2757 1281 ἀνακεχωρημένα
2786 1210 2895 1263 τῶν
2949 1205 3165 1262 πόλεων
3223 1203 3467 1263 ἐδίωκων
3515 1208 3567 1262 οἱ
3621 1204 3758 1262 ἀπό-

2119 1292 2331 1360 στολοι,
2363 1291 2599 1369 ἐρημίας
2630 1292 2776 1357 ὄντες
2809 1293 2962 1374 φίλοι
3019 1295 3111 1351 καὶ
3161 1296 3422 1371 ἡσυχίας.
3481 1296 3547 1353 Τί
3607 1293 3662 1351 δὶ
3718 1293 3761 1351 εὶ

2120 1378 2318 1453 συνέϐη
2342 1384 2432 1439 καὶ
2473 1380 2645 1441 ἄλλον
2679 1384 2818 1443 εἶναι
2848 1384 3072 1458 Σίμωνα
3106 1404 3121 1454 ;
3149 1382 3310 1451 Ἰδοὺ,
3369 1382 3482 1443 ἔστι
3539 1388 3757 1456 σημεῖον

2120 1473 2184 1527 τὸ
2213 1474 2360 1549 παρὰ
2390 1472 2658 1537 θάλασσαν
2688 1473 2875 1530 οἰκεῖν.
2927 1475 3042 1533 Οὑκ
3075 1475 3195 1531 εἷπε
3226 1471 3284 1529 δὶ
3316 1471 3407 1529 διὰ
3435 1473 3512 1544 τί,
3538 1473 3630 1529 ἳνα
3687 1474 3757 1545 μὴ

2121 1559 2323 1637 ἐκλύσῃ
2357 1561 2541 1635 αὐτὸν,
2599 1562 2726 1619 ἀλλ’
2775 1563 2979 1638 ἀφῆκεν
3039 1563 3198 1620 αὐτὸν
3258 1562 3311 1620 ἐν
3370 1562 3636 1638 ἐπιθυμίᾳ
3673 1560 3761 1619 καὶ

2120 1650 2273 1724 πόθῳ
2300 1658 2401 1721 τῆς
2433 1652 2744 1726 ἀκροάσεως
2770 1649 3032 1727 γενέσθαι.

2197 1764 2224 1793 ‹‹
2286 1741 2386 1796 Καὶ
2443 1740 2847 1818 ἐξηγησάμενος
2925 1741 3112 1804 αὐτοῖς
3173 1736 3405 1809 ἅπαντα,
3463 1739 3767 1798 ἀπέστειλεν

364 1855 392 1889 ιι
421 1836 598 1892 eosin
621 1832 1172 1907 Joppen.Postridie
1193 1848 1329 1888 vero
1357 1831 1716 1887 facientibus
1733 1832 1854 1888 illis
1878 1834 2012 1902 iter,

2134 1852 2154 1880 ν‹
2184 1829 2383 1892 αὐτοὺς
2416 1830 2494 1893 είς
2519 1832 2620 1899 τήν
2655 1831 2904 1900 Ἰόππην.
2937 1833 3022 1903 Τῇ
3050 1828 3108 1888 δὲ
3138 1830 3396 1907 ἐπαύριον
3420 1827 3768 1902 ὁδοιπορούν-

361 1948 390 1978 ι(
414 1925 665 1998 jamque
696 1921 1313 1996 appropinquantibus
1343 1921 1583 1980 civxtati.
1617 1921 2009 1979 ascenditPe-

363 2037 390 2067 ι(
422 2020 550 2071 trus
581 2014 642 2069 in
675 2013 1041 2084 superiorem
1066 2010 1280 2066 domus
1297 2016 1527 2083 partem
1548 2016 1614 2067 ut
1636 2016 1834 2067 oraret
1857 2012 2015 2070 circa

361 2125 390 2155 ι(
423 2104 631 2159 horam
662 2107 890 2159 sextam
924 2117 938 2156 :
966 2106 1025 2156 et
1052 2116 1187 2156 cum
1220 2100 1493 2167 esuriret,
1542 2100 1730 2156 voluit
1776 2107 2015 2174 gustare

359 2217 389 2246 ‹‹
417 2193 645 2249 cibum:
678 2207 931 2262 cumque
952 2190 1039 2246 illi
1074 2196 1450 2262 appararent.
1487 2210 1512 2240 ι

437 2282 582 2338 Vide
613 2281 797 2337 animi
837 2280 1190 2335 modestiam
1246 2281 1446 2351 Neque
1477 2280 1633 2335 enim
1663 2279 1814 2336 dixit
1844 2297 1858 2336 :
1893 2280 2014 2336 Vo—

359 2378 487 2429 cate
510 2372 585 2428 ad
618 2388 710 2426 me
746 2377 980 2425 Petrum
1009 2387 1022 2424 :
1085 2368 1331 2425 nolebat
1381 2369 1675 2441 siquidem
1707 2369 2013 2443 dignitatis

356 2462 599 2518 nomine
631 2477 768 2517 eum
815 2475 1141 2516 accersere.
1174 2460 1496 2531 Propterea
1524 2461 1784 2516 narravit
1814 2462 2015 2518 omnia

358 2557 424 2607 ut
453 2551 629 2607 etiam
654 2549 1088 2619 persuaderet:
1141 2548 1290 2604 adeo
1349 2549 1437 2604 vir
1500 2549 1807 2606 modestus
1865 2556 2009 2608 erat-

358 2641 535 2713 Atqui
558 2639 706 2695 nihil
739 2639 933 2707 magni
959 2637 1200 2709 concipi
1224 2643 1459 2709 poterat
1485 2637 1558 2693 de
1589 2640 1709 2694 viro
1733 2640 1834 2711 qui
1854 2638 2013 2711 apud

359 2728 680 2783 curiarium
722 2725 1150 2780 diversabatur.

429 2816 711 2883 Χ,10-13.
768 2839 789 2863 ι
834 2814 1013 2868 Irruit
1049 2829 1229 2885 super
1274 2829 1411 2869 eum
1442 2813 1662 2869 mentis
1710 2830 2010 2888 excessus,

366 2928 394 2955 ι(
429 2905 701 2976 videtque
733 2903 949 2960 cmlum
978 2910 1272 2975 apertum,
1306 2909 1365 2957 et
1394 2902 1765 2960 descendens
1822 2905 1896 2960 ad
1949 2924 2012 2964 se

369 3016 397 3044 ‹‹
427 3011 527 3051 vas
585 2994 886 3067 quoddam
936 2993 1097 3050 velut
1142 2992 1392 3048 linteum
1440 3009 1720 3066 magnum
1760 3002 2016 3066 quatuor

362 3105 393 3138 ι
426 3084 616 3141 initiis
649 3083 980 3156 alligatum,
1028 3082 1302 3139 submitti
1324 3099 1358 3139 a
1390 3082 1535 3139 ccelo
1567 3083 1631 3138 in
1660 3088 1916 3141 terram:
1949 3086 2013 3142 in

360 3196 395 3227 κ
425 3192 541 3247 quo
572 3180 745 3229 erant
773 3175 977 3229 omnia
1001 3173 1411 3246 quadrupedia
1440 3178 1700 3242 terrm,et
1717 3174 1923 3231 bestias
1945 3193 2013 3232 ac

369 3284 393 3313 ι
424 3224 683 3336 ξεριίιὶα,
715 3224 1098 3335 νοιᾶῐίιὶίιίῖιιθ
1138 3224 1290 3319 cmlri.
1336 3264 1407 3317 Et
1459 3224 1634 3320 facta,
1665 3269 1755 3320 est
1782 3281 1890 3321 vox
1938 3266 2010 3322 ad
2043 3224 2085 3290 Ο

367 3376 397 3405 ι(
431 3369 587 3408 eum.
624 3374 652 3401 ››

440 3441 726 3501 Ἐκστασις
761 3440 1059 3509 signiﬁcat
1087 3445 1146 3495 et
1175 3440 1719 3496 consternationem
1781 3458 1912 3514 qua:
1955 3444 2018 3499 in

367 3531 763 3590 admiratione
777 3530 1081 3603 contingit.
1094 3537 1151 3584 et
1164 3547 1297 3585 cum
1326 3537 1491 3586 extra
1508 3531 1817 3587 sensibilia
1831 3531 2019 3590 factus

367 3619 662 3693 quispiam
698 3620 772 3675 ad
806 3619 1143 3692 spiritualia
1173 3618 1504 3674 deducitur.
1539 3622 1621 3674 Ex
1650 3620 1762 3676 hoc
1818 3623 2018 3693 itaque

369 3707 863 3764 manil’estum95
892 3713 983 3763 est
1005 3707 1161 3778 quod
1195 3706 1523 3778 spiritualis
1543 3707 1817 3779 quaedam
1839 3710 2018 3765 veluti

365 3798 509 3853 visio
541 3796 654 3869 ipsi
679 3796 833 3851 facta
865 3796 1027 3859 sit,et
1053 3801 1338 3867 tanquam
1362 3792 1563 3849 anima
1580 3795 2018 3866 quodammodo

364 3903 397 3945 a
430 3902 674 3958 corpore
706 3883 1050 3940 excedente.
1101 3907 1126 3933 «
1156 3883 1468 3955 Videtque.
1505 3905 1532 3931 ››
1566 3886 1836 3942 Linteum
1871 3884 2019 3942 illud

365 3978 597 4050 signum
632 3982 758 4030 erat
787 3974 1041 4030 sublime
1071 3974 1333 4030 universi
1380 3977 1559 4032 orbis.
1591 3978 1854 4043 Quatuor
1881 3993 2016 4033 vero

365 4065 537 4120 initia
567 4069 824 4136 quatuor
858 4069 999 4118 sunt
1056 4063 1371 4119 elementa.
1426 4067 1537 4121 Vas
1581 4073 1779 4121 autem
1836 4081 2016 4138 appa-

363 4171 502 4212 rens
535 4153 886 4209 crassiorem
923 4153 1195 4225 designat
1253 4154 1564 4210 mundum.
1627 4156 1806 4211 Porro
1857 4155 2016 4210 varia

360 4244 690 4301 animantia
730 4244 897 4316 signa
952 4249 1091 4297 sunt
1148 4248 1335 4298 status
1388 4244 1715 4299 hominum.
1762 4246 1897 4303 Aut.
1952 4249 2019 4299 ut

362 4334 624 4404 apertius
649 4331 1104 4391 dicam.sindon
1136 4338 1227 4386 est
1275 4332 1554 4387 Ecclesia.
1617 4332 1825 4387 Bestim
1879 4348 2015 4388 vero

362 4440 494 4495 quae
525 4423 587 4478 in
622 4438 691 4477 ea
717 4428 907 4486 erant,
968 4426 1175 4491 gentes
1233 4426 1393 4473 sunt.
1444 4419 1763 4475 Ecclesiam
1815 4421 2014 4491 itaque

358 4498 673 4584 conspexit
701 4516 956 4583 quatuor
1011 4507 1340 4582 Evangeliis
1396 4508 1721 4581 alligatam,
1776 4509 1839 4565 in
1898 4526 2015 4581 qua

361 4608 533 4657 erant
561 4616 767 4656 omnes
793 4606 1020 4673 gentes.

434 4690 502 4747 X.
540 4690 717 4745 13-29.
752 4713 779 4738 α
815 4691 1016 4762 Surge.
1041 4690 1231 4755 Petre,
1266 4693 1461 4744 macta
1516 4692 1575 4743 et
1617 4703 1872 4743 vescere.
1918 4688 2018 4746 Ait

367 4803 394 4829 ‹‹
429 4784 628 4835 autem
659 4780 868 4833 Petrus
897 4795 909 4832 :
944 4780 1347 4849 Nequaquam.
1380 4778 1649 4841 Domine.
1692 4778 1831 4848 quia
1859 4794 2017 4833 nun-

367 4891 395 4919 ‹‹
430 4884 610 4940 quam
640 4866 734 4922 edi
758 4867 1085 4937 quidquam
1104 4884 1419 4923 commune
1452 4876 1512 4924 et
1536 4867 2018 4925 immundum.Et

369 4979 398 5009 «
431 4974 543 5015 vox
561 4971 768 5012 rursus
819 4954 893 5011 ad
926 4972 1098 5011 eum:
1156 4958 1323 5022 Quod
1361 4959 1517 5014 Deus
1566 4959 1898 5031 puriﬁcavit
1951 4965 2017 5015 tu

369 5071 396 5098 ‹‹
430 5062 748 5105 commune
787 5060 863 5101 ne
919 5044 1160 5102 dixeris.
1211 5048 1329 5103 Hoc
1359 5055 1558 5105 autem
1593 5050 1764 5106 tertio
1795 5051 2016 5107 factum

368 5160 395 5187 α
428 5143 536 5196 est.
569 5138 641 5193 Et
667 5151 904 5193 rursum
924 5141 1229 5206 receptum
1260 5141 1351 5191 est
1377 5153 1475 5193 vas
1500 5138 1563 5194 in
1591 5140 2018 5197 cmlum.Dum-

371 5247 394 5278 ι
426 5244 543 5299 que
572 5226 728 5299 apud
770 5241 899 5281 sese
931 5224 1234 5280 hzesitaret
1287 5228 1492 5281 Petrus
1554 5244 1825 5298 qumnam
1860 5236 2020 5286 esset

366 5342 394 5370 ι(
428 5318 574 5373 visio
606 5332 783 5386 quam
815 5313 1061 5371 vidisset
1088 5329 1224 5368 ecce
1248 5314 1351 5368 viri
1386 5316 1485 5385 qui
1537 5317 1704 5373 missi
1755 5325 1929 5374 erant
1984 5336 2019 5375 a

365 5431 392 5458 ‹‹
430 5404 700 5460 Cornelio
732 5404 1059 5475 percontati
1086 5402 1158 5458 de
1181 5402 1357 5457 domo
1383 5404 1662 5464 Simonis.
1699 5408 2020 5463 astiterunt

370 5520 396 5549 (ι
432 5494 506 5551 ad
544 5496 870 5559 januam.et
889 5499 1125 5549 evocato
1157 5493 1433 5564 quopiam
1469 5493 1913 5567 interrogabant
1940 5513 2017 5552 an

377 5608 401 5634 ι
435 5583 637 5640 Simon
665 5582 764 5651 qui
796 5582 1318 5654 cognominaretur
1346 5584 1574 5649 Petrus,
1608 5584 1854 5641 haberet
1892 5586 2019 5642 illic

374 5695 402 5723 ‹‹
433 5670 775 5745 hospitium.
809 5671 981 5725 Petro
1013 5686 1146 5726 vero
1177 5671 1469 5744 cogitante
1500 5672 1571 5729 de
1604 5674 1847 5746 visione,
1871 5674 2021 5734 dixit

2122 1943 2150 1971 ι(
2181 1940 2289 1974 των
2318 1917 2561 1989 ἐκείνων,
2593 1916 2757 1990 ἀνέϐη
2809 1921 3012 1997 [Ιέτρος
3071 1920 3160 1976 ἐπὶ
3218 1920 3280 1976 τὸ
3338 1917 3503 1994 δῶμα
3554 1916 3770 1993 προσεύ-

2128 2008 2359 2078 «ξασθαι
2389 2008 2512 2083 περὶ
2540 2007 2684 2082 ὥραν
2743 2006 2927 2079 ἵκτην,
2990 2008 3239 2086 Ἐγένετο
3299 2007 3357 2067 δὶ
3413 2009 3762 2080 πρόσπεινος,

2127 2122 2149 2149 ι
2183 2098 2269 2153 καὶ
2305 2097 2470 2167 ἤθελε
2495 2099 2802 2174 γεύσασθαισ
2835 2096 3419 2175 παρασκευαζόντωνδὶ
3463 2096 3697 2159 ἐκείνων.

2190 2277 2332 2349 "Op:
2376 2276 2440 2331 τὸ
2494 2273 2720 2350 ἄτυφον.
2782 2276 2862 2334 Οὖ
2940 2276 3043 2353 γάρ
3130 2277 3265 2342 εἶπε,
3345 2271 3622 2333 Καλέσατὲ
3676 2259 3769 2350 μοι

2122 2365 2346 2438 Πέτρονσ
2409 2366 2470 2421 οὐ
2532 2364 2635 2438 γὰρ
2678 2365 2831 2436 ἠξίου
2887 2364 2997 2423 ἀπὸ
3059 2370 3159 2423 τοῦ
3240 2364 3559 2442 ἀξιώματος
3616 2364 3765 2420 αὐτὸν

2125 2454 2596 2530 μεταπέμψασθαι.
2642 2456 2740 2510 Δια
2789 2459 2952 2511 τοῦτο
3010 2454 3317 2533 ἆξηγησατο
3379 2456 3611 2520 ἃπαντα,
3643 2453 3770 2510 ὥστε

2120 2545 2210 2600 καὶ
2251 2551 2454 2600 πεῖσαι.
2483 2546 2644 2603 Οὒτω
2677 2546 2896 2621 μέτριος
2929 2546 2995 2615 ἦν
3026 2546 3054 2602 ὁ
3097 2547 3254 2620 ἀνήρ.
3315 2546 3425 2606 Καί
3480 2566 3565 2602 τοι
3624 2540 3770 2599 οὐδὲν

2125 2638 2267 2717 μέγα
2293 2645 2661 2716 φαντασθῆναι
2698 2638 2764 2709 ἦν
2794 2639 2919 2716 περὶ
2950 2635 3143 2715 ἀνδρὸς
3189 2636 3578 2717 καταγομένου
3633 2635 3770 2712 παρὰ

2127 2729 2336 2803 βυρσεῖ.

2194 2842 2223 2869 ‹‹
2259 2815 2542 2873 Ἐπὲπεσεν
2599 2815 2682 2871 ἐπ’
2738 2814 2901 2872 αὐτὸν
2961 2814 3230 2876 ἔκστασις.
3280 2816 3388 2877 Καὶ
3448 2819 3641 2892 θεωρεῖ
3683 2812 3769 2870 τὸν

2123 2931 2151 2959 ‹‹
2196 2906 2423 2981 οὐρανὸν
2481 2905 2848 2982 ἀνεῳγμένον,
2906 2908 2997 2962 καὶ
3053 2902 3384 2964 καταϐαῖνον
3474 2907 3556 2962 ἐπ’
3613 2904 3764 2961 αὐτὸν

2129 3017 2152 3048 ε
2186 2995 2374 3058 σκεῦός
2424 3016 2480 3052 τι
2521 2995 2598 3057 ὡς
2655 2995 2850 3065 ὀθόνην
2906 2996 3176 3075 μεγάλην,
3234 3001 3521 3073 τέσσαρσιν
3574 2994 3766 3070 ἀρχαῖς

2124 3111 2152 3140 ‹‹
2186 3082 2498 3159 δεδεμένον,
2548 3083 2638 3139 καὶ
2696 3085 3013 3159 καθιέμενον
3074 3084 3164 3141 ἰπὶ
3246 3091 3347 3155 τῆς
3430 3092 3559 3161 γῆς,
3617 3081 3667 3139 ἄν
3723 3081 3764 3155 ᾧ

2131 3198 2152 3225 ι
2193 3174 2410 3249 ὑπῆρχε
2435 3172 2609 3229 πάντα
2636 3172 2703 3228 τά
2733 3170 3041 3247 τετράποδα
3085 3177 3186 3240 τῆς
3214 3181 3339 3249 γῆς,
3399 3176 3489 3229 καὶ
3551 3174 3618 3230 τὰ
3673 3182 3769 3240 θη·-

2127 3286 2157 3315 α
2188 3262 2298 3339 ρία,
2329 3262 2421 3319 καὶ
2450 3262 2516 3319 τὰ
2573 3262 2791 3334 ἑρπετά,
2846 3262 2935 3318 καὶ
2996 3262 3063 3319 τὰ
3102 3262 3319 3319 πετεινᾶ
3368 3268 3470 3321 τοῦ
3526 3262 3764 3338 οὐρανοῦ.

2130 3376 2159 3405 ι(
2191 3353 2291 3409 Καὶ
2325 3350 2538 3431 ἐγένετο
2569 3353 2722 3430 φωνὴ
2754 3351 2892 3426 πρὸς
2920 3352 3105 3410 αὐτόν.
3140 3375 3168 3404 »

2195 3443 2258 3498 Ἡ
2317 3436 2563 3504 ἔκστασις
2618 3439 2787 3512 δηλοῖ
2840 3442 2931 3497 καὶ
2987 3443 3088 3510 τήν
3163 3441 3251 3497 ἐπὶ
3310 3447 3622 3522 θαυμασμῷ
3685 3433 3764 3494 ἔκ·

2125 3531 2461 3603 πληξιν,καῖ
2491 3531 2554 3587 τὸ
2611 3529 2711 3602 ἔξω
2769 3535 2875 3586 τῶν
2944 3532 3216 3603 αἰσθητῶν
3267 3530 3515 3610 γενέσθαι
3570 3530 3656 3588 ἐπὶ
3707 3528 3768 3582 τὰ

2125 3623 2467 3692 πνευματικά
2524 3618 2924 3697 ὁδηγούμενον.
2984 3622 3078 3677 Ἐκ
3167 3621 3365 3678 τούτου
3454 3621 3623 3693 δῆλον
3688 3617 3766 3673 ὅτι

2125 3709 2467 3781 πνευματική
2524 3727 2605 3770 τις
2662 3708 2856 3764 ὡσανεὶ
2914 3710 3115 3780 θεωρία
3169 3710 3392 3787 γέγονεν
3456 3711 3624 3781 αὐτῷ,
3671 3707 3762 3760 τοῦ

2126 3799 2403 3870 σώματος,
2435 3797 2510 3859 ὡς
2560 3795 2621 3851 ἄν
2675 3795 2822 3853 εἶ’ποι
2870 3818 2974 3867 τις,
3008 3796 3349 3868 ἐξεστηκυίας
3400 3806 3505 3871 τῆς
3563 3801 3761 3873 ψυχῆς.

2128 3911 2156 3939 ‹‹
2187 3884 2284 3942 Καὶ
2315 3888 2524 3962 θεωρεῖ.
2578 3909 2606 3937 ››
2664 3880 2958 3960 Σύμϐολον
3016 3893 3118 3956 τῆς
3171 3887 3503 3962 οἰκουμένης
3559 3887 3759 3952 ἀπάσης

2125 3976 2445 4050 ἀκρότατον,
2496 3975 2597 4046 τήν
2658 3975 2849 4046 ὀθόνην
2907 3974 3138 4046 ἐκείνην.
3200 3978 3267 4034 Αἱ
3296 3975 3354 4032 δὲ
3392 3979 3644 4054 τεσσαρες
3673 3972 3763 4047 ἀρ·

2127 4064 2226 4142 χαὶ
2279 4065 2345 4121 τά
2399 4065 2637 4137 τέσσαρα
2694 4070 2945 4145 στοιχεῖα
3003 4062 3255 4135 δηλοῦσι.
3336 4067 3406 4124 τὸ
3485 4066 3542 4122 δὲ
3613 4061 3761 4141 φανὲν

2124 4158 2314 4219 σκεῦος
2335 4154 2427 4210 τὸν
2463 4154 2772 4231 παχύτερον
2807 4155 3014 4230 κόσμον
3072 4154 3347 4231 σημαίνει.
3409 4159 3493 4216 Τά
3549 4155 3606 4212 δὲ
3660 4150 3767 4208 διά-

2124 4266 2268 4326 φορα
2323 4251 2456 4316 ζῶα.
2527 4252 2626 4316 τῆς
2685 4250 2791 4300 τῶν
2879 4245 3178 4321 ἀνθρώπων
3236 4245 3348 4304 ἐστὶ
3407 4246 3771 4305 καταστάσεως

2126 4331 2401 4406 σύμϐολα.
2456 4337 2548 4397 “Ἢ,
2602 4334 2686 4388 ’ἱνα
2739 4334 3064 4411 σαφέστερον
3126 4333 3283 4402 ε’ίπω,
3321 4335 3516 4394 σινδὼν
3573 4338 3608 4404 ἡ
3654 4333 3770 4389 Ἐκο

2123 4422 2348 4491 κλησία.
2382 4423 2463 4479 Τὰ
2494 4421 2552 4477 δὶ
2580 4420 2631 4477 ἐν
2689 4421 2829 4497 αὐτῇ
2890 4422 3075 4497 θηρία,
3129 4425 3183 4478 οἱ
3235 4424 3286 4495 ἐξ
3345 4426 3535 4484 ἐθνῶν.
3597 4414 3768 4483 Ἑθεά-

2124 4532 2255 4569 σατο
2300 4512 2484 4567 τοίνυν
2541 4513 2641 4581 τὴν
2705 4511 3033 4582 Ἐκκλησίαν
3083 4515 3363 4586 τέσσαρσιν
3417 4507 3771 4588 Εὐαγγελίοις

2040 4590 2087 4656 D
2118 4600 2428 4677 δεδεμὲνην,
2460 4599 2513 4657 ἐν
2612 4601 2835 4682 ὑπῆρχε
2864 4604 3041 4660 πάντα
3069 4605 3137 4661 τά
3160 4600 3308 4676 ἔθνη.

2195 4717 2223 4744 «
2258 4690 2537 4753 Ἀναστὰς.
2574 4692 2759 4765 Πέτρε,
2794 4695 2955 4755 θῦσον
2986 4692 3076 4749 καὶ
3133 4694 3294 4771 φάγε.
3347 4693 3409 4751 Ὀ
3467 4689 3526 4748 δὶ
3574 4690 3770 4761 Πέτρος

2123 4804 2151 4833 ‹‹
2184 4781 2324 4845 εἷπε,
2358 4777 2666 4853 Μηδαμῶς,
2705 4779 2884 4853 Κύριε,
2947 4780 3031 4836 ὅτι
3093 4780 3217 4836 οὐδε
3249 4803 3384 4839 ποτε
3414 4777 3613 4860 ἔφαγον
3666 4777 3766 4829 πᾶν

2129 4892 2155 4923 ³
2184 4870 2364 4926 κοινὸν
2397 4870 2431 4940 ἦ
2461 4869 2785 4945 ἀκάθαρτον.
2844 4870 2943 4925 Καὶ
3002 4872 3156 4948 τρωνὴ
3193 4869 3357 4927 πάλιν
3411 4871 3470 4927 ἐκ
3522 4866 3765 4940 δευτέρου

2125 4983 2155 5013 «
2186 4960 2322 5031 πρὸς
2354 4957 2532 5014 αὐτόν.
2565 4960 2635 5016 Ἀ
2666 4960 2795 5023 Θεὸς
2826 4957 3127 5036 ἐκαθάρισε,
3161 4959 3222 5016 σὺ
3260 4962 3335 5034 μή
3359 4961 3561 5017 κοίνου.
3597 4958 3767 5014 Τοῦτο

2127 5073 2155 5102 ‹‹
2191 5046 2247 5105 δὲ
2279 5047 2491 5124 ἐγένετο
2522 5048 2611 5105 ἐπὶ
2637 5048 2774 5122 τρίς.
2824 5050 2925 5106 Καὶ
2960 5048 3126 5107 πάλιν
3154 5048 3442 5126 ἀνελήφθη
3476 5050 3538 5105 τὸ
3590 5046 3769 5126 σκεῦος

2124 5161 2154 5194 ‹‹
2187 5138 2262 5200 είς
2296 5139 2389 5195 τὸν
2413 5136 2664 5214 οὐρανόν.
2696 5138 2785 5201 Ὦς
2846 5134 2904 5192 δὲ
2950 5136 3003 5194 ἐν
3055 5140 3230 5212 ἑαυτῷ
3287 5125 3540 5212 διηπόρει
3595 5136 3624 5190 ὁ
3682 5125 3772 5187 ω’

2135 5255 2161 5285 ιι
2190 5250 2318 5307 τρος
2341 5231 2393 5285 τί
2424 5231 2484 5286 ἅν
2516 5227 2599 5300 εἴη
2632 5231 2695 5284 τὸ
2726 5231 2906 5304 ὅραμα
2938 5231 2968 5286 ὅ
2998 5226 3129 5301 ε’δε,
3157 5232 3250 5288 καὶ
3271 5230 3390 5289 ἰδοὺ
3426 5233 3478 5288 o't
3509 5227 3692 5299 ἄνδρες
3720 5219 3769 5274 οἱ

2131 5318 2589 5392 «ἀπεσταλμένοι
2641 5318 2746 5375 ἀπὸ
2806 5323 2903 5374 τοῦ
2965 5319 3298 5392 Κορνηλίου,
3356 5318 3768 5396 διερωτήσαντες

2130 5433 2157 5460 ‹‹
2190 5410 2288 5478 τὴν
2322 5408 2499 5464 οίκίαν
2535 5407 2808 5482 Σίμωνος.
2843 5405 3136 5480 ἐπέστησαν
3167 5410 3252 5465 ἐπὶ
3289 5412 3374 5466 τὸν
3409 5407 3648 5471 πυλῶνα,
3676 5393 3764 5452 καί

2131 5523 2159 5550 ‹‹
2190 5500 2535 5575 φωνήσαντες
2564 5498 2924 5554 ἐπυνθάνοντο
2983 5499 3028 5554 εί
3086 5500 3277 5572 Σίμων
3328 5503 3356 5556 ὁ
3412 5490 3760 5560 ἐπικαλούμε-

2129 5612 2157 5640 ιι
2186 5607 2279 5649 νος
2308 5588 2508 5663 Πέτρος
2540 5584 2725 5643 ἐνθάδε
2751 5586 3028 5658 ξενίζεται.
3086 5590 3201 5646 Teii
3258 5587 3316 5645 δὲ
3374 5589 3574 5662 Πέτρου
3615 5579 3763 5635 ἐνθυ-

2130 5703 2158 5732 ‹‹
2195 5679 2472 5755 μουμένου
2502 5678 2626 5755 περὶ
2655 5684 2753 5735 τοῦ
2786 5679 3085 5757 ὁράματος,
3118 5680 3266 5737 εἶπεν
3314 5680 3461 5756 αὐτῷ
3497 5677 3560 5734 τὸ
3602 5666 3761 5728 ετνῶ-
