4112 6250
363 422 470 485 181

1385 426 1792 489 COMMENT.
1844 427 1922 486 IN
1967 428 2178 489 ACTA
2220 429 2827 494 APOSTOLOBUM.

3693 432 3807 491 182

371 582 400 612 α
432 576 524 633 μα.
557 554 704 612 Ἰδοὺ
740 555 942 634 ἄνδρες
1002 561 1242 632 ζητοῢσί
1288 582 1362 616 σε·
1421 558 1550 617 ἀλλ’
1606 559 1834 621 ἀναστας
1883 560 2027 617 κατά

2157 585 2184 613 ‹‹
2219 564 2271 619 ei
2304 565 2589 636 Spiritus;
2621 567 2766 622 Ecce
2798 565 2905 621 viri
2938 571 3218 638 quaerunt
3243 571 3296 621 te
3324 583 3337 620 :
3373 582 3543 639 surge
3579 567 3801 640 itaque,

378 643 590 719 «ϐηθι,
622 647 716 703 καὶ
747 651 998 722 πορεᾶου
1057 653 1152 706 σὺν
1211 651 1413 719 αὖτοές,
1475 649 1643 725 μηδὲν
1698 649 2045 726 διακρινόμε-

1669 740 1911 802 Καταδάς
1989 739 2045 797 δὲ

381 759 554 807 «νος,
607 735 750 793 διότι
807 739 919 815 ἐγὼ
980 739 1300 796 ἀπέσταλκα
1357 741 1577 803 αὖτοός.

385 833 650 901 «Πέτρος
703 830 839 900 πρὸς
901 830 1035 892 τοὺς

387 941 417 971 α
451 919 559 974 ἀπὸ
615 917 930 992 Κορνηλίου
989 920 1132 994 πρὸς
1189 919 1368 983 αὐτὸν,
1457 921 1617 976 εῗπεν·
1708 918 1847 977 Ἰδοὺ
1933 920 2042 998 ἐγώ

387 1033 417 1059 α
452 1009 655 1083 εἰμι’ὀν
685 1015 920 1079 ζητεῖτε.
970 1010 1071 1070 Τίς
1122 1011 1157 1078 ἡ
1217 1008 1362 1064 αἶ’τία
1423 1007 1495 1064 δι’
1551 1012 1615 1078 ἤν
1649 1012 1914 1085 πάρεστε;
1975 1011 2042 1067 Οἱ

386 1121 418 1150 «ι
455 1094 515 1152 δὲ
546 1098 718 1152 εἷπον·
749 1095 1061 1172 Κορνήλιος
1104 1099 1130 1152 6
1163 1097 1594 1177 ἑκατοντάρχης,
1644 1099 1781 1174 ἀνηρ
1832 1095 2039 1161 δῗκαιος

389 1211 418 1238 ‹‹
452 1187 545 1241 καὶ
579 1181 919 1267 φοϐούμενος
977 1187 1068 1242 τὸν
1126 1193 1276 1258 Θεὸν,
1335 1188 1786 1262 μαρτυρούμενός
1843 1209 1902 1242 τε
1951 1187 2042 1242 καὶ

387 1305 419 1333 α
457 1279 562 1336 ὑπὸ
586 1277 720 1333 ὅλου
749 1283 847 1333 τοῦ
877 1275 1087 1342 ἔθνους.
1143 1283 1248 1333 τῶν
1304 1276 1598 1346 Ἰουδαίων,
1652 1275 2037 1356 ἐχρηματίσθη

391 1392 419 1424 σ
450 1369 558 1423 ὑπὸ
590 1365 836 1446 ἀγγέλου
867 1367 1046 1442 ἁγίου,
1083 1365 1536 1441 μεταπέμψασθαί
1596 1388 1652 1422 σε
1700 1367 1774 1429 εἰς
1814 1367 1904 1422 τὸν
1953 1366 2042 1420 οἴ-

383 1483 413 1509 ιι
446 1478 546 1512 κον
570 1456 764 1525 αὐτοῦ,
793 1457 885 1511 καί
915 1453 1142 1510 ἀκοῦσαι
1196 1454 1418 1530 ῥήματα
1473 1456 1620 1530 παρὰ
1670 1460 1785 1511 σοῦ.
1839 1455 2040 1512 Είσκαο

379 1572 408 1599 ιι
443 1545 754 1620 λεσαμενυς
784 1545 878 1599 οὖν
934 1545 1131 1606 αὐτοὺς
1188 1543 1407 1617 ἐξένισε.
1470 1546 1554 1618 Τῇ
1614 1541 1671 1600 δὲ
1726 1543 1980 1618 ἐπαύριον
2011 1543 2038 1598 6

368 1665 405 1704 _«
446 1637 660 1713 Ηέτρος
694 1635 890 1708 ἐξῆλθε
920 1637 1010 1690 σὺν
1044 1634 1252 1704 αὐτοῖς,
1280 1637 1373 1691 καί
1425 1657 1563 1697 τινες
1623 1641 1732 1691 τῶν
1790 1633 2040 1716 ἀδελφῶν

381 1751 407 1781 ιι
436 1733 553 1783 τῶν
586 1727 698 1782 ἀπὸ
733 1728 965 1796 Ἰόππης
998 1723 1266 1796 συνῆλθον
1297 1724 1464 1796 αὐτῷ.
1525 1725 1624 1782 Καὶ
1662 1728 1730 1798 τῇ
1786 1724 2040 1800 ἐπαύριον

379 1847 406 1873 u
441 1818 712 1888 εἰσῆλθον
738 1818 816 1879 εἰς
846 1820 945 1888 τήν
989 1819 1332 1892 Καισάρειαν.
1386 1819 1444 1875 Ὀ
1503 1813 1560 1872 δὲ
1619 1816 1925 1893 Κορνήλιος
1975 1822 2040 1890 ἦν

378 1905 775 1984 «προσδοκῶν
837 1905 1057 1974 αὐτοὺς,
1125 1904 1597 1984 συγκαλεσάμενος
1677 1908 1804 1970 τοὺς
1861 1929 2041 1984 συγγε-

381 2004 554 2058 «vei:
607 1995 784 2052 αὐτοῦ
842 1995 933 2051 καὶ
993 1995 1120 2057 τοὺς
1178 1995 1498 2072 ἀναγκαίους
1558 1993 1774 2074 φίλους.
1832 1997 1917 2059 Ὡς
1979 1994 2036 2052 δὲ

375 2086 657 2164 «ἐγένετο
718 2083 984 2149 εἰσελθεῖν
1036 2085 1127 2140 τὸν
1184 2080 1402 2159 Ηέτρον,
1495 2087 1821 2156 συναντήσας
1886 2086 2034 2161 αὐτῷ

382 2202 408 2229 ιι
442 2179 470 2231 6
501 2173 817 2245 Κορνήλιος
845 2173 1025 2230 πεσὼν
1054 2173 1143 2229 ἐπὶ
1175 2174 1331 2243 ἱτοὺς
1383 2171 1556 2234 πόδας
1613 2176 2032 2250 προσεκύνησεν.

385 2267 511 2322 «'0
560 2260 613 2320 δὲ
667 2264 870 2338 Πέτρος
931 2263 1094 2317 αὐτὸν
1151 2263 1357 2338 ἤγειρε,
1432 2260 1629 2338 λέγων.
1720 2265 2030 2336 Ἀνάστηθι,

393 2379 421 2405 α
453 2353 604 2424 κάγὼ
632 2354 789 2415 αὐτὸς
822 2353 1113 2427 ἅνθρωπός
1145 2353 1278 2424 εἶμι·
1341 2352 1444 2409 Καὶ
1502 2351 1810 2424 συνομιλῶν
1859 2353 2031 2428 αὐτῷ,

380 2469 409 2497 ιι
441 2441 683 2510 εἱσῆλθε.
719 2444 811 2498 καὶ
853 2441 1086 2512 εὑρίσκει
1137 2439 1571 2512 συνεληλαθότας
1607 2440 1876 2505 πολλοὺς,
1927 2436 2027 2523 ἔφη

371 2555 494 2588 «τε
552 2533 690 2605 πρὸς
740 2531 939 2592 αὐτούς
1016 2533 1194 2606 Ὑμεῖς
1253 2529 1556 2594 ἐπίστασθε,
1646 2531 1719 2594 ὡς
1775 2531 2030 2602 ἀθέμιτόν

371 2648 398 2674 α
435 2622 582 2678 ἐστιν
644 2619 801 2697 ἀνδρὶ
854 2618 1106 2693 Ἰουδαίῳ
1173 2619 1478 2684 κολλᾶσθαι
1627 2623 2028 2702 προσέρχεσθαι

361 2738 388 2766 ιι
422 2710 767 2792 ἀλλοιρύλῳ.
802 2711 905 2768 Kal
937 2708 1066 2784 ἐμοὶ
1094 2711 1120 2764 6
1152 2710 1282 2772 Θεὸς
1341 2706 1525 2780 ἔδειξε,
1587 2707 1792 2786 μηδένα
1849 2713 2028 2768 κοινὸν

363 2827 394 2855 α
435 2800 476 2870 ἤ
534 2801 846 2871 ἀκάθαρτον
901 2797 1078 2874 λέγειν
1137 2798 1435 2874 ἄνθρωπον·
1493 2796 1578 2855 διὸ
1635 2800 1724 2856 καὶ
1781 2800 2025 2877 ἀναντιρο

365 2916 397 2944 ιι
426 2893 620 2967 ῥήτως
653 2888 827 2959 ἦλθον
861 2889 1284 2968 μεταπεμφθείς.
1318 2909 1343 2941 ο

427 2987 507 3051 Γῆ
547 2981 650 3055 μὲν
681 2982 716 3048 ἡ
752 2975 975 3050 σινδὼν,
1001 2978 1068 3032 τὰ
1098 2975 1155 3033 δὲ
1183 2975 1234 3033 ἐν
1259 2977 1397 3052 αὐτῇ
1426 2977 1608 3053 θηρία,
1641 2979 1693 3034 οἱ
1737 2979 1786 3051 ἐξ
1841 2978 2022 3038 ἐθνῶν,

352 3071 436 3129 Τὸ
471 3067 556 3140 δὲ,
589 3094 620 3120 ε(
654 3073 826 3124 Θῦσον
859 3066 950 3124 καὶ
1002 3065 1161 3144 φάγε,
1199 3090 1226 3117 ››
1269 3065 1351 3121 δτι
1401 3066 1676 3129 κάκείνους
1723 3065 1804 3123 δεῖ
1853 3090 2023 3144 προσ-

364 3161 521 3215 ιέναι.
553 3160 640 3216 Τὸ
698 3155 756 3212 δὲ
814 3156 997 3231 τρίτον
1050 3160 1212 3212 τοῦτο
1272 3157 1539 3233 γενέσθαι,
1600 3158 1661 3213 τὸ
1719 3158 2020 3234 βάπτισμα.

363 3255 459 3309 Ὡς
486 3245 548 3301 δέ
577 3245 827 3320 διηπόρει
857 3246 885 3299 6
918 3247 1141 3319 Πέτρος,
1171 3242 1437 3315 εὐκαίρως
1497 3241 1666 3313 ἦλθον
1717 3245 1768 3300 οἱ
1816 3242 2022 3320 ἄνδρες,

382 3339 486 3405 τήν
517 3319 1012 3408 ἆπορίανλῦοντες.
1076 3330 1338 3394 Εὖκόλως
1389 3319 1557 3408 γὰρὴ
1591 3336 1745 3413 ψυχὴ
1802 3319 2022 3414 δέχεται

385 3426 488 3492 τήν
519 3424 690 3479 λύσιν.
740 3425 1006 3498 Πρότερον
1060 3420 1116 3476 δὲ
1177 3422 1226 3477 ἐν
1291 3421 1492 3495 ἀπορίᾳ
1549 3422 1783 3500 ἐγενετο,
1843 3423 2023 3498 ὥσπερ

374 3516 464 3570 καί
498 3517 528 3570 ὁ
581 3515 767 3593 Ἰωσὴφ
825 3513 1093 3585 πρότερον
1143 3513 1497 3586 συνεχωρήθη
1557 3506 1876 3586 θορυϐῆναι,
1934 3513 2022 3568 καὶ

371 3607 493 3662 τότε
544 3602 709 3673 ἦλθεν
766 3605 796 3658 6
854 3601 1093 3676 ἅγγελος
1175 3622 1198 3647 α
1231 3595 1332 3659 Καὶ
1393 3603 1734 3676 φωνήσαντες
1788 3601 2022 3658 ἐπυνθά-

365 3718 537 3752 νοντο.
573 3720 603 3746 κ
637 3699 769 3751 Ἀτε
800 3693 876 3754 εἰς
911 3689 1108 3761 εὐτελῆ
1151 3691 1327 3747 οἷ’κίαν
1374 3691 1609 3747 κάτωθει
1645 3691 2021 3760 ἐπυνθάνοντο,

367 3786 451 3841 καὶ
488 3787 549 3840 οὗ
581 3782 834 3860 γείτονας
877 3783 1136 3855 ἠρώτων.
1193 3778 1387 3851 Πολλή
1447 3777 1505 3836 δέ
1556 3781 1652 3835 τοῦ
1714 3782 2023 3855 Πνεόματος

368 3880 400 3944 ἡ
433 3875 652 3948 ἐξουσία
684 3868 956 3939 εἷπάντος,
991 3871 1079 3926 δτι
1113 3895 1140 3920 ‹‹
1178 3868 1326 3943 Ἐγὼ
1386 3867 1699 3926 ἀπέσταλκα
1742 3871 1955 3932 avito-3;.
1995 3896 2022 3921 ››

369 3959 628 4022 Καταϐάς
663 3959 723 4016 δὲ
778 3961 977 4033 ΙΙέτρος
1028 3960 1127 4029 τήν
1191 3957 1366 4012 αἰτίαν
1425 3960 1747 4022 πυνθάνεται
1803 3960 1892 4014 διὰ
1947 3961 2022 4031 τί,

361 4055 446 4110 ἶνα
479 4052 544 4109 ἄν
582 4053 680 4125 μὲν
723 4051 925 4112 εὐθέως
953 4051 1266 4123 κατεπείγῃ,
1327 4047 1629 4121 συνεξέλθη,
1685 4046 1744 4103 ἄν
1804 4047 1862 4104 δὲ
1921 4051 2021 4124 μή,

358 4143 450 4200 ἵνα
481 4144 671 4217 ξενίσῃ
700 4139 896 4202 αὐτοὺς
930 4139 1006 4201 είς
1052 4139 1141 4194 τὸν
1197 4138 1366 4194 οῗκον.
1425 4139 1499 4194 Τὸ
1559 4136 1616 4193 δὲ
1671 4137 2021 4194 συναπελθεῖν

361 4240 439 4296 τῷ
468 4233 670 4307 Πέτρῳ
713 4231 864 4291 τινας
923 4235 1032 4286 τῶν
1090 4228 1196 4284 ἀπὸ
1254 4227 1482 4298 Ἰόππης
1537 4225 1813 4307 ἀδελφῶν,
1875 4227 2022 4284 οἷκο-

361 4329 640 4398 νομικῶς.
694 4324 851 4377 Ὦστε
909 4322 1049 4375 εἶναι
1131 4319 1376 4395 μάρτυρα
1433 4319 1568 4393 μετὰ
1623 4323 1816 4386 ταῦτα,
1897 4318 2021 4374 ’όταν

361 4413 825 4487 ἀπολογήσασθαι
859 4408 952 4484 δέῃ
996 4409 1196 4480 Πέτρον
1253 4407 1387 4484 πρὸς
1445 4407 1571 4469 τοὺς
1624 4409 1890 4482 μαθητάς,
1940 4406 2025 4463 ὅτι

361 4523 456 4566 και
497 4499 749 4573 διεκρίθη
810 4499 912 4556 ὑπὸ
971 4502 1066 4552 τοῦ
1127 4497 1437 4572 Πνεόματος
1500 4519 1575 4568 μη
1637 4493 2021 4566 διακρίνεσθαι.

354 4593 445 4658 ,Τὸ
491 4586 772 4666 θηριῶδές
830 4608 886 4645 τε
941 4587 1033 4643 καὶ
1092 4586 1294 4662 ἄλογον
1351 4583 1503 4647 εἶδος
1561 4591 1671 4642 τῶν
1729 4585 2025 4661 ἀνθρώπων

1125 830 1240 902 ἅνδε
1258 852 1318 892 ας
1390 830 1515 894 τους
1601 830 1843 886 ἀπεσταλ
1855 833 2046 905 μένους

2155 675 2181 701 ‹‹
2218 653 2511 710 descende
2544 661 2603 710 et
2632 657 3004 727 proﬁciscere
3039 674 3170 710 cum
3204 657 3289 710 eis
3312 655 3460 709 nihil
3496 657 3799 718 haesitans.

2155 765 2180 791 ι(
2211 743 2490 812 quoniam
2518 761 2622 813 ego
2655 745 2784 798 misi
2815 745 2966 798 illos.
2997 745 3370 799 Descendens
3392 745 3569 816 igitur
3592 747 3797 800 Petrus

2155 853 2181 881 (ί
2216 832 2289 886 ad
2323 833 2473 886 viros
2505 833 2603 904 qui
2641 834 2802 888 missi
2848 840 3017 888 erant
3074 852 3106 888 a
3156 835 3426 888 Cornelio
3479 835 3550 888 ad
3599 835 3792 905 ipsum

2155 943 2182 969 ‹‹
2214 921 2402 975 dixit:
2440 923 2581 976 Ecce
2615 939 2718 994 ego
2751 939 2880 978 sum
2930 924 3029 976 ille
3082 941 3257 993 quem
3306 924 3589 993 quaeritis.
3653 925 3789 987 Qua)

2152 1035 2178 1060 ‹‹
2215 1028 2392 1066 causa
2418 1017 2508 1066 est
2534 1020 2772 1084 propter
2797 1030 2972 1083 quam
2997 1014 3239 1068 venistis
3258 1014 3282 1065 ’ἶ
3301 1014 3467 1067 Atilii
3490 1014 3786 1067 dixerunt.

2151 1123 2178 1150 α
2212 1101 2518 1155 Cornelius
2550 1101 2839 1159 centurio.
2874 1104 3181 1174 virjustus
3211 1120 3277 1157 ac
3321 1104 3536 1156 timens
3585 1104 3793 1171 Deum,

2153 1212 2179 1240 ‹‹
2205 1196 2263 1245 et
2289 1191 2691 1246 testiinonium
2717 1192 2943 1246 habens
2968 1192 3039 1246 ab
3062 1193 3334 1246 universa
3355 1199 3526 1263 gente
3558 1192 3790 1247 Judzro.

2152 1301 2178 1328 ‹‹
2212 1297 2367 1346 rum,
2397 1281 2702 1336 oraculum
2736 1282 2964 1353 accepit
2995 1282 3065 1336 ab
3098 1282 3305 1348 angelo
3339 1289 3541 1337 sancto
3605 1287 3667 1335 ut
3697 1299 3792 1336 ac-

2151 1390 2175 1417 «
2215 1376 2474 1423 cerseret
2503 1376 2557 1424 te
2590 1370 2649 1424 in
2681 1370 2922 1426 domum
2947 1376 3209 1438 suum,et
3232 1371 3464 1425 audiret
3493 1371 3669 1425 verba
3691 1371 3794 1426 abs

2157 1477 2176 1506 ι
2213 1463 2286 1514 te.
2322 1460 2478 1513 Intro
2512 1466 2746 1515 vocatos
2786 1461 2965 1532 igitur
2997 1478 3095 1515 eos
3125 1461 3349 1530 recepit
3377 1461 3656 1530 hospitio.
3692 1461 3797 1514 Se-

2152 1569 2178 1597 «
2204 1548 2407 1618 quenti
2429 1566 2560 1604 vero
2585 1549 2679 1604 die
2713 1551 2919 1604 Petrus
2953 1551 3250 1620 profectus
3282 1555 3371 1604 est
3399 1566 3530 1604 cum
3565 1550 3705 1613 illis,
3739 1555 3797 1603 et

2152 1660 2178 1685 ‹‹
2210 1637 2452 1708 quidam
2485 1655 2552 1693 ex
2582 1638 2864 1694 fratribus
2885 1640 2982 1710 qui
3017 1639 3087 1694 ab
3119 1641 3300 1710 Joppe
3335 1639 3792 1705 erant,comitati

2147 1748 2175 1775 ‹‹
2211 1733 2349 1781 sunt
2379 1743 2534 1782 eum.
2600 1728 2890 1782 Postridie
2930 1746 3063 1783 vero
3123 1729 3371 1800 ingressi
3425 1735 3563 1783 sunt
3609 1729 3794 1783 Caesa-

2154 1837 2174 1864 α
2197 1819 2567 1873 ream.Porro
2583 1818 2890 1874 Cornelius
2905 1820 3282 1890 exspectabat
3300 1836 3421 1880 eos,
3457 1820 3793 1874 convocatis

2146 1929 2174 1956 ‹‹
2201 1908 2468 1977 cognatis
2491 1907 2612 1962 suis
2636 1924 2703 1963 ac
2729 1909 3082 1964 necessariis
3100 1909 3327 1964 amicis.
3360 1909 3462 1963 96
3492 1909 3563 1962 Ut
3591 1914 3791 1964 autem

2153 2014 2175 2043 ι
2211 1995 2456 2067 contigit
2487 1995 2763 2050 introisse
2795 1998 3056 2065 Petrum,
3089 1997 3318 2051 obviam
3359 2013 3706 2067 progressus
3738 1995 3790 2050 ei

2147 2083 2507 2140 «Cornelius
2535 2083 2820 2152 adoravit,
2854 2086 3166 2157 procidens
3201 2086 3274 2141 ad
3302 2087 3482 2157 pedes
3536 2087 3684 2156 ejus.
3718 2087 3792 2140 At

2146 2196 2170 2223 ‹‹
2209 2179 2416 2229 Petrus
2448 2175 2634 2229 erexit
2667 2191 2822 2242 eum,
2867 2175 3112 2231 dicens:
3145 2177 3348 2248 Surge,
3413 2180 3470 2229 et
3512 2191 3614 2247 ego
3666 2175 3792 2245 ipse

2147 2284 2171 2315 ιι
2205 2263 2383 2318 homo
2399 2279 2551 2318 sum.
2587 2265 3014 2335 Etcolloquens
3031 2283 3166 2320 cum
3189 2266 3290 2319 illo
3314 2264 3573 2330 intravit,
3605 2265 3790 2319 offen-

2143 2375 2168 2402 ‹‹
2204 2351 2408 2423 ditque
2441 2354 2682 2420 multos,
2715 2355 2815 2424 qui
2850 2360 3270 2416 convenerant,
3305 2360 3363 2408 et
3391 2355 3474 2408 ait
3504 2354 3578 2408 ad
3610 2353 3745 2408 illos
3774 2367 3787 2406 :

2145 2462 2172 2488 υ
2204 2443 2315 2496 Vos
2349 2442 2512 2496 scitis
2543 2459 2664 2496 non
2696 2459 2823 2496 esse
2853 2443 2942 2496 fas
2974 2445 3096 2498 viro
3145 2444 3342 2498 Judmo
3375 2443 3654 2514 conjungi
3687 2447 3790 2496 aut

2143 2552 2169 2579 «
2200 2530 2480 2585 accedere
2507 2530 2581 2585 ad
2609 2531 3003 2603 alienigenam
3035 2549 3053 2586 :
3084 2533 3237 2586 Deus
3285 2539 3481 2586 tamen
3527 2530 3790 2585 ostendit

2143 2620 2348 2675 «mihi
2391 2620 2621 2676 nullum
2669 2638 3044 2676 communem
3088 2626 3188 2676 aut
3244 2621 3618 2676 immundum
3667 2619 3783 2676 dici

2141 2735 2161 2760 α
2198 2710 2502 2766 hominem
2535 2728 2547 2765 :
2583 2717 2946 2784 quapropter
2981 2711 3159 2767 etiam
3191 2711 3606 2767 incunctanter
3651 2702 3789 2767 veni

2137 2822 2164 2850 «
2199 2801 2542 2855 accersitus.
2581 2822 2600 2848 ιι

2207 2982 2384 3036 Terra
2407 2979 2649 3052 quidem
2677 2979 2892 3036 sindon
2926 2986 3035 3050 est,
3062 2981 3268 3038 bestias
3289 2999 3424 3038 vero
3458 3000 3588 3055 quae
3620 2985 3682 3040 in
3715 3001 3787 3042 ea

2137 3075 2326 3133 erant,
2357 3075 2562 3141 gentes
2588 3075 2742 3124 sunt.
2777 3070 3002 3125 Dicitur
3031 3077 3250 3138 autem,
3285 3095 3311 3120 ι(
3344 3072 3531 3128 Macta
3580 3079 3639 3128 et
3689 3090 3782 3128 ve-

2136 3174 2368 3220 scere,»
2403 3158 2561 3228 quod
2585 3158 2764 3213 etiam
2787 3159 2924 3214 illos
2950 3165 3216 3230 oporteat
3248 3161 3549 3216 accedere.
3583 3162 3775 3217 Tertio

2136 3262 2271 3300 vero
2291 3244 2348 3299 id
2366 3245 2514 3313 fieri,
2541 3246 2836 3316 baptisma
2853 3246 3094 3302 denotat
3148 3249 3292 3303 Cum
3316 3264 3449 3303 vero
3482 3249 3785 3306 haesitaret

2136 3337 2362 3401 Petrus,
2397 3341 2727 3406 opportune
2756 3344 3042 3392 venerunt
3073 3339 3198 3398 viri.
3235 3339 3334 3410 qui
3377 3339 3777 3397 hmsitantiam

2131 3425 2444 3480 solverent.
2480 3425 2694 3480 Anima
2727 3427 2880 3481 enim
2917 3427 3278 3484 solutionem
3304 3429 3478 3484 facile
3507 3431 3754 3502 suscipit

2131 3515 2393 3570 Primum
2413 3523 2611 3570 tamen
2640 3516 3244 3588 inambiguitatefuit:
3271 3521 3772 3590 quemadmodum

2131 3611 2188 3659 et
2223 3605 2437 3674 Joseph
2471 3606 2795 3676 permissus
2827 3615 2914 3660 est
2947 3608 3200 3677 primum
3236 3608 3479 3668 turbari.
3527 3616 3586 3665 et
3637 3617 3775 3668 tunc

2129 3695 2289 3750 venit
2318 3695 2562 3767 angelus
2588 3697 2647 3749 9°.
2695 3722 2713 3742 ι
2751 3699 2821 3750 Et
2849 3705 3081 3752 evocato
3112 3701 3390 3768 quopiam
3451 3700 3779 3771 interroga-

2128 3781 2340 3848 bant,»
2368 3799 2486 3837 non
2518 3800 2552 3838 a
2579 3783 2782 3837 vicinis
2808 3784 3209 3854 inquirebant.
3239 3788 3443 3856 Magna
3461 3794 3550 3840 est
3578 3795 3776 3845 autem

2129 3872 2381 3942 Spiritus
2412 3874 2720 3937 autoritas,
2756 3875 2854 3942 qui
2889 3875 3006 3928 ait:
3043 3899 3068 3923 «-
3106 3877 3220 3946 Ego
3255 3877 3384 3929 misi
3421 3877 3571 3931 illos.
3607 3900 3633 3925 ››
3670 3879 3776 3933 De-

2129 3960 2425 4015 scendens
2443 3967 2638 4016 autem
2667 3962 3322 4030 interrogabatcausam
3345 3972 3773 4037 propterquam

2130 4050 2417 4114 venerint,
2448 4057 2512 4104 ut
2542 4051 2588 4104 si
2623 4049 2864 4120 quidem
2897 4052 3206 4106 confestim
3240 4070 3484 4108 necesse
3517 4056 3612 4119 sit,
3646 4073 3778 4113 con-

2129 4138 2466 4210 grediatur:
2495 4141 2588 4194 sin
2611 4145 2830 4204 autem,
2866 4147 2930 4194 ut
2959 4141 3095 4194 illos
3127 4143 3188 4195 in
3220 4143 3461 4198 domum
3496 4147 3780 4216 suscipiat

2130 4227 2385 4298 hospitio
2415 4227 2579 4293 Quod
2605 4227 2779 4282 etiam
2809 4229 3084 4283 nonnulli
3105 4229 3375 4294 fratrum,
3399 4233 3498 4302 qui
3533 4249 3566 4286 a
3594 4236 3777 4305 Joppe

2132 4321 2301 4371 erant
2331 4317 2508 4372 simul
2540 4317 2794 4372 abierint
2815 4334 2950 4372 cum
2976 4320 3167 4383 Petro,
3191 4319 3622 4390 dispensatorie
3655 4323 3773 4378 fac-

2130 4411 2258 4462 tum
2281 4411 2388 4472 est,
2411 4423 2484 4461 ne
2509 4406 2887 4478 postmodum
2914 4408 3254 4464 testimonia
3277 4411 3446 4464 Petro
3477 4410 3776 4480 deessent,

2132 4496 2368 4569 quando
2393 4496 2587 4568 ipsum
2617 4496 2895 4552 fratribus
2913 4498 3275 4568 respondere
3290 4502 3774 4572 oporteret,quod

2130 4586 2307 4642 etiam
2338 4586 2669 4656 prohibitus
2703 4593 2878 4645 esset.
2911 4604 2984 4642 ne
3018 4587 3343 4658 quidquam
3385 4589 3775 4658 adiudicaret.

362 4683 525 4736 Θῦσαι
558 4680 587 4733 6
646 4677 845 4751 Πέτρος
907 4673 1298 4742 διακελεύεται,
1351 4675 1443 4728 ἳνα
1499 4673 1868 4748 καθαρθέντων
1928 4674 2024 4729 αὐ-

2140 4675 2414 4731 Ferinum
2445 4692 2510 4729 ac
2559 4676 2894 4730 irrrtionale
2955 4676 3267 4730 hominum
3326 4693 3511 4751 genus
3569 4681 3778 4738 Petrus

361 4776 474 4825 τῶν
506 4770 572 4824 τὸ
621 4765 943 4838 λειπόμενον
1000 4761 1271 4838 ἐδώδιμον
1328 4762 1569 4840 γένηται.
1610 4769 1832 4836 Γυμνῶς
1863 4764 1890 4817 6
1920 4770 2020 4832 τῆς

363 4853 648 4918 εὐσεϐείας
679 4851 1039 4930 παραδίδοται
1070 4850 1263 4931 λόγος,
1296 4853 1405 4926 οὐχ
1437 4852 1570 4921 ἂπαξ
1631 4851 1890 4921 εἰπούσης
1923 4857 2021 4920 τῆς

363 4949 515 5013 θείας
548 4951 756 5025 φωνῆς,
789 4944 873 4998 ὅτι
925 4942 1024 4996 οὐκ
1079 4940 1191 4997 ἔστι
1251 4943 1428 4996 κοινὸν
1487 4943 1618 5014 ὅπερ
1652 4942 1680 4995 ὁ
1712 4941 1839 5002 Θεὸς
1894 4938 2018 4995 ἐκα-

361 5039 606 5103 θάρισεν,
641 5032 787 5089 ἀλλὰ
816 5032 952 5105 τρίς’
998 5031 1079 5085 ἶνα
1121 5032 1380 5104 μάθωμεν
1410 5034 1479 5103 τῇ
1539 5034 1637 5101 μιᾷ
1683 5033 1837 5109 φωνῇ
1890 5029 2018 5085 Θεὸν

360 5126 726 5202 κιθαρίζοντα
755 5123 846 5177 τὸν
880 5121 1115 5193 Πατέρα,
1146 5119 1237 5174 καὶ
1282 5122 1351 5192 τῇ
1411 5119 1564 5189 ἑτέρᾳ
1623 5119 1751 5174 Θεὸν
1793 5119 2019 5191 καθαρί-

360 5226 526 5290 ζοντα
556 5217 650 5271 τὸν
683 5217 987 5287 Μονογενῆ.
1021 5211 1112 5266 καὶ
1140 5213 1206 5282 τῇ
1242 5208 1388 5283 ἂλλῃ
1421 5209 1483 5263 τὸ
1521 5213 1733 5280 [Ινεῦμα
1761 5210 1822 5262 τὸ
1846 5207 2016 5282 όίγιον.

357 5313 519 5370 Ἴσως
552 5305 641 5362 ἐπὶ
691 5303 894 5380 γόνατα
942 5302 1194 5374 κείμενος
1255 5297 1360 5354 εἶδε
1407 5300 1505 5367 τήν
1567 5298 1846 5356 ὀπτασίαν.
1881 5301 1959 5352 Δι’
1991 5299 2020 5352 δ

358 5401 442 5454 καὶ
477 5400 514 5470 ἦ
550 5397 706 5474 σωνή
742 5393 879 5467 πρὸς
909 5391 1090 5461 αὐτὸν,
1127 5416 1152 5440 α
1186 5389 1462 5457 Ἀναστάς,
1498 5386 1681 5462 Πέτρε,
1731 5388 1885 5464 φησὶ,
1925 5392 2018 5452 οὗ-

362 5510 448 5546 σον
483 5487 576 5544 καὶ
610 5485 768 5563 φάγε.
799 5509 819 5536 ι
873 5482 1156 5536 Δείκνυται
1211 5475 1268 5533 δὲ
1316 5479 1398 5534 ὅτι
1449 5480 1589 5534 θεῖον
1643 5479 1708 5548 ἦν
1757 5479 1819 5533 τὸ
1865 5477 2016 5551 γινό·

362 5603 538 5656 μενον,
569 5578 726 5636 τότε
760 5573 964 5637 ἄνωθεν
1012 5567 1170 5638 ἰδεῖν,
1228 5569 1317 5624 καὶ
1370 5567 1422 5625 ἐν
1475 5567 1720 5626 ἐκστάσει
1778 5571 2015 5646 γενέσθαι

421 5766 466 5802 ὀ
498 5767 658 5823 ιλιι.
701 5776 742 5819 ι.
776 5759 868 5811 εο.

2132 4763 2680 4834 mactarejubetur,
2727 4770 2792 4817 ut
2831 4764 2975 4834 ipsis
3033 4765 3361 4835 puriﬁcatis
3411 4768 3626 4824 edibile
3679 4770 3782 4826 fiat

2131 4853 2289 4924 quod
2322 4853 2698 4923 relinquitur.
2751 4853 2912 4908 Nude
2968 4854 3216 4908 traditur
3262 4857 3498 4927 pietatis
3557 4876 3775 4929 sermo,

2131 4959 2266 4998 cum
2297 4959 2416 4998 non
2445 4942 2629 4996 semel
2661 4943 2857 4997 divina
2885 4959 3022 4998 voce
3055 4944 3272 5000 dicitur
3302 4963 3421 5002 non
3451 4965 3579 5004 esse
3612 4967 3774 5004 com-

2132 5048 2310 5087 mune
2342 5031 2500 5102 quod
2532 5038 2685 5086 Deus
2717 5031 3067 5102 purificavit,
3102 5034 3206 5088 sed
3239 5037 3408 5090 tertio
3435 5054 3447 5090 :
3490 5043 3556 5091 ut
3585 5038 3777 5107 prima

2132 5137 2267 5176 voce
2299 5119 2598 5175 discamus
2631 5122 2864 5175 Patrem
2889 5138 3017 5176 esse
3043 5124 3226 5178 Deum
3251 5125 3349 5194 qui
3376 5125 3666 5196 puriﬁcat,
3696 5124 3774 5180 al-

2131 5215 2256 5264 tera
2289 5209 2664 5280 Unigenitum
2699 5227 2934 5280 quoque
2963 5228 3090 5265 esse
3133 5213 3313 5266 Deum
3349 5213 3446 5281 qui
3482 5213 3773 5282 purilicat,

2131 5298 2305 5353 tertia
2336 5305 2622 5369 praeterea
2654 5307 2922 5354 sanctum
2960 5299 3130 5354 illum
3164 5300 3466 5370 Spiritum.
3489 5302 3778 5359 Fortassis

2127 5388 2377 5460 genibus
2435 5389 2734 5445 inhaerens
2794 5390 3020 5444 viderat
3075 5391 3405 5446 visionem:
3467 5400 3782 5464 pr0pterea

2130 5478 2310 5533 etiam
2353 5496 2458 5533 vox
2489 5478 2562 5533 ad
2596 5479 2762 5533 illum
2797 5480 2912 5533 ait:
2954 5502 2978 5527 u
3011 5479 3212 5550 Surge,
3246 5485 3436 5546 Petre,
3499 5490 3692 5539 macta
3722 5489 3780 5537 et

2127 5584 2380 5625 vescere.
2418 5592 2438 5620 ο
2477 5567 2746 5625 Ostendit
2777 5574 2974 5622 autem
3009 5567 3270 5623 divinum
3305 5587 3432 5626 esse
3483 5573 3640 5644 quod
3680 5589 3773 5627 su-
