4112 6250
355 430 469 494 183

1416 430 1828 495 ωουλιειιιι
1876 431 2183 492 ΤΗΙιῗῖίῖίΕ
2224 432 2671 497 EPISCOPUS.

3641 431 3757 493 {84

349 586 533 645 perne
555 570 768 626 viderit
786 568 918 624 etin
932 568 1152 624 mentis
1174 584 1421 625 excessu
1453 567 1706 639 positus,
1739 568 1837 623 91
1877 573 1998 623 tum

2129 536 2195 621 ιαὶ
2225 566 2288 622 τὸ
2309 568 2497 645 φωνὴν
2528 540 2726 632 ἐκεῖθεν
2766 564 3080 647 ἐνεχθῆναι,
3112 566 3205 623 καὶ
3254 568 3318 624 τὸ
3366 565 3485 643 τρὶς
3539 565 3761 639 ὁμολοέ

353 660 511 733 quod
544 677 650 715 vox
680 660 819 715 inde
848 658 1243 724 descenderit,
1278 664 1336 713 et
1358 659 1515 729 quod
1540 658 1712 713 tertio
1743 658 1847 713 illa
1878 675 2006 715 esse

352 752 586 823 impura
610 756 857 805 testatus
880 750 1278 804 sit.Praaterea
1301 749 1458 819 quod
1487 765 1516 802 e
1541 749 1687 805 caelo
1711 750 2004 815 venerint,

353 856 539 914 eoque
564 847 818 895 retracta
849 840 989 904 sint,
1024 855 1303 910 maguum
1337 844 1427 893 est
1449 838 2004 909 purificationisar-

354 936 699 1004 gumentum
733 929 851 983 Hoc
873 934 1070 983 autem
1102 934 1346 1000 propter
1367 927 1503 982 illos
1525 934 1723 983 actum
1757 934 1848 982 est
1875 928 2007 998 qui-

356 1019 468 1075 bus
498 1017 876 1090 postmodum
911 1033 1034 1071 rem
1056 1023 1406 1072 narraturus
1438 1019 1684 1087 est.lpse
1707 1017 2005 1088 siquidem

358 1108 650 1175 audierat,
684 1131 711 1158 ‹‹
748 1109 812 1163 In
843 1107 989 1162 viam
1015 1108 1283 1175 gentium
1305 1123 1380 1162 ne
1411 1104 1763 1163 abieritis”.
1795 1132 1819 1155 ιι
1842 1104 2007 1171 Quod

356 1200 499 1255 item
523 1214 630 1253 vox
663 1198 835 1251 tertio
866 1196 1021 1251 facta
1052 1202 1162 1253 est.
1203 1195 1464 1251 ostendit
1489 1195 1602 1268 ipsi
1635 1194 1879 1250 visionis
1909 1211 2005 1250 ve-

356 1288 614 1343 ritatem.
651 1285 1026 1341 Manifestum
1055 1290 1145 1341 est
1162 1291 1360 1341 autem
1384 1284 1542 1357 quod
1563 1301 1684 1340 non
1717 1284 1789 1339 de
1816 1282 2008 1339 omni-

359 1376 471 1432 bus
501 1375 651 1432 cibis
679 1375 1130 1448 pronuntiatum
1164 1391 1292 1430 esse
1342 1390 1678 1430 sermonem
1731 1373 2008 1439 voluerit,

363 1483 480 1539 quo
511 1466 631 1521 ait:
667 1486 695 1514 «
726 1466 1040 1537 Nunquam
1073 1464 1164 1521 edi
1196 1464 1519 1536 quidquam
1565 1480 1880 1520 commune
1909 1468 2013 1518 aut

361 1555 763 1622 immundum,
791 1577 818 1604 ››
841 1560 905 1610 ut
936 1561 996 1610 et
1023 1554 1201 1609 boves
1232 1561 1290 1609 et
1313 1570 1506 1625 capras
1530 1570 1784 1625 avesque
1815 1570 1882 1610 ac
1910 1570 2011 1609 vo-

358 1641 556 1699 lucres
587 1642 928 1700 communia
956 1642 1113 1714 apud
1135 1658 1272 1697 eum
1304 1642 1668 1706 dicerentur,
1700 1658 1835 1697 cum
1860 1659 1892 1698 a
1912 1643 2014 1699 Ju-

362 1732 507 1789 daais
538 1739 705 1788 ortus
736 1739 896 1788 esset
927 1734 1154 1787 Petrus.
1193 1733 1336 1788 Nam
1366 1731 1552 1787 Judaei
1574 1746 1783 1787 carnes
1807 1732 2013 1802 edunt,

361 1839 474 1880 nec
502 1822 661 1896 apud
693 1840 793 1878 eos
826 1822 1203 1878 interdicitur
1228 1822 1496 1878 carnium
1534 1838 1689 1878 esus.
1724 1822 1868 1877 Cum
1911 1823 2016 1878 ita-

2108 662 2275 731 γῆσαι
2307 656 2391 711 ὅτι
2420 657 2697 731 ἀκάθαρτα
2725 659 2789 727 ἦν
2822 655 3017 713 ἐκεῖνα.
3053 657 3154 713 Καὶ
3208 658 3273 712 τὸ
3317 656 3516 720 ἐκεῖθεν
3577 656 3758 727 ἣκειν,

2109 746 2195 800 κατ
2231 746 2293 802 τὸ
2323 745 2435 800 ἐκεῖ
2462 748 2894 816 ἆνασπασθῆναι,
2931 747 3066 822 μέγα
3110 744 3306 822 δεῖγμα
3351 748 3756 816 καθαρότητος.

2108 838 2283 890 Τοῦτο
2315 832 2371 890 δὲ
2399 838 2604 910 γίνεται
2638 833 2726 891 διὰ
2755 837 2881 897 τοὺς
2919 838 3055 911 μετᾶ
3084 841 3253 892 ταῦτα
3295 838 3381 897 οἷς
3430 834 3627 910 μέλλει
3677 833 3767 906 ἐξ-

2111 925 2376 994 ηγεῖσθαι.
2421 925 2572 980 Ἐπεὶ
2612 924 2771 987 αὐτὸς
2813 926 3016 993 ἢκουσε
3068 925 3154 980 τό⁸
3223 950 3250 977 ιι
3286 925 3379 989 Εἷς
3428 924 3550 981 ὁδὸν
3596 924 3764 980 ἐθνῶν

2114 1014 2189 1084 μή
2222 1011 2518 1083 ἀπέλθητε.
2557 1038 2583 1064 ι)
2615 1016 2688 1071 Τὸ
2721 1012 2778 1069 δὲ
2806 1014 2897 1070 ἐπὶ
2953 1017 3073 1082 τρῖς
3124 1016 3222 1084 τὴν
3267 1017 3453 1095 ιρωνήν
3498 1014 3763 1090 γενέσθαι,

2112 1098 2379 1157 δείκνυσιν
2410 1102 2555 1175 αὐτῷ
2586 1104 2648 1160 τὸ
2700 1102 2905 1176 ἀληθὲς
2960 1111 3061 1174 τῆς
3122 1104 3405 1166 ὀπτασίας.
3468 1101 3647 1173 Δῆλον
3706 1100 3764 1158 δὲ

2114 1191 2256 1247 ἐστιν
2289 1190 2372 1247 ὅτι
2408 1193 2483 1266 μή
2517 1194 2655 1249 κατᾶ
2682 1194 2895 1249 πάντων
2926 1198 3035 1249 τῶν
3068 1193 3376 1268 βρωμάτων
3441 1190 3766 1264 διεξεληλυ-

2116 1281 2265 1345 θέναι
2311 1282 2404 1337 τὸν
2464 1280 2632 1359 λόγον
2692 1277 2977 1353 ἐϐούλετο,
3030 1287 3110 1356 τῷ
3162 1281 3366 1358 λέγειν,
3426 1281 3509 1337 δτι
3569 1279 3765 1338 «Ούδί

2112 1390 2246 1424 ποτε
2276 1364 2471 1447 ἔφαγον
2503 1371 2686 1427 κοινὸν
2744 1371 2836 1427 καὶ
2894 1370 3221 1446 ἀκάθαρτον,
3252 1399 3276 1424 ιι
3337 1371 3412 1432 ὡς
3468 1371 3558 1427 καὶ
3610 1370 3765 1447 βόας,

2113 1458 2201 1514 καὶ
2259 1461 2421 1537 αἶγας
2478 1461 2566 1515 καὶ
2617 1454 2869 1535 πρόϐατα
2924 1461 3016 1515 καὶ
3072 1455 3248 1534 ὄρνεις
3302 1461 3458 1516 κοινᾶ
3514 1458 3766 1535 λέγεσθαι

2114 1549 2546 1624 παράύτῷ,τῷ
2577 1550 2627 1619 εξ
2687 1546 2963 1605 Ἰουδαίων
3029 1550 3300 1625 ὁρμᾶσθαι
3352 1549 3570 1625 Πέτρον.
3624 1551 3768 1605 Ἰου-

2117 1636 2259 1694 δαῖοι
2288 1640 2391 1715 γὰρ
2425 1641 2623 1715 σάρκας
2655 1638 2915 1709 ἐσθίουσι,
2979 1641 3071 1696 καὶ
3119 1641 3434 1718 κρεωτιαγία
3485 1641 3610 1717 παρ’
3667 1639 3769 1695 αὖ·

2115 1733 2235 1790 τοῖς
2266 1728 2366 1785 οὐκ
2392 1728 2763 1805 ἀπηγόρευται
2841 1731 2980 1805 Ἀρα
3036 1730 3130 1786 οὗν
3188 1730 3359 1786 αὐτοῦ
3419 1725 3768 1806 βεϐρωκότος

2116 1818 2205 1875 ἀπ’
2241 1819 2441 1894 ἀρχῆς,
2472 1820 2506 1889 ἢ
2538 1819 2628 1875 καὶ
2684 1816 2788 1881 ἕως
2846 1823 2943 1874 τοῦ
3001 1826 3325 1888 συναντῆσαι
3378 1824 3458 1894 τῷ
3517 1825 3765 1893 Σωτῆρι,

363 1928 478 1985 que
508 1913 635 1984 ipse
667 1911 739 1968 ab
757 1911 925 1966 initio
949 1911 1300 1979 edisset,aut
1316 1911 1525 1967 saltem
1552 1911 1742 1967 donec
1772 1911 1846 1967 ad
1879 1910 2013 1966 Sa]-

2129 1912 2238 1969 πῶς
2267 1905 2371 1962 οὐκ
2399 1905 2512 1961 ἔστι
2542 1905 2713 1977 δῆλον
2740 1906 2823 1964 ὅτι
2849 1908 2914 1963 οὗ
2962 1907 3099 1963 κατὰ
3155 1908 3368 1965 πάντων
3421 1908 3762 2004 diminuta,

366 2007 630 2058 vatorem
661 2001 1030 2068 accessisset,
1075 2000 1459 2056 manifestum
1519 2006 1608 2056 est
1656 2007 1813 2055 certe
1858 1998 2018 2072 quod

373 2107 498 2149 non
528 2090 943 2147 universaliter
970 2090 1460 2162 pronuntiaverit,
1502 2089 1708 2146 dicens
1739 2105 1753 2146 :
1783 2113 1809 2139 ‹‹
1843 2090 2017 2145 Com-

373 2197 556 2239 mune
587 2187 642 2236 et
674 2179 1076 2248 immundum,
1097 2202 1124 2230 »
1152 2179 1255 2236 sed
1278 2180 1349 2235 de
1373 2179 1464 2235 his
1488 2196 1620 2251 quae
1643 2179 1736 2234 lex
1753 2194 2018 2234 commu-

376 2271 478 2327 nia
506 2270 739 2327 dicebat
766 2276 825 2325 et
854 2270 1182 2325 immunda.
1215 2273 1286 2325 Et
1314 2275 1513 2325 tamen
1547 2284 1681 2324 rum
1711 2268 1784 2322 de
1812 2267 1903 2323 his
1934 2269 2022 2324 fa-

362 2364 531 2417 ‘Ceret
560 2363 768 2417 Petrus
814 2376 1173 2425 sermonem,
1225 2377 1356 2432 quae
1396 2361 1457 2415 in
1502 2359 1629 2432 lege
1677 2359 2021 2414 communia

369 2457 540 2507 erant
570 2457 629 2507 et
658 2449 987 2509 immunda.
1022 2451 1175 2518 Deus
1207 2450 1307 2521 qui
1331 2454 1550 2505 sancta:
1579 2448 1795 2504 Christi
1826 2449 2022 2504 Eccle-

372 2541 474 2596 siae
515 2542 748 2614 signum
781 2539 1124 2604 tradiderat,
1161 2540 1311 2595 nihil
1341 2539 1453 2611 ipsi
1481 2555 1800 2595 commune
1824 2538 2018 2593 existi-

366 2630 654 2686 mandum
685 2629 958 2696 ducebat,
992 2629 1195 2684 omnia
1222 2644 1484 2700 namque
1505 2628 1618 2699 ipsi
1642 2626 1866 2682 munda
1883 2632 2023 2682 sunt

371 2740 401 2768 ‹‹
433 2736 566 2791 quas
598 2735 733 2774 cum
763 2718 1086 2792 gratiarum
1117 2717 1350 2773 actione
1405 2722 1724 2771 sumuntur
1751 2713 1818 2769 θ’.
1848 2737 1875 2764 ιι
1906 2715 2019 2771 Sed

370 2822 716 2880 quanquam
734 2806 806 2862 de
821 2806 1089 2879 gentium
1101 2805 1404 2861 vocatione
1417 2804 1818 2860 subobscurus
1833 2820 2018 2860 sermo

367 2894 562 2952 fuerit.
596 2912 674 2951 ne
705 2912 808 2952 eos
840 2895 943 2967 qui
982 2896 1045 2950 in
1101 2895 1392 2967 praiputio
1441 2899 1613 2949 erant
1651 2909 2019 2960 communes

367 2990 471 3043 aut
500 2985 767 3058 impuros
825 2999 955 3041 esse
998 2984 1285 3053 dicerent,
1342 2983 1501 3039 Petri
1563 2987 1763 3039 tamen
1821 2999 2016 3039 sermo

368 3074 645 3131 homines
674 3090 795 3130 non
827 3073 1195 3148 designabat,
1232 3072 1337 3129 sed
1369 3089 1440 3129 ea
1463 3089 1595 3145 quas
1628 3072 1691 3128 in
1744 3072 1871 3145 lege
1923 3073 2018 3128 in-

373 3165 625 3222 terdicta
654 3170 843 3233 erant,
876 3169 1055 3238 prout
1083 3163 1553 3220 demonstratum
1588 3166 1696 3218 est.

446 3257 805 3327 «Interrogo
836 3270 973 3325 ergo
1013 3247 1192 3324 quam
1250 3253 1324 3308 ob
1383 3268 1624 3308 causam
1681 3251 2018 3309 accersistis

372 3361 488 3401 me.
528 3364 556 3395 ι

440 3434 569 3489 Jam
600 3434 811 3489 Petrus
841 3448 967 3486 rem
999 3446 1239 3487 omnem
1273 3431 1452 3485 etiam
1508 3446 1545 3485 a
1589 3429 1881 3485 militibus
1913 3444 2019 3486 au-

370 3522 580 3585 dierat.
616 3521 720 3577 sed
760 3521 882 3575 vult
937 3521 1196 3594 primum
1251 3536 1353 3575 eos
1409 3519 1702 3586 conﬁteri,
1759 3535 1827 3575 ac
1880 3517 2019 3575 fidei

371 3611 642 3668 subditos
674 3611 851 3665 effici.

441 3702 515 3767 X,
544 3703 631 3757 30.
663 3723 691 3749 ‹‹
725 3702 795 3755 Et
822 3699 1132 3755 Cornelius
1165 3698 1313 3755 dixit
1340 3714 1353 3753 :
1386 3700 1427 3753 A
1460 3702 1670 3770 quarto
1724 3713 1915 3768 usque
1947 3696 2021 3753 ad

377 3812 405 3843 ι‹
434 3791 588 3847 hanc
611 3790 818 3846 horam
850 3788 945 3843 die
968 3787 1339 3861 jejunabam,
1373 3793 1433 3843 et
1480 3787 1626 3843 hora
1671 3804 1833 3843 nona
1887 3802 2018 3843 ora-

373 3905 401 3933 ‹‹
433 3880 570 3937 bam
604 3879 665 3935 in
709 3879 885 3934 domo
917 3894 1068 3934 mea.
1105 3900 1132 3927 ››

452 3970 694 4026 Videtur
722 3969 818 4024 hic
850 3968 961 4024 sibi
989 3968 1100 4041 ipsi
1130 3968 1495 4041 asperiorem
1525 3967 1754 4024 vivendi
1778 3967 2021 4024 modum

370 4059 720 4133 prmﬁxisse,
754 4058 932 4131 idque
966 4059 1143 4114 certis
1192 4056 1549 4129 quibusdam
1597 4057 1830 4113 diebus.
1883 4056 2020 4112 Ideo

371 4148 532 4205 enim
559 4148 740 4205 dixit:
771 4171 795 4195 «ι
823 4149 870 4203 Α
891 4153 1098 4219 quarto
1121 4147 1237 4203 die.
1264 4169 1292 4197 ι)
1315 4146 1561 4213 Quando
1597 4163 1732 4218 ergo
1778 4151 2025 4218 apparet

366 4240 478 4312 ipsi
503 4238 770 4313 angelus,
801 4237 897 4294 his
921 4237 1047 4293 dies
1073 4254 1227 4292 unus
1278 4242 1388 4303 est,
1413 4236 1566 4291 alter
1593 4242 1789 4291 autem
1822 4236 1872 4290 is
1903 4252 2020 4307 quo

366 4328 769 4398 abierunt,qui
788 4343 821 4381 a
842 4326 1113 4381 Cornelio
1136 4325 1299 4378 missi
1321 4332 1509 4382 erant.
1540 4325 1749 4379 tertius
1772 4341 1889 4395 quo
1931 4341 2022 4380 ve-

372 4422 677 4483 nerunt,et
694 4419 905 4487 quarto
923 4413 1259 4484 comparuit
1287 4412 1526 4467 circiter
1546 4412 1755 4467 horam
1788 4414 2024 4469 tertiam

368 4512 683 4580 postquam
715 4504 919 4558 oravit.
951 4501 1052 4556 98
1082 4501 1221 4555 Vide
1244 4516 1382 4573 ergo
1405 4501 1767 4571 precationis
1794 4502 2022 4574 magni-

370 4596 679 4651 tudinem:
714 4591 952 4663 quando
985 4589 1248 4660 seipsum
1281 4588 1546 4661 provexit
1588 4589 1661 4644 ad
1718 4590 2022 4662 pietatem,

370 4676 519 4740 tunc
548 4686 797 4754 apparet
824 4680 938 4751 ipsi
970 4679 1238 4751 angelus.

436 4773 506 4834 Χ,
540 4773 727 4826 30-35.
762 4792 789 4819 ‹‹
823 4770 895 4825 Et
924 4784 1060 4825 ecce
1088 4768 1176 4822 vir
1201 4768 1365 4824 stetit
1390 4784 1589 4824 coram
1622 4785 1716 4825 me
1764 4769 1827 4824 in
1856 4775 2017 4826 veste

369 4881 394 4914 α
432 4858 749 4933 splendida
781 4858 889 4929 (vir
913 4857 1059 4913 dicit
1088 4863 1147 4912 et
1177 4874 1295 4913 non
1327 4857 1576 4928 angelus,
1613 4859 1758 4915 adeo
1810 4858 2017 4917 mode-

367 4959 543 5009 «stus
561 4958 730 5021 erat),
764 4956 823 5006 et
848 4951 962 5005 ait:
988 4950 1241 5013 Corneli,
1268 4950 1544 5007 exaudita
1570 4957 1659 5006 est
1680 4952 2016 5023 deprecatio

365 5068 392 5097 (ι
429 5049 551 5103 tua.
585 5048 643 5098 et
673 5039 1067 5112 cleemosynm
1101 5045 1216 5094 tua:
1250 5041 1312 5094 in
1338 5041 1626 5098 memoria
1646 5041 1861 5098 habita:
1878 5049 2020 5098 sunt

369 5157 397 5185 ιι
430 5148 628 5190 coram
662 5132 800 5186 Deo.
835 5130 995 5184 Mitte
1028 5145 1162 5201 ergo
1187 5129 1421 5201 aliquos
1440 5131 1686 5202 Joppen,
1711 5137 2015 5189 etaccerse

369 5246 397 5274 «
433 5223 760 5286 Simonem,
790 5219 889 5292 qui
919 5219 1374 5292 cognominatur
1402 5225 1608 5276 Petrus
1641 5239 1654 5274 :
1697 5222 1790 5277 hic
1823 5222 2016 5278 diver-

371 5334 399 5363 ‹‹
434 5319 599 5367 satur
628 5311 688 5365 in
722 5309 897 5364 domo
929 5307 1188 5362 Simonis
1214 5308 1450 5363 coriarii
1474 5309 1645 5380 juxta
1690 5327 1875 5373 mare,
1912 5312 2013 5383 qui

369 5426 397 5453 ιι
429 5400 530 5456 ubi
562 5399 788 5454 venerit
817 5399 1090 5469 ioquetur
1122 5396 1245 5451 tibi.
1272 5397 1477 5452 Statim
1501 5415 1637 5467 ergo
1670 5400 1804 5455 misi
1827 5400 1901 5456 ad
1934 5407 2010 5468 te,

370 5515 398 5543 ιι
432 5496 566 5547 ettu
591 5487 946 5544 benefecisti
969 5487 1066 5557 qui
1094 5486 1422 5542 adveneris.
1449 5489 1616 5544 Nunc
1638 5506 1773 5561 ergo
1805 5506 2012 5545 omnes

371 5603 400 5632 ιι
422 5594 555 5645 nos,
569 5582 718 5634 teste
743 5574 1301 5645 Deo,adsumus,aut
1316 5574 1627 5633 audiamus
1642 5593 2012 5649 quacunque

442 5759 482 5794 ⁹¹
517 5757 717 5814 Matth.
748 5773 805 5825 x,
835 5759 886 5810 li.
964 5754 1011 5790 θ’
1041 5757 1066 5811 I
1093 5755 1239 5812 Tim.
1274 5771 1346 5825 ιν,
1374 5758 1428 5815 4.

2128 2020 2157 2050 ι(
2189 1996 2269 2053 Τὸ
2305 1996 2486 2052 κοινὸν
2519 1996 2609 2051 καὶ
2638 1996 2964 2070 ἀκάθαρτον,
2996 2020 3026 2050 ››
3059 1993 3206 2052 ἄλλᾶ
3242 1996 3364 2070 περὶ
3396 1995 3468 2051 ὧν
3520 1993 3704 2071 ἔλεγεν
3735 1996 3765 2051 6

2124 2083 2293 2158 νόμος
2332 2087 2526 2139 κοινῶν
2581 2086 2673 2139 καὶ
2711 2083 3072 2159 ἀγαθάρτων;
3128 2086 3324 2159 Ὅμως
3380 2085 3505 2159 περὶ
3558 2084 3767 2140 τούτων

2120 2173 2460 2246 ποιουμένου
2492 2174 2584 2229 τὸν
2620 2171 2785 2249 λόγον
2814 2179 2911 2230 τοῦ
2944 2174 3170 2250 Πέτρου,
3216 2179 3322 2231 τῶν
3375 2172 3428 2230 ἐν
3466 2174 3620 2249 νόμῳ
3665 2172 3772 2246 δη-

2129 2261 2316 2319 λονότι
2355 2268 2551 2318 κοινῶν
2581 2284 2639 2319 τε
2694 2263 2784 2320 καὶ
2838 2264 3180 2341 ἀκαθάρτων,
3211 2265 3239 2319 6
3271 2265 3401 2328 Θεὸς
3457 2271 3558 2333 τῆς
3616 2263 3775 2342 ἄγξας

2123 2358 2370 2429 ’Χριστοῦ
2408 2352 2741 2424 Ἐκκλησῖας
2779 2355 2869 2411 τὸν
2899 2361 3222 2432 χαρακτῆρα
3267 2351 3602 2429 παραδιδοὺς
3657 2347 3776 2410 ἕλε-

2126 2464 2214 2518 γεν
2240 2443 2389 2517 αὐτῷ
2440 2440 2609 2515 μηδὲν
2662 2443 2841 2499 κοινὸν
2897 2447 3167 2518 ἡγεῖσθαι.
3229 2444 3406 2501 πάντα
3461 2444 3567 2519 γὰρ
3623 2442 3773 2513 αὖτῷ

2129 2531 2475 2606 ἑστικαθαρᾶ
2527 2554 2552 2578 κ
2610 2538 2726 2605 μετ’
2784 2531 3130 2609 εὐχαριστίας
3187 2532 3278 2586 καὶ
3336 2529 3590 2611 εὐλογίας
3646 2533 3780 2587 Θεοῦ

2127 2616 2537 2695 λαμϐανόμενα.
2570 2650 2594 2675 η
2631 2618 2789 2678 Ἀλλ’
2821 2621 2987 2676 εἶκαὶ
3035 2621 3160 2697 περῖ
3215 2627 3316 2690 τῆς
3373 2618 3627 2692 κλήσεως
3670 2624 3778 2675 τῶν

2129 2707 2290 2764 ἐθνῶν
2319 2710 2380 2764 τὸ
2410 2707 2661 2784 αἶ’νιγμα,
2708 2710 2794 2766 ἵνα
2854 2713 2930 2785 μή
2991 2712 3276 2788 ἡγήσηται
3327 2710 3457 2770 τοὺς
3508 2708 3561 2765 ἐν
3622 2710 3782 2785 ἀκρο-

2129 2792 2341 2869 ϐυστίᾳ,
2400 2799 2613 2861 κοινοὺς
2671 2801 2707 2871 ἢ
2767 2799 3123 2874 ἀκαθάρτους,
3183 2801 3338 2873 ὅμως
3381 2799 3410 2854 6
3450 2798 3622 2874 λόγος
3679 2801 3778 2854 τοῦ

2129 2893 2335 2962 Πετρου
2367 2887 2429 2943 οὐ
2456 2887 2580 2963 περὶ
2619 2887 2922 2965 ἀνθρώπων
2978 2894 3102 2968 εἶχε
3152 2890 3251 2958 τήν
3313 2886 3567 2968 ἔμφασιν,
3626 2884 3778 2944 ἀλλὰ

2127 2978 2251 3053 περὶ
2299 2981 2406 3033 τῶν
2462 2975 2514 3033 ἰν
2581 2982 2661 3051 τῷ
2716 2979 2875 3052 νόμῳ
2949 2976 3435 3055 ἀπηγορευμένων,
3521 2977 3597 3039 ὡς
3685 2973 3775 3032 δὲ·

2126 3063 2354 3125 δεικται.

2201 3271 2228 3300 ι(
2262 3246 2605 3323 Πυνθάνομαι
2629 3245 2724 3303 οὗν
2756 3247 2863 3304 τίνι
2893 3245 3045 3324 λόγῳ
3078 3248 3491 3324 μετεπέμψασθὲ
3523 3267 3613 3324 με.
3649 3270 3680 3300 υ

2199 3424 2342 3497 Ἤδη
2373 3429 2436 3485 τὸ
2468 3434 2570 3485 πᾶν
2603 3429 2632 3484 6
2666 3426 2868 3505 Πέτρος
2897 3427 3099 3498 ἤκουσε
3127 3428 3217 3485 καὶ
3266 3429 3411 3506 παρὰ
3456 3433 3564 3485 τῶν
3614 3448 3778 3503 στρα-

2127 3520 2363 3571 τιωτῶν·
2395 3515 2543 3571 ἀλλὰ
2577 3515 2833 3591 βούλεται
2887 3520 3104 3588 πρῶτον
3153 3516 3351 3581 αὐτοὺς
3405 3513 3776 3592 ὁμολογῆσαι,

2128 3605 2220 3659 καὶ
2253 3605 2576 3668 ὑπευθύνους
2606 3614 2833 3678 ποιῆσαι
2872 3611 2941 3681 τῇ
2973 3608 3171 3665 πίστει.

2203 3720 2229 3747 α
2272 3694 2367 3749 Καὶ
2426 3696 2455 3751 6
2513 3694 2820 3771 Κορνήλιος
2876 3694 3000 3779 ἔφη’
3059 3698 3189 3754 Ἀπὸ
3242 3699 3504 3773 τετάρτης
3562 3700 3779 3772 ἡμέρας

2132 3806 2161 3834 ‹‹
2197 3782 2368 3864 μέχρι
2395 3784 2597 3856 ταύτης
2626 3789 2724 3854 τῆς
2754 3784 2900 3861 ὣρας
2958 3788 3115 3862 ἢμην
3170 3788 3468 3860 νηστεύων,
3525 3785 3615 3843 καί
3672 3789 3775 3858 τὴν

2131 3897 2159 3925 (ι
2195 3871 2414 3942 ἐννατην
2443 3871 2588 3950 ὢραν
2621 3877 3064 3951 προσευχόμενος
3098 3876 3149 3932 ἐν
3175 3881 3256 3949 τῷ
3286 3875 3423 3952 οἷ’κῳ
3459 3898 3584 3949 μου.
3612 3904 3638 3929 ι»

2203 3963 2417 4020 Ἔοικεν
2453 3962 2610 4027 οὗτος
2641 3964 2867 4039 καιροὺς
2921 3965 3176 4037 ὡρικὲναι
3226 3966 3400 4039 ἑαυτῷ
3452 3966 3573 4042 βίον
3620 3964 3778 4042 ἄκρι·

2131 4045 2411 4123 ϐεστέρου,
2442 4053 2531 4107 καὶ
2563 4049 2614 4107 ἔν
2642 4074 2784 4109 τισιν
2816 4055 3073 4130 ἡμέραις.
3108 4055 3206 4109 Δια
3235 4055 3337 4129 γὰρ
3387 4058 3549 4112 τοῦτο
3600 4055 3782 4127 εἶπεν,

2135 4165 2159 4192 ε(
2196 4142 2329 4198 Ἀπὸ
2359 4142 2622 4217 τετάρτης
2678 4143 2909 4219 ἦμέρας.
2943 4164 2968 4189 ι»
3021 4144 3149 4201 Ὅτε
3192 4143 3287 4199 οὗν
3342 4143 3585 4199 φαίνεται
3631 4142 3785 4217 αὖτῷ

2133 4227 2445 4308 ὁᾶγγελος,
2504 4231 2641 4300 αὕτη
2707 4232 2804 4304 μία
2870 4231 3069 4307 ἡμέρα·
3129 4233 3220 4287 καὶ
3274 4235 3342 4304 ἢν
3425 4231 3673 4301 ἀπῆλθον
3728 4235 3785 4289 οἱ

2132 4321 2463 4400 πεμφθέντες
2494 4323 2640 4396 παρᾶ
2675 4321 2987 4395 Κορνηλίου
3022 4324 3122 4394 μία
3174 4323 3261 4378 καὶ
3295 4324 3364 4392 ἢν
3411 4320 3606 4392 ἦλθον,
3660 4321 3779 4395 μία·

2127 4408 2221 4463 καὶ
2251 4408 2481 4485 τετάρτη
2515 4407 2682 4487 ἐφάνη
2718 4409 2847 4465 ὡσεὶ
2876 4411 3065 4483 τρίτην
3094 4408 3264 4487 ὥραν,
3324 4412 3439 4487 μεθ’
3487 4410 3554 4481 ἤν
3608 4431 3784 4485 προσ-

2131 4500 2353 4572 ηύξατο.
2382 4502 2521 4575 Ὅρα
2552 4502 2643 4556 οὗν
2675 4502 2737 4557 τὸ
2768 4498 2993 4579 μέγεθος
3035 4510 3135 4572 τῆς
3190 4502 3383 4584 εὐχῆς,
3435 4504 3525 4560 ὅτε
3571 4500 3785 4559 ἐπέδω-

2132 4610 2220 4644 κεν
2250 4591 2436 4646 ἑαυτὸν
2467 4590 2543 4652 εἰς
2587 4585 2897 4662 εὐλάϐειαν,
2954 4592 3077 4647 τότε
3137 4592 3383 4670 φαίνεται
3439 4591 3590 4665 αὐτῷ
3632 4593 3661 4648 6
3693 4593 3786 4668 ἂγ-

2053 4678 2100 4743 D
2132 4675 2314 4755 γελος.

2194 4790 2222 4824 ι
2256 4767 2361 4827 Καὶ
2390 4766 2507 4825 ἰδοὺ
2537 4769 2669 4845 ἀνὴρ
2704 4764 2831 4842 ἔστη
2864 4770 3093 4828 ἐνώπιόν
3132 4793 3239 4841 μου
3297 4769 3352 4828 ἐν
3402 4771 3588 4842 ἐσθῆτι
3637 4769 3784 4846 λαμ-

2126 4882 2155 4910 ‹‹
2187 4863 2301 4932 πρᾷ
2329 4857 2485 4933 (ἆνήρ
2518 4856 2666 4933 λέγει
2695 4860 2783 4914 καὶ
2819 4860 2918 4915 οὐκ
2953 4858 3215 4938 ἃγγελος,
3239 4859 3412 4923 οὕτως
3438 4860 3506 4930 ἦν
3530 4858 3780 4939 ἄτυφος),

2126 4972 2155 5001 ‹‹
2189 4948 2278 5003 καί
2310 4969 2474 5023 φησιν
2534 4947 2830 5024 Κορνήλιε,
2891 4949 3220 5020 εἰσηκούσθη
3272 4972 3370 5006 σου
3400 4953 3434 5019 ἡ
3466 4951 3785 5026 προσευχὴ,

2126 5037 2278 5102 (ικαὶ
2321 5039 2373 5092 αἱ
2406 5036 2772 5113 ἐλεημοσύναι
2831 5059 2927 5095 σου
2988 5039 3333 5112 ἐμνήσθησαν
3395 5039 3627 5096 ἐνώπιον
3681 5043 3785 5097 τοῦ

2126 5150 2154 5179 ‹‹
2188 5129 2341 5183 Θεοῦ.
2381 5124 2600 5202 Πέμψον
2634 5127 2724 5182 οὗν
2755 5128 2831 5191 εἷς
2864 5129 3114 5202 Ἰόππην,
3145 5129 3235 5185 καὶ
3272 5127 3637 5203 μετακάλεσαι
3678 5128 3786 5186 Σί-

2127 5243 2152 5270 ‹‹
2191 5238 2362 5291 μωνα,
2424 5217 2482 5279 ὃς
2523 5216 2860 5274 ἐπικαλεῖται
2914 5220 3136 5294 Πὲτρος.
3193 5218 3369 5282 Οὗτος
3422 5219 3677 5291 ξενίζεται
3728 5217 3786 5275 ἐν

2129 5329 2156 5359 ιι
2191 5306 2342 5378 οἰκίᾳ
2372 5306 2627 5379 Σίμωνος
2660 5309 2905 5382 βυρσέως
2934 5308 3081 5383 παρᾶ
3111 5307 3405 5373 θάλασσαν,
3444 5311 3503 5371 ὃς
3540 5328 3787 5383 παραγε-

2123 5420 2149 5447 ‹‹
2181 5394 2406 5467 νόμενος
2436 5393 2671 5466 λαλήσει
2700 5416 2807 5452 σοι.
2838 5398 2920 5468 Ἐξ
2952 5397 3123 5467 αὐτῆς
3154 5397 3248 5453 οὗν
3282 5395 3501 5473 ἔπεμψα
3530 5398 3666 5469 πρὸς
3692 5399 3776 5454 σέο

2120 5510 2147 5537 ι(
2183 5483 2245 5538 σύ
2272 5505 2333 5539 τε
2361 5481 2544 5544 καλῶς
2570 5483 2832 5556 ἐποίησας
2861 5486 3314 5562 παραγενόμενος.
3353 5490 3459 5545 Νὖν
3509 5486 3602 5541 οὗν
3635 5488 3779 5542 πάν-

2122 5598 2147 5629 o:
2178 5595 2263 5637 τες
2320 5576 2485 5648 ἡμεῖς
2541 5572 2773 5631 ἐνώπιον
2827 5581 2925 5632 τοῦ
2984 5580 3118 5633 Θεοῦ
3182 5579 3475 5653 πάρεσμεν,
3538 5577 3777 5633 ἀκοῦσαι
