4112 6250
344 468 454 526 185

1359 466 1766 530 COMMENT.
1811 467 1891 526 IN
1941 463 2147 523 ACTA
2192 457 2790 521 APOSTOLORUM.

3655 468 3769 527 186

342 624 371 651 ει
403 598 571 655 πάντα
594 598 661 652 τὰ
686 599 1176 676 προστεταγμένα
1205 622 1285 656 σοι
1319 601 1421 656 ὑπὸ
1452 606 1550 656 τοῦ
1582 603 1717 656 Θεοῦ
1771 597 2005 669 Ἀνοίξας

2125 620 2151 647 ‹‹
2186 596 2290 651 tibi
2323 601 2619 668 praecepta
2649 601 2786 651 sunt
2808 613 2840 651 a
2862 595 3309 668 Deo.Aperiens
3339 602 3537 654 autem
3560 602 3771 658 Petrus

342 687 456 745 «δὲ
491 688 681 764 Ιιὲτρος
725 689 784 742 τὸ
842 692 1076 764 στόμα,
1132 692 1294 747 εἶπεν
1359 692 1476 747 Ἐπ’
1533 690 1793 761 ἀληθείας
1846 710 2013 744 κατα-

350 803 380 830 ιι
412 773 784 852 λαμϐὶνομαι,
816 776 909 833 ὅτι
980 780 1087 835 οὐκ
1116 777 1227 836 ἔστι
1283 778 1774 855 προσωπολῆπτης
1807 781 1833 833 6
1861 780 2009 841 Θεός⁶

355 893 386 924 σ
415 867 543 924 ἀλλ’
576 867 623 923 ἐν
656 868 816 922 παντὶ
843 863 994 923 ἔθνει
1059 870 1086 925 6
1155 864 1486 950 φοϐούμενος
1524 869 1682 924 αὐτὸν
1727 869 1819 923 καὶ
1850 867 2013 945 ἐργα-

359 983 391 1010 α
424 959 644 1031 ζόμενος
680 954 1060 1029 δικαιοσύνην,
1093 955 1279 1023 δεκτὸς
1308 958 1455 1031 αὖτῷ
1487 957 1621 1016 ἐστι.
1659 982 1687 1011 ››

430 1070 458 1097 ιι
494 1044 845 1114 Δικαιοσῦνην
879 1067 910 1096 ιι
948 1044 1071 1101 ἀντὶ
1100 1050 1197 1100 τοῦ
1234 1050 1405 1101 πᾶσαν
1434 1046 1653 1120 ἀρετήν.

434 1159 453 1185 ι
518 1135 614 1189 Τὸν
672 1130 841 1211 λόγον
906 1135 966 1189 δν
1020 1133 1301 1190 ἀπέστειλε
1356 1140 1474 1197 τοῖς
1559 1135 1703 1196 υἱοῖς
1761 1130 2008 1207 Ἰσραὴλ,

347 1246 382 1276 ιι
420 1221 908 1301 εὐαγγελιζόμενος
937 1224 1163 1299 εἰρήνην
1197 1221 1284 1279 διὰ
1317 1227 1501 1296 Ἰησοῦ
1558 1227 1815 1299 Χριστοῦ,
1851 1223 2009 1283 οὗτός

346 1339 377 1365 κ
413 1310 531 1370 ἐστι
586 1314 804 1368 πάντων
862 1313 1086 1389 Κύριος.
1145 1319 1324 1387 Ὑμεῖς
1384 1311 1566 1370 οἷ’δατε
1621 1313 1683 1369 τὸ
1722 1308 2009 1389 γενόμενον

338 1414 375 1455 α’
410 1403 568 1477 ῥῆμα
593 1404 710 1459 καθ’
741 1402 882 1475 ὅλης
911 1406 1011 1468 τῆς
1042 1400 1338 1472 Ἰουδαίας,
1401 1403 1699 1478 ἀρξάμενον
1758 1402 1863 1458 ἀπὸ
1907 1408 2006 1471 τῆς

337 1516 369 1543 α
407 1490 739 1557 Γαλιλαίας,
776 1494 911 1566 μετὰ
941 1493 1002 1547 τὸ
1036 1492 1320 1568 βίπτισμα
1350 1492 1381 1548 6'
1420 1490 1675 1567 ἐκήρυξεν
1727 1494 2005 1563 Ἰωάννης,

344 1605 375 1634 κ
409 1585 628 1650 Ἰησοῦν
659 1582 753 1636 τὸν
784 1581 890 1637 ἀπὸ
922 1580 1186 1657 Ναζαρέθ.

413 1674 604 1728 Ταῦτα
636 1670 785 1749 λέγει
819 1668 910 1725 διὰ
956 1671 1082 1732 τοὺς
1141 1673 1442 1743 παρόντας,
1494 1670 1586 1727 ἵνα
1642 1671 1731 1726 καὶ
1772 1669 2009 1731 ἐκείνους

340 1760 717 1831 ἐπισπάσηται
778 1760 857 1823 εἰς
916 1760 1122 1818 πίστιν.
1174 1762 1370 1836 ’Όμως
1430 1759 1621 1817 δίδωσι
1691 1766 1809 1823 τοῖς
1867 1760 2008 1821 υἱοῖς

339 1848 569 1925 Ἰσραήλ
631 1850 697 1905 τὸ
753 1848 1047 1924 ἐξαίρετον,
1102 1847 1197 1905 ’ἱνα
1261 1852 1337 1925 μή
1407 1851 1703 1927 νομίσωσιν
1751 1849 1802 1905 ἐν
1862 1849 2005 1919 τάξει

342 1939 774 2015 ἆπιρῥιμμένων
804 1940 962 1996 εἶναι.
998 1940 1175 2005 Οὗτός
1218 1940 1352 2010 ἐστι,
1413 1940 1567 2021 φησὶ,
1626 1941 1841 1996 πάντων
1896 1938 2008 1998 Κό-
2035 1979 2083 2044 Β

346 2048 487 2105 ριος.

426 2146 447 2171 ι
480 2121 569 2181 Ὧς
600 2114 821 2200 ἔχρισεν
851 2119 1012 2176 αὐτὸν
1048 2120 1076 2176 6
1108 2122 1237 2185 Θεὸς
1266 2120 1540 2196 Πνεόματι
1571 2120 1706 2194 ἁγίῳ
1764 2119 1855 2175 καὶ
1913 2118 2007 2175 δυ-

358 2211 682 2282 «ναμει,’ὁς
737 2207 971 2279 διῆλθεν
1024 2210 1319 2285 εὐεργετῶν
1368 2211 1457 2266 καὶ
1515 2210 1746 2286 ἰώμενος
1802 2210 2004 2273 πάντας

370 2322 394 2350 σ
427 2299 552 2360 τοὺς
579 2296 1209 2371 καταδυναστευομένους
1242 2300 1347 2356 ὑπὸ
1389 2304 1485 2356 τοῦ
1543 2294 1829 2368 διαϐόλου,
1864 2297 1948 2355 ὅτι
1977 2301 2005 2355 6

368 2389 555 2449 σΘεὸς
582 2388 648 2456 ἧν
706 2389 827 2463 μετ’
889 2388 1072 2444 αὐτοῦ.
1138 2391 1239 2445 Καὶ
1294 2391 1457 2463 ἡμεῖν
1518 2388 1676 2461 ἔσμεν
1741 2389 2007 2462 μάρτυρες

356 2501 386 2533 α
418 2478 629 2534 πάντων
654 2479 727 2532 ὧν
759 2477 1013 2549 ἐποίησεν
1049 2476 1100 2532 ἔν
1153 2500 1212 2534 τε
1266 2483 1335 2550 τῇ
1397 2477 1559 2559 χῶρᾳ
1587 2482 1696 2534 τῶν
1730 2474 2007 2535 ’[ουδαίων

345 2591 375 2618 α
406 2569 496 2622 καί
532 2565 585 2621 ἓν
646 2564 1034 2642 Ἱερουσαλῆμ,
1085 2568 1143 2622 ὅν
1192 2565 1408 2623 ἀνεῖλον
1464 2570 1830 2643 κρεμάσαντες
1917 2565 2005 2622 ἰπὶ

351 2678 380 2709 ι
408 2656 600 2727 ξύλου.
634 2658 842 2712 Τοῦτον
879 2657 906 2711 6
938 2656 1068 2717 Θεὸς
1097 2654 1288 2734 ἤγειρε
1318 2660 1386 2730 τῇ
1445 2656 1600 2731 τρίτῃ
1659 2654 1863 2730 ἡμέρᾳ,
1914 2659 2005 2711 καὶ

337 2772 363 2798 α
405 2742 610 2802 ἔδωκεν
645 2746 811 2802 αὐτὸν
843 2746 1058 2825 ἐμφανῆ
1118 2745 1361 2821 γενέσθαι
1413 2746 1478 2801 οὐ
1535 2746 1694 2801 παντὶ
1753 2751 1831 2817 τῷ
1861 2745 2004 2817 λαῷ,

342 2835 543 2893 «ἀλλὰ
579 2836 820 2910 μάρτυσι
863 2840 981 2899 τοῖς
1034 2836 1694 2911 προκεχειροτονημένοις
1754 2835 1857 2890 ὑπὸ
1908 2838 2011 2901 τοῦ,

335 2948 362 2981 ι
394 2931 533 2984 Θεοῦ
556 2928 724 2999 ἡμῖν.
758 2948 787 2975 ››

404 3016 487 3074 Τὸ
520 3014 824 3090 κεχρίσθαι
877 3015 1054 3102 ’1ησοῦ
1108 3014 1385 3087 Πνεύματι
1444 3014 1589 3089 ἁγίῳ
1672 3014 1773 3069 ὑπὸ
1849 3016 2007 3102 Θεοῦ⁹

330 3107 473 3173 κατᾶ
502 3105 570 3160 τὸ
616 3104 963 3179 ἀνθρώπινον
1014 3101 1097 3160 δεῖ
1151 3109 1318 3162 νοεῖν.
1370 3102 1597 3173 Ἐπειδή
1650 3104 1751 3181 γὰρ
1810 3101 2027 3161 ξκένωα-

340 3218 427 3251 σεν
461 3198 683 3259 ἑαυτὸν,
715 3194 809 3250 καὶ
851 3194 1262 3271 παραπλησίως
1319 3199 1456 3270 ἡμῖν
1518 3196 1775 3272 μετέσχεν
1834 3195 2010 3271 α’ίμα-

357 3303 458 3343 τος
488 3283 582 3337 καὶ
612 3285 819 3358 σαρκὸς,
880 3288 1048 3339 ταῦτα
1105 3277 1243 3359 ἅπερ
1304 3282 1422 3358 ἔχει
1474 3284 1609 3338 κατᾶ
1666 3284 1848 3362 φύσιν,
1934 3283 2008 3345 ὡς

371 3371 506 3432 Θεὸς
536 3366 813 3443 λαμϐάνειν
846 3371 1069 3447 λέγεται
1114 3369 1203 3427 διὰ
1255 3372 1318 3427 τὸ
1374 3372 1736 3446 ἀνθρώπινον.
1780 3371 2005 3449 Δὲχεται

362 3461 471 3536 γὰρ
506 3459 609 3540 οὐχ
644 3462 831 3531 ἑαυτῷ,
863 3463 983 3519 καθ’
1014 3460 1045 3517 8
1089 3462 1219 3523 Θεὲσς
1273 3462 1446 3537 Λόγος
1506 3460 1647 3518 ἐστΐν
1717 3458 1851 3536 (Ὑδια
1906 3464 2006 3538 γὰρ

357 3550 424 3621 ἦν
454 3552 667 3623 αὐτοῦ),
699 3549 829 3607 ἀλλ’
866 3553 1033 3625 ἡμῖν,
1066 3550 1139 3613 ὡς
1174 3550 1225 3607 ὲν
1254 3550 1479 3628 ἀπαρχῇ
1512 3548 1582 3607 δι’
1614 3552 1828 3608 ἑαυτοῦ.

419 3756 447 3781 κ
509 3731 735 3791 Οἳτινες
799 3728 1175 3810 συνεφάγομεν
1264 3729 1352 3784 καὶ
1440 3730 1760 3802 συνεπίομεν
1835 3729 2005 3804 αὐτῷ,

348 3844 373 3871 (ι
412 3820 547 3893 μετᾶ
576 3821 642 3873 1:6
672 3819 969 3887 ἀναστῆναι
1027 3819 1189 3874 αὐτὸν
1247 3818 1306 3875 ἐκ
1354 3824 1582 3895 νεκρῶν.
1617 3818 1719 3876 Καὶ
1787 3822 2003 3896 παρήγ-

347 3934 376 3960 α
407 3908 591 3983 γειλεν
627 3911 773 3982 ἡμῖν
807 3910 1039 3983 κηρύξαι
1085 3909 1165 3981 τῷ
1206 3907 1327 3980 λαῷ
1380 3909 1470 3964 καὶ
1521 3908 2003 3984 διαμαρτύρασθαι,

347 4020 373 4053 ι
400 4001 489 4054 δτι
521 3998 689 4059 αὐτός
722 3997 869 4052 ἐστιν
899 3998 927 4052 6
960 3998 1263 4073 ὡρισμένος
1313 3998 1417 4054 ὑπὸ
1473 4002 1573 4053 τοῦ
1633 4002 1765 4056 Θεοῦ
1813 4000 2005 4074 κριτὴς

345 4112 370 4138 ιι
406 4087 633 4157 ζώντων
660 4085 757 4139 καὶ
788 4090 1016 4160 νεκρῶν.
1050 4108 1079 4137 ››

417 4175 832 4244 Ἐντεῦθενιτὴν
862 4173 1145 4229 ἀνάστασιν
1176 4178 1273 4229 τοῦ
1316 4175 1545 4248 Χριστοῦ
1577 4169 2001 4249 διαϐεϐαιοῦται,

350 4265 410 4322 ἐκ
438 4270 539 4320 τοῦ
574 4270 877 4345 συμφαγεῖν
928 4264 1076 4336 αὐτῷ
1110 4285 1245 4338 μετα
1272 4264 1370 4333 τὴν
1401 4264 1704 4322 ἀνάστασιν.
1737 4262 1875 4321 υῦδὶ
1904 4266 2003 4342 γὰρ

344 4356 583 4417 ἀναστὰς
612 4352 841 4424 ἐποίησὲ
868 4374 919 4407 τι
952 4358 1202 4426 σημεῖον·
1232 4352 1368 4423 αὕτη
1390 4356 1493 4428 γὰρ
1514 4353 1843 4422 ἡάνιὶττασις
1865 4358 2006 4429 μέγα

347 4449 588 4516 σημεῖον
612 4442 704 4510 ἦν.
736 4440 955 4512 Ταύτης
986 4437 1045 4497 δὶ
1074 4439 1232 4499 οὐδὲν
1262 4446 1493 4515 σημεῖον
1524 4442 1590 4511 ἦν
1615 4442 1687 4504 ὡς
1719 4443 1780 4497 τὸ
1814 4448 2003 4520 φαγεῖν

339 4555 431 4589 και
462 4553 615 4587 πιειν
628 4574 642 4587 ο

2129 710 2152 740 α
2183 705 2247 743 os
2280 688 2428 743 dixit
2460 704 2472 741 :
2512 690 2654 742 Vere
2686 688 2986 759 comperio
3020 688 3177 757 quod
3218 705 3338 742 non
3373 688 3449 742 sit
3491 705 3773 759 persona-

2124 801 2151 827 ‹‹
2186 795 2316 833 rum
2352 785 2656 849 respeclus
2686 794 2883 832 coram
2921 779 3033 832 Deo
3071 794 3083 831 :
3119 777 3221 833 sed
3254 777 3313 831 in
3361 779 3565 849 quavis
3596 787 3769 851 gente

2122 891 2149 918 ‹‹
2184 868 2283 938 qui
2319 868 3468 939 timetipsumetuperaturjustitiam,is
3491 875 3766 941 acceptus

2122 981 2146 1004 α
2185 962 2275 1011 est
2304 957 2411 1011 illi.
2450 978 2478 1003 ιι

2195 1069 2222 1096 α
2247 1047 2563 1106 Justitiam.
2603 1067 2630 1094 »
2662 1047 2775 1101 hoc
2808 1051 2898 1101 est
2927 1062 3168 1101 omnem
3198 1047 3500 1102 virtutem.

2189 1138 2258 1203 X,
2291 1137 2483 1190 36-38.
2518 1136 2674 1190 «Hic
2707 1141 2795 1190 est
2826 1153 3224 1206 sermo,quem
3259 1137 3421 1190 misit
3453 1139 3604 1192 Deus
3628 1138 3769 1194 ﬁliis

2119 1249 2146 1276 «
2182 1226 2363 1281 Israel
2396 1225 2760 1281 annuntians
2812 1240 3016 1297 pacem
3068 1241 3173 1296 per
3220 1226 3416 1280 Jesum
3449 1226 3771 1293 Christum,

2117 1338 2145 1365 «
2180 1316 2277 1371 hic
2308 1320 2399 1371 est
2427 1315 2695 1369 omnium
2730 1314 3034 1369 Dominus.
3070 1314 3186 1384 Ipsi
3240 1314 3402 1369 scitis
3455 1331 3604 1382 rem,
3636 1333 3767 1386 quae

2117 1427 2145 1454 ‹‹
2180 1405 2397 1461 accidit
2426 1420 2532 1476 per
2562 1409 2743 1459 totam
2776 1403 3059 1470 Judmam,
3093 1420 3227 1458 cum
3261 1404 3581 1476 incepisset
3603 1422 3636 1459 a
3658 1406 3769 1461 Ga-

2118 1518 2146 1546 «
2176 1495 2334 1551 lilaaa
2372 1500 2507 1565 post
2534 1494 2851 1564 baptisma,
2886 1492 3045 1564 quod
3097 1493 3435 1565 praedicavit
3489 1496 3772 1561 Joannes,

2120 1606 2148 1635 «
2187 1600 2405 1656 nempe
2432 1583 2503 1638 de
2533 1585 2669 1639 Jesu
2698 1584 3011 1637 Nazareno.
3050 1604 3073 1632 υ

2191 1676 2324 1730 Ηεθο
2355 1680 2597 1747 propter
2627 1690 2729 1728 eos
2774 1674 2936 1738 dicit,
2972 1674 3072 1744 qui
3125 1679 3452 1746 praesentes
3481 1680 3670 1741 erant,
3704 1683 3776 1733 ut

2117 1766 2295 1821 etiam
2328 1765 2464 1820 illos
2494 1765 2566 1819 ad
2601 1764 2775 1818 ﬁdem
2812 1764 3071 1819 attrahat
3095 1764 3183 1818 :id
3216 1770 3413 1820 tamen
3448 1767 3604 1837 quod
3622 1784 3773 1837 praa-

2116 1856 2356 1926 cipuum
2392 1859 2481 1908 est
2511 1854 2612 1908 dat
2635 1854 3077 1921 ﬁliislsrael,ne
3098 1871 3157 1908 se
3190 1855 3250 1909 in
3284 1855 3491 1909 ordine
3514 1857 3767 1925 rejecto-

2116 1962 2247 2000 rum
2281 1960 2409 2000 esse
2440 1944 2822 1999 arbitrentur.
2847 1944 2947 1999 Hic
2981 1943 3312 2015 est,inquit.
3346 1944 3613 2000 omnium
3646 1946 3762 2001 DO"

2114 2034 2333 2091 minus.

2184 2127 2258 2188 Χ,
2291 2124 2479 2180 38-41.
2541 2146 2568 2173 ‹‹
2629 2121 2934 2188 Quomodo
2981 2122 3220 2177 unxerit
3275 2139 3409 2178 eum
3476 2123 3767 2180 Dominus

2116 2234 2144 2263 ‹‹
2175 2213 2395 2285 Spiritu
2432 2219 2635 2269 sancto
2668 2220 2726 2268 et
2754 2214 2990 2277 virtute,
3024 2213 3124 2283 qui
3150 2211 3476 2268 ambulavit
3523 2212 3766 2269 benefa-

2114 2326 2141 2353 ‹‹
2178 2303 2389 2357 ciendo
2423 2308 2481 2357 et
2502 2302 2767 2357 sanando
2813 2318 3021 2357 omnes
3052 2319 3368 2374 oppressos
3418 2319 3453 2357 θ,
3509 2303 3767 2371 diabolo,

2116 2414 2143 2441 «
2179 2392 2459 2464 quoniam
2496 2393 2648 2446 Deus
2678 2397 2805 2446 erat
2834 2407 2968 2445 cum
2997 2391 3197 2446 illo.Et
3227 2408 3335 2446 nos
3356 2396 3536 2446 testes
3562 2410 3767 2449 sumus

2115 2505 2143 2532 ‹‹
2177 2483 2605 2552 omnium,quw
2630 2480 2849 2535 fecitin
2881 2481 3118 2552 regione
3148 2480 3484 2535 Judaaorum
3518 2488 3575 2535 et
3603 2483 3766 2537 Jero-

2116 2593 2143 2623 ‹‹
2174 2572 2419 2644 solymis
2455 2588 2467 2625 :
2502 2587 2678 2642 quem
2707 2569 3053 2624 occiderunt
3092 2585 3446 2639 suspensum
3487 2570 3548 2623 in
3582 2570 3764 2639 ligno.

2115 2683 2145 2712 ‹‹
2178 2662 2345 2717 Hunc
2372 2662 2520 2715 Deus
2543 2660 2850 2715 suscitavit
2872 2659 3044 2714 tertio
3064 2658 3244 2725 die,et
3261 2658 3769 2725 exhibuiteum,ut

2115 2774 2143 2801 ‹‹
2178 2756 2493 2822 appareret
2520 2766 2638 2804 non
2672 2749 2833 2804 omni
2866 2748 3217 2821 populo,sed
3242 2748 3490 2803 testibus
3512 2749 3675 2821 prius
3689 2748 3767 2803 ad

2118 2864 2144 2895 ι
2177 2842 2289 2898 hoc
2319 2858 2355 2897 a
2384 2841 2501 2897 Deo
2533 2839 2801 2909 delectis,
2835 2839 3121 2895 nimirum
3154 2837 3347 2895 nobis.
3385 2860 3412 2887 n

2187 3024 2439 3079 Unctum
2473 3037 2601 3075 esse
2631 3022 2831 3076 Jesum
2862 3036 2896 3074 a
2925 3018 3147 3091 Spiritu
3180 3024 3408 3086 sancto,
3432 3017 3762 3075 secundum

2112 3112 2545 3169 humanitatem
2562 3109 2894 3181 intelligere
2909 3113 3159 3179 oportet.
3174 3108 3275 3162 09
3290 3106 3581 3171 Quoniam
3600 3106 3760 3162 enim

2115 3198 2859 3269 exinanivitsemetipsum,
2876 3202 2931 3251 et
2951 3196 3214 3268 proxime
3231 3196 3304 3251 ad
3324 3213 3431 3250 nos
3470 3194 3759 3251 accedens

2114 3288 2484 3363 participavit
2508 3303 2685 3343 carne
2718 3291 2774 3342 et
2792 3286 3077 3357 sanguine
3105 3285 3259 3340 :haec
3281 3302 3411 3357 qua:
3437 3284 3765 3340 secundum

2114 3385 2389 3435 naturam
2422 3377 2692 3433 habet.ut
2706 3377 2857 3432 Deus
2871 3376 3140 3448 accipere
3155 3374 3371 3430 dicitur
3396 3381 3637 3446 propter
3650 3374 3730 3429 bu
3742 3403 3761 3415 -

2114 3468 2481 3523 manitatem.
2518 3465 2747 3537 Accipit
2776 3481 3049 3536 namque,
3111 3480 3230 3519 non
3262 3464 3394 3525 sibi,
3431 3463 3761 3520 secundum

2113 3556 2271 3629 quod
2303 3557 2457 3611 Deus
2486 3554 2744 3610 Verbum
2777 3560 2867 3609 est
2890 3555 3051 3623 (nam
3084 3554 3323 3625 propria
3352 3553 3527 3629 illius,
3548 3554 3761 3620 erant),

2114 3628 2217 3703 sed
2244 3647 2435 3715 nobis,
2472 3653 2753 3718 tanquam
2780 3645 2841 3700 in
2886 3645 3165 3717 primitiis
3198 3662 3302 3714 per
3331 3628 3613 3715 seipsum.

2126 3736 2137 3744 “
2181 3737 2250 3806 Χ,
2282 3739 2470 3792 41-42.
2509 3760 2529 3784 ι
2567 3738 2675 3802 Qui
2706 3735 3075 3792 comedimus
3104 3751 3172 3789 ac
3202 3734 3595 3789 bibimusuna
3623 3749 3760 3788 cum

2111 3850 2139 3878 ι(
2173 3827 2323 3899 ipso,
2357 3836 2671 3898 postquam
2703 3825 3028 3879 resurrexit
3054 3820 3763 3895 a_mortuis.Etpreecepit

2110 3938 2139 3966 ‹‹
2174 3916 2440 3978 nobis,ut
2468 3915 2929 3988 prmdicaremus
2964 3913 3181 3985 populo
3214 3928 3281 3965 ac
3304 3911 3761 3966 testiﬁcaremur

2109 4025 2136 4053 «
2172 4003 2325 4075 quod
2360 4004 2485 4074 ipse
2518 4004 2595 4057 sit
2619 4003 2849 4074 ille,qui
2881 4002 3239 4057 constitutus
3262 4006 3352 4054 est
3382 4015 3412 4054 a
3437 3998 3757 4069 Deojudex

2108 4116 2135 4143 ‹‹
2171 4094 2432 4149 vivorum
2456 4108 2522 4147 ac
2551 4097 2941 4146 mortuorum.
2974 4110 2999 4138 ο

2181 4182 2327 4239 Hinc
2342 4180 2555 4235 Christi
2588 4178 3082 4235 resurrectionem
3106 4176 3605 4249 conﬁrmatquod
3621 4192 3756 4232 cum

2109 4288 2176 4326 eo
2208 4276 2342 4343 post
2368 4269 2865 4325 resurrectionem
2896 4267 3282 4322 comederint.
3302 4269 3499 4336 Neque
3531 4266 3689 4319 enim
3724 4281 3759 4321 θ,

2106 4361 2546 4417 resurrectione
2578 4359 2718 4414 fecit
2747 4357 2988 4431 aliquod
3021 4358 3251 4430 signum
3288 4373 3301 4410 :
3335 4356 3465 4426 ipsa
3495 4370 3756 4425 namque

2107 4453 2464 4508 resurrectio
2496 4467 2776 4517 magnum
2827 4456 2953 4504 erat
2984 4448 3242 4520 signum,
3300 4446 3756 4501 resurrectionis

2107 4550 2304 4599 autem
2334 4542 2566 4598 nullum
2594 4541 2709 4597 tale
2740 4541 2973 4614 signum
3006 4543 3149 4604 erat,
3175 4538 3348 4610 quale
3381 4536 3677 4592 estedisse
3691 4545 3759 4591 ac

2105 4630 2349 4687 bibisse.

350 4733 359 4737 ’
425 4736 453 4764 ει
486 4709 689 4782 Τούτῳ
720 4710 911 4771 πάντες
944 4710 997 4764 οἱ
1056 4715 1333 4790 προφῆται
1396 4713 1760 4786 μαρτυροῦσιν
1815 4708 1999 4790 ἄφεσιν

2179 4719 2241 4781 Χ,
2268 4722 2360 4775 43.
2392 4742 2419 4769 ‹‹
2454 4718 2598 4774 Huic
2629 4734 2837 4775 omnes
2867 4718 3168 4790 prophetm
3212 4717 3622 4772 testimonium
3670 4716 3755 4774 fe-

348 4806 694 4878 αάμαρτιῶν
727 4796 915 4858 λαϐεῖν
976 4798 1068 4857 διὰ
1115 4806 1211 4856 τοῦ
1269 4800 1534 4874 ὀνόματος
1593 4802 1756 4857 αὐτοῦ
1834 4802 2003 4858 πάντα

348 4918 377 4947 α
413 4896 511 4951 τὸν
544 4890 874 4949 πιστεύοντα
905 4890 984 4953 είς
1016 4890 1200 4947 αὐτόν.
1235 4912 1264 4941 ››

414 4985 608 5047 Ὅσοι,
669 4981 824 5060 φησὶ,
883 4982 1158 5057 προφῆται
1218 4977 1494 5046 ἐλάλησαν
1554 4981 1674 5055 περὶ
1722 4982 2002 5055 ἁμαρτιῶν

342 5070 692 5149 ἆςέσεως,ὲν
724 5070 908 5143 τούτῳ
964 5074 1044 5141 τῷ
1100 5070 1283 5140 Ἰησοῦ
1341 5069 1492 5124 εἶπον
1523 5070 1682 5133 αὐτας
1732 5071 1998 5147 ἀφίεσθαι.

339 5164 504 5221 Οὕτω
556 5160 649 5215 καὶ
704 5160 953 5229 Ἡσαΐας,
1008 5160 1069 5214 τὸ
1116 5158 1287 5215 αὖτοῦ
1362 5157 1622 5240 εἰσφέρων
1678 5161 1998 5235 πρόσωπον,

344 5254 516 5327 λέγει’
556 5276 583 5301 α
619 5252 759 5326 Ἐγώ
812 5250 927 5323 εἶμι
983 5250 1012 5305 6
1070 5247 1364 5327 ὲξαλεῖφων
1416 5250 1510 5313 τὰς
1559 5251 1823 5325 ἁμαρτίας
1883 5274 2000 5324 σου,

338 5342 430 5397 καὶ
463 5341 563 5402 τὰς
595 5340 829 5411 ἀνομίας
860 5359 977 5397 σου.
1012 5361 1041 5390 ω

411 5455 441 5482 α
475 5431 601 5487 Ἔτι
651 5426 958 5490 λαλοῦντος
1014 5430 1112 5482 τοῦ
1160 5425 1366 5501 Πέτρου
1421 5428 1488 5483 τὰ
1541 5429 1762 5504 ῥήματα
1808 5434 1996 5499 ταῦτα,

333 5518 626 5574 «animos
675 5518 740 5572 τὸ
802 5519 1025 5591 υνεῦμα
1071 5515 1136 5571 τὸ
1195 5516 1349 5593 ἅγιον
1434 5514 1521 5572 ἐπὶ
1577 5518 1783 5581 πάντας
1869 5518 1996 5584 τοὺς

332 5633 361 5657 ιι
394 5606 693 5670 ἀκούοντας
724 5608 822 5665 τὸν
854 5603 1041 5680 λόγον’
1077 5605 1170 5660 καὶ
1208 5603 1487 5677 ἐξέστησαν
1553 5608 1605 5663 οἱ
1662 5606 1723 5663 ἐκ
1779 5627 1995 5687 περιτοο

404 5788 917 5859 ἰιι-ζωὴν.

2116 4826 2138 4868 ς
2172 4814 2383 4864 cerunt
2410 4809 2565 4880 quod
2581 4808 2994 4863 remissionem
3017 4812 3391 4878 peccatorum
3408 4814 3758 4879 accepturus

2117 4915 2136 4944 αι
2175 4898 2252 4952 sit
2281 4915 2385 4969 per
2415 4914 2652 4952 omnem
2699 4899 2827 4966 ejus
2859 4897 3127 4967 quisquis
3159 4896 3347 4952 credit
3385 4898 3447 4951 in
3474 4898 3689 4969 ipsum.
3728 4919 3755 4946 »

2182 4987 2728 5059 Quotquot,inquit,
2751 4987 3050 5058 prophetae
3084 4986 3263 5042 locuti
3298 4993 3436 5042 sunt
3464 4986 3535 5041 de
3556 5004 3761 5058 pecca-

2114 5080 2305 5131 torum
2339 5075 2711 5134 remissione,
2733 5092 2837 5146 per
2867 5076 3023 5130 hunc
3055 5077 3253 5132 Jesum
3285 5076 3556 5131 dixerunt
3579 5092 3647 5130 ea
3666 5093 3759 5131 re-

2113 5165 2283 5219 mitti.
2321 5165 2412 5220 Sic
2434 5171 2493 5219 et
2524 5165 2725 5223 Isaias.
2773 5172 3077 5237 assumpta
3129 5167 3257 5237 ejus
3319 5181 3591 5237 persona.
3628 5163 3753 5218 ait:

2113 5277 2139 5305 ‹‹
2173 5255 2289 5327 Ego
2321 5271 2473 5322 sum,
2498 5254 2597 5325 qui
2631 5253 2801 5309 deleo
2835 5254 3184 5326 iniquitates
3217 5263 3366 5323 tuas,
3423 5259 3480 5308 et
3511 5258 3753 5324 peccata

2109 5348 2212 5400 tua
2229 5344 2292 5399 ⁹³.
2326 5364 2356 5396 »

2178 5433 2251 5496 Χ,
2284 5436 2353 5489 44
2388 5434 2475 5489 48.
2510 5457 2537 5484 ‹‹
2583 5434 2848 5505 Cumque
2902 5434 3094 5489 adhuc
3151 5433 3497 5504 loqueretur
3546 5436 3753 5490 Petrus

2107 5545 2134 5573 «
2168 5523 2346 5580 verba
2372 5523 2782 5594 hwc,illapsus
2814 5530 2905 5577 est
2932 5524 3183 5594 Spiritus
3216 5524 3530 5579 sanctusin
3546 5541 3751 5580 omnes

2112 5635 2131 5660 ει
2170 5612 2270 5682 qui
2301 5612 2621 5668 audiebant
2653 5628 3021 5669 sermonem:
3048 5612 3627 5686 etobstupuerunthi
3647 5613 3748 5685 qui
