4112 6250
400 416 514 476 187

1519 411 1929 473 (ΕΟΗΜΕΝΙΙ
1970 411 2280 476 ΤΒΙΟΟΕ
2324 413 2679 478 EPISCOPI

3680 423 3781 484 188

395 577 422 605 ‹‹
453 569 523 609 ex
548 548 1002 608 circumcisione
1027 547 1426 614 crediderant,
1458 553 1749 621 quotquot
1777 548 2040 605 comitati

2180 572 2184 600 :
2219 555 2328 621 μῆς
2377 549 2584 621 πιστοὶ,
2644 549 2762 608 ὅσοι
2818 552 3083 622 συνῆλθον
3114 558 3192 626 τῷ
3225 550 3436 626 Ηὲτοῳ.
3464 554 3545 610 ὅτι
3589 557 3672 612 καὶ
3704 535 3785 614 ἐπἶ

397 667 425 697 ‹‹
457 644 694 700 fuerant
721 646 980 704 Petrum.
1008 641 1166 712 quod
1190 647 1248 695 et
1278 641 1339 695 in
1371 647 1579 712 gentes
1608 640 1830 696 donum
1863 641 2055 696 sancti

400 757 428 786 «
455 734 706 806 Spiritus
739 733 994 787 effusum
1025 736 1199 786 esset.
1239 730 1574 785 Audiebant
1603 730 1758 785 enim
1797 730 1931 785 illos
1963 729 2050 785 lo-

399 850 419 874 .
455 829 705 896 quentes
758 821 978 893 linguis
1053 837 1121 876 ac
1181 820 1627 891 magniﬁcantos
1663 821 1865 875 Deum.
1895 821 2056 876 Tunc

403 936 429 963 «
460 911 768 983 respondit
799 912 1007 964 Petrus
1034 927 1046 964 :
1096 908 1372 978 Nunquid
1406 909 1720 979 prohibere
1757 909 2053 981 quispiam

402 1021 430 1054 ι
460 1007 672 1073 potest,
695 1015 769 1054 ne
800 1015 955 1070 aqua
986 997 1359 1069 baptizentur
1388 998 1447 1053 hi
1481 997 1579 1068 qui
1609 997 1891 1068 Spiritum
1916 1013 2052 1052 san-

402 1114 430 1143 ‹‹
462 1097 624 1146 ctum
647 1094 1004 1161 acceperunt
1027 1087 1177 1142 sicut
1203 1095 1262 1142 et
1282 1087 1433 1143 nos?
1459 1087 1722 1158 Etjussit
1745 1104 1846 1143 eos
1871 1087 2058 1160 bapti-

402 1203 430 1233 ‹‹
461 1181 576 1236 zari
607 1180 668 1234 in
702 1178 943 1234 nomine
979 1177 1232 1232 Domini.
1262 1178 1422 1232 Tunc
1443 1183 1796 1250 rogaverunt
1819 1181 2057 1244 eum,ut

409 1297 428 1321 ι
466 1276 806 1327 remaneret
836 1269 962 1324 dies
993 1268 1242 1340 aliquot.
1281 1291 1302 1316 ι

477 1360 584 1416 Ubi
629 1359 1026 1415 credidissent
1054 1357 1212 1429 quod
1243 1373 1349 1430 per
1378 1355 1671 1428 baptisma
1714 1357 1957 1414 omnino
1990 1356 2056 1412 ﬁt

401 1450 675 1507 remissio
700 1455 1075 1520 peccatorum
1116 1453 1254 1502 tunc
1277 1463 1455 1517 super
1475 1463 1574 1502 eos
1597 1446 1904 1502 descendit
1922 1445 2052 1518 Spi-

403 1539 702 1595 ritus.Hoc
725 1538 1070 1598 autem.Deo
1090 1535 1548 1607 prreordinante.
1564 1535 1779 1591 accidit
1801 1536 1954 1591 100
1980 1534 2055 1591 ad

404 1646 682 1702 magnam
724 1628 880 1683 Petri
931 1626 1360 1682 defensionem.
1392 1627 1593 1697 Neque
1623 1625 1846 1696 vulgari
1878 1624 2053 1681 modo

403 1720 655 1792 Spiritus
689 1717 1047 1790 supervenit.
1105 1714 1208 1770 sed
1267 1721 1324 1770 et
1379 1715 1597 1787 linguis
1637 1713 2053 1786 loquebantur,

404 1809 562 1882 quod
586 1809 646 1862 in
667 1813 969 1878 stuporem
996 1804 1227 1860 induxit
1247 1821 1365 1867 eos,
1392 1821 1492 1876 qui
1516 1804 1764 1859 comites
1780 1803 2048 1858 fuerant:

2161 663 2188 709 (ς
2221 640 2286 694 τᾶ
2329 632 2452 711 ἔθνη
2503 643 2538 711 ἡ
2591 641 2766 716 δωρεὰ
2796 648 2893 698 105'
2923 643 3077 719 ἀγίου
3128 647 3440 717 Πνεόματος
3495 645 3782 720 ἐκκὲχυται,

2163 732 2452 786 «Ἤκουον
2507 733 2611 810 γὰρ
2662 733 2836 788 αὐτῶν
2894 733 3210 791 λαλούντων
3270 736 3545 812 γλώττα·ς
3579 739 3662 793 καὶ
3696 762 3780 810 μετ

2162 843 2186 868 α
2220 820 2564 895 γαλυνόντων
2622 822 2711 877 τὸν
2763 823 2912 882 Θεόν.
2974 825 3113 880 Τότε
3181 823 3444 899 ἀπεκρίθη
3501 827 3526 880 ὁ
3586 829 3785 896 Ιὶέτρός

2161 933 2188 960 ‹‹
2222 912 2312 980 Μή
2355 930 2406 964 τι
2455 911 2517 965 τὸ
2566 909 2711 987 ὕδωρ
2764 911 3007 968 κωλῦσαι
3068 911 3288 970 δύναταί
3327 936 3434 983 τις,
3466 920 3560 968 105
3595 918 3666 987 μή
3701 919 3789 990 βι-

2161 1022 2188 1049 ‹‹
2223 1006 2512 1068 πτισοῆναι
2543 1000 2787 1070 105100;,
2823 1000 3019 1063 οἷ’τινες
3048 1003 3110 1057 τὸ
3159 1007 3377 1076 Πνεῦμα
3406 1004 3466 1058 τὸ
3500 1005 3646 1076 ἅγιον
3678 1000 3794 1060 ἔλα-

2161 1107 2194 1141 α
2225 1081 2343 1158 60v,
2376 1089 2554 1150 καθὼς
2607 1091 2693 1144 καὶ
2755 1093 2963 1164 ῆμεῖς;
3025 1090 3320 1165 Προσέταξέ
3368 1113 3428 1146 τε
3476 1091 3664 1153 αὐτοὺς
3705 1096 3791 1168 βα-

2165 1200 2191 1232 ι
2221 1184 2511 1246 πτισθῆναι
2543 1178 2592 1234 ἐν
2623 1183 2702 1251 τῷ
2749 1179 2979 1251 ὀνόματι
3029 1184 3122 1235 105
3175 1181 3400 1255 Κυρίου.
3433 1182 3566 1238 Τότε
3589 1183 3796 1256 1390317,-

2163 1288 2187 1310 α
2219 1287 2310 1321 σαν
2343 1267 2506 1322 αὐτὸν
2537 1266 2812 1341 ἱπιμεῖναι
2845 1268 3057 1345 ἡμέρας
3090 1269 3260 1332 τινάς,
3299 1294 3320 1323 ι

2229 1356 2353 1410 Ὀτε
2409 1353 2722 1412 ἐπίστευσαν
2781 1355 2864 1412 ὅτι
2924 1359 3140 1420 πάντως
3199 1358 3260 1414 τὸ
3315 1360 3594 1433 βάπτισμα
3624 1357 3796 1435 ἄφεσίς

2160 1443 2300 1500 ἐστιν
2361 1445 2664 1518 ἁμαρτιῶν,
2720 1445 2843 1502 τότε
2899 1445 3132 1517 ἐπῆλθεν
3208 1449 3398 1510 αὐτοῖς
3452 1449 3514 1503 τὸ
3576 1450 3797 1520 Ηνεῦμα.

2158 1538 2326 1589 T0510
2360 1531 2416 1590 δὲ
2446 1536 2653 1609 γίνεται
2696 1541 3234 1611 προοικονομοῦντος
3287 1535 3594 1615 ἀπολογίαν
3646 1539 3794 1610 μεγᾶ-

2160 1621 2266 1697 λην
2295 1629 2373 1695 τῷ
2406 1626 2592 1696 Πέτρῳ
2637 1629 2732 1680 105
2791 1629 2945 1696 Θεοῦ,
2985 1627 3081 1683 Καὶ
3115 1627 3218 1682 οὐκ
3247 1627 3440 1689 ἁπλῶς
3475 1628 3536 1682 τὸ
3574 1632 3801 1697 Πνεῦμαο

2159 1693 2417 1782 ἐπῆλθεν,
2486 1693 2632 1768 ἀλλὰ
2696 1714 2786 1768 καὶ
2851 1693 3129 1790 γλιῦτσαις
3195 1714 3455 1778 ἐλάλουῦ,
3520 1715 3649 1790 ὅπερ
3708 1693 3797 1787 ὲεέ.

2161 1799 2381 1872 πληπτε
2408 1802 2534 1864 τοὺς
2567 1801 2936 1866 συνελθόντας.
2996 1805 3074 1860 Δι’
3131 1805 3159 1860 ὃ
3222 1805 3310 1859 καὶ
3345 1807 3374 1860 ὁ
3403 1808 3604 1878 Ηετρος
3645 1825 3802 1877 προσ-

403 1904 645 1972 propter
667 1895 828 1967 quod
858 1895 1036 1951 etiam
1071 1896 1276 1948 Petrus
1308 1892 1621 1950 confestim
1649 1909 1748 1949 eos
1771 1892 2052 1966 baptizari

2180 1892 2337 1962 ιταξεν
2394 1890 2592 1956 εὐθέως
2647 1893 2844 1954 αὐτοὺς
2910 1894 3276 1968 βαπτισθῆναι
3331 1893 3384 1950 ἐν
3448 1895 3525 1966 τῷ
3586 1894 3801 1966 ὀνόματι

397 1987 581 2059 jussit
611 1987 671 2040 in
695 1984 938 2040 nomine
964 1983 1218 2038 Domini.
1245 1983 1360 2038 Nec
1382 1981 1560 2037 dixit:
1587 1983 1878 2047 Quorsum
1902 1998 2058 2053 aqua.

400 2092 550 2148 Opus
574 2081 682 2132 est.
707 2091 842 2130 cum
864 2072 1272 2146 supervenerit
1292 2072 1354 2128 in
1377 2088 1476 2127 eos
1499 2071 1750 2144 Spiritus
1773 2078 2011 2127 sanctus
2033 2071 2060 2126 τ

404 2167 656 2222 Noverat
682 2164 860 2226 enim,
893 2162 1052 2234 quod
1107 2161 1166 2216 in
1208 2177 1363 2233 aqua
1391 2160 1832 2232 complerentur
1863 2160 2058 2217 divina

408 2258 596 2328 signa,
622 2272 837 2327 nempe
859 2255 1164 2326 sepultura
1186 2271 1253 2310 ac
1277 2252 1676 2318 mortificatio,
1703 2252 2055 2308 resurrectio

405 2355 464 2402 et
485 2347 600 2402 vita
645 2345 1156 2408 Quemadmodum
1181 2343 1338 2399 enim
1367 2342 1538 2399 nobis
1561 2342 1730 2398 facile
1757 2349 1845 2397 est
1866 2341 2054 2413 bapti-

404 2453 533 2493 zare
564 2453 631 2492 ac
663 2452 984 2508 emergere,
1019 2435 1099 2488 ita
1130 2435 1246 2489 Deo
1295 2433 1466 2490 facile
1496 2439 1585 2488 est
1616 2433 1867 2504 sepelire
1902 2439 2058 2487 vete-

409 2543 534 2582 rem
565 2525 865 2582 hominem
899 2541 1231 2595 novumque
1257 2523 1689 2582 demonstrare.
1720 2524 1834 2578 Hoc
1859 2528 2057 2577 autem

409 2617 584 2671 tertio
617 2615 702 2682 fit,
736 2620 801 2668 ut
845 2630 1234 2686 agnoscamus
1291 2613 1449 2682 quod
1483 2612 1748 2683 potentia
1781 2611 1970 2666 Patris
2003 2616 2062 2664 et

414 2705 545 2760 Filii
577 2711 636 2758 et
654 2703 907 2775 Spiritus
930 2701 1118 2759 sancti
1147 2701 1257 2756 hoc
1279 2701 1552 2757 efficitur.
1580 2700 1829 2766 Quidam
1860 2705 2059 2756 autem

416 2793 815 2849 demonstrari
839 2792 1045 2847 dicunt
1066 2790 1239 2846 tertio
1261 2790 1355 2844 die
1377 2789 1590 2846 factam
1615 2789 1829 2846 Christi
1860 2804 2056 2844 resur-

414 2882 764 2948 rectionem,
799 2897 930 2953 quaa
961 2881 1072 2936 hoc
1104 2879 1166 2936 in
1197 2878 1369 2934 nobis
1397 2877 1634 2934 efﬁciat.

1024 2990 1256 3046 CAPUT
1298 2989 1444 3045 XVI.

415 3099 694 3165 Quomodo
728 3099 920 3152 Petrus
947 3096 1201 3166 deinceps
1252 3094 1419 3151 etiam
1446 3095 1671 3164 singula
1696 3109 1907 3166 eorum.
1935 3107 2064 3164 qua

486 3177 611 3226 actu
654 3177 781 3225 sunt
835 3175 1031 3224 narrat
1084 3165 1344 3238 apostolis
1395 3167 1651 3224 adversus
1681 3165 1862 3236 ipsum
1885 3166 2062 3222 disce-

475 3243 782 3312 ptantibus.
820 3242 968 3295 Tunc
997 3237 1182 3312 autem
1208 3240 1520 3296 Barnabam
1548 3240 1811 3294 miserunt
1835 3237 1908 3293 ad
1934 3239 2060 3306 fra-

487 3321 609 3376 tres,
644 3315 742 3382 qui
772 3318 929 3366 erant
961 3311 1289 3366 Antiochia.

494 3421 590 3482 XI.
626 3422 778 3474 l-20.
807 3440 832 3468 ι
852 3417 1186 3476 Audierunt
1213 3421 1412 3473 autem
1445 3415 1694 3488 apostoli
1729 3432 1796 3472 ac
1827 3415 2064 3483 fratres,

417 3533 445 3560 «
481 3509 580 3580 qui
613 3512 781 3562 erant
812 3507 870 3561 in
901 3505 1122 3565 Iudaea.
1157 3504 1314 3577 quod
1359 3511 1418 3561 et
1463 3510 1670 3575 gentes
1700 3505 2070 3576 recepissent

421 3622 447 3654 σ
475 3598 719 3654 verbum
739 3597 1130 3666 Dei.Cumque
1155 3595 1430 3652 rediisset
1450 3596 1658 3650 Petrus
1677 3593 2074 3666 Jerosolyma,

417 3712 445 3739 ‹‹
482 3685 895 3756 disceptabant
937 3685 1220 3740 adversus
1267 3683 1457 3741 illum.
1491 3683 1592 3755 qui
1643 3690 1814 3737 erant
1852 3698 1921 3738 ex
1952 3683 2072 3739 cir-

423 3799 448 3830 α
485 3776 864 3833 cumcisione.
903 3775 1207 3832 dicentes:
1248 3773 1336 3830 Ad
1383 3775 1535 3829 viros
1566 3773 1922 3845 praeputium
1955 3772 2069 3828 ha-

424 3890 451 3918 ‹‹
487 3866 694 3922 bentes
726 3864 983 3919 introisti
1015 3869 1074 3920 et
1103 3862 1277 3919 edisti
1315 3879 1452 3919 cum
1481 3862 1623 3918 illis.
1658 3863 1738 3919 Re
1767 3868 1965 3917 autem
1996 3859 2070 3916 ab

422 3981 449 4007 α
487 3956 655 4012 initio
688 3955 937 4026 repetita
968 3955 1174 4008 Petrus
1201 3953 1474 4025 exposuit
1502 3952 1622 4010 illis
1652 3952 1948 4015 ordinem,
1981 3951 2072 4008 di-

430 4067 450 4094 .
489 4061 667 4100 cens:
702 4046 816 4116 Ego
849 4044 910 4097 in
941 4043 1174 4098 civitate
1215 4044 1397 4115 .loppe
1445 4042 1711 4112 orabam,
1742 4042 1977 4113 vidique
2011 4041 2072 4098 in

424 4157 451 4185 ιι
477 4134 694 4190 mentis
709 4149 952 4189 excessu
967 4131 1645 4199 visionem,descendere
1660 4147 1756 4187 vas
1771 4130 2072 4204 quoddam

427 4246 448 4276 ι
483 4241 590 4280 ceu
613 4223 864 4279 linteum
890 4228 1449 4294 magnum.quatuor
1473 4222 1662 4277 initiis
1688 4222 1972 4278 emissum
2004 4238 2074 4276 ex

426 4338 446 4364 ι
480 4314 646 4376 caelo.
683 4318 743 4368 et
772 4312 930 4367 venit
960 4329 1147 4383 usque
1176 4311 1248 4367 ad
1283 4328 1393 4366 me.
1420 4312 1484 4365 In
1517 4311 1676 4382 quod
1707 4328 1843 4367 cum
1876 4311 2074 4366 inten-

423 4425 451 4452 «
488 4404 709 4458 dissem
741 4401 966 4466 oculos,
999 4399 1386 4455 animadverti
1420 4405 1478 4454 et
1507 4399 1621 4454 vidi
1664 4399 2075 4471 quadrupedis.

422 4517 449 4544 (ι
489 4500 754 4560 terrm,ac
780 4491 1088 4554 bestias.et
1109 4489 1359 4560 reptilia.
1390 4488 1771 4560 volatiliaque
1793 4489 2075 4547 cmli.Au-

427 4605 455 4634 «
483 4582 595 4638 divi
621 4588 820 4654 autem
845 4589 1124 4638 etvocem
1145 4579 1438 4634 dicentem
1463 4577 1606 4632 mihi
1633 4593 1646 4632 :
1671 4577 2074 4649 Surge.Petre,

2159 1983 2257 2034 105
2290 1979 2518 2053 Κυρίου.
2579 1983 2676 2036 Καὶ
2731 1981 2836 2037 οὐκ
2888 1982 3024 2052 εἷπε,
3084 1983 3181 2044 Τίς
3211 1985 3245 2051 ἠ
3277 1987 3377 2038 τοῦ
3408 1980 3600 2043 ὕδατος
3631 1982 3799 2056 χρεία,

2159 2073 2258 2124 105
2288 2068 2447 2147 ἁγίου
2483 2069 2798 2143 Πνεῦματος
2847 2070 3201 2134 ἐπιπεσόντος
3234 2072 3428 2134 αὐτοῖς
3458 2092 3472 2142 ;
3527 2070 3678 2128 Ἥξει
3708 2072 3800 2144 γὰρ

2163 2156 2247 2213 ὅτι
2305 2159 2421 2214 θεῖα
2469 2158 2709 2217 τελεῖται
2768 2159 2819 2215 ἐν
2877 2160 3026 2233 αὖτῷ
3083 2157 3358 2234 σῦμϐολα,
3411 2162 3580 2241 τάφος
3609 2159 3803 2216 καὶνε-

2163 2268 2384 2321 κρωσις,
2443 2248 2532 2305 καὶ
2591 2250 2899 2317 ἀνάστασις,
2958 2252 3045 2305 καὶ
3111 2253 3248 2320 ζωή.
3305 2254 3511 2324 ’Ὠσπερ
3541 2247 3805 2325 7519:520-

2164 2336 2259 2394 λον
2293 2338 2428 2412 ἡμῖν
2479 2339 2844 2414 βαπτῖσασθκι
2899 2339 2988 2395 καὶ
3046 2340 3345 2407 ἀνανεῦσαι,
3385 2341 3560 2402 οὕτως
3598 2337 3803 2394 εὔκολον

2162 2431 2242 2501 τῷ
2302 2429 2465 2500 θάψαι
2520 2428 2613 2483 τὸν
2697 2427 2933 2486 παλαιὸν
3017 2428 3322 2504 ἄνθρωπον,

2164 2517 2256 2573 τὸν
2287 2518 2428 2573 νέον.
2471 2517 2661 2592 Τρίτον
2725 2515 2782 2573 δε
2837 2523 2998 2575 105:0
3059 2519 3288 2593 γίνεται,
3355 2521 3452 2574 ἳνα
3484 2523 3692 2593 γνῶμεν
3725 2517 3809 2574 ὅτι.

2165 2603 2391 2678 δυνάμει
2426 2609 2656 2680 Πατρὸς,
2687 2607 2778 2664 καὶ
2810 2608 2960 2677 Υὶοῦ,
2992 2609 3083 2664 κλὶ
3112 2610 3272 2683 ἁγίου
3313 2609 3623 2681 Ilva-390.10;
3664 2610 3808 2660 10510

2164 2693 2388 2768 γίνεται.
2441 2696 2588 2756 Τινὲς
2645 2693 2702 2752 δὲ
2759 2717 2939 2773 φασιν,
3011 2696 3101 2752 ’ἱνα
3159 2695 3361 2773 δειχθῇ
3426 2702 3460 2768 ἡ
3521 2699 3807 2771 τριήμερος

2164 2783 2448 2846 ἀνάστασις
2523 2788 2618 2840 105
2693 2789 2938 2861 Χριστοῦ
3013 2791 3175 2843 τοῦτο
3242 2789 3708 2865 κατεργαζογὲνου
3761 2783 3804 2838 ἰν

2167 2874 2332 2946 ἡμῖν.

3407 2431 3496 2486 καὶ
3553 2426 3808 2497 ἀναδεῖξαι

2797 3005 3058 3058 suam.
3091 3003 3181 3073 ις.

2161 3105 2248 3161 Ὠς
2323 3099 2524 3175 Πέτρος
2573 3101 2663 3175 ⁸τὰ
2727 3101 2956 3172 καθεξῆς
3020 3102 3113 3157 καὶ
3172 3101 3248 3175 ,τὰ
3314 3100 3514 3161 ’ἕκαστα
3582 3106 3686 3175 τῷν
3728 3117 3813 3175 γε·

2187 3215 2190 3217 λ
2233 3168 2472 3262 γονάτων
2517 3243 2531 3262 1
2569 3168 2841 3262 διηγεῖται
2869 3168 3058 3262 ’κριοῖς
3131 3173 3497 3262 ,ἀποῖτόλοις
3615 3168 3809 3262 8103150:-

2235 3240 2372 3336 θεῖσι
2398 3318 2408 3336 ¹
2435 3243 2570 3318 πρὸς
2601 3240 2846 3333 ,αὐτόνκ
2889 3245 2958 3336 1:0
3021 3243 3213 3336 τηνίκα
3257 3244 3364 3336 ,ἓξὲκ
3402 3251 3496 3304 τὸν
3546 3240 3810 3322 Βαρνάϐαν

2242 3314 2488 3390 ἔπεμψαν
2519 3315 2652 3389 πρὸς
2672 3316 2799 3380 τοὺς
2829 3314 2882 3370 ἐν
2911 3317 3216 3392 Ἀντιοχείᾳ
3248 3315 3540 3400 ἀδελφούς.

2246 3443 2275 3472 α
2307 3420 2578 3477 Ἤκουσαν
2612 3419 2670 3477 δὶ
2699 3423 2751 3475 οἱ
2783 3419 3080 3479 ἀπόστολοι
3126 3422 3216 3478 καὶ
3267 3424 3320 3478 οἱ
3371 3424 3624 3499 ἀδελφοὶ,
3651 3423 3700 3477 οἱ
3728 3415 3812 3475 ὅν-

2179 3533 2206 3563 α
2237 3529 2322 3571 τες
2369 3509 2505 3566 κατᾶ
2557 3511 2656 3579 τῆν
2716 3507 3004 3577 Ἰουδιίαν,
3057 3513 3139 3567 δτι
3178 3513 3368 3568 καὶτὰ
3425 3509 3554 3584 ἔθνη
3587 3511 3810 3582 ἐδέξαντο

2183 3598 2328 3653 «τὸν
2383 3595 2548 3670 λόγον
2603 3602 2700 3652 105
2756 3603 2908 3654 Θεοῦ.
2966 3601 3067 3657 Καὶ
3137 3602 3226 3655 ὅτε
3282 3598 3453 3673 ἀνεϐη
3519 3602 3715 3677 Πέτρος
3745 3595 3812 3657 εἷς

2180 3713 2208 3740 ‹‹
2239 3687 2618 3760 Ἱεροσόλυμα,
2652 3685 2981 3764 διεκρῖνοντο
3013 3692 3148 3764 πρὸς
3183 3691 3344 3748 αὐτὸν
3399 3696 3459 3748 οἱ
3503 3693 3563 3750 ἐκ
3608 3707 3810 3764 περιτο·

2181 3801 2209 3830 ‹‹
2245 3783 2375 3849 μῆς,
2442 3773 2722 3850 λέγοντες,
2816 3779 2897 3834 δτι
2993 3779 3134 3852 Πρὸς
3201 3779 3396 3852 ἄνδρας
3477 3775 3818 3858 ἀκροϐυστίαν

2182 3891 2210 3918 ι(
2243 3859 2472 3941 ἔχοντας
2502 3865 2774 3936 εἰσῆλθες,
2803 3867 2890 3922 καὶ
2941 3867 3227 3944 συνὲυαγες
3259 3870 3480 3934 αὐτοῖς.
3512 3871 3820 3942 Ἀρξςὶμενος

2190 3976 2211 4004 ι
2239 3952 2297 4010 δὲ
2328 3956 2355 4009 ὁ
2389 3954 2590 4028 Πέτρος
2631 3955 2885 4026 ἐξετίθετο
2936 3957 3126 4020 αὐτοῖς
3176 3961 3422 4033 καθεξῆς,
3455 3960 3657 4036 λέγων’
3694 3952 3822 4026 Ἐγὼ

2187 4065 2215 4100 ι
2239 4043 2392 4118 ἢμην
2426 4044 2477 4100 ἐν
2518 4045 2679 4100 πόλει
2728 4047 2921 4121 Ἰόππῃ
2973 4048 3442 4123 προσευχόμενος,
3493 4051 3578 4106 καὶ
3613 4045 3744 4104 εἶδον
3773 4042 3818 4098 ἓν

2189 4132 2491 4190 ι’ἐκστάσει
2549 4132 2750 4208 ὅραμα,
2802 4130 3126 4192 καταϐαῖνον
3186 4137 3374 4200 σκεῦός
3424 4159 3487 4195 τι
3535 4140 3607 4201 ὡς
3643 4134 3818 4202 ὀθόνην

2185 4244 2212 4277 ι
2250 4221 2516 4298 μεγάλην,
2564 4221 2840 4296 τέσσαρσιν
2900 4223 3103 4304 ἀρχαῖς
3162 4226 3495 4300 καθιεμένην
3529 4227 3588 4282 ἐκ
3612 4227 3702 4280 105
3731 4221 3822 4276 οὐ·

2185 4315 2430 4386 αρανοῦ,
2491 4309 2579 4364 καὶ
2631 4309 2794 4378 ἦλθεν
2854 4309 3019 4390 ἄχρις
3072 4312 3226 4384 ἐμοῦ.
3288 4314 3376 4375 Εἲς
3435 4316 3505 4385 ἢν
3575 4309 3821 4374 ἀτενίσας,

2185 4421 2215 4452 α
2244 4398 2528 4453 κατενόουν
2559 4398 2648 4452 καὶ
2696 4394 2840 4453 εἶδον
2889 4399 2957 4454 τὰ
2994 4397 3297 4476 τετράποδα
3346 4409 3443 4472 τῆς
3496 4410 3597 4479 γῆς
3655 4398 3739 4455 καὶ
3763 4395 3823 4450 τὰ

2187 4510 2215 4539 ‹‹
2248 4487 2430 4562 θηρία,
2489 4486 2579 4541 καὶ
2631 4486 2697 4542 τὰ
2750 4487 2965 4558 ἑρπετὰ,
3016 4489 3112 4542 καὶ
3165 4489 3233 4545 τὰ
3287 4493 3504 4547 πετεινᾶ
3542 4495 3637 4546 τοῦ
3669 4488 3819 4561 obpa-

2187 4579 2362 4630 «νοῦ.
2423 4576 2666 4631 Ἤκουσα
2724 4573 2782 4630 δὲ
2840 4583 3026 4654 φωνῆς
3085 4578 3358 4655 Λεγοῦσης
3405 4599 3523 4652 μοι·
3560 4575 3818 4642 Ἀναστὰς,

429 4691 454 4723 α
487 4676 680 4726 macta
710 4678 768 4726 et
793 4687 1048 4727 vescere.
1076 4669 1202 4724 Dixi
1234 4673 1472 4723 autem:
1509 4668 1651 4722 ΙθΙ
1693 4668 2066 4738 Nequaquam

2183 4687 2212 4717 ι,
2245 4662 2428 4737 ΙΙέτρε,
2481 4665 2638 4720 θῦσον
2678 4667 2766 4719 καί
2800 4666 2958 4744 σέγε.
3018 4666 3186 4724 Εἶπον
3249 4664 3324 4721 δέ·
3386 4665 3685 4741 Μηδαμῶς,
3719 4660 3821 4719 Κύ-

424 4785 450 4811 (ι
491 4761 761 4820 Domine.
783 4762 922 4832 quia
946 4761 1094 4817 nihil
1113 4774 1429 4815 commune
1451 4762 1554 4813 aut
1576 4755 1948 4813 immundum
1968 4773 2079 4812 un-

425 4873 452 4899 ‹‹
492 4865 670 4919 quam
701 4849 968 4903 introivit
997 4849 1058 4902 in
1092 4866 1157 4904 os
1205 4864 1421 4903 meum.
1458 4845 1901 4918 Responditque
1931 4844 2080 4900 mihi

433 4960 457 4991 ιι
493 4954 730 4993 rursum
765 4954 868 4992 vox
899 4937 970 4992 de
1003 4937 1149 4993 caelo
1177 4954 1190 4991 :
1226 4939 1362 5002 Quae
1396 4937 1550 4992 Deus
1583 4935 1888 5013 mundavit
1918 4941 1980 4990 tu
2006 4950 2081 4990 ne

433 5026 838 5084 «communia
886 5025 1126 5081 dixeris.
1181 5027 1297 5081 Hoc
1345 5033 1542 5082 autem
1593 5024 1840 5098 contigit
1882 5024 2078 5080 tertio.

433 5141 460 5169 ‹‹
498 5120 873 5187 Rursumque
905 5113 1195 5170 subducta
1224 5120 1364 5168 sunt
1407 5113 1609 5170 omnia
1647 5114 1707 5169 in
1747 5112 1982 5169 cmlum.
2015 5114 2086 5168 Et

435 5230 464 5258 «
498 5225 632 5265 ecce
665 5213 909 5278 repente
943 5211 1062 5260 tres
1094 5203 1197 5258 viri
1221 5203 1468 5259 aderant
1495 5203 1568 5258 ad
1601 5203 1842 5259 domum
1877 5203 1935 5257 in
1969 5218 2087 5274 qua

441 5316 462 5344 σι
494 5314 674 5363 eram,
701 5313 732 5353 e
763 5296 1030 5351 Caesarea
1062 5293 1228 5348 missi
1261 5292 1333 5347 ad
1361 5292 1757 5364 me.Dixitque
1788 5292 1932 5348 mihi
1958 5291 2084 5364 Spi-

439 5408 465 5434 «
499 5384 666 5442 ritus.
701 5391 768 5440 ut
796 5383 1190 5458 congrederer
1243 5398 1378 5438 cum
1436 5381 1559 5437 illis
1590 5381 1744 5438 nihil
1778 5381 2083 5438 haesitans.

447 5499 466 5524 ι
505 5474 775 5529 Comitati
801 5482 939 5531 sunt
969 5482 1167 5530 autem
1201 5489 1294 5529 me
1326 5479 1380 5529 et
1417 5489 1518 5530 sex
1549 5472 1760 5528 fratres
1786 5472 1869 5528 hi.
1895 5473 1960 5527 Et
1993 5473 2087 5528 in-

442 5589 469 5615 ‹‹
504 5565 688 5639 gressi
724 5581 928 5620 sumus
970 5565 1214 5620 domum
1276 5563 1421 5620 viri:
1484 5563 1653 5634 isque
1685 5563 1888 5619 retulit
1916 5562 2089 5618 nobis

442 5678 470 5706 α
507 5653 803 5728 quomodo
837 5653 1079 5710 vidisset
1124 5655 1401 5726 angelum
1450 5652 1611 5709 domi
1643 5669 1765 5708 sum
1794 5658 2089 5708 astantem

442 5771 467 5796 α
507 5761 573 5803 ac
611 5745 906 5805 dicentem
938 5744 1088 5802 sibi:
1123 5744 1279 5802 Mitte
1324 5743 1477 5802 viros
1507 5744 1735 5818 Joppen
1766 5747 1826 5801 et
1853 5757 2090 5804 accerse

2188 4776 2217 4805 ι(
2250 4772 2353 4826 ριε,
2402 4753 2485 4808 ὅτι
2543 4757 2644 4807 πᾶν
2701 4753 2884 4808 κοινὸν
2935 4751 2970 4821 ἤ
3025 4753 3330 4830 ἀκάθαρτον
3361 4753 3618 4812 οὐδέποτε
3643 4747 3821 4820 εἶσῆλ·

2191 4865 2220 4894 ι(
2250 4843 2335 4897 θεν
2365 4842 2439 4905 εἰς
2498 4843 2560 4898 τὸ
2613 4841 2787 4915 στόμα
2846 4864 2973 4914 μου.
3025 4845 3318 4916 Ἀπεκρίθη
3371 4844 3429 4901 δέ
3471 4868 3565 4919 μοι
3597 4844 3740 4922 φωνὴ
3767 4837 3821 4892 ἐκ

2192 4929 2503 5003 «δευτέρου
2555 4931 2615 4988 ἐκ
2665 4936 2762 4988 105
2815 4931 3068 5008 05p¢v05'
3128 4939 3202 4990 ’Ἃ
3258 4935 3285 4988 ὁ
3344 4935 3474 5000 Θεὸς
3532 4935 3818 5005 ἐκαθαρισε,

2190 5045 2219 5074 ι(
2253 5022 2314 5076 σὺ
2347 5023 2423 5096 μὴ
2458 5020 2658 5078 κοίνου.
2713 5023 2889 5078 Τοῦτο
2948 5019 3006 5077 δὲ
3063 5018 3267 5096 ἑγένετο
3305 5022 3394 5078 ἐπὶ
3423 5025 3559 5096 τρίς.
3599 5021 3695 5078 Καὶ
3725 5016 3822 5072 πά-

2192 5109 2340 5166 «λιν
2399 5111 2695 5180 ἀνεσπάσθη
2759 5111 2966 5166 ἅπαντα
3017 5109 3093 5172 εἶς
3137 5113 3228 5166 τὸν
3288 5113 3537 5186 οὐρανόν.
3583 5110 3680 5168 Καὶ
3711 5100 3820 5159 ἰδοὺ

2193 5225 2220 5252 ‹‹
2256 5199 2305 5270 ἐξ
2337 5200 2508 5270 αὐτῆς
2567 5205 2713 5274 τρεῖς
2770 5196 2961 5274 ἄνδρες
3017 5199 3313 5268 ἐπέστησαν
3361 5201 3451 5256 ἐπὶ
3502 5203 3597 5271 τήν
3655 5192 3819 5251 οὶκίαν

2195 5289 2302 5345 «iv
2359 5290 2398 5361 ᾖ
2452 5285 2627 5361 ἤμην,
2688 5289 3088 5363 ἀπεσταλμένοι
3156 5288 3262 5344 ἀπὸ
3321 5290 3640 5363 Καισαρείας
3694 5280 3822 5357 πρός

2197 5405 2222 5430 ιι
2256 5399 2341 5451 με.
2377 5377 2510 5435 Εῗπε
2559 5375 2615 5434 δέ
2665 5399 2759 5451 μοι
2809 5379 2872 5433 τὸ
2921 5381 3150 5449 πνεῦμα,
3183 5376 3458 5442 συνελθεῖν
3491 5379 3689 5444 αὐτοῖς,
3723 5391 3822 5443 μη·

2198 5491 2226 5530 ς(
2259 5465 2343 5523 ὃέν
2377 5463 2808 5540 διακρινόμενον.
2866 5467 3073 5524 Ἦλθον
3135 5463 3192 5522 δὲ
3250 5468 3341 5522 σὺν
3387 5466 3510 5540 ἐμοὶ
3568 5466 3652 5521 καὶ
3696 5461 3744 5515 οἱ
3771 5455 3820 5527 ’ἐξ

2198 5581 2227 5610 ‹‹
2260 5554 2488 5632 ἀδελφοὶ
2545 5556 2718 5621 οὗτοι,
2774 5555 2864 5610 καὶ
2919 5554 3247 5626 εἰσήλθομεν
3307 5556 3384 5616 εἰς
3438 5558 3530 5612 τὸν
3562 5554 3701 5610 οἷκον
3731 5547 3820 5602 105

2204 5670 2225 5699 ι
2262 5631 2473 5720 ἀνδρός.
2507 5641 2841 5724 ’Δπήγγειλὲ
2895 5664 2953 5700 τε
3008 5645 3166 5716 ἡμῖν,
3203 5648 3320 5707 πῶς
3349 5642 3454 5700 εἶδε
3483 5631 3574 5701 τὸν
3603 5636 3816 5717 ἄγγελον

2202 5762 2228 5790 ‹‹
2264 5735 2316 5794 ἰν
2367 5741 2448 5811 τῷ
2495 5734 2630 5810 οἲκῳ
2687 5735 2852 5795 αὖτοῦ
2911 5733 3166 5795 σταθέντα
3239 5733 3328 5791 καὶ
3387 5734 3605 5791 εἷπόντα
3660 5727 3815 5807 αὐτῷ’
