4112 6250
218 353 333 414 189

1282 364 1687 428 ΟΟἋΜΕΝΤ.
1732 364 1813 425 ΙΝ
1860 360 2065 424 ACTA
2107 358 2726 422 APOSTOLORUM.

3584 362 3699 421 190

228 512 249 543 ε
277 490 674 549 Ἀπόστειλον
713 493 803 560 εἷς
844 499 1082 571 Ἰόππην
1140 497 1362 575 ἄνδρας,
1419 500 1508 557 καὶ
1581 502 1931 573 μετάπεμψαι

2053 519 2072 550 ι
2106 498 2405 555 Simonem
2437 504 2830 572 cognomento
2861 499 3231 572 Petrumqui
3262 499 3368 554 tibi
3400 516 3470 557 ea
3499 499 3696 556 dictu-

238 603 257 629 ι
291 577 535 651 Σῖμωνα
577 582 683 636 τὸν
719 582 1170 661 ἐπικαλούμενον
1203 590 1425 663 Πέτρον,
1455 588 1514 650 ὃς
1573 586 1801 658 λαλήσει
1835 586 1934 659 ῥή-

254 691 277 722 ε
310 690 459 742 ματα
493 671 649 745 πρὸς
686 674 774 737 σὶ,
811 674 868 729 ἐν
904 677 993 737 οἷς
1026 679 1246 751 σωθήσῃ
1277 677 1339 733 σὺ
1391 678 1480 732 καὶ
1538 682 1642 740 πᾶς
1702 678 1730 731 ὁ
1784 676 1940 737 οἶκός

254 783 279 811 ιι
312 780 430 814 σου.
496 761 591 817 Ἑν
659 758 723 816 δὲ
774 767 859 835 τῷ
913 765 1171 838 ἄρξασθαί
1231 788 1296 839 με
1349 765 1539 822 λαλεῖν
1595 766 1819 821 ἐπέπεσε
1873 766 1935 820 τὸ

267 874 294 901 ιι
322 853 549 922 Πνεῦμα
576 850 645 903 τὸ
677 851 841 925 ἅγιον
874 851 962 906 ἐπ’
1003 854 1220 920 αὐτοὺς,
1271 854 1451 931 ὥσπερ
1506 855 1594 909 καὶ
1649 854 1730 933 ἐφ’
1786 856 1935 927 ἡμᾶς

268 963 291 988 ι
325 936 378 992 ὲν
411 936 583 1013 ἀρχῇ.
616 940 952 1011 Ἐμνησθην
998 938 1057 996 δὲ
1108 947 1205 997 τοῦ
1262 943 1510 1018 ῥήματος
1570 944 1799 1014 Κυρίου,
1858 942 1934 1003 ὡς

276 1024 532 1101 κὲλεγεν·
595 1029 864 1099 Ἰωάννης
924 1029 1023 1103 μὶν
1078 1027 1357 1088 ἐϐάπτισεν
1420 1030 1596 1099 ὓδατι,
1668 1032 1821 1103 ὑμεῖς
1878 1028 1935 1085 δὲ

278 1140 307 1167 ι(
342 1118 777 1192 βαπτισθήσεσθε
808 1117 861 1173 ἐν
896 1118 1171 1193 Ηνεύματι
1202 1121 1362 1196 ἁγίῳ.
1428 1121 1492 1176 Εἰ
1544 1118 1633 1175 οῦν
1661 1122 1762 1189 τήν
1809 1118 1935 1192 ἴσην

278 1234 308 1261 κ
347 1206 551 1285 δωρεὰν
581 1207 779 1264 ἔδωκεν
802 1215 992 1272 αὐτοῖς
1023 1213 1050 1266 6
1081 1212 1229 1279 Θεὸς,
1264 1213 1339 1275 ὡς
1370 1214 1460 1268 καὶ
1518 1216 1654 1285 ἡμῖν
1712 1233 1937 1269 πιστευ-

282 1321 311 1353 ε
342 1320 495 1353 σασιν
527 1298 615 1353 ἐπὶ
644 1301 737 1355 τὸν
768 1300 973 1374 Κ·3ριον
1004 1302 1212 1371 Ἰησοῦν
1270 1303 1528 1377 Χριστὸν,
1589 1302 1697 1376 ἐγὼ
1748 1299 1804 1355 δὶ
1852 1298 1933 1363 τίς

278 1410 301 1440 ε
336 1388 497 1460 ἢμην
525 1386 747 1449 δυνατὸς
779 1388 1026 1443 κωλύσαι
1067 1391 1159 1444 τὸν
1222 1392 1350 1446 Θεόν
1389 1410 1402 1460 ;
1457 1390 1815 1451 ’Λκοῦσαντες
1877 1387 1935 1444 δὲ

272 1509 299 1536 α
332 1486 530 1547 ταῦτα,
583 1482 888 1557 ἠσόχαοαν,
941 1484 1032 1538 καὶ
1077 1481 1330 1555 ἐδόξασαν
1376 1485 1469 1541 τὸν
1531 1486 1679 1547 Θεὸν,
1741 1483 1932 1561 λέγονυ

276 1597 304 1624 ιι
332 1590 447 1635 τες’
485 1572 700 1648 Ἀραγε
729 1572 818 1626 καὶ
874 1577 995 1635 τοῖς
1044 1568 1248 1628 ἔθνεσιν
1280 1575 1309 1628 6
1339 1575 1467 1635 Θεὸς
1514 1575 1614 1641 την
1651 1577 1934 1649 μετάνοιαν

274 1686 301 1715 οι
333 1660 538 1718 ἔδωκεν
602 1660 679 1723 εῗς
738 1663 907 1731 ζωήν.
978 1662 1083 1718 Καὶ
1138 1663 1189 1718 οἱ
1251 1664 1342 1735 μὶν
1402 1663 1499 1717 οὗν
1556 1661 1936 1739 διασπαρέντες

276 1778 304 1804 ιι
365 1755 482 1809 ἀπό
534 1759 643 1817 τῆς
702 1749 942 1824 θλίψεως
998 1754 1098 1821 τῆς
1157 1753 1455 1828 γενομένης
1513 1751 1599 1807 ἐπὶ
1655 1758 1930 1826 Στεφάνῳ,

2047 611 2075 639 ι(
2104 606 2207 644 rus
2242 594 2330 644 est
2356 606 2460 660 per
2491 606 2620 659 quae
2656 589 2990 643 salveris.et
3021 590 3459 645 tuetuniversa
3481 591 3694 647 domus

2048 701 2067 728 α
2106 681 2494 750 tua.Cumque
2526 680 2688 751 loqui
2716 680 3304 751 cuipissemjllapsus
3330 688 3418 734 est
3443 682 3696 750 Spiritus

2022 794 2069 833 ,α
2106 778 2345 826 sanctus
2371 770 2428 824 in
2447 770 3113 841 illos,quemadmodum
3132 779 3189 823 et
3216 770 3273 824 in
3292 770 3485 824 nosab
3506 772 3694 826 initio.

2043 886 2068 912 ‹‹
2106 860 2465 915 Recordatus
2500 877 2624 913 sum
2660 867 2855 913 autem
2892 859 3048 912 verbi
3086 859 3507 930 Dominiquod
3533 860 3698 915 dixe-

2046 975 2069 1001 ιι
2105 956 2197 1005 rat
2222 967 2234 1004 τ
2257 951 2513 1005 Joannes
2546 950 2782 1019 quidem
2828 948 3139 1018 baptizavit
3166 966 3340 1018 aqua.
3373 966 3472 1002 vos
3495 956 3694 1004 autem

2047 1064 2066 1089 ε
2103 1039 2546 1111 baptizabimini
2606 1038 2825 1109 Spiritu
2888 1042 3112 1091 sancto.
3177 1037 3234 1091 Si
3303 1054 3405 1110 ego
3466 1038 3691 1093 donum

2041 1153 2069 1180 «
2104 1129 2331 1201 aequale
2364 1128 2527 1182 dedit
2549 1128 2669 1182 illis
2708 1127 3111 1183 Heus.sicutet
3140 1126 3475 1182 nobis.cum
3500 1128 3696 1182 credi-

2040 1242 2067 1269 «
2098 1219 2392 1274 dissemus
2423 1220 2483 1273 in
2524 1219 2836 1274 Dominum
2869 1219 3065 1271 Jesum
3101 1217 3533 1289 Christum.ego
3553 1234 3694 1273 sane

2044 1330 2072 1359 ι‹
2100 1309 2231 1379 quis
2263 1326 2421 1363 eram
2456 1310 2555 1382 qui
2586 1326 2817 1381 possem
2853 1309 3138 1363 obsistere
3173 1309 3288 1363 Deo
3316 1308 3342 1361 ?
3376 1308 3473 1361 His
3497 1313 3696 1362 autem

2043 1420 2070 1448 «
2104 1399 2323 1453 auditis
2352 1399 2749 1463 obticuerunt,
2768 1404 2825 1452 et
2853 1398 3331 1470 gloriﬁcaverunt
3363 1396 3568 1455 Deum,
3604 1396 3695 1450 di-

2040 1511 2067 1538 ‹‹
2102 1494 2346 1544 centes:
2398 1490 2581 1561 Igitur
2633 1495 2690 1544 et
2740 1489 3015 1561 gentibus
3076 1487 3227 1541 Deus
3284 1485 3691 1556 paenitentiam

2042 1598 2067 1629 α
2097 1580 2392 1633 concessit
2421 1580 2491 1633 ad
2528 1580 2721 1634 vitam.
2757 1582 2827 1633 Et
2884 1578 2970 1633 illi
3021 1577 3259 1647 quidem
3295 1578 3392 1648 qui
3426 1575 3685 1646 dispersi

2040 1690 2067 1717 «
2102 1668 2339 1723 fuerant
2370 1686 2437 1723 ex
2469 1669 2958 1739 alﬂictione.quze
2983 1675 3111 1723 orta
3133 1669 3325 1721 fuerat
3354 1666 3427 1719 ob
3444 1668 3689 1737 Stepha-

2040 1779 2067 1805 «
2102 1774 2266 1827 num,
2329 1759 2891 1830 perambulaverunt
2938 1774 3125 1828 usque
3157 1757 3229 1811 ad
3286 1756 3608 1810 Phamicen
3635 1760 3695 1811 et

278 1868 305 1897 ιι
342 1841 583 1911 διῆλθον
615 1838 719 1903 ’έως
753 1844 1018 1911 Φοινίκης
1046 1841 1136 1897 καί
1166 1845 1389 1921 Κύπρου
1443 1844 1533 1899 καὶ
1574 1842 1931 1920 Ἀντιοχείας,

2053 1867 2071 1895 κ
2111 1846 2367 1920 Cyprum
2398 1864 2465 1903 ac
2497 1850 2891 1913 Antiochiam,
2925 1848 3150 1902 nemini
3182 1846 3495 1916 loquentes
3517 1844 3689 1898 illum

280 1930 529 2004 «μηδενὲ
569 1929 875 1995 λαλοῦντες
929 1932 1021 1987 τὸν
1079 1931 1267 2007 λόγον,
1322 1933 1367 1989 εἷ
1433 1934 1509 2007 μὴ
1573 1932 1735 2008 μόνον
1790 1933 1930 1988 Ἰου-

286 2048 305 2073 ε
338 2019 535 2082 δαίοις.
560 2021 739 2077 Ἦσαν
770 2018 827 2075 δέ
855 2041 996 2084 τινες
1029 2020 1079 2094 ἐξ
1114 2022 1288 2077 αὐτῶν
1328 2019 1516 2100 ἄνδρες
1575 2022 1809 2099 Κύπριοι
1840 2020 1931 2078 καὶ

284 2136 311 2165 ε
341 2116 671 2184 Κυρηναῖοι.
702 2134 731 2160 ιο

359 2201 628 2256 Δεὶινυσιν
687 2200 716 2257 6
777 2198 979 2275 Πέτρος
1040 2197 1129 2255 διὰ
1183 2207 1284 2269 τῆς
1356 2198 1690 2277 άπολογῖας,
1746 2198 1929 2256 ἑαυτὸν

300 2295 391 2366 μὶν
422 2289 655 2348 οὒὸαμοῦ
686 2291 887 2361 αἴτιον,
947 2298 1224 2369 πανταχοῦ
1257 2290 1314 2349 δὶ
1371 2294 1461 2349 τὸν
1491 2295 1642 2350 Θεόν.
1677 2295 1768 2350 Ἐν
1854 2293 1936 2347 ἐκ·

295 2385 473 2438 στάσει
520 2383 615 2458 γάρ
667 2383 832 2444 αὐτὸς
898 2382 1141 2451 ἐποίησε,
1200 2382 1353 2460 φησὶ,
1419 2384 1481 2439 τὸ
1536 2388 1724 2445 σκεῦος
1777 2382 1936 2444 αὐτὸς

286 2468 503 2543 ἔδειξεν·
561 2471 673 2549 ἐγὼ
726 2472 818 2527 καὶ
879 2472 1153 2528 ἀντεῖπον·
1213 2472 1303 2528 καὶ
1361 2471 1527 2530 πάλιν
1586 2471 1745 2534 αὑτὸς
1792 2473 1938 2541 εἴτε,

284 2559 527 2620 uio-55E
557 2562 747 2623 οὓτως
774 2561 1000 2630 ⁴Ῐξκουσιιι.
1055 2563 1125 2616 Τὸ
1183 2565 1397 2636 Πνεῦμα
1436 2560 1710 2617 ἐκέλευσεν
1769 2560 1939 2616 ἀπελ-

276 2655 402 2721 θεῖν,
446 2652 540 2708 καὶ
595 2652 856 2707 ἀπελθὼν
914 2648 1039 2707 οὐδὲ
1088 2650 1260 2713 οὕτως
1317 2649 1574 2727 ἔδραμον.
1636 2651 1804 2708 Εἶπον
1851 2649 1937 2706 ὅτι

278 2745 303 2798 6
333 2743 463 2803 Θεὸς
490 2740 735 2814 ἔπεμψε,
770 2741 860 2795 καὶ
892 2737 1018 2796 οῦδὲ
1047 2739 1220 2803 οὕτως
1260 2735 1543 2805 ἐϐάπτισα,
1576 2739 1721 2795 ἀλλά
1767 2739 1935 2795 πάλιν

277 2832 467 2893 όΘεὸς
496 2831 560 2886 τὸ
597 2837 707 2886 πᾶν
759 2830 1063 2906 ἐργάσατο.
1123 2831 1182 2889 Ὀ
1239 2832 1368 2890 Θεὸς
1421 2830 1582 2892 αὐτὸς
1633 2826 1936 2897 ἐϐάπτισεν,

273 2923 369 2979 οὐκ
397 2920 537 2994 ἐγώ.
570 2921 697 2978 Ἔτι
733 2920 840 2993 γάρ
899 2939 1003 2992 μου
1063 2917 1366 2984 λαλοῦντος
1421 2919 1627 2985 αὐτοῖς,
1687 2918 1936 2976 ἐπέπεσεν

264 3010 347 3068 ἐπ’
378 3009 595 3070 αὐτοὺς
621 3008 688 3063 τὸ
721 3012 941 3080 Πνεῦμα
970 3008 1032 3063 τὸ
1062 3008 1235 3083 ἅγιον,
1257 3009 1344 3063 καὶ
1376 3006 1608 3065 ἐλάλουν
1639 3008 1937 3085 γλώσσαις,

264 3102 352 3156 καὶ
386 3097 746 3174 ἱμεγάλυνον
776 3099 869 3152 τὸν
901 3097 1030 3152 Θεὸν
1062 3096 1240 3159 καθὼς
1266 3098 1353 3152 καὶ
1396 3099 1582 3170 ἡμεῖς.

347 3213 377 3240 ι(
433 3190 656 3249 υἳτινες
743 3185 1078 3251 εἰσελθόντες
1151 3186 1230 3251 εἰς
1284 3188 1627 3262 Ἀντιόχειαν
1705 3186 1938 3243 ἰλάλουν

287 3301 318 3329 ιι
348 3278 494 3346 πρὸς
539 3278 665 3337 τοῦς
712 3275 1083 3346 Ἑλληνιστάς
1140 3276 1622 3355 εὐαγγελιζόμενοι
1671 3278 1762 3331 τὸν
1814 3276 1932 3334 Κύ-

299 3391 326 3418 ει
359 3386 483 3439 ριον
537 3366 750 3433 Ἰησοῦν,
801 3367 905 3424 Καὶ
965 3366 1032 3436 ἦν
1094 3367 1217 3442 χεὶρ
1277 3368 1481 3439 Κυρίου
1553 3367 1672 3441 μετ’
1728 3367 1934 3423 αὐτῶν.

292 3479 325 3506 α
358 3452 545 3516 Πολῦς
584 3474 642 3511 τε
694 3456 927 3529 ἀριθμὸς
983 3456 1271 3517 πιστώσεις
1327 3455 1643 3530 ἐπέστρεψεν
1698 3454 1786 3511 ἐπὶ
1842 3457 1933 3511 τὸν

291 3569 317 3594 σι
348 3544 571 3617 Κὸριον.
613 3545 880 3615 Ἦκοῦσθη
914 3542 973 3599 δὲ
1000 3546 1029 3601 6
1063 3544 1235 3621 λόγος
1268 3544 1344 3605 εἷς
1386 3546 1454 3600 τὰ
1511 3546 1623 3600 ὦτα
1653 3551 1752 3614 τῆς
1812 3546 1933 3601 Ἔκο

290 3634 575 3701 ακλησὲας
643 3640 741 3701 τῆς
792 3633 845 3689 ἐν
904 3634 1312 3705 Ἱεροσολύμοις
1390 3633 1512 3705 περὶ
1588 3632 1786 3690 αὐτῶν·
1845 3634 1934 3689 καὶ

289 3720 728 3792 -ἑξαπέπειλαν
783 3717 1063 3796 Βαρνάϐαν
1142 3720 1374 3786 διελθεῖν
1414 3719 1519 3786 ἕως
1572 3723 1931 3799 Ἀντιοχείας.

293 3837 310 3861 ε
342 3815 437 3875 ’⁷ος
467 3812 939 3885 παραγενόμενος,
972 3812 1061 3866 καὶ
1094 3812 1224 3866 ἰδὼν
1263 3814 1361 3882 τὴν
1422 3813 1584 3888 χάριν
1636 3816 1733 3867 τοῦ
1777 3817 1933 3883 Θεοῦ,

284 3901 546 3976 «ἐχάρη,
606 3901 701 3955 καὶ
759 3900 1051 3974 παρεκάλει
1099 3900 1326 3971 πάντας,
1382 3904 1450 3976 τῇ
1536 3902 1788 3976 προθέσει
1835 3908 1935 3972 τῆς

278 4015 305 4041 κ
336 3988 569 4066 ηρόἱας
601 3990 932 4063 προσμένειν
952 3994 1032 4062 τῷ
1062 3988 1269 4064 Κυρίῳ.
1306 4013 1333 4040 ››

349 4104 375 4130 ει
409 4082 557 4153 Πρὸς
591 4080 725 4142 τοὺς
756 4077 1139 4148 Ἑλληνιστάς.
1174 4104 1202 4131 ››
1231 4081 1388 4142 Ἰσως
1418 4076 1507 4134 διά
1534 4080 1595 4133 τὸ
1630 4081 1705 4153 μή
1739 4078 1937 4137 εῗδέναι

290 4164 904 4245 Εϐραῖστί,Ἕλληνας
962 4168 1156 4230 αὖτοὺς
1215 4166 1460 4224 ἐκάλουν.
1506 4166 1773 4226 Ἐλάλουν
1820 4169 1938 4224 τοί-

268 4282 369 4313 νυν
430 4258 532 4314 καῖ
590 4258 734 4329 πρὸς
792 4257 1007 4319 αὐτοὺς,
1066 4256 1537 4335 εὐαγγελιζόμενοι
1594 4259 1684 4313 τὸν
1738 4260 1936 4333 Κύριον

273 4350 525 4418 Ἰησοῦν,
558 4346 653 4401 καὶ
684 4345 963 4402 ἐπίστευοι
1021 4347 1265 4414 ἅπαντες,
1326 4346 1536 4417 ἐπειδή,
1598 4347 1751 4423 φησὶ,
1813 4346 1938 4424 χεὶρ

274 4440 498 4507 Κυρίου
561 4437 632 4506 ἦν
709 4437 823 4507 μετ’
875 4434 1072 4491 αὐτῶν·
1156 4437 1422 4501 τουτέστιν
1484 4442 1685 4507 σημεῖα
1766 4436 1941 4513 6971”

277 4533 464 4599 ζοοιτο.
496 4526 602 4583 Διὰ
630 4528 793 4579 τοῦτο
818 4524 923 4599 γὰρ
954 4525 989 4593 ἡ
1020 4527 1126 4577 τῶν
1177 4523 1419 4596 σημείων
1476 4524 1683 4603 ἀνάγκη
1718 4526 1938 4602 γέγονεν

268 4617 365 4671 "ua
398 4612 794 4669 πιστεῦσωσιν.

355 4730 379 4755 ι
441 4705 573 4761 Ὀτι
631 4703 697 4771 ἦν
757 4700 896 4776 ἀνὴρ
952 4702 1148 4778 ἀγαθὸς
1205 4702 1295 4757 καὶ
1345 4700 1569 4779 πλήρης
1631 4703 1940 4767 Πνεῦπατος

337 4796 393 4848 ἃ,
423 4794 437 4812 ρ
476 4815 487 4828 _
625 4792 641 4810 ς
750 4791 762 4810 1
1092 4792 1106 4809 ς
1529 4789 1555 4809 ν
1887 4793 1900 4808 .

270 4820 301 4844 ε(
391 4815 510 4865 (ιο.)
550 4812 643 4845 και
700 4812 954 4854 πιστεως.
1006 4792 1108 4847 Και
1165 4789 1465 4862 προσετέθη
1527 4790 1705 4868 οχλος
1757 4793 1941 4854 ἱκανὸς

272 4907 301 4933 α
337 4888 423 4953 τῷ
486 4879 702 4950 Κυρίῳ.
763 4878 990 4950 Ἐξῆλθε
1047 4877 1104 4934 δὶ
1170 4879 1248 4941 εἷς
1306 4882 1515 4950 Ταρσὸν
1574 4882 1601 4935 6
1663 4875 1943 4956 Βαρνάϐας

276 4992 305 5020 ι
372 4972 718 5041 ἀναζητῆσαι
786 4968 1015 5023 Σαῦλον
1103 4969 1191 5023 καὶ
1252 4969 1427 5044 εὑρὼν
1499 4968 1682 5033 αὐτὸν,
1740 4969 1940 5045 ἢγαγεν

289 5084 318 5114 ε
351 5061 519 5115 αὐτὸν
546 5058 625 5120 εἷς
675 5056 1041 5133 ’Δντιόχειαν.
1100 5056 1344 5135 Ἐγένετο
1395 5055 1451 5113 δὲ
1506 5058 1706 5120 αὐτοὺς
1765 5058 1939 5115 ἐνιαυ-

280 5172 302 5198 ι
338 5153 435 5206 τὸν
465 5149 602 5205 ’ὀλον
636 5154 974 5225 συναχθῆναι
995 5151 1063 5222 τῇ
1095 5146 1384 5221 ἐκκλησῖᾳ,
1407 5149 1494 5203 καὶ
1531 5146 1737 5220 διδάξαι
1771 5145 1945 5227 ὄχλον

273 5263 307 5292 α
338 5240 557 5297 ἱκανόν.
595 5262 624 5289 n

350 5329 452 5383 Διά
479 5329 535 5382 τί
572 5328 649 5398 μή
687 5324 895 5398 Πύλῳ
925 5326 1245 5401 γράοουσιν,
1298 5324 1448 5382 ἀλλὰ
1496 5323 1774 5401 Βαρνάϐαν
1805 5327 1947 5402 πέμ-

286 5439 484 5474 πουσιν
524 5417 692 5487 ;”Οτι
726 5416 886 5472 οὔπω
918 5419 1013 5471 τοῦ
1040 5413 1235 5492 ἀνδρὸς
1287 5414 1509 5491 ᾔδεισαν
1569 5418 1666 5486 τήν
1725 5417 1944 5490 ἀρετήν·

276 5513 397 5570 057.
454 5513 749 5568 ἀντίκειται
814 5508 872 5565 δὲ
923 5509 1103 5582 τοότῳ
1150 5510 1233 5579 τὸ,
1295 5535 1322 5562 ‹‹
1405 5508 1595 5572 Οὐδεὶς
1653 5511 1853 5589 ἀγαθὸς
1910 5512 1945 5581 ἢ

282 5598 452 5671 μόνος
486 5602 515 5654 6
537 5600 689 5663 Θεὸς.
729 5624 758 5651 »
794 5598 874 5658 Οὗ
899 5597 1004 5675 γάρ
1040 5597 1236 5654 ταύτόν
1290 5599 1400 5654 ἔστι
1456 5600 1584 5655 Θεὸν
1620 5599 1785 5672 μόνον
1818 5599 1946 5675 ἀγα·

358 5702 403 5737 ⁸⁵
444 5702 576 5760 Luc.
611 5717 770 5771 mu,
809 5700 900 5756 l9.

1971 4599 2022 4664 D

2040 1958 2069 1986 «
2113 1954 2473 2001 sermonem,
2500 1939 2615 1993 nisi
2646 1939 2790 1994 solis
2813 1937 3241 1993 JudaaisErant
3270 1940 3467 1991 autem
3503 1950 3571 1990 ex
3603 1933 3687 1988 eis

2046 2048 2069 2077 σι
2106 2027 2350 2101 quidam
2382 2027 2490 2085 viri
2522 2029 2719 2101 Cyprii
2754 2036 2811 2083 et
2850 2028 3237 2101 Cyrenenses.
3270 2049 3292 2078 ι

2114 2191 2387 2248 Ostendit
2445 2209 2552 2247 sua
2607 2191 2878 2264 apologis.
2935 2193 3144 2246 Petrus
3203 2206 3265 2245 se
3313 2202 3695 2259 nequaquam

2042 2280 2226 2335 fuisse
2258 2298 2520 2345 causam,
2556 2281 2657 2335 sed
2691 2280 2908 2350 ubique
2969 2281 3149 2333 Deum
3207 2280 3349 2333 Nam
3395 2279 3521 2347 ipse
3578 2293 3692 2342 me,

2044 2371 2243 2441 inquit
2269 2372 2328 2425 in
2363 2373 2578 2425 mentis
2606 2387 2912 2425 excessum
2943 2371 3271 2428 constituit.
3303 2370 3427 2440 ipse
3458 2386 3557 2422 vas
3589 2368 3689 2421 de-

2044 2461 2417 2522 monstravit,
2440 2478 2544 2532 ego
2577 2477 2711 2514 vero
2736 2461 2911 2513 etiam
2944 2458 3274 2513 contradixi
3302 2475 3313 2510 :
3337 2472 3693 2526 rursumque

2044 2549 2205 2605 idem
2238 2550 2363 2622 ipse
2391 2549 2556 2615 dixit,
2586 2556 2644 2603 et
2673 2565 2867 2619 neque
2891 2549 2975 2602 sic
3007 2547 3221 2602 audivi.
3250 2546 3502 2617 Spiritus
3556 2545 3688 2613 jus.

2047 2640 2124 2695 sit
2154 2649 2218 2696 ut
2246 2640 2824 2712 congrederer,102
2856 2654 3210 2712 congressus
3242 2653 3316 2691 ne
3347 2636 3427 2690 ita
3451 2634 3694 2704 quidem

2046 2732 2629 2803 procurri.Dixerunt
2652 2730 2834 2784 Deum
2868 2730 3123 2793 misisse,
3150 2733 3207 2780 et
3238 2742 3347 2780 nec
3387 2726 3469 2779 sic
3501 2724 3698 2795 bapti-

2046 2821 2298 2887 zavi,sed
2327 2837 2565 2875 rursum
2596 2820 2752 2874 Deus
2782 2835 2907 2874 rem
2940 2833 3179 2873 omnem
3209 2816 3583 2871 etiecit.Deus
3602 2814 3698 2869 ba-

2045 2911 2431 2984 ptizavit.non
2452 2912 2730 2983 ego.Nam
2762 2908 2902 2963 dum
2932 2908 3123 2963 adhuc
3143 2904 3696 2977 loquerenillapsus

2048 3008 2139 3057 est
2166 3002 2227 3056 in
2262 3000 2664 3070 illosSpiritus
2685 2995 3425 3067 sanctus.etloquebantur
3454 2993 3695 3065 linguis,

2050 3096 2109 3147 et
2135 3089 2599 3163 magniﬁcabant
2629 3090 2835 3151 Deum,
2869 3086 3023 3141 sicut
3052 3091 3111 3141 et
3139 3101 3269 3139 nos.

2119 3179 2213 3245 ΧΙ,
2242 3181 2431 3235 20-23.
2472 3201 2499 3227 «
2532 3177 2638 3243 Qui
2671 3175 2922 3249 ingressi
2958 3173 3331 3229 Antiochiam
3370 3169 3700 3243 loqueban-

2049 3294 2077 3321 ι(
2112 3276 2207 3325 tur
2236 3270 2309 3326 ad
2342 3270 2572 3324 Graecos
2610 3265 3036 3321 annuntiantes
3070 3263 3384 3319 Dominum
3445 3262 3645 3315 Jesum
3679 3275 3694 3314 :

2046 3384 2074 3411 ‹‹
2109 3366 2351 3431 eratque
2383 3374 2595 3413 manus
2626 3356 2861 3411 [Domini
2892 3371 3028 3409 cum
3058 3353 3199 3419 illis,
3239 3359 3297 3408 et
3329 3352 3551 3407 multus
3582 3366 3694 3405 nu-

2051 3475 2070 3500 ι
2108 3466 2307 3504 merus
2340 3448 2596 3504 credidit
2635 3453 2693 3501 et
2740 3445 2814 3501 ad
2873 3444 3188 3500 Dominum
3221 3458 3541 3499 conversus
3585 3445 3694 3497 est.

2047 3563 2073 3590 ‹‹
2109 3538 2381 3595 Pervenit
2410 3545 2609 3592 autem
2642 3553 2847 3591 rumor
2877 3535 2948 3589 ad
2980 3551 3155 3589 aures
3209 3532 3510 3592 Ecelesiae.
3564 3548 3695 3601 qum

2047 3653 2074 3680 ‹‹
2109 3635 2235 3684 erat
2263 3627 2645 3698 Jerosolymis
2680 3642 2859 3697 super
2888 3624 2978 3679 liis
3010 3641 3022 3677 :
3058 3630 3116 3679 et
3156 3624 3449 3678 miserunt
3484 3623 3694 3675 Barna-

2046 3742 2073 3770 «
2107 3720 2268 3778 bam.
2302 3719 2498 3773 utiret
2528 3717 2919 3771 Antiochiam.
2981 3715 3088 3779 Qui
3147 3730 3281 3767 cum
3329 3711 3699 3783 pervenisset

2047 3831 2076 3861 «
2105 3827 2171 3865 ac
2210 3808 2451 3864 vidisset
2470 3807 2718 3879 gratiam
2752 3804 2875 3871 Dei,
2906 3804 3138 3877 gavisus
3172 3807 3279 3867 est,
3329 3807 3388 3855 et
3418 3798 3693 3853 hortaba-

2047 3922 2075 3949 ‹‹
2109 3905 2203 3954 tur
2231 3902 2531 3952 omnesut
2561 3894 2863 3966 proposito
2898 3893 3094 3947 cordis
3126 3894 3573 3963 perseverarent
3603 3887 3704 3943 ad-

2049 4014 2078 4041 ι(
2109 3991 2336 4045 haerere
2368 3987 2639 4042 Domino.
2677 4008 2704 4036 »

2123 4101 2150 4130 «
2182 4078 2270 4134 Ad
2297 4078 2547 4136 Grchos.
2569 4099 2593 4125 η
2610 4073 2897 4130 Fortassis
2913 4090 2980 4128 eo
2997 4072 3153 4143 quod
3182 4072 3464 4128 Hebraice
3483 4088 3697 4126 sonare

2047 4187 2167 4230 non
2198 4172 2461 4243 possent,
2483 4167 2712 4222 Grmcos
2745 4165 2903 4234 ipsos
2935 4161 3255 4233 appellant.
3282 4162 3697 4232 Loquebantur

2050 4278 2186 4334 ergo
2219 4263 2277 4315 et
2306 4257 2379 4313 ad
2410 4273 2532 4323 eos,
2568 4253 2991 4310 annuntiantes
3039 4251 3354 4306 Dominum
3385 4251 3603 4311 Jesum,
3640 4255 3700 4304 et

2050 4348 2373 4405 credebant
2403 4362 2649 4401 omnes:
2681 4341 3430 4416 quoniam,inquit,manus
3464 4339 3698 4394 Domini

2051 4444 2178 4495 erat
2210 4454 2343 4493 cum
2366 4436 2516 4490 illis:
2541 4435 2650 4489 hoc
2682 4439 2790 4495 est,
2828 4432 2994 4505 signa
3025 4429 3698 4501 cperabantur.Pr0pter

2049 4530 2162 4584 hoc
2193 4528 2352 4582 enim
2382 4525 2490 4580 fuit
2525 4525 2828 4597 signorum
2861 4522 3183 4578 necessitas
3212 4518 3624 4574 utcrederent.

2120 4706 2211 4773 Χῐ,
2242 4707 2426 4761 24-26.
2453 4726 2481 4753 ‹‹
2509 4705 2647 4757 Erat
2676 4702 2834 4758 enim
2867 4701 2954 4755 vir
2982 4700 3173 4755 bonus
3222 4716 3288 4755 ac
3318 4699 3531 4772 plenus
3565 4699 3695 4771 Spi-

2057 4816 2078 4844 «
2111 4796 2228 4850 ritu
2260 4801 2462 4849 sancto
2493 4798 2550 4847 et
2573 4792 2785 4845 ﬁde.Et
2814 4791 3015 4844 addita
3045 4796 3133 4843 est
3165 4789 3352 4843 multa
3385 4789 3554 4844 turba
3586 4790 3696 4844 Do-

2053 4906 2080 4935 ‹‹
2113 4884 2295 4938 mino.
2324 4884 2628 4936 Profectus
2661 4885 2749 4934 est
2780 4885 2977 4933 autem
3016 4879 3310 4933 Barnabas
3337 4881 3605 4943 Tarsum,
3638 4883 3704 4933 ut

2055 4996 2081 5024 ‹‹
2114 4977 2407 5045 quaereret
2431 4970 2694 5029 Saulum,
2722 4986 2837 5040 quo
2870 4969 3128 5033 invento,
3150 4968 3317 5023 duxit
3347 4986 3477 5023 eum
3498 4969 3701 5023 Antio-

2056 5084 2080 5115 ιι
2121 5063 2333 5119 chiam.
2370 5059 2594 5115 Accidit
2625 5066 2840 5117 autem,
2878 5065 2941 5113 ut
2968 5076 3187 5114 annum
3226 5065 3411 5112 totum
3470 5073 3603 5111 cum
3633 5072 3699 5111 ea

2057 5173 2083 5205 ιι
2114 5150 2571 5225 congregatione
2598 5155 2990 5214 versarentur,
3026 5149 3392 5221 multamque
3416 5147 3701 5201 docerent

2056 5264 2084 5294 ιι
2112 5241 2364 5297 turbam.
2402 5264 2423 5291 ι

2125 5332 2309 5397 Quam
2343 5329 2415 5383 ob
2447 5345 2686 5384 causam
2710 5328 2889 5383 Paulo
2920 5345 3038 5383 non
3062 5324 3459 5393 scribunt,sed
3481 5326 3704 5382 Barna-

2052 5422 2187 5476 bam
2224 5418 2511 5473 mittunt?
2541 5419 2687 5483 Quia
2731 5418 2889 5471 illius
2942 5418 3046 5469 viri
3110 5416 3373 5470 nondum
3430 5416 3707 5471 virtutem

2054 5508 2514 5565 noverant.Huic
2547 5524 2665 5561 non
2697 5513 2987 5579 repugnat
3017 5506 3169 5576 quod
3208 5506 3424 5561 dicitur
3456 5508 3709 5561 :«Nemo

2054 5598 2246 5656 bonus
2277 5598 2392 5654 nisi
2421 5598 2581 5653 solus
2614 5598 2765 5651 Deus
2795 5596 2863 5645 Ἠ.
2901 5617 2927 5645 ››
2956 5598 3155 5669 Neque
3189 5597 3349 5652 enim
3374 5597 3485 5653 hoc
3507 5597 3702 5668 ipsum
