4112 6250
409 421 514 479 191

1487 407 1900 473 acuum"
1943 410 2250 474 TRICC£
2293 411 2742 504 EPISCOPUS.

3675 489 3683 496 .
3714 411 3818 504 ιθ*

412 545 686 610 estDeum
704 551 894 607 solum
910 549 1129 604 bonum
1147 564 1275 602 esse
1289 545 1447 619 quod
1463 547 1649 602 virum
1664 547 1885 602 bonum
1900 563 2049 601 esse.

2202 545 2258 601 ὃν
2291 548 2451 617 εἶναι,
2507 549 2598 603 καὶ
2656 547 2826 622 ἄνδρα
2883 549 3087 624 ἀγαθὸν
3149 547 3451 626 ὑπάρχειν.
3503 545 3566 604 Ὀ
3599 546 3692 619 μὲν
3723 548 3820 624 γὰρ

415 643 518 698 Ille
543 641 835 712 siquidem
859 647 1068 694 natura
1091 638 1283 692 bonus
1312 643 1419 704 est,
1444 653 1577 691 eum
1604 636 1961 708 principium
1994 651 2062 696 ac

411 733 545 788 fons
568 732 644 786 sit
666 731 956 785 bonorum
983 745 995 782 :
1022 729 1108 781 vir
1129 734 1325 783 autem
1356 743 1474 781 non
1500 733 1710 780 natura
1733 725 1927 779 bonus
1949 729 2060 792 est,

414 821 516 879 sed
548 821 780 875 virtutis
811 819 1219 889 assumptione
1252 817 1431 870 habet
1474 822 1542 870 ut
1585 815 1774 870 bonus
1806 815 1903 872 sit.
1938 817 2061 869 Non

415 912 575 967 enim
608 909 960 980 simpliciter
990 907 1181 962 bonus
1212 906 1448 967 dicitur,
1483 903 1586 959 sed
1627 905 1715 958 vir
1753 904 1964 958 bonus.
1998 905 2062 958 In

416 1003 576 1058 hunc
606 1017 742 1071 ergo
775 1015 1015 1054 sensum
1046 999 1226 1052 etiam
1259 995 1406 1050 illud
1460 996 1768 1067 accipitur,
1802 1017 1828 1043 «
1867 995 2064 1048 Bonus

417 1092 592 1147 homo
623 1088 673 1123 95
705 1110 729 1140 ν
777 1095 837 1145 et
893 1112 920 1138 «
955 1090 1110 1160 Euge
1170 1103 1333 1142 serve
1385 1086 1538 1141 bone
1594 1091 1654 1140 et
1712 1082 1906 1139 ﬁdelis
1936 1083 2000 1149 ⁸⁸,
2039 1104 2059 1130 ι

415 1181 650 1251 aliaque
683 1180 777 1234 his
809 1178 1049 1234 similia.

486 1272 525 1323 1
537 1269 646 1323 03
675 1293 700 1316 «ι
727 1269 797 1324 Et
815 1267 1090 1338 discipuli
1115 1265 1568 1323 nominarentur
1583 1263 1845 1337 primum
1861 1262 2066 1318 Antio-

423 1378 447 1407 ι
490 1358 638 1414 chirs
668 1356 1005 1412 Christiani.
1039 1376 1063 1404 ι

488 1477 655 1534 Pauli
687 1477 800 1533 hoc
831 1491 1067 1548 quoque
1114 1475 1346 1531 facinus
1385 1475 1682 1548 egregium
1731 1473 1794 1528 in
1838 1476 2065 1528 tantam

422 1569 618 1626 eﬂ‘erri
651 1575 914 1624 meretur
946 1566 1372 1622 sublimitatem
1423 1571 1490 1620 ut
1527 1563 1774 1636 quodvis
1806 1563 2062 1635 signum.

417 1659 563 1714 Cum
595 1659 755 1714 enim
788 1663 908 1712 tam
935 1656 1104 1711 multi
1133 1661 1332 1711 essent
1353 1655 1412 1708 in
1433 1653 1635 1709 Judaaa
1655 1653 1757 1724 qui
1781 1652 2063 1707 credidis-

419 1754 571 1813 sent,
596 1746 744 1801 nihil
771 1746 886 1802 tale
917 1747 1136 1800 factum
1161 1743 1380 1806 est,sed
1404 1743 1482 1797 ibi
1507 1742 1653 1798 ﬁdes
1676 1743 1736 1797 in
1768 1741 2066 1796 Christum

418 1841 511 1896 via
536 1839 862 1894 dicebatur.
895 1837 1334 1894 Advertendum
1365 1842 1560 1891 autem
1586 1834 1747 1906 quod
1774 1833 1848 1888 ob
1880 1834 1938 1888 id
1971 1848 2068 1905 po-

2168 640 2287 692 κατ⁹
2318 639 2500 695 οὐσίαν
2547 641 2740 718 ἀγαθὸς
2799 641 3060 715 ὑπάρχει,
3116 640 3264 715 ἀρχὴ
3297 640 3392 694 καὶ
3428 641 3586 712 πηγὴ
3619 636 3690 693 ὢν
3729 644 3822 694 τῶν

2168 727 2403 802 ἀίγαθῶν⁸
2438 731 2466 783 6
2497 727 2555 784 δὲ
2584 729 2721 801 ἀνὴρ
2767 730 2830 784 οὐ
2887 730 3006 784 κατ’
3038 728 3246 795 οὐσίαν,
3307 727 3442 782 ἀλλ’
3477 727 3528 781 ἐν
3564 725 3821 799 ἀναλήψει

2168 816 2364 890 ἀρετῆς
2392 813 2510 894 ἔχει
2565 820 2628 873 τὸ
2681 819 2881 892 ἀγαθὸν
2917 820 3075 876 εἶναι.
3108 818 3187 876 Οὐ
3242 817 3345 892 γὰρ
3383 817 3577 879 ἁπλῶς
3611 818 3821 893 ἀγαθὸς,

2169 903 2297 959 ἀλλ’
2327 908 2463 982 ἀνὴρ
2495 907 2708 982 ἀγαθός.
2743 908 2836 970 Εἷς
2864 912 3026 963 τοῦτο
3059 905 3151 961 οὖν
3177 904 3332 981 λήψῃ
3370 908 3577 972 καὶτὸ,
3601 931 3628 957 ι(
3664 909 3825 982 Ἀγα-

2169 995 2259 1056 θὸς
2316 995 2621 1070 ἄνθρωπος,
2660 1021 2685 1046 ››
2743 999 2833 1052 καὶ
2887 998 2973 1063 τὸ,
3033 1022 3060 1048 ‹‹
3096 996 3260 1070 Εὖγε,
3320 994 3494 1050 δοῦλε
3543 995 3704 1071 ἀγαθὲ
3747 995 3827 1050 λειαἲ

2169 1085 2346 1152 πιστὶ,
2381 1109 2408 1136 ››
2437 1086 2524 1140 καὶ
2557 1086 2622 1140 τὰ
2653 1085 2868 1148 τούτοις
2889 1085 3079 1161 ὅμοια.

2244 1286 2273 1315 ι(
2305 1262 2655 1336 Χρηματίσαι
2709 1284 2767 1320 τι
2819 1268 3039 1339 πρῶτον
3090 1262 3144 1320 ἰν
3201 1262 3535 1342 Ἀντιοχείᾳ
3577 1261 3705 1324 τοὺς
3737 1281 3830 1334 μα-

2173 1374 2202 1402 ‹‹
2235 1351 2404 1420 οητᾶς
2435 1352 2807 1427 Χριστιανούς.
2840 1381 2867 1408 ι

2244 1473 2466 1532 Παύλου
2521 1477 2612 1532 καὶ
2664 1483 2828 1534 τοῦτο
2881 1478 2946 1534 τὸ
2997 1477 3333 1552 κατόρθωμα
3422 1478 3504 1540 είς
3583 1481 3834 1532 τοσοῦτον

2174 1563 2366 1640 ἰπᾶραι
2417 1567 2552 1641 ὓψος
2609 1565 2792 1639 ὥσπερ
2852 1588 2904 1622 τι
2965 1573 3194 1640 σημεῖον
3250 1568 3313 1623 τὸ
3373 1565 3580 1640 ὄνομα.
3615 1569 3702 1624 Ἑν
3734 1566 3833 1641 γὰρ

2169 1657 2238 1728 τῇ
2316 1653 2552 1728 Ἰουδαίᾳ
2621 1655 2896 1712 τοσούτων
2971 1654 3138 1712 ὄντων
3213 1662 3322 1712 τῶν
3401 1656 3828 1725 πιστευσάντων,

2173 1741 2325 1799 οὐδὲν
2357 1749 2612 1800 τοιοῦτον
2654 1745 2894 1820 γέγονεν,
2953 1744 3084 1801 ἀλλ’
3143 1747 3196 1802 οἱ
3252 1753 3354 1814 τῆς
3415 1743 3551 1802 ὁδοῦ
3610 1743 3831 1814 ἤκουον,

2173 1834 2520 1904 Σημειωτὲον
2574 1831 2632 1889 δὶ
2687 1835 2771 1890 ὅτι
2832 1832 2922 1888 διὰ
2976 1838 3142 1889 τοῦτο
3193 1835 3415 1909 μᾶλλον
3447 1837 3483 1904 ἡ
3528 1834 3833 1913 Ἀντιόχεια

422 1929 720 1984 tissimum
739 1927 916 2000 digna
932 1927 1136 1982 habita
1148 1931 1238 1981 est
1254 1925 1566 1981 Antiochia
1582 1924 1721 1979 sede
1742 1929 1878 1994 pont
1890 1923 2065 1988 illcia,

2198 1920 2374 1994 θρόνου
2431 1922 2641 1993 ἠξιώθη
2711 1923 3066 2003 ἀρχοντικοῦ,
3140 1921 3326 1994 ἔπειδὴ
3418 1923 3532 1978 ἐκεῖ
3622 1926 3834 1996 πρῶτον

423 2018 706 2090 quoniam
737 2016 816 2071 ibi
849 2016 1110 2089 primum
1158 2021 1514 2082 statuerunt,
1547 2019 1612 2070 ut
1656 2013 1930 2084 discipuli
1962 2029 2073 2067 no-

423 2107 798 2164 minarentur
828 2106 1164 2162 Christiani.
1187 2106 1307 2162 Hoc
1329 2111 1527 2160 autem
1551 2120 1767 2160 nomen
1801 2103 2074 2159 multitu-

421 2199 550 2257 dini
582 2199 829 2255 deorum
859 2214 927 2254 ac
957 2199 1132 2255 varias
1164 2198 1224 2254 in
1254 2197 1375 2254 illis
1407 2196 1698 2254 divinitati
1729 2195 2070 2270 opponitur.

1031 2341 1262 2399 CAPUT
1297 2342 1470 2400 XVII.

427 2505 731 2633 Prolphetia
791 2507 968 2577 Αθαδὶ
1025 2507 1092 2562 de
1144 2505 1396 2576 generali
1428 2523 1531 2577 per
1580 2506 1762 2592 orbem
1819 2507 1970 2575 fame
2003 2511 2076 2586 ,εἰ

498 2597 526 2633 e
549 2595 835 2633 eemosuna
859 2580 1090 2633 collecta
1117 2579 1269 2633 anud
1305 2582 1526 2633 fratres.
1559 2595 1657 2633 aut
1687 2584 1844 2633 erant
1873 2579 2074 2633 Antio-

498 2579 835 2704 egfemosyna
859 2580 1090 2636 collecta
1117 2579 1269 2650 apud
1303 2582 1526 2648 fratres,
1559 2581 1658 2650 qui
1687 2584 1844 2633 erant
1873 2579 2074 2633 Antio-

499 2668 526 2705 c
568 2666 659 2707 ιίε.

498 2742 594 2806 XI,
625 2744 818 2796 27-30.
857 2762 883 2792 α
916 2742 1015 2797 His
1063 2746 1262 2798 autem
1305 2741 1515 2796 diebus
1547 2745 2016 2813 supervenerunt
2043 2756 2079 2795 a

433 2853 454 2880 ι
489 2832 871 2902 Jerosolymis
901 2831 1204 2903 propheta
1253 2831 1665 2886 Antiochiam:
1715 2845 2082 2902 surgensque

431 2941 461 2970 ‹‹
493 2937 648 2976 unus
681 2920 923 2976 nomine
974 2919 1200 2993 Agabus
1255 2920 1627 2993 significabat
1664 2935 1769 2991 per
1797 2917 2082 2990 Spiritum

434 3030 462 3058 ‹‹
494 3008 716 3065 famem
757 3025 1029 3083 magnam
1063 3009 1324 3064 futuram
1355 3009 1417 3065 in
1449 3009 1722 3064 universo
1755 3007 1916 3073 orbe,
1950 3025 2082 3079 qua)

437 3120 465 3147 «
500 3098 717 3154 accidit
747 3099 855 3154 sub
916 3098 1162 3155 Claudio
1219 3099 1469 3155 Caesare.
1530 3097 1815 3169 Discipuli
1861 3103 2082 3163 autem,

443 3211 464 3238 ι
499 3195 677 3259 prout
699 3189 912 3261 cuique
941 3189 1715 3262 suppetebat,decreverunt
1739 3187 1990 3259 quisque
2022 3187 2084 3241 in

2181 2008 2560 2090 ἑχρηματισαν
2591 2013 2642 2067 οἱ
2677 2013 2914 2086 μαθηταὶ
2962 2012 3242 2077 καλεῖσθαι
3274 2011 3625 2088 Χριστιανοί.
3661 2013 3835 2068 Τοῦτο

2181 2096 2240 2154 δὶ
2267 2101 2329 2155 τὸ
2359 2096 2530 2174 ὄνομα
2559 2099 2852 2166 πολυθεΐας
2885 2101 3026 2158 ἐστὶν
3060 2101 3380 2160 ἀντίπαλον.

2804 2340 3067 2396 ΚΕΦΔΔ.
3109 2335 3206 2396 12⁸.

2185 2497 2502 2578 Προιρητεία
2603 2495 2842 2578 Ἀγμέόου
2886 2571 2897 2578 _
2943 2497 3073 2578 περί
3170 2498 3342 2578 λιμοῦ
3440 2497 3834 2578 οἷκουμενιξοιῦ,

2257 2565 2748 2651 κὲἰααρποφορία
2802 2571 2940 2646 πρὸς
2992 2565 3121 2634 τοὺς
3193 2565 3245 2626 ἐν
3298 2565 3633 2650 Ἀντιοχείᾲ
3689 2565 3839 2622 ἀδελ-

2223 2696 2230 2702 ·
2259 2660 2412 2738 φοῦς.

2263 2751 2410 2806 «Ἐν
2463 2750 2682 2812 ταύταις
2735 2746 2794 2806 δὶ
2872 2754 2990 2812 ταῖς
3071 2751 3306 2825 ἡμέραις
3386 2748 3670 2816 κατῆλθον
3735 2744 3830 2799 ἀπὸ

2195 2861 2217 2892 ι
2250 2837 2647 2912 Ἱεροσολύμων
2705 2846 2980 2918 προφῆται
3041 2839 3117 2902 είς
3169 2838 3544 2914 Ἀντιόχειαν.
3591 2833 3842 2894 Ἀναστὰς

2191 2925 2306 2984 «δὲ
2364 2929 2440 2991 εἷς
2494 2927 2545 3000 ἐξ
2603 2929 2778 2985 αὐτῶν
2837 2931 3065 3002 ὀνόματι
3125 2923 3390 3004 Ἄγαϐος,
3470 2928 3706 3000 ἐσήμανε
3760 2921 3841 2976 διὰ

2193 3043 2220 3070 ‹‹
2253 3023 2350 3074 τοῦ
2403 3018 2740 3092 Ιινεύματος,
2801 3017 2966 3090 λιμὸν
3029 3017 3190 3092 μέγαν
3251 3016 3486 3090 μέλλειν
3518 3011 3727 3074 ἔσεσθαι
3766 3011 3840 3088 ἐφ’

2195 3130 2225 3160 α
2257 3106 2394 3178 ὅλην
2426 3109 2524 3175 τήν
2573 3108 2926 3182 οἰκουμένην.
2981 3107 3130 3170 ὅστις
3176 3108 3266 3162 καὶ
3297 3107 3517 3185 ἐγένετο
3545 3106 3631 3161 ἐπὶ
3664 3101 3841 3160 Κλαυ-

2200 3221 2221 3248 ι
2253 3194 2374 3252 δίου
2433 3197 2722 3271 Καίσαρος.
2780 3200 2902 3253 Τῶν
2963 3194 3019 3251 δὲ
3079 3198 3336 3269 μαθητῶν
3423 3195 3605 3257 καθὼς
3673 3191 3844 3262 ηὐπο-

430 3277 819 3332 c‘subsidium
849 3277 1083 3334 mittere
1115 3277 1522 3333 habitantibus
1551 3278 1611 3332 in
1640 3276 1842 3332 Judzea
1875 3275 2067 3330 fratri-

2198 3277 2390 3364 ιρεῖτό
2447 3308 2554 3358 τις,
2611 3284 2811 3362 ὥρισαν
2895 3282 3118 3348 ἕκαστος
3188 3285 3365 3341 αὐτῶν
3428 3286 3507 3348 εἰς
3567 3279 3843 3339 διακονίαν.

426 3387 454 3415 ‹‹
489 3365 639 3421 bus:
674 3365 831 3437 quod
860 3373 919 3420 et
947 3366 1559 3433 fecerunt,mittentes
1588 3365 1662 3422 ad
1691 3364 2070 3440 presbyteros

433 3476 462 3506 ι(
495 3470 601 3528 per
633 3471 877 3511 manum
905 3455 1186 3512 Barnaba
1216 3471 1286 3512 ac
1314 3455 1496 3512 Sauli.
1532 3476 1560 3504 »

506 3673 632 3727 Non
665 3676 754 3726 est
781 3671 920 3727 huic
945 3671 1309 3729 contrarium
1340 3672 1497 3744 quod
1518 3689 1554 3729 a
1580 3672 1827 3728 Domino
1858 3671 2084 3728 dictum

437 3767 565 3817 est:
593 3783 616 3808 ι
646 3761 755 3815 Lex
774 3767 831 3816 et
853 3761 1154 3832 prophetas
1170 3760 1215 3796 9⁷
1241 3783 1267 3810 ››
1291 3778 1480 3832 usque
1502 3761 1575 3817 ad
1595 3764 1905 3818 Joannem.
1939 3763 2084 3818 Nam

432 3851 547 3906 hoc
570 3851 644 3906 de
672 3851 793 3905 illis
851 3850 1082 3905 dixerat
1133 3852 1437 3922 prophetis
1475 3853 1576 3922 qui
1608 3853 1739 3921 ejus
1768 3851 2086 3906 adventum

439 3941 856 4014 praedixerant.
891 3941 974 3996 Ne
1023 3943 1203 4014 igitur
1231 3942 1304 3997 ob
1353 3943 1412 3998 id
1463 3942 1842 4014 postmodum
1869 3942 2084 3998 factam

441 4029 1367 4102 essefamemzestimarent,quod
1381 4031 2089 4087 subintroissetChristia-

441 4120 694 4186 nismus,
729 4119 997 4190 praedicit
1026 4119 1192 4174 illam
1223 4121 1478 4192 Spiritus
1517 4126 1776 4177 sanctus.
1832 4121 1951 4176 Hoc
1980 4129 2087 4176 au-

440 4216 562 4266 tem
593 4214 652 4263 et
708 4208 972 4263 Christus
1031 4208 1385 4280 praedixerat
1425 4210 1504 4265 “z
1566 4226 1685 4264 non
1719 4209 1878 4281 quod
1927 4208 1988 4264 id
2013 4208 2087 4264 ab

438 4300 609 4356 initio
643 4299 770 4354 ﬁeri
804 4300 1149 4370 oportuerit.
1184 4300 1288 4354 sed
1341 4305 1582 4370 prepter
1611 4299 1786 4364 mala,
1819 4315 1950 4369 quin
1982 4297 2085 4354 ad-

438 4406 643 4444 versus
672 4389 971 4461 apostolos
1005 4388 1247 4443 flebant.
1283 4389 1658 4459 Longanimis
1690 4389 1932 4460 quidem
1963 4394 2091 4445 erat

439 4483 614 4547 Deus,
647 4497 848 4536 verum
871 4496 1005 4536 cum
1032 4480 1283 4534 nimium
1311 4485 1607 4551 urgerent,
1630 4496 1844 4550 magna
1874 4480 2094 4535 accidit

443 4573 651 4639 fames,
709 4571 928 4626 Judaeis
983 4570 1182 4626 futura
1236 4570 1554 4642 designans
1613 4569 1788 4625 mala.
1844 4569 2010 4635 Quod
2040 4571 2090 4625 si

2197 3402 2218 3428 ι
2253 3379 2465 3450 πεμψαι
2497 3382 2611 3439 τοῖς
2661 3381 3007 3432 κατοικοῦσιν
3067 3373 3120 3430 ἰν
3180 3378 3250 3448 τῇ
3310 3372 3558 3444 Ἰουδαίᾳ
3584 3367 3830 3450 ἀδελφξῖς

2193 3485 2222 3514 «
2253 3462 2283 3516 '6
2312 3460 2403 3516 καὶ
2434 3461 2718 3531 ἐποίησαν,
2775 3459 3190 3522 ἀποστείλαντες
3247 3460 3390 3534 πρὸς
3450 3459 3581 3520 τοὺς
3617 3445 3838 3530 πρεσϐυ-

2193 3578 2223 3606 ‹‹
2256 3555 2446 3630 τὲρους
2472 3550 2562 3609 διὰ
2591 3553 2780 3629 χειρὸς
2813 3546 3062 3626 Βαρνάϐα
3093 3551 3188 3607 καὶ
3218 3551 3469 3610 Σαύλου.
3507 3576 3536 3604 ››

2267 3678 2382 3735 Οὐκ
2411 3672 2552 3734 ἔστιν
2587 3676 2822 3733 ἐναντίον
2850 3676 3029 3749 τούτῳ
3059 3677 3134 3749 ξτὸ
3195 3677 3296 3732 ὑπὸ
3329 3681 3430 3732 τοῦ
3463 3674 3668 3750 Κυρίου
3699 3668 3841 3743 εῗρη·

2200 3769 2382 3842 μένον·
2417 3794 2444 3820 «
2475 3768 2533 3822 Ὀ
2590 3767 2762 3841 νόμος
2817 3768 2904 3820 καὶ
2963 3767 3018 3821 οἱ
3073 3773 3350 3846 προφῆται
3385 3791 3412 3817 ››
3443 3763 3551 3828 ἓως
3581 3761 3840 3818 Ἰωάννου.

2195 3862 2374 3917 Τοῦτο
2425 3859 2530 3934 γὰρ
2585 3858 2712 3932 περὶ
2771 3856 2991 3913 ἐκείνων
3051 3858 3184 3934 φησί
3243 3863 3350 3912 τῶν
3411 3857 3717 3933 προφητῶν
3749 3851 3845 3934 τῶν

2195 3951 2296 4018 τήν
2353 3946 2651 4019 παρουσίαν
2711 3947 2881 4003 αὐτοῦ
2932 3947 3547 4026 προαναφωνησάντων.
3608 3947 3720 3997 Ἵνα
3759 3931 3843 3992 οὖν

2202 4039 2278 4112 μὴ
2339 4035 2636 4109 νομίσωσιν
2697 4037 2780 4090 δτι
2836 4033 2926 4090 διὰ
2955 4039 3121 4089 τοῦτο
3159 4023 3202 4091 ’ὁ
3261 4033 3434 4106 λιμὸς
3493 4033 3735 4110 γέγονεν,
3769 4023 3846 4079 ὅτι

2199 4126 2621 4199 Χριστιανισμὸς
2654 4122 2897 4194 εἰσῆλθε,
2939 4123 3199 4198 προλέγει
3239 4124 3302 4178 τὸ
3333 4129 3560 4196 Ηνεῦμα
3587 4121 3650 4176 τὸ
3679 4119 3849 4194 ἅγιον.

2199 4218 2376 4273 Τοῦτο
2437 4212 2493 4269 δὶ
2549 4214 2638 4268 καὶ
2667 4215 2696 4270 6
2727 4213 2956 4287 Χριστὸς
3011 4217 3290 4283 προεῖπεν,
3323 4213 3424 4267 οὐκ
3472 4208 3662 4278 ἐπειδὴ
3696 4207 3845 4259 τοῦτο

2199 4302 2251 4374 ἐξ
2277 4305 2463 4383 ἀρχῆς
2489 4303 2734 4378 γενέσθαι
2791 4295 2924 4368 ἔδει,
2986 4300 3131 4356 ἀλλὰ
3191 4300 3282 4356 διὰ
3337 4301 3404 4356 τὰ
3467 4301 3609 4357 κακὰ
3658 4295 3723 4352 τὰ
3771 4289 3863 4351 εἴς’

2197 4393 2325 4453 τοὺς
2356 4380 2699 4452 αποστόλους
2729 4390 3013 4465 γενόμενα.
3074 4391 3171 4445 Καὶ
3229 4388 3610 4464 ἐμακροθύμει
3645 4388 3672 4441 6
3703 4380 3844 4440 Θιός⁶

2202 4481 2276 4542 ὡς
2331 4477 2389 4534 δὲ
2441 4477 2728 4544 ἐνέκειντο,
2785 4477 2952 4551 λιμὸς
2992 4477 3159 4554 μέγας
3213 4478 3443 4552 γίνεται,
3493 4475 3713 4553 μηνύων
3740 4470 3846 4527 τοῖς

2196 4567 2480 4631 Ἰουδαίοις
2535 4568 2604 4623 τὰ
2660 4567 2891 4640 ἰσόμενα
2945 4568 3103 4625 κακά.
3162 4567 3226 4625 Εἰ
3284 4565 3342 4624 δὲ
3399 4565 3473 4623 δι’
3531 4565 3722 4622 αὐτοὺς
3757 4557 3843 4633 ἧν.

442 4668 684 4734 propter
712 4661 856 4717 istos
888 4663 1158 4722 fuissent.
1208 4660 1568 4732 oportuisset
1607 4661 1804 4732 potius
1834 4665 1894 4716 et
1923 4659 2078 4715 illam

2198 4652 2303 4716 ἔδει
2335 4660 2549 4720 παντως
2604 4657 2696 4712 καὶ
2754 4653 2886 4713 ὄντα
2940 4656 3266 4715 παύσασθαι.
3321 4655 3705 4728 Εὗδοκιμῆσαι
3745 4645 3842 4720 γὰρ

444 4767 575 4821 quin
609 4755 735 4805 erat
761 4767 1013 4805 cessare.
1049 4752 1192 4805 Nam
1226 4750 1411 4823 magis
1460 4749 1690 4804 laudari
1721 4749 2086 4817 debuissent,

444 4840 547 4910 qui
575 4839 733 4910 quod
765 4855 937 4893 suum
970 4846 1092 4894 erat
1123 4840 1438 4907 faciebant,
1472 4855 1688 4911 nempe
1719 4837 2090 4904 occidebant,

448 4929 604 4984 104
637 4925 985 4999 puniebant,
1036 4929 1398 4988 cruciabant.
1457 4928 1724 5000 undique
1773 4945 2092 5001 perseque-

443 5018 680 5074 bantur.
714 5018 1031 5087 Propterea
1060 5034 1196 5089 ergo
1226 5019 1406 5088 pestis
1426 5018 1579 5074 facta
1609 5025 1718 5082 est,
1752 5034 2094 5089 quanquam

445 5108 649 5165 miseri
672 5123 792 5162 non
813 5105 1223 5176 intelligebant
1242 5123 1254 5160 :
1276 5114 1334 5160 et
1354 5107 1869 5178 compatiebantur
1889 5107 2010 5162 illis
2033 5107 2095 5163 in

451 5199 562 5253 hoc
589 5195 930 5252 Christiani.
965 5195 1404 5250 Adwrtendum
1437 5203 1527 5250 est
1565 5196 1723 5266 quod
1754 5197 1932 5251 etiam
1963 5212 2098 5267 pre-

449 5287 821 5357 sbyterorum
875 5285 1221 5358 dignitatem
1273 5283 1572 5340 habebant
1623 5286 1897 5357 apostoli.
1950 5284 2097 5340 Aliis

447 5390 684 5446 quoque
715 5375 1009 5448 capitibus
1041 5374 1439 5446 signiﬁcatum
1489 5379 1579 5428 est
1627 5374 1786 5445 quod
1817 5374 2097 5432 diacono-

450 5479 584 5520 rum
619 5473 678 5521 et
705 5465 1121 5541 episcoporum
1151 5465 1399 5538 gradum
1429 5465 1748 5523 habebant.

2203 4747 2416 4822 μᾶλλον
2477 4748 2649 4828 ἐχρῆν
2709 4747 2907 4809 αὐτοὺς
2964 4746 3048 4802 ὅτι
3105 4748 3167 4802 τὸ
3224 4747 3402 4804 αὐτῶν
3465 4745 3707 4806 ἐποίουν,
3759 4736 3848 4791 ἆν-

2199 4837 2387 4913 ῄρουν,
2448 4834 2730 4907 ἔκόλαζον,
2809 4835 3136 4908 ὲτιμώρουν,
3213 4836 3552 4911 πανταχόθεν
3609 4828 3843 4913 ἐδίωκον..

2203 4930 2301 4982 Δια
2354 4929 2515 4982 τοῦτο
2567 4924 2747 4980 τοίνυν
2802 4924 2891 4979 καὶ
2951 4924 2979 4978 6
3038 4922 3201 4997 λιμὸς
3253 4926 3489 5000 γέγονεν,
3551 4921 3596 4978 εί
3651 4915 3738 4973 καὶ
3783 4907 3838 5000 οΑὖ

2204 5021 2436 5083 συνῆκαν
2505 5015 2557 5068 οἳ
2636 5012 2886 5082 τᾶλανες,
2971 5014 3060 5067 καὶ
3141 5014 3479 5089 συνέπασχον
3542 5010 3721 5066 αὐτοῖς
3774 4997 3845 5089 είς

2201 5107 2363 5158 τοῦτο
2409 5104 2461 5158 οἱ
2520 5101 2858 5177 Χριστιανοί.
2919 5103 3269 5175 Σημειωτέοι
3332 5101 3415 5157 ὅτι
3447 5101 3536 5157 καὶ
3567 5084 3843 5177 πρεσϐυτξξ

2207 5214 2313 5269 ρων
2367 5192 2520 5269 εἶχον
2579 5194 2725 5263 ἀξίαν
2785 5194 2837 5248 οἱ
2896 5188 3216 5250 απόστολοι.
3280 5193 3382 5250 Καὶ
3433 5191 3520 5248 ἐπὶ
3572 5185 3749 5243 ἄλλων
3790 5172 3858 5255 δῖ]

2201 5283 2515 5360 κεφαλαίων
2548 5283 2918 5356 σεσημείωται
2973 5283 3058 5342 ὅτι
3117 5281 3376 5340 διακόνων
3426 5283 3511 5340 καὶ
3545 5271 3840 5336 ἐπισκόπων

2208 5372 2363 5448 εἶχον
2398 5374 2502 5448 βαθ
2511 5373 2631 5446 μόν.

523 5716 571 5753 ⁸⁵
604 5719 808 5777 Matth.
845 5734 946 5788 xu,
977 5719 1066 5774 35.
1143 5717 1188 5754 9°
1219 5721 1418 5777 Matth.
1455 5737 1582 5788 xxv,
1615 5721 1707 5788 21,
1739 5718 1827 5775 23.
1906 5719 1947 5755 ⁸⁷
1981 5719 2078 5776 Ma

2220 5735 2285 5786 ιι,
2322 5721 2406 5776 l2.
2485 5718 2536 5753 ’⁸
2568 5719 2768 5775 Matth.
2795 5735 2947 5788 xxiv,
2981 5722 3030 5775 7.
