4112 6250
421 401 536 460 195

1432 393 1836 455 COMMENT.
1886 392 1972 452 IN
2017 390 2214 453 ACTA
2261 394 2859 460 APOSTOLOBUM.

3747 403 3857 464 196

423 549 632 588 omnes
664 545 980 587 numerum
1013 526 1309 584 sexdecim
1359 527 1749 582 constituunt.
1783 526 1909 580 Non
1943 529 2069 580 erat

2196 521 2414 600 Πέτρος,
2448 523 2573 582 ἀλλ’
2620 524 2891 598 ἐκάθευδε,
2949 529 3014 585 τὸ
3069 535 3172 586 πᾶν
3229 531 3405 609 ῥίψας
3472 529 3566 587 ἐπὶ
3608 530 3704 586 τὸν
3753 531 3864 588 Κύ-

425 625 634 676 Petrus
687 622 748 675 in
807 620 1077 692 angustia
1130 626 1230 674 aut
1285 618 1520 681 timore,
1586 615 1689 670 sed
1742 613 2076 670 dormiebat

428 712 588 767 omni
623 711 858 782 negotio
883 710 943 763 in
981 709 1162 763 Deum
1193 708 1432 779 rejecto.
1461 706 1612 762 Dicit
1641 712 1840 760 autem
1873 705 2075 758 lumen

424 801 752 869 refulsisse,
809 805 875 853 ut
935 803 991 852 et
1047 797 1272 852 videret
1329 802 1386 851 et
1443 796 1676 852 audiret
1706 797 1934 860 Petrus,
1967 808 2077 849 nec

420 892 777 962 phantasma
808 905 936 943 esse
969 887 1350 941 existimaret.
1385 885 1550 951 Quod
1581 901 1713 939 vero
1745 884 1827 939 ait
1862 901 1874 938 :
1908 906 1934 931 ‹‹
1968 884 2075 936 Ve-

422 981 652 1045 lociter,
691 1001 717 1027 »
777 995 897 1032 non
957 975 1374 1031 tumultuantis
1441 982 1548 1040 est,
1610 973 1712 1028 sed
1773 971 2078 1027 suadentis

2185 634 2326 687 ριον.
2357 613 2614 690 Ἕλαμψε
2644 615 2722 690 δὲ,
2769 619 2955 696 φησὶν,
3013 617 3152 676 ὥστε
3206 623 3302 675 καὶ
3341 616 3484 676 ἰδεῖν
3515 621 3611 676 καὶ
3643 621 3864 676 ἀκοῦσαι

2185 704 2276 759 τὸν
2309 704 2535 780 Πέτρον,
2587 709 2675 762 καὶ
2741 709 2819 780 μὴ
2876 710 3100 782 νομίσαι
3158 711 3475 785 φαντασίαν
3516 711 3680 767 εἶναι.
3709 711 3779 768 Τὸ
3809 708 3865 766 ὂὶ

2188 815 2215 843 ‹‹
2251 791 2302 846 ἐν
2359 792 2584 871 τάχει»
2641 796 2710 851 οὐ
2771 792 3366 871 θορυϐοῦντος,ἀλλὰ,
3432 799 3726 859 πείθοντος
3783 799 3857 869 μὴ

2188 875 2609 946 ἀναϐάλλεσθαι.
2655 887 2796 959 Ὅρα
2856 882 2912 941 δὲ
2953 887 3082 948 τοὺς
3139 887 3458 950 Ἰουδαίους
3492 887 3546 944 ἐν
3576 893 3698 950 ταῖς
3730 887 3865 959 ἡμέ-

2189 990 2308 1043 ραις
2341 976 2448 1026 τῶν
2480 972 2608 1042 Ἀζύ
2619 996 2733 1045 μων
2761 979 2992 1030 τοιαῦτα
3019 976 3388 1051 πράττοντας.

420 1067 820 1125 cunctandum
853 1083 974 1122 non
1007 1083 1135 1120 esse
1200 1065 1344 1119 Vide
1372 1071 1570 1118 autem
1603 1062 1803 1133 qualia
1832 1066 2154 1132 operentur
2181 1060 2366 1116 Judaei
2407 1061 2467 1116 in
2501 1063 2713 1119 diebus
2740 1073 3105 1136 Azymorum.

491 1160 646 1213 106
668 1159 792 1222 XII,
812 1159 843 1210 8
874 1157 958 1210 ll.
991 1176 1009 1202 ι
1035 1155 1199 1209 Ειιιίἰ
1222 1154 1339 1207 illi:
1364 1153 1677 1209 Circumda
1702 1151 1804 1205 tibi
1829 1150 2078 1221 pallium

405 1256 450 1299 ἰ(
473 1255 640 1302 tuum
663 1253 721 1302 et
742 1261 990 1316 sequere
1011 1243 1200 1298 me.Et
1225 1243 1427 1297 exiens
1449 1241 1808 1312 sequebatur
1828 1255 1998 1294 eum:
2021 1244 2080 1294 et

423 1360 450 1386 ‹‹
478 1335 784 1391 nesciebat
809 1333 965 1405 quod
990 1349 1193 1388 verum
1218 1338 1374 1387 esset
1397 1330 1455 1385 id
1475 1329 1630 1402 quod
1656 1329 1833 1385 ﬁebat
1855 1345 1960 1400 per
1979 1344 2080 1382 an-

425 1449 452 1476 ‹‹
487 1426 707 1498 gelum,
742 1424 843 1479 sed
877 1423 1117 1494 putabat
1149 1439 1210 1477 se
1243 1423 1431 1476 visum
1454 1421 1670 1474 videre.
1705 1420 1848 1473 Cum
1880 1424 2078 1473 autem

423 1539 450 1566 (ι
485 1515 892 1588 praeterissent
939 1513 1192 1584 primam
1248 1529 1316 1566 ac
1371 1510 1692 1565 secundam
1726 1508 2075 1570 custodiam,

429 1628 455 1655 ‹‹
490 1610 781 1659 venerunt
812 1603 884 1658 ad
919 1607 1148 1673 portam
1184 1601 1459 1662 ferream.
1493 1617 1623 1670 quaa
1656 1598 1818 1652 ducit
1845 1597 1905 1652 in
1937 1595 2076 1651 civi-

427 1718 448 1743 ι
482 1699 687 1752 tatem.
711 1709 842 1763 qua:
869 1692 1025 1745 ultro
1051 1697 1256 1761 aperta
1283 1695 1370 1743 est
1397 1688 1771 1756 eisCumque
1796 1684 2076 1743 exissent.

2261 1174 2288 1200 «
2323 1145 2632 1224 Περιϐαλοῦ
2687 1152 2750 1207 τὸ
2808 1154 3028 1226 ἱμάτιόν
3092 1175 3211 1224 σου,
3259 1155 3358 1210 καὶ
3414 1152 3721 1210 ἀκολούθει
3754 1179 3862 1230 μοι.

2193 1262 2214 1290 ι
2250 1240 2356 1294 Καὶ
2409 1238 2638 1315 ἐξελθφν
2695 1240 2995 1310 ἠκολούθει
3053 1244 3224 1316 αὐτῷ.
3285 1245 3396 1301 Καὶ
3466 1243 3572 1298 οὐκ
3613 1241 3741 1317 ᾔδει
3788 1247 3867 1300 δτι

2189 1352 2218 1381 ‹‹
2252 1326 2454 1398 ἀληθές
2485 1328 2597 1384 ἐστι
2643 1332 2706 1385 τὸ
2734 1333 3012 1406 γενόμενον
3073 1330 3162 1388 διὰ
3215 1337 3314 1389 τοῦ
3382 1331 3664 1408 ἀγγέλου·
3699 1331 3867 1389 ἐδόκει

2190 1442 2217 1468 ‹‹
2253 1415 2308 1472 δὲ
2339 1417 2521 1491 ὅραμα
2581 1417 2820 1494 βλέπειν.
2881 1421 3192 1485 Διελθόντες
3251 1420 3311 1478 δὲ
3343 1425 3591 1497 πρώτην
3625 1423 3869 1502 φυλακην

2194 1528 2217 1560 α
2250 1507 2340 1562 καὶ
2374 1504 2646 1582 δευτέραν,
2704 1509 2875 1578 ἦλθον
2935 1510 3023 1566 ἐπὶ
3080 1513 3180 1581 τὴν
3235 1511 3429 1582 πύλην
3485 1513 3592 1580 τήν
3625 1505 3866 1586 σιδηρᾶν,

2191 1619 2219 1647 ι(
2250 1597 2348 1666 τὴν
2383 1596 2646 1671 φέρουσαν
2678 1597 2753 1660 εἷς
2788 1601 2886 1669 τὴν
2943 1597 3130 1668 πόλιν,
3192 1597 3316 1670 ἥτις
3372 1601 3684 1674 αὐτομάτη
3717 1603 3867 1671 ἠνοί-

2188 1686 2363 1759 «χθη
2430 1684 2638 1748 αὐτοῖς.
2724 1687 2821 1741 Καὶ
2900 1686 3203 1760 ἐξελθόντες
3281 1687 3628 1764 προσῆλθον
3692 1690 3864 1764 ῥύμην

424 1806 451 1835 ‹‹
485 1787 905 1855 processerunt
935 1781 1125 1834 vicum
1156 1794 1365 1843 unum,
1400 1782 1458 1830 et
1494 1776 1775 1830 continuo
1807 1772 2081 1828 discessit

2196 1797 2220 1824 ιι
2256 1774 2406 1845 μίαν,
2457 1774 2548 1828 καὶ
2609 1773 2804 1836 εὐθέως
2861 1776 3066 1848 ἀπέσϐη
3123 1779 3152 1833 ὁ
3218 1776 3462 1854 ἄγγελος
3527 1778 3625 1834 ἀπ’
3687 1778 3866 1834 αὐτοῦ.

423 1895 449 1922 ‹‹
489 1873 732 1944 angelus
765 1871 836 1926 ab
870 1887 958 1926 eo.
995 1871 1064 1922 Et
1097 1869 1300 1924 Petrus
1345 1867 1417 1921 ad
1461 1883 1522 1920 se
1569 1881 1859 1925 reversus,
1895 1863 2078 1918 dixit:

425 1985 451 2012 ‹‹
487 1964 651 2016 Nunc
684 1961 805 2014 scio
839 1975 970 2013 vere
1023 1957 1178 2028 quod
1229 1956 1459 2010 miserit
1491 1955 1776 2009 Dominus
1805 1953 2081 2024 angelum

431 2073 453 2102 ι
489 2067 684 2115 suum,
714 2055 772 2104 et
797 2048 1082 2118 eripuerit
1105 2063 1199 2101 me
1223 2046 1296 2100 de
1321 2062 1500 2100 manu
1533 2043 1777 2098 Herodis
1801 2041 2081 2112 omnique

432 2163 453 2191 ι
492 2139 931 2210 exspectatione
964 2137 1152 2208 plebis
1183 2135 1542 2191 Judaaorum.
1578 2155 1606 2182 »ι

501 2231 645 2284 Cum
669 2227 952 2282 Dominus
975 2225 1284 2296 discipulis
1316 2223 1549 2278 dixerit.
1575 2247 1602 2273 ι(
1627 2225 1706 2278 Ne
1731 2219 2084 2293 possideatis

427 2335 641 2375 aurum
673 2333 865 2388 neque
899 2321 1229 2387 argentum.
1265 2331 1462 2385 neque
1502 2313 1648 2368 duas
1681 2313 1935 2374 tunicas,
1971 2327 2082 2365 ne-

432 2424 545 2478 que
570 2407 992 2464 calceamenta.
1018 2419 1210 2474 neque
1232 2418 1660 2472 zonam.neque
1684 2400 1956 2455 baculum
1977 2397 2083 2462 9’,»

429 2495 726 2566 quomodo
761 2496 966 2548 Petrus
997 2500 1205 2548 contra
1263 2492 1494 2547 Domini
1543 2493 1776 2562 jussum
1810 2489 2082 2552 faciebat,

431 2585 573 2641 duas
609 2585 842 2640 tunicas
895 2583 1122 2637 habens
1173 2598 1498 2653 zonamque
1541 2587 1598 2635 et
1636 2581 2085 2635 calceamenta?

429 2677 722 2730 Prmterea
754 2673 973 2726 Paulus
1013 2688 1248 2741 quoque
1293 2687 1424 2724 cum
1472 2669 1776 2723 Timotheo
1819 2668 2085 2722 scribens

427 2762 834 2838 praeciperet‘,
862 2785 887 2810 α
917 2761 1216 2815 Paznulam
1246 2776 1421 2830 quam
1443 2759 1658 2829 reliqui
1683 2757 1905 2812 Troade
1928 2757 2084 2828 apud

427 2857 707 2924 Carpam,
730 2849 975 2904 veniens
1004 2851 1238 2905 afferas.
1270 2871 1295 2896 ι)
1324 2865 1457 2902 ecce
1483 2847 1776 2918 paenulam
1808 2846 2082 2910 habebat,

427 2959 537 2998 nec
571 2941 786 3012 poterit
844 2939 1145 3009 quispiam
1201 2937 1397 2992 dicere
1453 2935 1610 3008 quod
1669 2935 1917 2991 alteram
1962 2952 2082 2990 non

430 3033 706 3088 habuerit
754 3046 932 3100 quam
991 3029 1276 3102 gestabat.
1339 3032 1426 3083 An
1485 3045 1620 3100 ergo
1679 3027 1910 3082 Christo
1964 3043 2085 3082 non

428 3121 673 3194 paruit?
701 3119 852 3185 Quid
886 3119 1065 3209 igitur
1096 3118 1413 3173 dicendum
1472 3117 1608 3173 est?
1649 3119 1950 3209 Praecepta
1982 3117 2085 3171 illa
2114 3143 2161 3209 Ο

424 3228 544 3266 non
578 3226 832 3280 semper,
875 3208 978 3262 sed
1019 3209 1090 3262 ad
1149 3214 1384 3278 tempus
1445 3208 1732 3262 servanda
1765 3205 2079 3262 dabantur.

425 3299 592 3366 Quod
627 3306 824 3354 autem
857 3299 969 3352 hoc
1000 3315 1199 3352 verum
1253 3299 1346 3355 sit.
1393 3299 1575 3352 Lucas
1609 3297 1968 3367 evangelista
1998 3303 2082 3351 te-

427 3392 633 3441 statur.
661 3385 755 3438 Ait
777 3384 936 3438 enim
959 3385 1257 3438 Christum
1285 3383 1501 3438 dixisse
1525 3384 1854 3455 discipulis:
1886 3385 2085 3449 Quan-

426 3475 500 3529 do
537 3473 670 3526 misi
704 3472 849 3526 vos2
879 3494 906 3520 ‹‹
959 3472 1086 3526 sine
1149 3472 1358 3526 loculis
1418 3478 1473 3526 et
1531 3489 1672 3543 pera
1723 3489 1983 3543 zonaque
2015 3489 2082 3527 ac

427 3561 902 3623 calceamentis,»
919 3577 1063 3615 num
1089 3560 1316 3631 aliquid
1342 3561 1527 3615 defuit
1554 3546 1941 3616 vobis'?Aiunt
1964 3561 2080 3615 illi:

428 3652 603 3707 Nihil.
643 3651 796 3706 Dicit
830 3656 1027 3704 autem
1060 3650 1144 3703 eis
1180 3666 1192 3704 :
1231 3651 1410 3722 Igitur
1448 3650 1728 3721 deinceps
1762 3650 2078 3721 possidete.

433 3743 644 3795 Verum
680 3756 855 3810 quam
894 3740 966 3793 ob
999 3755 1236 3794 causam
1272 3739 1328 3792 id
1363 3747 1505 3794 tunc
1537 3737 1948 3812 praeceperat?
1977 3738 2085 3792 Vo-

427 3833 559 3887 lens
592 3833 917 3903 potentiam
953 3849 1120 3886 suam
1154 3831 1485 3885 ostendere.
1523 3837 1810 3884 Caeterum
1849 3829 1895 3883 si
1931 3831 2081 3884 Pau-

427 3923 550 3976 lum
582 3921 819 3976 unicam
845 3921 1109 3975 tunicam
1137 3921 1352 3974 habere
1376 3920 1654 3991 oportuit.
1680 3921 1726 3973 si
1748 3919 1908 3972 illam
1933 3918 2081 3973 lava-

431 4027 494 4065 re
527 4011 932 4071 conveniebat.
993 4027 1068 4064 an
1125 4010 1349 4064 nudum
1411 4009 1571 4063 domi
1634 4009 1838 4063 sedere
1888 4008 2082 4078 ipsum

441 4100 822 4170 oportuisset,
847 4105 947 4153 aut
979 4099 1201 4153 nudum
1225 4099 1537 4153 circumire
1569 4115 1635 4152 ac
1668 4097 1995 4152 verecunde.
2022 4114 2083 4152 se

447 4206 651 4262 gerere
683 4196 922 4243 vocante
957 4205 1161 4243 necess
1187 4189 1355 4243 tate?
1414 4190 1538 4242 Non
1595 4187 1854 4258 oportuit
1887 4187 2085 4256 itaque

432 4279 704 4337 Paulum.
739 4278 835 4348 qui
871 4285 1113 4350 propter
1164 4284 1249 4331 ιυι
1301 4277 1587 4347 praeclara
1617 4275 1880 4330 facinora
1910 4291 2086 4330 mun-

428 4367 570 4423 dum
601 4367 975 4424 circumibat.
1013 4367 1084 4420 ob
1118 4366 1280 4436 pallii
1315 4365 1705 4437 indigentiam
1739 4363 1897 4419 domi
1931 4363 2084 4419 desi-

424 4455 586 4524 dere,
622 4473 688 4511 ac
720 4456 1061 4528 hujusmodi
1095 4455 1267 4509 rebus
1299 4455 1599 4525 impediri.
1634 4453 1782 4518 Quid
1809 4459 2006 4508 autem
2037 4455 2084 4508 si

421 4547 742 4600 vehemens
764 4545 928 4616 algor
954 4543 1241 4615 urgeret?
1269 4544 1316 4596 si
1343 4543 1518 4598 etiam
1554 4559 1768 4615 magna
1795 4541 1990 4613 pluvia
2019 4541 2082 4595 in

429 4651 562 4690 eum
596 4633 1023 4697 descendisset,
1057 4632 1352 4704 quomodo
1387 4632 1587 4689 tunica
1619 4648 1795 4703 quam
1827 4637 2084 4704 gestaret

433 4723 715 4778 exsiccari
746 4729 963 4792 posset,
989 4739 1064 4777 an
1096 4739 1332 4778 rursum
1357 4727 1657 4794 oporteret
1679 4721 1902 4777 nudum
1925 4719 2085 4775 sede-

427 4827 490 4865 re
513 4810 690 4874 ‘?Quid
720 4817 1005 4880 praeterea
1032 4812 1078 4865 si
1115 4828 1327 4882 corpus
1353 4811 1769 4882 prostravisset
1795 4810 2081 4879 frigus,an

427 4899 734 4953 tabescere
766 4903 1066 4967 oporteret
1083 4906 1141 4951 et
1157 4917 1276 4953 non
1301 4900 1462 4970 loqui
1484 4901 1512 4954 ‘I
1532 4903 1563 4952 Ι
1579 4900 1672 4954 07
1701 4901 1769 4953 Et
1789 4897 1931 4968 quid
1951 4915 2080 4952 esse

429 4991 630 5060 posset
663 4985 773 5039 hac
808 5000 869 5038 re
903 4985 1177 5040 miserius
1208 4988 1234 5040 ?
1278 5004 1470 5058 neque
1503 4989 1661 5043 enim
1694 4987 2083 5042 adamantina

427 5093 674 5148 corpora
695 5074 838 5145 ipsis
865 5073 1002 5128 data
1024 5081 1210 5128 erant.
1233 5076 1378 5140 Quid
1405 5093 1539 5144 ergo
1557 5077 1585 5131 ἱ)
1617 5077 1887 5147 perirene
1916 5092 2084 5146 opor-

426 5165 622 5220 teret?
653 5167 1059 5234 Nequaquam.
1096 5165 1213 5218 Hoc
1271 5171 1488 5229 autem,
1534 5165 1686 5220 sicut
1715 5165 1936 5219 dictum
1971 5169 2079 5232 est,

2199 1885 2221 1916 σ
2258 1862 2359 1918 Καὶ
2393 1864 2420 1917 ὁ
2454 1864 2661 1936 Πέτρος
2722 1866 3014 1939 γενόμενος
3076 1864 3130 1921 ἐν
3180 1868 3383 1939 ἑαυτῷ,
3423 1868 3569 1923 εἴπεο
3606 1872 3720 1924 Νῦν
3751 1864 3868 1921 οἶδα

2194 1977 2220 2003 ‹‹
2255 1950 2500 2022 ἀληθῶς,
2559 1951 2642 2008 ὅτι
2684 1952 3022 2022 ἐξαπέστειλε
3081 1956 3278 2032 Κύριος
3336 1958 3436 2012 τὸν
3496 1954 3738 2032 ἄγγελον
3768 1955 3863 2011 αύ-

2195 2045 2375 2108 «τοῦ,
2407 2042 2497 2096 καὶ
2532 2041 2763 2112 ἐξείλετό
2817 2064 2883 2116 με
2937 2043 2996 2099 ἐκ
3052 2045 3241 2122 χειρὸς
3297 2044 3594 2122 Ἡρώδου,
3637 2047 3728 2101 καὶ
3761 2046 3863 2099 πά-

2199 2154 2220 2180 σ
2257 2150 2354 2199 σης
2384 2137 2484 2199 τῆς
2514 2129 2843 2206 προσδοκίας
2875 2134 2972 2188 τοῦ
3005 2131 3142 2190 λαοῦ
3170 2139 3276 2190 τῶν
3308 2132 3633 2192 Ἰουδαίων.
3668 2161 3696 2187 ››

2264 2224 2372 2277 Τοῦ
2432 2221 2635 2296 Κυρίου
2692 2221 2934 2284 ε’πόντος
2990 2229 3108 2288 τοῖς
3171 2226 3476 2296 μαθηταῖς,
3531 2249 3561 2276 ‹‹
3598 2226 3688 2294 Μὴ
3722 2225 3857 2293 κτή-

2195 2311 2358 2379 σησθε
2415 2312 2615 2386 χρυσὸν
2678 2309 2820 2384 μηδὲ
2905 2311 3167 2389 ἄργυρον,
3225 2312 3372 2386 μηδὲ
3438 2312 3541 2370 δύο
3605 2319 3856 2389 χιτῶνας,

2199 2396 2339 2472 μηδὲ
2370 2397 2717 2474 ὑποδήματα,
2777 2399 2918 2474 μηδὲ
2978 2403 3173 2472 ζώνην,
3226 2399 3370 2476 μηδὲ
3406 2398 3650 2480 ῥάϐδον,
3687 2427 3712 2454 ››
3744 2405 3854 2463 πῶς

2195 2490 2224 2543 ὁ
2258 2491 2458 2562 Πέτρος
2515 2490 2661 2564 παρὰ
2717 2491 2780 2545 τὸ
2830 2491 3156 2566 πρόσταγμα
3214 2492 3414 2562 ἐποίει,
3461 2492 3618 2568 ἔχων
3671 2494 3854 2565 ἱμάτια

2194 2578 2284 2632 καὶ
2347 2581 2521 2649 ζώνην
2581 2580 2669 2633 καὶ
2733 2577 3102 2653 ὑποδήματα;
3160 2581 3280 2638 Ἔτι
3333 2579 3397 2637 δὲ
3451 2583 3548 2637 καὶ
3581 2584 3610 2637 ὁ
3647 2579 3853 2641 Παῦλος

2195 2666 2318 2720 ὅταν
2353 2663 2715 2742 παραγγέλλῃ
2746 2670 3006 2741 Τιμοθέῳ
3055 2669 3306 2748 γράφων,
3339 2673 3457 2728 Τὸν
3494 2668 3771 2745 φαιλόνην
3802 2666 3854 2722 ὅν

2194 2754 2461 2810 ἀπέλιπον
2514 2754 2566 2810 ἐν
2627 2755 2840 2832 Τρωᾶδι
2895 2759 3046 2834 παρὰ
3105 2761 3328 2834 Κάρπῳ,
3365 2760 3684 2836 ἐρχόμενος
3719 2756 3855 2836 φέρε,

2194 2842 2314 2899 ἱδου
2374 2844 2641 2924 φαιλόνην
2699 2848 2866 2923 εἶχεν,
2924 2847 3014 2903 καὶ
3055 2849 3156 2904 οὐκ
3215 2851 3273 2904 ἄν
3330 2845 3464 2925 ἔχοι
3525 2871 3611 2911 τις
3671 2847 3854 2914 εἰπεῖν,

2195 2933 2278 2990 ὅτι
2311 2934 2400 2989 καὶ
2428 2933 2612 3009 ἓτερον
2643 2934 2740 2992 οὐκ
2797 2937 2946 3016 εῖχεν
2988 2936 3046 2992 ὅν
3103 2936 3306 3017 ἐφόρει.
3361 2941 3514 3014 ’Δρα
3544 2941 3856 3014 παρήκουσε

2193 3027 2289 3077 τοῦ
2328 3027 2612 3098 Χριστοῦ;
2646 3023 2711 3081 Τί
2766 3025 2857 3078 οὗν
2915 3024 3096 3094 ἐστιν;
3157 3026 3238 3082 Ἱὰ
3294 3024 3654 3101 ἐπιτάγματα
3685 3025 3854 3080 ἐκεῖνα

2194 3114 2329 3187 πρὸς
2358 3114 2544 3189 καιρὸν
2589 3114 2678 3183 ἦν,
2735 3115 2826 3168 καὶ
2887 3114 2948 3169 οὗ
3008 3111 3097 3170 διὰ
3152 3115 3373 3176 παντός.
3409 3117 3532 3171 Ὀτι
3569 3115 3627 3172 δὲ
3657 3111 3851 3184 ἀληθές

2192 3201 2323 3270 ἐστι,
2356 3209 2562 3262 Λουκᾶς
2599 3205 2627 3256 ὁ
2679 3203 3074 3278 εὐαγγελιστὴς
3134 3211 3420 3280 μαρτυρεῖ.
3457 3207 3608 3277 Φησί
3640 3205 3744 3281 γὰρ
3782 3202 3853 3256 εί-

2182 3293 2413 3367 ορηκένπιι
2468 3292 2557 3347 τὸν
2615 3293 2842 3366 Χριστὸν
2893 3297 3009 3354 τοῖς
3070 3295 3360 3364 μαθηταῖς·
3395 3295 3532 3352 ’Ὸτε
3563 3287 3848 3348 ἀπέστειλα

2193 3381 2330 3453 ὑμᾶς
2387 3406 2415 3432 ‹‹
2458 3379 2583 3455 ἄτερ
2644 3380 2959 3456 βαλαντίου,
3020 3380 3109 3436 καὶ
3167 3384 3368 3458 πήρας,
3401 3385 3498 3438 καὶ
3531 3382 3732 3453 ζώνης,
3763 3377 3847 3433 καὶ

2193 3469 2588 3542 ὑποδημάτων,
2623 3493 2650 3521 ››
2731 3472 2806 3543 μή
2863 3492 2915 3525 τι
2977 3471 3265 3545 ὑστέρησεν
3327 3471 3512 3545 ὑμῖν;
3595 3472 3840 3547 Λέγουσιν

2189 3559 2358 3630 αὐτῷ.
2392 3555 2490 3615 Οὔ.
2527 3558 2682 3632 Λέγει
2717 3556 2773 3613 δέ
2825 3559 3028 3620 αὐτοῖς·
3085 3560 3290 3615 Οὐκοῦν
3323 3560 3533 3617 λοιπὸν
3564 3565 3848 3631 κτήσασθε.

2189 3648 2346 3709 Τίνος
2405 3646 2461 3702 δὲ
2515 3644 2692 3702 ἕνεκεν
2749 3652 2911 3704 τοῦτο
2971 3647 3093 3704 τότε
3150 3648 3404 3724 ἐπέταξες
3471 3653 3587 3720 Τὴν
3637 3648 3852 3720 δύναμιν

2189 3734 2355 3791 αὐτοῦ
2389 3733 2554 3806 δεῖξαι
2609 3733 2970 3811 βουλόμενος.
3028 3738 3096 3795 El’
3150 3737 3332 3794 τοίνυν
3365 3737 3486 3796 ἔδει
3523 3739 3616 3796 ἕνα
3648 3741 3849 3814 χιτῶνα

2190 3816 2335 3899 ἔχειν
2382 3823 2621 3892 Παῦλον,
2681 3825 2726 3881 εί
2773 3826 2993 3882 πλύνειν
3055 3827 3212 3881 αὐτὸν
3273 3821 3402 3897 ἔδει,
3434 3831 3660 3905 -γυμνὸν
3694 3825 3848 3882 αὐτὸν

2191 3912 2361 3988 ἐχρῆν
2391 3919 2534 3969 οἴκοι
2565 3917 2854 3986 καθῆσθαι,
2911 3915 2946 3985 ἢ
3007 3915 3209 3990 γυμνὸν
3244 3919 3522 3990 περιιέναι
3555 3917 3647 3974 καὶ
3678 3917 3849 3992 ἀσχη-

2195 4009 2378 4076 μονεῖν
2437 4004 2628 4082 χρείας
2683 4001 2999 4073 καλούσης
3058 4005 3170 4060 Οὐκ
3225 4003 3333 4061 ἔδει
3379 4009 3685 4084 τοιγαροῦν
3719 4006 3852 4059 υαῦ⁸

2185 4089 2288 4147 λον
2376 4093 2464 4146 ἐπὶ
2551 4093 2835 4155 τοσούτοις
2920 4095 3312 4169 κατορθώμασι
3405 4098 3703 4172 περιιόντα
3756 4093 3847 4160 τὴν

2191 4179 2520 4254 οἰκουμένην
2609 4179 2677 4236 δι’
2762 4182 2986 4255 ἱματίου
3072 4176 3275 4238 ἔνδειαν
3355 4184 3505 4242 ο”κοι
3563 4185 3843 4254 καθῆσθαι,

2190 4270 2279 4325 καὶ
2336 4267 2693 4338 τηλικούτοις
2750 4270 3066 4347 πράγμασιν
3136 4270 3474 4346 ἐμποδίζειν.
3547 4275 3613 4332 Τί
3671 4270 3747 4341 δὲ,
3801 4268 3846 4322 εἱ

2190 4359 2398 4434 κρυμὸς
2450 4358 2672 4429 ἐπετέθη
2729 4356 2983 4436 σφοδρὸς,
3067 4360 3156 4414 καὶ
3247 4357 3562 4437 κατέϐρεξεν
3631 4362 3666 4430 ἢ
3719 4354 3844 4412 ἐπά-

2192 4467 2408 4524 γωσεν;
2470 4450 2526 4504 δν
2617 4447 2798 4528 ἐφόρει
2890 4453 3096 4524 χιτῶνα
3175 4454 3293 4512 πῶς
3367 4453 3426 4506 ἄν
3507 4448 3836 4526 ξηραίνεσθαι

2191 4542 2297 4609 iv;
2363 4540 2436 4596 "li
2503 4536 2669 4592 πάλιν
2745 4540 2952 4614 γυμνὸν
3016 4537 3187 4616 ἐχρῆν
3261 4543 3576 4611 καθῆσθαις
3644 4541 3695 4595 τί
3761 4532 3832 4602 δὲ,

2193 4625 2240 4682 εἷ
2299 4628 2476 4702 ψύχος
2531 4621 2802 4681 κατέτεινε
2879 4628 2940 4682 τὸ
3027 4633 3209 4702 σῶμα,
3266 4632 3525 4700 τήκεσθαι
3587 4624 3694 4684 ἔδει
3750 4621 3834 4680 καὶ

2195 4719 2271 4792 μὴ
2329 4715 2690 4794 (ιςθέγγεσθαη
2742 4717 2832 4770 καὶ
2881 4715 2936 4771 τί
2993 4716 3053 4772 ἃν
3111 4716 3195 4788 εἲη
3251 4718 3448 4774 τούτου
3512 4716 3830 4796 χαλεπώτε-

2191 4827 2324 4883 ρονι.
2385 4806 2510 4862 οὐδὲ
2577 4806 2683 4882 γὰρ
2749 4803 3081 4880 ἀδαμάντινα
3157 4809 3386 4880 σώματα
3457 4813 3647 4873 αὐτοῖς
3710 4824 3832 4861 κατ·

2192 4897 2496 4953 εσκεύαστο.
2551 4896 2617 4953 Τί
2675 4894 2803 4965 οὖν;
2864 4893 3209 4952 ἀπόλλυσθαι
3274 4898 3482 4978 ἐχρῆν;
3543 4896 3824 4968 Οὐδαμῶς.

2189 4990 2361 5040 Τοῦτο
2412 4983 2488 5054 δὲ,
2547 4985 2731 5046 κακὼς
2778 4983 3016 5059 εἳρηται,
3045 4984 3168 5040 τότε
3215 4985 3450 5060 ἐπέταξε,
3476 4990 3574 5056 τὴν
3609 4985 3825 5054 δύναμιν

2189 5074 2354 5130 αὑτοῦ
2397 5072 2562 5145 δεῖξαι
2598 5071 2959 5149 βουλόμενος,
2992 5073 3074 5130 ὅτι
3126 5072 3337 5139 οὐδενὸς
3378 5082 3485 5135 τῶν
3516 5070 3829 5145 ἐπιτηδείων

2192 5163 2601 5239 ὑστεράσουσιν.

425 5263 566 5310 tunc
591 5257 874 5325 jusserat,
909 5271 1077 5308 suam
1113 5254 1320 5309 volens
1349 5255 1661 5308 ostendere
1693 5255 2038 5325 potentiam.
2073 5254 2229 5324 quod
2263 5256 2427 5310 nulla
2457 5272 2519 5310 re
2552 5253 2625 5309 ad
2656 5254 2833 5308 vitam
2865 5256 3204 5312 necessaria
3234 5264 3527 5316 carerent.

501 5346 619 5405 ΧΠ,
660 5347 721 5396 l2
756 5347 836 5397 15.
874 5367 898 5392 α
940 5345 1005 5398 Et
1060 5343 1200 5398 dum
1261 5347 1647 5416 cognovisset,
1689 5344 1846 5398 venit
1878 5342 1953 5397 ad
1984 5341 2086 5396 do-

433 5457 461 5484 «
496 5450 660 5487 mum
695 5433 893 5487 Maria:
922 5434 1125 5487 matris
1143 5435 1407 5498 Joannis,
1429 5435 1526 5505 qui
1561 5431 2092 5502 cognominabatur

438 5541 461 5571 ι
494 5524 742 5590 Marcus,
775 5521 876 5577 ubi
901 5530 1069 5579 erant
1090 5524 1611 5597 multicongregati
1635 5529 1693 5580 et
1717 5519 2091 5578 orantes.Ubi

500 5701 549 5741 νο
576 5702 788 5761 Matth.
820 5719 876 5766 κ.
915 5705 1000 5758 ιο.
1080 5703 1098 5737 ί
1131 5705 1180 5760 II
1208 5703 1355 5761 Tim.
1390 5721 1462 5771 ιν,
1498 5705 1581 5759 43.

1657 5703 1680 5740 ³
1709 5703 1846 5761 Luc.
1875 5719 2014 5771 nn,
2045 5703 2136 5757 38.

2270 5366 2298 5394 ‹‹
2334 5340 2574 5396 Συνιδών
2614 5362 2692 5409 τε,
2749 5339 2912 5409 ἦλθεν
2963 5341 3051 5396 ἐπὶ
3110 5345 3208 5413 τὴν
3269 5346 3445 5402 οἰκίαν
3505 5342 3703 5418 Μαρίας
3731 5342 3824 5404 τῆς

2204 5457 2229 5490 (ι
2268 5432 2476 5506 μητρὸς
2525 5429 2778 5484 Ἰωάννου
2833 5434 2934 5484 τοῦ
2990 5429 3422 5507 ἐπικαλουμένου
3471 5433 3711 5508 Μάρκου,
3765 5423 3823 5479 οὗ

2209 5515 2396 5585 ιῆσαν
2463 5509 2638 5565 ἱκανοὶ
2701 5513 3152 5586 συνηθροισμένοι
3233 5517 3323 5570 καὶ
3403 5511 3818 5596 προσευχόμενοι
