4112 6250
297 317 404 377 19⁸1

1270 319 1694 419 comam.
1740 275 1830 379 lN
1877 271 2083 380 ACTA
2129 268 2748 412 ‘APOSTOLORUM.
2798 400 2801 401 γ

3616 321 3730 380 198

286 442 706 520 Διιιίροόσαντος
741 448 801 506 δὲ
846 453 949 507 τοῦ
1007 450 1218 527 Πέτρου
1275 452 1372 521 τὴν
1425 450 1587 527 θύραν
1636 454 1734 507 τοῦ
1780 448 1975 506 πυλῶ-

2106 475 2120 507 ι
2153 460 2351 509 autem
2378 453 2675 526 pulsasset
2703 453 2917 510 ostium
2953 451 3246 515 vestibuli,
3279 453 3500 526 prodiit
3534 454 3732 527 puella

307 564 334 591 α
363 561 481 608 νος,
512 538 807 614 προσῆλθε
836 539 1103 613 παιδίσκη
1141 542 1458 609 ὑπακοῦσαι,
1495 541 1723 616 ὀνόματι
1780 538 1968 611 Ῥόδη,

310 652 340 682 ιι
369 631 459 684 καὶ
490 628 793 705 ἐπιγνοῦσα
821 633 923 701 τήν
956 634 1140 709 φωνὴν
1172 636 1267 686 τοῦ
1303 634 1531 706 Πέτρου,
1564 631 1668 685 ἀπὸ
1717 636 1815 700 τῆς
1866 650 1976 705 χα-

310 745 339 774 α
374 726 472 796 pi:
508 722 615 776 οῦκ
642 722 828 794 ἤνοιξε
856 722 949 775 τὸν
982 720 1231 796 πυλῶνα,
1265 718 1631 796 εἰσδραμοῦσα
1680 718 1737 776 δὲ
1790 720 1974 797 ἀπήγ-

322 832 352 861 ››
386 809 569 887 γειλεν
603 812 817 866 ἑστάναι
850 813 939 866 τὸν
980 815 1180 884 ΙΙὲτρον
1209 811 1314 880 πρὸ
1347 816 1445 865 τοῦ
1492 808 1766 872 πυλῶνος.
1828 812 1889 863 Οἱ
1920 806 1979 865 δὲ

325 920 353 949 α
382 903 521 974 πρὸς
550 902 719 971 αὐτὴν
754 903 935 971 εἷπον,
970 904 1153 976 Μαίνῃ
1182 921 1196 972 ;
1222 903 1286 959 Ἠ
1346 897 1405 956 δὲ
1457 898 1834 981 διισχυρίζετο
1883 901 1979 956 οὕ-

333 1017 353 1040 0
388 1012 499 1050 τως
535 989 704 1065 ἔχειν,
742 1016 772 1041 )›

394 1081 466 1138 Τί
498 1082 631 1149 ἔστι,
664 1102 688 1125 α
722 1078 951 1135 συνιδών
978 1100 993 1149 ;
1027 1108 1051 1132 π
1086 1082 1210 1138 "Oti
1244 1078 1350 1155 οὐχ
1374 1078 1564 1141 ἁπλῶς
1593 1077 1845 1143 ἀπελθεῖν
1879 1075 1979 1147 δεῖ,

326 1169 455 1225 ἀλλ’
495 1169 827 1244 ἀμείψασθαι
881 1173 975 1224 τὸν
1036 1170 1321 1245 εὐεργέτην
1389 1193 1416 1220 ‹‹
1449 1171 1560 1226 Τοῦ
1614 1166 1980 1241 ἐπικαλουμέ-

327 1282 428 1314 νου
460 1261 703 1333 Μάρκου,
742 1285 769 1311 ››
803 1261 915 1316 Ἵνα
976 1257 1120 1333 δείξῃ
1181 1258 1263 1313 ὅτι
1321 1258 1385 1313 οὐ
1448 1262 1544 1312 τοῦ
1600 1257 1681 1313 ἀεὶ
1735 1257 1982 1319 συνόντος

326 1348 518 1409 αὐτοῖς
578 1347 832 1403 Ἰωάννου
892 1350 991 1416 τήν
1051 1350 1259 1423 μητέρα
1320 1348 1476 1421 φησί,
1542 1346 1631 1401 καὶ
1688 1348 1751 1402 τὸ
1808 1347 1981 1421 παρά-

325 1458 509 1510 σημον
564 1436 728 1491 αὐτοῦ
800 1436 1026 1503 τέθεικε,
1111 1436 1241 1511 φησὶ
1320 1437 1448 1510 γὰρ,
1509 1460 1537 1490 ι(
1598 1437 1710 1492 Τοῦ
1796 1435 1985 1491 ἐπικα-

324 1525 611 1598 λουμένου
641 1524 889 1601 Μάρκου.
928 1550 955 1576 η
1003 1526 1175 1587 Οὗτος
1231 1522 1289 1580 δέ
1341 1525 1431 1594 ἦν,
1496 1526 1523 1579 ὁ
1579 1524 1669 1579 καὶ
1727 1526 1788 1580 τὸ
1853 1526 1987 1580 κατᾶ

323 1618 552 1691 Μάρκον
616 1613 945 1690 Εῦαγγέλιον
1002 1616 1479 1694 συγγραψάμενος,
1513 1614 1791 1690 ὁάνεψιὸς
1846 1621 1987 1691 Βαρ-

323 1700 488 1772 ναϐα,
543 1706 669 1778 περὶ
731 1705 792 1758 οὗ
853 1706 1070 1767 Παῦλος
1123 1705 1319 1781 γράφει
1376 1702 1651 1777 Τιμοθέῳ
1712 1703 1991 1779 «Μάρκον

2081 565 2108 593 ιι
2132 551 2196 598 ιιι
2220 544 2720 610 subauscultaret,
2754 546 2996 600 nomine
3030 544 3253 613 Rhode,
3290 546 3569 616 etagnita
3591 563 3730 601 voce

2082 653 2106 682 ι
2142 634 2320 699 Petri,
2346 653 2464 706 prae
2488 635 2701 707 gaudio
2726 653 2846 690 non
2869 636 3102 707 aperuit
3122 636 3614 701 vestibulum,sed
3638 636 3730 691 in-

2081 745 2108 773 «
2146 729 2486 780 trocurrens
2516 724 2879 781 renuntiavit
2912 731 3066 780 stare
3101 730 3337 780 Petrum
3370 732 3506 780 ante
3552 726 3732 780 vesti-

2085 813 2366 870 «bulum.
2404 821 2475 869 At
2502 815 2586 869 illi
2622 816 2899 871 dixerunt
2929 816 3004 871 ad
3062 832 3193 871 eam
3225 832 3237 871 :
3292 816 3577 872 Insanis?
3624 816 3734 871 Illa

2084 928 2110 952 u
2152 920 2281 960 vero
2314 904 2653 961 afﬁrmabat
2683 906 2766 962 sic
2799 922 2860 961 se
2891 906 3131 962 habere.
3168 929 3196 956 »

2157 1082 2306 1148 Quid
2322 1088 2428 1144 est.
2447 1107 2471 1133 ‹‹
2490 1083 2630 1138 dum
2643 1084 3048 1157 cognovisset?
3065 1106 3092 1133 »
3107 1086 3325 1156 Nempe
3340 1084 3497 1155 quod
3521 1101 3639 1139 non
3656 1090 3744 1139 ut-

2088 1188 2320 1242 cunque
2334 1173 2651 1229 abscedere
2666 1173 3099 1245 0porteret,sed
3120 1174 3274 1229 vices
3292 1174 3620 1245 rependere
3641 1175 3739 1228 be-

2088 1262 2396 1317 nefactori.
2424 1286 2449 1312 ‹‹
2476 1263 2583 1328 Qui
2608 1262 3146 1336 cognominabatur
3163 1264 3409 1329 Marcus,
3442 1288 3462 1315 ι
3494 1264 3565 1319 Ut
3590 1263 3742 1318 scias

2092 1351 2248 1423 quod
2276 1358 2529 1407 matrem
2561 1370 2681 1408 non
2714 1352 2872 1408 dicat
2907 1355 3037 1423 ejus
3067 1353 3331 1420 Joannis,
3365 1353 3465 1424 qui
3509 1369 3748 1424 semper

2093 1458 2227 1497 cum
2257 1442 2341 1497 eis
2374 1448 2637 1498 versatus
2671 1448 2816 1507 erat,
2875 1442 3035 1497 illius
3084 1443 3317 1514 signum
3368 1442 3612 1500 addidit.
3667 1443 3750 1496 ait

2094 1531 2292 1586 enim:
2327 1555 2354 1581 (ι
2390 1532 2497 1597 Qui
2528 1532 3068 1604 cognominabatur
3090 1534 3338 1588 Marcus.
3373 1556 3393 1580 ι
3421 1532 3523 1586 Hic
3543 1538 3746 1587 autem

2097 1627 2221 1675 erat
2253 1622 2352 1691 qui
2386 1621 2766 1691 Evangelium
2803 1622 3132 1677 secundum
3165 1623 3423 1676 Marcum
3476 1623 3748 1676 conscri-

2096 1710 2234 1781 psit,
2259 1728 2443 1782 nepos
2468 1710 2768 1779 Barnabas,
2797 1710 2866 1766 de
2900 1728 3014 1782 quo
3046 1712 3265 1766 Paulus
3310 1710 3523 1766 scribit
3551 1712 3746 1766 Timo-

325 1788 624 1848 ἀναλαϐὼν
683 1794 775 1867 ἆγε
838 1795 973 1867 μετᾶ
1024 1798 1268 1851 σεαυτοῦ.
1351 1795 1510 1850 ’Ἐστι
1593 1794 1694 1869 γάρ
1751 1814 1844 1866 μοι
1904 1790 1987 1848 εὖ·

2106 1800 2233 1854 theo
2266 1816 2278 1853 :
2313 1822 2340 1848 «
2376 1799 2637 1855 Marcum
2670 1807 3043 1872 assumptum
3071 1799 3348 1855 adducito
3379 1816 3502 1854 una
3523 1804 3743 1868 tecum,

328 1905 578 1959 χρηστος
616 1883 689 1943 εἷς
718 1881 1014 1937 διακονίαν.
1050 1905 1073 1928 ι)

400 1999 428 2023 α
466 1974 535 2029 Οἱ
570 1970 631 2025 δὲ
683 1969 893 2045 ἔλεγον,
954 1971 1033 2026 ὅτι
1099 1969 1329 2049 ἃγγελος
1388 1971 1560 2027 αὐτοῦ
1612 1970 1777 2029 ἐστιν.
1829 1971 1890 2027 Ὀ
1933 1966 1991 2024 δὲ

334 2086 361 2115 ιι
392 2062 601 2137 Πέτρος
636 2061 863 2133 ἐπέμενε
901 2061 1138 2136 κρούων.
1198 2061 1534 2131 Ἀνοίξαντες
1591 2056 1647 2115 δὲ
1700 2056 1846 2114 εἶδον
1896 2058 1992 2114 αὐ-

343 2178 371 2204 ιι
393 2153 509 2219 τὸν,
541 2151 635 2205 καὶ
667 2151 983 2221 ἐξέστησαν.
1047 2151 1372 2212 Κατασείσας
1406 2148 1462 2204 δέ
1491 2150 1680 2211 αὐτοῖς
1725 2152 1793 2222 τῇ
1844 2148 1991 2224 χειρὶ

352 2265 380 2293 α
413 2245 581 2313 σιγᾷν.
618 2237 924 2315 διηγήσατο
958 2241 1166 2308 αὐτοῖς,
1197 2245 1313 2300 πῶς
1373 2240 1401 2293 ὁ
1450 2239 1651 2315 Κύριος
1700 2238 1857 2293 αὐτὸν
1909 2238 1992 2308 ἐξ-

369 2357 394 2382 ιι
428 2330 612 2403 τςναγεν
668 2331 729 2385 ἐκ
787 2338 890 2399 τῆς
946 2328 1212 2408 φυλακῆς,
1290 2331 1404 2385 εἶπε
1462 2327 1538 2384 δέ’
1598 2327 1994 2403 Ἀπαγγείλατε

350 2445 377 2471 ιε
410 2415 652 2491 Ἰακώϐῳ
709 2420 802 2474 καί
862 2425 979 2481 τοῖς
1038 2417 1295 2497 ἀδελφοῖς
1352 2424 1540 2475 ταῦτα·
1599 2418 1701 2475 Καὶ
1761 2417 1990 2490 ἐξελθὼν

338 2534 364 2560 α
400 2508 673 2582 ἐκυρώθη
708 2507 787 2569 εἷς
846 2505 1032 2582 ’ἕτερον
1089 2509 1274 2564 τόπον.
1330 2508 1626 2582 Οενομένης
1685 2505 1742 2562 δὲ
1785 2508 1993 2581 ἡμέρας

335 2625 361 2650 u
404 2600 472 2667 ἦν
506 2619 759 2673 ταραχος
790 2597 889 2652 οὐκ
922 2596 1108 2673 ὀλίγος
1137 2598 1187 2653 ἐν
1228 2604 1344 2661 τοῖς
1394 2598 1774 2671 στρατιώταις,
1807 2598 1857 2652 τί
1890 2595 1994 2673 ἄρα

330 2715 355 2741 ις
394 2690 423 2742 ὁ
458 2689 669 2762 Πέτρος
703 2686 941 2762 ἐγένετο.
1000 2685 1251 2762 Ἡρώδης
1312 2685 1367 2743 δὲ
1425 2685 1756 2757 ἐπιζητήσας
1804 2687 1990 2756 αὐτὸν,

336 2780 475 2832 ικαὶ
538 2778 619 2849 μή
678 2777 878 2849 εὑρὼν,
928 2776 1211 2850 ἀνακρίνας
1263 2776 1390 2838 τοῦς
1450 2774 1713 2851 φύλακας,
1775 2774 1993 2830 ἐκέλευ-

325 2894 351 2921 ε
386 2890 474 2922 σεν
513 2868 865 2941 ἀπαχθῆναι,
924 2867 1014 2920 καὶ
1075 2866 1351 2930 κατελθὼν
1404 2866 1509 2921 ἀπὸ
1565 2869 1662 2934 τῆς
1722 2862 1991 2928 Ἰουδαίας

320 2986 347 3011 ιι
384 2957 461 3020 εἷς
522 2958 631 3025 τήν
678 2953 1029 3027 Καισάρειαν,
1092 2950 1371 3029 διέτριϐεν.
1453 2956 1552 3012 Ἦν
1616 2951 1673 3009 δὲ
1737 2951 1991 3029 Ἡρώδης

322 3074 349 3101 u
385 3051 758 3121 θυμομαχῶν
789 3047 1015 3119 Τυρίοις
1041 3048 1130 3101 καὶ
1163 3045 1456 3109 Σιδονίοις.
1518 3042 1903 3121 Ὁμοθυμαδὸν
1934 3043 1993 3099 δὲ

329 3164 355 3191 ιι
397 3136 822 3209 μαρῆσανπρὸς
868 3135 1053 3204 αὐτὸν,
1112 3136 1202 3191 καὶ
1260 3136 1539 3197 πείσαντες
1592 3132 1839 3191 Βλάστον
1895 3134 1990 3189 τὸν

348 3253 375 3279 ιι
402 3228 497 3281 τεπῖ
524 3233 623 3281 τοῦ
650 3233 912 3288 κοιτῶνος
946 3232 1041 3282 σοῦ
1101 3226 1390 3303 βασιλέως,
1446 3227 1678 3303 ᾐτοῦντο
1738 3224 1988 3301 εἰρήνην,

357 3341 387 3367 u
425 3314 520 3367 δια
544 3318 608 3369 τί)
635 3316 906 3391 τρέφεσθαι
940 3316 1118 3372 αὐτῶν
1148 3320 1247 3388 τὴν
1290 3318 1479 3393 χώραν
1539 3315 1646 3371 ἀπὸ
1694 3322 1793 3385 τῆς
1842 3316 1991 3391 βασι·

362 3431 391 3457 α
423 3402 607 3473 λεκῆς.
643 3428 687 3463 ιο,

422 3520 449 3545 η
484 3494 751 3572 Ἀγγελος
784 3496 949 3552 αὐτοῦ
982 3496 1145 3554 ἐστιν.
1176 3518 1201 3548 n
1238 3498 1332 3553 Ἐκ
1389 3496 1587 3551 τούτου
1647 3492 1846 3564 δῆλον,
1908 3490 1991 3550 ὅτι

339 3587 562 3647 ἕκαστος
596 3589 759 3656 ἡμῶν
789 3585 1023 3662 ἄγγελον
1066 3579 1203 3661 ἔχει.
1264 3588 1496 3643 Ἐκεῖνοι
1558 3583 1614 3641 δὲ
1665 3589 1827 3641 τοῦτο
1885 3584 1991 3641 ἀπὸ

337 3684 427 3733 103
484 3682 681 3751 7.1905
736 3675 1166 3751 προσεδόκησαν.
1224 3676 1368 3748 Φησῖ
1422 3677 1541 3752 γάρ’
1595 3703 1621 3729 ‹‹
1658 3678 1833 3734 Ὅπου
1888 3676 1992 3731 εἶσὶ

340 3770 661 3843 συνηγμένα
704 3768 781 3829 ε’ς
811 3770 874 3823 τὸ
907 3769 1038 3842 ἐμὸν
1072 3764 1267 3844 ὄνομα,
1320 3767 1430 3824 ἐκεῖ
1479 3768 1595 3840 εἶμι
1650 3767 1700 3822 ἐν
1760 3768 1930 3840 μέσῳ.
1966 3792 1995 3819 ››

339 3858 473 3913 ὅπου
507 3858 618 3914 Ξὲὸ
657 3859 913 3931 Χριστὸς,
947 3857 1147 3931 ἀνάγκη
1209 3860 1349 3914 εἶναι
1406 3858 1497 3913 καὶ
1554 3856 1845 3932 ἀγγέλους,
1903 3855 1994 3912 καὶ

334 3951 426 4008 1i:
457 3948 596 4009 ὅλας
642 3945 922 4020 δυνάμεις.
955 3969 977 3991 (ί
1012 3947 1275 4017 Ἐξελθὼν
1328 3944 1385 4001 δὲ
1417 3948 1444 4002 ὁ
1476 3946 1679 4022 Πέτρος
1727 3946 1992 4021 ἐπορεύθη

336 4038 409 4099 εἷς
440 4036 636 4112 ἓτερον
666 4037 858 4091 τόπον.
891 4057 917 4085 ι)
952 4036 1027 4093 Οὐ
1066 4037 1167 4112 γὰρ
1227 4037 1472 4111 ἐπείραζε
1530 4035 1620 4091 τὸν
1680 4035 1834 4091 Θεόν.
1903 4044 2000 4090 Δυ-

330 4128 488 4181 νατὸν
528 4124 587 4180 δέ
642 4127 710 4195 ἦν
771 4129 849 4197 τῷ
907 4130 1023 4196 Θεῷ
1074 4127 1158 4179 καὶ
1215 4127 1345 4188 τοὺς
1401 4123 1643 4202 φύλακας
1702 4122 1993 4197 ἐξελέσθαι.

329 4217 495 4276 Ἀλλ’
533 4215 583 4269 εἴ
613 4220 800 4285 τοῦτο,
836 4213 1097 4288 ἐνομίσθη
1156 4212 1215 4269 ἄν
1249 4217 1394 4293 φυγή
1454 4215 1591 4269 εἶναι
1639 4213 1700 4269 τὸ
1749 4220 1993 4287 πρᾶγμα.

333 4305 572 4362 Μᾶλλον
611 4308 715 4381 γὰρ
775 4306 936 4360 αὐτὸν
1002 4305 1190 4361 ἒλυπει
1245 4307 1308 4361 τὸ
1362 4305 1760 4381 ἐμπαιχθῆναι,
1816 4301 1996 4379 ὥσπερ

338 4397 448 4450 ὑπὸ
480 4399 592 4449 τίὐν
629 4394 844 4468 μάγων,
902 4394 993 4448 τὸν
1054 4394 1216 4450 αὐτοῦ
1272 4394 1490 4450 πάππον
1554 4391 1768 4468 μᾶλλον
1827 4393 1995 4448 ἐποίει

331 4485 800 4560 ὃιαπρίεσθαικαῖ
844 4483 1242 4560 καταγέλαστον
1305 4488 1464 4541 εἶναι.
1527 4485 1650 4559 [Διά
1698 4485 1749 4540 τί
1800 4482 1858 4540 δὲ
1918 4486 1994 4558 μὴ

324 4574 424 4631 καί
486 4576 547 4629 οἱ
600 4572 832 4635 κόλακες
891 4574 1261 4644 κολάζονται;

332 4665 479 4735 ἄξιοι
514 4663 813 4737 τιμωρίας.
850 4661 1005 4720 Ἀλλ’
1035 4662 1148 4719 ἐπεὶ
1180 4664 1409 4737 κρίσεως
1470 4663 1569 4719 οῦκ
1618 4661 1730 4719 ἔστι
1783 4664 1999 4738 καιρὸς,

328 4756 358 4809 ὁ
397 4755 650 4827 μάλιστα
681 4753 975 4814 ὕπεῦθυνος
1000 4751 1337 4827 κολάζεται.]

410 4869 435 4895 (ι
482 4846 681 4903 Τακτῆ
715 4839 983 4913 δέῦμέρᾳ
1013 4843 1040 4896 ὂ
1095 4840 1353 4916 Ἠρώδης
1402 4840 1754 4915 ἐνδεδυμένος
1803 4841 1999 4911 ἐσθῆτα

332 4958 365 4983 ιι
406 4930 734 5008 βασιλικήν,
769 4931 858 4986 καί
887 4934 1111 4995 καθίσας
1162 4932 1248 4986 ἐπὶ
1306 4937 1404 4988 τοῦ
1459 4934 1731 5007 βήματος.
1781 4928 1997 5002 ἐδημη-

339 5023 736 5097 agragas-.190:
786 5021 1003 5083 aiam-Sc.
1062 5028 1119 5080 '0
1180 5021 1236 5078 δὲ
1296 5020 1473 5094 δῆμος
1522 5021 1800 5099 ἐπεφώνει.
1866 5021 1998 5076 Θεοῦ

332 5136 359 5166 ι
403 5114 588 5189 φυνὴ,
647 5111 732 5165 καί
766 5113 866 5167 οῦκ
917 5111 1227 5183 ἀνθρώπου.
1291 5114 1641 5187 Παραχρῆμα
1696 5108 1752 5165 δὲ
1809 5108 2000 5165 ἐπάτα-

402 5204 485 5271 ξεν
522 5202 684 5255 αὑτὸν
720 5199 960 5277 ἅγγελος
992 5200 1217 5275 Κυρίου,
1250 5200 1361 5264 ἀνθ’
1420 5199 1494 5255 ὥν
1546 5221 1645 5254 ουκ
1688 5195 1856 5254 ἔδωκε
1906 5197 1995 5253 δό-

427 5315 489 5345 αν
550 5296 633 5363 τῷ
686 5298 829 5347 Θεω’
887 5290 976 5345 καὶ
1039 5291 1324 5365 γενόμενος
1384 5284 1860 5363 σκωληκόϐρωτος
1918 5287 1999 5358 ἒξ-

398 5294 418 5337 ε

398 5339 418 5361 ἱ

398 5384 607 5457 έψυξεν.
643 5384 702 5439 Ὀ
747 5380 804 5437 δὲ
863 5378 1033 5456 λόγος
1090 5384 1185 5436 τοῦ
1243 5384 1377 5435 Θεοῦ
1434 5377 1619 5453 ηὔξανε
1674 5377 1765 5434 καὶ
1819 5375 1998 5449 ἐπλη-

398 5664 424 5705 ⁸
452 5663 499 5721 Π
524 5666 649 5726 Tim
709 5679 789 5735 xv,
827 5661 917 5715 11.
1000 5658 1022 5693 ⁸
1051 5656 1232 5715 Matth
1285 5674 1441 5721 xvm,
1482 5659 1569 5713 20.

2100 1895 2190 1943 est
2219 1889 2374 1943 enim
2408 1889 2555 1944 mihi
2586 1890 2857 1960 perutilis
2888 1889 2960 1944 ad
2993 1889 3389 1944 ministerium
3421 1887 3463 1943 ³.
3500 1911 3527 1937 ››

2170 1979 2301 2045 Xll,
2338 1980 2399 2033 15
2435 1980 2523 2032 20.
2562 2001 2589 2029 «
2621 1979 2715 2033 llli
2743 1986 2940 2034 autem
2974 1979 3251 2034 dicebant
3283 1996 3294 2031 ε
3334 1978 3584 2046 Angelus
3618 1977 3747 2049 ejus

2103 2088 2127 2119 α
2155 2075 2241 2123 est
2268 2086 2280 2123 :
2307 2071 2514 2124 Petrus
2544 2086 2677 2125 vero
2722 2069 3134 2141 perseverabat
3164 2069 3427 2140 pulsans.
3466 2070 3610 2123 Cum
3642 2084 3748 2123 au-

2102 2180 2129 2207 ‹‹
2155 2163 2272 2211 tem
2298 2159 2692 2230 aperuissent,
2723 2158 2996 2212 viderunt
3024 2174 3161 2213 enm
3193 2164 3252 2212 et
3290 2157 3747 2227 obstupuerunt.

2101 2268 2128 2297 ‹‹
2156 2248 2299 2301 Cum
2328 2248 2623 2302 innuisset
2643 2254 2840 2302 autem
2864 2249 2949 2302 eis
2979 2254 3140 2301 mota
3162 2255 3437 2302 manu.ut
3459 2250 3745 2312 tacerent,

2102 2356 2130 2383 «
2164 2336 2423 2390 narravit
2454 2335 2599 2406 ipsis
2631 2334 2928 2405 quomodo
2963 2335 3263 2389 eduxisset
3295 2350 3429 2388 eum
3462 2335 3748 2388 Dominus

2103 2451 2128 2476 «ι
2153 2442 2453 2483 ecarcere.
2479 2426 2632 2481 etait
2650 2443 2662 2479 :
2682 2427 2958 2480 Nuntiate
2988 2426 3201 2479 Jacobo
3223 2424 3578 2479 etfratribus
3602 2424 3750 2479 haec.

2102 2538 2129 2564 «
2166 2516 2235 2569 Et
2265 2531 2536 2585 egressus
2558 2514 2706 2570 abiit
2735 2515 2794 2568 in
2827 2514 3009 2569 alium
3046 2515 3264 2569 locum.
3301 2512 3407 2569 Ubi
3440 2530 3573 2567 vero
3598 2512 3752 2567 dilu-

2102 2627 2128 2654 «ί
2146 2604 2486 2670 xisset,erat
2504 2604 2759 2660 turbatio
2783 2620 2903 2669 non
2928 2620 3105 2674 parva
3129 2604 3287 2658 inter
3309 2603 3549 2657 milites.
3578 2600 3748 2672 quid-

2102 2716 2130 2743 (ί
2164 2711 2301 2749 nam
2334 2694 2648 2749 accidisset
2677 2693 2749 2748 de
2779 2696 2971 2748 Petro.
3000 2691 3258 2747 Herodes
3281 2700 3479 2747 autem
3502 2708 3634 2746 cum
3659 2707 3751 2745 re-

2104 2805 2133 2833 «
2160 2783 2444 2855 quisisset
2473 2801 2605 2839 eum
2640 2800 2749 2839 nec
2779 2783 3118 2842 invenisset.
3152 2781 3518 2837 examinatos
3549 2786 3748 2836 custo—

2108 2893 2130 2923 ι
2164 2874 2267 2928 des
2298 2874 2473 2945 jussit
2498 2873 2706 2929 abduci
2735 2892 2748 2941 ;
2773 2872 3260 2943 descendensque
3284 2888 3317 2927 a
3336 2871 3537 2927 Judaza
3553 2871 3744 2924 Caesa-

2103 2984 2131 3013 κ
2165 2979 2349 3031 ream,
2384 2962 2463 3017 ibi
2496 2969 2895 3018 commoratus
2928 2968 3034 3016 est.
3068 2964 3205 3016 Erat
3233 2967 3431 3016 autem
3484 2960 3743 3014 Herodes

2104 3075 2131 3103 «
2164 3052 2433 3108 infensus
2465 3052 2652 3124 Tyriis
2673 3069 2740 3107 ac
2773 3051 3050 3105 Sidoniis.
3088 3056 3156 3103 At
3179 3050 3265 3103 illi
3291 3067 3408 3103 uno
3431 3048 3631 3103 animo
3650 3064 3747 3102 ve-

2106 3162 2130 3194 α
2167 3147 2387 3196 nerunt
2416 3141 2489 3196 ad
2522 3158 2696 3195 eum:
2732 3146 2789 3196 et
2817 3156 3099 3211 persuaso
3126 3138 3342 3206 Blasto,
3374 3138 3472 3209 qui
3498 3141 3752 3209 praeerat

2107 3252 2134 3282 «
2167 3230 2439 3286 cubiculo
2478 3230 2633 3302 regis
2664 3229 2945 3301 petebant
2974 3244 3202 3300 pacem,
3263 3244 3330 3283 eo
3398 3227 3551 3283 108
3590 3222 3750 3297 quod

2106 3344 2127 3370 ι
2162 3320 2423 3376 aleretur
2451 3321 2610 3393 regio
2639 3336 2843 3376 eorum
2865 3335 3105 3375 annona
3129 3317 3304 3390 regis.
3347 3336 3371 3361 »

2176 3528 2199 3553 α
2223 3501 2480 3573 Angelus
2498 3500 2627 3571 ejus
2646 3482 2751 3556 est.
2771 3521 2795 3552 ι
2821 3502 2898 3556 Ex
2915 3500 3023 3555 hoc
3038 3499 3421 3555 manifestum
3438 3502 3752 3567 estquem-

2102 3607 2216 3661 que
2249 3597 2516 3646 nostrum
2552 3590 2768 3645 habere
2798 3590 3096 3662 angelum.
3123 3590 3214 3643 Illi
3245 3605 3378 3643 vero
3402 3588 3512 3641 hoc
3544 3603 3576 3640 a
3601 3592 3750 3641 tem-

2102 3684 2263 3755 poris
2295 3683 2605 3737 occasione
2630 3680 3066 3736 existimabant.
3095 3679 3191 3732 Ait
3212 3678 3400 3731 enim:
3427 3699 3454 3725 ‹‹
3482 3674 3586 3729 Ubi
3610 3679 3749 3729 sunt

2103 3773 2218 3829 duo
2241 3773 2329 3827 vel
2354 3779 2469 3827 tres
2494 3770 2825 3843 congregati
2858 3771 2919 3823 in
2952 3769 3193 3823 nomine
3219 3782 3371 3828 meo,
3406 3764 3485 3818 ibi
3519 3780 3645 3817 sum
3683 3764 3744 3817 in

2103 3862 2297 3918 medio
2329 3878 2532 3916 eorum
2556 3862 2594 3913 ⁴.
2626 3884 2650 3908 ››
2676 3860 2781 3915 Ubi
2814 3866 3008 3913 autem
3044 3864 3133 3911 est
3162 3855 3450 3919 Christus,
3504 3867 3748 3906 necesse

2106 3960 2195 4009 est
2224 3951 2400 4006 simul
2427 3966 2553 4005 esse
2587 3956 2645 4004 et
2676 3948 3369 4019 angelos,universasque
3400 3947 3744 4015 potestates.

2106 4066 2133 4093 ‹‹
2151 4044 2499 4113 Etegressus
2523 4040 2731 4093 Petrus
2747 4037 2889 4091 abiit
2905 4037 2964 4090 in
2979 4036 3160 4089 alium
3179 4035 3396 4089 locum.
3410 4058 3433 4080 ιι
3451 4035 3575 4087 Non
3590 4032 3748 4087 enim

2106 4129 2371 4186 tentabat
2401 4130 2605 4183 Deum.
2639 4125 2929 4181 Possibile
2961 4130 3159 4179 autem
3192 4124 3308 4176 Deo
3339 4127 3466 4177 erat
3486 4121 3663 4175 simul
3688 4126 3746 4175 et

2107 4219 2382 4277 custodes
2414 4218 2679 4288 eripere:
2712 4231 2913 4270 verum
2947 4214 2994 4267 si
3030 4212 3086 4267 id
3118 4218 3313 4266 actum
3372 4210 3602 4276 fuisset,
3652 4224 3749 4263 res

2098 4309 2367 4382 judicata
2382 4307 2593 4361 fuisset
2613 4321 2741 4360 esse
2758 4304 2911 4376 fuga.
2939 4302 3115 4374 Magis
3139 4306 3336 4356 autem
3359 4297 3750 4354 contristabat

2108 4416 2242 4457 eum
2274 4397 2432 4469 quod
2458 4396 2670 4452 illusus
2702 4400 2878 4462 esset,
2939 4390 3440 4465 quemadmodum
3486 4393 3750 4458 tempore

2104 4504 2411 4562 magorum
2444 4503 2616 4542 avum
2648 4485 2835 4557 ipsius
2867 4483 2926 4538 id
2947 4482 3203 4553 amplius
3239 4478 3520 4535 dissecari
3567 4476 3750 4532 facie-

1347 4574 1647 4655 ἀμφότεροι
1708 4575 1802 4647 μὲν
1858 4576 1990 4643 ἦσαν

2106 4579 2207 4635 bat
2236 4576 2394 4649 quod
2426 4575 2681 4631 ludibrio
2712 4572 2950 4629 habitus
2981 4577 3140 4627 esset
3166 4571 3207 4624 ⁸.

2178 4831 2295 4893 XII,
2328 4831 2517 4884 21-25.
2550 4848 2578 4876 «
2612 4826 2836 4880 Slatuto
2865 4827 3062 4878 autem
3094 4821 3189 4876 die
3216 4820 3477 4876 Herodes
3508 4820 3752 4874 vestitus

2112 4944 2139 4972 «
2160 4925 2319 4975 veste
2342 4918 2501 4990 regia
2525 4916 2676 4971 sedit
2694 4930 2797 4985 pro
2812 4912 3185 4967 tribunali.et
3205 4908 3753 4965 concionabaturad

2108 5034 2133 5061 ‹‹
2171 5027 2289 5065 eos.
2325 5007 2587 5079 Populus
2618 5021 2752 5058 vero
2784 5001 3178 5058 acclamabat:
3217 5002 3335 5055 Vox
3384 5001 3484 5055 Dei
3545 5005 3602 5054 et
3631 5014 3751 5052 non

2108 5126 2136 5153 α
2173 5100 2451 5156 hominis.
2484 5096 2800 5152 (‘onl'estim
2824 5102 3019 5150 autem
3044 5093 3482 5164 percussiteum
3508 5090 3753 5161 angelus

2109 5218 2135 5245 ‹‹
2174 5192 2431 5255 Domini,
2466 5206 2532 5245 eo
2565 5187 2723 5260 quod
2756 5204 2874 5242 non
2907 5185 3169 5240 dedisset
3225 5183 3473 5254 gloriam
3510 5181 3665 5235 Deo:
3698 5184 3757 5234 et

2108 5306 2136 5333 ‹‹
2173 5298 2377 5338 erosus
2401 5298 2434 5335 a
2453 5278 2751 5334 vermibus
2775 5276 3089 5347 exspiravit
3133 5279 3421 5330 Caeterum
3440 5270 3539 5325 Dei
3560 5287 3755 5326 sermo

2110 5397 2138 5427 ‹‹
2174 5369 2478 5429 crescebat
2507 5386 2573 5423 ac
2606 5365 3131 5437 multiplicabatur.
3159 5361 3455 5417 Barnabas
3477 5367 3676 5417 autem
3702 5365 3760 5415 et

1647 5656 1673 5691 ⁵
1700 5656 1896 5713 Matth.
1936 5670 1999 5723 ιι,
2032 5654 2117 5711 10.
