  <div class='ocr_page' id='page_1' title='image "/cluster/home/n/w/nwhite01/storage/ocr_20150623/118/mdp.39015078384297/107.png"; bbox 0 0 4112 6250; ppageno 0'>
   <div class='ocr_carea' id='block_1_1' title="bbox 437 263 554 324">
    <p class='ocr_par' dir='ltr' id='par_1_1' title="bbox 437 263 554 324">
     <span class='ocr_line' id='line_1_1' title="bbox 437 263 554 324; baseline 0.017 -2"><span class='ocrx_word' id='word_1_1' title='bbox 437 263 554 324; x_wconf 74' lang='grc'>199</span> 
     </span>
    </p>
   </div>
   <div class='ocr_carea' id='block_1_2' title="bbox 1484 252 2756 321">
    <p class='ocr_par' dir='ltr' id='par_1_2' title="bbox 1484 252 2756 321">
     <span class='ocr_line' id='line_1_2' title="bbox 1484 252 2756 321; baseline 0.006 -8"><span class='ocrx_word' id='word_1_2' title='bbox 1484 252 1946 318; x_wconf 70' lang='lat' dir='ltr'>.(ECUMENII</span> <span class='ocrx_word' id='word_1_3' title='bbox 1989 253 2291 318; x_wconf 64' lang='lat' dir='ltr'>TRICCIE</span> <span class='ocrx_word' id='word_1_4' title='bbox 2337 255 2756 321; x_wconf 73' lang='lat' dir='ltr'>EPiSCOPUS</span> 
     </span>
    </p>
   </div>
   <div class='ocr_carea' id='block_1_3' title="bbox 3687 263 3783 325">
    <p class='ocr_par' dir='ltr' id='par_1_3' title="bbox 3687 263 3783 325">
     <span class='ocr_line' id='line_1_3' title="bbox 3687 263 3783 325; baseline 0 0"><span class='ocrx_word' id='word_1_5' title='bbox 3687 263 3783 325; x_wconf 80' lang='lat'>200</span> 
     </span>
    </p>
   </div>
   <div class='ocr_carea' id='block_1_4' title="bbox 443 382 2074 467">
    <p class='ocr_par' dir='ltr' id='par_1_4' title="bbox 443 387 2074 460">
     <span class='ocr_line' id='line_1_4' title="bbox 443 387 2074 460; baseline -0.002 -14"><span class='ocrx_word' id='word_1_6' title='bbox 443 416 465 446; x_wconf 75' lang='grc' dir='ltr'><strong>α</strong></span> <span class='ocrx_word' id='word_1_7' title='bbox 493 395 705 452; x_wconf 83' lang='lat' dir='ltr'>Saulus</span> <span class='ocrx_word' id='word_1_8' title='bbox 726 391 944 449; x_wconf 84' lang='lat' dir='ltr'>reversi</span> <span class='ocrx_word' id='word_1_9' title='bbox 967 395 1105 447; x_wconf 89' lang='lat' dir='ltr'>sunt</span> <span class='ocrx_word' id='word_1_10' title='bbox 1125 387 1450 446; x_wconf 82' lang='lat' dir='ltr'>Jerusalem</span> <span class='ocrx_word' id='word_1_11' title='bbox 1472 387 1706 460; x_wconf 81' lang='lat' dir='ltr'>expleto</span> <span class='ocrx_word' id='word_1_12' title='bbox 1727 387 2074 456; x_wconf 80' lang='lat' dir='ltr'>ministerio,</span> 
     </span>
    </p>
   </div>
   <div class='ocr_carea' id='block_1_5' title="bbox 2190 382 3789 467">
    <p class='ocr_par' dir='ltr' id='par_1_5' title="bbox 2204 382 3789 466">
     <span class='ocr_line' id='line_1_5' title="bbox 2204 382 3789 466; baseline 0.005 -27"><span class='ocrx_word' id='word_1_13' title='bbox 2204 413 2224 439; x_wconf 79' lang='grc' dir='ltr'>ι</span> <span class='ocrx_word' id='word_1_14' title='bbox 2264 387 2472 453; x_wconf 85' lang='grc' dir='ltr'>θύνετο.</span> <span class='ocrx_word' id='word_1_15' title='bbox 2506 382 2790 464; x_wconf 75' lang='grc' dir='ltr'>Βαρνάϐας</span> <span class='ocrx_word' id='word_1_16' title='bbox 2832 383 2891 445; x_wconf 72' lang='grc' dir='ltr'>δὶ</span> <span class='ocrx_word' id='word_1_17' title='bbox 2947 386 3038 444; x_wconf 81' lang='grc' dir='ltr'>καὶ</span> <span class='ocrx_word' id='word_1_18' title='bbox 3107 388 3319 453; x_wconf 86' lang='grc' dir='ltr'>Σαῦλος</span> <span class='ocrx_word' id='word_1_19' title='bbox 3372 388 3675 466; x_wconf 76' lang='grc' dir='ltr'>ὖπίστρεψαν</span> <span class='ocrx_word' id='word_1_20' title='bbox 3723 393 3789 459; x_wconf 68' lang='grc' dir='ltr'>εἲς</span> 
     </span>
    </p>
   </div>
   <div class='ocr_carea' id='block_1_6' title="bbox 438 477 2082 556">
    <p class='ocr_par' dir='ltr' id='par_1_6' title="bbox 438 477 2082 556">
     <span class='ocr_line' id='line_1_6' title="bbox 438 477 2082 556; baseline -0.006 -20"><span class='ocrx_word' id='word_1_21' title='bbox 438 491 791 556; x_wconf 85' lang='lat' dir='ltr'>«assumpto</span> <span class='ocrx_word' id='word_1_22' title='bbox 809 481 1236 552; x_wconf 83' lang='lat' dir='ltr'>etJoanne,qui</span> <span class='ocrx_word' id='word_1_23' title='bbox 1254 477 1787 552; x_wconf 84' lang='lat' dir='ltr'>cognominabatur</span> <span class='ocrx_word' id='word_1_24' title='bbox 1800 479 2082 534; x_wconf 78' lang='lat' dir='ltr'>Marcus.»</span> 
     </span>
    </p>
   </div>
   <div class='ocr_carea' id='block_1_7' title="bbox 506 747 2083 825">
    <p class='ocr_par' dir='ltr' id='par_1_7' title="bbox 506 747 2083 825">
     <span class='ocr_line' id='line_1_7' title="bbox 506 747 2083 825; baseline -0.004 -16"><span class='ocrx_word' id='word_1_25' title='bbox 506 777 532 803; x_wconf 93' lang='grc'><em>‹‹</em></span> <span class='ocrx_word' id='word_1_26' title='bbox 559 753 820 825; x_wconf 81' lang='lat' dir='ltr'>Papulus</span> <span class='ocrx_word' id='word_1_27' title='bbox 840 769 976 808; x_wconf 91' lang='lat' dir='ltr'>vero</span> <span class='ocrx_word' id='word_1_28' title='bbox 1005 749 1390 806; x_wconf 83' lang='lat' dir='ltr'>acclamabat.</span> <span class='ocrx_word' id='word_1_29' title='bbox 1421 771 1448 798; x_wconf 84' lang='grc'><strong>››</strong></span> <span class='ocrx_word' id='word_1_30' title='bbox 1481 750 1550 803; x_wconf 91' lang='lat' dir='ltr'>Et</span> <span class='ocrx_word' id='word_1_31' title='bbox 1578 747 1720 820; x_wconf 92' lang='lat' dir='ltr'>quid</span> <span class='ocrx_word' id='word_1_32' title='bbox 1739 748 1813 803; x_wconf 90' lang='lat' dir='ltr'>ad</span> <span class='ocrx_word' id='word_1_33' title='bbox 1843 748 2003 803; x_wconf 92' lang='lat' dir='ltr'>hunc</span> <span class='ocrx_word' id='word_1_34' title='bbox 2035 747 2083 802; x_wconf 88' lang='lat' dir='ltr'>si</span> 
     </span>
    </p>
   </div>
   <div class='ocr_carea' id='block_1_8' title="bbox 441 837 2087 908">
    <p class='ocr_par' dir='ltr' id='par_1_8' title="bbox 441 837 2087 908">
     <span class='ocr_line' id='line_1_8' title="bbox 441 837 2087 908; baseline -0.004 -11"><span class='ocrx_word' id='word_1_35' title='bbox 441 843 527 897; x_wconf 88' lang='lat' dir='ltr'>illi</span> <span class='ocrx_word' id='word_1_36' title='bbox 554 839 1232 905; x_wconf 77' lang='lat' dir='ltr'>vociferabantur?Quia</span> <span class='ocrx_word' id='word_1_37' title='bbox 1262 855 1461 894; x_wconf 89' lang='lat' dir='ltr'>vocem</span> <span class='ocrx_word' id='word_1_38' title='bbox 1492 837 1771 908; x_wconf 85' lang='lat' dir='ltr'>suscepit.</span> <span class='ocrx_word' id='word_1_39' title='bbox 1805 837 1964 908; x_wconf 90' lang='lat' dir='ltr'>quod</span> <span class='ocrx_word' id='word_1_40' title='bbox 1994 852 2087 891; x_wconf 82' lang='lat' dir='ltr'>se-</span> 
     </span>
    </p>
   </div>
   <div class='ocr_carea' id='block_1_9' title="bbox 431 926 2082 1003">
    <p class='ocr_par' dir='ltr' id='par_1_9' title="bbox 431 926 2082 1003">
     <span class='ocr_line' id='line_1_9' title="bbox 431 926 2082 1003; baseline -0.004 -17"><span class='ocrx_word' id='word_1_41' title='bbox 431 934 626 1003; x_wconf 91' lang='lat' dir='ltr'>ipsum</span> <span class='ocrx_word' id='word_1_42' title='bbox 645 931 985 1003; x_wconf 85' lang='lat' dir='ltr'>hujusmodi</span> <span class='ocrx_word' id='word_1_43' title='bbox 1001 929 1403 985; x_wconf 70' lang='lat' dir='ltr'>assentatione</span> <span class='ocrx_word' id='word_1_44' title='bbox 1421 927 1659 1000; x_wconf 79' lang='lat' dir='ltr'>dignum</span> <span class='ocrx_word' id='word_1_45' title='bbox 1673 926 2082 982; x_wconf 81' lang='lat' dir='ltr'>arbitraretur.</span> 
     </span>
    </p>
   </div>
   <div class='ocr_carea' id='block_1_10' title="bbox 433 1015 2084 1091">
    <p class='ocr_par' dir='ltr' id='par_1_10' title="bbox 433 1015 2084 1091">
     <span class='ocr_line' id='line_1_10' title="bbox 433 1015 2084 1091; baseline -0.004 -14"><span class='ocrx_word' id='word_1_46' title='bbox 433 1022 597 1088; x_wconf 90' lang='lat' dir='ltr'>Quod</span> <span class='ocrx_word' id='word_1_47' title='bbox 630 1022 677 1076; x_wconf 90' lang='lat' dir='ltr'>si</span> <span class='ocrx_word' id='word_1_48' title='bbox 713 1022 808 1076; x_wconf 91' lang='lat' dir='ltr'>hic</span> <span class='ocrx_word' id='word_1_49' title='bbox 840 1021 979 1091; x_wconf 86' lang='lat' dir='ltr'>quia</span> <span class='ocrx_word' id='word_1_50' title='bbox 1009 1019 1252 1083; x_wconf 87' lang='lat' dir='ltr'>audivit,</span> <span class='ocrx_word' id='word_1_51' title='bbox 1289 1020 1406 1073; x_wconf 80' lang='lat' dir='ltr'>Vox</span> <span class='ocrx_word' id='word_1_52' title='bbox 1438 1017 1538 1072; x_wconf 84' lang='lat' dir='ltr'>Dci</span> <span class='ocrx_word' id='word_1_53' title='bbox 1569 1023 1628 1072; x_wconf 90' lang='lat' dir='ltr'>et</span> <span class='ocrx_word' id='word_1_54' title='bbox 1659 1033 1777 1071; x_wconf 93' lang='lat' dir='ltr'>non</span> <span class='ocrx_word' id='word_1_55' title='bbox 1803 1015 2084 1082; x_wconf 87' lang='lat' dir='ltr'>hominis,</span> 
     </span>
    </p>
   </div>
   <div class='ocr_carea' id='block_1_11' title="bbox 432 1104 2086 1182">
    <p class='ocr_par' dir='ltr' id='par_1_11' title="bbox 432 1104 2086 1182">
     <span class='ocr_line' id='line_1_11' title="bbox 432 1104 2086 1182; baseline -0.005 -16"><span class='ocrx_word' id='word_1_56' title='bbox 432 1127 773 1182; x_wconf 85' lang='lat' dir='ltr'>quanquam</span> <span class='ocrx_word' id='word_1_57' title='bbox 790 1109 941 1164; x_wconf 90' lang='lat' dir='ltr'>nihil</span> <span class='ocrx_word' id='word_1_58' title='bbox 961 1108 1280 1175; x_wconf 82' lang='lat' dir='ltr'>dixit,talia</span> <span class='ocrx_word' id='word_1_59' title='bbox 1305 1123 1514 1178; x_wconf 90' lang='lat' dir='ltr'>passus</span> <span class='ocrx_word' id='word_1_60' title='bbox 1535 1113 1642 1162; x_wconf 88' lang='lat' dir='ltr'>est:</span> <span class='ocrx_word' id='word_1_61' title='bbox 1665 1111 1885 1177; x_wconf 88' lang='lat' dir='ltr'>quanto</span> <span class='ocrx_word' id='word_1_62' title='bbox 1899 1104 2086 1177; x_wconf 84' lang='lat' dir='ltr'>magis</span> 
     </span>
    </p>
   </div>
   <div class='ocr_carea' id='block_1_12' title="bbox 424 1195 2076 1268">
    <p class='ocr_par' dir='ltr' id='par_1_12' title="bbox 424 1195 2076 1268">
     <span class='ocr_line' id='line_1_12' title="bbox 424 1195 2076 1268; baseline -0.005 -12"><span class='ocrx_word' id='word_1_63' title='bbox 424 1201 691 1256; x_wconf 89' lang='lat' dir='ltr'>Christus</span> <span class='ocrx_word' id='word_1_64' title='bbox 715 1201 762 1255; x_wconf 89' lang='lat' dir='ltr'>si</span> <span class='ocrx_word' id='word_1_65' title='bbox 787 1201 940 1254; x_wconf 91' lang='lat' dir='ltr'>Deus</span> <span class='ocrx_word' id='word_1_66' title='bbox 973 1216 1094 1254; x_wconf 91' lang='lat' dir='ltr'>non</span> <span class='ocrx_word' id='word_1_67' title='bbox 1128 1198 1359 1264; x_wconf 82' lang='lat' dir='ltr'>fuisset,</span> <span class='ocrx_word' id='word_1_68' title='bbox 1395 1214 1528 1252; x_wconf 89' lang='lat' dir='ltr'>cum</span> <span class='ocrx_word' id='word_1_69' title='bbox 1562 1197 1686 1268; x_wconf 91' lang='lat' dir='ltr'>ipse</span> <span class='ocrx_word' id='word_1_70' title='bbox 1722 1212 1960 1268; x_wconf 87' lang='lat' dir='ltr'>semper</span> <span class='ocrx_word' id='word_1_71' title='bbox 1987 1195 2076 1248; x_wconf 91' lang='lat' dir='ltr'>di-</span> 
     </span>
    </p>
   </div>
   <div class='ocr_carea' id='block_1_13' title="bbox 427 1283 2080 1358">
    <p class='ocr_par' dir='ltr' id='par_1_13' title="bbox 427 1283 2080 1358">
     <span class='ocr_line' id='line_1_13' title="bbox 427 1283 2080 1358; baseline -0.005 -13"><span class='ocrx_word' id='word_1_72' title='bbox 427 1295 607 1358; x_wconf 87' lang='lat' dir='ltr'>ceret,</span> <span class='ocrx_word' id='word_1_73' title='bbox 631 1312 658 1338; x_wconf 88' lang='grc'><strong><em>‹‹</em></strong></span> <span class='ocrx_word' id='word_1_74' title='bbox 680 1289 865 1344; x_wconf 89' lang='lat' dir='ltr'>Verba</span> <span class='ocrx_word' id='word_1_75' title='bbox 882 1290 1007 1344; x_wconf 85' lang='lat' dir='ltr'>haec</span> <span class='ocrx_word' id='word_1_76' title='bbox 1020 1305 1138 1343; x_wconf 92' lang='lat' dir='ltr'>non</span> <span class='ocrx_word' id='word_1_77' title='bbox 1164 1294 1474 1354; x_wconf 88' lang='lat' dir='ltr'>suntmea;</span> <span class='ocrx_word' id='word_1_78' title='bbox 1504 1309 1527 1336; x_wconf 77' lang='grc' dir='ltr'><strong>ι</strong></span> <span class='ocrx_word' id='word_1_79' title='bbox 1548 1294 1635 1341; x_wconf 89' lang='lat' dir='ltr'>et:</span> <span class='ocrx_word' id='word_1_80' title='bbox 1666 1309 1691 1336; x_wconf 82' lang='lat'><strong>«</strong></span> <span class='ocrx_word' id='word_1_81' title='bbox 1708 1285 1915 1358; x_wconf 80' lang='lat' dir='ltr'>Angeli</span> <span class='ocrx_word' id='word_1_82' title='bbox 1932 1283 2080 1338; x_wconf 90' lang='lat' dir='ltr'>mihi</span> 
     </span>
    </p>
   </div>
   <div class='ocr_carea' id='block_1_14' title="bbox 429 1375 2086 1448">
    <p class='ocr_par' dir='ltr' id='par_1_14' title="bbox 429 1375 2086 1448">
     <span class='ocr_line' id='line_1_14' title="bbox 429 1375 2086 1448; baseline -0.005 -13"><span class='ocrx_word' id='word_1_83' title='bbox 429 1380 864 1435; x_wconf 80' lang='lat' dir='ltr'>ministrant°.n</span> <span class='ocrx_word' id='word_1_84' title='bbox 886 1380 1002 1434; x_wconf 88' lang='lat' dir='ltr'>Hoc</span> <span class='ocrx_word' id='word_1_85' title='bbox 1021 1385 1218 1433; x_wconf 91' lang='lat' dir='ltr'>autem</span> <span class='ocrx_word' id='word_1_86' title='bbox 1237 1384 1500 1448; x_wconf 88' lang='lat' dir='ltr'>tempore</span> <span class='ocrx_word' id='word_1_87' title='bbox 1521 1376 1690 1432; x_wconf 89' lang='lat' dir='ltr'>tertio</span> <span class='ocrx_word' id='word_1_88' title='bbox 1709 1375 1872 1448; x_wconf 90' lang='lat' dir='ltr'>regni</span> <span class='ocrx_word' id='word_1_89' title='bbox 1887 1375 2086 1446; x_wconf 77' lang='lat' dir='ltr'>Agrip-</span> 
     </span>
    </p>
   </div>
   <div class='ocr_carea' id='block_1_15' title="bbox 429 1464 2080 1540">
    <p class='ocr_par' dir='ltr' id='par_1_15' title="bbox 429 1464 2080 1540">
     <span class='ocr_line' id='line_1_15' title="bbox 429 1464 2080 1540; baseline -0.003 -18"><span class='ocrx_word' id='word_1_90' title='bbox 429 1486 517 1540; x_wconf 72' lang='lat' dir='ltr'>pa)</span> <span class='ocrx_word' id='word_1_91' title='bbox 550 1485 706 1524; x_wconf 89' lang='lat' dir='ltr'>anno</span> <span class='ocrx_word' id='word_1_92' title='bbox 737 1468 895 1522; x_wconf 82' lang='lat' dir='ltr'>venit</span> <span class='ocrx_word' id='word_1_93' title='bbox 924 1469 1276 1526; x_wconf 66' lang='lat' dir='ltr'>Caesaream.</span> <span class='ocrx_word' id='word_1_94' title='bbox 1306 1483 1436 1537; x_wconf 72' lang='lat' dir='ltr'>quae</span> <span class='ocrx_word' id='word_1_95' title='bbox 1464 1467 1628 1537; x_wconf 89' lang='lat' dir='ltr'>prius</span> <span class='ocrx_word' id='word_1_96' title='bbox 1657 1465 1860 1519; x_wconf 88' lang='lat' dir='ltr'>Turris</span> <span class='ocrx_word' id='word_1_97' title='bbox 1913 1464 2080 1518; x_wconf 89' lang='lat' dir='ltr'>Stra-</span> 
     </span>
    </p>
   </div>
   <div class='ocr_carea' id='block_1_16' title="bbox 429 1541 2083 1626">
    <p class='ocr_par' dir='ltr' id='par_1_16' title="bbox 429 1541 2083 1626">
     <span class='ocr_line' id='line_1_16' title="bbox 429 1541 2083 1626; baseline -0.003 -15"><span class='ocrx_word' id='word_1_98' title='bbox 429 1558 586 1612; x_wconf 84' lang='lat' dir='ltr'>tonis</span> <span class='ocrx_word' id='word_1_99' title='bbox 601 1557 1050 1612; x_wconf 84' lang='lat' dir='ltr'>vocabatur.Hic</span> <span class='ocrx_word' id='word_1_100' title='bbox 1077 1563 1273 1610; x_wconf 87' lang='lat' dir='ltr'>autem</span> <span class='ocrx_word' id='word_1_101' title='bbox 1290 1553 1889 1626; x_wconf 68' lang='lat' dir='ltr'>celebrabateewpiu;,</span> <span class='ocrx_word' id='word_1_102' title='bbox 1919 1551 1976 1606; x_wconf 87' lang='lat' dir='ltr'>id</span> <span class='ocrx_word' id='word_1_103' title='bbox 1993 1541 2083 1607; x_wconf 85' lang='lat' dir='ltr'>est</span> 
     </span>
    </p>
   </div>
   <div class='ocr_carea' id='block_1_17' title="bbox 428 1643 2081 1718">
    <p class='ocr_par' dir='ltr' id='par_1_17' title="bbox 428 1643 2081 1718">
     <span class='ocr_line' id='line_1_17' title="bbox 428 1643 2081 1718; baseline -0.002 -18"><span class='ocrx_word' id='word_1_104' title='bbox 428 1647 768 1718; x_wconf 88' lang='lat' dir='ltr'>spectacula</span> <span class='ocrx_word' id='word_1_105' title='bbox 800 1646 872 1701; x_wconf 89' lang='lat' dir='ltr'>ad</span> <span class='ocrx_word' id='word_1_106' title='bbox 897 1647 1186 1700; x_wconf 89' lang='lat' dir='ltr'>honorem</span> <span class='ocrx_word' id='word_1_107' title='bbox 1219 1645 1486 1710; x_wconf 74' lang='lat' dir='ltr'>Cmsaris,</span> <span class='ocrx_word' id='word_1_108' title='bbox 1509 1645 1704 1698; x_wconf 89' lang='lat' dir='ltr'>sciens</span> <span class='ocrx_word' id='word_1_109' title='bbox 1726 1643 2081 1697; x_wconf 64' lang='lat' dir='ltr'>haecfestum</span> 
     </span>
    </p>
   </div>
   <div class='ocr_carea' id='block_1_18' title="bbox 427 1732 2081 1806">
    <p class='ocr_par' dir='ltr' id='par_1_18' title="bbox 427 1732 2081 1806">
     <span class='ocr_line' id='line_1_18' title="bbox 427 1732 2081 1806; baseline -0.004 -16"><span class='ocrx_word' id='word_1_110' title='bbox 427 1736 724 1806; x_wconf 88' lang='lat' dir='ltr'>quoddam</span> <span class='ocrx_word' id='word_1_111' title='bbox 748 1753 896 1790; x_wconf 90' lang='lat' dir='ltr'>esse.</span> <span class='ocrx_word' id='word_1_112' title='bbox 925 1734 1194 1789; x_wconf 86' lang='lat' dir='ltr'>Secundo</span> <span class='ocrx_word' id='word_1_113' title='bbox 1222 1751 1355 1788; x_wconf 90' lang='lat' dir='ltr'>vero</span> <span class='ocrx_word' id='word_1_114' title='bbox 1380 1733 1852 1804; x_wconf 86' lang='lat' dir='ltr'>spectaculorum</span> <span class='ocrx_word' id='word_1_115' title='bbox 1876 1732 1970 1787; x_wconf 90' lang='lat' dir='ltr'>die</span> <span class='ocrx_word' id='word_1_116' title='bbox 1987 1747 2081 1785; x_wconf 80' lang='lat' dir='ltr'>ve-</span> 
     </span>
    </p>
   </div>
   <div class='ocr_carea' id='block_1_19' title="bbox 430 1822 2084 1895">
    <p class='ocr_par' dir='ltr' id='par_1_19' title="bbox 430 1822 2084 1895">
     <span class='ocr_line' id='line_1_19' title="bbox 430 1822 2084 1895; baseline -0.004 -14"><span class='ocrx_word' id='word_1_117' title='bbox 430 1833 582 1881; x_wconf 91' lang='lat' dir='ltr'>stem</span> <span class='ocrx_word' id='word_1_118' title='bbox 615 1826 861 1881; x_wconf 77' lang='lat' dir='ltr'>indutus</span> <span class='ocrx_word' id='word_1_119' title='bbox 895 1830 1078 1879; x_wconf 88' lang='lat' dir='ltr'>totam</span> <span class='ocrx_word' id='word_1_120' title='bbox 1105 1841 1173 1878; x_wconf 87' lang='lat' dir='ltr'>ex</span> <span class='ocrx_word' id='word_1_121' title='bbox 1197 1830 1437 1895; x_wconf 83' lang='lat' dir='ltr'>argento</span> <span class='ocrx_word' id='word_1_122' title='bbox 1455 1824 1859 1884; x_wconf 85' lang='lat' dir='ltr'>contextam.l</span> <span class='ocrx_word' id='word_1_123' title='bbox 1877 1822 1977 1876; x_wconf 85' lang='lat'><strong>09</strong></span> <span class='ocrx_word' id='word_1_124' title='bbox 1999 1822 2084 1876; x_wconf 92' lang='lat' dir='ltr'>sic</span> 
     </span>
    </p>
   </div>
   <div class='ocr_carea' id='block_1_20' title="bbox 433 1910 2085 1985">
    <p class='ocr_par' dir='ltr' id='par_1_20' title="bbox 433 1910 2085 1985">
     <span class='ocr_line' id='line_1_20' title="bbox 433 1910 2085 1985; baseline -0.002 -17"><span class='ocrx_word' id='word_1_125' title='bbox 433 1921 499 1968; x_wconf 87' lang='lat' dir='ltr'>ut</span> <span class='ocrx_word' id='word_1_126' title='bbox 528 1915 877 1969; x_wconf 88' lang='lat' dir='ltr'>admiranda</span> <span class='ocrx_word' id='word_1_127' title='bbox 908 1920 1222 1985; x_wconf 88' lang='lat' dir='ltr'>appareret</span> <span class='ocrx_word' id='word_1_128' title='bbox 1253 1919 1502 1979; x_wconf 83' lang='lat' dir='ltr'>textura,</span> <span class='ocrx_word' id='word_1_129' title='bbox 1539 1913 1854 1967; x_wconf 90' lang='lat' dir='ltr'>inchoante</span> <span class='ocrx_word' id='word_1_130' title='bbox 1887 1911 1982 1966; x_wconf 90' lang='lat' dir='ltr'>die</span> <span class='ocrx_word' id='word_1_131' title='bbox 2010 1910 2085 1966; x_wconf 90' lang='lat' dir='ltr'>ad</span> 
     </span>
    </p>
   </div>
   <div class='ocr_carea' id='block_1_21' title="bbox 435 2001 2082 2073">
    <p class='ocr_par' dir='ltr' id='par_1_21' title="bbox 435 2001 2082 2073">
     <span class='ocr_line' id='line_1_21' title="bbox 435 2001 2082 2073; baseline -0.001 -17"><span class='ocrx_word' id='word_1_132' title='bbox 435 2003 733 2058; x_wconf 87' lang='lat' dir='ltr'>theatrum</span> <span class='ocrx_word' id='word_1_133' title='bbox 767 2004 1015 2057; x_wconf 86' lang='lat' dir='ltr'>accessit</span> <span class='ocrx_word' id='word_1_134' title='bbox 1048 2018 1061 2054; x_wconf 89' lang='lat'><strong>:</strong></span> <span class='ocrx_word' id='word_1_135' title='bbox 1085 2002 1184 2056; x_wconf 90' lang='lat' dir='ltr'>ubi</span> <span class='ocrx_word' id='word_1_136' title='bbox 1209 2001 1416 2073; x_wconf 89' lang='lat' dir='ltr'>primis</span> <span class='ocrx_word' id='word_1_137' title='bbox 1439 2002 1622 2056; x_wconf 90' lang='lat' dir='ltr'>radiis</span> <span class='ocrx_word' id='word_1_138' title='bbox 1639 2001 1934 2057; x_wconf 87' lang='lat' dir='ltr'>solaribus</span> <span class='ocrx_word' id='word_1_139' title='bbox 1954 2017 2082 2056; x_wconf 90' lang='lat' dir='ltr'>sese</span> 
     </span>
    </p>
   </div>
   <div class='ocr_carea' id='block_1_22' title="bbox 434 2090 2083 2163">
    <p class='ocr_par' dir='ltr' id='par_1_22' title="bbox 434 2090 2083 2163">
     <span class='ocr_line' id='line_1_22' title="bbox 434 2090 2083 2163; baseline -0.001 -18"><span class='ocrx_word' id='word_1_140' title='bbox 434 2091 878 2162; x_wconf 71' lang='lat' dir='ltr'>objicientibus,</span> <span class='ocrx_word' id='word_1_141' title='bbox 937 2097 1247 2163; x_wconf 80' lang='lat' dir='ltr'>argentum</span> <span class='ocrx_word' id='word_1_142' title='bbox 1294 2090 1444 2145; x_wconf 89' lang='lat' dir='ltr'>miro</span> <span class='ocrx_word' id='word_1_143' title='bbox 1494 2091 1669 2146; x_wconf 91' lang='lat' dir='ltr'>modo</span> <span class='ocrx_word' id='word_1_144' title='bbox 1719 2091 2083 2146; x_wconf 87' lang='lat' dir='ltr'>illustratum</span> 
     </span>
    </p>
   </div>
   <div class='ocr_carea' id='block_1_23' title="bbox 413 2180 2082 2253">
    <p class='ocr_par' dir='ltr' id='par_1_23' title="bbox 413 2180 2082 2253">
     <span class='ocr_line' id='line_1_23' title="bbox 413 2180 2082 2253; baseline 0 -19"><span class='ocrx_word' id='word_1_145' title='bbox 413 2181 873 2251; x_wconf 81' lang='lat' dir='ltr'>&#39;resplendebat,</span> <span class='ocrx_word' id='word_1_146' title='bbox 906 2180 1194 2253; x_wconf 73' lang='lat' dir='ltr'>fulgorem</span> <span class='ocrx_word' id='word_1_147' title='bbox 1221 2180 1539 2250; x_wconf 81' lang='lat' dir='ltr'>quemdam</span> <span class='ocrx_word' id='word_1_148' title='bbox 1571 2197 1692 2252; x_wconf 64' lang='lat' dir='ltr'>pra-2</span> <span class='ocrx_word' id='word_1_149' title='bbox 1720 2198 1780 2235; x_wconf 91' lang='lat' dir='ltr'>se</span> <span class='ocrx_word' id='word_1_150' title='bbox 1798 2180 1993 2235; x_wconf 86' lang='lat' dir='ltr'>ferens</span> <span class='ocrx_word' id='word_1_151' title='bbox 2014 2197 2082 2235; x_wconf 89' lang='lat' dir='ltr'>ac</span> 
     </span>
    </p>
   </div>
   <div class='ocr_carea' id='block_1_24' title="bbox 431 2269 2085 2343">
    <p class='ocr_par' dir='ltr' id='par_1_24' title="bbox 431 2269 2085 2343">
     <span class='ocr_line' id='line_1_24' title="bbox 431 2269 2085 2343; baseline 0 -19"><span class='ocrx_word' id='word_1_152' title='bbox 431 2269 762 2335; x_wconf 83' lang='lat' dir='ltr'>horrorem,</span> <span class='ocrx_word' id='word_1_153' title='bbox 791 2271 884 2326; x_wconf 90' lang='lat' dir='ltr'>his</span> <span class='ocrx_word' id='word_1_154' title='bbox 907 2271 1004 2342; x_wconf 91' lang='lat' dir='ltr'>qui</span> <span class='ocrx_word' id='word_1_155' title='bbox 1027 2271 1365 2326; x_wconf 89' lang='lat' dir='ltr'>intentosin</span> <span class='ocrx_word' id='word_1_156' title='bbox 1389 2271 1581 2343; x_wconf 90' lang='lat' dir='ltr'>ipsum</span> <span class='ocrx_word' id='word_1_157' title='bbox 1609 2271 1934 2342; x_wconf 78' lang='lat' dir='ltr'>defigerent</span> <span class='ocrx_word' id='word_1_158' title='bbox 1951 2287 2085 2326; x_wconf 77' lang='lat' dir='ltr'>ocu-</span> 
     </span>
    </p>
   </div>
   <div class='ocr_carea' id='block_1_25' title="bbox 426 2359 2080 2432">
    <p class='ocr_par' dir='ltr' id='par_1_25' title="bbox 426 2359 2080 2432">
     <span class='ocr_line' id='line_1_25' title="bbox 426 2359 2080 2432; baseline -0.002 -18"><span class='ocrx_word' id='word_1_159' title='bbox 426 2359 536 2415; x_wconf 91' lang='lat' dir='ltr'>los.</span> <span class='ocrx_word' id='word_1_160' title='bbox 567 2361 894 2432; x_wconf 90' lang='lat' dir='ltr'>Statimque</span> <span class='ocrx_word' id='word_1_161' title='bbox 940 2365 1342 2416; x_wconf 88' lang='lat' dir='ltr'>assentatores</span> <span class='ocrx_word' id='word_1_162' title='bbox 1400 2363 1553 2417; x_wconf 87' lang='lat' dir='ltr'>alius</span> <span class='ocrx_word' id='word_1_163' title='bbox 1607 2361 1848 2417; x_wconf 90' lang='lat' dir='ltr'>aliunde</span> <span class='ocrx_word' id='word_1_164' title='bbox 1906 2373 2080 2416; x_wconf 86' lang='lat' dir='ltr'>voces</span> 
     </span>
    </p>
   </div>
   <div class='ocr_carea' id='block_1_26' title="bbox 423 2451 2079 2523">
    <p class='ocr_par' dir='ltr' id='par_1_26' title="bbox 423 2451 2079 2523">
     <span class='ocr_line' id='line_1_26' title="bbox 423 2451 2079 2523; baseline 0 -19"><span class='ocrx_word' id='word_1_165' title='bbox 423 2451 1062 2522; x_wconf 87' lang='lat' dir='ltr'>emittebanttanquam</span> <span class='ocrx_word' id='word_1_166' title='bbox 1082 2451 1936 2523; x_wconf 78' lang='lat' dir='ltr'>Deumsalutantes,benignum</span> <span class='ocrx_word' id='word_1_167' title='bbox 1951 2467 2079 2506; x_wconf 82' lang='lat' dir='ltr'>esse</span> 
     </span>
    </p>
   </div>
   <div class='ocr_carea' id='block_1_27' title="bbox 423 2540 2080 2612">
    <p class='ocr_par' dir='ltr' id='par_1_27' title="bbox 423 2540 2080 2612">
     <span class='ocr_line' id='line_1_27' title="bbox 423 2540 2080 2612; baseline -0.001 -18"><span class='ocrx_word' id='word_1_168' title='bbox 423 2540 770 2596; x_wconf 90' lang='lat' dir='ltr'>asserendo.</span> <span class='ocrx_word' id='word_1_169' title='bbox 793 2543 933 2605; x_wconf 87' lang='lat' dir='ltr'>Etsi,</span> <span class='ocrx_word' id='word_1_170' title='bbox 956 2541 1258 2612; x_wconf 90' lang='lat' dir='ltr'>inquiunt,</span> <span class='ocrx_word' id='word_1_171' title='bbox 1280 2543 1566 2596; x_wconf 85' lang='lat' dir='ltr'>hactenus</span> <span class='ocrx_word' id='word_1_172' title='bbox 1587 2541 1753 2610; x_wconf 90' lang='lat' dir='ltr'>quasi</span> <span class='ocrx_word' id='word_1_173' title='bbox 1777 2541 2080 2594; x_wconf 86' lang='lat' dir='ltr'>hominem</span> 
     </span>
    </p>
   </div>
   <div class='ocr_carea' id='block_1_28' title="bbox 422 2628 2081 2700">
    <p class='ocr_par' dir='ltr' id='par_1_28' title="bbox 422 2628 2081 2700">
     <span class='ocr_line' id='line_1_28' title="bbox 422 2628 2081 2700; baseline 0.001 -19"><span class='ocrx_word' id='word_1_174' title='bbox 422 2629 593 2682; x_wconf 87' lang='lat' dir='ltr'>veriti</span> <span class='ocrx_word' id='word_1_175' title='bbox 631 2646 857 2694; x_wconf 88' lang='lat' dir='ltr'>sumus,</span> <span class='ocrx_word' id='word_1_176' title='bbox 885 2631 1008 2700; x_wconf 87' lang='lat' dir='ltr'>jam</span> <span class='ocrx_word' id='word_1_177' title='bbox 1048 2638 1242 2684; x_wconf 90' lang='lat' dir='ltr'>tamen</span> <span class='ocrx_word' id='word_1_178' title='bbox 1286 2630 1532 2700; x_wconf 84' lang='lat' dir='ltr'>posthac</span> <span class='ocrx_word' id='word_1_179' title='bbox 1577 2636 1631 2682; x_wconf 87' lang='lat' dir='ltr'>te</span> <span class='ocrx_word' id='word_1_180' title='bbox 1690 2628 1975 2699; x_wconf 85' lang='lat' dir='ltr'>majorem</span> <span class='ocrx_word' id='word_1_181' title='bbox 2012 2644 2081 2682; x_wconf 86' lang='lat' dir='ltr'>ea</span> 
     </span>
    </p>
   </div>
   <div class='ocr_carea' id='block_1_29' title="bbox 430 2716 2079 2786">
    <p class='ocr_par' dir='ltr' id='par_1_29' title="bbox 430 2716 2079 2786">
     <span class='ocr_line' id='line_1_29' title="bbox 430 2716 2079 2786; baseline -0.001 -16"><span class='ocrx_word' id='word_1_182' title='bbox 430 2725 648 2771; x_wconf 85' lang='lat' dir='ltr'>natura</span> <span class='ocrx_word' id='word_1_183' title='bbox 677 2718 1048 2771; x_wconf 87' lang='lat' dir='ltr'>confitemur.</span> <span class='ocrx_word' id='word_1_184' title='bbox 1088 2719 1204 2772; x_wconf 88' lang='lat' dir='ltr'>Hos</span> <span class='ocrx_word' id='word_1_185' title='bbox 1235 2723 1433 2771; x_wconf 77' lang='lat' dir='ltr'>autem</span> <span class='ocrx_word' id='word_1_186' title='bbox 1467 2733 1587 2771; x_wconf 92' lang='lat' dir='ltr'>non</span> <span class='ocrx_word' id='word_1_187' title='bbox 1621 2716 1949 2786; x_wconf 81' lang='lat' dir='ltr'>increpavit</span> <span class='ocrx_word' id='word_1_188' title='bbox 1979 2732 2079 2770; x_wconf 85' lang='lat' dir='ltr'>rex</span> 
     </span>
    </p>
   </div>
   <div class='ocr_carea' id='block_1_30' title="bbox 423 2805 2073 2875">
    <p class='ocr_par' dir='ltr' id='par_1_30' title="bbox 423 2805 2073 2875">
     <span class='ocr_line' id='line_1_30' title="bbox 423 2805 2073 2875; baseline 0 -17"><span class='ocrx_word' id='word_1_189' title='bbox 423 2821 616 2875; x_wconf 90' lang='lat' dir='ltr'>neque</span> <span class='ocrx_word' id='word_1_190' title='bbox 651 2805 894 2874; x_wconf 88' lang='lat' dir='ltr'>impiam</span> <span class='ocrx_word' id='word_1_191' title='bbox 928 2807 1397 2861; x_wconf 88' lang='lat' dir='ltr'>assentationem</span> <span class='ocrx_word' id='word_1_192' title='bbox 1451 2811 1752 2861; x_wconf 85' lang='lat' dir='ltr'>aversatus</span> <span class='ocrx_word' id='word_1_193' title='bbox 1808 2811 1915 2859; x_wconf 89' lang='lat' dir='ltr'>est.</span> <span class='ocrx_word' id='word_1_194' title='bbox 1971 2807 2073 2859; x_wconf 88' lang='lat' dir='ltr'>Su-</span> 
     </span>
    </p>
   </div>
   <div class='ocr_carea' id='block_1_31' title="bbox 419 2894 2076 2968">
    <p class='ocr_par' dir='ltr' id='par_1_31' title="bbox 419 2894 2076 2968">
     <span class='ocr_line' id='line_1_31' title="bbox 419 2894 2076 2968; baseline 0 -20"><span class='ocrx_word' id='word_1_195' title='bbox 419 2894 678 2964; x_wconf 88' lang='lat' dir='ltr'>spiciens</span> <span class='ocrx_word' id='word_1_196' title='bbox 711 2895 910 2965; x_wconf 88' lang='lat' dir='ltr'>itaque</span> <span class='ocrx_word' id='word_1_197' title='bbox 946 2896 1121 2966; x_wconf 90' lang='lat' dir='ltr'>paulo</span> <span class='ocrx_word' id='word_1_198' title='bbox 1184 2901 1335 2968; x_wconf 90' lang='lat' dir='ltr'>post,</span> <span class='ocrx_word' id='word_1_199' title='bbox 1388 2895 1688 2950; x_wconf 85' lang='lat' dir='ltr'>bubonem</span> <span class='ocrx_word' id='word_1_200' title='bbox 1739 2895 1917 2967; x_wconf 83' lang='lat' dir='ltr'>capiti</span> <span class='ocrx_word' id='word_1_201' title='bbox 1970 2911 2076 2949; x_wconf 91' lang='lat' dir='ltr'>suo</span> 
     </span>
    </p>
   </div>
   <div class='ocr_carea' id='block_1_32' title="bbox 418 2983 2071 3057">
    <p class='ocr_par' dir='ltr' id='par_1_32' title="bbox 418 2983 2071 3057">
     <span class='ocr_line' id='line_1_32' title="bbox 418 2983 2071 3057; baseline 0.002 -20"><span class='ocrx_word' id='word_1_202' title='bbox 418 2983 834 3039; x_wconf 87' lang='lat' dir='ltr'>imminentem</span> <span class='ocrx_word' id='word_1_203' title='bbox 856 2985 1196 3057; x_wconf 90' lang='lat' dir='ltr'>viditsuper</span> <span class='ocrx_word' id='word_1_204' title='bbox 1213 2985 1531 3056; x_wconf 90' lang='lat' dir='ltr'>quemdam</span> <span class='ocrx_word' id='word_1_205' title='bbox 1547 2985 2071 3041; x_wconf 78' lang='lat' dir='ltr'>funiculumzhunc</span> 
     </span>
    </p>
   </div>
   <div class='ocr_carea' id='block_1_33' title="bbox 417 3075 2072 3147">
    <p class='ocr_par' dir='ltr' id='par_1_33' title="bbox 417 3075 2072 3147">
     <span class='ocr_line' id='line_1_33' title="bbox 417 3075 2072 3147; baseline 0.001 -20"><span class='ocrx_word' id='word_1_206' title='bbox 417 3075 617 3129; x_wconf 88' lang='lat' dir='ltr'>statim</span> <span class='ocrx_word' id='word_1_207' title='bbox 642 3075 918 3147; x_wconf 81' lang='lat' dir='ltr'>angelum</span> <span class='ocrx_word' id='word_1_208' title='bbox 935 3075 1154 3130; x_wconf 90' lang='lat' dir='ltr'>malum</span> <span class='ocrx_word' id='word_1_209' title='bbox 1177 3076 1698 3133; x_wconf 67' lang='lat' dir='ltr'>intellex:tesse.et</span> <span class='ocrx_word' id='word_1_210' title='bbox 1721 3075 1887 3130; x_wconf 93' lang='lat' dir='ltr'>nullo</span> <span class='ocrx_word' id='word_1_211' title='bbox 1903 3082 2072 3146; x_wconf 89' lang='lat' dir='ltr'>pacto</span> 
     </span>
    </p>
   </div>
   <div class='ocr_carea' id='block_1_34' title="bbox 2202 477 3786 556">
    <p class='ocr_par' dir='ltr' id='par_1_34' title="bbox 2202 477 3786 556">
     <span class='ocr_line' id='line_1_34' title="bbox 2202 477 3786 556; baseline 0.003 -22"><span class='ocrx_word' id='word_1_212' title='bbox 2202 505 2221 529; x_wconf 80' lang='grc' dir='ltr'>ι</span> <span class='ocrx_word' id='word_1_213' title='bbox 2255 479 2644 554; x_wconf 70' lang='grc' dir='ltr'>Ἰερουσαλὴμ,</span> <span class='ocrx_word' id='word_1_214' title='bbox 2688 480 3080 554; x_wconf 70' lang='grc' dir='ltr'>πληρώσαντες</span> <span class='ocrx_word' id='word_1_215' title='bbox 3118 483 3218 551; x_wconf 71' lang='grc' dir='ltr'>τὴν</span> <span class='ocrx_word' id='word_1_216' title='bbox 3279 477 3556 549; x_wconf 74' lang='grc' dir='ltr'>διακονίαν,</span> <span class='ocrx_word' id='word_1_217' title='bbox 3603 503 3786 556; x_wconf 84' lang='grc' dir='ltr'>συμπα-</span> 
     </span>
    </p>
   </div>
   <div class='ocr_carea' id='block_1_35' title="bbox 2197 565 3788 646">
    <p class='ocr_par' dir='ltr' id='par_1_35' title="bbox 2197 565 3788 646">
     <span class='ocr_line' id='line_1_35' title="bbox 2197 565 3788 646; baseline 0.004 -25"><span class='ocrx_word' id='word_1_218' title='bbox 2197 592 2225 620; x_wconf 88' lang='grc'><strong><em>‹‹</em></strong></span> <span class='ocrx_word' id='word_1_219' title='bbox 2259 565 2587 645; x_wconf 77' lang='grc' dir='ltr'>ραλαϐόντες</span> <span class='ocrx_word' id='word_1_220' title='bbox 2640 572 2729 626; x_wconf 83' lang='grc' dir='ltr'>καὶ</span> <span class='ocrx_word' id='word_1_221' title='bbox 2799 571 3052 643; x_wconf 71' lang='grc' dir='ltr'>Ἰωάννην</span> <span class='ocrx_word' id='word_1_222' title='bbox 3103 571 3194 627; x_wconf 88' lang='grc' dir='ltr'>τὸν</span> <span class='ocrx_word' id='word_1_223' title='bbox 3271 568 3610 642; x_wconf 78' lang='grc' dir='ltr'>ἐπικληθέντα</span> <span class='ocrx_word' id='word_1_224' title='bbox 3660 575 3788 646; x_wconf 74' lang='grc' dir='ltr'>Μάρ-</span> 
     </span>
    </p>
   </div>
   <div class='ocr_carea' id='block_1_36' title="bbox 2200 679 2427 716">
    <p class='ocr_par' dir='ltr' id='par_1_36' title="bbox 2200 679 2427 716">
     <span class='ocr_line' id='line_1_36' title="bbox 2200 679 2427 716; baseline -0.009 -4"><span class='ocrx_word' id='word_1_225' title='bbox 2200 679 2227 712; x_wconf 77' lang='lat' dir='ltr'><strong>I</strong></span> <span class='ocrx_word' id='word_1_226' title='bbox 2256 679 2373 716; x_wconf 87' lang='grc' dir='ltr'>κον.</span> <span class='ocrx_word' id='word_1_227' title='bbox 2400 684 2427 711; x_wconf 79' lang='grc' dir='ltr'>ι)</span> 
     </span>
    </p>
   </div>
   <div class='ocr_carea' id='block_1_37' title="bbox 2271 745 3788 828">
    <p class='ocr_par' dir='ltr' id='par_1_37' title="bbox 2271 745 3788 828">
     <span class='ocr_line' id='line_1_37' title="bbox 2271 745 3788 828; baseline 0.001 -27"><span class='ocrx_word' id='word_1_228' title='bbox 2271 749 2381 801; x_wconf 77' lang='grc' dir='ltr'>«Ὀ</span> <span class='ocrx_word' id='word_1_229' title='bbox 2414 745 2470 803; x_wconf 71' lang='grc' dir='ltr'>δὲ</span> <span class='ocrx_word' id='word_1_230' title='bbox 2527 747 2706 823; x_wconf 79' lang='grc' dir='ltr'>δῆμος</span> <span class='ocrx_word' id='word_1_231' title='bbox 2743 747 3024 828; x_wconf 87' lang='grc' dir='ltr'>ἐπεφώνει.</span> <span class='ocrx_word' id='word_1_232' title='bbox 3058 771 3084 801; x_wconf 77' lang='grc' dir='ltr'>ι</span> <span class='ocrx_word' id='word_1_233' title='bbox 3148 749 3253 806; x_wconf 81' lang='grc' dir='ltr'>Καὶ</span> <span class='ocrx_word' id='word_1_234' title='bbox 3307 751 3359 804; x_wconf 90' lang='grc' dir='ltr'>τί</span> <span class='ocrx_word' id='word_1_235' title='bbox 3423 750 3552 823; x_wconf 88' lang='grc' dir='ltr'>πρὸς</span> <span class='ocrx_word' id='word_1_236' title='bbox 3605 754 3788 822; x_wconf 80' lang='grc' dir='ltr'>τοῦτον,</span> 
     </span>
    </p>
   </div>
   <div class='ocr_carea' id='block_1_38' title="bbox 2197 833 3792 917">
    <p class='ocr_par' dir='ltr' id='par_1_38' title="bbox 2197 833 3792 917">
     <span class='ocr_line' id='line_1_38' title="bbox 2197 833 3792 917; baseline 0.002 -26"><span class='ocrx_word' id='word_1_237' title='bbox 2197 836 2246 891; x_wconf 65' lang='grc' dir='ltr'>εἴ</span> <span class='ocrx_word' id='word_1_238' title='bbox 2276 836 2468 892; x_wconf 85' lang='grc' dir='ltr'>ἐκεῖνοι</span> <span class='ocrx_word' id='word_1_239' title='bbox 2500 833 2732 908; x_wconf 76' lang='grc' dir='ltr'>ἐϐόησαν</span> <span class='ocrx_word' id='word_1_240' title='bbox 2767 858 2781 908; x_wconf 88' lang='lat'><strong>;</strong></span> <span class='ocrx_word' id='word_1_241' title='bbox 2813 845 2930 894; x_wconf 82' lang='grc' dir='ltr'>’Ὀτι</span> <span class='ocrx_word' id='word_1_242' title='bbox 2972 836 3288 910; x_wconf 71' lang='grc' dir='ltr'>κατεδέξατο</span> <span class='ocrx_word' id='word_1_243' title='bbox 3347 841 3443 908; x_wconf 74' lang='grc' dir='ltr'>τήν</span> <span class='ocrx_word' id='word_1_244' title='bbox 3494 839 3683 917; x_wconf 76' lang='grc' dir='ltr'>φωνην,</span> <span class='ocrx_word' id='word_1_245' title='bbox 3721 840 3792 894; x_wconf 78' lang='grc' dir='ltr'>ὅτι</span> 
     </span>
    </p>
   </div>
   <div class='ocr_carea' id='block_1_39' title="bbox 2195 925 3794 1000">
    <p class='ocr_par' dir='ltr' id='par_1_39' title="bbox 2195 925 3794 1000">
     <span class='ocr_line' id='line_1_39' title="bbox 2195 925 3794 1000; baseline 0.001 -20"><span class='ocrx_word' id='word_1_246' title='bbox 2195 926 2339 996; x_wconf 80' lang='grc' dir='ltr'>ἄξιον</span> <span class='ocrx_word' id='word_1_247' title='bbox 2400 927 2586 982; x_wconf 76' lang='grc' dir='ltr'>ἑαυτὸν</span> <span class='ocrx_word' id='word_1_248' title='bbox 2643 927 2890 1000; x_wconf 80' lang='grc' dir='ltr'>ἐνόμισεν</span> <span class='ocrx_word' id='word_1_249' title='bbox 2949 930 3087 983; x_wconf 84' lang='grc' dir='ltr'>εἶναι</span> <span class='ocrx_word' id='word_1_250' title='bbox 3154 935 3254 997; x_wconf 80' lang='grc' dir='ltr'>τῆς</span> <span class='ocrx_word' id='word_1_251' title='bbox 3308 925 3605 989; x_wconf 88' lang='grc' dir='ltr'>κολακείας.</span> <span class='ocrx_word' id='word_1_252' title='bbox 3659 926 3714 981; x_wconf 84' lang='grc' dir='ltr'><strong>Εἰ</strong></span> <span class='ocrx_word' id='word_1_253' title='bbox 3747 925 3794 982; x_wconf 69' lang='grc' dir='ltr'>δὲ</span> 
     </span>
    </p>
   </div>
   <div class='ocr_carea' id='block_1_40' title="bbox 2197 1014 3793 1095">
    <p class='ocr_par' dir='ltr' id='par_1_40' title="bbox 2197 1014 3793 1095">
     <span class='ocr_line' id='line_1_40' title="bbox 2197 1014 3793 1095; baseline -0.001 -25"><span class='ocrx_word' id='word_1_254' title='bbox 2197 1014 2353 1078; x_wconf 84' lang='grc' dir='ltr'>οὗτος</span> <span class='ocrx_word' id='word_1_255' title='bbox 2389 1015 2618 1077; x_wconf 83' lang='grc' dir='ltr'>ἀκούσας</span> <span class='ocrx_word' id='word_1_256' title='bbox 2673 1018 2755 1071; x_wconf 85' lang='grc' dir='ltr'>ὅτι</span> <span class='ocrx_word' id='word_1_257' title='bbox 2811 1018 2962 1095; x_wconf 82' lang='grc' dir='ltr'>φωνή</span> <span class='ocrx_word' id='word_1_258' title='bbox 3032 1021 3166 1072; x_wconf 84' lang='grc' dir='ltr'>Θεοῦ</span> <span class='ocrx_word' id='word_1_259' title='bbox 3221 1017 3310 1072; x_wconf 82' lang='grc' dir='ltr'>καὶ</span> <span class='ocrx_word' id='word_1_260' title='bbox 3369 1017 3468 1071; x_wconf 81' lang='grc' dir='ltr'>οὐκ</span> <span class='ocrx_word' id='word_1_261' title='bbox 3520 1015 3793 1089; x_wconf 81' lang='grc' dir='ltr'>ἀνθρώπου,</span> 
     </span>
    </p>
   </div>
   <div class='ocr_carea' id='block_1_41' title="bbox 2193 1101 3794 1177">
    <p class='ocr_par' dir='ltr' id='par_1_41' title="bbox 2193 1101 3794 1177">
     <span class='ocr_line' id='line_1_41' title="bbox 2193 1101 3794 1177; baseline 0 -19"><span class='ocrx_word' id='word_1_262' title='bbox 2193 1105 2370 1159; x_wconf 84' lang='grc' dir='ltr'>καίτοι</span> <span class='ocrx_word' id='word_1_263' title='bbox 2406 1103 2575 1177; x_wconf 74' lang='grc' dir='ltr'>μηδὲν</span> <span class='ocrx_word' id='word_1_264' title='bbox 2605 1105 2791 1173; x_wconf 62' lang='grc' dir='ltr'>εῗπὼν,</span> <span class='ocrx_word' id='word_1_265' title='bbox 2847 1109 3072 1162; x_wconf 87' lang='grc' dir='ltr'>τοιαῦτα</span> <span class='ocrx_word' id='word_1_266' title='bbox 3127 1101 3309 1173; x_wconf 72' lang='grc' dir='ltr'>ἔπαθε,</span> <span class='ocrx_word' id='word_1_267' title='bbox 3367 1103 3557 1176; x_wconf 82' lang='grc' dir='ltr'>πολλῷ</span> <span class='ocrx_word' id='word_1_268' title='bbox 3614 1102 3794 1176; x_wconf 80' lang='grc' dir='ltr'>μᾶλλον</span> 
     </span>
    </p>
   </div>
   <div class='ocr_carea' id='block_1_42' title="bbox 2197 1193 3796 1271">
    <p class='ocr_par' dir='ltr' id='par_1_42' title="bbox 2197 1193 3796 1271">
     <span class='ocr_line' id='line_1_42' title="bbox 2197 1193 3796 1271; baseline -0.001 -23"><span class='ocrx_word' id='word_1_269' title='bbox 2197 1195 2224 1248; x_wconf 99' lang='lat'>6</span> <span class='ocrx_word' id='word_1_270' title='bbox 2265 1195 2516 1270; x_wconf 85' lang='grc' dir='ltr'>Χριστὸς,</span> <span class='ocrx_word' id='word_1_271' title='bbox 2550 1193 2595 1249; x_wconf 82' lang='grc' dir='ltr'>εί</span> <span class='ocrx_word' id='word_1_272' title='bbox 2629 1197 2706 1268; x_wconf 80' lang='grc' dir='ltr'>μή</span> <span class='ocrx_word' id='word_1_273' title='bbox 2740 1195 2869 1258; x_wconf 86' lang='grc' dir='ltr'>Θεὸς</span> <span class='ocrx_word' id='word_1_274' title='bbox 2902 1196 2988 1265; x_wconf 79' lang='grc' dir='ltr'>ἦν,</span> <span class='ocrx_word' id='word_1_275' title='bbox 3019 1195 3178 1257; x_wconf 69' lang='grc' dir='ltr'>αὐτὸς</span> <span class='ocrx_word' id='word_1_276' title='bbox 3234 1195 3316 1250; x_wconf 82' lang='grc' dir='ltr'>ἀεὶ</span> <span class='ocrx_word' id='word_1_277' title='bbox 3374 1193 3569 1271; x_wconf 68' lang='grc' dir='ltr'>λέγων,</span> <span class='ocrx_word' id='word_1_278' title='bbox 3621 1195 3694 1248; x_wconf 81' lang='grc' dir='ltr'>δτι</span> <span class='ocrx_word' id='word_1_279' title='bbox 3729 1193 3796 1250; x_wconf 78' lang='grc' dir='ltr'>Τὰ</span> 
     </span>
    </p>
   </div>
   <div class='ocr_carea' id='block_1_43' title="bbox 2197 1281 3796 1360">
    <p class='ocr_par' dir='ltr' id='par_1_43' title="bbox 2197 1281 3796 1360">
     <span class='ocr_line' id='line_1_43' title="bbox 2197 1281 3796 1360; baseline -0.001 -22"><span class='ocrx_word' id='word_1_280' title='bbox 2197 1285 2417 1358; x_wconf 71' lang='grc' dir='ltr'>ῥήματα</span> <span class='ocrx_word' id='word_1_281' title='bbox 2446 1287 2612 1339; x_wconf 88' lang='grc' dir='ltr'>ταῦτα</span> <span class='ocrx_word' id='word_1_282' title='bbox 2645 1283 2745 1339; x_wconf 83' lang='grc' dir='ltr'>οὐκ</span> <span class='ocrx_word' id='word_1_283' title='bbox 2768 1282 2909 1339; x_wconf 80' lang='grc' dir='ltr'>ἔστιν</span> <span class='ocrx_word' id='word_1_284' title='bbox 2940 1283 3065 1358; x_wconf 67' lang='grc' dir='ltr'>ἐμὲ,</span> <span class='ocrx_word' id='word_1_285' title='bbox 3099 1285 3211 1353; x_wconf 84' lang='grc' dir='ltr'>καὶ,</span> <span class='ocrx_word' id='word_1_286' title='bbox 3268 1281 3530 1360; x_wconf 79' lang='grc' dir='ltr'>’Δγγελοί</span> <span class='ocrx_word' id='word_1_287' title='bbox 3583 1304 3672 1354; x_wconf 89' lang='grc' dir='ltr'>μοι</span> <span class='ocrx_word' id='word_1_288' title='bbox 3714 1283 3796 1336; x_wconf 83' lang='grc' dir='ltr'>ὑπ·</span> 
     </span>
    </p>
   </div>
   <div class='ocr_carea' id='block_1_44' title="bbox 2197 1369 3800 1450">
    <p class='ocr_par' dir='ltr' id='par_1_44' title="bbox 2197 1369 3800 1450">
     <span class='ocr_line' id='line_1_44' title="bbox 2197 1369 3800 1450; baseline -0.001 -24"><span class='ocrx_word' id='word_1_289' title='bbox 2197 1377 2474 1447; x_wconf 89' lang='grc' dir='ltr'>ηρετοῦσι.</span> <span class='ocrx_word' id='word_1_290' title='bbox 2528 1375 2676 1430; x_wconf 83' lang='grc' dir='ltr'>Κατὰ</span> <span class='ocrx_word' id='word_1_291' title='bbox 2736 1372 2794 1430; x_wconf 75' lang='grc' dir='ltr'><strong>δὶ</strong></span> <span class='ocrx_word' id='word_1_292' title='bbox 2839 1379 3030 1430; x_wconf 80' lang='grc' dir='ltr'>τοῦτον</span> <span class='ocrx_word' id='word_1_293' title='bbox 3079 1375 3167 1431; x_wconf 81' lang='grc' dir='ltr'>τὸν</span> <span class='ocrx_word' id='word_1_294' title='bbox 3224 1376 3427 1450; x_wconf 84' lang='grc' dir='ltr'>καιρὸν,</span> <span class='ocrx_word' id='word_1_295' title='bbox 3481 1373 3651 1449; x_wconf 88' lang='grc' dir='ltr'>τρίτον</span> <span class='ocrx_word' id='word_1_296' title='bbox 3701 1369 3800 1435; x_wconf 81' lang='grc' dir='ltr'>ἔτος</span> 
     </span>
    </p>
   </div>
   <div class='ocr_carea' id='block_1_45' title="bbox 2196 1461 3799 1540">
    <p class='ocr_par' dir='ltr' id='par_1_45' title="bbox 2196 1461 3799 1540">
     <span class='ocr_line' id='line_1_45' title="bbox 2196 1461 3799 1540; baseline -0.002 -22"><span class='ocrx_word' id='word_1_297' title='bbox 2196 1464 2478 1538; x_wconf 79' lang='grc' dir='ltr'>Ἀγρίππᾳ</span> <span class='ocrx_word' id='word_1_298' title='bbox 2527 1462 2869 1539; x_wconf 81' lang='grc' dir='ltr'>βασιλεύοντι</span> <span class='ocrx_word' id='word_1_299' title='bbox 2917 1471 3093 1540; x_wconf 74' lang='grc' dir='ltr'>παρῆν</span> <span class='ocrx_word' id='word_1_300' title='bbox 3145 1462 3196 1519; x_wconf 88' lang='grc' dir='ltr'>ἐν</span> <span class='ocrx_word' id='word_1_301' title='bbox 3259 1464 3544 1539; x_wconf 78' lang='grc' dir='ltr'>Καισαρείᾳ</span> <span class='ocrx_word' id='word_1_302' title='bbox 3594 1465 3657 1534; x_wconf 79' lang='grc' dir='ltr'>τῇ</span> <span class='ocrx_word' id='word_1_303' title='bbox 3683 1461 3799 1537; x_wconf 83' lang='grc' dir='ltr'>πρό-</span> 
     </span>
    </p>
   </div>
   <div class='ocr_carea' id='block_1_46' title="bbox 2193 1546 3801 1631">
    <p class='ocr_par' dir='ltr' id='par_1_46' title="bbox 2193 1546 3801 1631">
     <span class='ocr_line' id='line_1_46' title="bbox 2193 1546 3801 1631; baseline -0.003 -23"><span class='ocrx_word' id='word_1_304' title='bbox 2193 1573 2346 1627; x_wconf 85' lang='grc' dir='ltr'>τερον</span> <span class='ocrx_word' id='word_1_305' title='bbox 2396 1553 2713 1629; x_wconf 82' lang='grc' dir='ltr'>Στράτωνος</span> <span class='ocrx_word' id='word_1_306' title='bbox 2773 1553 2982 1631; x_wconf 85' lang='grc' dir='ltr'>πύργος</span> <span class='ocrx_word' id='word_1_307' title='bbox 3038 1553 3380 1630; x_wconf 76' lang='grc' dir='ltr'>καλουμένῃ.</span> <span class='ocrx_word' id='word_1_308' title='bbox 3443 1551 3702 1608; x_wconf 81' lang='grc' dir='ltr'>Συνετέλει</span> <span class='ocrx_word' id='word_1_309' title='bbox 3754 1546 3801 1604; x_wconf 75' lang='grc' dir='ltr'>δὲ</span> 
     </span>
    </p>
   </div>
   <div class='ocr_carea' id='block_1_47' title="bbox 2195 1639 3798 1718">
    <p class='ocr_par' dir='ltr' id='par_1_47' title="bbox 2195 1639 3798 1718">
     <span class='ocr_line' id='line_1_47' title="bbox 2195 1639 3798 1718; baseline -0.004 -21"><span class='ocrx_word' id='word_1_310' title='bbox 2195 1641 2416 1697; x_wconf 85' lang='grc' dir='ltr'>ἐνταῦθα</span> <span class='ocrx_word' id='word_1_311' title='bbox 2471 1643 2700 1716; x_wconf 81' lang='grc' dir='ltr'>θεωρίας</span> <span class='ocrx_word' id='word_1_312' title='bbox 2761 1641 2837 1706; x_wconf 82' lang='grc' dir='ltr'>εἰς</span> <span class='ocrx_word' id='word_1_313' title='bbox 2891 1644 2990 1712; x_wconf 75' lang='grc' dir='ltr'>τὴν</span> <span class='ocrx_word' id='word_1_314' title='bbox 3053 1643 3324 1718; x_wconf 87' lang='grc' dir='ltr'>Καίσαρος</span> <span class='ocrx_word' id='word_1_315' title='bbox 3378 1643 3561 1714; x_wconf 72' lang='grc' dir='ltr'>τιμήν,</span> <span class='ocrx_word' id='word_1_316' title='bbox 3633 1639 3798 1714; x_wconf 73' lang='grc' dir='ltr'>ἑορτήν</span> 
     </span>
    </p>
   </div>
   <div class='ocr_carea' id='block_1_48' title="bbox 2193 1729 3799 1807">
    <p class='ocr_par' dir='ltr' id='par_1_48' title="bbox 2193 1729 3799 1807">
     <span class='ocr_line' id='line_1_48' title="bbox 2193 1729 3799 1807; baseline -0.004 -21"><span class='ocrx_word' id='word_1_317' title='bbox 2193 1752 2312 1786; x_wconf 92' lang='grc' dir='ltr'>τινα</span> <span class='ocrx_word' id='word_1_318' title='bbox 2342 1731 2542 1802; x_wconf 88' lang='grc' dir='ltr'>ταύτην</span> <span class='ocrx_word' id='word_1_319' title='bbox 2595 1729 2968 1804; x_wconf 75' lang='grc' dir='ltr'>ἐπιστάμενος.</span> <span class='ocrx_word' id='word_1_320' title='bbox 3029 1729 3260 1807; x_wconf 81' lang='grc' dir='ltr'>Δευτέρᾳ</span> <span class='ocrx_word' id='word_1_321' title='bbox 3319 1729 3376 1786; x_wconf 71' lang='grc' dir='ltr'>δὲ</span> <span class='ocrx_word' id='word_1_322' title='bbox 3429 1735 3534 1785; x_wconf 88' lang='grc' dir='ltr'>τῶν</span> <span class='ocrx_word' id='word_1_323' title='bbox 3588 1731 3799 1806; x_wconf 77' lang='grc' dir='ltr'>θεωριῶν</span> 
     </span>
    </p>
   </div>
   <div class='ocr_carea' id='block_1_49' title="bbox 2192 1817 3804 1894">
    <p class='ocr_par' dir='ltr' id='par_1_49' title="bbox 2192 1817 3804 1894">
     <span class='ocr_line' id='line_1_49' title="bbox 2192 1817 3804 1894; baseline -0.002 -21"><span class='ocrx_word' id='word_1_324' title='bbox 2192 1819 2374 1894; x_wconf 71' lang='grc' dir='ltr'>ἡμέρᾳ</span> <span class='ocrx_word' id='word_1_325' title='bbox 2400 1819 2602 1890; x_wconf 74' lang='grc' dir='ltr'>στολὴν</span> <span class='ocrx_word' id='word_1_326' title='bbox 2630 1817 2779 1881; x_wconf 82' lang='grc' dir='ltr'>ἐνδῦς</span> <span class='ocrx_word' id='word_1_327' title='bbox 2811 1819 2860 1890; x_wconf 78' lang='grc' dir='ltr'>ἐξ</span> <span class='ocrx_word' id='word_1_328' title='bbox 2911 1819 3152 1894; x_wconf 82' lang='grc' dir='ltr'>ἀργύρου</span> <span class='ocrx_word' id='word_1_329' title='bbox 3210 1817 3579 1894; x_wconf 75' lang='grc' dir='ltr'>πεποιημένην</span> <span class='ocrx_word' id='word_1_330' title='bbox 3632 1823 3804 1883; x_wconf 79' lang='grc' dir='ltr'>πᾶσαν,</span> 
     </span>
    </p>
   </div>
   <div class='ocr_carea' id='block_1_50' title="bbox 2191 1905 3805 1989">
    <p class='ocr_par' dir='ltr' id='par_1_50' title="bbox 2191 1905 3805 1989">
     <span class='ocr_line' id='line_1_50' title="bbox 2191 1905 3805 1989; baseline -0.004 -23"><span class='ocrx_word' id='word_1_331' title='bbox 2191 1912 2264 1972; x_wconf 89' lang='grc' dir='ltr'>ὡς</span> <span class='ocrx_word' id='word_1_332' title='bbox 2293 1911 2591 1983; x_wconf 76' lang='grc' dir='ltr'>Θαυμάσιον</span> <span class='ocrx_word' id='word_1_333' title='bbox 2627 1911 2765 1989; x_wconf 69' lang='grc' dir='ltr'>ὑφὴν</span> <span class='ocrx_word' id='word_1_334' title='bbox 2796 1911 2958 1980; x_wconf 78' lang='grc' dir='ltr'>εἶναι,</span> <span class='ocrx_word' id='word_1_335' title='bbox 2991 1910 3271 1986; x_wconf 78' lang='grc' dir='ltr'>παρῆλθεν</span> <span class='ocrx_word' id='word_1_336' title='bbox 3336 1911 3411 1971; x_wconf 81' lang='grc' dir='ltr'>εἷς</span> <span class='ocrx_word' id='word_1_337' title='bbox 3467 1907 3674 1983; x_wconf 74' lang='grc' dir='ltr'>θέατρον</span> <span class='ocrx_word' id='word_1_338' title='bbox 3719 1905 3805 1979; x_wconf 82' lang='grc' dir='ltr'>ἆρ-</span> 
     </span>
    </p>
   </div>
   <div class='ocr_carea' id='block_1_51' title="bbox 2192 1995 3802 2075">
    <p class='ocr_par' dir='ltr' id='par_1_51' title="bbox 2192 1995 3802 2075">
     <span class='ocr_line' id='line_1_51' title="bbox 2192 1995 3802 2075; baseline -0.003 -21"><span class='ocrx_word' id='word_1_339' title='bbox 2192 1998 2434 2074; x_wconf 84' lang='grc' dir='ltr'>χομένης</span> <span class='ocrx_word' id='word_1_340' title='bbox 2475 1998 2708 2072; x_wconf 51' lang='grc' dir='ltr'>ἡμέρας</span> <span class='ocrx_word' id='word_1_341' title='bbox 2767 1998 2886 2064; x_wconf 84' lang='grc' dir='ltr'>ἔνθα</span> <span class='ocrx_word' id='word_1_342' title='bbox 2942 2005 3062 2062; x_wconf 82' lang='grc' dir='ltr'>ταῖς</span> <span class='ocrx_word' id='word_1_343' title='bbox 3129 2001 3378 2075; x_wconf 84' lang='grc' dir='ltr'>πρώταις</span> <span class='ocrx_word' id='word_1_344' title='bbox 3429 2004 3533 2054; x_wconf 87' lang='grc' dir='ltr'>τῶν</span> <span class='ocrx_word' id='word_1_345' title='bbox 3582 1995 3802 2066; x_wconf 78' lang='grc' dir='ltr'>ἡλιακῶν</span> 
     </span>
    </p>
   </div>
   <div class='ocr_carea' id='block_1_52' title="bbox 2191 2083 3802 2165">
    <p class='ocr_par' dir='ltr' id='par_1_52' title="bbox 2191 2083 3802 2165">
     <span class='ocr_line' id='line_1_52' title="bbox 2191 2083 3802 2165; baseline -0.003 -22"><span class='ocrx_word' id='word_1_346' title='bbox 2191 2088 2422 2143; x_wconf 80' lang='grc' dir='ltr'>ἀκτίνων</span> <span class='ocrx_word' id='word_1_347' title='bbox 2448 2083 2736 2151; x_wconf 75' lang='grc' dir='ltr'>ἐπιϐολαῖς</span> <span class='ocrx_word' id='word_1_348' title='bbox 2795 2089 2823 2142; x_wconf 93' lang='lat'>6</span> <span class='ocrx_word' id='word_1_349' title='bbox 2883 2087 3118 2165; x_wconf 82' lang='grc' dir='ltr'>ἄργυρος</span> <span class='ocrx_word' id='word_1_350' title='bbox 3177 2087 3563 2165; x_wconf 76' lang='grc' dir='ltr'>καταυγασθεὶς</span> <span class='ocrx_word' id='word_1_351' title='bbox 3614 2089 3802 2159; x_wconf 85' lang='grc' dir='ltr'>θαυμα-</span> 
     </span>
    </p>
   </div>
   <div class='ocr_carea' id='block_1_53' title="bbox 2193 2171 3805 2252">
    <p class='ocr_par' dir='ltr' id='par_1_53' title="bbox 2193 2171 3805 2252">
     <span class='ocr_line' id='line_1_53' title="bbox 2193 2171 3805 2252; baseline 0 -21"><span class='ocrx_word' id='word_1_352' title='bbox 2193 2177 2322 2239; x_wconf 89' lang='grc' dir='ltr'>σίως</span> <span class='ocrx_word' id='word_1_353' title='bbox 2351 2172 2666 2247; x_wconf 68' lang='grc' dir='ltr'>ἀπέστιλϐε,</span> <span class='ocrx_word' id='word_1_354' title='bbox 2712 2179 3027 2252; x_wconf 63' lang='grc' dir='ltr'>μαρμαῖρόν</span> <span class='ocrx_word' id='word_1_355' title='bbox 3087 2199 3139 2234; x_wconf 88' lang='grc' dir='ltr'>τι</span> <span class='ocrx_word' id='word_1_356' title='bbox 3197 2177 3388 2252; x_wconf 72' lang='grc' dir='ltr'>φέρον,</span> <span class='ocrx_word' id='word_1_357' title='bbox 3441 2176 3530 2233; x_wconf 85' lang='grc' dir='ltr'>καὶ</span> <span class='ocrx_word' id='word_1_358' title='bbox 3583 2181 3691 2237; x_wconf 82' lang='grc' dir='ltr'>τοῖς</span> <span class='ocrx_word' id='word_1_359' title='bbox 3743 2171 3805 2231; x_wconf 83' lang='grc' dir='ltr'>εἷς</span> 
     </span>
    </p>
   </div>
   <div class='ocr_carea' id='block_1_54' title="bbox 2188 2262 3807 2345">
    <p class='ocr_par' dir='ltr' id='par_1_54' title="bbox 2188 2262 3807 2345">
     <span class='ocr_line' id='line_1_54' title="bbox 2188 2262 3807 2345; baseline -0.002 -23"><span class='ocrx_word' id='word_1_360' title='bbox 2188 2267 2351 2322; x_wconf 82' lang='grc' dir='ltr'>αὐτὸν</span> <span class='ocrx_word' id='word_1_361' title='bbox 2381 2265 2648 2322; x_wconf 80' lang='grc' dir='ltr'>ἀτὲνίσασι</span> <span class='ocrx_word' id='word_1_362' title='bbox 2682 2265 2971 2345; x_wconf 79' lang='grc' dir='ltr'>φρικῶδες.</span> <span class='ocrx_word' id='word_1_363' title='bbox 3041 2266 3212 2328; x_wconf 77' lang='grc' dir='ltr'>Εύθῦς</span> <span class='ocrx_word' id='word_1_364' title='bbox 3243 2264 3298 2322; x_wconf 80' lang='grc' dir='ltr'>δὲ</span> <span class='ocrx_word' id='word_1_365' title='bbox 3358 2268 3409 2321; x_wconf 72' lang='grc' dir='ltr'>οἱ</span> <span class='ocrx_word' id='word_1_366' title='bbox 3460 2265 3678 2327; x_wconf 86' lang='grc' dir='ltr'>κόλακες</span> <span class='ocrx_word' id='word_1_367' title='bbox 3723 2262 3807 2318; x_wconf 82' lang='grc' dir='ltr'>ἆλ-</span> 
     </span>
    </p>
   </div>
   <div class='ocr_carea' id='block_1_55' title="bbox 2188 2351 3808 2436">
    <p class='ocr_par' dir='ltr' id='par_1_55' title="bbox 2188 2351 3808 2436">
     <span class='ocr_line' id='line_1_55' title="bbox 2188 2351 3808 2436; baseline -0.002 -25"><span class='ocrx_word' id='word_1_368' title='bbox 2188 2354 2285 2418; x_wconf 88' lang='grc' dir='ltr'>λος</span> <span class='ocrx_word' id='word_1_369' title='bbox 2318 2354 2548 2411; x_wconf 75' lang='grc' dir='ltr'>ἄλλοθεν</span> <span class='ocrx_word' id='word_1_370' title='bbox 2581 2351 2753 2412; x_wconf 78' lang='grc' dir='ltr'>ἐϐόων</span> <span class='ocrx_word' id='word_1_371' title='bbox 2779 2357 2981 2436; x_wconf 73' lang='grc' dir='ltr'>φωνὰς,</span> <span class='ocrx_word' id='word_1_372' title='bbox 3036 2356 3110 2418; x_wconf 85' lang='grc' dir='ltr'>ὼς</span> <span class='ocrx_word' id='word_1_373' title='bbox 3160 2357 3287 2412; x_wconf 84' lang='grc' dir='ltr'>Θεὸν</span> <span class='ocrx_word' id='word_1_374' title='bbox 3347 2354 3808 2432; x_wconf 70' lang='grc' dir='ltr'>προσαγορεύοντες</span> 
     </span>
    </p>
   </div>
   <div class='ocr_carea' id='block_1_56' title="bbox 2189 2443 3803 2526">
    <p class='ocr_par' dir='ltr' id='par_1_56' title="bbox 2189 2443 3803 2526">
     <span class='ocr_line' id='line_1_56' title="bbox 2189 2443 3803 2526; baseline -0.004 -24"><span class='ocrx_word' id='word_1_375' title='bbox 2189 2446 2386 2519; x_wconf 85' lang='grc' dir='ltr'>εὐμενῆ</span> <span class='ocrx_word' id='word_1_376' title='bbox 2421 2447 2553 2501; x_wconf 75' lang='grc' dir='ltr'>εἶναι</span> <span class='ocrx_word' id='word_1_377' title='bbox 2589 2445 2951 2522; x_wconf 75' lang='grc' dir='ltr'>ἐπιλέγοντες.</span> <span class='ocrx_word' id='word_1_378' title='bbox 3002 2445 3070 2502; x_wconf 76' lang='lat' dir='ltr'>Ei</span> <span class='ocrx_word' id='word_1_379' title='bbox 3123 2446 3212 2501; x_wconf 87' lang='lat' dir='ltr'>xui</span> <span class='ocrx_word' id='word_1_380' title='bbox 3269 2445 3442 2526; x_wconf 73' lang='grc' dir='ltr'>μέχρι</span> <span class='ocrx_word' id='word_1_381' title='bbox 3493 2452 3580 2501; x_wconf 90' lang='grc' dir='ltr'>νῦν</span> <span class='ocrx_word' id='word_1_382' title='bbox 3621 2445 3685 2508; x_wconf 86' lang='grc' dir='ltr'>ὡς</span> <span class='ocrx_word' id='word_1_383' title='bbox 3725 2443 3803 2496; x_wconf 79' lang='grc' dir='ltr'>ἅν-</span> 
     </span>
    </p>
   </div>
   <div class='ocr_carea' id='block_1_57' title="bbox 2189 2531 3805 2612">
    <p class='ocr_par' dir='ltr' id='par_1_57' title="bbox 2189 2531 3805 2612">
     <span class='ocr_line' id='line_1_57' title="bbox 2189 2531 3805 2612; baseline -0.003 -23"><span class='ocrx_word' id='word_1_384' title='bbox 2189 2547 2406 2610; x_wconf 85' lang='grc' dir='ltr'>θρωπον</span> <span class='ocrx_word' id='word_1_385' title='bbox 2451 2531 2826 2612; x_wconf 71' lang='grc' dir='ltr'>ἐφοϐήθημεν,</span> <span class='ocrx_word' id='word_1_386' title='bbox 2889 2533 3059 2590; x_wconf 79' lang='grc' dir='ltr'>ἀλλὰ·</span> <span class='ocrx_word' id='word_1_387' title='bbox 3089 2533 3406 2592; x_wconf 88' lang='grc' dir='ltr'>τούντεῦθεν</span> <span class='ocrx_word' id='word_1_388' title='bbox 3455 2533 3720 2610; x_wconf 82' lang='grc' dir='ltr'>κρείττονά</span> <span class='ocrx_word' id='word_1_389' title='bbox 3756 2551 3805 2585; x_wconf 79' lang='grc' dir='ltr'>σε</span> 
     </span>
    </p>
   </div>
   <div class='ocr_carea' id='block_1_58' title="bbox 2186 2622 3806 2702">
    <p class='ocr_par' dir='ltr' id='par_1_58' title="bbox 2186 2622 3806 2702">
     <span class='ocr_line' id='line_1_58' title="bbox 2186 2622 3806 2702; baseline -0.007 -17"><span class='ocrx_word' id='word_1_390' title='bbox 2186 2632 2287 2692; x_wconf 78' lang='grc' dir='ltr'>τῆς</span> <span class='ocrx_word' id='word_1_391' title='bbox 2317 2625 2528 2702; x_wconf 76' lang='grc' dir='ltr'>φύσεως</span> <span class='ocrx_word' id='word_1_392' title='bbox 2561 2623 2966 2699; x_wconf 83' lang='grc' dir='ltr'>ὁμολογοῦμεν.</span> <span class='ocrx_word' id='word_1_393' title='bbox 3009 2623 3123 2681; x_wconf 84' lang='grc' dir='ltr'>Οὗκ</span> <span class='ocrx_word' id='word_1_394' title='bbox 3176 2622 3453 2697; x_wconf 66' lang='grc' dir='ltr'>ἐπέπληξε</span> <span class='ocrx_word' id='word_1_395' title='bbox 3500 2622 3556 2679; x_wconf 73' lang='grc' dir='ltr'>δὲ</span> <span class='ocrx_word' id='word_1_396' title='bbox 3606 2622 3806 2682; x_wconf 75' lang='grc' dir='ltr'>τούτους</span> 
     </span>
    </p>
   </div>
   <div class='ocr_carea' id='block_1_59' title="bbox 2187 2708 3805 2785">
    <p class='ocr_par' dir='ltr' id='par_1_59' title="bbox 2187 2708 3805 2785">
     <span class='ocr_line' id='line_1_59' title="bbox 2187 2708 3805 2785; baseline -0.001 -19"><span class='ocrx_word' id='word_1_397' title='bbox 2187 2713 2214 2766; x_wconf 88' lang='grc' dir='ltr'>ὁ</span> <span class='ocrx_word' id='word_1_398' title='bbox 2249 2712 2526 2785; x_wconf 77' lang='grc' dir='ltr'>βασιλεὺς,</span> <span class='ocrx_word' id='word_1_399' title='bbox 2561 2709 2688 2767; x_wconf 73' lang='grc' dir='ltr'>οὐδὲ</span> <span class='ocrx_word' id='word_1_400' title='bbox 2725 2713 2824 2782; x_wconf 76' lang='grc' dir='ltr'>τὴν</span> <span class='ocrx_word' id='word_1_401' title='bbox 2885 2711 3173 2768; x_wconf 82' lang='grc' dir='ltr'>κολακείαν</span> <span class='ocrx_word' id='word_1_402' title='bbox 3231 2709 3530 2770; x_wconf 77' lang='grc' dir='ltr'>ἀσεϐοῦσαν</span> <span class='ocrx_word' id='word_1_403' title='bbox 3575 2708 3805 2785; x_wconf 81' lang='grc' dir='ltr'>ἀπεστρέ-</span> 
     </span>
    </p>
   </div>
   <div class='ocr_carea' id='block_1_60' title="bbox 2186 2799 3808 2881">
    <p class='ocr_par' dir='ltr' id='par_1_60' title="bbox 2186 2799 3808 2881">
     <span class='ocr_line' id='line_1_60' title="bbox 2186 2799 3808 2881; baseline 0.002 -26"><span class='ocrx_word' id='word_1_404' title='bbox 2186 2804 2345 2876; x_wconf 64' lang='grc' dir='ltr'>ψατσ</span> <span class='ocrx_word' id='word_1_405' title='bbox 2381 2801 2684 2875; x_wconf 76' lang='grc' dir='ltr'>Ἀνακύψας</span> <span class='ocrx_word' id='word_1_406' title='bbox 2711 2806 2842 2879; x_wconf 90' lang='grc' dir='ltr'>γοῦν</span> <span class='ocrx_word' id='word_1_407' title='bbox 2878 2809 2994 2878; x_wconf 83' lang='grc' dir='ltr'>μετ’</span> <span class='ocrx_word' id='word_1_408' title='bbox 3036 2801 3224 2880; x_wconf 85' lang='grc' dir='ltr'>ὀλίγον</span> <span class='ocrx_word' id='word_1_409' title='bbox 3277 2804 3375 2859; x_wconf 87' lang='grc' dir='ltr'>τὸν</span> <span class='ocrx_word' id='word_1_410' title='bbox 3431 2799 3689 2881; x_wconf 75' lang='grc' dir='ltr'>βουϐῶνα,</span> <span class='ocrx_word' id='word_1_411' title='bbox 3723 2805 3808 2866; x_wconf 84' lang='grc' dir='ltr'>τῆς</span> 
     </span>
    </p>
   </div>
   <div class='ocr_carea' id='block_1_61' title="bbox 2183 2888 3807 2970">
    <p class='ocr_par' dir='ltr' id='par_1_61' title="bbox 2183 2888 3807 2970">
     <span class='ocr_line' id='line_1_61' title="bbox 2183 2888 3807 2970; baseline -0.002 -25"><span class='ocrx_word' id='word_1_412' title='bbox 2183 2892 2372 2945; x_wconf 77' lang='grc' dir='ltr'>ἑαυτοῦ</span> <span class='ocrx_word' id='word_1_413' title='bbox 2403 2889 2644 2970; x_wconf 73' lang='grc' dir='ltr'>κεφαλῆς</span> <span class='ocrx_word' id='word_1_414' title='bbox 2688 2890 3186 2966; x_wconf 77' lang='grc' dir='ltr'>ὒπερκαθεζόμενον</span> <span class='ocrx_word' id='word_1_415' title='bbox 3247 2890 3394 2949; x_wconf 77' lang='grc' dir='ltr'>εἶδεν</span> <span class='ocrx_word' id='word_1_416' title='bbox 3447 2893 3532 2948; x_wconf 85' lang='grc' dir='ltr'>ἐπὶ</span> <span class='ocrx_word' id='word_1_417' title='bbox 3588 2888 3807 2966; x_wconf 65' lang='grc' dir='ltr'>σχοινίου</span> 
     </span>
    </p>
   </div>
   <div class='ocr_carea' id='block_1_62' title="bbox 2179 2975 3807 3057">
    <p class='ocr_par' dir='ltr' id='par_1_62' title="bbox 2179 2975 3807 3057">
     <span class='ocr_line' id='line_1_62' title="bbox 2179 2975 3807 3057; baseline -0.001 -23"><span class='ocrx_word' id='word_1_418' title='bbox 2179 2981 2349 3048; x_wconf 82' lang='grc' dir='ltr'>τινὸς,</span> <span class='ocrx_word' id='word_1_419' title='bbox 2380 2978 2610 3057; x_wconf 82' lang='grc' dir='ltr'>ἃγγελον</span> <span class='ocrx_word' id='word_1_420' title='bbox 2640 2985 2832 3036; x_wconf 84' lang='grc' dir='ltr'>τοῦτον</span> <span class='ocrx_word' id='word_1_421' title='bbox 2865 2981 3020 3045; x_wconf 76' lang='grc' dir='ltr'>εὐθὺς</span> <span class='ocrx_word' id='word_1_422' title='bbox 3053 2980 3246 3054; x_wconf 84' lang='grc' dir='ltr'>ἐνόησε</span> <span class='ocrx_word' id='word_1_423' title='bbox 3304 2985 3470 3039; x_wconf 71' lang='grc' dir='ltr'>κακὸν</span> <span class='ocrx_word' id='word_1_424' title='bbox 3527 2985 3680 3046; x_wconf 65' lang='grc' dir='ltr'>εἶναι,</span> <span class='ocrx_word' id='word_1_425' title='bbox 3728 2975 3807 3033; x_wconf 84' lang='grc' dir='ltr'>καὶ</span> 
     </span>
    </p>
   </div>
   <div class='ocr_carea' id='block_1_63' title="bbox 2183 3063 3806 3146">
    <p class='ocr_par' dir='ltr' id='par_1_63' title="bbox 2183 3063 3806 3146">
     <span class='ocr_line' id='line_1_63' title="bbox 2183 3063 3806 3146; baseline -0.002 -22"><span class='ocrx_word' id='word_1_426' title='bbox 2183 3067 2383 3124; x_wconf 63' lang='grc' dir='ltr'>οὔποτε</span> <span class='ocrx_word' id='word_1_427' title='bbox 2411 3074 2519 3124; x_wconf 88' lang='grc' dir='ltr'>τῶν</span> <span class='ocrx_word' id='word_1_428' title='bbox 2549 3070 2764 3146; x_wconf 81' lang='grc' dir='ltr'>ἀγαθῶν</span> <span class='ocrx_word' id='word_1_429' title='bbox 2795 3070 3110 3146; x_wconf 88' lang='grc' dir='ltr'>γενόμενον.</span> <span class='ocrx_word' id='word_1_430' title='bbox 3157 3071 3481 3146; x_wconf 75' lang='grc' dir='ltr'>Διακάρδιον</span> <span class='ocrx_word' id='word_1_431' title='bbox 3539 3069 3625 3126; x_wconf 78' lang='grc' dir='ltr'>οὖν</span> <span class='ocrx_word' id='word_1_432' title='bbox 3669 3063 3806 3141; x_wconf 56' lang='grc' dir='ltr'>ἔσχεν</span> 
     </span>
    </p>
   </div>
   <div class='ocr_carea' id='block_1_64' title="bbox 412 3139 2074 3237">
    <p class='ocr_par' dir='ltr' id='par_1_64' title="bbox 412 3161 2069 3237">
     <span class='ocr_line' id='line_1_64' title="bbox 412 3161 2069 3237; baseline 0.002 -20"><span class='ocrx_word' id='word_1_433' title='bbox 412 3161 707 3218; x_wconf 88' lang='lat' dir='ltr'>bonorum</span> <span class='ocrx_word' id='word_1_434' title='bbox 739 3164 1035 3220; x_wconf 90' lang='lat' dir='ltr'>nuntium.</span> <span class='ocrx_word' id='word_1_435' title='bbox 1074 3165 1268 3220; x_wconf 87' lang='lat' dir='ltr'>Sensit</span> <span class='ocrx_word' id='word_1_436' title='bbox 1295 3181 1428 3237; x_wconf 85' lang='lat' dir='ltr'>ergo</span> <span class='ocrx_word' id='word_1_437' title='bbox 1462 3165 1728 3220; x_wconf 89' lang='lat' dir='ltr'>dolorem</span> <span class='ocrx_word' id='word_1_438' title='bbox 1753 3164 2069 3236; x_wconf 74' lang='lat' dir='ltr'>circapraa-</span> 
     </span>
    </p>
   </div>
   <div class='ocr_carea' id='block_1_65' title="bbox 2190 3139 3804 3237">
    <p class='ocr_par' dir='ltr' id='par_1_65' title="bbox 2190 3157 3804 3236">
     <span class='ocr_line' id='line_1_65' title="bbox 2190 3157 3804 3236; baseline -0.002 -24"><span class='ocrx_word' id='word_1_439' title='bbox 2190 3157 2404 3230; x_wconf 76' lang='grc' dir='ltr'>ὀδύνην,</span> <span class='ocrx_word' id='word_1_440' title='bbox 2446 3161 2643 3234; x_wconf 80' lang='grc' dir='ltr'>ἅθρους</span> <span class='ocrx_word' id='word_1_441' title='bbox 2705 3157 2750 3213; x_wconf 87' lang='grc' dir='ltr'>δ’</span> <span class='ocrx_word' id='word_1_442' title='bbox 2809 3157 2957 3232; x_wconf 80' lang='grc' dir='ltr'>αύτῷ</span> <span class='ocrx_word' id='word_1_443' title='bbox 3013 3167 3110 3231; x_wconf 79' lang='grc' dir='ltr'>τῆς</span> <span class='ocrx_word' id='word_1_444' title='bbox 3169 3159 3394 3226; x_wconf 86' lang='grc' dir='ltr'>κοιλίας</span> <span class='ocrx_word' id='word_1_445' title='bbox 3453 3160 3804 3236; x_wconf 68' lang='grc' dir='ltr'>προστςθρησεν</span> 
     </span>
    </p>
   </div>
   <div class='ocr_carea' id='block_1_66' title="bbox 417 3252 2073 3324">
    <p class='ocr_par' dir='ltr' id='par_1_66' title="bbox 417 3252 2073 3324">
     <span class='ocr_line' id='line_1_66' title="bbox 417 3252 2073 3324; baseline 0.001 -18"><span class='ocrx_word' id='word_1_446' title='bbox 417 3252 642 3320; x_wconf 85' lang='lat' dir='ltr'>cordia,</span> <span class='ocrx_word' id='word_1_447' title='bbox 663 3271 726 3308; x_wconf 83' lang='lat' dir='ltr'>ac</span> <span class='ocrx_word' id='word_1_448' title='bbox 751 3255 1099 3324; x_wconf 83' lang='lat' dir='ltr'>repentinus</span> <span class='ocrx_word' id='word_1_449' title='bbox 1122 3255 1342 3309; x_wconf 84' lang='lat' dir='ltr'>ventris</span> <span class='ocrx_word' id='word_1_450' title='bbox 1366 3255 1535 3310; x_wconf 91' lang='lat' dir='ltr'>dolor</span> <span class='ocrx_word' id='word_1_451' title='bbox 1548 3272 1682 3310; x_wconf 88' lang='lat' dir='ltr'>cum</span> <span class='ocrx_word' id='word_1_452' title='bbox 1699 3254 2073 3309; x_wconf 86' lang='lat' dir='ltr'>vehementia</span> 
     </span>
    </p>
   </div>
   <div class='ocr_carea' id='block_1_67' title="bbox 416 3340 2069 3415">
    <p class='ocr_par' dir='ltr' id='par_1_67' title="bbox 416 3340 2069 3415">
     <span class='ocr_line' id='line_1_67' title="bbox 416 3340 2069 3415; baseline 0.003 -22"><span class='ocrx_word' id='word_1_453' title='bbox 416 3340 588 3394; x_wconf 89' lang='lat' dir='ltr'>illum</span> <span class='ocrx_word' id='word_1_454' title='bbox 621 3341 921 3411; x_wconf 82' lang='lat' dir='ltr'>corripuit.</span> <span class='ocrx_word' id='word_1_455' title='bbox 954 3343 1190 3397; x_wconf 86' lang='lat' dir='ltr'>Amicos</span> <span class='ocrx_word' id='word_1_456' title='bbox 1216 3343 1395 3409; x_wconf 73' lang='lat' dir='ltr'>igitur</span> <span class='ocrx_word' id='word_1_457' title='bbox 1416 3343 2069 3415; x_wconf 85' lang='lat' dir='ltr'>circumspiciens:Ego,</span> 
     </span>
    </p>
   </div>
   <div class='ocr_carea' id='block_1_68' title="bbox 417 3429 2069 3502">
    <p class='ocr_par' dir='ltr' id='par_1_68' title="bbox 417 3429 2069 3502">
     <span class='ocr_line' id='line_1_68' title="bbox 417 3429 2069 3502; baseline 0.003 -21"><span class='ocrx_word' id='word_1_458' title='bbox 417 3429 634 3498; x_wconf 90' lang='lat' dir='ltr'>inquit,</span> <span class='ocrx_word' id='word_1_459' title='bbox 667 3429 767 3498; x_wconf 91' lang='lat' dir='ltr'>qui</span> <span class='ocrx_word' id='word_1_460' title='bbox 800 3429 944 3484; x_wconf 90' lang='lat' dir='ltr'>deus</span> <span class='ocrx_word' id='word_1_461' title='bbox 977 3430 1131 3500; x_wconf 90' lang='lat' dir='ltr'>apud</span> <span class='ocrx_word' id='word_1_462' title='bbox 1167 3447 1266 3485; x_wconf 88' lang='lat' dir='ltr'>vos</span> <span class='ocrx_word' id='word_1_463' title='bbox 1299 3430 1544 3494; x_wconf 90' lang='lat' dir='ltr'>habeor,</span> <span class='ocrx_word' id='word_1_464' title='bbox 1570 3432 1698 3502; x_wconf 90' lang='lat' dir='ltr'>jam</span> <span class='ocrx_word' id='word_1_465' title='bbox 1731 3432 1861 3485; x_wconf 56' lang='lat' dir='ltr'>vita»</span> <span class='ocrx_word' id='word_1_466' title='bbox 1891 3433 2069 3486; x_wconf 82' lang='lat' dir='ltr'>ﬁnem</span> 
     </span>
    </p>
   </div>
   <div class='ocr_carea' id='block_1_69' title="bbox 420 3517 2074 3591">
    <p class='ocr_par' dir='ltr' id='par_1_69' title="bbox 420 3517 2074 3591">
     <span class='ocr_line' id='line_1_69' title="bbox 420 3517 2074 3591; baseline 0.003 -22"><span class='ocrx_word' id='word_1_467' title='bbox 420 3517 731 3587; x_wconf 90' lang='lat' dir='ltr'>imponere</span> <span class='ocrx_word' id='word_1_468' title='bbox 763 3534 958 3589; x_wconf 88' lang='lat' dir='ltr'>cogor,</span> <span class='ocrx_word' id='word_1_469' title='bbox 993 3535 1126 3574; x_wconf 88' lang='lat' dir='ltr'>eum</span> <span class='ocrx_word' id='word_1_470' title='bbox 1154 3520 1373 3574; x_wconf 87' lang='lat' dir='ltr'>factum</span> <span class='ocrx_word' id='word_1_471' title='bbox 1394 3527 1600 3591; x_wconf 80' lang='lat' dir='ltr'>arguat</span> <span class='ocrx_word' id='word_1_472' title='bbox 1622 3521 1798 3575; x_wconf 77' lang='lat' dir='ltr'>falsas</span> <span class='ocrx_word' id='word_1_473' title='bbox 1821 3536 1949 3574; x_wconf 91' lang='lat' dir='ltr'>esse</span> <span class='ocrx_word' id='word_1_474' title='bbox 1972 3537 2074 3574; x_wconf 93' lang='lat' dir='ltr'>vo-</span> 
     </span>
    </p>
   </div>
   <div class='ocr_carea' id='block_1_70' title="bbox 419 3607 2071 3679">
    <p class='ocr_par' dir='ltr' id='par_1_70' title="bbox 419 3607 2071 3679">
     <span class='ocr_line' id='line_1_70' title="bbox 419 3607 2071 3679; baseline 0.003 -21"><span class='ocrx_word' id='word_1_475' title='bbox 419 3621 536 3668; x_wconf 89' lang='lat' dir='ltr'>ces,</span> <span class='ocrx_word' id='word_1_476' title='bbox 573 3622 703 3676; x_wconf 68' lang='lat' dir='ltr'>qum</span> <span class='ocrx_word' id='word_1_477' title='bbox 745 3607 920 3661; x_wconf 91' lang='lat' dir='ltr'>modo</span> <span class='ocrx_word' id='word_1_478' title='bbox 953 3607 1024 3663; x_wconf 94' lang='lat' dir='ltr'>de</span> <span class='ocrx_word' id='word_1_479' title='bbox 1062 3625 1154 3663; x_wconf 88' lang='lat' dir='ltr'>me</span> <span class='ocrx_word' id='word_1_480' title='bbox 1187 3608 1557 3664; x_wconf 86' lang='lat' dir='ltr'>ferebantur:</span> <span class='ocrx_word' id='word_1_481' title='bbox 1593 3615 1652 3663; x_wconf 88' lang='lat' dir='ltr'>et</span> <span class='ocrx_word' id='word_1_482' title='bbox 1709 3608 1808 3679; x_wconf 91' lang='lat' dir='ltr'>qui</span> <span class='ocrx_word' id='word_1_483' title='bbox 1841 3625 1875 3663; x_wconf 88' lang='lat' dir='ltr'>a</span> <span class='ocrx_word' id='word_1_484' title='bbox 1907 3608 2071 3663; x_wconf 85' lang='lat' dir='ltr'>vobis</span> 
     </span>
    </p>
   </div>
   <div class='ocr_carea' id='block_1_71' title="bbox 420 3693 2066 3769">
    <p class='ocr_par' dir='ltr' id='par_1_71' title="bbox 420 3693 2066 3769">
     <span class='ocr_line' id='line_1_71' title="bbox 420 3693 2066 3769; baseline 0.005 -22"><span class='ocrx_word' id='word_1_485' title='bbox 420 3693 777 3750; x_wconf 87' lang='lat' dir='ltr'>immortalis</span> <span class='ocrx_word' id='word_1_486' title='bbox 810 3695 1002 3752; x_wconf 89' lang='lat' dir='ltr'>dictus</span> <span class='ocrx_word' id='word_1_487' title='bbox 1032 3714 1183 3767; x_wconf 89' lang='lat' dir='ltr'>sum,</span> <span class='ocrx_word' id='word_1_488' title='bbox 1219 3699 1348 3769; x_wconf 86' lang='lat' dir='ltr'>jam</span> <span class='ocrx_word' id='word_1_489' title='bbox 1406 3699 1479 3754; x_wconf 93' lang='lat' dir='ltr'>ad</span> <span class='ocrx_word' id='word_1_490' title='bbox 1539 3705 1790 3754; x_wconf 91' lang='lat' dir='ltr'>mortem</span> <span class='ocrx_word' id='word_1_491' title='bbox 1848 3699 2066 3769; x_wconf 89' lang='lat' dir='ltr'>rapior.</span> 
     </span>
    </p>
   </div>
   <div class='ocr_carea' id='block_1_72' title="bbox 2181 3245 3803 3324">
    <p class='ocr_par' dir='ltr' id='par_1_72' title="bbox 2181 3245 3803 3324">
     <span class='ocr_line' id='line_1_72' title="bbox 2181 3245 3803 3324; baseline -0.002 -22"><span class='ocrx_word' id='word_1_492' title='bbox 2181 3247 2410 3324; x_wconf 80' lang='grc' dir='ltr'>ἄλγημα</span> <span class='ocrx_word' id='word_1_493' title='bbox 2472 3250 2605 3322; x_wconf 84' lang='grc' dir='ltr'>μετὰ</span> <span class='ocrx_word' id='word_1_494' title='bbox 2663 3245 3035 3324; x_wconf 72' lang='grc' dir='ltr'>σφοδρότητος</span> <span class='ocrx_word' id='word_1_495' title='bbox 3105 3249 3432 3324; x_wconf 75' lang='grc' dir='ltr'>ἀρξάμενον.</span> <span class='ocrx_word' id='word_1_496' title='bbox 3518 3249 3803 3320; x_wconf 83' lang='grc' dir='ltr'>Ἀναθορῶν</span> 
     </span>
    </p>
   </div>
   <div class='ocr_carea' id='block_1_73' title="bbox 2180 3334 3808 3417">
    <p class='ocr_par' dir='ltr' id='par_1_73' title="bbox 2180 3334 3808 3417">
     <span class='ocr_line' id='line_1_73' title="bbox 2180 3334 3808 3417; baseline -0.002 -25"><span class='ocrx_word' id='word_1_497' title='bbox 2180 3339 2271 3393; x_wconf 85' lang='grc' dir='ltr'>οῦν</span> <span class='ocrx_word' id='word_1_498' title='bbox 2299 3338 2435 3413; x_wconf 84' lang='grc' dir='ltr'>πρὸς</span> <span class='ocrx_word' id='word_1_499' title='bbox 2465 3338 2591 3400; x_wconf 80' lang='grc' dir='ltr'>τοῦς</span> <span class='ocrx_word' id='word_1_500' title='bbox 2619 3337 2835 3417; x_wconf 86' lang='grc' dir='ltr'>φίλους,</span> <span class='ocrx_word' id='word_1_501' title='bbox 2865 3343 2924 3395; x_wconf 93' lang='grc' dir='ltr'>Ὁ</span> <span class='ocrx_word' id='word_1_502' title='bbox 2954 3339 3072 3402; x_wconf 88' lang='grc' dir='ltr'>θεὸς</span> <span class='ocrx_word' id='word_1_503' title='bbox 3103 3345 3228 3414; x_wconf 85' lang='grc' dir='ltr'>παρ’</span> <span class='ocrx_word' id='word_1_504' title='bbox 3283 3340 3417 3412; x_wconf 84' lang='grc' dir='ltr'>ὑμῖν</span> <span class='ocrx_word' id='word_1_505' title='bbox 3478 3339 3604 3414; x_wconf 86' lang='grc' dir='ltr'>ἐγὼ,</span> <span class='ocrx_word' id='word_1_506' title='bbox 3646 3334 3808 3414; x_wconf 76' lang='grc' dir='ltr'>φησὶν,</span> 
     </span>
    </p>
   </div>
   <div class='ocr_carea' id='block_1_74' title="bbox 2181 3425 3805 3506">
    <p class='ocr_par' dir='ltr' id='par_1_74' title="bbox 2181 3425 3805 3506">
     <span class='ocr_line' id='line_1_74' title="bbox 2181 3425 3805 3506; baseline -0.002 -24"><span class='ocrx_word' id='word_1_507' title='bbox 2181 3425 2290 3498; x_wconf 77' lang='grc' dir='ltr'>ἤδη</span> <span class='ocrx_word' id='word_1_508' title='bbox 2333 3432 2717 3506; x_wconf 69' lang='grc' dir='ltr'>καταστρέφειν</span> <span class='ocrx_word' id='word_1_509' title='bbox 2779 3427 3073 3504; x_wconf 87' lang='grc' dir='ltr'>ἐπείγομαι</span> <span class='ocrx_word' id='word_1_510' title='bbox 3132 3430 3223 3485; x_wconf 86' lang='grc' dir='ltr'>τὸν</span> <span class='ocrx_word' id='word_1_511' title='bbox 3279 3431 3427 3504; x_wconf 84' lang='grc' dir='ltr'>βίον,</span> <span class='ocrx_word' id='word_1_512' title='bbox 3485 3433 3805 3506; x_wconf 79' lang='grc' dir='ltr'>παραχηῆμα</span> 
     </span>
    </p>
   </div>
   <div class='ocr_carea' id='block_1_75' title="bbox 2178 3517 3809 3594">
    <p class='ocr_par' dir='ltr' id='par_1_75' title="bbox 2178 3517 3809 3594">
     <span class='ocr_line' id='line_1_75' title="bbox 2178 3517 3809 3594; baseline 0.004 -22"><span class='ocrx_word' id='word_1_513' title='bbox 2178 3524 2278 3586; x_wconf 80' lang='grc' dir='ltr'>τῆς</span> <span class='ocrx_word' id='word_1_514' title='bbox 2311 3517 2648 3592; x_wconf 69' lang='grc' dir='ltr'>εἱμαρμένης</span> <span class='ocrx_word' id='word_1_515' title='bbox 2692 3517 2786 3579; x_wconf 70' lang='grc' dir='ltr'>τὰς</span> <span class='ocrx_word' id='word_1_516' title='bbox 2845 3517 2967 3592; x_wconf 80' lang='grc' dir='ltr'>ἄρτι</span> <span class='ocrx_word' id='word_1_517' title='bbox 3031 3539 3137 3592; x_wconf 88' lang='grc' dir='ltr'>μου</span> <span class='ocrx_word' id='word_1_518' title='bbox 3192 3521 3674 3594; x_wconf 79' lang='grc' dir='ltr'>καταψευσαμένας</span> <span class='ocrx_word' id='word_1_519' title='bbox 3709 3535 3809 3592; x_wconf 58' lang='grc' dir='ltr'>φωο</span> 
     </span>
    </p>
   </div>
   <div class='ocr_carea' id='block_1_76' title="bbox 2179 3598 3822 3689">
    <p class='ocr_par' dir='ltr' id='par_1_76' title="bbox 2179 3598 3822 3689">
     <span class='ocr_line' id='line_1_76' title="bbox 2179 3598 3822 3689; baseline -0.003 -23"><span class='ocrx_word' id='word_1_520' title='bbox 2179 3607 2274 3666; x_wconf 63' lang='lat' dir='ltr'>vi:</span> <span class='ocrx_word' id='word_1_521' title='bbox 2307 3605 2675 3685; x_wconf 80' lang='grc' dir='ltr'>ἐλεγχούσης,</span> <span class='ocrx_word' id='word_1_522' title='bbox 2707 3609 2734 3662; x_wconf 92' lang='lat'>6</span> <span class='ocrx_word' id='word_1_523' title='bbox 2766 3604 2997 3678; x_wconf 81' lang='grc' dir='ltr'>κληθεὶς</span> <span class='ocrx_word' id='word_1_524' title='bbox 3029 3609 3297 3672; x_wconf 71' lang='grc' dir='ltr'>ἀθάνατος</span> <span class='ocrx_word' id='word_1_525' title='bbox 3347 3610 3444 3689; x_wconf 73' lang='grc' dir='ltr'>ὑφ’</span> <span class='ocrx_word' id='word_1_526' title='bbox 3511 3611 3677 3684; x_wconf 78' lang='grc' dir='ltr'>ὑμῶν,</span> <span class='ocrx_word' id='word_1_527' title='bbox 3723 3598 3822 3673; x_wconf 74' lang='grc' dir='ltr'>ἢδη</span> 
     </span>
    </p>
   </div>
   <div class='ocr_carea' id='block_1_77' title="bbox 2183 3695 2692 3770">
    <p class='ocr_par' dir='ltr' id='par_1_77' title="bbox 2183 3695 2692 3770">
     <span class='ocr_line' id='line_1_77' title="bbox 2183 3695 2692 3770; baseline 0.006 -21"><span class='ocrx_word' id='word_1_528' title='bbox 2183 3701 2357 3759; x_wconf 85' lang='grc' dir='ltr'>θανεῖν</span> <span class='ocrx_word' id='word_1_529' title='bbox 2391 3695 2692 3770; x_wconf 75' lang='grc' dir='ltr'>ἀπάγομαι.</span> 
     </span>
    </p>
   </div>
   <div class='ocr_carea' id='block_1_78' title="bbox 419 3784 3826 3861">
    <p class='ocr_par' dir='ltr' id='par_1_78' title="bbox 419 3784 3826 3861">
     <span class='ocr_line' id='line_1_78' title="bbox 419 3784 3826 3861; baseline 0.001 -24"><span class='ocrx_word' id='word_1_530' title='bbox 419 3784 631 3838; x_wconf 82' lang='lat' dir='ltr'>Verum</span> <span class='ocrx_word' id='word_1_531' title='bbox 656 3801 838 3856; x_wconf 86' lang='lat' dir='ltr'>quare</span> <span class='ocrx_word' id='word_1_532' title='bbox 863 3803 979 3841; x_wconf 90' lang='lat' dir='ltr'>non</span> <span class='ocrx_word' id='word_1_533' title='bbox 1005 3789 1183 3843; x_wconf 88' lang='lat' dir='ltr'>etiam</span> <span class='ocrx_word' id='word_1_534' title='bbox 1207 3795 1606 3844; x_wconf 88' lang='lat' dir='ltr'>assentatores</span> <span class='ocrx_word' id='word_1_535' title='bbox 1638 3787 2012 3860; x_wconf 85' lang='lat' dir='ltr'>puniuntur?</span> <span class='ocrx_word' id='word_1_536' title='bbox 2036 3787 2277 3858; x_wconf 88' lang='lat' dir='ltr'>Utrique</span> <span class='ocrx_word' id='word_1_537' title='bbox 2302 3802 2443 3841; x_wconf 90' lang='lat' dir='ltr'>sane</span> <span class='ocrx_word' id='word_1_538' title='bbox 2465 3787 2755 3859; x_wconf 88' lang='lat' dir='ltr'>supplicio</span> <span class='ocrx_word' id='word_1_539' title='bbox 2783 3787 2945 3861; x_wconf 84' lang='lat' dir='ltr'>digni</span> <span class='ocrx_word' id='word_1_540' title='bbox 2961 3794 3158 3845; x_wconf 88' lang='lat' dir='ltr'>erant:</span> <span class='ocrx_word' id='word_1_541' title='bbox 3184 3805 3387 3845; x_wconf 88' lang='lat' dir='ltr'>verum</span> <span class='ocrx_word' id='word_1_542' title='bbox 3405 3808 3553 3847; x_wconf 72' lang='lat' dir='ltr'>«cum</span> <span class='ocrx_word' id='word_1_543' title='bbox 3577 3785 3826 3845; x_wconf 90' lang='lat' dir='ltr'>nondum</span> 
     </span>
    </p>
   </div>
   <div class='ocr_carea' id='block_1_79' title="bbox 420 3875 2538 3950">
    <p class='ocr_par' dir='ltr' id='par_1_79' title="bbox 420 3875 2538 3950">
     <span class='ocr_line' id='line_1_79' title="bbox 420 3875 2538 3950; baseline 0.003 -24"><span class='ocrx_word' id='word_1_544' title='bbox 420 3879 655 3945; x_wconf 88' lang='lat' dir='ltr'>tempus</span> <span class='ocrx_word' id='word_1_545' title='bbox 687 3875 763 3929; x_wconf 88' lang='lat' dir='ltr'>sit</span> <span class='ocrx_word' id='word_1_546' title='bbox 784 3875 994 3946; x_wconf 87' lang='lat' dir='ltr'>judicii</span> <span class='ocrx_word' id='word_1_547' title='bbox 1025 3895 1038 3945; x_wconf 90' lang='lat'>;</span> <span class='ocrx_word' id='word_1_548' title='bbox 1073 3877 1121 3931; x_wconf 92' lang='lat' dir='ltr'>is</span> <span class='ocrx_word' id='word_1_549' title='bbox 1154 3878 1400 3949; x_wconf 89' lang='lat' dir='ltr'>punitur</span> <span class='ocrx_word' id='word_1_550' title='bbox 1429 3879 1527 3950; x_wconf 89' lang='lat' dir='ltr'>qui</span> <span class='ocrx_word' id='word_1_551' title='bbox 1563 3878 1816 3933; x_wconf 84' lang='lat' dir='ltr'>maxime</span> <span class='ocrx_word' id='word_1_552' title='bbox 1848 3877 2140 3932; x_wconf 80' lang='lat' dir='ltr'>obnoxius</span> <span class='ocrx_word' id='word_1_553' title='bbox 2167 3881 2257 3930; x_wconf 91' lang='lat' dir='ltr'>est</span> <span class='ocrx_word' id='word_1_554' title='bbox 2281 3876 2538 3933; x_wconf 90' lang='lat' dir='ltr'>crimini.</span> 
     </span>
    </p>
   </div>
   <div class='ocr_carea' id='block_1_80' title="bbox 487 3963 2067 4038">
    <p class='ocr_par' dir='ltr' id='par_1_80' title="bbox 487 3963 2067 4038">
     <span class='ocr_line' id='line_1_80' title="bbox 487 3963 2067 4038; baseline 0.004 -23"><span class='ocrx_word' id='word_1_555' title='bbox 487 3963 629 4029; x_wconf 79' lang='lat' dir='ltr'>Xlll,</span> <span class='ocrx_word' id='word_1_556' title='bbox 651 3968 698 4016; x_wconf 84' lang='grc'>1.</span> <span class='ocrx_word' id='word_1_557' title='bbox 717 3984 741 4012; x_wconf 75' lang='grc' dir='ltr'>(ι</span> <span class='ocrx_word' id='word_1_558' title='bbox 758 3967 942 4020; x_wconf 89' lang='lat' dir='ltr'>Erant</span> <span class='ocrx_word' id='word_1_559' title='bbox 962 3973 1160 4022; x_wconf 86' lang='lat' dir='ltr'>autem</span> <span class='ocrx_word' id='word_1_560' title='bbox 1185 3967 1424 4038; x_wconf 87' lang='lat' dir='ltr'>quidam</span> <span class='ocrx_word' id='word_1_561' title='bbox 1444 3967 1500 4022; x_wconf 92' lang='lat' dir='ltr'>in</span> <span class='ocrx_word' id='word_1_562' title='bbox 1518 3969 1919 4038; x_wconf 70' lang='lat' dir='ltr'>Ecclesiaquaa</span> <span class='ocrx_word' id='word_1_563' title='bbox 1939 3972 2067 4022; x_wconf 88' lang='lat' dir='ltr'>erat</span> 
     </span>
    </p>
   </div>
   <div class='ocr_carea' id='block_1_81' title="bbox 413 4053 2059 4129">
    <p class='ocr_par' dir='ltr' id='par_1_81' title="bbox 413 4053 2059 4129">
     <span class='ocr_line' id='line_1_81' title="bbox 413 4053 2059 4129; baseline 0.005 -27"><span class='ocrx_word' id='word_1_564' title='bbox 413 4074 441 4101; x_wconf 80' lang='grc' dir='ltr'>ι(</span> <span class='ocrx_word' id='word_1_565' title='bbox 474 4053 797 4109; x_wconf 77' lang='lat' dir='ltr'>Antiochiae</span> <span class='ocrx_word' id='word_1_566' title='bbox 829 4056 1134 4127; x_wconf 81' lang='lat' dir='ltr'>prophetae</span> <span class='ocrx_word' id='word_1_567' title='bbox 1162 4073 1229 4112; x_wconf 90' lang='lat' dir='ltr'>ac</span> <span class='ocrx_word' id='word_1_568' title='bbox 1247 4057 1552 4112; x_wconf 90' lang='lat' dir='ltr'>doctores:</span> <span class='ocrx_word' id='word_1_569' title='bbox 1589 4074 1803 4129; x_wconf 88' lang='lat' dir='ltr'>nempe</span> <span class='ocrx_word' id='word_1_570' title='bbox 1839 4059 2059 4112; x_wconf 88' lang='lat' dir='ltr'>Barna-</span> 
     </span>
    </p>
   </div>
   <div class='ocr_carea' id='block_1_82' title="bbox 417 4140 2059 4220">
    <p class='ocr_par' dir='ltr' id='par_1_82' title="bbox 417 4140 2059 4220">
     <span class='ocr_line' id='line_1_82' title="bbox 417 4140 2059 4220; baseline 0.002 -24"><span class='ocrx_word' id='word_1_571' title='bbox 417 4164 436 4187; x_wconf 79' lang='grc' dir='ltr'>ιι</span> <span class='ocrx_word' id='word_1_572' title='bbox 467 4140 570 4197; x_wconf 86' lang='lat' dir='ltr'>bas</span> <span class='ocrx_word' id='word_1_573' title='bbox 605 4150 662 4196; x_wconf 92' lang='lat' dir='ltr'>et</span> <span class='ocrx_word' id='word_1_574' title='bbox 691 4144 892 4200; x_wconf 72' lang='lat' dir='ltr'>Simon</span> <span class='ocrx_word' id='word_1_575' title='bbox 953 4147 1053 4216; x_wconf 91' lang='lat' dir='ltr'>qui</span> <span class='ocrx_word' id='word_1_576' title='bbox 1114 4147 1435 4202; x_wconf 87' lang='lat' dir='ltr'>vocabatur</span> <span class='ocrx_word' id='word_1_577' title='bbox 1475 4148 1666 4220; x_wconf 81' lang='lat' dir='ltr'>Niger,</span> <span class='ocrx_word' id='word_1_578' title='bbox 1728 4147 2059 4218; x_wconf 92' lang='lat' dir='ltr'>Luciusque</span> 
     </span>
    </p>
   </div>
   <div class='ocr_carea' id='block_1_83' title="bbox 412 4234 2057 4303">
    <p class='ocr_par' dir='ltr' id='par_1_83' title="bbox 412 4234 2057 4303">
     <span class='ocr_line' id='line_1_83' title="bbox 412 4234 2057 4303; baseline 0.002 -16"><span class='ocrx_word' id='word_1_579' title='bbox 412 4254 430 4279; x_wconf 74' lang='grc' dir='ltr'>α</span> <span class='ocrx_word' id='word_1_580' title='bbox 469 4234 849 4303; x_wconf 78' lang='lat' dir='ltr'>Cyrenensis,</span> <span class='ocrx_word' id='word_1_581' title='bbox 914 4240 972 4288; x_wconf 92' lang='lat' dir='ltr'>et</span> <span class='ocrx_word' id='word_1_582' title='bbox 1043 4237 1333 4291; x_wconf 87' lang='lat' dir='ltr'>Manahen</span> <span class='ocrx_word' id='word_1_583' title='bbox 1421 4236 1670 4292; x_wconf 86' lang='lat' dir='ltr'>Herodis</span> <span class='ocrx_word' id='word_1_584' title='bbox 1746 4237 2057 4292; x_wconf 59' lang='lat' dir='ltr'>tetrarchas</span> 
     </span>
    </p>
   </div>
   <div class='ocr_carea' id='block_1_84' title="bbox 408 4321 1298 4377">
    <p class='ocr_par' dir='ltr' id='par_1_84' title="bbox 408 4321 1298 4377">
     <span class='ocr_line' id='line_1_84' title="bbox 408 4321 1298 4377; baseline -0.004 -2"><span class='ocrx_word' id='word_1_585' title='bbox 408 4342 435 4369; x_wconf 88' lang='lat'><strong>«</strong></span> <span class='ocrx_word' id='word_1_586' title='bbox 471 4321 879 4377; x_wconf 87' lang='lat' dir='ltr'>collactaneus</span> <span class='ocrx_word' id='word_1_587' title='bbox 912 4329 969 4377; x_wconf 89' lang='lat' dir='ltr'>et</span> <span class='ocrx_word' id='word_1_588' title='bbox 1001 4324 1232 4377; x_wconf 89' lang='lat' dir='ltr'>Saulus.</span> <span class='ocrx_word' id='word_1_589' title='bbox 1271 4345 1298 4373; x_wconf 79' lang='grc'>››</span> 
     </span>
    </p>
   </div>
   <div class='ocr_carea' id='block_1_85' title="bbox 480 4410 2138 4485">
    <p class='ocr_par' dir='ltr' id='par_1_85' title="bbox 480 4410 2138 4485">
     <span class='ocr_line' id='line_1_85' title="bbox 480 4410 2138 4485; baseline 0.004 -21"><span class='ocrx_word' id='word_1_590' title='bbox 480 4410 944 4482; x_wconf 85' lang='lat' dir='ltr'>Ecce,cujusque</span> <span class='ocrx_word' id='word_1_591' title='bbox 965 4411 1356 4477; x_wconf 88' lang='lat' dir='ltr'>conversatio,</span> <span class='ocrx_word' id='word_1_592' title='bbox 1393 4417 1450 4465; x_wconf 87' lang='lat' dir='ltr'>ct</span> <span class='ocrx_word' id='word_1_593' title='bbox 1467 4429 1586 4466; x_wconf 91' lang='lat' dir='ltr'>non</span> <span class='ocrx_word' id='word_1_594' title='bbox 1605 4413 1796 4484; x_wconf 89' lang='lat' dir='ltr'>prima</span> <span class='ocrx_word' id='word_1_595' title='bbox 1813 4430 1846 4468; x_wconf 89' lang='lat' dir='ltr'>a</span> <span class='ocrx_word' id='word_1_596' title='bbox 1877 4430 2061 4485; x_wconf 86' lang='lat' dir='ltr'>puero</span> <span class='ocrx_word' id='word_1_597' title='bbox 2098 4410 2138 4473; x_wconf 90' lang='lat' dir='ltr'>D</span> 
     </span>
    </p>
   </div>
   <div class='ocr_carea' id='block_1_86' title="bbox 412 4497 2063 4573">
    <p class='ocr_par' dir='ltr' id='par_1_86' title="bbox 412 4497 2063 4573">
     <span class='ocr_line' id='line_1_86' title="bbox 412 4497 2063 4573; baseline 0.004 -21"><span class='ocrx_word' id='word_1_598' title='bbox 412 4497 681 4553; x_wconf 89' lang='lat' dir='ltr'>educatio</span> <span class='ocrx_word' id='word_1_599' title='bbox 706 4501 908 4554; x_wconf 89' lang='lat' dir='ltr'>salvat.</span> <span class='ocrx_word' id='word_1_600' title='bbox 936 4499 1078 4553; x_wconf 77' lang='lat' dir='ltr'>Vide</span> <span class='ocrx_word' id='word_1_601' title='bbox 1098 4500 1253 4554; x_wconf 92' lang='lat' dir='ltr'>enim</span> <span class='ocrx_word' id='word_1_602' title='bbox 1281 4501 1565 4555; x_wconf 85' lang='lat' dir='ltr'>Manahen</span> <span class='ocrx_word' id='word_1_603' title='bbox 1586 4517 1720 4556; x_wconf 91' lang='lat' dir='ltr'>cum</span> <span class='ocrx_word' id='word_1_604' title='bbox 1741 4519 1856 4573; x_wconf 89' lang='lat' dir='ltr'>quo</span> <span class='ocrx_word' id='word_1_605' title='bbox 1881 4504 2063 4559; x_wconf 85' lang='lat' dir='ltr'>fuerit</span> 
     </span>
    </p>
   </div>
   <div class='ocr_carea' id='block_1_87' title="bbox 412 4586 2056 4663">
    <p class='ocr_par' dir='ltr' id='par_1_87' title="bbox 412 4586 2056 4663">
     <span class='ocr_line' id='line_1_87' title="bbox 412 4586 2056 4663; baseline 0.004 -23"><span class='ocrx_word' id='word_1_606' title='bbox 412 4586 695 4642; x_wconf 86' lang='lat' dir='ltr'>educatus</span> <span class='ocrx_word' id='word_1_607' title='bbox 728 4589 827 4658; x_wconf 94' lang='lat' dir='ltr'>qui</span> <span class='ocrx_word' id='word_1_608' title='bbox 858 4595 1056 4643; x_wconf 89' lang='lat' dir='ltr'>tamen</span> <span class='ocrx_word' id='word_1_609' title='bbox 1083 4590 1407 4661; x_wconf 58' lang='lat' dir='ltr'>prophetiae</span> <span class='ocrx_word' id='word_1_610' title='bbox 1429 4589 1652 4646; x_wconf 89' lang='lat' dir='ltr'>donum</span> <span class='ocrx_word' id='word_1_611' title='bbox 1675 4591 1925 4663; x_wconf 89' lang='lat' dir='ltr'>adeptus</span> <span class='ocrx_word' id='word_1_612' title='bbox 1950 4599 2056 4648; x_wconf 89' lang='lat' dir='ltr'>est.</span> 
     </span>
    </p>
   </div>
   <div class='ocr_carea' id='block_1_88' title="bbox 1024 4699 1442 4754">
    <p class='ocr_par' dir='ltr' id='par_1_88' title="bbox 1024 4699 1442 4754">
     <span class='ocr_line' id='line_1_88' title="bbox 1024 4699 1442 4754; baseline 0 0"><span class='ocrx_word' id='word_1_613' title='bbox 1024 4699 1255 4754; x_wconf 85' lang='lat' dir='ltr'><strong>CAPUT</strong></span> <span class='ocrx_word' id='word_1_614' title='bbox 1294 4700 1442 4754; x_wconf 80' lang='lat' dir='ltr'>XIX.</span> 
     </span>
    </p>
   </div>
   <div class='ocr_carea' id='block_1_89' title="bbox 412 4803 2056 4878">
    <p class='ocr_par' dir='ltr' id='par_1_89' title="bbox 412 4803 2056 4878">
     <span class='ocr_line' id='line_1_89' title="bbox 412 4803 2056 4878; baseline 0.005 -22"><span class='ocrx_word' id='word_1_615' title='bbox 412 4803 640 4870; x_wconf 80' lang='lat' dir='ltr'>Legatio</span> <span class='ocrx_word' id='word_1_616' title='bbox 671 4803 940 4859; x_wconf 63' lang='lat' dir='ltr'>Barnabx</span> <span class='ocrx_word' id='word_1_617' title='bbox 972 4813 1024 4859; x_wconf 87' lang='lat' dir='ltr'>ct</span> <span class='ocrx_word' id='word_1_618' title='bbox 1065 4807 1227 4861; x_wconf 86' lang='lat' dir='ltr'>Pauli</span> <span class='ocrx_word' id='word_1_619' title='bbox 1265 4824 1299 4861; x_wconf 93' lang='lat' dir='ltr'>a</span> <span class='ocrx_word' id='word_1_620' title='bbox 1336 4807 1524 4862; x_wconf 80' lang='lat' dir='ltr'>divino</span> <span class='ocrx_word' id='word_1_621' title='bbox 1569 4807 1788 4878; x_wconf 70' lang='lat' dir='ltr'>Spiritu</span> <span class='ocrx_word' id='word_1_622' title='bbox 1835 4807 1896 4862; x_wconf 77' lang='lat' dir='ltr'>in</span> <span class='ocrx_word' id='word_1_623' title='bbox 1953 4808 2056 4878; x_wconf 86' lang='lat' dir='ltr'>Cy-</span> 
     </span>
    </p>
   </div>
   <div class='ocr_carea' id='block_1_90' title="bbox 475 4877 2060 4949">
    <p class='ocr_par' dir='ltr' id='par_1_90' title="bbox 475 4877 2060 4949">
     <span class='ocr_line' id='line_1_90' title="bbox 475 4877 2060 4949; baseline 0.005 -23"><span class='ocrx_word' id='word_1_624' title='bbox 475 4889 668 4942; x_wconf 81' lang='lat' dir='ltr'>prum,</span> <span class='ocrx_word' id='word_1_625' title='bbox 701 4891 934 4945; x_wconf 61' lang='lat' dir='ltr'>qumque</span> <span class='ocrx_word' id='word_1_626' title='bbox 964 4879 1020 4930; x_wconf 81' lang='lat' dir='ltr'>in</span> <span class='ocrx_word' id='word_1_627' title='bbox 1046 4877 1294 4947; x_wconf 84' lang='lat' dir='ltr'>Elymam</span> <span class='ocrx_word' id='word_1_628' title='bbox 1329 4895 1550 4948; x_wconf 88' lang='lat' dir='ltr'>magum</span> <span class='ocrx_word' id='word_1_629' title='bbox 1575 4877 1677 4949; x_wconf 76' lang='lat' dir='ltr'>per</span> <span class='ocrx_word' id='word_1_630' title='bbox 1707 4879 1909 4934; x_wconf 81' lang='lat' dir='ltr'>Chriin</span> <span class='ocrx_word' id='word_1_631' title='bbox 1956 4877 2060 4934; x_wconf 83' lang='lat' dir='ltr'>no-</span> 
     </span>
    </p>
   </div>
   <div class='ocr_carea' id='block_1_91' title="bbox 482 4950 996 5015">
    <p class='ocr_par' dir='ltr' id='par_1_91' title="bbox 482 4950 996 5015">
     <span class='ocr_line' id='line_1_91' title="bbox 482 4950 996 5015; baseline 0 -15"><span class='ocrx_word' id='word_1_632' title='bbox 482 4961 605 5000; x_wconf 89' lang='lat' dir='ltr'>men</span> <span class='ocrx_word' id='word_1_633' title='bbox 628 4951 842 5015; x_wconf 74' lang='lat' dir='ltr'>operati</span> <span class='ocrx_word' id='word_1_634' title='bbox 867 4950 996 5001; x_wconf 87' lang='lat' dir='ltr'>sint.</span> 
     </span>
    </p>
   </div>
   <div class='ocr_carea' id='block_1_92' title="bbox 480 5035 2057 5108">
    <p class='ocr_par' dir='ltr' id='par_1_92' title="bbox 480 5035 2057 5108">
     <span class='ocr_line' id='line_1_92' title="bbox 480 5035 2057 5108; baseline 0.006 -21"><span class='ocrx_word' id='word_1_635' title='bbox 480 5035 628 5101; x_wconf 83' lang='lat' dir='ltr'><strong>XIII,</strong></span> <span class='ocrx_word' id='word_1_636' title='bbox 661 5037 779 5089; x_wconf 81' lang='lat'>2-8.</span> <span class='ocrx_word' id='word_1_637' title='bbox 818 5059 842 5080; x_wconf 79' lang='grc' dir='ltr'>η</span> <span class='ocrx_word' id='word_1_638' title='bbox 879 5037 1022 5091; x_wconf 87' lang='lat' dir='ltr'>Cum</span> <span class='ocrx_word' id='word_1_639' title='bbox 1074 5038 1270 5108; x_wconf 87' lang='lat' dir='ltr'>itaque</span> <span class='ocrx_word' id='word_1_640' title='bbox 1334 5040 1740 5094; x_wconf 90' lang='lat' dir='ltr'>ministrarent</span> <span class='ocrx_word' id='word_1_641' title='bbox 1799 5041 1886 5095; x_wconf 90' lang='lat' dir='ltr'>illi</span> <span class='ocrx_word' id='word_1_642' title='bbox 1946 5042 2057 5096; x_wconf 85' lang='lat' dir='ltr'>Do-</span> 
     </span>
    </p>
   </div>
   <div class='ocr_carea' id='block_1_93' title="bbox 413 5126 2056 5200">
    <p class='ocr_par' dir='ltr' id='par_1_93' title="bbox 413 5126 2056 5200">
     <span class='ocr_line' id='line_1_93' title="bbox 413 5126 2056 5200; baseline 0.007 -24"><span class='ocrx_word' id='word_1_643' title='bbox 413 5147 432 5174; x_wconf 74' lang='grc' dir='ltr'>ι</span> <span class='ocrx_word' id='word_1_644' title='bbox 473 5126 634 5180; x_wconf 90' lang='lat' dir='ltr'>mino</span> <span class='ocrx_word' id='word_1_645' title='bbox 669 5142 734 5180; x_wconf 82' lang='lat' dir='ltr'>ac</span> <span class='ocrx_word' id='word_1_646' title='bbox 758 5126 1126 5196; x_wconf 83' lang='lat' dir='ltr'>jejunarent,</span> <span class='ocrx_word' id='word_1_647' title='bbox 1161 5128 1309 5182; x_wconf 86' lang='lat' dir='ltr'>dixit</span> <span class='ocrx_word' id='word_1_648' title='bbox 1339 5128 1590 5200; x_wconf 82' lang='lat' dir='ltr'>Spiritus</span> <span class='ocrx_word' id='word_1_649' title='bbox 1641 5138 1921 5187; x_wconf 89' lang='lat' dir='ltr'>sanctus:</span> <span class='ocrx_word' id='word_1_650' title='bbox 1957 5133 2056 5187; x_wconf 78' lang='lat' dir='ltr'>Se-</span> 
     </span>
    </p>
   </div>
   <div class='ocr_carea' id='block_1_94' title="bbox 415 5216 2054 5293">
    <p class='ocr_par' dir='ltr' id='par_1_94' title="bbox 415 5216 2054 5293">
     <span class='ocr_line' id='line_1_94' title="bbox 415 5216 2054 5293; baseline 0.007 -27"><span class='ocrx_word' id='word_1_651' title='bbox 415 5232 437 5258; x_wconf 73' lang='grc' dir='ltr'>α</span> <span class='ocrx_word' id='word_1_652' title='bbox 471 5222 706 5285; x_wconf 84' lang='lat' dir='ltr'>gregale</span> <span class='ocrx_word' id='word_1_653' title='bbox 739 5217 884 5271; x_wconf 88' lang='lat' dir='ltr'>mihi</span> <span class='ocrx_word' id='word_1_654' title='bbox 918 5216 1248 5271; x_wconf 88' lang='lat' dir='ltr'>Barnabam</span> <span class='ocrx_word' id='word_1_655' title='bbox 1284 5225 1342 5272; x_wconf 91' lang='lat' dir='ltr'>et</span> <span class='ocrx_word' id='word_1_656' title='bbox 1374 5219 1612 5274; x_wconf 90' lang='lat' dir='ltr'>Saulum</span> <span class='ocrx_word' id='word_1_657' title='bbox 1671 5222 1732 5275; x_wconf 90' lang='lat' dir='ltr'>in</span> <span class='ocrx_word' id='word_1_658' title='bbox 1783 5239 1930 5293; x_wconf 91' lang='lat' dir='ltr'>opus</span> <span class='ocrx_word' id='word_1_659' title='bbox 1980 5223 2054 5277; x_wconf 88' lang='lat' dir='ltr'>ad</span> 
     </span>
    </p>
   </div>
   <div class='ocr_carea' id='block_1_95' title="bbox 407 5303 2052 5378">
    <p class='ocr_par' dir='ltr' id='par_1_95' title="bbox 407 5303 2052 5378">
     <span class='ocr_line' id='line_1_95' title="bbox 407 5303 2052 5378; baseline 0.007 -24"><span class='ocrx_word' id='word_1_660' title='bbox 407 5321 434 5350; x_wconf 89' lang='lat'><strong>«</strong></span> <span class='ocrx_word' id='word_1_661' title='bbox 469 5303 626 5371; x_wconf 91' lang='lat' dir='ltr'>quod</span> <span class='ocrx_word' id='word_1_662' title='bbox 658 5305 929 5360; x_wconf 89' lang='lat' dir='ltr'>advocavi</span> <span class='ocrx_word' id='word_1_663' title='bbox 963 5323 1063 5360; x_wconf 91' lang='lat' dir='ltr'>eos</span> <span class='ocrx_word' id='word_1_664' title='bbox 1117 5306 1379 5376; x_wconf 84' lang='lat' dir='ltr'>Cumque</span> <span class='ocrx_word' id='word_1_665' title='bbox 1403 5308 1782 5378; x_wconf 77' lang='lat' dir='ltr'>jejunassent</span> <span class='ocrx_word' id='word_1_666' title='bbox 1813 5317 1870 5364; x_wconf 75' lang='lat' dir='ltr'>et</span> <span class='ocrx_word' id='word_1_667' title='bbox 1890 5327 2052 5366; x_wconf 84' lang='lat' dir='ltr'>oras-</span> 
     </span>
    </p>
   </div>
   <div class='ocr_carea' id='block_1_96' title="bbox 405 5392 2049 5468">
    <p class='ocr_par' dir='ltr' id='par_1_96' title="bbox 405 5392 2049 5468">
     <span class='ocr_line' id='line_1_96' title="bbox 405 5392 2049 5468; baseline 0.009 -26"><span class='ocrx_word' id='word_1_668' title='bbox 405 5412 434 5441; x_wconf 85' lang='grc'><em>‹‹</em></span> <span class='ocrx_word' id='word_1_669' title='bbox 470 5397 621 5459; x_wconf 90' lang='lat' dir='ltr'>sent,</span> <span class='ocrx_word' id='word_1_670' title='bbox 654 5392 1198 5467; x_wconf 86' lang='lat' dir='ltr'>imposuissentque</span> <span class='ocrx_word' id='word_1_671' title='bbox 1250 5396 1334 5451; x_wconf 90' lang='lat' dir='ltr'>eis</span> <span class='ocrx_word' id='word_1_672' title='bbox 1382 5413 1611 5468; x_wconf 89' lang='lat' dir='ltr'>manus,</span> <span class='ocrx_word' id='word_1_673' title='bbox 1674 5399 2049 5456; x_wconf 89' lang='lat' dir='ltr'>dimiserunt.</span> 
     </span>
    </p>
   </div>
   <div class='ocr_carea' id='block_1_97' title="bbox 473 5571 822 5629">
    <p class='ocr_par' dir='ltr' id='par_1_97' title="bbox 473 5571 822 5629">
     <span class='ocr_line' id='line_1_97' title="bbox 473 5571 822 5629; baseline 0.003 -1"><span class='ocrx_word' id='word_1_674' title='bbox 473 5571 494 5607; x_wconf 80' lang='grc'>⁸</span> <span class='ocrx_word' id='word_1_675' title='bbox 527 5572 696 5629; x_wconf 82' lang='lat' dir='ltr'>Joan.</span> <span class='ocrx_word' id='word_1_676' title='bbox 731 5591 822 5629; x_wconf 78' lang='lat' dir='ltr'>vn.</span> 
     </span>
    </p>
   </div>
   <div class='ocr_carea' id='block_1_98' title="bbox 2253 3961 3812 4042">
    <p class='ocr_par' dir='ltr' id='par_1_98' title="bbox 2253 3961 3812 4042">
     <span class='ocr_line' id='line_1_98' title="bbox 2253 3961 3812 4042; baseline 0.002 -28"><span class='ocrx_word' id='word_1_677' title='bbox 2253 3990 2272 4014; x_wconf 76' lang='grc' dir='ltr'>α</span> <span class='ocrx_word' id='word_1_678' title='bbox 2308 3965 2480 4020; x_wconf 81' lang='grc' dir='ltr'>Ἦσαν</span> <span class='ocrx_word' id='word_1_679' title='bbox 2518 3961 2575 4020; x_wconf 81' lang='grc' dir='ltr'>δέ</span> <span class='ocrx_word' id='word_1_680' title='bbox 2626 3985 2768 4028; x_wconf 89' lang='grc' dir='ltr'>τινες</span> <span class='ocrx_word' id='word_1_681' title='bbox 2829 3965 2880 4020; x_wconf 84' lang='grc' dir='ltr'>ἐν</span> <span class='ocrx_word' id='word_1_682' title='bbox 2938 3967 3254 4042; x_wconf 82' lang='grc' dir='ltr'>Ἀντιοχείᾳ</span> <span class='ocrx_word' id='word_1_683' title='bbox 3305 3970 3452 4024; x_wconf 74' lang='grc' dir='ltr'>κατὰ</span> <span class='ocrx_word' id='word_1_684' title='bbox 3515 3970 3611 4037; x_wconf 79' lang='grc' dir='ltr'>τήν</span> <span class='ocrx_word' id='word_1_685' title='bbox 3667 3964 3812 4021; x_wconf 74' lang='grc' dir='ltr'>οὖσαν</span> 
     </span>
    </p>
   </div>
   <div class='ocr_carea' id='block_1_99' title="bbox 2173 4051 3816 4135">
    <p class='ocr_par' dir='ltr' id='par_1_99' title="bbox 2173 4051 3816 4135">
     <span class='ocr_line' id='line_1_99' title="bbox 2173 4051 3816 4135; baseline 0.001 -24"><span class='ocrx_word' id='word_1_686' title='bbox 2173 4053 2200 4106; x_wconf 71' lang='grc' dir='ltr'>ἱ(</span> <span class='ocrx_word' id='word_1_687' title='bbox 2237 4051 2567 4126; x_wconf 80' lang='grc' dir='ltr'>Ἐκκλησίαν</span> <span class='ocrx_word' id='word_1_688' title='bbox 2597 4063 2872 4135; x_wconf 77' lang='grc' dir='ltr'>προφῆται</span> <span class='ocrx_word' id='word_1_689' title='bbox 2923 4057 3013 4112; x_wconf 79' lang='grc' dir='ltr'>καὶ</span> <span class='ocrx_word' id='word_1_690' title='bbox 3074 4055 3423 4126; x_wconf 74' lang='grc' dir='ltr'>διδάσκαλοι,</span> <span class='ocrx_word' id='word_1_691' title='bbox 3462 4058 3492 4114; x_wconf 76' lang='lat'>6&#39;</span> <span class='ocrx_word' id='word_1_692' title='bbox 3521 4079 3578 4116; x_wconf 85' lang='grc' dir='ltr'>τε</span> <span class='ocrx_word' id='word_1_693' title='bbox 3626 4053 3816 4130; x_wconf 76' lang='grc' dir='ltr'>Βαρνάσ</span> 
     </span>
    </p>
   </div>
   <div class='ocr_carea' id='block_1_100' title="bbox 2171 4139 3814 4224">
    <p class='ocr_par' dir='ltr' id='par_1_100' title="bbox 2171 4139 3814 4224">
     <span class='ocr_line' id='line_1_100' title="bbox 2171 4139 3814 4224; baseline 0.004 -26"><span class='ocrx_word' id='word_1_694' title='bbox 2171 4168 2197 4198; x_wconf 76' lang='grc' dir='ltr'>ιι</span> <span class='ocrx_word' id='word_1_695' title='bbox 2229 4139 2346 4207; x_wconf 78' lang='grc' dir='ltr'>ϐας.</span> <span class='ocrx_word' id='word_1_696' title='bbox 2401 4145 2492 4200; x_wconf 80' lang='grc' dir='ltr'>καὶ</span> <span class='ocrx_word' id='word_1_697' title='bbox 2527 4145 2716 4218; x_wconf 86' lang='grc' dir='ltr'>Σίμων</span> <span class='ocrx_word' id='word_1_698' title='bbox 2750 4149 2778 4201; x_wconf 89' lang='lat'>6</span> <span class='ocrx_word' id='word_1_699' title='bbox 2811 4144 3152 4221; x_wconf 74' lang='grc' dir='ltr'>καλούμενος</span> <span class='ocrx_word' id='word_1_700' title='bbox 3210 4148 3399 4224; x_wconf 58' lang='grc' dir='ltr'>Νίγερ,</span> <span class='ocrx_word' id='word_1_701' title='bbox 3457 4149 3547 4206; x_wconf 82' lang='grc' dir='ltr'>καὶ</span> <span class='ocrx_word' id='word_1_702' title='bbox 3593 4147 3814 4204; x_wconf 79' lang='grc' dir='ltr'>Λούκιος</span> 
     </span>
    </p>
   </div>
   <div class='ocr_carea' id='block_1_101' title="bbox 2171 4235 3815 4316">
    <p class='ocr_par' dir='ltr' id='par_1_101' title="bbox 2171 4235 3815 4316">
     <span class='ocr_line' id='line_1_101' title="bbox 2171 4235 3815 4316; baseline 0.002 -28"><span class='ocrx_word' id='word_1_703' title='bbox 2171 4246 2197 4286; x_wconf 75' lang='grc' dir='ltr'>ὰ</span> <span class='ocrx_word' id='word_1_704' title='bbox 2232 4235 2260 4289; x_wconf 92' lang='lat'>6</span> <span class='ocrx_word' id='word_1_705' title='bbox 2294 4241 2612 4309; x_wconf 79' lang='grc' dir='ltr'>Κυρηναῖος,</span> <span class='ocrx_word' id='word_1_706' title='bbox 2654 4237 2875 4306; x_wconf 72' lang='grc' dir='ltr'>Μαναήν</span> <span class='ocrx_word' id='word_1_707' title='bbox 2936 4257 2997 4292; x_wconf 87' lang='grc' dir='ltr'>τε</span> <span class='ocrx_word' id='word_1_708' title='bbox 3053 4235 3306 4311; x_wconf 83' lang='grc' dir='ltr'>Ἡρώδου</span> <span class='ocrx_word' id='word_1_709' title='bbox 3364 4243 3467 4294; x_wconf 88' lang='grc' dir='ltr'>τοῦ</span> <span class='ocrx_word' id='word_1_710' title='bbox 3525 4237 3815 4316; x_wconf 61' lang='grc' dir='ltr'>τετίάρχου</span> 
     </span>
    </p>
   </div>
   <div class='ocr_carea' id='block_1_102' title="bbox 2169 4322 3004 4402">
    <p class='ocr_par' dir='ltr' id='par_1_102' title="bbox 2169 4322 3004 4402">
     <span class='ocr_line' id='line_1_102' title="bbox 2169 4322 3004 4402; baseline 0.007 -28"><span class='ocrx_word' id='word_1_711' title='bbox 2169 4348 2195 4374; x_wconf 88' lang='grc'><em>‹‹</em></span> <span class='ocrx_word' id='word_1_712' title='bbox 2233 4324 2553 4402; x_wconf 77' lang='grc' dir='ltr'>σύντροφος,</span> <span class='ocrx_word' id='word_1_713' title='bbox 2584 4325 2674 4379; x_wconf 87' lang='grc' dir='ltr'>καὶ</span> <span class='ocrx_word' id='word_1_714' title='bbox 2709 4322 2942 4387; x_wconf 86' lang='grc' dir='ltr'>Σαῦλος.</span> <span class='ocrx_word' id='word_1_715' title='bbox 2980 4356 3004 4382; x_wconf 74' lang='grc' dir='ltr'>ι)</span> 
     </span>
    </p>
   </div>
   <div class='ocr_carea' id='block_1_103' title="bbox 2243 4410 3813 4492">
    <p class='ocr_par' dir='ltr' id='par_1_103' title="bbox 2243 4410 3813 4492">
     <span class='ocr_line' id='line_1_103' title="bbox 2243 4410 3813 4492; baseline 0.001 -23"><span class='ocrx_word' id='word_1_716' title='bbox 2243 4410 2382 4470; x_wconf 79' lang='grc' dir='ltr'>Ἰδοὺ</span> <span class='ocrx_word' id='word_1_717' title='bbox 2415 4421 2442 4468; x_wconf 88' lang='grc' dir='ltr'>ο</span> <span class='ocrx_word' id='word_1_718' title='bbox 2473 4414 2674 4489; x_wconf 82' lang='grc' dir='ltr'>τρόπος</span> <span class='ocrx_word' id='word_1_719' title='bbox 2707 4413 2956 4487; x_wconf 71' lang='grc' dir='ltr'>ἑκάστου,</span> <span class='ocrx_word' id='word_1_720' title='bbox 2989 4414 3077 4470; x_wconf 85' lang='grc' dir='ltr'>καὶ</span> <span class='ocrx_word' id='word_1_721' title='bbox 3110 4415 3216 4492; x_wconf 82' lang='grc' dir='ltr'>οὐχ</span> <span class='ocrx_word' id='word_1_722' title='bbox 3271 4419 3306 4486; x_wconf 81' lang='grc' dir='ltr'>ἡ</span> <span class='ocrx_word' id='word_1_723' title='bbox 3353 4416 3419 4472; x_wconf 83' lang='grc' dir='ltr'>ἐπ</span> <span class='ocrx_word' id='word_1_724' title='bbox 3453 4415 3650 4481; x_wconf 81' lang='grc' dir='ltr'>παιδὸς</span> <span class='ocrx_word' id='word_1_725' title='bbox 3695 4416 3813 4471; x_wconf 83' lang='grc' dir='ltr'>ἀνα-</span> 
     </span>
    </p>
   </div>
   <div class='ocr_carea' id='block_1_104' title="bbox 2167 4503 3817 4584">
    <p class='ocr_par' dir='ltr' id='par_1_104' title="bbox 2167 4503 3817 4584">
     <span class='ocr_line' id='line_1_104' title="bbox 2167 4503 3817 4584; baseline 0.005 -26"><span class='ocrx_word' id='word_1_726' title='bbox 2167 4505 2342 4580; x_wconf 74' lang='grc' dir='ltr'>τροφή</span> <span class='ocrx_word' id='word_1_727' title='bbox 2379 4505 2560 4573; x_wconf 84' lang='grc' dir='ltr'>σώζει,</span> <span class='ocrx_word' id='word_1_728' title='bbox 2592 4505 2730 4578; x_wconf 83' lang='grc' dir='ltr'>Ὅρα</span> <span class='ocrx_word' id='word_1_729' title='bbox 2759 4505 2862 4579; x_wconf 79' lang='grc' dir='ltr'>γὰρ</span> <span class='ocrx_word' id='word_1_730' title='bbox 2906 4503 2997 4560; x_wconf 87' lang='grc' dir='ltr'>τὸν</span> <span class='ocrx_word' id='word_1_731' title='bbox 3054 4507 3276 4574; x_wconf 72' lang='grc' dir='ltr'>Μαναήν</span> <span class='ocrx_word' id='word_1_732' title='bbox 3325 4509 3476 4570; x_wconf 89' lang='grc' dir='ltr'>τίνος</span> <span class='ocrx_word' id='word_1_733' title='bbox 3531 4508 3817 4584; x_wconf 72' lang='grc' dir='ltr'>σύντροφος</span> 
     </span>
    </p>
   </div>
   <div class='ocr_carea' id='block_1_105' title="bbox 2171 4592 2878 4674">
    <p class='ocr_par' dir='ltr' id='par_1_105' title="bbox 2171 4592 2878 4674">
     <span class='ocr_line' id='line_1_105' title="bbox 2171 4592 2878 4674; baseline 0.006 -27"><span class='ocrx_word' id='word_1_734' title='bbox 2171 4592 2244 4647; x_wconf 82' lang='grc' dir='ltr'>ὢν</span> <span class='ocrx_word' id='word_1_735' title='bbox 2277 4595 2614 4674; x_wconf 83' lang='grc' dir='ltr'>προφητείας</span> <span class='ocrx_word' id='word_1_736' title='bbox 2643 4595 2878 4667; x_wconf 75' lang='grc' dir='ltr'>ἠξιώθη.</span> 
     </span>
    </p>
   </div>
   <div class='ocr_carea' id='block_1_106' title="bbox 2785 4708 3188 4765">
    <p class='ocr_par' dir='ltr' id='par_1_106' title="bbox 2785 4708 3188 4765">
     <span class='ocr_line' id='line_1_106' title="bbox 2785 4708 3188 4765; baseline 0.007 -5"><span class='ocrx_word' id='word_1_737' title='bbox 2785 4708 3046 4764; x_wconf 79' lang='grc' dir='ltr'>ΚΕΦΔΛ.</span> <span class='ocrx_word' id='word_1_738' title='bbox 3089 4709 3188 4765; x_wconf 84' lang='grc' dir='ltr'>ΙΘ“.</span> 
     </span>
    </p>
   </div>
   <div class='ocr_carea' id='block_1_107' title="bbox 2169 4807 3813 4891">
    <p class='ocr_par' dir='ltr' id='par_1_107' title="bbox 2169 4807 3813 4891">
     <span class='ocr_line' id='line_1_107' title="bbox 2169 4807 3813 4891; baseline 0.001 -27"><span class='ocrx_word' id='word_1_739' title='bbox 2169 4809 2486 4891; x_wconf 62' lang='grc' dir='ltr'>Ἀποστολὴ</span> <span class='ocrx_word' id='word_1_740' title='bbox 2550 4807 2816 4891; x_wconf 40' lang='grc' dir='ltr'>Βαρνάϐα.</span> <span class='ocrx_word' id='word_1_741' title='bbox 2872 4814 2962 4868; x_wconf 75' lang='grc' dir='ltr'>καὶ</span> <span class='ocrx_word' id='word_1_742' title='bbox 3039 4813 3262 4891; x_wconf 60' lang='lat' dir='ltr'>Ila-3100</span> <span class='ocrx_word' id='word_1_743' title='bbox 3320 4815 3460 4891; x_wconf 67' lang='lat'>1:96:</span> <span class='ocrx_word' id='word_1_744' title='bbox 3513 4819 3610 4891; x_wconf 77' lang='grc' dir='ltr'>τοῦ</span> <span class='ocrx_word' id='word_1_745' title='bbox 3676 4811 3813 4891; x_wconf 76' lang='grc' dir='ltr'>θείου</span> 
     </span>
    </p>
   </div>
   <div class='ocr_carea' id='block_1_108' title="bbox 2241 4882 3811 4963">
    <p class='ocr_par' dir='ltr' id='par_1_108' title="bbox 2241 4882 3811 4963">
     <span class='ocr_line' id='line_1_108' title="bbox 2241 4882 3811 4963; baseline 0.004 -29"><span class='ocrx_word' id='word_1_746' title='bbox 2241 4885 2556 4963; x_wconf 43' lang='lat' dir='ltr'>[jac-31.1.1195</span> <span class='ocrx_word' id='word_1_747' title='bbox 2615 4882 2690 4946; x_wconf 79' lang='grc' dir='ltr'>εἰς</span> <span class='ocrx_word' id='word_1_748' title='bbox 2715 4882 3008 4963; x_wconf 35' lang='grc' dir='ltr'>ῌΚύπρονι</span> <span class='ocrx_word' id='word_1_749' title='bbox 3063 4885 3162 4941; x_wconf 82' lang='grc' dir='ltr'>ὅσα</span> <span class='ocrx_word' id='word_1_750' title='bbox 3192 4957 3203 4963; x_wconf 31' lang='grc' dir='ltr'><strong>Α</strong></span> <span class='ocrx_word' id='word_1_751' title='bbox 3245 4906 3304 4942; x_wconf 84' lang='grc' dir='ltr'>τε</span> <span class='ocrx_word' id='word_1_752' title='bbox 3342 4882 3702 4963; x_wconf 28' lang='grc' dir='ltr'>Αέῗργάσαντο</span> <span class='ocrx_word' id='word_1_753' title='bbox 3763 4882 3811 4937; x_wconf 67' lang='grc' dir='ltr'>ἕν</span> 
     </span>
    </p>
   </div>
   <div class='ocr_carea' id='block_1_109' title="bbox 2240 4953 3473 5033">
    <p class='ocr_par' dir='ltr' id='par_1_109' title="bbox 2240 4953 3473 5033">
     <span class='ocr_line' id='line_1_109' title="bbox 2240 4953 3473 5033; baseline 0.007 -26"><span class='ocrx_word' id='word_1_754' title='bbox 2240 4953 2466 5027; x_wconf 78' lang='grc' dir='ltr'>ὀνόματι</span> <span class='ocrx_word' id='word_1_755' title='bbox 2505 4955 2742 5028; x_wconf 86' lang='grc' dir='ltr'>Χριστοῦ</span> <span class='ocrx_word' id='word_1_756' title='bbox 2773 4955 2848 5018; x_wconf 79' lang='grc' dir='ltr'>είς</span> <span class='ocrx_word' id='word_1_757' title='bbox 2870 4953 3124 5030; x_wconf 68' lang='grc' dir='ltr'>’Ἐλύμαν</span> <span class='ocrx_word' id='word_1_758' title='bbox 3155 4957 3246 5012; x_wconf 88' lang='grc' dir='ltr'>τὸν</span> <span class='ocrx_word' id='word_1_759' title='bbox 3281 4953 3473 5033; x_wconf 82' lang='grc' dir='ltr'>μάγον.</span> 
     </span>
    </p>
   </div>
   <div class='ocr_carea' id='block_1_110' title="bbox 2243 5041 3816 5122">
    <p class='ocr_par' dir='ltr' id='par_1_110' title="bbox 2243 5041 3816 5122">
     <span class='ocr_line' id='line_1_110' title="bbox 2243 5041 3816 5122; baseline 0.002 -25"><span class='ocrx_word' id='word_1_760' title='bbox 2243 5065 2271 5094; x_wconf 89' lang='grc'>‹‹</span> <span class='ocrx_word' id='word_1_761' title='bbox 2305 5043 2777 5118; x_wconf 84' lang='grc' dir='ltr'>Λειτουργούντων</span> <span class='ocrx_word' id='word_1_762' title='bbox 2830 5041 2886 5099; x_wconf 75' lang='grc' dir='ltr'>δὲ</span> <span class='ocrx_word' id='word_1_763' title='bbox 2943 5044 3122 5101; x_wconf 81' lang='grc' dir='ltr'>αὐτῶν</span> <span class='ocrx_word' id='word_1_764' title='bbox 3172 5047 3250 5120; x_wconf 82' lang='grc' dir='ltr'>τῷ</span> <span class='ocrx_word' id='word_1_765' title='bbox 3314 5048 3516 5122; x_wconf 84' lang='grc' dir='ltr'>Κυρίῳ,</span> <span class='ocrx_word' id='word_1_766' title='bbox 3584 5046 3675 5103; x_wconf 77' lang='grc' dir='ltr'>καὶ</span> <span class='ocrx_word' id='word_1_767' title='bbox 3720 5065 3816 5114; x_wconf 84' lang='grc' dir='ltr'>νη·-</span> 
     </span>
    </p>
   </div>
   <div class='ocr_carea' id='block_1_111' title="bbox 2166 5132 3815 5213">
    <p class='ocr_par' dir='ltr' id='par_1_111' title="bbox 2166 5132 3815 5213">
     <span class='ocr_line' id='line_1_111' title="bbox 2166 5132 3815 5213; baseline 0.001 -30"><span class='ocrx_word' id='word_1_768' title='bbox 2166 5156 2194 5183; x_wconf 90' lang='grc'><em>‹‹</em></span> <span class='ocrx_word' id='word_1_769' title='bbox 2229 5132 2552 5201; x_wconf 89' lang='grc' dir='ltr'>στεοόντων,</span> <span class='ocrx_word' id='word_1_770' title='bbox 2586 5134 2707 5188; x_wconf 81' lang='grc' dir='ltr'>εἷπε</span> <span class='ocrx_word' id='word_1_771' title='bbox 2737 5133 2798 5189; x_wconf 85' lang='grc' dir='ltr'>τὸ</span> <span class='ocrx_word' id='word_1_772' title='bbox 2857 5139 3079 5209; x_wconf 82' lang='grc' dir='ltr'>Πνεῦμα</span> <span class='ocrx_word' id='word_1_773' title='bbox 3136 5136 3198 5190; x_wconf 86' lang='grc' dir='ltr'>τὸ</span> <span class='ocrx_word' id='word_1_774' title='bbox 3257 5137 3436 5210; x_wconf 78' lang='grc' dir='ltr'>ἅγιον·</span> <span class='ocrx_word' id='word_1_775' title='bbox 3502 5135 3815 5213; x_wconf 81' lang='grc' dir='ltr'>’Δφορίσατε</span> 
     </span>
    </p>
   </div>
   <div class='ocr_carea' id='block_1_112' title="bbox 2165 5217 3812 5297">
    <p class='ocr_par' dir='ltr' id='par_1_112' title="bbox 2165 5217 3812 5297">
     <span class='ocr_line' id='line_1_112' title="bbox 2165 5217 3812 5297; baseline 0.001 -24"><span class='ocrx_word' id='word_1_776' title='bbox 2165 5245 2193 5273; x_wconf 92' lang='grc'>‹‹</span> <span class='ocrx_word' id='word_1_777' title='bbox 2229 5218 2295 5292; x_wconf 69' lang='grc' dir='ltr'>δή</span> <span class='ocrx_word' id='word_1_778' title='bbox 2329 5244 2423 5295; x_wconf 90' lang='grc' dir='ltr'>μοι</span> <span class='ocrx_word' id='word_1_779' title='bbox 2454 5223 2544 5276; x_wconf 79' lang='grc' dir='ltr'>τὸν</span> <span class='ocrx_word' id='word_1_780' title='bbox 2578 5217 2861 5297; x_wconf 76' lang='grc' dir='ltr'>Βαρνάϐαν</span> <span class='ocrx_word' id='word_1_781' title='bbox 2892 5223 2981 5278; x_wconf 90' lang='lat' dir='ltr'>xui</span> <span class='ocrx_word' id='word_1_782' title='bbox 3013 5225 3105 5281; x_wconf 88' lang='grc' dir='ltr'>τὸν</span> <span class='ocrx_word' id='word_1_783' title='bbox 3161 5225 3375 5281; x_wconf 80' lang='grc' dir='ltr'>Σαῦλον</span> <span class='ocrx_word' id='word_1_784' title='bbox 3419 5226 3493 5288; x_wconf 76' lang='grc' dir='ltr'>ε¹ς</span> <span class='ocrx_word' id='word_1_785' title='bbox 3545 5227 3606 5281; x_wconf 87' lang='grc' dir='ltr'>τὸ</span> <span class='ocrx_word' id='word_1_786' title='bbox 3660 5220 3812 5296; x_wconf 76' lang='grc' dir='ltr'>ἔργον</span> 
     </span>
    </p>
   </div>
   <div class='ocr_carea' id='block_1_113' title="bbox 2168 5305 3813 5384">
    <p class='ocr_par' dir='ltr' id='par_1_113' title="bbox 2168 5305 3813 5384">
     <span class='ocr_line' id='line_1_113' title="bbox 2168 5305 3813 5384; baseline 0.004 -22"><span class='ocrx_word' id='word_1_787' title='bbox 2168 5333 2188 5359; x_wconf 74' lang='grc' dir='ltr'>α</span> <span class='ocrx_word' id='word_1_788' title='bbox 2226 5316 2300 5371; x_wconf 73' lang='grc' dir='ltr'>εἰς</span> <span class='ocrx_word' id='word_1_789' title='bbox 2332 5307 2360 5362; x_wconf 82' lang='grc' dir='ltr'>ὅ</span> <span class='ocrx_word' id='word_1_790' title='bbox 2390 5308 2815 5384; x_wconf 73' lang='grc' dir='ltr'>προσκέκλημαι</span> <span class='ocrx_word' id='word_1_791' title='bbox 2848 5310 3067 5374; x_wconf 81' lang='grc' dir='ltr'>αὐτούς.</span> <span class='ocrx_word' id='word_1_792' title='bbox 3112 5314 3248 5368; x_wconf 85' lang='grc' dir='ltr'>Τότε</span> <span class='ocrx_word' id='word_1_793' title='bbox 3297 5312 3682 5383; x_wconf 81' lang='grc' dir='ltr'>νηστεύσαντες</span> <span class='ocrx_word' id='word_1_794' title='bbox 3728 5305 3813 5363; x_wconf 72' lang='grc' dir='ltr'>καὶ</span> 
     </span>
    </p>
   </div>
   <div class='ocr_carea' id='block_1_114' title="bbox 2163 5399 3814 5479">
    <p class='ocr_par' dir='ltr' id='par_1_114' title="bbox 2163 5399 3814 5479">
     <span class='ocr_line' id='line_1_114' title="bbox 2163 5399 3814 5479; baseline 0.005 -28"><span class='ocrx_word' id='word_1_795' title='bbox 2163 5421 2192 5451; x_wconf 79' lang='grc' dir='ltr'>ι(</span> <span class='ocrx_word' id='word_1_796' title='bbox 2226 5399 2676 5474; x_wconf 83' lang='grc' dir='ltr'>προσευξάμενοι,</span> <span class='ocrx_word' id='word_1_797' title='bbox 2735 5399 2826 5456; x_wconf 87' lang='grc' dir='ltr'>καὶ</span> <span class='ocrx_word' id='word_1_798' title='bbox 2883 5399 3152 5465; x_wconf 70' lang='grc' dir='ltr'>ἐπιθέντες</span> <span class='ocrx_word' id='word_1_799' title='bbox 3207 5402 3304 5468; x_wconf 81' lang='grc' dir='ltr'>τὰς</span> <span class='ocrx_word' id='word_1_800' title='bbox 3360 5410 3552 5479; x_wconf 87' lang='grc' dir='ltr'>χεῖρας</span> <span class='ocrx_word' id='word_1_801' title='bbox 3611 5400 3814 5465; x_wconf 79' lang='grc' dir='ltr'>αὐτοῖς,</span> 
     </span>
    </p>
   </div>
  </div>
