4112 6250
369 323 477 379 ‘20!

1336 319 1752 383 COMMI‘JNT.
1802 320 1878 377 ΙΝ
1924 318 2119 377 ACTA
2172 318 2780 382 APOSTOLORUM.

3668 323 3786 383 202

365 475 394 501 «
426 451 730 506 ἀπέλυσαν.
765 451 934 508 Οὗτοι
996 452 1090 523 μὲν
1146 452 1238 509 οὖν
1284 451 1677 527 ἐκπεμφθέντες
1738 451 1869 524 ὑπὲρ
1918 453 2000 503 τοῐ

2130 474 2160 502 ‹‹
2192 454 2308 523 Ipsi
2340 454 2539 525 itaque
2572 455 2771 509 emissi
2804 471 2839 510 a
2862 456 3081 526 Spiritu
3104 460 3307 510 sancto
3337 455 3779 512 descenderunt

362 565 388 591 α
420 540 746 613 Πνεύματος
778 547 875 596 τοῦ
904 542 1063 615 ἁγίου
1092 543 1365 610 κατῆλθον
1426 541 1500 603 εἷς
1540 542 1639 609 τήν
1676 540 2018 607 Σελεύκειαν,

359 657 386 684 u
421 633 675 697 κάκεῖθεν
725 631 783 687 δὲ
817 632 1158 689 ἀπέπλευσαν
1206 633 1279 694 εἷς
1326 634 1425 701 τὴν
1485 632 1723 705 Κύπρον*
1780 631 1870 686 καὶ
1927 652 2016 707 γε-

362 742 385 772 ι
419 722 729 795 νομενοιέν
763 722 1062 795 Σαλαμῖνι,
1120 721 1493 797 κατήγγελλον
1548 724 1638 776 τὸν
1688 722 1856 797 λόγον
1916 725 2015 774 τοῦ

360 832 389 861 α
422 815 561 865 Θεοῦ
586 810 641 864 ἐν
670 816 789 871 ταῖς
823 817 1164 886 συναγωγαῖς
1206 816 1313 865 τῶν
1375 807 1666 866 Ἰουδαίων,
1730 810 1902 883 Εἶχον
1960 806 2017 863 δὲ

362 924 390 951 ιι
422 900 518 955 καὶ
550 901 808 971 Ἰωάννην
856 901 1155 972 ὑπηρέτην.
1226 898 1538 964 Διελθόντες
1598 898 1657 955 δὲ
1692 901 1789 969 τὴν
1851 906 2014 967 νῆσον

360 1014 389 1041 α
447 987 585 1063 ἄχρι
656 989 869 1066 Πάφου,
928 989 1086 1064 εὗρόν
1144 1011 1264 1044 τινα
1324 990 1496 1065 μάγον
1556 986 2017 1065 ψευδοπροφήτην

312 1112 315 1113 ν
365 1100 395 1129 α
428 1074 716 1144 Ἰουδαῖον,
750 1078 797 1149 ᾧ
827 1074 1005 1150 ὄνομα
1036 1083 1367 1153 Βαριησοῦν,
1396 1077 1456 1139 ὅς
1514 1080 1578 1146 ἦν
1635 1078 1725 1131 σὺν
1780 1081 1859 1148 τῷ
1891 1077 2016 1140 ἀνθ-

365 1193 393 1221 u
429 1169 623 1241 υπάτῳ
653 1168 869 1244 Σεργίῳ
901 1170 1105 1241 Παύλῳ
1131 1166 1282 1241 ἀνδρὶ
1336 1166 1564 1239 συνετῷ.
1624 1167 1793 1228 Οὗτος
1844 1187 2017 1237 προσ-

360 1256 789 1329 «καλεσαμενος
866 1254 1149 1331 Βαρνάϐαν
1206 1257 1297 1312 καὶ
1365 1255 1602 1323 Σαῦλον,
1682 1255 2011 1326 ἐπεζήτησεν

353 1372 383 1399 «ι
414 1349 647 1402 ἀκοῦσαι
680 1349 772 1401 τὸν
806 1345 975 1423 λόγον
998 1350 1097 1401 τοῦ
1128 1351 1282 1403 Θεοῦ.
1342 1346 1660 1410 Ἀνθίστατο
1710 1343 1767 1399 δὲ
1824 1344 2008 1407 αὐτοῖς

349 1463 379 1489 κ
416 1437 728 1511 Ἐλύμαςὸ
789 1440 959 1512 μάγος
1020 1439 1222 1511 (οὓτως
1280 1438 1382 1512 γὰρ
1435 1438 1894 1513 μεθερμηνεύεται
1948 1437 2011 1492 τὸ

344 1551 373 1578 «
409 1523 597 1600 ὄνομα
628 1527 837 1594 αὐτοῦ),
868 1532 1046 1597 ζητῶν
1082 1524 1401 1601 διαστρέψαι
1430 1527 1522 1582 τὸν
1567 1526 1869 1582 ἀνθύπατον
1904 1526 2009 1581 ἀπὸ

347 1639 368 1664 ι
401 1622 510 1682 τῆς
544 1617 801 1675 πίστεως.
838 1639 866 1667 n

411 1704 625 1760 Τίὲστι
688 1729 715 1754 ‹‹
779 1705 1248 1781 Λειτουργούντων
1304 1723 1317 1774 ;
1383 1728 1409 1756 ›)
1465 1700 1737 1774 τουτέστι,
1798 1726 2002 1779 κηρυτ-

2136 563 2156 590 ι
2194 541 2609 599 Seleuciam.et
2638 543 2776 599 inde
2804 546 3154 616 navigarunt
3176 544 3235 598 in
3269 544 3612 615 Cyprum,et
3641 561 3775 600 cum

2128 652 2158 680 «
2190 637 2388 685 essent
2416 632 2733 691 Salamine.
2769 634 3279 688 annuntiaverunt
3305 633 3542 687 verbum
3582 634 3681 688 Dei
3712 634 3774 688 in

2130 741 2161 771 ‹‹
2193 722 2504 792 synagogis
2533 722 2891 777 Iudaeorum.
2924 722 3229 776 Habebant
3267 728 3465 777 autem
3500 728 3557 775 et
3606 724 3773 777 Joan-

2130 826 2325 863 «nem
2359 810 2717 866 ministrum.
2753 812 2822 865 Et
2854 817 3166 882 peragrata
3224 810 3420 865 insula
3472 827 3661 881 usque
3704 810 3779 865 ad

2127 919 2155 947 «
2189 898 2837 969 Paphuminvenerunt
2885 900 3203 970 quemdam
3236 915 3471 971 magum
3524 899 3779 970 pseudo-

2132 1008 2153 1038 ι
2181 988 2529 1058 prophetam
2561 988 2951 1055 Judaeum,cui
2981 1005 3198 1044 nomen
3227 989 3627 1059 Bariesus,qui
3653 995 3782 1044 erat

2129 1096 2157 1126 ιι
2190 1092 2323 1131 cum
2356 1078 2709 1147 proconsule
2742 1078 2941 1149 Sergio
2968 1078 3148 1132 Paulo
3190 1078 3310 1132 viro
3342 1077 3778 1148 prudente.Hic

2127 1186 2156 1216 α
2185 1166 2489 1221 accersitis
2510 1167 2779 1222 Barnaba
2808 1173 2868 1221 et
2898 1166 3071 1221 Saulo
3104 1167 3381 1237 cupiebat
3414 1165 3621 1221 audire
3645 1182 3774 1221 ver-

2124 1277 2153 1304 «
2186 1254 2325 1309 bum
2362 1256 2480 1310 Dei.
2518 1257 2850 1312 Resistebat
2879 1264 3077 1311 autem
3109 1256 3230 1310 illis
3261 1257 3497 1327 Elymas
3528 1272 3735 1328 magus
3761 1272 3775 1309 :

2123 1366 2151 1393 ‹‹
2186 1345 2270 1399 sic
2319 1346 2478 1400 enim
2529 1346 2954 1416 interpretatur
3012 1361 3234 1400 nomen
3286 1346 3463 1417 ejus:
3499 1361 3776 1416 quaerens

2121 1454 2150 1482 «
2174 1440 2435 1489 avertere
2468 1435 2886 1506 proconsulem
2918 1452 2950 1489 a
2982 1435 3119 1489 ﬁde.

2188 1718 2478 1784 Quidnam
2504 1726 2594 1775 est
2623 1742 2651 1770 ‹‹
2687 1721 3156 1776 Ministrantibus
3179 1720 3206 1774 ‘I
3228 1742 3255 1769 »
3289 1720 3401 1776 hoc
3425 1726 3515 1776 est
3544 1722 3769 1793 praedi-

336 1794 576 1848 τόντων.
610 1819 638 1843 ‹‹
672 1794 993 1869 Ἀφορίσατὲ
1054 1816 1148 1866 μοι
1197 1796 1273 1856 εἷς
1328 1794 1391 1849 τὸ
1432 1790 1612 1871 ἔργον.
1650 1819 1677 1846 ››
1710 1795 2000 1851 Τουτέστιν

2120 1809 2413 1865 cantibus.
2442 1831 2466 1861 ι
2502 1810 2812 1883 Segregate
2846 1810 2991 1864 mihi
3045 1812 3105 1864 in
3166 1826 3335 1881 opus,
3364 1829 3391 1862 ι
3436 1810 3495 1864 id
3529 1790 3637 1881 est,
3697 1811 3772 1867 ad

340 1882 417 1942 εἷς
452 1882 801 1951 ἀποστολὴν.
861 1884 990 1937 Ὑπὸ
1046 1883 1208 1937 τίνων
1269 1881 1326 1938 δὲ
1384 1890 1825 1959 χειροτονεῖται;
1870 1884 2000 1938 Ὑπὸ

342 1980 385 2025 Λ
427 1994 436 2005 '
507 1971 520 2007 ξ
558 1994 567 2007 ⁹
783 1971 797 1989 \
1001 1974 1014 1989 ι
1158 1979 1180 1989 φ
1385 1971 1408 1990 ’κ
1499 1975 1512 1993 ε
1574 1974 1587 1991 \
1701 1978 1724 1988 υ
1863 1973 1885 2006 1Ι

390 1992 588 2026 οσκ.ο)
621 1992 680 2025 τε
709 1993 797 2025 και
832 1976 1076 2042 Μαναην,
1113 1970 1325 2045 μαλλον
1381 1976 1437 2027 οὲ
1494 1994 1595 2027 υπο
1633 1994 1728 2028 του
1760 1993 2003 2045 πνευμα-

343 2081 458 2122 τος.
550 2066 968 2130 Χειροτονεῖται
1028 2059 1085 2129 δὲ
1142 2061 1277 2116 ὣστε
1334 2064 1446 2134 μετ’
1505 2060 1745 2133 ἐξουσίας
1797 2062 2002 2136 κηρύτ-

343 2169 478 2206 τειν.
508 2151 596 2204 Ἐν
628 2148 923 2221 Σελευκείᾳ
979 2148 1037 2205 δὲ
1092 2149 1244 2205 οὐδὲν
1288 2147 1594 2225 τρίϐουσιν,
1656 2151 1855 2213 είοότες
1916 2154 2000 2206 ὅτι

356 2237 462 2290 ἀπὸ
489 2245 582 2306 τῆς
613 2238 862 2313 γείτονος
893 2237 1114 2301 πόλεως
1143 2238 1519 2315 ἐκαρπώσαντο
1551 2236 1609 2294 ἄν
1648 2238 1867 2310 πολλὴν
1896 2242 1994 2310 τήν

361 2324 638 2404 ὠφέλειαν.

418 2478 447 2504 κ
484 2452 693 2515 Σαῦλος
727 2450 784 2508 δὲ
828 2455 856 2508 ὁ
913 2455 1001 2508 καὶ
1065 2455 1303 2520 Παῦλος,
1362 2455 1625 2526 πλησθεὶς
1686 2457 1999 2529 Πνεύματος

346 2543 585 2617 ιάγέου,
629 2543 720 2597 καὶ
754 2542 996 2605 ἀτενίσας
1056 2543 1131 2605 εἷς
1187 2544 1370 2613 αὐτὸν,
1428 2546 1595 2601 εἶπεν·
1656 2551 1720 2600 Ὦ
1777 2544 2000 2617 πλήρης

339 2654 363 2683 ι
400 2632 603 2692 παντὸς
636 2628 831 2699 δόλου,
864 2633 953 2685 καὶ
986 2632 1162 2701 πάσης
1194 2629 1566 2709 ῥᾳδιουργίας,
1596 2636 1676 2689 υἱὲ
1708 2629 1995 2705 διαϐόλου,

338 2745 365 2771 α
400 2719 566 2794 ἐκθρῖε
627 2720 807 2791 πίσης
878 2718 1247 2790 δικαιοσύνης,
1301 2723 1364 2777 οὐ
1425 2724 1603 2798 παύσῃ
1658 2722 1995 2801 διαστρέφων

439 2812 451 2823 ι
534 2810 545 2825 ο
567 2807 592 2825 κ
636 2808 648 2842 .\
758 2812 773 2827 ν
909 2834 916 2843 1
1012 2811 1062 2845 ἢ,
1129 2812 1141 2829 φ
1225 2811 1235 2830 Ι
1335 2830 1346 2841 .
1495 2813 1508 2831 κ
1604 2817 1626 2827 θ
1749 2811 1771 2831 ’Ν
1811 2813 1822 2831 \
1942 2815 1954 2833 \

339 2832 366 2863 ι
394 2831 490 2870 τας
525 2828 697 2870 οοοδς
732 2810 936 2884 Κυρίου
967 2831 1060 2872 τα..
1091 2813 1299 2872 ευθειας
1334 2856 1348 2880 ,
1412 2816 1510 2868 Και
1570 2835 1656 2867 νυν
1722 2813 1838 2868 ἰοου
1871 2833 1998 2889 χειρ

334 2924 361 2950 κ
384 2903 484 2953 τοῦ
519 2900 739 2971 Κυρίου
774 2897 861 2953 ἐπὶ
894 2899 975 2969 σε,
998 2900 1089 2953 καὶ
1120 2896 1213 2974 ἔσῃ
1246 2899 1450 2980 τυφλὸς
1494 2903 1569 2974 μή
1631 2901 1852 2976 βλέπων
1905 2904 1995 2957 τὸν

336 3011 359 3040 α
401 2988 575 3056 ἥλιον
627 2984 764 3062 ἄχρι
819 2993 1029 3061 καιροῦ.
1095 2995 1447 3065 Παραχρῆμα
1506 2989 1561 3045 δὲ
1614 2990 1864 3047 ἐπέπεσεν
1916 2991 1997 3047 ἐπ’

340 3103 360 3127 ι
396 3076 560 3130 αὐτὸν
593 3076 780 3151 ἀχλὺς
808 3078 897 3130 καὶ
925 3078 1141 3146 σκότος,
1172 3079 1262 3133 καὶ
1303 3080 1580 3156 περιάγων
1630 3080 1809 3152 ἐζήτει
1842 3101 1997 3160 χειρ-

343 3190 369 3217 u
402 3166 678 3241 αγωγούς.
714 3167 857 3220 Τότε
887 3164 1017 3221 ἰδὼν
1052 3169 1079 3221 ὁ
1111 3167 1416 3232 ἀνθύπατος
1448 3170 1510 3224 τὸ
1563 3171 1810 3247 γεγονὸς,
1845 3170 1997 3225 ἐπίσ-

358 3275 381 3304 I
412 3275 618 3321 τευσεν,
646 3254 1090 3329 ζῖκττληιεΐσὸμενος
1121 3258 1208 3312 ἐπὶ
1239 3262 1308 3333 τῇ
1370 3257 1573 3334 διδαχῇ
1632 3266 1730 3315 τοῦ
1773 3262 1994 3335 Κυρίου.

361 3367 391 3393 α
422 3344 757 3418 Ἀναχθεντες
786 3343 845 3400 δὲ
878 3345 985 3400 ἀπὸ
1015 3354 1115 3417 τῆς
1168 3350 1354 3422 Πάφου
1388 3350 1444 3403 οἱ
1473 3351 1600 3423 περί
1631 3350 1721 3405 τὸν
1757 3348 1996 3420 Παῦλον,

364 3454 386 3480 α
418 3428 593 3499 ἦλθον
623 3430 694 3493 εἷς
719 3433 926 3509 Πέργην
959 3437 1059 3499 τῆς
1094 3436 1437 3514 Παμφυλίας.
1470 3462 1498 3489 ››

350 3586 353 3587 ν
420 3579 447 3609 ι
479 3555 695 3619 Σαῦλος
726 3556 783 3613 δὲ
836 3560 865 3614 ὁ
922 3561 1014 3613 καὶ
1078 3559 1310 3623 Παῦλος.
1350 3586 1377 3614 ››
1434 3568 1551 3620 Ἵνα
1584 3566 1660 3637 μὴ
1692 3565 1859 3638 ταύτῃ
1907 3564 1996 3619 καὶ

340 3647 449 3701 τῶν
472 3646 801 3702 ἀποστόλων
856 3646 1082 3704 ἔλαττον
1116 3644 1220 3725 ἔχῃ
1273 3652 1301 3705 ὁ
1384 3653 1621 3721 Ηαῦλος,
1686 3653 1997 3726 μεθίστησιν

352 3736 506 3791 αύτοῦ
539 3738 737 3801 ὁΘεὸς
762 3740 826 3792 τὸ
909 3735 1105 3810 ὄνομα,
1155 3742 1242 3794 καὶ
1308 3740 1517 3795 Σαῦλον
1573 3740 1700 3796 ὄντα
1781 3742 1992 3797 Παῦλον

348 3825 588 3892 ἐκάλεσε,
622 3828 717 3880 καὶ
752 3826 884 3898 ὅπερ
944 3823 1098 3902 ἔσχεν
1154 3827 1418 3903 ἐξαῖρετον
1451 3832 1479 3884 ὁ
1536 3837 1830 3907 κορυφαῖος
1885 3838 1992 3887 τῶν

346 3918 633 3987 μαθητῶν,
668 3920 833 3970 τοῦτο
874 3916 963 3970 καὶ
1023 3917 1185 3979 αὐτὸς
1233 3920 1524 3989 κτήσηται,
1592 3920 1679 3973 καὶ
1738 3919 1994 3983 πλείονος

334 4004 675 4063 οἱκειώσεως
703 4004 956 4067 ὑπόθεσιν
1006 4001 1173 4081 λάϐῃ.
1208 4008 1321 4062 Ἰνα
1379 4008 1469 4061 οὖν
1529 4006 1695 4082 δείξῃ,
1755 4010 1839 4064 ’ὁτι
1898 4010 1997 4065 οὐκ

334 4093 401 4161 ἦν
437 4097 625 4165 θυμοῦ
652 4092 719 4146 τὰ
751 4092 972 4167 ῥήματα
1003 4094 1248 4167 Παύλου,
1308 4094 1340 4149 ἅ
1396 4098 1531 4171 πρὸς
1591 4096 1830 4171 Ἐλύμαν
1892 4095 1992 4177 ἔφη

328 4182 426 4235 τὸν
462 4184 663 4257 μίγον,
722 4179 809 4235 διὰ
865 4188 1029 4237 τοῦτο
1088 4178 1383 4258 προλαϐὼν
1441 4187 1581 4251 εἷπε,
1642 4211 1669 4237 ‹‹
1730 4186 1997 4257 Ηλησθείς

338 4271 660 4343 Πνεύματος
686 4271 865 4343 ἁγίου,
900 4296 927 4320 ιν
958 4273 1039 4328 Οὐ
1067 4272 1166 4348 γὰρ
1198 4272 1548 4343 κολάζοντος,
1590 4274 1718 4330 ἀλλ’
1750 4276 1993 4353 ἐπιστρὲ-

340 4382 540 4433 gesto;
574 4362 643 4428 ἦν
674 4364 842 4414 ταῦτα
862 4362 928 4415 τα
961 4361 1201 4436 ῥήματα.
1359 4365 1461 4441 γὰρ
1519 4363 1854 4435 κολάζοντος
1905 4368 1994 4437 ἦν,

338 4450 639 4511 διαπαντὸς
671 4454 730 4505 ἄν
753 4451 973 4523 ἐποίησε
1000 4452 1229 4530 τυφλόν·
1290 4459 1377 4509 νῦν
1437 4454 1494 4510 δὲ
1526 4456 1586 4510 ού
1627 4462 1810 4527 τοῦτο,
1870 4456 1997 4513 ἀλλ’

340 4540 481 4615 ἄχρι
534 4544 755 4615 καιροῦ,
808 4539 902 4596 ’ἱνα
954 4541 1112 4616 πείσῃ
1167 4545 1257 4598 τὸν
1329 4544 1658 4602 ἀνθύπατον.
1736 4548 1811 4602 Τὸ
1868 4549 1994 4623 γὰρ,

341 4657 373 4682 α
406 4634 579 4704 -Αχρι
612 4634 824 4705 καιροῦ,
854 4655 874 4679 ο
910 4632 1058 4705 ὅριον
1086 4635 1154 4704 τῇ
1183 4633 1377 4708 γνώμῃ
1412 4632 1595 4697 διδοὺς
1626 4630 1809 4713 teme,
1835 4638 1995 4713 ἑαυτῇ

338 4716 494 4795 ἔχειν
526 4724 627 4773 τοῦ
656 4720 835 4798 φωτὸς
886 4723 984 4790 τὴν
1032 4720 1311 4795 ἀπόληψιν
1362 4724 1452 4778 τὸν
1506 4726 1708 4798 τρόπον
1763 4723 1995 4799 μεταϐα-

338 4809 551 4865 λοῦσαν
577 4810 715 4877 πρὸς
744 4811 803 4863 τὸ
838 4809 1075 4885 βέλτιον·
1110 4811 1155 4882 ᾦ
1178 4811 1279 4885 γαρ
1338 4811 1500 4874 αὐτὸς
1538 4816 1832 4889 προσήχθη
1895 4837 1994 4887 ση-

339 4900 509 4971 μείῳ,
542 4898 726 4969 τούτῳ
754 4897 841 4952 καὶ
879 4903 1068 4953 τοῦτον
1102 4894 1388 4972 ἡὸουλήθη
1438 4910 1822 4981 προσαγαγεῖν.
1883 4905 1995 4962 Οὐκ

336 4988 442 5062 ἂρα
482 4988 733 5061 τιμωρία
760 4990 849 5059 ἦν,
880 4986 1009 5042 ἀλλ’
1045 4986 1201 5051 ἴασις.

416 5210 444 5235 α
482 5183 747 5249 Ἰωάννης
778 5178 835 5236 δὲ
864 5182 1237 5257 ἀποχωρήσας
1290 5184 1382 5239 ἀπ’
1430 5186 1606 5243 α”οτῶν
1670 5190 1993 5269 ὑπέστρεψεν

350 5299 371 5327 ι
408 5269 897 5347 είςίεροσόλυμα,
934 5271 1099 5325 Αὐτοὶ
1161 5270 1217 5327 δὲ
1248 5270 1554 5341 διελθόντες
1584 5276 1688 5334 ὰπὸ
1728 5288 1826 5349 τῆς
1864 5282 1994 5357 Πὲρ-

344 5388 371 5413 ιι
404 5384 514 5438 γης
544 5362 910 5435 παρεγένοντο
944 5359 1021 5421 εἷς
1083 5362 1416 5438 Ἀντιόχειαν
1466 5369 1564 5432 τῆς
1595 5367 1865 5441 Πισιδίας,
1906 5374 1993 5428 καὶ

342 5478 370 5505 κ
404 5452 744 5512 εἷσελθόντες
831 5448 906 5511 εἷς
966 5452 1065 5520 τήν
1128 5458 1445 5531 συναγωγὴν
1502 5462 1569 5529 τῇ
1632 5460 1811 5535 ἡμέρᾳ
1890 5468 1996 5520 τῶν

344 5539 722 5607 ιΣαὸἕάτων,
757 5539 1030 5596 ἐκάθισαν.
1068 5543 1220 5598 Μετᾶ
1276 5541 1333 5599 δὲ
1382 5548 1480 5614 την
1542 5548 1842 5625 ἀνάγνωσιν
1900 5559 1997 5610 τοῦ

348 5656 370 5684 ι
411 5634 586 5708 νόμον
617 5633 711 5690 καὶ
741 5637 852 5689 τῶν
886 5634 1569 5710 προφητῶν,νᾶπέστειλαν
1624 5641 1675 5695 οἱ
1730 5643 1996 5719 ἀρχισυν-

659 5766 942 5826 Paeon.
989 5760 1097 5821 Gn.
1147 5762 1410 5826 CXVIII.

2114 1901 2583 1971 apostolatum.A
2614 1901 2828 1972 quibus
2856 1908 3052 1956 autem
3090 1901 3417 1957 creantur?
3448 1904 3493 1955 Α
3527 1901 3700 1957 Lucio
3715 1907 3773 1957 et

2113 1991 2378 2057 Manahe,
2406 1991 2524 2045 imo
2558 1991 2743 2063 magis
2777 2008 2809 2046 a
2843 1991 3075 2062 spiritu.
3111 1992 3401 2045 Creantur
3449 1996 3647 2046 autem
3707 1996 3773 2045 ut

2114 2097 2247 2134 cum
2281 2081 2630 2136 auctoritate
2679 2081 3027 2152 praedicent.
3089 2081 3372 2136 Seleucize
3422 2098 3558 2135 vero
3614 2080 3769 2135 nihil

2111 2170 2366 2224 cunctati
2400 2176 2557 2233 sunt,
2618 2171 2876 2225 scientes
2908 2170 3065 2241 quod
3125 2187 3159 2225 a
3216 2170 3487 2241 proxima
3533 2170 3767 2226 civitate

2110 2257 2427 2329 plurimam
2460 2258 2809 2330 colligerent
2838 2258 3136 2315 fructuum
3173 2259 3511 2314 utilitatem.

2181 2475 2326 2541 XIII,
2356 2476 2510 2529 943.
2551 2496 2578 2524 «
2606 2473 2819 2529 Saulus
2850 2480 3047 2528 autem
3081 2474 3181 2544 qui
3213 2480 3270 2529 et
3300 2474 3545 2541 Paulus,
3566 2475 3763 2546 reple-

2114 2585 2139 2614 ι(
2184 2570 2276 2619 tus
2308 2564 2527 2635 Spiritu
2560 2569 2785 2628 sancto,
2811 2564 3057 2618 intentis
3090 2564 3149 2617 in
3183 2580 3317 2619 eum
3346 2563 3535 2618 oculis
3566 2563 3714 2617 dixit
3748 2577 3763 2617 :

2114 2675 2141 2705 ιι
2181 2655 2224 2709 Ο
2256 2654 2430 2724 plene
2467 2654 2629 2708 omni
2661 2653 2822 2719 dolo,
2852 2653 3137 2724 omnique
3178 2652 3460 2719 versutia,
3496 2652 3581 2707 ﬁli
3641 2653 3765 2707 dia-

2112 2765 2139 2793 ‹‹
2173 2742 2319 2808 boli,
2354 2742 2595 2797 inimice
2626 2742 2821 2796 omnis
2841 2742 3255 2814 justitiaa,non
3284 2758 3484 2797 cessas
3518 2741 3763 2796 subver-

2114 2853 2141 2881 «
2174 2837 2294 2887 tere
2329 2832 2449 2886 vias
2482 2832 2717 2886 Domini
2751 2838 2943 2887 rectas
2966 2830 2993 2884 ‘?
3024 2833 3093 2885 Et
3151 2848 3312 2886 nunc
3363 2848 3497 2887 ecce
3546 2846 3760 2886 manus

2113 2943 2142 2972 «
2177 2920 2408 2976 Domini
2441 2937 2620 2991 super
2650 2927 2727 2986 te,
2760 2922 2994 2991 erisque
3029 2937 3240 2986 caecus,
3272 2938 3391 2975 non
3418 2920 3625 2975 videns
3654 2937 3759 2973 so-

2113 3010 2285 3065 «lem
2316 3026 2504 3079 usque
2536 3010 2608 3063 ad
2643 3014 2892 3079 tempus.
2927 3009 3286 3080 Etprotinus
3314 3009 3604 3063 ceciditin
3625 3025 3761 3063 eum

2116 3120 2144 3148 ‹‹
2180 3096 2367 3167 caligo
2390 3113 2457 3151 ac
2496 3095 2777 3161 tenebrm,
2812 3101 2870 3149 et
2895 3096 3256 3151 circumiens
3315 3096 3621 3166 quaerebat
3659 3095 3761 3166 qui

2029 3200 2073 3265 ο
2118 3210 2138 3236 ι
2176 3203 2239 3241 se
2271 3201 2451 3239 manu
2480 3185 2741 3239 duceret.
2777 3187 2937 3239 Tunc
2970 3185 3291 3255 proconsul
3322 3201 3460 3240 cum
3518 3184 3764 3239 vidisset

2115 3296 2143 3325 ‹‹
2175 3274 2335 3345 quod
2366 3273 2684 3339 acciderat,
2724 3273 2998 3339 credidit,
3058 3274 3361 3329 admirans
3422 3290 3602 3345 super
3659 3273 3763 3328 do-

2110 3386 2138 3414 «
2168 3364 2360 3419 ctrina
2390 3358 2806 3417 Domini.Cum
2836 3367 3032 3417 autem
3051 3363 3297 3435 aPapho
3330 3362 3603 3419 solvisset
3620 3364 3760 3417 Pau-

2110 3476 2137 3504 ‹‹
2171 3453 2286 3521 lus,
2319 3457 2607 3508 venerunt
2637 3455 2861 3524 Pergen
2889 3453 3270 3525 Pamphylius.
3301 3476 3329 3503 »

2181 3604 2208 3633 «
2243 3581 2453 3637 Saulus
2476 3586 2671 3637 autem
2710 3583 2811 3653 qui
2846 3588 2903 3636 et
2932 3582 3172 3637 Paulus.
3210 3604 3236 3631 υ
3267 3584 3346 3637 Ne
3378 3582 3469 3637 vel
3526 3583 3586 3636 in
3648 3581 3761 3636 hoc

2109 3673 2307 3726 minor
2336 3678 2493 3727 esset
2522 3672 2810 3741 apostolis
2826 3671 3290 3733 Paulus,nomen
3314 3672 3443 3743 ejus
3460 3678 3763 3726 transmu-

2106 3768 2193 3816 tat
2216 3763 2388 3819 Deus.
2411 3779 2664 3832 cumque
2689 3762 2900 3816 Saulus
2928 3762 3224 3815 diceretur
3245 3761 3491 3815 Paulum
3515 3760 3760 3826 vocavit,

2106 3852 2381 3922 quodque
2402 3853 2765 3922 praecipuum
2795 3851 3050 3906 habuitl
3068 3855 3101 3905 1
3123 3855 3155 3906 Ι
3180 3849 3762 3923 princepsapostolo-

2106 3958 2259 4001 rum,
2296 3940 2352 3993 id
2387 3940 2512 4009 ipse
2545 3956 2783 4009 quoque
2816 3938 3064 4010 adeptus
3099 3947 3205 4005 est,
3239 3946 3304 3995 ut
3352 3940 3539 4011 magis
3581 3938 3757 3993 fami-

2104 4028 2383 4083 liaritatis
2406 4034 2819 4098 argumentum
2853 4028 3469 4097 acciperet.Pra3misit
3498 4045 3757 4099 quoque,

2106 4118 2331 4183 dicens,
2366 4139 2393 4164 «
2428 4116 2647 4170 Plenus
2680 4117 2899 4187 Spiritu
2923 4123 3127 4171 sancto
3165 4135 3176 4171 :
3215 4141 3241 4167 ιι
3274 4135 3389 4189 quo
3418 4117 3763 4173 ostenderet

2105 4205 2590 4261 Pauliverbanon
2606 4222 2675 4259 ex
2704 4205 2790 4259 ira
2805 4221 2932 4259 esse
2957 4222 3087 4275 qum
3118 4206 3192 4260 ad
3229 4206 3491 4275 Elymam
3516 4222 3753 4275 magum

2107 4296 2338 4351 locutus
2370 4300 2475 4349 est.
2494 4297 2694 4366 Neque
2728 4296 2887 4350 enim
2906 4295 3207 4367 punientis
3226 4295 3402 4351 verba
3426 4297 3552 4351 hanc
3567 4301 3761 4360 erant,

2106 4386 2208 4441 sed
2241 4391 2585 4441 convertere
2612 4387 2880 4442 nitentis.
2905 4388 3046 4441 Nam
3076 4388 3125 4441 si
3160 4386 3469 4458 punientis
3486 4386 3760 4459 fuissent,

2104 4474 2344 4530 fecisset
2374 4492 2510 4530 eum
2544 4492 2779 4547 semper
2794 4492 2923 4531 esse
2950 4492 3169 4531 cmcum
3198 4494 3209 4530 :
3245 4493 3405 4531 nunc
3426 4481 3762 4531 autemnon

2030 4560 2074 4625 D
2106 4566 2217 4620 hoc
2246 4566 2405 4629 facit,
2442 4566 2544 4620 sed
2576 4582 2765 4637 usque
2799 4566 2872 4621 ad
2903 4572 3231 4637 tempus,ut
3253 4565 3676 4637 proconsulem
3700 4566 3761 4621 in

2106 4671 2271 4709 suam
2306 4655 2664 4710 sententiam
2688 4655 3031 4709 adduceret.
3057 4655 3362 4726 Siquidem
3396 4655 3568 4721 dixit,
3604 4676 3631 4705 ‹‹
3669 4672 3762 4710 us-

2106 4759 2218 4814 que
2251 4744 2323 4798 ad
2345 4748 2637 4814 tempus,»
2669 4742 2817 4798 dans
2848 4744 3036 4799 menti
3062 4746 3380 4800 terminum
3396 4750 3462 4799 ut
3483 4745 3542 4800 in
3566 4745 3762 4817 seipsa

2102 4832 2305 4887 lumen
2337 4833 2773 4903 reciperet,quo
2790 4849 2985 4887 mores
3013 4833 3073 4887 in
3105 4834 3325 4889 melius
3348 4839 3756 4901 commutaret,

2104 4921 2321 4991 quippe
2354 4921 2519 4993 signo
2552 4937 2668 4991 quo
2698 4920 2826 4991 ipse
2860 4920 3151 4977 adductus
3186 4929 3296 4987 est,
3357 4924 3536 4979 etiam
3603 4924 3763 4980 hunc

2100 5008 2391 5064 adducere
2422 5008 2873 5064 nitebatur.Non
2897 5010 3095 5082 itaque
3120 5011 3477 5085 supplicium
3503 5007 3762 5077 erat,sed

2103 5098 2354 5153 curatio.

2172 5205 2312 5271 XIV,
2354 5207 2413 5259 l3
2450 5209 2535 5259 15.
2572 5226 2599 5255 ‹‹
2629 5207 2885 5262 Joannes
2917 5212 3114 5262 autem
3146 5211 3487 5279 segregatus
3546 5204 3619 5258 ab
3670 5202 3759 5257 eis

2103 5317 2130 5345 «
2163 5311 2437 5349 reversus
2470 5300 2559 5350 est
2596 5296 2982 5367 Jerosolyma.
3046 5297 3161 5367 Ipsi
3220 5311 3354 5349 vero
3406 5295 3538 5349 loca
3600 5292 3761 5348 varia

2108 5403 2133 5435 α
2168 5389 2676 5454 pertranseuntes,
2738 5402 2772 5439 a
2826 5387 3009 5456 Perga
3052 5388 3345 5438 venerunt
3376 5382 3760 5438 Antiochiam

2106 5495 2133 5521 ‹‹
2158 5472 2414 5533 Pisidiae.
2448 5474 2820 5543 ingressique
2853 5487 3208 5544 synagogam
3242 5470 3337 5525 die
3371 5471 3763 5527 Sabbatorum

2108 5586 2134 5613 .i
2170 5561 2470 5617 sederunt.
2506 5562 2984 5617 Postlectionem
3018 5567 3213 5615 autem
3242 5560 3390 5635 legis
3421 5578 3489 5617 ac
3509 5561 3765 5634 prophe-

2104 5672 2133 5700 «
2164 5656 2358 5710 tarum
2398 5652 2694 5709 miserunt
2722 5650 3025 5727 principes
3058 5667 3367 5726 synagogas
3400 5651 3473 5710 ad
3516 5668 3642 5718 eos,
3668 5649 3763 5705 di-

2968 5768 2997 5779 v
3400 5780 3436 5834 7
