4112 6250
390 326 395 329 ‘
440 314 558 376 903

1563 305 1996 369 (ECUMENII
2041 304 2347 368 TRICCAE
2390 292 2766 371 EPISCOPI.

3710 312 3808 372 204

447 469 468 497 ι
504 448 711 503 centes
752 458 766 498 :
802 440 920 497 Viri
951 439 1187 509 fratres,
1220 438 1271 495 si
1303 438 1437 511 quis
1482 445 1573 495 est
1612 439 1675 495 in
1699 438 1864 495 vobis
1895 454 2091 495 sermo

2209 460 2235 491 ιι
2265 439 2474 515 ἀγωγοι
2517 440 2659 513 πρὸς
2707 437 2923 508 αὐτοὺς,
2977 436 3249 514 λέγοντες.
3315 435 3524 514 Ἀνδρε,
3583 437 3801 520 ἀδελφου

384 580 387 583 ι
450 558 478 592 ιι
513 533 944 594 exhortationis
974 532 1049 589 ad
1079 530 1336 604 plebem,
1364 530 1564 586 dicite.
1600 551 1628 580 ι)

524 738 548 766 α
583 717 841 772 Joannes
871 716 1068 768 autem
1102 715 1461 784 segregatus.
1496 732 1524 761 »
1570 709 1673 765 Hic
1723 714 1813 765 est
1836 710 2094 765 Joannes

447 808 550 881 qui
576 812 634 861 et
664 807 892 861 Marcus
911 803 1105 858 dictus
1137 808 1440 873 est,nepos
1466 799 1746 856 Barnabas
1772 800 2093 871 :quietiam

446 894 827 969 Evangelium
859 891 1185 948 secundum
1218 893 1475 947 Marcum
1518 890 1890 961 conscripsit,
1915 894 1975 943 et
1995 890 2095 942 Pe-

444 987 522 1043 tri
553 983 960 1058 apostolorum
991 981 1279 1054 principis
1310 980 1659 1053 discipulus,
1677 979 1748 1034 de
1780 995 1896 1050 quo
1919 977 2003 1033 ait
2031 977 2093 1031 in

443 1073 1008 1151 Epistola':Salutat
1034 1088 1137 1128 vos
1169 1073 1396 1128 Marcus
1454 1070 1614 1126 filius
1666 1084 1836 1124 meus
1890 1069 1931 1123 ⁷.
1987 1067 2092 1122 Hic

440 1165 641 1237 igitur,
676 1170 959 1234 tanquam
983 1162 1163 1218 Paulo
1187 1177 1321 1216 cum
1349 1160 1473 1215 suis
1503 1159 1565 1214 in
1597 1159 1925 1231 longiorem
1940 1157 2094 1213 viam

436 1254 667 1317 missis,
712 1257 1056 1326 segregatur
1125 1250 1197 1306 ab
1245 1250 1354 1318 eis,
1413 1264 1763 1320 quanquam
1820 1248 2096 1302 minister

445 1347 626 1410 esset,
657 1359 726 1399 eo
758 1340 919 1414 quod
946 1340 1181 1397 labores
1211 1344 1271 1395 et
1299 1339 1567 1410 pericula
1592 1338 1747 1394 ferre
1807 1353 1928 1393 non
1959 1353 2092 1409 pos-

446 1438 557 1490 set.

1086 1520 1312 1577 CAPUT
1329 1521 1447 1576 XX.

453 1632 672 1687 Florens
703 1632 869 1687 Pauli
925 1631 1182 1685 doctrina
1237 1630 1436 1684 ducens
1474 1628 1545 1683 ad
1576 1627 1854 1684 Christum
1885 1632 1996 1681 tum
2027 1642 2097 1679 ea:

519 1703 655 1773 lege,
689 1709 801 1758 tum
838 1707 1037 1773 postea
1092 1716 1162 1756 ea:
1210 1701 1516 1771 prophetis,
1545 1698 1811 1773 historica
1847 1703 1899 1773 et
1923 1713 2092 1773 evan-

517 1769 714 1855 gelica,
744 1769 889 1855 :gué
947 1780 998 1828 et
1029 1769 1324 1855 col-lectica;
1342 1778 1418 1827 est
1457 1778 1515 1855 et
1570 1770 1989 1855 ratiocinativa.
2018 1769 2093 1822 De

519 1842 885 1901 translatione
933 1842 1348 1915 praedicationis
1399 1842 1473 1897 ad
1528 1848 1736 1915 gentes,
1796 1856 2091 1915 eorumque

519 1917 723 1974 ibidem
744 1914 1126 1987 persecutione
1148 1931 1212 1970 ac
1248 1915 1567 1970 discessione
1593 1916 1652 1968 in
1681 1914 1948 1969 Iconium.

518 2096 673 2162 XIII,
702 2097 764 2150 16
804 2097 889 2150 19.
942 2116 971 2144 ‹‹
1022 2093 1278 2165 Surgens
1327 2095 1525 2147 autem
1584 2091 1805 2146 Paulus
1869 2089 2093 2144 indicto

452 2207 482 2236 ιι
496 2200 681 2241 manu
693 2183 840 2239 silen
852 2183 929 2238 tio
942 2182 1054 2238 ait:
1074 2181 1189 2236 Viri
1212 2180 1739 2251 lsraelitaa,quique
1754 2182 1791 2234 1
1808 2181 1845 2234 1
1860 2180 1906 2235 2
1924 2179 2093 2233 time-

455 2297 483 2325 «
517 2275 594 2330 tis
619 2274 824 2340 Deum,
855 2271 1236 2328 audite.Deus
1266 2270 1469 2341 populi
1506 2270 1681 2341 hujus
1700 2268 1877 2342 elegit
1895 2273 2095 2340 patres

451 2388 479 2416 ιι
511 2368 768 2429 nostros,
802 2367 861 2417 et
890 2361 1173 2433 populum
1217 2361 1278 2414 in
1310 2361 1496 2415 altum
1545 2358 1772 2422 extulit,
1833 2374 1967 2413 cum
2000 2374 2096 2413 es—

448 2477 475 2507 ιι
509 2460 643 2510 sent
671 2453 881 2508 incola:
914 2451 972 2505 in
1003 2457 1161 2505 terra
1190 2450 1393 2522 Egypti
1428 2466 1441 2503 ε
1475 2448 1838 2520 brachiaque
1860 2447 2093 2504 excelso

422 2567 474 2603 ru
507 2544 710 2601 eduxit
740 2559 841 2598 eos
872 2558 941 2597 ex
970 2541 1112 2596 illa:
1145 2545 1205 2595 et
1230 2540 1469 2595 circiter
1494 2539 1885 2611 quadraginta
1904 2554 2093 2594 anno-

448 2657 476 2685 «
511 2650 643 2690 rum
680 2639 914 2704 tempus
951 2646 1145 2686 mores
1175 2645 1381 2685 eorum
1415 2628 1697 2683 sustinuit
1728 2628 1790 2684 in
1834 2626 2089 2684 deserto.

453 2745 481 2774 α
512 2724 584 2778 Et
613 2720 825 2776 deletis
852 2725 1076 2790 septem
1108 2718 1387 2790 gentibus
1415 2717 1476 2771 in
1534 2722 1691 2771 terra
1728 2716 2027 2771 Chanaan.
2061 2736 2089 2767 ››

517 2809 845 2867 Antiochiaa
867 2807 1101 2863 Pisidiae
1133 2805 1493 2878 praedicabat
1508 2805 1819 2860 Paulusln
1841 2820 2089 2877 synago-

444 2917 548 2974 gas
579 2906 778 2956 autem
809 2898 1171 2953 introierunt
1205 2895 1266 2951 in
1297 2895 1505 2951 habitu
1528 2894 1865 2951 Iudaeorum
1896 2910 1969 2950 ne
1993 2912 2094 2951 ex-

447 2991 844 3063 pellerentur,
898 2987 1002 3043 sed
1085 2987 1169 3042 ita
1223 3002 1352 3041 rem
1406 3001 1649 3041 omnem
1705 2984 2088 3055 corrigerent.

447 3101 477 3132 ιι
502 3079 740 3151 Septem
770 3077 1049 3151 gentibus
1081 3094 1095 3143 ;
1124 3097 1152 3126 »
1183 3091 1399 3147 nempe
1441 3073 1712 3139 Chetmis,
1745 3073 2087 3147 Gergesaais,

445 3167 834 3234 .Amorrhaais,
871 3165 1242 3233 Chananmis,
1276 3163 1623 3229 Pheresaais,
1682 3163 1867 3219 Evasis
1914 3168 1973 3218 et
1999 3163 2090 3219 Je-
2119 3165 2164 3235 ο
2202 3173 2472 3251 γεσαίους,

447 3257 688 3314 busaais.

520 3346 670 3411 XIII,
707 3347 888 3402 19-24.
926 3366 951 3399 α
981 3345 1146 3400 Sorte
1172 3343 1478 3400 distribuit
1531 3342 1676 3415 ipsis
1721 3349 1939 3399 terram
1998 3359 2098 3399 eo-

455 3459 476 3485 ι
512 3451 664 3491 rum.
699 3436 769 3488 Et
799 3438 932 3505 post
960 3433 1109 3497 haec,
1142 3432 1373 3488 scilicet
1414 3432 1590 3488 annis
1647 3431 2097 3504 quadringentis

451 3546 478 3575 ιι
504 3523 956 3596 quinquaginta,
992 3520 1156 3576 dedit
1178 3520 1415 3590 judices
1438 3537 1627 3592 usque
1657 3521 1732 3575 ad
1761 3520 2094 3577 Samuelem

452 3637 479 3664 ιι
503 3613 873 3686 prophetam.
909 3612 979 3665 Et
1006 3611 1216 3665 exinde
1250 3610 1698 3681 postulaverunt
1727 3626 1946 3683 regem,
1992 3610 2098 3665 de-

451 3725 476 3756 ι
512 3702 714 3774 dique
773 3702 895 3757 illis
951 3702 1104 3756 Deus
1151 3699 1288 3755 Saul
1348 3699 1538 3754 ﬁlium
1597 3699 1712 3765 Cis,
1771 3699 1962 3754 virum
2022 3699 2095 3755 de

449 3816 476 3844 ιι
505 3791 662 3848 tribu
693 3791 1000 3862 Benjamin
1024 3789 1198 3845 annis
1221 3787 1631 3861 quadraginta.
1649 3774 1875 3859 Illoque
1897 3780 2094 3845 amoto

450 3906 478 3936 ι(
513 3882 817 3939 suscitavit
842 3880 928 3937 eis
952 3880 1126 3935 David
1182 3880 1244 3934 in
1297 3896 1515 3952 regem,
1551 3879 1645 3934 cui
1686 3879 2094 3935 testimonium

451 3998 479 4026 «
512 3972 791 4034 reddens.
824 3970 1008 4025 dixit:
1043 3968 1243 4023 Inveni
1275 3968 1454 4023 David
1486 3967 1674 4023 filium
1709 3970 1887 4024 Jessaa
1904 3969 2093 4024 virum

449 4087 477 4116 ιι
508 4061 833 4118 secundum
859 4077 959 4115 cor
989 4058 1315 4129 meum,qui
1340 4057 1515 4114 faciet
1544 4058 2095 4115 omnesvoluntates

451 4174 479 4203 ι(
522 4168 705 4208 meas.
732 4150 919 4222 Hujus
965 4165 1035 4204 ex
1065 4148 1293 4202 semine
1351 4148 1506 4202 Deus
1540 4148 1693 4203 sicut
1739 4149 2097 4221 promiserat

448 4264 477 4295 «
507 4241 754 4299 adduxit
780 4238 984 4295 Israeli
1007 4238 1367 4294 Salvatorem
1418 4238 1640 4306 Jesum,
1673 4245 1847 4294 antea
1878 4237 2093 4310 praedi-

446 4353 474 4383 «
506 4336 676 4388 caute
696 4331 918 4386 Joanne
952 4333 1087 4383 ante
1132 4326 1345 4382 faciem
1377 4324 1656 4381 introitus
1696 4326 1825 4398 ejus
1867 4326 2095 4398 baptis-

443 4445 472 4473 «
508 4438 674 4478 mum
705 4417 1068 4492 pcenitentiaa
1099 4414 1324 4470 Israeli.
1366 4435 1386 4462 ιι

2207 551 2228 578 ι
2263 527 2309 582 εί
2340 522 2450 583 ἔστι
2485 528 2653 604 λόγος
2680 527 2733 585 ἐν
2764 529 2891 606 ὑμῖν
2921 527 3325 605 παρακλήσεως
3352 528 3489 604 πρὸς
3540 530 3626 584 τὸν
3672 527 3805 601 λαὸν,

2208 640 2229 669 ι
2268 615 2476 696 λέγετε.
2505 645 2527 675 ι

2272 731 2300 758 ιι
2335 707 2589 781 Ἰωάννης
2614 706 2671 765 δὲ
2699 707 3093 784 ἀποχωρήσας.
3130 733 3156 761 »ι
3188 709 3362 770 Οὗτός
3415 707 3549 764 ὶστιν
3581 709 3809 780 Ἰωάννης

2201 796 2228 850 6
2284 796 2375 851 καὶ
2436 800 2656 874 Μάρκος
2720 797 2968 869 κληθεὶς,
3068 800 3097 854 6
3179 799 3402 875 ἀνεψιὸς
3488 793 3734 874 Βαρνάϐα,
3783 798 3809 855 6

2198 888 2290 941 καὶ
2347 887 2409 942 τὸ
2494 888 2630 943 κατᾶ
2690 890 2911 962 Μάρκον
3002 887 3335 965 Εὖαγγὲλιον
3394 887 3813 964 συγγραψάμενος

2198 975 2290 1030 καὶ
2325 978 2576 1048 μαθητὴς
2616 978 2820 1051 [ιέτρου
2874 981 2972 1032 τοῦ
3020 977 3345 1056 κορυφαίου,
3396 976 3520 1051 περί
3571 976 3629 1030 οὗ
3673 996 3810 1054 φησιν

2202 1063 2256 1119 ἐν
2285 1068 2354 1138 τῇ
2386 1065 2706 1139 Ἐπιστολῇ
2745 1088 2768 1117 ι
2814 1065 3139 1136 Ἀσπάζεται
3198 1067 3338 1141 ὑμᾶς
3403 1068 3614 1142 Μάρκος
3663 1065 3812 1130 δυὶός

2204 1174 2330 1227 μου.
2365 1179 2387 1204 ι
2421 1152 2591 1220 Οὗτος
2618 1156 2800 1212 τοίνυν
2859 1157 2950 1212 ἅτε
2998 1155 3089 1211 ἐπὶ
3151 1158 3488 1232 μακροτέραν
3544 1152 3814 1229 στελλομὲ-

2198 1264 2305 1298 νων
2338 1240 2462 1299 ὁδὸν
2515 1250 2622 1300 τῶν
2677 1245 2804 1321 περὶ
2871 1244 3107 1315 Παῦλον,
3166 1246 3444 1321 ὀναχωρεῖ
3500 1245 3588 1301 ἀπ’
3638 1244 3816 1315 αὐτῶν,

2197 1332 2376 1388 καίτοί
2406 1354 2469 1411 γε
2498 1333 2774 1409 ὑπηρέτης
2801 1332 2900 1407 ὢν,
2933 1331 3024 1390 διὰ
3050 1335 3113 1391 τὸ
3164 1336 3239 1410 μή
3274 1334 3455 1411 φέρειν
3507 1334 3659 1390 αὐτὸν
3708 1332 3819 1400 τοὺς

2196 1419 2499 1486 κινδύνους.

2838 1534 3096 1591 ΚΕΦΑΛ.
3144 1532 3209 1588 K'

2199 1636 2419 1715 Παύλου
2465 1637 2754 1715 *εὐθαληςῂ
2814 1636 3175 1715 διδασκαλία,
3233 1639 3311 1703 εἰς
3380 1638 3613 1715 Χριστὸν
3669 1635 3726 1715 ἔκ
3769 1657 3818 1693 τε

2269 1712 2384 1789 τοῦ.
2421 1710 2592 1789 νόμου
2631 1781 2644 1789 _
2670 1710 2761 1764 καὶ
2788 1712 3042 1789 ικαδεξῆς
3126 1714 3233 1789 τῶν
3274 1709 3638 1789 ,προφητῶνη
3692 1709 3820 1789 ἱστρ-

2270 1782 2395 1858 Βικῆ
2454 1777 2559 1858 κᾶἷ.
2594 1777 2969 1858 εὖαΠξλική,”
2998 1777 3059 1858 :tv
3113 1782 3159 1855 ᾤ
3212 1777 3501 1851 ἔκλεκτίκῆ
3557 1777 3641 1858 καὶ
3704 1777 3820 1835 συλ-

2271 1852 2587 1928 λ-ογιστική.
2659 1851 2792 1928 μἐρὶ
2854 1851 3187 1928 μεταθέσεως
3244 1923 3257 1928 Α
3288 1859 3390 1910 τοῦ
3457 1852 3817 1928 *κηρύγματος

2272 1921 2446 2004 εἷς’.τᾶ
2466 1921 2613 1997 ἓθν⁷η,
2655 1921 2906 2003 διωγμοῦ
2932 1946 2993 1981 τε
3031 1922 3208 1982 αὐτῶν
3240 1923 3355 1982 ἐκεῖ
3385 1925 3474 1982 καὶ
3505 1921 3725 2004 ἀφίξεως
3754 1921 3820 1985 εἷς

2270 1995 2515 2053 Ἰκόνιον.

2270 2125 2299 2155 ιι
2332 2102 2586 2164 Ἀναστὰς
2640 2100 2697 2158 δὲ
2755 2101 2972 2165 Παῦλος
3024 2104 3115 2159 καὶ
3173 2104 3496 2166 κατασείσας
3542 2106 3612 2178 τῇ
3669 2097 3819 2177 χειρὶ,

2200 2213 2229 2242 ιι
2261 2190 2425 2246 εἶπεν”
2457 2188 2679 2267 ’Ἄνδρες
2709 2191 3072 2266 Ἰσραηλῖται,
3122 2191 3212 2248 καὶ
3274 2193 3330 2247 οἱ
3363 2186 3693 2270 φοϐούμενοι
3739 2188 3819 2244 τὸν

2204 2301 2225 2331 ι
2261 2285 2410 2349 Θεόν,
2443 2279 2725 2337 ἀκούσατε.
2753 2282 2813 2337 Ὁ
2844 2281 2977 2343 Θεὸς
3008 2284 3106 2337 τοῦ
3137 2279 3274 2337 λαοῦ
3329 2282 3530 2336 τούτου
3573 2277 3818 2350 ἐξελέξατο

2198 2391 2227 2422 ιι
2266 2369 2392 2429 τοὺς
2421 2368 2656 2444 πατέρας
2683 2372 2868 2442 ἡμῶν,
2925 2369 3016 2425 καὶ
3066 2370 3158 2425 τὸν
3219 2368 3355 2425 λαὸν
3406 2367 3613 2444 ὕψωσεν
3665 2365 3712 2422 ἰν
3760 2366 3819 2438 τῇ

2197 2483 2225 2510 «ι
2260 2458 2517 2532 παροικίᾳ
2573 2458 2626 2514 ἐν
2825 2458 3107 2537 Αἰγύπτῳ.
3168 2457 3267 2514 Καὶ
3331 2458 3469 2532 μετὰ
3553 2455 3821 2533 βραχίονος

2198 2572 2227 2600 ι(
2262 2545 2481 2622 ὑψηλοῦ
2508 2548 2764 2625 ἐξήγαγεν
2793 2548 2992 2612 αὐτοὺς
3021 2548 3069 2619 ἐξ
3124 2547 3313 2617 αὐτῆς.
3382 2547 3482 2604 Καὶ
3539 2547 3610 2609 ὡς
3655 2563 3822 2601 una.

2200 2658 2227 2690 ι
2260 2637 2493 2710 ράκοντα
2523 2633 2613 2708 ἔτη
2644 2639 2847 2713 χρόνον
2907 2637 3353 2716 ἐτροποφόρησεν
3419 2636 3609 2699 αὐτοὺς
3666 2636 3714 2690 ἐν
3762 2635 3823 2707 τῇ

2198 2751 2227 2779 ιι
2255 2726 2466 2801 ἐρήμῳ.
2501 2727 2603 2784 Καὶ
2624 2726 2869 2784 καθελὼν
2900 2725 3023 2799 ἔθνη
3046 2729 3181 2784 ἑπτὰ
3212 2728 3262 2782 ὲν
3296 2733 3374 2805 γῇ
3409 2729 3641 2786 Χαναὰν.
3676 2752 3696 2781 ι

2270 2815 2529 2880 Ἐνταῦθα
2603 2821 2819 2891 πρῶτον
2903 2816 2956 2873 ἐν
3019 2817 3337 2892 Ἀντιοχείᾳ
3424 2825 3525 2887 τῆς
3600 2810 3827 2875 Πισιδίας

2196 2903 2454 2978 κηρύττει
2490 2903 2728 2968 Παῦλος.
2762 2906 2857 2969 Ei:
2887 2906 2982 2970 τὰς
3016 2907 3334 2982 συναγωγὰς
3373 2904 3432 2963 δὲ
3493 2904 3728 2982 εῗσῂεσαν
3780 2899 3825 2959 ἰν

2198 2997 2446 3069 σχήματι
2497 2992 2795 3063 Ἰουδαίων,
2856 2996 2995 3052 ὥστε
3046 2997 3121 3071 μὴ
3182 2994 3521 3065 ἐλαύνεσθαι,
3560 2994 3648 3052 καὶ
3701 2991 3828 3049 οὕτω

2195 3083 2258 3139 τὸ
2287 3088 2390 3139 πᾶν
2419 3085 2753 3160 κατώρθουν,
2784 3109 2811 3136 (ι
2862 3087 3028 3156 ’Έθνη
3085 3086 3240 3142 ἑπτάν
3310 3107 3338 3141 ι
3406 3085 3683 3152 Χεταίους,
3711 3086 3827 3156 Γερ-

2579 3177 2639 3233 ’Δ
2651 3174 2966 3252 μοῤῥαιους,
3049 3173 3386 3240 Χαναναίους
3398 3223 3411 3247 ,
3496 3173 3825 3251 Φερεζαίους,

2191 3261 2452 3335 Εὐαίους,
2483 3264 2571 3319 καὶ
2606 3258 2966 3325 Ἰεϐουσαίους

2270 3378 2297 3406 ι(
2331 3350 2881 3428 Κατεκληρονόμησεν
2942 3353 3129 3417 αὐτοῖς
3183 3355 3284 3424 τὴν
3344 3357 3451 3432 γῆν
3498 3354 3694 3412 αὐτῶν.
3728 3346 3821 3408 Καὶ

2200 3465 2227 3491 ιι
2264 3442 2398 3514 μετὰ
2426 3446 2594 3498 ταῦτα
2625 3441 2699 3503 ὡς
2729 3440 2867 3497 ἔτεσι
2904 3442 3285 3517 τετρακοσίοις
3329 3443 3426 3499 καὶ
3483 3442 3816 3513 πεντήκοντα,

2206 3551 2228 3580 π
2260 3525 2429 3586 ἔδωκε
2450 3531 2637 3606 κριτὰς
2657 3529 2763 3593 ἓως
2821 3532 3090 3605 Σαμουὴλ
3148 3535 3246 3588 τοῦ
3310 3528 3822 3611 προφήτου.ο1ἱᾶκεῖ·

2203 3644 2224 3672 ι
2260 3630 2346 3684 θεν
2377 3619 2651 3694 ᾐτήσαντο
2688 3619 2936 3696 βασιλέα,
2984 3621 3074 3676 καὶ
3131 3617 3328 3677 ἔδωκεν
3384 3621 3580 3684 xorois
3634 3620 3662 3676 6
3714 3615 3828 3675 Θεὸς

2199 3733 2227 3762 ιι
2258 3710 2349 3764 τὸν
2384 3707 2562 3765 Σαοὺλ
2591 3710 2707 3765 υἱὸν
2739 3710 2863 3779 Κὶς,
2890 3706 3057 3785 ἄνδρα
3104 3709 3164 3766 ἐκ
3220 3707 3399 3788 φυλῆς
3446 3709 3717 3784 Βενιαμὶν,
3745 3702 3829 3773 ἔτη

2202 3820 2231 3850 ιι
2258 3796 2673 3870 τεσσαράκοντα.
2709 3797 2812 3855 Καὶ
2876 3801 3216 3871 μεταστήσας
3271 3797 3442 3855 αὐτὸν
3494 3799 3696 3875 ἤγειρεν
3743 3791 3829 3848 αὖ·

2202 3909 2227 3941 ι
2269 3891 2385 3948 τοῖς
2413 3887 2503 3941 τὸν
2537 3884 2698 3942 Δαυΐδ
2730 3886 2806 3949 εἷς
2842 3886 3092 3962 βασιλέα,
3126 3886 3172 3960 ᾧ
3227 3886 3318 3942 καὶ
3385 3887 3514 3944 εἶπε
3571 3881 3828 3961 μαρτυρή-

2202 3999 2226 4030 «
2261 3997 2375 4041 σας.
2409 3976 2577 4053 Εὗρον
2609 3973 2770 4032 Δαυίδ
2801 3979 2890 4032 τὸν
2918 3980 3016 4032 τοῦ
3049 3975 3259 4046 Ἰεσσαὶ,
3316 3974 3494 4053 ἄνδρα
3549 3976 3682 4033 κατὰ
3738 3971 3829 4039 τὴν

2198 4090 2225 4119 ιι
2257 4064 2480 4141 καρδίαν
2516 4087 2643 4141 μου,
2678 4067 2738 4128 ὅς
2771 4068 2991 4136 ποιήσει
3039 4067 3210 4122 πάντα
3252 4065 3323 4121 τὰ
3373 4064 3659 4141 θελήματά
3712 4080 3825 4135 μου.

2198 4179 2226 4208 ιι
2259 4153 2468 4211 Τούτου
2499 4154 2526 4208 6
2559 4155 2687 4215 Θεὸς
2745 4152 2851 4209 ἀπὸ
2905 4157 3004 4209 τοῦ
3069 4154 3380 4228 σπέρματος
3439 4154 3561 4210 κατ’
3611 4151 3827 4223 ἐπαγγε-

2199 4267 2227 4296 ιι
2260 4243 2382 4298 λίαν
2410 4241 2587 4320 ἤγαγε
2623 4246 2703 4315 τῷ
2735 4240 2959 4318 Ἰσραὴλ
3014 4248 3247 4319 Σωτῆρα
3306 4243 3514 4315 Ἰησοῦ,
3565 4233 3825 4319 προκηρῦ-

2200 4355 2229 4385 ιι
2259 4334 2445 4405 ξαντος
2483 4332 2757 4391 Ἰωάννου.
2789 4353 2818 4383 ››

513 4511 777 4568 «Inveni
815 4508 1017 4575 David,
1076 4529 1105 4558 »
1164 4511 1272 4561 etc.
1334 4502 1769 4559 Advertendum
1815 4511 1905 4562 est
1962 4507 2089 4564 haec

2269 4534 2297 4562 α
2330 4510 2501 4586 Εὗρον
2558 4505 2747 4579 Δαυῒδ,
2783 4532 2811 4561 ι)
2858 4508 2950 4565 καὶ
3015 4509 3082 4565 τὰ
3138 4510 3283 4582 ἑξῆς.
3349 4503 3698 4585 Σημειωτὲον
3754 4501 3825 4565 ὡς

439 4602 617 4657 verba
648 4614 1028 4672 nequaquam
1060 4595 1266 4653 eadem
1298 4592 1627 4648 dictionum
1669 4594 1823 4650 serie
1880 4594 2086 4651 haberi

440 4692 505 4745 in
538 4691 690 4745 libro
722 4692 1057 4762 Regnorum
1093 4702 1105 4740 :
1138 4690 1241 4742 aut
1279 4683 1470 4739 solum
1527 4700 1561 4738 a
1618 4683 1888 4740 Samuele
1927 4685 2084 4742 dicta

444 4796 574 4837 esse
605 4778 677 4833 ad
700 4778 963 4833 Saulhoc
995 4775 1167 4832 modo
1193 4792 1247 4828 τις
1265 4775 1335 4829 Et
1349 4790 1506 4828 nunc
1524 4788 1771 4846 regnum
1786 4779 1951 4829 tuum
1968 4792 2085 4831 non

441 4865 863 4942 permanebit:
898 4870 957 4921 et
994 4869 1221 4936 quaeret
1277 4862 1563 4918 Dominus
1619 4860 1730 4916 sibi
1782 4863 2087 4919 hominem

442 4956 771 5014 secundum
802 4971 904 5010 cor
942 4971 1135 5016 suum,
1170 4960 1228 5008 et
1255 4951 1561 5025 praecipiet
1587 4949 1676 5005 illi
1709 4951 1995 5008 Dominus
2022 4960 2090 5011 ut

439 5047 695 5120 imperet
726 5061 903 5116 super
924 5042 1214 5115 populum
1246 5057 1417 5096 suum
1453 5056 1465 5095 :
1509 5039 1649 5111 quia
1679 5057 1799 5096 non
1845 5043 2086 5099 servasti

439 5151 809 5212 qumcunque
841 5132 1123 5207 prmcepit
1149 5130 1253 5185 tibi
1277 5130 1615 5184 Dominus”.
1638 5155 1657 5179 ι
1676 5131 1900 5187 Ethinc
1917 5148 2083 5188 assu-

435 5245 606 5284 mens
636 5225 855 5282 Paulus
886 5225 968 5279 ita
999 5221 1182 5278 dixit:
1218 5219 1415 5273 Inveni
1450 5218 1630 5273 David
1671 5220 1860 5276 filium
1903 5222 2083 5278 Jessas

431 5318 621 5372 virum
654 5315 984 5372 secundum
1018 5328 1120 5368 cor
1150 5325 1370 5375 meum,
1400 5308 1500 5379 qui
1526 5308 1702 5364 faciet
1735 5326 1944 5366 omnes
1973 5329 2081 5368 vo-

431 5405 691 5460 luntates
722 5421 900 5460 meas.
941 5425 968 5453 (ι
1002 5405 1151 5458 Ante
1184 5397 1395 5456 faciem
1425 5396 1703 5455 introitus
1736 5400 1885 5473 ejus.
1920 5424 1948 5451 ›.
1980 5403 2077 5458 In-

430 5495 675 5551 troitum
705 5500 873 5551 vocat
901 5490 1397 5550 incarnationem.

505 5703 528 5741 ’⁷
558 5705 584 5762 Ι
613 5704 772 5763 Patr.
805 5718 858 5773 v,
893 5702 980 5758 I3.
1013 5698 1082 5757 8I
1109 5698 1251 5774 Reg.
1281 5712 1399 5770 xm,
1437 5696 1523 5752 I3.

2198 4596 2442 4674 οὔδειμοῦ
2500 4598 2777 4671 αὐτολεξεὶ
2831 4604 3001 4656 ταῦτα
3050 4600 3119 4655 τὰ
3174 4600 3397 4675 ῥήματα
3442 4605 3616 4657 κεῖται
3645 4597 3696 4653 ἐν
3748 4595 3822 4663 τῷ

2200 4684 2382 4765 βίϐλῳ
2412 4694 2520 4745 τῶν
2552 4688 2877 4758 Βασιλειῶν,
2909 4690 2945 4760 ἢ
2988 4689 3154 4765 μόνον
3189 4695 3547 4768 προφητικῶς
3601 4686 3705 4743 ἀπὸ
3729 4684 3820 4739 τοῦ

2203 4777 2472 4853 Σαμουήλ
2504 4777 2763 4855 εἰρημένα
2799 4779 2936 4854 πρὸς
2989 4780 3081 4835 τὸν
3137 4767 3344 4850 Σαοὺλ,
3396 4780 3592 4842 οὓτως·
3654 4799 3681 4828 ‹‹
3727 4767 3822 4830 Καίἱ

2197 4873 2288 4924 νῦν
2318 4871 2353 4939 ἡ
2388 4867 2643 4944 βασιλεία
2697 4889 2793 4923 σου
2850 4868 2912 4925 οὐ
2960 4871 3236 4940 στήσεταιο
3295 4868 3387 4925 καὶ
3443 4869 3662 4940 ζητήσει
3718 4859 3822 4920 Κύ-

2197 4978 2315 5033 ριος
2344 4959 2517 5031 ἑαυτῷ
2548 4955 2827 5034 ἄνθρωπον
2885 4959 3023 5014 κατᾶ
3073 4964 3174 5029 τὴν
3233 4956 3460 5034 καρδίαν
3502 4957 3685 5025 αὐτοῦ,
3737 4945 3821 5006 καὶ

2195 5045 2487 5104 ἐντελεῖται
2528 5047 2728 5123 Κύριος
2782 5048 2932 5120 αὐτῷ
2985 5048 3061 5110 εἷς
3118 5046 3360 5124 ἂρχοντα
3418 5047 3504 5103 ἐπὶ
3554 5046 3645 5102 τὸν
3698 5038 3817 5098 λαὸν

2193 5138 2381 5206 αὐτοῦ,
2416 5137 2500 5193 ὅτι
2530 5136 2630 5193 οὐκ
2658 5135 2924 5216 ἐφύλαξας
2957 5137 3055 5194 ὅσα
3084 5135 3390 5193 ἐνετείλατό
3431 5158 3514 5193 σοι
3550 5134 3762 5208 Κύριος·
3790 5147 3817 5180 ³³

2194 5226 2298 5283 Καὶ
2357 5226 2590 5309 ἐντεῦθεν
2647 5228 2675 5282 6
2733 5227 2948 5290 Παῦλος
3019 5226 3197 5289 οὕτως
3256 5226 3464 5303 ε’ίρηκε,
3520 5224 3605 5293 τὸ,
3662 5217 3822 5293 Εὗρον

2192 5314 2353 5372 Δαυίδ
2384 5316 2475 5372 τὸν
2501 5320 2599 5371 τοῦ
2638 5316 2851 5387 Ἰεσσαὶ,
2884 5314 3053 5392 ἄνδρα
3105 5317 3245 5372 κατὰ
3298 5318 3396 5387 τήν
3427 5311 3644 5392 καρδίαν
3702 5326 3820 5381 μου,

2190 5404 2249 5467 ὅς
2281 5408 2500 5476 ποιήσει
2527 5406 2702 5462 πάντα
2731 5407 2797 5461 τὰ
2827 5405 3112 5478 θελήματά
3146 5426 3272 5480 μου.
3309 5430 3337 5460 ιι
3397 5407 3505 5483 ΙΙρὸ
3535 5398 3821 5483 προσώπω

2186 5503 2290 5567 τῆς
2322 5493 2536 5551 εἰσόδου
2566 5496 2732 5552 αὑτοῦ
2761 5517 2788 5550 ι
2828 5498 3111 5573 βάπτισμα
3144 5496 3425 5572 μετανοίας
3450 5482 3455 5483 ί
3479 5499 3555 5567 τῷ
3584 5482 3818 5567 Ἰσραήλ·

2188 5583 2420 5644 Εἴσοδον
2449 5586 2549 5658 τήν
2576 5587 2849 5662 σάρκωσιν
2882 5583 3052 5663 λέγει.
