4112 6250
246 388 352 450 205

323 546 347 570 (ι
379 527 463 581 Ὡς
632 521 914 594 ἐπλήρου

258 632 287 661 ι(
313 610 445 667 Τίνα
478 629 544 681 με
567 609 869 665 ὑπονοεῖτε
903 609 1054 663 εἶναι
1083 628 1098 678 ;
1134 608 1225 663 οὐκ
1271 607 1385 681 εἰμί
1443 606 1575 685 ἐγώ,
1609 606 1737 663 ἀλλ’
1794 602 1917 660 ἲὸοὺ

257 721 287 752 α
319 698 536 773 ἔρχεται
574 701 690 770 μετ’
722 697 852 770 ἐμὲ,
906 697 977 753 οὗ
1039 698 1130 753 οὐκ
1173 696 1283 770 ἐὶμὶ
1341 697 1489 767 ἄξιος
1545 697 1606 752 τὸ
1661 693 1918 768 ὑποδημα

254 793 424 841 «τῶν
485 787 669 841 ποδῶν
731 787 928 842 λῦσαι.
996 784 1213 859 ’Ἀνδρες
1270 783 1521 865 ἀδελφοὶ,
1573 784 1681 839 υἱοὶ
1728 786 1914 861 γὲνους

256 901 285 927 κ
322 871 595 949 Ἀϐραὰμ,
654 873 745 930 καὶ
806 876 863 929 οἱ
934 873 991 930 ἐν
1051 876 1171 946 ὑμῖν
1228 870 1562 954 φοϐούμενοι
1616 874 1707 929 τὸν
1762 873 1915 939 Θεὸν,

258 989 288 1019 κ
332 967 460 1037 ὑμῖν
492 966 518 1019 ὁ
549 964 720 1037 λόγος
760 970 865 1033 τῆς
929 964 1198 1037 σωτηρίας
1254 963 1457 1034 ταύτης
1513 960 1815 1032 ἀπεστάλη.
1848 962 1916 1018 Οἱ

257 1082 289 1111 κ
320 1057 425 1129 γὰρ
458 1058 837 1115 κατοικοῦντες
870 1053 925 1107 ὲν
978 1053 1362 1126 Ἰερουσαλήμ,
1419 1054 1508 1107 καὶ
1566 1054 1616 1108 οἱ
1649 1054 1914 1130 ἄρχοντες

258 1172 288 1199 ιι
322 1144 504 1199 αὐτῶν
560 1146 751 1198 τοῦτον
828 1143 1207 1216 ἀγνοήσαντες,
1268 1142 1357 1196 καὶ
1412 1142 1509 1203 τὰς
1566 1144 1748 1215 φωνὰς
1803 1146 1912 1196 τῶν

257 1237 642 1311 «προφητῶν,
691 1231 788 1293 τὰς
845 1232 985 1285 κατὰ
1040 1235 1145 1284 πᾶν
1215 1226 1493 1286 Σαϐϐαῖον
1551 1232 1913 1307 ἀναγινωσκο-

256 1350 287 1377 (ι
322 1330 514 1396 μένας,
546 1322 829 1393 κρίναντες
861 1318 1212 1393 ἐπλήρωσαν·
1254 1321 1344 1375 καὶ
1409 1318 1679 1392 μηδεμίαν
1737 1318 1912 1375 αἰτίαν

253 1436 283 1466 κ
316 1410 558 1465 θανάτου
616 1409 882 1483 εύροντες,
943 1410 1215 1483 ᾐτήσαντο
1275 1406 1513 1463 Πιλᾶτον
1569 1408 1915 1483 ἀναιρεθῆναι

245 1502 500 1559 «αὐτόν.
572 1502 663 1562 Ὡς
724 1498 784 1554 δὲ
868 1500 1116 1555 ἐτέλεσαν
1187 1502 1396 1556 ἅπαντα
1449 1502 1517 1556 τὰ
1566 1502 1689 1574 περῖ
1747 1500 1913 1555 αὐτοῦ

251 1617 277 1648 ι
305 1593 702 1671 γεγραμμένα,
734 1590 1052 1653 καθελόντες
1085 1591 1190 1645 ἀπὸ
1238 1596 1334 1647 τοῦ
1364 1592 1530 1663 ξύλου
1585 1588 1781 1662 ἔθηκαν
1836 1591 1914 1654 εἰς

246 1706 274 1738 ι
307 1687 616 1757 μνημεῖον.
656 1704 684 1731 ι)

315 1773 592 1840 Ἰωάννης
653 1774 947 1845 μαρτυρεῖ,
1036 1769 1143 1844 οὐχ
1223 1767 1437 1837 ἁπλῶς,
1497 1767 1642 1825 ἀλλὰ
1697 1768 1911 1824 πάντων

1256 385 1653 449 CONMENT.
1701 386 1785 447 IN
1833 385 2037 446 ACTA
2083 381 2693 446 APOSTOLORUM.

997 520 1228 589 Ἰωάννης
1301 521 1392 574 τὸν
1452 517 1681 594 δρόμον,
1740 516 1911 591 ἔλεγε

2102 519 2252 580 χιιι,
2281 520 2462 571 25-29.
2501 538 2527 565 ‹‹
2560 522 2636 571 At
2665 532 2799 571 cum
2828 518 3082 572 Joannes
3105 517 3381 589 impleret
3410 537 3670 588 cursum,

3557 387 3675 450 206

2026 629 2053 656 (ι
2088 606 2325 660 dicebat
2358 622 2371 659 :
2404 606 2589 670 Quem
2623 621 2713 660 me
2751 606 3125 661 arbitramini
3158 609 3331 663 esse?
3375 626 3495 665 non
3542 627 3673 668 sum

2028 716 2053 747 α
2087 711 2214 767 ego,
2244 695 2347 749 sed
2373 711 2505 750 ecce
2524 696 2685 749 venit
2711 702 2843 766 post
2866 713 2957 751 me
2981 697 3149 768 cujus
3169 714 3287 753 non
3305 716 3437 753 sum
3461 700 3673 773 dignus

2026 806 2054 833 ‹‹
2088 785 2309 840 soleam
2350 786 2567 857 pedum
2601 786 2843 841 solvere.
2882 787 2999 840 Viri
3032 787 3263 849 fratres.
3300 790 3405 844 ﬁlii
3437 793 3672 863 generis

2025 897 2053 924 «
2089 875 2404 939 Abraham,
2425 881 2484 930 et
2513 876 2613 945 qui
2644 876 2797 929 "8
2817 876 2972 931 inter
2992 894 3091 931 vos
3111 878 3321 933 timent
3343 880 3545 944 Deum,
3581 898 3672 936 vo-

2025 986 2052 1014 «
2083 964 2174 1018 bis
2206 964 2447 1019 verbum
2480 964 2691 1019 salutis
2720 965 2901 1035 hujus
2944 968 3195 1022 missum
3229 975 3334 1023 est.
3364 970 3470 1035 Qui
3504 971 3667 1027 enim

2023 1054 2349 1109 «habitant
2395 1055 2720 1109 Jerusalem
2775 1061 2832 1109 et
2888 1056 3189 1128 principes
3249 1075 3474 1124 eorum,
3534 1076 3669 1114 cum

2018 1145 2411 1217 «ignorarent
2433 1162 2586 1209 eum,
2620 1161 2911 1216 vocesque
2946 1147 3366 1218 prophetarum
3397 1166 3530 1220 quas
3558 1166 3667 1222 per

2028 1256 2047 1282 ι
2084 1250 2259 1289 omne
2293 1234 2603 1289 sabbatum
2641 1234 2943 1305 leguntur,
2978 1237 3371 1292 condemnato
3406 1254 3473 1293 eo
3506 1247 3670 1294 com-

2022 1344 2051 1373 ‹‹
2082 1322 2410 1393 pleverunt,
2440 1323 2724 1395 nullaque
2756 1324 2963 1379 mortis
2991 1341 3168 1380 causa
3206 1325 3444 1382 inventa
3474 1328 3667 1399 petie-

2027 1431 2048 1457 ι
2083 1418 2221 1467 runt
2252 1431 2286 1468 a
2308 1413 2500 1468 Pilato
2532 1419 2597 1468 ut
2628 1412 3089 1469 interimeretur.
3135 1417 3396 1487 Cumque
3427 1416 3665 1488 exples-

2023 1523 2051 1551 ‹‹
2084 1504 2428 1559 sentomnia
2455 1520 2584 1575 qua:
2607 1503 2678 1559 de
2702 1522 2769 1559 eo
2794 1506 3012 1576 scripta
3035 1506 3567 1578 erant,depositum
3593 1508 3664 1565 de

2024 1612 2051 1642 (ι
2081 1591 2241 1664 ligno
2273 1599 2601 1664 posuerunt
2632 1594 2693 1648 in
2726 1601 3135 1651 monumento.
3174 1618 3203 1647 »

2090 1772 2344 1826 Joannes
2373 1772 2782 1828 testimonium
2816 1773 3031 1840 reddit,
3066 1780 3186 1829 non
3209 1774 3429 1848 vulgari
3461 1775 3666 1845 modo,

242 1861 326 1916 ἐπ’
384 1860 560 1913 αὐτὸν
620 1858 861 1934 ἀγόντων
927 1859 1026 1926 τὴν
1081 1856 1236 1929 δόξαν
1269 1902 1283 1929 ,
1341 1858 1501 1922 αὐτὸς
1560 1858 1724 1926 αὐτὴν
1778 1858 1911 1912 ἀπο-

2029 1859 2125 1914 sed
2154 1860 2345 1930 ipsam
2380 1861 2631 1932 gloriam
2664 1879 2838 1932 quam
2874 1863 2945 1918 ad
2978 1863 3172 1935 ipsum
3206 1862 3548 1920 deferebant
3577 1882 3668 1920 re-

242 1954 521 2025 κρούεται.
571 1950 655 2008 Ού
688 1952 794 2025 γὰρ
854 1950 995 2004 ἐστιν
1054 1949 1164 2004 ἴσον
1226 1948 1459 2023 μηδενὸς
1519 1948 1763 2011 διδόντος
1822 1950 1910 2004 καὶ

248 2042 486 2099 πολλων
515 2041 883 2117 παρεχόντων
914 2042 1083 2112 τιμὴν
1117 2038 1446 2104 διωθεῖσθαι.
1476 2042 1545 2095 Τὸ
1588 2039 1665 2112 δὲ,
1701 2064 1727 2092 ιι
1758 2041 1912 2113 Ὑμῖν

260 2136 287 2189 ὁ
330 2132 523 2206 λόγος,
588 2155 621 2182 ›ι
656 2131 761 2198 τήν
823 2129 1088 2203 εὐγένειαν
1146 2127 1374 2185 δείκνυσι
1430 2134 1528 2200 τὴν
1592 2128 1913 2199 Ἰουδαϊκήν.

266 2220 504 2277 Πιλάτου
538 2219 597 2274 δὲ
624 2220 981 2291 μνημονεύει,
1033 2218 1121 2272 ἳνα
1176 2219 1439 2293 μειζόνως
1498 2223 1911 2294 κατηγορῶνται

270 2311 345 2372 ὡς
373 2308 521 2381 ἀνδρὶ
551 2306 879 2380 παραδόντεν
904 2305 1230 2386 ἀλλοφύλῳ.
1265 2310 1344 2365 Τὸ
1376 2305 1452 2379 δὲ,
1479 2332 1505 2359 (ι
1539 2309 1860 2378 ᾙτήσαντο,
1884 2329 1912 2357 ››

268 2400 430 2474 χάριν
464 2393 653 2453 ἔλαϐον
686 2443 701 2465 ,
738 2398 931 2475 φησὶν,
964 2397 1038 2458 ὡς
1073 2397 1277 2452 ἐκείνου
1338 2399 1413 2470 μή
1446 2397 1724 2458 Θέλοντος’
1761 2397 1790 2450 ’ὁ
1820 2395 1910 2449 καὶ

260 2488 463 2560 Πέτρος
516 2484 661 2559 λέγει
742 2487 1064 2561 σαφὲστροψ
1146 2485 1389 2542 Ἐκείνου
1436 2489 1714 2560 κρίναντος
1774 2484 1911 2538 ἀπο-

260 2574 276 2590 ε
306 2576 319 2594 ι

258 2598 418 2633 Αυειν.

315 2778 341 2808 ι
373 2755 427 2825 ὀ
452 2751 514 2809 δὲ
548 2753 688 2814 Θεὸς
751 2750 971 2827 ἤγειρεν
1027 2752 1190 2807 αὑτὸν
1248 2750 1307 2806 ἐκ
1363 2756 1586 2827 νεκρῶν,
1635 2753 1694 2814 ’ὸς
1750 2747 1905 2832 ὤφθη

249 2843 392 2899 «ἐπὶ
440 2843 665 2917 ἡμέρας
727 2840 957 2903 πλείους
1034 2846 1151 2903 τοῖς
1231 2838 1519 2897 συναϐὰσιν
1600 2841 1747 2913 αὐτῷ
1801 2842 1908 2896 ἀπὸ

247 2959 273 2987 ‹‹
304 2941 406 3003 τῆς
448 2932 769 2993 Γαλιλαίας
801 2930 880 2992 εἷς
938 2930 1328 3006 Ἰερουσαλὴμ.
1388 2934 1603 2995 Οἳτινές
1630 2933 1730 2988 εἰσι
1766 2935 1905 3005 μάρ-

238 3040 453 3099 ατυρες
480 3021 671 3077 αὐτοῦ
706 3020 847 3094 πρὸς
904 3021 996 3075 τὸν
1056 3019 1208 3078 λαὸν.
1261 3022 1364 3078 Καὶ
1422 3024 1584 3093 ἡμεῖς
1651 3022 1790 3094 ὑμᾶς
1820 3021 1908 3076 εὗ-

244 3112 721 3187 καγγελιζόμεθα
764 3111 864 3179 τήν
924 3110 1061 3185 πρὸς
1115 3110 1244 3173 τοὺς
1292 3112 1528 3185 πατὲρας
1581 3110 1908 3188 ἐπαγγελίαν

260 3225 286 3252 ιι
318 3200 646 3272 γενομένην,
700 3199 785 3253 ὅτι
815 3199 1018 3269 ταύτην
1081 3201 1109 3253 ὁ
1157 3201 1285 3263 Θεὸς
1339 3198 1737 3275 ἐκπεπλήρωκε
1790 3206 1906 3262 τοῖς

268 3311 293 3341 ι
326 3290 541 3349 τεκνοις
571 3288 744 3343 οὔτῶν
774 3290 932 3361 ἡμῖν.
966 3309 997 3343 n

347 3373 722 3431 Οὗδὶνατοπον
762 3379 824 3433 τὸ
874 3380 969 3433 τὸν
1031 3379 1240 3449 Ἰησοῦν
1301 3378 1592 3455 ἐγηγέρθαι
1653 3379 1755 3434 ὑπὸ
1810 3384 1907 3435 τοῦ

273 3468 406 3519 Θεοῦ
439 3462 703 3539 λέγεσθαι.
736 3466 789 3523 Εἰ
820 3468 929 3542 γὰρ
985 3468 1194 3537 Ἱησοῦς
1245 3469 1346 3523 οὐκ
1400 3466 1570 3531 ἄλλος
1626 3467 1767 3524 ἐστὶν
1811 3470 1847 3538 ἢ
1880 3471 1907 3524 ὁ

266 3555 441 3629 Λόγος
493 3556 520 3608 ὁ
581 3558 899 3630 σαρκωθεὶς,
958 3556 1117 3618 οὗτος
1180 3554 1235 3611 δὲ
1289 3555 1429 3612 ἐστιν
1461 3560 1496 3627 ἡ
1532 3555 1757 3631 δύναμις
1812 3563 1908 3614 τοῦ

268 3645 499 3715 Πατρός,
560 3642 633 3698 δι’
691 3644 753 3700 οὗ
808 3646 984 3701 πάντα
1042 3644 1269 3721 ἐνεργεῖ,
1323 3648 1457 3701 κατὰ
1513 3648 1618 3715 τὸ,
1678 3650 1909 3721 Χριστὸς

265 3740 393 3789 Θεοῦ
424 3734 869 3810 δύναμις,αὐτὸς
929 3738 1115 3792 ἑαυτὸν
1173 3738 1504 3795 ἀνεπακὲναι
1558 3742 1905 3811 νοηθήσεται,

263 3823 758 3901 καίτοεὲγηγέρθαι
794 3824 1093 3900 λεγόμενος
1146 3826 1248 3882 ὑπὸ
1304 3832 1398 3883 τοῦ
1458 3831 1687 3899 Ματρὸς,
1748 3828 1910 3906 ἐφ’ὃν

260 3914 327 3974 ὡς
382 3916 562 3989 ἀρχήν
624 3914 716 3968 καὶ
778 3914 949 3969 αἰτίαν
1008 3914 1243 3990 άχρονον
1300 3917 1504 3971 ἅπαντα
1571 3916 1908 3996 ἀναφέρεται.

249 4003 393 4058 Ἐπεέ
454 4005 549 4057 καὶ
613 4002 779 4066 αὐτός
834 4024 989 4073 φησι·
1062 4030 1090 4055 ‹‹
1130 4003 1338 4060 Λύσατε
1391 4006 1484 4060 τὸν
1527 4006 1649 4061 ναὸν
1692 4012 1884 4062 τοῦτον

248 4094 333 4145 καὶ
364 4091 419 4147 ἐν
454 4092 642 4166 τρισὶν
677 4092 911 4166 ἡμέραις
937 4092 1109 4169 ἐγερῶ
1139 4092 1317 4151 αὐτόν.
1349 4118 1377 4146 ››

306 4297 334 4322 (ι
400 4273 734 4340 ’ναστήσας
799 4273 1028 4341 Ἰησοῦν,
1089 4272 1162 4333 ὡς
1217 4272 1308 4327 καὶ
1365 4272 1417 4327 ἐν
1474 4278 1552 4346 τῷ
1575 4272 1782 4348 ψαλμῷ
1832 4279 1910 4347 τῷ

246 4386 273 4413 α
306 4364 526 4436 πρώτῳ
557 4362 879 4437 γὲγραπται.
931 4362 1055 4425 Υἱός
1090 4385 1195 4437 μου
1251 4365 1303 4420 εἴ
1353 4366 1440 4433 σὺ,
1499 4363 1610 4441 ἐγὼ
1668 4365 1908 4443 σῄμερον

247 4476 273 4503 ιτ
306 4451 624 4527 γεγέννηκὰ
656 4471 733 4508 σε.
765 4475 793 4502 ››

318 4539 555 4610 Ἐπειδὴ
590 4541 656 4596 τὸ
710 4543 917 4611 Ἰησοῦς
942 4538 1117 4617 ὄνομα
1176 4542 1262 4599 ἐπὶ
1316 4548 1413 4599 τοῦ
1465 4546 1751 4619 ἀνθρώπου
1812 4566 1905 4600 κα-

2022 1947 2275 2019 pellens.
2310 1951 2508 2019 Neque
2540 1951 2699 2005 enim
2728 1952 2955 2022 requale
2987 1959 3075 2008 est
3113 1953 3360 2025 gloriam
3416 1953 3665 2025 rejicere

2022 2053 2155 2091 cum
2177 2037 2340 2093 illam
2374 2039 2575 2095 nullus
2604 2041 2795 2108 oil‘ert,
2822 2048 2878 2095 et
2907 2059 3041 2097 cum
3071 2042 3341 2114 plerique
3374 2042 3664 2100 tribuunt.

2020 2128 2167 2183 Cum
2199 2135 2395 2183 autem
2426 2129 2588 2196 dicit,
2645 2154 2672 2180 «
2708 2131 2883 2186 Vobis
2933 2132 3197 2203 verbum,
3258 2140 3315 2187 et
3368 2141 3599 2197 caetera,
3636 2156 3662 2183 ι)

2019 2219 2479 2288 generositatem
2511 2220 2773 2275 ostendit
2792 2221 3149 2279 Judmorum.
3186 2223 3511 2278 Pilativero
3548 2240 3667 2279 me-

2022 2306 2216 2372 minit,
2250 2313 2313 2360 ut
2344 2309 2537 2363 acrius
2571 2326 2668 2363 eos
2714 2317 3004 2381 argueret,
3067 2317 3129 2365 ut
3176 2313 3275 2381 qui
3335 2313 3455 2366 viro
3488 2298 3668 2367 tradi-

2022 2393 2217 2449 derint
2246 2396 2615 2468 alienigenm.
2651 2400 2719 2452 Et
2760 2399 2917 2468 quod
2966 2400 3150 2465 addit,
3218 2424 3237 2449 ι
3274 2402 3601 2469 Petierunt,
3632 2419 3659 2452 ι

2020 2486 2251 2549 Munus,
2298 2486 2511 2556 inquit,
2572 2493 2928 2558 acceperunt
2986 2488 3153 2559 quasi
3213 2488 3315 2543 illo
3374 2489 3665 2545 nolente:

2019 2573 2177 2643 quod
2233 2575 2495 2646 apertius
2543 2576 2683 2631 dicit
2717 2578 2965 2631 Petrus:
3007 2578 3151 2632 Cum
3199 2576 3301 2632 ille
3350 2576 3665 2633 absolven—

2018 2662 2159 2718 dum
2179 2664 2530 2735 judicasset.

2087 2754 2239 2821 XIII,
2275 2756 2341 2808 30
2399 2756 2486 2810 33.
2530 2776 2557 2805 ‹‹
2617 2757 2768 2810 Deus
2821 2761 3019 2811 autem
3078 2757 3348 2811 excitavit
3407 2756 3666 2828 ipsuma

2017 2865 2043 2892 «
2080 2844 2350 2909 mortuis,
2377 2846 2476 2915 qui
2508 2846 2782 2917 apparuit
2824 2862 2931 2917 per
2987 2847 3111 2901 dies
3171 2848 3390 2902 multos
3439 2847 3531 2901 his
3562 2847 3662 2919 qui

2022 2954 2043 2983 ι
2075 2949 2195 2988 una
2224 2951 2357 2989 cum
2390 2951 2457 2988 eo
2477 2935 2867 2990 ascenderant
2898 2936 3659 3007 aGalilaanerosolymam:

2018 3044 2045 3071 ‹‹
2078 3023 2179 3092 qui
2211 3028 2392 3077 testes
2415 3024 2543 3095 ejus
2567 3025 2650 3078 rei
2679 3031 2817 3079 sunt
2847 3041 3045 3079 coram
3071 3025 3310 3096 populo.
3342 3027 3410 3080 Et
3438 3042 3547 3079 nos
3569 3041 3660 3079 νος

2017 3132 2043 3159 ‹‹
2076 3110 2168 3165 bis
2198 3113 2622 3167 annuntiamus
2654 3113 2813 3183 quod
2845 3130 2975 3168 eam
3007 3130 3137 3184 quae
3182 3112 3253 3167 ad
3286 3115 3489 3169 Patres
3521 3114 3665 3168 ηοε-

2022 3226 2050 3256 ‹‹
2083 3210 2203 3258 tros
2235 3202 2389 3257 facta
2418 3210 2507 3258 est
2536 3203 3083 3274 repromissionem,
3115 3203 3271 3259 Deus
3303 3203 3663 3275 adimpleve—

2022 3317 2049 3344 «
2085 3293 2160 3347 rit
2182 3292 2354 3347 nobis
2384 3292 2520 3347 filiis
2552 3292 2813 3347 illorum.
2852 3315 2879 3342 ››

2088 3382 2250 3437 Nihil
2291 3381 2613 3436 absurdum
2673 3388 2760 3437 est
2809 3381 2965 3453 quod
3009 3383 3177 3437 Jesus
3228 3382 3461 3438 dicatur
3488 3382 3659 3437 aDeo

2018 3471 2326 3527 excitatus.
2387 3472 2687 3542 Siquidem
2743 3473 2910 3527 Jesus
2958 3474 3086 3527 non
3137 3471 3287 3527 alius
3332 3478 3421 3526 est
3484 3486 3662 3543 quam

2018 3560 2273 3616 Verbum
2304 3562 2679 3617 incarnatum
2713 3577 2725 3616 :
2755 3561 2867 3616 hoc
2897 3567 3095 3616 autem
3137 3568 3225 3616 est
3257 3562 3521 3633 potentia
3550 3563 3661 3617 Pa-

2015 3652 2145 3710 tris.
2174 3668 2278 3722 per
2318 3652 2474 3723 quod
2505 3652 2708 3707 omnia
2736 3651 2890 3707 facta
2921 3658 3096 3707 sunt:
3142 3651 3467 3707 secundum
3501 3651 3660 3721 quod

2017 3743 2283 3798 Christus
2312 3744 2410 3813 qui
2430 3742 2808 3814 Deipotentia
2834 3743 3062 3813 estipse
3078 3743 3339 3813 seipsum
3368 3742 3654 3796 excitasse

2018 3831 2389 3901 intelligitur.
2429 3837 2491 3885 Et
2522 3832 2762 3902 quidem
2794 3831 2844 3886 is
2875 3831 3091 3886 dicitur
3147 3832 3432 3885 excitatus
3466 3846 3593 3884 esse
3626 3846 3660 3885 ο.

2019 3922 2209 3982 Patre,
2236 3921 2308 3974 ad
2333 3937 2507 3990 quem
2530 3927 2594 3975 ut
2612 3919 2685 3975 ad
2704 3920 3062 3990 principium
3082 3936 3438 3989 causamque
3458 3919 3670 3974 intem-

2021 4009 2285 4081 poralem
2319 4010 2518 4062 omnia
2550 4009 2924 4062 referuntur:
2959 4008 3241 4077 quoniam
3272 4008 3399 4078 ipse
3431 4024 3669 4079 quoque

2023 4099 2143 4154 ait:
2176 4122 2202 4148 «
2236 4097 2450 4151 Solvite
2488 4096 2779 4168 templum
2812 4098 2942 4165 hoc,
2976 4103 3032 4151 et
3086 4098 3147 4151 in
3208 4097 3401 4153 tribus
3458 4097 3668 4153 diebus

2027 4187 2295 4242 excitabo
2328 4186 2476 4241 illud
2505 4186 2546 4241 9.
2584 4208 2611 4235 »

2092 4300 2120 4326 ‹‹
2147 4276 2514 4331 Resuscitato
2546 4276 2683 4330 Jesu
2706 4273 2857 4329 sicut
2884 4274 2946 4328 in
2977 4272 3213 4329 Psalmo
3273 4274 3465 4345 primo
3531 4274 3673 4328 scri-

2021 4385 2048 4413 «
2083 4368 2251 4434 ptum
2296 4368 2421 4417 est:
2478 4362 2659 4418 Filius
2710 4378 2877 4417 meus
2908 4378 2969 4417 es
2996 4365 3083 4429 tu,
3133 4378 3237 4434 ego
3286 4361 3464 4417 hodie
3495 4362 3672 4434 genui

2020 4459 2098 4508 te.
2140 4476 2160 4502 ι

2090 4543 2379 4607 Quoniam
2412 4560 2631 4598 nomen
2656 4545 2807 4599 Jesus
2839 4543 3113 4599 nonnulli
3147 4543 3218 4598 de
3249 4542 3494 4598 homine
3517 4541 3672 4597 male

239 4634 359 4691 κῶς
390 4624 812 4702 ἐπιλαμϐάνουσί
851 4652 1010 4703 τινες,
1062 4632 1153 4687 καὶ
1212 4628 1508 4707 προλαϐὼν
1542 4635 1679 4706 εἶπε,
1740 4637 1911 4690 τεθεῖ-

2029 4633 2338 4704 accipiunt,
2373 4639 2430 4689 et
2460 4634 2825 4704 prmmiserat
2858 4634 3017 4704 quod
3057 4632 3367 4705 posueridt
3417 4629 3672 4687 Verbum

237 4730 370 4782 σθαι
404 4720 501 4774 τὸν
564 4719 741 4793 Λόγον
799 4718 850 4774 ἐν
905 4720 1180 4795 μνημείῳ,
1238 4723 1323 4776 ἳνα
1377 4725 1453 4796 μὴ
1510 4745 1594 4785 τις
1655 4718 1911 4798 ὑπολάϐῃ

238 4807 492 4882 ἔπαρχον
556 4807 717 4862 αὑτὸν
778 4805 1048 4882 εἰρηκέναι
1131 4811 1224 4866 τὸν
1281 4810 1483 4887 Λόγον,
1533 4811 1698 4867 πάλιν
1756 4811 1915 4867 αὐτὸν

241 4896 473 4965 Ἰησοῦν
508 4901 694 4962 καλεῖ,
729 4894 971 4969 οὐδαμοῦ
1010 4895 1268 4971 διαίρεσιν
1329 4896 1512 4962 διδοὺς
1569 4904 1646 4971 τῷ
1704 4920 1916 4975 σαρκω-

248 4988 396 5047 θὲντι
441 4985 614 5059 Λόγῳ
650 4986 782 5057 μετὰ
810 4988 909 5056 τήν
948 4984 1159 5058 ἕνωσιν,
1211 4994 1495 5065 πανταχοῦ
1544 4994 1652 5044 τῶν
1712 4986 1919 5045 ἀσεϐῶν

246 5074 573 5152 ἑμςωράττον
616 5076 683 5130 τὰ
733 5077 992 5149 στόματα.
1046 5103 1072 5130 ‹‹
1110 5078 1230 5139 Υἱός
1294 5100 1397 5152 μου
1456 5068 1506 5133 εἴ
1563 5080 1645 5137 σὺ.
1686 5104 1714 5130 ››
1744 5084 1918 5135 Ταῦτα

240 5164 305 5220 ἐκ
336 5172 438 5221 τοῦ
465 5163 695 5237 καὶ.μοῦ
757 5170 825 5239 τῇ
886 5167 1295 5241 ἐνανθρωπήσει
1347 5172 1443 5224 τοῦ
1498 5170 1734 5243 Χριστοῦ
1786 5167 1917 5245 πρὲ-

245 5275 337 5309 πει
370 5258 437 5311 τε
472 5258 726 5331 ρήματα,
758 5254 878 5325 ἥτις
929 5258 1197 5335 χρονικὴν
1228 5257 1344 5332 εἶχε
1394 5259 1493 5325 τήν
1548 5257 1915 5332 ἐπιφοίτησιν.

250 5344 330 5401 Τὸ
364 5348 499 5421 γὰρ,
556 5348 819 5417 Σήμερον
877 5350 968 5402 καὶ
1027 5344 1255 5422 Αὔριον,
1310 5350 1534 5421 ἡμερῶν
1589 5347 1701 5404 ἐστι
1749 5370 1919 5424 παρα-

245 5436 526 5493 στατικόν.
562 5433 739 5499 Οὗτος
780 5434 837 5492 δὲ
889 5436 1024 5501 καθὸ
1076 5438 1280 5511 Λόγος,
1338 5438 1591 5512 ἀχρόνως
1639 5439 1785 5513 παρὰ
1814 5445 1913 5495 τοῦ

244 5526 466 5601 Πατρὸς
497 5526 763 5585 τίκτεται.

326 5709 353 5745 ⁸
376 5709 547 5767 Joan.
573 5726 633 5781 ιι,
667 5711 755 5767 19.

2029 4721 2088 4777 in
2118 4729 2527 4790 monumento,
2560 4739 2797 4777 rursum
2852 4739 2926 4778 ne
2958 4723 3091 4794 quis
3151 4723 3484 4795 suspicetur
3516 4724 3673 4778 114

2028 4810 2222 4880 ipsum
2248 4812 2464 4866 dixisse
2500 4811 2751 4866 Verbum
2779 4811 2907 4865 sine
2939 4828 3135 4875 carne,
3172 4818 3339 4867 vocat
3367 4812 3559 4884 ipsum
3588 4813 3674 4868 Je.

2029 4916 2158 4957 sum
2188 4917 2199 4954 :
2225 4917 2529 4970 nunquam
2563 4900 2749 4953 Verbo
2790 4898 3095 4955 incarnato
3126 4901 3448 4957 admittens
3501 4916 3675 4972 sepa-

2028 4991 2321 5046 rationem
2354 4995 2486 5060 post
2516 4988 2731 5043 factam
2763 4990 2951 5044 semel
2980 4990 3286 5055 unionem,
3318 4991 3540 5057 ubique
3569 4990 3676 5043 im-

2028 5081 2261 5151 piorum
2310 5079 2593 5133 obturans
2623 5095 2745 5132 ora.
2807 5100 2831 5128 ιι
2864 5079 3042 5133 Filius
3073 5096 3241 5135 meus
3274 5098 3335 5134 es
3378 5086 3461 5137 tu,
3498 5076 3673 5131 hodie

2027 5169 2201 5241 genui
2230 5175 2304 5221 te.
2341 5189 2368 5216 »
2404 5167 2536 5221 Haec
2566 5167 2777 5237 psalmi
2812 5169 2986 5222 verba
3017 5169 3231 5223 Christi
3264 5165 3667 5222 incarnationi

2028 5264 2327 5330 aptantur,
2362 5273 2491 5326 quae
2541 5257 2931 5327 temporalem
2982 5256 3188 5311 habuit
3246 5254 3672 5311 accessionem.

2029 5347 2330 5418 Siquidem
2386 5345 2565 5399 Hodie
2633 5351 2689 5399 et
2737 5347 2874 5400 Cras
2921 5346 3152 5400 dierum
3210 5344 3676 5401 demonstrativa

2030 5444 2185 5494 sunt.
2220 5440 2399 5492 Porro
2434 5442 2725 5506 quatenus
2756 5436 2852 5491 hic
2884 5442 2973 5491 est
3006 5436 3259 5491 Verbum
3318 5435 3677 5508 intempora-

2028 5527 2165 5583 liter
2200 5544 2236 5583 a
2264 5529 2436 5583 Patre
2468 5530 2804 5598 generatur.
