4112 6250
492 359 609 422 907

493 609 520 637 ‹‹
557 586 828 642 mortuis.
855 587 980 657 jam
1015 603 1136 641 non
1167 586 1423 657 amplius
1446 601 1812 640 reversurum
1849 585 1910 638 in
1940 600 2140 639 corru-

507 695 528 724 ι
569 673 858 744 ptionem.
921 675 1003 728 ila
1061 673 1256 728 dixit:
1317 673 1476 727 Dabo
1507 671 1674 726 vobis
1707 677 1910 726 sancta
1970 670 2148 727 David

495 787 523 813 ‹‹
567 764 785 819 ﬁdelia.
821 764 956 819 ldeo
988 780 1224 835 quoque
1286 764 1401 818 alio
1463 763 1524 818 in
1584 762 1711 817 loco
1771 762 1956 816 dicit:
2017 763 2144 816 Non

478 877 523 932 ,α
562 853 853 910 concedes
881 859 945 907 ut
974 859 1216 908 sanctus
1248 859 1383 908 tuus
1417 852 1652 907 videbat
1681 852 2144 922 corruptionem.

496 944 742 998 «David
828 943 1123 1013 siquidem
1173 943 1271 998 ubi
1349 959 1455 998 sua
1531 947 1701 996 aetate
1773 941 2147 1008 deservisset,

501 1035 816 1089 «consilio
850 1034 950 1088 Dei
993 1032 1273 1088 dormivit
1330 1039 1388 1087 et
1435 1032 1741 1103 appositus
1800 1036 1890 1085 est
1943 1029 2016 1085 ad
2047 1046 2150 1101 pa-

484 1145 525 1189 ,‹‹
560 1129 680 1178 tres
711 1140 850 1178 suos
881 1122 1139 1192 viditque
1171 1121 1609 1192 corruptionem
1635 1135 1649 1175 :
1679 1119 1941 1174 isautem
1973 1134 2151 1189 quem

503 1230 532 1258 ‹‹
556 1209 710 1263 Deus
743 1208 1017 1263 excitavit
1044 1225 1163 1261 non
1195 1207 1339 1261 vidit
1363 1207 1824 1278 corruptionem.
1861 1228 1889 1255 ››

490 1368 500 1378 ⁸
571 1295 1010 1351 Advertendum
1065 1301 1155 1350 est
1237 1296 1414 1367 igitur
1484 1294 1641 1366 quod
1697 1311 1819 1349 non
1881 1297 2154 1364 oporteat

493 1387 770 1465 rconliteri
805 1403 1018 1457 corpus
1049 1385 1368 1440 Salvatoris
1389 1401 1457 1440 ac
1481 1385 1580 1439 Dei
1614 1383 1801 1439 nostri
1830 1384 1967 1438 Jesu
1993 1381 2155 1436 Chri-

503 1478 577 1531 sti
605 1477 784 1532 fuisse
819 1477 1065 1531 mortale
1099 1483 1231 1547 post
1268 1477 1768 1531 resurrectionem
1812 1479 1914 1529 aut
1961 1473 2149 1544 passi-

504 1565 642 1634 bile,
676 1583 868 1636 neque
899 1572 1037 1620 ante
1070 1566 1568 1620 resurrectionem
1618 1562 2009 1635 impassibile,
2042 1562 2154 1616 hoc

504 1662 593 1710 est
623 1656 1070 1727 incorruptibile
1101 1661 1159 1710 et
1189 1655 1544 1710 immortale.
1580 1656 1722 1708 Nam
1756 1651 2155 1722 incorruptio-

507 1762 643 1801 nem
690 1745 1017 1800 secundum
1075 1745 1133 1798 id
1190 1746 1637 1816 provenientem
1699 1741 1855 1813 quod
1912 1745 2152 1813 peccato

495 1853 628 1912 [non
661 1843 752 1891 est
779 1836 1125 1904 obnoxium,
1167 1834 1554 1889 manifestum
1612 1838 1702 1888 est
1731 1831 1889 1902 quod
1920 1831 1992 1886 ab
2023 1830 2152 1901 ipso
2186 1874 2232 1937 Β

509 1925 941 1981 incarnationis
973 1929 1237 1995 tempore
1269 1922 1560 1977 habuerit.

579 2019 728 2072 XIII.
760 2018 847 2083 38,
881 2018 967 2070 39.
1015 2037 1043 2064 ‹‹
1079 2017 1289 2069 Notum
1340 2014 1519 2084 igitur
1568 2012 1726 2066 vobis
1757 2012 1853 2079 sit,
1888 2010 1994 2065 viri
2024 2008 2150 2062 fra-

503 2093 538 2157 '«
573 2112 716 2172 tres,
748 2104 906 2175 quod
936 2121 1041 2176 per
1078 2104 1236 2158 hunc
1265 2102 1533 2156 remissio
1565 2105 1943 2172 peccatorum
1988 2096 2154 2152 vobis

501 2215 541 2270 ,α
574 2192 984 2258 annuntiatur,
1018 2197 1076 2245 et
1103 2191 1174 2245 ab
1233 2189 1510 2244 omnibus
1542 2205 1575 2244 a
1605 2189 1820 2259 quibus
1880 2205 1999 2243 non
2051 2205 2154 2260 po-

502 2308 537 2357 μ
573 2284 768 2338 tuistis
790 2299 895 2354 per
924 2282 1112 2353 legem
1146 2281 1286 2335 Mosi
1311 2280 1648 2352 justiﬁcari,
1675 2295 1781 2351 per
1813 2280 1968 2335 hunc
1992 2279 2152 2350 quis-

511 2395 539 2423 ‹‹
574 2373 708 2444 quis
739 2371 928 2426 credit
949 2369 1335 2442 justiﬁcatur.
1372 2391 1400 2416 ››

505 2515 520 2525 ,
578 2465 769 2528 Quare
801 2461 1209 2516 testimonium
1237 2475 1358 2513 non
1387 2458 1662 2530 adjunxit
1683 2474 1799 2528 quo
1832 2455 2154 2530 persuade-

505 2541 669 2626 :retur
705 2569 811 2624 per
850 2553 1007 2605 hunc
1064 2549 1191 2604 ﬁeri
1248 2549 1664 2603 remissionem
1724 2554 2103 2618 peccatorum
2133 2545 2161 2599 ?

512 2642 660 2708 Quia
688 2642 798 2695 hoc
829 2640 881 2694 ei
914 2638 1108 2692 studio
1169 2644 1295 2692 erat
1329 2637 1568 2691 tandem
1623 2635 1939 2689 ostendere
2001 2633 2160 2706 quod

514 2730 1123 2797 resurrexisset:quo
1153 2725 1290 2780 dato
1349 2725 1500 2780 illud
1558 2725 1957 2778 indubitatum
2013 2727 2157 2777 erat.

517 2821 636 2875 Hoc
668 2817 887 2872 etenim
914 2816 1111 2887 magni
1164 2814 1423 2884 stuporis
1455 2819 1600 2880 erat,
1634 2812 1931 2883 quomodo
1981 2811 2162 2867 Israel

519 2907 619 2978 qui
661 2905 818 2960 filius
850 2903 1278 2976 primogenitus
1309 2909 1456 2969 erat,
1507 2908 1750 2974 propter
1781 2917 1956 2971 quem
1988 2901 2166 2972 periit

515 2999 813 3075 ﬂﬂgyptus,
841 2995 1101 3048 inimicis
1129 2993 1471 3064 Babyloniis
1497 2992 1747 3048 traditus
1770 2998 1926 3046 esset
1949 2992 2011 3045 in
2042 2990 2162 3063 gla-

513 3087 616 3161 _dio
649 3093 707 3141 et
736 3085 1072 3158 captivitate
1090 3100 1158 3140 ac
1185 3083 1484 3138 servitute.

586 3273 739 3338 XIII,
773 3273 962 3327 40-42.
995 3294 1017 3320 ο
1058 3270 1263 3324 Videte
1295 3285 1432 3341 ergo
1464 3285 1538 3324 ne
1582 3269 1960 3340 superveniat
1999 3266 2162 3323 vobis
2194 3233 2238 3302 θ

521 3386 542 3414 ι
581 3361 739 3434 quod
761 3361 986 3416 dictum
1011 3365 1099 3415 est
1124 3359 1185 3413 in
1204 3359 1529 3430 prophetis.
1561 3358 1763 3413 Videte
1793 3361 2165 3428 contempto-

522 3475 550 3502 ι(
583 3467 678 3505 res
736 3455 795 3504 et
852 3449 1229 3504 admiramini
1297 3464 1365 3502 ac
1425 3448 1780 3515 evanescite,
1823 3447 1966 3517 quia
2017 3462 2166 3516 opus

525 3561 550 3608 μ
583 3555 795 3611 operor
816 3554 920 3610 ego
948 3539 1010 3592 in
1033 3537 1241 3592 diebus
1263 3537 1488 3597 vestris.
1519 3534 1675 3606 quod
1698 3551 1819 3590 non
1842 3535 2097 3590 credetis
2119 3533 2169 3588 si

527 3654 555 3682 ‹‹
590 3630 722 3701 quis
745 3629 1110 3685 enarraverit
1139 3627 1288 3682 115
1322 3627 1505 3682 vobis.
1540 3627 1684 3680 Cum
1707 3634 1905 3682 autem
1951 3624 2170 3698 egressi

527 3746 555 3778 ‹‹
588 3728 790 3778 essent
815 3737 844 3776 e
875 3737 1167 3793 synagoga
1222 3719 1581 3784 Iudaeorum,
1643 3718 1931 3789 rogabant
1967 3723 2173 3789 gentes

530 3837 557 3866 ‹‹
582 3817 648 3868 ut
679 3811 950 3883 sequenti
984 3809 1226 3865 sabbato
1251 3809 1637 3878 loquerentur
1659 3807 1768 3862 sibi
1802 3805 1998 3862 verba.
2035 3828 2063 3856 ›ι

601 3993 708 4048 Ubi
767 3990 1084 4045 clamasset
1163 3987 1454 4058 propheta
1539 3985 1809 4040 Habacuc
1894 3984 2174 4040 adversus

528 4083 819 4154 injustum
850 4078 1144 4151 judicium
1199 4083 1256 4131 et
1316 4075 1562 4129 nimiam
1617 4075 1716 4128 Dei
1768 4073 2170 4140 tolerantiam,

527 4189 595 4228 ac
627 4171 874 4227 dixisset
906 4185 918 4224 :
953 4183 1135 4240 quare
1179 4165 1572 4222 ostenderunt
1630 4165 1776 4218 mihi
1836 4164 2073 4218 labores
2104 4179 2172 4218 ac

520 4260 830 4322 molestias
858 4257 1189 4329 ‘iquoniam
1247 4256 1467 4310 factum
1499 4259 1589 4308 est
1637 4260 1842 4308 contra
1877 4271 1972 4308 me
2008 4252 2172 4324 judi-

523 4352 704 4417 cium,
725 4347 982 4421 etjudex
1003 4346 1236 4417 accipit,
1263 4351 1321 4400 et
1337 4344 1556 4414 impius
1575 4349 1632 4397 et
1648 4345 2172 4414 upprimitjustum

525 4459 635 4497 nec
657 4437 1072 4512 perduciturin
1088 4436 1270 4488 ﬁnem
1302 4450 1368 4487 ac
1401 4431 2168 4502 perfectionemjudicium:

522 4529 844 4601 respondet
871 4532 1041 4590 Deus,
1074 4522 1296 4594 iniquis
1326 4522 1554 4575 futuras
1601 4521 1968 4575 calamitates
2020 4536 2174 4590 pras-

1451 428 1458 434 _
1577 359 1990 423 (ECUMENII
2038 360 2338 422 TRIOCAE
2385 359 2757 424 EFISCOPI.

559 492 712 560 XIII,
753 496 944 553 34-37.
1004 495 1232 561 «Quod
1290 500 1490 550 autem
1551 495 1854 550 suscitavit
1914 509 2047 548 eum
2106 511 2141 549 a
2170 496 2224 561 Α

3747 367 3845 426 ιοι

2307 496 2428 548 Ὅτι
2513 490 2571 548 δὲ
2650 491 2938 563 ἀνεστησεν
3018 493 3179 548 αὐτὸν
3261 490 3324 548 ἐκ
3406 496 3624 568 νεκρῶν,
3683 497 3850 566 μηκέτι

2263 609 2282 632 ι
2324 580 2597 656 μέλλοντα
2656 583 2984 657 ὑποστρέφεν
3070 583 3145 646 εἰς
3213 581 3523 661 διαφθορὰν,
3579 583 3735 646 οὕτως
3786 583 3850 640 εἴ.

2259 693 2502 748 «ρηκεν,
2536 674 2618 728 ὅτι
2661 673 2828 727 Δώσω
2889 673 3016 745 ὑμῖν
3073 676 3140 728 τὰ
3196 671 3318 728 ὅσια
3371 669 3530 728 Δαυΐδ
3587 675 3650 726 τά
3697 676 3851 732 πιστά.

2258 786 2286 813 ‹‹
2325 763 2417 816 Διὸ
2446 762 2535 816 καὶ
2565 761 2618 816 ἐν
2646 762 2812 834 ἑτέρῳ
2843 761 3008 837 λέγει.
3071 761 3148 818 Ού
3207 761 3399 822 δώσεις
3457 761 3544 817 τὸν
3602 760 3735 816 ὅσιόν
3777 785 3853 818 σου

2259 877 2285 903 ‹‹
2322 849 2454 905 ἰδεῖν
2488 849 2796 931 διαφθορὰν.
2831 849 2992 907 Δαυίδ
3027 851 3121 923 μὶν
3153 851 3253 925 γὰρ
3311 847 3426 921 ἰδίᾳ
3483 856 3632 927 γενεᾷ
3686 851 3858 928 ὑπηρε-

2263 941 2510 1010 «τήσας,
2546 942 2612 1010 τῆ
2639 945 2736 995 τοῦ
2802 945 2935 995 Θεοῦ
2995 939 3172 1016 βουλῇ
3227 938 3523 1011 ἐκοιμήθη,
3578 939 3661 994 καὶ
3712 961 3859 1016 προσ-

2263 1055 2289 1081 ‹‹
2324 1031 2479 1100 ετέθη
2513 1031 2649 1105 πρὸς
2678 1031 2804 1093 τοὺς
2863 1033 3098 1105 πατέρας
3157 1029 3345 1100 αὐτοῦ,
3401 1028 3491 1084 καὶ
3539 1026 3640 1084 εἶδε
3674 1027 3861 1107 διαφθο-

2264 1143 2290 1170 α
2327 1117 2444 1193 ράν.
2505 1120 2601 1176 ’ον
2686 1116 2742 1174 δὲ
2814 1121 2842 1174 6
2899 1119 3028 1180 Θεὸς
3086 1116 3302 1196 ἤγειρεν
3360 1117 3461 1173 ούκ
3513 1115 3620 1173 εἶδε
3671 1115 3862 1198 διαφθο-

2265 1229 2292 1257 ‹‹
2326 1206 2440 1282 ράν,
2475 1230 2502 1258 »

2333 1303 2408 1365 Ση
2422 1295 2680 1369 μειωτέον
2712 1298 2890 1352 τοίνυν
2920 1297 3004 1352 ὅτὶ
3033 1297 3094 1352 οὐ
3127 1294 3210 1352 δεῖ
3235 1298 3298 1352 τὸ
3339 1301 3501 1371 σῶμα
3555 1299 3650 1351 τοῦ
3705 1302 3863 1364 Σωτῆ-

2264 1406 2356 1460 ρος
2387 1386 2475 1440 καὶ
2520 1391 2654 1442 Θεοῦ
2707 1389 2866 1460 ἡμῶν
2924 1391 3106 1458 Ἰησοῦ
3161 1388 3397 1462 Χριστοῦ
3451 1387 3581 1460 μετά
3632 1388 3723 1455 τὴν
3768 1385 3865 1440 ἀνά·

2263 1497 2443 1531 στασιν
2500 1478 2738 1546 παθητὸν
2821 1475 3144 1553 ὁμολογεῖν,
3224 1477 3350 1546 ἤτοι
3423 1479 3604 1532 παθῶν
3660 1473 3864 1530 δεκτικὸν

2263 1563 2388 1620 οὐδὲ
2416 1565 2522 1638 πρὸ
2551 1573 2650 1634 τῆς
2701 1565 3040 1628 ἀναστάσεως
3089 1566 3310 1631 ἀπαθὲς,
3369 1565 3638 1620 τουτέστιν
3695 1563 3866 1637 ἄφθαρ-

2260 1676 2352 1709 τον
2406 1655 2495 1709 καὶ
2562 1655 2840 1714 ἀθάνατον.
2901 1656 3016 1724 Τῆν
3059 1655 3162 1730 γὰρ
3221 1655 3360 1709 κατά
3414 1655 3475 1708 τὸ
3530 1651 3864 1728 ἀναμάρτητον

2262 1743 2578 1820 ἀφθαρσίαν,
2611 1741 2895 1819 προδηλον
2948 1744 3024 1806 ὡς
3057 1746 3204 1819 εἶχεν
3351 1743 3517 1799 αὐτοῦ
3573 1746 3664 1798 τοῦ
3705 1745 3867 1816 καιροῦ

2262 1840 2360 1904 τῆς
2383 1833 2728 1908 σαρκώσεως.

2340 2035 2360 2062 ι
2401 2013 2638 2068 Γνωστὸν
2665 2019 2757 2068 οῦν
2791 2011 2928 2068 ἔστω
2971 2015 3124 2087 ὑμῖν,
3184 2011 3370 2089 ἄνδρες
3428 2011 3672 2091 ἀδελφοὶ,
3703 2009 3869 2066 δτιδιὰ

2254 2127 2291 2166 ,α
2325 2102 2520 2156 τούτου
2601 2105 2739 2174 ἡμῖν
2823 2103 3008 2181 ἄφεσις
3090 2104 3374 2178 ἁμαρτιῶν
3459 2100 3866 2176 καταγγέλλεται,

2266 2217 2294 2244 ‹‹
2327 2191 2414 2247 καὶ
2446 2192 2550 2246 ἀπὸ
2594 2191 2808 2246 πάντων
2861 2197 2934 2246 ὦν
2993 2193 3092 2247 οὐκ
3157 2190 3461 2262 ἐδυνήθητε
3509 2191 3560 2246 ἐν
3618 2195 3692 2262 τῷ
3742 2188 3868 2260 νόμῳ

2268 2305 2295 2333 ιι
2329 2283 2573 2342 Μωσέως
2632 2287 3024 2350 νικαιωθῆναι,
3059 2280 3113 2336 έν
3171 2281 3354 2353 τούτῳ
3411 2285 3514 2343 πᾶς
3565 2281 3592 2334 6
3648 2277 3874 2333 πιστεύων

2267 2395 2295 2422 ‹‹
2331 2367 2657 2426 δικαιοῦται.
2694 2394 2722 2421 ι)

2341 2461 2439 2514 Διά
2499 2461 2553 2514 τί
2613 2459 2710 2514 οὐκ
2771 2460 3012 2536 ἐπήγαγε
3070 2459 3374 2536 μαρτυρίαν
3435 2457 3506 2515 δι’
3556 2461 3622 2529 ἦς
3669 2451 3874 2530 ἔμελλον

2269 2551 2543 2614 πείθεσθαι
2594 2552 2678 2605 ὅτι
2737 2549 2922 2629 ἄφεσις
2969 2550 3250 2625 ἁμαρτιῶν
3313 2549 3386 2605 δι’
3443 2550 3607 2605 αὐτοῦ
3659 2547 3836 2622 γίνεται
3866 2616 3878 2632 .

2269 2641 2392 2696 ’Ότι
2421 2639 2484 2694 τὸ
2518 2637 2956 2711 σπουδαζόμενον
2984 2641 3144 2694 τοῦτο
3175 2641 3261 2709 ἦν,
3293 2640 3359 2695 τὸ
3419 2637 3584 2712 δεῖξαι
3639 2636 3759 2696 τέως
3809 2631 3879 2687 ὅτ’

2272 2729 2489 2798 ἀνέστη.
2540 2729 2752 2784 Τούτου
2831 2726 2890 2783 δὲ
2947 2727 3428 2804 ὡμολογημένου,
3485 2728 3620 2784 έκεῖν
3675 2716 3879 2800 ἀναμφι·

2274 2813 2570 2888 σϐήτητον.
2622 2817 2725 2874 Καὶ
2781 2818 2882 2894 γὰρ
2949 2820 3018 2889 ἦν
3076 2803 3296 2888 πολλῆς
3350 2818 3662 2889 ἐκπλήξεως
3716 2803 3816 2874 πῶς
3859 2809 3880 2865 δ

2274 2905 2520 2979 Ἰσραήλ,
2580 2909 2695 2969 υἱος
2781 2909 3069 2977 πρωτόκος
3150 2906 3565 2982 ὠνομασμένος,
3642 2903 3707 2960 δι’
3779 2901 3874 2967 ’ὀνῆ

2276 2997 2547 3070 Αἴγυπτος
2607 2995 2882 3064 ἀπώλετο,
2936 2995 3299 3067 παραδέδοται
3359 3005 3479 3060 τοῖς
3527 2997 3740 3071 ἐχθροῖς
3791 2993 3878 3049 τοῖς

2275 3081 2655 3145 Βαϐυλωνίοις
2685 3086 2737 3141 ἐν
2787 3086 3036 3163 μαχαίρᾳ
3081 3088 3170 3142 καὶ
3228 3085 3600 3164 αἰχμαλωσίᾳ
3651 3082 3733 3139 καὶ
3781 3077 3884 3135 δου-

2277 3174 2420 3248 λείᾳ.

2347 3290 2374 3318 ‹‹
2402 3265 2641 3322 Βλέπετε
2672 3263 2762 3320 οῦν
2823 3269 2898 3338 μὴ
2928 3263 3132 3341 ἐπέλθῃ
3181 3264 3263 3342 ἐφ’
3323 3266 3477 3340 ὑμᾶς
3532 3265 3594 3321 τὸ
3639 3258 3886 3336 εῗρημένον

2278 3378 2301 3403 α
2334 3354 2386 3410 έν
2416 3360 2532 3417 τοῖς
2559 3357 2888 3434 προφήταις.
2921 3352 3109 3427 Ἴδετε,
3141 3355 3192 3409 οἱ
3214 3355 3646 3434 καταφρονηταὶ,
3674 3351 3752 3406 καὶ
3780 3358 3888 3411 θαυ-

2279 3468 2304 3499 «
2343 3447 2565 3519 μάσατε,
2595 3447 2685 3501 καὶ
2716 3445 3062 3522 ἀφανίσθητε,
3108 3446 3190 3500 ὅτι
3241 3443 3408 3521 ἔργον
3470 3445 3579 3523 ἐγὼ
3628 3439 3888 3517 ἐργάζομαι

2280 3561 2307 3588 ι‹
2341 3535 2391 3590 ἐν
2424 3540 2544 3596 ταῖς
2575 3533 2810 3608 ἡμέραις
2839 3535 3016 3607 ὑμῶν,
3075 3534 3120 3607 ᾧ
3179 3536 3244 3590 ού
3306 3536 3380 3607 μὴ
3446 3533 3766 3598 πιστεύσητε,
3813 3523 3887 3577 ἐάν

2281 3646 2412 3687 «τις
2469 3623 2792 3702 ἐκδιηγῆται
2879 3626 3027 3697 ὑμῖν.
3082 3627 3366 3698 Ἐξιόντων
3426 3624 3483 3682 δὲ
3540 3624 3595 3680 ἐκ
3644 3622 3734 3688 τῆς
3784 3633 3891 3702 σνς’

2281 3741 2309 3769 «
2342 3721 2566 3793 αγωγῆς
2619 3700 2728 3770 τῶν
2786 3713 3092 3783 Ἰουδαίων,
3149 3712 3501 3790 παρεκάλουν
3555 3713 3618 3769 τὰ
3669 3704 3780 3776 ἔθνη
3811 3700 3890 3793 Δείς

2281 3790 2405 3862 «τό
2467 3790 2660 3878 μεταξὺ
2719 3799 3006 3875 σάϐϐατον,
3064 3803 3376 3875 λαληθῆναι
3451 3805 3634 3866 αὐτοῖς
3689 3798 3748 3854 τὰ
3798 3790 3888 3869 ῥή-

2283 3921 2313 3952 tt
2348 3917 2508 3970 ματα.
2545 3920 2573 3948 ››

2352 3984 2834 4060 Κατακεκραγύτος
2918 3988 3013 4040 τοῦ
3096 3986 3381 4064 προφήτου
3457 3977 3763 4048 Ἀϐϐακοῦμ
3809 3976 3888 4037 τῆς

2283 4073 2474 4131 ἀδίκου
2505 4058 2734 4147 κρίσεως
2765 4073 2984 4141 καὶτῆς
3028 4058 3159 4150 ἄγαν
3219 4058 3563 4142 ’ἀνεξικακίας
3613 4071 3705 4124 τοῦ
3757 4058 3888 4150 Θεοῦ,

2280 4164 2370 4220 καὶ
2403 4162 2676 4236 λέγοντος·
2739 4164 2852 4218 Ἵνα
2906 4161 2959 4216 τί
3015 4147 3111 4234 μοι
3181 4158 3382 4230 ἔδειξαν
3444 4161 3644 4220 κόπους
3692 4147 3890 4209 καὶπά-

2281 4275 2409 4316 νους
2445 4259 2594 4322 ςὈτι
2626 4250 2922 4322 ἐξεναντίας
2966 4272 3071 4324 μου
3127 4249 3316 4326 γέγονε
3371 4252 3570 4325 κρίσις,
3625 4243 3711 4301 καὶ
3739 4243 3889 4326 ὀκρι-

2281 4345 2380 4411 τής
2441 4336 2728 4414 λαμϐάνει,
2785 4339 2875 4395 καὶ
2933 4335 3131 4409 ἀσεϐὴς
3187 4336 3635 4395 καταδυναστεύει
3685 4334 3768 4388 τὸν
3822 4323 3888 4380 δί-

2282 4452 2458 4499 καιον,
2505 4430 2596 4485 καὶ
2649 4417 2718 4483 ὀὐ
2769 4427 3063 4503 διεξάγεται
3117 4428 3191 4490 είς
3246 4427 3405 4491 τέλος
3455 4432 3645 4502 κρῖμα·
3692 4411 3888 4488 ἀποκρί-

2280 4541 2423 4575 νεται
2456 4521 2484 4573 6
2515 4520 2666 4586 Θεὸς,
2702 4523 2819 4581 τοῖς
2878 4515 3125 4572 ἀδικοῦσι
3183 4517 3274 4579 τὰς
3330 4515 3592 4590 ἐσομένας
3639 4503 3888 4584 συμφορᾶς

525 4620 828 4673 nuntians.
859 4613 1223 4671 Admiranda
1249 4627 1383 4666 vero
1416 4609 1559 4664 dicit
1589 4625 1720 4678 quaa
1788 4608 2050 4662 futurum
2085 4613 2163 4662 est

2278 4605 2778 4684 προαπαγγέλλωνῖ
2812 4609 3093 4679 Θαυμάσια
3123 4603 3181 4661 δὲ
3223 4606 3369 4681 λέγει
3425 4609 3492 4662 τὰ
3547 4604 3724 4661 αὐτοῖς
3769 4611 3890 4684 σνμῖ

522 4713 588 4760 ut
619 4709 704 4761 eis
735 4707 1102 4776 contingant.
1138 4704 1205 4756 Et
1235 4702 1360 4755 hzec
1391 4705 1556 4754 tanta
1605 4714 1672 4752 ac
1730 4697 1847 4752 alia
1899 4697 2044 4751 dicit
2074 4696 2166 4751 sui

523 4794 954 4868 magnitudine,
987 4799 1053 4847 ut
1084 4809 1202 4846 non
1251 4789 1572 4845 credantur
1618 4787 1664 4841 si
1718 4787 1850 4858 quis
1909 4787 2168 4840 narravit

521 4883 707 4952 vobis,
739 4884 952 4953 inquit.
985 4884 1166 4936 Porro
1219 4877 1412 4950 μεταξὺ
1460 4870 1726 4931 σάϐϐατον
1755 4878 1978 4932 vocavit
2005 4875 2165 4930 futu-

519 4990 652 5040 rum
682 4990 750 5030 ac
790 4972 1128 5044 proximum
1181 4969 1513 5036 sabbatum,
1575 4967 1728 5023 sicut
1781 4967 1936 5024 infra
1965 4967 2166 5026 decla-

520 5069 631 5118 rat.

588 5152 960 5217 ΧΙΙΙ,43-49.
1021 5172 1048 5198 ‹‹
1084 5147 1285 5202 Soluto
1345 5152 1543 5202 autem
1580 5150 1732 5201 ccetu
1783 5149 1968 5202 secuti
2028 5155 2168 5206 sunt

525 5263 546 5291 ι
580 5243 753 5298 multi
784 5239 968 5297 Judaei
1027 5255 1095 5293 ac
1152 5237 1410 5309 religiosi
1473 5235 1756 5307 proselyti
1818 5237 2068 5292 Paulum
2099 5256 2166 5295 ac

518 5357 547 5386 «
581 5335 930 5398 Barnabam,
979 5331 1080 5402 qui
1144 5330 1516 5399 alloquentes
1565 5327 1896 5384 suadebant
1953 5333 2040 5386 eis
2099 5338 2164 5386 ut

519 5446 548 5484 (_(
581 5429 1002 5495 permanerent
1037 5422 1097 5476 in
1129 5419 1319 5492 gratia
1353 5418 1450 5472 Dei
1480 5439 1494 5481 ;
1528 5433 1594 5472 ac
1625 5418 1897 5489 sequenti
1920 5420 2166 5476 sabbato

517 5535 545 5562 ‹‹
592 5515 864 5568 universa
952 5509 1379 5582 propemodum
1461 5507 1664 5562 civitas
1744 5510 2018 5564 convenit
2094 5510 2169 5565 ad

517 5624 545 5651 «
582 5601 947 5656 audiendum
969 5601 1213 5656 verbum
1259 5599 1380 5653 Dei.
1420 5596 1570 5651 Visis
1617 5601 1816 5650 autem
1854 5598 2040 5653 turbis
2068 5601 2170 5654 Ju-

517 5713 546 5743 α
579 5691 692 5746 dmi
725 5689 936 5761 repleti
973 5694 1112 5744 sunt
1142 5687 1287 5757 zelo,
1321 5693 1378 5741 et
1407 5684 2007 5743 contradicebanthis
2040 5705 2170 5761 qum

2275 4693 2534 4768 ϐησεσθαι
2593 4695 2864 4770 μέλλοντα
2898 4739 2912 4754 .
2970 4700 3149 4752 Ταῦτα
3199 4694 3276 4764 δὲ,
3337 4699 3493 4776 φησὶ,
3545 4694 3766 4750 τοσαῦτα
3813 4677 3889 4776 καῖ

2272 4786 2580 4858 “huic”
2606 4787 2670 4842 τὸ
2729 4786 2952 4861 μέγεθός
3008 4786 3148 4841 ἐστιν
3210 4787 3284 4847 ὡς
3339 4787 3429 4840 καὶ
3477 4779 3797 4840 ἀπιστεῖσθαι

2271 4898 2353 4939 τις
2385 4876 2520 4932 αὐτὰ
2555 4877 2681 4950 ὑμῖν
2706 4872 3218 4951 προαπαγγείλειεν.

2348 5173 2374 5200 ‹‹
2411 5147 2514 5202 Καὶ
2549 5151 2659 5201 τῶν
2685 5139 2991 5217 σεϐομένων
3042 5143 3406 5219 προσηλύτων
3457 5145 3536 5215 τῷ
3590 5133 3780 5202 Παύλῳ
3807 5119 3886 5219 καὶ

2277 5263 2303 5290 ‹‹
2335 5241 2414 5310 τῷ
2469 5229 2746 5308 Βαρνάϐᾳ,
2805 5233 3004 5295 οἳτινες
3051 5231 3491 5309 προσλαλοῦντες
3542 5224 3742 5284 ἔπειθον
3799 5210 3887 5310 {15‘

2277 5352 2304 5378 α
2338 5303 2466 5387 τοὺς
2498 5303 2765 5399 ἐπιμένειν
2796 5327 2866 5397 τῇ
2893 5303 3208 5402 χάριτι’τοῠ
3237 5327 3396 5386 Θεοῦ,
3452 5321 3571 5375 τότε
3626 5303 3885 5402 ἐρχομένῳ

2286 5410 2599 5487 «Σαϐϐάτῳ
2647 5411 2842 5489 σχεδὸν
2908 5419 3052 5468 πᾶσα
3102 5415 3137 5482 ἡ
3173 5411 3337 5474 πόλις
3395 5409 3633 5479 συνήχθη
3691 5397 3890 5492 ἀκοῦσξι

2279 5532 2306 5559 ‹‹
2339 5508 2428 5560 τὸν
2459 5505 2618 5578 λόγον
2657 5509 2754 5560 τοῦ
2803 5508 2960 5560 Θεοῦ.
2995 5501 3229 5566 Ἰδόντες
3264 5500 3321 5558 δὲ
3378 5504 3450 5558 οἳ-
3486 5493 3730 5556 Ἰουδαῖοι
3781 5493 3896 5581 τοῗς

2281 5593 2572 5671 «ὄχλους,
2631 5594 2982 5665 ἐπλήσθησαν
3042 5591 3240 5663 ζήλου.
3300 5591 3404 5650 Καὶ
3461 5582 3735 5658 ἀντέλεγον
3788 5583 3895 5670 τοις

2279 5711 2308 5740 ‹‹
2352 5685 2481 5760 ὑπὲρ
2546 5688 2643 5740 τοῦ
2702 5682 2922 5739 Παύλου
2983 5682 3325 5758 λεγομένοις,
3377 5677 3738 5751 ἀντιλέγοντες
3811 5673 3890 5712 καί
