4112 6250
215 371 304 431 209
1182 375 1591 437 COMMENT.
1639 377 1713 436 1N
1760 373 1958 437 ACTA
2008 373 2617 436 APOSTULORUM.

3505 372 3661 434 210

222 527 243 556 α
270 503 723 582 βλασφημοῦντες.
761 506 1300 583 Παρρησιασάμενοι
1331 504 1387 562 δὲ
1426 507 1455 562 6
1504 505 1722 570 Παῦλος
1773 506 1862 562 καὶ

1988 530 2006 559 ι
2036 526 2070 564 ει
2101 509 2278 565 Paulo
2311 508 2681 575 dicebantur,
2734 506 3209 563 contradicentes
3240 522 3307 563 ac
3345 507 3620 579 blasphe-

224 597 298 649 «ὁ
344 588 640 664 Βαρνιῦας,
711 595 921 650 εἷπον·
985 599 1128 671 Ὑμῖν
1185 600 1249 667 ἦν
1301 599 1592 671 ἀναγκαῖον
1648 602 1863 671 πρῶτον

224 708 253 734 «ι
275 683 573 751 λαληθῆναι
605 684 697 738 τὸν
759 682 955 763 λόγον
1013 687 1105 742 105
1161 691 1309 742 Θεοῦ.
1375 685 1596 754 Ἐπειδὴ
1656 684 1711 740 δὲ
1763 686 1866 741 ἀπο

227 796 250 827 ι
274 776 489 829 ωθεῖσθε
516 772 703 842 αὺτὸν,
734 777 833 829 καὶ
900 776 1004 831 οὐκ
1031 776 1207 846 ἀξίους
1260 777 1467 851 κρίνετε
1519 776 1738 837 ἑαυτοὺς
1766 783 1866 845 τῆς

226 886 249 911 κ
279 861 497 914 αἰωνίου
529 864 700 928 ζωῆς,
731 859 859 916 *ιδοὺ
884 864 1225 936 στρεφόμεθα
1272 863 1345 923 εἷς
1376 866 1441 917 τΞι
1470 862 1612 934 ἔθνη.
1676 864 1865 924 Οὕτως

223 973 249 1001 α
280 951 379 1025 γᾶρ
410 948 718 1003 ἐντὲταλται
747 953 891 1022 ἡμῖν
921 954 951 1006 ὁ
985 953 1204 1023 Κύριος.
1262 951 1482 1007 Τέθεικά
1538 974 1595 1008 σε
1646 953 1721 1015 εἷς
1751 958 1864 1030 φῶς

226 1065 250 1090 α
271 1039 456 1107 ἐθνῶν,
486 1044 582 1093 τοῦ
614 1040 753 1094 εἷναί
785 1063 845 1096 σε
902 1042 981 1105 εἰς
1029 1043 1294 1117 σωτηρίαν
1337 1040 1440 1104 ἕως
1499 1042 1735 1123 ἐσχάτου
1762 1050 1865 1111 τῆς

224 1132 403 1203 αγῆς.
454 1129 757 1185 Ἀκούοντα
798 1128 855 1185 δὲ
910 1133 980 1185 τὰ
1034 1130 1154 1201 ἔθνη
1207 1130 1417 1207 ἔχαιρε,
1477 1132 1566 1187 καὶ
1616 1130 1863 1203 ἐδόξαζον

223 1217 565 1291 «τὸνλόγον
598 1222 698 1273 τοῦ
757 1221 986 1293 Κυρίου,
1046 1222 1132 1276 καὶ
1192 1220 1503 1276 ἐπίστευσαν
1555 1220 1673 1276 ὅσοι
1734 1222 1867 1291 ἦσαν

222 1303 598 1381 «τεταγμένοι
659 1305 737 1369 ε’ίς
815 1310 961 1378 ζωήν
1034 1310 1273 1365 αἰώνιον.
1364 1312 1646 1386 Διειρέρετο
1732 1307 1788 1364 δὲ
1838 1311 1865 1365 6

221 1421 245 1447 α
275 1396 444 1472 λόγος
468 1400 571 1450 τοῦ
595 1396 804 1471 Κυρίου
835 1394 905 1452 δι’
936 1396 1074 1469 ὅλης
1104 1405 1205 1469 τῆς
1233 1400 1445 1477 χώρας,
1479 1421 1508 1450 ››

279 1668 632 1745 Σεϐομένους
660 1667 887 1733 ἐνταῦθά
938 1689 997 1723 τε
1033 1669 1121 1723 καὶ
1178 1669 1386 1744 προῖὼν
1440 1666 1569 1730 τοὺς
1627 1668 1751 1742 περὶ
1805 1668 1868 1723 τὸ

215 1764 406 1818 οἰκεῖον
443 1756 615 1821 σέϐας
676 1757 909 1834 θερμοὺς
964 1756 1054 1811 καὶ
1113 1755 1408 1830 διαπύρους
1464 1756 1554 1812 καὶ
1614 1756 1868 1827 ζηλωτὰς

208 1858 309 1907 τῶν
340 1850 543 1906 ἄλλων
610 1846 830 1922 μᾶλλον
881 1846 1059 1903 καλεῖ.
1131 1845 1235 1904 Καὶ
1267 1848 1370 1923 γὰρ
1404 1847 1455 1901 οἱ
1484 1848 1726 1900 τοιοῦτοι
1776 1846 1862 1899 καὶ

210 1949 397 2007 θᾶττον
429 1950 543 1995 των
584 1936 774 1993 ἄλλων
804 1939 902 2007 τήν
954 1938 1032 1999 εἷς
1075 1934 1303 2011 Χριστὸν
1356 1933 1723 2012 παρεδέχοντο
1776 1934 1866 1989 πί-

209 2053 341 2099 στιν,
384 2031 483 2084 ἅτε
510 2026 586 2095 δή
617 2029 721 2095 τήν
770 2025 1053 2101 ὗπεροχὴν
1089 2025 1254 2094 αὐτῆς
1310 2026 1396 2079 καὶ
1456 2025 1519 2079 τὸ
1582 2022 1867 2098 μεγαλεῖον

214 2120 503 2191 δυνάμενοι
552 2121 808 2192 συνορᾷν,
840 2115 930 2170 καὶ
984 2115 1082 2170 οὐκ
1133 2114 1456 2190 ἀνθρωπίνῳ
1511 2114 1689 2183 πάθει,
1744 2110 1869 2168 ἀλλ’

223 2207 483 2275 ἀληθείας
511 2208 705 2276 σκοπῷ
752 2203 844 2259 καὶ
906 2199 1178 2264 εὐσεϐείας
1234 2201 1396 2279 ἔρωτι
1450 2202 1542 2257 καί
1573 2202 1602 2255 ’ὸ
1632 2222 1868 2274 προκατ-

229 2298 384 2375 εἷχον
418 2292 597 2356 σέϐας.
646 2295 846 2350 τούτου
908 2291 1151 2363 ζηλωταί
1206 2294 1615 2366 καθιστάμενοι.
1671 2290 1775 2347 Καὶ
1807 2291 1869 2344 αὖ

228 2391 398 2446 παλιν
429 2390 481 2444 οἱ
508 2393 744 2443 τοιοῦτοι
774 2386 914 2441 κατά
938 2391 1047 2441 τῶν
1082 2388 1332 2459 μαθητῶν
1372 2383 1586 2459 μᾶλλον
1646 2384 1734 2438 καὶ
1770 2386 1870 2437 τοῦ

219 2480 578 2556 κηρύγματος
630 2477 1011 2551 παρωξύνοντο
1048 2476 1136 2530 καὶ
1194 2474 1502 2547 ἐμαίκοντο,
1561 2475 1636 2536 ὡς
1692 2493 1872 2546 περισ-

216 2571 435 2642 σότερον
462 2572 576 2622 τῶν
611 2564 800 2621 ἄλλων
835 2563 1006 2635 ζῆλον
1039 2561 1184 2639 ἔχειν
1211 2565 1331 2638 περῖ
1365 2565 1429 2618 τὸ
1481 2564 1677 2618 οἰκεῖον
1712 2557 1869 2624 σέϐας

212 2657 675 2730 ἐπιδεικνύμενοι.
714 2658 781 2712 Ἦ
844 2650 1170 2728 σεϐομένους
1222 2651 1377 2717 ἰδίως
1431 2652 1556 2713 τοὺς
1587 2652 1868 2728 προσηλύ-

208 2770 332 2809 τους
376 2753 563 2802 καλεῖ.
610 2747 718 2802 Καὶ
773 2742 1108 2818 δημηγορῶν
1168 2739 1470 2817 ἔμπροσθεν
1530 2742 1619 2796 καὶ
1674 2740 1865 2818 λέγων·

205 2836 431 2913 Ἄνδρες
460 2832 819 2906 Ἰσραηλῖται
848 2834 937 2887 καὶ
996 2834 1047 2887 οἱ
1101 2831 1152 2886 ἐν
1212 2833 1338 2906 ὑμῖν
1396 2826 1730 2911 φοϐούμενοι
1775 2832 1868 2886 τὸν

196 2929 349 2997 Θεὸν,
382 2921 787 3001 φοϐουμένους
816 2924 907 2976 τὸν
969 2922 1098 2976 Θεὸν
1151 2919 1281 2982 τοὺς
1329 2919 1711 2995 προσηλύτους
1745 2919 1865 2974 ἐκά-

187 3018 301 3087 λει,
389 3016 531 3078 τοὺς
614 3013 714 3086 μὲν
804 3012 909 3065 ἀπὸ
968 3014 1066 3065 τοῦ
1149 3009 1338 3085 γένους
1426 3010 1719 3084 σεμνύνων,
1779 3010 1867 3064 καὶ

188 3104 553 3178 Ἰσραηλίτας
587 3101 955 3173 ἐξονομάζων,
986 3098 1114 3163 τοὺς
1169 3096 1225 3154 δὲ
1257 3100 1341 3154 ὅτι
1377 3100 1453 3172 μὴ
1508 3104 1670 3153 τοῦτο
1721 3098 1865 3173 εἶχεν

202 3195 410 3265 εἰπεῖν,
439 3192 550 3247 ἀπὸ
580 3198 682 3259 τῆς
728 3188 1018 3263 θρησκείας
1078 3188 1298 3257 ἱσάζων.
1350 3190 1467 3244 Ἲνα
1518 3190 1592 3261 μή
1651 3209 1735 3251 τις
1784 3187 1870 3242 εὖ·

208 3253 456 3342 λαὸεὶάς
512 3253 649 3335 εἶναι
685 3253 885 3356 νομίσῃ
945 3282 1033 3350 16,
1107 3253 1221 3338 Οὔκ
1262 3280 1438 3351 ἀξίους
1488 3253 1696 3354 κρίνετε
1750 3281 1868 3334 ἒαυ-
1903 3253 1947 3315 C

225 3370 387 3436 τοὺς,
447 3366 539 3422 διὰ
583 3372 731 3422 τοῖιτο
772 3373 999 3443 πρῶτον
1042 3370 1189 3424 εἶπεν
1226 3412 1240 3439 ,
1303 3371 1637 3432 Ἀπωθεῖσθε
1691 3368 1875 3437 αὐτὸν,

225 3464 321 3520 καὶ
378 3462 526 3530 τότε,
613 3461 955 3539 Στρενρόμεθα
1002 3462 1078 3524 εἰς
1134 3462 1201 3518 τὰ
1255 3457 1401 3531 ἔθνη.
1460 3461 1575 3519 Οὐκ
1622 3460 1737 3516 εἶπὲ
1797 3458 1872 3529 δὲ,

224 3549 729 3623 Καταλιμπάνομεν
762 3552 925 3625 ὑμᾶς,
958 3548 1106 3624 ἀλλ’,
1166 3552 1239 3612 ὡς
1293 3551 1540 3615 Δυνατὸν,
1599 3550 1752 3629 φησὶ,
1786 3550 1875 3604 καὶ

226 3641 445 3697 ἐνττῖοα
476 3641 590 3697 πάλ
602 3663 645 3697 ιν
678 3649 1002 3719 στραφῆναι.

296 3824 420 3881 σοί
477 3820 537 3879 δέ
588 3820 845 3880 Ἰουδαῖοι
903 3823 1219 3898 παρώξυναν
1281 3824 1379 3887 τὰς
1424 3817 1718 3895 σεϐομένας
1775 3843 1874 3897 γυ-

218 3920 453 3976 οναίκας
486 3914 582 3969 καὶ
614 3914 714 3976 τὰς
744 3914 1116 3993 εὐσχήμονας,
1158 3912 1249 3968 καὶ
1308 3911 1437 3976 τοὺς
1490 3913 1741 3987 πρώτους
1773 3918 1872 3980 τῆς

206 4003 527 4071 ..πόλεως,
585 4005 680 4058 καὶ
734 4000 1027 4078 ἐπήγειραν
1088 3999 1331 4077 διωγμὸν
1383 4001 1467 4058 ἐπὶ
1517 4003 1608 4057 τὸν
1657 4000 1872 4056 Παῦλον

205 4093 355 4148 «ικαὶ
387 4095 490 4149 τὸν
536 4086 838 4167 Βαρνάϐαν
895 4091 986 4146 καὶ
1044 4086 1297 4162 ἐξέϐαλον
1352 4089 1547 4152 αὐτοὺς
1607 4091 1710 4144 ἀπὸ
1765 4095 1872 4144 τῶν

204 4206 233 4234 α
271 4183 447 4256 ὁρίων
484 4181 690 4237 αὐτῶν.
722 4181 790 4238 Oi.
820 4178 875 4235 δὲ
908 4180 1309 4253 ἐκτιναξάμενοι
1338 4192 1429 4235 τον
1460 4180 1743 4253 κονιορτὸν
1770 4184 1876 4234 τῶν

205 4297 236 4324 ιι
269 4270 475 4330 ποδῶν
509 4271 695 4326 αὐτῶν
728 4269 813 4324 ἐπ’
857 4269 1080 4332 αὐτοὺς.
1111 4270 1283 4340 ἦλθον
1317 4270 1393 4331 εἰς
1439 4270 1686 4327 Ἰκόνιον.
1721 4270 1788 4324 Οἱ
1821 4266 1878 4322 δὲ

209 4384 241 4413 α
281 4360 538 4431 μαθηταῖ
574 4356 923 4433 ἐπληροῦντο
948 4363 1124 4438 χαρᾶς
1152 4358 1244 4413 καὶ
1292 4359 1608 4433 [Ινεύματος
1640 4357 1810 4432 ἁγίου.
1850 4386 1868 4410 υ

281 4450 564 4506 Ἐνταῦθα
610 4447 916 4522 πληροῦσιν
975 4448 1005 4502 ὃ
1062 4448 1380 4523 προσέταξεν
1439 4448 1625 4507 αὐτοῖς
1684 4448 1713 4501 6
1765 4446 1878 4503 Κύ-

201 4557 359 4613 ριος,
392 4540 607 4618 λέγων·
640 4538 763 4595 Ἐὰν
814 4544 888 4609 μή
938 4558 1021 4600 τις
1072 4539 1212 4611 ὑμᾶς
1279 4535 1515 4611 δέξηται,
1574 4537 1878 4606 ἐκτινάξατε

1979 622 2007 648 ‹‹
2042 600 2191 654 mias
2222 600 2549 669 loquentes.
2587 602 2745 655 Tunc
2778 605 3011 670 sumpta
3057 599 3272 654 ﬁducia
3316 600 3533 654 Paulus
3566 606 3622 655 et

1979 711 2007 738 «
2050 690 2348 744 Barnabas
2404 690 2720 745 dixerunt:
2799 690 2960 743 vobis
3005 690 3314 761 oportebat
3362 690 3620 761 primum

1978 803 2005 829 «
2040 780 2201 849 loqui
2236 781 2474 835 verbum
2503 781 2599 834 Dei
2635 780 2773 833 :sed
2806 780 3086 849 quoniam
3137 780 3426 851 repellitis
3475 779 3624 835 illud

1980 892 2006 918 ‹‹
2043 875 2099 923 et
2156 870 2429 940 indignos
2509 869 2793 940 judicatis
2871 886 2970 923 vos
3020 870 3179 940 ipsos
3230 875 3454 923 alterna
3508 869 3626 924 vita

1981 981 2007 1007 ‹‹
2041 975 2175 1013 ecce
2221 960 2623 1014 convertimur
2653 960 2725 1013 ad
2756 963 2959 1030 gentes
2995 976 3007 1011 :
3041 959 3124 1012 sic
3152 958 3310 1012 enim
3344 959 3625 1029 prmcepit

1981 1072 2007 1098 «
2038 1049 2210 1103 nobis
2259 1049 2562 1103 Dominus.
2598 1048 2770 1103 Posui
2805 1055 2860 1102 te
2920 1049 2976 1102 in
3012 1048 3206 1103 lucem
3262 1047 3526 1118 gentium
3556 1052 3623 1103 ut

1980 1160 2007 1187 «
2041 1138 2122 1193 sis
2152 1138 2212 1190 in
2248 1137 2499 1191 salutem
2531 1154 2719 1207 usque
2776 1136 2849 1192 ad
2905 1143 3235 1192 extremum
3285 1142 3479 1191 terrm.
3510 1138 3623 1191 Au-

1976 1249 2004 1276 ‹‹
2038 1226 2269 1281 dientes
2301 1233 2500 1282 autem
2539 1233 2743 1297 gentes
2772 1226 3013 1299 gravism
3047 1231 3185 1281 sunt
3226 1232 3283 1281 et
3324 1226 3622 1298 gloriﬁca—

1977 1338 2004 1365 ‹‹
2038 1316 2183 1371 bant
2215 1317 2455 1372 verbum
2505 1316 2758 1371 Domini.
2794 1318 2862 1369 Et
2893 1316 3275 1370 crediderunt
3328 1320 3620 1386 quotquot

1980 1430 2006 1457 α
2039 1412 2208 1461 erant
2233 1407 2487 1461 ordinati
2519 1406 2591 1462 ad
2618 1407 2794 1461 vitam
2839 1412 3146 1461 aeternam.
3207 1405 3625 1477 Divulgabatur

1979 1521 2008 1548 »
2041 1505 2238 1555 autem
2294 1498 2537 1554 verbum
2591 1497 2823 1552 Domini
2882 1514 2987 1569 per
3042 1496 3381 1552 universam
3441 1497 3625 1569 regio-

1980 1610 2008 1638 ))
2031 1605 2190 1645 nem.

2049 1680 2373 1753 Religiosos
2406 1684 2464 1734 et
2485 1680 2546 1733 in
2582 1679 2692 1733 hoc
2724 1677 2853 1733 loco
2901 1682 2957 1732 et
2987 1677 3048 1731 in
3110 1693 3426 1749 progressu
3456 1679 3625 1731 vocat

1978 1789 2078 1826 eos
2109 1772 2208 1842 qui
2242 1771 2400 1826 circa
2447 1770 2750 1842 pr0prium
2807 1768 3031 1823 cultum
3070 1768 3364 1823 ferventes
3421 1774 3479 1822 et
3535 1784 3625 1822 ar-

1979 1862 2186 1916 dentes
2218 1866 2408 1927 erant,
2431 1876 2498 1914 ac
2529 1860 2786 1930 majores
2808 1876 2928 1929 pra)
2960 1858 3190 1912 caeteris
3222 1856 3618 1912 aemulatores.

1981 1950 2282 2021 Siquidem
2311 1949 2459 2005 tales
2490 1949 2665 2003 etiam
2691 1947 2904 2002 Christi
2941 1946 3115 2001 ﬁdem
3149 1952 3285 2002 ante
3316 1946 3465 2001 alios
3498 1962 3622 2001 sus-

1978 2046 2282 2112 ceperunt,
2342 2046 2407 2094 ut
2466 2040 2565 2109 qui
2614 2044 2857 2109 possent
2915 2037 3042 2107 ejus
3099 2036 3512 2091 excellentiam
3552 2051 3620 2089 ac

1978 2131 2449 2203 magnitudinem
2481 2132 2844 2202 conspicere,
2872 2134 2927 2183 et
2948 2144 3067 2183 non
3090 2128 3350 2181 humano
3384 2127 3619 2191 affectu,

1979 2220 2081 2273 sed
2141 2220 2401 2273 veritatis
2447 2218 2666 2272 intuitu
2723 2234 2789 2271 ac
2821 2216 3057 2287 pietatis
3099 2231 3319 2278 amore,
3372 2215 3620 2283 ejusque

1979 2309 2173 2363 cultus
2208 2324 2379 2377 quem
2430 2306 2594 2377 prius
2652 2310 3003 2374 acceperant
3063 2307 3096 2356 1
3123 2304 3213 2357 I6
3245 2303 3622 2357 aemulatores

1978 2396 2307 2452 constituti.
2361 2398 2614 2449 Rursum
2648 2410 2677 2447 e
2710 2394 2937 2447 diverso
2988 2392 3087 2461 qui
3122 2391 3271 2445 tales
3302 2396 3488 2445 erant.
3525 2390 3625 2445 ad-

1978 2503 2181 2541 versus
2212 2484 2537 2555 discipulos
2569 2489 2625 2537 et
2674 2481 3159 2554 praedicationem
3219 2480 3623 2548 magisirrita—

1979 2576 2198 2630 bantur
2217 2591 2284 2629 ac
2310 2573 2687 2628 insaniebant
2731 2571 3111 2626 Ostendentes
3136 2568 3293 2639 quod
3312 2569 3623 2624 vehemen-

1977 2666 2188 2719 tiorem
2223 2664 2410 2719 zelum
2443 2663 2598 2717 circa
2625 2662 2925 2732 proprium
2956 2660 3181 2715 cultum
3238 2675 3356 2729 prae
3388 2658 3619 2712 caeteris

1978 2754 2284 2810 haberent.
2312 2758 2425 2808 Aut
2457 2752 2541 2806 rel
2569 2752 2763 2823 giosos
2805 2750 3039 2820 proprie
3072 2753 3236 2803 vocat
3269 2748 3619 2820 proselytos.

1977 2845 2210 2899 Etenim
2266 2860 2399 2898 eum
2453 2842 2513 2895 in
2570 2839 2975 2911 superioribus
3047 2838 3499 2893 concionaretur
3556 2854 3623 2892 ac

1978 2934 2245 2989 diceret:
2282 2933 2398 2985 Viri
2448 2930 2723 2985 lsraelitaa
2773 2934 2831 2982 et
2884 2929 2983 2997 qui
3034 2928 3256 2981 timetis
3315 2927 3521 2992 Deum,
3552 2926 3624 2980 ti-

1979 3031 2209 3080 mentes
2236 3026 2419 3079 Deum
2468 3020 2711 3077 vocabat
2760 3018 3138 3090 proselytos:
3191 3017 3326 3071 illos
3376 3017 3618 3086 quidem

1978 3130 2255 3187 agenere
2304 3112 2607 3167 honorans
2668 3113 2726 3163 et
2781 3107 3079 3161 Israelitas
3137 3104 3466 3175 appellans,
3512 3104 3620 3158 hos

1976 3221 2111 3260 vero
2144 3203 2283 3274 quia
2311 3201 2371 3256 id
2403 3200 2599 3255 dicere
2645 3214 2767 3252 non
2800 3201 3049 3267 poterat,
3103 3210 3168 3249 ac
3199 3194 3485 3266 religione
3518 3193 3624 3248 ad-

1983 3310 2243 3365 mquans.
2283 3294 2361 3347 Ne
2386 3291 2518 3361 quis
2548 3288 2791 3359 pudoris
2822 3304 2889 3341 ac
2920 3284 3224 3340 modestia)
3259 3284 3623 3339 existimaret

1983 3400 2110 3439 esse
2143 3381 2299 3453 quod
2347 3381 2582 3446 dicitur,
2642 3377 2917 3449 indignos
2972 3373 3249 3429 indicatis
3306 3390 3403 3428 vos
3462 3374 3625 3446 ipsos

1982 3471 2202 3526 idcirco
2234 3468 2524 3542 praemisit
2558 3484 2569 3521 :
2604 3464 2911 3537 Repellitis
2942 3463 3089 3517 illud
3117 3481 3127 3517 :
3164 3468 3221 3517 et
3252 3468 3391 3517 tunc
3422 3462 3584 3517 addit
3612 3479 3625 3516 :

1979 3559 2386 3616 Convertimur
2415 3556 2487 3612 ad
2527 3561 2754 3628 gentes.
2789 3556 2913 3607 Non
2945 3552 3093 3606 dixit
3122 3558 3321 3606 autem
3357 3568 3369 3605 :
3424 3552 3626 3606 Relin-

1982 3650 2221 3723 quimus
2250 3665 2371 3715 vos,
2398 3645 2500 3702 sed
2530 3643 2689 3716 quod
2732 3643 2858 3698 ﬁeri
2910 3642 3100 3714 possit
3127 3646 3193 3695 ut
3237 3657 3492 3706 rursum,
3530 3640 3623 3694 in-

1980 3740 2127 3813 quit,
2158 3739 2252 3793 hic
2274 3751 2712 3793 conversemur.

2030 3830 2297 3889 ’Xlll,50
2334 3829 2422 3880 52.
2478 3824 2659 3879 Judaei
2748 3838 2881 3877 vero
2950 3820 3343 3875 incitaverunt
3400 3816 3620 3870 mulie-

1981 3940 2009 3968 ‹‹
2040 3934 2134 3973 res
2166 3915 2472 3986 religiosas
2504 3918 2561 3968 et
2605 3913 2907 3979 honestas,
2960 3910 3299 3981 primosque
3348 3905 3623 3972 civitatis,

1985 4032 2005 4059 ι
2043 4013 2100 4063 et
2145 4006 2548 4060 excitaverunt
2588 4001 3065 4074 persecutionem
3127 3998 3187 4051 in
3248 3997 3497 4051 Paulum
3557 4011 3624 4050 ac

1981 4125 2008 4151 ι(
2046 4098 2370 4155 Barnabam
2399 4113 2411 4149 :
2446 4100 2504 4150 et
2525 4096 2831 4166 ejecerunt
2857 4109 2955 4146 eos
2987 4090 3057 4145 de
3104 4089 3325 4143 ﬁnibus
3374 4090 3516 4143 suis.
3553 4090 3630 4142 At

1981 4214 2007 4241 ‹‹
2035 4190 2121 4243 illi
2156 4202 2400 4242 excusso
2427 4184 2666 4257 pulvere
2698 4182 2913 4254 pedum
2949 4196 3190 4234 suorum
3219 4179 3277 4230 in
3312 4193 3434 4242 eos,
3458 4192 3628 4229 vene-

1983 4304 2009 4331 ‹‹
2043 4286 2185 4334 runt
2214 4276 2498 4332 Iconium.
2535 4276 2714 4329 Porro
2748 4270 3022 4342 discipuli
3074 4267 3457 4339 replebantur
3485 4282 3626 4337 gau-

1984 4393 2011 4419 ‹‹
2046 4369 2141 4422 dio
2174 4375 2232 4422 et
2260 4366 2478 4438 Spiritu
2512 4369 2735 4419 sancto.
2769 4383 2794 4410 »

2053 4460 2157 4513 Hic
2188 4456 2490 4527 complent
2520 4453 2678 4525 quod
2710 4452 2829 4507 illis
2862 4449 3141 4521 prmeepit
3200 4445 3503 4505 Dominus,
3538 4444 3627 4498 di-

1983 4564 2125 4603 cens
2159 4564 2169 4600 :
2198 4545 2252 4598 Si
2284 4545 2416 4615 quis
2450 4560 2568 4598 non
2629 4540 2957 4613 susceperit
3016 4556 3131 4595 vos.
3188 4536 3442 4591 excutite
3495 4533 3630 4605 pul-

194 4629 302 4684 τὸν
337 4629 635 4702 κονιορτὸν
669 4631 775 4681 τῶν
798 4627 982 4684 ποδῶν
1035 4628 1207 4694 ὑμῶν.
1258 4627 1423 4685 Οὗτοι
1483 4625 1540 4680 δὲ
1584 4626 1649 4681 οὗ
1710 4626 1871 4699 μόνον

1988 4651 2185 4690 verem
2234 4632 2452 4705 pedum
2538 4637 2888 4686 vestrorum.
2954 4628 3020 4681 Hi
3080 4642 3213 4679 vero
3272 4640 3390 4677 non
3452 4621 3626 4676 modo

199 4718 315 4775 οὐκ
349 4716 631 4791 ἐδέξαντο,
662 4715 809 4771 ἀλλὰ
846 4716 935 4772 καὶ
992 4715 1276 4787 ἀπήλασαν
1336 4715 1529 4778 αὐτοὺς
1577 4720 1683 4771 τῶν
1716 4715 1878 4790 ὁρίων

198 4808 419 4875 αὗτῶν,
444 4808 586 4879 ὅπερ
631 4804 743 4859 ἐστὶ
798 4810 1007 4881 χεῖρον·
1069 4802 1204 4860 Οὐδὲ
1249 4804 1349 4880 γὰρ
1399 4805 1678 4879 κονιορτὸν
1734 4802 1881 4859 θέλει

205 4893 371 4971 ’ἔχειν
403 4896 539 4957 τοὺς
587 4894 833 4967 μαθητὰς
854 4895 881 4949 ὁ
913 4893 1111 4969 Κύριος
1141 4893 1229 4949 ἐπὶ
1258 4898 1366 4948 τῶν
1422 4890 1605 4948 ποδῶν
1662 4891 1722 4947 ἐκ
1779 4899 1879 4962 τῆς

208 4995 328 5044 τῶν
376 4986 620 5044 ἀνοσίων
679 4986 973 5060 ἀνθρώπων
1022 4992 1149 5063 γῆς,
1210 4983 1517 5049 δεικνύντας
1565 4984 1655 5040 διὰ
1686 4984 1881 5041 τούτου

211 5079 303 5135 ὅτι
337 5077 507 5135 οὐδὲν
540 5076 866 5151 ἐκομίσαντο
926 5077 1033 5131 ἀπὸ
1082 5082 1189 5131 τῶν
1256 5078 1512 5140 ἀπειθῶν.
1566 5081 1773 5150 Δεῖγμα
1825 5072 1882 5130 δέ

210 5168 366 5225 ίπιν
396 5172 427 5226 ὁ
455 5166 749 5241 κονιορτὸς
790 5171 887 5222 τοῦ
938 5164 1113 5221 κόπου
1144 5166 1202 5222 ’ὸν
1238 5166 1525 5240 ὑπέμειναν
1563 5162 1633 5221 δι’
1660 5163 1878 5228 αὐτοὺς.

771 5368 1038 5425 ΚΕΦΑΛ.
1072 5365 1205 5426 KA‘.

220 5475 417 5540 Ὅπως
459 5476 514 5533 ἓν
568 5474 784 5549 Ἰκονίῳ
837 5474 1167 5550 κηρύξαντες
1223 5472 1320 5550 τὸν
1365 5472 1594 5550 Χριστὸν
1656 5471 1880 5529 πολλῶν

291 5571 356 5604 τε
383 5544 791 5606 πιστευσαντων
834 5544 1180 5622 ἐδιώχθησαν
1215 5544 1265 5599 οἱ
1297 5544 1622 5601 ἀπόστολοι·

272 5717 327 5761 νά
357 5712 610 5787 Ἐγᾶνιτο
640 5711 702 5769 δὶ
747 5709 807 5767 ἐν
860 5708 1070 5782 Ἰκονίῳ
1126 5707 1262 5762 κατά
1316 5707 1377 5762 τὸ
1435 5704 1564 5762 αὐτὸ
1622 5706 1880 5770 εἰσελθεῖν
1928 5712 1931 5715 λ

1988 4739 2108 4777 non
2166 4725 2574 4794 susceperunt,
2629 4733 2834 4772 verum
2891 4716 3067 4769 etiam
3136 4716 3469 4783 expuerunt
3529 4726 3629 4763 eos

1990 4830 2025 4868 a
2055 4812 2273 4867 finibus
2304 4812 2446 4877 suis,
2483 4808 2639 4879 quod
2670 4808 2840 4879 pejus
2897 4809 3005 4858 est.
3057 4805 3256 4872 Neque
3299 4801 3459 4854 enim
3518 4800 3628 4853 Do-

1991 4903 2188 4958 minus
2218 4899 2543 4971 discipulos
2601 4897 2725 4951 vult
2781 4895 2996 4949 habere
3046 4892 3348 4963 pulverem
3380 4888 3631 4960 pedibus

1992 4992 2392 5047 adhaerentem
2426 5005 2456 5042 e
2489 4993 2648 5041 terra
2696 4985 3015 5056 impiorum
3047 4982 3358 5035 hominum
3394 4995 3405 5031 :
3436 4982 3500 5031 ut
3530 4992 3634 5046 per

1992 5084 2104 5137 hoc
2136 5079 2522 5135 ostenderent
2548 5091 2609 5130 se
2639 5073 2790 5128 nihil
2821 5073 3029 5127 efferre
3062 5070 3133 5124 ab
3166 5066 3511 5123 incredulis.
3536 5065 3637 5116 Est

1992 5176 2192 5227 autem
2223 5168 2415 5240 pulvis
2448 5165 2733 5221 iudicium
2757 5162 2977 5219 laboris
2997 5175 3173 5231 quem
3205 5161 3447 5228 propter
3476 5154 3636 5223 ipsos

1994 5259 2153 5335 passi
2184 5264 2324 5317 sunt

2601 5360 2831 5418 CAPUT
2876 5357 3023 5414 XXI.

1994 5474 2269 5543 Quomodo
2326 5472 2504 5528 Iconii
2562 5469 2835 5525 Christum
2887 5461 3359 5543 pradicaveript:
3413 5473 3645 5543 cumque

2065 5545 2601 5602 multicredidissent
2633 5538 3066 5611 persecutionem
3108 5534 3261 5603 passi
3316 5537 3443 5585 sunt
3500 5547 3637 5599 apo-

2063 5619 2209 5675 stoli.
2272 5640 2275 5641 ν
3238 5622 3239 5625 ‘

2065 5709 2210 5779 XIV,
2245 5710 2333 5764 16.
2369 5703 2648 5762 «Accidit
2679 5704 2870 5758 autem
2922 5695 3102 5753 Iconii
3156 5699 3222 5751 ut
3251 5709 3259 5716 ·
3288 5693 3424 5764 ipsi'
3457 5690 3631 5747 simui
