4112 6250
460 359 576 426 111

1581 351 2009 418 (ΕΟΗΜΕΝΙΙ
2050 351 2361 414 ΤΒΙΟΟᾹΞ.
2409 350 2780 413 EPISGOPI.

3756 356 3861 418 212

469 515 499 546 ι(
518 493 837 551 introirent
850 507 953 562 syn
961 506 1226 564 agogam,
1260 494 1320 559 et
1345 488 1811 561 loquerenturut
1824 489 1907 546 sic
1920 487 2058 547 cred
2066 504 2119 545 e-

2289 481 2487 547 αὐτοὺς
2541 483 2617 547 εἷς
2696 484 2795 553 τῆν
2880 484 3193 560 συναγωγὴν
3268 488 3374 541 τῶν
3431 482 3733 555 Ἰουδαίων,
3780 490 3865 547 καὶ

469 605 498 636 ‹‹
521 581 1001 637 rentJudaeorum
1041 582 1081 634 1
1102 582 1132 632 Ι
1152 580 1188 634 7
1219 579 1395 633 simul
1429 585 1486 633 et
1506 580 1841 635 Graecorum
1874 577 2113 650 copiosa

472 694 501 724 α
532 670 869 745 multitudo.
905 669 1009 735 Qui
1044 685 1178 723 vero
1212 668 1505 723 increduli
1557 676 1726 723 erant
1754 669 1939 724 Judaei
1972 685 2112 724 con-

473 782 498 815 ι
535 761 863 816 citaverunt
891 775 958 815 ac
988 764 1382 830 corruperunt
1423 758 1654 812 animos
1712 759 1978 832 gentium
2011 757 2118 813 ad-

474 871 502 901 «
525 865 728 906 versus
745 848 975 903 fratres.
1000 847 1178 902 Multo
1201 847 1376 920 igitur
1396 853 1659 919 tempore
1674 847 1963 902 demorati
1981 851 2121 902 sunt

476 961 503 991 ‹‹
536 939 768 994 fortiter
796 943 1037 1010 agentes
1058 952 1165 1007 per
1194 936 1530 1003 Dominum,
1572 936 1671 1008 qui
1711 936 2119 991 testimonium

480 1050 507 1083 ιι
536 1026 886 1102 perhibebat
943 1025 1202 1101 sermoni
1242 1026 1445 1098 gratias
1525 1042 1668 1089 suas,
1728 1025 2024 1097 dabatque
2057 1030 2122 1080 ut

473 1141 501 1168 ‹‹
540 1108 708 1191 signa
728 1132 795 1171 ac
808 1113 1077 1189 prodigia
1099 1113 1427 1188 ﬁerentper
1447 1131 1659 1170 manus
1682 1131 1907 1171 eorum.
1930 1114 2123 1171 Divisa

482 1212 622 1263 «est
668 1211 866 1261 autem
916 1204 1235 1279 multitudo
1292 1203 1589 1259 civitatis:
1652 1209 1711 1259 et
1762 1204 1833 1267 hi,
1880 1203 2121 1276 quidem

487 1319 514 1349 (ι
544 1295 782 1370 stabant
809 1311 843 1350 a
870 1293 1108 1362 Iudaeis,
1140 1293 1229 1348 illi
1282 1310 1416 1349 vero
1477 1292 1548 1349 ab
1607 1293 1913 1366 apostolis,
1946 1292 2121 1350 Cum-

491 1409 511 1435 ι
550 1402 663 1459 que
690 1385 881 1441 factus
931 1390 1087 1440 esset
1140 1383 1398 1457 impetus
1463 1385 1725 1457 gentium
1786 1385 2007 1457 pariter
2059 1400 2126 1440 ac

484 1474 882 1532 «Judaaorum
926 1490 1049 1547 una
1104 1489 1240 1529 cum
1296 1473 1666 1546 principibus
1719 1475 1842 1530 suis
1899 1479 1963 1529 ut
2010 1474 2127 1533 vim

481 1586 509 1616 ι(
543 1563 856 1631 inferrent,
890 1579 1108 1633 eosque
1146 1560 1500 1632 lapidarent,
1547 1580 1609 1618 re
1635 1564 1871 1636 cognita
1919 1562 2130 1619 confu-

485 1675 511 1708 ι
555 1658 769 1726 gerunt
796 1651 871 1708 ad
919 1651 1183 1706 civitates
1242 1651 1548 1723 Lycaoniae
1607 1652 1871 1722 Lystram
1903 1658 1963 1707 et
1988 1653 2129 1708 Der-

492 1765 516 1794 ι
550 1742 666 1799 ben
696 1759 764 1799 ac
794 1740 1111 1797 ﬁnitimam
1144 1739 1472 1813 regionem,
1507 1739 1708 1812 ibique
1728 1740 2136 1811 praedicabant

490 1853 518 1888 ι
547 1832 948 1905 Evangelium.
984 1852 1011 1879 ››

564 1944 593 1972 ‹‹
621 1920 1043 1993 Confugerunt.
1081 1941 1103 1969 ι
1142 1917 1474 1975 Notandum
1507 1918 1620 1974 hoc
1648 1918 1779 1975 loco
1810 1936 1931 1976 non
1962 1936 2139 1993 opor-

492 2015 618 2066 tere
646 2025 753 2064 nos
792 2008 856 2063 in
915 2006 1179 2079 pericula
1232 2007 1550 2079 conjicere,
1612 2007 1715 2063 sed
1764 2008 1813 2063 si
1862 2025 2010 2079 opus
2041 2007 2137 2075 sit,

497 2099 675 2156 etiam
709 2096 781 2153 ad
813 2102 1048 2169 tempus
1076 2096 1300 2169 fugere,
1345 2112 1479 2152 cum
1514 2096 1790 2153 Ecclesia:
1820 2097 1999 2165 duces
2028 2098 2141 2153 hoc

492 2188 765 2253 fecerint,
788 2192 1073 2257 tanquam
1093 2185 1359 2241 volentes
1379 2185 1863 2258 praedicationem
1886 2204 2142 2244 commo-

493 2278 566 2334 de
599 2275 937 2343 extendere,
969 2274 1276 2349 magisque
1305 2275 1821 2347 persecutionibus
1844 2277 2066 2351 augeri.

681 2363 686 2367 “
1095 2364 1326 2420 CAPUT
1364 2364 1540 2420 XXII.

498 2466 582 2518 De
611 2460 805 2516 claudo
823 2475 858 2514 a
885 2456 1183 2512 nativitate
1212 2459 1311 2529 qui
1338 2460 1545 2528 Lystm's
1594 2474 1700 2529 per
1748 2457 2019 2527 apostolos
2046 2474 2140 2513 cu-

563 2530 720 2587 ratus
749 2536 827 2586 est
860 2537 1124 2600 :propter
1152 2530 1303 2599 quod
1338 2530 1421 2584 dii
1467 2545 1594 2597 esse,
1653 2534 1707 2584 et
1734 2532 1927 2597 furore
1956 2530 2144 2585 divino

562 2604 771 2673 agitari
798 2604 904 2658 visi
931 2608 1073 2673 sunt,
1092 2600 1303 2667 incolis,
1338 2601 1434 2655 ubi
1456 2608 1648 2671 postea
1681 2601 1966 2671 lapidatur
1993 2602 2140 2656 Pau-

569 2672 652 2731 ius
679 2691 715 2729 a
740 2672 962 2731 Iudaeis
988 2672 1115 2727 urbi
1142 2673 1358 2729 vicinis.

571 2835 723 2899 XIV,
755 2835 903 2887 7-21.
948 2855 973 2882 (ι
998 2834 1069 2886 Et
1097 2831 1341 2903 quidam
1372 2830 1457 2887 vir
1485 2830 1703 2904 Lystris
1734 2831 1949 2888 debilis
1978 2830 2148 2903 pedi-

500 2944 528 2971 ‹‹
552 2921 662 2978 bus
698 2920 979 2976 sedebat:
1014 2920 1115 2992 qui
1153 2936 1287 2977 cum
1317 2919 1390 2976 ab
1421 2926 1591 2976 utero
1641 2920 1846 2975 matris
1902 2919 2150 2977 claudus

501 3035 529 3062 ι(
564 3016 721 3071 esset
747 3025 1055 3082 nunquam
1079 3008 1501 3065 ambulaverat.
1529 3008 1632 3064 Hic
1654 3008 1877 3065 audivit
1901 3008 2150 3066 Paulum

497 3122 527 3151 «
562 3100 904 3173 loquentem
940 3117 954 3155 :
987 3100 1088 3172 qui
1133 3099 1388 3155 intuitus
1446 3115 1603 3164 eum,
1636 3099 1961 3171 vidensque
1993 3099 2153 3172 quod

501 3211 528 3239 ιι
561 3189 739 3246 fidem
779 3190 1026 3245 haberet
1074 3193 1133 3243 et
1183 3194 1249 3243 ut
1277 3187 1473 3244 salvus
1506 3189 1694 3252 fieret,
1729 3189 1875 3244 dixit
1931 3205 2146 3262 magna

500 3299 528 3329 «
561 3295 731 3334 voce:
766 3279 945 3351 Surge
995 3278 1055 3332 in
1083 3278 1264 3348 pedes
1297 3282 1428 3334 tuos
1460 3282 1676 3335 rectus.
1713 3279 1783 3332 Et
1813 3278 2051 3341 exsillit.
2084 3284 2144 3333 et

500 3390 528 3419 ι(
562 3367 924 3423 ambulabat.
985 3366 1193 3422 Turbm
1252 3383 1385 3421 vero
1443 3383 1579 3424 cum
1640 3367 1928 3423 vidissent
1982 3366 2140 3438 quod

501 3477 522 3505 ι
555 3456 781 3512 fecerat
800 3455 1036 3516 Paulus.
1066 3444 1437 3512 Sustulerunt
1458 3472 1660 3512 vocem
1677 3473 1843 3515 suam
1866 3473 2143 3512 sermone

504 3568 531 3595 (ι
564 3544 910 3619 Lycaonico,
930 3547 969 3599 1
984 3543 1084 3614 1⁵8
1104 3543 1402 3615 dicentes:
1436 3545 1525 3600 Dii
1544 3546 1888 3621 hominibus
1909 3546 2146 3601 assimi-

503 3657 530 3685 ‹‹
564 3634 667 3690 lati
700 3633 1139 3689 descenderunt
1169 3633 1392 3689 adnos.
1417 3636 1486 3689 Et
1505 3634 1796 3691 vocabant
1818 3634 2144 3691 Barnabam

503 3746 531 3776 ‹‹
550 3725 774 3791 Jovem,
799 3723 1045 3779 Paulum
1065 3739 1197 3777 vero
1217 3725 1588 3792 Mercurium,
1602 3724 1761 3795 quod
1781 3725 1832 3779 is
1854 3730 2011 3780 esset
2029 3724 2148 3800 dux

506 3834 536 3865 «
570 3812 883 3870 sermonis.
919 3809 1202 3867 Sacerdos
1231 3817 1426 3867 autem
1458 3812 1636 3880 Jovis,
1661 3813 1760 3884 qui
1794 3818 1930 3868 ante
1953 3814 2150 3870 civita-

507 3923 536 3953 ‹‹
566 3908 686 3958 tem
719 3902 959 3959 illorum
999 3906 1145 3967 erat,
1203 3899 1399 3956 allatis
1457 3902 1639 3959 tauris
1695 3908 1751 3957 et
1805 3902 2044 3957 coronis
2073 3901 2150 3958 ad

506 4014 534 4042 ‹‹
567 3990 862 4048 vestibula
904 4006 1039 4047 cum
1093 3989 1282 4063 turbis
1340 3990 1585 4047 volebat.
1617 3990 1949 4048 immolare.
1983 3990 2148 4057 Quod

507 4102 535 4131 ‹‹
567 4081 667 4136 ubi
699 4079 1016 4155 audierunt
1044 4081 1294 4152 apostoli
1320 4080 1613 4137 Barnabas
1644 4087 1703 4136 et
1733 4081 1974 4150 Paulus,
2004 4099 2148 4139 con-

513 4191 538 4224 α
569 4170 771 4235 scissis
804 4170 1061 4227 vestibus
1101 4171 1224 4226 suis
1283 4170 1624 4226 insilierunt
1655 4171 1715 4226 in
1749 4171 2002 4233 turbam.
2037 4172 2151 4227 cla-

505 4284 534 4312 ιι
563 4268 793 4319 mantes
849 4278 918 4317 ac
970 4260 1272 4316 dicentes:
1310 4261 1448 4317 Viri.
1481 4268 1549 4317 ut
1578 4261 1720 4332 quid
1752 4262 1867 4317 ista
1914 4261 2153 4318 facitis?

506 4370 667 4408 «nos
694 4369 931 4424 quoque
956 4350 1232 4405 similiter
1255 4350 1564 4406 affectibus
1596 4357 1655 4405 et
1682 4351 1857 4406 malis
1888 4351 2148 4419 obnoxii,

507 4468 532 4494 «
566 4459 772 4500 sumus
817 4441 1108 4501 homines.
1142 4440 1569 4515 annuntiantes
1606 4445 1674 4497 ut
1701 4442 1778 4497 ab
1811 4442 1939 4497 istis
1987 4442 2151 4498 vanis

512 4557 533 4583 ι
562 4529 1080 4589 convertaminiad
1111 4529 1298 4585 Deum
1329 4530 1545 4598 vivum,
1577 4530 1676 4600 qui
1699 4530 1841 4585 fecit
1860 4531 2072 4587 cmlum
2094 4537 2155 4587 et

2231 598 2259 625 ‹‹
2296 570 2535 643 λαλῆσαι
2567 573 2760 644 οὕτως,
2820 572 2959 629 ὣστε
3015 578 3293 630 πιστεῦσαι
3348 572 3645 632 Ἰουδαίων
3701 599 3759 633 τε
3782 580 3865 635 καὶ

2232 687 2260 715 «
2295 661 2582 732 Ἑλλήνων
2616 661 2758 718 πολὺ
2790 661 3024 731 πλῆθος.
3057 664 3121 718 Οἱ
3147 660 3206 719 δὲ
3237 665 3586 729 ἀπειθοῦντες
3632 663 3869 726 Ἰουδαῖοι

2233 775 2260 805 «
2292 749 2582 825 ἐπήγειραν
2635 751 2725 806 καὶ
2813 749 3089 806 ἐκάκωσαν
3161 751 3257 814 τὰς
3314 755 3504 829 ψυχὰς
3556 758 3664 808 τῶν
3713 754 3868 820 ἐνθῶν

2233 865 2262 894 ι(
2295 842 2429 897 κατὰ
2464 846 2569 897 τῶν
2610 838 2879 918 ἀδελφῶν.
2914 843 3115 898 Ἱκανὸν
3149 843 3244 914 μὲν
3278 843 3369 898 οὗν
3422 844 3628 920 χρόνον
3685 842 3874 921 διίτρι-

2233 956 2261 983 ‹‹
2296 928 2928 1007 ψανπαῤῥησιαζόμενοι
2988 930 3075 986 ἐπὶ
3132 936 3213 1005 τῷ
3270 931 3481 1006 Κυρίῳ,
3538 936 3620 1004 τῷ
3677 955 3869 1010 μαρτυ-

2235 1043 2260 1073 σ
2296 1025 2480 1094 ροῦντι
2508 1024 2586 1092 τῷ
2616 1017 2772 1095 λόγῳ
2794 1025 2895 1090 τῆς
2926 1021 3152 1095 χάριτος
3186 1019 3371 1089 αὐτοῦ,
3420 1017 3633 1078 διδόντι
3690 1028 3877 1096 σημεῖα

2233 1134 2263 1163 ι(
2295 1109 2387 1165 καὶ
2415 1109 2611 1182 τέρατα
2635 1110 2841 1186 γενέθαι
2874 1105 2962 1163 διὰ
3016 1113 3124 1164 τῶν
3176 1113 3379 1185 χειρῶν
3441 1110 3644 1166 αὐτῶν.
3702 1112 3879 1189 Ἐσχί-

2234 1225 2261 1253 ‹‹
2297 1211 2397 1272 σθη
2431 1197 2488 1256 δὲ
2516 1199 2579 1255 τὸ
2609 1199 2821 1271 πλῆθος
2859 1203 2957 1265 τῆς
2986 1198 3227 1267 πόλεως,
3262 1200 3349 1255 οιαὶ
3385 1201 3439 1254 οἱ
3479 1201 3578 1274 μὲν
3620 1201 3748 1273 ἦσαν
3794 1204 3877 1259 σὺν

2241 1314 2261 1342 ι
2305 1293 2420 1350 τοῖς
2453 1285 2764 1352 Ἰουδαίοις,
2796 1289 2847 1343 οἱ
2880 1287 2939 1344 δὲ
2987 1288 3079 1344 σὺν
3135 1294 3252 1352 τοῖς
3303 1288 3669 1353 ἀποστόλοις.
3718 1293 3801 1354 Ὠς
3828 1289 3880 1347 δὶ

2238 1405 2265 1431 ι(
2296 1377 2510 1456 ἐγένετο
2532 1379 2680 1453 ὁρμὴ
2712 1382 2820 1449 τῶν
2851 1376 3051 1445 ἐνθνῷν
3087 1398 3146 1433 τε
3168 1378 3256 1434 καὶ
3292 1376 3584 1435 Ἰουδαίων
3635 1378 3725 1435 σὺν
3776 1386 3877 1443 τοῖς

2241 1500 2268 1529 α
2301 1472 2563 1553 ἄρχουσιν
2591 1474 2792 1541 αὐτῶν,
2825 1470 3043 1551 ὑϐρίσαι
3099 1476 3191 1530 καὶ
3252 1472 3631 1546 λιθοϐολῆσαι
3682 1476 3880 1548 αὐτοὺς,

2241 1589 2269 1619 ‹‹
2303 1562 2605 1627 συνιδόντες
2635 1564 2930 1643 κατέφυγον
2964 1565 3039 1627 εἷς
3071 1564 3168 1629 τὰς
3204 1563 3405 1630 πόλεις
3461 1572 3567 1635 τῆς
3600 1566 3880 1630 Λυκαονίας

2242 1680 2269 1707 ‹‹
2303 1661 2546 1731 Λύστραν
2591 1653 2683 1711 καὶ
2741 1648 2972 1729 Δὶρόῃν,
3031 1654 3122 1711 καὶ
3186 1655 3286 1725 τὴν
3346 1655 3695 1732 περίχωρον,
3746 1655 3881 1712 κάκεῖ

2250 1767 2270 1795 α
2303 1742 2440 1813 ἦσαν
2472 1739 2976 1818 εὐαγγελιζόμενοι.
3012 1766 3034 1792 ι

2321 1944 2349 1971 (ι
2398 1921 2725 1998 Κατὲφυγον.
2782 1944 2810 1973 n
2870 1921 3223 1995 Σημειωτὲον
3278 1919 3512 1986 ἐνταῦθα
3569 1920 3653 1977 ὄτι
3710 1921 3774 1979 οὗ
3819 1919 3888 1978 δεῖ

2248 2008 2579 2085 ἐπιρῥίπτειν
2612 2012 2759 2081 ἡμᾶς
2816 2014 2934 2072 τοῖς
2979 2007 3276 2079 κινδύνοις,
3309 2009 3442 2066 ἀλλ’
3511 2010 3558 2065 εἰ
3621 2008 3757 2078 δέοι,
3812 2010 3884 2067 καί

2249 2096 2465 2173 φεύγειυ
2493 2097 2629 2170 πρὸς
2659 2098 2869 2173 καιρὸν,
2898 2102 3008 2153 τῶν
3040 2098 3349 2175 κορυφαίων
3380 2097 3549 2156 τοῦτο
3577 2101 3885 2169 ποιοιύντων,

2249 2184 2432 2260 ὥσπερ
2464 2184 2750 2256 ἐπίστῃδες
2799 2185 3030 2242 ἐκτεῖναι
3086 2187 3470 2263 βουλομένους
3508 2190 3571 2244 τὸ
3631 2192 3883 2267 κήρυγμα.

2249 2277 2341 2331 καὶ
2366 2271 2458 2330 διὰ
2481 2279 2611 2349 τῶμ
2646 2272 2908 2352 δϊωγμῶν
2943 2273 3162 2351 μᾶλλον
3191 2276 3535 2351 αὐξάνεσθαι.

2856 2366 3121 2423 ΚΕΦΑΛ.
3163 2366 3286 2423 ΚΒ“.

2254 2458 2326 2510 Πε
2367 2452 2384 2507 ὶ
2429 2455 2527 2509 τοῦ
2583 2451 2634 2509 ἐν
2697 2452 2843 2509 Λῦστ
2883 2473 2968 2516 οις
3027 2452 3085 2509 ὲκ
3130 2457 3350 2528 γενετῆς
3421 2454 3622 2530 γωλοῦ
3667 2452 3885 2518 ἱαθὲντος

2324 2471 2414 2580 ad
2467 2528 2575 2579 τῶν
2634 2473 2980 2580 ἀποστόλων
3049 2522 3119 2579 δι’
3192 2527 3325 2580 ὅπερ
3412 2516 3551 2580 εῗναί
3633 2549 3690 2580 τε
3762 2526 3881 2580 θεοὶ.

2363 2524 2414 2602 id:
2467 2528 2575 2579 τῶν
2634 2516 3010 2602 ἀποστόλων,
3049 2522 3119 2579 δι’
3144 2516 3155 2528 ’
3383 2516 3551 2602 μεῖναί
3633 2549 3690 2602 τε
3725 2516 3881 2602 θεοὶ,

2477 2602 2707 2674 μανῆναι
2789 2593 3312 2674 τοῖς-,ἐγχωρίοις
3379 2595 3591 2674 ξδοξαψ
3662 2593 3881 2674 ἔνθα

2324 2667 2415 2745 καὶ
2479 2666 2785 2745 μετεπειτᾳΔ
2851 2666 3215 2745 λιθαζεῖταίὸ
3270 2666 3501 2734 Παῦλος
3577 2670 3719 2745 παρᾶ
3789 2672 3882 2724 τῶν

2325 2737 2715 2814 ἀστυγειτόνων
2747 2737 3048 2797 Ἰουδαίων.

2328 2852 2358 2882 ι(
2394 2827 2490 2884 Καί
2519 2849 2601 2891 τις
2630 2828 2766 2905 ἀνὴρ
2808 2828 2860 2884 ἐν
2899 2828 3166 2904 Λύστροις
3221 2829 3525 2894 ἀδύναντος
3581 2836 3697 2893 τοῖς
3760 2826 3892 2884 ποσὶν

2260 2941 2288 2971 ιι
2319 2913 2573 2987 ἐκάθητο.
2610 2919 2802 2993 χωλὸς
2833 2917 2895 2975 ἐκ
2921 2918 3138 2980 κοιλίας
3175 2921 3393 2996 μητρὸς
3427 2921 3596 2976 αὐτοῦ
3643 2917 3889 2998 ὑπάρχων,

2259 3030 2286 3058 ‹‹
2321 3006 2383 3071 ’ἐς
2440 3003 2702 3062 οὐδέποτε
2784 3009 3263 3081 περιεπεπατήκει.
3350 3011 3540 3072 Οὗτος
3609 3006 3768 3079 ἤκουε
3813 3007 3891 3060 τοῦ

2262 3121 2289 3148 ‹‹
2324 3093 2544 3152 Παύλου
2585 3095 2907 3157 λαλοῦντος.
2966 3097 3066 3157 Ὃς
3123 3096 3365 3158 ἀτενίσας
3410 3099 3564 3156 αὐτῶ
3619 3098 3707 3153 καὶ
3764 3093 3888 3163 ἰδὼν,

2269 3211 2293 3240 σι
2325 3186 2409 3242 ὅτι
2441 3184 2618 3241 πίστιν
2651 3183 2767 3259 ἔχει
2796 3189 2894 3238 τοῦ
2925 3187 3184 3254 σωθῆναι,
3222 3187 3345 3242 εἶπε
3377 3187 3607 3266 μεγάλῃ
3639 3191 3704 3259 τῇ
3737 3186 3888 3262 φωνῇ.

2258 3300 2286 3328 (ι
2324 3276 2615 3345 ’Λναστηθι
2645 3271 2731 3328 ἐπὶ
2764 3272 2891 3334 τοὺς
2925 3272 3092 3335 πόδας
3142 3295 3238 3329 σου
3273 3275 3473 3348 ὀρθός.
3538 3276 3635 3335 Καὶ
3686 3274 3887 3346 ἥλλετο,

2255 3389 2282 3417 α
2311 3364 2767 3438 καὶπεριεπάτει.
2827 3363 2894 3420 Οἱ
2945 3361 3001 3417 δὶ
3057 3361 3225 3443 ὄχλοι
3288 3361 3509 3428 ἰδόντες
3542 3367 3572 3420 ’ὀ
3601 3361 3885 3432 ἱποίησενὸ

2252 3454 2494 3521 Παῦλός,
2528 3452 2734 3527 ἐπῆραν
2765 3451 2862 3521 τὴν
2924 3452 3111 3529 φωνὴν
3170 3451 3348 3508 αὐτῶν
3416 3452 3744 3516 Λυκαονιστὶ,
3798 3448 3881 3503 λέ-

2251 3561 2515 3616 «γοντες·
2547 3542 2614 3611 Ui
2645 3541 2758 3605 θεοὶ
2814 3539 3178 3613 ὁμοιωθέντες
3236 3541 3561 3614 ἀνθρώποις
3616 3533 3883 3607 κατέϐησαν

2256 3653 2286 3683 ‹‹
2315 3632 2451 3705 πρὸς
2483 3632 2651 3701 ἡμᾶς.
2712 3628 2978 3686 Ἐκάλουν
3027 3649 3085 3683 τε
3136 3630 3227 3685 τὸν
3289 3631 3385 3702 μὲν
3461 3625 3750 3705 Βαρνάϐαν,
3780 3635 3885 3694 Δια,

2256 3743 2284 3772 α
2314 3719 2405 3774 τὸν
2436 3715 2493 3773 δὲ
2525 3717 2765 3787 Παῦλον,
2825 3722 3059 3792 Ἑρμῆν,
3092 3714 3276 3789 ἐπειδὴ
3309 3718 3488 3783 αὐτὸς
3518 3722 3582 3790 ἦν
3611 3722 3637 3774 ὁ
3668 3715 3887 3792 ἡγούμε-

2260 3830 2287 3862 σι
2315 3828 2408 3873 νος
2435 3812 2532 3864 τοῦ
2571 3804 2763 3883 λόγου.
2795 3812 2853 3866 Ὀ
2885 3806 2942 3863 δὲ
2970 3806 3144 3878 ἱερεὺς
3173 3812 3274 3862 τοῦ
3306 3809 3399 3865 Διὸ
3420 3832 3467 3878 ς,
3495 3814 3592 3866 τοῦ
3627 3804 3766 3867 ὄντος
3795 3799 3885 3876 πρὸ

2260 3920 2289 3950 ιι
2318 3902 2418 3966 τῆς
2449 3893 2664 3957 πόλεως
2699 3894 2898 3965 αὐτῶν,
2929 3895 3160 3968 ταύρους
3193 3894 3283 3951 καὶ
3315 3896 3611 3971 στέμματα
3657 3893 3753 3951 ἐπὶ.
3778 3890 3887 3948 τοὺς

2263 4010 2285 4039 ι
2321 3984 2574 4047 πυλῶνας
2642 3983 2879 4062 ἐνέγκας,
2940 3985 3030 4039 σὺν
3090 3990 3207 4047 τοῖς
3262 3982 3473 4060 ὄχλοις
3529 3984 3690 4056 ἤθελε
3739 3981 3880 4037 θῦειν.

2258 4098 2288 4128 ‹‹
2317 4075 2675 4139 Ἀκούσαντες
2712 4071 2771 4130 δὲ
2801 4075 2853 4129 οἱ
2885 4072 3184 4130 ἀπόστολοι
3216 4072 3500 4148 Βαρνάϐας
3526 4075 3615 4132 καὶ
3669 4070 3876 4134 Παῦλος,

2261 4187 2291 4218 α
2320 4161 2700 4240 διαρρήξαντες
2785 4164 2851 4218 τὰ
2898 4163 3093 4237 ἱμάτια
3167 4162 3366 4229 αὐτῶν,
3412 4161 3764 4233 εἰσεπήδησαν
3814 4155 3879 4240 είς

2262 4277 2285 4306 ι
2322 4255 2412 4309 τὸν
2466 4251 2666 4333 ὄχλον,
2726 4255 3014 4326 κράζοντες
3065 4253 3155 4308 καὶ
3215 4252 3479 4328 λέγοντες·
3558 4250 3787 4327 Ἄνδρες,
3835 4237 3882 4301 τί

2258 4369 2288 4398 ιι
2320 4348 2489 4400 ταῦτα
2516 4349 2724 4399 ποιεῖτε
2755 4363 2770 4411 ;
2800 4342 2889 4397 καὶ
2943 4346 3108 4416 ἡμεῖς
3167 4348 3533 4416 ομοιοπαθεῖς
3590 4343 3742 4415 ἐσμεν
3774 4338 3879 4407 ὑμῖν

2265 4456 2291 4488 ⁸
2321 4432 2624 4507 ἅνθέῳποιο
2658 4431 3144 4506 εὐαγγελιζόμενοι
3178 4432 3316 4504 ὑμᾶς
3376 4433 3484 4489 ἀπὸ
3543 4431 3741 4489 τούτων
3787 4426 3876 4480 τῶν

2267 4549 2287 4576 ι
2326 4523 2569 4597 ματαίων
2601 4523 2937 4598 ἐπιστρέφειν
2993 4522 3080 4579 ἐπὶ
3138 4522 3230 4591 τρν
3285 4526 3415 4580 Θεὸν
3467 4524 3563 4581 τὸν
3620 4514 3879 4592 ζῶντα,δς

515 4643 536 4670 ι
573 4627 812 4689 terram,
845 4636 1007 4676 mare
1031 4625 1087 4675 et
1116 4619 1314 4675 omnia
1349 4634 1481 4690 quae
1512 4619 1574 4672 in
1607 4619 1693 4673 eis
1724 4624 1899 4675 sunt:
1961 4619 2061 4690 qui
2096 4620 2140 4674 ir

2266 4639 2293 4667 «ι
2338 4614 2561 4685 ἐποίησε
2589 4614 2681 4670 τὸν
2713 4613 2942 4686 οὐρανὸν
2970 4613 3060 4669 καὶ
3091 4614 3189 4683 τήν
3224 4617 3350 4690 γῆν,
3408 4614 3497 4669 καὶ
3555 4614 3651 4681 τήν
3702 4604 3881 4666 θάλασ-

514 4732 536 4760 ι
570 4710 886 4782 praeteritis
914 4708 1394 4782 generationibus
1428 4707 1662 4764 sinebat
1707 4725 1917 4765 omnes
1947 4713 2154 4782 gentes

512 4821 539 4848 ‹‹
569 4798 798 4871 ingredi
829 4798 936 4853 viis
968 4799 1110 4855 suis.
1136 4800 1481 4869 Quanquam
1512 4814 1630 4854 non
1664 4804 1965 4870 expertem
1988 4799 2157 4853 testi-

511 4908 538 4936 «
575 4884 759 4939 monii
794 4884 1055 4957 seipsum
1078 4900 1209 4940 esse
1241 4885 1493 4951 sinebat,
1528 4885 1669 4942 dum
1698 4885 1991 4942 beneﬁcia
2021 4903 2156 4942 con-

509 4999 535 5028 ‹‹
572 4974 773 5038 ferret,
816 4972 887 5029 de
919 4973 1064 5029 cmlo
1095 4974 1244 5028 dans
1284 4974 1456 5031 nobis
1487 4975 1716 5046 pluvias
1768 4992 1836 5031 ac
1885 4982 2157 5049 tempora

507 5089 533 5116 ‹‹
570 5064 895 5123 fructifera.
928 5062 1185 5134 implens
1225 5062 1353 5118 cibo
1387 5070 1444 5117 et
1486 5064 1692 5120 laetitia
1723 5065 1903 5120 corda
1928 5072 2152 5122 nostra.

509 5176 532 5208 ι
571 5158 639 5210 Et
669 5157 796 5209 haec
826 5153 1095 5209 dicentes
1162 5152 1252 5206 vix
1292 5160 1796 5223 compescuerunt.
1832 5154 2035 5211 turbas
2078 5172 2154 5212 ne

508 5268 534 5293 ι(
570 5244 683 5300 sibi
716 5242 1133 5298 immolarent:
1179 5250 1646 5311 supervenerunt
1681 5249 1875 5299 autem
1912 5245 2157 5315 quidam

509 5357 536 5384 α
567 5334 639 5388 ab
676 5331 981 5387 Antiochia
1014 5338 1074 5388 et
1117 5330 1315 5389 Iconio
1344 5330 1551 5394 Judaei,
1585 5333 1684 5402 qui
1718 5348 1851 5389 cum
1911 5349 2151 5404 persua-

516 5444 537 5472 ι
574 5424 792 5478 sissent
810 5421 996 5481 turbis
1014 5437 1081 5477 ac
1106 5420 1350 5477 Paulum
1375 5420 1755 5493 lapidassent,
1776 5428 2158 5480 extraxerunt

520 5533 547 5566 σ
577 5527 711 5569 cum
742 5529 773 5568 e
806 5512 1037 5568 civitate
1069 5509 1477 5567 existimantes
1516 5518 1814 5570 mortuum
1846 5528 1997 5569 esse.
2030 5512 2157 5568 Cir-

516 5627 543 5654 ‹‹
578 5601 997 5659 cumdantibus
1025 5608 1224 5658 autem
1273 5617 1409 5658 eum
1453 5602 1761 5675 discipulis
1814 5603 2072 5660 surrexit
2099 5611 2158 5660 et

522 5713 544 5744 ι
577 5691 822 5750 intravit
846 5691 1142 5749 civitatem
1158 5702 1178 5745 ’ς
1212 5708 1279 5747 ac
1310 5696 1547 5763 postero
1589 5691 1685 5748 die
1742 5691 2038 5765 profectus
2069 5700 2159 5752 est

2265 4727 2292 4756 «
2327 4724 2423 4759 σαν
2479 4702 2571 4759 καὶ
2622 4702 2805 4765 πάντα,
2868 4703 2936 4758 τὰ
2986 4701 3038 4757 ἐν
3096 4702 3305 4765 αὐτοῖς·
3364 4704 3423 4766 ὃς
3481 4701 3534 4759 ἐν
3588 4704 3704 4759 ταῖς
3756 4713 3882 4768 παρ·

2264 4816 2292 4845 (ι
2326 4796 2644 4868 ῳχημὲναις
2672 4797 2874 4868 γενεαῖς
2907 4790 3053 4846 εἴάσε
3081 4792 3252 4847 πάντα
3298 4792 3366 4846 τὰ
3403 4791 3529 4860 ἔθνη
3587 4784 3879 4861 πορεύεσθαι

2264 4906 2293 4936 α
2322 4888 2440 4947 ταῖς
2470 4879 2620 4945 ὅδοῖς
2652 4882 2850 4941 αὐτῶν.
2902 4880 3087 4938 Καίτοι
3142 4902 3206 4955 γε
3263 4881 3365 4937 οὐκ
3418 4881 3722 4954 ἀμάρτυρον
3769 4875 3877 4929 ἑαυ-

2269 4998 2289 5024 ι
2337 4974 2427 5028 τὸν
2479 4973 2682 5051 ἀφῆκεν
2767 4972 3140 5049 ἀγαθοποιων,
3227 4971 3512 5047 οὐρανόθεν
3595 4971 3743 5051 ἡμῖν
3805 4961 3881 5015 ὕεα

2267 5062 2451 5126 «τοὺς
2530 5050 2736 5134 διδοὺς,
2814 5061 2904 5118 καὶ
2989 5059 3215 5136 καιροὺς
3281 5060 3677 5141 καρποφόρους,
3729 5050 3877 5123 ἐμπι-

2264 5175 2293 5205 ‹‹
2321 5151 2478 5207 πλῶν
2505 5159 2714 5230 τροφῆς
2759 5150 2852 5206 καὶ
2908 5150 3244 5230 εὐφροσύνης
3293 5150 3389 5212 τὰς
3444 5145 3666 5222 καρδέας
3700 5142 3869 5230 ᾑμῶν.

2265 5264 2294 5294 ι(
2328 5242 2431 5297 Καὶ
2461 5226 2630 5296 ταῦτα
2660 5238 2908 5301 λέγοντες
2941 5226 3104 5312 μόλις
3133 5240 3467 5295 κατέπαυσαν
3505 5235 3630 5296 τοὺς
3685 5226 3874 5303 ὄχλους

2265 5352 2295 5383 ι(
2326 5333 2424 5386 τοῦ
2460 5330 2535 5404 μή
2569 5329 2710 5393 θύειν
2735 5329 2946 5391 αὐτοῖς.
2991 5327 3263 5397 Ἐπῆλθον
3297 5324 3353 5386 δὲ
3401 5326 3503 5383 ἀπὸ
3556 5312 3875 5389 Ἀντιοχείας

2265 5442 2296 5472 ιι
2326 5419 2417 5492 καὶ
2450 5418 2682 5476 Ἰκονίου
2717 5415 2994 5480 Ἰουδαῖοι.
3025 5414 3117 5474 καὶ
3166 5417 3453 5495 πείσαντες.
3488 5412 3612 5472 τοὺς
3665 5403 3872 5495 ὅχλθξυῦ
3904 5429 3913 5439 ·

2265 5532 2297 5564 α
2326 5509 2415 5565 καὶ
2447 5511 2757 5574 λιθάσαντες
2783 5509 2875 5564 τὸν
2913 5506 3150 5578 Παῦλον,
3183 5505 3371 5584 ἔσυρον
3431 5500 3549 5580 ἔξωζ
3576 5508 3669 5570 τῆς
3722 5490 3873 5584 πόλες

2267 5623 2296 5653 ‹‹
2327 5622 2423 5672 ως,
2464 5600 2776 5673 νομίσαντες
2831 5599 2993 5657 αὐτὸν
3049 5600 3312 5659 τεθνάναι.
3383 5595 3769 5658 Κυκλωσοὶντων
3818 5577 3870 5673 ξὶ

2264 5714 2296 5744 ‹‹
2326 5666 2484 5748 αὐτὸν
2515 5666 2621 5747 τῶν
2662 5691 2940 5766 μαθητῶν,
2971 5689 3197 5757 ἀναστὰς
3245 5689 3361 5763 ιῖσῆ
3373 5689 3505 5748 mm,
3552 5684 3629 5745 αἱς
3668 5677 3760 5747 τὴν
3780 5666 3875 5726 πό·
