4112 6250
298 365 415 429 213

1280 371 1684 433 COMMENT.
1730 373 1807 433 ΙΝ
1854 373 2058 434 ACTA
2098 376 2715 443 APOSTOLORUM.

3602 386 3720 445 214

298 523 328 552 α
361 492 1010 589 λινίκαὶτῇὶτταῦριον
1070 499 1257 573 ἐξῆλθε
1315 503 1405 557 σὺν
1442 508 1522 575 τῷ
1579 499 1832 579 Βαρνάϐᾳ
1886 503 1957 567 εἷς

2082 530 2106 563 α
2141 527 2277 569 cum
2321 514 2587 571 Barnaba
2646 515 2917 573 Derbem.
2979 518 3049 571 Et
3100 533 3235 573 cum
3292 516 3721 589 pradicassent

303 615 332 643 α
366 585 589 666 Δέρϐην.
640 588 1182 667 Εὖαγγελισάμενοί
1226 614 1279 649 τε
1344 596 1443 664 τὴν
1510 594 1673 651 πόλιν
1737 596 1963 668 ἐκείνην,

306 681 454 734 ικαὶ
533 678 984 753 μαθητεύσαντες
1056 682 1286 747 ἱκανοὺς,
1341 685 1674 759 ὑπέστρεψαν
1734 686 1808 747 εἷς
1868 692 1964 754 την

300 795 331 824 α
372 769 613 843 Λύστραν
653 768 739 824 καὶ
767 770 1015 826 ⁹Ῐκόνιον
1048 772 1137 825 καὶ
1171 773 1532 848 Ἀντιόχειαν,
1580 775 1960 850 ἐπιστηρίζον-

300 884 452 925 ατες
482 862 573 924 τὰς
616 862 790 938 ψυχὰς
855 868 972 918 τῶν
1034 870 1312 937 μαθητῶν,
1374 868 1462 921 καὶ
1521 868 1963 938 παρακαλοῦντες

308 974 338 1004 α
370 950 623 1025 ἐμμένειν
648 956 716 1025 τῇ
745 950 954 1018 πίστει,
1018 954 1107 1007 καὶ
1167 955 1246 1009 ὅτι
1300 952 1389 1010 δια
1435 954 1664 1012 πολλῶν
1723 955 1961 1031 θλίψεων

301 1065 334 1093 κ
371 1040 456 1096 δεῖ
483 1043 631 1115 ἡμᾶς
661 1040 929 1106 εἰσελθεῖν
962 1042 1040 1105 εἷς
1072 1045 1170 1112 τήν
1203 1043 1487 1119 βασιλείαν
1516 1043 1614 1100 τοῦ
1655 1051 1809 1103 Θεοῦ.
1847 1071 1873 1097 ››

382 1156 406 1180 α
440 1130 836 1207 Διαῤῥγςξαντες
869 1132 936 1186 τὰ
966 1132 1180 1205 ἱμάτια.
1215 1157 1239 1181 ιο
1283 1136 1444 1197 Ἔθος
1485 1134 1626 1189 ἐστὶν
1680 1133 1961 1198 Ἰουδαίοις

305 1219 396 1277 ἰπὶ
459 1226 580 1282 ταῖς
638 1221 773 1275 κατὰ
826 1225 961 1276 Θεοῦ
1024 1218 1359 1299 δυσφημίαις
1414 1222 1841 1298 περιρῥηγνύνσι
1898 1225 1965 1279 τὰ

304 1311 523 1381 ἱμάτια·
561 1309 659 1364 Καὶ
690 1314 818 1381 γοῦν
870 1311 897 1364 ὁ
955 1312 1219 1390 Καϊάφας,
1286 1312 1401 1367 υἱὸν
1461 1313 1646 1367 ἑαυτὸν
1702 1318 1798 1367 τοῦ
1857 1318 1963 1369 Θοῦ

302 1396 570 1473 λέγοντος
604 1402 700 1451 τοῦ
742 1401 998 1471 Χριστοῦ,
1059 1398 1377 1474 περιέρρηξε
1435 1401 1533 1467 τὴν
1578 1401 1796 1469 ἐσθῆτα,
1847 1399 1962 1455 διαο

296 1485 581 1560 κεκραγώς
613 1506 670 1540 τε
696 1485 788 1539 καὶ
830 1483 1028 1559 λέγων,
1075 1484 1158 1540 ὅτι
1214 1484 1587 1565 ἐδυσφήμησε.
1641 1490 1816 1544 Τοῦτο
1864 1509 1963 1545 πε-

300 1576 555 1649 πράχασι
613 1574 703 1628 καί
767 1576 819 1628 οἱ
878 1575 1151 1629 θεσπέσιοι
1195 1576 1437 1647 μαθηταὶ
1524 1572 1796 1653 Βαρνάϐας
1870 1578 1961 1632 καὶ

300 1663 541 1732 Παῦλος,
605 1662 832 1727 ἐνταῦθα
892 1661 1005 1727 θεοί
1056 1663 1423 1735 νομισθέντες,
1482 1664 1587 1720 ἀπὸ
1674 1664 1959 1726 διαθέσεως

298 1760 487 1831 ψυχῆς
547 1756 1031 1834 ἀποστρεφόμενοι
1081 1756 1149 1811 τὰ
1212 1757 1501 1829 γινόμενα,
1582 1759 1667 1812 καὶ
1731 1759 1958 1822 πένθους

298 1851 584 1908 ποιοῦντες
620 1850 849 1917 σημεῖα.
887 1844 1088 1907 Πένθος
1120 1846 1219 1920 γὰρ
1252 1846 1317 1915 ἦν
1347 1842 1513 1908 ὄντως
1565 1845 1677 1923 εἷ’γε
1720 1846 1955 1920 ἔμελλον

301 1937 408 2001 θεοῖ
435 1936 764 2009 νομίζεσθαι
796 1934 886 1990 καὶ
922 1933 1353 2010 εἰδωλολατρίαν
1384 1935 1640 2012 εἰσάγειν,
1670 1938 1735 2007 ἧν
1783 1937 1953 2008 ἦλθον

300 2026 632 2083 καταλῦσαι.

376 2118 925 2192 αΧειροτονῆσαντες
989 2112 1047 2170 δὶ
1128 2115 1315 2178 αὐτοῖς
1394 2113 1789 2191 πρεσϐυτέρους
1840 2119 1955 2173 κατ’

322 2206 725 2274 «Ἐκκλησίαν,
784 2205 1213 2280 προσευξάμενοι
1270 2206 1405 2277 μετὰ
1469 2211 1746 2276 νηστειῶν,
1818 2228 1952 2279 παρ·

325 2294 563 2358 αέθεντο
616 2294 804 2357 αὐτοὺς
864 2299 944 2365 τῷ
1001 2295 1187 2368 Κυρίῳ
1244 2295 1319 2357 είς
1378 2294 1434 2350 ὅν
1494 2294 1955 2356 πεπιστεύκεισαν,

320 2410 351 2438 α
385 2380 823 2445 Καέ,ὃιελθόντες
856 2385 954 2451 τήν
993 2381 1259 2452 Πισιδίαν,
1287 2382 1463 2451 ἦλθον
1504 2383 1577 2440 εἷς
1610 2384 1957 2457 Παμφυλίαν.

317 2500 344 2525 α
372 2474 469 2528 Sa?
499 2472 845 2542 λαλήσαντες
886 2471 936 2526 ἐν
966 2474 1147 2546 Πέργῃ
1176 2473 1265 2529 τὸν
1300 2474 1485 2546 λόγον,
1544 2468 1845 2542 κατέϐησαν
1880 2473 1954 2534 εἷς

307 2590 333 2615 ιι
362 2561 703 2620 ⁹.-ὶττᾶλε;αν·
734 2564 979 2616 κάκεῖθεν
1012 2562 1353 2616 ἀπέπλευσαν
1384 2561 1460 2623 είς
1509 2560 1783 2630 Μίλητον,
1833 2563 1952 2624 ὃθεν

301 2682 327 2709 «
358 2660 487 2723 ἦσαν
518 2651 964 2727 παραδεδομένοι
992 2657 1062 2727 τῇ
1097 2656 1282 2728 χάριτι
1314 2659 1409 2708 τοῦ
1443 2658 1576 2709 Θεοῦ
1608 2653 1685 2716 εἷς
1714 2656 1773 2708 τὸ
1805 2654 1957 2731 ἔργον

301 2770 327 2796 α
355 2748 385 2801 ὅ
416 2746 776 2819 ἐπλήρωσαν.
828 2744 1267 2819 Παραγενόμενοι
1318 2741 1376 2797 δὲ
1418 2744 1507 2797 καὶ
1564 2746 1955 2818 συναγαγόντες

293 2840 450 2906 uni,"
519 2831 887 2903 Ἐκκλησίαν,
944 2830 1276 2908 ἀνήγγειλαν
1333 2831 1431 2886 ὅσα
1488 2832 1733 2902 ἐποίησεν
1767 2834 1956 2895 ὁΘεὸς

287 2949 319 2980 α
348 2926 467 2997 μετ’
499 2922 715 2991 αὐτῶν,
750 2921 841 2976 καὶ
875 2920 957 2977 ὅτι
1020 2921 1199 2994 ⁴ἓζνοιξε
1254 2926 1369 2981 τοῖς
1412 2919 1608 2976 ἔθνεσιν
1650 2922 1812 2997 θύραν
1863 2923 1956 2977 πί-

284 3040 311 3068 ι(
344 3035 544 3075 στεως.
598 3005 888 3084 Διέτριϐον
922 3007 979 3065 δὲ
1004 3008 1116 3065 ἐκεῖ
1146 3010 1347 3085 χρόνον
1379 3008 1477 3065 οὐκ
1500 3007 1691 3085 ὀλίγον
1721 3010 1812 3066 σὺν
1839 3016 1955 3073 τοῖς

287 3129 319 3157 α
353 3107 655 3176 μαθηταῖς.
704 3125 734 3153 )›

372 3194 471 3247 Δια
495 3192 555 3246 τί
587 3187 713 3245 ουδὲ
744 3187 796 3243 ἐν
837 3188 1043 3263 Κύπρῳ
1075 3184 1200 3242 οὐδὲ
1256 3185 1309 3243 ἐν
1364 3190 1647 3265 Βαμαρείᾳ
1700 3189 1959 3260 ἐποίησαν

310 3276 710 3354 πβῖσϐυτέἓσδς
771 3280 823 3334 οἶ
884 3276 1213 3348 ἀπόστολοι,
1272 3277 1419 3333 ἀλλὰ
1509 3276 1766 3335 ἐνταῦθα;
1839 3281 1958 3337 ’Ότι

320 3368 521 3426 ἐκεῖναι
558 3369 652 3439 μὶν
708 3367 862 3443 ἔγγὺς
928 3368 1063 3437 ἦσαν
1121 3369 1218 3434 τῆς
1278 3367 1641 3442 Ἰερουσαλὴμ
1692 3368 1781 3422 καὶ
1853 3374 1960 3423 τῶν

324 3458 671 3526 ἀποστόλων,
702 3459 785 3513 καὶ
827 3458 880 3513 ἐν
952 3457 1088 3529 αὐτῇ
1150 3454 1207 3512 δὶ
1258 3460 1327 3529 τῇ
1387 3458 1701 3532 Ἀντιοχείᾳ
1731 3458 1758 3512 ὁ
1792 3455 1961 3531 λόγος

315 3549 543 3624 iugiter
600 3546 825 3602 ἐνταῦθα
886 3544 945 3601 δὲ
997 3544 1217 3615 πολλῆς
1292 3543 1502 3602 ἐδέοντο
1591 3546 1958 3621 παραμυθίας,

312 3640 395 3694 καὶ
431 3638 677 3711 μάλιστα
718 3638 770 3691 οἱ
816 3637 867 3705 ἐξ
907 3638 1069 3699 εθνῶν
1130 3633 1439 3713 ὀφείλοντες
1486 3634 1673 3691 πολλὰ
1712 3634 1958 3692 διδάσκε-

312 3730 445 3784 σθαι.
480 3724 840 3799 Σημειωτέον
876 3722 931 3779 δὲ
967 3726 1051 3779 ὅτι
1084 3725 1137 3778 οἱ
1164 3724 1290 3797 περὶ
1339 3722 1555 3780 Παῦλον
1605 3725 1695 3779 καὶ
1753 3726 1955 3799 Βαρνοὶ⁸

307 3812 398 3871 ϐαν
433 3815 756 3872 ἐπισκόπων
814 3814 966 3892 εἶχον
1030 3812 1199 3883 ἀξίαν,
1260 3811 1308 3883 ἐξ
1355 3813 1428 3867 ὧν
1486 3811 1865 3888 ἐχειροτόνουν
1899 3815 1960 3870 οὐ

300 3906 463 3979 μόνον
526 3902 844 3969 διακόνους,
902 3900 1047 3956 ἀλλὰ
1101 3902 1189 3956 καὶ
1241 3896 1660 3976 πρεσϐυτέρους’
1719 3903 1811 3958 καὶ
1877 3906 1960 3959 ὅτι

300 3996 437 4068 μετά
472 3998 751 4063 νηστειῶν
795 3991 885 4046 καὶ
954 3990 1131 4065 εὐχῶν
1187 3990 1407 4045 ἱποίουν
1464 3992 1517 4045 οἱ
1570 3993 1802 4063 μαθηταὶ
1865 3994 1960 4053 τὰς

296 4084 675 4159 χειροτονίας.
714 4081 1036 4153 Σημείωσαι
1070 4076 1128 4133 δὲ
1157 4080 1247 4134 καὶ
1288 4083 1471 4143 τοῦτο,
1514 4079 1596 4136 ὅτι
1647 4081 1723 4143 εἷς
1778 4079 1958 4150 Μίλη-

296 4196 388 4231 τον
424 4174 693 4247 ἐχειροτο
734 4172 940 4241 ἤθησαν
994 4169 1045 4223 οἳ
1078 4169 1199 4240 περί
1257 4163 1528 4243 Βαρνάϐαν
1577 4168 1667 4224 καὶ
1726 4171 1958 4237 Παῦλον,

299 4264 447 4320 ἄλλο
482 4260 542 4317 δὲ
586 4261 917 4335 ἀντίγραφον
974 4260 1126 4332 εὗρον
1194 4256 1321 4334 ἔχον
1382 4258 1500 4313 ἀντὶ
1542 4259 1821 4330 Μιλήτου,
1882 4260 1960 4323 εἷς

294 4354 676 4427 Ἀντιόχειαν·
710 4351 739 4405 ὅ
770 4350 862 4413 καὶ
894 4350 1283 4422 πιθανώτερον,

920 4441 1179 4496 ΚΕΦΑΛ.
1224 4440 1340 4497 ΚΓ.

292 4535 421 4591 Ὅτι
499 4530 563 4585 οὐ
620 4526 723 4603 δειλ
767 4525 1173 4603 περιτέμνεσθαι
1224 4528 1357 4603 τοὺς
1415 4527 1464 4600 ἐξ
1522 4527 1689 4603 ἐθνῷν
1742 4528 1957 4603 πιστεύ-

375 4597 896 4676 σανταςηδόγματλι
960 4597 1063 4676 παὶ
1136 4598 1348 4676 ’κρίσειμ
1400 4597 1507 4654 τῶν

377 4676 431 4730 ὲν
506 4674 551 4744 ᾧ
614 4668 894 4744 ἀποστολή
952 4675 1060 4744 τῶν
1124 4668 1463 4744 ἀποστόλων,
1530 4672 1670 4744 Δπρὸς
1724 4672 1850 4733 τοὺς

376 4738 549 4801 ἐθνῶν
604 4743 732 4821 ςπεῂ
964 4738 1289 4821 φυλακτέον
1387 4738 1737 4819 ’Λντίρρησις
1816 4738 1959 4799 Ποιόὲ

373 4819 483 4874 λου
517 4816 660 4890 πρὸς
682 4808 986 4889 ’Βαρνάϐαν
1009 4811 1100 4867 διὰ
1127 4814 1362 4887 Μάρκον.

376 5020 405 5045 α
443 4992 547 5051 Καί
576 5010 715 5052 τινες
743 4987 1096 5053 κατελθόντες
1152 4990 1259 5044 ἀπὸ
1314 4996 1413 5059 τῆς
1458 4987 1723 5052 Ἰουδαίας
1783 4986 1958 5045 ἐδίδα-

300 5108 334 5137 cc
368 5105 502 5138 σχον
542 5080 674 5141 τοὺς
706 5078 1000 5154 ἀδελφοὺς,
1033 5079 1118 5132 ὅτι
1160 5079 1282 5135 Ἐὰν
1323 5081 1398 5150 μή
1446 5081 1839 5153 περιτέμνησθε
1882 5082 1961 5151 τῷ

304 5198 334 5226 (ι
372 5172 485 5229 ἔθει
521 5174 792 5236 Μωσέως,
825 5167 886 5224 οὐ
919 5165 1141 5222 δένασθε
1206 5168 1473 5237 σωθῆναι,
1520 5167 1822 5241 Γενομένης
1869 5166 1959 5221 οῦν

310 5292 333 5318 ι
372 5265 621 5324 στάσεως
653 5262 743 5317 καὶ
803 5261 1153 5329 συζητῆσεω(
1221 5257 1318 5312 οὐκ
1373 5256 1569 5333 ὀλίγης
1626 5264 1704 5331 τῷ
1763 5259 1961 5331 Παύλῳ

1987 1898 2034 1963 Β

1615 4599 1955 4687 mea;
1993 4623 2034 4687 υ

2070 630 2098 657 ‹‹
2133 606 2352 662 civitati
2386 607 2473 661 illi
2506 609 2846 679 multosque
2880 610 3245 675 docuissent,
3306 611 3523 665 reversi
3580 618 3719 666 sunt

2076 720 2094 745 ι
2128 698 2394 769 Lystram
2426 704 2479 751 et
2514 699 2779 753 Iconium
2816 706 2873 754 et
2914 700 3313 764 Antiochiam,
3347 701 3543 756 denuo
3576 720 3715 758 con-

2071 811 2098 838 »
2134 789 2439 844 ﬁrmantes
2468 790 2696 844 animas
2727 790 3157 860 discipulorum
3230 798 3289 844 et
3337 793 3715 847 exhortantes

2070 900 2097 927 «
2118 884 2649 949 utperseverarent
2680 880 2740 934 in
2777 878 2889 934 ﬁde
2918 880 3193 950 quodque
3226 898 3330 951 per
3384 883 3599 936 multas
3629 883 3711 938 af-

2069 992 2096 1019 «
2123 968 2420 1024 ﬂictiones
2451 976 2722 1041 oporteat
2751 987 2859 1025 nos
2890 970 3113 1025 intrare
3145 972 3204 1026 in
3241 988 3488 1041 regnum
3525 973 3645 1030 Dei.
3681 994 3710 1023 ››

2147 1173 2172 1204 α
2202 1152 2528 1207 Conscissis
2571 1152 2847 1207 vestibus.
2881 1174 2907 1201 η
2970 1152 3145 1206 Moris
3195 1157 3321 1207 erat
3372 1152 3590 1207 Iudaeis
3638 1151 3712 1207 ob

2068 1241 2407 1312 hujusmodi
2438 1241 2501 1295 in
2523 1243 2705 1296 Deum
2724 1241 3123 1314 blasphemias
3147 1248 3337 1297 vestes
3354 1241 3710 1297 discindere.

2068 1332 2272 1400 Itaque
2300 1336 2360 1385 et
2386 1332 2656 1403 Caiphas.
2689 1348 2822 1386 cum
2853 1332 3115 1386 Christus
3148 1348 3208 1385 se
3241 1331 3340 1385 Dei
3376 1330 3587 1384 Filium
3618 1329 3710 1385 di-

2068 1421 2268 1477 xisset.
2305 1421 2519 1475 emisso
2551 1421 2811 1475 clamore
2869 1428 3083 1474 vestem
3148 1420 3404 1481 discidit,
3466 1419 3707 1474 dicens:

2070 1510 2503 1581 Blasphemiam
2530 1509 2763 1565 locutus
2793 1516 2883 1564 est
2917 1511 2973 1563 ιο.
3011 1512 3125 1564 Hoc
3158 1526 3392 1579 quoque
3444 1509 3711 1563 fecerunt

2069 1599 2249 1654 divini
2282 1600 2560 1671 discipuli
2592 1600 2891 1655 Barnabas
2922 1606 2978 1654 et
3009 1599 3247 1666 Paulus,
3272 1616 3406 1653 cum
3439 1599 3548 1654 hoc
3579 1599 3707 1673 loco

2067 1688 2147 1743 dii
2171 1689 2742 1755 haberentur,animi
2765 1690 2978 1743 affectu
2999 1689 3189 1743 aversi
3206 1706 3273 1743 ac
3291 1689 3627 1760 rejicientes
3642 1703 3712 1743 ea

2068 1796 2197 1849 qum
2232 1779 2472 1845 ﬁebant,
2506 1781 2819 1850 luctusque
2852 1781 3021 1851 signa
3048 1779 3351 1835 facientes.
3386 1780 3539 1835 III)
3565 1781 3708 1834 Vere

2067 1870 2226 1923 enim
2259 1869 2455 1924 luctus
2486 1869 2695 1925 fuisset
2725 1870 2773 1923 si
2807 1870 2916 1923 hoc
2948 1874 3216 1924 secutum
3270 1869 3481 1924 fuisset
3527 1873 3591 1923 ut
3626 1869 3707 1923 dii

2066 1958 2567 2026 existimarentur,
2601 1975 2668 2013 ac
2734 1957 3133 2013 idololatriam
3204 1958 3578 2022 inducerent,
3634 1956 3709 2012 ad

2066 2064 2242 2119 quam
2274 2054 2559 2103 venerant
2588 2047 3046 2103 dissolvendam.

2135 2138 2269 2199 XIV,
2304 2141 2372 2191 22
2408 2142 2493 2191 27.
2534 2140 2855 2208 «gCumque
2886 2143 3190 2193 creassent
3219 2137 3339 2191 illis
3370 2153 3475 2207 per
3505 2136 3705 2209 singu-

2066 2248 2093 2277 «
2127 2227 2214 2281 las
2244 2228 2536 2281 Ecclesias
2556 2228 2951 2299 presbyteros.
2979 2229 3317 2298 precatique
3349 2235 3549 2281 essent
3570 2242 3704 2280 cum

2068 2338 2089 2366 α
2114 2316 2370 2387 jejunio,
2404 2316 2967 2370 commendaverunt
2997 2334 3097 2369 eos
3131 2317 3376 2369 Domino
3420 2316 3476 2368 in
3525 2332 3703 2386 quem

2064 2430 2090 2455 ‹‹
2137 2406 2531 2459 crediderant.
2570 2406 2996 2476 Peragrataque
3030 2405 3247 2458 Pisidia
3304 2412 3594 2459 venerunt
3643 2404 3703 2459 in

2064 2520 2090 2545 ‹‹
2123 2494 2547 2566 Pamphyliam.
2576 2496 2793 2548 Etcum
2814 2495 2986 2547 locuti
3012 2494 3461 2548 essentverbum
3486 2497 3698 2559 Pergus,

2068 2605 2094 2632 ‹‹
2126 2584 2565 2638 descenderunt
2600 2583 2892 2642 Attalium.
2930 2590 2987 2636 et
3030 2584 3166 2636 inde
3199 2583 3498 2636 solverunt
3537 2581 3699 2636 Mile-

2065 2698 2090 2725 α
2127 2681 2272 2740 tum,
2306 2675 2463 2729 unde
2495 2681 2663 2729 erant
2694 2674 2889 2728 traditi
2921 2674 3122 2745 gratias
3157 2675 3255 2728 Dei
3288 2674 3350 2727 in
3373 2690 3521 2744 opus
3545 2672 3703 2743 quod

2064 2789 2091 2815 «
2127 2765 2587 2837 compleverunt.
2619 2768 2686 2819 Et
2707 2764 2805 2818 ubi
2837 2766 3140 2819 venissent
3158 2781 3228 2819 ac
3250 2768 3707 2836 congregassent

2065 2879 2091 2905 «
2128 2855 2472 2921 Ecclesiam,
2505 2854 2837 2909 retulerunt
2858 2870 3229 2925 qumcunque
3261 2854 3499 2908 fecisset
3521 2856 3712 2908 Domi-

2065 2968 2091 2995 «
2130 2962 2243 3000 nus
2275 2962 2499 3011 secum,
2529 2944 2805 3015 quodque
2837 2944 3171 3015 aperuisset
3198 2944 3474 3015 gentibus
3494 2945 3711 2998 ostium

2066 3055 2094 3083 ‹‹
2129 3033 2265 3088 ﬁdei
2282 3033 2655 3089 .Commorati
2674 3037 2814 3087 sunt
2834 3038 3031 3086 autem
3051 3031 3131 3085 ibi
3155 3031 3411 3085 multum
3427 3032 3715 3101 temporis

2071 3146 2098 3172 α
2133 3139 2267 3178 cum
2300 3122 2631 3193 discipulis.
2668 3144 2694 3171 η

1992 3252 2034 3318 C
2136 3215 2321 3278 Quam
2347 3211 2420 3267 ob
2448 3213 2790 3282 rem:neque
2812 3212 2873 3265 in
2896 3211 3107 3283 Cypro,
3133 3227 3327 3281 neque
3358 3210 3419 3265 in
3452 3210 3717 3266 Samaria

2067 3308 2409 3358 creaverant
2429 3302 2675 3373 apostoli
2713 3301 3221 3374 presbyterossed
3246 3301 3355 3355 hoc
3380 3301 3509 3356 loco
3529 3300 3714 3367 ?Quia

2066 3392 2487 3463 illaafregiones
2518 3408 2700 3463 prope
2739 3391 3063 3446 Jerusalem
3098 3397 3156 3445 et
3185 3408 3368 3462 prope
3409 3390 3710 3462 apostolos

2066 3488 2268 3549 erant;
2300 3481 2626 3537 Antiochim
2654 3482 2931 3553 verojam
2951 3497 3145 3536 sermo
3170 3481 3349 3535 robur
3378 3484 3707 3551 acceperat.

2066 3573 2169 3628 Hic
2200 3577 2396 3627 autem
2430 3588 2641 3643 magna
2672 3571 3075 3626 consolatione
3100 3570 3709 3642 egebant,etmaxime

2064 3668 2269 3736 gentes
2291 3678 2438 3732 quas
2460 3662 2647 3716 multa
2669 3661 2865 3715 doceri
2884 3660 3552 3732 oportebatNotandum
3572 3676 3706 3713 vero

2065 3754 2221 3825 quod
2254 3752 2469 3807 Paulus
2497 3757 2554 3807 et
2586 3751 2882 3806 Barnabas
2916 3751 3325 3820 episcoporum
3360 3749 3708 3820 dignitatem

2066 3841 2400 3897 habebant:
2435 3857 2628 3911 neque
2660 3841 2818 3895 enim
2852 3840 3044 3894 solum
3077 3839 3360 3892 diaconos
3404 3836 3703 3903 creabant,

2066 3946 2269 3985 verum
2294 3930 2471 3983 etiam
2496 3929 2887 3999 presbyteros.
2916 3929 3207 3981 Prwterea
3224 3926 3381 3997 quod
3404 3926 3709 3995 cumjeju-

2065 4019 2180 4076 niis
2213 4025 2270 4073 et
2298 4018 2807 4072 obsecrationibus
2840 4016 3114 4086 discipuli
3147 4016 3435 4071 electione
3467 4030 3707 4087 perage-

2066 4110 2227 4165 bant.
2264 4106 2530 4175 Denique
2562 4105 2673 4159 hoc
2705 4121 2940 4175 quoque
2974 4105 3374 4159 animadverte
3424 4104 3583 4175 quod
3634 4102 3711 4158 ad

2065 4199 2273 4254 urbem
2306 4195 2567 4249 Miletum
2602 4193 2900 4249 Barnabas
2928 4195 3003 4263 :et
3054 4192 3271 4247 Paulus
3328 4192 3509 4247 creati
3568 4193 3706 4247 sint.

2065 4287 2237 4343 Aliud
2258 4292 2454 4340 tamen
2477 4282 2781 4355 exemplar
2803 4288 3012 4338 nactus
3042 4298 3171 4336 sum
3195 4282 3256 4335 in
3285 4298 3399 4352 quo
3424 4282 3705 4352 scriptum

2067 4384 2195 4434 erat
2223 4394 2327 4449 pro
2358 4374 2574 4438 Mileto,
2608 4373 2937 4429 Antiochia.
2973 4373 3152 4445 idque
3185 4370 3565 4427 verisimilius
3596 4376 3704 4425 est.

2552 4468 2590 4519 1
2607 4466 2708 4521 20
2746 4465 2974 4519 CAPUT
3013 4464 3208 4518 XXIII.

2067 4559 2222 4624 Quod
2250 4574 2358 4612 non
2385 4562 2637 4627 oporteat
2665 4571 2736 4609 (ιω
2766 4555 3014 4624 gentibus
3042 4552 3316 4607 credentes
3362 4549 3704 4627 circumcidi,

2119 4632 2295 4699 juxta
2352 4621 2627 4685 decretum
2679 4644 2740 4681 ac
2769 4621 3108 4699 sententiam
3172 4623 3539 4699 apostolorum
3570 4639 3588 4676 :
3646 4621 3708 4677 in

2140 4718 2248 4771 quo
2272 4703 2507 4770 ponitur
2538 4700 2737 4767 legatio
2768 4696 3135 4771 apostolorum
3165 4696 3238 4750 ad
3267 4712 3354 4771 eos_
3384 4695 3483 4765 qui
3512 4711 3540 4749 e
3568 4710 3706 4771 geu-

2142 4766 2291 4827 tibus
2312 4766 2682 4835 crediderunt,
2710 4772 2775 4823 de
2798 4766 2883 4823 his
2912 4784 3032 4838 quae
3053 4768 3389 4823 observanda
3416 4774 3587 4821 erant.
3613 4766 3709 4821 Al-

2142 4847 2372 4899 tercatio
2403 4842 2563 4897 Pauli
2620 4842 2883 4895 adversus
2930 4840 3242 4895 Barnabam
3280 4845 3511 4911 propter
3555 4840 3706 4893 Mar-

2140 4931 2280 4971 cum.

2142 5007 2259 5072 XV,
2294 5006 2410 5059 1-5.
2446 5026 2473 5052 ‹‹
2510 5004 2577 5056 Et
2605 5001 2847 5073 quidam
2898 5002 2997 5071 qui
3056 5001 3488 5057 descenderant
3539 5015 3573 5054 a
3608 5000 3710 5053 Ju-

2075 5118 2101 5145 α
2134 5096 2262 5151 άωα
2290 5092 2584 5149 docebant
2607 5092 2819 5145 fratres
2851 5109 2862 5145 :
2897 5091 3016 5146 Nisi
3076 5089 3585 5145 circumcidamini
3620 5104 3714 5142 se-

2074 5210 2100 5237 ‹‹
2136 5184 2393 5241 cundum
2430 5197 2647 5236 morem
2677 5182 2840 5243 Mosi,
2885 5198 3005 5235 non
3063 5181 3309 5252 potestis
3368 5179 3509 5233 salvi
3562 5178 3714 5232 fleri.

2079 5300 2098 5325 ι
2136 5276 2276 5329 Cum
2312 5289 2447 5345 ergo
2480 5271 2690 5325 seditio
2722 5287 2789 5325 ac
2820 5270 3166 5341 disceptatio
3215 5274 3341 5322 orta
3391 5274 3547 5322 esset
3595 5283 3717 5322 non

302 5358 453 5411 ικαὶ
494 5360 575 5426 τῷ
637 5346 887 5426 Βαρνάϐᾳ
954 5348 1090 5421 πρὸς
1151 5347 1365 5416 αὐτοὺς,
1421 5346 1602 5421 ἔταξαν
1659 5347 1962 5403 ἀναϐαίνειν

305 5472 329 5498 ι
369 5445 587 5502 Παῦλον
622 5444 713 5497 καί
759 5432 1060 5515 Βαρνάϐαν,
1094 5435 1185 5489 καί
1212 5457 1360 5496 τινας
1415 5435 1618 5499 ἄλλους
1677 5437 1727 5507 ἐξ
1787 5438 1963 5493 αὐτῶν

304 5561 335 5588 α
365 5537 504 5611 πρὸς
535 5534 664 5596 τοὺς
698 5526 1047 5591 ἀποστόλους
1074 5526 1165 5581 καὶ
1225 5521 1631 5603 πρεσϐυτέρους¹
1654 5528 1730 5590 είς
1764 5532 1963 5597 Ἰερου-

2081 5384 2101 5413 ι
2135 5380 2312 5436 parva
2345 5362 2518 5417 Paulo
2551 5378 2617 5416 ac
2649 5360 2929 5416 Barnabas
2962 5361 3241 5415 adversus
3281 5357 3436 5423 illos,
3493 5363 3703 5413 statue

2075 5478 2101 5505 ‹‹
2134 5460 2275 5508 runt
2302 5459 2368 5507 ut
2400 5451 2790 5506 ascenderent
2820 5450 3035 5504 Paulus
3068 5466 3133 5503 ac
3162 5448 3477 5504 Barnabas.
3505 5456 3563 5504 et
3593 5447 3719 5519 qui-

2074 5567 2100 5593 «
2135 5544 2267 5600 dam
2301 5543 2402 5598 alii
2435 5560 2500 5597 ex
2535 5542 2654 5595 illis
2685 5541 2758 5596 ad
2790 5539 3089 5611 apostolos
3121 5556 3185 5593 ac.
3219 5539 3592 5611 presbyteros
3618 5542 3711 5595 Je-

378 5718 426 5756 ¹⁰
452 5718 655 5779 lauti.
690 5729 852 5781 ενι.
885 5713 976 5768 6⁸.
