4112 6250
387 379 506 442 215

1512 371 1926 436 (ECUMENII
1972 370 2282 433 TRICCE
2325 372 2709 434 EPISCOPI.

3643 377 3743 437 216

398 539 426 568 ‹‹
457 518 756 588 rosolyma
787 533 966 587 super
995 516 1105 570 hac
1135 515 1489 586 quaestione.
1523 512 1612 568 Illi
1642 528 1777 584 ergo
1799 509 2032 566 deducti

2158 527 2180 555 ι
2223 505 2414 580 σαλῆμ
2445 509 2566 582 περὶ
2605 508 2701 563 τοῦ
2763 511 3077 582 ζητήματος
3135 511 3347 566 τούτου.
3407 512 3471 568 Οἱ
3536 513 3625 586 μέν
3669 515 3747 568 οὗν
3793 527 3795 529 ’

402 627 431 654 ‹‹
465 622 498 660 a
528 605 980 677 congregatione
1014 602 1456 673 pertransibant
1487 599 1806 654 Phoenicen
1839 614 1906 652 ac
1935 599 2043 652 Sa-

405 716 431 743 «
468 695 738 757 mariam,
799 699 1108 748 narrantes
1157 692 1602 747 conversionem
1653 689 1938 761 gentium,
1990 692 2048 740 et

409 805 436 833 «
469 783 799 838 aﬂerebant
825 782 1104 855 gaudium
1138 798 1416 854 magnum
1440 779 1719 835 omnibus
1741 778 2042 833 fratribus.

401 897 429 924 ‹‹
463 874 726 943 Cumque
767 873 1069 927 venissent
1121 871 1470 936 Jerusalem,
1532 869 1788 939 suscepti
1845 873 2047 921 sunta

399 987 426 1015 ‹‹
461 963 913 1036 congregatione
946 967 1005 1016 et
1033 961 1105 1016 ab
1138 960 1424 1032 apostolis
1456 975 1522 1014 ac
1554 957 1937 1029 presbyteris.
1989 961 2047 1010 et

398 1073 425 1102 «
454 1052 1275 1123 annuntiabantquarcunque
1294 1051 1447 1104 Deus
1469 1049 1851 1103 fecissetcum
1877 1046 2040 1118 ipsis.

400 1166 427 1192 ‹‹
453 1143 846 1197 Surrexerunt
861 1147 1059 1196 autem
1075 1139 1315 1210 quidam
1339 1139 1410 1193 de
1435 1144 1596 1193 secta
1617 1138 2042 1192 Pharisaeorum

399 1253 427 1279 ‹‹
462 1231 560 1301 qui
596 1230 993 1296 crediderant,
1020 1229 1307 1291 dicentes,
1370 1227 1528 1298 quod
1576 1233 1878 1298 oporteret
1929 1227 2046 1281 cir—

400 1343 430 1370 ‹‹
464 1319 800 1375 cumcidere
833 1335 933 1373 eos
965 1334 1032 1374 ac
1076 1318 1397 1389 praecipere
1427 1323 1493 1371 ut
1521 1323 1823 1372 servarent
1852 1316 2041 1388 legem

398 1431 426 1458 «
459 1409 624 1464 Mosi.
659 1430 688 1458 »

465 1496 769 1563 Quomodo
802 1497 865 1552 in
925 1495 1315 1568 Epistolaad
1373 1495 1606 1551 Galatas
1664 1496 1780 1550 ait:
1843 1496 2042 1565 Neque

395 1586 635 1642 ascendi
665 1586 1032 1657 Jerosolyma
1055 1585 1128 1641 ad
1155 1602 1256 1640 eos
1286 1586 1386 1656 qui
1419 1592 1556 1640 ante
1591 1601 1684 1638 me
1716 1590 1886 1639 erant
1906 1599 2044 1654 apo-

394 1675 528 1731 stoli
555 1677 619 1743 “,
648 1692 840 1747 neque
863 1674 1086 1730 contuli
1110 1673 1490 1745 Evangelium
1524 1673 1681 1744 quod
1705 1672 1960 1744 prwdico
1979 1672 2041 1726 in

391 1765 709 1838 gentibus?
732 1765 836 1819 Hic
866 1771 1063 1819 autem
1094 1765 1178 1818 ait
1207 1763 1364 1834 quod
1399 1767 1753 1825 statuerunt,
1794 1767 1859 1815 ut
1890 1763 2042 1815 Pau-

392 1855 484 1910 lus
509 1860 566 1910 et
586 1855 883 1910 Barnabas
905 1853 1295 1910 ascenderant
1319 1853 1684 1923 Jerosolyma
1705 1851 1778 1906 ad
1811 1857 2041 1922 aposto~
2074 1880 2117 1944 Β

396 1945 485 1999 los
515 1962 583 2000 ac
613 1944 991 2016 presbyteros
1011 1943 1038 1998 ?
1068 1944 1265 1998 Primo
1300 1942 1540 2013 quidem
1573 1941 1825 1996 dicimus
1883 1940 2042 2011 quod

400 2051 520 2089 non
543 2034 670 2105 ipse
693 2032 1099 2099 ascendit,sed
1123 2031 1193 2086 ab
1217 2032 1350 2087 aliis
1383 2032 1602 2087 missus
1632 2036 1742 2086 est.
1774 2029 2042 2086 Secundo

400 2123 558 2194 quod
578 2139 698 2177 non
711 2122 1104 2177 accesseritut
1116 2122 1530 2186 instrueretur,
1548 2123 1587 2174 1
1601 2121 1692 2176 2|
1721 2119 1823 2174 sed
1837 2119 2046 2174 utaliis

402 2212 696 2268 suaderet.
723 2214 851 2284 Ipse
875 2210 1167 2283 siquidem
1191 2210 1262 2266 ab
1287 2210 1454 2264 initio
1484 2210 1661 2280 hujus
1683 2209 1795 2264 fuit
1815 2215 2043 2264 senten-

400 2302 705 2372 tiae,quam
725 2302 902 2356 etiam
925 2301 1175 2372 apostoli
1201 2306 1405 2372 postea
1427 2298 2045 2369 conﬁrmarunt,quod

399 2407 519 2446 non
548 2396 705 2446 esset
734 2407 976 2446 necesse
1007 2388 1372 2444 circumcidi.
1402 2391 1612 2443 Verum
1637 2405 1769 2444 cum
1803 2389 2042 2444 interim

397 2481 516 2536 illis
549 2498 666 2536 non
701 2481 998 2536 videretur
1029 2480 1142 2536 ﬁde
1176 2479 1388 2552 dignus
1443 2496 1594 2546 esse,
1643 2479 1746 2535 sed
1801 2479 1892 2534 his
1942 2479 2043 2550 qui

396 2577 565 2626 erant
591 2570 974 2641 Jerosolymis
1006 2569 1409 2636 adhaerebant,
1471 2568 1760 2624 ascendit.
1810 2585 1929 2623 non
1980 2573 2046 2622 ut

399 2660 704 2731 quidpiam
741 2660 851 2714 sibi
885 2659 1142 2730 amplius
1176 2657 1656 2729 persuaderetur,
1691 2657 1794 2712 sed
1826 2665 2044 2713 utcon-

397 2747 827 2804 tradiceutibus
849 2747 1420 2818 persuaderet,quod
1447 2747 1508 2800 hi
1539 2747 1713 2802 etiam
1749 2747 1848 2817 qui
1881 2749 2042 2802 .Iero-

395 2838 640 2910 solymis
665 2843 853 2903 erant,
887 2837 1016 2891 istis
1048 2837 1533 2907 sufi‘ragarentur.
1577 2866 1642 2875 —-
1674 2838 1799 2891 Non
1832 2837 1932 2907 qui
1973 2853 2042 2891 ex

393 2928 668 3001 gentibus
698 2926 1095 2994 crediderant,
1132 2926 1233 2980 sed
1267 2927 1365 2997 qui
1399 2943 1469 2981 ex
1500 2925 1717 2981 Iudaeis
1763 2926 2044 2997 petebant

393 3015 1885 3089 utcredentescircumciderentur,caateraquelegis
1910 3033 2038 3072 car-

392 3107 552 3162 nalia
574 3111 944 3162 exercerent:
969 3122 1116 3176 quos
1134 3110 1335 3175 utpote
1359 3105 1621 3160 volentes
1644 3104 1717 3160 ad
1738 3106 2039 3176 propriam

390 3197 806 3270 gloriatiouem
838 3193 1262 3249 circumcidere
1290 3192 1620 3259 credentes,
1654 3211 1774 3248 non
1805 3211 2039 3265 recepe-

393 3293 535 3340 runt
565 3284 838 3355 discipuli
873 3284 971 3354 qui
1006 3288 1197 3337 tamen
1232 3299 1300 3337 ex
1331 3283 1782 3337 circumcisione
1823 3289 2032 3338 erant:

393 3391 586 3444 neque
618 3375 777 3428 enim
804 3389 911 3428 sua
933 3371 1408 3444 quaerebant,sed
1436 3387 1813 3427 communem
1831 3372 2037 3427 mundi

389 3464 706 3518 utilitatem
737 3479 804 3516 ac
832 3461 1106 3515 salutem.

462 3553 576 3614 XV,
611 3553 726 3605 6-9.
759 3572 787 3601 «
819 3554 1350 3618 Conveneruntque
1381 3548 1634 3618 apostoli
1664 3565 1732 3603 ac
1789 3549 2034 3620 presby-

394 3663 422 3691 «
459 3641 565 3695 teri
597 3647 664 3694 ut
691 3639 1056 3710 dispicerent
1085 3637 1157 3691 de
1190 3638 1300 3692 hoc
1333 3653 1624 3692 sermone.
1661 3643 1800 3692 Cum
1835 3645 2031 3692 autem

394 3752 422 3778 ‹‹
454 3745 666 3801 magna
697 3728 1045 3798 disceptatio
1076 3727 1306 3792 fuisset,
1339 3743 1587 3798 surgens
1631 3728 1837 3780 Petrus
1887 3727 2035 3783 dixit

395 3842 424 3870 «
455 3820 527 3874 ad
559 3836 698 3874 eos:
735 3819 853 3873 Viri
889 3819 1118 3883 fratres,
1152 3834 1251 3871 vos
1283 3817 1447 3871 scitis
1478 3817 1634 3887 quod
1666 3817 1737 3871 ab
1769 3818 2032 3889 antiquis

387 3931 414 3957 «
451 3909 659 3965 diebus
695 3911 847 3964 Deus
881 3909 942 3962 in
974 3908 1144 3962 nobis
1175 3907 1371 3978 elegit,
1405 3911 1469 3960 ut
1492 3922 1596 3976 per
1617 3923 1683 3960 os
1707 3923 1901 3961 meum
1926 3924 2032 3962 au-

388 4018 416 4045 ‹‹
443 3997 641 4051 dirent
660 4003 865 4068 gentes
885 3995 1127 4050 verbum
1159 3992 1454 4065 Evangelii
1485 4010 1552 4048 ac
1599 3993 1928 4049 crederent.
1962 3998 2032 4050 Et

384 4108 410 4133 α
446 4086 547 4155 qui
580 4086 740 4140 novit
769 4085 948 4141 corda
979 4086 1155 4147 Deus,
1189 4083 1592 4138 testimonium
1619 4084 2025 4154 praebuitillis,

381 4199 409 4225 «
438 4178 574 4232 dato
607 4178 692 4232 eis
726 4178 951 4249 Spiritu
982 4182 1186 4232 sancto
1217 4177 1371 4230 sicut
1401 4181 1460 4228 et
1511 4175 1704 4242 nobis,
1754 4176 2026 4248 nihilque

377 4290 406 4316 «
439 4268 719 4324 discrevit
748 4268 904 4322 inter
933 4284 1041 4322 nos
1060 4273 1118 4321 et
1139 4265 1418 4333 illos,tlde
1447 4266 1776 4335 puriﬁcatis
1815 4283 2020 4322 eorum

380 4378 408 4406 α
442 4358 737 4414 cordibus.
775 4379 802 4409 ››

441 4537 514 4608 (1)
572 4539 862 4595 Fortassis
920 4537 1170 4593 aderant
1226 4536 1326 4606 qui
1385 4533 1528 4589 olim
1597 4544 2020 4593 accusaverunt

2159 619 2187 648 ι(
2216 599 2658 676 προπεμφθέντες
2694 598 2796 652 ὑπὸ
2853 601 2949 666 τῆς
3010 598 3298 668 ἐκκλησίας
3343 598 3624 676 διήρχοντο
3664 605 3747 672 τὴν

2156 709 2184 737 ‹‹
2219 685 2477 754 Φοινίκην
2525 687 2613 740 καὶ
2676 688 3002 762 Σαμάρειαν,
3060 687 3464 764 ἐκδιηγούμενοι
3524 693 3614 758 τήν
3649 692 3751 746 ἐπι-

2156 799 2183 825 ‹‹
2220 776 2458 850 στροφήν
2487 781 2596 830 τῶν
2648 776 2834 845 ἐθνῶν,
2896 777 2982 832 καὶ
3038 776 3253 832 ἐποίουν
3309 779 3477 852 χαρὰν
3534 778 3751 853 μεγάλην

2157 887 2184 914 ι(
2218 870 2346 918 πᾶσι
2375 870 2492 925 τοῖς
2549 863 2827 942 ἀδελφοῖς.
2893 867 3327 943 Παραγενόμενοι
3383 864 3439 922 δέ
3487 867 3558 929 εἰς
3587 869 3756 943 Ἰερου-

2157 977 2183 1003 ‹‹
2219 951 2430 1025 σαλήμ,
2458 951 2840 1030 ἀπεδέχθησαν
2879 958 2982 1011 ὑπο
3039 964 3138 1023 τῆς
3199 956 3484 1025 ἐκκλησίας
3546 958 3626 1012 καὶ
3663 965 3756 1014 τῶν
3799 983 3803 988 ί

2160 1065 2181 1090 ι
2219 1040 2544 1096 ἀποστόλων
2612 1043 2702 1097 καὶ
2788 1050 2895 1099 τῶν
2983 1043 3377 1119 πρεσϐυτέρων,
3457 1046 3756 1124 ἀνήγγειλάν

2155 1154 2182 1182 ‹‹
2215 1150 2273 1184 τε
2302 1129 2400 1184 ὅσα
2439 1131 2468 1184 ὁ
2522 1133 2649 1193 Θεὸς
2703 1132 2927 1204 ἐποίησε
2991 1136 3102 1206 μετ’
3168 1135 3357 1190 αὐτῶν.
3413 1137 3756 1208 Ἐξανέστησαν

2155 1244 2182 1270 ‹‹
2220 1217 2278 1274 δέ
2307 1240 2446 1281 τινες
2501 1225 2610 1274 τῶν
2664 1221 2770 1277 ἀπὸ
2827 1230 2929 1290 τῆς
3002 1222 3260 1296 αἱρέσεως
3317 1230 3424 1280 τῶν
3481 1225 3762 1298 Φαρισαίων

2156 1334 2182 1360 ‹‹
2216 1313 2324 1364 τῶν
2357 1310 2815 1379 πεπιστευκότων,
2871 1311 3143 1390 λέγοντες,
3184 1315 3265 1368 ὅτι
3328 1312 3410 1368 δεῖ
3454 1315 3764 1387 περιτέμνειν

2153 1422 2181 1450 ‹‹
2215 1399 2429 1464 αὐτοὺς,
2461 1401 2863 1475 παραγγέλλειν
2890 1425 2946 1458 τε
2979 1410 3163 1477 τηρεῖν
3181 1406 3273 1459 τὸν
3293 1406 3458 1477 νόμον
3486 1406 3761 1466 Μωσέως..
3809 1434 3814 1437 -

2225 1491 2350 1551 Πῶς
2381 1487 2432 1543 ἐν
2462 1493 2530 1563 τῇ
2561 1511 2698 1564 πρες
2732 1493 2976 1554 Γαλάτας
3020 1493 3349 1566 Ἐπιστολῇ,
3379 1491 3518 1550 Οὐδὲ
3549 1493 3761 1562 ἀνῆλθον

2151 1578 2339 1656 φησῐν,
2373 1577 2839 1654 εἲςῚερυσόλυμα
2894 1583 3032 1654 πρὸς
3090 1582 3220 1643 τοὺς
3289 1583 3395 1657 πρὸ
3464 1584 3595 1656 ἐμοῦ
3647 1582 3767 1636 ἀπο-

2151 1665 2413 1730 στόλους,
2443 1666 2573 1722 οὐδὲ
2601 1670 2868 1742 ἀνεθέμην
2900 1673 2961 1726 τὸ
3023 1671 3363 1750 Εὑαγγέλιον
3392 1671 3422 1726 ὅ
3459 1671 3700 1745 κηρύσσω
3726 1669 3769 1725 ἐν

2149 1769 2266 1825 τοῖς
2313 1762 2502 1818 ἔθνεσι·
2565 1761 2791 1822 ἐνταῦθα
2831 1758 2887 1815 δέ
2948 1783 3134 1840 φησιν,
3197 1759 3281 1816 ὅτι
3340 1759 3520 1832 ἔταξαν
3578 1758 3770 1816 Παῦλον

2149 1855 2238 1908 καὶ
2273 1847 2553 1928 Βαρνάϐαν
2582 1845 2884 1905 ἀναϐαίνειν
2945 1852 3021 1913 εἰς
3075 1851 3434 1926 Ἱεροσόλυμα
3484 1852 3613 1926 πρὸς
3667 1849 3774 1910 τοὺς

2155 1941 2496 2002 ἀποστόλους
2517 1934 3072 2015 καὶπρεσϐυτέρουςς
3124 1942 3227 1997 Καί
3275 1962 3474 2021 φαμεν,
3519 1942 3597 1996 ὃτι
3644 1944 3774 2014 πρῶ-

2155 2054 2251 2087 τον
2305 2034 2400 2102 ηὲν
2462 2030 2561 2085 οὐκ
2615 2032 2774 2090 αὐτὸς
2837 2029 3086 2098 ἀνῆλθεν,
3154 2028 3281 2085 ἀλλ’
3340 2031 3608 2098 ἀπεστάκη
3664 2029 3778 2103 παρ’

2155 2123 2370 2195 ἑτέρων.
2407 2125 2662 2201 Δεύτερον
2707 2121 2764 2178 δὲ
2793 2124 2876 2177 ὃτι
2905 2123 2970 2176 οὐ
3033 2122 3414 2194 μαθησόμενος
3462 2119 3776 2194 παρεγένετο,

2155 2209 2276 2266 ἀλλ“
2307 2211 2520 2286 ἑτέρους
2552 2213 2775 2268 πείσων.
2806 2211 2979 2271 Αὐτὸς
3026 2210 3120 2283 μέν
3154 2210 3253 2283 γὰρ
3283 2208 3334 2278 ἐξ
3368 2208 3567 2283 ἀρχῆς,
3600 2208 3778 2276 ταύτης

2157 2297 2337 2376 εἷ’χετο
2365 2310 2465 2371 τῆς
2497 2303 2728 2379 γνώμης
2756 2303 2821 2371 ἢν
2849 2300 2940 2355 καὶ
2993 2301 3044 2353 οἱ
3102 2296 3402 2353 ἀπόστολοι
3465 2296 3596 2370 μετά
3635 2301 3781 2351 ταῦτα
3803 2301 3820 2306 ’“

2157 2391 2454 2463 ἐκύρωσαν,
2488 2395 2549 2448 τὸ
2587 2394 2662 2464 μὴ
2706 2389 2814 2446 δεῖν
2865 2388 3303 2463 περιτέμνεσθαι.
3358 2385 3577 2455 Ἐπειδή
3617 2383 3668 2441 δὲ
3692 2383 3779 2440 οὐκ

2155 2477 2332 2536 ἐδόκει
2362 2487 2498 2543 τέως
2543 2482 2727 2543 αὐτοις
2789 2481 3097 2550 ἀξιόπιστος
3157 2480 3313 2548 εἶναι,
3376 2475 3520 2531 ἀλλά
3576 2481 3680 2533 τοῖς
3729 2472 3776 2528 ἐν

2154 2572 2563 2645 Ἱεροσολύμοις
2595 2578 2916 2646 προσεῖχον,
2951 2570 3198 2639 ἀνῆλθεν,
3233 2568 3335 2622 οὐκ
3373 2568 3532 2629 αὐτός
3585 2589 3633 2622 τι
3682 2585 3778 2620 πει-

2156 2661 2384 2733 σόμενος
2408 2660 2622 2724 πλεῖον,
2652 2659 2798 2716 ἀλλά
2828 2660 3027 2714 πείσων
3085 2659 3212 2719 τοὺς
3263 2655 3660 2731 ἀντιλέγοντας,
3703 2655 3777 2709 ’ὁτι

2155 2749 2243 2802 καὶ
2277 2751 2328 2804 οἱ
2361 2749 2412 2804 ἐν
2443 2749 2857 2825 Ἰεροσολύμοις
2879 2749 3094 2807 τούτοις
3123 2747 3476 2822 ψηφίζονται.
3509 2779 3572 2789 -
3603 2744 3718 2818 Ούχ
3736 2743 3779 2797 οἱ

2157 2839 2263 2894 ἀπὸ
2291 2838 2458 2894 ἐθνῶν
2489 2840 2694 2909 πιστοὶ,
2727 2837 2855 2894 ἀλλ’
2881 2839 2931 2893 οὶ
2963 2838 3068 2893 ἀπὸ
3098 2834 3376 2893 Ἰουδαίων
3407 2835 3640 2909 ἀπῄτουν
3668 2831 3782 2892 τοὺς

2153 2930 2379 2991 πιστοὺς
2411 2928 2845 3003 περιτέμνεσθαι,
2877 2928 2969 2982 καὶ
3000 2926 3144 2981 ἃλλα
3191 2929 3288 2979 τοῦ
3346 2926 3522 2998 νόμου
3577 2921 3787 2997 σαρκικὰ

2153 3025 2350 3073 ποιεῖν’
2389 3018 2488 3073 οὒκ
2517 3019 2592 3080 ὡς
2622 3019 2698 3079 εἷς
2741 3017 2880 3073 ἰδίαν
2940 3017 3213 3086 καύχησιν
3275 3014 3534 3075 θέλοντας
3586 3010 3784 3087 περιτέ-

2156 3129 2306 3181 μνειν
2338 3107 2464 3183 τοὺς
2497 3109 2745 3177 πιστοὺς,
2779 3107 2878 3162 οὐκ
2908 3103 3232 3177 ἀπεδέξαντο
3265 3105 3318 3157 οἱ
3355 3103 3591 3178 μαθηταὶ
3619 3101 3780 3156 καίτοι

2151 3196 2211 3252 ἐκ
2238 3204 2544 3271 περιτομῆς
2577 3196 2748 3258 ὄντες
2784 3197 2848 3250 οὑ
2878 3197 2978 3271 γὰρ
3009 3195 3078 3268 τὸ.
3103 3194 3304 3248 ἑαυτῶν
3360 3193 3604 3264 ἐζήτουν,
3647 3188 3778 3245 ἀλλά

2145 3285 2208 3340 τὸ
2233 3284 2566 3365 κοινωφελὶς
2591 3288 2687 3339 τοῦ
2717 3285 2927 3358 κόσμου
2957 3281 3046 3338 καὶ
3075 3284 3372 3356 σωτήριον.

2217 3575 2246 3605 «ι
2281 3554 2638 3627 Συνήχθησαν
2678 3549 2734 3607 δὶ
2765 3553 2816 3605 οἳ
2850 3549 3148 3606 ἀπόστολοι
3195 3548 3284 3604 καὶ
3337 3551 3391 3604 οἱ
3437 3543 3769 3623 πρεσϐύτεροι

2145 3664 2174 3692 ‹‹
2204 3638 2337 3694 ῗδεῖν
2368 3643 2486 3715 περὶ
2521 3645 2617 3696 τοῦ
2658 3640 2823 3713 λόγου
2880 3641 3096 3695 τούτου.
3160 3635 3390 3706 Πολλῆς
3441 3637 3498 3692 δὲ
3554 3637 3774 3705 συζητῆ-

2147 3752 2338 3793 «σεως
2388 3730 2705 3803 γενομένης,
2771 3730 2999 3791 ἀναστὰς
3058 3731 3261 3801 Ηέτρος
3322 3729 3448 3784 εῗπε
3500 3729 3632 3802 πρὸς
3687 3724 3772 3779 αὖ·

2143 3847 2170 3874 ‹‹
2202 3822 2349 3882 τούςο
2393 3819 2621 3895 ’Ἄνδρες
2681 3817 2933 3899 ἀδελφοὶ,
2994 3820 3148 3891 ὑμεῖς
3187 3817 3500 3886 ἐπίστασθε,
3566 3819 3646 3872 ’ὁτι
3697 3813 3776 3890 ἀφ’

2141 3935 2170 3963 ιι
2204 3913 2426 3985 ἡμερῶν
2471 3910 2716 3986 ἀρχαίων
2777 3911 2803 3963 ὁ
2862 3909 2988 3970 Θεὸς
3048 3907 3099 3962 ἐν
3159 3910 3294 3978 ἡμῖν
3339 3905 3641 3978 ἐξελέξατο,
3697 3902 3778 3958 διὰ

2139 4025 2166 4051 ‹‹
2201 4005 2296 4055 τοῦ
2329 4001 2598 4073 στόματός
2627 4021 2732 4054 που
2763 3999 2986 4054 ἀκοῦσαι
3013 3998 3080 4051 τὰ
3135 3994 3260 4063 ἔθνη
3313 3996 3415 4051 τὸν
3475 3995 3640 4072 λόγου
3687 3996 3774 4048 τοῦ

2143 4113 2162 4140 ι
2205 4088 2541 4163 Εὑαγγελίου
2598 4088 2688 4142 καὶ
2756 4090 3057 4141 πιστεῦσαι.
3145 4085 3249 4140 Καὶ
3335 4085 3362 4139 ὁ
3455 4082 3775 4160 καρδιογνώ-
3839 4087 3841 4090 ⁴

2143 4201 2165 4231 ι
2201 4199 2332 4249 στης
2393 4180 2521 4238 Θεὸς
2588 4177 2962 4252 ἐμαρτύρησεν
3020 4176 3226 4239 αὐτοῖς,
3287 4171 3424 4237 δοὺς
3481 4176 3666 4234 αὐτοῖς
3717 4172 3772 4227 τὸ

2136 4290 2164 4319 ι(
2198 4271 2413 4338 Πνεῦμα
2467 4268 2529 4322 τὸ
2590 4269 2768 4340 ἅγιον,
2853 4263 3030 4325 καθὼς
3086 4263 3174 4317 καὶ
3237 4266 3394 4336 ἡμῖν,
3483 4263 3572 4318 καί
3629 4259 3770 4319 οὐδὲν

2133 4352 2424 4429 «διέκρινε
2485 4354 2678 4428 μεταξὺ
2763 4355 2924 4426 ἡμῶν
2995 4373 3052 4406 τε
3133 4353 3224 4406 καὶ
3283 4351 3486 4424 αὐτῶν,
3568 4351 3637 4426 τῇ
3686 4348 3769 4404 πί-

2136 4465 2160 4496 ε
2196 4465 2307 4499 στει
2339 4445 2629 4518 καθαρίσας
2660 4443 2754 4505 τὰς
2783 4440 3008 4516 καρδίας
3038 4442 3228 4496 αὑτῶν.
3267 4465 3288 4494 ι

2200 4535 2356 4595 Ἴσως
2398 4541 2647 4607 παρῆσαν
2704 4533 2754 4587 οἱ
2816 4527 3200 4608 ἐγκαλέσαντες
3252 4530 3401 4601 αὐτῷ
3462 4528 3632 4585 πάλαι
3687 4525 3766 4582 ἐπὶ

367 4627 604 4682 Petrum
639 4628 712 4684 de
744 4628 1038 4687 Cornelio.
1073 4633 1131 4681 et
1161 4625 1439 4681 similiter
1469 4624 1569 4694 qui
1602 4624 1847 4695 profecti
1888 4627 2009 4682 fue-

2150 4620 2589 4698 (opvr.)tiou,xai
2648 4619 2981 4682 εἰσελθόντες
3041 4621 3153 4690 μετ’
3223 4619 3408 4687 αὑτοῦ,
3471 4616 3561 4673 διδ.
3610 4621 3764 4673 τοῦτο

361 4719 497 4769 rant
525 4732 658 4771 cum
690 4734 779 4782 eo,
814 4723 1127 4788 propterea
1168 4716 1328 4787 ipsos
1361 4718 1540 4768 testes
1570 4711 1827 4768 adducit.
1863 4716 2012 4781 Quid

363 4808 454 4858 est
482 4809 678 4858 autem
713 4805 823 4860 hoc
853 4805 1011 4876 quod
1043 4805 1332 4876 sequitur.
1363 4825 1392 4852 «
1424 4804 1489 4856 In
1522 4802 1694 4857 nobis
1727 4803 1950 4877 elegit?
1981 4828 2010 4856 ››

363 4893 479 4947 Hoc
513 4901 602 4948 est
633 4894 692 4947 in
725 4889 1063 4960 Palaestina,
1091 4894 1180 4948 vel
1207 4893 1600 4965 praesentibus
1632 4893 1824 4948 nobis.
1860 4918 1887 4943 «
1913 4896 2008 4950 Ni-

355 4984 560 5056 hilque
597 4985 877 5040 discrevit
905 4985 1062 5039 inter
1091 5001 1200 5039 nos
1231 4989 1290 5039 et
1318 4984 1474 5048 illos,
1509 4984 1643 5039 dato
1694 4985 1779 5039 eis
1827 4986 2007 5057 Spiri-

2125 4714 2355 4788 παράγει
2408 4710 2603 4772 αὐτοὺς
2662 4711 2960 4786 μάρτυρας.

2122 4804 2262 4875 ἡμῖν
2292 4801 2564 4874 ἐξελέξατο
2591 4821 2604 4870 ;
2631 4825 2659 4854 ea
2686 4800 2972 4855 Τουτέστιν
3005 4797 3056 4852 ἐν
3097 4795 3434 4871 Παλαιστίνῃ
3485 4797 3756 4871 παρόντων

2119 4896 2297 4965 ἡμῶν.
2338 4916 2361 4942 (ι
2401 4892 2494 4946 Καὶ
2531 4891 2594 4945 οὐ
2629 4887 2879 4963 διέκρινε,
2915 4887 3068 4964 φησὶ,
3125 4885 3321 4958 μεταξὺ
3369 4888 3532 4958 ἡμῶν
3568 4906 3626 4940 τε
3670 4882 3754 4938 καὶ

2115 4981 2316 5046 αὐτῶν,
2349 4978 2475 5042 δοὺς
2507 4979 2692 5041 αὐτοῖς
2723 4978 2785 5034 τὸ
2843 4980 3060 5050 Πνεῦμα
3105 4977 3167 5030 τὸ
3229 4978 3382 5044 ἅγιον
3434 4975 3612 5038 καθὼς
3666 4973 3746 5028 καὶ

3042 4709 3109 4764 Τί
3186 4705 3242 4762 δέ
3289 4707 3399 4763 ἐστι
3459 4710 3542 4779 τὸ,
3600 4729 3625 4760 α
3681 4707 3763 4762 Ἐν

354 5079 417 5127 tu
450 5079 652 5129 sancto
687 5073 840 5128 sicut
871 5079 929 5127 et
977 5071 1170 5136 nobis,
1233 5072 1349 5126 fide
1406 5072 1736 5142 purificatis
1798 5090 2001 5130 eorum

2157 5077 2268 5146 μῖν,
2322 5075 2390 5143 τῇ
2448 5070 2623 5125 πίστει
2678 5067 2970 5141 καθαρίσας
3024 5065 3121 5126 τὰς
3168 5062 3392 5138 καρδίας
3462 5064 3659 5129 αὐτῶν,
3721 5082 3744 5112 ι

349 5161 648 5217 cordibus.
685 5183 713 5212 »
753 5163 870 5217 Hoc
915 5166 1006 5217 est
1053 5160 1208 5215 facta
1259 5159 1673 5231 puriﬁcatione
1721 5169 1999 5232 peccato-

2150 5159 2351 5216 ουτέστι
2376 5158 2707 5234 καθαρισμὸν
2762 5159 2998 5226 ποιήσας
3055 5158 3160 5210 τῶν
3219 5154 3324 5208 ἀπὸ
3378 5161 3478 5223 τῆς
3530 5149 3747 5226 καρδίας

433 5334 472 5370 υ
509 5335 695 5405 Galat,
727 5353 766 5406 ι,
803 5337 890 5392 ιτ.

412 5555 494 5624 (1)
527 5553 844 5624 Sequentia
873 5551 1388 5624 prmmittebantur
1414 5565 1543 5620 qum
1566 5549 1626 5604 in
1643 5550 1986 5624 Graeconon

335 5621 687 5703 comparent
709 5621 947 5703 §_Eti_a_m
976 5625 1116 5703 hinc
1147 5621 1361 5703 conjici
1393 5626 1584 5703 potest
1613 5621 1774 5703 quod
1805 5623 1984 5679 aliam

339 5693 658 5772 quamdam
691 5696 1037 5768 dignitatem
1071 5693 1371 5749 habebant
1400 5693 1651 5763 apostoli
1685 5710 1816 5764 qua;
1847 5712 1983 5767 pre-

2095 5550 2467 5623 sbyterorum
2497 5546 2848 5620 dignitatem
2874 5543 3219 5623 excederet,
3258 5547 3509 5623 propter
3554 5555 3728 5612 quam

2094 5613 2216 5679 no'n
2247 5620 2426 5676 simul
2458 5613 2843 5676 assumuntur
2872 5617 2983 5688 ipsi
3020 5632 3155 5672 cum
3186 5613 3567 5687 presbyteris.
