4112 6250
288 346 385 405 ΞΠ

290 476 457 570 uz’itc‘bv
482 477 761 550 ἐξιόντων
822 488 1270 565 ἁμαρτημάτων.
1325 492 1496 556 Οὗτος
1553 491 1611 549 δὲ
1669 495 1696 549 ὁ
1751 497 1975 570 καθαρι-

290 570 412 640 qua;
445 568 600 625 ἔοικε
631 583 973 652 περιτομῇ,
1011 580 1099 633 καὶ
1132 582 1243 635 άντί
1295 588 1395 651 τῆς
1448 582 1499 637 ἑν
1558 585 1711 658 σαρκί
1768 604 1978 657 περιτο-

301 664 397 731 μῆς
453 656 681 715 δίδοται
732 665 774 733 ἡ
835 664 897 719 ἐν
960 668 1226 740 πνεύματι
1282 674 1555 745 περιτομή
1613 674 1979 747 καθαρίζουσα

300 751 362 820 τῇ
414 748 602 804 πίστει
655 755 733 824 τῇ
797 753 885 815 εἷς
996 758 1221 830 Χριστὸν
1302 761 1371 813 τὰ
1425 762 1657 835 κρυπτά.
1715 762 1838 817 ’Ὁτι
1923 758 1981 815 δὲ

308 838 365 893 ου
402 839 763 919 κοινωφελής
826 846 865 913 ἡ
927 849 1160 920 σαρκική
1220 850 1516 922 περιτομὴ,
1572 849 1809 905 ἐντεῦθεν
1871 848 1975 904 35i-

314 931 633 998 κνυται,ὅτι
671 932 832 1004 μόνῳ
879 936 963 1005 τῴ
1028 934 1207 1010 ἅρῥενι
1262 935 1445 1007 ἐδόθη.
1502 939 1592 995 Ἐν
1648 937 1703 994 δὲ
1761 945 1977 1012 Χριστῷ

320 1023 576 1091 Ἰησοῦτῇ
601 1019 855 1095 ἀληθινῇ
920 1025 1105 1080 πίστει
1138 1050 1164 1076 α
1199 1027 1302 1081 οὐκ
1346 1025 1428 1082 ἓνι
1477 1027 1637 1103 ἄῤῥεν
1687 1028 1777 1083 καὶ
1810 1027 1974 1098 θῆλυ,

318 1107 413 1161 οὐκ
442 1106 519 1162 ἔνι
550 1105 753 1171 δοῦλος
790 1110 827 1180 ἢ
864 1110 1173 1187 ἐλεύθερος,
1208 1114 1307 1169 οὐκ
1330 1111 1411 1170 ἔνι
1442 1116 1653 1187 Ἕλλην
1681 1117 1716 1186 ἥ
1760 1113 1977 1191 Βάρϐα-

318 1215 432 1269 ρος,
464 1195 609 1252 ἀλλὰ
639 1199 843 1262 πάντες
865 1200 921 1255 ἓν
956 1201 1139 1274 ἐσμεν,
1176 1228 1203 1253 ››

384 1398 413 1425 «ε
478 1379 586 1429 Νῦν
675 1375 771 1430 οὗν
829 1376 883 1431 τί
960 1381 1243 1454 πειράζετε
1324 1382 1420 1436 τὸν
1504 1382 1655 1451 Θεὸν,
1714 1382 1973 1438 ἐπιθεῖναι

319 1486 347 1515 α
380 1465 544 1539 ζυγὸν
578 1463 670 1519 ἐπὶ
729 1466 822 1520 τὸν
882 1466 1171 1541 τράχηλον
1228 1475 1336 1524 τῶν
1401 1476 1682 1544 μαθητῶν,
1744 1471 1802 1526 ὅν
1853 1471 1976 1527 οὕτε

316 1576 340 1603 σ
370 1554 421 1607 οἱ
468 1554 707 1627 πατέρες
757 1557 944 1628 ἡμῶν,
1001 1556 1125 1612 οὕτε
1176 1560 1340 1631 ἡμεῖς
1395 1561 1701 1634 ἱσχύσαμεν
1769 1561 1971 1631 βαστά-

311 1662 460 1695 «cn:
512 1661 526 1709 ;
595 1642 772 1698 Ἀλλά
825 1641 915 1699 διὰ
972 1653 1074 1713 τῆς
1137 1646 1365 1722 χάριτος
1418 1654 1515 1703 τοῦ
1566 1650 1762 1723 Κυρίου
1793 1651 1973 1720 Ἰησοῦ

313 1754 337 1779 «ι
371 1732 623 1801 Χριστοῦ
652 1734 986 1805 πιστεύομεν
1020 1737 1258 1804 σωθῆναι
1315 1738 1435 1801 καθ’
1494 1737 1551 1792 ὅν
1620 1740 1821 1813 τρόπον
1876 1740 1972 1793 κάς

318 1826 569 1876 ικεῖνοι.
618 1822 879 1896 Ἐσίγησε
930 1821 987 1878 δὲ
1044 1829 1144 1878 πᾶν
1205 1826 1267 1881 τὸ
1324 1827 1560 1897 πλῆθος,
1623 1828 1711 1881 καὶ
1769 1828 1970 1897 ἤκουον

314 1932 339 1959 σ
372 1905 634 1981 Βαρνάϐα
703 1911 795 1965 καὶ
858 1910 1083 1967 Παύλου
1142 1912 1515 1990 ἐξηγουμένων
1588 1915 1689 1971 ὅσα
1772 1915 1964 1987 ἐποίη-

312 2023 339 2048 α
371 2020 454 2053 σεν
488 2002 517 2054 ὁ
551 2001 686 2064 Θεὸς
731 2008 936 2074 σημεῖα
992 2002 1081 2057 καὶ
1135 2003 1329 2077 τέρατα
1386 2005 1438 2060 ἐν
1494 2011 1611 2067 τοῖς
1662 2004 1835 2061 ἔθνεσι
1894 2004 1965 2062 δι’

312 2111 342 2138 ιι
373 2089 570 2147 αὐτῶν.
608 2091 762 2146 Μετὰ
794 2089 854 2146 δὲ
882 2093 946 2147 τὸ
978 2101 1195 2166 σιγῆσαι
1228 2094 1446 2157 αὐτοὺς,
1483 2120 1510 2146 ››

394 2179 515 2233 ιΤὶ
568 2181 854 2252 πειράζετε
908 2182 1003 2235 τὸν
1060 2183 1239 2250 Θεόν;
1296 2210 1316 2238 ι
1382 2183 1641 2241 Τουτέστι
1698 2185 1751 2238 τί
1834 2186 1961 2240 ἀπι-

329 2270 499 2319 στεῖτε
532 2271 613 2337 τῷ
637 2272 772 2338 Θεῷ,
809 2269 886 2331 ὡς
958 2270 1056 2325 οὐκ
1086 2270 1293 2346 ἰσχύων
1352 2273 1406 2329 τί
1472 2294 1603 2352 φησι
1663 2279 1835 2328 σῶσαι
1889 2279 1958 2347 τῇ

1504 2385 1518 2433 ς
1609 2371 1685 2432 Ση
1700 2366 1956 2435 μειωτέον

318 2440 371 2498 δὲ
411 2445 493 2498 ὅτι
548 2447 615 2500 τά
694 2444 1114 2523 δυσκατόρθωτᾶ
1190 2450 1529 2526 ἐπιτάγματα
1605 2460 1705 2521 τῆς
1764 2456 1962 2526 σαρκὸς

323 2355 495 2409 πίστει
557 2357 677 2421 τοὺς
730 2362 1222 2440 προσερχομένους
1298 2362 1447 2433 αὐτῷ

310 2534 369 2587 ού
397 2532 479 2589 δεῖ
530 2534 765 2607 ἐπιγλᾷν
824 2559 985 2605 τισιν,
1048 2541 1167 2594 οἷον
1226 2538 1391 2617 ἄκραν
1449 2543 1716 2614 νηστείαν,
1775 2544 1811 2613 ἤ
1862 2566 1961 2618 γυ-

309 2626 575 2693 μνότητα,
636 2626 673 2694 ἢ
740 2629 974 2695 σιωπὴν,
1038 2628 1082 2682 εἰ
1144 2631 1219 2702 μή
1272 2630 1334 2707 γὲ
1411 2652 1494 2692 τις
1565 2632 1738 2703 ἑαυτῷ
1794 2638 1960 2689 ταῦτα

303 2711 546 2783 ὶπιτάξη.
589 2714 793 2790 Εἱγᾶρ
850 2717 940 2770 καὶ
1009 2714 1273 2793 δυσχερῆ,
1331 2718 1481 2775 ἀλλὰ
1541 2723 1648 2793 μὴν
1710 2722 1771 2777 ού
1827 2744 1959 2779 κατ-

302 2803 623 2873 ορθὼματα,
683 2805 776 2858 καὶ
862 2805 1125 2878 γενόμενα
1182 2808 1284 2862 ὑπὸ
1369 2808 1598 2864 πολλῶν
1658 2813 1747 2865 καὶ
1804 2812 1959 2887 γινό-

296 2912 442 2963 μενα.
484 2916 513 2942 ιι
548 2890 738 2948 Ἀλλᾶ
792 2890 882 2948 διὰ
936 2902 1039 2964 τῆς
1088 2898 1314 2970 χάριτος
1371 2901 1470 2951 τοῦ
1521 2898 1716 2972 Κυρίου
1774 2900 1958 2971 Ἰησοῦ

286 2981 632 3052 πιστεύομεν
692 2986 959 3047 σωθῆναι.
1023 3005 1048 3037 ι)
1107 2986 1310 3058 Ὠσπερ
1399 2988 1504 3061 γὰρ
1564 2986 1733 3043 πάλαι
1782 2990 1877 3062 μὲν
1929 2992 1957 3045 ὁ

284 3070 454 3140 νόμος
517 3071 653 3132 τοὺς
713 3068 1177 3144 διαφυλάττοντας
1231 3076 1298 3130 τὰ
1383 3075 1435 3131 ἦν
1494 3076 1641 3147 αὐτῷ
1698 3078 1959 3153 ε”ρημενα

292 3155 511 3225 ἱσωζεν,
544 3159 693 3214 οὕτω
720 3163 874 3224 νῦνὴ
910 3163 1078 3240 χάρις
1134 3164 1224 3218 καὶ
1285 3161 1419 3243 δίχα
1474 3172 1575 3233 τῆς
1630 3169 1728 3221 τοῦ
1783 3168 1958 3241 νόμου

302 3246 698 3323 παραοδλακῖς
732 3247 823 3305 διὰ
864 3257 965 3319 τῆς
1028 3252 1262 3314 πίστεως
1320 3255 1503 3324 σώζει.

385 3358 413 3423 ξ
473 3336 750 3409 Ἀπεκρίθη
815 3335 1099 3410 Ἰάκωϐος,
1161 3340 1360 3418 λέγων,
1420 3340 1649 3417 ’Ἄνδρες
1724 3340 1952 3423 ἀδελφοὶ

310 3443 336 3474 ι
366 3424 630 3479 ἀκοὶσάῖέ
660 3448 779 3497 μου.
815 3451 843 3479 ι)

365 3514 545 3573 Οὗτος
583 3517 611 3568 ὁ
663 3512 933 3582 Ἰάκωϐος
990 3519 1019 3574 ὁ
1075 3523 1184 3573 τῶν
1233 3519 1639 3594 Ἱεροσολύμων
1696 3522 1802 3577 ὑπὸ
1852 3524 1953 3579 Κυ-

294 3602 407 3674 ρίου
440 3606 861 3678 προχειρισθεὶς
894 3606 1192 3669 ἐπίσκοπος
1229 3610 1347 3672 υἱὸς
1378 3610 1579 3689 Ἰωσήφ
1611 3611 1676 3679 ἦν
1710 3616 1807 3665 τοῦ
1861 3614 1949 3667 τὲ-

291 3712 496 3759 κτονος,
536 3692 778 3774 ἀδελφὸς
836 3694 892 3751 δὲ
946 3699 1085 3752 κατά
1141 3700 1313 3773 σάρκα
1364 3704 1463 3754 τοῦ
1526 3701 1728 3775 Κυρῖου
1783 3704 1947 3773 ἡμῶν

288 3782 461 3852 Ἰησοῦ
524 3782 794 3847 Χριστοῦ.
858 3791 1099 3849 Συνετῶς
1184 3786 1243 3843 δὲ
1294 3788 1401 3843 ἀπό
1486 3810 1546 3844 τε
1612 3790 1771 3851 νέων,
1838 3791 1945 3846 ἀπό

278 3891 332 3925 τε
379 3870 643 3927 παλαιῶν
704 3869 1021 3947 βεϐαιοῦται
1069 3881 1178 3931 τῶν
1226 3882 1521 3957 προφητῶν
1577 3880 1669 3933 τὸν
1752 3878 1937 3955 λόγον.

269 3959 346 4016 05
405 3962 514 4034 γὰρ
609 3963 733 4036 εἴχέ
790 3984 842 4017 τι
901 3970 1130 4038 πρᾶγμα
1189 3963 1380 4037 δεῖξαι,
1438 3967 1677 4043 καθάπερ
1733 3968 1941 4044 Ιῐέτρος

264 4045 488 4119 δηλαδή
580 4050 673 4105 καὶ
736 4051 973 4113 Παῦλος.
1062 4052 1255 4116 Καλῶς
1310 4052 1366 4110 δὲ
1420 4055 1786 4129 οἰκονομεῖται
1871 4055 1944 4113 δι’

259 4136 489 4193 ἰκείνων
549 4143 724 4195 ταῦτα
808 4142 1054 4217 γενέσθαι
1109 4148 1217 4199 τῶν
1291 4146 1355 4199 οὐ
1419 4142 1734 4217 μελλόντων
1800 4167 1940 4226 χρο-

252 4226 427 4295 νίζειν
462 4234 586 4288 τοῖς
618 4229 1046 4303 Ἱεροσολύμοις.
1081 4235 1287 4288 Τοῦτον
1345 4231 1404 4289 δὶ
1461 4234 1553 4289 τὸν
1614 4233 1937 4292 διδάσκοντα

256 4316 472 4377 αὐτοῦς
508 4318 592 4387 μή
625 4319 761 4373 εἶναι
798 4319 1109 4388 ὑπεύθυνον,
1149 4320 1290 4394 μηδέ
1335 4326 1444 4395 μήν
1475 4323 1802 4398 ἀπεσχίσθαι
1833 4330 1935 4391 τῆς

260 4405 528 4481 γνώμης.
1692 4420 1695 4423 ’

332 4518 360 4543 «ι
430 4495 677 4562 Συμεὼν
762 4494 1085 4572 ἐξηγήσατο,
1150 4500 1329 4561 καθὼς
1390 4506 1605 4576 πρῶτον
1694 4503 1723 4557 ὁ
1802 4504 1930 4567 Θεὸς

1288 362 1697 424 OOMMENT.
1748 364 1832 424 IN
1878 363 2076 423 ACTA
2129 365 2741 428 APOSTOLOBUM.

3617 366 3734 425 218

2004 502 2057 568 Α
2088 515 2242 566 rum,
2275 516 2405 571 quae
2437 517 2470 556 a
2528 500 2705 556 corde
2736 517 2939 557 eorum
2990 500 3393 572 egrediuntur.
3446 501 3579 556 Haec
3638 516 3738 558 au-

2091 596 2209 645 tem
2271 590 2603 661 purificatio
2689 592 2903 645 similis
2978 592 3440 656 circumcisioni,
3493 597 3551 645 et
3606 591 3735 645 loco

2088 681 2579 747 circumcisionis,
2615 700 2745 753 quae
2790 683 2853 736 fit
2910 684 2971 735 in
3005 698 3202 743 carne,
3240 682 3413 734 datur
3478 681 3735 735 circum-

2088 773 2233 827 cisio
2283 772 2344 825 in
2405 774 2639 845 spiritu,
2700 773 3025 844 puriﬁcans
3087 772 3199 827 [ide
3257 789 3387 841 quae
3447 771 3509 824 in
3565 772 3733 825 Chri-

2088 867 2241 917 stum
2271 868 2360 917 est
2388 863 2617 917 occulta
2631 863 3047 927 scelera.Quod
3062 869 3255 917 autem
3281 861 3340 913 in
3356 876 3482 915 com
3495 876 3732 915 munem

2087 967 2207 1005 non
2222 952 2724 1007 cedatutilitatem
2740 952 3112 1007 circumcisio
3128 952 3347 1014 carnis,
3377 967 3443 1003 ex
3460 966 3525 1003 eo
3549 950 3738 1018 liquet

2086 1041 2244 1109 quod
2278 1040 2420 1095 solis
2453 1041 2589 1095 data
2620 1041 2695 1095 sit
2725 1041 3023 1096 masculis.
3045 1042 3105 1093 ιη
3135 1040 3364 1093 Christo
3380 1044 3575 1092 autem
3599 1039 3735 1092 Jesu

2084 1146 2192 1202 per
2222 1146 2416 1185 veram
2452 1130 2629 1184 fidem
2664 1152 2691 1179 «
2742 1147 2862 1185 non
2922 1136 3012 1184 est
3042 1129 3342 1183 masculus
3373 1134 3433 1182 et
3491 1126 3730 1193 femina,

2083 1236 2205 1275 non
2239 1225 2328 1274 est
2360 1237 2563 1275 servus
2599 1220 2749 1275 122
2785 1226 2843 1274 et
2872 1220 3040 1283 liber,
3075 1236 3193 1273 non
3226 1223 3315 1273 est
3366 1218 3603 1271 Graacus
3634 1222 3735 1271 aut

2084 1308 2395 1377 Barbarus,
2428 1309 2530 1364 sed
2562 1326 2769 1364 omnes
2798 1326 2983 1365 unum
3016 1326 3220 1364 sumus
3244 1309 3310 1363 ¹².
3346 1328 3373 1357 ››

2156 1399 2269 1465 Χν,
2300 1402 2485 1454 10-12.
2521 1422 2549 1449 ‹‹
2585 1401 2748 1454 Nunc
2770 1416 2905 1471 ergo
2940 1399 3083 1470 quid
3133 1398 3373 1452 tentatis
3428 1400 3632 1462 Deum,
3666 1401 3731 1451 ut

2091 1505 2112 1534 ι
2148 1487 2495 1558 imponatur
2514 1488 2724 1559 jugum
2750 1505 2927 1559 super
2958 1488 3215 1542 cervices
3247 1487 3675 1557 discipulorum
3712 1489 3725 1521 ¹

2082 1598 2111 1625 ‹‹
2136 1575 2291 1647 quod
2324 1592 2517 1647 neque
2548 1582 2745 1647 patres
2778 1576 2964 1631 nostri
2994 1593 3186 1646 neque
3219 1593 3328 1629 nos
3355 1582 3587 1645 portare
3626 1590 3731 1645 po-

2085 1686 2111 1714 α
2144 1666 2366 1720 tuimus
2397 1665 2425 1719 ?
2446 1666 2546 1720 sed
2580 1682 2683 1736 per
2712 1666 2956 1736 gratiam
2992 1664 3222 1719 Domini
3264 1666 3401 1719 Jesu
3432 1664 3729 1719 credimus

2084 1776 2112 1803 «
2145 1770 2254 1809 nos
2286 1754 2596 1809 salvandos
2629 1754 3127 1825 quemadmodum
3162 1760 3221 1809 et
3251 1754 3365 1807 illi.
3395 1754 3601 1808 Tacuit
3627 1770 3728 1807 au-

2004 1878 2052 1943 B
2080 1865 2107 1892 ‹‹
2138 1848 2256 1897 tem
2288 1848 2409 1898 tota
2439 1844 2793 1911 multitudo;
2828 1850 2887 1899 et
2916 1844 3238 1899 audiebant
3275 1843 3599 1897 Barnabam
3661 1858 3728 1897 ac

2083 1952 2110 1983 ι
2140 1933 2386 1989 Paulum
2418 1940 2729 1989 narrantes
2763 1952 2893 2005 qua:
2911 1936 3077 2007 signa
3101 1951 3167 1989 ac
3198 1933 3469 2005 prodigia
3491 1932 3732 1987 fecisset

2076 2044 2104 2071 «
2128 2023 2283 2078 Deus
2315 2023 2472 2079 inter
2501 2030 2705 2095 gentes
2736 2042 2841 2096 per
2868 2024 3047 2095 ipsos.
3085 2046 3113 2072 »

2144 2216 2172 2243 «
2198 2195 2346 2260 Quid
2376 2196 2618 2250 tentatis
2651 2197 2874 2250 Deum?
2905 2217 2931 2243 »
2956 2197 3074 2249 Hoc
3105 2200 3195 2249 est
3218 2211 3399 2265 quare
3431 2192 3724 2250 increduli

2074 2284 2218 2339 estis
2248 2285 2387 2348 Deo,
2412 2285 2581 2353 quasi
2610 2284 2725 2338 fide
2754 2284 2979 2338 salvare
3011 2301 3129 2337 non
3164 2290 3364 2355 posset
3384 2285 3457 2339 ad
3505 2302 3567 2339 se
3623 2301 3724 2338 ac-

2073 2372 2353 2428 cedentes
2373 2372 2401 2426 ?
2422 2373 2754 2428 Notandum
2781 2389 2917 2426 vero
2942 2373 3095 2441 quod
3112 2374 3380 2427 ditﬁcilia
3408 2374 3511 2427 illa
3527 2373 3727 2428 carnis

2071 2466 2373 2532 praacepta
2406 2477 2524 2515 non
2549 2467 2780 2531 oportet
2813 2460 3116 2530 quibusvis
3153 2462 3458 2531 imponere
3499 2467 3565 2515 ut
3593 2461 3721 2514 lon-

2070 2566 2207 2621 gum
2242 2557 2689 2618 extremumque
2714 2550 3014 2620 jejunium
3050 2550 3376 2603 nuditatem
3413 2557 3515 2604 aut
3539 2550 3726 2603 silen-

2071 2639 2217 2696 tium
2247 2656 2260 2693 :
2292 2640 2406 2694 nisi
2442 2640 2573 2711 quis
2606 2639 2714 2693 sibi
2748 2640 2862 2710 ipsi
2896 2640 3020 2693 tunc
3048 2640 3332 2709 imponat.
3367 2640 3729 2709 Quanquam

2071 2729 2231 2783 enim
2262 2728 2532 2783 difﬁcilia
2554 2735 2710 2784 sunt.
2744 2745 2863 2783 non
2897 2734 3035 2784 sunt
3064 2735 3262 2782 tamen
3294 2729 3526 2797 egregia
3572 2728 3714 2783 faci-

2070 2834 2237 2881 nora,
2274 2818 2413 2873 licet
2440 2834 2475 2873 a
2504 2818 2706 2873 multis
2736 2819 2887 2873 facta
2920 2819 3039 2873 sint
3057 2823 3115 2873 et
3143 2819 3336 2873 adhuc
3359 2819 3521 2873 fiant.
3558 2817 3713 2872 «Sed

2069 2924 2175 2979 per
2204 2909 2453 2980 gratiam
2486 2909 2872 2963 DominiJesu
2905 2908 3203 2963 credimus
3218 2925 3324 2962 nos
3345 2906 3715 2962 salvandos.»

2069 2996 2578 3061 Quemadmodum
2610 2998 2768 3051 enim
2801 2998 2894 3051 lex
2922 2997 3063 3051 olim
3092 2998 3471 3051 observantes
3504 3013 3633 3065 quae
3654 2998 3714 3051 in

2071 3102 2138 3141 ea
2168 3085 2521 3140 dicebantur
2550 3085 2921 3148 salvabat,ila
2952 3102 3111 3140 nunc
3141 3086 3329 3155 gratia
3359 3085 3561 3151 etiam,
3586 3084 3713 3138 sine

2069 3173 2214 3247 legis
2253 3174 2682 3241 observatione,
2716 3192 2822 3245 per
2844 3175 3022 3229 fidem
3057 3174 3257 3229 salvat.

1986 3244 2028 3311 C

2136 3338 2253 3405 XV,
2287 3338 2371 3392 13.
2409 3357 2439 3387 α
2470 3338 2539 3391 Et
2570 3342 2884 3410 postquam
2916 3336 3366 3401 conticuissent,
3407 3336 3713 3407 respondit

2064 3448 2093 3478 «
2124 3426 2395 3494 Jacobus,
2427 3427 2633 3482 dicens
2668 3444 2681 3481 :
2715 3427 2827 3481 Viri
2862 3427 3093 3493 fratres,
3120 3443 3194 3484 au
3217 3427 3318 3481 lite
3350 3443 3465 3482 me.
3505 3450 3531 3475 »

2133 3516 2383 3573 Iacobus
2408 3516 2501 3572 hic
2529 3516 3031 3587 Jerosolymorum
3074 3533 3109 3571 a
3162 3516 3413 3570 Domino
3472 3522 3705 3572 creatus

2062 3607 2396 3678 episcopus.
2430 3606 2591 3663 ﬁlius
2619 3612 2746 3661 erat
2771 3607 2985 3678 Joseph
3047 3605 3218 3669 fabri,
3279 3607 3461 3660 frater
3507 3613 3704 3661 autem

2060 3696 2387 3752 secundum
2421 3712 2657 3752 carnem
2692 3697 2923 3751 Domini
2960 3695 3146 3750 nostri
3176 3697 3313 3750 Jesu
3342 3695 3554 3748 Christi
3592 3696 3705 3748 Do-

2059 3791 2150 3840 cte
2182 3792 2381 3842 autem
2413 3791 2535 3843 tum
2569 3802 2604 3840 a
2632 3784 3085 3850 recentioribus,
3149 3790 3271 3838 tum
3326 3800 3361 3838 a
3406 3783 3703 3838 veteribus

2056 3874 2364 3945 prophetis
2395 3874 2710 3930 confirmat
2740 3874 3307 3942 sermonem.Neque
3330 3872 3486 3925 enim
3511 3871 3705 3942 potuit

2050 3962 2271 4019 factum
2286 3962 2527 4032 aliquod
2540 3962 2949 4017 demonstrare
2978 3960 3473 4032 quemadmodum
3496 3962 3675 4015 Petru
3687 3977 3713 4014 s

2053 4056 2112 4106 et
2142 4050 2567 4107 Paulusﬂecte
2597 4056 2797 4105 autem
2830 4051 3139 4106 ordinatur
3158 4055 3225 4105 ut
3246 4066 3349 4119 per
3369 4050 3501 4103 illos
3520 4065 3700 4119 opera

2050 4140 2265 4195 fierent
2295 4140 2394 4210 qui
2428 4156 2550 4194 non
2581 4138 2771 4194 multo
2817 4146 3084 4208 tempore
3142 4155 3371 4193 moram
3432 4138 3701 4193 facerent

2045 4231 2431 4301 Jerosolymis
2488 4231 2591 4285 Hic
2622 4236 2818 4287 autem
2852 4230 2951 4299 qui
2977 4230 3351 4293 eosdoceret,
3386 4229 3670 4284 nullifore

2046 4320 2234 4391 culpa)
2263 4320 2573 4376 obnoxius.
2610 4336 2801 4391 neque
2832 4320 3032 4375 animo
3064 4324 3377 4388 corruptus
3410 4325 3582 4372 esset.

2118 4412 2240 4468 XV.
2264 4413 2346 4465 14.
2383 4432 2412 4462 ‹‹
2438 4411 2677 4466 Simeon
2702 4410 2965 4465 narravit
2995 4406 3499 4479 quemadmodum
3546 4408 3699 4463 Deus

2044 4524 2070 4549 α
2106 4500 2365 4572 primum
2388 4500 2709 4557 visitaverit
2737 4506 2803 4556 ut
2834 4504 3096 4558 sumeret
3124 4515 3189 4553 ex
3203 4498 3477 4569 gentibus
3508 4512 3695 4570 popu-

3697 4293 3719 4341 ᾖ

254 4605 288 4633 α
321 4581 667 4674 ἐπεσκέψατο
700 4580 889 4641 λαϐεῖν
919 4587 971 4659 ἐξ
1004 4587 1171 4645 ἐθνῶν
1233 4588 1368 4645 λαὸν
1422 4589 1511 4645 ἐπὶ
1564 4596 1647 4663 τῷ
1704 4591 1930 4666 ὀνόματι

2075 4612 2077 4620 ι
2112 4590 2235 4645 lum
2266 4590 2327 4646 in
2362 4591 2606 4647 nomine
2637 4606 2765 4646 suo.
2801 4613 2827 4638 ››

247 4694 283 4721 α
321 4672 515 4727 αὐτοῦ.
551 4696 581 4723 ι)

329 4764 490 4825 Τινὲς
530 4764 764 4835 Συμεὼν
824 4766 917 4819 τὸν
976 4764 1029 4821 ἐν
1080 4771 1159 4839 τῷ
1212 4772 1395 4838 Λουκᾷ
1455 4768 1933 4846 προφητεύσαντα,

246 4871 283 4900 ιι
316 4851 430 4905 Νῦν
461 4850 732 4913 ἀπολύεις
764 4852 856 4907 τὸν
892 4851 1091 4909 δοῦλόν
1121 4876 1242 4921 σου,
1299 4855 1563 4928 Δέσποτα,
1598 4881 1627 4908 n
1658 4858 1809 4935 φασί.

324 5056 353 5082 α
412 5032 521 5087 Καὶ
584 5030 766 5106 τούτῳ
814 5038 1197 5110 συμφωνοῦσιν
1265 5035 1318 5091 οἳ
1386 5033 1542 5111 λόγοι
1626 5041 1733 5092 τῶν
1787 5058 1923 5113 προς

637 5123 820 5185 καθὼς
902 5122 1222 5200 γέγραπταιο
1314 5126 1467 5182 Μετᾶ
1549 5131 1717 5183 ταῦτα
1789 5127 1925 5183 ἁνα-

236 5232 272 5261 ι
306 5210 554 5283 στρίψω,
633 5212 720 5266 καὶ
805 5210 1228 5288 ἀνοικοδομήσω
1302 5216 1405 5284 τήν
1465 5218 1672 5287 σκηνὴν
1748 5214 1919 5273 Δαυΐδ

234 5319 267 5350 α
301 5301 407 5367 τήν
442 5304 816 5365 πεπτωκυῖαν,
844 5301 934 5357 καὶ
966 5301 1035 5356 τὰ
1063 5305 1481 5376 κατεσκαμμίνα
1540 5304 1709 5374 αὐτῆς
1759 5306 1913 5362 ἀνοι-
1946 5316 1949 5317 ⁷

233 5411 267 5437 α
309 5386 649 5463 κοδομήσω,
735 5389 830 5444 καὶ
936 5389 1234 5465 ἀνορθώσω
1316 5392 1509 5462 αὐτὴν,
1610 5395 1761 5457 ὅπως
1849 5392 1913 5451 ἄν

232 5475 680 5550 σέκζητήσωσιν
778 5478 831 5533 οἱ
910 5476 1243 5536 κατάλοιποι
1302 5484 1409 5537 τῶν
1469 5482 1774 5558 ἀνθρώπων
1820 5483 1912 5540 τὸν

240 5143 275 5170 κ
335 5127 557 5201 φητῶν,

299 5672 352 5710 ⁸⁸
381 5674 565 5733 ϐὼί.
599 5692 681 5747 ιιι,
704 5675 797 5730 28.
836 5673 882 5710 η
911 5673 1047 5735 Luc.
1082 5690 1145 5745 ιι,
1179 5676 1272 5735 ID.

2113 4768 2363 4834 Quidam
2391 4769 2551 4826 hunc
2581 4784 2713 4824 esse
2760 4768 3095 4824 Simeonem
3139 4768 3365 4835 dicunt,
3400 4767 3500 4839 qui
3533 4767 3690 4839 apud

2042 4859 2253 4914 Lucam
2284 4857 2656 4929 prophetavit
2689 4859 2925 4915 :aNunc
2957 4857 3208 4913 dimittis
3240 4874 3471 4914 servum
3497 4864 3683 4924 tuum,

2038 4948 2289 5003 Domine
2323 4946 2386 5001 ⁸³.
2421 4968 2451 4997 ››

2110 5036 2262 5091 128
2296 5035 2409 5101 XV,
2446 5036 2509 5089 18
2544 5037 2631 5089 21.
2665 5056 2694 5085 ‹‹
2727 5036 2797 5090 Et
2844 5036 2981 5092 huic
3013 5041 3338 5091 consonant
3368 5034 3505 5090 libri
3550 5051 3687 5105 pro-

2035 5147 2065 5177 «
2084 5114 2423 5198 phetaruim.
2457 5127 2610 5183 sicut
2633 5127 2915 5199 scriptum
2941 5133 3028 5181 est
3063 5144 3075 5181 :
3098 5128 3236 5181 Post
3258 5127 3382 5181 haec
3398 5131 3681 5187 revertar,

2033 5236 2063 5266 «
2097 5231 2453 5286 rursumque
2485 5216 2791 5270 aadificabo
2827 5216 3271 5271 tabernaculum
3312 5213 3485 5268 David
3520 5213 3678 5283 quod

2033 5326 2061 5355 ‹‹
2093 5305 2422 5375 collapsum
2456 5311 2563 5370 est,
2601 5310 2660 5359 et
2690 5305 2887 5361 diruta
2917 5305 3049 5375 ejus
3081 5302 3446 5369 instaurabo,
3480 5308 3538 5356 et
3559 5303 3671 5356 eri-

2026 5416 2057 5447 «
2092 5411 2224 5467 gam
2257 5394 2404 5451 illud
2430 5399 2524 5449 :ut
2555 5395 2863 5464 requirant
2880 5394 2981 5464 qui
3012 5392 3224 5462 reliqui
3244 5392 3670 5447 sunthomines

2020 5507 2050 5537 κ
2083 5485 2494 5553 Dominum,et
2518 5501 2724 5541 omnes
2745 5491 2950 5557 gentes
2968 5498 3147 5555 super
3168 5483 3661 5555 quasinvocatum
