  <div class='ocr_page' id='page_1' title='image "/cluster/home/n/w/nwhite01/storage/ocr_20150623/118/mdp.39015078384297/117.png"; bbox 0 0 4112 6250; ppageno 0'>
   <div class='ocr_carea' id='block_1_1' title="bbox 403 333 516 394">
    <p class='ocr_par' dir='ltr' id='par_1_1' title="bbox 403 333 516 394">
     <span class='ocr_line' id='line_1_1' title="bbox 403 333 516 394; baseline 0.035 -4"><span class='ocrx_word' id='word_1_1' title='bbox 403 333 516 394; x_wconf 78' lang='grc'>219</span> 
     </span>
    </p>
   </div>
   <div class='ocr_carea' id='block_1_2' title="bbox 1523 327 2728 394">
    <p class='ocr_par' dir='ltr' id='par_1_2' title="bbox 1523 327 2728 394">
     <span class='ocr_line' id='line_1_2' title="bbox 1523 327 2728 394; baseline -0.005 0"><span class='ocrx_word' id='word_1_2' title='bbox 1523 327 1957 394; x_wconf 62' lang='grc' dir='ltr'>(ΕΟΟΜΕΝΙΙ</span> <span class='ocrx_word' id='word_1_3' title='bbox 2001 329 2303 392; x_wconf 64' lang='grc' dir='ltr'>ΤΗΙωᾶ</span> <span class='ocrx_word' id='word_1_4' title='bbox 2347 329 2728 392; x_wconf 86' lang='lat' dir='ltr'>EPISCOPI.</span> 
     </span>
    </p>
   </div>
   <div class='ocr_carea' id='block_1_3' title="bbox 3681 333 3782 391">
    <p class='ocr_par' dir='ltr' id='par_1_3' title="bbox 3681 333 3782 391">
     <span class='ocr_line' id='line_1_3' title="bbox 3681 333 3782 391; baseline 0.01 -1"><span class='ocrx_word' id='word_1_5' title='bbox 3681 333 3782 391; x_wconf 72' lang='lat'>220</span> 
     </span>
    </p>
   </div>
   <div class='ocr_carea' id='block_1_4' title="bbox 407 461 2063 538">
    <p class='ocr_par' dir='ltr' id='par_1_4' title="bbox 407 464 2050 536">
     <span class='ocr_line' id='line_1_4' title="bbox 407 464 2050 536; baseline -0.002 -13"><span class='ocrx_word' id='word_1_6' title='bbox 407 488 436 519; x_wconf 78' lang='grc' dir='ltr'>(ι</span> <span class='ocrx_word' id='word_1_7' title='bbox 472 472 560 524; x_wconf 92' lang='lat' dir='ltr'>est</span> <span class='ocrx_word' id='word_1_8' title='bbox 589 481 808 521; x_wconf 86' lang='lat' dir='ltr'>nomen</span> <span class='ocrx_word' id='word_1_9' title='bbox 842 481 1061 531; x_wconf 89' lang='lat' dir='ltr'>meum,</span> <span class='ocrx_word' id='word_1_10' title='bbox 1094 464 1238 521; x_wconf 92' lang='lat' dir='ltr'>dicit</span> <span class='ocrx_word' id='word_1_11' title='bbox 1270 464 1554 522; x_wconf 86' lang='lat' dir='ltr'>Dominus</span> <span class='ocrx_word' id='word_1_12' title='bbox 1586 464 1685 536; x_wconf 90' lang='lat' dir='ltr'>qui</span> <span class='ocrx_word' id='word_1_13' title='bbox 1736 465 1877 521; x_wconf 85' lang='lat' dir='ltr'>facit</span> <span class='ocrx_word' id='word_1_14' title='bbox 1923 466 2050 520; x_wconf 81' lang='lat' dir='ltr'>haec</span> 
     </span>
    </p>
   </div>
   <div class='ocr_carea' id='block_1_5' title="bbox 2174 461 3785 538">
    <p class='ocr_par' dir='ltr' id='par_1_5' title="bbox 2174 461 3785 538">
     <span class='ocr_line' id='line_1_5' title="bbox 2174 461 3785 538; baseline 0.002 -24"><span class='ocrx_word' id='word_1_15' title='bbox 2174 487 2188 514; x_wconf 89' lang='grc' dir='ltr'>ι</span> <span class='ocrx_word' id='word_1_16' title='bbox 2226 464 2448 538; x_wconf 78' lang='grc' dir='ltr'>Κύριον,</span> <span class='ocrx_word' id='word_1_17' title='bbox 2499 462 2589 519; x_wconf 84' lang='grc' dir='ltr'>καί</span> <span class='ocrx_word' id='word_1_18' title='bbox 2645 462 2817 520; x_wconf 79' lang='grc' dir='ltr'>πάντα</span> <span class='ocrx_word' id='word_1_19' title='bbox 2862 463 2928 518; x_wconf 77' lang='grc' dir='ltr'>τὸ.</span> <span class='ocrx_word' id='word_1_20' title='bbox 2981 461 3127 533; x_wconf 77' lang='grc' dir='ltr'>ἔθνη,</span> <span class='ocrx_word' id='word_1_21' title='bbox 3195 462 3276 536; x_wconf 76' lang='grc' dir='ltr'>ἐφ’</span> <span class='ocrx_word' id='word_1_22' title='bbox 3325 463 3418 524; x_wconf 74' lang='grc' dir='ltr'>οῦς</span> <span class='ocrx_word' id='word_1_23' title='bbox 3452 461 3785 535; x_wconf 65' lang='grc' dir='ltr'>ἐπικέκληται</span> 
     </span>
    </p>
   </div>
   <div class='ocr_carea' id='block_1_6' title="bbox 407 555 2048 624">
    <p class='ocr_par' dir='ltr' id='par_1_6' title="bbox 407 555 2048 624">
     <span class='ocr_line' id='line_1_6' title="bbox 407 555 2048 624; baseline 0.002 -18"><span class='ocrx_word' id='word_1_24' title='bbox 407 579 435 607; x_wconf 85' lang='grc'>‹‹</span> <span class='ocrx_word' id='word_1_25' title='bbox 461 555 678 612; x_wconf 86' lang='lat' dir='ltr'>omnia.</span> <span class='ocrx_word' id='word_1_26' title='bbox 715 557 859 610; x_wconf 86' lang='lat' dir='ltr'>Nota</span> <span class='ocrx_word' id='word_1_27' title='bbox 891 559 1026 610; x_wconf 89' lang='lat' dir='ltr'>sunt</span> <span class='ocrx_word' id='word_1_28' title='bbox 1059 572 1091 609; x_wconf 92' lang='lat' dir='ltr'>a</span> <span class='ocrx_word' id='word_1_29' title='bbox 1123 555 1336 610; x_wconf 70' lang='lat' dir='ltr'>saeculo</span> <span class='ocrx_word' id='word_1_30' title='bbox 1368 557 1484 609; x_wconf 91' lang='lat' dir='ltr'>Deo</span> <span class='ocrx_word' id='word_1_31' title='bbox 1511 555 1712 609; x_wconf 91' lang='lat' dir='ltr'>omnia</span> <span class='ocrx_word' id='word_1_32' title='bbox 1731 570 2048 624; x_wconf 86' lang='lat' dir='ltr'>operasua.</span> 
     </span>
    </p>
   </div>
   <div class='ocr_carea' id='block_1_7' title="bbox 411 644 2050 716">
    <p class='ocr_par' dir='ltr' id='par_1_7' title="bbox 411 644 2050 716">
     <span class='ocr_line' id='line_1_7' title="bbox 411 644 2050 716; baseline 0.001 -21"><span class='ocrx_word' id='word_1_33' title='bbox 411 669 437 696; x_wconf 87' lang='grc'>‹‹</span> <span class='ocrx_word' id='word_1_34' title='bbox 474 647 841 716; x_wconf 83' lang='lat' dir='ltr'>Quapropter</span> <span class='ocrx_word' id='word_1_35' title='bbox 873 661 975 716; x_wconf 93' lang='lat' dir='ltr'>ego</span> <span class='ocrx_word' id='word_1_36' title='bbox 1011 661 1223 699; x_wconf 82' lang='lat' dir='ltr'>censeo</span> <span class='ocrx_word' id='word_1_37' title='bbox 1256 660 1374 698; x_wconf 91' lang='lat' dir='ltr'>non</span> <span class='ocrx_word' id='word_1_38' title='bbox 1432 644 1871 699; x_wconf 88' lang='lat' dir='ltr'>obturbandum</span> <span class='ocrx_word' id='word_1_39' title='bbox 1924 659 2050 699; x_wconf 89' lang='lat' dir='ltr'>esse</span> 
     </span>
    </p>
   </div>
   <div class='ocr_carea' id='block_1_8' title="bbox 414 731 2049 805">
    <p class='ocr_par' dir='ltr' id='par_1_8' title="bbox 414 731 2049 805">
     <span class='ocr_line' id='line_1_8' title="bbox 414 731 2049 805; baseline -0.001 -17"><span class='ocrx_word' id='word_1_40' title='bbox 414 757 438 788; x_wconf 84' lang='grc' dir='ltr'>ιι</span> <span class='ocrx_word' id='word_1_41' title='bbox 473 736 594 790; x_wconf 87' lang='lat' dir='ltr'>illis</span> <span class='ocrx_word' id='word_1_42' title='bbox 629 735 727 805; x_wconf 89' lang='lat' dir='ltr'>qui</span> <span class='ocrx_word' id='word_1_43' title='bbox 761 751 828 788; x_wconf 87' lang='lat' dir='ltr'>ex</span> <span class='ocrx_word' id='word_1_44' title='bbox 859 734 1134 805; x_wconf 80' lang='lat' dir='ltr'>gentibus</span> <span class='ocrx_word' id='word_1_45' title='bbox 1167 741 1589 789; x_wconf 87' lang='lat' dir='ltr'>convertuntur</span> <span class='ocrx_word' id='word_1_46' title='bbox 1618 739 1685 790; x_wconf 74' lang='lat' dir='ltr'>ad</span> <span class='ocrx_word' id='word_1_47' title='bbox 1723 735 1927 794; x_wconf 84' lang='lat' dir='ltr'>Deum,</span> <span class='ocrx_word' id='word_1_48' title='bbox 1949 731 2049 788; x_wconf 90' lang='lat' dir='ltr'>sed</span> 
     </span>
    </p>
   </div>
   <div class='ocr_carea' id='block_1_9' title="bbox 412 823 2052 894">
    <p class='ocr_par' dir='ltr' id='par_1_9' title="bbox 412 823 2052 894">
     <span class='ocr_line' id='line_1_9' title="bbox 412 823 2052 894; baseline 0.001 -18"><span class='ocrx_word' id='word_1_49' title='bbox 412 848 438 876; x_wconf 88' lang='grc'>‹‹</span> <span class='ocrx_word' id='word_1_50' title='bbox 472 824 851 880; x_wconf 89' lang='lat' dir='ltr'>scribendum</span> <span class='ocrx_word' id='word_1_51' title='bbox 885 840 1010 879; x_wconf 87' lang='lat' dir='ltr'>esse</span> <span class='ocrx_word' id='word_1_52' title='bbox 1046 824 1166 878; x_wconf 88' lang='lat' dir='ltr'>illis</span> <span class='ocrx_word' id='word_1_53' title='bbox 1194 831 1258 878; x_wconf 92' lang='lat' dir='ltr'>ut</span> <span class='ocrx_word' id='word_1_54' title='bbox 1289 824 1628 879; x_wconf 76' lang='lat' dir='ltr'>abstineant</span> <span class='ocrx_word' id='word_1_55' title='bbox 1665 841 1724 878; x_wconf 92' lang='lat' dir='ltr'>se</span> <span class='ocrx_word' id='word_1_56' title='bbox 1753 823 1824 878; x_wconf 88' lang='lat' dir='ltr'>ab</span> <span class='ocrx_word' id='word_1_57' title='bbox 1857 823 2052 894; x_wconf 87' lang='lat' dir='ltr'>inqui-</span> 
     </span>
    </p>
   </div>
   <div class='ocr_carea' id='block_1_10' title="bbox 407 913 2056 970">
    <p class='ocr_par' dir='ltr' id='par_1_10' title="bbox 407 913 2056 970">
     <span class='ocr_line' id='line_1_10' title="bbox 407 913 2056 970; baseline -0.002 0"><span class='ocrx_word' id='word_1_58' title='bbox 407 937 436 966; x_wconf 88' lang='grc'>‹‹</span> <span class='ocrx_word' id='word_1_59' title='bbox 472 915 770 970; x_wconf 90' lang='lat' dir='ltr'>namentis</span> <span class='ocrx_word' id='word_1_60' title='bbox 794 913 1244 968; x_wconf 81' lang='lat' dir='ltr'>simulacrorum</span> <span class='ocrx_word' id='word_1_61' title='bbox 1281 919 1337 968; x_wconf 81' lang='lat' dir='ltr'>et</span> <span class='ocrx_word' id='word_1_62' title='bbox 1368 913 1724 968; x_wconf 90' lang='lat' dir='ltr'>scortatione</span> <span class='ocrx_word' id='word_1_63' title='bbox 1776 918 1834 967; x_wconf 90' lang='lat' dir='ltr'>et</span> <span class='ocrx_word' id='word_1_64' title='bbox 1881 914 2056 968; x_wconf 81' lang='lat' dir='ltr'>sulTo-</span> 
     </span>
    </p>
   </div>
   <div class='ocr_carea' id='block_1_11' title="bbox 411 1000 2055 1074">
    <p class='ocr_par' dir='ltr' id='par_1_11' title="bbox 411 1000 2055 1074">
     <span class='ocr_line' id='line_1_11' title="bbox 411 1000 2055 1074; baseline 0 -20"><span class='ocrx_word' id='word_1_65' title='bbox 411 1027 438 1054; x_wconf 84' lang='lat'>«</span> <span class='ocrx_word' id='word_1_66' title='bbox 475 1009 602 1058; x_wconf 88' lang='lat' dir='ltr'>cato</span> <span class='ocrx_word' id='word_1_67' title='bbox 628 1009 682 1058; x_wconf 89' lang='lat' dir='ltr'>et</span> <span class='ocrx_word' id='word_1_68' title='bbox 716 1004 1020 1074; x_wconf 87' lang='lat' dir='ltr'>sanguine.</span> <span class='ocrx_word' id='word_1_69' title='bbox 1055 1003 1242 1056; x_wconf 85' lang='lat' dir='ltr'>Moses</span> <span class='ocrx_word' id='word_1_70' title='bbox 1275 1003 1436 1056; x_wconf 90' lang='lat' dir='ltr'>enim</span> <span class='ocrx_word' id='word_1_71' title='bbox 1468 1003 1540 1057; x_wconf 89' lang='lat' dir='ltr'>ab</span> <span class='ocrx_word' id='word_1_72' title='bbox 1586 1002 1858 1058; x_wconf 73' lang='lat' dir='ltr'>aetatibus</span> <span class='ocrx_word' id='word_1_73' title='bbox 1899 1000 2055 1056; x_wconf 90' lang='lat' dir='ltr'>anti-</span> 
     </span>
    </p>
   </div>
   <div class='ocr_carea' id='block_1_12' title="bbox 414 1092 2056 1165">
    <p class='ocr_par' dir='ltr' id='par_1_12' title="bbox 414 1092 2056 1165">
     <span class='ocr_line' id='line_1_12' title="bbox 414 1092 2056 1165; baseline 0.001 -20"><span class='ocrx_word' id='word_1_74' title='bbox 414 1115 442 1145; x_wconf 85' lang='lat'>«</span> <span class='ocrx_word' id='word_1_75' title='bbox 475 1095 607 1164; x_wconf 91' lang='lat' dir='ltr'>quis</span> <span class='ocrx_word' id='word_1_76' title='bbox 654 1093 715 1147; x_wconf 90' lang='lat' dir='ltr'>in</span> <span class='ocrx_word' id='word_1_77' title='bbox 774 1092 1022 1165; x_wconf 77' lang='lat' dir='ltr'>singulis</span> <span class='ocrx_word' id='word_1_78' title='bbox 1075 1093 1407 1148; x_wconf 78' lang='lat' dir='ltr'>civitatibus</span> <span class='ocrx_word' id='word_1_79' title='bbox 1463 1092 1640 1147; x_wconf 87' lang='lat' dir='ltr'>habet</span> <span class='ocrx_word' id='word_1_80' title='bbox 1697 1093 1799 1163; x_wconf 86' lang='lat' dir='ltr'>qui</span> <span class='ocrx_word' id='word_1_81' title='bbox 1861 1092 2056 1164; x_wconf 89' lang='lat' dir='ltr'>ipsum</span> 
     </span>
    </p>
   </div>
   <div class='ocr_carea' id='block_1_13' title="bbox 413 1181 2058 1255">
    <p class='ocr_par' dir='ltr' id='par_1_13' title="bbox 413 1181 2058 1255">
     <span class='ocr_line' id='line_1_13' title="bbox 413 1181 2058 1255; baseline 0 -19"><span class='ocrx_word' id='word_1_82' title='bbox 413 1205 440 1236; x_wconf 76' lang='grc' dir='ltr'>ι(</span> <span class='ocrx_word' id='word_1_83' title='bbox 472 1182 801 1255; x_wconf 61' lang='lat' dir='ltr'>praedicent</span> <span class='ocrx_word' id='word_1_84' title='bbox 831 1183 893 1238; x_wconf 91' lang='lat' dir='ltr'>in</span> <span class='ocrx_word' id='word_1_85' title='bbox 926 1182 1236 1255; x_wconf 82' lang='lat' dir='ltr'>synagogis</span> <span class='ocrx_word' id='word_1_86' title='bbox 1269 1181 1371 1238; x_wconf 90' lang='lat' dir='ltr'>ubi</span> <span class='ocrx_word' id='word_1_87' title='bbox 1403 1198 1508 1254; x_wconf 90' lang='lat' dir='ltr'>per</span> <span class='ocrx_word' id='word_1_88' title='bbox 1538 1198 1712 1238; x_wconf 88' lang='lat' dir='ltr'>omne</span> <span class='ocrx_word' id='word_1_89' title='bbox 1745 1181 2058 1238; x_wconf 81' lang='lat' dir='ltr'>sabbatum</span> 
     </span>
    </p>
   </div>
   <div class='ocr_carea' id='block_1_14' title="bbox 417 1272 766 1344">
    <p class='ocr_par' dir='ltr' id='par_1_14' title="bbox 417 1272 766 1344">
     <span class='ocr_line' id='line_1_14' title="bbox 417 1272 766 1344; baseline -0.006 -18"><span class='ocrx_word' id='word_1_90' title='bbox 417 1295 438 1321; x_wconf 77' lang='grc' dir='ltr'>ι</span> <span class='ocrx_word' id='word_1_91' title='bbox 468 1272 702 1344; x_wconf 75' lang='lat' dir='ltr'>legitur.</span> <span class='ocrx_word' id='word_1_92' title='bbox 739 1293 766 1319; x_wconf 87' lang='lat'>»</span> 
     </span>
    </p>
   </div>
   <div class='ocr_carea' id='block_1_15' title="bbox 483 1452 2056 1525">
    <p class='ocr_par' dir='ltr' id='par_1_15' title="bbox 483 1452 2056 1525">
     <span class='ocr_line' id='line_1_15' title="bbox 483 1452 2056 1525; baseline -0.001 -16"><span class='ocrx_word' id='word_1_93' title='bbox 483 1453 669 1509; x_wconf 78' lang='lat' dir='ltr'>Judaei</span> <span class='ocrx_word' id='word_1_94' title='bbox 699 1452 938 1523; x_wconf 89' lang='lat' dir='ltr'>quidem</span> <span class='ocrx_word' id='word_1_95' title='bbox 970 1453 1082 1509; x_wconf 90' lang='lat' dir='ltr'>hoc</span> <span class='ocrx_word' id='word_1_96' title='bbox 1115 1453 1185 1509; x_wconf 90' lang='lat' dir='ltr'>de</span> <span class='ocrx_word' id='word_1_97' title='bbox 1219 1453 1614 1510; x_wconf 75' lang='lat' dir='ltr'>mdiﬁcatione</span> <span class='ocrx_word' id='word_1_98' title='bbox 1660 1453 1862 1525; x_wconf 87' lang='lat' dir='ltr'>templi</span> <span class='ocrx_word' id='word_1_99' title='bbox 1891 1453 2056 1509; x_wconf 63' lang='lat' dir='ltr'>Jeroo</span> 
     </span>
    </p>
   </div>
   <div class='ocr_carea' id='block_1_16' title="bbox 415 1544 2060 1616">
    <p class='ocr_par' dir='ltr' id='par_1_16' title="bbox 415 1544 2060 1616">
     <span class='ocr_line' id='line_1_16' title="bbox 415 1544 2060 1616; baseline -0.001 -17"><span class='ocrx_word' id='word_1_100' title='bbox 415 1544 754 1616; x_wconf 89' lang='lat' dir='ltr'>solymitani</span> <span class='ocrx_word' id='word_1_101' title='bbox 805 1549 938 1615; x_wconf 89' lang='lat' dir='ltr'>post</span> <span class='ocrx_word' id='word_1_102' title='bbox 989 1545 1388 1614; x_wconf 84' lang='lat' dir='ltr'>captivitatem</span> <span class='ocrx_word' id='word_1_103' title='bbox 1437 1544 1880 1600; x_wconf 81' lang='lat' dir='ltr'>intellexerunt.</span> <span class='ocrx_word' id='word_1_104' title='bbox 1941 1544 2060 1598; x_wconf 84' lang='lat' dir='ltr'>Hoc</span> 
     </span>
    </p>
   </div>
   <div class='ocr_carea' id='block_1_17' title="bbox 415 1634 2058 1704">
    <p class='ocr_par' dir='ltr' id='par_1_17' title="bbox 415 1634 2058 1704">
     <span class='ocr_line' id='line_1_17' title="bbox 415 1634 2058 1704; baseline -0.001 -14"><span class='ocrx_word' id='word_1_105' title='bbox 415 1639 612 1690; x_wconf 88' lang='lat' dir='ltr'>autem</span> <span class='ocrx_word' id='word_1_106' title='bbox 641 1650 761 1688; x_wconf 88' lang='lat' dir='ltr'>non</span> <span class='ocrx_word' id='word_1_107' title='bbox 797 1639 884 1686; x_wconf 90' lang='lat' dir='ltr'>est</span> <span class='ocrx_word' id='word_1_108' title='bbox 916 1638 1140 1688; x_wconf 90' lang='lat' dir='ltr'>rectum</span> <span class='ocrx_word' id='word_1_109' title='bbox 1167 1651 1179 1687; x_wconf 94' lang='lat'>:</span> <span class='ocrx_word' id='word_1_110' title='bbox 1203 1651 1343 1688; x_wconf 91' lang='lat' dir='ltr'>nam</span> <span class='ocrx_word' id='word_1_111' title='bbox 1376 1639 1506 1704; x_wconf 90' lang='lat' dir='ltr'>post</span> <span class='ocrx_word' id='word_1_112' title='bbox 1537 1634 1647 1687; x_wconf 89' lang='lat' dir='ltr'>hoc</span> <span class='ocrx_word' id='word_1_113' title='bbox 1679 1648 1912 1704; x_wconf 90' lang='lat' dir='ltr'>quoque</span> <span class='ocrx_word' id='word_1_114' title='bbox 1953 1649 2058 1688; x_wconf 74' lang='lat' dir='ltr'>saa-</span> 
     </span>
    </p>
   </div>
   <div class='ocr_carea' id='block_1_18' title="bbox 417 1723 2060 1796">
    <p class='ocr_par' dir='ltr' id='par_1_18' title="bbox 417 1723 2060 1796">
     <span class='ocr_line' id='line_1_18' title="bbox 417 1723 2060 1796; baseline -0.001 -19"><span class='ocrx_word' id='word_1_115' title='bbox 417 1724 550 1796; x_wconf 88' lang='lat' dir='ltr'>pius</span> <span class='ocrx_word' id='word_1_116' title='bbox 582 1739 848 1778; x_wconf 89' lang='lat' dir='ltr'>eversum</span> <span class='ocrx_word' id='word_1_117' title='bbox 883 1728 1017 1777; x_wconf 90' lang='lat' dir='ltr'>est:</span> <span class='ocrx_word' id='word_1_118' title='bbox 1070 1723 1382 1794; x_wconf 83' lang='lat' dir='ltr'>prophetia</span> <span class='ocrx_word' id='word_1_119' title='bbox 1447 1738 1582 1776; x_wconf 80' lang='lat' dir='ltr'>vero</span> <span class='ocrx_word' id='word_1_120' title='bbox 1636 1723 2060 1792; x_wconf 85' lang='lat' dir='ltr'>sempiternam</span> 
     </span>
    </p>
   </div>
   <div class='ocr_carea' id='block_1_19' title="bbox 418 1809 2062 1884">
    <p class='ocr_par' dir='ltr' id='par_1_19' title="bbox 418 1809 2062 1884">
     <span class='ocr_line' id='line_1_19' title="bbox 418 1809 2062 1884; baseline -0.001 -18"><span class='ocrx_word' id='word_1_121' title='bbox 418 1813 714 1884; x_wconf 86' lang='lat' dir='ltr'>promittit</span> <span class='ocrx_word' id='word_1_122' title='bbox 744 1811 1218 1867; x_wconf 80' lang='lat' dir='ltr'>aediﬁcationem.</span> <span class='ocrx_word' id='word_1_123' title='bbox 1243 1811 1350 1877; x_wconf 91' lang='lat' dir='ltr'>Qui</span> <span class='ocrx_word' id='word_1_124' title='bbox 1401 1816 1599 1866; x_wconf 88' lang='lat' dir='ltr'>autem</span> <span class='ocrx_word' id='word_1_125' title='bbox 1631 1810 1702 1866; x_wconf 90' lang='lat' dir='ltr'>de</span> <span class='ocrx_word' id='word_1_126' title='bbox 1742 1809 2062 1866; x_wconf 88' lang='lat' dir='ltr'>Zorobabel</span> 
     </span>
    </p>
   </div>
   <div class='ocr_carea' id='block_1_20' title="bbox 420 1900 2066 1972">
    <p class='ocr_par' dir='ltr' id='par_1_20' title="bbox 420 1900 2066 1972">
     <span class='ocr_line' id='line_1_20' title="bbox 420 1900 2066 1972; baseline -0.002 -15"><span class='ocrx_word' id='word_1_127' title='bbox 420 1902 642 1958; x_wconf 89' lang='lat' dir='ltr'>dictum</span> <span class='ocrx_word' id='word_1_128' title='bbox 676 1919 806 1956; x_wconf 90' lang='lat' dir='ltr'>esse</span> <span class='ocrx_word' id='word_1_129' title='bbox 833 1905 1129 1966; x_wconf 86' lang='lat' dir='ltr'>asserunt,</span> <span class='ocrx_word' id='word_1_130' title='bbox 1170 1906 1237 1955; x_wconf 93' lang='lat' dir='ltr'>ut</span> <span class='ocrx_word' id='word_1_131' title='bbox 1293 1901 1394 1971; x_wconf 91' lang='lat' dir='ltr'>qui</span> <span class='ocrx_word' id='word_1_132' title='bbox 1425 1917 1613 1972; x_wconf 86' lang='lat' dir='ltr'>genus</span> <span class='ocrx_word' id='word_1_133' title='bbox 1642 1900 1968 1970; x_wconf 88' lang='lat' dir='ltr'>(inquiunt)</span> <span class='ocrx_word' id='word_1_134' title='bbox 2031 1916 2066 1953; x_wconf 90' lang='lat' dir='ltr'>a</span> 
     </span>
    </p>
   </div>
   <div class='ocr_carea' id='block_1_21' title="bbox 419 1977 2063 2059">
    <p class='ocr_par' dir='ltr' id='par_1_21' title="bbox 419 1977 2063 2059">
     <span class='ocr_line' id='line_1_21' title="bbox 419 1977 2063 2059; baseline -0.001 -13"><span class='ocrx_word' id='word_1_135' title='bbox 419 1991 598 2046; x_wconf 89' lang='lat' dir='ltr'>David</span> <span class='ocrx_word' id='word_1_136' title='bbox 631 1990 941 2044; x_wconf 83' lang='lat' dir='ltr'>deduxerit</span> <span class='ocrx_word' id='word_1_137' title='bbox 975 2006 986 2043; x_wconf 89' lang='lat'><strong>:</strong></span> <span class='ocrx_word' id='word_1_138' title='bbox 1018 2005 1138 2043; x_wconf 92' lang='lat' dir='ltr'>non</span> <span class='ocrx_word' id='word_1_139' title='bbox 1164 1977 1338 2043; x_wconf 41' lang='lat' dir='ltr'>&#39;bene</span> <span class='ocrx_word' id='word_1_140' title='bbox 1396 1989 1818 2044; x_wconf 86' lang='lat' dir='ltr'>intellexerunt</span> <span class='ocrx_word' id='word_1_141' title='bbox 1873 2005 2063 2059; x_wconf 87' lang='lat' dir='ltr'>neque</span> 
     </span>
    </p>
   </div>
   <div class='ocr_carea' id='block_1_22' title="bbox 419 2081 2066 2152">
    <p class='ocr_par' dir='ltr' id='par_1_22' title="bbox 419 2081 2066 2152">
     <span class='ocr_line' id='line_1_22' title="bbox 419 2081 2066 2152; baseline -0.002 -14"><span class='ocrx_word' id='word_1_142' title='bbox 419 2084 533 2138; x_wconf 89' lang='lat' dir='ltr'>hoc</span> <span class='ocrx_word' id='word_1_143' title='bbox 565 2086 791 2138; x_wconf 90' lang='lat' dir='ltr'>rectum</span> <span class='ocrx_word' id='word_1_144' title='bbox 827 2087 930 2136; x_wconf 92' lang='lat' dir='ltr'>est.</span> <span class='ocrx_word' id='word_1_145' title='bbox 967 2083 1109 2136; x_wconf 88' lang='lat' dir='ltr'>Nam</span> <span class='ocrx_word' id='word_1_146' title='bbox 1141 2081 1462 2136; x_wconf 87' lang='lat' dir='ltr'>Zorobabel</span> <span class='ocrx_word' id='word_1_147' title='bbox 1516 2081 1616 2137; x_wconf 91' lang='lat' dir='ltr'>ubi</span> <span class='ocrx_word' id='word_1_148' title='bbox 1649 2098 1820 2152; x_wconf 87' lang='lat' dir='ltr'>parvo</span> <span class='ocrx_word' id='word_1_149' title='bbox 1852 2081 2066 2150; x_wconf 81' lang='lat' dir='ltr'>guber-</span> 
     </span>
    </p>
   </div>
   <div class='ocr_carea' id='block_1_23' title="bbox 423 2170 2068 2241">
    <p class='ocr_par' dir='ltr' id='par_1_23' title="bbox 423 2170 2068 2241">
     <span class='ocr_line' id='line_1_23' title="bbox 423 2170 2068 2241; baseline -0.001 -14"><span class='ocrx_word' id='word_1_150' title='bbox 423 2176 626 2228; x_wconf 88' lang='lat' dir='ltr'>nasset</span> <span class='ocrx_word' id='word_1_151' title='bbox 656 2177 940 2241; x_wconf 88' lang='lat' dir='ltr'>tempore.</span> <span class='ocrx_word' id='word_1_152' title='bbox 973 2170 1183 2224; x_wconf 80' lang='lat' dir='ltr'>mortis</span> <span class='ocrx_word' id='word_1_153' title='bbox 1242 2171 1564 2226; x_wconf 88' lang='lat' dir='ltr'>terminum</span> <span class='ocrx_word' id='word_1_154' title='bbox 1612 2171 1878 2241; x_wconf 79' lang='lat' dir='ltr'>accepit:</span> <span class='ocrx_word' id='word_1_155' title='bbox 1939 2187 2068 2241; x_wconf 90' lang='lat' dir='ltr'>pro-</span> 
     </span>
    </p>
   </div>
   <div class='ocr_carea' id='block_1_24' title="bbox 421 2260 2064 2334">
    <p class='ocr_par' dir='ltr' id='par_1_24' title="bbox 421 2260 2064 2334">
     <span class='ocr_line' id='line_1_24' title="bbox 421 2260 2064 2334; baseline 0 -18"><span class='ocrx_word' id='word_1_156' title='bbox 421 2262 768 2334; x_wconf 88' lang='lat' dir='ltr'>phetiavero</span> <span class='ocrx_word' id='word_1_157' title='bbox 785 2261 1283 2331; x_wconf 88' lang='lat' dir='ltr'>sempiternorum</span> <span class='ocrx_word' id='word_1_158' title='bbox 1302 2261 1590 2317; x_wconf 87' lang='lat' dir='ltr'>bonorum</span> <span class='ocrx_word' id='word_1_159' title='bbox 1606 2260 2064 2332; x_wconf 86' lang='lat' dir='ltr'>promissionem</span> 
     </span>
    </p>
   </div>
   <div class='ocr_carea' id='block_1_25' title="bbox 423 2350 2064 2422">
    <p class='ocr_par' dir='ltr' id='par_1_25' title="bbox 423 2350 2064 2422">
     <span class='ocr_line' id='line_1_25' title="bbox 423 2350 2064 2422; baseline -0.001 -16"><span class='ocrx_word' id='word_1_160' title='bbox 423 2351 709 2411; x_wconf 87' lang='lat' dir='ltr'>continet.</span> <span class='ocrx_word' id='word_1_161' title='bbox 745 2350 1132 2420; x_wconf 90' lang='lat' dir='ltr'>omniumque</span> <span class='ocrx_word' id='word_1_162' title='bbox 1173 2350 1437 2422; x_wconf 78' lang='lat' dir='ltr'>gentium</span> <span class='ocrx_word' id='word_1_163' title='bbox 1498 2366 1636 2421; x_wconf 90' lang='lat' dir='ltr'>erga</span> <span class='ocrx_word' id='word_1_164' title='bbox 1674 2352 1859 2406; x_wconf 88' lang='lat' dir='ltr'>Deum</span> <span class='ocrx_word' id='word_1_165' title='bbox 1897 2350 2064 2422; x_wconf 86' lang='lat' dir='ltr'>agni-</span> 
     </span>
    </p>
   </div>
   <div class='ocr_carea' id='block_1_26' title="bbox 419 2439 2064 2510">
    <p class='ocr_par' dir='ltr' id='par_1_26' title="bbox 419 2439 2064 2510">
     <span class='ocr_line' id='line_1_26' title="bbox 419 2439 2064 2510; baseline 0 -15"><span class='ocrx_word' id='word_1_166' title='bbox 419 2441 684 2495; x_wconf 88' lang='lat' dir='ltr'>tionem:</span> <span class='ocrx_word' id='word_1_167' title='bbox 721 2456 970 2509; x_wconf 89' lang='lat' dir='ltr'>quorum</span> <span class='ocrx_word' id='word_1_168' title='bbox 1007 2440 1155 2494; x_wconf 88' lang='lat' dir='ltr'>nihil</span> <span class='ocrx_word' id='word_1_169' title='bbox 1187 2440 1258 2494; x_wconf 91' lang='lat' dir='ltr'>de</span> <span class='ocrx_word' id='word_1_170' title='bbox 1295 2440 1386 2494; x_wconf 92' lang='lat' dir='ltr'>his</span> <span class='ocrx_word' id='word_1_171' title='bbox 1420 2441 1520 2510; x_wconf 89' lang='lat' dir='ltr'>qui</span> <span class='ocrx_word' id='word_1_172' title='bbox 1577 2440 1684 2496; x_wconf 92' lang='lat' dir='ltr'>sub</span> <span class='ocrx_word' id='word_1_173' title='bbox 1741 2439 2064 2495; x_wconf 90' lang='lat' dir='ltr'>Zorobabel</span> 
     </span>
    </p>
   </div>
   <div class='ocr_carea' id='block_1_27' title="bbox 417 2529 2064 2604">
    <p class='ocr_par' dir='ltr' id='par_1_27' title="bbox 417 2529 2064 2604">
     <span class='ocr_line' id='line_1_27' title="bbox 417 2529 2064 2604; baseline -0.002 -18"><span class='ocrx_word' id='word_1_174' title='bbox 417 2531 679 2594; x_wconf 73' lang='lat' dir='ltr'>fuerunt,</span> <span class='ocrx_word' id='word_1_175' title='bbox 722 2530 1038 2604; x_wconf 84' lang='lat' dir='ltr'>contigisse</span> <span class='ocrx_word' id='word_1_176' title='bbox 1097 2529 1452 2585; x_wconf 86' lang='lat' dir='ltr'>invenimus.</span> <span class='ocrx_word' id='word_1_177' title='bbox 1517 2529 1890 2585; x_wconf 78' lang='lat' dir='ltr'>Manifestum</span> <span class='ocrx_word' id='word_1_178' title='bbox 1974 2536 2064 2584; x_wconf 90' lang='lat' dir='ltr'>est</span> 
     </span>
    </p>
   </div>
   <div class='ocr_carea' id='block_1_28' title="bbox 418 2620 2062 2694">
    <p class='ocr_par' dir='ltr' id='par_1_28' title="bbox 418 2620 2062 2694">
     <span class='ocr_line' id='line_1_28' title="bbox 418 2620 2062 2694; baseline -0.001 -18"><span class='ocrx_word' id='word_1_179' title='bbox 418 2622 598 2694; x_wconf 87' lang='lat' dir='ltr'>igitur</span> <span class='ocrx_word' id='word_1_180' title='bbox 627 2621 786 2691; x_wconf 90' lang='lat' dir='ltr'>quod</span> <span class='ocrx_word' id='word_1_181' title='bbox 818 2621 970 2675; x_wconf 90' lang='lat' dir='ltr'>hanc</span> <span class='ocrx_word' id='word_1_182' title='bbox 1002 2621 1073 2673; x_wconf 87' lang='lat' dir='ltr'>de</span> <span class='ocrx_word' id='word_1_183' title='bbox 1105 2620 1354 2675; x_wconf 90' lang='lat' dir='ltr'>Domino</span> <span class='ocrx_word' id='word_1_184' title='bbox 1387 2626 1590 2675; x_wconf 90' lang='lat' dir='ltr'>nostro</span> <span class='ocrx_word' id='word_1_185' title='bbox 1649 2621 1785 2676; x_wconf 84' lang='lat' dir='ltr'>Jesu</span> <span class='ocrx_word' id='word_1_186' title='bbox 1831 2621 2062 2676; x_wconf 82' lang='lat' dir='ltr'>Christo</span> 
     </span>
    </p>
   </div>
   <div class='ocr_carea' id='block_1_29' title="bbox 413 2709 2065 2781">
    <p class='ocr_par' dir='ltr' id='par_1_29' title="bbox 413 2709 2065 2781">
     <span class='ocr_line' id='line_1_29' title="bbox 413 2709 2065 2781; baseline -0.002 -15"><span class='ocrx_word' id='word_1_187' title='bbox 413 2711 634 2766; x_wconf 90' lang='lat' dir='ltr'>dictam</span> <span class='ocrx_word' id='word_1_188' title='bbox 670 2727 799 2764; x_wconf 91' lang='lat' dir='ltr'>esse</span> <span class='ocrx_word' id='word_1_189' title='bbox 832 2710 1236 2781; x_wconf 85' lang='lat' dir='ltr'>intelligemus</span> <span class='ocrx_word' id='word_1_190' title='bbox 1272 2727 1283 2763; x_wconf 94' lang='lat'><strong>:</strong></span> <span class='ocrx_word' id='word_1_191' title='bbox 1348 2710 1630 2765; x_wconf 80' lang='lat' dir='ltr'>Dominus</span> <span class='ocrx_word' id='word_1_192' title='bbox 1671 2709 1827 2764; x_wconf 90' lang='lat' dir='ltr'>enim</span> <span class='ocrx_word' id='word_1_193' title='bbox 1863 2714 2065 2763; x_wconf 90' lang='lat' dir='ltr'>noster</span> 
     </span>
    </p>
   </div>
   <div class='ocr_carea' id='block_1_30' title="bbox 413 2795 2064 2872">
    <p class='ocr_par' dir='ltr' id='par_1_30' title="bbox 413 2795 2064 2872">
     <span class='ocr_line' id='line_1_30' title="bbox 413 2795 2064 2872; baseline -0.001 -20"><span class='ocrx_word' id='word_1_194' title='bbox 413 2815 599 2872; x_wconf 89' lang='lat' dir='ltr'>genus</span> <span class='ocrx_word' id='word_1_195' title='bbox 633 2797 960 2853; x_wconf 89' lang='lat' dir='ltr'>secundum</span> <span class='ocrx_word' id='word_1_196' title='bbox 993 2813 1234 2851; x_wconf 91' lang='lat' dir='ltr'>carnem</span> <span class='ocrx_word' id='word_1_197' title='bbox 1285 2813 1319 2852; x_wconf 90' lang='lat' dir='ltr'>a</span> <span class='ocrx_word' id='word_1_198' title='bbox 1349 2796 1528 2852; x_wconf 81' lang='lat' dir='ltr'>David</span> <span class='ocrx_word' id='word_1_199' title='bbox 1571 2795 1892 2862; x_wconf 87' lang='lat' dir='ltr'>deducens,</span> <span class='ocrx_word' id='word_1_200' title='bbox 1926 2813 2064 2867; x_wconf 90' lang='lat' dir='ltr'>pro-</span> 
     </span>
    </p>
   </div>
   <div class='ocr_carea' id='block_1_31' title="bbox 419 2885 2060 2957">
    <p class='ocr_par' dir='ltr' id='par_1_31' title="bbox 419 2885 2060 2957">
     <span class='ocr_line' id='line_1_31' title="bbox 419 2885 2060 2957; baseline -0.002 -15"><span class='ocrx_word' id='word_1_201' title='bbox 419 2888 768 2943; x_wconf 80' lang='lat' dir='ltr'>missionem</span> <span class='ocrx_word' id='word_1_202' title='bbox 806 2903 934 2957; x_wconf 68' lang='lat' dir='ltr'>qua:</span> <span class='ocrx_word' id='word_1_203' title='bbox 951 2886 1024 2940; x_wconf 91' lang='lat' dir='ltr'>ad</span> <span class='ocrx_word' id='word_1_204' title='bbox 1041 2885 1217 2941; x_wconf 88' lang='lat' dir='ltr'>David</span> <span class='ocrx_word' id='word_1_205' title='bbox 1252 2886 1406 2942; x_wconf 84' lang='lat' dir='ltr'>facta</span> <span class='ocrx_word' id='word_1_206' title='bbox 1436 2891 1524 2940; x_wconf 91' lang='lat' dir='ltr'>est</span> <span class='ocrx_word' id='word_1_207' title='bbox 1544 2886 2060 2956; x_wconf 73' lang='lat' dir='ltr'>coniplevit.«Ver-</span> 
     </span>
    </p>
   </div>
   <div class='ocr_carea' id='block_1_32' title="bbox 415 2974 2060 3040">
    <p class='ocr_par' dir='ltr' id='par_1_32' title="bbox 415 2974 2060 3040">
     <span class='ocr_line' id='line_1_32' title="bbox 415 2974 2060 3040; baseline -0.001 -9"><span class='ocrx_word' id='word_1_208' title='bbox 415 2976 557 3032; x_wconf 89' lang='lat' dir='ltr'>bum</span> <span class='ocrx_word' id='word_1_209' title='bbox 591 2976 748 3030; x_wconf 91' lang='lat' dir='ltr'>enim</span> <span class='ocrx_word' id='word_1_210' title='bbox 777 2991 912 3030; x_wconf 87' lang='lat' dir='ltr'>caro</span> <span class='ocrx_word' id='word_1_211' title='bbox 956 2975 1176 3030; x_wconf 80' lang='lat' dir='ltr'>factum</span> <span class='ocrx_word' id='word_1_212' title='bbox 1205 2980 1296 3030; x_wconf 91' lang='lat' dir='ltr'>est</span> <span class='ocrx_word' id='word_1_213' title='bbox 1327 2976 1392 3040; x_wconf 62' lang='lat'>1‘,</span> <span class='ocrx_word' id='word_1_214' title='bbox 1429 2997 1449 3023; x_wconf 73' lang='grc' dir='ltr'><strong><em>η</em></strong></span> <span class='ocrx_word' id='word_1_215' title='bbox 1512 2980 1570 3031; x_wconf 90' lang='lat' dir='ltr'>et</span> <span class='ocrx_word' id='word_1_216' title='bbox 1627 2974 1911 3030; x_wconf 77' lang='lat' dir='ltr'>habitavit</span> <span class='ocrx_word' id='word_1_217' title='bbox 1942 2974 2060 3029; x_wconf 87' lang='lat' dir='ltr'>sive</span> 
     </span>
    </p>
   </div>
   <div class='ocr_carea' id='block_1_33' title="bbox 417 3059 2058 3136">
    <p class='ocr_par' dir='ltr' id='par_1_33' title="bbox 417 3059 2058 3136">
     <span class='ocr_line' id='line_1_33' title="bbox 417 3059 2058 3136; baseline -0.005 -14"><span class='ocrx_word' id='word_1_218' title='bbox 417 3067 735 3122; x_wconf 86' lang='lat' dir='ltr'>tentorium</span> <span class='ocrx_word' id='word_1_219' title='bbox 761 3066 960 3136; x_wconf 85' lang='lat' dir='ltr'>posuit</span> <span class='ocrx_word' id='word_1_220' title='bbox 990 3065 1146 3119; x_wconf 88' lang='lat' dir='ltr'>inter</span> <span class='ocrx_word' id='word_1_221' title='bbox 1179 3081 1284 3120; x_wconf 90' lang='lat' dir='ltr'>nos</span> <span class='ocrx_word' id='word_1_222' title='bbox 1350 3065 1509 3135; x_wconf 89' lang='lat' dir='ltr'>(nam</span> <span class='ocrx_word' id='word_1_223' title='bbox 1567 3071 1657 3120; x_wconf 89' lang='lat' dir='ltr'>est</span> <span class='ocrx_word' id='word_1_224' title='bbox 1712 3059 2058 3134; x_wconf 74' lang='grc' dir='ltr'>ἐσκήνωσεν),</span> 
     </span>
    </p>
   </div>
   <div class='ocr_carea' id='block_1_34' title="bbox 417 3153 2058 3226">
    <p class='ocr_par' dir='ltr' id='par_1_34' title="bbox 417 3153 2058 3226">
     <span class='ocr_line' id='line_1_34' title="bbox 417 3153 2058 3226; baseline -0.002 -15"><span class='ocrx_word' id='word_1_225' title='bbox 417 3161 650 3226; x_wconf 90' lang='lat' dir='ltr'>sumpto</span> <span class='ocrx_word' id='word_1_226' title='bbox 673 3171 742 3209; x_wconf 87' lang='lat' dir='ltr'>ex</span> <span class='ocrx_word' id='word_1_227' title='bbox 776 3155 950 3209; x_wconf 84' lang='lat' dir='ltr'>David</span> <span class='ocrx_word' id='word_1_228' title='bbox 969 3155 1224 3209; x_wconf 80' lang='lat' dir='ltr'>tentorio</span> <span class='ocrx_word' id='word_1_229' title='bbox 1257 3154 1376 3210; x_wconf 88' lang='lat' dir='ltr'>sive</span> <span class='ocrx_word' id='word_1_230' title='bbox 1417 3153 1818 3210; x_wconf 89' lang='lat' dir='ltr'>tabernaculo.</span> <span class='ocrx_word' id='word_1_231' title='bbox 1855 3153 2058 3208; x_wconf 89' lang='lat' dir='ltr'>Merito</span> 
     </span>
    </p>
   </div>
   <div class='ocr_carea' id='block_1_35' title="bbox 414 3233 2337 3316">
    <p class='ocr_par' dir='ltr' id='par_1_35' title="bbox 414 3233 2337 3316">
     <span class='ocr_line' id='line_1_35' title="bbox 414 3233 2337 3316; baseline -0.003 -17"><span class='ocrx_word' id='word_1_232' title='bbox 414 3261 548 3315; x_wconf 86' lang='lat' dir='ltr'>ergo</span> <span class='ocrx_word' id='word_1_233' title='bbox 583 3261 776 3298; x_wconf 87' lang='lat' dir='ltr'>sermo</span> <span class='ocrx_word' id='word_1_234' title='bbox 810 3244 1188 3314; x_wconf 79' lang='lat' dir='ltr'>prapheticus</span> <span class='ocrx_word' id='word_1_235' title='bbox 1217 3244 1404 3316; x_wconf 90' lang='lat' dir='ltr'>ipsius</span> <span class='ocrx_word' id='word_1_236' title='bbox 1421 3243 2058 3301; x_wconf 89' lang='lat' dir='ltr'>Davidtabernaculum</span> <span class='ocrx_word' id='word_1_237' title='bbox 2090 3233 2132 3299; x_wconf 87' lang='lat' dir='ltr'>C</span> <span class='ocrx_word' id='word_1_238' title='bbox 2173 3236 2337 3294; x_wconf 75' lang='grc' dir='ltr'>Δαυῒδ</span> 
     </span>
    </p>
   </div>
   <div class='ocr_carea' id='block_1_36' title="bbox 411 3332 2064 3404">
    <p class='ocr_par' dir='ltr' id='par_1_36' title="bbox 411 3332 2064 3404">
     <span class='ocr_line' id='line_1_36' title="bbox 411 3332 2064 3404; baseline 0 -18"><span class='ocrx_word' id='word_1_239' title='bbox 411 3348 652 3388; x_wconf 88' lang='lat' dir='ltr'>rursum</span> <span class='ocrx_word' id='word_1_240' title='bbox 677 3332 1090 3389; x_wconf 80' lang='lat' dir='ltr'>aediﬁcandum</span> <span class='ocrx_word' id='word_1_241' title='bbox 1128 3332 1290 3396; x_wconf 85' lang='lat' dir='ltr'>dicit,</span> <span class='ocrx_word' id='word_1_242' title='bbox 1324 3332 1502 3403; x_wconf 91' lang='lat' dir='ltr'>idque</span> <span class='ocrx_word' id='word_1_243' title='bbox 1534 3349 1653 3387; x_wconf 91' lang='lat' dir='ltr'>non</span> <span class='ocrx_word' id='word_1_244' title='bbox 1689 3332 1762 3388; x_wconf 89' lang='lat' dir='ltr'>ad</span> <span class='ocrx_word' id='word_1_245' title='bbox 1820 3349 2064 3404; x_wconf 85' lang='lat' dir='ltr'>parvum</span> 
     </span>
    </p>
   </div>
   <div class='ocr_carea' id='block_1_37' title="bbox 415 3421 2068 3491">
    <p class='ocr_par' dir='ltr' id='par_1_37' title="bbox 415 3421 2068 3491">
     <span class='ocr_line' id='line_1_37' title="bbox 415 3421 2068 3491; baseline 0.001 -17"><span class='ocrx_word' id='word_1_246' title='bbox 415 3426 649 3491; x_wconf 85' lang='lat' dir='ltr'>tempus</span> <span class='ocrx_word' id='word_1_247' title='bbox 673 3421 947 3485; x_wconf 86' lang='lat' dir='ltr'>dicit,sed</span> <span class='ocrx_word' id='word_1_248' title='bbox 979 3421 1052 3476; x_wconf 90' lang='lat' dir='ltr'>ad</span> <span class='ocrx_word' id='word_1_249' title='bbox 1076 3437 1286 3476; x_wconf 89' lang='lat' dir='ltr'>omnes</span> <span class='ocrx_word' id='word_1_250' title='bbox 1307 3421 1435 3476; x_wconf 89' lang='lat' dir='ltr'>dies</span> <span class='ocrx_word' id='word_1_251' title='bbox 1467 3422 2068 3478; x_wconf 64' lang='lat' dir='ltr'>sacculiPromittitur</span> 
     </span>
    </p>
   </div>
   <div class='ocr_carea' id='block_1_38' title="bbox 421 3510 2068 3582">
    <p class='ocr_par' dir='ltr' id='par_1_38' title="bbox 421 3510 2068 3582">
     <span class='ocr_line' id='line_1_38' title="bbox 421 3510 2068 3582; baseline -0.001 -16"><span class='ocrx_word' id='word_1_252' title='bbox 421 3515 620 3566; x_wconf 91' lang='lat' dir='ltr'>autem</span> <span class='ocrx_word' id='word_1_253' title='bbox 648 3510 922 3582; x_wconf 87' lang='lat' dir='ltr'>gentibus</span> <span class='ocrx_word' id='word_1_254' title='bbox 957 3510 1177 3567; x_wconf 85' lang='lat' dir='ltr'>donum</span> <span class='ocrx_word' id='word_1_255' title='bbox 1210 3510 1567 3572; x_wconf 75' lang='lat' dir='ltr'>cognitionis</span> <span class='ocrx_word' id='word_1_256' title='bbox 1597 3511 1958 3570; x_wconf 73' lang='lat' dir='ltr'>divinaa.hoc</span> <span class='ocrx_word' id='word_1_257' title='bbox 1978 3516 2068 3565; x_wconf 88' lang='lat' dir='ltr'>est</span> 
     </span>
    </p>
   </div>
   <div class='ocr_carea' id='block_1_39' title="bbox 418 3598 2070 3670">
    <p class='ocr_par' dir='ltr' id='par_1_39' title="bbox 418 3598 2070 3670">
     <span class='ocr_line' id='line_1_39' title="bbox 418 3598 2070 3670; baseline 0.001 -16"><span class='ocrx_word' id='word_1_258' title='bbox 418 3599 493 3654; x_wconf 89' lang='lat' dir='ltr'>iis</span> <span class='ocrx_word' id='word_1_259' title='bbox 527 3600 622 3670; x_wconf 88' lang='lat' dir='ltr'>qui</span> <span class='ocrx_word' id='word_1_260' title='bbox 649 3617 716 3653; x_wconf 89' lang='lat' dir='ltr'>ex</span> <span class='ocrx_word' id='word_1_261' title='bbox 747 3598 1023 3670; x_wconf 87' lang='lat' dir='ltr'>gentibus</span> <span class='ocrx_word' id='word_1_262' title='bbox 1051 3598 1124 3652; x_wconf 88' lang='lat' dir='ltr'>ad</span> <span class='ocrx_word' id='word_1_263' title='bbox 1157 3599 1452 3656; x_wconf 87' lang='lat' dir='ltr'>Christum</span> <span class='ocrx_word' id='word_1_264' title='bbox 1466 3599 1733 3656; x_wconf 86' lang='lat' dir='ltr'>conversi</span> <span class='ocrx_word' id='word_1_265' title='bbox 1766 3600 2070 3662; x_wconf 81' lang='lat' dir='ltr'>fuerint,et</span> 
     </span>
    </p>
   </div>
   <div class='ocr_carea' id='block_1_40' title="bbox 419 3687 2067 3761">
    <p class='ocr_par' dir='ltr' id='par_1_40' title="bbox 419 3687 2067 3761">
     <span class='ocr_line' id='line_1_40' title="bbox 419 3687 2067 3761; baseline -0.001 -15"><span class='ocrx_word' id='word_1_266' title='bbox 419 3689 660 3746; x_wconf 90' lang='lat' dir='ltr'>nomine</span> <span class='ocrx_word' id='word_1_267' title='bbox 674 3690 750 3743; x_wconf 92' lang='lat' dir='ltr'>Ch</span> <span class='ocrx_word' id='word_1_268' title='bbox 764 3689 888 3744; x_wconf 88' lang='lat' dir='ltr'>risti</span> <span class='ocrx_word' id='word_1_269' title='bbox 918 3687 1243 3743; x_wconf 89' lang='lat' dir='ltr'>vocati.Alii</span> <span class='ocrx_word' id='word_1_270' title='bbox 1259 3706 1392 3745; x_wconf 89' lang='lat' dir='ltr'>vero</span> <span class='ocrx_word' id='word_1_271' title='bbox 1406 3691 1477 3746; x_wconf 89' lang='lat' dir='ltr'>de</span> <span class='ocrx_word' id='word_1_272' title='bbox 1493 3691 1926 3748; x_wconf 86' lang='lat' dir='ltr'>resurrectione</span> <span class='ocrx_word' id='word_1_273' title='bbox 1939 3690 2067 3761; x_wconf 87' lang='lat' dir='ltr'>ejus</span> 
     </span>
    </p>
   </div>
   <div class='ocr_carea' id='block_1_41' title="bbox 421 3778 2062 3838">
    <p class='ocr_par' dir='ltr' id='par_1_41' title="bbox 421 3778 2062 3838">
     <span class='ocr_line' id='line_1_41' title="bbox 421 3778 2062 3838; baseline -0.001 -4"><span class='ocrx_word' id='word_1_274' title='bbox 421 3795 491 3834; x_wconf 84' lang='lat' dir='ltr'>ex</span> <span class='ocrx_word' id='word_1_275' title='bbox 522 3778 772 3835; x_wconf 87' lang='lat' dir='ltr'>mortuis</span> <span class='ocrx_word' id='word_1_276' title='bbox 795 3779 906 3833; x_wconf 87' lang='lat' dir='ltr'>hoc</span> <span class='ocrx_word' id='word_1_277' title='bbox 929 3794 1058 3833; x_wconf 89' lang='lat' dir='ltr'>esse</span> <span class='ocrx_word' id='word_1_278' title='bbox 1083 3779 1305 3836; x_wconf 89' lang='lat' dir='ltr'>dictum</span> <span class='ocrx_word' id='word_1_279' title='bbox 1340 3780 1522 3838; x_wconf 90' lang='lat' dir='ltr'>aiunt.</span> <span class='ocrx_word' id='word_1_280' title='bbox 1547 3782 1702 3836; x_wconf 71' lang='lat'>1‘24</span> <span class='ocrx_word' id='word_1_281' title='bbox 1731 3779 1876 3836; x_wconf 91' lang='lat' dir='ltr'>Cum</span> <span class='ocrx_word' id='word_1_282' title='bbox 1908 3780 2062 3834; x_wconf 90' lang='lat' dir='ltr'>enim</span> 
     </span>
    </p>
   </div>
   <div class='ocr_carea' id='block_1_42' title="bbox 419 3869 2065 3940">
    <p class='ocr_par' dir='ltr' id='par_1_42' title="bbox 419 3869 2065 3940">
     <span class='ocr_line' id='line_1_42' title="bbox 419 3869 2065 3940; baseline -0.001 -16"><span class='ocrx_word' id='word_1_283' title='bbox 419 3870 572 3925; x_wconf 90' lang='lat' dir='ltr'>Deus</span> <span class='ocrx_word' id='word_1_284' title='bbox 604 3885 671 3924; x_wconf 89' lang='lat' dir='ltr'>ac</span> <span class='ocrx_word' id='word_1_285' title='bbox 704 3870 876 3925; x_wconf 85' lang='lat' dir='ltr'>Pater</span> <span class='ocrx_word' id='word_1_286' title='bbox 905 3869 1360 3926; x_wconf 89' lang='lat' dir='ltr'>tabernaculum</span> <span class='ocrx_word' id='word_1_287' title='bbox 1389 3871 1515 3940; x_wconf 85' lang='lat' dir='ltr'>ejus</span> <span class='ocrx_word' id='word_1_288' title='bbox 1547 3869 1702 3940; x_wconf 89' lang='lat' dir='ltr'>quod</span> <span class='ocrx_word' id='word_1_289' title='bbox 1727 3870 1786 3924; x_wconf 92' lang='lat' dir='ltr'>in</span> <span class='ocrx_word' id='word_1_290' title='bbox 1813 3873 2065 3924; x_wconf 86' lang='lat' dir='ltr'>mortem</span> 
     </span>
    </p>
   </div>
   <div class='ocr_carea' id='block_1_43' title="bbox 417 3958 2062 4029">
    <p class='ocr_par' dir='ltr' id='par_1_43' title="bbox 417 3958 2062 4029">
     <span class='ocr_line' id='line_1_43' title="bbox 417 3958 2062 4029; baseline -0.001 -16"><span class='ocrx_word' id='word_1_291' title='bbox 417 3958 854 4016; x_wconf 85' lang='lat' dir='ltr'>occiderat.hoc</span> <span class='ocrx_word' id='word_1_292' title='bbox 883 3966 971 4014; x_wconf 92' lang='lat' dir='ltr'>est</span> <span class='ocrx_word' id='word_1_293' title='bbox 1003 3959 1160 4029; x_wconf 91' lang='lat' dir='ltr'>quod</span> <span class='ocrx_word' id='word_1_294' title='bbox 1192 3975 1471 4016; x_wconf 88' lang='lat' dir='ltr'>carneum</span> <span class='ocrx_word' id='word_1_295' title='bbox 1505 3966 1698 4016; x_wconf 63' lang='lat' dir='ltr'>erata</span> <span class='ocrx_word' id='word_1_296' title='bbox 1723 3965 1878 4015; x_wconf 89' lang='lat' dir='ltr'>terra</span> <span class='ocrx_word' id='word_1_297' title='bbox 1906 3959 2062 4015; x_wconf 83' lang='lat' dir='ltr'>exci-</span> 
     </span>
    </p>
   </div>
   <div class='ocr_carea' id='block_1_44' title="bbox 421 4048 2068 4122">
    <p class='ocr_par' dir='ltr' id='par_1_44' title="bbox 421 4048 2068 4122">
     <span class='ocr_line' id='line_1_44' title="bbox 421 4048 2068 4122; baseline -0.001 -18"><span class='ocrx_word' id='word_1_298' title='bbox 421 4052 627 4113; x_wconf 87' lang='lat' dir='ltr'>tasset,</span> <span class='ocrx_word' id='word_1_299' title='bbox 647 4053 789 4102; x_wconf 89' lang='lat' dir='ltr'>tunc</span> <span class='ocrx_word' id='word_1_300' title='bbox 820 4065 996 4103; x_wconf 90' lang='lat' dir='ltr'>omne</span> <span class='ocrx_word' id='word_1_301' title='bbox 1020 4065 1206 4122; x_wconf 85' lang='lat' dir='ltr'>genus</span> <span class='ocrx_word' id='word_1_302' title='bbox 1238 4049 1563 4106; x_wconf 90' lang='lat' dir='ltr'>humanum</span> <span class='ocrx_word' id='word_1_303' title='bbox 1596 4048 1669 4104; x_wconf 91' lang='lat' dir='ltr'>ad</span> <span class='ocrx_word' id='word_1_304' title='bbox 1701 4054 1956 4104; x_wconf 88' lang='lat' dir='ltr'>veterem</span> <span class='ocrx_word' id='word_1_305' title='bbox 1974 4063 2068 4102; x_wconf 90' lang='lat' dir='ltr'>re-</span> 
     </span>
    </p>
   </div>
   <div class='ocr_carea' id='block_1_45' title="bbox 422 4137 2068 4209">
    <p class='ocr_par' dir='ltr' id='par_1_45' title="bbox 422 4137 2068 4209">
     <span class='ocr_line' id='line_1_45' title="bbox 422 4137 2068 4209; baseline -0.002 -15"><span class='ocrx_word' id='word_1_306' title='bbox 422 4137 613 4194; x_wconf 82' lang='lat' dir='ltr'>stituit</span> <span class='ocrx_word' id='word_1_307' title='bbox 644 4137 922 4192; x_wconf 83' lang='lat' dir='ltr'>formam:</span> <span class='ocrx_word' id='word_1_308' title='bbox 957 4143 1014 4192; x_wconf 91' lang='lat' dir='ltr'>et</span> <span class='ocrx_word' id='word_1_309' title='bbox 1045 4140 1246 4194; x_wconf 86' lang='lat' dir='ltr'>omnia</span> <span class='ocrx_word' id='word_1_310' title='bbox 1276 4144 1480 4194; x_wconf 89' lang='lat' dir='ltr'>nostra</span> <span class='ocrx_word' id='word_1_311' title='bbox 1509 4155 1639 4209; x_wconf 66' lang='lat' dir='ltr'>quae</span> <span class='ocrx_word' id='word_1_312' title='bbox 1671 4138 1865 4196; x_wconf 85' lang='lat' dir='ltr'>diruta</span> <span class='ocrx_word' id='word_1_313' title='bbox 1879 4143 2068 4202; x_wconf 89' lang='lat' dir='ltr'>erant,</span> 
     </span>
    </p>
   </div>
   <div class='ocr_carea' id='block_1_46' title="bbox 427 4226 2068 4284">
    <p class='ocr_par' dir='ltr' id='par_1_46' title="bbox 427 4226 2068 4284">
     <span class='ocr_line' id='line_1_46' title="bbox 427 4226 2068 4284; baseline 0 -2"><span class='ocrx_word' id='word_1_314' title='bbox 427 4228 488 4282; x_wconf 88' lang='lat' dir='ltr'>in</span> <span class='ocrx_word' id='word_1_315' title='bbox 523 4243 731 4281; x_wconf 90' lang='lat' dir='ltr'>novam</span> <span class='ocrx_word' id='word_1_316' title='bbox 763 4226 971 4282; x_wconf 84' lang='lat' dir='ltr'>faciem</span> <span class='ocrx_word' id='word_1_317' title='bbox 1004 4229 1256 4283; x_wconf 80' lang='lat' dir='ltr'>excitata</span> <span class='ocrx_word' id='word_1_318' title='bbox 1287 4234 1423 4284; x_wconf 90' lang='lat' dir='ltr'>sunt</span> <span class='ocrx_word' id='word_1_319' title='bbox 1457 4244 1470 4282; x_wconf 89' lang='lat'>:</span> <span class='ocrx_word' id='word_1_320' title='bbox 1504 4227 1681 4283; x_wconf 92' lang='lat' dir='ltr'>simul</span> <span class='ocrx_word' id='word_1_321' title='bbox 1741 4228 1900 4282; x_wconf 89' lang='lat' dir='ltr'>enim</span> <span class='ocrx_word' id='word_1_322' title='bbox 1931 4243 2068 4282; x_wconf 89' lang='lat' dir='ltr'>cum</span> 
     </span>
    </p>
   </div>
   <div class='ocr_carea' id='block_1_47' title="bbox 428 4316 2071 4388">
    <p class='ocr_par' dir='ltr' id='par_1_47' title="bbox 428 4316 2071 4388">
     <span class='ocr_line' id='line_1_47' title="bbox 428 4316 2071 4388; baseline 0 -16"><span class='ocrx_word' id='word_1_323' title='bbox 428 4317 657 4372; x_wconf 83' lang='lat' dir='ltr'>Christo</span> <span class='ocrx_word' id='word_1_324' title='bbox 689 4317 1384 4388; x_wconf 80' lang='lat' dir='ltr'>surreximus.Siquidem</span> <span class='ocrx_word' id='word_1_325' title='bbox 1411 4334 1568 4372; x_wconf 91' lang='lat' dir='ltr'>mors</span> <span class='ocrx_word' id='word_1_326' title='bbox 1601 4317 1866 4374; x_wconf 89' lang='lat' dir='ltr'>omnium</span> <span class='ocrx_word' id='word_1_327' title='bbox 1889 4316 2071 4372; x_wconf 89' lang='lat' dir='ltr'>diruit</span> 
     </span>
    </p>
   </div>
   <div class='ocr_carea' id='block_1_48' title="bbox 424 4406 2069 4478">
    <p class='ocr_par' dir='ltr' id='par_1_48' title="bbox 424 4406 2069 4478">
     <span class='ocr_line' id='line_1_48' title="bbox 424 4406 2069 4478; baseline 0 -18"><span class='ocrx_word' id='word_1_328' title='bbox 424 4407 988 4474; x_wconf 88' lang='lat' dir='ltr'>tabernacula,Deus</span> <span class='ocrx_word' id='word_1_329' title='bbox 1019 4424 1152 4462; x_wconf 89' lang='lat' dir='ltr'>vero</span> <span class='ocrx_word' id='word_1_330' title='bbox 1186 4413 1242 4462; x_wconf 90' lang='lat' dir='ltr'>et</span> <span class='ocrx_word' id='word_1_331' title='bbox 1274 4409 1446 4462; x_wconf 89' lang='lat' dir='ltr'>Pater</span> <span class='ocrx_word' id='word_1_332' title='bbox 1476 4424 1582 4478; x_wconf 88' lang='lat' dir='ltr'>per</span> <span class='ocrx_word' id='word_1_333' title='bbox 1611 4407 1906 4464; x_wconf 81' lang='lat' dir='ltr'>Christum</span> <span class='ocrx_word' id='word_1_334' title='bbox 1926 4406 2069 4460; x_wconf 82' lang='lat' dir='ltr'>aedi-</span> 
     </span>
    </p>
   </div>
   <div class='ocr_carea' id='block_1_49' title="bbox 427 4496 2070 4568">
    <p class='ocr_par' dir='ltr' id='par_1_49' title="bbox 427 4496 2070 4568">
     <span class='ocr_line' id='line_1_49' title="bbox 427 4496 2070 4568; baseline 0.001 -17"><span class='ocrx_word' id='word_1_335' title='bbox 427 4496 620 4552; x_wconf 83' lang='lat' dir='ltr'>ficavit</span> <span class='ocrx_word' id='word_1_336' title='bbox 647 4514 714 4552; x_wconf 92' lang='lat' dir='ltr'>ac</span> <span class='ocrx_word' id='word_1_337' title='bbox 746 4497 1025 4554; x_wconf 87' lang='lat' dir='ltr'>restituit.</span> <span class='ocrx_word' id='word_1_338' title='bbox 1061 4498 1259 4568; x_wconf 88' lang='lat' dir='ltr'>Neque</span> <span class='ocrx_word' id='word_1_339' title='bbox 1291 4497 1450 4552; x_wconf 89' lang='lat' dir='ltr'>enim</span> <span class='ocrx_word' id='word_1_340' title='bbox 1483 4496 1600 4551; x_wconf 91' lang='lat' dir='ltr'>alio</span> <span class='ocrx_word' id='word_1_341' title='bbox 1631 4496 1806 4551; x_wconf 91' lang='lat' dir='ltr'>modo</span> <span class='ocrx_word' id='word_1_342' title='bbox 1837 4501 2070 4568; x_wconf 87' lang='lat' dir='ltr'>poterat</span> 
     </span>
    </p>
   </div>
   <div class='ocr_carea' id='block_1_50' title="bbox 2157 549 3788 628">
    <p class='ocr_par' dir='ltr' id='par_1_50' title="bbox 2157 549 3788 628">
     <span class='ocr_line' id='line_1_50' title="bbox 2157 549 3788 628; baseline 0.004 -25"><span class='ocrx_word' id='word_1_343' title='bbox 2157 576 2186 604; x_wconf 76' lang='grc' dir='ltr'>ί(</span> <span class='ocrx_word' id='word_1_344' title='bbox 2220 553 2281 608; x_wconf 86' lang='grc' dir='ltr'>τὸ</span> <span class='ocrx_word' id='word_1_345' title='bbox 2315 549 2487 627; x_wconf 67' lang='grc' dir='ltr'>ὄνομα</span> <span class='ocrx_word' id='word_1_346' title='bbox 2520 575 2624 626; x_wconf 87' lang='grc' dir='ltr'>μου</span> <span class='ocrx_word' id='word_1_347' title='bbox 2675 553 2754 610; x_wconf 83' lang='grc' dir='ltr'>ἐπ’</span> <span class='ocrx_word' id='word_1_348' title='bbox 2819 555 3033 619; x_wconf 74' lang='grc' dir='ltr'>αὐτοὺς,</span> <span class='ocrx_word' id='word_1_349' title='bbox 3089 552 3236 628; x_wconf 77' lang='grc' dir='ltr'>λέγει</span> <span class='ocrx_word' id='word_1_350' title='bbox 3293 553 3513 627; x_wconf 69' lang='grc' dir='ltr'>Κύριος,</span> <span class='ocrx_word' id='word_1_351' title='bbox 3575 555 3788 610; x_wconf 86' lang='grc' dir='ltr'>ὁποιῶν</span> 
     </span>
    </p>
   </div>
   <div class='ocr_carea' id='block_1_51' title="bbox 2160 641 3792 716">
    <p class='ocr_par' dir='ltr' id='par_1_51' title="bbox 2160 641 3792 716">
     <span class='ocr_line' id='line_1_51' title="bbox 2160 641 3792 716; baseline 0.003 -23"><span class='ocrx_word' id='word_1_352' title='bbox 2160 666 2186 692; x_wconf 87' lang='grc'>‹‹</span> <span class='ocrx_word' id='word_1_353' title='bbox 2219 648 2386 696; x_wconf 88' lang='grc' dir='ltr'>ταῦτα</span> <span class='ocrx_word' id='word_1_354' title='bbox 2471 644 2679 700; x_wconf 78' lang='grc' dir='ltr'>πάντα,</span> <span class='ocrx_word' id='word_1_355' title='bbox 2771 644 2993 698; x_wconf 74' lang='grc' dir='ltr'>Γνωστὰ</span> <span class='ocrx_word' id='word_1_356' title='bbox 3078 643 3169 698; x_wconf 83' lang='grc' dir='ltr'>ἀπ’</span> <span class='ocrx_word' id='word_1_357' title='bbox 3251 641 3450 703; x_wconf 85' lang='grc' dir='ltr'>αἰῶνός</span> <span class='ocrx_word' id='word_1_358' title='bbox 3536 642 3644 699; x_wconf 84' lang='grc' dir='ltr'>ἐστι</span> <span class='ocrx_word' id='word_1_359' title='bbox 3721 650 3792 716; x_wconf 76' lang='grc' dir='ltr'>τῷ</span> 
     </span>
    </p>
   </div>
   <div class='ocr_carea' id='block_1_52' title="bbox 2166 731 3791 811">
    <p class='ocr_par' dir='ltr' id='par_1_52' title="bbox 2166 731 3791 811">
     <span class='ocr_line' id='line_1_52' title="bbox 2166 731 3791 811; baseline -0.001 -23"><span class='ocrx_word' id='word_1_360' title='bbox 2166 759 2184 780; x_wconf 82' lang='grc' dir='ltr'>ι</span> <span class='ocrx_word' id='word_1_361' title='bbox 2222 738 2341 803; x_wconf 84' lang='grc' dir='ltr'>Θεῷ</span> <span class='ocrx_word' id='word_1_362' title='bbox 2399 733 2566 788; x_wconf 82' lang='grc' dir='ltr'>πάντα</span> <span class='ocrx_word' id='word_1_363' title='bbox 2620 734 2688 789; x_wconf 68' lang='grc' dir='ltr'>τὰ</span> <span class='ocrx_word' id='word_1_364' title='bbox 2756 733 2888 811; x_wconf 81' lang='grc' dir='ltr'>ἔογα</span> <span class='ocrx_word' id='word_1_365' title='bbox 2919 732 3106 790; x_wconf 76' lang='grc' dir='ltr'>αὐτοῦ,</span> <span class='ocrx_word' id='word_1_366' title='bbox 3164 733 3254 787; x_wconf 90' lang='grc' dir='ltr'>Διὸ</span> <span class='ocrx_word' id='word_1_367' title='bbox 3321 731 3434 808; x_wconf 85' lang='grc' dir='ltr'>ἐγὼ</span> <span class='ocrx_word' id='word_1_368' title='bbox 3489 733 3672 806; x_wconf 77' lang='grc' dir='ltr'>κρίνω,</span> <span class='ocrx_word' id='word_1_369' title='bbox 3723 735 3791 806; x_wconf 79' lang='grc' dir='ltr'>μή</span> 
     </span>
    </p>
   </div>
   <div class='ocr_carea' id='block_1_53' title="bbox 2163 821 3792 899">
    <p class='ocr_par' dir='ltr' id='par_1_53' title="bbox 2163 821 3792 899">
     <span class='ocr_line' id='line_1_53' title="bbox 2163 821 3792 899; baseline 0.001 -24"><span class='ocrx_word' id='word_1_370' title='bbox 2163 822 2587 899; x_wconf 78' lang='grc' dir='ltr'>«παρενοχλεῖν</span> <span class='ocrx_word' id='word_1_371' title='bbox 2637 829 2758 884; x_wconf 84' lang='grc' dir='ltr'>τοῖς</span> <span class='ocrx_word' id='word_1_372' title='bbox 2826 823 2933 878; x_wconf 82' lang='grc' dir='ltr'>ἀπὸ</span> <span class='ocrx_word' id='word_1_373' title='bbox 3003 828 3110 878; x_wconf 90' lang='grc' dir='ltr'>τῶν</span> <span class='ocrx_word' id='word_1_374' title='bbox 3171 821 3336 877; x_wconf 81' lang='grc' dir='ltr'>ἐθνῶν</span> <span class='ocrx_word' id='word_1_375' title='bbox 3400 821 3792 893; x_wconf 70' lang='grc' dir='ltr'>ἐπιστρέφουσιν</span> 
     </span>
    </p>
   </div>
   <div class='ocr_carea' id='block_1_54' title="bbox 2163 910 3798 980">
    <p class='ocr_par' dir='ltr' id='par_1_54' title="bbox 2163 910 3798 980">
     <span class='ocr_line' id='line_1_54' title="bbox 2163 910 3798 980; baseline 0.004 -18"><span class='ocrx_word' id='word_1_376' title='bbox 2163 910 2310 966; x_wconf 77' lang='grc' dir='ltr'>«ἐπὶ</span> <span class='ocrx_word' id='word_1_377' title='bbox 2371 912 2461 967; x_wconf 84' lang='grc' dir='ltr'>τόν</span> <span class='ocrx_word' id='word_1_378' title='bbox 2522 913 2673 980; x_wconf 82' lang='grc' dir='ltr'>Θεὸν,</span> <span class='ocrx_word' id='word_1_379' title='bbox 2735 912 2880 968; x_wconf 70' lang='grc' dir='ltr'>ἀλλὰ</span> <span class='ocrx_word' id='word_1_380' title='bbox 2950 910 3253 968; x_wconf 81' lang='grc' dir='ltr'>ἐπιστεῖλαι</span> <span class='ocrx_word' id='word_1_381' title='bbox 3315 911 3503 971; x_wconf 83' lang='grc' dir='ltr'>αὐτοῖς</span> <span class='ocrx_word' id='word_1_382' title='bbox 3559 915 3653 965; x_wconf 84' lang='grc' dir='ltr'>τοῦ</span> <span class='ocrx_word' id='word_1_383' title='bbox 3703 911 3798 968; x_wconf 84' lang='grc' dir='ltr'>ἀπ-</span> 
     </span>
    </p>
   </div>
   <div class='ocr_carea' id='block_1_55' title="bbox 2163 997 3798 1076">
    <p class='ocr_par' dir='ltr' id='par_1_55' title="bbox 2163 997 3798 1076">
     <span class='ocr_line' id='line_1_55' title="bbox 2163 997 3798 1076; baseline 0 -22"><span class='ocrx_word' id='word_1_384' title='bbox 2163 1025 2190 1054; x_wconf 91' lang='grc'>‹‹</span> <span class='ocrx_word' id='word_1_385' title='bbox 2225 1001 2444 1076; x_wconf 84' lang='grc' dir='ltr'>ἐχεσθαι</span> <span class='ocrx_word' id='word_1_386' title='bbox 2490 1009 2600 1058; x_wconf 88' lang='grc' dir='ltr'>τῶν</span> <span class='ocrx_word' id='word_1_387' title='bbox 2647 1000 3045 1076; x_wconf 77' lang='grc' dir='ltr'>ἀλισγημάτων</span> <span class='ocrx_word' id='word_1_388' title='bbox 3094 1006 3201 1056; x_wconf 89' lang='grc' dir='ltr'>τῶν</span> <span class='ocrx_word' id='word_1_389' title='bbox 3244 997 3521 1068; x_wconf 76' lang='grc' dir='ltr'>εἰδώλων,</span> <span class='ocrx_word' id='word_1_390' title='bbox 3581 1001 3665 1053; x_wconf 80' lang='grc' dir='ltr'>καὶ</span> <span class='ocrx_word' id='word_1_391' title='bbox 3710 1008 3798 1068; x_wconf 76' lang='grc' dir='ltr'>τῆς</span> 
     </span>
    </p>
   </div>
   <div class='ocr_carea' id='block_1_56' title="bbox 2168 1090 3799 1164">
    <p class='ocr_par' dir='ltr' id='par_1_56' title="bbox 2168 1090 3799 1164">
     <span class='ocr_line' id='line_1_56' title="bbox 2168 1090 3799 1164; baseline 0.001 -22"><span class='ocrx_word' id='word_1_392' title='bbox 2168 1116 2188 1142; x_wconf 75' lang='grc' dir='ltr'>ι</span> <span class='ocrx_word' id='word_1_393' title='bbox 2225 1091 2502 1164; x_wconf 75' lang='grc' dir='ltr'>πορνείας,</span> <span class='ocrx_word' id='word_1_394' title='bbox 2561 1093 2649 1147; x_wconf 83' lang='grc' dir='ltr'>καὶ</span> <span class='ocrx_word' id='word_1_395' title='bbox 2711 1095 2959 1164; x_wconf 76' lang='grc' dir='ltr'>πνικτοῦ,</span> <span class='ocrx_word' id='word_1_396' title='bbox 2991 1091 3083 1146; x_wconf 86' lang='grc' dir='ltr'>καὶ</span> <span class='ocrx_word' id='word_1_397' title='bbox 3139 1094 3235 1145; x_wconf 85' lang='grc' dir='ltr'>τοῦ</span> <span class='ocrx_word' id='word_1_398' title='bbox 3293 1090 3556 1162; x_wconf 82' lang='grc' dir='ltr'>αἳματος.</span> <span class='ocrx_word' id='word_1_399' title='bbox 3608 1091 3799 1158; x_wconf 75' lang='grc' dir='ltr'>Μωσῆς</span> 
     </span>
    </p>
   </div>
   <div class='ocr_carea' id='block_1_57' title="bbox 2167 1178 3805 1258">
    <p class='ocr_par' dir='ltr' id='par_1_57' title="bbox 2167 1178 3805 1258">
     <span class='ocr_line' id='line_1_57' title="bbox 2167 1178 3805 1258; baseline 0 -26"><span class='ocrx_word' id='word_1_400' title='bbox 2167 1203 2194 1232; x_wconf 81' lang='grc' dir='ltr'>ιι</span> <span class='ocrx_word' id='word_1_401' title='bbox 2226 1182 2330 1255; x_wconf 78' lang='grc' dir='ltr'>γὰρ</span> <span class='ocrx_word' id='word_1_402' title='bbox 2364 1179 2424 1236; x_wconf 83' lang='grc' dir='ltr'>ἐκ</span> <span class='ocrx_word' id='word_1_403' title='bbox 2453 1179 2650 1258; x_wconf 78' lang='grc' dir='ltr'>γενεῶν</span> <span class='ocrx_word' id='word_1_404' title='bbox 2681 1181 2927 1257; x_wconf 70' lang='grc' dir='ltr'>ἆεχαίων</span> <span class='ocrx_word' id='word_1_405' title='bbox 2988 1182 3125 1236; x_wconf 83' lang='grc' dir='ltr'>κατᾶ</span> <span class='ocrx_word' id='word_1_406' title='bbox 3163 1180 3326 1235; x_wconf 86' lang='grc' dir='ltr'>πόλιν</span> <span class='ocrx_word' id='word_1_407' title='bbox 3361 1179 3495 1241; x_wconf 83' lang='grc' dir='ltr'>τοὺς</span> <span class='ocrx_word' id='word_1_408' title='bbox 3525 1178 3805 1253; x_wconf 71' lang='grc' dir='ltr'>κηρύσσον-</span> 
     </span>
    </p>
   </div>
   <div class='ocr_carea' id='block_1_58' title="bbox 2165 1263 3804 1347">
    <p class='ocr_par' dir='ltr' id='par_1_58' title="bbox 2165 1263 3804 1347">
     <span class='ocr_line' id='line_1_58' title="bbox 2165 1263 3804 1347; baseline 0.001 -26"><span class='ocrx_word' id='word_1_409' title='bbox 2165 1295 2194 1322; x_wconf 87' lang='grc'>‹‹</span> <span class='ocrx_word' id='word_1_410' title='bbox 2226 1291 2320 1332; x_wconf 87' lang='grc' dir='ltr'>τας</span> <span class='ocrx_word' id='word_1_411' title='bbox 2352 1269 2511 1326; x_wconf 71' lang='grc' dir='ltr'>αὐτὸν</span> <span class='ocrx_word' id='word_1_412' title='bbox 2544 1269 2662 1345; x_wconf 81' lang='grc' dir='ltr'>ἔχει</span> <span class='ocrx_word' id='word_1_413' title='bbox 2693 1270 2744 1325; x_wconf 89' lang='grc' dir='ltr'>ἐν</span> <span class='ocrx_word' id='word_1_414' title='bbox 2772 1276 2890 1332; x_wconf 82' lang='grc' dir='ltr'>ταῖς</span> <span class='ocrx_word' id='word_1_415' title='bbox 2923 1275 3258 1347; x_wconf 76' lang='grc' dir='ltr'>συναγωγαῖς</span> <span class='ocrx_word' id='word_1_416' title='bbox 3286 1271 3428 1324; x_wconf 82' lang='grc' dir='ltr'>κατᾶ</span> <span class='ocrx_word' id='word_1_417' title='bbox 3472 1274 3577 1323; x_wconf 74' lang='grc' dir='ltr'>πΞν</span> <span class='ocrx_word' id='word_1_418' title='bbox 3607 1263 3804 1323; x_wconf 75' lang='grc' dir='ltr'>Σάϐϐα-</span> 
     </span>
    </p>
   </div>
   <div class='ocr_carea' id='block_1_59' title="bbox 2165 1359 2941 1436">
    <p class='ocr_par' dir='ltr' id='par_1_59' title="bbox 2165 1359 2941 1436">
     <span class='ocr_line' id='line_1_59' title="bbox 2165 1359 2941 1436; baseline 0 -25"><span class='ocrx_word' id='word_1_419' title='bbox 2165 1384 2192 1412; x_wconf 86' lang='grc'>‹‹</span> <span class='ocrx_word' id='word_1_420' title='bbox 2227 1378 2323 1415; x_wconf 81' lang='grc' dir='ltr'>τον</span> <span class='ocrx_word' id='word_1_421' title='bbox 2350 1359 2878 1436; x_wconf 75' lang='grc' dir='ltr'>ἀναγινωσκόμενος.</span> <span class='ocrx_word' id='word_1_422' title='bbox 2913 1385 2941 1412; x_wconf 86' lang='grc'>››</span> 
     </span>
    </p>
   </div>
   <div class='ocr_carea' id='block_1_60' title="bbox 2235 1446 3807 1523">
    <p class='ocr_par' dir='ltr' id='par_1_60' title="bbox 2235 1446 3807 1523">
     <span class='ocr_line' id='line_1_60' title="bbox 2235 1446 3807 1523; baseline -0.002 -19"><span class='ocrx_word' id='word_1_423' title='bbox 2235 1449 2302 1506; x_wconf 77' lang='grc' dir='ltr'>υἱ</span> <span class='ocrx_word' id='word_1_424' title='bbox 2361 1450 2456 1523; x_wconf 77' lang='grc' dir='ltr'>μὲν</span> <span class='ocrx_word' id='word_1_425' title='bbox 2516 1447 2771 1506; x_wconf 80' lang='grc' dir='ltr'>Ἰουδαῖοι</span> <span class='ocrx_word' id='word_1_426' title='bbox 2822 1449 2898 1511; x_wconf 89' lang='grc' dir='ltr'>εἰς</span> <span class='ocrx_word' id='word_1_427' title='bbox 2956 1450 3053 1518; x_wconf 72' lang='grc' dir='ltr'>τήν</span> <span class='ocrx_word' id='word_1_428' title='bbox 3131 1448 3264 1522; x_wconf 84' lang='grc' dir='ltr'>μετᾶ</span> <span class='ocrx_word' id='word_1_429' title='bbox 3337 1449 3442 1516; x_wconf 80' lang='grc' dir='ltr'>τὴν</span> <span class='ocrx_word' id='word_1_430' title='bbox 3525 1446 3807 1521; x_wconf 76' lang='grc' dir='ltr'>αἰχμαλω-</span> 
     </span>
    </p>
   </div>
   <div class='ocr_carea' id='block_1_61' title="bbox 2168 1535 3809 1614">
    <p class='ocr_par' dir='ltr' id='par_1_61' title="bbox 2168 1535 3809 1614">
     <span class='ocr_line' id='line_1_61' title="bbox 2168 1535 3809 1614; baseline -0.002 -21"><span class='ocrx_word' id='word_1_431' title='bbox 2168 1539 2286 1593; x_wconf 86' lang='grc' dir='ltr'>σίαν</span> <span class='ocrx_word' id='word_1_432' title='bbox 2347 1535 2620 1612; x_wconf 80' lang='grc' dir='ltr'>οἰκοδομὴ</span> <span class='ocrx_word' id='word_1_433' title='bbox 2707 1543 2804 1594; x_wconf 83' lang='grc' dir='ltr'>τοῦ</span> <span class='ocrx_word' id='word_1_434' title='bbox 2887 1538 2939 1594; x_wconf 89' lang='grc' dir='ltr'>ἐν</span> <span class='ocrx_word' id='word_1_435' title='bbox 2999 1537 3411 1614; x_wconf 79' lang='grc' dir='ltr'>Ἱεροσολύμοις</span> <span class='ocrx_word' id='word_1_436' title='bbox 3465 1540 3597 1591; x_wconf 68' lang='grc' dir='ltr'>ναοῦ</span> <span class='ocrx_word' id='word_1_437' title='bbox 3660 1540 3809 1590; x_wconf 86' lang='grc' dir='ltr'>τοῦτο</span> 
     </span>
    </p>
   </div>
   <div class='ocr_carea' id='block_1_62' title="bbox 2167 1623 3809 1698">
    <p class='ocr_par' dir='ltr' id='par_1_62' title="bbox 2167 1623 3809 1698">
     <span class='ocr_line' id='line_1_62' title="bbox 2167 1623 3809 1698; baseline -0.002 -17"><span class='ocrx_word' id='word_1_438' title='bbox 2167 1626 2413 1698; x_wconf 78' lang='grc' dir='ltr'>εἰρῆσθαι</span> <span class='ocrx_word' id='word_1_439' title='bbox 2468 1629 2773 1698; x_wconf 73' lang='grc' dir='ltr'>νενοήκασι.</span> <span class='ocrx_word' id='word_1_440' title='bbox 2838 1631 3017 1684; x_wconf 84' lang='grc' dir='ltr'>Τοῦτο</span> <span class='ocrx_word' id='word_1_441' title='bbox 3104 1625 3161 1682; x_wconf 79' lang='grc' dir='ltr'>δὲ</span> <span class='ocrx_word' id='word_1_442' title='bbox 3219 1627 3321 1683; x_wconf 78' lang='grc' dir='ltr'>οὐκ</span> <span class='ocrx_word' id='word_1_443' title='bbox 3398 1623 3544 1682; x_wconf 86' lang='grc' dir='ltr'>ἔστιν</span> <span class='ocrx_word' id='word_1_444' title='bbox 3599 1623 3809 1693; x_wconf 69' lang='grc' dir='ltr'>ἀληθές·</span> 
     </span>
    </p>
   </div>
   <div class='ocr_carea' id='block_1_63' title="bbox 2167 1711 3808 1792">
    <p class='ocr_par' dir='ltr' id='par_1_63' title="bbox 2167 1711 3808 1792">
     <span class='ocr_line' id='line_1_63' title="bbox 2167 1711 3808 1792; baseline -0.003 -20"><span class='ocrx_word' id='word_1_445' title='bbox 2167 1717 2255 1772; x_wconf 86' lang='grc' dir='ltr'>καὶ</span> <span class='ocrx_word' id='word_1_446' title='bbox 2348 1716 2479 1788; x_wconf 82' lang='grc' dir='ltr'>μετᾶ</span> <span class='ocrx_word' id='word_1_447' title='bbox 2559 1722 2722 1771; x_wconf 88' lang='grc' dir='ltr'>τοῦτο</span> <span class='ocrx_word' id='word_1_448' title='bbox 2806 1718 2905 1792; x_wconf 80' lang='grc' dir='ltr'>γὰρ</span> <span class='ocrx_word' id='word_1_449' title='bbox 3005 1715 3279 1778; x_wconf 73' lang='grc' dir='ltr'>πολλάκις</span> <span class='ocrx_word' id='word_1_450' title='bbox 3394 1711 3808 1788; x_wconf 72' lang='grc' dir='ltr'>κατέστραπται·</span> 
     </span>
    </p>
   </div>
   <div class='ocr_carea' id='block_1_64' title="bbox 2170 1801 3811 1884">
    <p class='ocr_par' dir='ltr' id='par_1_64' title="bbox 2170 1801 3811 1884">
     <span class='ocr_line' id='line_1_64' title="bbox 2170 1801 3811 1884; baseline -0.004 -22"><span class='ocrx_word' id='word_1_451' title='bbox 2170 1809 2205 1876; x_wconf 78' lang='grc' dir='ltr'>ἡ</span> <span class='ocrx_word' id='word_1_452' title='bbox 2311 1804 2368 1862; x_wconf 80' lang='grc' dir='ltr'>δὲ</span> <span class='ocrx_word' id='word_1_453' title='bbox 2459 1808 2768 1884; x_wconf 78' lang='grc' dir='ltr'>προφητεία</span> <span class='ocrx_word' id='word_1_454' title='bbox 2878 1806 3098 1862; x_wconf 75' lang='grc' dir='ltr'>αἰωνίαν</span> <span class='ocrx_word' id='word_1_455' title='bbox 3189 1807 3287 1876; x_wconf 74' lang='grc' dir='ltr'>τὴν</span> <span class='ocrx_word' id='word_1_456' title='bbox 3400 1801 3811 1875; x_wconf 81' lang='grc' dir='ltr'>ἀνοικοδόμησιν</span> 
     </span>
    </p>
   </div>
   <div class='ocr_carea' id='block_1_65' title="bbox 2175 1889 3813 1970">
    <p class='ocr_par' dir='ltr' id='par_1_65' title="bbox 2175 1889 3813 1970">
     <span class='ocr_line' id='line_1_65' title="bbox 2175 1889 3813 1970; baseline -0.002 -21"><span class='ocrx_word' id='word_1_457' title='bbox 2175 1893 2586 1970; x_wconf 88' lang='grc' dir='ltr'>ἐπαγγέλλεται.</span> <span class='ocrx_word' id='word_1_458' title='bbox 2675 1897 2742 1954; x_wconf 72' lang='grc' dir='ltr'>Οἱ</span> <span class='ocrx_word' id='word_1_459' title='bbox 2817 1895 2873 1951; x_wconf 75' lang='grc' dir='ltr'>δὲ</span> <span class='ocrx_word' id='word_1_460' title='bbox 2958 1895 3032 1958; x_wconf 81' lang='grc' dir='ltr'>είς</span> <span class='ocrx_word' id='word_1_461' title='bbox 3112 1896 3202 1950; x_wconf 84' lang='grc' dir='ltr'>τὸν</span> <span class='ocrx_word' id='word_1_462' title='bbox 3275 1889 3598 1970; x_wconf 72' lang='grc' dir='ltr'>Ζοροϐάϐελ</span> <span class='ocrx_word' id='word_1_463' title='bbox 3667 1895 3813 1948; x_wconf 88' lang='grc' dir='ltr'>τοῦτο</span> 
     </span>
    </p>
   </div>
   <div class='ocr_carea' id='block_1_66' title="bbox 2175 1979 3816 2060">
    <p class='ocr_par' dir='ltr' id='par_1_66' title="bbox 2175 1979 3816 2060">
     <span class='ocr_line' id='line_1_66' title="bbox 2175 1979 3816 2060; baseline -0.004 -21"><span class='ocrx_word' id='word_1_464' title='bbox 2175 1983 2422 2058; x_wconf 70' lang='grc' dir='ltr'>εἰρῆσθαι</span> <span class='ocrx_word' id='word_1_465' title='bbox 2477 1983 2748 2060; x_wconf 85' lang='grc' dir='ltr'>λέγοντες,</span> <span class='ocrx_word' id='word_1_466' title='bbox 2810 1983 2871 2038; x_wconf 82' lang='grc' dir='ltr'>οὐ</span> <span class='ocrx_word' id='word_1_467' title='bbox 2953 1984 3137 2047; x_wconf 87' lang='grc' dir='ltr'>καλῶς</span> <span class='ocrx_word' id='word_1_468' title='bbox 3221 1986 3563 2053; x_wconf 73' lang='grc' dir='ltr'>νενοήκασιν,</span> <span class='ocrx_word' id='word_1_469' title='bbox 3622 1982 3693 2042; x_wconf 83' lang='grc' dir='ltr'>ὡς</span> <span class='ocrx_word' id='word_1_470' title='bbox 3764 1979 3816 2034; x_wconf 87' lang='grc' dir='ltr'>ἐκ</span> 
     </span>
    </p>
   </div>
   <div class='ocr_carea' id='block_1_67' title="bbox 2176 2066 3813 2150">
    <p class='ocr_par' dir='ltr' id='par_1_67' title="bbox 2176 2066 3813 2150">
     <span class='ocr_line' id='line_1_67' title="bbox 2176 2066 3813 2150; baseline -0.001 -24"><span class='ocrx_word' id='word_1_471' title='bbox 2176 2069 2338 2127; x_wconf 80' lang='grc' dir='ltr'>Δαυ”δ</span> <span class='ocrx_word' id='word_1_472' title='bbox 2408 2074 2468 2129; x_wconf 84' lang='grc' dir='ltr'>τὸ</span> <span class='ocrx_word' id='word_1_473' title='bbox 2556 2073 2708 2148; x_wconf 86' lang='grc' dir='ltr'>γένος</span> <span class='ocrx_word' id='word_1_474' title='bbox 2795 2075 3117 2150; x_wconf 77' lang='grc' dir='ltr'>κατάγοντα·</span> <span class='ocrx_word' id='word_1_475' title='bbox 3180 2073 3279 2129; x_wconf 75' lang='grc' dir='ltr'>οὐκ</span> <span class='ocrx_word' id='word_1_476' title='bbox 3366 2072 3481 2128; x_wconf 80' lang='grc' dir='ltr'>ἔστι</span> <span class='ocrx_word' id='word_1_477' title='bbox 3566 2069 3620 2126; x_wconf 81' lang='grc' dir='ltr'>δέ</span> <span class='ocrx_word' id='word_1_478' title='bbox 3699 2066 3813 2125; x_wconf 81' lang='grc' dir='ltr'>οὐδέ</span> 
     </span>
    </p>
   </div>
   <div class='ocr_carea' id='block_1_68' title="bbox 2171 2159 3810 2242">
    <p class='ocr_par' dir='ltr' id='par_1_68' title="bbox 2171 2159 3810 2242">
     <span class='ocr_line' id='line_1_68' title="bbox 2171 2159 3810 2242; baseline -0.002 -25"><span class='ocrx_word' id='word_1_479' title='bbox 2171 2168 2335 2218; x_wconf 87' lang='grc' dir='ltr'>τοῦτο</span> <span class='ocrx_word' id='word_1_480' title='bbox 2398 2163 2618 2232; x_wconf 71' lang='grc' dir='ltr'>ἀληθές.</span> <span class='ocrx_word' id='word_1_481' title='bbox 2699 2165 2761 2222; x_wconf 79' lang='grc' dir='ltr'><strong>Ὀ</strong></span> <span class='ocrx_word' id='word_1_482' title='bbox 2819 2165 2919 2242; x_wconf 75' lang='grc' dir='ltr'>γὰρ</span> <span class='ocrx_word' id='word_1_483' title='bbox 2975 2159 3285 2239; x_wconf 71' lang='grc' dir='ltr'>Ζοροϐάϐελ</span> <span class='ocrx_word' id='word_1_484' title='bbox 3338 2162 3537 2236; x_wconf 81' lang='grc' dir='ltr'>ὀλίγον</span> <span class='ocrx_word' id='word_1_485' title='bbox 3615 2164 3810 2234; x_wconf 72' lang='grc' dir='ltr'>ἡγεμο-</span> 
     </span>
    </p>
   </div>
   <div class='ocr_carea' id='block_1_69' title="bbox 2173 2245 3810 2330">
    <p class='ocr_par' dir='ltr' id='par_1_69' title="bbox 2173 2245 3810 2330">
     <span class='ocr_line' id='line_1_69' title="bbox 2173 2245 3810 2330; baseline -0.001 -25"><span class='ocrx_word' id='word_1_486' title='bbox 2173 2252 2358 2314; x_wconf 72' lang='grc' dir='ltr'>νεύσας</span> <span class='ocrx_word' id='word_1_487' title='bbox 2391 2255 2612 2330; x_wconf 70' lang='grc' dir='ltr'>χρόνον,</span> <span class='ocrx_word' id='word_1_488' title='bbox 2645 2259 2743 2309; x_wconf 88' lang='grc' dir='ltr'>τοῦ</span> <span class='ocrx_word' id='word_1_489' title='bbox 2777 2256 3004 2316; x_wconf 69' lang='grc' dir='ltr'>θανάτου</span> <span class='ocrx_word' id='word_1_490' title='bbox 3059 2255 3150 2308; x_wconf 85' lang='grc' dir='ltr'>τὸν</span> <span class='ocrx_word' id='word_1_491' title='bbox 3203 2255 3328 2327; x_wconf 83' lang='grc' dir='ltr'>ὅρον</span> <span class='ocrx_word' id='word_1_492' title='bbox 3375 2251 3611 2322; x_wconf 75' lang='grc' dir='ltr'>ἐδέξατο.</span> <span class='ocrx_word' id='word_1_493' title='bbox 3645 2251 3705 2306; x_wconf 83' lang='grc' dir='ltr'><strong><em>Ἡ</em></strong></span> <span class='ocrx_word' id='word_1_494' title='bbox 3761 2245 3810 2304; x_wconf 75' lang='grc' dir='ltr'>δὲ</span> 
     </span>
    </p>
   </div>
   <div class='ocr_carea' id='block_1_70' title="bbox 2172 2337 3805 2421">
    <p class='ocr_par' dir='ltr' id='par_1_70' title="bbox 2172 2337 3805 2421">
     <span class='ocr_line' id='line_1_70' title="bbox 2172 2337 3805 2421; baseline -0.003 -25"><span class='ocrx_word' id='word_1_495' title='bbox 2172 2343 2483 2421; x_wconf 70' lang='grc' dir='ltr'>προφητεία</span> <span class='ocrx_word' id='word_1_496' title='bbox 2562 2341 2794 2398; x_wconf 76' lang='grc' dir='ltr'>αἰωνίων</span> <span class='ocrx_word' id='word_1_497' title='bbox 2855 2342 3072 2417; x_wconf 84' lang='grc' dir='ltr'>ἀγαθῶν</span> <span class='ocrx_word' id='word_1_498' title='bbox 3147 2341 3479 2416; x_wconf 77' lang='grc' dir='ltr'>ἐπαγγελίαν</span> <span class='ocrx_word' id='word_1_499' title='bbox 3556 2337 3805 2416; x_wconf 84' lang='grc' dir='ltr'>περιέχει,</span> 
     </span>
    </p>
   </div>
   <div class='ocr_carea' id='block_1_71' title="bbox 2171 2425 3808 2505">
    <p class='ocr_par' dir='ltr' id='par_1_71' title="bbox 2171 2425 3808 2505">
     <span class='ocr_line' id='line_1_71' title="bbox 2171 2425 3808 2505; baseline -0.003 -21"><span class='ocrx_word' id='word_1_500' title='bbox 2171 2431 2262 2484; x_wconf 81' lang='grc' dir='ltr'>καὶ</span> <span class='ocrx_word' id='word_1_501' title='bbox 2318 2433 2425 2486; x_wconf 79' lang='grc' dir='ltr'>τῶν</span> <span class='ocrx_word' id='word_1_502' title='bbox 2482 2431 2646 2486; x_wconf 83' lang='grc' dir='ltr'>ἐθνῶν</span> <span class='ocrx_word' id='word_1_503' title='bbox 2724 2433 2974 2488; x_wconf 82' lang='grc' dir='ltr'>ἁπάντων</span> <span class='ocrx_word' id='word_1_504' title='bbox 3034 2432 3111 2493; x_wconf 76' lang='grc' dir='ltr'>εἷς</span> <span class='ocrx_word' id='word_1_505' title='bbox 3171 2432 3296 2487; x_wconf 86' lang='grc' dir='ltr'>Θεὸν</span> <span class='ocrx_word' id='word_1_506' title='bbox 3349 2431 3662 2505; x_wconf 79' lang='grc' dir='ltr'>ἐπίγνωσιν·</span> <span class='ocrx_word' id='word_1_507' title='bbox 3743 2425 3808 2480; x_wconf 82' lang='grc' dir='ltr'>ὧν</span> 
     </span>
    </p>
   </div>
   <div class='ocr_carea' id='block_1_72' title="bbox 2173 2512 3805 2597">
    <p class='ocr_par' dir='ltr' id='par_1_72' title="bbox 2173 2512 3805 2597">
     <span class='ocr_line' id='line_1_72' title="bbox 2173 2512 3805 2597; baseline -0.004 -23"><span class='ocrx_word' id='word_1_508' title='bbox 2173 2518 2325 2576; x_wconf 74' lang='grc' dir='ltr'>οὐδὲν</span> <span class='ocrx_word' id='word_1_509' title='bbox 2353 2527 2468 2583; x_wconf 81' lang='grc' dir='ltr'>τοῖς</span> <span class='ocrx_word' id='word_1_510' title='bbox 2531 2521 2632 2577; x_wconf 81' lang='grc' dir='ltr'>ὑπὸ</span> <span class='ocrx_word' id='word_1_511' title='bbox 2680 2516 2992 2597; x_wconf 65' lang='grc' dir='ltr'>Ζοροϐάϐελ</span> <span class='ocrx_word' id='word_1_512' title='bbox 3053 2519 3444 2596; x_wconf 74' lang='grc' dir='ltr'>γεγενημένοις</span> <span class='ocrx_word' id='word_1_513' title='bbox 3523 2512 3805 2593; x_wconf 79' lang='grc' dir='ltr'>συμϐαῖνον</span> 
     </span>
    </p>
   </div>
   <div class='ocr_carea' id='block_1_73' title="bbox 2173 2607 3810 2685">
    <p class='ocr_par' dir='ltr' id='par_1_73' title="bbox 2173 2607 3810 2685">
     <span class='ocr_line' id='line_1_73' title="bbox 2173 2607 3810 2685; baseline -0.002 -23"><span class='ocrx_word' id='word_1_514' title='bbox 2173 2609 2515 2681; x_wconf 71' lang='grc' dir='ltr'>εὑρίσκομεν·</span> <span class='ocrx_word' id='word_1_515' title='bbox 2550 2607 2832 2680; x_wconf 80' lang='grc' dir='ltr'>πρόδηλον</span> <span class='ocrx_word' id='word_1_516' title='bbox 2859 2613 3045 2666; x_wconf 84' lang='grc' dir='ltr'>τοίνυν</span> <span class='ocrx_word' id='word_1_517' title='bbox 3078 2610 3160 2665; x_wconf 80' lang='grc' dir='ltr'>ὅτι</span> <span class='ocrx_word' id='word_1_518' title='bbox 3195 2610 3269 2671; x_wconf 81' lang='grc' dir='ltr'>είς</span> <span class='ocrx_word' id='word_1_519' title='bbox 3299 2611 3396 2665; x_wconf 86' lang='grc' dir='ltr'>τὸν</span> <span class='ocrx_word' id='word_1_520' title='bbox 3430 2609 3631 2685; x_wconf 71' lang='grc' dir='ltr'>Κῦριον</span> <span class='ocrx_word' id='word_1_521' title='bbox 3665 2609 3810 2680; x_wconf 70' lang='grc' dir='ltr'>ἡμῶν</span> 
     </span>
    </p>
   </div>
   <div class='ocr_carea' id='block_1_74' title="bbox 2174 2696 3808 2775">
    <p class='ocr_par' dir='ltr' id='par_1_74' title="bbox 2174 2696 3808 2775">
     <span class='ocr_line' id='line_1_74' title="bbox 2174 2696 3808 2775; baseline 0.003 -24"><span class='ocrx_word' id='word_1_522' title='bbox 2174 2698 2381 2767; x_wconf 78' lang='grc' dir='ltr'>Ἰησοῦν</span> <span class='ocrx_word' id='word_1_523' title='bbox 2405 2700 2634 2771; x_wconf 83' lang='grc' dir='ltr'>Χριστὸν</span> <span class='ocrx_word' id='word_1_524' title='bbox 2667 2699 2870 2770; x_wconf 73' lang='grc' dir='ltr'>ταύτην</span> <span class='ocrx_word' id='word_1_525' title='bbox 2927 2699 3172 2775; x_wconf 76' lang='grc' dir='ltr'>ε”ρῆσθαι</span> <span class='ocrx_word' id='word_1_526' title='bbox 3232 2701 3534 2774; x_wconf 76' lang='grc' dir='ltr'>νοήσομεν.</span> <span class='ocrx_word' id='word_1_527' title='bbox 3578 2699 3635 2755; x_wconf 76' lang='grc' dir='ltr'>Ὀ</span> <span class='ocrx_word' id='word_1_528' title='bbox 3715 2696 3808 2770; x_wconf 74' lang='grc' dir='ltr'>γὰρ</span> 
     </span>
    </p>
   </div>
   <div class='ocr_carea' id='block_1_75' title="bbox 2173 2786 3810 2867">
    <p class='ocr_par' dir='ltr' id='par_1_75' title="bbox 2173 2786 3810 2867">
     <span class='ocr_line' id='line_1_75' title="bbox 2173 2786 3810 2867; baseline -0.004 -19"><span class='ocrx_word' id='word_1_529' title='bbox 2173 2791 2373 2866; x_wconf 62' lang='grc' dir='ltr'>Κύριος</span> <span class='ocrx_word' id='word_1_530' title='bbox 2433 2793 2594 2866; x_wconf 81' lang='grc' dir='ltr'>ἡμῶν</span> <span class='ocrx_word' id='word_1_531' title='bbox 2653 2791 2713 2848; x_wconf 75' lang='grc' dir='ltr'>ἐκ</span> <span class='ocrx_word' id='word_1_532' title='bbox 2771 2789 2932 2846; x_wconf 74' lang='grc' dir='ltr'>Δαυίδ</span> <span class='ocrx_word' id='word_1_533' title='bbox 2993 2793 3240 2867; x_wconf 84' lang='grc' dir='ltr'>κατάγων</span> <span class='ocrx_word' id='word_1_534' title='bbox 3313 2794 3458 2848; x_wconf 74' lang='grc' dir='ltr'>κατὰ</span> <span class='ocrx_word' id='word_1_535' title='bbox 3510 2793 3680 2866; x_wconf 72' lang='grc' dir='ltr'>σάρκα</span> <span class='ocrx_word' id='word_1_536' title='bbox 3755 2786 3810 2843; x_wconf 78' lang='grc' dir='ltr'>τὸ</span> 
     </span>
    </p>
   </div>
   <div class='ocr_carea' id='block_1_76' title="bbox 2171 2878 3815 2959">
    <p class='ocr_par' dir='ltr' id='par_1_76' title="bbox 2171 2878 3815 2959">
     <span class='ocr_line' id='line_1_76' title="bbox 2171 2878 3815 2959; baseline -0.001 -24"><span class='ocrx_word' id='word_1_537' title='bbox 2171 2878 2349 2955; x_wconf 85' lang='grc' dir='ltr'>γένος,</span> <span class='ocrx_word' id='word_1_538' title='bbox 2422 2883 2522 2950; x_wconf 76' lang='grc' dir='ltr'>τὴν</span> <span class='ocrx_word' id='word_1_539' title='bbox 2576 2883 2712 2956; x_wconf 85' lang='grc' dir='ltr'>πρὸς</span> <span class='ocrx_word' id='word_1_540' title='bbox 2770 2883 2862 2938; x_wconf 87' lang='grc' dir='ltr'>τὸν</span> <span class='ocrx_word' id='word_1_541' title='bbox 2920 2880 3083 2938; x_wconf 69' lang='grc' dir='ltr'>Δαυῗδ</span> <span class='ocrx_word' id='word_1_542' title='bbox 3141 2885 3511 2959; x_wconf 74' lang='grc' dir='ltr'>γεγενημένην</span> <span class='ocrx_word' id='word_1_543' title='bbox 3598 2881 3815 2955; x_wconf 82' lang='grc' dir='ltr'>ἐπαγγε-</span> 
     </span>
    </p>
   </div>
   <div class='ocr_carea' id='block_1_77' title="bbox 2171 2967 3812 3049">
    <p class='ocr_par' dir='ltr' id='par_1_77' title="bbox 2171 2967 3812 3049">
     <span class='ocr_line' id='line_1_77' title="bbox 2171 2967 3812 3049; baseline 0.008 -24"><span class='ocrx_word' id='word_1_544' title='bbox 2171 2967 2294 3025; x_wconf 87' lang='grc' dir='ltr'>λίαν</span> <span class='ocrx_word' id='word_1_545' title='bbox 2356 2969 2696 3046; x_wconf 73' lang='grc' dir='ltr'>ἐπληρωσεν.</span> <span class='ocrx_word' id='word_1_546' title='bbox 2764 2994 2785 3021; x_wconf 77' lang='grc' dir='ltr'>ι</span> <span class='ocrx_word' id='word_1_547' title='bbox 2845 2973 2902 3026; x_wconf 76' lang='grc' dir='ltr'><strong>Ὀ</strong></span> <span class='ocrx_word' id='word_1_548' title='bbox 2960 2973 3064 3049; x_wconf 78' lang='grc' dir='ltr'>γὰρ</span> <span class='ocrx_word' id='word_1_549' title='bbox 3145 2972 3320 3047; x_wconf 86' lang='grc' dir='ltr'>Λόγος</span> <span class='ocrx_word' id='word_1_550' title='bbox 3386 2974 3512 3048; x_wconf 75' lang='grc' dir='ltr'>σὰρξ</span> <span class='ocrx_word' id='word_1_551' title='bbox 3599 2969 3812 3042; x_wconf 75' lang='grc' dir='ltr'>ἐγένετο,</span> 
     </span>
    </p>
   </div>
   <div class='ocr_carea' id='block_1_78' title="bbox 2167 3051 3811 3134">
    <p class='ocr_par' dir='ltr' id='par_1_78' title="bbox 2167 3051 3811 3134">
     <span class='ocr_line' id='line_1_78' title="bbox 2167 3051 3811 3134; baseline -0.003 -18"><span class='ocrx_word' id='word_1_552' title='bbox 2167 3060 2259 3116; x_wconf 81' lang='grc' dir='ltr'>καὶ</span> <span class='ocrx_word' id='word_1_553' title='bbox 2290 3058 2588 3132; x_wconf 71' lang='grc' dir='ltr'>ἐσκήνωσεν</span> <span class='ocrx_word' id='word_1_554' title='bbox 2647 3062 2698 3116; x_wconf 89' lang='grc' dir='ltr'>ἐν</span> <span class='ocrx_word' id='word_1_555' title='bbox 2747 3063 2906 3134; x_wconf 75' lang='grc' dir='ltr'>ἡμῖν,</span> <span class='ocrx_word' id='word_1_556' title='bbox 2970 3086 2996 3112; x_wconf 91' lang='grc'><strong>››</strong></span> <span class='ocrx_word' id='word_1_557' title='bbox 3055 3063 3152 3131; x_wconf 73' lang='grc' dir='ltr'>τὴν</span> <span class='ocrx_word' id='word_1_558' title='bbox 3205 3059 3266 3116; x_wconf 86' lang='grc' dir='ltr'>ἐκ</span> <span class='ocrx_word' id='word_1_559' title='bbox 3322 3061 3490 3116; x_wconf 68' lang='grc' dir='ltr'>Δαυίδ</span> <span class='ocrx_word' id='word_1_560' title='bbox 3541 3051 3811 3115; x_wconf 74' lang='grc' dir='ltr'>ἀναλαϐὼν</span> 
     </span>
    </p>
   </div>
   <div class='ocr_carea' id='block_1_79' title="bbox 2173 3147 3815 3230">
    <p class='ocr_par' dir='ltr' id='par_1_79' title="bbox 2173 3147 3815 3230">
     <span class='ocr_line' id='line_1_79' title="bbox 2173 3147 3815 3230; baseline 0.004 -26"><span class='ocrx_word' id='word_1_561' title='bbox 2173 3151 2396 3219; x_wconf 67' lang='grc' dir='ltr'>σκηνήν.</span> <span class='ocrx_word' id='word_1_562' title='bbox 2460 3149 2702 3214; x_wconf 82' lang='grc' dir='ltr'>Εἰκότως</span> <span class='ocrx_word' id='word_1_563' title='bbox 2775 3150 2864 3204; x_wconf 75' lang='grc' dir='ltr'>οὖν</span> <span class='ocrx_word' id='word_1_564' title='bbox 2954 3151 2982 3206; x_wconf 81' lang='grc' dir='ltr'>ὁ</span> <span class='ocrx_word' id='word_1_565' title='bbox 3058 3151 3406 3230; x_wconf 62' lang='grc' dir='ltr'>προῳητικὸς</span> <span class='ocrx_word' id='word_1_566' title='bbox 3475 3149 3646 3224; x_wconf 79' lang='grc' dir='ltr'>λόγος</span> <span class='ocrx_word' id='word_1_567' title='bbox 3726 3147 3815 3200; x_wconf 60' lang='grc' dir='ltr'>τοῦ</span> 
     </span>
    </p>
   </div>
   <div class='ocr_carea' id='block_1_80' title="bbox 2643 3235 3820 3311">
    <p class='ocr_par' dir='ltr' id='par_1_80' title="bbox 2643 3235 3820 3311">
     <span class='ocr_line' id='line_1_80' title="bbox 2643 3235 3820 3311; baseline -0.003 -18"><span class='ocrx_word' id='word_1_568' title='bbox 2643 3240 2848 3308; x_wconf 74' lang='grc' dir='ltr'>σκηνὴν</span> <span class='ocrx_word' id='word_1_569' title='bbox 2933 3238 3551 3311; x_wconf 76' lang='grc' dir='ltr'>ἀνοικοδομηθήσεσθαι</span> <span class='ocrx_word' id='word_1_570' title='bbox 3653 3235 3820 3310; x_wconf 78' lang='grc' dir='ltr'>λέγει,</span> 
     </span>
    </p>
   </div>
   <div class='ocr_carea' id='block_1_81' title="bbox 2171 3326 3817 3402">
    <p class='ocr_par' dir='ltr' id='par_1_81' title="bbox 2171 3326 3817 3402">
     <span class='ocr_line' id='line_1_81' title="bbox 2171 3326 3817 3402; baseline 0.001 -18"><span class='ocrx_word' id='word_1_571' title='bbox 2171 3330 2258 3384; x_wconf 79' lang='grc' dir='ltr'>καὶ</span> <span class='ocrx_word' id='word_1_572' title='bbox 2295 3329 2398 3384; x_wconf 82' lang='grc' dir='ltr'>οὐκ</span> <span class='ocrx_word' id='word_1_573' title='bbox 2428 3328 2510 3383; x_wconf 90' lang='grc' dir='ltr'>ἐπ’</span> <span class='ocrx_word' id='word_1_574' title='bbox 2543 3328 2726 3402; x_wconf 87' lang='grc' dir='ltr'>ὀλίγον</span> <span class='ocrx_word' id='word_1_575' title='bbox 2762 3329 2980 3402; x_wconf 85' lang='grc' dir='ltr'>χρόνον,</span> <span class='ocrx_word' id='word_1_576' title='bbox 3041 3326 3187 3385; x_wconf 75' lang='grc' dir='ltr'>ἀλλὰ</span> <span class='ocrx_word' id='word_1_577' title='bbox 3234 3329 3424 3392; x_wconf 78' lang='grc' dir='ltr'>πάσας</span> <span class='ocrx_word' id='word_1_578' title='bbox 3475 3331 3574 3390; x_wconf 71' lang='grc' dir='ltr'>τὰς</span> <span class='ocrx_word' id='word_1_579' title='bbox 3624 3326 3817 3398; x_wconf 79' lang='grc' dir='ltr'>ἡμέρας</span> 
     </span>
    </p>
   </div>
   <div class='ocr_carea' id='block_1_82' title="bbox 2170 3415 3809 3492">
    <p class='ocr_par' dir='ltr' id='par_1_82' title="bbox 2170 3415 3809 3492">
     <span class='ocr_line' id='line_1_82' title="bbox 2170 3415 3809 3492; baseline 0.002 -20"><span class='ocrx_word' id='word_1_580' title='bbox 2170 3423 2268 3472; x_wconf 89' lang='grc' dir='ltr'>τοῦ</span> <span class='ocrx_word' id='word_1_581' title='bbox 2294 3417 2510 3481; x_wconf 79' lang='grc' dir='ltr'>αἰῶνος·</span> <span class='ocrx_word' id='word_1_582' title='bbox 2560 3415 2959 3492; x_wconf 85' lang='grc' dir='ltr'>ἐπαγγέλλεται</span> <span class='ocrx_word' id='word_1_583' title='bbox 3017 3415 3075 3473; x_wconf 66' lang='grc' dir='ltr'>δὲ</span> <span class='ocrx_word' id='word_1_584' title='bbox 3129 3424 3246 3480; x_wconf 85' lang='grc' dir='ltr'>τοῖς</span> <span class='ocrx_word' id='word_1_585' title='bbox 3302 3417 3486 3475; x_wconf 75' lang='grc' dir='ltr'>ἔθνεσι</span> <span class='ocrx_word' id='word_1_586' title='bbox 3541 3424 3640 3487; x_wconf 79' lang='grc' dir='ltr'>τῆς</span> <span class='ocrx_word' id='word_1_587' title='bbox 3707 3415 3809 3466; x_wconf 59' lang='grc' dir='ltr'>θεὼ</span> 
     </span>
    </p>
   </div>
   <div class='ocr_carea' id='block_1_83' title="bbox 2174 3502 3816 3584">
    <p class='ocr_par' dir='ltr' id='par_1_83' title="bbox 2174 3502 3816 3584">
     <span class='ocr_line' id='line_1_83' title="bbox 2174 3502 3816 3584; baseline -0.004 -24"><span class='ocrx_word' id='word_1_588' title='bbox 2174 3507 2411 3584; x_wconf 87' lang='grc' dir='ltr'>γνωσίας</span> <span class='ocrx_word' id='word_1_589' title='bbox 2467 3509 2531 3563; x_wconf 89' lang='grc' dir='ltr'>τὸ</span> <span class='ocrx_word' id='word_1_590' title='bbox 2580 3505 2774 3583; x_wconf 81' lang='grc' dir='ltr'>δῶρον,</span> <span class='ocrx_word' id='word_1_591' title='bbox 2827 3507 3072 3564; x_wconf 84' lang='grc' dir='ltr'>τουτέστι</span> <span class='ocrx_word' id='word_1_592' title='bbox 3142 3507 3272 3570; x_wconf 77' lang='grc' dir='ltr'>τοὺς</span> <span class='ocrx_word' id='word_1_593' title='bbox 3360 3507 3421 3578; x_wconf 77' lang='grc' dir='ltr'>ἐξ</span> <span class='ocrx_word' id='word_1_594' title='bbox 3485 3508 3642 3564; x_wconf 82' lang='grc' dir='ltr'>ἐθνῶν</span> <span class='ocrx_word' id='word_1_595' title='bbox 3711 3502 3816 3556; x_wconf 75' lang='grc' dir='ltr'>ἐπι-</span> 
     </span>
    </p>
   </div>
   <div class='ocr_carea' id='block_1_84' title="bbox 2174 3589 3811 3672">
    <p class='ocr_par' dir='ltr' id='par_1_84' title="bbox 2174 3589 3811 3672">
     <span class='ocr_line' id='line_1_84' title="bbox 2174 3589 3811 3672; baseline -0.002 -22"><span class='ocrx_word' id='word_1_596' title='bbox 2174 3597 2500 3671; x_wconf 76' lang='grc' dir='ltr'>στρέψαντας</span> <span class='ocrx_word' id='word_1_597' title='bbox 2553 3596 2628 3657; x_wconf 74' lang='grc' dir='ltr'>εἷς</span> <span class='ocrx_word' id='word_1_598' title='bbox 2686 3598 2936 3672; x_wconf 84' lang='grc' dir='ltr'>Χριστὸν,</span> <span class='ocrx_word' id='word_1_599' title='bbox 2994 3597 3084 3653; x_wconf 79' lang='grc' dir='ltr'>καὶ</span> <span class='ocrx_word' id='word_1_600' title='bbox 3167 3595 3483 3669; x_wconf 82' lang='grc' dir='ltr'>κληθέντας</span> <span class='ocrx_word' id='word_1_601' title='bbox 3549 3600 3626 3668; x_wconf 80' lang='grc' dir='ltr'>τῷ</span> <span class='ocrx_word' id='word_1_602' title='bbox 3699 3589 3811 3646; x_wconf 82' lang='grc' dir='ltr'>ὄνό-</span> 
     </span>
    </p>
   </div>
   <div class='ocr_carea' id='block_1_85' title="bbox 2178 3684 3810 3762">
    <p class='ocr_par' dir='ltr' id='par_1_85' title="bbox 2178 3684 3810 3762">
     <span class='ocr_line' id='line_1_85' title="bbox 2178 3684 3810 3762; baseline -0.004 -21"><span class='ocrx_word' id='word_1_603' title='bbox 2178 3708 2306 3760; x_wconf 84' lang='grc' dir='ltr'>ματι</span> <span class='ocrx_word' id='word_1_604' title='bbox 2364 3692 2458 3742; x_wconf 91' lang='grc' dir='ltr'>τοῦ</span> <span class='ocrx_word' id='word_1_605' title='bbox 2518 3688 2771 3762; x_wconf 88' lang='grc' dir='ltr'>Χριστοῦ.</span> <span class='ocrx_word' id='word_1_606' title='bbox 2835 3684 3035 3743; x_wconf 74' lang='grc' dir='ltr'>’Ἄλλοι</span> <span class='ocrx_word' id='word_1_607' title='bbox 3086 3686 3143 3742; x_wconf 77' lang='grc' dir='ltr'>δὲ</span> <span class='ocrx_word' id='word_1_608' title='bbox 3210 3688 3286 3748; x_wconf 76' lang='grc' dir='ltr'>εἰς</span> <span class='ocrx_word' id='word_1_609' title='bbox 3345 3688 3455 3755; x_wconf 75' lang='grc' dir='ltr'>τὴν</span> <span class='ocrx_word' id='word_1_610' title='bbox 3516 3685 3576 3742; x_wconf 78' lang='grc' dir='ltr'>ἐκ</span> <span class='ocrx_word' id='word_1_611' title='bbox 3627 3684 3810 3755; x_wconf 81' lang='grc' dir='ltr'>νεκρῶν</span> 
     </span>
    </p>
   </div>
   <div class='ocr_carea' id='block_1_86' title="bbox 2173 3768 3812 3854">
    <p class='ocr_par' dir='ltr' id='par_1_86' title="bbox 2173 3768 3812 3854">
     <span class='ocr_line' id='line_1_86' title="bbox 2173 3768 3812 3854; baseline -0.002 -24"><span class='ocrx_word' id='word_1_612' title='bbox 2173 3775 2454 3830; x_wconf 76' lang='grc' dir='ltr'>ἀνάστασιν</span> <span class='ocrx_word' id='word_1_613' title='bbox 2512 3775 2675 3830; x_wconf 82' lang='grc' dir='ltr'>αὐτοῦ</span> <span class='ocrx_word' id='word_1_614' title='bbox 2728 3780 2888 3830; x_wconf 89' lang='grc' dir='ltr'>τοῦτο</span> <span class='ocrx_word' id='word_1_615' title='bbox 2959 3777 3205 3852; x_wconf 77' lang='grc' dir='ltr'>εἶρῆσθαί</span> <span class='ocrx_word' id='word_1_616' title='bbox 3292 3796 3451 3854; x_wconf 78' lang='grc' dir='ltr'>φασι.</span> <span class='ocrx_word' id='word_1_617' title='bbox 3531 3775 3642 3841; x_wconf 72' lang='grc' dir='ltr'>Τῆν</span> <span class='ocrx_word' id='word_1_618' title='bbox 3719 3768 3812 3845; x_wconf 81' lang='grc' dir='ltr'>γὰρ</span> 
     </span>
    </p>
   </div>
   <div class='ocr_carea' id='block_1_87' title="bbox 2175 3859 3813 3934">
    <p class='ocr_par' dir='ltr' id='par_1_87' title="bbox 2175 3859 3813 3934">
     <span class='ocr_line' id='line_1_87' title="bbox 2175 3859 3813 3934; baseline -0.004 -14"><span class='ocrx_word' id='word_1_619' title='bbox 2175 3865 2251 3925; x_wconf 75' lang='grc' dir='ltr'>εἰς</span> <span class='ocrx_word' id='word_1_620' title='bbox 2309 3866 2531 3921; x_wconf 77' lang='grc' dir='ltr'>θάνατον</span> <span class='ocrx_word' id='word_1_621' title='bbox 2602 3862 2765 3920; x_wconf 77' lang='grc' dir='ltr'>αὐτοῦ</span> <span class='ocrx_word' id='word_1_622' title='bbox 2823 3865 3088 3921; x_wconf 77' lang='grc' dir='ltr'>πεσοῦσαν</span> <span class='ocrx_word' id='word_1_623' title='bbox 3151 3866 3378 3934; x_wconf 74' lang='grc' dir='ltr'>σκηνήν,</span> <span class='ocrx_word' id='word_1_624' title='bbox 3441 3862 3682 3920; x_wconf 76' lang='grc' dir='ltr'>τουτέστι</span> <span class='ocrx_word' id='word_1_625' title='bbox 3757 3859 3813 3910; x_wconf 78' lang='grc' dir='ltr'>τὸ</span> 
     </span>
    </p>
   </div>
   <div class='ocr_carea' id='block_1_88' title="bbox 2176 3950 3814 4034">
    <p class='ocr_par' dir='ltr' id='par_1_88' title="bbox 2176 3950 3814 4034">
     <span class='ocr_line' id='line_1_88' title="bbox 2176 3950 3814 4034; baseline 0.004 -23"><span class='ocrx_word' id='word_1_626' title='bbox 2176 3957 2282 4012; x_wconf 85' lang='grc' dir='ltr'>ἀπὸ</span> <span class='ocrx_word' id='word_1_627' title='bbox 2337 3965 2442 4031; x_wconf 73' lang='grc' dir='ltr'>γῆς</span> <span class='ocrx_word' id='word_1_628' title='bbox 2475 3958 2690 4034; x_wconf 79' lang='grc' dir='ltr'>σαρκίον</span> <span class='ocrx_word' id='word_1_629' title='bbox 2725 3957 3027 4032; x_wconf 79' lang='grc' dir='ltr'>ἐγείραντος</span> <span class='ocrx_word' id='word_1_630' title='bbox 3079 3962 3179 4013; x_wconf 90' lang='grc' dir='ltr'>τοῦ</span> <span class='ocrx_word' id='word_1_631' title='bbox 3239 3961 3372 4013; x_wconf 88' lang='grc' dir='ltr'>Θεοῦ</span> <span class='ocrx_word' id='word_1_632' title='bbox 3450 3956 3558 4014; x_wconf 74' lang='grc' dir='ltr'>καὶ</span> <span class='ocrx_word' id='word_1_633' title='bbox 3596 3950 3814 4024; x_wconf 67' lang='grc' dir='ltr'>Πατρδῆ</span> 
     </span>
    </p>
   </div>
   <div class='ocr_carea' id='block_1_89' title="bbox 2173 4045 3808 4128">
    <p class='ocr_par' dir='ltr' id='par_1_89' title="bbox 2173 4045 3808 4128">
     <span class='ocr_line' id='line_1_89' title="bbox 2173 4045 3808 4128; baseline -0.004 -25"><span class='ocrx_word' id='word_1_634' title='bbox 2173 4049 2296 4106; x_wconf 85' lang='grc' dir='ltr'>τότε</span> <span class='ocrx_word' id='word_1_635' title='bbox 2326 4054 2426 4105; x_wconf 84' lang='grc' dir='ltr'>πᾶν</span> <span class='ocrx_word' id='word_1_636' title='bbox 2467 4052 2530 4106; x_wconf 87' lang='grc' dir='ltr'>τὸ</span> <span class='ocrx_word' id='word_1_637' title='bbox 2592 4052 2935 4127; x_wconf 71' lang='grc' dir='ltr'>ἀνθρώπινον</span> <span class='ocrx_word' id='word_1_638' title='bbox 2994 4054 3129 4125; x_wconf 87' lang='grc' dir='ltr'>πρὸς</span> <span class='ocrx_word' id='word_1_639' title='bbox 3198 4053 3261 4107; x_wconf 87' lang='grc' dir='ltr'>τὸ</span> <span class='ocrx_word' id='word_1_640' title='bbox 3339 4052 3575 4128; x_wconf 81' lang='grc' dir='ltr'>ἀρχαῖον</span> <span class='ocrx_word' id='word_1_641' title='bbox 3631 4045 3808 4111; x_wconf 72' lang='grc' dir='ltr'>ἀνέστη</span> 
     </span>
    </p>
   </div>
   <div class='ocr_carea' id='block_1_90' title="bbox 2174 4130 3814 4219">
    <p class='ocr_par' dir='ltr' id='par_1_90' title="bbox 2174 4130 3814 4219">
     <span class='ocr_line' id='line_1_90' title="bbox 2174 4130 3814 4219; baseline -0.001 -25"><span class='ocrx_word' id='word_1_642' title='bbox 2174 4146 2394 4219; x_wconf 77' lang='grc' dir='ltr'>σχῆμα,</span> <span class='ocrx_word' id='word_1_643' title='bbox 2452 4142 2544 4197; x_wconf 84' lang='grc' dir='ltr'>καὶ</span> <span class='ocrx_word' id='word_1_644' title='bbox 2602 4141 2769 4196; x_wconf 78' lang='grc' dir='ltr'>πάντα</span> <span class='ocrx_word' id='word_1_645' title='bbox 2824 4144 2985 4213; x_wconf 75' lang='grc' dir='ltr'>ἡμῶν</span> <span class='ocrx_word' id='word_1_646' title='bbox 3063 4141 3130 4195; x_wconf 78' lang='grc' dir='ltr'>τὰ</span> <span class='ocrx_word' id='word_1_647' title='bbox 3211 4139 3616 4215; x_wconf 80' lang='grc' dir='ltr'>κατερῥιμμένα</span> <span class='ocrx_word' id='word_1_648' title='bbox 3690 4130 3814 4206; x_wconf 79' lang='grc' dir='ltr'>πρὸς</span> 
     </span>
    </p>
   </div>
   <div class='ocr_carea' id='block_1_91' title="bbox 2174 4222 3812 4308">
    <p class='ocr_par' dir='ltr' id='par_1_91' title="bbox 2174 4222 3812 4308">
     <span class='ocr_line' id='line_1_91' title="bbox 2174 4222 3812 4308; baseline 0.003 -24"><span class='ocrx_word' id='word_1_649' title='bbox 2174 4232 2295 4285; x_wconf 86' lang='grc' dir='ltr'>νέαν</span> <span class='ocrx_word' id='word_1_650' title='bbox 2382 4231 2505 4304; x_wconf 78' lang='grc' dir='ltr'>ὄψιν</span> <span class='ocrx_word' id='word_1_651' title='bbox 2587 4229 2900 4308; x_wconf 69' lang='grc' dir='ltr'>ἐγήγερται*</span> <span class='ocrx_word' id='word_1_652' title='bbox 3008 4231 3450 4308; x_wconf 82' lang='grc' dir='ltr'>συνεγηγέρμεθα</span> <span class='ocrx_word' id='word_1_653' title='bbox 3535 4228 3637 4306; x_wconf 80' lang='grc' dir='ltr'>γὰρ</span> <span class='ocrx_word' id='word_1_654' title='bbox 3740 4222 3812 4289; x_wconf 75' lang='grc' dir='ltr'>τῷ</span> 
     </span>
    </p>
   </div>
   <div class='ocr_carea' id='block_1_92' title="bbox 2176 4309 3812 4395">
    <p class='ocr_par' dir='ltr' id='par_1_92' title="bbox 2176 4309 3812 4395">
     <span class='ocr_line' id='line_1_92' title="bbox 2176 4309 3812 4395; baseline -0.007 -19"><span class='ocrx_word' id='word_1_655' title='bbox 2176 4321 2415 4394; x_wconf 79' lang='grc' dir='ltr'>Χριστῷ.</span> <span class='ocrx_word' id='word_1_656' title='bbox 2480 4321 2788 4394; x_wconf 79' lang='grc' dir='ltr'>Κατέσκαψε</span> <span class='ocrx_word' id='word_1_657' title='bbox 2843 4320 2938 4390; x_wconf 78' lang='grc' dir='ltr'>μὶν</span> <span class='ocrx_word' id='word_1_658' title='bbox 2997 4321 3102 4395; x_wconf 73' lang='grc' dir='ltr'>γαρ</span> <span class='ocrx_word' id='word_1_659' title='bbox 3157 4321 3185 4374; x_wconf 83' lang='grc' dir='ltr'>ὁ</span> <span class='ocrx_word' id='word_1_660' title='bbox 3243 4321 3472 4382; x_wconf 80' lang='grc' dir='ltr'>θάνατος</span> <span class='ocrx_word' id='word_1_661' title='bbox 3499 4319 3596 4378; x_wconf 74' lang='grc' dir='ltr'>τὰς</span> <span class='ocrx_word' id='word_1_662' title='bbox 3653 4309 3812 4368; x_wconf 74' lang='grc' dir='ltr'>ἁπάν-</span> 
     </span>
    </p>
   </div>
   <div class='ocr_carea' id='block_1_93' title="bbox 2173 4401 3809 4479">
    <p class='ocr_par' dir='ltr' id='par_1_93' title="bbox 2173 4401 3809 4479">
     <span class='ocr_line' id='line_1_93' title="bbox 2173 4401 3809 4479; baseline -0.002 -17"><span class='ocrx_word' id='word_1_663' title='bbox 2173 4429 2282 4462; x_wconf 90' lang='grc' dir='ltr'>των</span> <span class='ocrx_word' id='word_1_664' title='bbox 2317 4409 2539 4478; x_wconf 85' lang='grc' dir='ltr'>σκηνάς.</span> <span class='ocrx_word' id='word_1_665' title='bbox 2593 4405 3014 4479; x_wconf 78' lang='grc' dir='ltr'>Ἀνῳκοδὸμησε</span> <span class='ocrx_word' id='word_1_666' title='bbox 3062 4406 3118 4463; x_wconf 69' lang='grc' dir='ltr'>δὲ</span> <span class='ocrx_word' id='word_1_667' title='bbox 3179 4409 3206 4462; x_wconf 83' lang='grc' dir='ltr'>ὁ</span> <span class='ocrx_word' id='word_1_668' title='bbox 3264 4407 3395 4468; x_wconf 83' lang='grc' dir='ltr'>Θεὸς</span> <span class='ocrx_word' id='word_1_669' title='bbox 3452 4406 3543 4462; x_wconf 83' lang='grc' dir='ltr'>καὶ</span> <span class='ocrx_word' id='word_1_670' title='bbox 3637 4401 3809 4471; x_wconf 72' lang='grc' dir='ltr'>Πατὴρ</span> 
     </span>
    </p>
   </div>
   <div class='ocr_carea' id='block_1_94' title="bbox 2177 4487 3809 4572">
    <p class='ocr_par' dir='ltr' id='par_1_94' title="bbox 2177 4487 3809 4572">
     <span class='ocr_line' id='line_1_94' title="bbox 2177 4487 3809 4572; baseline -0.005 -21"><span class='ocrx_word' id='word_1_671' title='bbox 2177 4497 2230 4551; x_wconf 86' lang='grc' dir='ltr'>ἐν</span> <span class='ocrx_word' id='word_1_672' title='bbox 2291 4501 2533 4571; x_wconf 78' lang='grc' dir='ltr'>Χριστῷ.</span> <span class='ocrx_word' id='word_1_673' title='bbox 2590 4495 2703 4552; x_wconf 81' lang='grc' dir='ltr'>Οὐκ</span> <span class='ocrx_word' id='word_1_674' title='bbox 2766 4499 2831 4565; x_wconf 77' lang='grc' dir='ltr'>ἧν</span> <span class='ocrx_word' id='word_1_675' title='bbox 2913 4498 3016 4571; x_wconf 73' lang='grc' dir='ltr'>γὰρ</span> <span class='ocrx_word' id='word_1_676' title='bbox 3074 4497 3272 4572; x_wconf 67' lang='grc' dir='ltr'>ἑτέρως</span> <span class='ocrx_word' id='word_1_677' title='bbox 3344 4496 3634 4564; x_wconf 80' lang='grc' dir='ltr'>ἀναστῆναι</span> <span class='ocrx_word' id='word_1_678' title='bbox 3718 4487 3809 4554; x_wconf 78' lang='grc' dir='ltr'>τήν</span> 
     </span>
    </p>
   </div>
   <div class='ocr_carea' id='block_1_95' title="bbox 2433 3241 2531 3309">
    <p class='ocr_par' dir='ltr' id='par_1_95' title="bbox 2433 3241 2531 3309">
     <span class='ocr_line' id='line_1_95' title="bbox 2433 3241 2531 3309; baseline 0 -16"><span class='ocrx_word' id='word_1_679' title='bbox 2433 3241 2531 3309; x_wconf 74' lang='grc' dir='ltr'>τὴν</span> 
     </span>
    </p>
   </div>
   <div class='ocr_carea' id='block_1_96' title="bbox 425 4575 2063 4672">
    <p class='ocr_par' dir='ltr' id='par_1_96' title="bbox 425 4585 2063 4657">
     <span class='ocr_line' id='line_1_96' title="bbox 425 4585 2063 4657; baseline 0 -18"><span class='ocrx_word' id='word_1_680' title='bbox 425 4587 664 4640; x_wconf 80' lang='lat' dir='ltr'>excitari</span> <span class='ocrx_word' id='word_1_681' title='bbox 701 4592 911 4641; x_wconf 89' lang='lat' dir='ltr'>natura</span> <span class='ocrx_word' id='word_1_682' title='bbox 940 4592 1162 4649; x_wconf 80' lang='lat' dir='ltr'>nostra,</span> <span class='ocrx_word' id='word_1_683' title='bbox 1201 4587 1316 4640; x_wconf 86' lang='lat' dir='ltr'>nisi</span> <span class='ocrx_word' id='word_1_684' title='bbox 1348 4601 1590 4641; x_wconf 89' lang='lat' dir='ltr'>manum</span> <span class='ocrx_word' id='word_1_685' title='bbox 1623 4587 1915 4657; x_wconf 62' lang='lat' dir='ltr'>praeberet</span> <span class='ocrx_word' id='word_1_686' title='bbox 1965 4585 2063 4656; x_wconf 88' lang='lat' dir='ltr'>qui</span> 
     </span>
    </p>
   </div>
   <div class='ocr_carea' id='block_1_97' title="bbox 2174 4575 3806 4672">
    <p class='ocr_par' dir='ltr' id='par_1_97' title="bbox 2176 4575 3806 4667">
     <span class='ocr_line' id='line_1_97' title="bbox 2176 4575 3806 4667; baseline -0.006 -28"><span class='ocrx_word' id='word_1_687' title='bbox 2176 4587 2334 4667; x_wconf 72' lang='grc' dir='ltr'>φύσιν</span> <span class='ocrx_word' id='word_1_688' title='bbox 2393 4587 2490 4654; x_wconf 72' lang='grc' dir='ltr'>τὴν</span> <span class='ocrx_word' id='word_1_689' title='bbox 2550 4583 2841 4660; x_wconf 68' lang='grc' dir='ltr'>ἡμετέραν,</span> <span class='ocrx_word' id='word_1_690' title='bbox 2897 4589 2972 4658; x_wconf 79' lang='grc' dir='ltr'>μὴ</span> <span class='ocrx_word' id='word_1_691' title='bbox 3015 4591 3108 4640; x_wconf 84' lang='grc' dir='ltr'>τοῦ</span> <span class='ocrx_word' id='word_1_692' title='bbox 3194 4586 3293 4654; x_wconf 73' lang='grc' dir='ltr'>τήν</span> <span class='ocrx_word' id='word_1_693' title='bbox 3343 4585 3523 4660; x_wconf 75' lang='grc' dir='ltr'>ἀρχὴν</span> <span class='ocrx_word' id='word_1_694' title='bbox 3581 4575 3806 4638; x_wconf 77' lang='grc' dir='ltr'>διαπλά-</span> 
     </span>
    </p>
   </div>
   <div class='ocr_carea' id='block_1_98' title="bbox 423 4673 2065 4747">
    <p class='ocr_par' dir='ltr' id='par_1_98' title="bbox 423 4673 2065 4747">
     <span class='ocr_line' id='line_1_98' title="bbox 423 4673 2065 4747; baseline 0.001 -19"><span class='ocrx_word' id='word_1_695' title='bbox 423 4673 587 4728; x_wconf 89' lang='lat' dir='ltr'>illam</span> <span class='ocrx_word' id='word_1_696' title='bbox 623 4674 693 4728; x_wconf 89' lang='lat' dir='ltr'>ab</span> <span class='ocrx_word' id='word_1_697' title='bbox 726 4674 895 4728; x_wconf 89' lang='lat' dir='ltr'>initio</span> <span class='ocrx_word' id='word_1_698' title='bbox 929 4673 1304 4742; x_wconf 87' lang='lat' dir='ltr'>formaverat,</span> <span class='ocrx_word' id='word_1_699' title='bbox 1337 4692 1404 4730; x_wconf 92' lang='lat' dir='ltr'>ac</span> <span class='ocrx_word' id='word_1_700' title='bbox 1428 4674 1875 4747; x_wconf 87' lang='lat' dir='ltr'>regeneratione</span> <span class='ocrx_word' id='word_1_701' title='bbox 1935 4691 2065 4745; x_wconf 60' lang='lat' dir='ltr'>quas</span> 
     </span>
    </p>
   </div>
   <div class='ocr_carea' id='block_1_99' title="bbox 428 4762 2068 4836">
    <p class='ocr_par' dir='ltr' id='par_1_99' title="bbox 428 4762 2068 4836">
     <span class='ocr_line' id='line_1_99' title="bbox 428 4762 2068 4836; baseline 0 -18"><span class='ocrx_word' id='word_1_702' title='bbox 428 4762 496 4818; x_wconf 78' lang='lat' dir='ltr'>fit</span> <span class='ocrx_word' id='word_1_703' title='bbox 526 4779 630 4831; x_wconf 92' lang='lat' dir='ltr'>per</span> <span class='ocrx_word' id='word_1_704' title='bbox 660 4778 874 4832; x_wconf 89' lang='lat' dir='ltr'>aquam</span> <span class='ocrx_word' id='word_1_705' title='bbox 933 4770 990 4818; x_wconf 92' lang='lat' dir='ltr'>et</span> <span class='ocrx_word' id='word_1_706' title='bbox 1045 4765 1319 4836; x_wconf 89' lang='lat' dir='ltr'>spiritum</span> <span class='ocrx_word' id='word_1_707' title='bbox 1379 4781 1652 4836; x_wconf 84' lang='lat' dir='ltr'>superne,</span> <span class='ocrx_word' id='word_1_708' title='bbox 1704 4763 2068 4836; x_wconf 85' lang='lat' dir='ltr'>disponeret.</span> 
     </span>
    </p>
   </div>
   <div class='ocr_carea' id='block_1_100' title="bbox 425 4849 2072 4917">
    <p class='ocr_par' dir='ltr' id='par_1_100' title="bbox 425 4849 2072 4917">
     <span class='ocr_line' id='line_1_100' title="bbox 425 4849 2072 4917; baseline 0.003 -14"><span class='ocrx_word' id='word_1_709' title='bbox 425 4849 575 4905; x_wconf 90' lang='lat' dir='ltr'>Vere</span> <span class='ocrx_word' id='word_1_710' title='bbox 607 4851 768 4905; x_wconf 88' lang='lat' dir='ltr'>enim</span> <span class='ocrx_word' id='word_1_711' title='bbox 801 4853 1093 4907; x_wconf 84' lang='lat' dir='ltr'>ceciderat</span> <span class='ocrx_word' id='word_1_712' title='bbox 1113 4871 1252 4910; x_wconf 90' lang='lat' dir='ltr'>casu</span> <span class='ocrx_word' id='word_1_713' title='bbox 1275 4853 1720 4917; x_wconf 87' lang='lat' dir='ltr'>immedicabili,</span> <span class='ocrx_word' id='word_1_714' title='bbox 1746 4859 1803 4908; x_wconf 90' lang='lat' dir='ltr'>et</span> <span class='ocrx_word' id='word_1_715' title='bbox 1831 4854 1923 4910; x_wconf 91' lang='lat' dir='ltr'>cui</span> <span class='ocrx_word' id='word_1_716' title='bbox 1953 4869 2072 4908; x_wconf 88' lang='lat' dir='ltr'>ma-</span> 
     </span>
    </p>
   </div>
   <div class='ocr_carea' id='block_1_101' title="bbox 429 4939 2074 5015">
    <p class='ocr_par' dir='ltr' id='par_1_101' title="bbox 429 4939 2074 5015">
     <span class='ocr_line' id='line_1_101' title="bbox 429 4939 2074 5015; baseline -0.001 -18"><span class='ocrx_word' id='word_1_717' title='bbox 429 4955 512 4997; x_wconf 87' lang='lat' dir='ltr'>nu</span> <span class='ocrx_word' id='word_1_718' title='bbox 537 4940 640 4994; x_wconf 91' lang='lat' dir='ltr'>illa</span> <span class='ocrx_word' id='word_1_719' title='bbox 672 4939 912 4996; x_wconf 88' lang='lat' dir='ltr'>robusta</span> <span class='ocrx_word' id='word_1_720' title='bbox 939 4958 1086 5012; x_wconf 91' lang='lat' dir='ltr'>opus</span> <span class='ocrx_word' id='word_1_721' title='bbox 1127 4949 1300 5004; x_wconf 86' lang='lat' dir='ltr'>esset,</span> <span class='ocrx_word' id='word_1_722' title='bbox 1335 4944 1512 5015; x_wconf 91' lang='lat' dir='ltr'>idque</span> <span class='ocrx_word' id='word_1_723' title='bbox 1539 4944 1799 4999; x_wconf 83' lang='lat' dir='ltr'>futurum</span> <span class='ocrx_word' id='word_1_724' title='bbox 1835 4942 1979 4998; x_wconf 90' lang='lat' dir='ltr'>dicit</span> <span class='ocrx_word' id='word_1_725' title='bbox 2008 4947 2074 4998; x_wconf 89' lang='lat' dir='ltr'>ut</span> 
     </span>
    </p>
   </div>
   <div class='ocr_carea' id='block_1_102' title="bbox 425 5029 2072 5104">
    <p class='ocr_par' dir='ltr' id='par_1_102' title="bbox 425 5029 2072 5104">
     <span class='ocr_line' id='line_1_102' title="bbox 425 5029 2072 5104; baseline 0.001 -19"><span class='ocrx_word' id='word_1_726' title='bbox 425 5047 546 5085; x_wconf 90' lang='lat' dir='ltr'>non</span> <span class='ocrx_word' id='word_1_727' title='bbox 581 5032 650 5085; x_wconf 88' lang='lat' dir='ltr'>ad</span> <span class='ocrx_word' id='word_1_728' title='bbox 693 5029 987 5086; x_wconf 85' lang='lat' dir='ltr'>modicum</span> <span class='ocrx_word' id='word_1_729' title='bbox 1024 5038 1255 5102; x_wconf 90' lang='lat' dir='ltr'>tempus</span> <span class='ocrx_word' id='word_1_730' title='bbox 1285 5033 1457 5087; x_wconf 89' lang='lat' dir='ltr'>nobis</span> <span class='ocrx_word' id='word_1_731' title='bbox 1505 5034 1827 5104; x_wconf 80' lang='lat' dir='ltr'>contingat,</span> <span class='ocrx_word' id='word_1_732' title='bbox 1863 5031 1965 5088; x_wconf 90' lang='lat' dir='ltr'>sed</span> <span class='ocrx_word' id='word_1_733' title='bbox 1998 5031 2072 5087; x_wconf 88' lang='lat' dir='ltr'>ad</span> 
     </span>
    </p>
   </div>
   <div class='ocr_carea' id='block_1_103' title="bbox 426 5120 2072 5179">
    <p class='ocr_par' dir='ltr' id='par_1_103' title="bbox 426 5120 2072 5179">
     <span class='ocr_line' id='line_1_103' title="bbox 426 5120 2072 5179; baseline 0.001 -4"><span class='ocrx_word' id='word_1_734' title='bbox 426 5121 552 5175; x_wconf 88' lang='lat' dir='ltr'>dies</span> <span class='ocrx_word' id='word_1_735' title='bbox 585 5120 816 5177; x_wconf 59' lang='lat' dir='ltr'>saeculi:</span> <span class='ocrx_word' id='word_1_736' title='bbox 847 5121 960 5175; x_wconf 91' lang='lat' dir='ltr'>erit</span> <span class='ocrx_word' id='word_1_737' title='bbox 990 5121 1553 5177; x_wconf 88' lang='lat' dir='ltr'>eniminamissibile</span> <span class='ocrx_word' id='word_1_738' title='bbox 1574 5123 1633 5176; x_wconf 91' lang='lat' dir='ltr'>in</span> <span class='ocrx_word' id='word_1_739' title='bbox 1658 5122 1831 5177; x_wconf 85' lang='lat' dir='ltr'>nobis</span> <span class='ocrx_word' id='word_1_740' title='bbox 1848 5121 2072 5179; x_wconf 88' lang='lat' dir='ltr'>bonum</span> 
     </span>
    </p>
   </div>
   <div class='ocr_carea' id='block_1_104' title="bbox 427 5210 2070 5283">
    <p class='ocr_par' dir='ltr' id='par_1_104' title="bbox 427 5210 2070 5283">
     <span class='ocr_line' id='line_1_104' title="bbox 427 5210 2070 5283; baseline 0.001 -19"><span class='ocrx_word' id='word_1_741' title='bbox 427 5210 893 5266; x_wconf 85' lang='lat' dir='ltr'>immortalitatis</span> <span class='ocrx_word' id='word_1_742' title='bbox 920 5227 932 5264; x_wconf 90' lang='lat'><em>:</em></span> <span class='ocrx_word' id='word_1_743' title='bbox 966 5217 1107 5267; x_wconf 89' lang='lat' dir='ltr'>tunc</span> <span class='ocrx_word' id='word_1_744' title='bbox 1130 5216 1328 5267; x_wconf 89' lang='lat' dir='ltr'>autem</span> <span class='ocrx_word' id='word_1_745' title='bbox 1361 5218 1418 5266; x_wconf 90' lang='lat' dir='ltr'>et</span> <span class='ocrx_word' id='word_1_746' title='bbox 1447 5212 1548 5282; x_wconf 90' lang='lat' dir='ltr'>qui</span> <span class='ocrx_word' id='word_1_747' title='bbox 1583 5211 1824 5282; x_wconf 75' lang='lat' dir='ltr'>reliqui,</span> <span class='ocrx_word' id='word_1_748' title='bbox 1852 5212 2070 5283; x_wconf 86' lang='lat' dir='ltr'>inquit,</span> 
     </span>
    </p>
   </div>
   <div class='ocr_carea' id='block_1_105' title="bbox 428 5299 2073 5373">
    <p class='ocr_par' dir='ltr' id='par_1_105' title="bbox 428 5299 2073 5373">
     <span class='ocr_line' id='line_1_105' title="bbox 428 5299 2073 5373; baseline 0.001 -19"><span class='ocrx_word' id='word_1_749' title='bbox 428 5299 756 5356; x_wconf 85' lang='lat' dir='ltr'>fueruntho</span> <span class='ocrx_word' id='word_1_750' title='bbox 769 5303 956 5357; x_wconf 90' lang='lat' dir='ltr'>mines</span> <span class='ocrx_word' id='word_1_751' title='bbox 985 5307 1229 5373; x_wconf 88' lang='lat' dir='ltr'>posteos</span> <span class='ocrx_word' id='word_1_752' title='bbox 1251 5301 1350 5373; x_wconf 89' lang='lat' dir='ltr'>qui</span> <span class='ocrx_word' id='word_1_753' title='bbox 1376 5316 1444 5357; x_wconf 83' lang='lat' dir='ltr'>ex</span> <span class='ocrx_word' id='word_1_754' title='bbox 1465 5301 1645 5356; x_wconf 89' lang='lat' dir='ltr'>Israel</span> <span class='ocrx_word' id='word_1_755' title='bbox 1668 5300 2073 5367; x_wconf 84' lang='lat' dir='ltr'>crediderunt,</span> 
     </span>
    </p>
   </div>
   <div class='ocr_carea' id='block_1_106' title="bbox 432 5391 2073 5462">
    <p class='ocr_par' dir='ltr' id='par_1_106' title="bbox 432 5391 2073 5462">
     <span class='ocr_line' id='line_1_106' title="bbox 432 5391 2073 5462; baseline 0.002 -21"><span class='ocrx_word' id='word_1_756' title='bbox 432 5402 568 5443; x_wconf 87' lang='lat' dir='ltr'>eum</span> <span class='ocrx_word' id='word_1_757' title='bbox 600 5391 699 5458; x_wconf 86' lang='lat' dir='ltr'>qui</span> <span class='ocrx_word' id='word_1_758' title='bbox 729 5406 860 5444; x_wconf 90' lang='lat' dir='ltr'>vere</span> <span class='ocrx_word' id='word_1_759' title='bbox 893 5397 952 5446; x_wconf 91' lang='lat' dir='ltr'>et</span> <span class='ocrx_word' id='word_1_760' title='bbox 982 5397 1196 5448; x_wconf 85' lang='lat' dir='ltr'>natura</span> <span class='ocrx_word' id='word_1_761' title='bbox 1219 5391 1370 5447; x_wconf 82' lang='lat' dir='ltr'>Deus</span> <span class='ocrx_word' id='word_1_762' title='bbox 1390 5398 1481 5446; x_wconf 91' lang='lat' dir='ltr'>est</span> <span class='ocrx_word' id='word_1_763' title='bbox 1510 5397 1929 5462; x_wconf 85' lang='lat' dir='ltr'>cognoverunt.</span> <span class='ocrx_word' id='word_1_764' title='bbox 1975 5407 2073 5446; x_wconf 85' lang='lat' dir='ltr'>ve-</span> 
     </span>
    </p>
   </div>
   <div class='ocr_carea' id='block_1_107' title="bbox 429 5478 2074 5552">
    <p class='ocr_par' dir='ltr' id='par_1_107' title="bbox 429 5478 2074 5552">
     <span class='ocr_line' id='line_1_107' title="bbox 429 5478 2074 5552; baseline 0.004 -20"><span class='ocrx_word' id='word_1_765' title='bbox 429 5478 541 5534; x_wconf 86' lang='lat' dir='ltr'>teri</span> <span class='ocrx_word' id='word_1_766' title='bbox 574 5495 773 5540; x_wconf 80' lang='lat' dir='ltr'>errore</span> <span class='ocrx_word' id='word_1_767' title='bbox 804 5482 1030 5538; x_wconf 88' lang='lat' dir='ltr'>relicto.</span> <span class='ocrx_word' id='word_1_768' title='bbox 1054 5481 1432 5539; x_wconf 85' lang='lat' dir='ltr'>Vocabuntur</span> <span class='ocrx_word' id='word_1_769' title='bbox 1461 5487 1661 5540; x_wconf 88' lang='lat' dir='ltr'>autem</span> <span class='ocrx_word' id='word_1_770' title='bbox 1691 5497 1899 5538; x_wconf 84' lang='lat' dir='ltr'>omnes</span> <span class='ocrx_word' id='word_1_771' title='bbox 1925 5496 2074 5552; x_wconf 79' lang='lat' dir='ltr'>quo-</span> 
     </span>
    </p>
   </div>
   <div class='ocr_carea' id='block_1_108' title="bbox 499 5661 942 5734">
    <p class='ocr_par' dir='ltr' id='par_1_108' title="bbox 499 5661 942 5734">
     <span class='ocr_line' id='line_1_108' title="bbox 499 5661 942 5734; baseline 0 -13"><span class='ocrx_word' id='word_1_772' title='bbox 499 5661 551 5703; x_wconf 73' lang='grc'>¹⁴</span> <span class='ocrx_word' id='word_1_773' title='bbox 575 5662 744 5723; x_wconf 71' lang='grc' dir='ltr'>Ιοιιι.</span> <span class='ocrx_word' id='word_1_774' title='bbox 777 5680 818 5734; x_wconf 87' lang='grc' dir='ltr'>ι,</span> <span class='ocrx_word' id='word_1_775' title='bbox 855 5665 942 5724; x_wconf 74' lang='grc' dir='ltr'>ιι.</span> 
     </span>
    </p>
   </div>
   <div class='ocr_carea' id='block_1_109' title="bbox 2737 4663 3808 4748">
    <p class='ocr_par' dir='ltr' id='par_1_109' title="bbox 2737 4663 3808 4748">
     <span class='ocr_line' id='line_1_109' title="bbox 2737 4663 3808 4748; baseline -0.03 2"><span class='ocrx_word' id='word_1_776' title='bbox 2737 4679 2898 4748; x_wconf 69' lang='grc' dir='ltr'>Χεῖρα</span> <span class='ocrx_word' id='word_1_777' title='bbox 3001 4675 3300 4748; x_wconf 70' lang='grc' dir='ltr'>ὀρέξαντος,</span> <span class='ocrx_word' id='word_1_778' title='bbox 3377 4673 3465 4728; x_wconf 83' lang='grc' dir='ltr'>καὶ</span> <span class='ocrx_word' id='word_1_779' title='bbox 3551 4663 3808 4727; x_wconf 80' lang='grc' dir='ltr'>διατυπώ-</span> 
     </span>
    </p>
   </div>
   <div class='ocr_carea' id='block_1_110' title="bbox 2182 4749 3807 4838">
    <p class='ocr_par' dir='ltr' id='par_1_110' title="bbox 2182 4749 3807 4838">
     <span class='ocr_line' id='line_1_110' title="bbox 2182 4749 3807 4838; baseline -0.006 -20"><span class='ocrx_word' id='word_1_780' title='bbox 2182 4784 2375 4824; x_wconf 82' lang='grc' dir='ltr'>σαντος</span> <span class='ocrx_word' id='word_1_781' title='bbox 2435 4761 2634 4827; x_wconf 73' lang='grc' dir='ltr'>ἄνωθεν</span> <span class='ocrx_word' id='word_1_782' title='bbox 2723 4762 2792 4838; x_wconf 79' lang='grc' dir='ltr'>τῇ</span> <span class='ocrx_word' id='word_1_783' title='bbox 2879 4761 2946 4818; x_wconf 85' lang='grc' dir='ltr'>δι’</span> <span class='ocrx_word' id='word_1_784' title='bbox 3023 4760 3216 4824; x_wconf 80' lang='grc' dir='ltr'>ὓδατος</span> <span class='ocrx_word' id='word_1_785' title='bbox 3306 4763 3650 4836; x_wconf 72' lang='grc' dir='ltr'>ἀναγεννήσει</span> <span class='ocrx_word' id='word_1_786' title='bbox 3724 4749 3807 4808; x_wconf 70' lang='grc' dir='ltr'>καὶ</span> 
     </span>
    </p>
   </div>
   <div class='ocr_carea' id='block_1_111' title="bbox 2180 4844 3805 4930">
    <p class='ocr_par' dir='ltr' id='par_1_111' title="bbox 2180 4844 3805 4930">
     <span class='ocr_line' id='line_1_111' title="bbox 2180 4844 3805 4930; baseline -0.009 -23"><span class='ocrx_word' id='word_1_787' title='bbox 2180 4853 2506 4924; x_wconf 78' lang='grc' dir='ltr'>πνεύματος.</span> <span class='ocrx_word' id='word_1_788' title='bbox 2595 4854 2931 4909; x_wconf 84' lang='grc' dir='ltr'>Ἐπεπτώκει</span> <span class='ocrx_word' id='word_1_789' title='bbox 2991 4853 3094 4930; x_wconf 75' lang='grc' dir='ltr'>γὰρ</span> <span class='ocrx_word' id='word_1_790' title='bbox 3155 4846 3325 4914; x_wconf 76' lang='grc' dir='ltr'>ὅντως</span> <span class='ocrx_word' id='word_1_791' title='bbox 3408 4856 3607 4921; x_wconf 83' lang='grc' dir='ltr'>πτῶμα</span> <span class='ocrx_word' id='word_1_792' title='bbox 3668 4844 3805 4899; x_wconf 83' lang='grc' dir='ltr'>ἀνία·</span> 
     </span>
    </p>
   </div>
   <div class='ocr_carea' id='block_1_112' title="bbox 2178 4929 3811 5013">
    <p class='ocr_par' dir='ltr' id='par_1_112' title="bbox 2178 4929 3811 5013">
     <span class='ocr_line' id='line_1_112' title="bbox 2178 4929 3811 5013; baseline -0.006 -17"><span class='ocrx_word' id='word_1_793' title='bbox 2178 4957 2300 5010; x_wconf 75' lang='grc' dir='ltr'>τον,</span> <span class='ocrx_word' id='word_1_794' title='bbox 2383 4943 2468 4996; x_wconf 81' lang='grc' dir='ltr'>καὶ</span> <span class='ocrx_word' id='word_1_795' title='bbox 2545 4947 2644 5010; x_wconf 78' lang='grc' dir='ltr'>τῆς</span> <span class='ocrx_word' id='word_1_796' title='bbox 2700 4946 2957 5013; x_wconf 73' lang='grc' dir='ltr'>κραταιᾶς</span> <span class='ocrx_word' id='word_1_797' title='bbox 3008 4929 3223 5012; x_wconf 71' lang='grc' dir='ltr'>ἐκείνης</span> <span class='ocrx_word' id='word_1_798' title='bbox 3304 4937 3554 5011; x_wconf 80' lang='grc' dir='ltr'>δεόμενον</span> <span class='ocrx_word' id='word_1_799' title='bbox 3615 4929 3811 5010; x_wconf 76' lang='grc' dir='ltr'>χειρός.</span> 
     </span>
    </p>
   </div>
   <div class='ocr_carea' id='block_1_113' title="bbox 2181 5021 3804 5108">
    <p class='ocr_par' dir='ltr' id='par_1_113' title="bbox 2181 5021 3804 5108">
     <span class='ocr_line' id='line_1_113' title="bbox 2181 5021 3804 5108; baseline -0.01 -20"><span class='ocrx_word' id='word_1_800' title='bbox 2181 5030 2284 5088; x_wconf 82' lang='grc' dir='ltr'>Καὶ</span> <span class='ocrx_word' id='word_1_801' title='bbox 2342 5034 2501 5084; x_wconf 87' lang='grc' dir='ltr'>τοῦτο</span> <span class='ocrx_word' id='word_1_802' title='bbox 2556 5032 2690 5103; x_wconf 79' lang='grc' dir='ltr'>ἡμῖν</span> <span class='ocrx_word' id='word_1_803' title='bbox 2746 5030 2848 5084; x_wconf 88' lang='grc' dir='ltr'>οὐκ</span> <span class='ocrx_word' id='word_1_804' title='bbox 2909 5028 2987 5090; x_wconf 82' lang='grc' dir='ltr'>είς</span> <span class='ocrx_word' id='word_1_805' title='bbox 3047 5029 3248 5102; x_wconf 61' lang='grc' dir='ltr'>χρόνον</span> <span class='ocrx_word' id='word_1_806' title='bbox 3324 5027 3485 5108; x_wconf 70' lang='grc' dir='ltr'>φησιν</span> <span class='ocrx_word' id='word_1_807' title='bbox 3567 5021 3804 5094; x_wconf 69' lang='grc' dir='ltr'>ὑπάρξειν</span> 
     </span>
    </p>
   </div>
   <div class='ocr_carea' id='block_1_114' title="bbox 2187 5105 3802 5195">
    <p class='ocr_par' dir='ltr' id='par_1_114' title="bbox 2187 5105 3802 5195">
     <span class='ocr_line' id='line_1_114' title="bbox 2187 5105 3802 5195; baseline -0.002 -23"><span class='ocrx_word' id='word_1_808' title='bbox 2187 5119 2405 5195; x_wconf 82' lang='grc' dir='ltr'>μικρὸν,</span> <span class='ocrx_word' id='word_1_809' title='bbox 2436 5116 2563 5174; x_wconf 82' lang='grc' dir='ltr'>ἀλλ’</span> <span class='ocrx_word' id='word_1_810' title='bbox 2597 5118 2672 5179; x_wconf 86' lang='grc' dir='ltr'>ε”ς</span> <span class='ocrx_word' id='word_1_811' title='bbox 2704 5119 2912 5192; x_wconf 73' lang='grc' dir='ltr'>ἡμέρας</span> <span class='ocrx_word' id='word_1_812' title='bbox 2971 5117 3188 5180; x_wconf 78' lang='grc' dir='ltr'>αἶῶνος.</span> <span class='ocrx_word' id='word_1_813' title='bbox 3251 5105 3663 5184; x_wconf 26' lang='grc' dir='ltr'>Ἀνναπόϐλητον</span> <span class='ocrx_word' id='word_1_814' title='bbox 3707 5105 3802 5195; x_wconf 61' lang='grc' dir='ltr'>γᾶξ</span> 
     </span>
    </p>
   </div>
   <div class='ocr_carea' id='block_1_115' title="bbox 2183 5189 3801 5287">
    <p class='ocr_par' dir='ltr' id='par_1_115' title="bbox 2183 5189 3801 5287">
     <span class='ocr_line' id='line_1_115' title="bbox 2183 5189 3801 5287; baseline -0.013 -24"><span class='ocrx_word' id='word_1_815' title='bbox 2183 5189 2234 5264; x_wconf 90' lang='grc' dir='ltr'>ἐν</span> <span class='ocrx_word' id='word_1_816' title='bbox 2267 5189 2402 5280; x_wconf 60' lang='grc' dir='ltr'>ημῖν</span> <span class='ocrx_word' id='word_1_817' title='bbox 2433 5210 2494 5262; x_wconf 89' lang='grc' dir='ltr'>τὸ</span> <span class='ocrx_word' id='word_1_818' title='bbox 2527 5215 2627 5275; x_wconf 80' lang='grc' dir='ltr'>τῆς</span> <span class='ocrx_word' id='word_1_819' title='bbox 2660 5189 2954 5287; x_wconf 67' lang='grc' dir='ltr'>ἀφθαρσίας</span> <span class='ocrx_word' id='word_1_820' title='bbox 2985 5206 3199 5279; x_wconf 84' lang='grc' dir='ltr'>ἀγαθόν.</span> <span class='ocrx_word' id='word_1_821' title='bbox 3233 5206 3372 5262; x_wconf 84' lang='grc' dir='ltr'>Τότε</span> <span class='ocrx_word' id='word_1_822' title='bbox 3411 5204 3485 5270; x_wconf 74' lang='grc' dir='ltr'>δὲ,</span> <span class='ocrx_word' id='word_1_823' title='bbox 3518 5201 3665 5284; x_wconf 68' lang='grc' dir='ltr'>φησί,</span> <span class='ocrx_word' id='word_1_824' title='bbox 3721 5189 3801 5246; x_wconf 66' lang='grc' dir='ltr'>καὶ</span> 
     </span>
    </p>
   </div>
   <div class='ocr_carea' id='block_1_116' title="bbox 2185 5287 3883 5370">
    <p class='ocr_par' dir='ltr' id='par_1_116' title="bbox 2185 5287 3883 5370">
     <span class='ocr_line' id='line_1_116' title="bbox 2185 5287 3883 5370; baseline -0.014 -16"><span class='ocrx_word' id='word_1_825' title='bbox 2185 5299 2236 5354; x_wconf 72' lang='grc' dir='ltr'>οἱ</span> <span class='ocrx_word' id='word_1_826' title='bbox 2256 5293 2586 5352; x_wconf 81' lang='grc' dir='ltr'>κατάλοιποι</span> <span class='ocrx_word' id='word_1_827' title='bbox 2645 5300 2752 5353; x_wconf 93' lang='grc' dir='ltr'>τῶν</span> <span class='ocrx_word' id='word_1_828' title='bbox 2807 5295 3100 5370; x_wconf 67' lang='grc' dir='ltr'>ἀνθρώπων</span> <span class='ocrx_word' id='word_1_829' title='bbox 3165 5295 3298 5366; x_wconf 75' lang='grc' dir='ltr'>μετὰ</span> <span class='ocrx_word' id='word_1_830' title='bbox 3351 5293 3484 5354; x_wconf 77' lang='grc' dir='ltr'>τοὺς</span> <span class='ocrx_word' id='word_1_831' title='bbox 3531 5299 3802 5344; x_wconf 83' lang='grc' dir='ltr'>πεπιστευ·</span> <span class='ocrx_word' id='word_1_832' title='bbox 3879 5287 3883 5292; x_wconf 84' lang='grc'><em>”</em></span> 
     </span>
    </p>
   </div>
   <div class='ocr_carea' id='block_1_117' title="bbox 2183 5373 3805 5465">
    <p class='ocr_par' dir='ltr' id='par_1_117' title="bbox 2183 5373 3805 5465">
     <span class='ocr_line' id='line_1_117' title="bbox 2183 5373 3805 5465; baseline -0.009 -21"><span class='ocrx_word' id='word_1_833' title='bbox 2183 5387 2343 5449; x_wconf 79' lang='grc' dir='ltr'>κότας</span> <span class='ocrx_word' id='word_1_834' title='bbox 2373 5387 2434 5458; x_wconf 81' lang='grc' dir='ltr'>ἐξ.</span> <span class='ocrx_word' id='word_1_835' title='bbox 2487 5384 2729 5455; x_wconf 70' lang='grc' dir='ltr'>Ἰσραήλ,</span> <span class='ocrx_word' id='word_1_836' title='bbox 2775 5385 2866 5441; x_wconf 85' lang='grc' dir='ltr'>τὸν</span> <span class='ocrx_word' id='word_1_837' title='bbox 2913 5385 3066 5465; x_wconf 71' lang='grc' dir='ltr'>φύσει</span> <span class='ocrx_word' id='word_1_838' title='bbox 3117 5383 3206 5438; x_wconf 80' lang='grc' dir='ltr'>καὶ</span> <span class='ocrx_word' id='word_1_839' title='bbox 3285 5383 3506 5454; x_wconf 78' lang='grc' dir='ltr'>ἀληθῶς</span> <span class='ocrx_word' id='word_1_840' title='bbox 3562 5373 3805 5465; x_wconf 39' lang='grc' dir='ltr'>ἐγνώκασι</span> 
     </span>
    </p>
   </div>
   <div class='ocr_carea' id='block_1_118' title="bbox 2185 5458 3807 5552">
    <p class='ocr_par' dir='ltr' id='par_1_118' title="bbox 2185 5458 3807 5552">
     <span class='ocr_line' id='line_1_118' title="bbox 2185 5458 3807 5552; baseline -0.006 -17"><span class='ocrx_word' id='word_1_841' title='bbox 2185 5476 2336 5546; x_wconf 81' lang='grc' dir='ltr'>Θεὸν,</span> <span class='ocrx_word' id='word_1_842' title='bbox 2389 5479 2488 5547; x_wconf 73' lang='grc' dir='ltr'>τῆς</span> <span class='ocrx_word' id='word_1_843' title='bbox 2544 5476 2776 5552; x_wconf 73' lang='grc' dir='ltr'>ἀρχαίας</span> <span class='ocrx_word' id='word_1_844' title='bbox 2825 5458 3041 5546; x_wconf 73' lang='grc' dir='ltr'>πλάνης</span> <span class='ocrx_word' id='word_1_845' title='bbox 3097 5473 3576 5552; x_wconf 76' lang='grc' dir='ltr'>ἀποφοιτήσαντες.</span> <span class='ocrx_word' id='word_1_846' title='bbox 3663 5458 3807 5526; x_wconf 48' lang='lat' dir='ltr'>Kh?&quot;</span> 
     </span>
    </p>
   </div>
   <div class='ocr_carea' id='block_1_119' title="bbox 2184 4673 2642 4744">
    <p class='ocr_par' dir='ltr' id='par_1_119' title="bbox 2184 4673 2642 4744">
     <span class='ocr_line' id='line_1_119' title="bbox 2184 4673 2642 4744; baseline -0.007 -16"><span class='ocrx_word' id='word_1_847' title='bbox 2184 4695 2373 4736; x_wconf 90' lang='grc' dir='ltr'>σαντος</span> <span class='ocrx_word' id='word_1_848' title='bbox 2453 4673 2642 4744; x_wconf 76' lang='grc' dir='ltr'>αὐτὴν,</span> 
     </span>
    </p>
   </div>
  </div>
