4112 6250
1320 347 1725 411 COMMENT.
1771 351 1861 412 IN.
1903 351 2108 418 ACTA
2150 355 2760 422 APOSTOLORUM.

3647 370 3764 429 222

342 484 601 556 θήσονται
666 478 744 553 δὶ,
804 478 971 560 φησὶ,
1028 481 1118 535 καὶ
1176 480 1350 548 πάντα
1419 482 1494 544 τὰ,
1565 477 1715 552 ἔθνη,
1772 482 1860 538 καὶ
1922 480 2008 538 ἐπ’

2127 504 2234 558 que
2267 496 2494 564 gentes,
2525 493 2740 565 inquit.
2779 499 2835 552 et
2865 513 3043 568 super
3065 497 3171 552 has
3195 498 3305 553 erit
3325 516 3550 557 nomen
3566 519 3768 560 meum

345 576 534 635 αὑτοῖς
569 571 721 628 ἔσται
776 571 836 626 τὸ
884 569 1024 644 ἐμὸν
1073 569 1272 643 ὄνομα,
1322 571 1405 650 ἐφ’
1445 573 1533 634 οἷς
1585 571 1674 631 καὶ
1734 573 1782 647 ἐξ
1833 574 2012 650 ἀρχῆς

342 663 728 733 ἐπικέκληται,
765 686 791 712 ιι
827 660 943 723 Οῦς
1002 660 1104 735 γὰρ
1161 660 1432 738 προέγνω,
1503 661 1593 715 καὶ
1650 664 1949 738 προώρισε,
1986 685 2010 716 ι

347 752 500 828 φησί

414 865 441 893 ιι
473 841 618 897 Τότε
667 833 816 911 ἔδοξε
869 844 989 901 τοῖς
1046 836 1378 901 ἀποστόλοις
1434 839 1526 893 καὶ
1582 845 1700 901 τοῖς
1777 837 2013 916 πρεσϐυ-

349 929 590 1004 ιιτέροις
652 927 745 982 σὺν
806 928 912 1003 ’ὀλῃ
964 931 1034 1001 τῇ
1095 925 1377 999 ἐκκλησίᾳ,
1452 926 1839 1001 ἐκλεξαμένους
1924 929 2015 985 ἄν·

350 1044 370 1070 ι
410 1016 540 1091 δρας
572 1016 626 1089 έξ
659 1016 838 1072 αὐτῶν
890 1015 1104 1090 πέμψαι
1153 1014 1227 1077 εἰς
1284 1016 1619 1092 Ἀντιόχειαν
1672 1017 1764 1072 σὺν
1812 1017 2015 1093 Παύλῳ

350 1133 378 1158 ι(
411 1115 506 1163 καί
540 1099 817 1176 Βαρνάϐᾳ,
851 1103 1062 1159 Ἰούδαν
1093 1104 1184 1160 τὸν
1235 1102 1666 1178 ἐπικαλούμενον
1715 1104 2010 1183 Βαρσαϐἆν,

359 1222 386 1251 ι(
411 1197 501 1252 καὶ
537 1195 732 1264 Σίλαν,
765 1192 966 1270 ἄνδρας
997 1196 1350 1272 ἡγουμένους,
1376 1195 1426 1250 έν
1460 1202 1576 1259 τοῖς
1599 1193 2013 1272 ἀδελφοῖς,γρά-

351 1312 376 1338 α
409 1291 608 1361 ψαντες
640 1283 734 1340 διὰ
764 1291 974 1366 χειρῶν
1005 1285 1180 1350 αὐτῶν
1235 1283 1382 1340 τάδε’
1442 1286 1508 1343 Οἱ
1548 1285 1872 1356 ἀπόστολοι,
1921 1283 2012 1343 καιἱ

350 1400 379 1429 ιι
412 1377 466 1432 οἱ
496 1371 882 1451 πρεσϐύτεροι,
916 1373 1006 1438 καὶ
1041 1373 1093 1428 οἱ
1117 1371 1364 1454 ἀδελφοὶ,
1387 1379 1503 1436 τοῖς
1522 1376 1656 1430 κατὰ
1679 1379 1776 1446 τὴν
1801 1378 2012 1433 Ἀντιό.

349 1491 379 1520 α
412 1488 574 1542 χειαν
610 1466 704 1522 καὶ
763 1465 958 1539 Βυρίαν
1008 1465 1099 1520 καὶ
1161 1462 1409 1521 Κιλικίαν
1467 1464 1730 1546 ἀδελφοῖς
1787 1473 1902 1530 τοῖς
1961 1469 2009 1538 ἐξ

353 1582 390 1618 α,
416 1557 612 1626 ἐθνῶν,
664 1555 902 1632 χαίρειν.
966 1553 1184 1628 Ἐπειδή
1243 1557 1575 1632 ἠκούσαμεν,
1631 1559 1716 1613 ὅτι
1765 1559 1902 1621 τινές
1959 1559 2010 1630 ἐξ

353 1650 585 1720 «ἡμῶν
647 1643 950 1716 ἐξελθόντες
1024 1644 1276 1720 ἐτάραξαν
1353 1647 1493 1721 ὑμᾶς
1579 1646 1809 1725 λόγοις,
1880 1647 2007 1704 ἀνα-

348 1761 376 1788 ε
411 1735 774 1806 σκευάζοντες
805 1735 901 1796 τὰς
933 1736 1117 1810 ψυχὰς
1154 1737 1330 1810 ὑμῶν,
1382 1734 1635 1814 λέγοντες
1689 1739 2006 1813 περιτέμνε-

344 1851 371 1878 α
407 1829 531 1882 σθαι
562 1826 660 1880 καὶ
691 1830 878 1897 τηρεῖν
905 1826 998 1881 τόν
1054 1825 1243 1898 νόμον,
1302 1825 1385 1887 οἶς
1447 1826 1508 1880 ὸῦ
1571 1823 2006 1901 διεστειλάμεθα,
2039 1852 2084 1917 Β

342 1942 370 1969 «
401 1912 585 1989 ἔδοξεν
614 1919 754 1990 ἡμῖν
815 1914 1126 1993 γενομένοις
1180 1914 1572 1993 ὁμοθυμαδὸν,
1616 1916 2007 1995 ἐκλεξαπένους

351 2031 375 2060 ι
412 2004 616 2078 ἃνδρας
678 2005 896 2081 πέμψαι
951 2006 1089 2078 πρὸς
1147 2005 1310 2079 ὑμᾶς,
1369 2006 1460 2060 σὺν
1527 2011 1644 2070 τοῖς
1699 2008 2006 2081 ἀγαπητοῖς

351 2122 378 2149 ει
409 2099 573 2169 ἡμῶν
610 2090 873 2165 Βαρνάϐᾳ
922 2095 1014 2159 καὶ
1069 2093 1290 2168 Παύλῳ,
1341 2094 1644 2171 ἀνθρώποις
1684 2095 2006 2172 παραδεδώ-

360 2208 386 2237 u
413 2185 532 2241 κόσι
565 2186 660 2246 τας
698 2184 886 2264 ψυχας
919 2185 1099 2239 αὐτῶν
1135 2184 1263 2259 ὑπὲρ
1295 2188 1391 2239 τοῦ
1441 2185 1706 2260 ὀνόματος
1753 2191 1851 2242 τοῦ
1907 2195 2011 2244 Κυ-

372 2298 398 2330 ι
430 2273 543 2348 ρίου
570 2277 727 2344 ἡμῶν
762 2275 948 2344 Ἰησοῦ
981 2277 1235 2346 Χριστοῦ.
1272 2273 1718 2350 Ἀπεστάλκαμεν
1754 2274 1844 2332 οῦν
1880 2277 2012 2332 Ἰού-

376 2387 399 2418 ι
558 2365 641 2428 καὶ
671 2361 866 2429 Σίλαν,
903 2362 990 2417 καῖ
1024 2361 1219 2424 αὐτοὺς
1249 2360 1337 2417 διὰ
1371 2363 1540 2442 λόγου
1562 2364 2009 2439 ἀπαγγέλλοντας

369 2456 498 2510 «τὰ
551 2453 706 2510 αὐτά.
765 2449 960 2523 ’Ἑδοξε
1022 2453 1126 2530 γαρ
1201 2457 1278 2524 τῷ
1353 2454 1496 2530 ἁγίῳ
1575 2457 1846 2530 live-5pm:
1920 2455 2012 2512 καὶ

364 2570 392 2595 α
424 2547 585 2618 ἡμῖν,
618 2541 792 2616 μηδὲν
822 2540 993 2598 πλέον
1043 2541 1374 2607 ἐπιτίθεσθαι
1435 2544 1562 2618 ὑμῖν
1621 2545 1809 2620 βάρος,
1867 2545 2012 2616 πλὴν

360 2659 388 2685 α
420 2638 528 2700 τῶν
590 2633 889 2710 ἐπάναγκες
948 2632 1180 2701 τούτων,
1237 2630 1532 2712 ἀπέχεσθαι
1603 2632 2011 2707 εἰδωλοθύτων,

361 2747 384 2776 ι
415 2725 504 2778 καὶ
538 2723 801 2797 αἳματος,
835 2721 924 2777 καὶ
949 2726 1201 2792 πνικτοῦ,
1229 2723 1318 2778 καὶ
1347 2723 1621 2798 πορνείας,
1670 2722 1730 2798 ἐξ
1767 2726 1838 2779 ὧν
1891 2721 2011 2781 δια-

355 2816 725 2888 «τηροῦντες
810 2810 1040 2877 ἑαυτοὺς
1118 2809 1174 2867 εῦ
1248 2811 1492 2885 πράξετε.
1580 2812 1882 2889 Ἕῤῥωσθε·
1945 2816 2012 2873 Oi.

349 2926 382 2958 α
416 2903 515 2975 μὲν
546 2903 644 2956 οῦν
706 2898 1094 2966 ἀπολυθέντες,
1151 2898 1323 2969 ἦλθον
1380 2900 1456 2963 εῗς
1505 2902 1864 2977 Ἀντιόχειαν,
1922 2904 2012 2960 καὶ

343 3019 372 3045 ει
410 2985 820 3066 συναγαγόντες
852 2990 914 3045 τὸ
946 2987 1184 3061 πλῆθος,
1217 2987 1492 3046 ἐπέδωκαν
1543 2991 1642 3058 τὴν
1693 2990 2011 3064 ἐπιστολήν,

343 3107 372 3132 u
411 3080 743 3158 ἀναγνόντες
781 3076 839 3134 δὲ
863 3077 1136 3156 έγάρησαν
1197 3078 1284 3134 ἐπὶ
1341 3083 1410 3152 τῇ
1471 3084 1816 3155 παρακλήσει
1875 3081 2013 3139 Ἰού-

360 3195 387 3220 ιι
421 3167 518 3229 δας
548 3190 608 3225 τε
635 3169 729 3223 καὶ
763 3167 936 3229 Σίλας
992 3169 1080 3223 καὶ
1139 3167 1294 3222 αὐτοὶ
1351 3177 1633 3250 προφῆται
1691 3167 1862 3238 ὄντες,
1924 3168 2013 3226 διὰ

371 3255 604 3333 ulti-{ou
654 3255 875 3313 πολλοῦ
929 3254 1299 3332 παρεκάλεσαν
1358 3257 1482 3318 τοὺς
1570 3255 1862 3339 ἀδελφοὺς,
1921 3261 2012 3316 καὶ

380 3369 414 3397 ιι
445 3345 797 3419 έπεστῆριξαν.
889 3348 1220 3416 Ποιήσαντες
1281 3343 1340 3404 δέ
1397 3347 1594 3422 χρόνον
1672 3347 2020 3421 ἀπελύθησαν

385 3457 418 3486 α
447 3435 570 3505 μετ’
597 3438 801 3508 εἰρήνης
836 3435 945 3490 ἀπὸ
975 3440 1083 3490 τῶν
1115 3433 1364 3516 ἀδελφῶν
1412 3439 1549 3512 πρὸς
1603 3438 1730 3500 τοὺς
1783 3439 2021 3507 ἀποστό-

376 3521 586 3585 αλους.
624 3521 806 3596 Ἔδοξε
849 3522 907 3580 δὲ
965 3529 1043 3596 τῷ
1102 3524 1242 3597 Σίλᾳ
1297 3523 1572 3598 ἐπιμεῖναι
1628 3528 1809 3584 αὐτοῦ.
1878 3533 2021 3584 Παῦ-

378 3634 401 3663 σ
431 3611 534 3674 λος
567 3611 624 3668 εὶ
653 3614 745 3669 καὶ
791 3609 1069 3690 Βαρνάϐας
1125 3609 1394 3691 διέτριϐον
1453 3613 1504 3681 ἐν
1561 3616 1870 3697 Ἀντιοχείᾳ
1927 3615 2018 3673 δι-

370 3725 395 3756 σ
432 3699 724 3766 δὶσκοντες
788 3703 878 3770 καὶ
943 3700 1427 3780 εὐαγγελιζόμενοι
1491 3706 1624 3779 μετὰ
1681 3709 1767 3761 καὶ
1820 3706 2016 3778 ἑτέρων

367 3820 394 3846 α
428 3794 661 3852 πολλῶν
732 3795 824 3866 τὸν
884 3794 1052 3874 λόγον
1116 3801 1212 3851 τοῦ
1270 3797 1487 3873 Κυρίου.
1551 3798 1704 3856 Μετά
1761 3797 1819 3856 δέ
1873 3820 2018 3862 τινας

362 3884 640 3958 «ἡμέρας
704 3885 822 3941 εἶπε
885 3883 1098 3948 Παῦλος
1157 3886 1291 3959 πρὸς
1377 3883 1670 3963 Βαρνάϐαν·
1741 3887 2021 3964 Ἐπιστρέ-

365 4000 391 4025 ιι
428 3978 630 4048 ψαντες
693 3971 760 4043 δὴ
840 3976 1258 4049 ἐπισκεψώμεθα
1342 3975 1473 4042 τοὺς
1533 3974 1802 4057 ἀδελφοὺς
1859 3981 2020 4053 ἡμῶν

355 4086 388 4118 α
420 4065 567 4121 κατὰ
628 4069 804 4119 πᾶσαν
852 4061 1039 4134 πόλιν,
1125 4064 1179 4120 ὲν
1262 4063 1349 4128 αἶς
1431 4063 1871 4143 κατηγγείλαμεν
1929 4068 2021 4123 τὸν

359 4179 388 4205 α
420 4152 596 4228 λόγον
631 4157 730 4208 τοῦ
761 4153 988 4228 Κυρίου,
1019 4159 1137 4214 πῶς
1171 4151 1383 4230 ἔχουσι.
1420 4177 1448 4206 ››

435 4267 467 4296 α
529 4241 960 4316 Έκλεξαμένους
1038 4241 1233 4319 ἄνδρας
1319 4241 1370 4315 ἐξ
1439 4244 1615 4300 αὐτῶν
1701 4243 1934 4320 πέμψαι.
1991 4270 2018 4298 »

357 4329 515 4392 Ἔδει
545 4333 626 4408 μή
663 4333 761 4400 τήν
794 4329 1093 4402 ἐπιστολήν
1121 4338 1373 4407 παρεῖναι
1431 4332 1617 4406 μόνον,
1669 4333 1754 4389 ἳνα
1805 4337 1880 4409 μή
1929 4331 2018 4392 λέ-

365 4445 540 4500 γωσιν
607 4422 694 4478 δτι
754 4424 1092 4497 συνήρπασαν
1153 4420 1297 4478 ἄλλο
1348 4422 1462 4478 ἀντ’
1523 4421 1700 4478 ἁλλου
1759 4424 2020 4495 εἰπόντες,

365 4510 495 4568 ἀλλ’
527 4509 674 4566 ὥστε
729 4511 819 4580 καὶ
867 4511 1309 4586 ἀξιοπιστότερον
1357 4511 1604 4585 γενέσθαι
1650 4513 1712 4570 τὸ
1770 4519 2020 4589 πρᾶγμα,

370 4603 656 4675 πέμπουσι
715 4599 839 4661 τοὺς
894 4602 1020 4676 παρ’
1075 4600 1272 4670 αὐτῶν,
1357 4598 1448 4656 ἵνα
1530 4600 1832 4665 ἀνύποπτοι
1917 4601 2020 4660 ὦσι

373 4685 656 4765 Βαρνάϐας
697 4688 788 4744 καὶ
847 4687 1085 4751 Παῦλος.
1141 4691 1250 4746 Ἵνα
1306 4686 1364 4745 δὶ
1421 4691 1502 4763 μὴ
1561 4688 1688 4766 δόξῃ
1749 4687 2022 4763 διαϐολῆς,

371 4781 506 4838 εἶναι
552 4778 777 4835 Παύλου
807 4778 895 4834 καὶ
928 4774 1180 4853 Βαρνάϐα
1223 4778 1299 4841 ea».
1335 4779 1569 4844 ἐκείνους
1619 4779 2016 4852 ἀποσταλῆναι,

373 4867 815 4947 ἐγκωμιάζουσιν
867 4867 1086 4929 αὐτοὺς.
1119 4868 1484 4942 ’Λνθρώποις,
1515 4869 1664 4948 φασὶ,
1697 4865 2017 4944 παραδεδω-

367 4961 491 5016 κόσι
523 4960 622 5020 τας
656 4957 838 5036 ψυχὰς
862 4956 1041 5014 αὐτῶν
1076 4956 1207 5032 ὅπερ
1246 4961 1344 5012 τοῦ
1376 4957 1644 5031 ὀνόματος
1673 4962 1770 5014 τοῦ
1818 4960 2016 5034 Κυρίου

370 5052 532 5120 ἡμῶν
596 5049 774 5118 Ἰησοῦ
829 5048 1087 5120 Χριστοῦ.
1151 5070 1178 5098 α
1235 5043 1445 5118 Ἔδοξε,
1504 5049 1655 5127 φασὶ,
1713 5053 1793 5121 τῷ
1876 5049 2017 5124 ἁγίῳ

371 5139 648 5212 Πνεῦματι
707 5135 798 5192 καὶ
857 5139 1010 5210 ἡμῖν.
1064 5160 1094 5188 ››
1147 5132 1409 5208 Οὐδαμοῦ
1469 5136 1572 5212 γὰρ
1631 5137 1754 5212 περὶ
1814 5140 2020 5202 τούτων

374 5224 638 5302 διελέχθη
672 5226 700 5280 ὁ
731 5227 993 5301 Χριστὸς,
1027 5223 1154 5281 ἀλλ’
1184 5224 1468 5294 οῦτοιιάπὸ
1499 5229 1595 5299 τοῦ
1625 5222 1800 5300 νόμου
1855 5231 2020 5282 ταῦτα

365 5311 646 5393 λέγουσιν.
681 5316 796 5370 Ἲνα
837 5312 929 5368 οῦν
991 5316 1067 5387 μή
1129 5310 1258 5389 δόξῃ
1318 5311 1658 5386 ἀνθρώπινον
1720 5315 1877 5384 εῖναι,
1939 5320 2021 5388 τῷ

365 5407 505 5480 ἁγίῳ
569 5404 1034 5481 Πνεόματιᾭᾳσι.
1097 5401 1193 5479 Καὶ
1245 5400 1334 5458 ’ἕνα
1392 5399 1756 5480 διδαχθῶσιν.
1793 5404 1874 5468 ὅτι
1931 5404 2019 5472 καὶ

369 5495 524 5553 αὐτοὶ
580 5490 951 5573 ἀποδὶχονται
1002 5491 1182 5560 καίτοι
1245 5491 1298 5550 ἐν
1376 5497 1652 5568 περιτομῇ
1709 5495 1893 5568 ὄντες,
1935 5492 2024 5554 έπ-

441 5675 482 5712 ¹⁸
508 5677 678 5740 Ion.
710 5690 837 5748 νιιι,
857 5672 950 5730 30.

2124 595 2303 650 super
2333 598 2479 652 quas
2502 582 2573 638 ab
2597 584 2765 639 initio
2789 602 3023 656 quoque
3051 587 3391 644 invocatum
3421 598 3509 646 est
3534 609 3548 647 :
3569 595 3768 659 «Quos

2125 669 2284 726 enim
2317 672 2627 742 prmscivit,
2662 673 2769 728 hos
2801 680 2858 728 et
2887 675 3285 746 prmdeﬁnivit
3315 678 3380 734 ³⁵.
3417 702 3444 729 ››

2191 849 2307 912 Χν,
2340 852 2531 908 22-36.
2567 874 2595 902 ‹‹
2629 854 2788 908 Tunc
2820 854 3008 909 visum
3042 861 3132 910 est
3184 859 3474 929 apostolis
3534 867 3592 915 et
3638 880 3769 933 pre-

2122 960 2150 988 «
2185 939 2436 1012 sbyteris
2467 958 2598 996 cum
2634 948 2757 999 tota
2784 947 3260 1017 congregatione,
3296 954 3360 1002 ut
3409 949 3666 1006 delectos
3700 969 3766 1008 ex

2122 1048 2150 1076 «
2180 1043 2310 1082 sese
2348 1027 2501 1085 viros
2533 1030 2835 1086 mitterent
2867 1035 3243 1090 Antiochiam
3296 1053 3430 1091 cum
3479 1040 3660 1095 Paulo
3711 1047 3769 1096 et

2122 1140 2151 1168 ‹‹
2184 1119 2692 1187 Barnaba,1udam
2716 1139 2930 1196 nempe
2958 1132 3346 1194 cognomento
3370 1129 3686 1186 Barsabam
3711 1137 3769 1187 et

2122 1230 2150 1259 ‹‹
2183 1208 2361 1264 Silam
2391 1211 2546 1266 viros
2577 1211 2892 1282 primarios
2925 1214 3082 1267 inter
3131 1215 3364 1279 fratres,
3416 1219 3615 1274 missis
3665 1238 3770 1292 per

2121 1320 2148 1347 «
2174 1314 2387 1354 marine
2401 1316 2604 1356 eorum
2623 1301 2834 1356 litteris
2859 1303 2918 1358 in
2942 1305 3094 1359 hanc
3115 1307 3768 1380 sententiam:Apostoli

2119 1409 2148 1438 «
2183 1394 2241 1444 et
2269 1389 2596 1460 presbyteri
2633 1407 2701 1446 ac
2732 1391 2944 1446 fratres
2966 1393 3058 1448 bis
3081 1396 3180 1465 qui
3206 1403 3344 1452 sunt
3369 1399 3698 1454 Antiochiae
3714 1407 3771 1454 et

2119 1498 2148 1526 «
2181 1477 2242 1531 in
2276 1477 2443 1550 Syria
2471 1495 2537 1534 ac
2568 1478 2774 1535 Cilicia
2803 1480 3104 1544 fratribus,
3161 1487 3258 1554 qui
3307 1494 3446 1540 sunt
3476 1504 3546 1543 ex
3576 1490 3764 1561 genti-

2119 1586 2147 1614 α
2180 1564 2312 1629 bus,
2339 1565 2612 1623 salutem.
2646 1568 2935 1632 Quoniam
2969 1570 3302 1627 audivimus
3333 1575 3491 1644 quod
3525 1577 3764 1646 quidam

2118 1675 2145 1703 ‹‹
2180 1670 2210 1708 e
2246 1653 2416 1710 nobis
2447 1658 2667 1727 egressi
2699 1658 3083 1714 turbaverunt
3133 1677 3233 1714 vos
3273 1662 3490 1722 verbis.
3550 1665 3763 1721 labefa-

2117 1765 2145 1793 «
2177 1748 2407 1798 ctautes
2436 1746 2672 1800 animos
2702 1753 2950 1810 vestros,
2980 1749 3262 1819 jubentes
3293 1769 3390 1806 vos
3423 1754 3767 1810 circumcidi

2117 1845 2144 1874 ‹‹
2179 1840 2244 1879 ac
2278 1841 2509 1879 servare
2541 1826 2752 1898 legem,
2801 1828 3016 1898 quibus
3073 1847 3194 1886 non
3249 1849 3762 1904 praeceperamus:

2120 1935 2148 1963 ‹‹
2180 1913 2371 1967 visum
2403 1918 2492 1968 est
2521 1915 2693 1970 nobis
2724 1918 3088 1972 unanimiter
3117 1923 3484 1992 congregatis
3507 1923 3769 1979 delectos
3825 1989 3827 1992 ,

2121 2024 2148 2051 ‹‹
2182 2002 2337 2057 viros
2369 2004 2605 2058 mittere
2637 2004 2709 2058 ad
2733 2022 2831 2059 vos
2854 2023 2988 2062 cum
3011 2008 3246 2063 dilectis
3269 2012 3488 2067 nostris
3506 2012 3771 2068 Barnaba

2120 2113 2148 2141 ‹‹
2181 2096 2239 2146 et
2271 2092 2468 2160 Paulo,
2530 2092 2874 2148 hominibus
2921 2095 3021 2166 qui
3078 2107 3480 2168 exposuerunt
3537 2102 3765 2156 animas

2120 2204 2149 2230 «
2182 2199 2319 2236 suas
2351 2200 2454 2254 pro
2487 2185 2728 2239 nomine
2761 2186 2993 2240 Domini
3028 2189 3214 2242 nostri
3245 2190 3382 2245 Jesu
3405 2191 3642 2246 Christi.
3667 2193 3770 2246 Mi-

2121 2293 2150 2322 ‹‹
2184 2273 2371 2327 simus
2404 2291 2539 2344 ergo
2569 2274 2776 2329 Judam
2819 2281 2878 2328 et
2923 2276 3123 2343 Silam,
3176 2279 3274 2348 qui
3329 2285 3386 2333 et
3434 2280 3545 2351 ipsi
3606 2281 3768 2337 vobis

2122 2383 2151 2413 «
2179 2361 2374 2416 verbis
2405 2363 2663 2417 referent
2694 2364 2922 2418 eadem.
2958 2365 3158 2420 Visum
3195 2373 3280 2420 est
3315 2370 3474 2423 enim
3527 2371 3770 2441 Spiritui

2124 2458 2376 2507 «sancto
2401 2469 2468 2507 ac
2489 2452 2678 2513 nobis,
2706 2470 2779 2507 ne
2795 2453 3034 2524 quidem
3053 2457 3310 2526 amplius
3328 2458 3770 2529 imponeremus

2122 2564 2151 2592 «
2171 2542 2333 2597 vobis
2363 2543 2562 2598 oneris
2585 2560 2758 2614 quam
2779 2545 2904 2599 hinc
2927 2547 3298 2601 necessaria:
3325 2551 3359 2602 I
3377 2549 3470 2604 25
3497 2549 3768 2602 videlicet

2123 2656 2151 2683 ‹‹
2187 2639 2251 2689 ιιι
2279 2635 2627 2689 abstineatis
2657 2652 2756 2689 vos
2787 2635 2857 2689 ab
2891 2635 2982 2690 his
3014 2653 3144 2706 quae
3179 2643 3317 2692 sunt
3357 2637 3665 2694 immolata
3697 2640 3771 2695 si-

2123 2745 2152 2773 ‹‹
2187 2723 2466 2778 mulacris
2493 2730 2552 2778 et
2591 2724 2876 2794 sanguine
2901 2730 2959 2780 et
2982 2727 3267 2782 sutTocato
3294 2733 3351 2782 et
3390 2729 3768 2794 scortatione,

2123 2837 2151 2864 «
2184 2830 2218 2868 a
2249 2813 2463 2884 quibus
2492 2813 2756 2884 vosipsos
2790 2815 3195 2870 conservando
3227 2816 3630 2874 benefacietis.
3659 2821 3767 2874 Va-

2123 2925 2151 2952 «
2184 2902 2326 2972 lete.
2366 2903 2457 2957 Illi
2494 2919 2628 2974 ergo
2658 2903 2890 2958 dimissi
2921 2911 3214 2960 venerunt
3261 2908 3653 2976 Antiochiam,
3713 2913 3772 2964 et

2122 3014 2150 3042 «
2181 2998 2533 3064 congregata
2562 2992 2944 3048 multitudine
2981 2995 3368 3050 reddiderunt
3415 2999 3767 3068 epistolam:

2124 3102 2152 3130 ‹‹
2185 3097 2358 3150 quam
2393 3097 2526 3134 cum
2559 3080 2862 3152 legissent.
2894 3083 3076 3154 gavisi
3112 3089 3250 3138 sunt
3290 3102 3468 3155 super
3498 3087 3772 3142 consola-

2125 3191 2153 3218 ι(
2181 3168 2544 3224 tione.Judas
2565 3176 2761 3224 autem
2791 3177 2848 3224 et
2878 3171 3026 3226 Silas
3050 3188 3183 3226 cum
3213 3179 3414 3227 essent
3434 3180 3492 3227 et
3513 3175 3624 3246 ipsi
3642 3192 3773 3246 pro-

2125 3279 2153 3309 «
2187 3259 2400 3332 phetze,
2437 3275 2710 3314 sermone
2742 3261 2980 3332 c0pioso
3029 3261 3317 3318 cohortati
3370 3269 3509 3318 sunt
3554 3263 3768 3319 fratres

2125 3369 2154 3397 «
2185 3363 2252 3404 ac
2279 3347 2795 3403 conﬁrmaverunt.
2841 3349 3196 3405 Commorati
3244 3359 3440 3406 autem
3489 3353 3612 3408 illic
3655 3353 3768 3409 ali-

2132 3457 2158 3489 ιι
2189 3443 2476 3507 quantum
2511 3437 2790 3509 temporis
2821 3438 3051 3494 dimissi
3086 3445 3224 3495 sunt
3253 3458 3386 3497 cum
3415 3459 3556 3513 pace
3588 3460 3621 3498 a
3647 3443 3764 3498 fra-

2125 3547 2153 3575 ‹‹
2187 3525 2374 3582 tribus
2406 3526 2479 3582 ad
2509 3527 2826 3598 apostolos.
2864 3529 3065 3584 Visum
3098 3536 3186 3584 est
3216 3537 3411 3586 autem
3456 3532 3585 3587 Silaa
3638 3549 3766 3588 ma-

2126 3638 2153 3664 ‹‹
2185 3634 2328 3672 nere
2359 3617 2603 3674 ibidem.
2636 3619 2853 3673 Paulus
2885 3628 3081 3674 autem
3117 3627 3174 3675 et
3214 3622 3512 3677 Barnabas
3565 3622 3770 3678 demo-

2126 3729 2153 3756 «
2187 3708 2473 3765 rabantur
2503 3709 2833 3770 Antiochia:
2886 3710 3175 3778 docentes,
3229 3717 3287 3766 et
3345 3713 3772 3768 annuntiantes

2126 3818 2154 3847 ‹‹
2187 3814 2321 3854 cum
2354 3797 2487 3856 aliis
2529 3799 2710 3853 etiam
2762 3800 3168 3870 compluribus
3221 3801 3460 3855 verbum
3514 3801 3770 3856 Domini.

2125 3907 2153 3936 «
2187 3889 2326 3941 Post
2356 3887 2584 3958 aliquot
2604 3893 2798 3942 autem
2835 3888 2961 3942 dies
2982 3888 3128 3942 dixit
3159 3889 3231 3943 ad
3265 3889 3592 3944 Barnabam
3624 3891 3775 3946 Pau-

2126 3976 2310 4032 «lus:
2346 3977 2875 4046 Revertentesjam
2909 3979 3213 4033 visitemus
3269 3979 3484 4033 fratres
3539 3986 3774 4037 nostros

2126 4086 2154 4115 (ι
2186 4082 2293 4141 per
2317 4081 2526 4128 omnes
2575 4066 2841 4120 civitates
2899 4067 2962 4120 in
3015 4067 3232 4136 quibus
3289 4070 3774 4126 annuntiavimus

2124 4177 2151 4204 «
2186 4153 2427 4208 verbum
2463 4154 2717 4220 Domini,
2751 4153 3048 4226 quomodo
3085 4171 3146 4210 se
3179 4156 3457 4212 habeant.
3495 4179 3523 4208 »

2195 4263 2224 4292 «
2256 4242 2328 4298 Ut
2356 4241 2604 4297 dilectos
2633 4258 2704 4296 ex
2737 4257 2864 4298 sese
2898 4244 3054 4297 viros
3093 4243 3418 4300 mitterent.
3455 4268 3480 4295 »
3538 4247 3778 4317 Oporte-

2122 4331 2224 4395 bat
2252 4347 2371 4386 non
2395 4331 2581 4386 solam
2605 4332 2814 4388 adesse
2850 4331 3184 4404 epistolam,
3218 4349 3292 4388 ne
3319 4334 3586 4390 dicerent
3615 4337 3773 4408 quod

2122 4421 2516 4493 arripuissent
2547 4421 2712 4477 aliud
2745 4438 2849 4493 pro
2884 4422 3002 4477 alio
3037 4422 3390 4478 scribentes.
3445 4425 3655 4480 Verum
3707 4431 3772 4482 ut

2123 4529 2217 4574 res
2240 4529 2474 4584 quoque
2500 4501 2785 4583 majOrem
2818 4511 3059 4568 haberet
3089 4513 3287 4579 ﬁdem,
3321 4515 3564 4570 mittunt
3593 4533 3770 4586 quos-

2050 4590 2096 4655 D
2124 4603 2265 4680 .dam
2296 4619 2364 4658 ex
2395 4603 2520 4658 suis
2549 4609 2615 4658 ut
2644 4602 2860 4657 Paulus
2892 4620 2958 4658 ac
2993 4603 3288 4660 Barnabas
3337 4605 3594 4676 suspecti
3651 4621 3772 4662 non

2131 4696 2348 4747 essent.
2380 4693 2459 4746 Ne
2479 4697 2676 4746 autem
2704 4693 2959 4761 suspicio
2985 4692 3224 4748 subesse
3246 4699 3486 4764 putetur
3504 4695 3572 4748 de
3592 4696 3773 4751 Paulo

2130 4787 2189 4838 et
2217 4781 2501 4848 Barnaba,
2536 4781 2694 4852 quod
2727 4781 2826 4846 illi
2848 4782 2967 4836 sint
2997 4782 3184 4851 missi,
3220 4783 3464 4842 laudant
3494 4802 3594 4840 eos
3621 4802 3633 4839 :
3663 4786 3774 4840 Ho-

2130 4871 2416 4938 minibus,
2450 4871 2751 4941 inquiunt,
2784 4872 2884 4941 qui
2919 4878 3324 4942 exposuerunt
3351 4875 3580 4930 animas
3639 4891 3776 4930 suas

2129 4978 2236 5032 pro
2271 4960 2515 5015 nomine
2544 4960 2778 5014 Domini
2813 4960 3002 5014 nostri
3041 4961 3176 5028 Jesu
3220 4962 3456 5020 Christi.
3507 4985 3536 5013 ‹‹
3569 4962 3774 5018 Visum

2133 5049 2437 5113 est.aiunt,
2463 5049 2705 5120 Spiritui
2731 5056 2934 5105 sancto
2951 5066 3020 5104 ac
3037 5050 3230 5106 nobis.
3248 5073 3276 5101 »
3292 5054 3591 5122 Nusquam
3615 5053 3773 5107 enim

2133 5139 2205 5194 de
2227 5139 2322 5202 his
2342 5138 2625 5194 disseruit
2645 5139 2931 5205 Christus,
2966 5139 3068 5194 sed
3091 5141 3149 5194 hi
3179 5157 3211 5195 a
3234 5141 3358 5212 lege
3393 5143 3514 5195 haec
3545 5141 3770 5196 dicunt.

2133 5229 2212 5283 Ne
2245 5243 2378 5295 ergo
2411 5227 2735 5284 humanum
2769 5245 2898 5285 esse
2945 5228 3262 5294 videretur,
3309 5229 3479 5282 aiunt
3530 5228 3772 5300 Spiritui

2136 5323 2340 5372 sancto
2372 5318 2558 5372 visum
2592 5333 2738 5372 esse.
2776 5319 2963 5388 thue
2995 5318 3476 5373 demonstrarent
3505 5318 3662 5388 quod
3718 5327 3777 5375 et

2132 5405 2247 5478 ipsi
2279 5406 2652 5478 susciperent
2688 5423 3027 5477 quanquam
3085 5407 3144 5460 in
3195 5406 3651 5464 circumcisione
3683 5425 3772 5465 es-

2135 5499 2287 5572 sent,
2318 5492 2583 5550 addunt:
2615 5499 2688 5550 Et
2716 5494 2913 5550 nobis.
2959 5493 3188 5550 Etenim
3229 5494 3564 5568 potuissent
3592 5499 3770 5555 etiam
