4112 6250
368 368 484 426 223
1490 369 1909 434 (ECUMENll
1953 365 2256 429 TPICCIE
2298 363 2684 426 EPISCOPI.
3641 370 3741 427 92-1

373 501 597 573 absque
628 501 840 557 litteris
893 504 1019 559 haec
1075 505 1480 567 manifestare,
1542 506 1644 561 sed
1701 511 1767 560 ut
1824 504 2018 575 suspi-

2133 499 2347 575 σίγουσι,
2410 494 2510 553 Καὶ
2568 499 2720 571 ἡμῖν.
2778 493 3068 553 Ἦδύναντο
3127 495 3218 569 μὶν
3279 496 3382 573 γὰρ
3439 497 3527 550 καὶ
3580 499 3738 577 χωρὶς

375 593 545 646 cione
578 598 824 653 careret,
862 597 919 646 et
952 599 1231 663 tanquam
1267 595 1392 667 lege
1445 597 1663 667 scripta
1710 595 1835 649 haec
1890 593 2018 648 fieri

372 682 637 736 volentes
661 683 928 747 scribunt
957 685 1286 754 epistolam.
1325 689 1576 741 Rursum
1611 692 1674 740 ut
1729 687 1855 758 lege
1886 702 2018 756 per-

373 772 712 839 suaderent,
747 780 809 826 et
837 783 1093 844 quatuor
1124 776 1249 830 haec
1283 777 1408 830 ﬁeri
1443 777 2022 848 prohiberent.cwte-

369 879 468 916 ros
500 878 696 916 mores
729 863 815 917 eis
847 865 1270 934 permiserunt.
1306 867 1443 931 Qua:
1473 873 1829 921 suntautem
1857 864 2022 919 haec?

374 971 397 1002 ιι
431 952 501 1005 Ut
521 951 890 1011 abstineatis.
918 953 1132 1024 inquit,
1165 955 1236 1008 ab
1261 956 1353 1010 his
1385 973 1515 1026 quae
1549 962 1684 1010 sunt
1716 954 2020 1009 immolata

373 1040 710 1094 simulacris
744 1048 801 1094 et
838 1043 1124 1113 sanguine
1156 1048 1214 1097 ct
1259 1047 1543 1099 sutiocato
1593 1061 1660 1099 ac
1709 1044 2018 1098 scortatio-

370 1145 464 1184 ne.
504 1152 531 1178 »
567 1129 675 1184 Per
706 1131 1055 1186 sut‘l'ocatum
1084 1149 1219 1188 vero
1247 1134 1467 1189 caedem
1499 1134 1835 1206 prohibent.

441 1308 596 1362 I20
627 1309 743 1372 XV,
778 1310 865 1375 37,
899 1311 984 1364 38.
1024 1332 1052 1360 «
1085 1312 1380 1368 Barnabas
1429 1318 1628 1369 autem
1671 1312 2020 1369 consulebat

377 1416 399 1446 ι
436 1400 504 1450 ut
533 1405 906 1453 assumerent
937 1401 1296 1456 etJoannem
1325 1409 1714 1474 cognomento
1737 1404 2015 1457 Marcum.
2045 1414 2051 1420 ’

373 1507 400 1536 ‹‹
436 1486 652 1541 Paulus
685 1504 820 1542 vero
844 1488 1156 1559 judicabat
1175 1508 1310 1546 eum
1335 1492 1435 1562 qui
1467 1491 1764 1548 defecerat
1780 1492 1851 1547 ab
1873 1491 2020 1563 ipsis

377 1598 404 1625 «
439 1593 509 1630 ex
544 1577 912 1648 Pamphylia,
947 1595 1057 1634 nec
1088 1580 1238 1635 ierat
1275 1597 1408 1635 cum
1443 1581 1528 1636 eis
1559 1581 1619 1635 in
1677 1598 1847 1652 opus,
1896 1596 2018 1635 non

373 1687 400 1716 «
438 1682 568 1720 esse
609 1670 1056 1722 assumendum.
1096 1692 1122 1717 ››

445 1757 703 1810 Joannes
725 1762 1119 1828 cognomento
1145 1760 1371 1813 Marcus
1397 1775 1596 1814 comes
1634 1759 1781 1830 ipsis
1828 1759 2022 1815 fuerat

2128 583 2470 666 γραμμᾶτων
2506 593 2674 643 ταῦτα
2705 585 2976 659 δηλῶσαι,
3010 586 3157 643 ἀλὶὰ
3191 584 3278 642 διὰ
3325 589 3389 643 τὸ
3445 589 3745 662 ἀνύποπτον,

2123 679 2215 733 καὶ
2276 678 2414 731 ὥστε
2463 677 2632 748 νόμον
2689 676 2956 754 ἔγγραφον
3024 677 3356 751 βουλόμενοι
3414 681 3576 732 ταῦτα
3625 681 3747 755 γενέ.-

2124 769 2266 834 σθαι,
2295 769 2562 842 γράφουσι
2593 769 2691 836 τὴν
2722 765 3040 838 ἐπιστολήν.
3079 765 3247 821 Πάλιν
3310 765 3449 821 ὥστε
3496 771 3750 836 πεισθῆναι

2124 860 2204 926 τῷ
2260 857 2436 928 νόμῳ,
2486 855 2574 908 καὶ
2633 856 2699 909 τὰ
2755 854 2984 920 τέσσαρα
3059 860 3226 910 ταῦτα
3308 857 3753 930 ἀπαγορεύσαντες

2125 947 2418 1012 ποιεῖν,τᾶ
2477 941 2568 1014 ἔθη
2627 946 2693 998 τὰ
2748 944 2920 1000 λοιπὰ
2980 950 3192 1006 ἑαυτοῖς
3247 947 3648 1019 συνεχώρησαν.
3701 947 3755 1004 Τί

2127 1030 2184 1086 δὲ
2212 1031 2324 1087 ἐστι
2355 1031 2559 1101 ccc-3w;
2631 1055 2652 1082 ε
2713 1035 3064 1109 Ἀπέχεσθαι,
3125 1035 3306 1112 φασὶν,
3370 1033 3754 1108 εἶδωλοθύτων,

2124 1123 2215 1178 καὶ
2273 1121 2527 1197 α’ίματος,
2582 1125 2672 1178 καὶ
2757 1129 3007 1192 πνικτοῦ,
3086 1125 3177 1180 καὶ
3261 1125 3538 1187 πουνείας.
3595 1150 3613 1175 ι
3675 1128 3755 1182 Διὰ

2126 1211 2183 1268 δὲ
2212 1218 2308 1269 τοῦ
2340 1213 2638 1289 ἀπέχεσθαι
2667 1220 2920 1276 πνικτοῦ,
2951 1217 3042 1271 τὸν
3070 1215 3228 1295 φόνον
3260 1216 3603 1292 ἀπείργουσι.

2199 1323 2222 1349 α
2285 1299 2564 1378 Βαρνάϐας
2621 1301 2678 1358 δὲ
2747 1299 3109 1360 ἐϐουλεύσατο
3179 1299 3624 1379 συμπαραλαϐεῖν
3677 1305 3757 1359 τὸν

2127 1416 2154 1442 ‹‹
2195 1392 2445 1462 Ἰωάννης
2475 1392 2566 1446 τὸν
2595 1390 2935 1465 καλούμενον
2985 1395 3226 1468 Μάρκον.
3281 1391 3500 1454 Παῦλος
3533 1390 3588 1446 δὲ
3616 1393 3758 1462 ἠξίου

2124 1504 2152 1532 ι(
2188 1481 2279 1536 τὸν
2308 1480 2617 1537 ἀποστάντα
2648 1481 2742 1536 ἀπ’
2771 1483 2947 1537 αὐτῶν
2981 1482 3087 1537 ἀπὸ
3142 1481 3500 1557 Παμφυλίας,
3548 1481 3634 1536 καὶ
3689 1484 3754 1553 μή

2127 1593 2153 1621 ι(
2182 1567 2503 1633 συνελθόντα
2534 1570 2721 1630 αὐτοῖς
2753 1569 2827 1633 εἷς
2858 1571 2920 1625 τὸ
2957 1569 3136 1647 ἓργον,
3199 1572 3274 1644 μή
3325 1563 3759 1645 συμπαραλαϐεῖν

2128 1682 2156 1711 ‹‹
2187 1662 2396 1715 τοῦτον.
2437 1683 2458 1709 ιι

2199 1749 2510 1820 Ἰωάννηςὸ
2561 1748 2904 1824 καλούμενος
2961 1751 3182 1826 Μάρκος
3241 1752 3308 1820 ἦν
3367 1746 3760 1823 συνοδοιπορῶν

374 1845 445 1900 ad
467 1863 705 1901 cursum
730 1848 1129 1919 evangelicum
1159 1865 1191 1903 a
1216 1849 1525 1905 Palaestina
1544 1868 1734 1921 usque
1757 1850 1830 1904 ad
1853 1850 2018 1906 Pam-

2133 1838 2317 1899 αὐτοῖς
2351 1839 2427 1899 εἷς
2485 1841 2575 1894 τὸν
2623 1839 2982 1917 εὐαγγελικὸν
3043 1838 3268 1916 δρόμον,
3321 1841 3431 1896 ἀπὸ
3477 1838 3763 1897 Παλαιστί-

375 1936 641 2007 phyliam
672 1953 684 1989 :
719 1936 933 1991 deinde
964 1939 1250 2008 apostolis
1272 1944 1612 1994 constanter
1632 1957 1870 1994 cursum
1890 1957 2023 2011 pro-

379 2024 789 2094 sequentibus,
843 2042 908 2080 ac
961 2026 1258 2081 indefesso
1317 2029 1516 2083 animo
1571 2029 1644 2084 ad
1703 2029 2030 2084 certamina

375 2113 725 2178 obarmatis,
761 2116 986 2169 Marcus
1019 2115 1195 2170 homo
1228 2118 1428 2188 segnis
1458 2134 1567 2173 nec
1609 2118 1914 2174 sufﬁciens
1954 2118 2029 2174 ad

377 2209 611 2258 tantum
655 2219 916 2269 cursum,
951 2209 1009 2258 et
1039 2204 1112 2258 ad
1146 2207 1472 2261 certamina
1503 2224 1570 2262 ac
1599 2208 1866 2279 pericula
1896 2225 2026 2279 qua:

374 2293 437 2346 in
464 2309 698 2363 quaque
730 2293 960 2347 civitate
1017 2295 1423 2367 emergebant,
1473 2297 1672 2351 cursui
1726 2298 2024 2369 apostolo-

378 2401 507 2438 rum
541 2385 896 2440 renuntians
924 2403 1196 2441 reversus
1237 2394 1329 2442 est
1357 2388 1418 2442 in
1473 2389 1871 2446 Palaestinam.
1906 2407 2027 2445 non

375 2473 674 2529 Christum
690 2474 1121 2546 abnegans,sed
1147 2476 1389 2550 longum
1412 2494 1766 2550 gravemque
1787 2497 2027 2535 cursum

370 2562 658 2618 devitans.
694 2564 914 2619 Paulus
946 2572 1142 2620 autem
1168 2583 1232 2620 ac
1269 2567 1565 2622 Barnabas
1617 2569 1856 2640 pietatis
1902 2571 2028 2624 fru-

375 2652 570 2706 ctibus
595 2653 780 2724 pleni,
798 2653 974 2709 etiam
998 2655 1496 2711 Jerosolimitanm
1515 2658 1790 2713 Ecclesia:
1814 2658 2024 2728 praedi-

379 2748 582 2796 cantes
615 2742 1015 2806 Evangelium.
1061 2743 1291 2799 labores
1341 2761 1721 2816 nequaquam
1771 2745 2028 2802 devitarc

371 2829 779 2884 decreverunt.
832 2835 972 2885 Cum
1031 2832 1213 2904 igitur
1250 2839 1453 2904 gentes
1511 2850 1720 2889 omnes
1778 2835 2027 2891 Paulum

377 2935 444 2974 ac
473 2917 800 2973 Barnabam
835 2919 906 2974 ob
940 2921 1173 2992 egregia
1211 2920 1477 2976 facinora
1507 2921 1784 2978 laudibus
1817 2924 2024 2978 evehe-

375 3013 526 3072 rent,
553 3009 779 3062 Marcus
801 3009 1183 3064 contristatus
1205 3016 1295 3065 est
1313 3015 1370 3064 et
1393 3010 1593 3066 animo
1614 3018 2024 3084 compunctus,

371 3104 433 3153 et
462 3099 730 3153 fortassis
768 3098 848 3153 ita
880 3099 1189 3170 cogitavit:
1249 3100 1304 3155 Si
1341 3117 1502 3156 nunc
1534 3102 1729 3157 socius
1781 3101 2027 3158 fuissem

370 3187 666 3254 laborum,
692 3204 852 3242 nunc
884 3205 1118 3259 quoque
1149 3189 1445 3262 particeps
1467 3207 1659 3246 essem
1683 3191 2022 3259 etlaudum,

371 3283 429 3333 et
458 3278 542 3332 ita
571 3277 829 3331 decrevit
858 3294 978 3332 una
1011 3295 1146 3333 cum
1178 3279 1463 3350 apostolis
1522 3279 1595 3334 ad
1646 3280 2022 3352 prmdicatio-

371 3382 510 3421 nem
543 3365 721 3420 exire.
761 3365 1057 3421 Barnabas
1089 3368 1269 3439 igitur
1297 3368 1495 3439 ipsum
1519 3368 1888 3438 paenitudine
1911 3370 2018 3424 du-

370 3459 530 3510 ctum
575 3454 870 3523 suscepit:
904 3454 1122 3509 Paulus
1154 3469 1298 3510 vero
1330 3456 1747 3521 contendebat,
1779 3457 2017 3513 dicens:

371 3545 498 3598 Non
526 3541 764 3613 eXpedit
785 3559 917 3597 eum
951 3545 1051 3613 qui
1084 3544 1394 3598 nobiscum
1435 3561 1554 3600 non
1585 3551 1676 3600 est
1721 3547 2022 3623 profectus

369 3630 443 3685 ad
475 3647 622 3701 opus
655 3630 909 3696 Domini,
935 3631 1112 3686 simul
1151 3633 1786 3687 assumr're.Dissensio
1817 3634 2017 3706 itaque

361 3718 614 3790 justitiaa
641 3724 786 3780 erat,
813 3725 872 3774 et
893 3737 1015 3775 non
1037 3721 1160 3775 iraa.
1191 3721 1409 3775 Paulus
1432 3721 1726 3791 siquidem
1752 3723 2018 3794 quodju-

372 3814 528 3863 stum
563 3814 651 3862 est
673 3809 993 3879 quaarebat,
1028 3809 1324 3866 Barnabas
1355 3826 1489 3865 vero
1514 3811 1672 3881 quod
1695 3811 2018 3884 benignum

377 3903 467 3954 est
496 3913 563 3952 ac
594 3898 950 3954 humanum.
992 3901 1220 3955 Marcus
1252 3901 1452 3973 itaque
1485 3901 1663 3956 simul
1719 3918 1854 3956 cum
1889 3903 2018 3958 Βᾶτ-

375 3988 527 4043 naba
547 3988 911 4054 versabatur,
938 3990 1201 4045 studiose
1227 4007 1406 4063 agens
1429 3991 1973 4047 etcircumcurrens
2001 4008 2013 4045 :

373 4078 591 4132 Paulus
619 4094 752 4133 vero
774 4079 834 4132 in
858 4079 1106 4135 castibus
1127 4080 1509 4153 prazcipiebat
1529 4097 1603 4137 ne
1618 4083 2020 4154 susciperetur

374 4168 620 4234 Marcus,
658 4185 779 4222 non
811 4169 1123 4238 quoillum
1183 4171 1581 4236 contristaret,
1626 4171 1728 4227 sed
1776 4177 1839 4226 ut
1892 4178 2017 4227 stu-

373 4255 597 4311 diosius
625 4262 840 4326 ageret.
878 4259 944 4312 Ut
977 4265 1175 4313 autem
1209 4261 1479 4332 cognovit
1515 4259 1727 4315 Paulus
1761 4262 2016 4315 Marcum

374 4346 716 4419 diligentem
748 4348 969 4404 factum
1001 4351 1129 4405 essé
1162 4365 1229 4404 ac
1261 4350 1520 4404 secundo
1553 4366 1681 4404 sese
1713 4367 2015 4422 purgasse,

366 4437 492 4505 jam
525 4437 734 4509 incipit
763 4453 898 4493 eum
929 4454 1255 4504 assumere,
1305 4445 1362 4492 et
1412 4440 1494 4493 ait
1526 4454 1540 4492 :
1576 4461 1602 4488 «
1651 4439 1878 4494 Salutat
1916 4456 2016 4495 vos

373 4526 601 4579 Marcus
632 4525 1024 4581 consobrinus
1058 4527 1362 4593 Barnabaa,
1420 4525 1491 4580 de
1541 4543 1656 4597 quo
1704 4527 2016 4599 accepistis

371 4614 688 4670 mandata:
723 4615 770 4670 si
802 4616 1033 4673 venerit
1061 4616 1136 4671 ad
1163 4632 1261 4670 vos
1293 4615 1544 4687 excipite
1575 4631 1710 4672 eum
1747 4616 1807 4651 ⁸⁸·
1843 4641 1864 4668 ι

440 4787 557 4852 XV,
587 4788 784 4842 39-41.
817 4812 835 4835 α
865 4789 1039 4846 Facta
1055 4796 1145 4846 est
1166 4797 1365 4847 autem
1419 4790 1788 4847 exacerbatio
1838 4791 1922 4848 ita
1949 4797 2016 4847 ut

375 4897 402 4925 ‹‹
430 4876 586 4931 alter
605 4876 676 4930 ab
704 4877 886 4932 altero
909 4881 1339 4951 sejungeretur,
1364 4887 1423 4935 et
1445 4881 1740 4936 Barnabas
1771 4883 2012 4952 quidem

370 4990 397 5016 ‹‹
441 4972 745 5037 assumpto
779 4967 968 5020 Marco
1005 4968 1306 5040 navigaret
1344 4970 1404 5024 in
1454 4974 1748 5041 Cyprum:
1794 4972 2011 5026 Paulus

373 5077 398 5107 ιι
421 5072 557 5110 vero
584 5056 798 5112 allecto
824 5054 942 5110 Sila
963 5059 996 5110 1
1014 5059 1104 5112 Ἠ
1136 5061 1434 5129 profectus
1457 5067 1565 5126 est,
1601 5061 1850 5116 traditus
1880 5078 2005 5132 gra-

367 5168 391 5196 ιι
425 5147 521 5202 tiae
556 5147 655 5202 Dei
687 5163 721 5202 a
750 5145 1033 5200 fratribus
1089 5147 1156 5200 Et
1187 5148 1637 5218 perambulabat
1686 5150 1910 5222 Syriam
1942 5167 2010 5208 ac

368 5257 394 5285 (ι
426 5237 690 5293 Ciliciam
717 5237 1080 5293 confirmans
1110 5235 1422 5293 Ecclesias.
1450 5257 1475 5288 ι

436 5417 836 5486 Exacerbatio,
866 5419 1081 5492 inquit,
1113 5417 1269 5475 facta
1325 5425 1432 5488 est,
1485 5436 1605 5476 non
1659 5420 1862 5478 odium
1907 5427 2010 5478 aut

354 5512 501 5568 rixa.
534 5513 781 5568 Tantum
814 5520 1014 5569 autem
1052 5514 1246 5587 potuit
1277 5514 1646 5570 exacerbatio
1679 5521 1744 5572 ut
1775 5532 2006 5589 separa-

431 5680 475 5720 “
504 5680 728 5742 Colon.
763 5697 835 5752 iv,
867 5685 953 5740 10.

2131 1948 2231 1996 νης
2269 1927 2434 2002 μέχρι
2467 1929 2816 2008 Παμφυλίας.
2852 1931 2986 1986 Εἶτα
3043 1935 3150 1986 τῶν
3207 1930 3532 1985 ἀποστόΛων
3577 1929 3761 2002 εὐτόνῳ

2133 2016 2493 2091 κεχρημένων
2525 2014 2737 2094 δρόμῳ,
2765 2021 2852 2074 καὶ
2884 2019 3126 2093 ἀκαμπεῖ
3153 2023 3220 2094 τῇ
3263 2023 3419 2095 ψυχῇ
3467 2019 3601 2095 πρὸς
3649 2019 3764 2080 τοὺς

2135 2104 2352 2180 ἀγῶνας
2415 2106 2813 2180 ὁπλιζομένων,
2893 2109 3112 2184 Μάρκος
3171 2109 3247 2170 ὡς
3315 2110 3598 2184 ἄνθρωπος
3652 2128 3768 2183 ναρ-

2135 2197 2330 2266 κήσας,
2361 2196 2557 2268 καὶμὴ
2592 2196 2826 2253 εὐτονῶν
2878 2199 3014 2273 πρὸς
3071 2198 3163 2252 τὸν
3203 2195 3411 2273 δρόμον
3457 2199 3547 2253 τὸν
3596 2201 3770 2254 τοσοῦ-

2132 2301 2248 2351 τον,
2309 2285 2398 2339 καὶ
2455 2287 2590 2360 πρὸς
2642 2285 2768 2348 τοὺς
2823 2285 2875 2341 ἐν
2927 2286 3121 2362 ἑκάστῃ
3161 2286 3324 2343 πόλει
3385 2286 3766 2345 ἀνακύπτοντας

2135 2373 2346 2449 ἀγῶνας
2376 2376 2464 2429 καὶ
2499 2373 2800 2440 κινδύνους,
2827 2376 3238 2452 ἀποκαξάμενος
3296 2381 3376 2448 τῷ
3435 2375 3626 2452 δρόμῳ
3671 2381 3768 2431 τῶν

2134 2461 2486 2531 ἀποστόλων,
2546 2463 2844 2533 ἐπανῆλθεν
2901 2467 2975 2529 εἰς
3064 2469 3163 2536 την
3251 2464 3640 2534 Παλαιστίνην,
3715 2464 3768 2519 ού

2135 2553 2372 2626 Χριστὸν
2398 2555 2794 2629 ἀρνησάμενος,
2854 2554 3000 2611 ἀλλὰ
3059 2558 3150 2610 τὸν
3209 2553 3416 2630 δρόμον
3473 2557 3562 2611 τὸν
3617 2553 3772 2610 πολὺν

2133 2641 2224 2696 καὶ
2258 2643 2425 2716 βαρὺν
2455 2645 2950 2718 παραιτησάμενος.
2985 2644 3204 2708 Παῦλος
3267 2643 3325 2701 δὲ
3369 2648 3461 2701 καὶ
3513 2640 3768 2721 Βαρνάϐας

2135 2735 2358 2805 καρπῶν
2415 2729 2686 2794 εὐσεϐείας
2768 2734 3041 2809 γέμοντες,
3128 2735 3220 2790 καὶ
3306 2733 3771 2814 εὐαγγελιζόμενοι

2132 2823 2231 2891 τήν
2266 2820 2317 2876 ἐν
2353 2822 2760 2896 Ἰεροσολύμοις
2819 2823 3164 2896 ἐπικλησίαν,
3217 2827 3349 2888 τοὺς
3396 2827 3593 2887 πόνους
3654 2823 3771 2898 οὐχὶ

2143 2908 2500 2986 ἀπαγορεύειν
2584 2909 2976 2969 ἐϐουλεύσαντο
3061 2913 3337 2990 οὐδαμῶς.
3440 2919 3563 2973 Τῶν
3620 2915 3770 2969 ἐθνῶν
3821 2901 3838 2916 ”

2135 2999 2227 3054 οὗν
2257 3001 2466 3055 πάντων
2510 3000 2874 3059 ἐπαινούντων
2927 3003 3016 3059 τὸθ
3070 3002 3286 3062 Παῦλον
3348 3006 3440 3061 καὶ
3497 3006 3587 3060 τὸν
3641 3005 3770 3077 Βαρ-

2132 3083 2299 3144 νάϐαν
2329 3088 2418 3144 ἐπὶ
2474 3098 2591 3156 τοῖς
2637 3094 3075 3168 κατορθώμασιν,
3137 3095 3164 3149 6
3225 3095 3457 3170 Μάρκος
3515 3091 3767 3164 λυπηθεὶς

2136 3176 2354 3254 ἐπλήγη
2395 3181 2493 3250 τὴν
2545 3182 2755 3256 ψυχὴν,
2796 3185 2888 3238 καὶ
2947 3181 3080 3247 ἴσως
3136 3183 3386 3254 ἐνενόησε
3444 3183 3636 3261 λέγων,
3692 3180 3765 3236 ὅτι

2135 3267 2198 3324 Εἰ
2238 3269 2384 3343 ἢμην
2412 3273 2668 3333 κοινωνὸς
2695 3277 2801 3327 τῶν
2836 3274 3038 3341 πόνων,
3093 3273 3362 3352 ἐγενόμην
3418 3275 3477 3332 ἂν
3521 3275 3636 3351 ἃρτι
3681 3269 3762 3326 καὶ

2128 3358 2390 3419 κοινωνὸς
2423 3363 2530 3414 τῶν
2587 3358 2841 3415 ἐπαίνων·
2900 3361 2990 3416 καὶ
3049 3357 3421 3419 ἐϐουλεύσατο
3473 3369 3588 3424 τοῖς
3642 3363 3760 3416 dmo-

2130 3443 2351 3507 στόλοις
2381 3447 2713 3517 συνεξελθεῖν
2775 3449 2852 3512 εἷς
2903 3449 2967 3505 τὸ
3023 3453 3305 3529 κήρυγμα.
3368 3453 3439 3510 Ὁ
3498 3452 3588 3508 οῦν
3639 3452 3762 3522 Βαρ·

2128 3529 2295 3596 νάϐας
2365 3539 2768 3608 μετανοήσαντα
2824 3539 2984 3594 αὐτὸν
3073 3537 3308 3610 ἐδέξατο,
3369 3542 3406 3595 ὁ
3469 3539 3526 3597 δὲ
3575 3535 3762 3597 Παῦλος

2129 3619 2453 3700 ἐφιλονείκει
2481 3627 2567 3680 καὶ
2610 3625 2782 3700 ἔλεγε,
2841 3629 2940 3684 Τὸν
2996 3631 3070 3702 μὴ
3128 3629 3465 3694 συνελθόντα
3520 3634 3647 3704 ἡμῖν
3699 3625 3765 3686 είς

2125 3714 2188 3769 τὸ
2219 3709 2377 3792 ἔργον
2442 3717 2667 3790 Κυρίου,
2727 3719 2794 3773 οὐ
2846 3716 2928 3774 δεῖ
2974 3715 3564 3795 συμπαραλαμϐάνειν.
3596 3721 3651 3776 Ἦ
3684 3717 3766 3771 οὗν

2127 3804 2309 3863 στάσις
2342 3803 2689 3875 δικαιοσύνης
2719 3808 2810 3876 ἦν,
2838 3809 2901 3864 οὗ
2936 3811 3152 3883 θυμοῦ,
3210 3811 3272 3868 Ὀ
3324 3810 3442 3886 μὲν
3477 3813 3579 3886 γὰρ
3632 3811 3766 3864 Παῦ-

2128 3890 2226 3954 λος
2259 3892 2436 3965 ἰζητει
2469 3896 2529 3949 τὸ
2587 3894 2818 3965 δίκαιον,
2851 3898 2880 3952 6
2922 3895 2979 3952 δὲ
3025 3894 3301 3972 Βαρνάϐας
3347 3899 3414 3954 τὸ
3470 3897 3767 3978 φιλάνθρω-

2127 4003 2249 4040 πον.
2289 3987 2463 4049 Συνῆν
2490 3985 2671 4040 τοίνυν
2704 3987 2733 4041 6
2768 3987 2990 4062 Μάρκος
3043 3992 3123 4058 τῷ
3166 3983 3421 4061 Βαρνάϐᾳ
3468 3985 3770 4056 σπουδάζων

2125 4071 2216 4127 καὶ
2248 4071 2480 4148 τρέχων,
2514 4077 2540 4129 ὁ
2573 4071 2630 4131 δὲ
2665 4073 2882 4137 Παῦλος
2925 4076 2976 4131 ὲν
3014 4081 3132 4138 ταῖς
3182 4074 3508 4148 ἐκκλησίαις
3557 4076 3765 4150 παρήγ-

2124 4174 2274 4237 γειλε
2309 4164 2384 4234 μή
2449 4161 2708 4238 δεχθῆναι
2767 4166 2859 4220 τὸν
2919 4167 3163 4240 Μάρκον,
3224 4166 3334 4241 οὐχ
3376 4164 3474 4223 ⁴ίνα
3528 4163 3760 4237 λυπήσῃ,

2126 4249 2254 4327 ἀλλ’
2280 4253 2370 4305 ἳνα
2397 4251 2818 4326 σπουδαιότερον
2849 4256 3072 4327 ποιήσῃ.
3123 4255 3210 4314 Ὠς
3264 4252 3320 4309 δὲ
3379 4254 3520 4310 εἶδεν
3565 4256 3590 4308 6
3627 4251 3756 4308 Παῦ-

2125 4338 2225 4402 λος
2259 4338 2608 4406 προλαϐόντα
2635 4344 2735 4413 τὴν
2789 4339 3031 4413 σπουδήν
3077 4343 3168 4398 τὸν
3217 4343 3440 4418 Μάρκον
3485 4342 3573 4398 καὶ
3626 4342 3751 4395 ἁπο-

2127 4427 2508 4507 λογησάμενον
2566 4429 2654 4486 διὰ
2730 4436 2837 4485 τῶν
2925 4428 3211 4508 δευτέρων,
3295 4429 3527 4506 ἄρχεται
3603 4425 3754 4484 αὐτὸν

2124 4518 2526 4592 παρατίθεσθαι,
2551 4519 2640 4573 καί
2697 4535 2882 4596 φησιν’
2915 4543 2942 4570 ι(
2979 4519 3303 4588 Ἀσπάζεται
3361 4518 3503 4590 ὑμᾶς
3551 4516 3757 4589 Μάρκος

2044 4605 2151 4670 Πὸ
2210 4605 2428 4678 ἀνεψιὸς
2484 4601 2752 4682 Βαρνάϐα,
2805 4606 2928 4682 περὶ
2988 4607 3050 4661 οῦ
3107 4601 3329 4663 ἐλάϐετε
3380 4604 3619 4673 ἐντολὰς,
3675 4599 3786 4654 ἐὰν

2123 4688 2257 4770 ἔλθῃ
2292 4692 2507 4766 δέξασθε
2534 4695 2711 4752 αὐτόν.
2737 4718 2764 4750 ιι

2200 4808 2221 4835 ε
2291 4783 2532 4861 Ἐγένετο
2583 4785 2672 4840 οὖν
2731 4786 3078 4862 παροξυσμὸς
3125 4783 3263 4841 ὥστε
3311 4783 3751 4860 ἀποχωρισθῆναι

2124 4899 2153 4927 «
2186 4875 2384 4938 αὐτοὺς
2430 4875 2519 4930 ἀπ’
2579 4873 2869 4946 ἀλλήλων,
2927 4867 3132 4930 τόντε
3179 4869 3460 4950 Βαρνάϐαν
3514 4868 3754 4948 παραλα-

2123 4988 2148 5013 ‹‹
2185 4959 2347 5018 ϐόντα
2371 4965 2460 5018 τὸν
2493 4964 2712 5038 Μάρκον
2774 4961 3062 5018 ἐκπλεῦσαι
3120 4961 3197 5024 εἷς
3252 4962 3484 5038 Κύπρον.
3548 4956 3750 5017 ΙΙαῦλος

2123 5078 2149 5106 ι(
2184 5050 2243 5109 δὲ
2302 5051 2689 5128 ἐπιλεξάμενος
2748 5051 2938 5118 Σίλαν,
3029 5049 3241 5122 ἐξῆλθε,
3300 5049 3621 5127 παραδοθεὶς
3686 5047 3748 5118 τῇ

2123 5166 2151 5194 α
2182 5143 2370 5218 χάριτι
2401 5148 2496 5197 τοῦ
2525 5147 2672 5198 Θενιῦη
2692 5143 2793 5198 ὑπὸ
2820 5146 2929 5197 τῶν
2970 5139 3238 5222 αδελφῶν.
3274 5130 3549 5219 Διήρχετο
3581 5136 3635 5192 3‘s
3659 5136 3750 5203 τήν

2119 5233 2380 5308 «Συρίαν
2433 5232 2522 5289 καὶ
2589 5230 2840 5289 Κιλικίαν
2905 5230 3268 5307 ἐπιστηρίζων
3342 5233 3437 5295 τὰς
3525 5224 3751 5294 Ἐκκλη-

2121 5344 2145 5376 ι
2175 5322 2318 5400 σίας.
2357 5347 2382 5372 υ
2647 5327 2651 5330 ’

2188 5413 2563 5486 Ηαροξυσμὸς,
2632 5411 2815 5490 φησὶν,
2873 5409 3102 5488 ἐγένετο,
3178 5413 3279 5468 οὐκ
3361 5410 3551 5487 ἔχθρα,
3632 5399 3749 5461 οόδὶ

2116 5503 2437 5582 φιλονεικία.
2471 5505 2756 5561 Τοσοῦτον·
2778 5499 2836 5558 δὲ
2878 5500 3100 5578 ἴσχυσεν
3134 5503 3162 5557 ὁ
3194 5500 3561 5576 παροξυσμὸς,
3616 5493 3745 5549 ὣστε
