4112 6250
350 349 470 407 225

1360 349 1755 413 COMMENT.
1805 347 1884 408 IN
1931 342 2134 405 ACTA
2174 341 2773 408 APOSTOLORUM.

3686 355 3801 414 9:26

349 482 605 558 χωρίσαι
637 482 856 547 αὖτοὶις
891 485 990 540 ἀπ’
1013 481 1314 562 ἀλλήλων·
1351 483 1597 546 εἰκότως*
1632 481 1763 556 ὅπερ
1808 475 2034 538 ἕκαστος

2156 480 2243 531 ret
2273 493 2374 532 eos
2404 494 2438 534 a
2469 494 2530 532 se
2561 477 2810 534 invicem
2849 496 2863 547 ;
2898 479 3104 552 etjure
3151 482 3397 554 optimo,
3448 485 3609 556 quod
3633 489 3733 558 qui
3753 507 3804 543 s-

365 567 637 628 ὒπέλαὸεν
676 574 827 628 εἶναι
870 572 1173 642 λυσιτελὲς,
1223 577 1384 629 τοῦτο
1446 574 1580 646 μετὰ
1641 576 1808 627 ταῦτα
1865 587 2041 642 σιιροσ-

371 665 542 733 ήκατο
597 659 692 717 διὰ
767 665 874 733 τὴν
932 664 1072 736 πρὸς
1129 663 1326 718 ἐκεῖνον
1387 661 1697 718 κοινωνίαν.
1771 662 1930 715 Δοκεῖ
1983 653 2041 710 δὲ

374 752 508 808 κατα
587 752 801 808 σύνεσιν
856 756 1177 829 γεγενῆσθαι
1251 754 1278 808 6
1335 754 1650 829 χωρισμὸς,
1691 753 1812 809 ,καὶ
1903 748 2038 822 πρὸς

382 843 662 912 ἀΑλήλούς
703 842 903 913 εἰπεῖν,
962 843 1047 896 6'1:
1110 839 1331 912 Ἐπειδὴ
1372 841 1478 916 ἐγὼ
1513 840 1812 918 βούλομαι,
1872 840 1934 892 σὺ
1985 833 2043 890 δὲ

386 936 446 993 οὗ
498 935 710 1010 βούλει,
765 932 860 990 ἵνα
922 937 1000 1006 μή
1064 935 1390 1010 μαχώμεθα,
1450 932 1856 1006 διανειμώμεθα
1911 929 2042 991 τοὺς

384 1026 605 1085 τόπους.
636 1028 796 1079 Ὥστε
825 1024 965 1079 πάνυ
998 1022 1232 1084 εἴκοντες
1273 1022 1551 1094 ἀλλήλοις
1605 1026 1767 1078 τοῦτο
1798 1018 2038 1075 ἐποίουν.

380 1109 683 1170 Ἐϐούλετο
711 1113 812 1188 γάρ
864 1120 1055 1182 στῆναι
1116 1113 1178 1168 τὸ
1234 1111 1454 1168 Παύλου
1516 1113 1544 1166 6
1604 1105 1908 1186 Βαρνάϐας,
1970 1105 2040 1162 δι’

383 1207 414 1261 ’ὁ
443 1205 532 1260 καὶ
563 1205 936 1280 ἀνεχώρησεν.
969 1205 1160 1277 Ὅμως
1208 1201 1264 1258 δὲ
1316 1204 1406 1259 καὶ
1470 1201 1528 1258 ἐν
1578 1207 1696 1266 τοῖς
1734 1201 2041 1280 προφήταις

378 1300 542 1352 τοῦτο
585 1297 930 1369 εύρίσκομεν,
987 1293 1077 1348 καὶ
1135 1294 1354 1368 γνώμας
1404 1291 1719 1372 δὶαφόρους,
1771 1291 1860 1346 καὶ
1920 1287 2042 1345 διά-

375 1407 521 1464 φορα
575 1383 706 1454 ἤθη·
791 1383 908 1444 οἷος
991 1384 1018 1438 6
1100 1382 1294 1446 ἹΙλίας
1381 1381 1677 1460 αύστηρρς,
1747 1382 1773 1436 6
1833 1386 2038 1450 Μωσῆς

356 1481 575 1548 πρᾶος·
639 1472 786 1528 οὕτω
862 1470 929 1541 δὴ
979 1472 1068 1526 καὶ
1119 1470 1345 1536 ἐνταῦθα
1404 1470 1772 1550 σφοδρότεροσ
1824 1469 1963 1524 ἐστιν
2011 1470 2038 1524 6

357 1562 601 1624 Ἧαῦλος
628 1567 732 1616 τοῦ
776 1555 1045 1635 Βαρνάϐα.
1108 1562 1256 1617 Πάνυ
1318 1558 1376 1615 6‘s
1433 1560 1632 1639 ὠφέλει
1690 1561 1784 1614 τὸν
1821 1558 2040 1632 Μάρκον

362 1660 399 1727 ἡ
448 1657 614 1731 μάχη
649 1654 808 1722 αὕτη.
840 1654 910 1708 Τὸ
946 1653 1040 1726 μὲν
1071 1654 1174 1729 γὰρ
1221 1651 1440 1710 Παύλου
1497 1647 1727 1730 φοϐερὸν
1781 1650 2036 1727 ἐπέστρα-

361 1771 461 1826 ea
519 1747 716 1819 αὐτὸν,
771 1747 835 1802 τὸ
896 1744 956 1801 δὲ
995 1740 1248 1822 Βαρνάϐα
1308 1745 1549 1820 χρηστὸν
1602 1744 1774 1800 ἐποίει
1842 1745 2036 1818 μηκέτι

2123 583 2263 636 que
2293 567 2438 622 utile
2471 584 2598 622 esse
2631 568 2898 625 ducebat.
2927 572 3038 625 hoc
3061 574 3438 642 postmodum
3471 579 3801 632 communi-

2149 661 2379 714 catione
2421 678 2558 732 erga
2591 662 2759 716 illum
2807 665 3232 734 comprobavit.
3285 667 3569 722 Videntur
3593 676 3794 725 autem

2149 749 2298 804 duce
2321 768 2555 822 quoque
2580 752 2894 823 prudentia
2921 754 3071 809 hanc
3099 756 3306 810 fecisse
3333 759 3793 828 separationem,

2149 847 2207 894 et
2238 841 2310 895 ad
2348 859 2408 895 se
2432 843 2683 898 invicem
2709 844 2926 899 dixisse
2955 862 2966 897 :
2995 848 3280 910 Quoniam
3302 865 3406 920 ego
3430 849 3540 903 hoc
3559 851 3709 916 volo,
3735 857 3799 905 tu

2149 935 2343 985 autem
2406 949 2523 986 non
2573 934 2677 996 vis,
2713 951 2786 988 ne
2817 952 3125 1006 pugemus,
3160 936 3303 991 locis
3341 939 3536 1008 potius
3568 957 3802 1010 separe-

2149 1037 2302 1075 mur.
2337 1021 2517 1092 quue
2543 1022 2840 1078 faciebant
2869 1031 3153 1096 tanquam
3183 1027 3506 1097 plurimum
3543 1029 3796 1084 invicem

2146 1109 2445 1167 cedentes.
2475 1111 2713 1167 Volebat
2743 1113 2903 1167 enim
2938 1115 3229 1169 Barnabas
3261 1123 3326 1170 ut
3357 1117 3521 1171 Pauli
3555 1123 3796 1172 senten-

2147 1200 2229 1254 tia
2251 1205 2450 1265 staret,
2485 1207 2726 1273 propter
2755 1203 2913 1274 quod
2938 1203 3113 1258 etiam
3147 1212 3454 1276 separatus
3489 1211 3595 1262 est.
3632 1211 3794 1262 Atta-

2147 1307 2282 1346 men
2316 1291 2426 1346 hoc
2458 1292 2518 1346 in
2551 1294 2857 1364 prophetis
2889 1311 3124 1365 quoque
3155 1297 3484 1366 reperimus
3517 1297 3672 1352 duod
3705 1299 3764 1352 di

2145 1395 2342 1435 versas
2374 1381 2688 1438 habuerint
2719 1385 3046 1439 sententias
3105 1401 3419 1456 moresque
3481 1386 3748 1442 diversos
3778 1403 3791 1442 :

2145 1469 2323 1524 veluti
2347 1470 2503 1525 Elias
2523 1477 2790 1527 austerus
2809 1473 2936 1535 fuit.
2973 1475 3158 1528 Moses
3197 1481 3391 1529 autem
3418 1483 3798 1531 mansuetus:

2146 1559 2228 1614 ita
2255 1576 2394 1615 sane
2427 1566 2484 1614 et
2516 1561 2625 1616 hoc
2687 1561 2812 1616 loco
2858 1564 3074 1618 Paulus
3105 1565 3514 1619 vehementior
3543 1571 3631 1620 est
3664 1567 3796 1621 Bar-

2145 1649 2317 1704 naba.
2355 1651 2487 1706 Haac
2509 1666 2643 1706 vero
2667 1653 2968 1707 contentio
2991 1653 3314 1724 plurimum
3339 1656 3528 1710 Marco
3551 1656 3790 1726 profuit.

2145 1739 2446 1810 Siquidem
2471 1739 2636 1794 Pauli
2661 1742 3055 1813 terroripsum
3071 1743 3448 1799 convertebat
3478 1745 3792 1800 :Barnabaa

357 1837 807 1916 ἀπολειφθῆναι.
840 1839 1004 1892 ’Ὡστε
1031 1836 1308 1911 μάχοντπι
1343 1837 1460 1909 μὶν,
1515 1835 1650 1911 πρὸς
1708 1831 1761 1889 ἓν
1787 1831 1853 1889 ’δὲ
1881 1832 2035 1898 τέλος

2156 1835 2340 1884 1ΠίὶθΠ1
2373 1828 2707 1902 benignitas
2731 1830 3024 1886 efﬁciebat
3049 1849 3122 1887 ne
3155 1834 3411 1904 amplius
3436 1834 3796 1904 relinquere-

365 1929 583 1996 άπανὸᾷ
636 1926 705 1982 16
756 1922 970 2000 κέρδος.
1026 1926 1124 1979 Καὶ
1154 1924 1256 1997 γαρ
1313 1923 1530 1979 Παῦλον
1590 1928 1735 1997 ορῶν
1788 1921 2042 1997 αἱρούμε-

365 2039 461 2072 νον
491 2018 832 2085 ἀποστῆναι,
873 2017 1015 2069 πάνυ
1064 2009 1308 2090 ἐφοϐήθη
1340 2013 1432 2068 καὶ
1485 2013 1763 2088 κατέγκνω
1823 2013 2036 2084 ἑαυτοῦ,

371 2107 461 2162 καὶ
493 2100 781 2180 Βαρνάϐαν
840 2106 981 2178 ὁρῶν
1040 2102 1211 2168 οὕτως
1261 2103 1426 2159 αὐτοῦ
1481 2104 1870 2181 ἀντεχόμενον,
1898 2103 2037 2158 πάνυ

382 2195 444 2250 ἂν
493 2195 650 2250 αὐτὸν
719 2194 971 2268 ἐσίλησε.
1029 2192 1134 2249 Καὶ
1198 2189 1500 2270 διωρθοῦτο
1558 2194 1586 2248 6
1649 2195 1890 2266 μαθητὴς
1949 2191 2039 2249 διὰ

391 2293 490 2356 τῆς
544 2288 724 2361 μάχης
784 2289 894 2340 τῶν
948 2281 1316 2353 διδασκάλων,
1373 2287 1629 2338 τοσοῦτον
1685 2282 1882 2357 ἀπεῖχε
1938 2289 2035 2339 τοῦ

392 2373 866 2444 σκανδαλισθῆναι.
900 2374 990 2435 Ὠς
1021 2372 1124 2447 γὰρ
1155 2369 1291 2427 εἶδεν
1352 2373 1536 2427 ἑαυτὸν
1591 2371 1767 2432 οὕτως
1827 2367 2036 2442 ἐκϐλη-

384 2465 533 2520 θέντα
559 2461 646 2518 διὰ
699 2465 804 2532 τήν
864 2461 1132 2538 ῥᾳθυμίαν
1202 2460 1304 2515 ὑπὸ
1358 2465 1454 2516 τοῦ
1517 2458 1761 2525 Παύλου,
1815 2453 2036 2516 ἔσπευδε

377 2559 443 2627 τῇ
498 2554 789 2626 προθυμίᾳ
846 2551 900 2607 ἐν
959 2555 1038 2623 τῷ
1095 2549 1330 2625 δευτέρῳ
1389 2547 1582 2625 δρόμῳ
1637 2549 1876 2626 καλύψαι
1934 2552 2032 2620 τήν

376 2647 648 2720 προτέραν
682 2642 1006 2718 νοχάλειαν,
1039 2643 1178 2697 πένυ
1223 2638 1528 2720 ὠφεληθεὶς
1585 2641 1692 2696 ἀπὸ
1749 2649 1849 2711 τῆς
1882 2641 2034 2718 ἀκρι-

379 2730 522 2792 Beia:
582 2739 682 2790 τοῦ
742 2733 986 2792 Παύλου.
1046 2732 1112 2789 Τί
1171 2729 1304 2800 οὗν;
1378 2729 1570 2806 ἐχθροὶ
1627 2730 2031 2807 ἀνεχώρησαν;

377 2827 468 2893 Μὴ
501 2823 772 2898 γένοιτοί
817 2827 934 2876 Ὀτι
994 2819 1052 2876 δὲ
1108 2819 1170 2876 ού
1227 2821 1438 2897 γέγονεν
1496 2819 1668 2896 ἔχθρα
1722 2827 1838 2886 τοῖς
1894 2822 2034 2878 ἀπο-

372 2913 625 2982 στόλοις,
673 2910 941 2967 δείκνυται
1004 2914 1287 2984 πανταχοῦ
1344 2911 1480 2983 μετᾶ
1532 2914 1694 2966 τοῦτο
1754 2907 2034 2986 Βαρνάϐας

368 3003 607 3059 πολλῶν
650 3001 930 3078 ἐγχωρίων
983 2998 1277 3055 ἀπολαύων
1333 2999 1479 3074 παρὰ
1536 2997 1759 3054 Παύλου
1818 2999 1869 3054 ἐν
1916 3005 2034 3062 ταῖς

377 3091 727 3156 ἐπιστολαῖς.

996 3379 1261 3432 ΚΕΦΑΔ.
1303 3376 1423 3432 KA‘.

397 3484 523 3557 Ηερὲ
583 3486 934 3564 κατηχήσεως
1001 3484 1297 3554 Τιμοθέου,
1378 3481 1469 3537 καὶ
1544 3487 1646 3550 κῆς
1702 3482 1837 3538 κατᾶ
1891 3486 2032 3540 ἀπο-

509 3553 552 3577 ι¹Ὶ
611 3559 622 3577 Ι
766 3557 780 3574 ἴ
839 3557 881 3577 Ι)
984 3576 991 3577 κ
1055 3559 1116 3577 II,
1149 3553 1193 3577 ’Ἴ
1221 3576 1248 3577 ,,
1329 3552 1401 3577 _,_
1466 3555 1669 3577 ll_,__A.‘_
1721 3555 1754 3577 ,_
1806 3575 1814 3577 .
1880 3553 1894 3577 θ
1995 3557 2025 3577 'r

456 3543 994 3630 καλυψινΆάφίξεως
1055 3543 1295 3630 Παύλου
1325 3552 1402 3614 είς
1437 3543 1816 3630 ’Μακεδονίαν
1875 3553 1938 3630 te
1985 3557 2031 3628 ᾦ

450 3629 573 3698 περέ
603 3625 833 3700 πίστεως
865 3626 957 3680 καὶ
1008 3627 1281 3694 σωτηρίας
1345 3625 1491 3700 τινὸς
1520 3627 1771 3700 γυναικὸς
1805 3625 2028 3690 Λυδίαςλ

450 3695 574 3772 περέ
635 3699 831 3772 ἰάσεως
888 3705 992 3772 τῆς
1045 3701 1256 3772 πνεῦμα
1306 3695 1554 3772 πύρωνος
1611 3695 1849 3772 ἐχούσης
1899 3721 2028 3772 παι-

450 3763 670 3839 δίσκης,
703 3767 773 3824 δι’
797 3771 861 3840 ἢν
893 3763 986 3842 16v
1020 3763 1234 3842 Παῦλον
1281 3763 1587 3842 καιϐεῖρξαν
1642 3763 1697 3823 δί
1752 3763 2027 3826 δεσπόται.

447 3836 731 3907 Περὶ-τοῦ
778 3836 1084 3913 συμϐάντος
1150 3839 1286 3913 ἐκεῖ.
1319 3836 1544 3913 σεισμοῦ
1596 3842 1684 3913 καί
1734 3841 2028 3913 θαύματος,

447 3914 540 3968 καὶ
589 3915 750 3988 ὅπως
812 3911 1099 3988 πιστεύσας
1161 3913 1188 3967 ὁ
1247 3911 1602 3988 εἱρκτοφύλαξ
1662 3912 1713 3988 ἐν
1774 3911 1908 3988 αύτῇ
1958 3918 2031 3988 τῇ

448 3985 606 4039 νυκτὶ
641 4055 653 4058 _
692 3980 1039 4058 έϐπαπτίσθη⁸
1073 4057 1083 4058 7
1113 3980 1372 4058 παραχρῆ
1387 3980 1498 4058 μαὲ
1545 3980 1893 4058 παντέστιος,
1950 3980 2032 4058 ὅτι

443 4055 899 4182 Ξταρακλῖθέντες
929 4055 1156 4126 ἐξῆλθον
1194 4051 1426 4109 ’ἐνψτοῦ
1476 4051 1876 4131 δεσμωτηρίού
1910 4057 2035 4112 τότε

479 4150 522 4182 π
563 4149 658 4182 στο
706 4148 776 4181 οι.

479 4130 776 4183 πόστολοι.

443 4235 817 4302 υῐιίατῆντησε
892 4229 950 4286 δέ
1033 4230 1109 4292 εἷς
1193 4224 1401 4306 Δέρϐην
1467 4231 1556 4286 καὶ
1614 4231 1878 4307 Λύστραν·
1941 4235 2034 4290 καὶ

367 4344 399 4374 ι(
435 4319 559 4377 ἰδοῦ
591 4321 840 4392 μαθητής
871 4341 953 4382 τις
1003 4319 1070 4388 ἦν
1128 4318 1241 4374 ἐκεῖ
1282 4319 1513 4392 ὀνόματι
1575 4321 1876 4395 Τιμόθεος,
1922 4324 2036 4384 υἱὸς

371 4410 399 4463 ἆ
435 4398 696 4485 γυναικός
725 4430 868 4471 τινος
901 4405 1167 4472 Ἰουδαίας
1213 4415 1434 4478 πιστῆς,
1467 4411 1672 4484 πατρὸς
1705 4409 1762 4465 δὲ
1817 4410 2037 4482 ’Έλλη-

374 4523 397 4553 ι
425 4521 543 4564 νος,
581 4500 640 4560 ’ὀς
674 4497 1029 4570 ἐμαρτυσεῖτο
1065 4497 1167 4552 ὑπὸ
1205 4501 1316 4552 τῶν
1346 4496 1398 4552 ἐν
1436 4497 1697 4572 Λύστροις
1755 4499 1842 4554 καὶ
1893 4501 2032 4556 Ἰκο-

2149 1924 2262 1985 tur,
2286 1925 2388 1974 aut
2404 1919 2505 1974 ille
2524 1919 2875 1975 discederet.
2899 1923 3102 1992 Itaque
3128 1922 3498 1978 contendunt
3520 1924 3795 1994 quidem:

2147 2012 2407 2062 attamen
2439 2009 2499 2063 in
2530 2025 2716 2064 unum
2758 2010 2941 2066 ﬁnem
2992 2011 3223 2067 lucrum
3257 2013 3530 2067 occurrit.
3562 2014 3792 2068 Etenim

2147 2099 2352 2154 videns
2384 2101 2633 2156 Paulum
2693 2101 3007 2174 eligentem
3068 2104 3262 2174 potius
3321 2105 3580 2175 separari
3616 2121 3794 2175 quam

2145 2189 2340 2260 ipsum
2358 2207 2678 2247 assumere.
2701 2193 3022 2248 admodum
3043 2194 3238 2249 timuit
3259 2211 3505 2266 seseque
3519 2195 3798 2250 condem-

2145 2278 2343 2333 navit:
2380 2279 2582 2334 videns
2605 2286 2802 2335 autem
2837 2281 3165 2338 Barnabam
3212 2283 3356 2338 adeo
3415 2300 3477 2337 se
3536 2284 3794 2354 comple-

2141 2373 2423 2434 ctentem,
2456 2370 2836 2425 vehementer
2859 2387 2992 2426 eum
3013 2373 3220 2427 dilexit
3249 2390 3261 2426 :
3284 2380 3340 2426 et
3363 2375 3791 2430 emendabatur

2146 2458 2474 2529 discipulus
2505 2461 2885 2515 contentione
2918 2468 3368 2532 praeceptorum,
3404 2469 3633 2518 tantum
3686 2464 3791 2519 ab-

2145 2547 2254 2602 fuit
2283 2554 2349 2603 ut
2379 2549 2805 2605 offendiculum
2838 2551 2974 2606 inde
3033 2552 3379 2622 susciperet.
3437 2553 3580 2606 Cum
3633 2554 3792 2607 enim

2143 2637 2370 2693 videret
2401 2656 2462 2694 se
2495 2639 2568 2694 ob
2603 2641 2913 2706 segnitiem
2948 2641 3030 2695 ita
3061 2643 3346 2712 rejectum
3380 2658 3413 2696 a
3445 2643 3648 2707 Paulo,
3703 2659 3797 2697 se-

2141 2729 2338 2784 cundo
2372 2746 2548 2785 cursu
2585 2729 2811 2785 studuit
2840 2747 2945 2802 per
2987 2731 3358 2803 diligentiam
3398 2737 3595 2804 tegere
3636 2732 3794 2803 prio-

2143 2836 2270 2874 rem
2322 2820 2623 2890 inertiam,
2673 2819 2910 2892 adjutus
2961 2821 3282 2891 plurimum
3341 2822 3507 2877 Pauli
3561 2823 3794 2893 asperi-

2141 2915 2282 2965 tate.
2333 2910 2483 2974 Quid
2554 2910 2746 2982 ergo?
2830 2910 3136 2965 iuimicine
3225 2912 3512 2983 segregati
3591 2911 3792 2967 sunt?

2143 2996 2338 3051 Absit!
2371 2996 2537 3061 Quod
2567 3001 2765 3051 autem
2797 3013 2908 3051 nec
2938 2996 3253 3050 inimicitia
3295 2997 3452 3051 inter
3487 2998 3790 3068 apostolos

2143 3085 2474 3156 contigerit,
2523 3085 2903 3155 postmodum
2960 3084 3312 3151 ostenditur,
3374 3085 3516 3139 dum
3568 3086 3789 3155 ubique

2144 3173 2444 3228 Barnabas
2481 3173 2686 3229 multis
2741 3174 3029 3229 encomiis
3068 3189 3103 3228 a
3158 3172 3340 3227 Paulo
3404 3173 3464 3228 in
3523 3174 3792 3245 epistolis

2145 3263 2467 3318 extollitur.

2638 3381 2676 3434 ‘I
2692 3379 2791 3435 ‘28
2824 3379 3058 3435 CAPUT
3096 3380 3289 3435 XXIV.

2139 3487 2216 3539 De
2245 3483 2612 3540 instructione
2651 3486 2939 3552 Timothei,
2974 3493 3024 3540 et
3076 3486 3242 3541 Pauli
3290 3489 3350 3541 in
3397 3486 3776 3542 Macedoniam

2201 3557 2374 3626 juxta
2402 3558 2787 3612 reuelationem
2821 3560 3102 3613 emissione
3137 3575 3149 3612 :
3183 3562 3240 3612 in
3267 3575 3373 3628 quo
3420 3566 3690 3612 narratur
3719 3557 3786 3611 de

2208 3630 2316 3699 ﬁde
2340 3646 2402 3684 ac
2431 3631 2604 3685 salute
2634 3630 2920 3699 cujusdam
2954 3630 3202 3685 mulieris
3231 3631 3420 3700 Lydiae
3444 3648 3462 3692 ;
3519 3631 3584 3684 de
3613 3631 3786 3684 salute

2204 3701 2406 3772 puella:
2483 3700 2735 3755 habentis
2800 3703 3059 3771 spiritum
3116 3702 3500 3761 divinatorem,
3557 3707 3790 3770 prapter

2211 3789 2372 3842 quam
2417 3773 2626 3826 domini
2679 3773 3016 3826 incluserunt
3097 3775 3325 3826 Paulum
3384 3775 3441 3826 in
3500 3788 3791 3825 carcerem.

2217 3845 2286 3897 De
2318 3849 2631 3897 terrwmotu
2689 3860 2751 3897 ac
2809 3843 3075 3898 miraculo
3121 3845 3270 3913 quod
3322 3845 3400 3896 ibi
3458 3845 3704 3909 contigit.
3740 3849 3791 3895 et

2211 3914 2483 3984 quomodo
2514 3921 2690 3968 custos
2747 3917 2978 3969 carceris
3026 3931 3148 3968 cum
3205 3915 3519 3968 credidisset
3570 3915 3630 3966 in
3662 3914 3785 3981 ipsa

2211 3991 2365 4039 nocte
2395 3992 2613 4054 repente
2641 4001 2762 4037 cum
2791 3988 3043 4039 univerva
3075 3985 3300 4052 familia
3347 3987 3657 4054 baptizatus
3688 3990 3780 4039 est.

2215 4057 2368 4120 Quod
2396 4057 2581 4124 rogati
2613 4057 2851 4109 exierint
2891 4063 3019 4109 tunc
3048 4057 3115 4110 de
3144 4073 3358 4111 carcere
3387 4056 3642 4126 apostoli.

2214 4235 2351 4302 XVI,
2389 4236 2496 4289 1-5.
2532 4255 2560 4282 ‹‹
2590 4232 2864 4288 Pervenit
2893 4237 3091 4288 autem
3124 4233 3354 4288 Derben
3388 4251 3454 4289 ac
3479 4236 3744 4305 Lystram
3777 4247 3792 4289 :

2145 4345 2173 4372 ‹‹
2207 4329 2264 4378 et
2295 4339 2430 4378 ecce
2479 4321 2806 4392 discipulus
2864 4321 3106 4394 quidam
3150 4328 3276 4377 erat
3308 4322 3388 4376 ibi
3420 4323 3660 4377 nomine
3691 4322 3792 4375 Ti-

2146 4436 2173 4464 ‹‹
2206 4413 2480 4467 motheus
2511 4411 2668 4466 filius
2703 4410 2966 4466 mulieris
2992 4411 3304 4483 cujusdam
3322 4411 3536 4465 ludzeai
3574 4409 3791 4478 ﬁdelis,

2147 4529 2175 4556 ‹‹
2205 4512 2484 4561 caeterum
2515 4510 2679 4576 patre
2706 4505 2927 4562 ('irzeco.
2956 4506 3102 4561 Huic
3129 4505 3538 4560 testimonium
3569 4503 3797 4557 bonum

371 4615 401 4642 τι
432 4589 536 4662 νίῳ
564 4585 838 4662 ἀδελφῶν.
863 4591 1069 4645 Τοῦτον
1093 4589 1360 4658 ἠθέλησεν
1401 4589 1430 4642 ὁ
1462 4587 1680 4650 Παῦλος
1730 4590 1823 4644 σὺν
1880 4592 2030 4665 αὐτῷ

2156 4598 2527 4654 ινεάάθῢωη
2581 4598 2679 4669 qui
2712 4599 2932 4669 Lystris
2982 4604 3151 4653 erant
3197 4604 3255 4652 et
3311 4597 3495 4652 Iconii
3551 4595 3793 4650 fratres.

369 4702 398 4730 α
434 4677 697 4748 ἐξελθεῖν.
759 4678 854 4731 Καὶ
939 4672 1124 4731 λαϐὼν
1181 4677 1495 4752 περιέτεμεν
1547 4677 1706 4732 αὐτὸν
1765 4677 1852 4734 διὰ
1907 4680 2034 4742 τοὺς

374 4763 754 4834 «Ἰουδαίους,
811 4766 940 4826 τοὺς
998 4761 1156 4827 ὄντας
1213 4764 1265 4820 ἐν
1332 4771 1448 4827 τοῖς
1532 4765 1728 4828 τόποις
1784 4768 2033 4833 ἐκείνοις·

377 4880 405 4907 ιι
437 4853 667 4931 ᾔδεισαν
715 4855 815 4929 γὰρ
868 4851 1096 4916 ἅπαντες
1144 4854 1237 4909 τὸν
1285 4855 1488 4928 πατέρα
1546 4855 1712 4911 αὐτοῦ
1770 4856 1851 4911 ὅτι
1900 4858 2036 4915 ’Έλ-

377 4969 404 4994 ι(
441 4942 550 5014 λην
619 4944 889 5022 ὑπῆρχεν.
966 4943 1053 5002 Ὠς
1110 4939 1167 4997 δὲ
1225 4939 1606 5016 διεπορεύοντα
1661 4945 1754 5005 τας
1820 4945 2032 5017 πόλεις,

383 5029 759 5109 ιπαρεδέδουν
836 5031 1020 5092 αὺτοῖς
1077 5029 1368 5110 φυλάσσειν
1421 5032 1487 5086 τα
1545 5028 1790 5108 δόγματα
1836 5036 1902 5089 τὰ
1943 5056 2036 5092 κε-

383 5146 405 5170 ι
439 5119 672 5195 κριμένα
741 5121 846 5175 ὑπὸ
917 5123 1025 5176 τῶν
1105 5118 1426 5174 ἀποστόλων
1503 5120 1593 5174 καὶ
1659 5118 2034 5199 πρεσϐυτέρων

376 5234 404 5261 ιι
436 5215 545 5266 τῶν
574 5209 627 5265 ἐν
660 5207 1052 5282 Ἰερουσαλήμ.
1113 5209 1181 5266 Αἱ
1229 5209 1323 5282 μὶν
1357 5209 1450 5263 οῦν
1507 5209 1826 5280 Ἐκκλησίαι
1884 5213 2033 5270 ἐστε-

378 5323 408 5351 u
443 5304 667 5371 ρεοῦντο
719 5303 791 5373 τῇ
879 5299 1078 5367 πίστει,
1135 5300 1224 5353 καὶ
1285 5297 1625 5372 ἐπερίσσευον
1680 5304 1760 5374 τῷ
1815 5301 2032 5379 ἀριθμῷ

383 5413 408 5444 ι
436 5391 558 5446 καθ’
593 5389 831 5465 ἡμέραν.
865 5411 892 5436 ιθ

445 5504 471 5531 ‹‹
499 5481 761 5555 Δόγματα
794 5501 818 5524 ιι
879 5475 1120 5546 κὶκληκε
1176 5477 1274 5545 τήν
1320 5476 1540 5552 ἀποχήν
1568 5481 1676 5533 τῶν
1734 5478 2034 5538 εἰδωλοθύ-

369 5590 494 5639 των,
555 5567 821 5646 πορνείας
873 5587 932 5622 τε
987 5566 1078 5622 καὶ
1131 5564 1380 5638 αἵματος,
1445 5565 1535 5620 καὶ
1587 5573 1834 5624 πνικτοῦ·
1896 5574 2030 5649 ἅπερ

362 5661 435 5724 εἰς
484 5667 793 5732 κανονικῆς
856 5664 1002 5728 ζωῆς
1089 5658 1194 5730 ὁρᾷ
1267 5653 1622 5734 διατύπωσιν.
1692 5660 1874 5716 Ταῦτα
1928 5663 2032 5740 γὰρ

2145 4713 2173 4741 ‹‹
2209 4691 2374 4746 Hunc
2407 4688 2590 4744 voluit
2621 4689 2837 4744 Paulus
2876 4706 3075 4743 secum
3108 4687 3402 4760 proficisci
3430 4706 3442 4743 :
3479 4693 3536 4743 et
3562 4703 3796 4743 assum-

2147 4802 2175 4831 «
2209 4786 2376 4851 ptum
2409 4777 2783 4833 circumcidit
2801 4795 2933 4833 eum
2958 4785 3196 4849 propter
3216 4778 3471 4840 Judmos,
3502 4779 3600 4850 qui
3625 4782 3794 4832 erant

2146 4890 2173 4917 «
2207 4867 2268 4921 in
2302 4866 2422 4921 illis
2452 4866 2617 4921 locis.
2671 4867 2960 4920 Noverant
3007 4866 3166 4921 enim
3197 4883 3403 4922 omnes
3426 4866 3582 4938 quod
3627 4871 3796 4937 pater

2145 4955 2327 5026 «ejus
2371 4959 2526 5008 esset
2586 4953 2841 5010 Graecus.
2899 4962 3042 5010 Cum
3101 4961 3303 5010 autem
3365 4954 3796 5028 pertransirent

2144 5066 2172 5094 «
2208 5044 2488 5103 civitates.
2531 5043 2846 5098 tradebant
2886 5045 2972 5100 eis
3029 5046 3318 5101 servanda
3368 5046 3607 5100 decreta
3663 5059 3794 5112 quas

2147 5144 2174 5182 α
2207 5133 2482 5188 ordinata
2513 5139 2682 5188 erant
2719 5133 2790 5188 ab
2839 5135 3123 5205 apostolis
3173 5151 3238 5190 ac
3297 5131 3663 5205 presbyteris
3690 5132 3793 5201 qui

2143 5245 2170 5272 ‹‹
2207 5227 2375 5276 erant
2423 5223 2824 5295 Jerosolymis.
2885 5224 3088 5294 Itaque
3145 5222 3420 5278 Ecclesia:
3467 5221 3795 5276 conﬁrma-

2150 5331 2171 5360 ι
2204 5311 2420 5368 bantur
2453 5311 2590 5378 ﬁde,
2624 5318 2682 5368 et
2710 5313 3093 5369 abundabant
3141 5328 3389 5366 numero
3451 5309 3738 5382 quotidie.
3769 5331 3797 5360 »

2219 5512 2240 5542 ι
2276 5490 2608 5548 Tradebant
2639 5492 2723 5548 eis
2755 5492 3041 5549 servanda
3076 5491 3335 5547 decreta.
3372 5515 3393 5544 ι
3433 5493 3580 5548 Puta
3611 5489 3800 5546 absti-

2141 5597 2285 5637 nere
2306 5581 2378 5637 ab
2411 5581 2778 5654 idolothytis,
2801 5582 2858 5638 id
2883 5587 2971 5637 est
2994 5582 3143 5637 cibis
3163 5583 3262 5654 qui
3281 5581 3533 5639 fuissent
3554 5581 3802 5636 simula-

2147 5670 2266 5728 cris
2301 5670 2624 5743 immolati,
2657 5672 3041 5741 scortatione,
3072 5672 3358 5746 sanguine
3382 5678 3440 5729 et
3469 5672 3750 5728 suﬂocato
3784 5681 3799 5723 :
