4112 6250
395 366 506 423 227
1510 356 1894 423 mCUMENI
1936 344 2246 422 τινίοω
2292 348 2663 426 EPISOOPI.
3666 373 3766 432 928

368 508 371 511 '
393 513 524 570 quae
555 494 843 569 regularis
862 493 994 550 vitaa
1016 491 1499 550 informationem
1518 493 1850 567 respiciunt
1872 509 1886 548 :
1914 493 2030 548 haec

2158 491 2275 567 βίον
2319 491 2568 569 ῥυθμίζει
2601 497 2874 573 σώφρονα,
2903 496 2997 555 καὶ
3035 495 3282 576 λογίκοῖς
3335 495 3629 576 ἀνθρώποις
3655 502 3769 578 πρί-

395 587 555 643 enim
574 585 928 658 prudentem
952 585 1129 640 vitam
1161 583 1425 657 dirigunt
1445 589 1504 639 et
1532 582 1926 640 rationalibus
1946 598 2047 655 ap-
2150 604 2343 643 ποντα.

394 682 597 733 tantur
620 674 988 730 hominibus.

464 783 606 846 XVI,
638 782 749 837 6-8.
784 803 811 831 «
841 782 1124 853 Cumque,
1152 785 1570 853 peragrassent
1630 780 1946 852 Phrygiam
1986 795 2030 834 e‘

2226 786 2599 853 «Διελθόντες
2656 786 2714 845 δὲ
2761 792 2862 860 τήν
2893 788 3134 868 Φρυγίαν
3187 791 3276 847 καὶ
3333 791 3432 860 τήν
3491 788 3771 863 Γαλατικὴν

394 895 421 923 ‹‹
454 871 777 928 Galaticam
810 870 960 926 1‘29
996 872 1300 943 regionem
1365 887 1433 925 ac
1463 870 1747 941 prohibiti
1781 874 1984 925 essent
2013 884 2030 922 ε

2154 901 2183 928 ‹‹
2218 878 2429 954 χώραν,
2485 879 2819 944 κωλυθέντες
2905 881 3009 936 ὑπὸ
3091 886 3189 936 τοῦ
3272 882 3430 958 ἁγίου
3488 882 3773 956 ιινεόματος

393 984 421 1013 ι(
446 960 666 1033 Spiritu
688 966 894 1016 sancto
930 977 1003 1015 ne
1022 959 1262 1014 verbum
1287 960 1346 1014 in
1372 973 1405 1014 Α
1421 960 1570 1014 siam
1586 958 2030 1015 disseminaren‘

2155 990 2183 1019 «
2218 967 2459 1038 Λαλῆσαι
2506 970 2597 1024 τὸν
2676 969 2842 1046 λόγον
2900 969 2951 1026 ἐν
3007 974 3076 1046 τῇ
3139 969 3312 1044 Ἀσίᾳ,
3371 966 3611 1034 ἐλθόντες
3654 972 3772 1026 κατὰ

394 1076 421 1104 ιι
457 1053 704 1124 profecti
736 1053 797 1106 in
831 1052 1075 1124 Mysiam
1114 1051 1426 1107 tentabant
1479 1052 1565 1107 ire
1597 1052 1660 1107 in
1690 1051 2046 1123 Bithyniam,

393 1168 421 1195 «
457 1151 514 1200 et
540 1161 659 1199 non
692 1142 966 1215 permisit
995 1160 1094 1198 eos
1121 1143 1392 1215 Spiritus.
1424 1142 1531 1198 Ubi
1559 1148 1758 1198 autem
1778 1147 2047 1215 pertran-

399 1257 425 1287 «ί
459 1234 679 1289 sissent
709 1233 974 1304 Mysiam,
1001 1231 1769 1290 descenderuntTroadem.
1804 1254 1832 1282 »

2156 1081 2184 1109 ι(
2214 1058 2312 1126 τήν
2373 1058 2607 1129 Μυσίαν,
2684 1059 2962 1135 ἐπείραζον
3044 1060 3180 1116 κατὰ
3229 1062 3327 1131 τὴν
3387 1061 3634 1118 Βιθυνίαν
3682 1081 3772 1116 πο-

2156 1146 2476 1224 «ρεύεσθαι,
2562 1150 2651 1205 καὶ
2729 1148 2827 1205 οὐκ
2901 1149 3073 1206 εἳασεν
3158 1148 3356 1210 αὐτοὺς
3437 1150 3499 1207 τὸ
3557 1155 3770 1225 Πνεῦμα.

2156 1262 2185 1290 ‹‹
2216 1239 2589 1315 Πσρελθόντες
2667 1237 2726 1296 δὲ
2834 1242 2933 1311 τὴν
3018 1240 3225 1300 Μυσίαν
3335 1235 3633 1312 κατέϐησαν
3707 1240 3772 1303 εἷς

2157 1352 2185 1381 (ι
2217 1325 2467 1402 Τρωάδα.
2503 1354 2531 1382 ››

464 1429 530 1485 In
564 1429 701 1484 Asia
751 1433 807 1483 et
839 1427 1113 1499 Bithynia
1141 1432 1301 1483 vetat
1355 1426 1611 1498 Spiritus
1668 1444 1743 1483 ne
1802 1425 2030 1483 verbum

2228 1438 2314 1492 Ἐν
2342 1440 2411 1510 τῇ
2445 1437 2598 1508 Ἀσία
2630 1437 2720 1493 καὶ
2779 1437 2998 1510 Βιθυνίᾳ
3048 1435 3251 1493 κωλύει
3305 1439 3369 1494 τὸ
3432 1440 3643 1511 Πνεῦμα
3684 1435 3777 1493 λα-

391 1518 784 1573 disseminent
814 1518 1087 1589 apostoli.
1115 1517 1367 1589 praecius
1397 1516 1671 1572 haeresim
1702 1533 1909 1572 eorum
1943 1531 2023 1588 qu

2156 1524 2320 1597 λῆσαι
2345 1526 2436 1583 τὸν
2470 1525 2637 1603 λόγον
2657 1527 2785 1590 τοὺς
2833 1526 3194 1589 ἀποστόλους.
3243 1529 3634 1605 προγινώσκων
3685 1527 3776 1596 τὴν

394 1609 675 1680 Spiritum
706 1608 1127 1681 impugnarent
1183 1606 1623 1664 dominaturam
1676 1606 1797 1664 illis
1831 1608 1933 1679 qui
1966 1607 2030 1663 ib

2152 1620 2260 1671 τῶν
2288 1615 2766 1693 πνευματομάχων
2794 1615 3001 1693 οίίρεσιν
3026 1617 3319 1694 κυριεύειν.

394 1698 698 1770 degerent.

463 1805 605 1873 XVI,
637 1808 690 1860 8.
718 1827 745 1855 «
778 1806 848 1859 Et
876 1805 1022 1859 visio
1050 1820 1156 1875 per
1185 1809 1421 1859 noctem
1453 1810 1693 1859 ostensa
1721 1809 1810 1859 est
1839 1804 2022 1861 Paulo

2226 1837 2253 1867 «
2286 1812 2392 1870 Καὶ
2422 1813 2604 1889 ὅραμα
2663 1810 2752 1869 διὰ
2803 1820 2908 1884 τῆς
2964 1812 3156 1876 νυκτὸς
3212 1811 3370 1890 ὣφθη
3431 1816 3510 1884 τῷ
3566 1808 3775 1906 Παύλιρ.

401 1914 425 1947 ι-
455 1894 551 1947 Vir
580 1893 823 1964 quidam
856 1893 1089 1948 Macedo
1123 1892 1315 1948 stabat
1346 1893 1676 1964 deprecans
1707 1909 1843 1949 eum
1871 1910 1938 1949 ac
1958 1893 2043 1949 di-

392 2004 421 2034 ‹‹
454 1998 633 2039 cens:
680 1982 982 2037 Profectus
1022 1981 1083 2036 in
1117 1981 1518 2038 Macedoniam
1576 1989 1702 2038 esto
1734 1982 1910 2039 nobis
1938 1999 2042 2040 au-

398 2095 418 2123 c
455 2071 618 2126 xilio.
659 2093 687 2121 »

462 2180 589 2233 Non
613 2178 739 2249 jam
764 2194 870 2250 per
899 2177 1197 2250 angelum,
1232 2177 1385 2233 sicut
1405 2178 1714 2250 Philippus
1732 2182 1792 2233 et
1818 2178 2038 2234 Corne-

385 2268 523 2334 lius,
556 2267 660 2323 sed
691 2284 801 2339 per
832 2267 1118 2322 visionem
1151 2267 1470 2323 humanius
1526 2268 1860 2323 instruitur.
1895 2268 2039 2323 Nam

384 2357 487 2413 ubi
518 2356 749 2412 facilior
786 2363 915 2412 erat
945 2357 1271 2428 persuasio,
1308 2374 1469 2413 more
1510 2358 1696 2431 magis
1728 2360 1987 2413 humano
2021 2373 2037 2413 :

387 2447 486 2501 ubi
518 2462 651 2501 vero
701 2447 892 2501 multa
931 2447 985 2500 vi
1017 2463 1164 2518 opus
1195 2454 1342 2511 erat,
1378 2448 1564 2520 magis
1614 2447 1810 2502 divino
1858 2447 2037 2502 modo

384 2534 562 2590 ﬁebat
584 2535 880 2607 apparitio
920 2536 1211 2600 Quoniam
1242 2537 1400 2591 enim
1423 2536 1825 2591 asciscebatur
1840 2536 2036 2591 solum

377 2628 447 2677 ut
479 2623 854 2695 praedicaret,
888 2624 961 2679 ad
993 2623 1103 2679 hoc
1162 2640 1267 2695 per
1322 2624 1624 2680 somnium
1655 2624 1706 2679 ei
1740 2629 1987 2695 apparet
2019 2639 2032 2678 :

377 2712 478 2766 ubi
512 2729 646 2767 vero
674 2714 999 2784 praedicare
1051 2729 1171 2767 non
1203 2714 1675 2784 permittebatur.
1710 2712 1784 2769 ad
1815 2713 1928 2768 hoc
1947 2728 2035 2767 re-

375 2802 604 2857 velatur
626 2802 876 2872 Spiritus
898 2808 1156 2857 sanctus.
1188 2802 1440 2858 Profecti
1463 2802 1678 2874 inquit,
1705 2803 1767 2858 in
1792 2802 2032 2874 Mysiam

382 2889 691 2945 tentabant
721 2890 899 2945 etiam
932 2891 1016 2944 ire
1048 2891 1110 2945 in
1142 2890 1498 2962 Bithyniam,
1530 2897 1590 2947 et
1611 2904 1730 2947 non
1762 2891 2036 2963 permisit

390 2994 489 3034 eos
525 2979 793 3051 Spiritus.
822 2981 951 3035 Jam
1005 2979 1164 3035 enim
1218 2996 1339 3035 non
1394 2980 1749 3052 operabatur
1779 2979 2032 3051 Spiritus

387 3083 517 3139 qua:
543 3068 743 3125 facilia
772 3074 961 3135 erant,
996 3067 1099 3124 sed
1144 3069 1288 3124 satis
1318 3069 1397 3125 ad
1429 3069 1540 3125 hoc
1569 3074 1695 3125 erat
1742 3068 1837 3124 vel
1869 3082 2030 3124 som-

385 3172 574 3214 nium.

444 3266 594 3328 XVI,
626 3268 678 3320 9.
712 3288 739 3315 α
768 3266 842 3320 Ut
870 3270 1065 3321 autem
1096 3266 1289 3321 visum
1319 3265 1482 3331 vidit,
1518 3265 1718 3321 statim
1749 3266 2029 3337 (ιιιωείνί-

379 3378 407 3405 ‹‹
443 3371 576 3409 mus
618 3356 914 3426 proﬁcisci
967 3356 1029 3410 in
1060 3356 1487 3422 Macedoniam,
1518 3359 1665 3412 certi
1696 3357 1834 3413 facti
1867 3357 2027 3429 quod

380 3466 409 3494 «
442 3451 709 3499 vocasset
749 3461 857 3499 nos
917 3444 1203 3501 Dominus
1270 3446 1344 3500 ad
1376 3446 1895 3519 evangelizandum
1918 3446 2026 3504 eis.

376 3555 404 3582 ‹‹
440 3533 584 3587 Cum
607 3532 784 3603 igitur
814 3549 849 3588 a
877 3534 1100 3588 Troade
1155 3534 1561 3601 solvissemus,
1632 3541 1799 3591 recto
1848 3552 2029 3592 cursu

378 3644 406 3672 ι(
441 3622 708 3677 venimus
740 3621 1205 3679 Samothracem.
1230 3629 1287 3678 et
1318 3629 1552 3694 postero
1574 3624 1669 3679 die
1699 3624 2027 3696 Neapolim,

376 3733 406 3761 «
441 3717 498 3766 et
529 3710 667 3765 inde
700 3711 1004 3783 Philippos
1036 3729 1168 3783 quas
1201 3719 1290 3767 est
1319 3714 1511 3786 prima
1540 3713 1725 3786 partis
1761 3712 2029 3770 Macedo-

375 3822 403 3851 «
437 3800 551 3855 nias
595 3800 800 3856 civitas
835 3801 1092 3857 colonia.
1141 3804 1204 3857 In
1237 3818 1305 3858 ea
1361 3808 1560 3859 autem
1620 3803 1765 3858 urbe
1820 3802 2029 3859 diebus

376 3911 405 3940 «
439 3890 671 3961 aliquot
701 3890 1243 3948 commorabamur.
1280 3914 1308 3941 ››

449 3996 769 4052 Sciendum
830 3998 892 4052 in
948 3998 1042 4053 his
1092 3999 1424 4055 civitatibus
1480 4015 1601 4055 una
1655 4016 1789 4055 cum
1849 4000 2029 4058 Paulo

376 4086 559 4141 fuisse
594 4092 651 4141 et
687 4088 902 4142 Lucam
936 4104 948 4143 :
1003 4094 1071 4142 ut
1101 4105 1170 4143 ex
1218 4089 1307 4144 his
1338 4096 1584 4161 apparet
1614 4091 1829 4161 quibus
1860 4107 2029 4147 suam

377 4191 695 4248 personam
716 4175 895 4231 simul
912 4176 1346 4248 complectitur,
1367 4178 1600 4234 dicens:
1620 4179 2029 4249 Quaasivimus,

376 4271 537 4321 recto
571 4282 750 4320 cursu
773 4265 1063 4333 venimus,
1097 4266 1331 4339 aliaque
1360 4266 1600 4323 similia.

446 4373 595 4440 XVI,
632 4374 808 4427 13-15.
845 4394 872 4424 α
897 4374 965 4427 Et
1014 4371 1109 4428 die
1150 4373 1539 4429 Sabbatorum
1572 4375 1791 4446 egressi
1825 4390 2030 4431 sumus

376 4483 404 4511 «
433 4477 465 4517 e
494 4462 726 4517 civitate
747 4463 919 4533 juxta
949 4461 1195 4528 flumen,
1219 4461 1321 4517 ubi
1356 4463 1536 4518 moris
1568 4468 1695 4519 erat
1728 4463 1856 4518 ﬁeri
1888 4480 2026 4536 pre-

2152 1927 2180 1956 «
2214 1904 2379 1978 Ἀνῆρ
2417 1922 2501 1964 τις
2557 1903 2624 1972 ἦν
2682 1901 2945 1961 Μακεδὼν
3001 1901 3192 1972 δστὼς,
3241 1900 3573 1977 παρακαλῶν
3627 1898 3777 1955 αὐτὸν

2150 2016 2179 2045 ‹‹
2209 1993 2301 2048 καὶ
2328 1993 2527 2069 λεγων,
2557 1986 2755 2055 Διαϐὰς
2783 2005 2861 2055 εὶς
2889 1988 3224 2049 Μακεδονίαν
3260 1992 3542 2067 βοήθησον
3568 1991 3719 2063 ἡμῖν.
3751 2010 3776 2040 ››

2215 2188 2331 2248 Οὔκ
2358 2187 2436 2244 ἔτι
2466 2186 2536 2244 δι’
2566 2189 2804 2265 ἀγγέλου
2861 2189 3100 2262 καθάπερ
3148 2186 3439 2252 Φίλιππος
3482 2186 3519 2256 ἢ
3577 2185 3772 2259 Κορνή-

2146 2277 2287 2349 λιος,
2318 2277 2465 2334 ἀλλὰ
2496 2275 2567 2332 δι’
2597 2277 2875 2353 ὁράματος
2928 2277 3173 2356 φαίνεται
3229 2278 3384 2350 αὖτῷ
3434 2271 3770 2349 ἀνθρωπινώ-

2140 2388 2320 2444 τερον.
2355 2369 2519 2432 Ἔνθα
2549 2368 2652 2444 γὰρ
2687 2362 2918 2421 εὔλολον
2945 2365 3008 2421 τὸ
3054 2368 3367 2436 πεισθῆναι,
3428 2360 3766 2438 ἀνθρωπινώ-

2138 2479 2313 2533 τερον·
2347 2450 2468 2512 ἔνθα
2514 2454 2572 2511 δὲ
2624 2453 2815 2526 πολλὴ
2876 2446 2993 2531 βία,
3053 2455 3346 2530 θειότερον.
3402 2450 3621 2522 Ἐπειδὴ
3677 2451 3770 2528 γὰρ

2139 2550 2369 2622 κηρύξαι
2446 2544 2607 2619 μόνον
2687 2543 2945 2619 ἐπήγετο,
3004 2543 3082 2607 είς
3133 2548 3315 2612 τοῦτο,
3367 2540 3496 2620 ὄναρ
3552 2541 3773 2619 φαίνεται

2139 2636 2305 2708 αὐτῷ.
2363 2637 2433 2693 Ὃ
2484 2633 2716 2710 κηρῦξαι
2775 2632 2832 2689 δὲ
2889 2632 2990 2689 οὐκ
3040 2633 3317 2710 ἤνεέχετο,
3380 2633 3460 2696 εἷς
3514 2635 3670 2687 τοῦτο
3715 2625 3772 2682 τὸ

2140 2728 2360 2799 Ηνεῦμα
2385 2723 2447 2780 τὸ
2474 2718 2633 2799 ἅγιον
2665 2721 3061 2779 ἀποκαλύπτει.
3112 2720 3400 2788 Ἐλθόντες
3453 2720 3575 2798 γὰρ,
3628 2715 3769 2793 φησὶ,

2137 2816 2275 2871 κατᾶ
2303 2816 2401 2884 τήν
2446 2813 2653 2871 Μυσίαν
2708 2812 2991 2888 ἐπείρασαν
3050 2812 3140 2868 καὶ
3196 2812 3333 2868 κατὰ
3379 2814 3482 2882 τήν
3538 2804 3773 2867 Βιθυνίαν

2136 2904 2446 2979 πορεύεθαι,
2502 2902 2593 2958 καὶ
2671 2902 2768 2958 οὐκ
2815 2901 2987 2959 εἳασεν
3044 2900 3242 2964 αὐτοὺς
3295 2901 3358 2956 τὸ
3412 2902 3649 2972 Πνεῦμα.
3703 2890 3774 2951 Οΰ

2137 2993 2240 3072 γὰρ
2268 2990 2335 3063 δὴ
2375 2994 2467 3048 καὶ
2521 2993 2590 3048 τὰ
2647 2989 2853 3047 εὔκολα
2905 2992 2969 3046 τὸ
3024 2995 3243 3065 Πνεῦμα
3290 2988 3599 3066 εἲργάζετο,
3653 2980 3776 3040 ἀλλ’

2136 3083 2294 3160 ἤρκει
2325 3083 2416 3140 καὶ
2448 3078 2599 3159 ὄναρ.

2201 3305 2229 3335 ‹‹
2278 3288 2365 3346 Ὡς
2418 3278 2477 3336 δὲ
2531 3279 2595 3335 τὸ
2684 3279 2865 3351 ὅραμα
2947 3274 3108 3347 εἶδεν,
3180 3274 3377 3341 εὖθὲως
3439 3273 3760 3347 ἐζητήσαμεν

2132 3370 2426 3443 «ἐξελθεῖν
2488 3368 2565 3431 εἰς
2616 3368 2715 3436 τήν
2765 3363 3126 3436 Μακεδονίαν,
3185 3360 3636 3439 συμϐιϐἀζοντες,
3688 3357 3762 3412 ὅτι

2134 3457 2603 3534 «προσκέκληται
2656 3461 2802 3532 ἡμᾶς
2850 3458 2878 3512 ὁ
2938 3457 3136 3532 Κύριος
3195 3449 3760 3532 εὑαγγεῃσασθαιαῦε

2132 3575 2162 3604 ‹‹
2189 3550 2344 3612 τοῦς.
2375 3549 2728 3624 Ἀναχθὲντες
2757 3546 2850 3602 οὗν
2892 3547 2998 3601 ἀπὸ
3051 3549 3152 3612 τῆς
3208 3543 3473 3621 Τρωάδος
3529 3535 3763 3613 εὐθυδρο-

2132 3662 2162 3694 (ί
2198 3640 2449 3716 μήσαμεν
2480 3639 2557 3700 εἷς
2593 3636 2981 3711 Σαμοθρᾴκην,
3009 3638 3080 3709 τῇ
3117 3656 3177 3691 τε
3232 3632 3464 3712 ἐπιούσῃ
3521 3632 3594 3695 εἰς
3642 3625 3769 3716 Νεά-

2134 3753 2162 3783 ‹‹
2193 3715 2382 3797 πολιν,
2415 3725 2613 3782 ἐκεῖθέν
2642 3746 2698 3781 τε
2726 3725 2802 3788 είς
2844 3723 3179 3794 Φιλίππους,
3237 3723 3362 3794 ἤτις
3414 3723 3531 3780 ἐστὶ
3586 3715 3762 3794 πρώτη

2134 3843 2163 3871 ‹‹
2194 3825 2294 3888 τῆς
2324 3814 2547 3892 μερίδος
2571 3822 2674 3884 τῆς
2696 3811 3041 3876 Μαλεδονίας
3084 3812 3247 3876 πόλις
3271 3811 3552 3872 Κολωνία.
3607 3808 3766 3879 Ἦμεν

2136 3932 2164 3960 (ι
2196 3906 2256 3964 δὲ
2276 3906 2328 3962 ἐν
2361 3906 2498 3980 αὑτῇ
2531 3907 2598 3970 τῆ
2629 3902 2790 3960 πόλει
2820 3898 3189 3976 διατρίϐοντες
3219 3902 3431 3979 ἡμέρας
3462 3901 3627 3960 τινάς.
3659 3917 3686 3947 »

2207 3997 2555 4071 Σημειωτὲον
2586 3995 2668 4051 ὅτι
2701 3996 2792 4051 σῦν
2824 3999 2904 4067 τῷ
2961 3993 3165 4066 Ηαῦλῳ
3203 3993 3270 4063 ἦν
3301 3991 3353 4048 ἐν
3410 3999 3539 4057 ταῖς
3588 3984 3770 4044 πόλεσι

2133 4087 2353 4151 ταύταις
2382 4088 2471 4145 καὶ
2502 4089 2531 4142 ὁ
2562 4092 2801 4158 Λουκᾶς,
2856 4086 2931 4147 ὠς
2989 4084 3039 4155 ἐξ
3086 4086 3161 4140 ὧν
3222 4085 3313 4140 καὶ
3368 4085 3431 4139 τὸ
3488 4081 3768 4159 πρόσωπον

2136 4177 2300 4234 αότοῦ
2359 4170 2913 4253 συμπαραλαμϐάνει,
2967 4172 3169 4250 λέγων’
3225 4173 3632 4247 Ἐζητήσαμεν,
3682 4162 3768 4219 εὖ·

2136 4264 2582 4341 θυδρομὴσαμεν,
2612 4264 2702 4321 καὶ
2728 4263 2795 4320 τὰ
2828 4261 3018 4338 ὅμοια.

2208 4398 2237 4426 ‹‹
2268 4376 2344 4447 Τῇ
2373 4392 2432 4428 τε
2458 4370 2642 4448 ἡμέρᾳ
2669 4374 2776 4426 τῶν
2826 4364 3124 4426 Σαϐὅάτων
3176 4368 3479 4445 ἐξήλθομεν
3527 4362 3627 4440 ἔξω

2137 4486 2166 4515 ‹‹
2198 4462 2437 4533 πόλεως,
2494 4460 2643 4534 παρᾶ
2693 4460 2940 4533 ποταμὸν
3002 4480 3064 4515 ου
3125 4457 3408 4533 ἐνομίζετο
3494 4447 3765 4534 προσευχῆ

373 4569 405 4604 (ι
435 4551 731 4607 cationem
766 4568 778 4605 :
812 4551 1209 4623 sedentesque
1240 4551 1633 4623 loquebamur
1675 4534 2026 4609 mulieribus

2151 4551 2350 4607 (εἶναι’
2404 4550 2495 4605 καὶ
2551 4548 2898 4612 καθίσαντνες
2957 4545 3263 4621 ἐλαλοῦμεν
3322 4552 3442 4611 ταῖς
3490 4534 3766 4604 συνελθού-

375 4663 406 4694 α
438 4659 568 4714 quae
599 4650 1017 4699 convenerant.
1069 4646 1136 4699 Et
1193 4645 1465 4717 quaedam
1522 4645 1738 4702 mulier
1782 4645 2025 4702 nomine

373 4756 403 4787 «
442 4735 619 4805 Lydia
646 4753 1040 4807 purpurarum
1073 4738 1363 4794 venditrix
1410 4739 1662 4795 civitatis
1719 4738 2028 4812 Thyatira-

374 4845 403 4875 ‹‹
432 4839 565 4879 rum
587 4824 789 4879 colens
815 4826 997 4881 Deum
1021 4827 1261 4893 audivit,
1291 4829 1461 4900 cujus
1484 4828 1768 4885 Dominus
1791 4828 2026 4902 aperuit

380 4934 408 4963 ‹‹
443 4928 564 4981 cor,
601 4914 636 4966 1
653 4913 754 4968 30
773 4918 839 4968 ut
870 4914 1205 4971 intenderet
1227 4916 1319 4972 his
1342 4934 1471 4988 quze
1494 4933 1529 4974 a
1549 4917 1729 4973 Paulo
1751 4916 2027 4973 diceban-

374 5008 552 5057 «tur.
605 5004 867 5073 Cumque
917 5002 1204 5074 baptizata
1236 5012 1391 5062 esset
1440 5023 1561 5063 una
1613 5024 1748 5063 cum
1795 5005 2026 5062 familia

373 5114 401 5143 ς(
430 5110 555 5160 sua,
590 5093 906 5165 deprecata
934 5099 1042 5155 est.
1078 5093 1283 5151 dicens
1309 5113 1322 5151 :
1347 5096 1732 5169 Sijudicastis
1765 5114 1857 5153 me
1880 5096 2024 5152 ﬁde-

375 5204 402 5235 α
438 5182 554 5238 lem
593 5183 838 5239 Domino
873 5198 1023 5243 esse.
1057 5183 1309 5256 ingressi
1337 5184 1580 5242 domum
1611 5203 1828 5257 meam,
1859 5186 1922 5241 in
1954 5202 2025 5243 ea

380 5294 407 5321 ‹‹
439 5280 673 5331 manete
728 5274 797 5329 Et
819 5271 1016 5346 adegit
1044 5289 1174 5330 nos.
1212 5295 1241 5324 »

448 5380 573 5433 Non
597 5381 789 5437 solum
833 5381 935 5437 ubi
987 5398 1285 5456 synagoga
1333 5389 1478 5451 erat,
1539 5383 1640 5439 sed
1668 5383 1848 5441 etiam
1878 5384 2024 5440 foris

373 5467 789 5541 precabantur,
814 5476 1097 5543 tanquam
1121 5472 1320 5529 locum
1341 5473 1604 5545 aliquem
1625 5473 1699 5530 ad
1721 5473 1831 5530 hoc
1858 5489 2027 5546 sepa-

374 5561 599 5625 rantes,
632 5574 846 5631 nempe
873 5561 1059 5617 Judaei
1089 5561 1345 5620 nimium
1374 5562 1784 5634 corporalibus
1813 5561 2021 5621 dediti.

372 5649 491 5707 Aut
512 5645 711 5720 potius
742 5649 1025 5720 quoniam
1053 5650 1130 5708 ob
1157 5652 1497 5711 Judaaorum
1518 5651 1877 5725 paucitatem
1899 5667 2023 5713 non

2138 4667 2165 4695 ι(
2200 4661 2316 4703 σαις
2346 4639 2570 4714 γυναιξί.
2624 4638 2725 4697 Καί
2752 4658 2835 4702 τις
2862 4640 2998 4716 γυνή
3060 4637 3285 4714 ὅνόματι
3345 4634 3518 4695 Λυδία
3568 4647 3768 4708 πορφυ-

2137 4755 2166 4784 ‹‹
2203 4728 2452 4806 ροπῶλις
2496 4729 2714 4791 πόλεως
2762 4727 3088 4802 Θυατείρων,
3147 4722 3417 4803 σεϐομένη
3500 4728 3590 4783 τὸν
3643 4716 3763 4776 Θεὸν

2137 4817 2449 4891 «ἤκουσεν.
2515 4820 2614 4882 Ἠς
2674 4819 2702 4873 ὁ
2764 4816 2958 4894 Κύριος
3033 4814 3269 4891 διήνοιξε
3348 4818 3448 4888 τὴν
3531 4808 3764 4885 καρδίανς

2136 4934 2165 4962 ‹‹
2197 4907 2488 4988 προσέχειν
2516 4911 2632 4969 τοῖς
2672 4903 3039 4980 λαλουμένοις
3090 4905 3194 4962 ὑπὸ
3259 4909 3357 4963 τοῦ
3414 4897 3765 4988 Παύλου.

2136 4996 2245 5055 «δὲ
2274 4984 2570 5068 ἐϐαπτίσθη
2625 4997 2717 5053 καὶ
2756 4996 2784 5051 ὁ
2820 4996 2978 5060 οἶκος
3036 4994 3227 5066 αὐτῆς,
3285 4993 3619 5070 παρεκάλεσε
3674 4984 3765 5042 λέ·-

2136 5112 2165 5141 ‹‹
2194 5105 2383 5165 γουσα·
2415 5085 2481 5143 Εἰ
2528 5084 2808 5160 κεκρίκατὲ
2868 5105 2936 5157 με
2990 5086 3186 5153 πιστὴν
3233 5089 3313 5157 τῷ
3370 5082 3556 5161 Κυρίῳ
3615 5078 3763 5139 εἶναι’

2137 5202 2165 5230 ‹‹
2199 5176 2557 5245 εἰσελθόντες,
2590 5173 2666 5237 εἷς
2702 5174 2793 5229 τὸν
2827 5173 2975 5229 οἶκόν
3026 5194 3131 5249 μου
3193 5172 3428 5248 μείνατε.
3485 5169 3580 5230 Καὶ
3629 5180 3765 5236 παρ·

2136 5290 2165 5319 ι(
2198 5260 2406 5322 εϐίασεν
2435 5267 2607 5337 ἡμᾶς,
2640 5286 2670 5316 ››

2203 5372 2281 5433 Οὐ
2316 5371 2479 5447 μόνον
2539 5367 2661 5426 ἔνθα
2718 5371 3005 5447 συναγωγή
3060 5370 3153 5442 ἦν,
3205 5367 3351 5426 ἀλλὰ
3405 5367 3498 5425 καὶ
3552 5359 3648 5434 ἔξω
3675 5346 3767 5425 ηδ·

2135 5483 2327 5541 χοντο,
2356 5461 2540 5538 ὥσπερ
2568 5462 2738 5517 τόπον
2777 5460 2896 5517 τινὰ
2950 5460 3324 5538 ἀφορίζοντες,
3386 5460 3480 5515 an
3528 5463 3761 5551 emunt:-

2132 5554 2366 5628 κώτεροι
2448 5545 2596 5612 ὄντες
2676 5549 2734 5605 οἱ
2804 5546 3092 5609 Ἰουδαῖοι.
3139 5551 3212 5606 Ἦ
3262 5546 3490 5624 μᾶλλον
3544 5543 3620 5618 μὴ
3674 5543 3768 5589 σθ’

2135 5663 2233 5716 σης
2264 5640 2376 5700 ἐκεῖ
2413 5646 2737 5719 συναγωγῆς
2785 5636 2875 5696 διὰ
2922 5638 2985 5696 τὸ
3042 5637 3280 5711 σπάνιον,
3333 5637 3481 5716 παρὰ
3521 5632 3610 5692 τὸν
3664 5639 3761 5680 πο·
