  <div class='ocr_page' id='page_1' title='image "/cluster/home/n/w/nwhite01/storage/ocr_20150623/118/mdp.39015078384297/122.png"; bbox 0 0 4112 6250; ppageno 0'>
   <div class='ocr_carea' id='block_1_1' title="bbox 239 331 3708 398">
    <p class='ocr_par' dir='ltr' id='par_1_1' title="bbox 239 331 3708 398">
     <span class='ocr_line' id='line_1_1' title="bbox 239 331 3708 398; baseline 0 -2"><span class='ocrx_word' id='word_1_1' title='bbox 239 340 349 397; x_wconf 72' lang='lat'>‘229</span> <span class='ocrx_word' id='word_1_2' title='bbox 1260 333 1680 398; x_wconf 74' lang='lat' dir='ltr'>GOMMENT.</span> <span class='ocrx_word' id='word_1_3' title='bbox 1727 332 1814 394; x_wconf 77' lang='lat' dir='ltr'>lN</span> <span class='ocrx_word' id='word_1_4' title='bbox 1860 331 2055 394; x_wconf 76' lang='lat' dir='ltr'>ACTA</span> <span class='ocrx_word' id='word_1_5' title='bbox 2108 332 2716 396; x_wconf 76' lang='lat' dir='ltr'>APOSTOLORUM.</span> <span class='ocrx_word' id='word_1_6' title='bbox 3591 340 3708 398; x_wconf 69' lang='lat'>930</span> 
     </span>
    </p>
   </div>
   <div class='ocr_carea' id='block_1_2' title="bbox 247 462 1968 547">
    <p class='ocr_par' dir='ltr' id='par_1_2' title="bbox 247 462 1947 547">
     <span class='ocr_line' id='line_1_2' title="bbox 247 462 1947 547; baseline -0.006 -18"><span class='ocrx_word' id='word_1_7' title='bbox 247 469 417 545; x_wconf 78' lang='grc' dir='ltr'>ταμὸν</span> <span class='ocrx_word' id='word_1_8' title='bbox 447 462 563 543; x_wconf 67' lang='grc' dir='ltr'>ἔξω</span> <span class='ocrx_word' id='word_1_9' title='bbox 597 477 715 541; x_wconf 73' lang='grc' dir='ltr'>τῆς</span> <span class='ocrx_word' id='word_1_10' title='bbox 763 471 999 535; x_wconf 84' lang='grc' dir='ltr'>πόλεως</span> <span class='ocrx_word' id='word_1_11' title='bbox 1057 469 1231 547; x_wconf 85' lang='grc' dir='ltr'>λάθρα</span> <span class='ocrx_word' id='word_1_12' title='bbox 1311 470 1631 545; x_wconf 75' lang='grc' dir='ltr'>συνήγοντο,</span> <span class='ocrx_word' id='word_1_13' title='bbox 1686 466 1738 521; x_wconf 77' lang='grc' dir='ltr'>οἱ</span> <span class='ocrx_word' id='word_1_14' title='bbox 1786 462 1947 533; x_wconf 80' lang='grc' dir='ltr'><strong>δῆθεν</strong></span> 
     </span>
    </p>
   </div>
   <div class='ocr_carea' id='block_1_3' title="bbox 2085 462 3708 547">
    <p class='ocr_par' dir='ltr' id='par_1_3' title="bbox 2085 466 3708 540">
     <span class='ocr_line' id='line_1_3' title="bbox 2085 466 3708 540; baseline 0.005 -20"><span class='ocrx_word' id='word_1_15' title='bbox 2085 466 2287 521; x_wconf 68' lang='grc' dir='ltr'>ινᾶιὶδί</span> <span class='ocrx_word' id='word_1_16' title='bbox 2324 483 2637 540; x_wconf 72' lang='lat' dir='ltr'>synagoga,</span> <span class='ocrx_word' id='word_1_17' title='bbox 2676 469 2847 540; x_wconf 87' lang='lat' dir='ltr'>juxta</span> <span class='ocrx_word' id='word_1_18' title='bbox 2907 468 3132 525; x_wconf 86' lang='lat' dir='ltr'>ﬂumen</span> <span class='ocrx_word' id='word_1_19' title='bbox 3192 474 3356 525; x_wconf 82' lang='lat' dir='ltr'>extra</span> <span class='ocrx_word' id='word_1_20' title='bbox 3410 471 3708 528; x_wconf 85' lang='lat' dir='ltr'>civitatem</span> 
     </span>
    </p>
   </div>
   <div class='ocr_carea' id='block_1_4' title="bbox 256 556 1968 636">
    <p class='ocr_par' dir='ltr' id='par_1_4' title="bbox 256 557 1840 636">
     <span class='ocr_line' id='line_1_4' title="bbox 256 557 1840 636; baseline -0.001 -18"><span class='ocrx_word' id='word_1_21' title='bbox 256 557 553 629; x_wconf 69' lang='grc' dir='ltr'>θεοσεῦεἷς.</span> <span class='ocrx_word' id='word_1_22' title='bbox 590 562 899 619; x_wconf 79' lang='grc' dir='ltr'>Νεάπολιν</span> <span class='ocrx_word' id='word_1_23' title='bbox 932 561 990 618; x_wconf 74' lang='grc' dir='ltr'>δὲ</span> <span class='ocrx_word' id='word_1_24' title='bbox 1018 564 1117 631; x_wconf 79' lang='grc' dir='ltr'>τήν</span> <span class='ocrx_word' id='word_1_25' title='bbox 1151 566 1239 616; x_wconf 80' lang='grc' dir='ltr'>νῦν</span> <span class='ocrx_word' id='word_1_26' title='bbox 1269 558 1636 636; x_wconf 87' lang='grc' dir='ltr'>Χριστόπολιν</span> <span class='ocrx_word' id='word_1_27' title='bbox 1670 557 1840 633; x_wconf 71' lang='grc' dir='ltr'>λέγει.</span> 
     </span>
    </p>
   </div>
   <div class='ocr_carea' id='block_1_5' title="bbox 2085 556 3712 636">
    <p class='ocr_par' dir='ltr' id='par_1_5' title="bbox 2086 556 3712 630">
     <span class='ocr_line' id='line_1_5' title="bbox 2086 556 3712 630; baseline 0.005 -20"><span class='ocrx_word' id='word_1_28' title='bbox 2086 556 2207 611; x_wconf 88' lang='lat' dir='ltr'>lam</span> <span class='ocrx_word' id='word_1_29' title='bbox 2238 559 2773 630; x_wconf 75' lang='lat' dir='ltr'>congregabantur,</span> <span class='ocrx_word' id='word_1_30' title='bbox 2798 560 2901 628; x_wconf 89' lang='lat' dir='ltr'>qui</span> <span class='ocrx_word' id='word_1_31' title='bbox 2929 560 3202 614; x_wconf 79' lang='lat' dir='ltr'>videlicet</span> <span class='ocrx_word' id='word_1_32' title='bbox 3220 562 3399 615; x_wconf 85' lang='lat' dir='ltr'>Deum</span> <span class='ocrx_word' id='word_1_33' title='bbox 3418 562 3712 618; x_wconf 82' lang='lat' dir='ltr'>colebant.</span> 
     </span>
    </p>
   </div>
   <div class='ocr_carea' id='block_1_6' title="bbox 2048 646 3717 723">
    <p class='ocr_par' dir='ltr' id='par_1_6' title="bbox 2048 646 3717 723">
     <span class='ocr_line' id='line_1_6' title="bbox 2048 646 3717 723; baseline 0.005 -24"><span class='ocrx_word' id='word_1_34' title='bbox 2048 646 2353 718; x_wconf 83' lang='lat' dir='ltr'>Neapolim</span> <span class='ocrx_word' id='word_1_35' title='bbox 2386 654 2584 703; x_wconf 89' lang='lat' dir='ltr'>autem</span> <span class='ocrx_word' id='word_1_36' title='bbox 2608 648 2753 704; x_wconf 80' lang='lat' dir='ltr'>dicit</span> <span class='ocrx_word' id='word_1_37' title='bbox 2769 666 2908 719; x_wconf 74' lang='lat' dir='ltr'>qum</span> <span class='ocrx_word' id='word_1_38' title='bbox 2928 666 3087 704; x_wconf 90' lang='lat' dir='ltr'>nunc</span> <span class='ocrx_word' id='word_1_39' title='bbox 3109 650 3717 723; x_wconf 85' lang='lat' dir='ltr'>ChristOpolisappel-</span> 
     </span>
    </p>
   </div>
   <div class='ocr_carea' id='block_1_7' title="bbox 2053 736 2238 791">
    <p class='ocr_par' dir='ltr' id='par_1_7' title="bbox 2053 736 2238 791">
     <span class='ocr_line' id='line_1_7' title="bbox 2053 736 2238 791; baseline -0.011 0"><span class='ocrx_word' id='word_1_40' title='bbox 2053 736 2238 791; x_wconf 87' lang='lat' dir='ltr'>latur.</span> 
     </span>
    </p>
   </div>
   <div class='ocr_carea' id='block_1_8' title="bbox 353 819 1944 901">
    <p class='ocr_par' dir='ltr' id='par_1_8' title="bbox 353 819 1944 901">
     <span class='ocr_line' id='line_1_8' title="bbox 353 819 1944 901; baseline -0.006 -23"><span class='ocrx_word' id='word_1_41' title='bbox 353 852 379 878; x_wconf 75' lang='grc' dir='ltr'>α</span> <span class='ocrx_word' id='word_1_42' title='bbox 413 823 659 901; x_wconf 73' lang='grc' dir='ltr'>Ἐγένετο</span> <span class='ocrx_word' id='word_1_43' title='bbox 694 820 755 877; x_wconf 71' lang='grc' dir='ltr'>δὲ</span> <span class='ocrx_word' id='word_1_44' title='bbox 807 822 1199 897; x_wconf 66' lang='grc' dir='ltr'>πορευομένων</span> <span class='ocrx_word' id='word_1_45' title='bbox 1261 823 1423 893; x_wconf 78' lang='grc' dir='ltr'>ἡμῶν</span> <span class='ocrx_word' id='word_1_46' title='bbox 1476 819 1550 880; x_wconf 89' lang='grc' dir='ltr'>εἷς</span> <span class='ocrx_word' id='word_1_47' title='bbox 1600 822 1944 893; x_wconf 77' lang='grc' dir='ltr'>προσευχήν,</span> 
     </span>
    </p>
   </div>
   <div class='ocr_carea' id='block_1_9' title="bbox 290 906 1947 986">
    <p class='ocr_par' dir='ltr' id='par_1_9' title="bbox 290 906 1947 986">
     <span class='ocr_line' id='line_1_9' title="bbox 290 906 1947 986; baseline -0.008 -15"><span class='ocrx_word' id='word_1_48' title='bbox 290 942 316 970; x_wconf 71' lang='grc' dir='ltr'><strong>ο(</strong></span> <span class='ocrx_word' id='word_1_49' title='bbox 347 913 639 982; x_wconf 70' lang='grc' dir='ltr'>παιδίσκην</span> <span class='ocrx_word' id='word_1_50' title='bbox 670 913 800 969; x_wconf 69' lang='grc' dir='ltr'>τινὰ</span> <span class='ocrx_word' id='word_1_51' title='bbox 831 911 1070 986; x_wconf 80' lang='grc' dir='ltr'>ἔχουσαν</span> <span class='ocrx_word' id='word_1_52' title='bbox 1106 913 1317 981; x_wconf 75' lang='grc' dir='ltr'>πνεῦμα</span> <span class='ocrx_word' id='word_1_53' title='bbox 1373 908 1657 976; x_wconf 76' lang='grc' dir='ltr'>Πυθωνος,</span> <span class='ocrx_word' id='word_1_54' title='bbox 1706 906 1947 973; x_wconf 80' lang='grc' dir='ltr'>ἀπαντῆ-</span> 
     </span>
    </p>
   </div>
   <div class='ocr_carea' id='block_1_10' title="bbox 298 997 1950 1080">
    <p class='ocr_par' dir='ltr' id='par_1_10' title="bbox 298 997 1950 1080">
     <span class='ocr_line' id='line_1_10' title="bbox 298 997 1950 1080; baseline -0.008 -19"><span class='ocrx_word' id='word_1_55' title='bbox 298 1036 326 1061; x_wconf 72' lang='grc' dir='ltr'>ιι</span> <span class='ocrx_word' id='word_1_56' title='bbox 364 1029 450 1063; x_wconf 84' lang='grc' dir='ltr'>σαι</span> <span class='ocrx_word' id='word_1_57' title='bbox 471 1010 622 1080; x_wconf 67' lang='grc' dir='ltr'>ἡμῖν,</span> <span class='ocrx_word' id='word_1_58' title='bbox 652 1007 779 1075; x_wconf 67' lang='grc' dir='ltr'>ἣτις</span> <span class='ocrx_word' id='word_1_59' title='bbox 813 1002 1067 1077; x_wconf 77' lang='grc' dir='ltr'>ἐργασίαν</span> <span class='ocrx_word' id='word_1_60' title='bbox 1128 997 1344 1069; x_wconf 70' lang='grc' dir='ltr'>πολλὴν</span> <span class='ocrx_word' id='word_1_61' title='bbox 1406 1003 1637 1073; x_wconf 84' lang='grc' dir='ltr'>παρεῖχε</span> <span class='ocrx_word' id='word_1_62' title='bbox 1679 1001 1795 1058; x_wconf 83' lang='grc' dir='ltr'>τοῖς</span> <span class='ocrx_word' id='word_1_63' title='bbox 1844 1016 1950 1049; x_wconf 87' lang='grc' dir='ltr'>κυ-</span> 
     </span>
    </p>
   </div>
   <div class='ocr_carea' id='block_1_11' title="bbox 304 1086 1955 1172">
    <p class='ocr_par' dir='ltr' id='par_1_11' title="bbox 304 1086 1955 1172">
     <span class='ocr_line' id='line_1_11' title="bbox 304 1086 1955 1172; baseline -0.009 -20"><span class='ocrx_word' id='word_1_64' title='bbox 304 1123 331 1152; x_wconf 78' lang='grc' dir='ltr'>ι</span> <span class='ocrx_word' id='word_1_65' title='bbox 364 1098 507 1172; x_wconf 79' lang='grc' dir='ltr'>ρίοις</span> <span class='ocrx_word' id='word_1_66' title='bbox 548 1096 715 1159; x_wconf 74' lang='grc' dir='ltr'>αὐτῆς</span> <span class='ocrx_word' id='word_1_67' title='bbox 777 1092 1180 1166; x_wconf 87' lang='grc' dir='ltr'>μαντευομένη,</span> <span class='ocrx_word' id='word_1_68' title='bbox 1236 1089 1385 1159; x_wconf 76' lang='grc' dir='ltr'>Αὕτη</span> <span class='ocrx_word' id='word_1_69' title='bbox 1435 1086 1955 1156; x_wconf 77' lang='grc' dir='ltr'>κατακολουθήσασα</span> 
     </span>
    </p>
   </div>
   <div class='ocr_carea' id='block_1_12' title="bbox 298 1174 1955 1259">
    <p class='ocr_par' dir='ltr' id='par_1_12' title="bbox 298 1174 1955 1259">
     <span class='ocr_line' id='line_1_12' title="bbox 298 1174 1955 1259; baseline -0.008 -19"><span class='ocrx_word' id='word_1_70' title='bbox 298 1211 322 1240; x_wconf 76' lang='grc' dir='ltr'>ι</span> <span class='ocrx_word' id='word_1_71' title='bbox 355 1193 439 1259; x_wconf 77' lang='grc' dir='ltr'>τῷ</span> <span class='ocrx_word' id='word_1_72' title='bbox 494 1184 694 1257; x_wconf 69' lang='grc' dir='ltr'>Παύλῳ</span> <span class='ocrx_word' id='word_1_73' title='bbox 751 1183 842 1238; x_wconf 79' lang='grc' dir='ltr'>καὶ</span> <span class='ocrx_word' id='word_1_74' title='bbox 907 1185 1049 1254; x_wconf 77' lang='grc' dir='ltr'>ἡμῖν</span> <span class='ocrx_word' id='word_1_75' title='bbox 1108 1175 1297 1254; x_wconf 79' lang='grc' dir='ltr'>ἔκραζε</span> <span class='ocrx_word' id='word_1_76' title='bbox 1366 1178 1621 1254; x_wconf 79' lang='grc' dir='ltr'>Λέγουσα·</span> <span class='ocrx_word' id='word_1_77' title='bbox 1679 1175 1840 1230; x_wconf 81' lang='grc' dir='ltr'>Οὗτοι</span> <span class='ocrx_word' id='word_1_78' title='bbox 1903 1174 1955 1228; x_wconf 73' lang='grc' dir='ltr'>οἳ</span> 
     </span>
    </p>
   </div>
   <div class='ocr_carea' id='block_1_13' title="bbox 289 1261 1953 1347">
    <p class='ocr_par' dir='ltr' id='par_1_13' title="bbox 289 1261 1953 1347">
     <span class='ocr_line' id='line_1_13' title="bbox 289 1261 1953 1347; baseline -0.009 -18"><span class='ocrx_word' id='word_1_79' title='bbox 289 1301 319 1329; x_wconf 89' lang='grc'>‹‹</span> <span class='ocrx_word' id='word_1_80' title='bbox 382 1275 662 1347; x_wconf 75' lang='grc' dir='ltr'>ἄνθρωποι</span> <span class='ocrx_word' id='word_1_81' title='bbox 721 1269 913 1326; x_wconf 77' lang='grc' dir='ltr'>δοῦλοι</span> <span class='ocrx_word' id='word_1_82' title='bbox 971 1271 1069 1323; x_wconf 78' lang='grc' dir='ltr'>τοῦ</span> <span class='ocrx_word' id='word_1_83' title='bbox 1122 1271 1256 1321; x_wconf 69' lang='grc' dir='ltr'>Θεοῦ</span> <span class='ocrx_word' id='word_1_84' title='bbox 1322 1269 1419 1320; x_wconf 76' lang='grc' dir='ltr'>τοῦ</span> <span class='ocrx_word' id='word_1_85' title='bbox 1512 1263 1738 1337; x_wconf 81' lang='grc' dir='ltr'>ὑψίστου</span> <span class='ocrx_word' id='word_1_86' title='bbox 1798 1261 1953 1332; x_wconf 77' lang='grc' dir='ltr'>εἰσὶν,</span> 
     </span>
    </p>
   </div>
   <div class='ocr_carea' id='block_1_14' title="bbox 291 1349 1956 1434">
    <p class='ocr_par' dir='ltr' id='par_1_14' title="bbox 291 1349 1956 1434">
     <span class='ocr_line' id='line_1_14' title="bbox 291 1349 1956 1434; baseline -0.009 -15"><span class='ocrx_word' id='word_1_87' title='bbox 291 1387 319 1419; x_wconf 78' lang='grc' dir='ltr'>ι</span> <span class='ocrx_word' id='word_1_88' title='bbox 386 1363 594 1422; x_wconf 66' lang='grc' dir='ltr'>οἷ’τινες</span> <span class='ocrx_word' id='word_1_89' title='bbox 681 1356 1143 1434; x_wconf 65' lang='grc' dir='ltr'>καταγγέλλουσιν</span> <span class='ocrx_word' id='word_1_90' title='bbox 1241 1355 1377 1426; x_wconf 83' lang='grc' dir='ltr'>ἡμῖν</span> <span class='ocrx_word' id='word_1_91' title='bbox 1462 1349 1586 1407; x_wconf 85' lang='grc' dir='ltr'>ὁδὸν</span> <span class='ocrx_word' id='word_1_92' title='bbox 1659 1351 1956 1425; x_wconf 83' lang='grc' dir='ltr'>σωτηρίας.</span> 
     </span>
    </p>
   </div>
   <div class='ocr_carea' id='block_1_15' title="bbox 287 1438 1963 1514">
    <p class='ocr_par' dir='ltr' id='par_1_15' title="bbox 287 1438 1963 1514">
     <span class='ocr_line' id='line_1_15' title="bbox 287 1438 1963 1514; baseline -0.01 -6"><span class='ocrx_word' id='word_1_93' title='bbox 287 1479 317 1507; x_wconf 79' lang='grc' dir='ltr'>α</span> <span class='ocrx_word' id='word_1_94' title='bbox 353 1456 532 1507; x_wconf 73' lang='grc' dir='ltr'>Τοῦτο</span> <span class='ocrx_word' id='word_1_95' title='bbox 564 1448 623 1505; x_wconf 79' lang='grc' dir='ltr'>δὲ</span> <span class='ocrx_word' id='word_1_96' title='bbox 665 1447 834 1503; x_wconf 80' lang='grc' dir='ltr'>ἐποίει</span> <span class='ocrx_word' id='word_1_97' title='bbox 885 1446 975 1501; x_wconf 85' lang='grc' dir='ltr'>ἐπὶ</span> <span class='ocrx_word' id='word_1_98' title='bbox 1032 1441 1251 1504; x_wconf 76' lang='grc' dir='ltr'>πολλὰς</span> <span class='ocrx_word' id='word_1_99' title='bbox 1312 1440 1541 1514; x_wconf 81' lang='grc' dir='ltr'>ἡμέρας.</span> <span class='ocrx_word' id='word_1_100' title='bbox 1604 1438 1963 1508; x_wconf 84' lang='grc' dir='ltr'>Διαπονηθεὶς</span> 
     </span>
    </p>
   </div>
   <div class='ocr_carea' id='block_1_16' title="bbox 286 1528 1959 1607">
    <p class='ocr_par' dir='ltr' id='par_1_16' title="bbox 286 1528 1959 1607">
     <span class='ocr_line' id='line_1_16' title="bbox 286 1528 1959 1607; baseline -0.008 -12"><span class='ocrx_word' id='word_1_101' title='bbox 286 1567 317 1595; x_wconf 74' lang='grc' dir='ltr'>π</span> <span class='ocrx_word' id='word_1_102' title='bbox 354 1544 475 1599; x_wconf 79' lang='grc' dir='ltr'>δὲὸ</span> <span class='ocrx_word' id='word_1_103' title='bbox 537 1538 760 1599; x_wconf 74' lang='grc' dir='ltr'>Παῦλος</span> <span class='ocrx_word' id='word_1_104' title='bbox 818 1535 907 1590; x_wconf 80' lang='grc' dir='ltr'>καὶ</span> <span class='ocrx_word' id='word_1_105' title='bbox 968 1533 1314 1607; x_wconf 77' lang='grc' dir='ltr'>ἐπιστρέψας,</span> <span class='ocrx_word' id='word_1_106' title='bbox 1371 1535 1450 1603; x_wconf 83' lang='grc' dir='ltr'>τῷ</span> <span class='ocrx_word' id='word_1_107' title='bbox 1495 1528 1761 1602; x_wconf 73' lang='grc' dir='ltr'>πνεύματι</span> <span class='ocrx_word' id='word_1_108' title='bbox 1824 1528 1959 1591; x_wconf 71' lang='grc' dir='ltr'>εἶπε,</span> 
     </span>
    </p>
   </div>
   <div class='ocr_carea' id='block_1_17' title="bbox 298 1619 1963 1708">
    <p class='ocr_par' dir='ltr' id='par_1_17' title="bbox 298 1619 1963 1708">
     <span class='ocr_line' id='line_1_17' title="bbox 298 1619 1963 1708; baseline -0.014 -16"><span class='ocrx_word' id='word_1_109' title='bbox 298 1662 327 1692; x_wconf 81' lang='grc' dir='ltr'>ιι</span> <span class='ocrx_word' id='word_1_110' title='bbox 360 1626 755 1708; x_wconf 76' lang='grc' dir='ltr'>Παραγγέλλω</span> <span class='ocrx_word' id='word_1_111' title='bbox 807 1647 889 1681; x_wconf 90' lang='grc' dir='ltr'>σοι</span> <span class='ocrx_word' id='word_1_112' title='bbox 949 1621 1003 1678; x_wconf 87' lang='grc' dir='ltr'>ἐν</span> <span class='ocrx_word' id='word_1_113' title='bbox 1060 1623 1140 1694; x_wconf 84' lang='grc' dir='ltr'>τῷ</span> <span class='ocrx_word' id='word_1_114' title='bbox 1199 1621 1426 1694; x_wconf 87' lang='grc' dir='ltr'>ὀνόματι</span> <span class='ocrx_word' id='word_1_115' title='bbox 1488 1621 1670 1690; x_wconf 85' lang='grc' dir='ltr'>Ἰησοῦ</span> <span class='ocrx_word' id='word_1_116' title='bbox 1721 1619 1963 1708; x_wconf 79' lang='grc' dir='ltr'>Χριστοῦ</span> 
     </span>
    </p>
   </div>
   <div class='ocr_carea' id='block_1_18' title="bbox 293 1706 1962 1797">
    <p class='ocr_par' dir='ltr' id='par_1_18' title="bbox 293 1706 1962 1797">
     <span class='ocr_line' id='line_1_18' title="bbox 293 1706 1962 1797; baseline 0.007 -24"><span class='ocrx_word' id='word_1_117' title='bbox 293 1752 319 1777; x_wconf 67' lang='grc' dir='ltr'>α</span> <span class='ocrx_word' id='word_1_118' title='bbox 360 1706 608 1797; x_wconf 75' lang='grc' dir='ltr'>ἐξελθεῖν</span> <span class='ocrx_word' id='word_1_119' title='bbox 674 1718 767 1772; x_wconf 80' lang='grc' dir='ltr'>ἀπ’</span> <span class='ocrx_word' id='word_1_120' title='bbox 818 1715 1008 1784; x_wconf 75' lang='grc' dir='ltr'>αὐτῆς.</span> <span class='ocrx_word' id='word_1_121' title='bbox 1046 1712 1147 1769; x_wconf 86' lang='grc' dir='ltr'>Καὶ</span> <span class='ocrx_word' id='word_1_122' title='bbox 1220 1710 1441 1781; x_wconf 64' lang='grc' dir='ltr'>ἐξῆλθεν</span> <span class='ocrx_word' id='word_1_123' title='bbox 1502 1707 1637 1781; x_wconf 70' lang='grc' dir='ltr'>αὖτῆ</span> <span class='ocrx_word' id='word_1_124' title='bbox 1693 1710 1762 1781; x_wconf 66' lang='grc' dir='ltr'>τῇ</span> <span class='ocrx_word' id='word_1_125' title='bbox 1825 1706 1962 1797; x_wconf 16' lang='grc' dir='ltr'>ᾥρίᾳ·</span> 
     </span>
    </p>
   </div>
   <div class='ocr_carea' id='block_1_19' title="bbox 2124 828 3715 900">
    <p class='ocr_par' dir='ltr' id='par_1_19' title="bbox 2124 828 3715 900">
     <span class='ocr_line' id='line_1_19' title="bbox 2124 828 3715 900; baseline 0.003 -20"><span class='ocrx_word' id='word_1_126' title='bbox 2124 828 2271 895; x_wconf 80' lang='lat' dir='ltr'>XVI,</span> <span class='ocrx_word' id='word_1_127' title='bbox 2309 828 2487 883; x_wconf 77' lang='lat'>16-25.</span> <span class='ocrx_word' id='word_1_128' title='bbox 2524 850 2549 875; x_wconf 81' lang='grc' dir='ltr'>α</span> <span class='ocrx_word' id='word_1_129' title='bbox 2588 829 2853 900; x_wconf 79' lang='lat' dir='ltr'>Contigit</span> <span class='ocrx_word' id='word_1_130' title='bbox 2911 835 3107 884; x_wconf 89' lang='lat' dir='ltr'>autem</span> <span class='ocrx_word' id='word_1_131' title='bbox 3168 847 3300 885; x_wconf 91' lang='lat' dir='ltr'>cum</span> <span class='ocrx_word' id='word_1_132' title='bbox 3360 831 3583 885; x_wconf 85' lang='lat' dir='ltr'>iremus</span> <span class='ocrx_word' id='word_1_133' title='bbox 3641 831 3715 885; x_wconf 89' lang='lat' dir='ltr'>ad</span> 
     </span>
    </p>
   </div>
   <div class='ocr_carea' id='block_1_20' title="bbox 2057 916 3715 991">
    <p class='ocr_par' dir='ltr' id='par_1_20' title="bbox 2057 916 3715 991">
     <span class='ocr_line' id='line_1_20' title="bbox 2057 916 3715 991; baseline 0.006 -27"><span class='ocrx_word' id='word_1_134' title='bbox 2057 937 2083 964; x_wconf 87' lang='lat'>«</span> <span class='ocrx_word' id='word_1_135' title='bbox 2119 916 2523 986; x_wconf 80' lang='lat' dir='ltr'>precationem</span> <span class='ocrx_word' id='word_1_136' title='bbox 2556 922 2622 970; x_wconf 89' lang='lat' dir='ltr'>ut</span> <span class='ocrx_word' id='word_1_137' title='bbox 2653 919 2853 989; x_wconf 91' lang='lat' dir='ltr'>puella</span> <span class='ocrx_word' id='word_1_138' title='bbox 2879 919 3147 988; x_wconf 68' lang='lat' dir='ltr'>quaedam</span> <span class='ocrx_word' id='word_1_139' title='bbox 3182 920 3409 974; x_wconf 88' lang='lat' dir='ltr'>habens</span> <span class='ocrx_word' id='word_1_140' title='bbox 3442 920 3715 991; x_wconf 81' lang='lat' dir='ltr'>spiritum</span> 
     </span>
    </p>
   </div>
   <div class='ocr_carea' id='block_1_21' title="bbox 2060 1008 3716 1081">
    <p class='ocr_par' dir='ltr' id='par_1_21' title="bbox 2060 1008 3716 1081">
     <span class='ocr_line' id='line_1_21' title="bbox 2060 1008 3716 1081; baseline 0.005 -23"><span class='ocrx_word' id='word_1_141' title='bbox 2060 1030 2087 1058; x_wconf 87' lang='grc'>‹‹</span> <span class='ocrx_word' id='word_1_142' title='bbox 2122 1008 2407 1079; x_wconf 85' lang='lat' dir='ltr'>Pythonis</span> <span class='ocrx_word' id='word_1_143' title='bbox 2448 1016 2795 1064; x_wconf 81' lang='lat' dir='ltr'>occurreret</span> <span class='ocrx_word' id='word_1_144' title='bbox 2824 1010 3018 1077; x_wconf 90' lang='lat' dir='ltr'>nobis,</span> <span class='ocrx_word' id='word_1_145' title='bbox 3055 1028 3184 1081; x_wconf 72' lang='lat' dir='ltr'>quaa</span> <span class='ocrx_word' id='word_1_146' title='bbox 3240 1018 3533 1081; x_wconf 66' lang='lat' dir='ltr'>quaestum</span> <span class='ocrx_word' id='word_1_147' title='bbox 3586 1029 3716 1066; x_wconf 88' lang='lat' dir='ltr'>ma-</span> 
     </span>
    </p>
   </div>
   <div class='ocr_carea' id='block_1_22' title="bbox 2065 1099 3716 1169">
    <p class='ocr_par' dir='ltr' id='par_1_22' title="bbox 2065 1099 3716 1169">
     <span class='ocr_line' id='line_1_22' title="bbox 2065 1099 3716 1169; baseline 0.002 -18"><span class='ocrx_word' id='word_1_148' title='bbox 2065 1114 2303 1169; x_wconf 84' lang='lat' dir='ltr'>«gnum</span> <span class='ocrx_word' id='word_1_149' title='bbox 2336 1099 2655 1169; x_wconf 66' lang='lat' dir='ltr'>praestabat</span> <span class='ocrx_word' id='word_1_150' title='bbox 2689 1099 2951 1154; x_wconf 89' lang='lat' dir='ltr'>dominis</span> <span class='ocrx_word' id='word_1_151' title='bbox 3002 1101 3122 1154; x_wconf 87' lang='lat' dir='ltr'>suis</span> <span class='ocrx_word' id='word_1_152' title='bbox 3182 1100 3521 1155; x_wconf 88' lang='lat' dir='ltr'>divinando.</span> <span class='ocrx_word' id='word_1_153' title='bbox 3581 1102 3716 1155; x_wconf 67' lang='lat' dir='ltr'>Haec</span> 
     </span>
    </p>
   </div>
   <div class='ocr_carea' id='block_1_23' title="bbox 2064 1187 3715 1253">
    <p class='ocr_par' dir='ltr' id='par_1_23' title="bbox 2064 1187 3715 1253">
     <span class='ocr_line' id='line_1_23' title="bbox 2064 1187 3715 1253; baseline 0.004 -15"><span class='ocrx_word' id='word_1_154' title='bbox 2064 1208 2092 1237; x_wconf 89' lang='lat'><strong>«</strong></span> <span class='ocrx_word' id='word_1_155' title='bbox 2128 1187 2442 1242; x_wconf 89' lang='lat' dir='ltr'>subsecuta</span> <span class='ocrx_word' id='word_1_156' title='bbox 2499 1189 2746 1243; x_wconf 89' lang='lat' dir='ltr'>Paulum</span> <span class='ocrx_word' id='word_1_157' title='bbox 2813 1205 2880 1244; x_wconf 91' lang='lat' dir='ltr'>ac</span> <span class='ocrx_word' id='word_1_158' title='bbox 2931 1206 3060 1253; x_wconf 90' lang='lat' dir='ltr'>nos,</span> <span class='ocrx_word' id='word_1_159' title='bbox 3119 1190 3413 1245; x_wconf 89' lang='lat' dir='ltr'>clamabat</span> <span class='ocrx_word' id='word_1_160' title='bbox 3471 1190 3715 1245; x_wconf 90' lang='lat' dir='ltr'>dicens:</span> 
     </span>
    </p>
   </div>
   <div class='ocr_carea' id='block_1_24' title="bbox 2066 1275 3717 1348">
    <p class='ocr_par' dir='ltr' id='par_1_24' title="bbox 2066 1275 3717 1348">
     <span class='ocr_line' id='line_1_24' title="bbox 2066 1275 3717 1348; baseline 0.005 -25"><span class='ocrx_word' id='word_1_161' title='bbox 2066 1296 2092 1323; x_wconf 87' lang='grc'>‹‹</span> <span class='ocrx_word' id='word_1_162' title='bbox 2122 1276 2223 1329; x_wconf 88' lang='lat' dir='ltr'>Isti</span> <span class='ocrx_word' id='word_1_163' title='bbox 2254 1275 2527 1331; x_wconf 88' lang='lat' dir='ltr'>homines</span> <span class='ocrx_word' id='word_1_164' title='bbox 2541 1278 2690 1330; x_wconf 87' lang='lat' dir='ltr'>servi</span> <span class='ocrx_word' id='word_1_165' title='bbox 2715 1278 2814 1332; x_wconf 90' lang='lat' dir='ltr'>Dei</span> <span class='ocrx_word' id='word_1_166' title='bbox 2832 1278 3048 1332; x_wconf 90' lang='lat' dir='ltr'>summi</span> <span class='ocrx_word' id='word_1_167' title='bbox 3068 1278 3332 1348; x_wconf 85' lang='lat' dir='ltr'>suntqui</span> <span class='ocrx_word' id='word_1_168' title='bbox 3357 1280 3717 1333; x_wconf 90' lang='lat' dir='ltr'>annuntiant</span> 
     </span>
    </p>
   </div>
   <div class='ocr_carea' id='block_1_25' title="bbox 2066 1364 3711 1422">
    <p class='ocr_par' dir='ltr' id='par_1_25' title="bbox 2066 1364 3711 1422">
     <span class='ocr_line' id='line_1_25' title="bbox 2066 1364 3711 1422; baseline 0.005 -8"><span class='ocrx_word' id='word_1_169' title='bbox 2066 1387 2095 1415; x_wconf 84' lang='grc'>‹‹</span> <span class='ocrx_word' id='word_1_170' title='bbox 2128 1364 2293 1419; x_wconf 82' lang='lat' dir='ltr'>vobis</span> <span class='ocrx_word' id='word_1_171' title='bbox 2319 1366 2472 1419; x_wconf 84' lang='lat' dir='ltr'>viam</span> <span class='ocrx_word' id='word_1_172' title='bbox 2501 1365 2725 1420; x_wconf 90' lang='lat' dir='ltr'>salutis.</span> <span class='ocrx_word' id='word_1_173' title='bbox 2765 1366 2827 1421; x_wconf 92' lang='lat' dir='ltr'>ld</span> <span class='ocrx_word' id='word_1_174' title='bbox 2856 1372 3054 1422; x_wconf 89' lang='lat' dir='ltr'>autem</span> <span class='ocrx_word' id='word_1_175' title='bbox 3083 1366 3337 1421; x_wconf 86' lang='lat' dir='ltr'>faciebat</span> <span class='ocrx_word' id='word_1_176' title='bbox 3376 1368 3448 1421; x_wconf 90' lang='lat' dir='ltr'>ad</span> <span class='ocrx_word' id='word_1_177' title='bbox 3492 1368 3711 1422; x_wconf 90' lang='lat' dir='ltr'>multos</span> 
     </span>
    </p>
   </div>
   <div class='ocr_carea' id='block_1_26' title="bbox 2070 1456 3718 1527">
    <p class='ocr_par' dir='ltr' id='par_1_26' title="bbox 2070 1456 3718 1527">
     <span class='ocr_line' id='line_1_26' title="bbox 2070 1456 3718 1527; baseline 0.002 -18"><span class='ocrx_word' id='word_1_178' title='bbox 2070 1476 2098 1505; x_wconf 85' lang='lat'><strong><em>«</em></strong></span> <span class='ocrx_word' id='word_1_179' title='bbox 2129 1456 2274 1510; x_wconf 90' lang='lat' dir='ltr'>dies.</span> <span class='ocrx_word' id='word_1_180' title='bbox 2310 1456 2529 1511; x_wconf 88' lang='lat' dir='ltr'>Paulus</span> <span class='ocrx_word' id='word_1_181' title='bbox 2566 1474 2701 1511; x_wconf 88' lang='lat' dir='ltr'>vero</span> <span class='ocrx_word' id='word_1_182' title='bbox 2736 1472 2886 1527; x_wconf 64' lang='lat' dir='ltr'>aegre</span> <span class='ocrx_word' id='word_1_183' title='bbox 2908 1457 3103 1511; x_wconf 83' lang='lat' dir='ltr'>ferens</span> <span class='ocrx_word' id='word_1_184' title='bbox 3123 1464 3180 1510; x_wconf 90' lang='lat' dir='ltr'>et</span> <span class='ocrx_word' id='word_1_185' title='bbox 3201 1474 3538 1525; x_wconf 89' lang='lat' dir='ltr'>conversus,</span> <span class='ocrx_word' id='word_1_186' title='bbox 3570 1458 3718 1513; x_wconf 84' lang='lat' dir='ltr'>dixit</span> 
     </span>
    </p>
   </div>
   <div class='ocr_carea' id='block_1_27' title="bbox 2077 1545 3716 1616">
    <p class='ocr_par' dir='ltr' id='par_1_27' title="bbox 2077 1545 3716 1616">
     <span class='ocr_line' id='line_1_27' title="bbox 2077 1545 3716 1616; baseline 0.005 -23"><span class='ocrx_word' id='word_1_187' title='bbox 2077 1567 2097 1593; x_wconf 73' lang='grc' dir='ltr'>ε</span> <span class='ocrx_word' id='word_1_188' title='bbox 2134 1545 2207 1599; x_wconf 90' lang='lat' dir='ltr'>ad</span> <span class='ocrx_word' id='word_1_189' title='bbox 2242 1545 2544 1615; x_wconf 85' lang='lat' dir='ltr'>spiritum:</span> <span class='ocrx_word' id='word_1_190' title='bbox 2572 1545 2853 1616; x_wconf 65' lang='lat' dir='ltr'>Principio</span> <span class='ocrx_word' id='word_1_191' title='bbox 2883 1545 2985 1599; x_wconf 92' lang='lat' dir='ltr'>tibi</span> <span class='ocrx_word' id='word_1_192' title='bbox 3017 1562 3122 1616; x_wconf 89' lang='lat' dir='ltr'>per</span> <span class='ocrx_word' id='word_1_193' title='bbox 3151 1563 3370 1601; x_wconf 85' lang='lat' dir='ltr'>nomen</span> <span class='ocrx_word' id='word_1_194' title='bbox 3400 1549 3534 1602; x_wconf 83' lang='lat' dir='ltr'>Jesu</span> <span class='ocrx_word' id='word_1_195' title='bbox 3554 1547 3716 1601; x_wconf 78' lang='lat' dir='ltr'>Chri-</span> 
     </span>
    </p>
   </div>
   <div class='ocr_carea' id='block_1_28' title="bbox 2074 1636 3717 1695">
    <p class='ocr_par' dir='ltr' id='par_1_28' title="bbox 2074 1636 3717 1695">
     <span class='ocr_line' id='line_1_28' title="bbox 2074 1636 3717 1695; baseline 0.004 -8"><span class='ocrx_word' id='word_1_196' title='bbox 2074 1659 2101 1687; x_wconf 90' lang='grc'>‹‹</span> <span class='ocrx_word' id='word_1_197' title='bbox 2140 1637 2211 1691; x_wconf 87' lang='lat' dir='ltr'>sti</span> <span class='ocrx_word' id='word_1_198' title='bbox 2236 1642 2302 1691; x_wconf 90' lang='lat' dir='ltr'>ut</span> <span class='ocrx_word' id='word_1_199' title='bbox 2335 1653 2507 1691; x_wconf 86' lang='lat' dir='ltr'>exeas</span> <span class='ocrx_word' id='word_1_200' title='bbox 2539 1636 2610 1691; x_wconf 90' lang='lat' dir='ltr'>ab</span> <span class='ocrx_word' id='word_1_201' title='bbox 2644 1653 2730 1692; x_wconf 91' lang='lat' dir='ltr'>ea.</span> <span class='ocrx_word' id='word_1_202' title='bbox 2759 1637 2825 1691; x_wconf 85' lang='lat' dir='ltr'>Et</span> <span class='ocrx_word' id='word_1_203' title='bbox 2855 1638 2999 1693; x_wconf 81' lang='lat' dir='ltr'>exiit</span> <span class='ocrx_word' id='word_1_204' title='bbox 3027 1638 3232 1693; x_wconf 87' lang='lat' dir='ltr'>eadem</span> <span class='ocrx_word' id='word_1_205' title='bbox 3266 1639 3717 1695; x_wconf 88' lang='lat' dir='ltr'>hora.Videntes</span> 
     </span>
    </p>
   </div>
   <div class='ocr_carea' id='block_1_29' title="bbox 2080 1725 3716 1799">
    <p class='ocr_par' dir='ltr' id='par_1_29' title="bbox 2080 1725 3716 1799">
     <span class='ocr_line' id='line_1_29' title="bbox 2080 1725 3716 1799; baseline 0.004 -22"><span class='ocrx_word' id='word_1_206' title='bbox 2080 1747 2104 1777; x_wconf 74' lang='grc' dir='ltr'>ε</span> <span class='ocrx_word' id='word_1_207' title='bbox 2130 1731 2326 1781; x_wconf 90' lang='lat' dir='ltr'>autem</span> <span class='ocrx_word' id='word_1_208' title='bbox 2360 1725 2585 1780; x_wconf 91' lang='lat' dir='ltr'>domini</span> <span class='ocrx_word' id='word_1_209' title='bbox 2624 1727 2751 1797; x_wconf 87' lang='lat' dir='ltr'>ejus</span> <span class='ocrx_word' id='word_1_210' title='bbox 2781 1728 2937 1797; x_wconf 91' lang='lat' dir='ltr'>quod</span> <span class='ocrx_word' id='word_1_211' title='bbox 2999 1726 3220 1782; x_wconf 88' lang='lat' dir='ltr'>abisset</span> <span class='ocrx_word' id='word_1_212' title='bbox 3277 1745 3410 1799; x_wconf 89' lang='lat' dir='ltr'>spes</span> <span class='ocrx_word' id='word_1_213' title='bbox 3456 1734 3716 1799; x_wconf 71' lang='lat' dir='ltr'>quaestus</span> 
     </span>
    </p>
   </div>
   <div class='ocr_carea' id='block_1_30' title="bbox 292 1795 1968 1885">
    <p class='ocr_par' dir='ltr' id='par_1_30' title="bbox 292 1795 1953 1876">
     <span class='ocr_line' id='line_1_30' title="bbox 292 1795 1953 1876; baseline -0.011 -9"><span class='ocrx_word' id='word_1_214' title='bbox 292 1842 317 1868; x_wconf 87' lang='grc'><strong>‹‹</strong></span> <span class='ocrx_word' id='word_1_215' title='bbox 354 1795 555 1873; x_wconf 62' lang='grc' dir='ltr'>’[δντες</span> <span class='ocrx_word' id='word_1_216' title='bbox 586 1807 645 1864; x_wconf 74' lang='grc' dir='ltr'>δὲ</span> <span class='ocrx_word' id='word_1_217' title='bbox 705 1809 756 1861; x_wconf 80' lang='grc' dir='ltr'>οί</span> <span class='ocrx_word' id='word_1_218' title='bbox 814 1804 995 1876; x_wconf 78' lang='grc' dir='ltr'>κύριοι</span> <span class='ocrx_word' id='word_1_219' title='bbox 1055 1802 1222 1869; x_wconf 73' lang='grc' dir='ltr'>αὐτῆς</span> <span class='ocrx_word' id='word_1_220' title='bbox 1281 1801 1362 1854; x_wconf 78' lang='grc' dir='ltr'>ὅτι</span> <span class='ocrx_word' id='word_1_221' title='bbox 1419 1798 1639 1868; x_wconf 77' lang='grc' dir='ltr'>ἐξῆλθεν</span> <span class='ocrx_word' id='word_1_222' title='bbox 1699 1798 1733 1865; x_wconf 81' lang='grc' dir='ltr'><strong>ἡ</strong></span> <span class='ocrx_word' id='word_1_223' title='bbox 1795 1795 1953 1856; x_wconf 85' lang='grc' dir='ltr'>ἐλπὶς</span> 
     </span>
    </p>
   </div>
   <div class='ocr_carea' id='block_1_31' title="bbox 2085 1795 3715 1885">
    <p class='ocr_par' dir='ltr' id='par_1_31' title="bbox 2085 1814 3715 1885">
     <span class='ocr_line' id='line_1_31' title="bbox 2085 1814 3715 1885; baseline 0.004 -20"><span class='ocrx_word' id='word_1_224' title='bbox 2085 1840 2093 1865; x_wconf 75' lang='grc' dir='ltr'>ι</span> <span class='ocrx_word' id='word_1_225' title='bbox 2130 1815 2243 1877; x_wconf 75' lang='lat' dir='ltr'>sui,</span> <span class='ocrx_word' id='word_1_226' title='bbox 2276 1815 2715 1885; x_wconf 86' lang='lat' dir='ltr'>apprehensum</span> <span class='ocrx_word' id='word_1_227' title='bbox 2746 1814 2997 1869; x_wconf 88' lang='lat' dir='ltr'>Paulum</span> <span class='ocrx_word' id='word_1_228' title='bbox 3027 1823 3085 1870; x_wconf 91' lang='lat' dir='ltr'>et</span> <span class='ocrx_word' id='word_1_229' title='bbox 3116 1816 3295 1871; x_wconf 89' lang='lat' dir='ltr'>Silam</span> <span class='ocrx_word' id='word_1_230' title='bbox 3320 1823 3626 1872; x_wconf 86' lang='lat' dir='ltr'>traxerunt</span> <span class='ocrx_word' id='word_1_231' title='bbox 3656 1819 3715 1871; x_wconf 89' lang='lat' dir='ltr'>in</span> 
     </span>
    </p>
   </div>
   <div class='ocr_carea' id='block_1_32' title="bbox 300 1886 1948 1976">
    <p class='ocr_par' dir='ltr' id='par_1_32' title="bbox 300 1886 1948 1976">
     <span class='ocr_line' id='line_1_32' title="bbox 300 1886 1948 1976; baseline -0.012 -17"><span class='ocrx_word' id='word_1_232' title='bbox 300 1913 451 1975; x_wconf 78' lang='grc' dir='ltr'>«τῆς</span> <span class='ocrx_word' id='word_1_233' title='bbox 514 1899 779 1976; x_wconf 82' lang='grc' dir='ltr'>ἐργασίας</span> <span class='ocrx_word' id='word_1_234' title='bbox 833 1896 1036 1959; x_wconf 78' lang='grc' dir='ltr'>αὐτῶν,</span> <span class='ocrx_word' id='word_1_235' title='bbox 1118 1886 1511 1963; x_wconf 70' lang='grc' dir='ltr'>ἐπιλαϐόμενοι</span> <span class='ocrx_word' id='word_1_236' title='bbox 1581 1889 1672 1943; x_wconf 90' lang='grc' dir='ltr'>τὸν</span> <span class='ocrx_word' id='word_1_237' title='bbox 1735 1886 1948 1942; x_wconf 84' lang='grc' dir='ltr'>Παῦλον</span> 
     </span>
    </p>
   </div>
   <div class='ocr_carea' id='block_1_33' title="bbox 300 1976 1950 2055">
    <p class='ocr_par' dir='ltr' id='par_1_33' title="bbox 300 1976 1950 2055">
     <span class='ocr_line' id='line_1_33' title="bbox 300 1976 1950 2055; baseline -0.012 -6"><span class='ocrx_word' id='word_1_238' title='bbox 300 1996 441 2051; x_wconf 80' lang='grc' dir='ltr'>υκαὶ</span> <span class='ocrx_word' id='word_1_239' title='bbox 470 1995 567 2048; x_wconf 73' lang='grc' dir='ltr'>τὸν</span> <span class='ocrx_word' id='word_1_240' title='bbox 604 1988 799 2055; x_wconf 81' lang='grc' dir='ltr'>Σίλαν,</span> <span class='ocrx_word' id='word_1_241' title='bbox 847 1984 1107 2041; x_wconf 68' lang='grc' dir='ltr'>εἵλκυσαν</span> <span class='ocrx_word' id='word_1_242' title='bbox 1136 1982 1211 2043; x_wconf 71' lang='grc' dir='ltr'>εἴς</span> <span class='ocrx_word' id='word_1_243' title='bbox 1277 1982 1376 2049; x_wconf 77' lang='grc' dir='ltr'>τὴν</span> <span class='ocrx_word' id='word_1_244' title='bbox 1434 1978 1636 2054; x_wconf 81' lang='grc' dir='ltr'>ἀγορὰν</span> <span class='ocrx_word' id='word_1_245' title='bbox 1679 1976 1763 2032; x_wconf 84' lang='grc' dir='ltr'>ἐπὶ</span> <span class='ocrx_word' id='word_1_246' title='bbox 1822 1976 1950 2037; x_wconf 71' lang='grc' dir='ltr'>τοὺς</span> 
     </span>
    </p>
   </div>
   <div class='ocr_carea' id='block_1_34' title="bbox 306 2066 1951 2159">
    <p class='ocr_par' dir='ltr' id='par_1_34' title="bbox 306 2066 1951 2159">
     <span class='ocr_line' id='line_1_34' title="bbox 306 2066 1951 2159; baseline -0.013 -20"><span class='ocrx_word' id='word_1_247' title='bbox 306 2111 335 2139; x_wconf 73' lang='grc' dir='ltr'>α</span> <span class='ocrx_word' id='word_1_248' title='bbox 364 2085 656 2159; x_wconf 69' lang='grc' dir='ltr'>εἴργοντας.</span> <span class='ocrx_word' id='word_1_249' title='bbox 699 2076 801 2134; x_wconf 75' lang='grc' dir='ltr'>Καὶ</span> <span class='ocrx_word' id='word_1_250' title='bbox 860 2071 1295 2149; x_wconf 73' lang='grc' dir='ltr'>προσαγαγόντες</span> <span class='ocrx_word' id='word_1_251' title='bbox 1342 2066 1538 2130; x_wconf 82' lang='grc' dir='ltr'>αὐτοὺς</span> <span class='ocrx_word' id='word_1_252' title='bbox 1593 2072 1709 2128; x_wconf 90' lang='grc' dir='ltr'>τοῖς</span> <span class='ocrx_word' id='word_1_253' title='bbox 1762 2084 1951 2141; x_wconf 89' lang='grc' dir='ltr'>στρατ-</span> 
     </span>
    </p>
   </div>
   <div class='ocr_carea' id='block_1_35' title="bbox 317 2150 1952 2247">
    <p class='ocr_par' dir='ltr' id='par_1_35' title="bbox 317 2150 1952 2247">
     <span class='ocr_line' id='line_1_35' title="bbox 317 2150 1952 2247; baseline -0.01 -24"><span class='ocrx_word' id='word_1_254' title='bbox 317 2150 556 2247; x_wconf 37' lang='lat' dir='ltr'>«rh-(1k,</span> <span class='ocrx_word' id='word_1_255' title='bbox 639 2169 815 2223; x_wconf 73' lang='grc' dir='ltr'>εἷπον·</span> <span class='ocrx_word' id='word_1_256' title='bbox 869 2165 1035 2222; x_wconf 79' lang='grc' dir='ltr'>Οὗτοι</span> <span class='ocrx_word' id='word_1_257' title='bbox 1093 2163 1143 2216; x_wconf 73' lang='grc' dir='ltr'>οἱ</span> <span class='ocrx_word' id='word_1_258' title='bbox 1199 2159 1478 2233; x_wconf 75' lang='grc' dir='ltr'>ἄνθρωποι</span> <span class='ocrx_word' id='word_1_259' title='bbox 1536 2156 1952 2229; x_wconf 74' lang='grc' dir='ltr'>ἐκταράσσουσιν</span> 
     </span>
    </p>
   </div>
   <div class='ocr_carea' id='block_1_36' title="bbox 324 2246 1959 2336">
    <p class='ocr_par' dir='ltr' id='par_1_36' title="bbox 324 2246 1959 2336">
     <span class='ocr_line' id='line_1_36' title="bbox 324 2246 1959 2336; baseline -0.01 -21"><span class='ocrx_word' id='word_1_260' title='bbox 324 2292 351 2316; x_wconf 77' lang='grc' dir='ltr'>(ι</span> <span class='ocrx_word' id='word_1_261' title='bbox 386 2246 542 2336; x_wconf 69' lang='grc' dir='ltr'>ἡμῶν</span> <span class='ocrx_word' id='word_1_262' title='bbox 572 2262 659 2328; x_wconf 72' lang='grc' dir='ltr'>τὴν</span> <span class='ocrx_word' id='word_1_263' title='bbox 695 2254 888 2325; x_wconf 66' lang='grc' dir='ltr'>πόλιν,</span> <span class='ocrx_word' id='word_1_264' title='bbox 952 2249 1207 2311; x_wconf 84' lang='grc' dir='ltr'>Ἰουδαῖοι</span> <span class='ocrx_word' id='word_1_265' title='bbox 1258 2251 1624 2323; x_wconf 69' lang='grc' dir='ltr'>ὑπάρχοντες,</span> <span class='ocrx_word' id='word_1_266' title='bbox 1682 2246 1771 2301; x_wconf 80' lang='grc' dir='ltr'>καὶ</span> <span class='ocrx_word' id='word_1_267' title='bbox 1828 2265 1959 2299; x_wconf 85' lang='grc' dir='ltr'>κατ-</span> 
     </span>
    </p>
   </div>
   <div class='ocr_carea' id='block_1_37' title="bbox 332 2332 1958 2429">
    <p class='ocr_par' dir='ltr' id='par_1_37' title="bbox 332 2332 1958 2429">
     <span class='ocr_line' id='line_1_37' title="bbox 332 2332 1958 2429; baseline -0.017 -26"><span class='ocrx_word' id='word_1_268' title='bbox 332 2332 739 2429; x_wconf 70' lang='grc' dir='ltr'>«αγγὲλλοοσιν</span> <span class='ocrx_word' id='word_1_269' title='bbox 794 2344 918 2414; x_wconf 78' lang='grc' dir='ltr'>ἔθη,</span> <span class='ocrx_word' id='word_1_270' title='bbox 978 2340 1012 2398; x_wconf 76' lang='grc' dir='ltr'>δι’</span> <span class='ocrx_word' id='word_1_271' title='bbox 1086 2341 1183 2396; x_wconf 77' lang='grc' dir='ltr'>οὐκ</span> <span class='ocrx_word' id='word_1_272' title='bbox 1251 2338 1446 2408; x_wconf 77' lang='grc' dir='ltr'>ἔξεστιν</span> <span class='ocrx_word' id='word_1_273' title='bbox 1529 2340 1665 2411; x_wconf 79' lang='grc' dir='ltr'>ἡμῖν</span> <span class='ocrx_word' id='word_1_274' title='bbox 1724 2332 1958 2406; x_wconf 66' lang='grc' dir='ltr'>παραδέ.</span> 
     </span>
    </p>
   </div>
   <div class='ocr_carea' id='block_1_38' title="bbox 320 2422 1957 2518">
    <p class='ocr_par' dir='ltr' id='par_1_38' title="bbox 320 2422 1957 2518">
     <span class='ocr_line' id='line_1_38' title="bbox 320 2422 1957 2518; baseline -0.013 -20"><span class='ocrx_word' id='word_1_275' title='bbox 320 2470 347 2497; x_wconf 73' lang='grc' dir='ltr'>ιι</span> <span class='ocrx_word' id='word_1_276' title='bbox 383 2422 571 2518; x_wconf 59' lang='grc' dir='ltr'>ἵεσθαι</span> <span class='ocrx_word' id='word_1_277' title='bbox 603 2438 727 2495; x_wconf 69' lang='grc' dir='ltr'>οὐδὲ</span> <span class='ocrx_word' id='word_1_278' title='bbox 756 2440 937 2491; x_wconf 81' lang='grc' dir='ltr'>ποιεῖν</span> <span class='ocrx_word' id='word_1_279' title='bbox 966 2432 1261 2505; x_wconf 84' lang='grc' dir='ltr'>Ῥωμαίοις</span> <span class='ocrx_word' id='word_1_280' title='bbox 1308 2429 1448 2484; x_wconf 73' lang='grc' dir='ltr'>οὖσι.</span> <span class='ocrx_word' id='word_1_281' title='bbox 1510 2428 1608 2481; x_wconf 81' lang='grc' dir='ltr'>Καὶ</span> <span class='ocrx_word' id='word_1_282' title='bbox 1666 2422 1957 2493; x_wconf 72' lang='grc' dir='ltr'>συνεπέστη</span> 
     </span>
    </p>
   </div>
   <div class='ocr_carea' id='block_1_39' title="bbox 314 2509 1961 2607">
    <p class='ocr_par' dir='ltr' id='par_1_39' title="bbox 314 2509 1961 2607">
     <span class='ocr_line' id='line_1_39' title="bbox 314 2509 1961 2607; baseline -0.011 -20"><span class='ocrx_word' id='word_1_283' title='bbox 314 2562 339 2586; x_wconf 76' lang='grc' dir='ltr'>σι</span> <span class='ocrx_word' id='word_1_284' title='bbox 374 2509 610 2607; x_wconf 35' lang='grc' dir='ltr'>δνόχλος</span> <span class='ocrx_word' id='word_1_285' title='bbox 640 2529 760 2583; x_wconf 86' lang='grc' dir='ltr'>κατ’</span> <span class='ocrx_word' id='word_1_286' title='bbox 810 2525 1013 2581; x_wconf 81' lang='grc' dir='ltr'>αὐτῶν.</span> <span class='ocrx_word' id='word_1_287' title='bbox 1070 2520 1173 2577; x_wconf 81' lang='grc' dir='ltr'>Καὶ</span> <span class='ocrx_word' id='word_1_288' title='bbox 1230 2520 1280 2574; x_wconf 77' lang='grc' dir='ltr'>οἱ</span> <span class='ocrx_word' id='word_1_289' title='bbox 1340 2516 1636 2593; x_wconf 81' lang='grc' dir='ltr'>στρατηγοὶ</span> <span class='ocrx_word' id='word_1_290' title='bbox 1697 2512 1961 2589; x_wconf 77' lang='grc' dir='ltr'>περιρρή-</span> 
     </span>
    </p>
   </div>
   <div class='ocr_carea' id='block_1_40' title="bbox 311 2603 1966 2694">
    <p class='ocr_par' dir='ltr' id='par_1_40' title="bbox 311 2603 1966 2694">
     <span class='ocr_line' id='line_1_40' title="bbox 311 2603 1966 2694; baseline -0.013 -15"><span class='ocrx_word' id='word_1_291' title='bbox 311 2650 336 2677; x_wconf 80' lang='grc' dir='ltr'>α</span> <span class='ocrx_word' id='word_1_292' title='bbox 374 2603 550 2694; x_wconf 65' lang='grc' dir='ltr'>ξαντες</span> <span class='ocrx_word' id='word_1_293' title='bbox 578 2622 764 2675; x_wconf 81' lang='grc' dir='ltr'>αὐτῶν</span> <span class='ocrx_word' id='word_1_294' title='bbox 794 2616 863 2671; x_wconf 81' lang='grc' dir='ltr'>τὰ</span> <span class='ocrx_word' id='word_1_295' title='bbox 909 2615 1102 2687; x_wconf 70' lang='grc' dir='ltr'>ἱμάτια</span> <span class='ocrx_word' id='word_1_296' title='bbox 1156 2608 1405 2666; x_wconf 82' lang='grc' dir='ltr'>ἐκέλευον</span> <span class='ocrx_word' id='word_1_297' title='bbox 1462 2603 1754 2683; x_wconf 71' lang='grc' dir='ltr'>ῥαϐδίζειν.</span> <span class='ocrx_word' id='word_1_298' title='bbox 1820 2603 1966 2659; x_wconf 87' lang='grc' dir='ltr'>[Ιολ-</span> 
     </span>
    </p>
   </div>
   <div class='ocr_carea' id='block_1_41' title="bbox 313 2693 1963 2775">
    <p class='ocr_par' dir='ltr' id='par_1_41' title="bbox 313 2693 1963 2775">
     <span class='ocr_line' id='line_1_41' title="bbox 313 2693 1963 2775; baseline -0.011 -9"><span class='ocrx_word' id='word_1_299' title='bbox 313 2742 338 2766; x_wconf 81' lang='grc' dir='ltr'>ιι</span> <span class='ocrx_word' id='word_1_300' title='bbox 505 2732 565 2766; x_wconf 89' lang='grc' dir='ltr'>τε</span> <span class='ocrx_word' id='word_1_301' title='bbox 596 2707 880 2769; x_wconf 85' lang='grc' dir='ltr'>ἐπιθέντες</span> <span class='ocrx_word' id='word_1_302' title='bbox 909 2704 1097 2765; x_wconf 76' lang='grc' dir='ltr'>αὐτοῖς</span> <span class='ocrx_word' id='word_1_303' title='bbox 1121 2699 1361 2775; x_wconf 77' lang='grc' dir='ltr'>πληγὰς,</span> <span class='ocrx_word' id='word_1_304' title='bbox 1400 2693 1596 2753; x_wconf 76' lang='grc' dir='ltr'>ἔϐαλον</span> <span class='ocrx_word' id='word_1_305' title='bbox 1656 2696 1732 2757; x_wconf 73' lang='grc' dir='ltr'>τίς</span> <span class='ocrx_word' id='word_1_306' title='bbox 1789 2693 1963 2772; x_wconf 78' lang='grc' dir='ltr'>φυλα-</span> 
     </span>
    </p>
   </div>
   <div class='ocr_carea' id='block_1_42' title="bbox 312 2785 1964 2874">
    <p class='ocr_par' dir='ltr' id='par_1_42' title="bbox 312 2785 1964 2874">
     <span class='ocr_line' id='line_1_42' title="bbox 312 2785 1964 2874; baseline -0.012 -16"><span class='ocrx_word' id='word_1_307' title='bbox 312 2832 332 2858; x_wconf 75' lang='grc' dir='ltr'>ι</span> <span class='ocrx_word' id='word_1_308' title='bbox 366 2808 492 2874; x_wconf 71' lang='grc' dir='ltr'>κήν,</span> <span class='ocrx_word' id='word_1_309' title='bbox 548 2794 1023 2874; x_wconf 72' lang='grc' dir='ltr'>παραγγείλαντες</span> <span class='ocrx_word' id='word_1_310' title='bbox 1101 2796 1181 2864; x_wconf 81' lang='grc' dir='ltr'>τῷ</span> <span class='ocrx_word' id='word_1_311' title='bbox 1263 2787 1635 2863; x_wconf 71' lang='grc' dir='ltr'>δεσμοφύλακι</span> <span class='ocrx_word' id='word_1_312' title='bbox 1710 2785 1964 2864; x_wconf 62' lang='grc' dir='ltr'>ἀσφαλῶς</span> 
     </span>
    </p>
   </div>
   <div class='ocr_carea' id='block_1_43' title="bbox 300 2874 1966 2969">
    <p class='ocr_par' dir='ltr' id='par_1_43' title="bbox 300 2874 1966 2969">
     <span class='ocr_line' id='line_1_43' title="bbox 300 2874 1966 2969; baseline -0.014 -20"><span class='ocrx_word' id='word_1_313' title='bbox 300 2924 327 2949; x_wconf 72' lang='grc' dir='ltr'>(ι</span> <span class='ocrx_word' id='word_1_314' title='bbox 364 2899 556 2969; x_wconf 78' lang='grc' dir='ltr'>τηρεῖν</span> <span class='ocrx_word' id='word_1_315' title='bbox 591 2887 823 2947; x_wconf 74' lang='grc' dir='ltr'>αὐτούς.</span> <span class='ocrx_word' id='word_1_316' title='bbox 855 2888 953 2946; x_wconf 85' lang='grc' dir='ltr'>Ὅς</span> <span class='ocrx_word' id='word_1_317' title='bbox 986 2878 1356 2957; x_wconf 82' lang='grc' dir='ltr'>παραγγελίαν</span> <span class='ocrx_word' id='word_1_318' title='bbox 1409 2877 1668 2944; x_wconf 73' lang='grc' dir='ltr'>τοιαύτην</span> <span class='ocrx_word' id='word_1_319' title='bbox 1722 2874 1966 2947; x_wconf 75' lang='grc' dir='ltr'>εἰληφὼς</span> 
     </span>
    </p>
   </div>
   <div class='ocr_carea' id='block_1_44' title="bbox 302 2963 1966 3044">
    <p class='ocr_par' dir='ltr' id='par_1_44' title="bbox 302 2963 1966 3044">
     <span class='ocr_line' id='line_1_44' title="bbox 302 2963 1966 3044; baseline -0.015 -3"><span class='ocrx_word' id='word_1_320' title='bbox 302 3010 331 3039; x_wconf 71' lang='grc' dir='ltr'>ιν</span> <span class='ocrx_word' id='word_1_321' title='bbox 364 2963 571 3040; x_wconf 61' lang='grc' dir='ltr'>ἔϐαλεν</span> <span class='ocrx_word' id='word_1_322' title='bbox 597 2976 807 3039; x_wconf 72' lang='grc' dir='ltr'>αὐτοὺς</span> <span class='ocrx_word' id='word_1_323' title='bbox 836 2975 912 3037; x_wconf 81' lang='grc' dir='ltr'>εἷς</span> <span class='ocrx_word' id='word_1_324' title='bbox 944 2975 1043 3040; x_wconf 75' lang='grc' dir='ltr'>τήν</span> <span class='ocrx_word' id='word_1_325' title='bbox 1073 2969 1335 3043; x_wconf 79' lang='grc' dir='ltr'>ἐσωτέραν</span> <span class='ocrx_word' id='word_1_326' title='bbox 1366 2966 1634 3044; x_wconf 73' lang='grc' dir='ltr'>φυλακὴν,</span> <span class='ocrx_word' id='word_1_327' title='bbox 1692 2965 1783 3019; x_wconf 85' lang='grc' dir='ltr'>καὶ</span> <span class='ocrx_word' id='word_1_328' title='bbox 1839 2963 1966 3025; x_wconf 76' lang='grc' dir='ltr'>τοὺς</span> 
     </span>
    </p>
   </div>
   <div class='ocr_carea' id='block_1_45' title="bbox 305 3051 1970 3140">
    <p class='ocr_par' dir='ltr' id='par_1_45' title="bbox 305 3051 1970 3140">
     <span class='ocr_line' id='line_1_45' title="bbox 305 3051 1970 3140; baseline -0.011 -14"><span class='ocrx_word' id='word_1_329' title='bbox 305 3102 329 3127; x_wconf 74' lang='grc' dir='ltr'>ι</span> <span class='ocrx_word' id='word_1_330' title='bbox 361 3073 542 3133; x_wconf 71' lang='grc' dir='ltr'>πόδας</span> <span class='ocrx_word' id='word_1_331' title='bbox 578 3071 766 3125; x_wconf 76' lang='grc' dir='ltr'>αὐτῶν</span> <span class='ocrx_word' id='word_1_332' title='bbox 796 3062 1137 3140; x_wconf 58' lang='grc' dir='ltr'>ἠσφαλίσατο</span> <span class='ocrx_word' id='word_1_333' title='bbox 1170 3059 1246 3120; x_wconf 86' lang='grc' dir='ltr'>εἷς</span> <span class='ocrx_word' id='word_1_334' title='bbox 1274 3058 1337 3112; x_wconf 86' lang='grc' dir='ltr'>τὸ</span> <span class='ocrx_word' id='word_1_335' title='bbox 1382 3055 1567 3126; x_wconf 73' lang='grc' dir='ltr'>ξύλον.</span> <span class='ocrx_word' id='word_1_336' title='bbox 1620 3055 1765 3109; x_wconf 82' lang='grc' dir='ltr'>Κατὰ</span> <span class='ocrx_word' id='word_1_337' title='bbox 1796 3051 1853 3108; x_wconf 74' lang='grc' dir='ltr'>δὲ</span> <span class='ocrx_word' id='word_1_338' title='bbox 1907 3053 1970 3107; x_wconf 86' lang='grc' dir='ltr'>τὸ</span> 
     </span>
    </p>
   </div>
   <div class='ocr_carea' id='block_1_46' title="bbox 307 3144 1971 3235">
    <p class='ocr_par' dir='ltr' id='par_1_46' title="bbox 307 3144 1971 3235">
     <span class='ocr_line' id='line_1_46' title="bbox 307 3144 1971 3235; baseline -0.012 -19"><span class='ocrx_word' id='word_1_339' title='bbox 307 3190 335 3216; x_wconf 73' lang='grc' dir='ltr'>οι</span> <span class='ocrx_word' id='word_1_340' title='bbox 376 3161 732 3235; x_wconf 66' lang='grc' dir='ltr'>μεσονῦκτιον</span> <span class='ocrx_word' id='word_1_341' title='bbox 818 3151 1034 3212; x_wconf 77' lang='grc' dir='ltr'>Παῦλος</span> <span class='ocrx_word' id='word_1_342' title='bbox 1117 3148 1208 3204; x_wconf 86' lang='grc' dir='ltr'>καὶ</span> <span class='ocrx_word' id='word_1_343' title='bbox 1288 3144 1459 3209; x_wconf 84' lang='grc' dir='ltr'>Σίλας</span> <span class='ocrx_word' id='word_1_344' title='bbox 1534 3144 1971 3235; x_wconf 74' lang='grc' dir='ltr'>προσευχόμενοι</span> 
     </span>
    </p>
   </div>
   <div class='ocr_carea' id='block_1_47' title="bbox 324 3231 1962 3323">
    <p class='ocr_par' dir='ltr' id='par_1_47' title="bbox 324 3231 1962 3323">
     <span class='ocr_line' id='line_1_47' title="bbox 324 3231 1962 3323; baseline -0.013 -18"><span class='ocrx_word' id='word_1_345' title='bbox 324 3276 351 3304; x_wconf 72' lang='grc' dir='ltr'>ι</span> <span class='ocrx_word' id='word_1_346' title='bbox 380 3231 592 3323; x_wconf 64' lang='grc' dir='ltr'>ξῖνμνιιιυν</span> <span class='ocrx_word' id='word_1_347' title='bbox 627 3246 716 3301; x_wconf 65' lang='grc' dir='ltr'>τὸν</span> <span class='ocrx_word' id='word_1_348' title='bbox 744 3242 897 3299; x_wconf 68' lang='grc' dir='ltr'>Θεόν*</span> <span class='ocrx_word' id='word_1_349' title='bbox 921 3240 1273 3315; x_wconf 78' lang='grc' dir='ltr'>ἐπηκροῶντο</span> <span class='ocrx_word' id='word_1_350' title='bbox 1305 3233 1362 3290; x_wconf 77' lang='grc' dir='ltr'>δὲ</span> <span class='ocrx_word' id='word_1_351' title='bbox 1390 3236 1570 3290; x_wconf 81' lang='grc' dir='ltr'>αὐτῶν</span> <span class='ocrx_word' id='word_1_352' title='bbox 1603 3234 1655 3288; x_wconf 73' lang='grc' dir='ltr'>οἱ</span> <span class='ocrx_word' id='word_1_353' title='bbox 1677 3231 1912 3306; x_wconf 83' lang='grc' dir='ltr'>δέσμιοι.</span> <span class='ocrx_word' id='word_1_354' title='bbox 1941 3256 1962 3283; x_wconf 75' lang='grc' dir='ltr'>ιι</span> 
     </span>
    </p>
   </div>
   <div class='ocr_carea' id='block_1_48' title="bbox 411 3321 1968 3410">
    <p class='ocr_par' dir='ltr' id='par_1_48' title="bbox 411 3321 1968 3410">
     <span class='ocr_line' id='line_1_48' title="bbox 411 3321 1968 3410; baseline -0.013 -16"><span class='ocrx_word' id='word_1_355' title='bbox 411 3321 634 3410; x_wconf 66' lang='grc' dir='ltr'>Λέγεται</span> <span class='ocrx_word' id='word_1_356' title='bbox 660 3338 696 3403; x_wconf 66' lang='grc' dir='ltr'><strong>ἡ</strong></span> <span class='ocrx_word' id='word_1_357' title='bbox 724 3332 885 3389; x_wconf 78' lang='grc' dir='ltr'>Πυθία</span> <span class='ocrx_word' id='word_1_358' title='bbox 917 3326 1051 3399; x_wconf 75' lang='grc' dir='ltr'>αὕτη</span> <span class='ocrx_word' id='word_1_359' title='bbox 1089 3329 1225 3403; x_wconf 87' lang='grc' dir='ltr'>γυνή</span> <span class='ocrx_word' id='word_1_360' title='bbox 1282 3347 1365 3389; x_wconf 91' lang='grc' dir='ltr'>τις</span> <span class='ocrx_word' id='word_1_361' title='bbox 1425 3324 1555 3379; x_wconf 75' lang='grc' dir='ltr'>οὖσα</span> <span class='ocrx_word' id='word_1_362' title='bbox 1614 3321 1968 3390; x_wconf 78' lang='grc' dir='ltr'>ἐπικαθῆσθαι</span> 
     </span>
    </p>
   </div>
   <div class='ocr_carea' id='block_1_49' title="bbox 330 3408 1967 3499">
    <p class='ocr_par' dir='ltr' id='par_1_49' title="bbox 330 3408 1967 3499">
     <span class='ocr_line' id='line_1_49' title="bbox 330 3408 1967 3499; baseline -0.012 -16"><span class='ocrx_word' id='word_1_363' title='bbox 330 3433 411 3499; x_wconf 80' lang='grc' dir='ltr'>τῷ</span> <span class='ocrx_word' id='word_1_364' title='bbox 441 3408 659 3499; x_wconf 70' lang='grc' dir='ltr'>τρίποδι</span> <span class='ocrx_word' id='word_1_365' title='bbox 710 3429 801 3479; x_wconf 69' lang='grc' dir='ltr'>τοῦ</span> <span class='ocrx_word' id='word_1_366' title='bbox 861 3417 1242 3487; x_wconf 84' lang='grc' dir='ltr'>Ἀπόλλωνος,</span> <span class='ocrx_word' id='word_1_367' title='bbox 1302 3413 1581 3487; x_wconf 78' lang='grc' dir='ltr'>διαιροῦσα</span> <span class='ocrx_word' id='word_1_368' title='bbox 1628 3413 1694 3467; x_wconf 81' lang='grc' dir='ltr'>τὰ</span> <span class='ocrx_word' id='word_1_369' title='bbox 1777 3408 1967 3481; x_wconf 77' lang='grc' dir='ltr'>σκέλη,</span> 
     </span>
    </p>
   </div>
   <div class='ocr_carea' id='block_1_50' title="bbox 320 3488 1971 3585">
    <p class='ocr_par' dir='ltr' id='par_1_50' title="bbox 320 3488 1971 3585">
     <span class='ocr_line' id='line_1_50' title="bbox 320 3488 1971 3585; baseline -0.012 -13"><span class='ocrx_word' id='word_1_370' title='bbox 320 3519 423 3582; x_wconf 68' lang='grc' dir='ltr'>εἷθ’</span> <span class='ocrx_word' id='word_1_371' title='bbox 473 3488 653 3576; x_wconf 37' lang='grc' dir='ltr'>,οὓτως</span> <span class='ocrx_word' id='word_1_372' title='bbox 712 3516 927 3585; x_wconf 72' lang='grc' dir='ltr'>πνεῦμα</span> <span class='ocrx_word' id='word_1_373' title='bbox 983 3508 1221 3582; x_wconf 79' lang='grc' dir='ltr'>πονηρὸν</span> <span class='ocrx_word' id='word_1_374' title='bbox 1276 3505 1511 3560; x_wconf 87' lang='grc' dir='ltr'>κάτωθεν</span> <span class='ocrx_word' id='word_1_375' title='bbox 1588 3498 1971 3572; x_wconf 72' lang='grc' dir='ltr'>ἀναδιδόμενον</span> 
     </span>
    </p>
   </div>
   <div class='ocr_carea' id='block_1_51' title="bbox 314 3591 1969 3678">
    <p class='ocr_par' dir='ltr' id='par_1_51' title="bbox 314 3591 1969 3678">
     <span class='ocr_line' id='line_1_51' title="bbox 314 3591 1969 3678; baseline -0.011 -14"><span class='ocrx_word' id='word_1_376' title='bbox 314 3607 523 3664; x_wconf 73' lang='grc' dir='ltr'>καὶδιὰ</span> <span class='ocrx_word' id='word_1_377' title='bbox 546 3612 653 3663; x_wconf 73' lang='grc' dir='ltr'>τῶν</span> <span class='ocrx_word' id='word_1_378' title='bbox 712 3604 1045 3678; x_wconf 75' lang='grc' dir='ltr'>γεννητικῶν</span> <span class='ocrx_word' id='word_1_379' title='bbox 1103 3599 1273 3667; x_wconf 81' lang='grc' dir='ltr'>αὐτῆς</span> <span class='ocrx_word' id='word_1_380' title='bbox 1332 3593 1683 3667; x_wconf 84' lang='grc' dir='ltr'>διαδυόμενον</span> <span class='ocrx_word' id='word_1_381' title='bbox 1743 3591 1969 3665; x_wconf 77' lang='grc' dir='ltr'>μορίων,</span> 
     </span>
    </p>
   </div>
   <div class='ocr_carea' id='block_1_52' title="bbox 320 3681 1972 3773">
    <p class='ocr_par' dir='ltr' id='par_1_52' title="bbox 320 3681 1972 3773">
     <span class='ocr_line' id='line_1_52' title="bbox 320 3681 1972 3773; baseline -0.013 -17"><span class='ocrx_word' id='word_1_382' title='bbox 320 3702 564 3773; x_wconf 61' lang='grc' dir='ltr'>πληροῦν</span> <span class='ocrx_word' id='word_1_383' title='bbox 592 3701 693 3767; x_wconf 74' lang='grc' dir='ltr'>τὴν</span> <span class='ocrx_word' id='word_1_384' title='bbox 740 3699 971 3770; x_wconf 80' lang='grc' dir='ltr'>γυναῖκα</span> <span class='ocrx_word' id='word_1_385' title='bbox 1027 3697 1126 3759; x_wconf 85' lang='grc' dir='ltr'>τῆς</span> <span class='ocrx_word' id='word_1_386' title='bbox 1191 3688 1406 3761; x_wconf 83' lang='grc' dir='ltr'>μανίας,</span> <span class='ocrx_word' id='word_1_387' title='bbox 1464 3686 1555 3740; x_wconf 82' lang='grc' dir='ltr'>καὶ</span> <span class='ocrx_word' id='word_1_388' title='bbox 1616 3683 1817 3753; x_wconf 68' lang='grc' dir='ltr'>ταύτην</span> <span class='ocrx_word' id='word_1_389' title='bbox 1876 3681 1972 3741; x_wconf 69' lang='grc' dir='ltr'>τὰς</span> 
     </span>
    </p>
   </div>
   <div class='ocr_carea' id='block_1_53' title="bbox 320 3770 1974 3867">
    <p class='ocr_par' dir='ltr' id='par_1_53' title="bbox 320 3770 1974 3867">
     <span class='ocr_line' id='line_1_53' title="bbox 320 3770 1974 3867; baseline -0.013 -21"><span class='ocrx_word' id='word_1_390' title='bbox 320 3770 510 3867; x_wconf 48' lang='lat' dir='ltr'>xiii;</span> <span class='ocrx_word' id='word_1_391' title='bbox 572 3788 815 3844; x_wconf 68' lang='grc' dir='ltr'>λ’ίιουσαν</span> <span class='ocrx_word' id='word_1_392' title='bbox 867 3781 1062 3838; x_wconf 86' lang='grc' dir='ltr'>λοιπὸν</span> <span class='ocrx_word' id='word_1_393' title='bbox 1126 3773 1488 3854; x_wconf 76' lang='grc' dir='ltr'>βακχε·5εσθαί</span> <span class='ocrx_word' id='word_1_394' title='bbox 1542 3794 1602 3829; x_wconf 91' lang='grc' dir='ltr'>τε</span> <span class='ocrx_word' id='word_1_395' title='bbox 1658 3771 1748 3826; x_wconf 80' lang='grc' dir='ltr'>καὶ</span> <span class='ocrx_word' id='word_1_396' title='bbox 1807 3770 1974 3848; x_wconf 64' lang='grc' dir='ltr'>ἀφρὸν</span> 
     </span>
    </p>
   </div>
   <div class='ocr_carea' id='block_1_54' title="bbox 318 3862 1975 3953">
    <p class='ocr_par' dir='ltr' id='par_1_54' title="bbox 318 3862 1975 3953">
     <span class='ocr_line' id='line_1_54' title="bbox 318 3862 1975 3953; baseline -0.015 -16"><span class='ocrx_word' id='word_1_397' title='bbox 318 3862 723 3953; x_wconf 33' lang='grc' dir='ltr'>τοὶηστόματος</span> <span class='ocrx_word' id='word_1_398' title='bbox 758 3869 1106 3953; x_wconf 72' lang='grc' dir='ltr'>ἁφιέναι,καὶ</span> <span class='ocrx_word' id='word_1_399' title='bbox 1168 3868 1340 3928; x_wconf 63' lang='grc' dir='ltr'>οὕτως</span> <span class='ocrx_word' id='word_1_400' title='bbox 1400 3863 1451 3919; x_wconf 85' lang='grc' dir='ltr'>ἐν</span> <span class='ocrx_word' id='word_1_401' title='bbox 1512 3862 1765 3935; x_wconf 78' lang='grc' dir='ltr'>παροινίᾳ</span> <span class='ocrx_word' id='word_1_402' title='bbox 1822 3880 1975 3936; x_wconf 83' lang='grc' dir='ltr'>γενο-</span> 
     </span>
    </p>
   </div>
   <div class='ocr_carea' id='block_1_55' title="bbox 316 3948 1977 4043">
    <p class='ocr_par' dir='ltr' id='par_1_55' title="bbox 316 3948 1977 4043">
     <span class='ocr_line' id='line_1_55' title="bbox 316 3948 1977 4043; baseline -0.013 -20"><span class='ocrx_word' id='word_1_403' title='bbox 316 3976 478 4043; x_wconf 71' lang='grc' dir='ltr'>μένην</span> <span class='ocrx_word' id='word_1_404' title='bbox 510 3970 583 4024; x_wconf 66' lang='grc' dir='ltr'>τὰ</span> <span class='ocrx_word' id='word_1_405' title='bbox 611 3971 717 4030; x_wconf 73' lang='grc' dir='ltr'>τῆς</span> <span class='ocrx_word' id='word_1_406' title='bbox 751 3964 944 4036; x_wconf 80' lang='grc' dir='ltr'>μανίας</span> <span class='ocrx_word' id='word_1_407' title='bbox 977 3958 1297 4037; x_wconf 72' lang='grc' dir='ltr'>φθέγγεσθαι</span> <span class='ocrx_word' id='word_1_408' title='bbox 1356 3953 1594 4029; x_wconf 79' lang='grc' dir='ltr'>ῥήματα.</span> <span class='ocrx_word' id='word_1_409' title='bbox 1652 3952 1714 4004; x_wconf 92' lang='grc' dir='ltr'>Τί</span> <span class='ocrx_word' id='word_1_410' title='bbox 1774 3948 1977 4020; x_wconf 78' lang='grc' dir='ltr'>δήποτε</span> 
     </span>
    </p>
   </div>
   <div class='ocr_carea' id='block_1_56' title="bbox 305 4036 1975 4128">
    <p class='ocr_par' dir='ltr' id='par_1_56' title="bbox 305 4036 1975 4128">
     <span class='ocr_line' id='line_1_56' title="bbox 305 4036 1975 4128; baseline -0.016 -11"><span class='ocrx_word' id='word_1_411' title='bbox 305 4036 393 4117; x_wconf 73' lang='grc' dir='ltr'>καὶ</span> <span class='ocrx_word' id='word_1_412' title='bbox 436 4036 480 4116; x_wconf 62' lang='grc' dir='ltr'>ὀ</span> <span class='ocrx_word' id='word_1_413' title='bbox 542 4056 767 4128; x_wconf 81' lang='grc' dir='ltr'>δαίμων</span> <span class='ocrx_word' id='word_1_414' title='bbox 821 4036 998 4107; x_wconf 71' lang='grc' dir='ltr'>ταῦτα</span> <span class='ocrx_word' id='word_1_415' title='bbox 1045 4044 1376 4124; x_wconf 73' lang='grc' dir='ltr'>ἐφθέγγετος</span> <span class='ocrx_word' id='word_1_416' title='bbox 1441 4036 1733 4097; x_wconf 66' lang='grc' dir='ltr'>Ἐϐούλετο</span> <span class='ocrx_word' id='word_1_417' title='bbox 1783 4039 1975 4128; x_wconf 88' lang='grc' dir='ltr'>λοιπὸν</span> 
     </span>
    </p>
   </div>
   <div class='ocr_carea' id='block_1_57' title="bbox 311 4127 1977 4221">
    <p class='ocr_par' dir='ltr' id='par_1_57' title="bbox 311 4127 1977 4221">
     <span class='ocr_line' id='line_1_57' title="bbox 311 4127 1977 4221; baseline -0.014 -16"><span class='ocrx_word' id='word_1_418' title='bbox 311 4127 859 4221; x_wconf 68' lang='grc' dir='ltr'>ἀξιόπιστονέαυτὸν</span> <span class='ocrx_word' id='word_1_419' title='bbox 902 4144 1102 4194; x_wconf 79' lang='grc' dir='ltr'>ποιεῖν.</span> <span class='ocrx_word' id='word_1_420' title='bbox 1163 4136 1226 4193; x_wconf 83' lang='grc' dir='ltr'>Εἰ</span> <span class='ocrx_word' id='word_1_421' title='bbox 1277 4135 1380 4210; x_wconf 85' lang='grc' dir='ltr'>γὰρ</span> <span class='ocrx_word' id='word_1_422' title='bbox 1437 4132 1753 4204; x_wconf 82' lang='grc' dir='ltr'>προσήκατο</span> <span class='ocrx_word' id='word_1_423' title='bbox 1813 4127 1977 4183; x_wconf 78' lang='grc' dir='ltr'>αὐτοῦ</span> 
     </span>
    </p>
   </div>
   <div class='ocr_carea' id='block_1_58' title="bbox 310 4218 1979 4313">
    <p class='ocr_par' dir='ltr' id='par_1_58' title="bbox 310 4218 1979 4313">
     <span class='ocr_line' id='line_1_58' title="bbox 310 4218 1979 4313; baseline -0.017 -17"><span class='ocrx_word' id='word_1_424' title='bbox 310 4218 411 4309; x_wconf 51' lang='grc' dir='ltr'>την</span> <span class='ocrx_word' id='word_1_425' title='bbox 448 4234 757 4313; x_wconf 79' lang='grc' dir='ltr'>μαρτυρίαν</span> <span class='ocrx_word' id='word_1_426' title='bbox 791 4233 819 4287; x_wconf 86' lang='grc' dir='ltr'>ὁ</span> <span class='ocrx_word' id='word_1_427' title='bbox 872 4229 1110 4292; x_wconf 71' lang='grc' dir='ltr'>Παῦλος,</span> <span class='ocrx_word' id='word_1_428' title='bbox 1155 4224 1401 4284; x_wconf 76' lang='grc' dir='ltr'>πολλοὺς</span> <span class='ocrx_word' id='word_1_429' title='bbox 1464 4219 1523 4275; x_wconf 81' lang='grc' dir='ltr'>ἃν</span> <span class='ocrx_word' id='word_1_430' title='bbox 1585 4218 1675 4274; x_wconf 84' lang='grc' dir='ltr'>καὶ</span> <span class='ocrx_word' id='word_1_431' title='bbox 1726 4222 1832 4271; x_wconf 76' lang='grc' dir='ltr'>τῶν</span> <span class='ocrx_word' id='word_1_432' title='bbox 1889 4237 1979 4270; x_wconf 84' lang='grc' dir='ltr'>πι-</span> 
     </span>
    </p>
   </div>
   <div class='ocr_carea' id='block_1_59' title="bbox 318 4304 1980 4395">
    <p class='ocr_par' dir='ltr' id='par_1_59' title="bbox 318 4304 1980 4395">
     <span class='ocr_line' id='line_1_59' title="bbox 318 4304 1980 4395; baseline -0.016 -10"><span class='ocrx_word' id='word_1_433' title='bbox 318 4304 463 4385; x_wconf 75' lang='grc' dir='ltr'>στῶν</span> <span class='ocrx_word' id='word_1_434' title='bbox 492 4304 806 4395; x_wconf 65' lang='grc' dir='ltr'>ἠπάτησεν,</span> <span class='ocrx_word' id='word_1_435' title='bbox 841 4314 931 4373; x_wconf 65' lang='grc' dir='ltr'>ἅτε</span> <span class='ocrx_word' id='word_1_436' title='bbox 964 4318 1055 4372; x_wconf 79' lang='grc' dir='ltr'>ὑπ’</span> <span class='ocrx_word' id='word_1_437' title='bbox 1104 4314 1301 4369; x_wconf 83' lang='grc' dir='ltr'>ἐκείνου</span> <span class='ocrx_word' id='word_1_438' title='bbox 1360 4308 1598 4370; x_wconf 72' lang='grc' dir='ltr'>δεχθείς.</span> <span class='ocrx_word' id='word_1_439' title='bbox 1667 4308 1763 4362; x_wconf 86' lang='grc' dir='ltr'>Διὰ</span> <span class='ocrx_word' id='word_1_440' title='bbox 1818 4304 1980 4361; x_wconf 76' lang='grc' dir='ltr'>τοῦτο</span> 
     </span>
    </p>
   </div>
   <div class='ocr_carea' id='block_1_60' title="bbox 327 4394 1980 4473">
    <p class='ocr_par' dir='ltr' id='par_1_60' title="bbox 327 4394 1980 4473">
     <span class='ocr_line' id='line_1_60' title="bbox 327 4394 1980 4473; baseline -0.016 0"><span class='ocrx_word' id='word_1_441' title='bbox 327 4394 589 4473; x_wconf 62' lang='grc' dir='ltr'>ἀνέχεται</span> <span class='ocrx_word' id='word_1_442' title='bbox 642 4414 763 4469; x_wconf 84' lang='grc' dir='ltr'>καθ’</span> <span class='ocrx_word' id='word_1_443' title='bbox 821 4411 1011 4465; x_wconf 71' lang='grc' dir='ltr'>ἑαυτοῦ</span> <span class='ocrx_word' id='word_1_444' title='bbox 1068 4404 1235 4460; x_wconf 44' lang='grc' dir='ltr'>εἷπεῖν</span> <span class='ocrx_word' id='word_1_445' title='bbox 1317 4398 1411 4455; x_wconf 64' lang='grc' dir='ltr'>⁸ίνα</span> <span class='ocrx_word' id='word_1_446' title='bbox 1488 4400 1661 4471; x_wconf 77' lang='grc' dir='ltr'>στήσῃ</span> <span class='ocrx_word' id='word_1_447' title='bbox 1725 4396 1790 4449; x_wconf 79' lang='grc' dir='ltr'>τὰ</span> <span class='ocrx_word' id='word_1_448' title='bbox 1849 4394 1980 4467; x_wconf 79' lang='grc' dir='ltr'>ὑπὶρ</span> 
     </span>
    </p>
   </div>
   <div class='ocr_carea' id='block_1_61' title="bbox 322 4486 1979 4573">
    <p class='ocr_par' dir='ltr' id='par_1_61' title="bbox 322 4486 1979 4573">
     <span class='ocr_line' id='line_1_61' title="bbox 322 4486 1979 4573; baseline -0.017 -7"><span class='ocrx_word' id='word_1_449' title='bbox 322 4513 520 4566; x_wconf 65' lang='grc' dir='ltr'>αὐτοῦ.</span> <span class='ocrx_word' id='word_1_450' title='bbox 551 4505 661 4563; x_wconf 77' lang='grc' dir='ltr'>Καὶ</span> <span class='ocrx_word' id='word_1_451' title='bbox 694 4502 852 4563; x_wconf 69' lang='grc' dir='ltr'>αυτὸς</span> <span class='ocrx_word' id='word_1_452' title='bbox 912 4492 1302 4573; x_wconf 76' lang='grc' dir='ltr'>συγκαταϐάσει</span> <span class='ocrx_word' id='word_1_453' title='bbox 1352 4492 1619 4569; x_wconf 86' lang='grc' dir='ltr'>κέχρηται</span> <span class='ocrx_word' id='word_1_454' title='bbox 1679 4487 1816 4561; x_wconf 87' lang='grc' dir='ltr'>πρὸς</span> <span class='ocrx_word' id='word_1_455' title='bbox 1880 4486 1979 4553; x_wconf 79' lang='grc' dir='ltr'>τὴν</span> 
     </span>
    </p>
   </div>
   <div class='ocr_carea' id='block_1_62' title="bbox 322 4578 1976 4663">
    <p class='ocr_par' dir='ltr' id='par_1_62' title="bbox 322 4578 1976 4663">
     <span class='ocr_line' id='line_1_62' title="bbox 322 4578 1976 4663; baseline -0.018 -7"><span class='ocrx_word' id='word_1_456' title='bbox 322 4598 634 4656; x_wconf 67' lang='grc' dir='ltr'>ἀπώλειαν.</span> <span class='ocrx_word' id='word_1_457' title='bbox 669 4594 747 4651; x_wconf 80' lang='grc' dir='ltr'>Τὸ</span> <span class='ocrx_word' id='word_1_458' title='bbox 782 4592 874 4663; x_wconf 71' lang='grc' dir='ltr'>μὲν</span> <span class='ocrx_word' id='word_1_459' title='bbox 918 4590 1007 4644; x_wconf 73' lang='grc' dir='ltr'>οὖν</span> <span class='ocrx_word' id='word_1_460' title='bbox 1065 4590 1279 4660; x_wconf 82' lang='grc' dir='ltr'>πρῶτον</span> <span class='ocrx_word' id='word_1_461' title='bbox 1338 4581 1397 4637; x_wconf 78' lang='grc' dir='ltr'>οὐ</span> <span class='ocrx_word' id='word_1_462' title='bbox 1457 4580 1773 4655; x_wconf 80' lang='grc' dir='ltr'>προσήκατο</span> <span class='ocrx_word' id='word_1_463' title='bbox 1835 4578 1976 4629; x_wconf 65' lang='grc' dir='ltr'>Παυ-</span> 
     </span>
    </p>
   </div>
   <div class='ocr_carea' id='block_1_63' title="bbox 325 4666 1984 4759">
    <p class='ocr_par' dir='ltr' id='par_1_63' title="bbox 325 4666 1984 4759">
     <span class='ocr_line' id='line_1_63' title="bbox 325 4666 1984 4759; baseline -0.016 -13"><span class='ocrx_word' id='word_1_464' title='bbox 325 4690 451 4759; x_wconf 80' lang='grc' dir='ltr'>λος,</span> <span class='ocrx_word' id='word_1_465' title='bbox 486 4684 640 4743; x_wconf 67' lang='grc' dir='ltr'>ἀλλὰ</span> <span class='ocrx_word' id='word_1_466' title='bbox 684 4682 958 4738; x_wconf 79' lang='grc' dir='ltr'>διέπτυσεν</span> <span class='ocrx_word' id='word_1_467' title='bbox 1019 4679 1081 4734; x_wconf 75' lang='grc' dir='ltr'>οὐ</span> <span class='ocrx_word' id='word_1_468' title='bbox 1135 4674 1472 4754; x_wconf 84' lang='grc' dir='ltr'>βουλόμενος</span> <span class='ocrx_word' id='word_1_469' title='bbox 1527 4669 1718 4731; x_wconf 88' lang='grc' dir='ltr'>ἀπλως</span> <span class='ocrx_word' id='word_1_470' title='bbox 1774 4666 1984 4742; x_wconf 64' lang='grc' dir='ltr'>ἐπιβρί-</span> 
     </span>
    </p>
   </div>
   <div class='ocr_carea' id='block_1_64' title="bbox 323 4760 1985 4846">
    <p class='ocr_par' dir='ltr' id='par_1_64' title="bbox 323 4760 1985 4846">
     <span class='ocr_line' id='line_1_64' title="bbox 323 4760 1985 4846; baseline -0.017 -9"><span class='ocrx_word' id='word_1_471' title='bbox 323 4802 481 4836; x_wconf 83' lang='grc' dir='ltr'>πτειν</span> <span class='ocrx_word' id='word_1_472' title='bbox 510 4783 635 4838; x_wconf 77' lang='grc' dir='ltr'>τοῖς</span> <span class='ocrx_word' id='word_1_473' title='bbox 690 4772 961 4846; x_wconf 83' lang='grc' dir='ltr'>σημείοις.</span> <span class='ocrx_word' id='word_1_474' title='bbox 1019 4775 1106 4832; x_wconf 86' lang='grc' dir='ltr'>Ὡς</span> <span class='ocrx_word' id='word_1_475' title='bbox 1160 4765 1217 4821; x_wconf 71' lang='grc' dir='ltr'>δὲ</span> <span class='ocrx_word' id='word_1_476' title='bbox 1301 4764 1521 4835; x_wconf 84' lang='grc' dir='ltr'>ἐπέμενε</span> <span class='ocrx_word' id='word_1_477' title='bbox 1577 4763 1740 4815; x_wconf 72' lang='grc' dir='ltr'>τοῦτο</span> <span class='ocrx_word' id='word_1_478' title='bbox 1787 4760 1985 4823; x_wconf 84' lang='grc' dir='ltr'>ποιῶν,</span> 
     </span>
    </p>
   </div>
   <div class='ocr_carea' id='block_1_65' title="bbox 322 4846 1982 4939">
    <p class='ocr_par' dir='ltr' id='par_1_65' title="bbox 322 4846 1982 4939">
     <span class='ocr_line' id='line_1_65' title="bbox 322 4846 1982 4939; baseline -0.014 -15"><span class='ocrx_word' id='word_1_479' title='bbox 322 4871 414 4924; x_wconf 74' lang='grc' dir='ltr'>καὶ</span> <span class='ocrx_word' id='word_1_480' title='bbox 445 4869 515 4922; x_wconf 70' lang='grc' dir='ltr'>τὰ</span> <span class='ocrx_word' id='word_1_481' title='bbox 547 4866 712 4939; x_wconf 65' lang='grc' dir='ltr'>ἒσγον</span> <span class='ocrx_word' id='word_1_482' title='bbox 744 4861 970 4928; x_wconf 75' lang='grc' dir='ltr'>ἐδείκνυ,</span> <span class='ocrx_word' id='word_1_483' title='bbox 1030 4858 1151 4914; x_wconf 80' lang='grc' dir='ltr'>τότε</span> <span class='ocrx_word' id='word_1_484' title='bbox 1206 4853 1479 4909; x_wconf 86' lang='grc' dir='ltr'>ἐκέλευσεν</span> <span class='ocrx_word' id='word_1_485' title='bbox 1533 4849 1680 4920; x_wconf 80' lang='grc' dir='ltr'>αὖτῷ</span> <span class='ocrx_word' id='word_1_486' title='bbox 1731 4846 1982 4917; x_wconf 78' lang='grc' dir='ltr'>ἐξελθεῖν.</span> 
     </span>
    </p>
   </div>
   <div class='ocr_carea' id='block_1_66' title="bbox 330 4937 1987 5026">
    <p class='ocr_par' dir='ltr' id='par_1_66' title="bbox 330 4937 1987 5026">
     <span class='ocr_line' id='line_1_66' title="bbox 330 4937 1987 5026; baseline -0.016 -13"><span class='ocrx_word' id='word_1_487' title='bbox 330 4937 699 5024; x_wconf 55' lang='grc' dir='ltr'>Διαποηβέὶς</span> <span class='ocrx_word' id='word_1_488' title='bbox 731 4953 855 5026; x_wconf 73' lang='grc' dir='ltr'>γάρ,</span> <span class='ocrx_word' id='word_1_489' title='bbox 889 4949 1051 5026; x_wconf 63' lang='grc' dir='ltr'>φησὶν</span> <span class='ocrx_word' id='word_1_490' title='bbox 1085 4948 1112 5001; x_wconf 86' lang='grc' dir='ltr'><strong>ὁ</strong></span> <span class='ocrx_word' id='word_1_491' title='bbox 1145 4943 1391 5010; x_wconf 76' lang='grc' dir='ltr'>ΙΙαῦλος,</span> <span class='ocrx_word' id='word_1_492' title='bbox 1444 4939 1690 4995; x_wconf 84' lang='grc' dir='ltr'>τουτέστι</span> <span class='ocrx_word' id='word_1_493' title='bbox 1750 4937 1987 5026; x_wconf 79' lang='grc' dir='ltr'>κινηθείς</span> 
     </span>
    </p>
   </div>
   <div class='ocr_carea' id='block_1_67' title="bbox 326 5023 1990 5115">
    <p class='ocr_par' dir='ltr' id='par_1_67' title="bbox 326 5023 1990 5115">
     <span class='ocr_line' id='line_1_67' title="bbox 326 5023 1990 5115; baseline -0.015 -13"><span class='ocrx_word' id='word_1_494' title='bbox 326 5050 418 5102; x_wconf 77' lang='grc' dir='ltr'>καὶ</span> <span class='ocrx_word' id='word_1_495' title='bbox 454 5023 711 5115; x_wconf 61' lang='grc' dir='ltr'>δηὶζθεὶς,</span> <span class='ocrx_word' id='word_1_496' title='bbox 743 5023 833 5096; x_wconf 79' lang='grc' dir='ltr'>καὶ</span> <span class='ocrx_word' id='word_1_497' title='bbox 866 5023 1047 5108; x_wconf 77' lang='grc' dir='ltr'>ἀληθῆ</span> <span class='ocrx_word' id='word_1_498' title='bbox 1108 5034 1366 5108; x_wconf 82' lang='grc' dir='ltr'>λέγουσαν</span> <span class='ocrx_word' id='word_1_499' title='bbox 1424 5027 1809 5101; x_wconf 79' lang='grc' dir='ltr'>ἐπιστομίσας,</span> <span class='ocrx_word' id='word_1_500' title='bbox 1878 5023 1990 5079; x_wconf 79' lang='grc' dir='ltr'>ἐκέ-</span> 
     </span>
    </p>
   </div>
   <div class='ocr_carea' id='block_1_68' title="bbox 325 5111 1987 5205">
    <p class='ocr_par' dir='ltr' id='par_1_68' title="bbox 325 5111 1987 5205">
     <span class='ocr_line' id='line_1_68' title="bbox 325 5111 1987 5205; baseline -0.016 -14"><span class='ocrx_word' id='word_1_501' title='bbox 325 5111 521 5192; x_wconf 67' lang='grc' dir='ltr'>λευσεν</span> <span class='ocrx_word' id='word_1_502' title='bbox 580 5129 815 5205; x_wconf 74' lang='grc' dir='ltr'>ἐξελθεῖν</span> <span class='ocrx_word' id='word_1_503' title='bbox 875 5127 928 5197; x_wconf 80' lang='grc' dir='ltr'>ἐξ</span> <span class='ocrx_word' id='word_1_504' title='bbox 986 5125 1152 5193; x_wconf 71' lang='grc' dir='ltr'>αὐτῆς</span> <span class='ocrx_word' id='word_1_505' title='bbox 1210 5123 1273 5177; x_wconf 85' lang='grc' dir='ltr'>τὸ</span> <span class='ocrx_word' id='word_1_506' title='bbox 1352 5117 1661 5193; x_wconf 72' lang='grc' dir='ltr'>δαιμόνιον,</span> <span class='ocrx_word' id='word_1_507' title='bbox 1721 5111 1987 5205; x_wconf 76' lang='grc' dir='ltr'>διδάσκων</span> 
     </span>
    </p>
   </div>
   <div class='ocr_carea' id='block_1_69' title="bbox 323 5202 1988 5296">
    <p class='ocr_par' dir='ltr' id='par_1_69' title="bbox 323 5202 1988 5296">
     <span class='ocr_line' id='line_1_69' title="bbox 323 5202 1988 5296; baseline -0.015 -16"><span class='ocrx_word' id='word_1_508' title='bbox 323 5229 503 5295; x_wconf 67' lang='grc' dir='ltr'>ἡμᾶς,</span> <span class='ocrx_word' id='word_1_509' title='bbox 542 5220 690 5296; x_wconf 77' lang='grc' dir='ltr'>μηδε</span> <span class='ocrx_word' id='word_1_510' title='bbox 718 5223 787 5291; x_wconf 75' lang='grc' dir='ltr'>τῇ</span> <span class='ocrx_word' id='word_1_511' title='bbox 821 5216 1051 5286; x_wconf 78' lang='grc' dir='ltr'>ἀληθείᾳ</span> <span class='ocrx_word' id='word_1_512' title='bbox 1107 5214 1418 5286; x_wconf 76' lang='grc' dir='ltr'>συνηγορεῖν</span> <span class='ocrx_word' id='word_1_513' title='bbox 1476 5202 1988 5281; x_wconf 72' lang='grc' dir='ltr'>προσποιουμένους</span> 
     </span>
    </p>
   </div>
   <div class='ocr_carea' id='block_1_70' title="bbox 331 5292 1986 5394">
    <p class='ocr_par' dir='ltr' id='par_1_70' title="bbox 331 5292 1986 5394">
     <span class='ocr_line' id='line_1_70' title="bbox 331 5292 1986 5394; baseline -0.016 -23"><span class='ocrx_word' id='word_1_514' title='bbox 331 5292 585 5394; x_wconf 67' lang='grc' dir='ltr'>Ξέχεσθαι</span> <span class='ocrx_word' id='word_1_515' title='bbox 620 5310 907 5384; x_wconf 81' lang='grc' dir='ltr'>δαίμονας,</span> <span class='ocrx_word' id='word_1_516' title='bbox 956 5304 1103 5359; x_wconf 79' lang='grc' dir='ltr'>ἀλλὰ</span> <span class='ocrx_word' id='word_1_517' title='bbox 1158 5306 1329 5356; x_wconf 78' lang='grc' dir='ltr'>πᾶσαν</span> <span class='ocrx_word' id='word_1_518' title='bbox 1382 5299 1567 5357; x_wconf 79' lang='grc' dir='ltr'>αὐτοῖς</span> <span class='ocrx_word' id='word_1_519' title='bbox 1622 5292 1986 5372; x_wconf 82' lang='grc' dir='ltr'>ἀποτειχίζειν</span> 
     </span>
    </p>
   </div>
   <div class='ocr_carea' id='block_1_71' title="bbox 336 5383 1990 5477">
    <p class='ocr_par' dir='ltr' id='par_1_71' title="bbox 336 5383 1990 5477">
     <span class='ocr_line' id='line_1_71' title="bbox 336 5383 1990 5477; baseline -0.016 -15"><span class='ocrx_word' id='word_1_520' title='bbox 336 5383 546 5477; x_wconf 60' lang='grc' dir='ltr'>πλάνης</span> <span class='ocrx_word' id='word_1_521' title='bbox 580 5403 729 5469; x_wconf 83' lang='grc' dir='ltr'>ὁδὸν,</span> <span class='ocrx_word' id='word_1_522' title='bbox 762 5401 855 5458; x_wconf 84' lang='grc' dir='ltr'>καὶ</span> <span class='ocrx_word' id='word_1_523' title='bbox 905 5397 1266 5472; x_wconf 71' lang='grc' dir='ltr'>ἀποφράττειν</span> <span class='ocrx_word' id='word_1_524' title='bbox 1324 5404 1462 5466; x_wconf 87' lang='grc' dir='ltr'>προς</span> <span class='ocrx_word' id='word_1_525' title='bbox 1519 5387 1586 5442; x_wconf 82' lang='grc' dir='ltr'>τὰ</span> <span class='ocrx_word' id='word_1_526' title='bbox 1635 5387 1761 5459; x_wconf 83' lang='grc' dir='ltr'>παρ’</span> <span class='ocrx_word' id='word_1_527' title='bbox 1821 5383 1990 5438; x_wconf 73' lang='grc' dir='ltr'>αότοῦ</span> 
     </span>
    </p>
   </div>
   <div class='ocr_carea' id='block_1_72' title="bbox 334 5493 883 5568">
    <p class='ocr_par' dir='ltr' id='par_1_72' title="bbox 334 5493 883 5568">
     <span class='ocr_line' id='line_1_72' title="bbox 334 5493 883 5568; baseline -0.009 -14"><span class='ocrx_word' id='word_1_528' title='bbox 334 5501 528 5568; x_wconf 73' lang='grc' dir='ltr'>πάντα,</span> <span class='ocrx_word' id='word_1_529' title='bbox 552 5498 653 5567; x_wconf 72' lang='grc' dir='ltr'>τήν</span> <span class='ocrx_word' id='word_1_530' title='bbox 683 5493 883 5562; x_wconf 82' lang='grc' dir='ltr'>ἀκοήν.</span> 
     </span>
    </p>
   </div>
   <div class='ocr_carea' id='block_1_73' title="bbox 408 5559 1994 5666">
    <p class='ocr_par' dir='ltr' id='par_1_73' title="bbox 408 5559 1994 5666">
     <span class='ocr_line' id='line_1_73' title="bbox 408 5559 1994 5666; baseline -0.015 -27"><span class='ocrx_word' id='word_1_531' title='bbox 408 5614 429 5639; x_wconf 75' lang='grc' dir='ltr'>ι</span> <span class='ocrx_word' id='word_1_532' title='bbox 466 5559 653 5666; x_wconf 61' lang='grc' dir='ltr'>νΑφνὶυ</span> <span class='ocrx_word' id='word_1_533' title='bbox 696 5580 756 5639; x_wconf 74' lang='grc' dir='ltr'>δὲ</span> <span class='ocrx_word' id='word_1_534' title='bbox 817 5559 1044 5649; x_wconf 73' lang='grc' dir='ltr'>σεισμὸς</span> <span class='ocrx_word' id='word_1_535' title='bbox 1101 5571 1313 5647; x_wconf 80' lang='grc' dir='ltr'>ἐγένετο</span> <span class='ocrx_word' id='word_1_536' title='bbox 1368 5566 1550 5644; x_wconf 83' lang='grc' dir='ltr'>μέγας,</span> <span class='ocrx_word' id='word_1_537' title='bbox 1611 5562 1749 5619; x_wconf 79' lang='grc' dir='ltr'>ὥστε</span> <span class='ocrx_word' id='word_1_538' title='bbox 1806 5559 1994 5666; x_wconf 69' lang='grc' dir='ltr'>σαλευ-</span> 
     </span>
    </p>
   </div>
   <div class='ocr_carea' id='block_1_74' title="bbox 331 5651 1989 5748">
    <p class='ocr_par' dir='ltr' id='par_1_74' title="bbox 331 5651 1989 5748">
     <span class='ocr_line' id='line_1_74' title="bbox 331 5651 1989 5748; baseline -0.014 -20"><span class='ocrx_word' id='word_1_539' title='bbox 331 5703 349 5728; x_wconf 81' lang='grc' dir='ltr'>ι</span> <span class='ocrx_word' id='word_1_540' title='bbox 389 5651 558 5748; x_wconf 49' lang='grc' dir='ltr'>θῆναι.</span> <span class='ocrx_word' id='word_1_541' title='bbox 594 5678 659 5733; x_wconf 79' lang='grc' dir='ltr'>τὰ</span> <span class='ocrx_word' id='word_1_542' title='bbox 718 5667 960 5746; x_wconf 69' lang='grc' dir='ltr'>θεμέλια</span> <span class='ocrx_word' id='word_1_543' title='bbox 1014 5665 1115 5717; x_wconf 81' lang='grc' dir='ltr'>τοῦ</span> <span class='ocrx_word' id='word_1_544' title='bbox 1167 5654 1568 5732; x_wconf 84' lang='grc' dir='ltr'>δεσμωτηρίου·</span> <span class='ocrx_word' id='word_1_545' title='bbox 1630 5651 1989 5726; x_wconf 82' lang='grc' dir='ltr'>ἀνεῴχθησάν</span> 
     </span>
    </p>
   </div>
   <div class='ocr_carea' id='block_1_75' title="bbox 2068 1904 3717 1977">
    <p class='ocr_par' dir='ltr' id='par_1_75' title="bbox 2068 1904 3717 1977">
     <span class='ocr_line' id='line_1_75' title="bbox 2068 1904 3717 1977; baseline 0.001 -19"><span class='ocrx_word' id='word_1_546' title='bbox 2068 1905 2320 1959; x_wconf 77' lang='lat' dir='ltr'>«forum</span> <span class='ocrx_word' id='word_1_547' title='bbox 2358 1905 2430 1959; x_wconf 91' lang='lat' dir='ltr'>ad</span> <span class='ocrx_word' id='word_1_548' title='bbox 2488 1904 2810 1977; x_wconf 88' lang='lat' dir='ltr'>principes,</span> <span class='ocrx_word' id='word_1_549' title='bbox 2875 1911 2932 1961; x_wconf 90' lang='lat' dir='ltr'>et</span> <span class='ocrx_word' id='word_1_550' title='bbox 2990 1907 3309 1961; x_wconf 70' lang='lat' dir='ltr'>offerentes</span> <span class='ocrx_word' id='word_1_551' title='bbox 3360 1907 3717 1977; x_wconf 77' lang='lat' dir='ltr'>magistrati-</span> 
     </span>
    </p>
   </div>
   <div class='ocr_carea' id='block_1_76' title="bbox 2069 1994 3718 2057">
    <p class='ocr_par' dir='ltr' id='par_1_76' title="bbox 2069 1994 3718 2057">
     <span class='ocr_line' id='line_1_76' title="bbox 2069 1994 3718 2057; baseline 0.004 -14"><span class='ocrx_word' id='word_1_552' title='bbox 2069 2016 2096 2045; x_wconf 90' lang='grc'>‹‹</span> <span class='ocrx_word' id='word_1_553' title='bbox 2132 1994 2264 2057; x_wconf 81' lang='lat' dir='ltr'>bus,</span> <span class='ocrx_word' id='word_1_554' title='bbox 2298 1994 2570 2049; x_wconf 83' lang='lat' dir='ltr'>dixerunt</span> <span class='ocrx_word' id='word_1_555' title='bbox 2601 2012 2612 2049; x_wconf 94' lang='lat'>:</span> <span class='ocrx_word' id='word_1_556' title='bbox 2640 1995 2703 2048; x_wconf 87' lang='lat' dir='ltr'>Hi</span> <span class='ocrx_word' id='word_1_557' title='bbox 2735 1995 3009 2050; x_wconf 89' lang='lat' dir='ltr'>homines</span> <span class='ocrx_word' id='word_1_558' title='bbox 3035 1996 3393 2050; x_wconf 87' lang='lat' dir='ltr'>conturbant</span> <span class='ocrx_word' id='word_1_559' title='bbox 3423 1997 3718 2051; x_wconf 89' lang='lat' dir='ltr'>civitatem</span> 
     </span>
    </p>
   </div>
   <div class='ocr_carea' id='block_1_77' title="bbox 2068 2083 3719 2142">
    <p class='ocr_par' dir='ltr' id='par_1_77' title="bbox 2068 2083 3719 2142">
     <span class='ocr_line' id='line_1_77' title="bbox 2068 2083 3719 2142; baseline 0.004 -9"><span class='ocrx_word' id='word_1_560' title='bbox 2068 2106 2094 2133; x_wconf 86' lang='grc'>‹‹</span> <span class='ocrx_word' id='word_1_561' title='bbox 2130 2090 2394 2138; x_wconf 88' lang='lat' dir='ltr'>nostram</span> <span class='ocrx_word' id='word_1_562' title='bbox 2424 2099 2555 2138; x_wconf 90' lang='lat' dir='ltr'>cum</span> <span class='ocrx_word' id='word_1_563' title='bbox 2590 2083 2709 2138; x_wconf 91' lang='lat' dir='ltr'>sint</span> <span class='ocrx_word' id='word_1_564' title='bbox 2736 2084 2941 2142; x_wconf 72' lang='lat' dir='ltr'>Judaei.</span> <span class='ocrx_word' id='word_1_565' title='bbox 2973 2090 3031 2140; x_wconf 93' lang='lat' dir='ltr'>et</span> <span class='ocrx_word' id='word_1_566' title='bbox 3060 2086 3421 2140; x_wconf 89' lang='lat' dir='ltr'>annuntiant</span> <span class='ocrx_word' id='word_1_567' title='bbox 3448 2087 3719 2141; x_wconf 89' lang='lat' dir='ltr'>instituta</span> 
     </span>
    </p>
   </div>
   <div class='ocr_carea' id='block_1_78' title="bbox 2069 2171 3720 2243">
    <p class='ocr_par' dir='ltr' id='par_1_78' title="bbox 2069 2171 3720 2243">
     <span class='ocr_line' id='line_1_78' title="bbox 2069 2171 3720 2243; baseline 0.006 -24"><span class='ocrx_word' id='word_1_568' title='bbox 2069 2193 2097 2220; x_wconf 83' lang='lat'><strong>«</strong></span> <span class='ocrx_word' id='word_1_569' title='bbox 2123 2189 2252 2241; x_wconf 68' lang='lat' dir='ltr'>quae</span> <span class='ocrx_word' id='word_1_570' title='bbox 2284 2172 2554 2226; x_wconf 88' lang='lat' dir='ltr'>nonlicet</span> <span class='ocrx_word' id='word_1_571' title='bbox 2584 2171 2756 2227; x_wconf 85' lang='lat' dir='ltr'>nobis</span> <span class='ocrx_word' id='word_1_572' title='bbox 2778 2172 3077 2243; x_wconf 87' lang='lat' dir='ltr'>suscipere</span> <span class='ocrx_word' id='word_1_573' title='bbox 3106 2190 3299 2243; x_wconf 91' lang='lat' dir='ltr'>neque</span> <span class='ocrx_word' id='word_1_574' title='bbox 3328 2190 3720 2229; x_wconf 85' lang='lat' dir='ltr'>servarecum</span> 
     </span>
    </p>
   </div>
   <div class='ocr_carea' id='block_1_79' title="bbox 2075 2260 3719 2331">
    <p class='ocr_par' dir='ltr' id='par_1_79' title="bbox 2075 2260 3719 2331">
     <span class='ocr_line' id='line_1_79' title="bbox 2075 2260 3719 2331; baseline 0.003 -20"><span class='ocrx_word' id='word_1_575' title='bbox 2075 2283 2095 2309; x_wconf 74' lang='grc' dir='ltr'>«ι</span> <span class='ocrx_word' id='word_1_576' title='bbox 2120 2260 2305 2314; x_wconf 90' lang='lat' dir='ltr'>simus</span> <span class='ocrx_word' id='word_1_577' title='bbox 2320 2261 2589 2314; x_wconf 79' lang='lat' dir='ltr'>Romani.</span> <span class='ocrx_word' id='word_1_578' title='bbox 2624 2262 3051 2331; x_wconf 87' lang='lat' dir='ltr'>Concurritque</span> <span class='ocrx_word' id='word_1_579' title='bbox 3083 2262 3258 2317; x_wconf 89' lang='lat' dir='ltr'>turba</span> <span class='ocrx_word' id='word_1_580' title='bbox 3290 2262 3568 2317; x_wconf 81' lang='lat' dir='ltr'>adversus</span> <span class='ocrx_word' id='word_1_581' title='bbox 3586 2279 3719 2318; x_wconf 88' lang='lat' dir='ltr'>eos:</span> 
     </span>
    </p>
   </div>
   <div class='ocr_carea' id='block_1_80' title="bbox 2074 2350 3721 2421">
    <p class='ocr_par' dir='ltr' id='par_1_80' title="bbox 2074 2350 3721 2421">
     <span class='ocr_line' id='line_1_80' title="bbox 2074 2350 3721 2421; baseline 0.002 -18"><span class='ocrx_word' id='word_1_582' title='bbox 2074 2370 2100 2397; x_wconf 91' lang='grc'>‹‹</span> <span class='ocrx_word' id='word_1_583' title='bbox 2139 2355 2197 2403; x_wconf 89' lang='lat' dir='ltr'>et</span> <span class='ocrx_word' id='word_1_584' title='bbox 2228 2350 2603 2421; x_wconf 80' lang='lat' dir='ltr'>magistratus</span> <span class='ocrx_word' id='word_1_585' title='bbox 2635 2351 2835 2403; x_wconf 88' lang='lat' dir='ltr'>scissis</span> <span class='ocrx_word' id='word_1_586' title='bbox 2867 2350 3126 2404; x_wconf 86' lang='lat' dir='ltr'>vestibus</span> <span class='ocrx_word' id='word_1_587' title='bbox 3159 2351 3721 2421; x_wconf 86' lang='lat' dir='ltr'>suisjusserunteos</span> 
     </span>
    </p>
   </div>
   <div class='ocr_carea' id='block_1_81' title="bbox 2073 2424 3728 2513">
    <p class='ocr_par' dir='ltr' id='par_1_81' title="bbox 2073 2424 3728 2513">
     <span class='ocr_line' id='line_1_81' title="bbox 2073 2424 3728 2513; baseline 0.004 -26"><span class='ocrx_word' id='word_1_588' title='bbox 2073 2461 2101 2488; x_wconf 88' lang='grc'>‹‹</span> <span class='ocrx_word' id='word_1_589' title='bbox 2132 2438 2307 2511; x_wconf 80' lang='lat' dir='ltr'>virgis</span> <span class='ocrx_word' id='word_1_590' title='bbox 2329 2424 2494 2492; x_wconf 64' lang='lat' dir='ltr'>caedi.</span> <span class='ocrx_word' id='word_1_591' title='bbox 2516 2440 2780 2513; x_wconf 73' lang='lat' dir='ltr'>cumque</span> <span class='ocrx_word' id='word_1_592' title='bbox 2804 2439 3020 2492; x_wconf 89' lang='lat' dir='ltr'>multas</span> <span class='ocrx_word' id='word_1_593' title='bbox 3054 2439 3253 2509; x_wconf 87' lang='lat' dir='ltr'>plagas</span> <span class='ocrx_word' id='word_1_594' title='bbox 3285 2441 3370 2493; x_wconf 91' lang='lat' dir='ltr'>eis</span> <span class='ocrx_word' id='word_1_595' title='bbox 3404 2432 3728 2511; x_wconf 52' lang='lat' dir='ltr'>imposuisJ</span> 
     </span>
    </p>
   </div>
   <div class='ocr_carea' id='block_1_82' title="bbox 2076 2529 3719 2599">
    <p class='ocr_par' dir='ltr' id='par_1_82' title="bbox 2076 2529 3719 2599">
     <span class='ocr_line' id='line_1_82' title="bbox 2076 2529 3719 2599; baseline 0 -16"><span class='ocrx_word' id='word_1_596' title='bbox 2076 2550 2103 2577; x_wconf 77' lang='grc' dir='ltr'>(ι</span> <span class='ocrx_word' id='word_1_597' title='bbox 2136 2534 2287 2592; x_wconf 90' lang='lat' dir='ltr'>sent,</span> <span class='ocrx_word' id='word_1_598' title='bbox 2322 2529 2707 2599; x_wconf 87' lang='lat' dir='ltr'>conjecerunt</span> <span class='ocrx_word' id='word_1_599' title='bbox 2737 2545 2838 2583; x_wconf 88' lang='lat' dir='ltr'>eos</span> <span class='ocrx_word' id='word_1_600' title='bbox 2868 2529 2930 2582; x_wconf 90' lang='lat' dir='ltr'>in</span> <span class='ocrx_word' id='word_1_601' title='bbox 2953 2545 3273 2595; x_wconf 89' lang='lat' dir='ltr'>carcerem,</span> <span class='ocrx_word' id='word_1_602' title='bbox 3306 2529 3719 2599; x_wconf 74' lang='lat' dir='ltr'>praecipientes</span> 
     </span>
    </p>
   </div>
   <div class='ocr_carea' id='block_1_83' title="bbox 2078 2617 3723 2687">
    <p class='ocr_par' dir='ltr' id='par_1_83' title="bbox 2078 2617 3723 2687">
     <span class='ocr_line' id='line_1_83' title="bbox 2078 2617 3723 2687; baseline 0.001 -18"><span class='ocrx_word' id='word_1_603' title='bbox 2078 2640 2105 2669; x_wconf 85' lang='grc'>‹‹</span> <span class='ocrx_word' id='word_1_604' title='bbox 2138 2618 2367 2674; x_wconf 90' lang='lat' dir='ltr'>custodi</span> <span class='ocrx_word' id='word_1_605' title='bbox 2402 2618 2655 2673; x_wconf 89' lang='lat' dir='ltr'>carceris</span> <span class='ocrx_word' id='word_1_606' title='bbox 2689 2625 2753 2672; x_wconf 88' lang='lat' dir='ltr'>ut</span> <span class='ocrx_word' id='word_1_607' title='bbox 2784 2617 3101 2687; x_wconf 85' lang='lat' dir='ltr'>diligenter</span> <span class='ocrx_word' id='word_1_608' title='bbox 3132 2624 3392 2673; x_wconf 75' lang='lat' dir='ltr'>servaret</span> <span class='ocrx_word' id='word_1_609' title='bbox 3450 2636 3568 2673; x_wconf 90' lang='lat' dir='ltr'>eos.</span> <span class='ocrx_word' id='word_1_610' title='bbox 3613 2619 3723 2681; x_wconf 87' lang='lat' dir='ltr'>Qui</span> 
     </span>
    </p>
   </div>
   <div class='ocr_carea' id='block_1_84' title="bbox 2078 2707 3723 2780">
    <p class='ocr_par' dir='ltr' id='par_1_84' title="bbox 2078 2707 3723 2780">
     <span class='ocr_line' id='line_1_84' title="bbox 2078 2707 3723 2780; baseline 0.002 -22"><span class='ocrx_word' id='word_1_611' title='bbox 2078 2730 2106 2758; x_wconf 85' lang='grc'>‹‹</span> <span class='ocrx_word' id='word_1_612' title='bbox 2141 2713 2432 2780; x_wconf 71' lang='lat' dir='ltr'>prmcepto</span> <span class='ocrx_word' id='word_1_613' title='bbox 2464 2707 2878 2779; x_wconf 86' lang='lat' dir='ltr'>hujuscemodi</span> <span class='ocrx_word' id='word_1_614' title='bbox 2938 2714 3178 2779; x_wconf 88' lang='lat' dir='ltr'>accepto</span> <span class='ocrx_word' id='word_1_615' title='bbox 3238 2708 3496 2780; x_wconf 87' lang='lat' dir='ltr'>conjecit</span> <span class='ocrx_word' id='word_1_616' title='bbox 3529 2725 3629 2763; x_wconf 91' lang='lat' dir='ltr'>eos</span> <span class='ocrx_word' id='word_1_617' title='bbox 3661 2709 3723 2762; x_wconf 92' lang='lat' dir='ltr'>in</span> 
     </span>
    </p>
   </div>
   <div class='ocr_carea' id='block_1_85' title="bbox 2080 2794 3726 2866">
    <p class='ocr_par' dir='ltr' id='par_1_85' title="bbox 2080 2794 3726 2866">
     <span class='ocr_line' id='line_1_85' title="bbox 2080 2794 3726 2866; baseline 0 -17"><span class='ocrx_word' id='word_1_618' title='bbox 2080 2816 2107 2844; x_wconf 83' lang='lat'><strong><em>«</em></strong></span> <span class='ocrx_word' id='word_1_619' title='bbox 2141 2795 2488 2849; x_wconf 86' lang='lat' dir='ltr'>interiorem</span> <span class='ocrx_word' id='word_1_620' title='bbox 2521 2811 2841 2858; x_wconf 85' lang='lat' dir='ltr'>carcerem,</span> <span class='ocrx_word' id='word_1_621' title='bbox 2877 2794 3177 2866; x_wconf 90' lang='lat' dir='ltr'>pedesque</span> <span class='ocrx_word' id='word_1_622' title='bbox 3225 2813 3425 2851; x_wconf 89' lang='lat' dir='ltr'>eorum</span> <span class='ocrx_word' id='word_1_623' title='bbox 3486 2796 3726 2851; x_wconf 84' lang='lat' dir='ltr'>strinxit</span> 
     </span>
    </p>
   </div>
   <div class='ocr_carea' id='block_1_86' title="bbox 2080 2884 3730 2956">
    <p class='ocr_par' dir='ltr' id='par_1_86' title="bbox 2080 2884 3730 2956">
     <span class='ocr_line' id='line_1_86' title="bbox 2080 2884 3730 2956; baseline 0.004 -22"><span class='ocrx_word' id='word_1_624' title='bbox 2080 2905 2109 2934; x_wconf 85' lang='lat'><strong>«</strong></span> <span class='ocrx_word' id='word_1_625' title='bbox 2144 2884 2321 2956; x_wconf 81' lang='lat' dir='ltr'>ligno.</span> <span class='ocrx_word' id='word_1_626' title='bbox 2348 2885 2536 2939; x_wconf 86' lang='lat' dir='ltr'>Media</span> <span class='ocrx_word' id='word_1_627' title='bbox 2567 2891 2763 2940; x_wconf 89' lang='lat' dir='ltr'>autem</span> <span class='ocrx_word' id='word_1_628' title='bbox 2789 2890 2961 2939; x_wconf 89' lang='lat' dir='ltr'>nocte</span> <span class='ocrx_word' id='word_1_629' title='bbox 2997 2886 3212 2940; x_wconf 89' lang='lat' dir='ltr'>Paulus</span> <span class='ocrx_word' id='word_1_630' title='bbox 3246 2903 3312 2941; x_wconf 91' lang='lat' dir='ltr'>ac</span> <span class='ocrx_word' id='word_1_631' title='bbox 3346 2887 3496 2941; x_wconf 90' lang='lat' dir='ltr'>Silas</span> <span class='ocrx_word' id='word_1_632' title='bbox 3528 2887 3730 2941; x_wconf 89' lang='lat' dir='ltr'>lauda-</span> 
     </span>
    </p>
   </div>
   <div class='ocr_carea' id='block_1_87' title="bbox 2082 2974 3730 3046">
    <p class='ocr_par' dir='ltr' id='par_1_87' title="bbox 2082 2974 3730 3046">
     <span class='ocr_line' id='line_1_87' title="bbox 2082 2974 3730 3046; baseline 0.004 -23"><span class='ocrx_word' id='word_1_633' title='bbox 2082 2974 2297 3029; x_wconf 82' lang='lat' dir='ltr'>«bant</span> <span class='ocrx_word' id='word_1_634' title='bbox 2352 2974 2537 3028; x_wconf 89' lang='lat' dir='ltr'>Deum</span> <span class='ocrx_word' id='word_1_635' title='bbox 2586 2990 2599 3028; x_wconf 91' lang='lat'>:</span> <span class='ocrx_word' id='word_1_636' title='bbox 2661 2980 2719 3028; x_wconf 89' lang='lat' dir='ltr'>et</span> <span class='ocrx_word' id='word_1_637' title='bbox 2776 2974 3193 3029; x_wconf 88' lang='lat' dir='ltr'>auscultabant</span> <span class='ocrx_word' id='word_1_638' title='bbox 3237 2991 3336 3029; x_wconf 91' lang='lat' dir='ltr'>eos</span> <span class='ocrx_word' id='word_1_639' title='bbox 3394 2976 3493 3046; x_wconf 90' lang='lat' dir='ltr'>qui</span> <span class='ocrx_word' id='word_1_640' title='bbox 3552 2975 3730 3030; x_wconf 81' lang='lat' dir='ltr'>vincti</span> 
     </span>
    </p>
   </div>
   <div class='ocr_carea' id='block_1_88' title="bbox 2082 3068 2389 3118">
    <p class='ocr_par' dir='ltr' id='par_1_88' title="bbox 2082 3068 2389 3118">
     <span class='ocr_line' id='line_1_88' title="bbox 2082 3068 2389 3118; baseline 0.003 -1"><span class='ocrx_word' id='word_1_641' title='bbox 2082 3085 2110 3112; x_wconf 87' lang='grc'>‹‹</span> <span class='ocrx_word' id='word_1_642' title='bbox 2146 3068 2335 3118; x_wconf 83' lang='lat' dir='ltr'>erant.</span> <span class='ocrx_word' id='word_1_643' title='bbox 2362 3084 2389 3111; x_wconf 91' lang='grc'>››</span> 
     </span>
    </p>
   </div>
   <div class='ocr_carea' id='block_1_89' title="bbox 2150 3306 3735 3379">
    <p class='ocr_par' dir='ltr' id='par_1_89' title="bbox 2150 3306 3735 3379">
     <span class='ocr_line' id='line_1_89' title="bbox 2150 3306 3735 3379; baseline -0.001 -16"><span class='ocrx_word' id='word_1_644' title='bbox 2150 3307 2360 3379; x_wconf 85' lang='lat' dir='ltr'>Pythia</span> <span class='ocrx_word' id='word_1_645' title='bbox 2371 3307 2589 3362; x_wconf 89' lang='lat' dir='ltr'>dicitur</span> <span class='ocrx_word' id='word_1_646' title='bbox 2602 3306 2818 3363; x_wconf 89' lang='lat' dir='ltr'>mulier</span> <span class='ocrx_word' id='word_1_647' title='bbox 2838 3323 2969 3378; x_wconf 68' lang='lat' dir='ltr'>quin</span> <span class='ocrx_word' id='word_1_648' title='bbox 2983 3308 3141 3379; x_wconf 92' lang='lat' dir='ltr'>piam</span> <span class='ocrx_word' id='word_1_649' title='bbox 3164 3323 3294 3379; x_wconf 74' lang='lat' dir='ltr'>quae</span> <span class='ocrx_word' id='word_1_650' title='bbox 3307 3306 3568 3363; x_wconf 90' lang='lat' dir='ltr'>insidere</span> <span class='ocrx_word' id='word_1_651' title='bbox 3583 3308 3735 3363; x_wconf 87' lang='lat' dir='ltr'>solet</span> 
     </span>
    </p>
   </div>
   <div class='ocr_carea' id='block_1_90' title="bbox 2079 3398 3735 3471">
    <p class='ocr_par' dir='ltr' id='par_1_90' title="bbox 2079 3398 3735 3471">
     <span class='ocr_line' id='line_1_90' title="bbox 2079 3398 3735 3471; baseline 0 -17"><span class='ocrx_word' id='word_1_652' title='bbox 2079 3399 2296 3471; x_wconf 91' lang='lat' dir='ltr'>tripodi</span> <span class='ocrx_word' id='word_1_653' title='bbox 2330 3398 2627 3470; x_wconf 83' lang='lat' dir='ltr'>Apollinis</span> <span class='ocrx_word' id='word_1_654' title='bbox 2648 3398 2985 3453; x_wconf 89' lang='lat' dir='ltr'>divaricatis</span> <span class='ocrx_word' id='word_1_655' title='bbox 3045 3398 3337 3466; x_wconf 87' lang='lat' dir='ltr'>cruribus,</span> <span class='ocrx_word' id='word_1_656' title='bbox 3376 3398 3589 3453; x_wconf 86' lang='lat' dir='ltr'>deinde</span> <span class='ocrx_word' id='word_1_657' title='bbox 3623 3400 3735 3454; x_wconf 90' lang='lat' dir='ltr'>hoc</span> 
     </span>
    </p>
   </div>
   <div class='ocr_carea' id='block_1_91' title="bbox 2081 3489 3738 3561">
    <p class='ocr_par' dir='ltr' id='par_1_91' title="bbox 2081 3489 3738 3561">
     <span class='ocr_line' id='line_1_91' title="bbox 2081 3489 3738 3561; baseline -0.001 -16"><span class='ocrx_word' id='word_1_658' title='bbox 2081 3489 2256 3545; x_wconf 93' lang='lat' dir='ltr'>modo</span> <span class='ocrx_word' id='word_1_659' title='bbox 2272 3489 2515 3561; x_wconf 87' lang='lat' dir='ltr'>spiritus</span> <span class='ocrx_word' id='word_1_660' title='bbox 2536 3506 2746 3561; x_wconf 87' lang='lat' dir='ltr'>pravus</span> <span class='ocrx_word' id='word_1_661' title='bbox 2770 3492 2805 3543; x_wconf 85' lang='grc'><strong>1</strong></span> <span class='ocrx_word' id='word_1_662' title='bbox 2821 3491 2910 3544; x_wconf 79' lang='lat'>3|</span> <span class='ocrx_word' id='word_1_663' title='bbox 2942 3489 3170 3545; x_wconf 85' lang='lat' dir='ltr'>inferne</span> <span class='ocrx_word' id='word_1_664' title='bbox 3184 3490 3543 3551; x_wconf 81' lang='lat' dir='ltr'>ascendens,</span> <span class='ocrx_word' id='word_1_665' title='bbox 3562 3495 3738 3561; x_wconf 86' lang='lat' dir='ltr'>etper</span> 
     </span>
    </p>
   </div>
   <div class='ocr_carea' id='block_1_92' title="bbox 2082 3580 3737 3652">
    <p class='ocr_par' dir='ltr' id='par_1_92' title="bbox 2082 3580 3737 3652">
     <span class='ocr_line' id='line_1_92' title="bbox 2082 3580 3737 3652; baseline -0.001 -17"><span class='ocrx_word' id='word_1_666' title='bbox 2082 3585 2280 3652; x_wconf 87' lang='lat' dir='ltr'>partes</span> <span class='ocrx_word' id='word_1_667' title='bbox 2312 3582 2441 3650; x_wconf 85' lang='lat' dir='ltr'>ejus</span> <span class='ocrx_word' id='word_1_668' title='bbox 2470 3580 2758 3652; x_wconf 85' lang='lat' dir='ltr'>genitales</span> <span class='ocrx_word' id='word_1_669' title='bbox 2784 3580 3096 3644; x_wconf 82' lang='lat' dir='ltr'>transiens,</span> <span class='ocrx_word' id='word_1_670' title='bbox 3134 3580 3445 3635; x_wconf 89' lang='lat' dir='ltr'>mulierem</span> <span class='ocrx_word' id='word_1_671' title='bbox 3498 3580 3737 3635; x_wconf 89' lang='lat' dir='ltr'>insania</span> 
     </span>
    </p>
   </div>
   <div class='ocr_carea' id='block_1_93' title="bbox 2083 3668 3743 3740">
    <p class='ocr_par' dir='ltr' id='par_1_93' title="bbox 2083 3668 3743 3740">
     <span class='ocr_line' id='line_1_93' title="bbox 2083 3668 3743 3740; baseline -0.001 -16"><span class='ocrx_word' id='word_1_672' title='bbox 2083 3669 2368 3740; x_wconf 87' lang='lat' dir='ltr'>replebat,</span> <span class='ocrx_word' id='word_1_673' title='bbox 2404 3675 2459 3724; x_wconf 90' lang='lat' dir='ltr'>et</span> <span class='ocrx_word' id='word_1_674' title='bbox 2482 3669 2633 3725; x_wconf 88' lang='lat' dir='ltr'>hanc</span> <span class='ocrx_word' id='word_1_675' title='bbox 2666 3669 2876 3724; x_wconf 90' lang='lat' dir='ltr'>solutis</span> <span class='ocrx_word' id='word_1_676' title='bbox 2935 3669 3202 3723; x_wconf 90' lang='lat' dir='ltr'>crinibus</span> <span class='ocrx_word' id='word_1_677' title='bbox 3263 3669 3369 3723; x_wconf 92' lang='lat' dir='ltr'>sub</span> <span class='ocrx_word' id='word_1_678' title='bbox 3428 3669 3552 3723; x_wconf 63' lang='lat' dir='ltr'>hinc</span> <span class='ocrx_word' id='word_1_679' title='bbox 3611 3668 3743 3722; x_wconf 87' lang='lat' dir='ltr'>bac-</span> 
     </span>
    </p>
   </div>
   <div class='ocr_carea' id='block_1_94' title="bbox 2089 3758 3742 3830">
    <p class='ocr_par' dir='ltr' id='par_1_94' title="bbox 2089 3758 3742 3830">
     <span class='ocr_line' id='line_1_94' title="bbox 2089 3758 3742 3830; baseline -0.002 -17"><span class='ocrx_word' id='word_1_680' title='bbox 2089 3759 2275 3825; x_wconf 90' lang='lat' dir='ltr'>chari,</span> <span class='ocrx_word' id='word_1_681' title='bbox 2312 3773 2705 3830; x_wconf 90' lang='lat' dir='ltr'>spumamque</span> <span class='ocrx_word' id='word_1_682' title='bbox 2741 3774 2843 3813; x_wconf 89' lang='lat' dir='ltr'>ore</span> <span class='ocrx_word' id='word_1_683' title='bbox 2866 3758 3115 3830; x_wconf 83' lang='lat' dir='ltr'>cogebat</span> <span class='ocrx_word' id='word_1_684' title='bbox 3147 3759 3439 3821; x_wconf 87' lang='lat' dir='ltr'>emittere,</span> <span class='ocrx_word' id='word_1_685' title='bbox 3475 3763 3531 3811; x_wconf 92' lang='lat' dir='ltr'>et</span> <span class='ocrx_word' id='word_1_686' title='bbox 3562 3758 3643 3810; x_wconf 90' lang='lat' dir='ltr'>ita</span> <span class='ocrx_word' id='word_1_687' title='bbox 3680 3758 3742 3810; x_wconf 92' lang='lat' dir='ltr'>in</span> 
     </span>
    </p>
   </div>
   <div class='ocr_carea' id='block_1_95' title="bbox 2088 3846 3741 3916">
    <p class='ocr_par' dir='ltr' id='par_1_95' title="bbox 2088 3846 3741 3916">
     <span class='ocr_line' id='line_1_95' title="bbox 2088 3846 3741 3916; baseline -0.002 -13"><span class='ocrx_word' id='word_1_688' title='bbox 2088 3848 2552 3903; x_wconf 90' lang='lat' dir='ltr'>debacchatione</span> <span class='ocrx_word' id='word_1_689' title='bbox 2568 3847 3234 3909; x_wconf 62' lang='lat' dir='ltr'>constitutamjnsaniaa</span> <span class='ocrx_word' id='word_1_690' title='bbox 3257 3846 3433 3901; x_wconf 88' lang='lat' dir='ltr'>verba</span> <span class='ocrx_word' id='word_1_691' title='bbox 3456 3846 3741 3916; x_wconf 82' lang='lat' dir='ltr'>proferre.</span> 
     </span>
    </p>
   </div>
   <div class='ocr_carea' id='block_1_96' title="bbox 2090 3936 3746 4008">
    <p class='ocr_par' dir='ltr' id='par_1_96' title="bbox 2090 3936 3746 4008">
     <span class='ocr_line' id='line_1_96' title="bbox 2090 3936 3746 4008; baseline -0.001 -16"><span class='ocrx_word' id='word_1_692' title='bbox 2090 3940 2303 3993; x_wconf 85' lang='lat' dir='ltr'>Verum</span> <span class='ocrx_word' id='word_1_693' title='bbox 2338 3955 2520 4008; x_wconf 90' lang='lat' dir='ltr'>quare</span> <span class='ocrx_word' id='word_1_694' title='bbox 2554 3944 2610 3992; x_wconf 88' lang='lat' dir='ltr'>et</span> <span class='ocrx_word' id='word_1_695' title='bbox 2637 3939 2762 3992; x_wconf 62' lang='lat' dir='ltr'>baro</span> <span class='ocrx_word' id='word_1_696' title='bbox 2795 3938 3029 3991; x_wconf 70' lang='lat' dir='ltr'>dmmon</span> <span class='ocrx_word' id='word_1_697' title='bbox 3063 3936 3417 4007; x_wconf 89' lang='lat' dir='ltr'>loquebatur</span> <span class='ocrx_word' id='word_1_698' title='bbox 3444 3937 3470 3991; x_wconf 75' lang='lat' dir='ltr'>‘I</span> <span class='ocrx_word' id='word_1_699' title='bbox 3504 3936 3746 3992; x_wconf 87' lang='lat' dir='ltr'>Volebat</span> 
     </span>
    </p>
   </div>
   <div class='ocr_carea' id='block_1_97' title="bbox 2091 4026 3744 4099">
    <p class='ocr_par' dir='ltr' id='par_1_97' title="bbox 2091 4026 3744 4099">
     <span class='ocr_line' id='line_1_97' title="bbox 2091 4026 3744 4099; baseline -0.001 -17"><span class='ocrx_word' id='word_1_700' title='bbox 2091 4029 2153 4083; x_wconf 92' lang='lat' dir='ltr'>in</span> <span class='ocrx_word' id='word_1_701' title='bbox 2184 4033 2489 4099; x_wconf 89' lang='lat' dir='ltr'>posterum</span> <span class='ocrx_word' id='word_1_702' title='bbox 2513 4027 2626 4081; x_wconf 81' lang='lat' dir='ltr'>fide</span> <span class='ocrx_word' id='word_1_703' title='bbox 2644 4026 2885 4097; x_wconf 88' lang='lat' dir='ltr'>dignum</span> <span class='ocrx_word' id='word_1_704' title='bbox 2906 4027 3096 4081; x_wconf 85' lang='lat' dir='ltr'>facere</span> <span class='ocrx_word' id='word_1_705' title='bbox 3117 4044 3287 4081; x_wconf 90' lang='lat' dir='ltr'>suum</span> <span class='ocrx_word' id='word_1_706' title='bbox 3312 4027 3744 4095; x_wconf 87' lang='lat' dir='ltr'>testimonium,</span> 
     </span>
    </p>
   </div>
   <div class='ocr_carea' id='block_1_98' title="bbox 2091 4115 3745 4175">
    <p class='ocr_par' dir='ltr' id='par_1_98' title="bbox 2091 4115 3745 4175">
     <span class='ocr_line' id='line_1_98' title="bbox 2091 4115 3745 4175; baseline -0.001 -3"><span class='ocrx_word' id='word_1_707' title='bbox 2091 4118 2147 4173; x_wconf 89' lang='lat' dir='ltr'>Si</span> <span class='ocrx_word' id='word_1_708' title='bbox 2178 4116 2337 4172; x_wconf 89' lang='lat' dir='ltr'>enim</span> <span class='ocrx_word' id='word_1_709' title='bbox 2366 4116 2581 4171; x_wconf 89' lang='lat' dir='ltr'>Paulus</span> <span class='ocrx_word' id='word_1_710' title='bbox 2613 4116 2764 4169; x_wconf 89' lang='lat' dir='ltr'>illud</span> <span class='ocrx_word' id='word_1_711' title='bbox 2784 4115 3382 4175; x_wconf 87' lang='lat' dir='ltr'>admisisset.multos</span> <span class='ocrx_word' id='word_1_712' title='bbox 3408 4133 3551 4170; x_wconf 90' lang='lat' dir='ltr'>sane</span> <span class='ocrx_word' id='word_1_713' title='bbox 3567 4117 3745 4170; x_wconf 87' lang='lat' dir='ltr'>etiam</span> 
     </span>
    </p>
   </div>
   <div class='ocr_carea' id='block_1_99' title="bbox 2092 4204 3745 4275">
    <p class='ocr_par' dir='ltr' id='par_1_99' title="bbox 2092 4204 3745 4275">
     <span class='ocr_line' id='line_1_99' title="bbox 2092 4204 3745 4275; baseline 0 -13"><span class='ocrx_word' id='word_1_714' title='bbox 2092 4206 2465 4263; x_wconf 89' lang='lat' dir='ltr'>credentium</span> <span class='ocrx_word' id='word_1_715' title='bbox 2496 4204 2834 4260; x_wconf 86' lang='lat' dir='ltr'>fefellisset.</span> <span class='ocrx_word' id='word_1_716' title='bbox 2858 4210 3140 4275; x_wconf 87' lang='lat' dir='ltr'>tanquam</span> <span class='ocrx_word' id='word_1_717' title='bbox 3174 4204 3244 4259; x_wconf 92' lang='lat' dir='ltr'>ab</span> <span class='ocrx_word' id='word_1_718' title='bbox 3278 4205 3381 4259; x_wconf 92' lang='lat' dir='ltr'>illo</span> <span class='ocrx_word' id='word_1_719' title='bbox 3415 4211 3745 4275; x_wconf 89' lang='lat' dir='ltr'>susceptus.</span> 
     </span>
    </p>
   </div>
   <div class='ocr_carea' id='block_1_100' title="bbox 2095 4293 3746 4367">
    <p class='ocr_par' dir='ltr' id='par_1_100' title="bbox 2095 4293 3746 4367">
     <span class='ocr_line' id='line_1_100' title="bbox 2095 4293 3746 4367; baseline -0.001 -17"><span class='ocrx_word' id='word_1_720' title='bbox 2095 4299 2413 4367; x_wconf 90' lang='lat' dir='ltr'>Propterea</span> <span class='ocrx_word' id='word_1_721' title='bbox 2444 4295 2665 4367; x_wconf 89' lang='lat' dir='ltr'>patitur</span> <span class='ocrx_word' id='word_1_722' title='bbox 2697 4311 2765 4349; x_wconf 93' lang='lat' dir='ltr'>ea</span> <span class='ocrx_word' id='word_1_723' title='bbox 2796 4293 3057 4364; x_wconf 69' lang='lat' dir='ltr'>diciquae</span> <span class='ocrx_word' id='word_1_724' title='bbox 3080 4300 3286 4349; x_wconf 91' lang='lat' dir='ltr'>contra</span> <span class='ocrx_word' id='word_1_725' title='bbox 3308 4310 3368 4349; x_wconf 77' lang='lat' dir='ltr'>se</span> <span class='ocrx_word' id='word_1_726' title='bbox 3391 4293 3746 4364; x_wconf 90' lang='lat' dir='ltr'>faciuntquo</span> 
     </span>
    </p>
   </div>
   <div class='ocr_carea' id='block_1_101' title="bbox 2096 4382 3743 4453">
    <p class='ocr_par' dir='ltr' id='par_1_101' title="bbox 2096 4382 3743 4453">
     <span class='ocr_line' id='line_1_101' title="bbox 2096 4382 3743 4453; baseline -0.004 -12"><span class='ocrx_word' id='word_1_727' title='bbox 2096 4402 2201 4441; x_wconf 91' lang='lat' dir='ltr'>sua</span> <span class='ocrx_word' id='word_1_728' title='bbox 2231 4389 2451 4440; x_wconf 90' lang='lat' dir='ltr'>statuat</span> <span class='ocrx_word' id='word_1_729' title='bbox 2485 4401 2497 4437; x_wconf 86' lang='lat'><strong>:</strong></span> <span class='ocrx_word' id='word_1_730' title='bbox 2533 4389 2590 4439; x_wconf 91' lang='lat' dir='ltr'>et</span> <span class='ocrx_word' id='word_1_731' title='bbox 2614 4383 2717 4438; x_wconf 91' lang='lat' dir='ltr'>illa</span> <span class='ocrx_word' id='word_1_732' title='bbox 2749 4383 2839 4439; x_wconf 89' lang='lat' dir='ltr'>sui</span> <span class='ocrx_word' id='word_1_733' title='bbox 2874 4382 3232 4438; x_wconf 88' lang='lat' dir='ltr'>demissione</span> <span class='ocrx_word' id='word_1_734' title='bbox 3252 4383 3325 4437; x_wconf 92' lang='lat' dir='ltr'>ad</span> <span class='ocrx_word' id='word_1_735' title='bbox 3346 4382 3596 4438; x_wconf 88' lang='lat' dir='ltr'>aliorum</span> <span class='ocrx_word' id='word_1_736' title='bbox 3614 4399 3743 4453; x_wconf 90' lang='lat' dir='ltr'>per-</span> 
     </span>
    </p>
   </div>
   <div class='ocr_carea' id='block_1_102' title="bbox 2097 4471 3745 4543">
    <p class='ocr_par' dir='ltr' id='par_1_102' title="bbox 2097 4471 3745 4543">
     <span class='ocr_line' id='line_1_102' title="bbox 2097 4471 3745 4543; baseline -0.002 -14"><span class='ocrx_word' id='word_1_737' title='bbox 2097 4476 2385 4530; x_wconf 88' lang='lat' dir='ltr'>ditionem</span> <span class='ocrx_word' id='word_1_738' title='bbox 2416 4474 2623 4529; x_wconf 89' lang='lat' dir='ltr'>utitur.</span> <span class='ocrx_word' id='word_1_739' title='bbox 2660 4472 2876 4528; x_wconf 83' lang='lat' dir='ltr'>Paulus</span> <span class='ocrx_word' id='word_1_740' title='bbox 2908 4473 3105 4542; x_wconf 88' lang='lat' dir='ltr'>itaque</span> <span class='ocrx_word' id='word_1_741' title='bbox 3138 4473 3305 4527; x_wconf 89' lang='lat' dir='ltr'>initio</span> <span class='ocrx_word' id='word_1_742' title='bbox 3365 4488 3483 4527; x_wconf 89' lang='lat' dir='ltr'>non</span> <span class='ocrx_word' id='word_1_743' title='bbox 3505 4471 3745 4543; x_wconf 89' lang='lat' dir='ltr'>quidem</span> 
     </span>
    </p>
   </div>
   <div class='ocr_carea' id='block_1_103' title="bbox 2091 4562 3747 4634">
    <p class='ocr_par' dir='ltr' id='par_1_103' title="bbox 2091 4562 3747 4634">
     <span class='ocr_line' id='line_1_103' title="bbox 2091 4562 3747 4634; baseline -0.003 -13"><span class='ocrx_word' id='word_1_744' title='bbox 2091 4565 2349 4629; x_wconf 86' lang='lat' dir='ltr'>admisit,</span> <span class='ocrx_word' id='word_1_745' title='bbox 2382 4565 2481 4619; x_wconf 89' lang='lat' dir='ltr'>sed</span> <span class='ocrx_word' id='word_1_746' title='bbox 2516 4564 2875 4634; x_wconf 89' lang='lat' dir='ltr'>contempsit</span> <span class='ocrx_word' id='word_1_747' title='bbox 2902 4562 3111 4616; x_wconf 90' lang='lat' dir='ltr'>nolens</span> <span class='ocrx_word' id='word_1_748' title='bbox 3169 4568 3391 4617; x_wconf 89' lang='lat' dir='ltr'>temere</span> <span class='ocrx_word' id='word_1_749' title='bbox 3445 4562 3518 4617; x_wconf 92' lang='lat' dir='ltr'>ad</span> <span class='ocrx_word' id='word_1_750' title='bbox 3579 4562 3747 4633; x_wconf 89' lang='lat' dir='ltr'>signa</span> 
     </span>
    </p>
   </div>
   <div class='ocr_carea' id='block_1_104' title="bbox 2096 4651 3749 4728">
    <p class='ocr_par' dir='ltr' id='par_1_104' title="bbox 2096 4651 3749 4728">
     <span class='ocr_line' id='line_1_104' title="bbox 2096 4651 3749 4728; baseline -0.003 -18"><span class='ocrx_word' id='word_1_751' title='bbox 2096 4656 2391 4728; x_wconf 90' lang='lat' dir='ltr'>prosilire.</span> <span class='ocrx_word' id='word_1_752' title='bbox 2422 4654 2639 4708; x_wconf 90' lang='lat' dir='ltr'>Verum</span> <span class='ocrx_word' id='word_1_753' title='bbox 2685 4668 2819 4707; x_wconf 91' lang='lat' dir='ltr'>cum</span> <span class='ocrx_word' id='word_1_754' title='bbox 2852 4652 2962 4705; x_wconf 90' lang='lat' dir='ltr'>hoc</span> <span class='ocrx_word' id='word_1_755' title='bbox 3020 4651 3290 4705; x_wconf 84' lang='lat' dir='ltr'>faciendo</span> <span class='ocrx_word' id='word_1_756' title='bbox 3324 4656 3749 4722; x_wconf 83' lang='lat' dir='ltr'>perseveraret,</span> 
     </span>
    </p>
   </div>
   <div class='ocr_carea' id='block_1_105' title="bbox 2097 4740 3747 4817">
    <p class='ocr_par' dir='ltr' id='par_1_105' title="bbox 2097 4740 3747 4817">
     <span class='ocr_line' id='line_1_105' title="bbox 2097 4740 3747 4817; baseline -0.001 -19"><span class='ocrx_word' id='word_1_757' title='bbox 2097 4744 2519 4817; x_wconf 86' lang='lat' dir='ltr'>negotiumque</span> <span class='ocrx_word' id='word_1_758' title='bbox 2552 4740 2664 4812; x_wconf 87' lang='lat' dir='ltr'>ipsi</span> <span class='ocrx_word' id='word_1_759' title='bbox 2682 4740 2901 4795; x_wconf 83' lang='lat' dir='ltr'>facesse</span> <span class='ocrx_word' id='word_1_760' title='bbox 2913 4744 3019 4806; x_wconf 89' lang='lat' dir='ltr'>ret,</span> <span class='ocrx_word' id='word_1_761' title='bbox 3038 4744 3175 4794; x_wconf 84' lang='lat' dir='ltr'>tunc</span> <span class='ocrx_word' id='word_1_762' title='bbox 3190 4741 3515 4811; x_wconf 88' lang='lat' dir='ltr'>eumjussit</span> <span class='ocrx_word' id='word_1_763' title='bbox 3528 4740 3747 4813; x_wconf 88' lang='lat' dir='ltr'>egredi.</span> 
     </span>
    </p>
   </div>
   <div class='ocr_carea' id='block_1_106' title="bbox 2098 4830 3752 4902">
    <p class='ocr_par' dir='ltr' id='par_1_106' title="bbox 2098 4830 3752 4902">
     <span class='ocr_line' id='line_1_106' title="bbox 2098 4830 3752 4902; baseline -0.002 -13"><span class='ocrx_word' id='word_1_764' title='bbox 2098 4832 2455 4902; x_wconf 76' lang='grc' dir='ltr'>Διαπονηθεὶς</span> <span class='ocrx_word' id='word_1_765' title='bbox 2489 4830 3263 4901; x_wconf 85' lang='lat' dir='ltr'>enim,inquit.Paulus,hoc</span> <span class='ocrx_word' id='word_1_766' title='bbox 3299 4838 3389 4886; x_wconf 91' lang='lat' dir='ltr'>est</span> <span class='ocrx_word' id='word_1_767' title='bbox 3418 4838 3752 4887; x_wconf 89' lang='lat' dir='ltr'>commotus</span> 
     </span>
    </p>
   </div>
   <div class='ocr_carea' id='block_1_107' title="bbox 2099 4922 3749 4989">
    <p class='ocr_par' dir='ltr' id='par_1_107' title="bbox 2099 4922 3749 4989">
     <span class='ocr_line' id='line_1_107' title="bbox 2099 4922 3749 4989; baseline -0.004 -6"><span class='ocrx_word' id='word_1_768' title='bbox 2099 4934 2157 4983; x_wconf 89' lang='lat' dir='ltr'>et</span> <span class='ocrx_word' id='word_1_769' title='bbox 2187 4925 2458 4982; x_wconf 88' lang='lat' dir='ltr'>molestia</span> <span class='ocrx_word' id='word_1_770' title='bbox 2488 4926 2757 4989; x_wconf 71' lang='lat' dir='ltr'>allectus,</span> <span class='ocrx_word' id='word_1_771' title='bbox 2814 4922 3086 4978; x_wconf 89' lang='lat' dir='ltr'>obserato</span> <span class='ocrx_word' id='word_1_772' title='bbox 3146 4941 3246 4979; x_wconf 87' lang='lat' dir='ltr'>ore</span> <span class='ocrx_word' id='word_1_773' title='bbox 3281 4926 3457 4981; x_wconf 89' lang='lat' dir='ltr'>etiam</span> <span class='ocrx_word' id='word_1_774' title='bbox 3493 4942 3624 4981; x_wconf 87' lang='lat' dir='ltr'>vera</span> <span class='ocrx_word' id='word_1_775' title='bbox 3661 4925 3749 4977; x_wconf 90' lang='lat' dir='ltr'>di-</span> 
     </span>
    </p>
   </div>
   <div class='ocr_carea' id='block_1_108' title="bbox 2099 5013 3748 5087">
    <p class='ocr_par' dir='ltr' id='par_1_108' title="bbox 2099 5013 3748 5087">
     <span class='ocr_line' id='line_1_108' title="bbox 2099 5013 3748 5087; baseline -0.004 -16"><span class='ocrx_word' id='word_1_776' title='bbox 2099 5017 2276 5083; x_wconf 89' lang='lat' dir='ltr'>centi,</span> <span class='ocrx_word' id='word_1_777' title='bbox 2304 5014 2485 5087; x_wconf 87' lang='lat' dir='ltr'>jussit</span> <span class='ocrx_word' id='word_1_778' title='bbox 2515 5013 2877 5067; x_wconf 69' lang='lat' dir='ltr'>dzemonium</span> <span class='ocrx_word' id='word_1_779' title='bbox 2911 5013 2982 5067; x_wconf 88' lang='lat' dir='ltr'>ab</span> <span class='ocrx_word' id='word_1_780' title='bbox 3016 5030 3083 5068; x_wconf 91' lang='lat' dir='ltr'>ea</span> <span class='ocrx_word' id='word_1_781' title='bbox 3115 5014 3312 5085; x_wconf 82' lang='lat' dir='ltr'>egredi</span> <span class='ocrx_word' id='word_1_782' title='bbox 3349 5031 3361 5067; x_wconf 92' lang='lat'><strong><em>:</em></strong></span> <span class='ocrx_word' id='word_1_783' title='bbox 3396 5014 3615 5068; x_wconf 92' lang='lat' dir='ltr'>docens</span> <span class='ocrx_word' id='word_1_784' title='bbox 3638 5028 3748 5065; x_wconf 92' lang='lat' dir='ltr'>nos</span> 
     </span>
    </p>
   </div>
   <div class='ocr_carea' id='block_1_109' title="bbox 2097 5100 3750 5175">
    <p class='ocr_par' dir='ltr' id='par_1_109' title="bbox 2097 5100 3750 5175">
     <span class='ocr_line' id='line_1_109' title="bbox 2097 5100 3750 5175; baseline -0.005 -14"><span class='ocrx_word' id='word_1_785' title='bbox 2097 5112 2165 5162; x_wconf 90' lang='lat' dir='ltr'>ut</span> <span class='ocrx_word' id='word_1_786' title='bbox 2194 5119 2385 5175; x_wconf 90' lang='lat' dir='ltr'>neque</span> <span class='ocrx_word' id='word_1_787' title='bbox 2444 5107 2735 5172; x_wconf 60' lang='lat' dir='ltr'>praetextu</span> <span class='ocrx_word' id='word_1_788' title='bbox 2792 5101 3017 5156; x_wconf 88' lang='lat' dir='ltr'>ferendi</span> <span class='ocrx_word' id='word_1_789' title='bbox 3074 5103 3471 5173; x_wconf 84' lang='lat' dir='ltr'>patrocinium</span> <span class='ocrx_word' id='word_1_790' title='bbox 3519 5100 3750 5155; x_wconf 83' lang='lat' dir='ltr'>veritati</span> 
     </span>
    </p>
   </div>
   <div class='ocr_carea' id='block_1_110' title="bbox 2100 5189 3751 5262">
    <p class='ocr_par' dir='ltr' id='par_1_110' title="bbox 2100 5189 3751 5262">
     <span class='ocr_line' id='line_1_110' title="bbox 2100 5189 3751 5262; baseline -0.004 -12"><span class='ocrx_word' id='word_1_791' title='bbox 2100 5196 2401 5250; x_wconf 56' lang='lat' dir='ltr'>daemones</span> <span class='ocrx_word' id='word_1_792' title='bbox 2435 5191 2848 5262; x_wconf 81' lang='lat' dir='ltr'>suscipiamus,</span> <span class='ocrx_word' id='word_1_793' title='bbox 2884 5190 2988 5246; x_wconf 90' lang='lat' dir='ltr'>sed</span> <span class='ocrx_word' id='word_1_794' title='bbox 3031 5208 3267 5246; x_wconf 90' lang='lat' dir='ltr'>omnem</span> <span class='ocrx_word' id='word_1_795' title='bbox 3318 5189 3543 5244; x_wconf 87' lang='lat' dir='ltr'>fraudis</span> <span class='ocrx_word' id='word_1_796' title='bbox 3597 5189 3751 5243; x_wconf 90' lang='lat' dir='ltr'>viam</span> 
     </span>
    </p>
   </div>
   <div class='ocr_carea' id='block_1_111' title="bbox 2102 5279 3750 5355">
    <p class='ocr_par' dir='ltr' id='par_1_111' title="bbox 2102 5279 3750 5355">
     <span class='ocr_line' id='line_1_111' title="bbox 2102 5279 3750 5355; baseline -0.005 -15"><span class='ocrx_word' id='word_1_797' title='bbox 2102 5286 2222 5341; x_wconf 89' lang='lat' dir='ltr'>illis</span> <span class='ocrx_word' id='word_1_798' title='bbox 2254 5281 2711 5355; x_wconf 72' lang='lat' dir='ltr'>praecludamus,</span> <span class='ocrx_word' id='word_1_799' title='bbox 2744 5286 2801 5336; x_wconf 91' lang='lat' dir='ltr'>et</span> <span class='ocrx_word' id='word_1_800' title='bbox 2830 5280 2901 5336; x_wconf 92' lang='lat' dir='ltr'>ad</span> <span class='ocrx_word' id='word_1_801' title='bbox 2938 5280 3141 5335; x_wconf 90' lang='lat' dir='ltr'>omnia</span> <span class='ocrx_word' id='word_1_802' title='bbox 3170 5297 3299 5351; x_wconf 83' lang='lat' dir='ltr'>quae</span> <span class='ocrx_word' id='word_1_803' title='bbox 3332 5279 3572 5334; x_wconf 91' lang='lat' dir='ltr'>illorum</span> <span class='ocrx_word' id='word_1_804' title='bbox 3592 5283 3750 5345; x_wconf 88' lang='lat' dir='ltr'>sunt,</span> 
     </span>
    </p>
   </div>
   <div class='ocr_carea' id='block_1_112' title="bbox 2101 5372 2671 5431">
    <p class='ocr_par' dir='ltr' id='par_1_112' title="bbox 2101 5372 2671 5431">
     <span class='ocr_line' id='line_1_112' title="bbox 2101 5372 2671 5431; baseline -0.012 0"><span class='ocrx_word' id='word_1_805' title='bbox 2101 5391 2273 5431; x_wconf 91' lang='lat' dir='ltr'>aures</span> <span class='ocrx_word' id='word_1_806' title='bbox 2305 5372 2376 5427; x_wconf 94' lang='lat' dir='ltr'>ob</span> <span class='ocrx_word' id='word_1_807' title='bbox 2386 5377 2671 5426; x_wconf 91' lang='lat' dir='ltr'>turemus.</span> 
     </span>
    </p>
   </div>
   <div class='ocr_carea' id='block_1_113' title="bbox 2172 5549 3755 5619">
    <p class='ocr_par' dir='ltr' id='par_1_113' title="bbox 2172 5549 3755 5619">
     <span class='ocr_line' id='line_1_113' title="bbox 2172 5549 3755 5619; baseline -0.003 -10"><span class='ocrx_word' id='word_1_808' title='bbox 2172 5554 2315 5619; x_wconf 83' lang='lat' dir='ltr'>XVI,</span> <span class='ocrx_word' id='word_1_809' title='bbox 2347 5553 2434 5606; x_wconf 84' lang='lat'>26.</span> <span class='ocrx_word' id='word_1_810' title='bbox 2471 5570 2498 5599; x_wconf 77' lang='grc' dir='ltr'>«ι</span> <span class='ocrx_word' id='word_1_811' title='bbox 2523 5550 2785 5619; x_wconf 81' lang='lat' dir='ltr'>Repente</span> <span class='ocrx_word' id='word_1_812' title='bbox 2815 5565 2951 5605; x_wconf 87' lang='lat' dir='ltr'>vero</span> <span class='ocrx_word' id='word_1_813' title='bbox 2997 5553 3372 5605; x_wconf 71' lang='lat' dir='ltr'>terreamotus</span> <span class='ocrx_word' id='word_1_814' title='bbox 3415 5549 3606 5606; x_wconf 89' lang='lat' dir='ltr'>factus</span> <span class='ocrx_word' id='word_1_815' title='bbox 3663 5551 3755 5605; x_wconf 77' lang='lat' dir='ltr'>est</span> 
     </span>
    </p>
   </div>
   <div class='ocr_carea' id='block_1_114' title="bbox 2104 5638 3752 5718">
    <p class='ocr_par' dir='ltr' id='par_1_114' title="bbox 2104 5638 3752 5718">
     <span class='ocr_line' id='line_1_114' title="bbox 2104 5638 3752 5718; baseline -0.003 -20"><span class='ocrx_word' id='word_1_816' title='bbox 2104 5670 2131 5699; x_wconf 83' lang='grc'>‹‹</span> <span class='ocrx_word' id='word_1_817' title='bbox 2166 5659 2435 5718; x_wconf 80' lang='lat' dir='ltr'>magnus,</span> <span class='ocrx_word' id='word_1_818' title='bbox 2460 5638 2608 5695; x_wconf 86' lang='lat' dir='ltr'>adeo</span> <span class='ocrx_word' id='word_1_819' title='bbox 2630 5643 2697 5695; x_wconf 89' lang='lat' dir='ltr'>ut</span> <span class='ocrx_word' id='word_1_820' title='bbox 2727 5644 3188 5699; x_wconf 86' lang='lat' dir='ltr'>concuterentur</span> <span class='ocrx_word' id='word_1_821' title='bbox 3216 5639 3605 5698; x_wconf 83' lang='lat' dir='ltr'>fundamenta</span> <span class='ocrx_word' id='word_1_822' title='bbox 3626 5655 3752 5695; x_wconf 85' lang='lat' dir='ltr'>car-</span> 
     </span>
    </p>
   </div>
  </div>
