4112 6250
506 313 614 372 231
1585 301 1999 365 (EGUMENII
2044 300 2349 362 TRICC/E
2395 303 2772 366 EPISCOPI.
3740 314 3829 374 c232

510 468 538 496 «
570 445 740 510 ceris,
777 459 842 498 ac
873 441 1146 514 protinus
1179 445 1384 512 aperta
1406 443 1544 494 sunt
1576 438 1779 493 omnia
1809 437 1984 506 ostia,
2007 452 2132 491 cuni

2273 457 2303 486 τ(
2332 455 2391 490 τε
2438 443 2795 511 ’παραχρῆμα
2846 439 2901 492 αἱ
2958 439 3112 510 θύραι
3189 445 3374 507 πᾶσαι,
3429 441 3512 496 καὶ
3562 441 3739 498 πάντων
3784 449 3835 501 τὰ

506 558 532 585 ‹‹
568 541 916 602 ctorumque
945 531 1187 585 vincula
1218 529 1411 584 soluta
1441 533 1597 583 sunt.
1637 550 1664 576 ››

2272 549 2294 579 ι
2331 527 2506 600 δεσμά
2538 530 2720 600 ἆνεθη.
2758 557 2780 584 ι

576 625 970 677 Terraemotus
1001 619 1188 674 factus
1215 625 1305 672 est
1337 623 1534 672 tantus
1567 623 1632 671 ut
1656 615 1912 671 carceris
1952 619 2147 669 custo-

505 713 639 767 dem
672 710 1147 781 expergefaceret
1180 725 1192 761 :
1227 708 1378 762 ostia
1402 722 1536 760 vero
1559 711 1762 777 aperta
1795 709 1951 770 sunt,
1978 709 2043 757 ut
2071 702 2154 757 fa-

503 809 662 856 ctum
691 800 1089 854 admiraretur
1120 802 1178 851 et
1205 796 1495 850 crederet.
1526 796 1724 864 Neque
1757 793 1916 847 enim
1941 793 2065 846 haec
2082 789 2155 844 ad

503 889 965 944 ostentationem
997 887 1151 941 facta
1174 883 1443 946 sunt.sed
1475 881 1549 937 ad
1583 882 1854 937 salutem.
1895 882 2028 935 Haec
2048 897 2152 935 au-

503 987 622 1035 tem
649 996 769 1034 non
796 977 1070 1031 viderunt
1099 976 1199 1045 qui
1240 974 1419 1029 vincti
1451 979 1654 1040 erant,
1686 988 1826 1027 nam
1884 972 1966 1026 ita
1996 976 2154 1026 certe

503 1087 710 1125 omnes
732 1067 1041 1138 fugissent.

570 1159 710 1226 XVI,
745 1160 926 1211 27-30.
957 1180 983 1206 «
1020 1157 1408 1226 Erperrectus
1439 1157 1638 1208 autem
1696 1155 1894 1206 custos
1953 1166 2152 1206 carce-

2335 618 2395 674 Ὀ
2427 619 2647 691 σεισμὸς
2680 618 2898 696 γὲγονεν
2932 618 3072 676 ὥστε
3100 621 3487 699 ἀφυπνισθῆναι
3542 623 3621 678 τὸν
3676 623 3836 697 δεσμου

2265 705 2500 784 φύλακα·
2534 708 2776 784 αἱᾼθύραι
2806 708 2862 763 δὲ
2891 710 3246 782 ἀνεφλθησαν
3302 710 3440 766 ὥστε
3487 713 3730 784 Θαυμάσαι
3791 716 3836 768 τὸ

2259 796 2480 870 γεγονὸς
2511 778 2603 851 καί
2623 802 2926 852 πιστεῦσαν
2989 798 3050 853 οὗ
3109 801 3212 874 γάρ
3265 802 3398 874 πρὸς
3456 798 3683 869 ἐπίδειξιν
3710 807 3840 856 ταῦτα

2261 881 2485 958 ἐγένετο,
2518 884 2664 940 ἀλλὰ
2695 888 2830 960 πρὸς
2859 888 3154 961 σωτηρίαν.
3190 891 3372 945 Ταῦτα
3423 887 3478 944 δὲ
3523 891 3569 944 οἰ
3616 887 3838 962 δεσμῶται

2260 971 2367 1050 οὐχ
2399 972 2601 1048 ἐώρων·
2634 975 2668 1044 ἧ
2700 977 2804 1049 γάρ
2840 975 2898 1030 ἃν
2923 972 3120 1054 ἔφυγον
3147 971 3398 1039 ἅπαντες.

2332 1176 2356 1207 ι
2392 1154 2653 1226 Ἓξυπνος
2685 1152 2743 1209 δὲ
2798 1155 3091 1231 γενόμενος
3133 1158 3161 1210 6
3212 1154 3568 1232 δεσμοφύλαξ,
3615 1157 3693 1211 καὶ
3743 1154 3841 1211 ἰδὼν

500 1272 528 1299 ‹‹
562 1249 645 1302 ris
676 1265 809 1302 cum
823 1246 1051 1301 videret
1062 1241 1279 1316 jranuas
1306 1243 1561 1298 carceris
1582 1241 2148 1313 apertas,evaginato

502 1361 525 1392 (ι
560 1338 755 1411 gladio
791 1338 1051 1408 seipsum
1109 1333 1531 1389 interfecturus
1591 1337 1738 1400 erat,
1801 1330 2148 1386 existimans

501 1453 528 1480 «
563 1429 858 1501 aufugisse
894 1427 1146 1481 vinctos.
1187 1424 1471 1479 Clamavit
1518 1429 1716 1478 autem
1758 1422 1974 1477 Paulus
2007 1437 2147 1476 voce

507 1543 532 1572 ιι
560 1535 793 1591 magna,
827 1519 1071 1572 dicens:
1099 1517 1177 1570 Ne
1209 1514 1350 1584 quid
1380 1513 1592 1568 feceris
1641 1512 1745 1566 tibi
1805 1512 1921 1583 ipsi
1976 1511 2144 1577 mali,

499 1633 527 1661 «
556 1610 814 1665 universi
847 1609 1008 1663 enim
1042 1607 1136 1660 hic
1160 1621 1384 1660 sumus.
1438 1603 1740 1658 Postulato
1801 1602 2000 1672 itaque
2060 1601 2146 1656 lu-

499 1723 526 1749 ‹‹
560 1701 718 1754 mine
752 1697 1026 1760 accurrit,
1053 1701 1110 1749 et
1142 1692 1521 1748 tremefactus
1574 1691 1790 1746 accidit
1849 1690 2028 1746 Paulo
2088 1695 2148 1745 et

498 1812 525 1837 ι(
556 1789 690 1842 Sila;
721 1787 792 1842 ad
825 1785 1027 1856 pedes,
1063 1783 1302 1852 illisque
1333 1780 1489 1834 foras
1522 1779 1823 1850 productis
1857 1779 1957 1845 ait,
2021 1779 2102 1833 Do
2125 1810 2138 1819 -

503 1900 529 1926 ‹‹
564 1877 734 1939 mini,
763 1875 904 1945 quid
934 1890 1028 1928 me
1068 1877 1302 1942 oportet
1328 1870 1520 1924 facere
1553 1887 1669 1941 quo
1701 1868 1895 1923 salvus
1911 1868 2143 1924 ﬁam?A

497 1989 522 2014 ‹‹
560 1966 644 2018 illi
680 1966 958 2019 dixerunt
991 1980 1003 2018 :
1036 1961 1219 2016 Crede
1247 1961 1306 2014 in
1342 1961 1656 2015 Dominum
1687 1960 1908 2020 Jesum,
1934 1964 1990 2013 et
2015 1958 2140 2012 sal-

497 2077 525 2105 «
559 2072 663 2109 vus
698 2054 813 2107 eris
849 2058 908 2106 tu
941 2069 1008 2106 ac
1040 2051 1252 2105 domus
1286 2055 1404 2105 tua.
1440 2049 1593 2105 I32
1625 2050 1694 2102 Et
1724 2048 1907 2103 locuti
1931 2053 2071 2102 sunt
2089 2048 2142 2102 ei

497 2166 523 2194 ‹‹
552 2143 798 2198 verbum
837 2141 1085 2203 Homini,
1120 2138 1648 2209 omnibusque,qui
1681 2141 1852 2191 erant
1875 2137 1935 2191 in
1966 2137 2142 2191 domo

460 2257 509 2298 π‹‹
547 2233 696 2304 ejus.
731 2234 800 2285 Et
829 2229 1148 2300 assumptis
1179 2228 1324 2298 ipsis
1355 2244 1424 2282 ea
1481 2227 1672 2282 noctis
1735 2227 1898 2293 hora,
1955 2226 2145 2281 abluit

479 2346 506 2372 «
546 2322 752 2393 plagas
787 2337 799 2374 :
837 2326 894 2374 et
922 2319 1250 2389 baptizatus
1283 2323 1373 2371 est
1403 2317 1528 2388 ipse
1581 2332 1905 2386 omnesque
1937 2315 2141 2370 dome-

485 2435 512 2463 «
548 2411 677 2466 stici
711 2411 840 2481 ejus
868 2409 1172 2464 continuo.
1207 2407 1277 2462 Et
1332 2423 1466 2462 cum
1514 2423 1616 2461 eos
1674 2404 2048 2476 perduxisset
2078 2405 2140 2459 in

484 2523 512 2551 ιι
546 2501 790 2555 domum
824 2515 1013 2564 suam,
1048 2497 1325 2568 apposuit
1355 2495 1440 2550 eis
1492 2511 1760 2550 mensam
1805 2511 1872 2549 ac
1905 2494 2138 2549 laatatus

486 2613 512 2640 ‹‹
552 2597 660 2656 est,
695 2590 849 2660 quod
884 2605 1019 2644 cum
1052 2587 1328 2640 universa
1359 2585 1584 2639 familia
1614 2583 1967 2639 credidisset
1996 2585 2136 2640 Deo.

477 2701 503 2728 ‹‹
529 2681 798 2748 Cumque
831 2678 962 2732 dies
997 2681 1160 2729 ortus
1188 2680 1295 2730 est.
1330 2673 1626 2728 miserunt
1656 2672 2034 2743 magistratus
2065 2672 2134 2725 li-

481 2800 501 2830 .
533 2771 729 2820 ctores
765 2765 868 2834 qui
905 2765 1176 2818 dicerent
1207 2760 1480 2814 :Dimitte
1514 2759 1788 2813 homines
1819 2759 2141 2815 illos.Nun-

479 2875 505 2901 «
547 2855 711 2909 tiavit
742 2860 939 2908 autem
980 2858 1180 2906 custos
1207 2849 1461 2904 carceris
1515 2848 1691 2902 verba
1747 2848 1872 2902 haec
1905 2847 2084 2903 Paulo
2118 2865 2134 2904 :

459 2967 501 2993 ’‹‹
542 2945 829 2998 Miserunt
861 2941 1238 3013 magistratus
1267 2943 1333 2993 ut
1354 2937 1936 2993 dimittamini.Nunc
1959 2937 2138 3007 igitur

472 3057 498 3082 ‹‹
529 3033 754 3105 egressi
788 3033 866 3086 ite
900 3031 960 3085 in
984 3046 1148 3101 pace.
1186 3051 1212 3077 ››

545 3235 573 3261 ‹‹
603 3213 992 3284 Experrectus
1023 3214 1221 3265 custos
1257 3206 1534 3263 carceris.
1563 3228 1589 3255 »
1625 3205 1726 3260 Hic
1754 3210 1844 3260 est
1873 3206 2120 3276 Stepha-

473 3318 580 3356 nas
602 3301 646 3336 ¹⁷
678 3302 770 3372 cuj
783 3297 1158 3355 us‘meminit
1186 3298 1404 3352 Paulus
1434 3295 1632 3367 priore
1667 3294 1741 3349 ad
1787 3295 2126 3350 Corinthios

470 3391 754 3462 Epistola.

545 3481 687 3542 XVI,
726 3479 910 3532 37-40.
947 3499 974 3527 «
1005 3476 1221 3531 Paulus
1253 3480 1450 3531 autem
1483 3474 1634 3528 dixit
1653 3472 1727 3527 ad
1759 3488 1858 3526 eos
1885 3488 1898 3526 :
1931 3473 2124 3528 Caesos

475 3591 503 3619 «
535 3586 646 3624 nos
667 3568 966 3640 publicem
999 3567 1223 3621 indicta
1254 3581 1450 3631 causa,
1483 3581 1618 3618 cum
1652 3559 2123 3628 simusRomani,

477 3680 500 3710 ‹‹
538 3658 926 3728 conjecerunt
963 3657 1023 3709 in
1055 3670 1378 3718 carcerem,
1440 3659 1498 3706 et
1548 3668 1705 3706 nunc
1756 3649 1986 3705 occulte
2018 3667 2126 3704 nos

470 3770 499 3797 «
531 3748 777 3818 ejiciunt
807 3747 833 3799 ‘2
857 3748 980 3800 Non
1013 3743 1299 3814 profecto,
1336 3741 1438 3797 sed
1471 3741 1712 3795 veniant
1743 3739 1855 3810 ipsi
1887 3755 1953 3793 ac
2016 3755 2125 3792 nos

475 3859 500 3890 α
531 3837 804 3893 educant.
829 3836 1260 3890 Nuntiaverunt
1285 3838 1482 3887 autem
1511 3831 1750 3884 lictores
1777 3829 2126 3901 magistrati-

473 3951 500 3978 ‹‹
532 3928 641 3981 bus
674 3927 850 3981 verba
873 3928 1017 3981 haec.
1078 3924 1544 3992 Timueruntque
1587 3920 1787 3975 audito
1820 3919 1976 3990 quod
2010 3921 2120 3974 Ro-

471 4039 498 4066 «
533 4019 694 4072 mani
726 4023 944 4072 essent.
979 4019 1049 4070 Et
1087 4015 1393 4070 venientes
1442 4011 1742 4082 deprecati
1803 4016 1942 4065 sunt
1997 4026 2120 4080 eos,

469 4129 496 4156 ‹‹
531 4107 890 4177 eductosque
911 4105 1200 4178 rogabant
1230 4108 1296 4158 ut
1334 4103 1756 4173 egrederentur
1803 4100 2119 4154 civitatem.

471 4218 497 4249 α
531 4197 761 4270 Egressi
791 4204 990 4251 autem
1023 4212 1052 4249 e
1084 4210 1320 4249 carcere
1355 4190 1716 4245 introierunt
1745 4189 1819 4244 ad
1857 4189 2121 4259 Lydiam,

464 4308 493 4335 «
525 4286 783 4356 visisque
815 4283 1105 4339 fratribus
1138 4280 1430 4337 consolati
1462 4285 1602 4333 sunt
1631 4295 1753 4348 eos,
1785 4283 1845 4332 et
1874 4272 2126 4348 profecti

467 4397 495 4424 κ
529 4380 685 4428 sunt.
724 4398 749 4421 υ

536 4486 563 4512 ‹‹
598 4465 790 4518 Cmsos
813 4480 921 4517 nos
953 4459 1260 4532 publice.»
1297 4455 1601 4526 Duplicem
1653 4453 1915 4508 ostendit
1945 4470 2124 4526 expo-

2151 3171 2202 3236 C

2258 1266 2287 1294 «
2319 1242 2660 1317 ἀνεῳγμένας
2703 1246 2798 1305 τὰς
2856 1247 3019 1319 θύρας
3083 1253 3184 1315 τῆς
3243 1245 3507 1324 φυλακῆς,
3565 1245 3846 1318 σπασάμενος

2379 1333 2389 1350 .
2627 1334 2649 1354 ,ο
3033 1337 3046 1354 .
3156 1338 3168 1356 .
3329 1343 3352 1352 ..
3568 1337 3577 1356 ,
3727 1335 3737 1352 ς

2257 1358 2284 1385 ‹‹
2322 1354 2596 1410 μαχαιραν
2625 1334 2856 1407 εμελλεν
2899 1337 3088 1392 ἐαυτον
3145 1358 3402 1412 αναιρειν,
3457 1342 3676 1409 νομίζων
3724 1355 3847 1389 εκπε-

2257 1446 2285 1474 ‹‹
2317 1423 2567 1500 φευγέναι
2597 1425 2723 1487 τοὺς
2753 1423 3032 1499 δεσμίουςζ
3068 1428 3351 1503 Ἐφώνησε
3397 1425 3453 1481 δὲ
3509 1430 3654 1502 φωνῇ
3707 1425 3845 1501 μεγά-

2255 1537 2282 1564 ‹‹
2315 1511 2386 1587 λῃ
2424 1512 2713 1582 ὁΙΙαῦλος,
2777 1513 2972 1589 λέγων·
3035 1513 3219 1586 Μηδὲν
3277 1517 3486 1590 πράξῃς
3541 1519 3727 1586 σεαυτῷ
3771 1534 3849 1567 κα-

2255 1626 2283 1654 «
2307 1601 2420 1657 κόν·
2459 1598 2689 1666 ἅπαντες
2721 1604 2822 1681 γάρ
2855 1603 3015 1678 ἐσμεν
3074 1601 3276 1660 ἐνθάδε.
3336 1606 3574 1676 Δὶτήσας
3625 1603 3677 1658 δὲ
3727 1608 3846 1679 φῶτα

2256 1714 2284 1744 (ι
2327 1689 2676 1763 εἰσεπήδησε,
2729 1693 2820 1748 καὶ
2905 1690 3168 1768 ἔντρομος
3252 1693 3542 1768 γενόμενος
3595 1693 3847 1767 προσέπεσε

2253 1785 2390 1853 «τῷ
2423 1779 2626 1853 Παύλῳ
2654 1782 2744 1836 καὶ
2801 1787 2881 1854 τῷ
2941 1781 3098 1855 Σίλᾳ’
3159 1783 3250 1838 καὶ
3307 1781 3628 1859 προαγαγὼν
3680 1780 3842 1840 αὐτοὺς

2251 1894 2277 1920 ‹(
2311 1865 2434 1939 ἔξω,
2469 1864 2592 1946 ἔφη’
2645 1870 2857 1946 Κύριοι,
2923 1871 2975 1925 τί
3036 1892 3102 1944 με
3159 1869 3243 1927 δεῖ
3298 1877 3493 1940 ποιεῖν,
3543 1869 3624 1924 ἳνα
3674 1872 3846 1936 ulmea);

2251 1983 2279 2010 ‹‹
2313 1961 2380 2016 Ol
2413 1957 2470 2013 δὲ
2526 1961 2703 2015 εἷπον·
2764 1961 3063 2017 Ηίστευσιον
3114 1960 3204 2016 ἐπὶ
3287 1963 3377 2016 τὸν
3437 1961 3632 2036 Κύριον
3659 1960 3848 2028 Ἰησοῦν,

2253 2072 2280 2101 ιι
2310 2049 2400 2103 καὶ
2434 2051 2654 2123 σωθήσῃ
2689 2050 2752 2104 σὺ
2783 2050 2873 2104 καὶ
2903 2051 2932 2104 ὁ
2964 2049 3118 2108 οἶκός
3167 2070 3283 2109 σου.
3346 2050 3451 2106 Καὶ
3505 2047 3754 2114 ἐλάλησαν
3776 2045 3850 2100 αὖ·

2257 2162 2278 2189 ‹
2312 2142 2390 2208 τῷ
2415 2138 2506 2192 τὸν
2554 2135 2724 2214 λόγον
2777 2143 2874 2194 τοῦ
2935 2137 3162 2213 Κυρίου,
3221 2139 3310 2193 καὶ
3369 2143 3499 2194 πᾶσι
3543 2142 3653 2198 τοῖς
3706 2136 3749 2190 ἐν
3795 2138 3848 2207 τῇ

2254 2251 2276 2280 ι
2310 2227 2462 2299 οἰκίᾳ
2492 2227 2674 2284 αὐτοῦ,
2713 2229 2810 2284 Καὶ
2867 2223 3203 2304 παραλαϐὼν
3266 2228 3460 2291 αὐτοὺς
3517 2228 3567 2282 ἐν
3624 2225 3772 2298 ἐκείνῃ
3794 2225 3848 2296 τῇ

2252 2341 2273 2368 ι
2308 2317 2425 2390 ὢρᾳ
2463 2325 2563 2385 τῆς
2620 2318 2836 2386 νυκτὸς,
2895 2316 3115 2372 ἔλουσεν
3175 2317 3280 2372 ἀπὸ
3336 2321 3442 2373 τῶν
3496 2314 3733 2391 πληγῶν,
3779 2309 3851 2367 καὶ

2249 2430 2278 2460 ‹‹
2310 2402 2606 2476 ἐϐαπτίσθη
2665 2406 2846 2475 αὐτὸς,
2888 2405 2978 2461 καὶ
3033 2407 3084 2461 οἱ
3137 2405 3300 2462 αὐτοῦ
3363 2407 3556 2466 πάντες
3604 2407 3854 2480 παραχρῆ-

2249 2517 2274 2550 α
2334 2517 2428 2568 μα.
2491 2497 2808 2570 Ἀναγαγὼν
2866 2517 2925 2550 τε
2977 2494 3173 2557 αὐτοὺς
3223 2495 3299 2556 εἶς
3353 2495 3446 2550 τὸν
3505 2493 3649 2549 οἶκον
3701 2491 3852 2557 αὐτοῦ,

2246 2584 2578 2658 «παρέθηκε
2633 2585 2922 2658 τράπεζαν,
2977 2583 3068 2639 καὶ
3141 2581 3478 2658 ἡγαλλιᾶτο,
3538 2580 3737 2638 πανοικὶ
3784 2598 3853 2632 πε-

2243 2697 2270 2724 ‹‹
2304 2673 2604 2735 πιστευκὼς
2660 2677 2738 2743 τῷ
2791 2677 2928 2745 Θεῷ.
3005 2673 3245 2746 Ἡμέρας
3305 2670 3365 2727 δὲ
3423 2672 3726 2749 γενομένης,
3777 2667 3855 2722 ἀπ’

2243 2786 2272 2814 ‹‹
2305 2760 2548 2818 ἐστειλαν
2586 2763 2637 2817 οἰ
2670 2762 2968 2838 στρατηγοὶ
3005 2761 3134 2824 τοὺς
3192 2757 3564 2837 ῥαϐδούχους,
3619 2759 3847 2836 λέγοντεςο

2244 2876 2271 2902 ‹‹
2311 2852 2620 2906 Ἀπόλυσον
2651 2851 2777 2913 τοὺς
2809 2851 3130 2926 ἀνθρώπους
3162 2850 3428 2914 ἐκείνους.
3461 2849 3773 2926 Ἀπήγγειλε
3810 2842 3852 2900 δὲ

2241 2964 2262 2991 ι
2306 2941 2334 2995 6
2366 2938 2713 3021 δεσμοφύλαξ
2746 2940 2872 3002 τοὺς
2908 2939 3108 3017 λόγους
3146 2941 3380 3004 τούτους
3435 2943 3567 3017 πρὸς
3621 2941 3707 2995 τὸν
3741 2939 3845 2993 Παῦ-

2240 3055 2268 3083 ‹‹
2303 3028 2420 3099 λον,
2453 3030 2537 3086 ὅτι
2565 3028 2964 3086 ἀπεστάλκασιν
3005 3031 3059 3085 οἰ
3089 3031 3388 3104 στρατηγοὶ
3431 3029 3522 3085 ’ἱνα
3552 3027 3850 3095 ἀπολυθῆτε.

2243 3143 2265 3172 ιι
2298 3124 2412 3177 Νῦν
2436 3119 2526 3174 οῦν
2556 3117 2862 3190 ἐξελθόντες
2891 3118 3184 3193 πορεύεσθε
3214 3119 3265 3174 ἐν
3301 3119 3512 3194 εἰρήνῃ.
3549 3145 3577 3173 n

2304 3234 2332 3262 α
2365 3209 2627 3279 Ἔξυπνος
2656 3209 2940 3283 γενόμενος
2993 3210 3021 3262 ὁ
3074 3205 3446 3286 δεσμοφύλαξ.
3484 3235 3504 3261 ι
3540 3208 3702 3268 Οὗτός
3727 3204 3844 3260 ἐστιν

2223 3300 2257 3354 ὁ
2291 3302 2585 3373 Στεφανᾶς,
2615 3298 2678 3353 οὗ
2714 3298 3042 3372 μνημονεύει
3102 3295 3319 3360 Παῦλος
3376 3299 3428 3354 ἐν
3481 3299 3550 3371 τῇ
3603 3296 3728 3372 πρὸς
3765 3298 3850 3347 Κο-

2229 3387 2465 3462 ρινθίους
2495 3391 2716 3462 πρώτῃ.

2306 3497 2328 3526 ι
2360 3476 2420 3532 Ὁ
2451 3473 2508 3530 δε
2540 3474 2755 3539 Παῦλος
2787 3472 2889 3555 ἔφη
2949 3478 3085 3551 πρὸς
3142 3475 3370 3538 αὐτούς·
3432 3476 3692 3554 Δείραντες
3719 3473 3849 3543 ἡμᾶς

2229 3587 2258 3616 ‹‹
2313 3561 2554 3635 δημοσίᾳ
2639 3565 3030 3641 ἀκατακρίτους
3064 3609 3079 3636 ,
3163 3565 3490 3640 ἀνθρώπους
3578 3560 3852 3636 Ῥωμαίους

2240 3675 2261 3702 ι
2298 3653 2664 3727 ὑπάρχοντας,
2696 3648 2896 3708 ἔλαϐον
2939 3654 3014 3716 εἰς
3073 3655 3346 3733 φυλακὴν,
3412 3657 3504 3711 καὶ
3557 3659 3642 3709 νῦν
3698 3649 3850 3722 λάθρα

2233 3764 2260 3797 υ
2291 3745 2439 3815 ἡμᾶς
2470 3737 2835 3796 ἐκϐάλλουσιν
2870 3743 2990 3811 ;οὐ
3034 3743 3157 3818 γὰρ,
3215 3741 3363 3798 ἀλλὰ
3423 3744 3664 3808 ἐλθόντες
3717 3735 3849 3794 αὐτοὶ

2227 3857 2255 3884 ‹‹
2291 3832 2712 3905 ἐξαγαγέτωσαν.
2765 3830 3124 3907 ’Δνήγγειλαν
3185 3829 3240 3886 δὲ
3297 3839 3418 3898 τοῖς
3449 3835 3764 3908 στρατηγοῖς
3808 3825 3852 3880 οἳ

2227 3946 2254 3975 α
2291 3916 2604 3999 ῥαϐδοῦχοι
2659 3920 2727 3975 τὰ
2793 3921 3014 3994 ῥήματα
3090 3925 3274 3976 ταῦτα.
3337 3923 3447 3978 Καὶ
3518 3917 3849 4001 ἐφοϐήθησαν,

2233 4011 2609 4071 «ἀκούσαντες
2640 4011 2724 4065 ὃτι
2758 4010 3027 4082 Ῥωμαῖοί
3086 4009 3209 4066 εἰσι.
3270 4011 3375 4066 Καὶ
3440 4011 3681 4075 ἐλθόντες
3737 4025 3858 4079 παρ-

2231 4126 2252 4152 α
2289 4100 2538 4156 εκάλεσεν
2590 4101 2812 4170 αὐτοὺς,
2872 4100 2962 4154 καὶ
3021 4099 3373 4177 ἐξαγαγόντες
3455 4102 3684 4173 ἠρώτων
3735 4092 3858 4166 ἐξελ·

2225 4216 2254 4243 ‹‹
2287 4197 2396 4254 θεῖν
2419 4198 2518 4260 τῆς
2561 4189 2798 4252 πόλεως.
2855 4188 3195 4259 Ἐξελθόντες
3256 4187 3312 4244 δὲ
3370 4188 3434 4245 ἐκ
3480 4197 3582 4260 τῆς
3633 4186 3857 4268 φυλακῆς

2233 4300 2254 4328 ε
2288 4277 2542 4347 εἰσῆλθον
2577 4279 2652 4340 εἷς
2679 4280 2780 4348 τήν
2835 4274 3062 4346 Λυδίαν,
3092 4278 3182 4334 καὶ
3215 4276 3420 4341 ἰδόντες
3453 4281 3582 4342 τοὺς
3611 4273 3861 4350 ἀδελφοὺς

2227 4376 2265 4420 «³
2289 4366 2660 4443 παρεκάλεσαν
2691 4366 2888 4430 αὐτοὺς
2919 4367 3008 4422 καὶ
3041 4367 3286 4437 ἐξῆλθον.
3325 4391 3353 4419 ››

2301 4483 2328 4511 ι(
2363 4460 2641 4532 Δείραντες
2670 4460 2819 4531 ἡμᾶς
2853 4455 3116 4531 δημοσίᾳ.
3153 4482 3180 4512 n
3223 4458 3469 4514 Δείκνυσι
3531 4455 3753 4514 διπλοῦν
3805 4449 3859 4504 τὸ

464 4553 870 4615 stulationem,
895 4568 1029 4607 cum
1061 4549 1144 4604 ait
1169 4549 1392 4603 :Caasos
1425 4562 1562 4616 ergo
1595 4560 1704 4598 nos
1737 4542 2112 4615 publice,etc.

2242 4543 2509 4622 ἔγκλημα,
2537 4547 2726 4601 εἷ’πών·
2784 4547 3066 4622 Δείραντες
3120 4547 3212 4602 οῦν
3262 4550 3411 4621 ’ἡμᾶς
3474 4545 3732 4621 δημοσίᾳ,
3781 4538 3857 4595 καὶ

467 4641 607 4710 quia
639 4647 697 4694 et
729 4641 1045 4704 Romanos,
1082 4644 1140 4693 et
1169 4637 1394 4692 indicta
1433 4651 1610 4689 causa
1641 4637 1698 4688 et
1737 4631 1993 4704 publice.
2032 4633 2121 4686 Et-

466 4729 624 4783 enim
658 4728 1090 4798 dispensatorie
1139 4729 1431 4782 humanas
1462 4723 1723 4778 rationes
1773 4721 2120 4792 frequenter

460 4817 956 4886 comminiscitur,
984 4835 1058 4872 ne
1090 4824 1374 4887 tanquam
1397 4813 1625 4886 judicio
1657 4812 1975 4868 damnatus
2026 4810 2116 4864 vi-

460 4907 704 4963 deretur
738 4923 865 4961 esse
897 4906 1200 4973 dimissus,
1233 4912 1332 4961 aut
1363 4904 1516 4959 sicut
1538 4903 1585 4958 is
1609 4902 1708 4973 qui
1740 4901 2118 4971 deliquisset,

458 5003 517 5050 et
550 5012 624 5050 ne
664 5011 757 5050 res
780 4994 1203 5049 attribueretur
1232 4992 1522 5048 beneﬁcio
1555 4991 1849 5062 ipsorum.
1910 4989 2112 5044 Sciens

460 5088 637 5142 etiam
672 5085 829 5157 quod
859 5088 1131 5156 oporteat
1168 5081 1540 5154 principibus
1601 5097 1667 5136 ac
1717 5078 2111 5152 potestatibus

460 5194 588 5232 esse
623 5175 944 5246 subjectos,
976 5172 1222 5228 vocabat
1251 5172 1513 5242 seipsum
1560 5172 1913 5225 Romanum.
1971 5169 2110 5224 For-

460 5267 633 5320 tassis
668 5267 826 5320 enim
855 5279 1093 5320 omnem
1128 5260 1561 5316 terrametiam
1583 5258 1868 5324 Iudaeam,
1901 5261 2106 5314 Roma-

458 5371 672 5408 norum
701 5355 1021 5426 imperator
1050 5351 1528 5408 obtinebat.Nam
1559 5349 1744 5420 etipsi
1770 5347 2109 5420 pendebant

460 5443 680 5498 tributa
711 5444 965 5500 Cmsari:
1001 5460 1121 5499 non
1183 5440 1534 5515 adjicientes
1607 5439 2005 5510 principatum
2038 5455 2106 5493 ac

437 5580 446 5586 ἡ
528 5621 574 5659 ¹⁷
604 5623 627 5678 Ι
659 5621 786 5677 Cor.
823 5637 862 5688 ι,
895 5622 982 5678 l6.

2225 4637 2292 4692 τὰ
2324 4636 2470 4709 ἐξῆς,
2502 4635 2585 4691 ὅτι
2633 4634 2723 4692 καί
2779 4636 3116 4709 Ῥωμαίους,
3167 4636 3259 4691 καὶ
3316 4637 3728 4712 ἀκατακρίτους,
3778 4626 3857 4684 καὶ

2229 4723 2491 4798 δημοσίᾳ.
2526 4724 2628 4782 Καὶ
2686 4725 3000 4800 ἀνθρώπινα
3054 4726 3154 4800 γὰρ
3209 4726 3568 4796 κατεσκεύαζε
3619 4721 3705 4778 διά
3755 4736 3856 4774 τινα

2227 4813 2540 4887 οἰκονομίαν
2592 4812 2888 4884 πολλάκις,
2961 4812 3048 4868 ἳνα
3109 4814 3184 4886 μὴ
3245 4811 3374 4884 δόξη
3433 4813 3510 4876 ὡς
3586 4807 3858 4868 κστάδικος

2224 4901 2556 4958 ἀπολύεσθαι
2587 4902 2675 4957 καὶ
2709 4903 2784 4964 ὡς
2835 4903 3200 4977 ἡμαρτηκὼς,
3232 4904 3319 4958 καὶ
3377 4904 3466 4959 ἳνα
3501 4913 3580 4976 μή
3641 4908 3736 4969 τῆς
3762 4896 3854 4972 χά·

2203 5013 2376 5068 ,ριτος
2404 4992 2578 5047 αὐτῶν
2677 4992 2739 5047 τὸ
2770 4997 3014 5067 πρᾶγμα.
3050 4993 3152 5049 Καὶ
3203 4990 3361 5054 εἰδὼς
3394 4991 3477 5048 ὅτι
3531 4989 3616 5047 δεῖ
3672 4989 3856 5066 ἀρχαῖς

2222 5081 2313 5137 καὶ
2372 5080 2643 5150 ἐξουσίαις
2705 5080 3116 5151 ὑποτάσσεσθαι,
3203 5081 3386 5137 ἐκάΑει
3462 5081 3652 5136 ἑαυτὸν
3727 5079 3858 5132 Ῥω-

2225 5177 2402 5247 μαῖον,
2443 5169 2650 5226 Σχεδὸν
2706 5171 2810 5247 γὰρ
2842 5170 3018 5242 πάσης
3067 5179 3167 5241 τῆς
3229 5179 3333 5250 γῆς
3386 5172 3474 5228 καὶ
3533 5172 3706 5239 αὐτῆς
3761 5171 3852 5234 τῆς

2218 5259 2486 5322 Ἰουδαίας
2547 5260 2574 5314 6
2631 5260 2914 5334 Ῥωμαίων
3007 5260 3261 5334 βασιλεὺς
3343 5262 3579 5337 ἐκράτει.
3655 5256 3855 5316 Οἳτινες

2215 5351 2308 5407 καὶ
2365 5350 2532 5426 φόρον
2593 5347 2810 5404 ἐτέλουν
2857 5350 3109 5424 Καίσαρι,
3167 5353 3244 5425 μή
3320 5349 3704 5422 ἀποσειόμενοι
3759 5343 3853 5410 τὴν

2213 5439 2394 5517 ἀρχὴν
2423 5438 2513 5494 καὶ
2537 5435 2850 5495 δεσποτείαν
2878 5441 2977 5510 τὴν
3005 5441 3347 5515 Ῥωμαϊκὴν,
3407 5440 3588 5515 ὣσπερ
3633 5437 3686 5492 οἰ
3741 5433 3859 5489 λοι-
