4112 6250
354 328 478 388 233

1329 325 1733 389 COMMENT.
1783 323 1870 385 IN
1915 321 2121 382 ACTA
2165 323 2775 389 APOSTOLORUM.

3655 330 3774 391 234

350 460 457 515 ποῖ
512 457 778 517 Ἰουδαῖοι
834 465 1281 537 φρεναπατῶντες
1367 461 1607 529 ἑαυτοὺς,
1662 457 1864 522 ο¹ίτινες
1913 459 2006 514 τὸν

2131 456 2454 514 dominium
2479 461 3342 534 Romanum,quemadmodum
3371 463 3573 540 caeteri
3591 464 3777 520 Judaai

352 552 457 624 μὲν
490 556 621 604 Θεὸν
646 551 813 624 μόνον
844 548 1032 626 ἔλεγον
1062 549 1203 605 ἳδιον
1263 551 1487 625 βασιλέα
1538 549 1599 604 ού
1655 551 1763 623 μὴν
1815 547 2021 624 ἄνθρω-

347 661 484 698 πον,
517 637 702 717 ἔργοις
760 639 817 695 δὲ
873 642 1059 704 αὐτοῖς
1117 645 1189 701 ὡς
1252 638 1534 703 ὑποτελεῖς
1589 641 1793 696 οἰκέται
1851 641 2018 718 φόρον

349 732 606 802 ἐτέλουν,
637 734 700 789 τὸ
735 735 828 806 μὲν
878 732 1054 805 ὄνομα
1112 734 1456 808 ἀρνούμενοι,
1526 733 1710 811 ἔργοις
1765 731 1822 788 δὲ
1882 735 2012 788 ὑπο-

346 825 623 895 κείμενον
689 824 779 884 οὖς
829 824 921 878 καὶ
983 823 1280 898 ἐπόρθησεν
1344 825 1746 885 Οὐεσπασιανὸς
1803 823 1879 884 ὡς
1937 823 2011 894 μὴ

360 912 719 987 ὕποτασσομέ
725 937 743 968 ν
752 935 862 976 ους.

971 1093 1236 1150 ΚΕΦΑΛ.
1279 1093 1401 1148 ΚΕ’.

343 1180 488 1253 Περὶ
575 1179 806 1254 στάσεως
889 1181 1193 1254 γενομένης
1273 1181 1325 1235 ἐν
1409 1176 2012 1254 ΘεσσαλονίγῃΑκηρύ-

423 1247 638 1329 ﬂung:
691 1247 1156 1329 E‘{EX§V.;_?IJﬁé
1210 1273 1268 1306 τε
1328 1250 1548 1309 Παύλου
1605 1251 1681 1313 εἷς
1753 1247 2006 1324 Βέροιαν,

496 1324 670 1377 κεῖθεν
707 1321 782 1384 εἷς
815 1323 878 1377 Ἀ
886 1323 953 1392 θή
961 1321 1054 1383 νας

423 1437 451 1466 ε
488 1411 868 1476 Διοδεύσαντες
901 1411 958 1468 δὲ
1014 1416 1117 1484 τὴν
1173 1413 1512 1494 Ἀμφίπολιν
1566 1416 1656 1470 καὶ
1715 1413 2006 1471 Ἀπολλω-

338 1529 368 1556 α
403 1506 552 1574 νέαν,
586 1504 762 1571 ἦλθον
792 1504 868 1566 εἷς
898 1503 1324 1578 Θεσσαλονίκην,
1356 1507 1495 1560 ’ὀπου
1525 1505 1592 1574 ἧν
1625 1508 1658 1575 ἡ
1713 1507 2004 1580 συναγωγὴ

342 1615 366 1642 ι
403 1597 517 1648 τῶν
552 1591 849 1662 Ἰουδαίων,
879 1596 1018 1649 κατᾶ
1052 1591 1110 1648 δὲ
1138 1595 1201 1649 τὸ
1251 1593 1439 1657 εἴωθὸς
1483 1600 1562 1667 τῷ
1611 1594 1836 1667 Ηαύλῳ,
1893 1594 2002 1649 εἷ’σ-

335 1708 364 1734 α
401 1681 546 1752 ἦλθε
573 1683 715 1756 πρὸς
754 1683 969 1746 αὐτούς.
1031 1684 1136 1740 Καὶ
1194 1683 1282 1739 ἐπὶ
1340 1679 1595 1739 Σάϐϐατα
1642 1685 1768 1756 τρία
1827 1681 2007 1739 διελέ-

339 1797 368 1823 a
400 1793 534 1847 γετο
597 1772 784 1834 αὐτοῖς
838 1773 944 1827 ἀπὸ
1029 1778 1138 1828 τῶν
1226 1779 1474 1849 Γραφῶν,
1563 1771 1848 1849 διανοίγων
1912 1774 2002 1828 καὶ

343 1885 366 1910 ι
401 1864 862 1935 παρατιθέμενος,
897 1861 982 1915 ὅτι
1026 1862 1118 1916 τὸν
1179 1861 1416 1936 Χριστὸν
1475 1857 1582 1915 ἔδει
1640 1867 1854 1932 παθεῖν,
1913 1862 2004 1916 καὶ

343 1973 373 1999 ι(
409 1949 709 2017 ἀναστῆναι
737 1948 798 2004 ἐκ
822 1955 1047 2024 νεκρῶνο
1111 1951 1198 2004 καὶ
1260 1951 1342 2005 δτι
1403 1949 1576 2012 Οὗτός
1634 1950 1774 2005 ἑστιν
1809 1952 1838 2005 ὁ
1868 1952 2009 2026 Χρι-

349 2062 377 2089 ιι
412 2038 535 2102 στος
569 2039 810 2108 Ἰησοῦς,
843 2040 904 2093 δν
938 2038 1052 2116 ἐγὼ
1082 2038 1449 2116 καταγγέλλω
1482 2040 1629 2113 ὑμῖν.
1668 2065 1694 2091 »ο

442 2214 660 2284 Ἐπειδὴ
695 2238 847 2272 ουτοι
875 2219 1016 2292 πρὸς
1049 2219 1116 2272 τὰ
1147 2223 1348 2291 σημεῖα
1397 2218 1645 2280 ἐναντίως
1705 2221 1883 2293 εἶχον,
1932 2221 2005 2282 ὼς

378 2304 618 2365 πλάνους
668 2307 750 2360 καὶ
812 2307 1020 2384 γόητας
1105 2303 1513 2378 διαϐάλλοντες,
1583 2306 1691 2362 ὦδε
1735 2309 1841 2363 ἀπὸ
1897 2315 2005 2364 τῶν

376 2399 597 2471 Γραςοῶν
627 2397 818 2467 πείθει,
857 2399 958 2454 οὐκ
978 2394 1127 2478 ἔχων
1157 2399 1358 2470 ταύτην
1385 2401 1485 2468 τήν
1515 2399 1790 2454 ὑπόνοιαν.

422 2600 448 2624 ιι
483 2577 583 2629 Καί
613 2598 757 2640 τινες
799 2577 850 2650 ἐξ
913 2578 1088 2632 αύτῶν
1148 2578 1492 2652 ἐπείσθησαν,
1549 2580 1639 2634 καὶ
1693 2578 2008 2657 προσεκλη-

346 2687 371 2718 σ
402 2668 662 2740 ρώθησαν
691 2672 772 2739 τῷ
805 2665 1010 2740 Παύλῳ
1041 2669 1131 2723 καὶ
1161 2674 1240 2741 τῷ
1298 2668 1462 2741 Σίλᾳ,
1516 2672 1624 2723 τῶν
1678 2690 1736 2724 τε
1784 2665 2008 2743 σεϐομέ-

340 2779 367 2805 κ
402 2778 508 2810 νων
567 2755 869 2828 Ἑλλήνων
929 2756 1075 2812 πολὺ
1159 2759 1394 2828 πλῆθος,
1455 2764 1725 2833 γυναικῶν
1784 2781 1840 2815 τε
1895 2765 2002 2815 τῶν

339 2868 365 2895 α
401 2848 644 2920 πρώτων
682 2849 786 2902 οὐκ
821 2847 1030 2924 ὀλίγαι.
1063 2846 1420 2918 Ζηλώσαντες
1454 2846 1509 2902 δὲ
1543 2849 1594 2902 οἱ
1654 2849 2001 2913 ἀπειθοῦντες

409 2934 703 3006 Ἰουδαῖοι,
737 2937 831 2991 καὶ
878 2933 1328 3011 προσλαϐόμενοι
1377 2942 1484 2992 τῶν
1531 2938 1803 3014 ἀγοραίων
1855 2940 2005 3002 τινας

331 3053 360 3080 α
398 3024 606 3098 ἂνόρας
639 3026 943 3101 πονηροὺς,
1003 3029 1092 3082 καὶ
1154 3027 1649 3106 ὀχλοποιήσαντες,
1707 3025 2001 3105 ἐθορύϐουν

339 3144 368 3169 u
400 3121 505 3186 τὴν
535 3114 733 3172 πόλιν·
775 3117 1084 3180 ἐπιστάντες
1140 3139 1200 3173 τε
1263 3122 1331 3192 τῇ
1393 3119 1538 3190 οἰκίᾳ
1590 3119 1825 3181 Ἰάσονος
1876 3119 2001 3190 ἐζή-

2037 1821 2084 1886 Β

2129 553 2355 622 seipsos
2414 555 2787 617 seducentes.
2837 556 2937 626 qui
2988 557 3173 611 Deum
3233 555 3425 610 solum
3467 558 3774 628 proprium

2126 643 2340 714 Regem
2375 661 2503 701 esse
2536 647 2812 701 dicebant
2842 653 2901 701 et
2930 664 3050 701 non
3079 647 3416 700 hominem:
3469 664 3531 701 re
3576 654 3772 704 tamen

2125 731 2254 803 ipsa
2297 740 2579 806 tanquam
2642 736 2936 790 tributarii
3000 736 3218 790 subditi
3279 735 3618 806 pendebant
3677 739 3772 792 tri-

2123 820 2302 878 buta:
2337 841 2556 878 nomen
2589 825 2830 895 quidem
2862 825 3244 897 abnegantes,
3285 842 3346 879 re
3379 830 3579 880 autem
3631 825 3768 880 sub-

2113 909 2298 979 jecti:
2333 929 2479 982 quos
2512 913 2690 967 etiam
2735 915 3126 984 Vespasianus
3161 919 3441 984 tanquam
3475 930 3594 969 non
3626 914 3763 969 sub-

2118 1002 2307 1072 jectos
2339 1007 2713 1077 expugnavit.

2725 1094 2958 1150 CAPUT
2994 1096 3158 1149 XXV.

2129 1182 2273 1236 133
2304 1185 2379 1238 De
2406 1183 2668 1239 seditione
2723 1187 2877 1253 facta
2938 1185 3328 1240 Thessalonice
3381 1185 3446 1238 ob
3489 1186 3764 1255 praedica-

2191 1256 2412 1320 tionem,
2443 1259 2691 1325 fugaque
2720 1257 2886 1310 Pauli
2917 1256 2978 1310 in
3015 1259 3338 1325 Berwam,et
3365 1258 3496 1311 inde
3524 1259 3582 1311 in
3603 1258 3762 1313 Athe-

2187 1341 2305 1379 nas.

2186 1415 2358 1483 XVII,
2394 1418 2506 1472 1-3.
2544 1441 2571 1468 «
2605 1419 2871 1489 Cumque
2903 1419 3018 1474 iter
3048 1419 3336 1475 fecissent
3385 1435 3492 1490 per
3520 1420 3768 1492 Amphi-

2117 1526 2144 1553 ι(
2181 1504 2366 1574 polim
2400 1512 2458 1560 et
2488 1507 2883 1578 Apolloniam,
2917 1515 3209 1563 venerunt
3257 1509 3765 1593 Thessalonicam,

2075 1639 2080 1642 _
2115 1615 2142 1642 «
2178 1593 2278 1648 ubi
2311 1601 2438 1650 erat
2473 1596 2777 1669 Synagoga
2806 1597 3168 1654 Iudaeorum.
3221 1598 3291 1652 Et
3312 1597 3484 1669 juxta
3512 1615 3767 1654 consue-

2115 1705 2141 1731 ‹‹
2173 1683 2440 1739 tudinem
2473 1701 2641 1740 suam
2674 1687 2890 1740 Paulus
2917 1687 3179 1742 introivit
3225 1688 3300 1741 ad
3353 1703 3495 1743 eos:
3556 1694 3614 1741 et
3655 1704 3763 1759 per

2117 1794 2142 1822 ‹‹
2176 1773 2287 1828 tria
2317 1773 2568 1829 Sabbata
2598 1775 2928 1830 disserebat
2984 1776 3068 1830 eis
3130 1791 3198 1830 ex
3255 1778 3594 1849 Scripturis,
3666 1777 3764 1832 ad'

2116 1883 2142 1910 ‹‹
2170 1863 2788 1935 aperiens,citatisque
2811 1865 3169 1920 testimoniis
3191 1867 3766 1938 comprobansopor-

2118 1951 2363 2006 «tuisse
2426 1955 2547 2025 pati
2606 1955 2906 2010 Christum
2967 1961 3023 2009 et
3063 1971 3370 2026 resurgere
3417 1972 3453 2011 a
3484 1956 3759 2023 mortuis,

2115 2062 2143 2090 «
2178 2042 2455 2113 quodque
2488 2043 2584 2098 hic
2634 2050 2790 2099 esset
2838 2044 3106 2100 Christus
3156 2045 3348 2114 Jesus,
3399 2061 3575 2116 quem
3633 2061 3761 2117 egO,

2114 2152 2141 2179 ‹‹
2178 2130 2393 2201 inquit,
2424 2135 2713 2188 annuntio
2744 2134 2928 2188 vobis.
2967 2158 2994 2184 »

2183 2221 2472 2284 Quoniam
2507 2223 2567 2276 hi
2599 2223 2782 2295 signis
2808 2224 3290 2291 adversabantur,
3327 2223 3761 2279 calumniantes

2113 2309 2294 2363 veluti
2329 2310 2669 2366 seductores
2715 2317 2916 2366 essent
2971 2330 3038 2367 ac
3078 2314 3567 2385 praastigiatores,
3602 2313 3698 2368 hic
3728 2328 3763 2367 θ.

2112 2399 2430 2470 Scripturis
2461 2401 2800 2472 persuadet,
2837 2407 2905 2456 ut
2949 2403 3034 2456 sic
3081 2403 3248 2458 nulla
3299 2403 3509 2458 haberi
3558 2407 3760 2473 posset

2113 2491 2395 2561 suspicio.

2183 2581 2348 2651 XVII,
2383 2583 2535 2636 4-10.
2576 2607 2596 2632 ι
2633 2586 2703 2638 Et
2732 2584 2976 2654 quidam
3009 2600 3078 2638 ex
3137 2584 3221 2638 eis
3270 2583 3656 2640 crediderunt
3703 2591 3761 2640 et

2113 2691 2140 2718 ‹‹
2173 2671 2439 2741 adjuncti
2473 2678 2612 2727 sunt
2660 2673 2841 2730 Paulo
2895 2679 2953 2728 et
3008 2673 3164 2741 Sila),
3216 2690 3283 2728 ac
3341 2673 3757 2745 religiosorum

2113 2781 2140 2809 α
2171 2761 2505 2816 Graecorum
2540 2762 2860 2817 multitudo
2911 2779 3146 2836 magna,
3193 2762 3595 2833 mulieresque
3636 2763 3756 2833 pri-

2113 2871 2142 2898 «
2173 2852 2377 2906 marine
2416 2869 2535 2906 non
2566 2869 2789 2923 paucae.
2824 2853 2956 2906 Zelo
2988 2857 3187 2909 autem
3236 2853 3516 2907 commoti
3572 2851 3757 2907 Judaai

2115 2959 2136 2988 α
2172 2939 2487 3009 increduli,
2520 2943 2840 3013 assumptis
2874 2943 3050 2997 etiam
3098 2942 3450 3012 quibusdam
3503 2941 3756 2996 circum-

2113 3051 2134 3079 ι
2164 3028 2423 3085 foraneis
2436 3031 2574 3085 viris
2589 3031 3082 3100 malis,turhaque
3102 3037 3302 3085 coacta
3317 3031 3761 3084 concitaverunt

2109 3138 2137 3164 ‹‹
2171 3117 2489 3185 civitatem,
2523 3124 2580 3172 et
2611 3123 2888 3190 urgentes
2939 3117 3181 3171 domum
3224 3117 3478 3183 Iasonis,
3532 3133 3760 3187 quaere-

353 3231 380 3258 «ι
415 3228 542 3261 τουν
574 3207 773 3269 αὖτοὺς
807 3207 1022 3282 ἀγαγεῖν
1056 3207 1133 3269 εἲς
1190 3208 1281 3262 τὸν
1339 3204 1540 3280 δῆμον.
1602 3210 1689 3277 Μὴ
1760 3206 2004 3280 εὗρόντες

2131 3228 2143 3254 ι
2171 3205 2314 3260 bant
2335 3224 2434 3261 eos
2453 3187 2778 3277 producere
2811 3207 2883 3261 ad
2907 3207 3214 3278 populum.
3243 3206 3510 3277 Cumque
3531 3222 3652 3259 non
3675 3206 3760 3259 in-

370 3322 392 3346 ι
429 3295 492 3349 ῖΐε
521 3295 730 3366 αὖτοὺς,
760 3295 956 3371 ἔσυρον
984 3297 1076 3352 τὸν
1127 3297 1334 3353 Ἰάσονα
1391 3296 1484 3351 καί
1530 3318 1678 3358 τινας
1737 3295 2006 3374 ἀδελφοὺς

383 3405 409 3437 α
433 3385 521 3438 έπί
553 3384 675 3445 τοὺς
705 3385 1042 3462 πολιτάρχας
1081 3387 1336 3461 βοῶντες,
1371 3387 1452 3440 δτι
1488 3387 1554 3443 Οἱ
1599 3388 1696 3454 τὴν
1747 3386 2004 3459 οἰκουμέ-

378 3496 401 3526 ι
435 3495 533 3544 νην
581 3473 1062 3543 ἀναστατώσαντες,
1124 3475 1272 3529 οὗτοι
1326 3474 1415 3529 καὶ
1497 3473 1683 3540 ἐνθάδε
1739 3476 2004 3550 πάρεισιν,

359 3589 387 3613 η
421 3564 515 3624 οίῖς
577 3561 926 3619 ὑποδέδεκται
988 3565 1194 3622 Ἰάσων.
1278 3564 1382 3619 Καὶ
1442 3565 1593 3619 οὗτοι
1650 3564 1844 3627 πάντες
1903 3565 2008 3619 ἀπ·-

361 3678 386 3702 ι
420 3653 731 3707 έναντιτῖυν
790 3650 1080 3727 δογμάτων
1140 3652 1408 3726 Καίσαρος
1465 3655 1784 3728 πράσσουσι,
1849 3655 1996 3729 βασι·

359 3767 384 3792 ατ
418 3740 512 3796 λέα
553 3740 814 3818 λέγοντες
864 3739 1049 3812 ἕτερον
1112 3743 1245 3796 εἴναι
1307 3746 1540 3812 Ἰησοῦν.
1603 3743 1890 3816 Ἐτάραξαν
1950 3742 2007 3798 δὲ

355 3855 381 3883 a
413 3833 502 3885 τὸν
539 3830 721 3905 ὄχλον
748 3830 838 3886 καὶ
899 3831 1026 3892 τοὺς
1082 3829 1426 3907 πολιτάρχας
1475 3831 1769 3894 ἀκούοντας
1816 3837 2004 3891 ταῦτα.

352 3945 380 3970 α
411 3922 510 3978 Καὶ
552 3916 817 3983 λαϐόντες
844 3921 906 3974 τὸ
935 3921 1112 3974 ἱκανὸν
1142 3921 1285 3996 παρᾶ
1328 3918 1424 3975 τοῦ
1471 3921 1707 3983 Ἰάσονος
1755 3923 1842 3976 καὶ
1896 3927 2005 3978 τῶν

348 4035 377 4061 ει
413 4008 661 4078 λοιπῶν,
695 4009 970 4064 ἀπέλυσαν
1024 4010 1236 4073 αὐτούς.
1297 4010 1364 4066 Οἱ
1424 4007 1482 4064 δὲ
1532 4007 1759 4086 ἀδελφοὶ
1813 4010 2008 4075 εὐθέως

348 4124 376 4151 α
413 4097 507 4154 διὰ
536 4106 641 4168 τῆς
673 4099 865 4160 νυκτὸς
898 4098 1198 4172 ἐξέπεμψαν
1243 4099 1334 4154 τόν
1387 4119 1446 4154 τε
1505 4098 1718 4155 Παῦλον
1777 4101 1864 4154 καὶ
1914 4101 2004 4154 τὸν

349 4213 379 4240 α
414 4186 590 4244 Σίλαν
649 4188 728 4248 ιῖς
788 4187 1071 4264 Βέρῥοιαν.
1131 4189 1346 4251 Οἳτινες
1422 4189 1875 4264 παραγενόμενοι,
1931 4189 2008 4251 εἷς

351 4302 381 4326 α
413 4278 518 4346 τὴν
556 4279 878 4351 συναγωγὴν
913 4276 1153 4350 ἀπῄεσαν
1187 4282 1292 4332 τῶν
1327 4275 1622 4334 Ἰουδαίων.
1661 4304 1685 4328 ››

430 4361 784 4438 Σεεομένους
813 4363 1095 4431 Ἕλληνας
1127 4365 1252 4426 τοὺς
1287 4365 1337 4436 ἐξ
1365 4362 1640 4421 Ἰουδαίων
1691 4366 1785 4439 μὲν
1827 4363 2006 4435 ὄντας,

350 4454 694 4524 Ἐλληνῖστὶ
726 4451 780 4508 δὲ
813 4453 1211 4530 φθεγγομένους
1250 4453 1426 4522 καλεῖ,
1480 4452 1567 4509 διὰ
1608 4456 1671 4510 τὸ
1719 4453 2006 4534 φυλάττειν

2116 3316 2143 3342 ‹‹
2178 3295 2479 3350 venissent
2505 3312 2625 3363 eos,
2685 3296 2999 3351 trahebant
3033 3297 3310 3350 Iasonem
3363 3301 3422 3349 et
3468 3294 3757 3365 quosdam

2119 3410 2138 3436 ι
2175 3387 2387 3442 fratres
2413 3387 2487 3442 ad
2515 3388 2811 3459 principes
2843 3388 3120 3455 civitatis,
3155 3387 3520 3444 clamantes:
3556 3387 3622 3441 Hi
3657 3386 3760 3457 qui

2115 3481 2470 3532 «terrarum
2528 3477 2732 3531 orbem
2819 3477 3270 3544 conturbarunt,
3343 3477 3459 3531 huc
3527 3492 3760 3547 quoque

2121 3576 2481 3630 «venerunt,
2523 3583 2671 3637 quos
2729 3567 3001 3621 clanculo
3061 3566 3291 3637 excepit
3335 3567 3532 3632 Jason,
3584 3571 3642 3620 et
3697 3565 3758 3619 hi

2120 3679 2138 3703 ι
2177 3672 2385 3710 omnes
2417 3662 2623 3711 contra
2670 3656 2909 3711 decreta
2955 3656 3200 3710 Caesaris
3248 3654 3496 3721 faciunt,
3555 3670 3753 3726 regem

2115 3767 2142 3794 ‹‹
2176 3745 2358 3799 alium
2391 3745 2654 3799 dicentes
2686 3761 2814 3799 esse
2835 3746 3051 3799 Iesum.
3086 3743 3755 3798 Concitaveruntautem

2115 3858 2142 3884 ‹‹
2177 3834 2410 3889 turbam
2444 3850 2509 3888 ac
2542 3834 2920 3905 magistratus
2972 3832 3222 3886 civitatis
3270 3831 3577 3884 audientes
3635 3845 3760 3885 eos.

2115 3946 2142 3973 ‹‹
2178 3926 2248 3977 Et
2271 3928 2511 3993 accepta
2543 3921 2943 3976 satisfactione
2979 3920 3050 3974 ab
3099 3920 3310 3974 Jasone
3352 3923 3412 3972 et
3440 3935 3475 3972 a
3503 3918 3754 3986 casteris,

2115 4037 2142 4064 ‹‹
2177 4013 2534 4067 dimiserunt
2562 4027 2683 4065 eos.
2721 4013 2950 4065 Fratres
2978 4026 3110 4064 vero
3143 4008 3455 4063 confestim
3490 4024 3596 4079 per
3626 4024 3764 4063 noc-

2118 4125 2146 4153 «
2179 4107 2296 4156 tem
2331 4099 2659 4154 emiserunt
2689 4100 2843 4154 134
2873 4097 3121 4152 Paulum
3158 4095 3337 4151 simul
3368 4102 3427 4152 et.
3468 4097 3649 4152 Silam
3701 4097 3764 4152 in

2118 4213 2141 4245 α
2178 4193 2460 4246 Βοτωαῐη.
2495 4188 2605 4254 Qui
2637 4205 2770 4243 cum
2801 4187 3204 4251 advenissent,
3237 4185 3483 4256 profecti
3535 4191 3675 4241 sunt
3703 4187 3762 4240 in

2114 4305 2142 4333 «
2180 4295 2535 4351 synagogam
2565 4277 2926 4334 Iudaeorum.
2959 4297 2988 4326 »

2187 4369 2512 4441 Religiosos
2545 4369 2778 4422 Graecos
2811 4371 2978 4422 vocat
3008 4382 3131 4432 eos,
3157 4365 3257 4434 qui
3281 4379 3418 4418 cum
3450 4380 3520 4418 ex
3547 4361 3734 4418 Judaei

2117 4464 2337 4525 essent,
2372 4458 2567 4512 Graece
2587 4461 2786 4511 tamen
2803 4453 3554 4526 loquebantur:religiosos
3578 4456 3772 4506 autem

348 4545 451 4599 τὸν
483 4543 684 4614 νόμον·
717 4543 902 4611 ἦτοὺς
1069 4543 1355 4615 Ἐλλήνων
1410 4542 1811 4618 προσηλότους,
1873 4547 2005 4602 Ἰου-

2131 4567 2194 4604 eo
2209 4547 2366 4618 quod
2381 4547 2569 4618 legem
2596 4551 2930 4602 servarent:
2948 4549 3048 4599 aut
3068 4541 3770 4614 proselytosJudzeorum,

355 4632 540 4687 δαίων
574 4632 941 4708 ὑπάρχοντας.

503 4721 583 4778 0r
712 4719 763 4754 τι
998 4721 1012 4742 ν
1119 4721 1138 4763 ε
1392 4727 1417 4737 ~
1914 4725 1926 4744 ι

437 4747 465 4774 α
559 4742 675 4776 »τοι
709 4734 765 4776 οε
796 4722 933 4791 ἦσαν
962 4742 1322 4797 ευγενυστεροι
1351 4744 1460 4777 των
1519 4721 1570 4776 ἐν
1637 4723 2022 4801 Θεσσαλονικῃ,

359 4841 388 4866 «ι
430 4811 634 4874 οἵτινες
667 4811 915 4886 έγέξαντο
946 4813 1036 4868 τὸν
1067 4810 1234 4889 λόγον
1294 4815 1429 4885 μετᾶ
1473 4813 1648 4881 πάσης
1697 4816 2022 4888 προθυμίας,

355 4928 384 4954 ’ί
425 4905 490 4957 τὸ
559 4903 879 4976 καθημέναν
955 4899 1328 4976 ἀνακρίνοντες
1386 4901 1478 4962 τὰς
1530 4902 1764 4980 Γραφάς,
1807 4902 1853 4956 εἷ
1907 4901 2025 4978 ἔχει

356 5017 383 5043 ει
429 4996 602 5046 ταῦτα
638 4990 834 5051 οὕτως.
883 4987 1094 5044 Πολ)οὶ
1139 4991 1233 5061 μὲν
1290 4989 1382 5042 οὖν
1453 4989 1502 5050 ἐξ
1557 4990 1730 5044 αὐτῶν
1782 4989 2024 5047 ἐπίστευ-

353 5107 382 5132 ί(
424 5101 544 5144 σαν,
578 5079 672 5133 καὶ
707 5083 814 5132 τῶν
875 5075 1219 5146 Ἑλληνίδων
1261 5083 1529 5153 γυναικῶν
1584 5082 1692 5132 τῶν
1741 5080 2024 5154 εὐσχημό-

359 5195 388 5222 ιι
423 5169 676 5239 νων,καί
728 5165 940 5240 ἀνδρῶν
1003 5167 1102 5220 οὐκ
1155 5165 1360 5242 ὀλίγοι.
1421 5167 1509 5229 Ὦς
1566 5164 1623 5220 δὲ
1679 5165 1915 5241 ἔγνωσαν
1976 5171 2026 5224 οἱ

354 5285 382 5311 α
422 5260 529 5314 ἀπὸ
587 5265 692 5328 τῆς
753 5256 1162 5325 Θεσσαλονίκης
1220 5253 1496 5320 Ἰουδαῖοι,
1565 5257 1649 5309 ὅτι
1711 5258 1799 5311 καί
1855 5258 1906 5312 ἐν
1958 5263 2026 5333 τῇ

355 5374 379 5399 α
420 5349 660 5426 Βερῥοίᾳ
699 5345 1023 5419 κατηγγέλη
1088 5345 1191 5399 ὑπὸ
1249 5347 1344 5397 τοῦ
1402 5341 1625 5399 Παύλου
1654 5345 1681 5399 ὁ
1714 5344 1881 5421 λόγος
1934 5353 2031 5403 τοῦ

353 5463 380 5491 α
416 5443 570 5506 Θεοῦ,
603 5437 788 5505 ἦλθον
821 5434 984 5488 κάκεῖ
1013 5431 1329 5493 σαλεύοντες
1357 5431 1485 5494 τοὺς
1518 5431 1749 5508 ὄχλους.
1783 5457 1810 5490 ι

422 5553 445 5578 α
489 5531 665 5589 Οὗτοι
701 5526 764 5583 εὶ
816 5525 959 5594 ἦσαν
1009 5523 1393 5598 εὐγενέστεροι.
1425 5545 1452 5576 ι
1503 5524 1594 5594 Τὸ,
1645 5524 2031 5601 εὐγενέστεροι,

350 5619 613 5690 άντῖτοῦ,
650 5612 1085 5688 ἐπιεικέστεροι,
1139 5613 1326 5689 φησίν.
1388 5611 1509 5686 οὐχ
1568 5611 1642 5673 ὡς
1698 5610 1918 5670 ἄπιστοι
1978 5613 2034 5671 δὲ

793 5740 1052 5789 ΡΑτιιοῑ..
1097 5731 1199 5787 Gn.
1241 5731 1497 5788 CXVIII.

2133 4638 2232 4708 qui
2265 4654 2336 4692 ex
2369 4636 2584 4690 Grazcis
2625 4641 2811 4690 erant.

2204 4727 2373 4791 XVII,
2410 4726 2586 4779 11-13.
2615 4746 2641 4773 ‹‹
2671 4723 2737 4776 Hi
2763 4727 2960 4777 autem
2984 4721 3392 4791 generosiores
3424 4727 3594 4776 erant
3623 4721 3780 4776 inter

2136 4839 2162 4864 ‹‹
2200 4833 2320 4878 eos,
2357 4814 2455 4884 qui
2491 4811 2783 4884 degebant
2813 4810 3267 4877 Thessalonicen,
3305 4811 3404 4881 qui
3441 4826 3779 4866 sermonem

2141 4928 2163 4957 α
2201 4908 2592 4974 susceperunt
2640 4918 2772 4955 cum
2833 4901 2992 4954 omni
3051 4901 3233 4954 animi
3291 4901 3780 4972 promptitudine,

2140 5018 2165 5045 ((
2203 4998 2535 5048 scrutantes
2581 4990 2845 5060 quotidie
2878 4989 3233 5060 Scripturas.
3277 5006 3352 5043 an
3410 4991 3535 5043 hmc
3589 4989 3670 5041 ita
3721 5003 3782 5041 se

2140 5105 2166 5134 ‹‹
2193 5083 2500 5138 haberent.
2527 5083 2595 5133 Et
2625 5079 2795 5132 multi
2821 5079 3060 5148 quidem
3084 5079 3466 5134 crediderunt
3487 5095 3554 5131 ex
3590 5076 3694 5134 eis.
3729 5079 3788 5128 et

2139 5196 2163 5223 ‹‹
2193 5174 2406 5226 Graeca:
2434 5169 2716 5223 mulieres
2746 5169 3011 5221 honesta:
3044 5169 3272 5237 virique
3318 5184 3436 5220 non
3489 5163 3680 5235 pauci.
3717 5163 3790 5216 Ut

2145 5282 2171 5312 α
2193 5266 2389 5315 autem
2407 5263 2808 5329 cognoverunt
2826 5256 3386 5310 'l'hessalonicenses
3403 5252 3608 5316 Judaei,
3630 5249 3789 5321 quod

2145 5374 2165 5399 ι
2203 5357 2259 5405 et
2294 5351 2508 5403 Bermae
2534 5347 2919 5418 praedicatum
2951 5353 3108 5401 esset
3133 5363 3166 5400 a
3189 5344 3371 5398 Paulo
3394 5341 3637 5396 verbum
3664 5341 3787 5407 Dei,

2143 5464 2170 5492 ‹‹
2204 5443 2502 5495 venerunt
2533 5436 2708 5491 etiam
2750 5435 2831 5490 ibi
2863 5439 3305 5490 commoventes
3335 5431 3559 5490 turbas.
3594 5454 3623 5482 ››

2213 5553 2236 5583 (ι
2289 5529 2357 5584 Hi
2419 5533 2616 5582 autem
2675 5526 3084 5598 generosiores
3143 5529 3330 5578 erant.
3388 5544 3417 5573 »
3475 5520 3796 5597 Εὐγενέστε-

2147 5641 2234 5685 po:
2269 5619 2409 5674 dicit
2443 5617 2644 5671 volens
2678 5615 3014 5685 signiﬁcare
3044 5615 3359 5685 aequiores.
3401 5613 3470 5668 Hi
3499 5629 3635 5668 vero
3675 5627 3797 5666 non

2145 5653 2171 5696 ,ι

3402 5732 3436 5784 8
