4112 6250
484 324 600 386 235

1603 307 2024 371 (ECUMENII
2071 302 2373 367 TRICC/E
2415 306 2768 373 EPISCOPI

3728 319 3822 381 236

482 468 768 533 tanquam
802 453 1096 513 increduli
1128 449 1489 524 indagabant
1537 448 1656 504 sive
1707 443 2125 502 scrutabantur

2247 437 2393 497 οὗτοι
2436 442 2739 519 ἀνέκρινον,
2796 444 2921 516 ἤτοι
2980 448 3278 521 ἐξηρεύνων
3332 448 3425 511 τὰς
3482 454 3517 504 Γ
3522 426 3674 528 ραφάέ
3721 427 3825 525 (ἤδη

486 551 820 622 Scripturas
851 548 995 619 (jam
1027 544 1189 600 enim
1221 539 1639 608 crediderant),
1695 534 1797 591 sed
1849 538 2134 603 tanquam

486 646 757 713 expertes
816 635 1158 693 traditionis
1213 638 1475 687 veterum
1561 626 2010 701 prophetarum,
2078 624 2136 675 et

483 737 795 803 propterea
827 729 941 783 fide
974 724 1339 781 robustiores
1371 720 1563 775 effecti
1598 722 1757 782 sunt,
1800 732 1932 770 cum
1967 728 2130 768 scru-

483 826 755 877 tarentur
786 818 1117 889 Scripturas
1149 830 1217 869 ac
1249 811 1587 866 invenirent
1616 813 1881 863 veterum
1913 817 2134 858 sermo-

482 911 660 967 nibus
690 923 955 965 consona
986 921 1115 961 esse
1147 918 1330 975 opera
1386 896 1850 971 dispensationis
1899 890 2131 949 Domini

485 1017 547 1055 In
580 1016 778 1055 carne.

650 1016 722 1053 rn
765 1040 778 1052 .

555 1015 848 1154 £311,844,
883 1087 968 1138 15.
1004 1104 1032 1132 ‹‹
1067 1080 1392 1149 Statimque
1425 1082 1566 1132 tunc
1616 1073 1866 1130 Paulum
1915 1071 2129 1126 emise-

488 1200 511 1230 ιι
545 1181 688 1233 runt
715 1176 946 1239 fratres,
980 1176 1046 1227 ut
1069 1172 1184 1225 iret
1213 1169 1373 1223 velut
1402 1166 1477 1221 ad
1520 1181 1704 1220 mare.
1755 1162 1905 1216 Silas
1936 1165 2133 1216 autem

486 1289 514 1317 α
550 1272 608 1321 et
635 1262 979 1320 Timotheus
1011 1262 1430 1315 remanserunt
1459 1255 1559 1309 ibi.
1594 1252 1701 1319 Qui
1744 1266 1881 1305 vero
1928 1264 2132 1321 prose-

492 1355 881 1428 «quebantur
927 1351 1177 1407 Paulum
1234 1348 1609 1403 deduxerunt
1676 1359 1812 1404 eum
1869 1341 2133 1395 Athenas

488 1460 737 1515 «usque
763 1448 821 1498 et
850 1446 1091 1511 accepto
1132 1438 1413 1493 mandato
1467 1435 1543 1490 ad
1594 1433 1774 1488 Silam
1821 1447 1889 1486 ac
1938 1429 2130 1483 Timo-

485 1556 514 1585 «
547 1532 775 1596 theum,
807 1534 874 1583 ut
903 1543 1080 1599 quam
1112 1524 1422 1582 celerrime
1452 1520 1724 1577 venirent
1752 1517 1827 1573 ad
1858 1533 1940 1585 se,
2003 1532 2134 1586 pro-

485 1646 514 1674 «
548 1621 686 1678 fecti
717 1624 874 1676 sunt.
911 1640 939 1669 »

558 1709 1012 1784 Dispensatione
1046 1705 1306 1778 quadam
1336 1703 1485 1777 fugit
1514 1703 1609 1758 hic
1638 1699 1979 1772 Apostolus,
2009 1713 2132 1752 non

2241 533 2344 606 γάρ
2385 533 3005 609 ἧσανμπεπιστευκότες),
3033 536 3160 593 ἀλλ’
3209 537 3283 600 ὠς
3340 535 3559 613 ἄμοιροι
3611 546 3700 608 τῆς
3742 547 3827 596 τῶν

2241 621 2492 678 παλαιῶν
2528 631 2826 704 προφητῶν
2859 625 3234 702 παραδόσεως,
3264 629 3353 683 καὶ
3399 626 3484 684 διὲι
3528 633 3675 684 τοῦτο
3721 629 3833 705 μᾶλ-

2242 710 2342 766 λον
2388 715 2702 790 πιστότεροι
2761 717 3067 793 γινόμενοι,
3128 718 3446 792 ἐρευνῶντες
3494 718 3584 780 τὰς
3634 720 3833 797 Γραφᾶς,

2241 800 2331 856 καὶ
2372 802 2709 876 εὐρίσκοντες
2735 810 2857 867 τοῖς
2887 810 2995 860 τῶν
3042 803 3290 861 παλαιῶν
3348 804 3532 882 λόγοις
3587 805 3838 879 συνᾴδοντα

2239 891 2306 945 τὰ
2335 892 2590 968 περὶτῆς
2648 893 2905 970 ἐνσᾶρκου
2961 901 3057 951 τοῦ
3117 895 3313 972 Κυρίου
3372 895 3673 970 οἰκονομίας
3720 900 3836 974 πρά-

2240 1003 2273 1055 γ
2281 1002 2441 1053 ματα.

2318 1093 2345 1122 ‹‹
2378 1069 2593 1135 Εὐθέως
2649 1071 2705 1126 δὲ
2760 1073 2884 1128 τότε
2963 1075 3056 1130 τὸν
3135 1075 3347 1130 Παῦλον
3404 1072 3750 1144 ἐξαπέστειλαν
3795 1080 3839 1133 οἱ

2244 1155 2552 1236 «ἀδελφοὶ,
2588 1162 2909 1237 πορεύεσθαι
2968 1163 3043 1226 ὡς
3103 1163 3190 1219 ἐπὶ
3247 1166 3347 1234 τήν
3408 1165 3685 1221 θάλασσαν.
3737 1171 3837 1223 Ὑπο

2242 1273 2270 1300 ‹‹
2306 1250 2491 1322 έμενον
2527 1247 2582 1304 δὲ
2615 1251 2727 1306 ὅτε
2787 1251 2957 1315 Σίλας
3011 1254 3100 1308 καὶ
3142 1254 3170 1308 6
3220 1252 3491 1328 Τιμόθεος
3545 1253 3664 1312 ἐκεῖ.
3711 1255 3838 1313 Οἱδὲ

2242 1363 2268 1390 ι(
2297 1343 2656 1403 καθιστῶντες
2680 1341 2772 1395 τὸν
2802 1339 3017 1396 Παῦλον
3076 1340 3282 1418 ἤγαγον
3349 1343 3510 1399 αὐτὸν
3562 1339 3661 1406 ’έως
3707 1345 3840 1414 Ἀθη-

2244 1453 2271 1480 ‹‹
2304 1433 2431 1498 νῶν,
2481 1430 2571 1483 καὶ
2630 1425 2885 1493 λαϐόντες
2942 1428 3170 1501 ἐντολὴν
3230 1432 3369 1508 πρὸς
3424 1433 3512 1487 τὸν
3572 1432 3725 1488 Σίλαν
3770 1434 3843 1488 καὶ

2243 1542 2270 1569 ‹‹
2302 1517 2594 1592 Τιμόθεον,
2647 1517 2735 1575 ’ἱνα
2791 1520 2866 1582 ὡς
2950 1522 3188 1598 τάχιστα
3242 1517 3442 1578 ἔλθωσι
3501 1523 3630 1599 πρὸς
3691 1523 3843 1594 αὐτὸν,

2243 1632 2269 1659 ι(
2302 1605 2537 1677 ἐξῄεσαν
2577 1631 2606 1661 ››

2241 1632 2269 1659 ι(
2302 1607 2537 1682 ἐξῄεσαν
2577 1631 2606 1661 ››

2311 1697 2690 1771 Οἶκονομικῶς
2723 1698 2970 1771 ἐνταῦθα,
3026 1699 3090 1754 οὐ
3143 1697 3390 1771 δειλιῶν,
3437 1697 3619 1779 ἔφυγεν
3650 1702 3676 1756 6
3707 1701 3847 1760 ’Δπό-

485 1805 700 1859 timore
727 1802 1056 1869 correptus,
1104 1795 1209 1851 sed
1259 1799 1317 1849 et
1372 1791 1858 1865 praedicationem
1914 1803 2130 1860 augere

2247 1785 2668 1858 ττολος,ἄΛλως
2698 1810 2756 1847 τε
2791 1791 2882 1847 καὶ
2961 1789 3025 1848 τὸ
3079 1792 3339 1869 κήρυγμα
3388 1789 3559 1862 αὔξειν
3614 1791 3846 1868 βουλόμε-

484 1894 711 1960 volens,
745 1896 803 1946 et
830 1890 1093 1945 furorem
1122 1902 1329 1943 eorum
1361 1884 1639 1940 laborans
1662 1882 2056 1954 exstinguere.

984 2080 1134 2137 I35
1169 2078 1398 2134 CAPUT
1435 2077 1634 2133 XXVI.

487 2176 564 2230 De
592 2174 894 2243 scriptura,
922 2185 1043 2241 quae
1092 2184 1254 2243 super
1301 2183 1457 2222 aram
1501 2171 1624 2243 erat
1669 2165 1934 2243 Athenis:
1981 2168 2032 2216 et
2072 2160 2137 2216 de

562 2236 726 2301 ἀοσιᾶ
756 2236 1365 2312 Pauli-praedicatione,
1396 2255 1460 2294 ac
1490 2236 1665 2308 ipsius
1688 2238 1919 2307 pietate.

559 2334 733 2402 XVII,
768 2333 854 2399 16,
890 2334 975 2385 17.
1010 2351 1036 2380 ‹‹
1071 2327 1289 2383 Paulus
1321 2331 1520 2382 autem
1551 2341 1688 2381 cum
1745 2323 1993 2379 Athenis
2037 2338 2137 2377 eos

491 2448 519 2477 «
545 2426 936 2496 exspectaret,
969 2419 1312 2474 irrilabatur
1342 2417 1584 2489 spiritus
1598 2417 1727 2487 ejus
1749 2414 1811 2469 in
1836 2415 2136 2485 ipso,cum

491 2538 518 2565 ‹‹
551 2512 777 2569 videret
809 2510 1107 2566 idolorum
1136 2508 1320 2563 cultui
1351 2505 1614 2562 deditam
1655 2504 1971 2559 civitatem.
2006 2501 2133 2556 Dis-

489 2626 517 2654 ‹‹
549 2601 797 2674 putabat
825 2601 1024 2670 itaque
1056 2599 1119 2652 in
1152 2612 1449 2668 synagoga
1496 2610 1631 2649 cum
1668 2592 1886 2649 Judaais
1935 2596 1995 2646 et
2039 2606 2135 2646 re-

492 2714 521 2742 ‹‹
554 2691 801 2763 ligiosis,
836 2694 895 2743 et
922 2689 986 2743 in
1006 2688 1137 2742 foro
1168 2685 1432 2756 quotidie
1457 2700 1594 2739 cum
1626 2682 1719 2738 his
1749 2697 1897 2752 quos
1926 2684 2136 2735 nactus

492 2805 521 2833 «
556 2782 785 2836 fuisset.
820 2800 847 2830 »

564 2866 915 2942 Ιῐαρωξύνετο
941 2881 1061 2921 non
1092 2865 1188 2920 hic
1232 2863 1381 2918 iram
1432 2862 1577 2917 dicit
1629 2866 1731 2916 aut
1777 2860 2138 2933 indignatio—

492 2972 631 3012 nem
657 2972 670 3010 :
704 2955 875 3027 longe
907 2954 1067 3009 enim
1099 2953 1171 3009 ab
1203 2952 1292 3006 ira
1313 2956 1370 3006 et
1390 2950 1798 3023 indignatione
1821 2947 2135 3021 estgratia.

490 3045 639 3111 Quid
673 3062 807 3119 ergo
843 3049 932 3099 est
980 3040 1373 3115 παρωξύνετοίῖ
1424 3042 1542 3096 Hoc
1591 3045 1700 3107 est,
1755 3039 2136 3105 incitabatur,

489 3153 611 3191 non
632 3134 881 3201 ferebat,
906 3132 1009 3188 sed
1036 3131 1377 3187 tabescebat
1402 3147 1415 3184 :
1448 3130 1601 3185 sicut
1631 3130 1813 3185 etiam
1842 3127 1985 3184 alibi
2017 3127 2134 3183 ait:

489 3230 665 3284 Facta
686 3232 776 3282 est
803 3231 1002 3282 autem
1036 3223 1407 3280 exacerbatio
1438 3222 1595 3277 inter
1624 3238 1744 3289 eos,
1779 3225 1891 3277 etc.

561 3407 731 3473 XVII,
768 3407 850 3459 18.
885 3426 914 3455 ‹‹
958 3403 1207 3468 Quidam
1264 3406 1462 3457 autem
1511 3400 1783 3471 Epicurei
1843 3405 1902 3454 et
1957 3399 2135 3454 Stoici

496 3519 524 3546 «
555 3492 896 3565 philosophi
926 3490 1422 3548 conﬂictabantur
1459 3505 1593 3544 cum
1642 3505 1732 3552 eo,
1788 3492 1846 3543 et
1891 3487 2135 3559 quidam

499 3609 519 3637 ι
557 3584 874 3640 dicebant:
923 3581 1073 3647 Quid
1111 3579 1238 3635 vult
1290 3578 1698 3651 spermologus
1748 3578 1845 3632 hic
1892 3577 2136 3633 dicere?

494 3698 522 3725 «
556 3673 659 3729 alii
697 3687 875 3728 vero:
926 3673 1217 3725 Novorum
1257 3668 1687 3724 daemoniorum
1739 3666 1972 3722 videtur
2026 3683 2135 3723 an-

492 3786 519 3813 ‹‹
552 3763 861 3818 nuntiator
890 3776 1042 3829 esse,
1076 3758 1235 3831 quod
1267 3759 1468 3813 Jesum
1517 3761 1576 3812 et
1629 3757 2131 3813 resurrectionem

488 3872 518 3900 ‹‹
552 3848 935 3905 annuntiaret
966 3846 1069 3902 eis.
1101 3872 1124 3896 ι)

551 3937 824 4011 Epicurei
855 3936 1099 4008 quidem
1131 3934 1451 3991 casualiter
1480 3940 1537 3989 et
1568 3950 1639 3989 ex
1669 3933 2132 3991 indivisibilibus

482 4028 687 4084 omnia
712 4026 987 4099 componi
1019 4024 1465 4081 arbitrabantur
1490 4039 1503 4078 :
1539 4024 1717 4080 Stoici
1747 4040 1887 4080 vero
1918 4043 2133 4097 corpus

481 4135 549 4174 ac
582 4116 1140 4173 inﬂammationem.
1203 4114 1452 4179 Quidam
1498 4113 1697 4184 itaque
1755 4113 1828 4169 de
1884 4115 2136 4170 scientia

484 4206 920 4280 superbientes,
957 4205 1223 4259 divinum
1255 4203 1509 4258 Paulum
1540 4202 1755 4257 stolide
1784 4203 2132 4273 irridebant,

484 4297 792 4352 dicentes:
824 4294 1119 4359 Quidnam
1146 4292 1271 4347 vult
1315 4291 1724 4362 spermologus
1775 4292 1933 4347 iste?
1978 4294 2135 4358 Quo-

485 4386 649 4441 niam
683 4385 843 4440 enim
877 4382 1285 4454 spermologus
1315 4379 1543 4434 avicula
1574 4396 1752 4449 parva
1773 4386 1862 4434 est
1891 4397 1958 4436 ac
1980 4382 2133 4451 vilis,

484 4491 681 4547 neque
712 4475 786 4530 ad
818 4473 1015 4529 cibum
1046 4486 1240 4541 neque
1271 4468 1345 4524 ad
1374 4468 1560 4523 ullam
1584 4474 1721 4539 apta
1750 4469 2132 4543 voluptatem,

2244 1900 2357 1949 νος,
2392 1880 2479 1935 καὶ
2510 1881 2604 1935 τὸν
2663 1883 2834 1957 θυμὸν
2888 1881 3071 1939 αὐτῶν
3129 1877 3455 1939 κατασϐέσαι
3506 1881 3846 1959 πραγματευό-

2247 1988 2424 2041 μενος.

2850 2084 3271 2143 ΚΕΦΑΛ.Κξ.

2244 2163 2377 2240 Ηερὶ
2435 2171 2537 2243 τῆς
2594 2164 2645 2219 ἐν
2698 2166 2955 2243 ’Δθῄναις
3031 2162 3354 2243 ἐπιϐᾳωμίου
3395 2172 3661 2243 Δγραφῆς,
3713 2161 3849 2243 φιλο-

2389 2237 2558 2314 σόφου
2589 2258 2647 2293 τε
2676 2234 3050 2314 κηρύγματος,
3080 2238 3171 2294 καὶ
3199 2234 3477 2301 εὐσεϐείας
3508 2234 3732 2296 Παύλουξ

2317 2349 2345 2376 ι(
2378 2327 2468 2383 Ἐν
2516 2324 2573 2380 δὲ
2624 2331 2745 2389 ταῖς
2802 2328 3063 2398 Ἀθήναις
3120 2324 3493 2404 ἐκδεχομένου
3549 2324 3728 2387 αὐτοὺς
3772 2327 3850 2379 τοῦ

2246 2412 2545 2485 «Παύλου,
2596 2414 2936 2490 παρωξύνετο
2992 2415 3055 2471 τὸ
3111 2421 3322 2491 πνεῦμα
3382 2416 3547 2471 αὐτοῦ
3606 2415 3656 2471 ἐν
3712 2414 3848 2484 αὐτῷ,

2247 2527 2273 2555 ‹‹
2308 2508 2601 2578 θεωροῦντι
2631 2503 2966 2562 κατείδωλον
3001 2505 3163 2562 οὖσαν
3216 2508 3317 2575 τήν
3368 2504 3557 2565 πολιν.
3606 2505 3850 2580 Διελέγετο

2246 2617 2273 2644 ‹‹
2311 2595 2408 2665 μέν
2441 2594 2532 2648 οὗν
2561 2592 2614 2648 ἐν
2645 2598 2714 2669 τῇ
2762 2599 3051 2672 συναγωγῇ
3109 2602 3225 2658 τοῖς
3286 2594 3581 2659 Ἰουδαίοις
3630 2594 3713 2649 καὶ
3759 2595 3852 2652 τοῖς

2245 2705 2274 2735 ‹‹
2305 2677 2645 2756 σεϐομένοις,
2676 2684 2772 2739 καῖ
2802 2684 2853 2739 ἐν
2911 2688 2980 2759 τῇ
3036 2686 3211 2759 ἀγορᾷ
3261 2685 3404 2739 κατὰ
3458 2690 3627 2740 πᾶσαν
3676 2682 3850 2756 ἡμέραν

2248 2795 2277 2824 ι(
2309 2773 2444 2845 πρὸς
2470 2770 2599 2835 τοὺς
2627 2775 3162 2849 παρατυγχάνοντας,
3191 2797 3220 2827 ››

2321 2883 2347 2914 ιι
2379 2862 2754 2935 ΙΙαρωξύνετο.
2788 2886 2817 2915 ››
2868 2862 2983 2920 Οὐκ
3037 2864 3208 2939 ὁργήν
3262 2861 3493 2919 ἐνταῦθά
3539 2882 3712 2941 φησιν,
3755 2854 3850 2913 οὐδὲ

2245 2949 2627 3023 ἀγανάκτησιν*
2687 2952 2854 3026 ὀργῆς
2910 2952 3015 3027 γὰρ
3070 2953 3161 3007 καὶ
3235 2952 3645 3028 ἀγανακτήσεως
3694 2946 3845 3024 πόρῥω

2243 3039 2306 3093 τὸ
2339 3041 2605 3115 χάρισμα.
2639 3039 2706 3097 Τί
2739 3040 2829 3094 οὖν
2862 3038 2975 3095 ἐστι
3013 3040 3098 3108 τὸ,
3156 3042 3549 3115 Παρωξύνετο;
3601 3038 3711 3094 ἀντὶ
3757 3038 3852 3100 τοῦ,

2251 3125 2581 3204 διηγείρετο,
2634 3129 2737 3184 οὐκ
2814 3125 3016 3208 ἔφερεν,
3104 3127 3232 3185 ἀλλ’
3306 3130 3555 3201 ἐτήκετο,
3610 3127 3737 3192 καθὰ
3782 3121 3854 3178 καὶ

2248 3216 2503 3294 ἀλλαχοῦ
2590 3239 2774 3295 φησιν.
2865 3219 3112 3294 Ἐγένετο
3177 3216 3234 3274 δὲ
3289 3219 3637 3296 παροξυσμὸς
3692 3209 3856 3290 μεταξὺ

2245 3306 2444 3377 αὐοῶν,
2476 3309 2569 3363 καὶ
2599 3308 2667 3362 τὰ
2696 3307 2837 3378 ἑξῆς.

2324 3419 2349 3451 α
2389 3397 2542 3460 Τινὲς
2600 3394 2657 3452 δέ
2711 3400 2821 3451 τῶν
2875 3396 3266 3472 Ἐπικουρείων
3327 3398 3424 3452 καὶ
3472 3402 3574 3453 τῶν
3630 3393 3855 3448 Στωϊκῶν

2244 3509 2273 3538 «
2307 3483 2628 3562 φιλοσόφων
2662 3480 2992 3542 συνέϐαλλον
3024 3485 3193 3557 αὐτῷ,
3233 3485 3324 3540 καί
3382 3508 3526 3550 τινες
3572 3481 3753 3555 ἔλεγον.
3796 3475 3857 3532 Τί

2245 3597 2273 3624 ί(
2309 3572 2368 3628 ἄν
2403 3572 2548 3637 θέλει
2580 3575 2608 3629 ὁ
2659 3572 3041 3651 σπερμολόγος
3095 3574 3255 3636 οὗτος
3304 3572 3489 3653 λέγειν
3518 3594 3531 3644 ;
3561 3574 3622 3632 Οἱ
3646 3568 3715 3628 δέ.
3761 3564 3857 3620 Ξέ-

2245 3688 2272 3715 ‹ι
2305 3685 2410 3719 νων
2471 3661 2767 3737 δαιμονίων
2826 3662 2975 3721 δοκεῖ
3026 3663 3395 3741 καταγγελεὺς
3451 3666 3602 3733 εἶναι,
3655 3660 3731 3717 ὅτι
3777 3654 3856 3711 τὸν

2241 3774 2266 3807 α
2306 3754 2511 3823 Ἰησοῦν
2541 3753 2630 3808 καὶ
2675 3755 2776 3824 τήν
2837 3753 3118 3809 ἀνάστασιν
3178 3752 3369 3817 αὐτοῖς
3435 3748 3854 3830 εὐηγγελίζετο.ι

2314 3933 2380 3990 Οἱ
2434 3933 2527 4005 μέν
2590 3932 2952 4007 Ἐπικούρειοι
3035 3931 3341 4005 αὐτόματον
3409 3934 3513 3989 οιαὶ
3564 3930 3612 4005 ἐξ
3668 3924 3856 3998 ἀτόμων

2242 4018 2559 4091 δοξάζουσιν
2596 4023 2833 4078 εἶναιτὸ
2891 4028 3016 4077 πᾶν·
3082 4023 3135 4077 οἱ
3191 4019 3248 4077 δὲ
3305 4024 3533 4079 Στο“ι“κοί
3590 4025 3739 4094 σῶμα
3785 4012 3860 4069 καὶ

2242 4110 2567 4187 ἐκπύρωσιν.
2636 4111 2787 4172 Τινὲς
2843 4110 2933 4166 οὗν
2995 4111 3045 4184 ἐξ
3106 4111 3281 4167 αὐτῶν
3339 4112 3435 4167 ἐπὶ
3494 4112 3690 4189 ’γνώσει
3746 4106 3862 4181 μέγα

2244 4206 2583 4279 φρονοῦντες,
2670 4201 2917 4271 ἀνοήτως
3004 4199 3361 4277 ἐπιγελῶντες
3447 4203 3537 4258 τὸν
3617 4195 3860 4255 θεσπέσιον

2245 4289 2483 4361 Παῦλον,
2514 4291 2580 4348 Τί
2617 4288 2675 4345 ἃν
2714 4289 2863 4354 θέλοι
2897 4290 2925 4344 6
2953 4288 3339 4368 σπερμολόγος
3384 4291 3589 4360 οὗτοςς
3622 4312 3651 4342 ››
3699 4283 3861 4368 ἔλεγον

2243 4377 2451 4450 (ἐπειδὴ
2483 4378 2584 4452 γὰρ
2637 4375 2820 4453 ὅρνεόν
2880 4366 3081 4435 ἐστιν
3115 4366 3507 4456 σπερμολόγος
3570 4375 3739 4455 βραχὺ
3787 4366 3860 4425 καὶ

2245 4466 2481 4538 εὐτελές,
2516 4464 2638 4522 οὔτε
2669 4469 2805 4540 πρὸς
2841 4469 3071 4543 βρῶσιν,
3102 4466 3227 4524 οὔτε
3281 4469 3419 4545 πρὸς
3470 4471 3653 4544 τέρψιν
3697 4461 3861 4527 ἐπιτή-

489 4581 622 4634 quae
685 4563 918 4634 abjccta
972 4561 1034 4615 in
1093 4558 1280 4613 triviis
1338 4557 1567 4612 semina
1624 4556 1775 4611 solet
1824 4559 2134 4633 colligere:

2252 4554 2414 4626 δειον,
2445 4556 2511 4610 τὰ
2546 4556 2598 4610 ἐν
2628 4561 2747 4618 τοῖς
2778 4554 3031 4631 τριόδοις
3052 4555 3354 4632 ἐρριμμένα
3398 4563 3511 4613 τῶν
3573 4555 3860 4630 σπερμάτων

487 4653 706 4706 idcirco
739 4651 884 4706 viles
915 4650 1187 4705 homines
1238 4662 1631 4716 sermoneque
1662 4646 1938 4719 indignos
1970 4668 2135 4723 sper-

485 4739 751 4811 mologos
787 4738 1094 4793 vocabant.
1155 4739 1302 4792 Item
1362 4752 1649 4790 novorum
1700 4736 2135 4797 diemoniorum

489 4829 792 4883 doctorem
826 4845 958 4882 eum
990 4844 1120 4883 esse
1153 4826 1452 4889 dicebant,
1486 4824 1769 4895 quoniam
1814 4826 2011 4884 Jesum
2071 4848 2140 4887 ac

486 4916 993 4972 resurrectionem
1042 4914 1452 4970 annuntiabat.
1522 4912 1827 4984 Siquidem
1875 4933 2138 4975 resurre-

488 5008 755 5063 ctionem
787 5004 965 5059 deum
1012 5004 1351 5074 quempiam
1403 5018 1533 5058 esse
1579 5003 2016 5076 existimabant,
2076 5013 2144 5064 ut

489 5096 593 5169 qui
626 5095 805 5151 etiam
838 5092 1092 5147 feminas
1123 5091 1317 5146 colere
1345 5090 1577 5146 solent:
1612 5090 1755 5147 deos
1799 5093 1961 5149 enim
2004 5112 2142 5152 suos

485 5185 789 5242 vocabant
819 5181 1133 5237 daemonia.

556 5276 712 5331 136
731 5275 904 5334 XVII,
939 5274 1129 5326 19-21.
1166 5298 1190 5324 ‹‹
1221 5272 1293 5325 Et
1321 5269 1764 5342 apprehensum
1792 5287 1931 5328 cum
1960 5274 2143 5332 duxe-

485 5383 517 5417 «
546 5369 688 5418 runt
708 5364 781 5418 ad
803 5366 1196 5433 Areopagum,
1222 5359 1516 5415 dicentes:
1546 5360 1949 5417 Possumusne
1968 5364 2143 5434 scire,

491 5473 516 5504 α
556 5469 689 5524 quae
723 5454 797 5507 sit
828 5453 942 5507 ista
971 5468 1143 5516 nova,
1187 5467 1318 5521 quae
1367 5465 1403 5504 a
1445 5455 1501 5504 te
1532 5448 1787 5503 refertur
1835 5451 2149 5511 doctrina?

483 5564 513 5593 «
546 5558 702 5598 nova
731 5542 1025 5613 siquidem
1061 5540 1282 5612 ingeris
1313 5538 1557 5596 auribus
1586 5539 1830 5594 nostris.
1865 5541 2148 5601 Volumus

486 5656 515 5686 ς(
553 5648 690 5705 ergo
719 5631 868 5686 scire
895 5629 1182 5700 quidnam
1205 5628 1393 5684 velint
1416 5629 1544 5682 haec
1571 5643 1721 5683 esse.
1752 5628 2149 5691 Athenienses

2243 4645 2446 4706 εὶωθὸς
2477 4642 2782 4720 συλλέγειν,
2813 4646 2941 4710 τοὺς
2989 4645 3225 4710 εὐτελεῖς
3269 4648 3361 4702 καὶ
3408 4649 3514 4703 οὐκ
3562 4644 3734 4716 ἀξίους
3782 4635 3863 4694 λό-

2246 4761 2379 4818 γου,
2429 4735 2848 4813 σπερμολόγους
2905 4737 3179 4811 έκάλουν)’
3238 4737 3327 4792 καὶ
3387 4738 3547 4809 ξένων
3606 4728 3864 4806 δαιμονίων

2248 4828 2478 4910 ἔφασκον
2509 4827 2671 4884 αὐτὸν
2711 4828 2848 4880 εἶναι
2892 4822 3242 4893 διδάσκαλον,
3298 4824 3485 4896 ἐπειδὴ
3543 4826 3632 4881 τὸν
3677 4819 3862 4890 Ἰησοῦν

2253 4923 2345 4977 καὶ
2379 4923 2481 4991 τὴν
2519 4918 2804 4975 ἀνάστασιν
2862 4914 3275 4994 εὐηγγελίζετο.
3334 4919 3440 4975 Καὶ
3497 4918 3598 4995 γὰρ
3653 4914 3736 4969 καὶ
3783 4908 3868 4972 τῆν

2253 5011 2542 5066 ἀνάστασιν
2603 5008 2723 5073 θεόν
2782 5026 2907 5061 τινα
2960 5006 3101 5061 εἶναι
3159 5004 3430 5079 ἐνόμιζον,
3500 5005 3589 5061 ἅτε
3642 4997 3866 5059 εἰωθότες

2251 5099 2343 5156 καὶ
2372 5097 2597 5170 θηλείας
2630 5091 2824 5151 σέϐειν·
2861 5091 3118 5168 δαιμόνια
3173 5096 3278 5172 γὰρ
3325 5096 3453 5158 τοὺς
3510 5093 3659 5155 θεοὺς
3711 5086 3866 5144 αὐτῶν

2254 5186 2503 5245 ἐκάλουν.

2327 5302 2355 5330 ‹‹
2384 5270 2812 5349 Ἐπιλαϐόμενοί
2835 5293 2895 5329 τε
2925 5271 3113 5340 αὐτοῦ,
3153 5271 3241 5328 ἐπὶ
3296 5275 3387 5329 τὸν
3442 5276 3654 5347 ’Ἄρειον
3709 5263 3865 5338 πάγον

2257 5391 2284 5419 ‹‹
2319 5367 2539 5441 ἣγαγον,
2582 5345 2850 5440 λέγοντες
2911 5362 3194 5434 Δυνάμεθα
3248 5363 3447 5440 γνῶναι
3503 5345 3584 5421 τίς
3635 5360 3667 5425 ἠ
3720 5345 3865 5441 καινὴ

2261 5480 2290 5509 ‹‹
2561 5434 2670 5509 ὑπὸ·
2696 5456 2791 5507 σοῦ
2824 5447 3144 5523 λαλουμένη
3186 5434 3389 5527 διδαχή
3417 5470 3430 5521 ;
3478 5449 3737 5520 ξενίζοντα
3777 5434 3868 5527 γᾴρ

2258 5564 2440 5599 «τινα
2498 5542 2760 5620 εἰσφέρεις
2816 5539 2892 5603 εἷς
2950 5538 3045 5601 τὰς
3104 5538 3270 5603 ἀκοὰς
3319 5525 3502 5612 νῆμῶν.
3574 5525 3872 5620 ΒουλόμεἯ

2265 5659 2285 5688 ι
2323 5631 2415 5690 οῦν
2444 5637 2666 5712 γνῶναι,
2691 5631 2744 5688 τί
2775 5630 2837 5688 ἄν
2867 5628 3023 5696 θέλοι
3066 5632 3235 5686 ταῦτα
3291 5630 3447 5688 εἶναι.
3503 5625 3771 5694 Ἃθηναῖοι
3823 5608 3873 5666 δὶ
