4112 6250
282 366 391 426 231

1359 375 1772 439 COMMENT.
1819 375 1897 436 IN
1942 373 2155 436 ACTA
2197 373 2802 436 APOSTOLORUM.

3648 375 3765 434 238

303 528 320 556 ι
357 501 559 565 πάντες
590 503 694 560 καὶ
730 509 787 561 οἱ
823 508 1253 585 ἐπιδημοῦντες
1300 511 1433 584 ξένοι
1485 511 1561 573 εἷς
1621 508 1772 566 οὐδὲν
1827 508 2006 587 ἕτερον

2127 535 2153 563 ‹‹
2187 518 2384 568 autem
2415 530 2642 577 omnes,
2679 515 2898 586 quique
2923 513 3044 568 illic
3063 512 3452 568 versabantur
3477 513 3762 584 hospites,

312 618 337 646 u
364 592 702 670 ηῦκαὶρουν,
811 596 1010 674 λέγειν
1047 623 1106 655 τι
1143 602 1224 655 καὶ
1256 600 1461 656 ἀκούειν
1494 601 1827 676 καινότερον.
1866 626 1886 652 ι

406 802 428 828 ι
460 777 708 853 ’Ἢγαγον
740 775 932 846 αὐτὸν,
967 800 1168 857 φησιν,
1201 777 1284 834 ἐπὶ
1341 780 1429 834 τὸν
1482 782 1702 854 Ἀρειον
1755 779 1944 855 πάγον,
1981 803 2008 830 ››

335 865 449 941 οὐχ
475 863 546 927 ὣς
576 887 630 920 τι
695 868 913 937 μαθεῖν,
970 867 1106 923 ἀλλ’
1169 865 1303 924 ὣστε
1357 868 1709 938 κολάσεσθαι,
1766 866 1891 932 ἔνθα
1949 883 2006 936 αι

339 956 558 1030 φονικαὶ
590 951 756 1010 δίκαι.
817 959 1049 1030 ’Ἄρειος
1112 955 1168 1011 δὲ
1222 957 1394 1030 πάγος
1451 957 1669 1031 ἐλέγετο
1731 958 1758 1011 6
1812 957 2003 1026 τόπος,

332 1042 529 1112 ἐπειδὴ
560 1046 588 1098 6
621 1050 821 1118 Ἄρης·
856 1042 932 1108 ὥς
966 1067 1121 1118 φασι,
1169 1055 1269 1115 τῆς
1329 1047 1584 1125 μοιχείας
1632 1047 1802 1101 ἐκεῖσε
1854 1044 2005 1110 δίκας

331 1132 532 1189 ἔδωκε.
566 1134 754 1210 Πάγος
792 1131 852 1188 δὲ
884 1136 912 1188 6
950 1134 1168 1209 ὑψηλὸς
1197 1135 1382 1198 τόπος.
1441 1135 1492 1190 ἐν
1542 1137 1646 1212 γὰρ
1696 1135 1852 1213 ὄχθῳ
1902 1136 2005 1190 τινὶ

332 1224 404 1293 ἧν
469 1224 643 1279 ἐκεῖνο
700 1225 764 1278 τὸ
825 1221 1200 1299 δικαστήριον,
1291 1231 1443 1290 Ὅθεν
1530 1227 1617 1280 καὶ
1717 1225 2004 1301 Ηάγαρχοι

327 1312 637 1368 καλοῦνται
688 1313 837 1387 παρά
895 1335 1040 1368 τισιν
1105 1316 1161 1368 οἱ
1220 1319 1324 1368 τῶν
1362 1316 1545 1370 τόπων
1578 1314 1612 1384 ἥ
1645 1319 1849 1388 κωμῶν
1907 1315 2003 1389 ἂρ-

327 1423 469 1478 χοντ
478 1424 556 1464 ες.

401 1520 433 1545 «ι
472 1493 707 1558 Σταθεὶς
737 1491 793 1548 δὲ
827 1496 855 1549 ὁ
887 1495 1105 1556 Παῦλος
1137 1494 1188 1549 ἐν
1226 1495 1375 1568 μέσῳ
1406 1499 1506 1550 τοῦ
1546 1493 1755 1569 Ἀρείου
1805 1496 2001 1570 πάγου,

327 1582 522 1661 σιέιρη.
560 1579 793 1658 ’Δνδρες
826 1584 1126 1655 Ἀθηναῖοι,
1183 1585 1322 1639 κατά
1376 1584 1553 1655 πάντα
1609 1586 1682 1645 ὡς
1742 1582 2004 1639 δεισιδαι-

323 1697 352 1724 κ
388 1671 768 1746 μονεστέρους
801 1674 872 1744 (2)
910 1673 1049 1744 ὑμᾶς
1080 1675 1291 1749 θεωρῶ.
1342 1674 1710 1748 Διερχόμενος
1759 1673 1863 1749 γὰρ
1910 1673 2000 1728 καὶ

330 1786 349 1811 ι
385 1761 732 1835 ἀναθεωρῶν
755 1761 822 1815 τὰ
852 1757 1162 1834 σεϐάσματα
1205 1763 1381 1834 ὑμῶν,
1433 1763 1589 1836 εὗρον
1635 1762 1725 1816 καὶ
1787 1764 1996 1836 βωμὸν,

325 1875 355 1903 ιι
393 1849 450 1905 ἐν
512 1851 561 1922 ᾧ
625 1849 1015 1925 ἐπεγέγραπτο,
1102 1856 1418 1930 ΑΓΝΩΣΤῼ
1495 1854 1624 1928 ΘΕῼ

326 1963 352 1993 ι
388 1939 730 2014 ἀγνοοῦντες
803 1935 1091 2010 εὐσεϐεῖτε,
1182 1945 1372 1995 τοῦτον
1455 1939 1560 2015 ἐγὼ
1637 1940 1999 2018 καταγγέλλω

329 2053 362 2081 ι(
399 2035 552 2102 ὑμῖν.
591 2051 619 2082 ι

420 2119 520 2172 Δύο
555 2117 734 2180 αἰτίας
766 2119 908 2173 εἶναι
961 2119 1185 2194 λέγουσι
1238 2120 1338 2174 τοῦ
1396 2119 1779 2197 ἐπιγράφεσθαι
1834 2122 2001 2190 Ἀθή-

347 2227 474 2280 νησι
613 2209 811 2280 βωμῷ,
851 2210 1176 2287 ΑΓΝΩΣΤῼ
1207 2211 1356 2288 ΘΕῼ.
1389 2210 1456 2266 Οἱ
1519 2210 1613 2282 μὲν
1664 2211 1766 2285 γάρ
1816 2229 1997 2285 φασιν,

357 2297 438 2356 ὡς
467 2294 797 2364 Φιλιππίδην
825 2295 1074 2372 ἔπεμψαν
1114 2301 1400 2368 Ἀθηναῖοι
1458 2301 1594 2373 πρὸς
1654 2295 1998 2370 Λακεδαιμο-

351 2383 506 2446 νίους
532 2385 650 2459 περὲ
704 2384 1049 2460 συμμαχίας,
1104 2384 1264 2454 ἡνίκα
1324 2385 1519 2461 Πέρσαι
1577 2385 1999 2461 ἐπεστράτευσαν

345 2477 412 2546 τῇ
449 2472 699 2530 Ἐλλάίι.
741 2475 804 2551 ᾪ
837 2475 971 2529 κατᾶ
1025 2476 1086 2528 τὸ
1140 2475 1429 2545 Παρθένιον
1487 2474 1613 2551 ὄρος
1668 2477 1841 2537 Πανὸς
1900 2474 1998 2552 φά-

335 2585 450 2635 σμα
479 2563 718 2642 ἐντυχὸν
754 2563 950 2638 ᾐτιᾶτο
998 2566 1094 2636 μὲν
1151 2564 1476 2634 Ἀθηναίους
1536 2567 1610 2628 ὡς
1668 2563 2001 2639 ἀμελοῦντας

325 2654 428 2725 μὲν
458 2655 658 2722 αὑτοῦ,
694 2651 906 2714 ἂλλους
944 2650 999 2708 δὲ
1045 2653 1196 2716 θεοὺς
1255 2655 1665 2729 θεραπεύοντας,
1719 2654 1808 2709 καὶ
1865 2655 1998 2729 βοη-

323 2748 443 2806 θεῖν
508 2740 928 2820 ἐπηγγέλλετο.
983 2745 1319 2814 Νικησαντες
1372 2745 1486 2814 οὗν,
1547 2744 1734 2817 ἐκείνῳ
1799 2765 1854 2798 τε
1909 2743 2000 2797 ἀν-

319 2831 562 2902 ἐπησαν
594 2832 760 2902 ναὸν,
795 2831 887 2885 καὶ
935 2831 1122 2906 βωμὸν
1183 2831 1569 2905 ὠκοδόμησαν.
1634 2835 1725 2890 Καὶ
1779 2834 1853 2893 ὡς
1901 2852 2001 2910 φυ-

321 2920 675 2994 λαττόμενοι
705 2922 784 2993 μή
819 2921 882 2975 τὸ
911 2920 1042 2975 αὐτὸ
1072 2918 1140 2990 δὴ
1196 2931 1284 2976 και
1325 2922 1528 2978 ἄλλοτε
1578 2925 1823 2992 πάθοιεν,
1874 2940 2005 2995 παρ-

321 3012 478 3073 έντες
537 3011 669 3066 τινὰ
735 3011 854 3074 θεὸν
911 3009 1185 3086 ἄγνωστον
1270 3010 1475 3083 αὐτοῖς,

626 3099 838 3154 ἐκεῖνον
920 3098 1338 3176 ἐπιγράψαντες,

1562 3013 1856 3085 ἀνέστησαν
1912 3015 2004 3069 τὸν

1441 3103 1760 3181 ΑΓΝΩΣΤῼ
1845 3105 2001 3181 ΘΕῼ,

338 3193 507 3243 toﬁ-.0
538 3189 814 3262 λέγοντες,
849 3190 934 3243 ὅτι
987 3190 1085 3243 Καὶ
1119 3189 1164 3244 εἳ
1192 3211 1276 3252 τις
1328 3189 1510 3265 ἕτερος
1570 3190 1816 3266 ἀγνοοῖτο
1873 3183 2000 3268 παρ’

326 3101 533 3174 βωμὸν

2117 625 2145 652 ‹‹
2181 603 2253 658 ad
2278 604 2430 658 nihil
2475 603 2639 658 aliud
2687 604 2998 669 vacabant,
3054 601 3170 657 nisi
3219 607 3285 657 ut
3334 602 3641 674 quidpiam
3673 602 3766 659 vel

2118 713 2146 741 «
2178 693 2446 748 dicerent
2475 693 2564 748 vel
2597 693 2874 747 audirent
2905 693 3057 747 novi.
3093 714 3122 742 »

2188 804 2214 830 «
2251 782 2557 836 Duxerunt
2587 782 2782 854 ipsum
2812 782 2886 837 ad
2907 787 3296 854 Areopagum.
3331 801 3354 824 η
3381 784 3506 836 Non
3555 787 3621 838 ut
3650 782 3762 837 ali-

2116 870 2259 940 quid
2291 871 2610 939 discerent,
2643 871 2745 925 sed
2776 877 2839 925 ut
2863 871 2940 925 ibi
2970 871 3282 942 puniretur
3306 871 3406 926 ubi
3439 871 3765 944 agebantur

2116 977 2307 1015 causas
2340 961 2702 1018 criminales.
2749 970 3089 1034 Areopagus
3150 967 3346 1016 autem
3414 967 3540 1015 erat
3597 961 3763 1016 locus

2117 1050 2361 1120 quidam
2392 1051 2474 1104 sic
2508 1051 2720 1117 dictus,
2756 1052 3039 1122 quoniam
3080 1051 3160 1104 ibi
3216 1052 3385 1117 Mars,
3429 1055 3495 1105 ut
3542 1050 3760 1119 ferunt,

2114 1139 2392 1194 adulterii
2424 1158 2628 1212 pmnas
2661 1141 2841 1195 dedit.
2877 1139 3059 1214 ΙΙάγος
3105 1157 3238 1194 vero
3282 1140 3550 1194 excelsus
3596 1140 3762 1196 locus

2115 1234 2245 1283 est:
2282 1230 2580 1300 siquidem
2621 1231 2681 1284 in
2743 1231 2893 1286 colle
2945 1229 3203 1300 quodam
3264 1235 3390 1284 erat
3435 1229 3602 1284 locus
3661 1229 3762 1285 ille

2103 1317 2341 1389 judicii.
2375 1319 2539 1374 Unde
2572 1321 2748 1374 etiam
2781 1319 2935 1391 apud
2968 1317 3292 1374 nonnullos
3335 1317 3614 1395 πάγαρχοι
3663 1336 3762 1390 ap-

2111 1406 2414 1477 pellantur
2445 1409 2710 1464 locorum
2735 1426 2801 1464 ac
2830 1409 3182 1480 oppidorum
3213 1407 3516 1479 praasides.

2181 1494 2351 1564 XVII,
2385 1501 2472 1565 2'2,
2503 1500 2591 1554 23.
2643 1500 2877 1553 «Stans
2936 1503 3133 1553 autem
3186 1497 3404 1554 Paulus
3448 1497 3511 1551 in
3562 1496 3757 1552 medio

2117 1604 2137 1632 α
2162 1586 2351 1640 Martii
2378 1585 2532 1658 pagi,
2559 1587 2668 1641 ait:
2697 1587 2814 1641 Viri
2841 1587 3255 1654 Athenienses,
3289 1584 3610 1657 peromnia
3637 1586 3760 1642 fere

2111 1695 2137 1722 «
2173 1675 2705 1745 superstitiosiores
2736 1693 2836 1730 vos
2868 1676 3059 1730 video.
3094 1676 3450 1731 Praeterieris
3497 1674 3656 1730 enim
3689 1691 3757 1731 ac

2109 1786 2136 1812 ‹‹
2173 1765 2584 1836 contemplans
2615 1765 2865 1820 delubra
2897 1771 3107 1834 vestra,
3142 1766 3332 1836 reperi
3367 1770 3424 1820 et
3473 1781 3634 1820 aram
3695 1765 3757 1818 in

1730 1853 1825 1908 Ὀν
1861 1940 1890 1945 η
1911 1857 2000 1945 οῦν
2035 1881 2079 1945 Β
2113 1873 2140 1902 ‹‹
2173 1870 2290 1924 qua
2318 1854 2671 1926 inscriptum
2705 1861 2831 1909 erat
2857 1872 2869 1908 :
2894 1856 3151 1910 IGNOTO
3184 1854 3342 1910 DEO.
3370 1854 3554 1919 Quem
3583 1855 3761 1926 igitur

2112 1964 2139 1991 «
2174 1942 2513 2015 ignorantes
2545 1943 2760 2015 colitis,
2795 1945 2953 2000 hunc
2985 1961 3088 2016 ego
3121 1943 3409 2000 annuntio
3441 1942 3626 1999 vobis.
3658 1966 3686 1994 »

2181 2123 2335 2177 Duas
2363 2139 2497 2177 vero
2531 2140 2740 2179 causas
2772 2124 3038 2179 referunt
3059 2141 3165 2178 cur
3186 2123 3339 2195 apud
3358 2123 3756 2178 Athenienses

2110 2212 2461 2283 inscriptum
2493 2214 2670 2269 fuerit
2701 2232 2815 2270 arae
2844 2233 2856 2269 :
2890 2218 3091 2287 Ignoto
3137 2217 3273 2270 Deo.
3309 2215 3614 2286 Siquidem
3647 2215 3758 2270 ali-

2113 2301 2212 2371 qui
2232 2301 2624 2372 dicunt,quod
2647 2305 3042 2358 Athenienses
3056 2303 3453 2374 Philippidem
3468 2306 3756 2359 miserant

2112 2390 2184 2444 ad
2213 2390 2688 2446 Lacedaemonios
2737 2392 2809 2446 de
2841 2392 3080 2446 ferendo
3114 2393 3352 2454 auxilio,
3387 2410 3520 2447 cum
3562 2395 3754 2448 Persas

2113 2480 2435 2534 exercitum
2470 2481 2753 2535 ducerent
2786 2482 2846 2536 in
2878 2481 3181 2536 Graeciam.
3217 2482 3477 2546 Quorum
3533 2483 3760 2538 nuntiis

2103 2568 2277 2640 juxta
2306 2570 2692 2625 Parthenium
2726 2577 2986 2624 montem
3020 2571 3189 2625 Panis
3213 2576 3509 2642 spectrum
3533 2571 3762 2626 obviam

2109 2655 2353 2724 factum,
2387 2659 2779 2714 Athenienses
2802 2659 3138 2724 accusabat,
3165 2659 3344 2730 quod,
3380 2677 3440 2714 se
3473 2660 3766 2732 neglecto,

2109 2744 2256 2800 alios
2282 2747 2422 2802 deos
2464 2748 2761 2804 colerent:
2822 2755 2877 2803 et
2927 2749 3211 2804 auxilium
3271 2749 3560 2820 promisit.
3621 2751 3767 2805 Cum

2111 2833 2309 2905 itaque
2335 2837 2579 2892 victoria
2601 2839 2769 2909 potiti
2795 2845 3013 2904 essent,
3032 2838 3320 2911 templum
3338 2838 3424 2892 illi
3448 2844 3769 2894 erexerunt

2113 2940 2396 2997 aramque
2424 2926 2805 2982 aediﬁcarunt
2845 2934 2900 2982 et
2941 2933 3223 2998 tanquam
3279 2927 3661 2983 observantes
3691 2945 3766 2984 ne

2111 3013 2202 3066 vel
2235 3014 2394 3069 idem
2427 3031 2570 3070 sane
2602 3016 2695 3070 vel
2724 3017 2887 3071 aliud
2920 3017 3113 3071 simile
3174 3017 3318 3088 ipsis
3366 3016 3681 3082 accideret,
3715 3017 3764 3070 si

2115 3104 2455 3174 quempiam
2497 3105 2764 3175 ignotum
2820 3105 2933 3159 sibi
2990 3104 3164 3159 deum
3220 3104 3766 3174 praetermitterent,

2115 3209 2279 3247 aram
2306 3193 2472 3246 illam
2505 3198 2840 3260 erexerunt,
2875 3194 3275 3249 inscribentes
3304 3209 3318 3248 :
3377 3194 3584 3266 Ignoto
3627 3194 3769 3261 Deo,

623 3250 633 3262 ,
805 3250 813 3258 ,
1263 3250 1270 3252 -
1419 3250 1426 3265 .
1497 3250 1506 3252 —
1615 3250 1626 3266 .
1954 3250 1962 3268 .

353 3279 554 3348 ἡμῶν,
587 3277 658 3337 εὶς
686 3280 845 3350 τιμὴν
875 3277 1083 3332 ἐκείνου
1127 3277 1282 3342 οὗτος
1343 3277 1408 3350 δὴ
1470 3281 1596 3354 παρ’
1651 3283 1812 3354 ἡμῶν
1871 3281 1999 3358 ἐγη-

2127 3281 2379 3336 iicentes
2407 3298 2420 3334 :
2455 3281 2510 3335 Si
2543 3283 2676 3352 quis
2707 3283 2898 3337 adhuc
2932 3283 3083 3337 alius
3143 3300 3176 3338 a
3225 3282 3396 3336 nobis
3441 3281 3768 3354 ignoretur,

360 3364 563 3438 γέρθω,
598 3365 670 3426 ὡς
700 3364 757 3419 ἄν
777 3366 944 3430 ’ἵλεως
975 3369 1115 3440 ἡμῖν
1147 3367 1255 3438 εἴη,
1317 3367 1467 3441 εἷ’περ
1523 3370 1891 3444 ἀγνοούμενος
1925 3372 2000 3443 μὴ

358 3454 730 3530 θεραπεύοιτο.
764 3456 969 3511 Ἀλλοι
1004 3454 1061 3510 δέ
1091 3477 1269 3536 φασιν,
1307 3456 1391 3514 ὅτι
1451 3456 1649 3532 λοιμὸς
1703 3458 2004 3532 κατέσκηψέ

352 3565 482 3599 ποτε
518 3546 806 3619 Ἀθήνῃσι,
839 3546 932 3600 καὶ
991 3545 1067 3606 εἰς
1127 3551 1383 3602 τοσοῦτον
1444 3547 1639 3610 αὐτοὺς
1708 3548 2004 3618 ἐξέκαυσεν,

352 3633 425 3692 ὡς
473 3630 617 3706 μηδὲ
652 3638 760 3687 τῶν
793 3634 1143 3690 λεπτοτάτων
1202 3633 1456 3691 σινδόνων
1509 3637 1807 3710 ἀνέχεσθαι.
1867 3639 2006 3698 Τοὺς

350 3722 760 3794 νομιζομένους
813 3722 902 3777 οῦν
965 3723 1142 3780 αἰτῶν
1195 3725 1350 3789 θεοὺς
1404 3727 1785 3800 θεραπεύοντες
1853 3725 2008 3783 οὐδὲν

352 3813 660 3869 ἐπώναντο.
700 3815 1091 3883 Ἐννοῆσαντες
1123 3815 1214 3868 οὖν
1272 3813 1352 3868 ὅτι
1411 3812 1544 3878 ἴσως
1599 3813 1708 3870 ἔστι
1767 3817 1904 3884 θεὸς,
1950 3816 2007 3871 ὅν

350 3903 498 3956 aito?
563 3900 865 3958 κατέλιπον
925 3902 1236 3978 ἀγέραστον,
1269 3905 1296 3958 ὁ
1351 3903 1443 3959 τὸν
1484 3903 1678 3976 λοιμὸν
1735 3904 2010 3979 καταπέμ-

350 3995 480 4064 ψας,
539 3990 665 4045 νέον
727 3987 1049 4063 δειμάμενοι
1135 3993 1346 4066 βωμὸν,
1426 3993 1515 4047 καὶ
1602 3993 2011 4069 ἐπιγράψαντες,

351 4086 694 4155 ΑΓΝΩΣΤῼ
726 4083 878 4148 ΘΕΩ,
939 4081 1028 4134 καὶ
1071 4081 1345 4151 θύσαντες,
1403 4081 1596 4144 εὐθέως
1655 4082 2013 4158 ἐθεραπεύθη-

356 4189 476 4226 σαν,
542 4173 752 4224 Τοῦτον
810 4166 901 4223 οῦν
959 4170 1190 4242 Χριστὸν
1247 4172 1456 4240 Ἰησοῦν
1513 4170 1646 4225 εἶναί
1716 4193 1847 4249 φησι
1905 4177 2014 4227 τῶν

351 4259 623 4312 ἁπάντων
652 4260 780 4313 Θεὸν
815 4260 842 4312 6
877 4258 1111 4328 Παῦλος,
1148 4261 1204 4312 ὅν
1253 4260 1342 4314 καὶ
1395 4259 1786 4337 καταγγέλλειν
1831 4263 2015 4324 αὐτοῖς

356 4344 618 4423 ἔφασκεν.
684 4348 839 4402 Ἐστι
900 4344 958 4402 δὲ
1013 4349 1046 4416 ἡ
1117 4353 1258 4403 πᾶσα
1333 4352 1428 4403 τοῦ
1489 4351 1684 4423 βωμοῦ
1742 4349 2015 4428 ἐπιγραφὴ

359 4438 625 4505 τοιαύτη·
689 4442 842 4499 Θεοῖς
901 4436 1084 4499 Ἀσίας
1142 4439 1231 4492 καῖ
1308 4438 1582 4514 Εὐρώπης
1640 4440 1731 4495 καὶ
1784 4436 2017 4511 Λιϐύης,

359 4530 486 4597 Θεῷ
517 4526 787 4600 ἀγνώστῳ
809 4525 899 4580 καὶ
929 4526 1080 4599 ξένῳ,

437 4729 463 4759 ο
505 4706 568 4763 Ὀ
612 4705 744 4767 Θεὸς
800 4706 828 4758 6
881 4707 1117 4776 ποιήσας
1174 4705 1266 4760 τὸν
1321 4707 1528 4779 κόσμον
1587 4708 1675 4762 καὶ
1732 4707 1903 4762 πάντα
1960 4705 2026 4762 τὰ

356 4817 387 4846 α
421 4793 480 4849 ἐν
507 4793 682 4864 αὐτῷ,
724 4794 878 4855 οὗτος
913 4795 1144 4868 οὐρανοῦ
1199 4794 1287 4848 καὶ
1341 4801 1446 4872 γῆς
1491 4796 1687 4869 Κύριος
1740 4795 2024 4871 ὑπαρχων,

364 4884 534 4939 «οὐκ
595 4882 646 4937 ἐν
711 4885 1126 4957 χειροποιήτοις
1205 4889 1353 4946 ναοῖς
1409 4891 1674 4952 κατοικεῖ,
1732 4883 1858 4940 οὐδὲ
1925 4886 2026 4940 ὑπὸ

363 4999 392 5024 α
431 4976 646 5050 χειρῶν
677 4973 978 5046 ἀνθρώπων
1006 4973 1353 5047 θεραπεύεται
1407 4972 1808 5050 προσδεόμενός
1856 4996 2025 5044 τινος,

370 5087 401 5114 α
438 5062 604 5123 αὐτὸς
637 5058 823 5123 διδοὺς
879 5068 1009 5116 πᾶσι
1072 5063 1214 5131 ζωὴν
1270 5064 1356 5118 καὶ
1417 5066 1589 5133 πνοὴν
1650 5065 1788 5120 κατὰ
1830 5064 2025 5119 πάνταο

366 5180 395 5207 ει
427 5151 661 5223 ἐποίησέ
690 5173 747 5206 τε
777 5153 828 5222 ἐξ
874 5152 991 5213 ἑνὸς
1052 5149 1282 5225 α’ίματος
1337 5157 1438 5208 πᾶν
1497 5151 1646 5216 ἔθνος
1707 5155 2026 5230 ἀνθρώπων,

374 5268 394 5294 ι
431 5247 709 5298 κατοικεῖν
742 5240 831 5296 ἐπὶ
863 5244 967 5295 πᾶν
997 5241 1058 5295 τὸ
1082 5241 1377 5315 πρόσωπον
1408 5248 1506 5312 τῆς
1536 5249 1657 5314 γῆς.
1693 5267 1716 5292 η

440 5334 557 5391 Ἵνα
592 5333 668 5407 μή
713 5330 1021 5404 νομίσωσιν
1080 5326 1172 5385 ἕνα
1227 5335 1333 5386 τῶν
1389 5329 1616 5387 πολλῶν
1672 5333 1809 5388 εἶναι
1877 5335 2031 5394 Θεὸν.

441 5552 516 5624 (2)
547 5552 806 5633 Nomine
869 5543 1478 5633 δεισιξαιμονεστέροες,
1501 5548 1538 5633 ‘i
1571 5550 2032 5633 superstitiosio-

372 5618 464 5683 res
493 5618 633 5684 usus
663 5629 783 5687 est,
817 5638 932 5694 pro
965 5618 1385 5694 religiosiores.
1419 5622 1518 5694 Est
1561 5618 1720 5677 enim
1775 5618 2032 5676 δεισιδαί-

375 5719 503 5770 μων,
536 5700 659 5757 sive
701 5692 1191 5768 superstitiosus,
1253 5709 1383 5763 qua:
1442 5693 1739 5750 dwmonia
1793 5695 2033 5768 veritus,

2115 3372 2176 3425 in
2209 3370 2338 3441 ejus
2369 3371 2657 3426 honorem
2686 3371 2810 3426 haec
2848 3388 2950 3426 ara
2972 3389 3005 3426 a
3035 3371 3208 3426 nobis
3242 3375 3436 3426 erecta
3467 3375 3613 3437 esto,
3648 3387 3764 3443 quo

2114 3459 2285 3514 nobis
2327 3461 2622 3531 prOpitius
2682 3461 2777 3528 sit,
2839 3461 3000 3527 licet,
3071 3477 3205 3516 cum
3260 3461 3586 3532 ignoretur,
3646 3478 3766 3516 non

2118 3550 2363 3604 colatur.
2397 3549 2512 3604 Alii
2540 3567 2674 3606 vero
2709 3551 2878 3606 aiunt
2924 3557 3154 3622 pestem
3186 3551 3487 3622 quondam
3519 3551 3767 3606 Athenis

2117 3645 2440 3712 grassatam
2462 3639 2666 3708 fuisse,
2697 3641 2963 3711 adeoque
2997 3640 3131 3695 illos
3162 3641 3446 3707 exusisse,
3480 3644 3546 3694 ut
3578 3655 3768 3712 neque

2121 3727 2403 3784 sindones
2436 3729 2818 3784 tenuissimas
2850 3735 3094 3800 possent
3125 3728 3397 3783 tolerare.
3434 3728 3583 3781 137
3625 3729 3771 3782 Cum

2120 3817 2300 3888 igitur
2322 3817 2587 3871 colerent
2618 3833 2738 3882 eos,
2765 3817 2864 3888 qui
2885 3817 3040 3888 apud
3073 3817 3231 3886 ipsos
3263 3816 3345 3869 dii
3380 3814 3773 3900 habebantur,

2123 3906 2270 3960 nihil
2288 3905 2600 3975 adjumenti
2622 3905 3366 3976 senserunt.Intelligentes
3381 3903 3580 3972 itaque
3596 3919 3773 3973 quem

2125 3995 2260 4049 dam
2292 3993 2560 4048 fortassis
2592 4011 2720 4047 esse
2755 3995 2950 4059 deum,
2973 4010 3147 4064 quem
3173 3993 3286 4062 ipsi
3313 3993 3774 4063 absquehonore

2125 4082 2530 4152 reliquissent,
2562 4083 2660 4152 qui
2679 4087 2908 4152 pestem
2944 4082 3529 4146 immisisset,novam
3543 4087 3776 4137 exstru-

2124 4175 2340 4226 xerunt
2369 4185 2532 4224 aram
2565 4186 2632 4224 ac
2662 4169 3118 4240 inscripserunt,
3170 4170 3375 4234 Ignoto
3431 4170 3564 4224 Deo.
3600 4174 3772 4224 Cum-

2129 4277 2241 4332 que
2273 4258 2381 4329 ipsi
2418 4259 2873 4327 sacriﬁcassent,
2916 4258 3114 4312 statim
3157 4257 3343 4312 curati
3393 4264 3551 4312 sunt.
3601 4258 3770 4312 Hunc

2131 4365 2264 4420 ergo
2297 4347 2592 4402 Christum
2636 4348 2833 4403 Jesum
2892 4364 3020 4402 esse
3070 4348 3256 4402 Deum
3304 4346 3572 4401 omnium
3629 4346 3778 4402 dicit

2130 4435 2369 4504 Paulus,
2405 4454 2583 4508 quem
2633 4454 2694 4492 se
2738 4437 2856 4491 illis
2915 4437 3269 4492 annuntiare
3328 4435 3580 4490 dicebat.
3640 4436 3783 4491 Tota

2132 4530 2328 4580 autem
2359 4541 2473 4580 arae
2505 4525 2812 4597 inscriptio
2836 4526 2960 4580 haec
2996 4531 3115 4580 est:
3138 4526 3253 4579 Diis
3284 4523 3430 4578 Asia
3453 4529 3503 4577 et
3533 4527 3778 4595 Europa

2052 4613 2097 4677 D
2131 4633 2194 4672 ac
2224 4617 2427 4685 Libym,
2461 4619 2568 4672 Deo
2599 4620 2788 4688 ignoto
2820 4624 2870 4671 et
2891 4619 3210 4686 peregrino.

2209 4705 2373 4772 FVll,
2408 4706 2596 4759 24-26.
2633 4727 2662 4756 «
2695 4707 2847 4760 Deus
2890 4705 2989 4776 qui
3042 4703 3308 4759 condidit
3362 4703 3675 4776 mundum,
3717 4721 3785 4761 ac

2139 4816 2165 4843 ‹‹
2201 4794 2402 4848 omnia
2432 4811 2560 4864 qum
2595 4794 2656 4848 in
2688 4810 2754 4848 eo
2788 4799 2947 4862 sunt,
2996 4793 3092 4849 hic
3138 4793 3268 4849 caeli
3322 4798 3380 4849 et
3426 4799 3598 4849 terrae
3648 4810 3784 4850 cum

2139 4904 2166 4932 ‹‹
2203 4882 2278 4936 sit
2309 4882 2616 4947 Dominus,
2649 4898 2768 4935 non
2803 4882 2863 4935 in
2896 4881 3250 4937 manufactis
3283 4881 3783 4954 templishabitat,

2142 4992 2170 5021 ιι
2202 4987 2310 5025 nec
2341 4970 2616 5024 manibus
2659 4971 2936 5026 humanis
2979 4972 3194 5026 colitur
3246 4972 3519 5041 indigens
3557 4971 3783 5040 aliquo,

2141 5083 2168 5109 «
2203 5076 2337 5114 cum
2369 5060 2494 5130 ipse
2529 5059 2625 5113 det
2657 5061 2833 5115 vitam
2866 5066 2922 5115 et
2952 5062 3202 5117 halitum
3236 5078 3341 5133 per
3362 5061 3594 5116 omnia:
3625 5059 3786 5112 fecit-

2142 5170 2172 5200 ‹‹
2203 5165 2316 5219 que
2345 5165 2413 5203 ex
2433 5165 2552 5204 uno
2581 5152 2866 5223 sanguine
2898 5169 3072 5207 omne
3123 5168 3308 5224 genus
3357 5149 3689 5215 hominum,
3721 5153 3786 5203 ut

2145 5260 2168 5290 ιι
2203 5239 2565 5295 inhabitaret
2595 5258 2772 5313 super
2801 5243 3138 5297 universam
3167 5242 3378 5296 faciem
3410 5244 3601 5293 terrae.
3637 5260 3666 5289 ››

2212 5329 2291 5382 Ne
2349 5345 2534 5384 unum
2576 5347 2606 5385 e
2659 5331 2828 5404 vulgo
2885 5332 3132 5387 deorum
3193 5328 3606 5383 existimarent
3659 5343 3787 5384 esse

2145 5554 2346 5611 omnia
2373 5568 2480 5624 pro
2512 5547 2856 5606 numinibus
2889 5547 3049 5616 colit,
3081 5548 3140 5601 et
3167 5545 3430 5619 lapidem
3474 5550 3532 5601 et
3563 5545 3790 5618 lignum

2148 5633 2206 5682 et
2235 5626 2532 5698 spiritum.
