4112 6250
521 409 647 470 239

1648 406 2064 469 (ECUMENII
2109 407 2409 470 TRlCGxE
2452 408 2811 472 EPISCOPI

3753 416 3845 474 240

530 544 736 607 Deum,
769 543 868 614 qui
909 543 982 598 ab
1015 543 1142 614 ipso
1171 543 1614 614 praedicaretur,
1667 542 2016 615 corrigendo
2063 542 2168 598 sub

2283 544 2372 598 τὸν
2444 544 2538 600 ὑπ’
2591 546 2761 600 αὐτοῦ
2817 543 3246 618 κηρυττόμενον,
3305 541 3598 617 διορθοῦται
3656 544 3847 624 ἐπάγων.

519 633 758 704 jungit:
804 654 831 681 ‹‹
864 633 990 686 Non
1038 632 1099 685 in
1151 632 1508 686 manufactis
1564 632 1804 702 templis
1864 633 2109 688 habitat.
2146 655 2173 682 »

531 720 766 775 Habitat
800 719 1094 790 siquidem
1123 720 1184 773 in
1214 720 1474 791 templis,
1523 735 1728 774 verum
1781 736 1900 775 non
1953 721 2014 774 in
2060 720 2175 786 his,

528 809 627 863 sed
665 810 725 863 in
758 811 957 864 anima
985 810 1264 864 humana.
1293 812 1491 880 Neque
1513 811 1672 864 enim
1697 810 1758 863 in
1777 811 2001 882 templo
2023 812 2179 865 Jero-

527 899 891 970 solymorum
927 899 1193 954 habitare
1225 899 1462 968 dicitur,
1517 899 1620 953 sed
1671 900 1924 971 operari.
1980 903 2177 972 Neque

525 989 804 1043 manibus
837 989 1147 1043 hominum
1200 989 1357 1060 apud
1405 989 1638 1043 Judaaos
1687 989 2014 1058 colebatur,
2076 990 2179 1045 sed

525 1085 754 1133 mente:
787 1079 1068 1150 quoniam
1103 1096 1212 1133 nec
1247 1078 1350 1132 il!a
1383 1079 1464 1132 ita
1497 1079 1808 1150 expetebat
1847 1080 2015 1150 quasi
2049 1096 2178 1152 ege-

528 1173 638 1222 ret.
672 1170 843 1230 Num,
876 1169 1091 1238 inquit,
1122 1167 1290 1222 edam
1326 1184 1534 1222 carnes
1557 1170 1906 1223 taurorum?
1925 1175 2024 1223 aut
2053 1187 2182 1224 san-

530 1258 768 1329 guinem
801 1257 1101 1311 hircorum
1128 1256 1343 1327 potabo
1369 1257 1396 1311 ?
1427 1263 1537 1312 etc.

601 1348 772 1415 XVII,
825 1350 1014 1401 26-29.
1077 1373 1100 1398 κ
1164 1347 1504 1402 Praeﬁniens
1561 1346 1861 1403 destinata
1914 1354 2183 1420 tempora.

533 1458 560 1486 ‹‹
594 1436 1001 1506 terminosque
1045 1436 1435 1490 habitationis
1467 1453 1692 1503 eorum,
1745 1443 1809 1490 ut
1849 1448 2183 1508 quaererent

528 1547 555 1574 «
593 1524 798 1593 Deum,
835 1525 884 1578 si
902 1525 1051 1579 forte
1084 1525 1327 1597 palpent
1354 1541 1488 1579 eum
1524 1531 1579 1579 et
1620 1526 1947 1592 inveniant,
1984 1543 2186 1597 quam-

527 1637 554 1662 ‹‹
591 1615 676 1668 vis
699 1631 821 1669 non
856 1615 1028 1687 longe
1061 1614 1214 1668 absit
1247 1614 1318 1668 ab
1350 1630 1711 1685 unoquoque
1763 1621 2055 1669 nostrum.
2115 1615 2181 1671 In

531 1724 559 1752 «
593 1703 718 1774 ipso
753 1704 911 1757 enim
937 1704 1186 1757 vivimus
1218 1708 1275 1757 et
1306 1719 1614 1757 movemur
1644 1720 1710 1758 ac
1744 1721 1971 1771 sumus,
2027 1704 2185 1776 sicut

530 1814 558 1841 ‹‹
594 1797 653 1846 et
683 1792 923 1862 quidam
956 1797 1284 1846 vestrorum
1339 1797 1646 1862 poetarum
1689 1791 1965 1846 dixerunt
1994 1809 2006 1846 :
2041 1795 2182 1847 Nam

2291 657 2310 682 ι
2347 634 2460 688 Οὐκ
2510 634 2560 688 ἐν
2623 635 3042 713 χειροποιήτοις
3101 637 3253 693 ναοῖς
3332 638 3581 688 κατοικεῖ.
3637 660 3655 684 1
3731 638 3852 692 Οἷκεῖ

2290 721 2382 794 μὲν
2408 723 2510 798 γὰρ
2542 723 2591 776 έν
2615 728 2792 788 ναοῖς,
2820 721 2947 776 ἀλλ’
2978 720 3077 774 οὐκ
3134 720 3187 774 ἐν
3244 720 3476 790 τούτοις,
3532 720 3642 775 ἀλλ’
3694 723 3734 775 ἐν
3777 725 3852 778 ἂν·

2285 811 2529 886 θρωπίνῃ
2559 815 2734 886 ψυχῆ.
2768 808 2910 867 Οὐδὲ
2967 810 3067 884 γὰρ
3127 808 3177 863 ἐν
3233 813 3311 881 τῷ
3367 813 3476 881 ναῷ
3527 814 3623 863 τῶν
3670 813 3857 886 Ἰεροσο-

2288 898 2477 972 λύμων
2538 899 2748 973 λέγεται
2809 899 2998 968 οἰκεῖν,
3084 898 3210 952 ἀλλ’
3291 896 3528 972 ἐνεργεῖν.
3609 895 3726 953 Οὐδέ
3776 901 3853 955 ὑπὸ

2287 994 2493 1065 χειρῶν
2580 989 2878 1063 ἀνθρώπων
2962 987 3108 1062 παρᾶ
3182 983 3463 1049 Ἰουδαίοις
3548 985 3859 1061 ἐθεραπεύετο,

2288 1075 2415 1132 ἀλλ’
2448 1077 2549 1131 ὑπὸ
2580 1076 2842 1139 διανοίας’
2876 1076 2990 1130 ἐπεὶ
3022 1075 3237 1130 κάκεῖνά
3270 1097 3329 1149 γε
3378 1073 3474 1130 οὐκ
3521 1073 3678 1144 ἐζήτει
3721 1076 3859 1137 οὕτως

2289 1165 2468 1240 ὥσπερ
2499 1164 2771 1240 δεόμενος.
2807 1166 2953 1234 Φησῖ
2984 1164 3105 1240 γὰρ,
3261 1164 3511 1243 φάγωμαι
3541 1158 3718 1237 κρέατα
3759 1165 3858 1218 ταύ-

2290 1277 2394 1330 ρων
2429 1276 2442 1325 ;
2475 1254 2510 1325 ἤ
2545 1259 2682 1330 αἷμα
2710 1257 2926 1332 τράγων
2954 1255 3167 1328 πίωμαι
3196 1273 3209 1325 ;
3239 1254 3328 1309 καὶ
3358 1255 3424 1309 τὰ
3453 1255 3589 1323 ἑξῆς.

2363 1371 2390 1397 ‹‹
2451 1345 2670 1419 Ὀρίσας
2750 1346 3261 1420 προστεταγμένους
3363 1341 3580 1419 καιροὺς
3654 1342 3732 1397 καὶ
3790 1344 3863 1404 τὰς

2293 1435 2630 1510 «ὁροθεσίας
2718 1437 2815 1503 τῆς
2896 1433 3174 1492 κατοικίας
3276 1432 3478 1502 αὐτῶν,
3568 1436 3729 1502 ζητεῖν
3798 1430 3866 1484 τὸν

2291 1550 2318 1578 ιι
2352 1525 2504 1593 Θεὸν,
2538 1523 2583 1578 εί
2644 1524 2745 1598 ἂρα
2798 1546 2857 1600 γε
2903 1521 3275 1599 ψηλαφήσειεν
3328 1521 3488 1578 αὐτὸν
3544 1520 3630 1575 καὶ
3681 1517 3868 1595 εὕροιεν,

2293 1639 2320 1666 (ι
2352 1614 2589 1690 καίτοιγε
2619 1615 2680 1668 οὐ
2716 1617 2925 1690 μακρὰν
2956 1615 3066 1669 ἀπὸ
3096 1614 3212 1675 ἑνὸς
3247 1614 3358 1674 ἑνὸς
3387 1613 3606 1667 ἑκάστου
3633 1613 3771 1684 ἡμῶν
3795 1611 3873 1663 ὓπ-

2298 1727 2318 1753 “
2365 1705 2623 1782 ἀρχοντα.
2657 1705 2742 1760 Ἐν
2777 1703 2921 1776 αὐτῷ
2949 1704 3052 1780 γὰρ
3112 1709 3290 1776 ζῶμεν
3347 1701 3436 1756 καὶ
3491 1700 3761 1772 κινούμεθα
3805 1697 3873 1752 καὶ

2294 1816 2322 1844 κ
2356 1791 2536 1865 ἐσμὲν,
2571 1794 2643 1855 ὡς
2673 1793 2762 1848 καί
2789 1814 2932 1855 τινες
2963 1798 3070 1847 τῶν
3111 1793 3227 1847 καθ’
3289 1792 3428 1864 ὑμᾶς
3485 1793 3712 1859 ποιητῶν
3763 1787 3877 1859 εἰρή-

3276 1432 3452 1487 αὖτῶν
3465 1476 3478 1502 ,

535 1901 563 1929 ‹‹
597 1881 776 1952 hujus
808 1880 987 1934 etiam
1036 1880 1348 1951 progenies
1396 1896 1620 1935 sumus.
1675 1881 1818 1934 Cum
1879 1898 2013 1953 ergo
2082 1884 2168 1936 De:

2293 1903 2486 1937 «κασι.
2523 1885 2636 1938 Τοῦ
2670 1886 2772 1957 γὰρ
2804 1882 2892 1937 καὶ
2949 1884 3102 1957 γένος
3161 1877 3344 1955 ἐομέν.
3400 1878 3553 1940 Γένος
3607 1878 3691 1932 οὗν
3743 1874 3875 1948 ὑπάρ·

530 1992 558 2020 ‹‹
595 1986 779 2040 genus
821 1970 1028 2038 simus,
1060 1985 1180 2022 non
1216 1968 1501 2023 debemus
1534 1969 1871 2024 existimare
1919 1987 2061 2026 auro
2092 1972 2183 2026 vel

531 2079 559 2107 ‹‹
592 2065 855 2130 argento,
892 2075 996 2113 seu
1025 2057 1208 2128 lapidi
1238 2062 1362 2111 arte
1396 2058 1648 2129 sculpto,
1701 2065 1759 2114 et
1805 2059 2042 2114 invento
2075 2060 2177 2114 ho-

529 2170 556 2196 ‹‹
590 2148 769 2202 minis
803 2149 1031 2202 Numen
1065 2164 1193 2201 esse
1226 2147 1443 2202 simile.
1479 2168 1507 2196 »
1910 2198 1911 2201 η

597 2259 625 2286 ‹‹
658 2238 1007 2291 Przeﬁniens
1067 2236 1363 2291 destinata
1419 2242 1776 2306 tempora.»
1835 2239 2176 2306 Praeﬁnivit,

524 2327 740 2398 inquit,
763 2333 828 2380 ut
843 2327 1025 2380 Deum
1041 2332 1378 2396 quaererent
1408 2343 1419 2378 :
1455 2331 1514 2380 at
1534 2343 1653 2380 non
1671 2343 1906 2398 semper
1937 2329 2046 2383 hoc
2075 2329 2172 2382 de-

521 2415 890 2481 stinavit,sed
907 2415 1245 2469 constitutis
1263 2415 1630 2486 temporibus
1655 2432 1667 2468 :
1693 2418 1721 2469 Ι
1739 2416 1836 2471 48
1858 2417 2177 2472 ostendens

521 2505 678 2576 quod
720 2521 877 2560 nunc
904 2521 1037 2558 cum
1070 2504 1425 2574 repererint,
1460 2521 1533 2558 ne
1566 2505 1883 2574 quaesitum
1912 2507 2172 2576 quidem.

519 2595 1009 2666 Quandoquidem
1043 2595 1200 2648 enim
1262 2611 1381 2648 non
1431 2596 1747 2664 qumsitum
1801 2595 2173 2662 invenerunt,

521 2685 894 2740 demonstrat
923 2685 1069 2740 adeo
1101 2685 1484 2739 manifestum
1520 2701 1654 2738 eum
1688 2684 1891 2753 fuisse,
1916 2687 2093 2740 veluti
2127 2687 2174 2741 si

522 2774 664 2844 quid
700 2775 760 2827 in
793 2774 989 2828 medio
1024 2774 1201 2827 situm
1237 2778 1662 2827 contrectetur.
1706 2775 1904 2844 Neque
1937 2776 2175 2830 enimin

527 2863 637 2916 hoc
670 2862 797 2916 loco
832 2861 1249 2916 inveniebatur
1280 2862 1363 2916 sic
1394 2867 1458 2915 ut
1488 2878 1607 2916 non
1651 2861 1819 2925 alibi,
1871 2879 2064 2934 neque
2112 2864 2177 2918 in

518 2951 629 3006 hoc
662 2957 926 3022 tempore
960 2956 1085 3005 erat
1115 2951 1198 3004 sic
1229 2955 1292 3004 ut
1325 2950 1386 3004 in
1433 2950 1550 3004 alio
1584 2967 1702 3004 non
1748 2957 1905 3007 esset
1938 2971 1951 3009 :
2003 2952 2175 3007 Omni

519 3039 719 3111 itaque
755 3046 1019 3111 tempore
1053 3039 1335 3108 omnique
1367 3038 1496 3093 loco
1530 3041 1865 3109 potuissent
1917 3057 2052 3095 eum
2084 3042 2171 3096 in-

464 3123 470 3130 ’
519 3128 750 3185 venire:
787 3129 867 3183 ita
897 3144 1153 3198 namque
1186 3127 1562 3198 disposuerat
1591 3135 1653 3182 ut
1683 3145 1876 3199 neque
1901 3128 2027 3183 loco
2051 3129 2172 3184 ullo

524 3223 844 3283 arceretur,
877 3232 1070 3285 neque
1103 3221 1389 3285 tempore.
1441 3216 1583 3269 Nam
1626 3217 1736 3271 hoc
1783 3217 1977 3288 ipsum
2029 3235 2170 3272 sane

519 3305 640 3358 illis
672 3305 927 3359 maxime
959 3303 1304 3374 adjumento
1347 3307 1492 3369 erat,
1528 3303 1684 3372 quod
1734 3303 1954 3374 ubique
2015 3311 2170 3361 esset

520 3394 675 3446 Deus
705 3392 988 3461 omnique
1047 3397 1314 3460 tempore
1367 3390 1737 3459 perduraret.
1800 3394 1868 3445 Et
1915 3394 2024 3448 hoc
2085 3399 2173 3449 est

521 3481 680 3552 quod
711 3482 793 3536 ait
824 3498 836 3534 :
868 3505 891 3533 (ι
923 3480 1101 3549 Atqui
1133 3496 1254 3532 non
1287 3479 1461 3549 longe
1491 3480 1660 3534 abest
1708 3480 1780 3534 ab
1811 3497 2169 3554 unoquoque

519 3576 811 3626 nostrum.
839 3599 861 3621 »
887 3572 1029 3624 Nam
1053 3584 1234 3639 prope
1257 3585 1465 3622 omnes
1489 3574 1596 3635 est,
1623 3569 1962 3640 ubicunque
1986 3579 2168 3628 terra.

523 3678 656 3717 rum
686 3661 806 3716 sint
829 3678 846 3714 .’
877 3660 1142 3730 adeoque
1185 3674 1367 3729 prope
1399 3663 1489 3712 est
1520 3664 1584 3712 ut
1638 3659 1861 3730 absque
1905 3679 1970 3716 eo
2019 3655 2168 3717 nulli

517 3751 638 3807 vita
669 3751 764 3804 sit.
800 3772 826 3799 «
862 3751 928 3804 In
958 3749 1085 3819 ipso
1119 3748 1277 3802 enim
1337 3747 1583 3801 vivimus
1642 3753 1698 3801 et
1746 3765 2051 3804 movemur
2103 3768 2169 3806 ac

520 3860 802 3898 sumus.»
853 3839 1364 3908 Quemadmodum
1415 3839 1474 3892 in
1521 3841 1815 3911 corporali
1874 3843 2165 3915 exemplo,

519 3937 673 3990 sicut
699 3933 1066 4005 impossibile
1095 3938 1182 3986 est
1214 3931 1487 4002 ignorare
1514 3946 1734 4000 aerem,
1795 3934 1892 4003 qui
1948 3934 2168 4006 ubique

518 4024 892 4091 diffunditur,
926 4041 1034 4078 nec
1066 4023 1240 4095 longe
1271 4021 1342 4076 ab
1377 4038 1737 4093 unoquoque
1777 4029 2046 4079 nostrum
2074 4026 2170 4080 ab-

514 4120 622 4178 est,
651 4115 795 4184 quin
828 4114 1021 4184 potius
1055 4113 1115 4166 in
1144 4112 1318 4166 nobis
1354 4116 1462 4177 est,
1497 4112 1577 4165 ita
1633 4129 1775 4166 sane
1808 4119 1864 4166 et
1898 4115 2166 4170 omnium

512 4204 890 4259 Conditorem
919 4204 1102 4257 Deum
1129 4201 1402 4272 ignorare
1429 4215 1549 4253 non
1584 4203 2015 4270 possumus.Ab
2038 4204 2164 4274 ipso

517 4294 676 4348 enim
708 4293 994 4347 habemus
1024 4295 1089 4344 ut
1144 4290 1350 4354 simus,
1405 4293 1471 4340 ut
1527 4305 1867 4358 operemur,
1925 4297 1990 4346 ut
2044 4309 2164 4346 non

513 4399 845 4455 pereamus.
881 4379 1102 4435 Deinde
1143 4378 1322 4432 etiam
1378 4375 1721 4430 vaticinium
1772 4377 1891 4432 illis
1939 4380 2168 4435 inducit

512 4473 674 4529 Arati
697 4477 883 4543 poetae
927 4466 1237 4539 cujusdam
1286 4466 1443 4518 inter
1493 4481 1592 4518 eos
1639 4466 1738 4535 qui
1798 4467 1955 4536 apud
2005 4469 2164 4540 ipsos

2287 1995 2313 2022 ‹‹
2348 1991 2540 2045 χοντες
2571 1975 2667 2026 τοῦ
2699 1976 2854 2041 Θεοῦ,
2918 1971 3016 2026 οὐκ
3072 1968 3364 2049 ὀφείλομεν
3421 1969 3672 2042 νομίζειν,
3723 1967 3878 2039 χρυσῷ

2287 2085 2314 2112 ‹‹
2346 2058 2624 2136 ἤᾶργῦρῳ
2655 2061 2688 2130 ἦ
2725 2061 2864 2133 λίθῳ
2926 2061 3238 2134 χαράγματι
3291 2056 3491 2133 τέχνης
3545 2056 3630 2110 καὶ
3679 2052 3875 2126 ἐνθυμή-

2291 2173 2308 2199 ι
2347 2169 2483 2210 σεως
2517 2150 2803 2223 ἀνθρώπου
2829 2149 2890 2202 τὸ
2917 2154 3070 2202 Θεῖον
3112 2150 3249 2203 εἶναι
3280 2147 3495 2219 ὅμοιον.
3532 2169 3559 2196 ››

2357 2261 2384 2288 ‹‹
2443 2237 2659 2308 Ὀρίσας
2737 2238 3236 2313 προστεταγμένους
3327 2243 3566 2308 καιρούς.
3629 2256 3654 2284 ››
3707 2232 3875 2303 Ὠρισε,

2283 2326 2436 2398 φησί,
2471 2331 2702 2395 ζητῆσαι
2733 2326 2823 2380 τὸν
2854 2325 3006 2380 Θεόν⁶
3062 2323 3188 2379 ἀλλ’
3245 2323 3306 2378 οὗ
3370 2321 3457 2377 διὰ
3513 2321 3699 2382 παντὸς
3749 2321 3877 2372 τοῦτο

2283 2414 2492 2488 ὥρισεν,
2579 2413 2726 2468 ἀλλὰ
2810 2413 3315 2487 προστεταγμένους
3399 2409 3636 2482 καιροὺς,
3716 2403 3883 2465 δεικνὺς

2282 2505 2363 2557 ὅτι
2395 2508 2485 2556 νῦν
2517 2502 2646 2577 οὐχί
2697 2504 3024 2573 ζητήσαντες
3084 2502 3260 2575 εὗρον.
3319 2497 3541 2568 Ἐπειδὴ
3598 2498 3694 2574 γὰρ
3739 2496 3883 2566 ζητή-

2285 2595 2468 2655 σάντες
2497 2593 2604 2672 οὐχ
2636 2593 2808 2667 εὗρον,
2863 2590 3126 2647 δείκνυσιν
3187 2593 3270 2646 ὅτι
3326 2592 3502 2654 οὓτως
3559 2589 3620 2657 ἢν
3672 2584 3879 2667 φανερὸς,

2279 2678 2460 2755 ὥσπερ
2494 2680 2554 2735 ἄν
2607 2681 2682 2743 εἷς
2747 2681 2905 2754 μέσον
2965 2703 3016 2736 τι
3075 2678 3509 2754 πηλαφώμενον·
3571 2678 3629 2733 οὐ
3682 2676 3771 2749 γὰρ
3819 2671 3882 2726 ἐν·

2278 2772 2445 2824 ταῦθα
2506 2771 2600 2843 μὶν
2665 2772 2729 2839 ἦν
2792 2770 3038 2845 οὐρανὸς,
3099 2770 3356 2848 ἀλλαχοῦ
3417 2766 3474 2824 δὲ
3530 2766 3615 2823 οὔ.
3679 2761 3798 2823 Οὐδὲ
3842 2759 3880 2815 ἐν

2276 2860 2456 2932 τούτῳ
2483 2864 2563 2930 τῷ
2602 2860 2792 2935 χρόνῳ
2851 2860 2940 2931 ἦν,
2998 2858 3049 2914 ἐν
3121 2856 3279 2930 ἄλλῳ
3341 2856 3402 2914 δὲ
3459 2857 3538 2913 οὕ·
3599 2854 3730 2911 ὥστε
3778 2850 3881 2907 κατὰ

2279 2953 2452 3007 πάντα
2503 2954 2692 3027 καιρὸν
2755 2952 2842 3007 καὶ
2898 2953 3036 3007 κατὰ
3087 2957 3260 3006 πᾶσαν
3345 2949 3625 3025 ὀροθεσίαν
3702 2945 3872 3001 δυνατὸν

2278 3041 2439 3096 αὐτὸν
2494 3043 2688 3116 εὑρεῖν·
2745 3041 2920 3105 οὕτως
2979 3042 3080 3117 γὰρ
3145 3041 3525 3113 ᾠκονόμησεν,
3593 3037 3722 3092 ὥστε
3775 3034 3881 3107 μήτε

2273 3132 2428 3203 τόπῳ
2458 3130 2785 3199 κωλύεσθαι,
2825 3133 2964 3203 μήτε
3007 3131 3212 3204 χρόνῳ.
3275 3129 3422 3186 Αὐτὸ
3485 3129 3586 3206 γὰρ
3643 3124 3703 3194 δὴ
3756 3126 3883 3177 τοῦτο

2282 3220 2522 3293 μάλιστα
2580 3220 2764 3281 αὐτοῖς
2845 3214 3239 3290 συνεϐάλλετο,
3326 3223 3393 3274 τὸ
3452 3219 3722 3291 πανταχοῦ
3775 3211 3886 3266 εἶναι

2277 3310 2370 3364 τὸν
2405 3309 2653 3385 οὐρανὸν,
2683 3310 2744 3363 τὸ
2777 3307 2828 3363 έν
2861 3311 3021 3363 παντὶ
3071 3307 3258 3382 χρόνῳ
3317 3308 3556 3363 ἑστάναι.
3614 3304 3704 3360 Καὶ
3752 3295 3887 3356 τοῦτό

2280 3396 2422 3452 ἐστιν
2454 3397 2481 3451 ὃ
2513 3418 2667 3475 φησι,
2695 3421 2722 3448 ‹‹
2759 3396 2861 3454 Καί
2894 3418 2956 3472 γε
2984 3395 3045 3450 οὐ
3109 3396 3318 3471 μακρὰν
3376 3395 3485 3452 ἀπὸ
3539 3394 3647 3456 ἑνὸς
3694 3388 3887 3444 ἑκάστου

2280 3489 2439 3559 ἡμῶν
2475 3484 2616 3541 ὄντα.
2653 3510 2681 3538 ››
2734 3489 2869 3542 nam
2925 3487 3027 3560 γὰρ
3089 3484 3245 3562 ἐγγύς
3307 3484 3424 3540 ἐστι
3482 3489 3595 3544 τοῖς
3645 3477 3890 3550 πανταχοῦ

2277 3578 2375 3644 τῆς
2433 3575 2762 3647 οἰκουμένης
2822 3575 2963 3629 οὖσι·
3026 3574 3116 3628 καὶ
3177 3573 3350 3635 οὕτως
3416 3573 3578 3652 ἐγγύς
3630 3569 3776 3632 ἐστιν,
3827 3563 3890 3652 ὡς

2280 3664 2457 3738 χωρὶς
2493 3663 2658 3717 αὐτοῦ
2721 3665 2796 3736 μὴ
2863 3667 2982 3736 ζῇν,
3037 3687 3065 3714 ‹‹
3104 3664 3192 3718 Ἐν
3245 3661 3395 3735 αὐτῷ
3441 3670 3544 3741 γὰρ
3603 3663 3761 3731 ζῶμεν
3815 3648 3895 3706 καὶ

2276 3753 2569 3825 κινούμεθα
2615 3753 2706 3806 καὶ
2759 3751 2939 3825 ἐσμέν.
3002 3777 3028 3804 ››
3086 3753 3286 3826 Ὠσπερ
3349 3751 3404 3806 ἐν
3457 3751 3740 3825 σωματικῷ
3787 3743 3893 3816 ὑπο·

2279 3838 2547 3917 δείγματι,
2607 3841 2682 3903 ὡς
2742 3838 3002 3896 ἀδύνατον
3059 3841 3320 3918 ἀγνοῆσαι
3375 3843 3468 3896 τὸν
3545 3837 3669 3915 ἀέρα
3720 3850 3893 3889 παντα-

2279 3935 2384 4006 χοῦ
2439 3931 2764 4006 κεχυμένον,
2823 3929 2912 3984 καὶ
2969 3929 3030 3984 οὐ
3087 3929 3295 4001 μακρὰν
3345 3929 3458 3985 ἀπὸ
3515 3929 3627 3989 ἑνὸς
3693 3923 3888 3978 ἑκάστου

2275 4023 2434 4093 ἡμῶν
2468 4020 2804 4095 ὑπάρχοντα.
2843 4017 3056 4092 μᾶλλον
3091 4016 3148 4072 δὲ
3175 4017 3267 4072 καὶ
3300 4017 3350 4072 έν
3387 4021 3530 4092 ἡμῖν
3585 4013 3729 4084 ὄντα,
3775 4010 3890 4064 οὓτω

2276 4107 2342 4178 δὴ
2376 4110 2586 4164 καὶτὸν
2619 4114 2725 4164 τῶν
2763 4107 2908 4163 ὅλων
2975 4105 3316 4182 δημιουργὸν
3375 4109 3532 4163 Θεόν.
3587 4106 3711 4180 Παρ⁶
3756 4099 3892 4156 αὖτοῦ

2272 4200 2375 4275 γάρ
2407 4198 2548 4254 ἐστιν
2609 4201 2743 4270 ἡμῖν
2797 4199 2858 4253 τὸ
2913 4198 3072 4266 εἶναι,
3131 4198 3192 4251 τὸ
3252 4196 3519 4271 ἐνέργεῖν,
3573 4197 3633 4251 τὸ
3693 4193 3761 4266 μή
3816 4186 3896 4241 ἅπ-

2274 4284 2514 4350 ολέσθαι.
2579 4285 2706 4342 Εἶτα
2765 4286 2853 4340 καὶ
2913 4293 3113 4364 χρῆσιν
3173 4284 3358 4346 αὐτοῖς
3447 4284 3683 4359 Ἀράτου
3737 4275 3893 4348 ἐπάγει

2275 4379 2387 4438 ἑνός
2419 4398 2566 4440 τινος
2594 4381 2698 4431 τῶν
2727 4377 2855 4450 παρ’
2901 4376 3086 4438 αὐτοῖς
3147 4382 3390 4447 ποιητῶν
3459 4376 3537 4438 εἰς
3597 4365 3894 4430 κατασκευὴν

2271 4470 2368 4520 τοῦ
2395 4467 2585 4520 ἑαυτοῦ
2617 4463 2805 4540 λόγου.
2845 4488 2865 4516 ι
2903 4468 3007 4520 Τοῦ
3039 4465 3143 4540 γὰρ
3174 4465 3263 4518 καὶ
3294 4463 3451 4539 γένος
3503 4463 3682 4537 ἐσμὲν,
3714 4483 3739 4512 ››
3767 4452 3893 4525 σησί.

510 4542 722 4624 fuerat,
756 4558 830 4614 ad
873 4559 962 4613 sui
1027 4555 1316 4612 sermonis
1365 4553 1883 4608 conﬁrmationem
1915 4572 1928 4610 :
1965 4585 1986 4608 (ι
2021 4561 2163 4614 Nam

2279 4555 2377 4608 Καὶ
2407 4553 2568 4616 οὗτος
2601 4554 2694 4626 μὲν
2728 4553 2850 4628 περὶ
2881 4557 2976 4606 τοῦ
3036 4557 3384 4628 Δημιουργοῦ
3437 4552 3573 4610 αὐτὸ
3635 4542 3891 4620 λαμϐάνει,

513 4649 694 4719 hujus
722 4650 900 4703 etiam
941 4647 1252 4720 progenies
1311 4659 1604 4710 sumus,»
1665 4644 1879 4714 inquit.
1944 4647 2010 4700 Et
2067 4649 2163 4706 hic

2279 4645 2315 4700 εἶ
2351 4645 2593 4719 καὶπερὶ
2631 4647 2726 4698 τοῦ
2781 4644 2902 4705 Διὸς
2954 4648 3114 4699 τοῦτο
3174 4643 3418 4718 εἰρῆσθαί
3475 4663 3658 4722 φασιν,
3708 4637 3766 4694 οὐ
3817 4632 3893 4688 τὸν

510 4738 749 4809 quidem
777 4737 848 4792 de
877 4739 1002 4808 ipso
1033 4738 1308 4792 Creatore
1343 4733 1490 4788 illud
1522 4736 1790 4793 assumit.
1819 4753 2158 4808 quanquam

511 4827 583 4881 de
613 4827 746 4880 Jove
778 4827 888 4879 hoc
921 4827 1143 4879 dictum
1167 4839 1292 4877 esse
1325 4822 1516 4877 ferant
1545 4837 1556 4874 :
1582 4837 1703 4875 non
1736 4821 1937 4877 dicens
1963 4824 2157 4896 ipsum

510 4915 597 4969 illi
623 4920 876 4985 aptasse,
919 4913 1022 4966 sed
1076 4911 1233 4982 quod
1282 4911 1521 4982 proprie
1577 4909 1650 4964 ad
1711 4910 1905 4980 ipsum
1966 4917 2154 4984 aptari

508 5006 715 5078 possit.
745 5003 976 5058 Etenim
999 5001 1269 5072 qumdam
1291 5000 1446 5054 dicta
1469 5000 1644 5054 etiam
1677 4999 1750 5054 ad
1782 5001 1978 5070 ipsum
1994 5011 2154 5060 recte

507 5098 809 5166 aptantur,
841 5105 1182 5161 quanquam
1222 5088 1282 5141 id
1339 5087 1609 5140 nesciant
1667 5088 1872 5156 Graeci,
1928 5091 2030 5145 sed
2079 5094 2152 5148 ad

506 5185 690 5240 alium
724 5182 827 5237 illa
868 5178 1180 5234 retulerint
1209 5193 1220 5230 :
1255 5174 1757 5246 quemadmodum
1792 5178 2017 5234 etillud
2041 5189 2147 5252 est,

497 5275 700 5344 Ignoto
731 5279 872 5338 Deo,
906 5275 960 5324 et
994 5265 1204 5338 qumda
1221 5264 1420 5318 malia.
1462 5263 1658 5318 Genus
1682 5271 1880 5319 autem
1908 5267 2010 5322 Dei
2040 5287 2148 5326 nos

504 5380 632 5417 esse
657 5363 801 5418 dicit
822 5360 1064 5416 Paulus:
1090 5373 1209 5411 non
1237 5354 1406 5409 utilli
1429 5354 1615 5420 aiunt,
1649 5353 1753 5408 sed
1785 5354 1899 5410 alio
1932 5375 2144 5416 sensu:

505 5452 618 5506 hoc
649 5457 738 5506 est
765 5449 1112 5513 familiares,
1141 5443 1439 5517 proximos
1466 5459 1479 5496 :
1512 5448 1576 5496 ut
1605 5442 1652 5495 si
1685 5443 1818 5512 quis
1844 5443 2002 5502 dicat
2041 5449 2146 5506 do-

423 5534 429 5540 ’
502 5530 784 5597 mesticos
812 5544 914 5594 aut
936 5538 1182 5592 vicinos.

570 5630 736 5698 XVII,
772 5631 949 5685 30-34.
980 5648 1004 5672 ιι
1035 5629 1321 5697 Tempora
1361 5624 1558 5693 itaque
1605 5621 1953 5694 ignorantiae
2005 5647 2139 5690 cum

496 5723 786 5780 hactenus
815 5714 1210 5774 dissimularit
1241 5715 1414 5779 Deus,
1446 5726 1608 5767 nunc
1649 5715 1966 5775 annuntiat
2010 5736 2141 5780 om—

2269 4735 2431 4789 αὐτὸν
2461 4732 2649 4805 ἐκείνῳ
2692 4731 2882 4807 λέγων,
2943 4731 3088 4788 ἀλλὰ
3143 4737 3305 4787 τοῦτο
3366 4735 3575 4806 κυρίως
3629 4731 3714 4785 ἐπ’
3763 4725 3888 4790 αὖτῷ

2269 4823 2522 4897 ἁρμόζειν
2554 4821 2755 4898 λέγων.
2815 4821 3048 4896 Εἴρηται
3121 4822 3214 4894 μὲν
3271 4821 3372 4898 γάρ
3431 4843 3554 4877 τινα
3609 4819 3696 4875 καὶ
3743 4814 3890 4888 πράτ-

2264 4935 2409 4969 τεται
2469 4913 2544 4974 εἷς
2614 4911 2795 4980 αὗτὸν,
2850 4909 2979 4965 ἀλλ’
3039 4911 3136 4966 οῦκ
3192 4909 3343 4966 Ἱσασι
3402 4917 3567 4965 τοῦτο
3622 4904 3890 4972 Ἕλληνες,

2264 5001 2389 5058 ἀλλ’
2447 5003 2522 5064 εἰς
2577 4999 2760 5076 ἕτερον
2813 5001 2948 5055 αὐτὰ
3001 5005 3344 5071 νενοήκασιν,
3405 5001 3586 5073 ὥσπερ
3657 4995 3760 5050 ἔστὶ
3814 4985 3893 5043 καὶ

2262 5092 2348 5160 τὸ,
2388 5116 2408 5141 ι
2447 5091 2734 5164 ’Λγνώστῳ
2765 5094 2903 5161 Θεῷ,
2939 5114 2958 5140 ι
2995 5091 3086 5144 καὶ
3114 5087 3269 5165 ἕτερά
3297 5111 3438 5147 τινα.
3471 5095 3632 5148 Γένος
3672 5082 3727 5139 δὲ
3774 5079 3893 5135 Θεθῦ

2260 5185 2408 5254 ἡμᾶς
2440 5179 2581 5235 εἶναί
2613 5201 2773 5256 φησιν
2805 5181 2832 5234 ὁ
2879 5178 3116 5250 Παῦλος,
3179 5178 3287 5255 οὔχ
3342 5180 3415 5240 ὡς
3477 5177 3672 5234 ἐκεῖνοί
3731 5188 3896 5246 φασιν,

2259 5269 2386 5326 ἀλλ’
2433 5270 2601 5342 ἑτέρῳ
2652 5273 2764 5341 γνῷ,
2847 5269 3150 5339 τουτέστιν,
3225 5269 3480 5338 οἰκείους,
3571 5262 3894 5342 έγγυτάτους,

2258 5361 2332 5422 ὡς
2367 5359 2425 5413 ἂν
2457 5357 2602 5414 εἷ’ποι
2622 5380 2726 5431 τις,
2751 5357 3048 5434 παροίκους
3076 5357 3111 5427 ἢ
3143 5359 3412 5434 γείτονας.

2327 5627 2517 5691 «Τοὺς
2574 5628 2669 5700 μὶν
2726 5628 2820 5682 οὖν
2877 5627 3112 5703 χρόνους
3174 5633 3276 5697 τῆς
3349 5625 3570 5700 ἀγνοίας
3635 5613 3895 5692 ὑπεριδὼν

2252 5742 2276 5775 α
2313 5719 2340 5775 ὁ
2369 5718 2524 5792 Θεὸς,
2556 5717 2623 5774 τὰ
2663 5720 2750 5774 νῦν
2811 5715 3183 5796 παραγγέλλει
3229 5721 3344 5780 τοῖς
3399 5713 3710 5789 ἀνθρώποις
3765 5703 3890 5762 πᾶσι

4013 279 4015 376 1

4009 1223 4013 1272 ἲ
