  <div class='ocr_page' id='page_1' title='image "/cluster/home/n/w/nwhite01/storage/ocr_20150623/118/mdp.39015078384297/129.png"; bbox 0 0 4112 6250; ppageno 0'>
   <div class='ocr_carea' id='block_1_1' title="bbox 455 359 571 417">
    <p class='ocr_par' dir='ltr' id='par_1_1' title="bbox 455 359 571 417">
     <span class='ocr_line' id='line_1_1' title="bbox 455 359 571 417; baseline 0 0"><span class='ocrx_word' id='word_1_1' title='bbox 455 359 571 417; x_wconf 70' lang='grc'>243</span> 
     </span>
    </p>
   </div>
   <div class='ocr_carea' id='block_1_2' title="bbox 1577 341 2757 408">
    <p class='ocr_par' dir='ltr' id='par_1_2' title="bbox 1577 341 2757 408">
     <span class='ocr_line' id='line_1_2' title="bbox 1577 341 2757 408; baseline -0.003 1"><span class='ocrx_word' id='word_1_2' title='bbox 1577 344 2002 408; x_wconf 78' lang='lat' dir='ltr'>(ECUMENII</span> <span class='ocrx_word' id='word_1_3' title='bbox 2049 341 2356 404; x_wconf 67' lang='lat' dir='ltr'>TRIGCIE</span> <span class='ocrx_word' id='word_1_4' title='bbox 2402 343 2757 406; x_wconf 88' lang='lat' dir='ltr'>EPISCOPI</span> 
     </span>
    </p>
   </div>
   <div class='ocr_carea' id='block_1_3' title="bbox 3752 346 3858 405">
    <p class='ocr_par' dir='ltr' id='par_1_3' title="bbox 3752 346 3858 405">
     <span class='ocr_line' id='line_1_3' title="bbox 3752 346 3858 405; baseline -0.009 0"><span class='ocrx_word' id='word_1_5' title='bbox 3752 346 3858 405; x_wconf 67' lang='grc'>244</span> 
     </span>
    </p>
   </div>
   <div class='ocr_carea' id='block_1_4' title="bbox 458 476 2126 565">
    <p class='ocr_par' dir='ltr' id='par_1_4' title="bbox 458 480 2114 565">
     <span class='ocr_line' id='line_1_4' title="bbox 458 480 2114 565; baseline -0.008 -14"><span class='ocrx_word' id='word_1_6' title='bbox 458 493 682 551; x_wconf 68' lang='lat' dir='ltr'>easdem</span> <span class='ocrx_word' id='word_1_7' title='bbox 716 506 893 565; x_wconf 89' lang='lat' dir='ltr'>quam</span> <span class='ocrx_word' id='word_1_8' title='bbox 954 486 1066 545; x_wconf 83' lang='lat' dir='ltr'>sibi</span> <span class='ocrx_word' id='word_1_9' title='bbox 1122 486 1239 560; x_wconf 84' lang='lat' dir='ltr'>ipsi</span> <span class='ocrx_word' id='word_1_10' title='bbox 1296 485 1499 542; x_wconf 77' lang='lat' dir='ltr'>infert.</span> <span class='ocrx_word' id='word_1_11' title='bbox 1533 486 1654 541; x_wconf 85' lang='lat' dir='ltr'>Hoc</span> <span class='ocrx_word' id='word_1_12' title='bbox 1693 485 1900 556; x_wconf 86' lang='lat' dir='ltr'>itaque</span> <span class='ocrx_word' id='word_1_13' title='bbox 1932 480 2114 537; x_wconf 85' lang='lat' dir='ltr'>dicit:</span> 
     </span>
    </p>
   </div>
   <div class='ocr_carea' id='block_1_5' title="bbox 2245 476 3859 565">
    <p class='ocr_par' dir='ltr' id='par_1_5' title="bbox 2245 476 3859 560">
     <span class='ocr_line' id='line_1_5' title="bbox 2245 476 3859 560; baseline 0.005 -28"><span class='ocrx_word' id='word_1_14' title='bbox 2245 478 2350 534; x_wconf 72' lang='grc' dir='ltr'>τινὰ</span> <span class='ocrx_word' id='word_1_15' title='bbox 2407 476 2635 554; x_wconf 78' lang='grc' dir='ltr'>ὲκχέων,</span> <span class='ocrx_word' id='word_1_16' title='bbox 2693 478 2783 537; x_wconf 76' lang='grc' dir='ltr'>διὰ</span> <span class='ocrx_word' id='word_1_17' title='bbox 2836 487 2936 552; x_wconf 77' lang='grc' dir='ltr'>τῆς</span> <span class='ocrx_word' id='word_1_18' title='bbox 2993 487 3206 560; x_wconf 80' lang='grc' dir='ltr'>σφαγῆς</span> <span class='ocrx_word' id='word_1_19' title='bbox 3268 479 3339 550; x_wconf 71' lang='grc' dir='ltr'>ἣν</span> <span class='ocrx_word' id='word_1_20' title='bbox 3409 477 3652 555; x_wconf 67' lang='grc' dir='ltr'>ἐπιφέρει</span> <span class='ocrx_word' id='word_1_21' title='bbox 3686 480 3859 553; x_wconf 66' lang='grc' dir='ltr'>ἑαυτῷ.</span> 
     </span>
    </p>
   </div>
   <div class='ocr_carea' id='block_1_6' title="bbox 458 573 2112 652">
    <p class='ocr_par' dir='ltr' id='par_1_6' title="bbox 458 573 2112 652">
     <span class='ocr_line' id='line_1_6' title="bbox 458 573 2112 652; baseline -0.009 -11"><span class='ocrx_word' id='word_1_22' title='bbox 458 584 746 651; x_wconf 82' lang='lat' dir='ltr'>Quoniam</span> <span class='ocrx_word' id='word_1_23' title='bbox 794 598 895 636; x_wconf 89' lang='lat' dir='ltr'>vos</span> <span class='ocrx_word' id='word_1_24' title='bbox 940 581 1100 652; x_wconf 91' lang='lat' dir='ltr'>ipsos</span> <span class='ocrx_word' id='word_1_25' title='bbox 1150 577 1567 634; x_wconf 84' lang='lat' dir='ltr'>incredulitate</span> <span class='ocrx_word' id='word_1_26' title='bbox 1592 573 1901 648; x_wconf 83' lang='lat' dir='ltr'>jugulatis,</span> <span class='ocrx_word' id='word_1_27' title='bbox 1934 574 2112 644; x_wconf 87' lang='lat' dir='ltr'>hujus</span> 
     </span>
    </p>
   </div>
   <div class='ocr_carea' id='block_1_7' title="bbox 456 664 2109 742">
    <p class='ocr_par' dir='ltr' id='par_1_7' title="bbox 456 664 2109 742">
     <span class='ocr_line' id='line_1_7' title="bbox 456 664 2109 742; baseline -0.01 -12"><span class='ocrx_word' id='word_1_28' title='bbox 456 673 596 730; x_wconf 82' lang='lat' dir='ltr'>facti</span> <span class='ocrx_word' id='word_1_29' title='bbox 622 670 840 742; x_wconf 90' lang='lat' dir='ltr'>vosipsi</span> <span class='ocrx_word' id='word_1_30' title='bbox 864 685 1105 725; x_wconf 82' lang='lat' dir='ltr'>causam</span> <span class='ocrx_word' id='word_1_31' title='bbox 1129 667 1342 735; x_wconf 85' lang='lat' dir='ltr'>subite,</span> <span class='ocrx_word' id='word_1_32' title='bbox 1366 684 1501 722; x_wconf 90' lang='lat' dir='ltr'>cum</span> <span class='ocrx_word' id='word_1_33' title='bbox 1527 682 1630 738; x_wconf 89' lang='lat' dir='ltr'>ego</span> <span class='ocrx_word' id='word_1_34' title='bbox 1662 664 1837 735; x_wconf 90' lang='lat' dir='ltr'>culpa</span> <span class='ocrx_word' id='word_1_35' title='bbox 1854 677 2109 717; x_wconf 89' lang='lat' dir='ltr'>caream.</span> 
     </span>
    </p>
   </div>
   <div class='ocr_carea' id='block_1_8' title="bbox 458 752 2114 831">
    <p class='ocr_par' dir='ltr' id='par_1_8' title="bbox 458 752 2114 831">
     <span class='ocr_line' id='line_1_8' title="bbox 458 752 2114 831; baseline -0.008 -13"><span class='ocrx_word' id='word_1_36' title='bbox 458 763 608 818; x_wconf 84' lang='lat' dir='ltr'>Hinc</span> <span class='ocrx_word' id='word_1_37' title='bbox 635 766 835 817; x_wconf 90' lang='lat' dir='ltr'>autem</span> <span class='ocrx_word' id='word_1_38' title='bbox 865 759 1147 831; x_wconf 81' lang='lat' dir='ltr'>colligere</span> <span class='ocrx_word' id='word_1_39' title='bbox 1171 758 1310 813; x_wconf 86' lang='lat' dir='ltr'>licet</span> <span class='ocrx_word' id='word_1_40' title='bbox 1332 756 1490 828; x_wconf 90' lang='lat' dir='ltr'>quod</span> <span class='ocrx_word' id='word_1_41' title='bbox 1522 756 1621 827; x_wconf 89' lang='lat' dir='ltr'>qui</span> <span class='ocrx_word' id='word_1_42' title='bbox 1648 755 1912 825; x_wconf 89' lang='lat' dir='ltr'>seipsum</span> <span class='ocrx_word' id='word_1_43' title='bbox 1935 752 2114 823; x_wconf 79' lang='lat' dir='ltr'>jugu-</span> 
     </span>
    </p>
   </div>
   <div class='ocr_carea' id='block_1_9' title="bbox 457 839 2112 924">
    <p class='ocr_par' dir='ltr' id='par_1_9' title="bbox 457 839 2112 924">
     <span class='ocr_line' id='line_1_9' title="bbox 457 839 2112 924; baseline -0.008 -18"><span class='ocrx_word' id='word_1_44' title='bbox 457 852 563 918; x_wconf 85' lang='lat' dir='ltr'>lat,</span> <span class='ocrx_word' id='word_1_45' title='bbox 587 849 885 924; x_wconf 88' lang='lat' dir='ltr'>judicium</span> <span class='ocrx_word' id='word_1_46' title='bbox 915 847 1231 903; x_wconf 72' lang='lat' dir='ltr'>homicidaa</span> <span class='ocrx_word' id='word_1_47' title='bbox 1277 846 1436 903; x_wconf 86' lang='lat' dir='ltr'>subit</span> <span class='ocrx_word' id='word_1_48' title='bbox 1465 862 1533 901; x_wconf 90' lang='lat' dir='ltr'>ac</span> <span class='ocrx_word' id='word_1_49' title='bbox 1566 842 1924 916; x_wconf 88' lang='lat' dir='ltr'>supplicium</span> <span class='ocrx_word' id='word_1_50' title='bbox 1956 839 2112 911; x_wconf 92' lang='lat' dir='ltr'>apud</span> 
     </span>
    </p>
   </div>
   <div class='ocr_carea' id='block_1_10' title="bbox 458 940 797 997">
    <p class='ocr_par' dir='ltr' id='par_1_10' title="bbox 458 940 797 997">
     <span class='ocr_line' id='line_1_10' title="bbox 458 940 797 997; baseline -0.015 0"><span class='ocrx_word' id='word_1_51' title='bbox 458 940 797 997; x_wconf 89' lang='lat' dir='ltr'>Dominum.</span> 
     </span>
    </p>
   </div>
   <div class='ocr_carea' id='block_1_11' title="bbox 528 1020 2117 1089">
    <p class='ocr_par' dir='ltr' id='par_1_11' title="bbox 528 1020 2117 1089">
     <span class='ocr_line' id='line_1_11' title="bbox 528 1020 2117 1089; baseline -0.009 -5"><span class='ocrx_word' id='word_1_52' title='bbox 528 1030 705 1085; x_wconf 83' lang='lat' dir='ltr'><strong>XVIII</strong></span> <span class='ocrx_word' id='word_1_53' title='bbox 735 1030 882 1082; x_wconf 79' lang='lat'>9-16.</span> <span class='ocrx_word' id='word_1_54' title='bbox 944 1050 970 1077; x_wconf 75' lang='grc' dir='ltr'>ιι</span> <span class='ocrx_word' id='word_1_55' title='bbox 1007 1025 1162 1082; x_wconf 81' lang='lat' dir='ltr'>Dixit</span> <span class='ocrx_word' id='word_1_56' title='bbox 1220 1029 1419 1079; x_wconf 86' lang='lat' dir='ltr'>autem</span> <span class='ocrx_word' id='word_1_57' title='bbox 1477 1020 1765 1078; x_wconf 89' lang='lat' dir='ltr'>Dominus</span> <span class='ocrx_word' id='word_1_58' title='bbox 1803 1022 1977 1073; x_wconf 86' lang='lat' dir='ltr'>nocte</span> <span class='ocrx_word' id='word_1_59' title='bbox 2009 1033 2117 1089; x_wconf 90' lang='lat' dir='ltr'>per</span> 
     </span>
    </p>
   </div>
   <div class='ocr_carea' id='block_1_12' title="bbox 458 1109 2114 1179">
    <p class='ocr_par' dir='ltr' id='par_1_12' title="bbox 458 1109 2114 1179">
     <span class='ocr_line' id='line_1_12' title="bbox 458 1109 2114 1179; baseline -0.008 -6"><span class='ocrx_word' id='word_1_60' title='bbox 458 1118 751 1174; x_wconf 84' lang='lat' dir='ltr'>visionem</span> <span class='ocrx_word' id='word_1_61' title='bbox 801 1116 1025 1171; x_wconf 88' lang='lat' dir='ltr'>Paulo:</span> <span class='ocrx_word' id='word_1_62' title='bbox 1077 1117 1156 1169; x_wconf 91' lang='lat' dir='ltr'>Ne</span> <span class='ocrx_word' id='word_1_63' title='bbox 1215 1114 1451 1179; x_wconf 82' lang='lat' dir='ltr'>timeas,</span> <span class='ocrx_word' id='word_1_64' title='bbox 1514 1110 1617 1165; x_wconf 89' lang='lat' dir='ltr'>sed</span> <span class='ocrx_word' id='word_1_65' title='bbox 1675 1109 1921 1179; x_wconf 87' lang='lat' dir='ltr'>loquere</span> <span class='ocrx_word' id='word_1_66' title='bbox 1952 1111 2010 1160; x_wconf 89' lang='lat' dir='ltr'>et</span> <span class='ocrx_word' id='word_1_67' title='bbox 2040 1122 2114 1160; x_wconf 91' lang='lat' dir='ltr'>ne</span> 
     </span>
    </p>
   </div>
   <div class='ocr_carea' id='block_1_13' title="bbox 459 1195 2118 1278">
    <p class='ocr_par' dir='ltr' id='par_1_13' title="bbox 459 1195 2118 1278">
     <span class='ocr_line' id='line_1_13' title="bbox 459 1195 2118 1278; baseline -0.008 -14"><span class='ocrx_word' id='word_1_68' title='bbox 459 1212 679 1276; x_wconf 86' lang='lat' dir='ltr'>taceas,</span> <span class='ocrx_word' id='word_1_69' title='bbox 715 1224 783 1262; x_wconf 90' lang='lat' dir='ltr'>eo</span> <span class='ocrx_word' id='word_1_70' title='bbox 816 1205 975 1278; x_wconf 90' lang='lat' dir='ltr'>quod</span> <span class='ocrx_word' id='word_1_71' title='bbox 1024 1220 1129 1277; x_wconf 89' lang='lat' dir='ltr'>ego</span> <span class='ocrx_word' id='word_1_72' title='bbox 1190 1204 1303 1258; x_wconf 89' lang='lat' dir='ltr'>sim</span> <span class='ocrx_word' id='word_1_73' title='bbox 1332 1208 1552 1268; x_wconf 84' lang='lat' dir='ltr'>tecum,</span> <span class='ocrx_word' id='word_1_74' title='bbox 1588 1205 1646 1254; x_wconf 90' lang='lat' dir='ltr'>et</span> <span class='ocrx_word' id='word_1_75' title='bbox 1675 1214 1851 1253; x_wconf 90' lang='lat' dir='ltr'>nemo</span> <span class='ocrx_word' id='word_1_76' title='bbox 1883 1195 2118 1251; x_wconf 89' lang='lat' dir='ltr'>adorie-</span> 
     </span>
    </p>
   </div>
   <div class='ocr_carea' id='block_1_14' title="bbox 460 1285 2116 1366">
    <p class='ocr_par' dir='ltr' id='par_1_14' title="bbox 460 1285 2116 1366">
     <span class='ocr_line' id='line_1_14' title="bbox 460 1285 2116 1366; baseline -0.008 -14"><span class='ocrx_word' id='word_1_77' title='bbox 460 1303 560 1353; x_wconf 87' lang='lat' dir='ltr'>tur</span> <span class='ocrx_word' id='word_1_78' title='bbox 590 1303 665 1363; x_wconf 91' lang='lat' dir='ltr'>te,</span> <span class='ocrx_word' id='word_1_79' title='bbox 697 1302 765 1351; x_wconf 91' lang='lat' dir='ltr'>ut</span> <span class='ocrx_word' id='word_1_80' title='bbox 820 1294 1042 1366; x_wconf 86' lang='lat' dir='ltr'>afﬂigat</span> <span class='ocrx_word' id='word_1_81' title='bbox 1098 1299 1177 1361; x_wconf 88' lang='lat' dir='ltr'>te,</span> <span class='ocrx_word' id='word_1_82' title='bbox 1233 1292 1455 1347; x_wconf 90' lang='lat' dir='ltr'>multus</span> <span class='ocrx_word' id='word_1_83' title='bbox 1487 1290 1650 1345; x_wconf 92' lang='lat' dir='ltr'>enim</span> <span class='ocrx_word' id='word_1_84' title='bbox 1682 1287 1829 1344; x_wconf 90' lang='lat' dir='ltr'>mihi</span> <span class='ocrx_word' id='word_1_85' title='bbox 1862 1285 2116 1357; x_wconf 91' lang='lat' dir='ltr'>populus</span> 
     </span>
    </p>
   </div>
   <div class='ocr_carea' id='block_1_15' title="bbox 465 1379 2117 1442">
    <p class='ocr_par' dir='ltr' id='par_1_15' title="bbox 465 1379 2117 1442">
     <span class='ocr_line' id='line_1_15' title="bbox 465 1379 2117 1442; baseline -0.008 0"><span class='ocrx_word' id='word_1_86' title='bbox 465 1393 555 1442; x_wconf 89' lang='lat' dir='ltr'>est</span> <span class='ocrx_word' id='word_1_87' title='bbox 610 1388 672 1440; x_wconf 90' lang='lat' dir='ltr'>in</span> <span class='ocrx_word' id='word_1_88' title='bbox 729 1385 839 1440; x_wconf 89' lang='lat' dir='ltr'>hac</span> <span class='ocrx_word' id='word_1_89' title='bbox 896 1384 1152 1439; x_wconf 83' lang='lat' dir='ltr'>civitate.</span> <span class='ocrx_word' id='word_1_90' title='bbox 1213 1381 1374 1437; x_wconf 89' lang='lat' dir='ltr'>Sedit</span> <span class='ocrx_word' id='word_1_91' title='bbox 1430 1386 1627 1437; x_wconf 90' lang='lat' dir='ltr'>autem</span> <span class='ocrx_word' id='word_1_92' title='bbox 1671 1379 1751 1433; x_wconf 89' lang='lat' dir='ltr'>ibi</span> <span class='ocrx_word' id='word_1_93' title='bbox 1794 1393 2017 1432; x_wconf 92' lang='lat' dir='ltr'>annum</span> <span class='ocrx_word' id='word_1_94' title='bbox 2062 1380 2117 1429; x_wconf 92' lang='lat' dir='ltr'>et</span> 
     </span>
    </p>
   </div>
   <div class='ocr_carea' id='block_1_16' title="bbox 465 1465 2119 1531">
    <p class='ocr_par' dir='ltr' id='par_1_16' title="bbox 465 1465 2119 1531">
     <span class='ocr_line' id='line_1_16' title="bbox 465 1465 2119 1531; baseline -0.007 -1"><span class='ocrx_word' id='word_1_95' title='bbox 465 1492 566 1531; x_wconf 87' lang='lat' dir='ltr'>sex</span> <span class='ocrx_word' id='word_1_96' title='bbox 622 1490 861 1530; x_wconf 87' lang='lat' dir='ltr'>menses</span> <span class='ocrx_word' id='word_1_97' title='bbox 920 1472 1139 1527; x_wconf 88' lang='lat' dir='ltr'>docens</span> <span class='ocrx_word' id='word_1_98' title='bbox 1198 1487 1299 1525; x_wconf 91' lang='lat' dir='ltr'>eos</span> <span class='ocrx_word' id='word_1_99' title='bbox 1357 1469 1600 1524; x_wconf 82' lang='lat' dir='ltr'>verbum</span> <span class='ocrx_word' id='word_1_100' title='bbox 1661 1467 1785 1522; x_wconf 89' lang='lat' dir='ltr'>Dei.</span> <span class='ocrx_word' id='word_1_101' title='bbox 1828 1465 2119 1521; x_wconf 71' lang='lat' dir='ltr'>Caeterum</span> 
     </span>
    </p>
   </div>
   <div class='ocr_carea' id='block_1_17' title="bbox 468 1554 2118 1636">
    <p class='ocr_par' dir='ltr' id='par_1_17' title="bbox 468 1554 2118 1636">
     <span class='ocr_line' id='line_1_17' title="bbox 468 1554 2118 1636; baseline -0.008 -16"><span class='ocrx_word' id='word_1_102' title='bbox 468 1580 602 1620; x_wconf 88' lang='lat' dir='ltr'>cum</span> <span class='ocrx_word' id='word_1_103' title='bbox 637 1563 826 1619; x_wconf 89' lang='lat' dir='ltr'>Gallio</span> <span class='ocrx_word' id='word_1_104' title='bbox 885 1568 1084 1636; x_wconf 86' lang='lat' dir='ltr'>ageret</span> <span class='ocrx_word' id='word_1_105' title='bbox 1140 1559 1558 1632; x_wconf 87' lang='lat' dir='ltr'>proconsulem</span> <span class='ocrx_word' id='word_1_106' title='bbox 1616 1555 1870 1622; x_wconf 67' lang='lat' dir='ltr'>Achaiae,</span> <span class='ocrx_word' id='word_1_107' title='bbox 1921 1554 2118 1608; x_wconf 83' lang='lat' dir='ltr'>insur-</span> 
     </span>
    </p>
   </div>
   <div class='ocr_carea' id='block_1_18' title="bbox 461 1640 2121 1710">
    <p class='ocr_par' dir='ltr' id='par_1_18' title="bbox 461 1640 2121 1710">
     <span class='ocr_line' id='line_1_18' title="bbox 461 1640 2121 1710; baseline -0.009 -1"><span class='ocrx_word' id='word_1_108' title='bbox 461 1656 744 1709; x_wconf 85' lang='lat' dir='ltr'>rexerunt</span> <span class='ocrx_word' id='word_1_109' title='bbox 773 1667 892 1706; x_wconf 93' lang='lat' dir='ltr'>uno</span> <span class='ocrx_word' id='word_1_110' title='bbox 954 1650 1156 1706; x_wconf 90' lang='lat' dir='ltr'>animo</span> <span class='ocrx_word' id='word_1_111' title='bbox 1187 1648 1370 1703; x_wconf 69' lang='lat' dir='ltr'>Judaai</span> <span class='ocrx_word' id='word_1_112' title='bbox 1405 1648 1465 1701; x_wconf 82' lang='lat' dir='ltr'>in</span> <span class='ocrx_word' id='word_1_113' title='bbox 1520 1645 1792 1710; x_wconf 87' lang='lat' dir='ltr'>Paulum,</span> <span class='ocrx_word' id='word_1_114' title='bbox 1827 1648 1884 1697; x_wconf 89' lang='lat' dir='ltr'>et</span> <span class='ocrx_word' id='word_1_115' title='bbox 1931 1640 2121 1696; x_wconf 91' lang='lat' dir='ltr'>addu-</span> 
     </span>
    </p>
   </div>
   <div class='ocr_carea' id='block_1_19' title="bbox 462 1732 2122 1803">
    <p class='ocr_par' dir='ltr' id='par_1_19' title="bbox 462 1732 2122 1803">
     <span class='ocr_line' id='line_1_19' title="bbox 462 1732 2122 1803; baseline -0.009 -5"><span class='ocrx_word' id='word_1_116' title='bbox 462 1747 679 1799; x_wconf 88' lang='lat' dir='ltr'>xerunt</span> <span class='ocrx_word' id='word_1_117' title='bbox 759 1756 895 1795; x_wconf 88' lang='lat' dir='ltr'>eum</span> <span class='ocrx_word' id='word_1_118' title='bbox 977 1738 1050 1794; x_wconf 91' lang='lat' dir='ltr'>ad</span> <span class='ocrx_word' id='word_1_119' title='bbox 1139 1736 1423 1803; x_wconf 87' lang='lat' dir='ltr'>tribunal,</span> <span class='ocrx_word' id='word_1_120' title='bbox 1505 1734 1818 1790; x_wconf 85' lang='lat' dir='ltr'>dicentes:</span> <span class='ocrx_word' id='word_1_121' title='bbox 1907 1732 2122 1786; x_wconf 90' lang='lat' dir='ltr'>Contra</span> 
     </span>
    </p>
   </div>
   <div class='ocr_carea' id='block_1_20' title="bbox 2221 566 3862 648">
    <p class='ocr_par' dir='ltr' id='par_1_20' title="bbox 2221 566 3862 648">
     <span class='ocr_line' id='line_1_20' title="bbox 2221 566 3862 648; baseline 0.002 -26"><span class='ocrx_word' id='word_1_122' title='bbox 2221 571 2391 623; x_wconf 78' lang='grc' dir='ltr'>Τοῦτο</span> <span class='ocrx_word' id='word_1_123' title='bbox 2460 566 2553 624; x_wconf 72' lang='grc' dir='ltr'>οὖν</span> <span class='ocrx_word' id='word_1_124' title='bbox 2621 591 2811 647; x_wconf 77' lang='grc' dir='ltr'>φησιν,</span> <span class='ocrx_word' id='word_1_125' title='bbox 2870 572 3014 634; x_wconf 86' lang='grc' dir='ltr'>’Δνθ’</span> <span class='ocrx_word' id='word_1_126' title='bbox 3075 572 3148 625; x_wconf 84' lang='grc' dir='ltr'>ὧν</span> <span class='ocrx_word' id='word_1_127' title='bbox 3217 569 3449 648; x_wconf 75' lang='grc' dir='ltr'>σφέζετε</span> <span class='ocrx_word' id='word_1_128' title='bbox 3516 567 3729 634; x_wconf 70' lang='grc' dir='ltr'>ἑαυτοὺς</span> <span class='ocrx_word' id='word_1_129' title='bbox 3787 567 3862 626; x_wconf 74' lang='grc' dir='ltr'>διὰ</span> 
     </span>
    </p>
   </div>
   <div class='ocr_carea' id='block_1_21' title="bbox 2220 656 3862 735">
    <p class='ocr_par' dir='ltr' id='par_1_21' title="bbox 2220 656 3862 735">
     <span class='ocr_line' id='line_1_21' title="bbox 2220 656 3862 735; baseline 0.001 -23"><span class='ocrx_word' id='word_1_130' title='bbox 2220 664 2321 727; x_wconf 84' lang='grc' dir='ltr'>τῆς</span> <span class='ocrx_word' id='word_1_131' title='bbox 2371 658 2646 727; x_wconf 76' lang='grc' dir='ltr'>ἀπιστίας,</span> <span class='ocrx_word' id='word_1_132' title='bbox 2689 661 2859 715; x_wconf 80' lang='grc' dir='ltr'>αὐτοῦ</span> <span class='ocrx_word' id='word_1_133' title='bbox 2906 659 3102 715; x_wconf 89' lang='grc' dir='ltr'>τούτου</span> <span class='ocrx_word' id='word_1_134' title='bbox 3159 661 3323 735; x_wconf 78' lang='grc' dir='ltr'>ὑμεῖς</span> <span class='ocrx_word' id='word_1_135' title='bbox 3373 659 3659 733; x_wconf 72' lang='grc' dir='ltr'>ὗπόσχητε</span> <span class='ocrx_word' id='word_1_136' title='bbox 3706 656 3862 731; x_wconf 77' lang='grc' dir='ltr'>δίκην,</span> 
     </span>
    </p>
   </div>
   <div class='ocr_carea' id='block_1_22' title="bbox 2224 742 3863 820">
    <p class='ocr_par' dir='ltr' id='par_1_22' title="bbox 2224 742 3863 820">
     <span class='ocr_line' id='line_1_22' title="bbox 2224 742 3863 820; baseline 0.001 -19"><span class='ocrx_word' id='word_1_137' title='bbox 2224 745 2363 820; x_wconf 74' lang='grc' dir='ltr'>ἐμοῦ</span> <span class='ocrx_word' id='word_1_138' title='bbox 2419 747 2602 803; x_wconf 85' lang='grc' dir='ltr'>ἀθώου</span> <span class='ocrx_word' id='word_1_139' title='bbox 2662 744 2834 811; x_wconf 76' lang='grc' dir='ltr'>ὄντος.</span> <span class='ocrx_word' id='word_1_140' title='bbox 2899 751 3171 805; x_wconf 84' lang='grc' dir='ltr'>Ἐντεῦθεν</span> <span class='ocrx_word' id='word_1_141' title='bbox 3219 747 3282 804; x_wconf 77' lang='grc' dir='ltr'>δὲ</span> <span class='ocrx_word' id='word_1_142' title='bbox 3345 742 3466 803; x_wconf 78' lang='grc' dir='ltr'>ἔστι</span> <span class='ocrx_word' id='word_1_143' title='bbox 3524 745 3863 818; x_wconf 78' lang='grc' dir='ltr'>συνιδεῖν,δτι</span> 
     </span>
    </p>
   </div>
   <div class='ocr_carea' id='block_1_23' title="bbox 2224 837 3866 918">
    <p class='ocr_par' dir='ltr' id='par_1_23' title="bbox 2224 837 3866 918">
     <span class='ocr_line' id='line_1_23' title="bbox 2224 837 3866 918; baseline 0.001 -26"><span class='ocrx_word' id='word_1_144' title='bbox 2224 838 2253 892; x_wconf 93' lang='lat'>6</span> <span class='ocrx_word' id='word_1_145' title='bbox 2302 837 2515 913; x_wconf 74' lang='grc' dir='ltr'>σφάζων</span> <span class='ocrx_word' id='word_1_146' title='bbox 2569 839 2777 907; x_wconf 73' lang='grc' dir='ltr'>ἑαυτὸν,</span> <span class='ocrx_word' id='word_1_147' title='bbox 2832 846 3155 915; x_wconf 78' lang='grc' dir='ltr'>τιμωρεῖται</span> <span class='ocrx_word' id='word_1_148' title='bbox 3213 839 3295 902; x_wconf 78' lang='grc' dir='ltr'>ὡς</span> <span class='ocrx_word' id='word_1_149' title='bbox 3358 839 3558 918; x_wconf 73' lang='grc' dir='ltr'>φονεὺς</span> <span class='ocrx_word' id='word_1_150' title='bbox 3612 838 3750 912; x_wconf 85' lang='grc' dir='ltr'>παρά</span> <span class='ocrx_word' id='word_1_151' title='bbox 3798 844 3866 911; x_wconf 79' lang='grc' dir='ltr'>τῷ</span> 
     </span>
    </p>
   </div>
   <div class='ocr_carea' id='block_1_24' title="bbox 2223 930 2360 996">
    <p class='ocr_par' dir='ltr' id='par_1_24' title="bbox 2223 930 2360 996">
     <span class='ocr_line' id='line_1_24' title="bbox 2223 930 2360 996; baseline 0.015 -14"><span class='ocrx_word' id='word_1_152' title='bbox 2223 930 2360 996; x_wconf 82' lang='grc' dir='ltr'>Θεῷ.</span> 
     </span>
    </p>
   </div>
   <div class='ocr_carea' id='block_1_25' title="bbox 2300 1016 3868 1095">
    <p class='ocr_par' dir='ltr' id='par_1_25' title="bbox 2300 1016 3868 1095">
     <span class='ocr_line' id='line_1_25' title="bbox 2300 1016 3868 1095; baseline 0.003 -26"><span class='ocrx_word' id='word_1_153' title='bbox 2300 1040 2328 1069; x_wconf 84' lang='grc' dir='ltr'>ιι</span> <span class='ocrx_word' id='word_1_154' title='bbox 2357 1018 2495 1074; x_wconf 80' lang='grc' dir='ltr'>Εἶπε</span> <span class='ocrx_word' id='word_1_155' title='bbox 2552 1016 2610 1073; x_wconf 73' lang='grc' dir='ltr'>δὲ</span> <span class='ocrx_word' id='word_1_156' title='bbox 2668 1019 2696 1074; x_wconf 98' lang='lat'>6</span> <span class='ocrx_word' id='word_1_157' title='bbox 2756 1019 2960 1095; x_wconf 85' lang='grc' dir='ltr'>Κύριος</span> <span class='ocrx_word' id='word_1_158' title='bbox 3015 1017 3084 1074; x_wconf 86' lang='grc' dir='ltr'>δι’</span> <span class='ocrx_word' id='word_1_159' title='bbox 3152 1017 3444 1095; x_wconf 77' lang='grc' dir='ltr'>ὁράματος</span> <span class='ocrx_word' id='word_1_160' title='bbox 3502 1016 3555 1073; x_wconf 81' lang='grc' dir='ltr'>ἒν</span> <span class='ocrx_word' id='word_1_161' title='bbox 3610 1016 3751 1071; x_wconf 79' lang='grc' dir='ltr'>νυκτὶ</span> <span class='ocrx_word' id='word_1_162' title='bbox 3800 1022 3868 1090; x_wconf 79' lang='grc' dir='ltr'>τῷ</span> 
     </span>
    </p>
   </div>
   <div class='ocr_carea' id='block_1_26' title="bbox 2230 1105 3869 1189">
    <p class='ocr_par' dir='ltr' id='par_1_26' title="bbox 2230 1105 3869 1189">
     <span class='ocr_line' id='line_1_26' title="bbox 2230 1105 3869 1189; baseline 0.001 -29"><span class='ocrx_word' id='word_1_163' title='bbox 2230 1130 2258 1160; x_wconf 81' lang='grc' dir='ltr'>ιι</span> <span class='ocrx_word' id='word_1_164' title='bbox 2286 1106 2509 1181; x_wconf 88' lang='grc' dir='ltr'>Παύλῳ·</span> <span class='ocrx_word' id='word_1_165' title='bbox 2544 1110 2631 1179; x_wconf 83' lang='grc' dir='ltr'>Μή</span> <span class='ocrx_word' id='word_1_166' title='bbox 2666 1105 2860 1189; x_wconf 69' lang='grc' dir='ltr'>φοϐοῦ,</span> <span class='ocrx_word' id='word_1_167' title='bbox 2918 1108 3064 1165; x_wconf 85' lang='grc' dir='ltr'>ἀλλὰ</span> <span class='ocrx_word' id='word_1_168' title='bbox 3119 1107 3281 1165; x_wconf 83' lang='grc' dir='ltr'>λάλει</span> <span class='ocrx_word' id='word_1_169' title='bbox 3330 1109 3430 1163; x_wconf 85' lang='grc' dir='ltr'>καὶ</span> <span class='ocrx_word' id='word_1_170' title='bbox 3467 1109 3546 1182; x_wconf 78' lang='grc' dir='ltr'>μὴ</span> <span class='ocrx_word' id='word_1_171' title='bbox 3579 1110 3869 1181; x_wconf 57' lang='grc' dir='ltr'>σιωπήσῃς,</span> 
     </span>
    </p>
   </div>
   <div class='ocr_carea' id='block_1_27' title="bbox 2232 1194 3874 1273">
    <p class='ocr_par' dir='ltr' id='par_1_27' title="bbox 2232 1194 3874 1273">
     <span class='ocr_line' id='line_1_27' title="bbox 2232 1194 3874 1273; baseline 0.001 -24"><span class='ocrx_word' id='word_1_172' title='bbox 2232 1194 2431 1253; x_wconf 75' lang='grc' dir='ltr'>«διότι</span> <span class='ocrx_word' id='word_1_173' title='bbox 2479 1196 2588 1272; x_wconf 84' lang='grc' dir='ltr'>ἐγώ</span> <span class='ocrx_word' id='word_1_174' title='bbox 2649 1198 2765 1271; x_wconf 85' lang='grc' dir='ltr'>εἶμι</span> <span class='ocrx_word' id='word_1_175' title='bbox 2827 1201 2963 1273; x_wconf 85' lang='grc' dir='ltr'>μετά</span> <span class='ocrx_word' id='word_1_176' title='bbox 3016 1204 3132 1253; x_wconf 92' lang='grc' dir='ltr'>σοῦ·</span> <span class='ocrx_word' id='word_1_177' title='bbox 3192 1200 3284 1254; x_wconf 78' lang='grc' dir='ltr'>καὶ</span> <span class='ocrx_word' id='word_1_178' title='bbox 3354 1195 3541 1259; x_wconf 78' lang='grc' dir='ltr'>οὐδεὶς</span> <span class='ocrx_word' id='word_1_179' title='bbox 3584 1196 3874 1268; x_wconf 72' lang='grc' dir='ltr'>ἐπιθήσεταί</span> 
     </span>
    </p>
   </div>
   <div class='ocr_carea' id='block_1_28' title="bbox 2235 1285 3873 1359">
    <p class='ocr_par' dir='ltr' id='par_1_28' title="bbox 2235 1285 3873 1359">
     <span class='ocr_line' id='line_1_28' title="bbox 2235 1285 3873 1359; baseline 0.003 -23"><span class='ocrx_word' id='word_1_180' title='bbox 2235 1307 2256 1336; x_wconf 78' lang='grc' dir='ltr'>ι</span> <span class='ocrx_word' id='word_1_181' title='bbox 2291 1308 2377 1341; x_wconf 93' lang='grc' dir='ltr'>σοι</span> <span class='ocrx_word' id='word_1_182' title='bbox 2434 1291 2531 1343; x_wconf 89' lang='grc' dir='ltr'>τοῦ</span> <span class='ocrx_word' id='word_1_183' title='bbox 2587 1287 2831 1343; x_wconf 79' lang='grc' dir='ltr'>κακῶσαί</span> <span class='ocrx_word' id='word_1_184' title='bbox 2889 1310 2966 1359; x_wconf 90' lang='grc' dir='ltr'>σε,</span> <span class='ocrx_word' id='word_1_185' title='bbox 3026 1287 3168 1343; x_wconf 84' lang='grc' dir='ltr'><strong>διότι</strong></span> <span class='ocrx_word' id='word_1_186' title='bbox 3226 1286 3370 1350; x_wconf 91' lang='grc' dir='ltr'>λαός</span> <span class='ocrx_word' id='word_1_187' title='bbox 3434 1285 3552 1342; x_wconf 80' lang='grc' dir='ltr'>ἔστι</span> <span class='ocrx_word' id='word_1_188' title='bbox 3602 1308 3691 1359; x_wconf 90' lang='grc' dir='ltr'>μοι</span> <span class='ocrx_word' id='word_1_189' title='bbox 3720 1287 3873 1347; x_wconf 73' lang='grc' dir='ltr'>πολὺς</span> 
     </span>
    </p>
   </div>
   <div class='ocr_carea' id='block_1_29' title="bbox 2227 1374 3873 1452">
    <p class='ocr_par' dir='ltr' id='par_1_29' title="bbox 2227 1374 3873 1452">
     <span class='ocr_line' id='line_1_29' title="bbox 2227 1374 3873 1452; baseline 0.002 -26"><span class='ocrx_word' id='word_1_190' title='bbox 2227 1399 2255 1427; x_wconf 90' lang='grc'><strong>‹‹</strong></span> <span class='ocrx_word' id='word_1_191' title='bbox 2286 1375 2337 1430; x_wconf 79' lang='grc' dir='ltr'>ἒν</span> <span class='ocrx_word' id='word_1_192' title='bbox 2391 1378 2460 1449; x_wconf 81' lang='grc' dir='ltr'>τῇ</span> <span class='ocrx_word' id='word_1_193' title='bbox 2553 1374 2715 1432; x_wconf 88' lang='grc' dir='ltr'>πόλει</span> <span class='ocrx_word' id='word_1_194' title='bbox 2794 1376 2989 1452; x_wconf 80' lang='grc' dir='ltr'>ταύτῃ.</span> <span class='ocrx_word' id='word_1_195' title='bbox 3076 1376 3331 1441; x_wconf 81' lang='grc' dir='ltr'>Ἐκάθισέ</span> <span class='ocrx_word' id='word_1_196' title='bbox 3391 1397 3454 1431; x_wconf 88' lang='grc' dir='ltr'>τε</span> <span class='ocrx_word' id='word_1_197' title='bbox 3516 1375 3747 1431; x_wconf 74' lang='grc' dir='ltr'>ἐνιαυτὸν</span> <span class='ocrx_word' id='word_1_198' title='bbox 3796 1377 3873 1430; x_wconf 84' lang='grc' dir='ltr'>καὶ</span> 
     </span>
    </p>
   </div>
   <div class='ocr_carea' id='block_1_30' title="bbox 2233 1464 3874 1541">
    <p class='ocr_par' dir='ltr' id='par_1_30' title="bbox 2233 1464 3874 1541">
     <span class='ocr_line' id='line_1_30' title="bbox 2233 1464 3874 1541; baseline 0.002 -21"><span class='ocrx_word' id='word_1_199' title='bbox 2233 1487 2260 1520; x_wconf 73' lang='grc' dir='ltr'>α</span> <span class='ocrx_word' id='word_1_200' title='bbox 2293 1474 2468 1540; x_wconf 80' lang='grc' dir='ltr'>μῆνας</span> <span class='ocrx_word' id='word_1_201' title='bbox 2509 1464 2583 1538; x_wconf 74' lang='grc' dir='ltr'>ἓξ,</span> <span class='ocrx_word' id='word_1_202' title='bbox 2617 1464 2883 1522; x_wconf 78' lang='grc' dir='ltr'>διδάσκων</span> <span class='ocrx_word' id='word_1_203' title='bbox 2939 1468 3139 1529; x_wconf 81' lang='grc' dir='ltr'>αὐτοὺς</span> <span class='ocrx_word' id='word_1_204' title='bbox 3197 1466 3289 1522; x_wconf 81' lang='grc' dir='ltr'>τὸν</span> <span class='ocrx_word' id='word_1_205' title='bbox 3358 1465 3539 1541; x_wconf 87' lang='grc' dir='ltr'>λόγον</span> <span class='ocrx_word' id='word_1_206' title='bbox 3584 1470 3682 1521; x_wconf 89' lang='grc' dir='ltr'>τοῦ</span> <span class='ocrx_word' id='word_1_207' title='bbox 3737 1469 3874 1523; x_wconf 88' lang='grc' dir='ltr'>Θεοῦ.</span> 
     </span>
    </p>
   </div>
   <div class='ocr_carea' id='block_1_31' title="bbox 2232 1554 3877 1631">
    <p class='ocr_par' dir='ltr' id='par_1_31' title="bbox 2232 1554 3877 1631">
     <span class='ocr_line' id='line_1_31' title="bbox 2232 1554 3877 1631; baseline 0.002 -23"><span class='ocrx_word' id='word_1_208' title='bbox 2232 1580 2261 1608; x_wconf 81' lang='grc' dir='ltr'>(ι</span> <span class='ocrx_word' id='word_1_209' title='bbox 2290 1555 2601 1619; x_wconf 84' lang='grc' dir='ltr'>Γαλλίωνος</span> <span class='ocrx_word' id='word_1_210' title='bbox 2658 1554 2715 1610; x_wconf 72' lang='grc' dir='ltr'>δὲ</span> <span class='ocrx_word' id='word_1_211' title='bbox 2770 1556 3224 1617; x_wconf 85' lang='grc' dir='ltr'>ἀνθυπατεύοντος</span> <span class='ocrx_word' id='word_1_212' title='bbox 3255 1562 3361 1626; x_wconf 84' lang='grc' dir='ltr'>τῆς</span> <span class='ocrx_word' id='word_1_213' title='bbox 3410 1557 3667 1631; x_wconf 66' lang='grc' dir='ltr'>Ἀχαῗας,</span> <span class='ocrx_word' id='word_1_214' title='bbox 3696 1576 3877 1611; x_wconf 84' lang='grc' dir='ltr'>κατεπ-</span> 
     </span>
    </p>
   </div>
   <div class='ocr_carea' id='block_1_32' title="bbox 2230 1642 3877 1719">
    <p class='ocr_par' dir='ltr' id='par_1_32' title="bbox 2230 1642 3877 1719">
     <span class='ocr_line' id='line_1_32' title="bbox 2230 1642 3877 1719; baseline 0.001 -22"><span class='ocrx_word' id='word_1_215' title='bbox 2230 1645 2519 1715; x_wconf 70' lang='grc' dir='ltr'>«ἔστησαν</span> <span class='ocrx_word' id='word_1_216' title='bbox 2577 1642 2928 1719; x_wconf 80' lang='grc' dir='ltr'>ὁμοθυμαδὸν</span> <span class='ocrx_word' id='word_1_217' title='bbox 2981 1646 3034 1700; x_wconf 74' lang='grc' dir='ltr'>οἱ</span> <span class='ocrx_word' id='word_1_218' title='bbox 3096 1642 3358 1702; x_wconf 85' lang='grc' dir='ltr'>Ἰουδαῖοι</span> <span class='ocrx_word' id='word_1_219' title='bbox 3419 1649 3506 1719; x_wconf 74' lang='grc' dir='ltr'>τῷ</span> <span class='ocrx_word' id='word_1_220' title='bbox 3555 1642 3773 1716; x_wconf 83' lang='grc' dir='ltr'>Παύλῳ,</span> <span class='ocrx_word' id='word_1_221' title='bbox 3799 1642 3877 1699; x_wconf 80' lang='grc' dir='ltr'>καὶ</span> 
     </span>
    </p>
   </div>
   <div class='ocr_carea' id='block_1_33' title="bbox 2237 1729 3878 1808">
    <p class='ocr_par' dir='ltr' id='par_1_33' title="bbox 2237 1729 3878 1808">
     <span class='ocr_line' id='line_1_33' title="bbox 2237 1729 3878 1808; baseline -0.004 -18"><span class='ocrx_word' id='word_1_222' title='bbox 2237 1756 2257 1783; x_wconf 77' lang='grc' dir='ltr'><strong>ι</strong></span> <span class='ocrx_word' id='word_1_223' title='bbox 2293 1731 2503 1808; x_wconf 74' lang='grc' dir='ltr'>ἤγαγον</span> <span class='ocrx_word' id='word_1_224' title='bbox 2559 1734 2722 1788; x_wconf 83' lang='grc' dir='ltr'>αὐτὸν</span> <span class='ocrx_word' id='word_1_225' title='bbox 2782 1732 2870 1787; x_wconf 70' lang='grc' dir='ltr'>ἐπὶ</span> <span class='ocrx_word' id='word_1_226' title='bbox 2917 1733 2980 1786; x_wconf 89' lang='grc' dir='ltr'>τὸ</span> <span class='ocrx_word' id='word_1_227' title='bbox 3042 1733 3218 1807; x_wconf 82' lang='grc' dir='ltr'>βῆμα,</span> <span class='ocrx_word' id='word_1_228' title='bbox 3291 1731 3583 1808; x_wconf 74' lang='grc' dir='ltr'>λέγοντες,</span> <span class='ocrx_word' id='word_1_229' title='bbox 3635 1729 3878 1805; x_wconf 74' lang='grc' dir='ltr'>δτιΙΙαρᾶ</span> 
     </span>
    </p>
   </div>
   <div class='ocr_carea' id='block_1_34' title="bbox 464 1814 2126 1918">
    <p class='ocr_par' dir='ltr' id='par_1_34' title="bbox 464 1821 2119 1903">
     <span class='ocr_line' id='line_1_34' title="bbox 464 1821 2119 1903; baseline -0.008 -16"><span class='ocrx_word' id='word_1_230' title='bbox 464 1830 653 1903; x_wconf 81' lang='lat' dir='ltr'>legem</span> <span class='ocrx_word' id='word_1_231' title='bbox 688 1829 785 1884; x_wconf 89' lang='lat' dir='ltr'>hic</span> <span class='ocrx_word' id='word_1_232' title='bbox 845 1828 1054 1883; x_wconf 87' lang='lat' dir='ltr'>suadet</span> <span class='ocrx_word' id='word_1_233' title='bbox 1114 1825 1457 1882; x_wconf 91' lang='lat' dir='ltr'>hominibus</span> <span class='ocrx_word' id='word_1_234' title='bbox 1510 1822 1705 1878; x_wconf 85' lang='lat' dir='ltr'>colere</span> <span class='ocrx_word' id='word_1_235' title='bbox 1736 1823 1941 1877; x_wconf 91' lang='lat' dir='ltr'>Deum.</span> <span class='ocrx_word' id='word_1_236' title='bbox 1975 1821 2119 1875; x_wconf 89' lang='lat' dir='ltr'>Cum</span> 
     </span>
    </p>
   </div>
   <div class='ocr_carea' id='block_1_35' title="bbox 2245 1814 3879 1918">
    <p class='ocr_par' dir='ltr' id='par_1_35' title="bbox 2247 1814 3879 1897">
     <span class='ocr_line' id='line_1_35' title="bbox 2247 1814 3879 1897; baseline -0.001 -24"><span class='ocrx_word' id='word_1_237' title='bbox 2247 1847 2260 1873; x_wconf 95' lang='grc'><strong>‹</strong></span> <span class='ocrx_word' id='word_1_238' title='bbox 2293 1822 2385 1877; x_wconf 88' lang='grc' dir='ltr'>τὸν</span> <span class='ocrx_word' id='word_1_239' title='bbox 2416 1826 2583 1897; x_wconf 76' lang='grc' dir='ltr'>νόμον</span> <span class='ocrx_word' id='word_1_240' title='bbox 2640 1822 2800 1882; x_wconf 82' lang='grc' dir='ltr'>οὗτος</span> <span class='ocrx_word' id='word_1_241' title='bbox 2856 1821 3133 1885; x_wconf 81' lang='grc' dir='ltr'>ἀναπείθει</span> <span class='ocrx_word' id='word_1_242' title='bbox 3187 1822 3313 1883; x_wconf 75' lang='grc' dir='ltr'>τοὺς</span> <span class='ocrx_word' id='word_1_243' title='bbox 3375 1819 3700 1897; x_wconf 81' lang='grc' dir='ltr'>ἀνθρώπους</span> <span class='ocrx_word' id='word_1_244' title='bbox 3742 1814 3879 1873; x_wconf 72' lang='grc' dir='ltr'>σέϐε-</span> 
     </span>
    </p>
   </div>
   <div class='ocr_carea' id='block_1_36' title="bbox 466 1908 2115 1987">
    <p class='ocr_par' dir='ltr' id='par_1_36' title="bbox 466 1908 2115 1987">
     <span class='ocr_line' id='line_1_36' title="bbox 466 1908 2115 1987; baseline -0.007 -13"><span class='ocrx_word' id='word_1_245' title='bbox 466 1925 665 1975; x_wconf 88' lang='lat' dir='ltr'>autem</span> <span class='ocrx_word' id='word_1_246' title='bbox 695 1918 914 1972; x_wconf 86' lang='lat' dir='ltr'>Paulus</span> <span class='ocrx_word' id='word_1_247' title='bbox 964 1919 1203 1987; x_wconf 86' lang='lat' dir='ltr'>pararet</span> <span class='ocrx_word' id='word_1_248' title='bbox 1260 1913 1491 1985; x_wconf 91' lang='lat' dir='ltr'>aperire</span> <span class='ocrx_word' id='word_1_249' title='bbox 1524 1929 1609 1979; x_wconf 89' lang='lat' dir='ltr'>os,</span> <span class='ocrx_word' id='word_1_250' title='bbox 1644 1911 1791 1965; x_wconf 83' lang='lat' dir='ltr'>dixit</span> <span class='ocrx_word' id='word_1_251' title='bbox 1822 1909 2008 1964; x_wconf 88' lang='lat' dir='ltr'>Gallio</span> <span class='ocrx_word' id='word_1_252' title='bbox 2042 1908 2115 1964; x_wconf 90' lang='lat' dir='ltr'>ad</span> 
     </span>
    </p>
   </div>
   <div class='ocr_carea' id='block_1_37' title="bbox 465 1998 2116 2076">
    <p class='ocr_par' dir='ltr' id='par_1_37' title="bbox 465 1998 2116 2076">
     <span class='ocr_line' id='line_1_37' title="bbox 465 1998 2116 2076; baseline -0.007 -13"><span class='ocrx_word' id='word_1_253' title='bbox 465 2007 697 2063; x_wconf 74' lang='lat' dir='ltr'>Judmos</span> <span class='ocrx_word' id='word_1_254' title='bbox 724 2022 737 2061; x_wconf 94' lang='lat'>:</span> <span class='ocrx_word' id='word_1_255' title='bbox 771 2005 826 2060; x_wconf 91' lang='lat' dir='ltr'>Si</span> <span class='ocrx_word' id='word_1_256' title='bbox 859 2022 976 2076; x_wconf 87' lang='lat' dir='ltr'>qua</span> <span class='ocrx_word' id='word_1_257' title='bbox 1006 2003 1228 2075; x_wconf 90' lang='lat' dir='ltr'>injuria</span> <span class='ocrx_word' id='word_1_258' title='bbox 1267 2009 1424 2058; x_wconf 90' lang='lat' dir='ltr'>esset</span> <span class='ocrx_word' id='word_1_259' title='bbox 1476 2008 1577 2056; x_wconf 91' lang='lat' dir='ltr'>aut</span> <span class='ocrx_word' id='word_1_260' title='bbox 1606 2000 1836 2055; x_wconf 84' lang='lat' dir='ltr'>facinus</span> <span class='ocrx_word' id='word_1_261' title='bbox 1867 1998 2116 2064; x_wconf 90' lang='lat' dir='ltr'>malum,</span> 
     </span>
    </p>
   </div>
   <div class='ocr_carea' id='block_1_38' title="bbox 469 2086 2117 2162">
    <p class='ocr_par' dir='ltr' id='par_1_38' title="bbox 469 2086 2117 2162">
     <span class='ocr_line' id='line_1_38' title="bbox 469 2086 2117 2162; baseline -0.005 -12"><span class='ocrx_word' id='word_1_262' title='bbox 469 2113 502 2150; x_wconf 94' lang='grc' dir='ltr'>ο</span> <span class='ocrx_word' id='word_1_263' title='bbox 531 2095 736 2162; x_wconf 82' lang='lat' dir='ltr'>Judaei,</span> <span class='ocrx_word' id='word_1_264' title='bbox 771 2095 984 2149; x_wconf 90' lang='lat' dir='ltr'>merito</span> <span class='ocrx_word' id='word_1_265' title='bbox 1041 2109 1146 2147; x_wconf 90' lang='lat' dir='ltr'>vos</span> <span class='ocrx_word' id='word_1_266' title='bbox 1179 2092 1576 2146; x_wconf 85' lang='lat' dir='ltr'>sustinerem:</span> <span class='ocrx_word' id='word_1_267' title='bbox 1611 2089 1658 2144; x_wconf 88' lang='lat' dir='ltr'>si</span> <span class='ocrx_word' id='word_1_268' title='bbox 1688 2105 1823 2144; x_wconf 88' lang='lat' dir='ltr'>vero</span> <span class='ocrx_word' id='word_1_269' title='bbox 1869 2086 2117 2158; x_wconf 75' lang='lat' dir='ltr'>quaastio</span> 
     </span>
    </p>
   </div>
   <div class='ocr_carea' id='block_1_39' title="bbox 471 2179 2117 2252">
    <p class='ocr_par' dir='ltr' id='par_1_39' title="bbox 471 2179 2117 2252">
     <span class='ocr_line' id='line_1_39' title="bbox 471 2179 2117 2252; baseline -0.005 -12"><span class='ocrx_word' id='word_1_270' title='bbox 471 2191 560 2242; x_wconf 90' lang='lat' dir='ltr'>est</span> <span class='ocrx_word' id='word_1_271' title='bbox 589 2184 661 2239; x_wconf 88' lang='lat' dir='ltr'>de</span> <span class='ocrx_word' id='word_1_272' title='bbox 703 2199 975 2238; x_wconf 88' lang='lat' dir='ltr'>sermone</span> <span class='ocrx_word' id='word_1_273' title='bbox 1037 2188 1096 2237; x_wconf 89' lang='lat' dir='ltr'>et</span> <span class='ocrx_word' id='word_1_274' title='bbox 1150 2180 1497 2237; x_wconf 90' lang='lat' dir='ltr'>nominibus</span> <span class='ocrx_word' id='word_1_275' title='bbox 1526 2197 1594 2236; x_wconf 86' lang='lat' dir='ltr'>ac</span> <span class='ocrx_word' id='word_1_276' title='bbox 1642 2179 1769 2252; x_wconf 87' lang='lat' dir='ltr'>lege</span> <span class='ocrx_word' id='word_1_277' title='bbox 1802 2180 1949 2234; x_wconf 76' lang='grc'>141</span> <span class='ocrx_word' id='word_1_278' title='bbox 1987 2194 2117 2248; x_wconf 64' lang='lat' dir='ltr'>quas</span> 
     </span>
    </p>
   </div>
   <div class='ocr_carea' id='block_1_40' title="bbox 471 2269 2119 2349">
    <p class='ocr_par' dir='ltr' id='par_1_40' title="bbox 471 2269 2119 2349">
     <span class='ocr_line' id='line_1_40' title="bbox 471 2269 2119 2349; baseline -0.006 -16"><span class='ocrx_word' id='word_1_279' title='bbox 471 2275 626 2349; x_wconf 88' lang='lat' dir='ltr'>apud</span> <span class='ocrx_word' id='word_1_280' title='bbox 656 2291 759 2329; x_wconf 89' lang='lat' dir='ltr'>vos</span> <span class='ocrx_word' id='word_1_281' title='bbox 789 2279 897 2341; x_wconf 89' lang='lat' dir='ltr'>est,</span> <span class='ocrx_word' id='word_1_282' title='bbox 932 2290 1031 2328; x_wconf 90' lang='lat' dir='ltr'>vos</span> <span class='ocrx_word' id='word_1_283' title='bbox 1081 2273 1195 2345; x_wconf 88' lang='lat' dir='ltr'>ipsi</span> <span class='ocrx_word' id='word_1_284' title='bbox 1252 2270 1554 2338; x_wconf 87' lang='lat' dir='ltr'>videritis;</span> <span class='ocrx_word' id='word_1_285' title='bbox 1606 2269 1793 2343; x_wconf 88' lang='lat' dir='ltr'>judex</span> <span class='ocrx_word' id='word_1_286' title='bbox 1823 2269 1981 2324; x_wconf 89' lang='lat' dir='ltr'>enim</span> <span class='ocrx_word' id='word_1_287' title='bbox 2015 2284 2119 2340; x_wconf 89' lang='lat' dir='ltr'>ego</span> 
     </span>
    </p>
   </div>
   <div class='ocr_carea' id='block_1_41' title="bbox 470 2359 1971 2436">
    <p class='ocr_par' dir='ltr' id='par_1_41' title="bbox 470 2359 1971 2436">
     <span class='ocr_line' id='line_1_41' title="bbox 470 2359 1971 2436; baseline -0.009 -12"><span class='ocrx_word' id='word_1_288' title='bbox 470 2368 684 2423; x_wconf 89' lang='lat' dir='ltr'>horum</span> <span class='ocrx_word' id='word_1_289' title='bbox 713 2365 854 2421; x_wconf 92' lang='lat' dir='ltr'>nolo</span> <span class='ocrx_word' id='word_1_290' title='bbox 887 2381 1034 2421; x_wconf 88' lang='lat' dir='ltr'>esse.</span> <span class='ocrx_word' id='word_1_291' title='bbox 1069 2364 1137 2419; x_wconf 87' lang='lat' dir='ltr'>Et</span> <span class='ocrx_word' id='word_1_292' title='bbox 1164 2362 1360 2436; x_wconf 82' lang='lat' dir='ltr'>abegit</span> <span class='ocrx_word' id='word_1_293' title='bbox 1412 2378 1513 2417; x_wconf 88' lang='lat' dir='ltr'>eos</span> <span class='ocrx_word' id='word_1_294' title='bbox 1543 2377 1577 2417; x_wconf 89' lang='lat' dir='ltr'>a</span> <span class='ocrx_word' id='word_1_295' title='bbox 1605 2359 1911 2416; x_wconf 88' lang='lat' dir='ltr'>tribunali.</span> <span class='ocrx_word' id='word_1_296' title='bbox 1950 2381 1971 2408; x_wconf 81' lang='grc' dir='ltr'>ι</span> 
     </span>
    </p>
   </div>
   <div class='ocr_carea' id='block_1_42' title="bbox 543 2627 2125 2707">
    <p class='ocr_par' dir='ltr' id='par_1_42' title="bbox 543 2627 2125 2707">
     <span class='ocr_line' id='line_1_42' title="bbox 543 2627 2125 2707; baseline -0.003 -22"><span class='ocrx_word' id='word_1_297' title='bbox 543 2658 571 2685; x_wconf 82' lang='grc' dir='ltr'>ιι</span> <span class='ocrx_word' id='word_1_298' title='bbox 605 2636 783 2690; x_wconf 86' lang='lat' dir='ltr'>Nocte</span> <span class='ocrx_word' id='word_1_299' title='bbox 815 2650 922 2707; x_wconf 90' lang='lat' dir='ltr'>per</span> <span class='ocrx_word' id='word_1_300' title='bbox 947 2632 1256 2687; x_wconf 86' lang='lat' dir='ltr'>visionem.</span> <span class='ocrx_word' id='word_1_301' title='bbox 1294 2650 1319 2682; x_wconf 73' lang='grc' dir='ltr'>ι</span> <span class='ocrx_word' id='word_1_302' title='bbox 1354 2628 1688 2686; x_wconf 86' lang='lat' dir='ltr'>Notandum</span> <span class='ocrx_word' id='word_1_303' title='bbox 1723 2628 1882 2700; x_wconf 91' lang='lat' dir='ltr'>quod</span> <span class='ocrx_word' id='word_1_304' title='bbox 1912 2627 2125 2682; x_wconf 87' lang='lat' dir='ltr'>viderit</span> 
     </span>
    </p>
   </div>
   <div class='ocr_carea' id='block_1_43' title="bbox 470 2720 2126 2791">
    <p class='ocr_par' dir='ltr' id='par_1_43' title="bbox 470 2720 2126 2791">
     <span class='ocr_line' id='line_1_43' title="bbox 470 2720 2126 2791; baseline -0.007 -10"><span class='ocrx_word' id='word_1_305' title='bbox 470 2726 689 2781; x_wconf 87' lang='lat' dir='ltr'>Paulus</span> <span class='ocrx_word' id='word_1_306' title='bbox 730 2723 1048 2779; x_wconf 87' lang='lat' dir='ltr'>Dominum</span> <span class='ocrx_word' id='word_1_307' title='bbox 1107 2722 1307 2776; x_wconf 84' lang='lat' dir='ltr'>Jesum</span> <span class='ocrx_word' id='word_1_308' title='bbox 1359 2737 1467 2791; x_wconf 89' lang='lat' dir='ltr'>per</span> <span class='ocrx_word' id='word_1_309' title='bbox 1523 2720 1842 2774; x_wconf 89' lang='lat' dir='ltr'>somnium.</span> <span class='ocrx_word' id='word_1_310' title='bbox 1878 2720 2126 2788; x_wconf 88' lang='lat' dir='ltr'>Propter</span> 
     </span>
    </p>
   </div>
   <div class='ocr_carea' id='block_1_44' title="bbox 471 2806 2125 2886">
    <p class='ocr_par' dir='ltr' id='par_1_44' title="bbox 471 2806 2125 2886">
     <span class='ocr_line' id='line_1_44' title="bbox 471 2806 2125 2886; baseline -0.005 -17"><span class='ocrx_word' id='word_1_311' title='bbox 471 2813 629 2886; x_wconf 91' lang='lat' dir='ltr'>quod</span> <span class='ocrx_word' id='word_1_312' title='bbox 663 2813 841 2868; x_wconf 88' lang='lat' dir='ltr'>etiam</span> <span class='ocrx_word' id='word_1_313' title='bbox 872 2812 1000 2881; x_wconf 89' lang='lat' dir='ltr'>ipse</span> <span class='ocrx_word' id='word_1_314' title='bbox 1032 2810 1265 2865; x_wconf 88' lang='lat' dir='ltr'>dicebat</span> <span class='ocrx_word' id='word_1_315' title='bbox 1294 2827 1307 2863; x_wconf 89' lang='lat'>:</span> <span class='ocrx_word' id='word_1_316' title='bbox 1362 2811 1567 2863; x_wconf 83' lang='lat' dir='ltr'>Nonne</span> <span class='ocrx_word' id='word_1_317' title='bbox 1596 2809 1797 2863; x_wconf 69' lang='lat' dir='ltr'>Jeeum</span> <span class='ocrx_word' id='word_1_318' title='bbox 1826 2806 2125 2861; x_wconf 90' lang='lat' dir='ltr'>Christum</span> 
     </span>
    </p>
   </div>
   <div class='ocr_carea' id='block_1_45' title="bbox 470 2895 2124 2967">
    <p class='ocr_par' dir='ltr' id='par_1_45' title="bbox 470 2895 2124 2967">
     <span class='ocr_line' id='line_1_45' title="bbox 470 2895 2124 2967; baseline -0.004 -11"><span class='ocrx_word' id='word_1_319' title='bbox 470 2902 789 2956; x_wconf 91' lang='lat' dir='ltr'>Dominum</span> <span class='ocrx_word' id='word_1_320' title='bbox 819 2905 1087 2955; x_wconf 89' lang='lat' dir='ltr'>nostrum</span> <span class='ocrx_word' id='word_1_321' title='bbox 1115 2898 1278 2953; x_wconf 83' lang='lat' dir='ltr'>vidi?</span> <span class='ocrx_word' id='word_1_322' title='bbox 1300 2897 1426 2952; x_wconf 90' lang='lat' dir='ltr'>Sive</span> <span class='ocrx_word' id='word_1_323' title='bbox 1453 2903 1653 2952; x_wconf 91' lang='lat' dir='ltr'>autem</span> <span class='ocrx_word' id='word_1_324' title='bbox 1676 2913 1782 2967; x_wconf 91' lang='lat' dir='ltr'>per</span> <span class='ocrx_word' id='word_1_325' title='bbox 1802 2895 2124 2960; x_wconf 88' lang='lat' dir='ltr'>somnium,</span> 
     </span>
    </p>
   </div>
   <div class='ocr_carea' id='block_1_46' title="bbox 470 2984 2123 3063">
    <p class='ocr_par' dir='ltr' id='par_1_46' title="bbox 470 2984 2123 3063">
     <span class='ocr_line' id='line_1_46' title="bbox 470 2984 2123 3063; baseline -0.005 -17"><span class='ocrx_word' id='word_1_326' title='bbox 470 2991 593 3047; x_wconf 85' lang='lat' dir='ltr'>sive</span> <span class='ocrx_word' id='word_1_327' title='bbox 624 2990 879 3063; x_wconf 87' lang='lat' dir='ltr'>vigilans</span> <span class='ocrx_word' id='word_1_328' title='bbox 908 2990 1107 3044; x_wconf 82' lang='lat' dir='ltr'>Jesum</span> <span class='ocrx_word' id='word_1_329' title='bbox 1130 2986 1359 3054; x_wconf 86' lang='lat' dir='ltr'>viderit,</span> <span class='ocrx_word' id='word_1_330' title='bbox 1388 2986 1556 3041; x_wconf 91' lang='lat' dir='ltr'>nulla</span> <span class='ocrx_word' id='word_1_331' title='bbox 1585 2991 1674 3041; x_wconf 91' lang='lat' dir='ltr'>est</span> <span class='ocrx_word' id='word_1_332' title='bbox 1703 2984 2123 3056; x_wconf 86' lang='lat' dir='ltr'>discrepantia:</span> 
     </span>
    </p>
   </div>
   <div class='ocr_carea' id='block_1_47' title="bbox 470 3076 1643 3148">
    <p class='ocr_par' dir='ltr' id='par_1_47' title="bbox 470 3076 1643 3148">
     <span class='ocr_line' id='line_1_47' title="bbox 470 3076 1643 3148; baseline -0.003 -13"><span class='ocrx_word' id='word_1_333' title='bbox 470 3084 739 3135; x_wconf 85' lang='lat' dir='ltr'>attamen</span> <span class='ocrx_word' id='word_1_334' title='bbox 772 3079 835 3133; x_wconf 90' lang='lat' dir='ltr'>in</span> <span class='ocrx_word' id='word_1_335' title='bbox 868 3077 963 3133; x_wconf 91' lang='lat' dir='ltr'>die</span> <span class='ocrx_word' id='word_1_336' title='bbox 993 3078 1173 3132; x_wconf 88' lang='lat' dir='ltr'>etiam</span> <span class='ocrx_word' id='word_1_337' title='bbox 1201 3076 1317 3148; x_wconf 90' lang='lat' dir='ltr'>ipsi</span> <span class='ocrx_word' id='word_1_338' title='bbox 1349 3077 1643 3148; x_wconf 89' lang='lat' dir='ltr'>apparuit.</span> 
     </span>
    </p>
   </div>
   <div class='ocr_carea' id='block_1_48' title="bbox 539 3164 2123 3238">
    <p class='ocr_par' dir='ltr' id='par_1_48' title="bbox 539 3164 2123 3238">
     <span class='ocr_line' id='line_1_48' title="bbox 539 3164 2123 3238; baseline -0.003 -15"><span class='ocrx_word' id='word_1_339' title='bbox 539 3169 736 3235; x_wconf 86' lang='lat' dir='ltr'><strong>XVIII,</strong></span> <span class='ocrx_word' id='word_1_340' title='bbox 771 3167 857 3222; x_wconf 87' lang='grc'>17.</span> <span class='ocrx_word' id='word_1_341' title='bbox 896 3187 922 3219; x_wconf 84' lang='grc' dir='ltr'>ιι</span> <span class='ocrx_word' id='word_1_342' title='bbox 954 3166 1407 3238; x_wconf 82' lang='lat' dir='ltr'>Apprehensum</span> <span class='ocrx_word' id='word_1_343' title='bbox 1456 3172 1655 3221; x_wconf 87' lang='lat' dir='ltr'>autem</span> <span class='ocrx_word' id='word_1_344' title='bbox 1698 3181 1908 3221; x_wconf 89' lang='lat' dir='ltr'>omnes</span> <span class='ocrx_word' id='word_1_345' title='bbox 1940 3164 2123 3219; x_wconf 63' lang='lat' dir='ltr'>Graeci</span> 
     </span>
    </p>
   </div>
   <div class='ocr_carea' id='block_1_49' title="bbox 471 3252 2127 3327">
    <p class='ocr_par' dir='ltr' id='par_1_49' title="bbox 471 3252 2127 3327">
     <span class='ocr_line' id='line_1_49' title="bbox 471 3252 2127 3327; baseline -0.002 -15"><span class='ocrx_word' id='word_1_346' title='bbox 471 3258 822 3312; x_wconf 90' lang='lat' dir='ltr'>Sosthenem</span> <span class='ocrx_word' id='word_1_347' title='bbox 906 3255 1239 3326; x_wconf 89' lang='lat' dir='ltr'>principem</span> <span class='ocrx_word' id='word_1_348' title='bbox 1324 3270 1632 3327; x_wconf 74' lang='lat' dir='ltr'>synagogas</span> <span class='ocrx_word' id='word_1_349' title='bbox 1716 3252 2127 3325; x_wconf 85' lang='lat' dir='ltr'>percutiebant</span> 
     </span>
    </p>
   </div>
   <div class='ocr_carea' id='block_1_50' title="bbox 478 3341 2127 3414">
    <p class='ocr_par' dir='ltr' id='par_1_50' title="bbox 478 3341 2127 3414">
     <span class='ocr_line' id='line_1_50' title="bbox 478 3341 2127 3414; baseline -0.004 -13"><span class='ocrx_word' id='word_1_350' title='bbox 478 3350 616 3402; x_wconf 85' lang='lat' dir='ltr'>ante</span> <span class='ocrx_word' id='word_1_351' title='bbox 674 3344 960 3412; x_wconf 89' lang='lat' dir='ltr'>tribunal,</span> <span class='ocrx_word' id='word_1_352' title='bbox 1018 3360 1212 3414; x_wconf 88' lang='lat' dir='ltr'>neque</span> <span class='ocrx_word' id='word_1_353' title='bbox 1252 3342 1577 3414; x_wconf 88' lang='lat' dir='ltr'>quidquam</span> <span class='ocrx_word' id='word_1_354' title='bbox 1628 3359 1832 3399; x_wconf 90' lang='lat' dir='ltr'>eorum</span> <span class='ocrx_word' id='word_1_355' title='bbox 1874 3341 2127 3411; x_wconf 65' lang='lat' dir='ltr'>Gallioni</span> 
     </span>
    </p>
   </div>
   <div class='ocr_carea' id='block_1_51' title="bbox 482 3439 880 3491">
    <p class='ocr_par' dir='ltr' id='par_1_51' title="bbox 482 3439 880 3491">
     <span class='ocr_line' id='line_1_51' title="bbox 482 3439 880 3491; baseline -0.02 -1"><span class='ocrx_word' id='word_1_356' title='bbox 482 3451 639 3491; x_wconf 73' lang='lat' dir='ltr'>curae</span> <span class='ocrx_word' id='word_1_357' title='bbox 670 3439 816 3489; x_wconf 90' lang='lat' dir='ltr'>erat.</span> <span class='ocrx_word' id='word_1_358' title='bbox 852 3455 880 3483; x_wconf 84' lang='lat'><strong>»</strong></span> 
     </span>
    </p>
   </div>
   <div class='ocr_carea' id='block_1_52' title="bbox 554 3524 2128 3596">
    <p class='ocr_par' dir='ltr' id='par_1_52' title="bbox 554 3524 2128 3596">
     <span class='ocr_line' id='line_1_52' title="bbox 554 3524 2128 3596; baseline 0.001 -17"><span class='ocrx_word' id='word_1_359' title='bbox 554 3526 668 3579; x_wconf 84' lang='lat' dir='ltr'>Aut</span> <span class='ocrx_word' id='word_1_360' title='bbox 688 3524 1039 3579; x_wconf 88' lang='lat' dir='ltr'>Sosthenem</span> <span class='ocrx_word' id='word_1_361' title='bbox 1066 3528 1378 3595; x_wconf 88' lang='lat' dir='ltr'>propterea</span> <span class='ocrx_word' id='word_1_362' title='bbox 1398 3524 1829 3595; x_wconf 88' lang='lat' dir='ltr'>percutiebant,</span> <span class='ocrx_word' id='word_1_363' title='bbox 1846 3525 2128 3596; x_wconf 89' lang='lat' dir='ltr'>quoniam</span> 
     </span>
    </p>
   </div>
   <div class='ocr_carea' id='block_1_53' title="bbox 484 3612 2128 3686">
    <p class='ocr_par' dir='ltr' id='par_1_53' title="bbox 484 3612 2128 3686">
     <span class='ocr_line' id='line_1_53' title="bbox 484 3612 2128 3686; baseline 0 -17"><span class='ocrx_word' id='word_1_364' title='bbox 484 3615 615 3686; x_wconf 86' lang='lat' dir='ltr'>ipse</span> <span class='ocrx_word' id='word_1_365' title='bbox 636 3612 820 3669; x_wconf 91' lang='lat' dir='ltr'>Paulo</span> <span class='ocrx_word' id='word_1_366' title='bbox 845 3613 1032 3685; x_wconf 84' lang='lat' dir='ltr'>magis</span> <span class='ocrx_word' id='word_1_367' title='bbox 1053 3613 1402 3683; x_wconf 66' lang='lat' dir='ltr'>adhaereret,</span> <span class='ocrx_word' id='word_1_368' title='bbox 1429 3613 1926 3683; x_wconf 88' lang='lat' dir='ltr'>quemadmodum</span> <span class='ocrx_word' id='word_1_369' title='bbox 1948 3614 2128 3669; x_wconf 88' lang='lat' dir='ltr'>etiam</span> 
     </span>
    </p>
   </div>
   <div class='ocr_carea' id='block_1_54' title="bbox 481 3702 2129 3775">
    <p class='ocr_par' dir='ltr' id='par_1_54' title="bbox 481 3702 2129 3775">
     <span class='ocr_line' id='line_1_54' title="bbox 481 3702 2129 3775; baseline -0.001 -16"><span class='ocrx_word' id='word_1_370' title='bbox 481 3704 719 3774; x_wconf 88' lang='lat' dir='ltr'>Crispus</span> <span class='ocrx_word' id='word_1_371' title='bbox 741 3703 1019 3774; x_wconf 90' lang='lat' dir='ltr'>princeps</span> <span class='ocrx_word' id='word_1_372' title='bbox 1047 3718 1355 3775; x_wconf 60' lang='lat' dir='ltr'>synagoga)</span> <span class='ocrx_word' id='word_1_373' title='bbox 1378 3719 1390 3757; x_wconf 91' lang='lat'>:</span> <span class='ocrx_word' id='word_1_374' title='bbox 1414 3708 1515 3757; x_wconf 88' lang='lat' dir='ltr'>aut</span> <span class='ocrx_word' id='word_1_375' title='bbox 1536 3702 1599 3756; x_wconf 92' lang='lat' dir='ltr'>in</span> <span class='ocrx_word' id='word_1_376' title='bbox 1623 3707 1855 3758; x_wconf 85' lang='lat' dir='ltr'>tantum</span> <span class='ocrx_word' id='word_1_377' title='bbox 1879 3702 2129 3758; x_wconf 81' lang='lat' dir='ltr'>insanias</span> 
     </span>
    </p>
   </div>
   <div class='ocr_carea' id='block_1_55' title="bbox 483 3792 2128 3863">
    <p class='ocr_par' dir='ltr' id='par_1_55' title="bbox 483 3792 2128 3863">
     <span class='ocr_line' id='line_1_55' title="bbox 483 3792 2128 3863; baseline 0.001 -15"><span class='ocrx_word' id='word_1_378' title='bbox 483 3792 966 3863; x_wconf 90' lang='lat' dir='ltr'>impellebantur,</span> <span class='ocrx_word' id='word_1_379' title='bbox 1000 3798 1066 3847; x_wconf 90' lang='lat' dir='ltr'>ut</span> <span class='ocrx_word' id='word_1_380' title='bbox 1095 3808 1201 3847; x_wconf 89' lang='lat' dir='ltr'>suo</span> <span class='ocrx_word' id='word_1_381' title='bbox 1241 3792 1509 3847; x_wconf 84' lang='lat' dir='ltr'>frustrati</span> <span class='ocrx_word' id='word_1_382' title='bbox 1550 3792 1780 3847; x_wconf 87' lang='lat' dir='ltr'>intento</span> <span class='ocrx_word' id='word_1_383' title='bbox 1811 3810 1944 3849; x_wconf 89' lang='lat' dir='ltr'>cum</span> <span class='ocrx_word' id='word_1_384' title='bbox 1976 3795 2128 3850; x_wconf 82' lang='lat' dir='ltr'>Pau-</span> 
     </span>
    </p>
   </div>
   <div class='ocr_carea' id='block_1_56' title="bbox 479 3868 2129 3957">
    <p class='ocr_par' dir='ltr' id='par_1_56' title="bbox 479 3868 2129 3957">
     <span class='ocr_line' id='line_1_56' title="bbox 479 3868 2129 3957; baseline -0.001 -17"><span class='ocrx_word' id='word_1_385' title='bbox 479 3883 602 3940; x_wconf 92' lang='lat' dir='ltr'>lum</span> <span class='ocrx_word' id='word_1_386' title='bbox 661 3882 1023 3938; x_wconf 89' lang='lat' dir='ltr'>verberaturi</span> <span class='ocrx_word' id='word_1_387' title='bbox 1078 3881 1353 3947; x_wconf 85' lang='lat' dir='ltr'>fuissent,</span> <span class='ocrx_word' id='word_1_388' title='bbox 1412 3883 1762 3938; x_wconf 88' lang='lat' dir='ltr'>Sosthenem</span> <span class='ocrx_word' id='word_1_389' title='bbox 1800 3868 2129 3957; x_wconf 13' lang='lat' dir='ltr'>‘synagogaa</span> 
     </span>
    </p>
   </div>
   <div class='ocr_carea' id='block_1_57' title="bbox 479 3970 2131 4045">
    <p class='ocr_par' dir='ltr' id='par_1_57' title="bbox 479 3970 2131 4045">
     <span class='ocr_line' id='line_1_57' title="bbox 479 3970 2131 4045; baseline 0 -19"><span class='ocrx_word' id='word_1_390' title='bbox 479 3971 814 4045; x_wconf 84' lang='lat' dir='ltr'>principem</span> <span class='ocrx_word' id='word_1_391' title='bbox 848 3970 1263 4026; x_wconf 87' lang='lat' dir='ltr'>verberarent:</span> <span class='ocrx_word' id='word_1_392' title='bbox 1300 3972 1419 4027; x_wconf 90' lang='lat' dir='ltr'>sive</span> <span class='ocrx_word' id='word_1_393' title='bbox 1444 3978 1759 4044; x_wconf 91' lang='lat' dir='ltr'>propterea</span> <span class='ocrx_word' id='word_1_394' title='bbox 1789 3973 1982 4044; x_wconf 89' lang='lat' dir='ltr'>ipsum</span> <span class='ocrx_word' id='word_1_395' title='bbox 2008 3989 2131 4027; x_wconf 86' lang='lat' dir='ltr'>ver-</span> 
     </span>
    </p>
   </div>
   <div class='ocr_carea' id='block_1_58' title="bbox 476 4061 2133 4132">
    <p class='ocr_par' dir='ltr' id='par_1_58' title="bbox 476 4061 2133 4132">
     <span class='ocr_line' id='line_1_58' title="bbox 476 4061 2133 4132; baseline 0.002 -16"><span class='ocrx_word' id='word_1_396' title='bbox 476 4062 785 4131; x_wconf 89' lang='lat' dir='ltr'>berabant,</span> <span class='ocrx_word' id='word_1_397' title='bbox 821 4061 1103 4132; x_wconf 88' lang='lat' dir='ltr'>quoniam</span> <span class='ocrx_word' id='word_1_398' title='bbox 1164 4062 1414 4117; x_wconf 90' lang='lat' dir='ltr'>Paulum</span> <span class='ocrx_word' id='word_1_399' title='bbox 1473 4063 1719 4119; x_wconf 91' lang='lat' dir='ltr'>omnino</span> <span class='ocrx_word' id='word_1_400' title='bbox 1750 4062 2133 4119; x_wconf 87' lang='lat' dir='ltr'>decreverant</span> 
     </span>
    </p>
   </div>
   <div class='ocr_carea' id='block_1_59' title="bbox 482 4152 1839 4225">
    <p class='ocr_par' dir='ltr' id='par_1_59' title="bbox 482 4152 1839 4225">
     <span class='ocr_line' id='line_1_59' title="bbox 482 4152 1839 4225; baseline 0.001 -18"><span class='ocrx_word' id='word_1_401' title='bbox 482 4152 771 4220; x_wconf 90' lang='lat' dir='ltr'>occidere,</span> <span class='ocrx_word' id='word_1_402' title='bbox 807 4157 865 4208; x_wconf 90' lang='lat' dir='ltr'>et</span> <span class='ocrx_word' id='word_1_403' title='bbox 895 4152 1214 4207; x_wconf 90' lang='lat' dir='ltr'>Sosthenes</span> <span class='ocrx_word' id='word_1_404' title='bbox 1242 4153 1405 4224; x_wconf 92' lang='lat' dir='ltr'>ipsos</span> <span class='ocrx_word' id='word_1_405' title='bbox 1436 4154 1839 4225; x_wconf 87' lang='lat' dir='ltr'>prohibuerat.</span> 
     </span>
    </p>
   </div>
   <div class='ocr_carea' id='block_1_60' title="bbox 550 4242 2132 4316">
    <p class='ocr_par' dir='ltr' id='par_1_60' title="bbox 550 4242 2132 4316">
     <span class='ocr_line' id='line_1_60' title="bbox 550 4242 2132 4316; baseline 0.003 -18"><span class='ocrx_word' id='word_1_406' title='bbox 550 4243 745 4312; x_wconf 81' lang='lat' dir='ltr'><strong>XVIII,</strong></span> <span class='ocrx_word' id='word_1_407' title='bbox 782 4244 867 4297; x_wconf 75' lang='lat' dir='ltr'>i8.</span> <span class='ocrx_word' id='word_1_408' title='bbox 930 4264 958 4293; x_wconf 83' lang='grc' dir='ltr'>ι(</span> <span class='ocrx_word' id='word_1_409' title='bbox 1002 4242 1220 4298; x_wconf 89' lang='lat' dir='ltr'>Paulus</span> <span class='ocrx_word' id='word_1_410' title='bbox 1276 4260 1412 4298; x_wconf 88' lang='lat' dir='ltr'>vero</span> <span class='ocrx_word' id='word_1_411' title='bbox 1471 4250 1676 4316; x_wconf 88' lang='lat' dir='ltr'>postea</span> <span class='ocrx_word' id='word_1_412' title='bbox 1732 4254 2132 4303; x_wconf 86' lang='lat' dir='ltr'>commoratus</span> 
     </span>
    </p>
   </div>
   <div class='ocr_carea' id='block_1_61' title="bbox 483 4332 2132 4410">
    <p class='ocr_par' dir='ltr' id='par_1_61' title="bbox 483 4332 2132 4410">
     <span class='ocr_line' id='line_1_61' title="bbox 483 4332 2132 4410; baseline 0.002 -22"><span class='ocrx_word' id='word_1_413' title='bbox 483 4333 611 4388; x_wconf 89' lang='lat' dir='ltr'>dies</span> <span class='ocrx_word' id='word_1_414' title='bbox 638 4332 880 4400; x_wconf 91' lang='lat' dir='ltr'>multos,</span> <span class='ocrx_word' id='word_1_415' title='bbox 909 4349 1044 4389; x_wconf 91' lang='lat' dir='ltr'>cum</span> <span class='ocrx_word' id='word_1_416' title='bbox 1076 4333 1202 4387; x_wconf 86' lang='lat' dir='ltr'>vale</span> <span class='ocrx_word' id='word_1_417' title='bbox 1234 4332 1482 4388; x_wconf 78' lang='lat' dir='ltr'>dixisset</span> <span class='ocrx_word' id='word_1_418' title='bbox 1526 4334 1829 4405; x_wconf 85' lang='lat' dir='ltr'>fratribus,</span> <span class='ocrx_word' id='word_1_419' title='bbox 1863 4337 2132 4410; x_wconf 86' lang='lat' dir='ltr'>enaviga-</span> 
     </span>
    </p>
   </div>
   <div class='ocr_carea' id='block_1_62' title="bbox 482 4423 2130 4498">
    <p class='ocr_par' dir='ltr' id='par_1_62' title="bbox 482 4423 2130 4498">
     <span class='ocr_line' id='line_1_62' title="bbox 482 4423 2130 4498; baseline 0.004 -21"><span class='ocrx_word' id='word_1_420' title='bbox 482 4424 566 4478; x_wconf 88' lang='lat' dir='ltr'>vit</span> <span class='ocrx_word' id='word_1_421' title='bbox 622 4424 681 4478; x_wconf 91' lang='lat' dir='ltr'>in</span> <span class='ocrx_word' id='word_1_422' title='bbox 742 4423 991 4495; x_wconf 83' lang='lat' dir='ltr'>Syriam,</span> <span class='ocrx_word' id='word_1_423' title='bbox 1054 4428 1112 4477; x_wconf 91' lang='lat' dir='ltr'>et</span> <span class='ocrx_word' id='word_1_424' title='bbox 1170 4439 1303 4478; x_wconf 89' lang='lat' dir='ltr'>cum</span> <span class='ocrx_word' id='word_1_425' title='bbox 1364 4439 1431 4477; x_wconf 89' lang='lat' dir='ltr'>eo</span> <span class='ocrx_word' id='word_1_426' title='bbox 1492 4424 1761 4479; x_wconf 85' lang='lat' dir='ltr'>Priscilla</span> <span class='ocrx_word' id='word_1_427' title='bbox 1800 4432 1857 4481; x_wconf 91' lang='lat' dir='ltr'>et</span> <span class='ocrx_word' id='word_1_428' title='bbox 1896 4427 2130 4498; x_wconf 74' lang='lat' dir='ltr'>Aquila,</span> 
     </span>
    </p>
   </div>
   <div class='ocr_carea' id='block_1_63' title="bbox 487 4512 2134 4586">
    <p class='ocr_par' dir='ltr' id='par_1_63' title="bbox 487 4512 2134 4586">
     <span class='ocr_line' id='line_1_63' title="bbox 487 4512 2134 4586; baseline 0.002 -18"><span class='ocrx_word' id='word_1_429' title='bbox 487 4519 877 4586; x_wconf 89' lang='lat' dir='ltr'>posteaquam</span> <span class='ocrx_word' id='word_1_430' title='bbox 907 4516 1136 4568; x_wconf 88' lang='lat' dir='ltr'>raserat</span> <span class='ocrx_word' id='word_1_431' title='bbox 1166 4512 1227 4566; x_wconf 92' lang='lat' dir='ltr'>in</span> <span class='ocrx_word' id='word_1_432' title='bbox 1260 4512 1579 4567; x_wconf 87' lang='lat' dir='ltr'>Cenchreis</span> <span class='ocrx_word' id='word_1_433' title='bbox 1609 4520 1783 4585; x_wconf 90' lang='lat' dir='ltr'>caput</span> <span class='ocrx_word' id='word_1_434' title='bbox 1817 4533 1831 4581; x_wconf 88' lang='lat'><strong>;</strong></span> <span class='ocrx_word' id='word_1_435' title='bbox 1879 4515 2134 4572; x_wconf 88' lang='lat' dir='ltr'>habebat</span> 
     </span>
    </p>
   </div>
   <div class='ocr_carea' id='block_1_64' title="bbox 493 4606 958 4661">
    <p class='ocr_par' dir='ltr' id='par_1_64' title="bbox 493 4606 958 4661">
     <span class='ocr_line' id='line_1_64' title="bbox 493 4606 958 4661; baseline -0.019 0"><span class='ocrx_word' id='word_1_436' title='bbox 493 4606 653 4661; x_wconf 87' lang='lat' dir='ltr'>enim</span> <span class='ocrx_word' id='word_1_437' title='bbox 681 4610 899 4660; x_wconf 89' lang='lat' dir='ltr'>votum.</span> <span class='ocrx_word' id='word_1_438' title='bbox 930 4625 958 4654; x_wconf 84' lang='lat'><strong>»</strong></span> 
     </span>
    </p>
   </div>
   <div class='ocr_carea' id='block_1_65' title="bbox 560 4689 2133 4762">
    <p class='ocr_par' dir='ltr' id='par_1_65' title="bbox 560 4689 2133 4762">
     <span class='ocr_line' id='line_1_65' title="bbox 560 4689 2133 4762; baseline 0.002 -15"><span class='ocrx_word' id='word_1_439' title='bbox 560 4693 784 4747; x_wconf 83' lang='lat' dir='ltr'>Rursus</span> <span class='ocrx_word' id='word_1_440' title='bbox 814 4690 1122 4746; x_wconf 89' lang='lat' dir='ltr'>descendit</span> <span class='ocrx_word' id='word_1_441' title='bbox 1148 4689 1367 4746; x_wconf 89' lang='lat' dir='ltr'>Paulus</span> <span class='ocrx_word' id='word_1_442' title='bbox 1411 4690 1475 4744; x_wconf 90' lang='lat' dir='ltr'>in</span> <span class='ocrx_word' id='word_1_443' title='bbox 1507 4690 1755 4762; x_wconf 88' lang='lat' dir='ltr'>Syriam,</span> <span class='ocrx_word' id='word_1_444' title='bbox 1790 4698 1848 4747; x_wconf 92' lang='lat' dir='ltr'>et</span> <span class='ocrx_word' id='word_1_445' title='bbox 1899 4709 2032 4749; x_wconf 89' lang='lat' dir='ltr'>cum</span> <span class='ocrx_word' id='word_1_446' title='bbox 2065 4710 2133 4750; x_wconf 90' lang='lat' dir='ltr'>eo</span> 
     </span>
    </p>
   </div>
   <div class='ocr_carea' id='block_1_66' title="bbox 491 4779 2133 4855">
    <p class='ocr_par' dir='ltr' id='par_1_66' title="bbox 491 4779 2133 4855">
     <span class='ocr_line' id='line_1_66' title="bbox 491 4779 2133 4855; baseline 0.003 -19"><span class='ocrx_word' id='word_1_447' title='bbox 491 4779 763 4836; x_wconf 60' lang='lat' dir='ltr'>Priscilla</span> <span class='ocrx_word' id='word_1_448' title='bbox 790 4785 847 4833; x_wconf 91' lang='lat' dir='ltr'>et</span> <span class='ocrx_word' id='word_1_449' title='bbox 904 4779 1136 4851; x_wconf 81' lang='lat' dir='ltr'>Aquila,</span> <span class='ocrx_word' id='word_1_450' title='bbox 1197 4796 1332 4836; x_wconf 90' lang='lat' dir='ltr'>cum</span> <span class='ocrx_word' id='word_1_451' title='bbox 1390 4780 1654 4848; x_wconf 87' lang='lat' dir='ltr'>rasisset,</span> <span class='ocrx_word' id='word_1_452' title='bbox 1686 4781 1904 4853; x_wconf 88' lang='lat' dir='ltr'>inquit,</span> <span class='ocrx_word' id='word_1_453' title='bbox 1936 4790 2133 4855; x_wconf 83' lang='lat' dir='ltr'>caput.</span> 
     </span>
    </p>
   </div>
   <div class='ocr_carea' id='block_1_67' title="bbox 489 4866 2141 4944">
    <p class='ocr_par' dir='ltr' id='par_1_67' title="bbox 489 4866 2141 4944">
     <span class='ocr_line' id='line_1_67' title="bbox 489 4866 2141 4944; baseline 0.002 -21"><span class='ocrx_word' id='word_1_454' title='bbox 489 4866 716 4923; x_wconf 82' lang='lat' dir='ltr'>Radere</span> <span class='ocrx_word' id='word_1_455' title='bbox 747 4871 944 4921; x_wconf 91' lang='lat' dir='ltr'>autem</span> <span class='ocrx_word' id='word_1_456' title='bbox 967 4872 1144 4939; x_wconf 89' lang='lat' dir='ltr'>caput</span> <span class='ocrx_word' id='word_1_457' title='bbox 1169 4884 1237 4923; x_wconf 87' lang='lat' dir='ltr'>ex</span> <span class='ocrx_word' id='word_1_458' title='bbox 1262 4874 1416 4935; x_wconf 84' lang='lat' dir='ltr'>voto,</span> <span class='ocrx_word' id='word_1_459' title='bbox 1436 4869 1745 4925; x_wconf 87' lang='lat' dir='ltr'>Judaicum</span> <span class='ocrx_word' id='word_1_460' title='bbox 1780 4877 1906 4926; x_wconf 87' lang='lat' dir='ltr'>erat</span> <span class='ocrx_word' id='word_1_461' title='bbox 1928 4890 1941 4939; x_wconf 90' lang='lat'><strong>;</strong></span> <span class='ocrx_word' id='word_1_462' title='bbox 1972 4888 2141 4944; x_wconf 88' lang='lat' dir='ltr'>opor-</span> 
     </span>
    </p>
   </div>
   <div class='ocr_carea' id='block_1_68' title="bbox 491 4956 2136 5032">
    <p class='ocr_par' dir='ltr' id='par_1_68' title="bbox 491 4956 2136 5032">
     <span class='ocr_line' id='line_1_68' title="bbox 491 4956 2136 5032; baseline 0.004 -21"><span class='ocrx_word' id='word_1_463' title='bbox 491 4956 651 5012; x_wconf 90' lang='lat' dir='ltr'>tebat</span> <span class='ocrx_word' id='word_1_464' title='bbox 680 4961 879 5012; x_wconf 87' lang='lat' dir='ltr'>autem</span> <span class='ocrx_word' id='word_1_465' title='bbox 908 4962 974 5012; x_wconf 91' lang='lat' dir='ltr'>ut</span> <span class='ocrx_word' id='word_1_466' title='bbox 1021 4958 1379 5013; x_wconf 84' lang='lat' dir='ltr'>sacriﬁcium</span> <span class='ocrx_word' id='word_1_467' title='bbox 1430 4958 1650 5015; x_wconf 89' lang='lat' dir='ltr'>factum</span> <span class='ocrx_word' id='word_1_468' title='bbox 1681 4961 2019 5032; x_wconf 89' lang='lat' dir='ltr'>esset,quod</span> <span class='ocrx_word' id='word_1_469' title='bbox 2053 4962 2136 5018; x_wconf 87' lang='lat' dir='ltr'>fa-</span> 
     </span>
    </p>
   </div>
   <div class='ocr_carea' id='block_1_69' title="bbox 488 5046 2136 5117">
    <p class='ocr_par' dir='ltr' id='par_1_69' title="bbox 488 5046 2136 5117">
     <span class='ocr_line' id='line_1_69' title="bbox 488 5046 2136 5117; baseline 0.002 -13"><span class='ocrx_word' id='word_1_470' title='bbox 488 5053 647 5104; x_wconf 89' lang='lat' dir='ltr'>ctum</span> <span class='ocrx_word' id='word_1_471' title='bbox 677 5046 872 5102; x_wconf 88' lang='lat' dir='ltr'>adhuc</span> <span class='ocrx_word' id='word_1_472' title='bbox 900 5061 1020 5100; x_wconf 90' lang='lat' dir='ltr'>non</span> <span class='ocrx_word' id='word_1_473' title='bbox 1051 5051 1178 5100; x_wconf 87' lang='lat' dir='ltr'>erat</span> <span class='ocrx_word' id='word_1_474' title='bbox 1196 5053 1330 5117; x_wconf 89' lang='lat' dir='ltr'>post</span> <span class='ocrx_word' id='word_1_475' title='bbox 1361 5048 1732 5106; x_wconf 87' lang='lat' dir='ltr'>verberatum</span> <span class='ocrx_word' id='word_1_476' title='bbox 1765 5050 2136 5107; x_wconf 89' lang='lat' dir='ltr'>Sosthenem:</span> 
     </span>
    </p>
   </div>
   <div class='ocr_carea' id='block_1_70' title="bbox 480 5134 2139 5211">
    <p class='ocr_par' dir='ltr' id='par_1_70' title="bbox 480 5134 2139 5211">
     <span class='ocr_line' id='line_1_70' title="bbox 480 5134 2139 5211; baseline 0.002 -18"><span class='ocrx_word' id='word_1_477' title='bbox 480 5138 608 5211; x_wconf 89' lang='lat' dir='ltr'>jam</span> <span class='ocrx_word' id='word_1_478' title='bbox 634 5138 793 5192; x_wconf 90' lang='lat' dir='ltr'>enim</span> <span class='ocrx_word' id='word_1_479' title='bbox 818 5135 909 5190; x_wconf 85' lang='lat' dir='ltr'>lex</span> <span class='ocrx_word' id='word_1_480' title='bbox 936 5134 1129 5190; x_wconf 87' lang='lat' dir='ltr'>soluta</span> <span class='ocrx_word' id='word_1_481' title='bbox 1149 5141 1294 5201; x_wconf 89' lang='lat' dir='ltr'>erat,</span> <span class='ocrx_word' id='word_1_482' title='bbox 1315 5137 1798 5209; x_wconf 90' lang='lat' dir='ltr'>quandoquidem</span> <span class='ocrx_word' id='word_1_483' title='bbox 1830 5142 2139 5197; x_wconf 91' lang='lat' dir='ltr'>conscien-</span> 
     </span>
    </p>
   </div>
   <div class='ocr_carea' id='block_1_71' title="bbox 488 5226 981 5284">
    <p class='ocr_par' dir='ltr' id='par_1_71' title="bbox 488 5226 981 5284">
     <span class='ocr_line' id='line_1_71' title="bbox 488 5226 981 5284; baseline -0.006 -2"><span class='ocrx_word' id='word_1_484' title='bbox 488 5228 573 5284; x_wconf 88' lang='lat' dir='ltr'>tia</span> <span class='ocrx_word' id='word_1_485' title='bbox 602 5226 981 5283; x_wconf 90' lang='lat' dir='ltr'>arcebantur.</span> 
     </span>
    </p>
   </div>
   <div class='ocr_carea' id='block_1_72' title="bbox 558 5314 2140 5389">
    <p class='ocr_par' dir='ltr' id='par_1_72' title="bbox 558 5314 2140 5389">
     <span class='ocr_line' id='line_1_72' title="bbox 558 5314 2140 5389; baseline 0.003 -18"><span class='ocrx_word' id='word_1_486' title='bbox 558 5317 755 5384; x_wconf 83' lang='lat' dir='ltr'><strong>XVIII,</strong></span> <span class='ocrx_word' id='word_1_487' title='bbox 820 5317 997 5370; x_wconf 67' lang='lat'>19-21.</span> <span class='ocrx_word' id='word_1_488' title='bbox 1065 5338 1085 5363; x_wconf 81' lang='grc' dir='ltr'>ιι</span> <span class='ocrx_word' id='word_1_489' title='bbox 1123 5314 1482 5386; x_wconf 88' lang='lat' dir='ltr'>Devenitque</span> <span class='ocrx_word' id='word_1_490' title='bbox 1542 5317 1949 5389; x_wconf 88' lang='lat' dir='ltr'>Ephesum,et</span> <span class='ocrx_word' id='word_1_491' title='bbox 2005 5320 2140 5375; x_wconf 89' lang='lat' dir='ltr'>illos</span> 
     </span>
    </p>
   </div>
   <div class='ocr_carea' id='block_1_73' title="bbox 494 5403 2140 5482">
    <p class='ocr_par' dir='ltr' id='par_1_73' title="bbox 494 5403 2140 5482">
     <span class='ocr_line' id='line_1_73' title="bbox 494 5403 2140 5482; baseline 0.005 -25"><span class='ocrx_word' id='word_1_492' title='bbox 494 5404 574 5458; x_wconf 92' lang='lat' dir='ltr'>ibi</span> <span class='ocrx_word' id='word_1_493' title='bbox 607 5405 866 5476; x_wconf 88' lang='lat' dir='ltr'>reliquit.</span> <span class='ocrx_word' id='word_1_494' title='bbox 926 5406 1054 5475; x_wconf 90' lang='lat' dir='ltr'>Ipse</span> <span class='ocrx_word' id='word_1_495' title='bbox 1108 5419 1244 5458; x_wconf 87' lang='lat' dir='ltr'>vero</span> <span class='ocrx_word' id='word_1_496' title='bbox 1299 5403 1600 5477; x_wconf 86' lang='lat' dir='ltr'>ingressus</span> <span class='ocrx_word' id='word_1_497' title='bbox 1633 5424 1987 5482; x_wconf 86' lang='lat' dir='ltr'>synagogam</span> <span class='ocrx_word' id='word_1_498' title='bbox 2020 5409 2140 5464; x_wconf 89' lang='lat' dir='ltr'>dis-</span> 
     </span>
    </p>
   </div>
   <div class='ocr_carea' id='block_1_74' title="bbox 494 5492 2142 5567">
    <p class='ocr_par' dir='ltr' id='par_1_74' title="bbox 494 5492 2142 5567">
     <span class='ocr_line' id='line_1_74' title="bbox 494 5492 2142 5567; baseline 0.004 -19"><span class='ocrx_word' id='word_1_499' title='bbox 494 5492 738 5564; x_wconf 86' lang='lat' dir='ltr'>putabat</span> <span class='ocrx_word' id='word_1_500' title='bbox 796 5510 930 5549; x_wconf 90' lang='lat' dir='ltr'>cum</span> <span class='ocrx_word' id='word_1_501' title='bbox 987 5493 1228 5551; x_wconf 65' lang='lat' dir='ltr'>Iudaeis.</span> <span class='ocrx_word' id='word_1_502' title='bbox 1291 5494 1651 5566; x_wconf 80' lang='lat' dir='ltr'>Rogantibns</span> <span class='ocrx_word' id='word_1_503' title='bbox 1710 5503 1906 5552; x_wconf 89' lang='lat' dir='ltr'>autem</span> <span class='ocrx_word' id='word_1_504' title='bbox 1940 5499 2046 5567; x_wconf 89' lang='lat' dir='ltr'>eis,</span> <span class='ocrx_word' id='word_1_505' title='bbox 2077 5506 2142 5555; x_wconf 88' lang='lat' dir='ltr'>ut</span> 
     </span>
    </p>
   </div>
   <div class='ocr_carea' id='block_1_75' title="bbox 500 5582 2143 5659">
    <p class='ocr_par' dir='ltr' id='par_1_75' title="bbox 500 5582 2143 5659">
     <span class='ocr_line' id='line_1_75' title="bbox 500 5582 2143 5659; baseline 0.005 -21"><span class='ocrx_word' id='word_1_506' title='bbox 500 5582 770 5655; x_wconf 82' lang='lat' dir='ltr'>ampliori</span> <span class='ocrx_word' id='word_1_507' title='bbox 828 5589 1094 5654; x_wconf 86' lang='lat' dir='ltr'>tempore</span> <span class='ocrx_word' id='word_1_508' title='bbox 1160 5591 1430 5640; x_wconf 86' lang='lat' dir='ltr'>maneret</span> <span class='ocrx_word' id='word_1_509' title='bbox 1485 5584 1643 5659; x_wconf 88' lang='lat' dir='ltr'>apud</span> <span class='ocrx_word' id='word_1_510' title='bbox 1698 5604 1821 5657; x_wconf 90' lang='lat' dir='ltr'>eos,</span> <span class='ocrx_word' id='word_1_511' title='bbox 1880 5605 2001 5645; x_wconf 89' lang='lat' dir='ltr'>non</span> <span class='ocrx_word' id='word_1_512' title='bbox 2033 5605 2143 5645; x_wconf 86' lang='lat' dir='ltr'>an—</span> 
     </span>
    </p>
   </div>
   <div class='ocr_carea' id='block_1_76' title="bbox 499 5671 2143 5747">
    <p class='ocr_par' dir='ltr' id='par_1_76' title="bbox 499 5671 2143 5747">
     <span class='ocr_line' id='line_1_76' title="bbox 499 5671 2143 5747; baseline 0.006 -19"><span class='ocrx_word' id='word_1_513' title='bbox 499 5671 650 5741; x_wconf 90' lang='lat' dir='ltr'>nuit,</span> <span class='ocrx_word' id='word_1_514' title='bbox 685 5672 788 5728; x_wconf 88' lang='lat' dir='ltr'>sed</span> <span class='ocrx_word' id='word_1_515' title='bbox 819 5672 1097 5728; x_wconf 80' lang='lat' dir='ltr'>valedixit</span> <span class='ocrx_word' id='word_1_516' title='bbox 1135 5674 1241 5741; x_wconf 87' lang='lat' dir='ltr'>eis,</span> <span class='ocrx_word' id='word_1_517' title='bbox 1299 5674 1506 5731; x_wconf 89' lang='lat' dir='ltr'>dicens</span> <span class='ocrx_word' id='word_1_518' title='bbox 1537 5693 1549 5742; x_wconf 93' lang='lat'>;</span> <span class='ocrx_word' id='word_1_519' title='bbox 1610 5677 1853 5747; x_wconf 86' lang='lat' dir='ltr'>Oportet</span> <span class='ocrx_word' id='word_1_520' title='bbox 1901 5680 2143 5739; x_wconf 89' lang='lat' dir='ltr'>omnino</span> 
     </span>
    </p>
   </div>
   <div class='ocr_carea' id='block_1_77' title="bbox 2229 1908 3878 1984">
    <p class='ocr_par' dir='ltr' id='par_1_77' title="bbox 2229 1908 3878 1984">
     <span class='ocr_line' id='line_1_77' title="bbox 2229 1908 3878 1984; baseline -0.002 -20"><span class='ocrx_word' id='word_1_521' title='bbox 2229 1935 2255 1963; x_wconf 89' lang='grc'>‹‹</span> <span class='ocrx_word' id='word_1_522' title='bbox 2292 1912 2411 1966; x_wconf 83' lang='grc' dir='ltr'>σθαι</span> <span class='ocrx_word' id='word_1_523' title='bbox 2441 1912 2529 1966; x_wconf 86' lang='grc' dir='ltr'>τὸν</span> <span class='ocrx_word' id='word_1_524' title='bbox 2587 1912 2735 1969; x_wconf 84' lang='grc' dir='ltr'>Θεόν.</span> <span class='ocrx_word' id='word_1_525' title='bbox 2797 1910 3110 1971; x_wconf 74' lang='grc' dir='ltr'>Μέλλοντος</span> <span class='ocrx_word' id='word_1_526' title='bbox 3170 1908 3228 1966; x_wconf 76' lang='grc' dir='ltr'>δὶ</span> <span class='ocrx_word' id='word_1_527' title='bbox 3255 1915 3358 1966; x_wconf 91' lang='grc' dir='ltr'>τοῦ</span> <span class='ocrx_word' id='word_1_528' title='bbox 3391 1908 3626 1968; x_wconf 79' lang='grc' dir='ltr'>Παύλου</span> <span class='ocrx_word' id='word_1_529' title='bbox 3664 1908 3878 1984; x_wconf 82' lang='grc' dir='ltr'>ἀνοίγειν</span> 
     </span>
    </p>
   </div>
   <div class='ocr_carea' id='block_1_78' title="bbox 2228 1995 3875 2075">
    <p class='ocr_par' dir='ltr' id='par_1_78' title="bbox 2228 1995 3875 2075">
     <span class='ocr_line' id='line_1_78' title="bbox 2228 1995 3875 2075; baseline -0.002 -19"><span class='ocrx_word' id='word_1_530' title='bbox 2228 2026 2255 2051; x_wconf 85' lang='grc'>‹‹</span> <span class='ocrx_word' id='word_1_531' title='bbox 2286 2003 2350 2056; x_wconf 87' lang='grc' dir='ltr'>τὸ</span> <span class='ocrx_word' id='word_1_532' title='bbox 2381 2002 2577 2075; x_wconf 83' lang='grc' dir='ltr'>στόμα,</span> <span class='ocrx_word' id='word_1_533' title='bbox 2631 2003 2780 2056; x_wconf 78' lang='grc' dir='ltr'>εἶπεν</span> <span class='ocrx_word' id='word_1_534' title='bbox 2833 2003 2860 2056; x_wconf 90' lang='lat'>6</span> <span class='ocrx_word' id='word_1_535' title='bbox 2912 1999 3165 2056; x_wconf 86' lang='grc' dir='ltr'>Γαλλίων</span> <span class='ocrx_word' id='word_1_536' title='bbox 3214 2002 3358 2075; x_wconf 89' lang='grc' dir='ltr'>πρὸς</span> <span class='ocrx_word' id='word_1_537' title='bbox 3411 2000 3545 2062; x_wconf 77' lang='grc' dir='ltr'>τοὺς</span> <span class='ocrx_word' id='word_1_538' title='bbox 3577 1995 3875 2057; x_wconf 79' lang='grc' dir='ltr'>Ἰουδαίους.</span> 
     </span>
    </p>
   </div>
   <div class='ocr_carea' id='block_1_79' title="bbox 2229 2085 3877 2166">
    <p class='ocr_par' dir='ltr' id='par_1_79' title="bbox 2229 2085 3877 2166">
     <span class='ocr_line' id='line_1_79' title="bbox 2229 2085 3877 2166; baseline -0.002 -23"><span class='ocrx_word' id='word_1_539' title='bbox 2229 2116 2256 2143; x_wconf 89' lang='grc'>‹‹</span> <span class='ocrx_word' id='word_1_540' title='bbox 2289 2091 2353 2145; x_wconf 67' lang='lat' dir='ltr'>Et</span> <span class='ocrx_word' id='word_1_541' title='bbox 2386 2091 2480 2163; x_wconf 75' lang='grc' dir='ltr'>μὲν</span> <span class='ocrx_word' id='word_1_542' title='bbox 2511 2091 2603 2145; x_wconf 80' lang='grc' dir='ltr'>οῦν</span> <span class='ocrx_word' id='word_1_543' title='bbox 2634 2089 2701 2157; x_wconf 72' lang='grc' dir='ltr'>ἦν</span> <span class='ocrx_word' id='word_1_544' title='bbox 2728 2087 2977 2163; x_wconf 85' lang='grc' dir='ltr'>ἀδίκημά</span> <span class='ocrx_word' id='word_1_545' title='bbox 3005 2110 3059 2145; x_wconf 92' lang='grc' dir='ltr'>τι</span> <span class='ocrx_word' id='word_1_546' title='bbox 3106 2090 3142 2158; x_wconf 74' lang='grc' dir='ltr'><strong>ἢ</strong></span> <span class='ocrx_word' id='word_1_547' title='bbox 3192 2086 3602 2166; x_wconf 80' lang='grc' dir='ltr'>ῥᾳδιούργημα</span> <span class='ocrx_word' id='word_1_548' title='bbox 3632 2085 3877 2160; x_wconf 87' lang='grc' dir='ltr'>πονηρὸν,</span> 
     </span>
    </p>
   </div>
   <div class='ocr_carea' id='block_1_80' title="bbox 2228 2176 3876 2257">
    <p class='ocr_par' dir='ltr' id='par_1_80' title="bbox 2228 2176 3876 2257">
     <span class='ocr_line' id='line_1_80' title="bbox 2228 2176 3876 2257; baseline -0.004 -24"><span class='ocrx_word' id='word_1_549' title='bbox 2228 2205 2254 2233; x_wconf 83' lang='grc' dir='ltr'>ι(</span> <span class='ocrx_word' id='word_1_550' title='bbox 2290 2180 2334 2236; x_wconf 84' lang='grc' dir='ltr'><strong>ὦ</strong></span> <span class='ocrx_word' id='word_1_551' title='bbox 2365 2179 2644 2252; x_wconf 83' lang='grc' dir='ltr'>Ἰουδαῖοι,</span> <span class='ocrx_word' id='word_1_552' title='bbox 2701 2181 2837 2236; x_wconf 86' lang='grc' dir='ltr'>κατά</span> <span class='ocrx_word' id='word_1_553' title='bbox 2895 2179 3068 2257; x_wconf 86' lang='grc' dir='ltr'>λογον</span> <span class='ocrx_word' id='word_1_554' title='bbox 3125 2180 3184 2236; x_wconf 74' lang='grc' dir='ltr'>ἂν</span> <span class='ocrx_word' id='word_1_555' title='bbox 3239 2178 3577 2255; x_wconf 74' lang='grc' dir='ltr'>ἠνεσχόμην</span> <span class='ocrx_word' id='word_1_556' title='bbox 3622 2179 3790 2251; x_wconf 80' lang='grc' dir='ltr'>ὑμῶν.</span> <span class='ocrx_word' id='word_1_557' title='bbox 3823 2176 3876 2231; x_wconf 82' lang='grc' dir='ltr'><strong>Εἰ</strong></span> 
     </span>
    </p>
   </div>
   <div class='ocr_carea' id='block_1_81' title="bbox 2231 2263 3876 2346">
    <p class='ocr_par' dir='ltr' id='par_1_81' title="bbox 2231 2263 3876 2346">
     <span class='ocr_line' id='line_1_81' title="bbox 2231 2263 3876 2346; baseline -0.006 -18"><span class='ocrx_word' id='word_1_558' title='bbox 2231 2269 2344 2328; x_wconf 80' lang='grc' dir='ltr'>«δὲ</span> <span class='ocrx_word' id='word_1_559' title='bbox 2396 2273 2618 2346; x_wconf 80' lang='grc' dir='ltr'>ζήτημά</span> <span class='ocrx_word' id='word_1_560' title='bbox 2693 2270 2803 2326; x_wconf 76' lang='grc' dir='ltr'>ἐστι</span> <span class='ocrx_word' id='word_1_561' title='bbox 2877 2271 3000 2346; x_wconf 85' lang='grc' dir='ltr'>περὶ</span> <span class='ocrx_word' id='word_1_562' title='bbox 3066 2268 3233 2345; x_wconf 89' lang='grc' dir='ltr'>λόγου</span> <span class='ocrx_word' id='word_1_563' title='bbox 3291 2270 3389 2326; x_wconf 76' lang='grc' dir='ltr'>καὶ</span> <span class='ocrx_word' id='word_1_564' title='bbox 3462 2269 3747 2343; x_wconf 80' lang='grc' dir='ltr'>ὀνομάτων</span> <span class='ocrx_word' id='word_1_565' title='bbox 3797 2263 3876 2320; x_wconf 77' lang='grc' dir='ltr'>καὶ</span> 
     </span>
    </p>
   </div>
   <div class='ocr_carea' id='block_1_82' title="bbox 2232 2355 3873 2436">
    <p class='ocr_par' dir='ltr' id='par_1_82' title="bbox 2232 2355 3873 2436">
     <span class='ocr_line' id='line_1_82' title="bbox 2232 2355 3873 2436; baseline 0 -19"><span class='ocrx_word' id='word_1_566' title='bbox 2232 2386 2261 2417; x_wconf 85' lang='grc' dir='ltr'>ιι</span> <span class='ocrx_word' id='word_1_567' title='bbox 2290 2365 2463 2436; x_wconf 88' lang='grc' dir='ltr'>νόμου</span> <span class='ocrx_word' id='word_1_568' title='bbox 2510 2367 2607 2418; x_wconf 90' lang='grc' dir='ltr'>τοῦ</span> <span class='ocrx_word' id='word_1_569' title='bbox 2654 2364 2772 2427; x_wconf 87' lang='grc' dir='ltr'>καθ’</span> <span class='ocrx_word' id='word_1_570' title='bbox 2823 2363 2986 2436; x_wconf 81' lang='grc' dir='ltr'>ὑμᾶς,</span> <span class='ocrx_word' id='word_1_571' title='bbox 3054 2357 3245 2436; x_wconf 74' lang='grc' dir='ltr'>ὄψεσθε</span> <span class='ocrx_word' id='word_1_572' title='bbox 3314 2360 3502 2417; x_wconf 72' lang='grc' dir='ltr'>αὐτοῖο</span> <span class='ocrx_word' id='word_1_573' title='bbox 3555 2360 3745 2435; x_wconf 74' lang='grc' dir='ltr'>κριτὴς</span> <span class='ocrx_word' id='word_1_574' title='bbox 3784 2355 3873 2433; x_wconf 81' lang='grc' dir='ltr'>γὰρ</span> 
     </span>
    </p>
   </div>
   <div class='ocr_carea' id='block_1_83' title="bbox 2231 2445 3872 2528">
    <p class='ocr_par' dir='ltr' id='par_1_83' title="bbox 2231 2445 3872 2528">
     <span class='ocr_line' id='line_1_83' title="bbox 2231 2445 3872 2528; baseline -0.004 -23"><span class='ocrx_word' id='word_1_575' title='bbox 2231 2477 2259 2505; x_wconf 85' lang='grc' dir='ltr'>ιι</span> <span class='ocrx_word' id='word_1_576' title='bbox 2294 2453 2402 2528; x_wconf 80' lang='grc' dir='ltr'>ἐγὼ</span> <span class='ocrx_word' id='word_1_577' title='bbox 2457 2451 2665 2509; x_wconf 85' lang='grc' dir='ltr'>τούτων</span> <span class='ocrx_word' id='word_1_578' title='bbox 2735 2450 2798 2507; x_wconf 82' lang='grc' dir='ltr'>ού</span> <span class='ocrx_word' id='word_1_579' title='bbox 2878 2449 3156 2528; x_wconf 86' lang='grc' dir='ltr'>βούλομαι</span> <span class='ocrx_word' id='word_1_580' title='bbox 3228 2450 3396 2510; x_wconf 71' lang='grc' dir='ltr'>εἶναι.</span> <span class='ocrx_word' id='word_1_581' title='bbox 3460 2449 3568 2509; x_wconf 84' lang='grc' dir='ltr'>Καὶ</span> <span class='ocrx_word' id='word_1_582' title='bbox 3618 2445 3872 2518; x_wconf 73' lang='grc' dir='ltr'>ἀπήλασεν</span> 
     </span>
    </p>
   </div>
   <div class='ocr_carea' id='block_1_84' title="bbox 2234 2543 3133 2618">
    <p class='ocr_par' dir='ltr' id='par_1_84' title="bbox 2234 2543 3133 2618">
     <span class='ocr_line' id='line_1_84' title="bbox 2234 2543 3133 2618; baseline -0.001 -24"><span class='ocrx_word' id='word_1_583' title='bbox 2234 2568 2261 2595; x_wconf 88' lang='grc'>‹‹</span> <span class='ocrx_word' id='word_1_584' title='bbox 2293 2543 2490 2605; x_wconf 74' lang='grc' dir='ltr'>αὐτοὺς</span> <span class='ocrx_word' id='word_1_585' title='bbox 2523 2543 2631 2598; x_wconf 87' lang='grc' dir='ltr'>ἀπὸ</span> <span class='ocrx_word' id='word_1_586' title='bbox 2662 2546 2759 2598; x_wconf 91' lang='grc' dir='ltr'>τοῦ</span> <span class='ocrx_word' id='word_1_587' title='bbox 2794 2543 3068 2618; x_wconf 75' lang='grc' dir='ltr'>βήματος.</span> <span class='ocrx_word' id='word_1_588' title='bbox 3102 2564 3133 2594; x_wconf 69' lang='grc' dir='ltr'>»ι</span> 
     </span>
    </p>
   </div>
   <div class='ocr_carea' id='block_1_85' title="bbox 2306 2621 3874 2707">
    <p class='ocr_par' dir='ltr' id='par_1_85' title="bbox 2306 2621 3874 2707">
     <span class='ocr_line' id='line_1_85' title="bbox 2306 2621 3874 2707; baseline -0.006 -20"><span class='ocrx_word' id='word_1_589' title='bbox 2306 2655 2330 2687; x_wconf 80' lang='grc' dir='ltr'>ιι</span> <span class='ocrx_word' id='word_1_590' title='bbox 2369 2634 2446 2689; x_wconf 83' lang='grc' dir='ltr'>Δι’</span> <span class='ocrx_word' id='word_1_591' title='bbox 2485 2634 2761 2707; x_wconf 81' lang='grc' dir='ltr'>ὁράματος</span> <span class='ocrx_word' id='word_1_592' title='bbox 2820 2631 2871 2686; x_wconf 75' lang='grc' dir='ltr'>ὲν</span> <span class='ocrx_word' id='word_1_593' title='bbox 2930 2632 3100 2689; x_wconf 83' lang='grc' dir='ltr'>νυκτί.</span> <span class='ocrx_word' id='word_1_594' title='bbox 3136 2654 3165 2684; x_wconf 84' lang='grc'><strong>›)</strong></span> <span class='ocrx_word' id='word_1_595' title='bbox 3230 2628 3600 2705; x_wconf 70' lang='grc' dir='ltr'>Σημειωτέον</span> <span class='ocrx_word' id='word_1_596' title='bbox 3647 2629 3728 2682; x_wconf 80' lang='grc' dir='ltr'>’ὁτι</span> <span class='ocrx_word' id='word_1_597' title='bbox 3782 2621 3874 2680; x_wconf 77' lang='grc' dir='ltr'>εἶδε.</span> 
     </span>
    </p>
   </div>
   <div class='ocr_carea' id='block_1_86' title="bbox 2232 2713 3873 2795">
    <p class='ocr_par' dir='ltr' id='par_1_86' title="bbox 2232 2713 3873 2795">
     <span class='ocr_line' id='line_1_86' title="bbox 2232 2713 3873 2795; baseline -0.007 -18"><span class='ocrx_word' id='word_1_598' title='bbox 2232 2721 2321 2777; x_wconf 86' lang='grc' dir='ltr'>τὸν</span> <span class='ocrx_word' id='word_1_599' title='bbox 2348 2721 2543 2794; x_wconf 80' lang='grc' dir='ltr'>Κύριον</span> <span class='ocrx_word' id='word_1_600' title='bbox 2602 2723 2814 2792; x_wconf 78' lang='grc' dir='ltr'>Ἰησοῦν</span> <span class='ocrx_word' id='word_1_601' title='bbox 2872 2723 2899 2777; x_wconf 91' lang='grc' dir='ltr'>ὁ</span> <span class='ocrx_word' id='word_1_602' title='bbox 2957 2718 3175 2783; x_wconf 84' lang='grc' dir='ltr'>Παῦλος</span> <span class='ocrx_word' id='word_1_603' title='bbox 3230 2717 3301 2775; x_wconf 79' lang='grc' dir='ltr'>δι’</span> <span class='ocrx_word' id='word_1_604' title='bbox 3364 2718 3606 2795; x_wconf 85' lang='grc' dir='ltr'>ὀνείρου.</span> <span class='ocrx_word' id='word_1_605' title='bbox 3641 2713 3873 2773; x_wconf 79' lang='grc' dir='ltr'>Δι’δκαὶ</span> 
     </span>
    </p>
   </div>
   <div class='ocr_carea' id='block_1_87' title="bbox 2232 2805 3873 2886">
    <p class='ocr_par' dir='ltr' id='par_1_87' title="bbox 2232 2805 3873 2886">
     <span class='ocr_line' id='line_1_87' title="bbox 2232 2805 3873 2886; baseline -0.005 -22"><span class='ocrx_word' id='word_1_606' title='bbox 2232 2809 2395 2871; x_wconf 78' lang='grc' dir='ltr'>αὐτὸς</span> <span class='ocrx_word' id='word_1_607' title='bbox 2427 2807 2632 2886; x_wconf 86' lang='grc' dir='ltr'>ἔλεγεν·</span> <span class='ocrx_word' id='word_1_608' title='bbox 2666 2810 2814 2885; x_wconf 65' lang='lat' dir='ltr'>Duxi</span> <span class='ocrx_word' id='word_1_609' title='bbox 2847 2811 3058 2880; x_wconf 80' lang='grc' dir='ltr'>Ἰησοῦν</span> <span class='ocrx_word' id='word_1_610' title='bbox 3086 2810 3181 2865; x_wconf 88' lang='grc' dir='ltr'>τὸν</span> <span class='ocrx_word' id='word_1_611' title='bbox 3215 2810 3417 2882; x_wconf 81' lang='grc' dir='ltr'>Κύριον</span> <span class='ocrx_word' id='word_1_612' title='bbox 3448 2811 3613 2881; x_wconf 73' lang='grc' dir='ltr'>ἡμῶν</span> <span class='ocrx_word' id='word_1_613' title='bbox 3649 2805 3873 2879; x_wconf 71' lang='grc' dir='ltr'>ἑώρακας</span> 
     </span>
    </p>
   </div>
   <div class='ocr_carea' id='block_1_88' title="bbox 2233 2891 3873 2976">
    <p class='ocr_par' dir='ltr' id='par_1_88' title="bbox 2233 2891 3873 2976">
     <span class='ocr_line' id='line_1_88' title="bbox 2233 2891 3873 2976; baseline -0.007 -22"><span class='ocrx_word' id='word_1_614' title='bbox 2233 2897 2342 2954; x_wconf 68' lang='grc' dir='ltr'>εἴτε</span> <span class='ocrx_word' id='word_1_615' title='bbox 2399 2896 2455 2954; x_wconf 75' lang='grc' dir='ltr'>δὲ</span> <span class='ocrx_word' id='word_1_616' title='bbox 2521 2895 2591 2952; x_wconf 80' lang='grc' dir='ltr'>δι’</span> <span class='ocrx_word' id='word_1_617' title='bbox 2641 2898 2872 2974; x_wconf 80' lang='grc' dir='ltr'>ὀνείρου,</span> <span class='ocrx_word' id='word_1_618' title='bbox 2949 2899 3058 2955; x_wconf 82' lang='grc' dir='ltr'>ε’ἰτε</span> <span class='ocrx_word' id='word_1_619' title='bbox 3114 2899 3442 2976; x_wconf 77' lang='grc' dir='ltr'>ἐγρηγορὼς</span> <span class='ocrx_word' id='word_1_620' title='bbox 3512 2895 3763 2962; x_wconf 78' lang='grc' dir='ltr'>ἐθεάσατο</span> <span class='ocrx_word' id='word_1_621' title='bbox 3798 2891 3873 2946; x_wconf 83' lang='grc' dir='ltr'>τὸν</span> 
     </span>
    </p>
   </div>
   <div class='ocr_carea' id='block_1_89' title="bbox 2233 2982 3868 3070">
    <p class='ocr_par' dir='ltr' id='par_1_89' title="bbox 2233 2982 3868 3070">
     <span class='ocr_line' id='line_1_89' title="bbox 2233 2982 3868 3070; baseline 0.002 -26"><span class='ocrx_word' id='word_1_622' title='bbox 2233 2991 2469 3060; x_wconf 85' lang='grc' dir='ltr'>Ἰησοῦν,</span> <span class='ocrx_word' id='word_1_623' title='bbox 2515 2987 2744 3062; x_wconf 79' lang='grc' dir='ltr'>οὐδεμία</span> <span class='ocrx_word' id='word_1_624' title='bbox 2801 2987 3052 3070; x_wconf 69' lang='grc' dir='ltr'>διαφορά·</span> <span class='ocrx_word' id='word_1_625' title='bbox 3113 2988 3259 3060; x_wconf 82' lang='grc' dir='ltr'>πλὴν</span> <span class='ocrx_word' id='word_1_626' title='bbox 3314 2989 3415 3046; x_wconf 83' lang='grc' dir='ltr'>καὶ</span> <span class='ocrx_word' id='word_1_627' title='bbox 3446 2987 3500 3044; x_wconf 84' lang='grc' dir='ltr'>ἐν</span> <span class='ocrx_word' id='word_1_628' title='bbox 3532 2989 3715 3061; x_wconf 77' lang='grc' dir='ltr'>ἡμέρᾳ</span> <span class='ocrx_word' id='word_1_629' title='bbox 3737 2982 3868 3059; x_wconf 66' lang='grc' dir='ltr'>ὤφθη</span> 
     </span>
    </p>
   </div>
   <div class='ocr_carea' id='block_1_90' title="bbox 2238 3100 2405 3152">
    <p class='ocr_par' dir='ltr' id='par_1_90' title="bbox 2238 3100 2405 3152">
     <span class='ocr_line' id='line_1_90' title="bbox 2238 3100 2405 3152; baseline -0.006 -17"><span class='ocrx_word' id='word_1_630' title='bbox 2238 3100 2405 3152; x_wconf 84' lang='grc' dir='ltr'>αυτῳ.</span> 
     </span>
    </p>
   </div>
   <div class='ocr_carea' id='block_1_91' title="bbox 2306 3161 3874 3242">
    <p class='ocr_par' dir='ltr' id='par_1_91' title="bbox 2306 3161 3874 3242">
     <span class='ocr_line' id='line_1_91' title="bbox 2306 3161 3874 3242; baseline 0.003 -21"><span class='ocrx_word' id='word_1_631' title='bbox 2306 3192 2335 3221; x_wconf 90' lang='grc' dir='ltr'>ιι</span> <span class='ocrx_word' id='word_1_632' title='bbox 2369 3164 2795 3242; x_wconf 80' lang='grc' dir='ltr'>Ἐπιλαόόμενοι</span> <span class='ocrx_word' id='word_1_633' title='bbox 2845 3165 2904 3223; x_wconf 73' lang='grc' dir='ltr'>δὲ</span> <span class='ocrx_word' id='word_1_634' title='bbox 2950 3169 3143 3231; x_wconf 84' lang='grc' dir='ltr'>πάντες</span> <span class='ocrx_word' id='word_1_635' title='bbox 3188 3169 3240 3223; x_wconf 76' lang='grc' dir='ltr'>οἱ</span> <span class='ocrx_word' id='word_1_636' title='bbox 3288 3167 3569 3239; x_wconf 82' lang='grc' dir='ltr'>Ἕλληνες</span> <span class='ocrx_word' id='word_1_637' title='bbox 3613 3161 3874 3226; x_wconf 70' lang='grc' dir='ltr'>Σωσθένην</span> 
     </span>
    </p>
   </div>
   <div class='ocr_carea' id='block_1_92' title="bbox 2239 3251 3877 3336">
    <p class='ocr_par' dir='ltr' id='par_1_92' title="bbox 2239 3251 3877 3336">
     <span class='ocr_line' id='line_1_92' title="bbox 2239 3251 3877 3336; baseline -0.001 -27"><span class='ocrx_word' id='word_1_638' title='bbox 2239 3282 2268 3310; x_wconf 91' lang='grc'>‹‹</span> <span class='ocrx_word' id='word_1_639' title='bbox 2300 3258 2391 3314; x_wconf 86' lang='grc' dir='ltr'>τὸν</span> <span class='ocrx_word' id='word_1_640' title='bbox 2432 3257 2905 3336; x_wconf 77' lang='grc' dir='ltr'>ἀρχισυνάγωγον,</span> <span class='ocrx_word' id='word_1_641' title='bbox 2946 3255 3171 3313; x_wconf 77' lang='grc' dir='ltr'>ἔτυπτον</span> <span class='ocrx_word' id='word_1_642' title='bbox 3213 3254 3533 3334; x_wconf 77' lang='grc' dir='ltr'>ἔμπροσθεν</span> <span class='ocrx_word' id='word_1_643' title='bbox 3573 3258 3669 3310; x_wconf 86' lang='grc' dir='ltr'>τοῦ</span> <span class='ocrx_word' id='word_1_644' title='bbox 3708 3251 3877 3327; x_wconf 79' lang='grc' dir='ltr'>βήμα-</span> 
     </span>
    </p>
   </div>
   <div class='ocr_carea' id='block_1_93' title="bbox 2238 3343 3669 3420">
    <p class='ocr_par' dir='ltr' id='par_1_93' title="bbox 2238 3343 3669 3420">
     <span class='ocr_line' id='line_1_93' title="bbox 2238 3343 3669 3420; baseline -0.001 -17"><span class='ocrx_word' id='word_1_645' title='bbox 2238 3371 2268 3398; x_wconf 90' lang='grc'>‹‹</span> <span class='ocrx_word' id='word_1_646' title='bbox 2299 3369 2411 3417; x_wconf 88' lang='grc' dir='ltr'>τος,</span> <span class='ocrx_word' id='word_1_647' title='bbox 2443 3347 2532 3402; x_wconf 85' lang='grc' dir='ltr'>καὶ</span> <span class='ocrx_word' id='word_1_648' title='bbox 2563 3343 2714 3402; x_wconf 76' lang='grc' dir='ltr'>οὐδὲν</span> <span class='ocrx_word' id='word_1_649' title='bbox 2744 3346 2952 3403; x_wconf 88' lang='grc' dir='ltr'>τούτων</span> <span class='ocrx_word' id='word_1_650' title='bbox 2979 3351 3059 3418; x_wconf 78' lang='grc' dir='ltr'>τῷ</span> <span class='ocrx_word' id='word_1_651' title='bbox 3085 3346 3360 3403; x_wconf 86' lang='grc' dir='ltr'>Γαλλίωνι</span> <span class='ocrx_word' id='word_1_652' title='bbox 3388 3343 3606 3420; x_wconf 77' lang='grc' dir='ltr'>ἔμελεν.</span> <span class='ocrx_word' id='word_1_653' title='bbox 3642 3365 3669 3394; x_wconf 82' lang='grc'>››</span> 
     </span>
    </p>
   </div>
   <div class='ocr_carea' id='block_1_94' title="bbox 2309 3513 3866 3600">
    <p class='ocr_par' dir='ltr' id='par_1_94' title="bbox 2309 3513 3866 3600">
     <span class='ocr_line' id='line_1_94' title="bbox 2309 3513 3866 3600; baseline 0.002 -15"><span class='ocrx_word' id='word_1_654' title='bbox 2309 3530 2470 3585; x_wconf 86' lang='grc' dir='ltr'>Ἤτοι</span> <span class='ocrx_word' id='word_1_655' title='bbox 2500 3525 2588 3583; x_wconf 81' lang='grc' dir='ltr'>διὰ</span> <span class='ocrx_word' id='word_1_656' title='bbox 2612 3532 2773 3583; x_wconf 86' lang='grc' dir='ltr'>τοῦτο</span> <span class='ocrx_word' id='word_1_657' title='bbox 2804 3522 3031 3584; x_wconf 76' lang='grc' dir='ltr'>ἔτυπτον</span> <span class='ocrx_word' id='word_1_658' title='bbox 3086 3528 3178 3584; x_wconf 82' lang='grc' dir='ltr'>τὸν</span> <span class='ocrx_word' id='word_1_659' title='bbox 3232 3528 3555 3600; x_wconf 65' lang='grc' dir='ltr'>Σωσθένην,</span> <span class='ocrx_word' id='word_1_660' title='bbox 3584 3519 3755 3587; x_wconf 77' lang='grc' dir='ltr'>ἐπειδῆ</span> <span class='ocrx_word' id='word_1_661' title='bbox 3781 3513 3866 3600; x_wconf 55' lang='grc' dir='ltr'>καὶ</span> 
     </span>
    </p>
   </div>
   <div class='ocr_carea' id='block_1_95' title="bbox 2238 3599 3873 3694">
    <p class='ocr_par' dir='ltr' id='par_1_95' title="bbox 2238 3599 3873 3694">
     <span class='ocr_line' id='line_1_95' title="bbox 2238 3599 3873 3694; baseline 0 -21"><span class='ocrx_word' id='word_1_662' title='bbox 2238 3619 2400 3679; x_wconf 75' lang='grc' dir='ltr'>αὐτὸς</span> <span class='ocrx_word' id='word_1_663' title='bbox 2456 3621 2520 3687; x_wconf 78' lang='grc' dir='ltr'>ἧν</span> <span class='ocrx_word' id='word_1_664' title='bbox 2584 3617 2800 3691; x_wconf 73' lang='grc' dir='ltr'>μᾶλλον</span> <span class='ocrx_word' id='word_1_665' title='bbox 2858 3619 3283 3694; x_wconf 68' lang='grc' dir='ltr'>προστιθέμενος</span> <span class='ocrx_word' id='word_1_666' title='bbox 3319 3625 3407 3693; x_wconf 76' lang='grc' dir='ltr'>τῷ</span> <span class='ocrx_word' id='word_1_667' title='bbox 3449 3599 3666 3689; x_wconf 76' lang='grc' dir='ltr'>Παύλῳ,</span> <span class='ocrx_word' id='word_1_668' title='bbox 3696 3612 3763 3673; x_wconf 81' lang='grc' dir='ltr'>ὡς</span> <span class='ocrx_word' id='word_1_669' title='bbox 3789 3599 3873 3662; x_wconf 66' lang='grc' dir='ltr'>καὶ</span> 
     </span>
    </p>
   </div>
   <div class='ocr_carea' id='block_1_96' title="bbox 2239 3699 3876 3786">
    <p class='ocr_par' dir='ltr' id='par_1_96' title="bbox 2239 3699 3876 3786">
     <span class='ocr_line' id='line_1_96' title="bbox 2239 3699 3876 3786; baseline -0.012 -15"><span class='ocrx_word' id='word_1_670' title='bbox 2239 3709 2482 3781; x_wconf 75' lang='grc' dir='ltr'>Κρίσπος</span> <span class='ocrx_word' id='word_1_671' title='bbox 2537 3709 2564 3761; x_wconf 81' lang='grc' dir='ltr'>ὁ</span> <span class='ocrx_word' id='word_1_672' title='bbox 2624 3708 3098 3786; x_wconf 63' lang='grc' dir='ltr'>ἀρχισυνάγωγος·</span> <span class='ocrx_word' id='word_1_673' title='bbox 3186 3710 3221 3778; x_wconf 77' lang='grc' dir='ltr'><strong>ἢ</strong></span> <span class='ocrx_word' id='word_1_674' title='bbox 3313 3709 3395 3771; x_wconf 82' lang='grc' dir='ltr'>εἷς</span> <span class='ocrx_word' id='word_1_675' title='bbox 3452 3712 3705 3765; x_wconf 89' lang='grc' dir='ltr'>τοσοῦτον</span> <span class='ocrx_word' id='word_1_676' title='bbox 3756 3699 3876 3767; x_wconf 79' lang='grc' dir='ltr'>ἦσαν</span> 
     </span>
    </p>
   </div>
   <div class='ocr_carea' id='block_1_97' title="bbox 2238 3786 3880 3874">
    <p class='ocr_par' dir='ltr' id='par_1_97' title="bbox 2238 3786 3880 3874">
     <span class='ocr_line' id='line_1_97' title="bbox 2238 3786 3880 3874; baseline -0.005 -22"><span class='ocrx_word' id='word_1_677' title='bbox 2238 3795 2575 3866; x_wconf 78' lang='grc' dir='ltr'>ἐληλακότες</span> <span class='ocrx_word' id='word_1_678' title='bbox 2646 3796 2856 3870; x_wconf 88' lang='grc' dir='ltr'>μανίας,</span> <span class='ocrx_word' id='word_1_679' title='bbox 2922 3798 2997 3859; x_wconf 86' lang='grc' dir='ltr'>ὡς</span> <span class='ocrx_word' id='word_1_680' title='bbox 3088 3797 3472 3874; x_wconf 80' lang='grc' dir='ltr'>ἀποτυχόντες</span> <span class='ocrx_word' id='word_1_681' title='bbox 3537 3799 3635 3853; x_wconf 83' lang='grc' dir='ltr'>τοῦ</span> <span class='ocrx_word' id='word_1_682' title='bbox 3697 3786 3880 3846; x_wconf 66' lang='grc' dir='ltr'>σκοποῖ)</span> 
     </span>
    </p>
   </div>
   <div class='ocr_carea' id='block_1_98' title="bbox 2239 3875 3882 3957">
    <p class='ocr_par' dir='ltr' id='par_1_98' title="bbox 2239 3875 3882 3957">
     <span class='ocr_line' id='line_1_98' title="bbox 2239 3875 3882 3957; baseline -0.004 -15"><span class='ocrx_word' id='word_1_683' title='bbox 2239 3887 2435 3942; x_wconf 69' lang='grc' dir='ltr'>ἑαυτοῦ</span> <span class='ocrx_word' id='word_1_684' title='bbox 2466 3885 2582 3942; x_wconf 85' lang='grc' dir='ltr'>ἀντὶ</span> <span class='ocrx_word' id='word_1_685' title='bbox 2639 3890 2736 3942; x_wconf 84' lang='grc' dir='ltr'>τοῦ</span> <span class='ocrx_word' id='word_1_686' title='bbox 2793 3886 3011 3942; x_wconf 85' lang='grc' dir='ltr'>τύπτειν</span> <span class='ocrx_word' id='word_1_687' title='bbox 3068 3888 3160 3942; x_wconf 88' lang='grc' dir='ltr'>τὸν</span> <span class='ocrx_word' id='word_1_688' title='bbox 3218 3885 3474 3957; x_wconf 70' lang='grc' dir='ltr'>Παῦλον,</span> <span class='ocrx_word' id='word_1_689' title='bbox 3511 3878 3780 3949; x_wconf 80' lang='grc' dir='ltr'>Σωσθένην</span> <span class='ocrx_word' id='word_1_690' title='bbox 3805 3875 3882 3931; x_wconf 76' lang='grc' dir='ltr'>τὸν</span> 
     </span>
    </p>
   </div>
   <div class='ocr_carea' id='block_1_99' title="bbox 2238 3963 3878 4054">
    <p class='ocr_par' dir='ltr' id='par_1_99' title="bbox 2238 3963 3878 4054">
     <span class='ocr_line' id='line_1_99' title="bbox 2238 3963 3878 4054; baseline -0.021 -3"><span class='ocrx_word' id='word_1_691' title='bbox 2238 3976 2692 4054; x_wconf 70' lang='grc' dir='ltr'>ἀρχισυνάγωγον</span> <span class='ocrx_word' id='word_1_692' title='bbox 2724 3970 2973 4032; x_wconf 79' lang='grc' dir='ltr'>ἔτυπτον·</span> <span class='ocrx_word' id='word_1_693' title='bbox 3006 3977 3077 4034; x_wconf 90' lang='grc' dir='ltr'>Ἤ</span> <span class='ocrx_word' id='word_1_694' title='bbox 3128 3974 3219 4032; x_wconf 82' lang='grc' dir='ltr'>διὰ</span> <span class='ocrx_word' id='word_1_695' title='bbox 3255 3982 3416 4033; x_wconf 89' lang='grc' dir='ltr'>τοῦτο</span> <span class='ocrx_word' id='word_1_696' title='bbox 3462 3972 3684 4034; x_wconf 80' lang='grc' dir='ltr'>ἔτυπτον</span> <span class='ocrx_word' id='word_1_697' title='bbox 3716 3963 3878 4023; x_wconf 73' lang='grc' dir='ltr'>αὐτὸνι</span> 
     </span>
    </p>
   </div>
   <div class='ocr_carea' id='block_1_100' title="bbox 2238 4054 3875 4146">
    <p class='ocr_par' dir='ltr' id='par_1_100' title="bbox 2238 4054 3875 4146">
     <span class='ocr_line' id='line_1_100' title="bbox 2238 4054 3875 4146; baseline -0.001 -26"><span class='ocrx_word' id='word_1_698' title='bbox 2238 4064 2425 4133; x_wconf 77' lang='grc' dir='ltr'>ἐπειδή</span> <span class='ocrx_word' id='word_1_699' title='bbox 2494 4064 2708 4140; x_wconf 85' lang='grc' dir='ltr'>μᾶλλον</span> <span class='ocrx_word' id='word_1_700' title='bbox 2762 4061 3156 4137; x_wconf 74' lang='grc' dir='ltr'>ἠϐουλήθησαν</span> <span class='ocrx_word' id='word_1_701' title='bbox 3206 4071 3471 4146; x_wconf 64' lang='grc' dir='ltr'>φονεῦσαι</span> <span class='ocrx_word' id='word_1_702' title='bbox 3531 4067 3623 4121; x_wconf 86' lang='grc' dir='ltr'>τὸν</span> <span class='ocrx_word' id='word_1_703' title='bbox 3662 4054 3875 4118; x_wconf 65' lang='grc' dir='ltr'>Παῦλον,</span> 
     </span>
    </p>
   </div>
   <div class='ocr_carea' id='block_1_101' title="bbox 2238 4152 3253 4225">
    <p class='ocr_par' dir='ltr' id='par_1_101' title="bbox 2238 4152 3253 4225">
     <span class='ocr_line' id='line_1_101' title="bbox 2238 4152 3253 4225; baseline 0.002 -15"><span class='ocrx_word' id='word_1_704' title='bbox 2238 4156 2327 4210; x_wconf 81' lang='grc' dir='ltr'>καὶ</span> <span class='ocrx_word' id='word_1_705' title='bbox 2362 4155 2648 4225; x_wconf 69' lang='grc' dir='ltr'>Σωσθένης</span> <span class='ocrx_word' id='word_1_706' title='bbox 2677 4152 3002 4211; x_wconf 84' lang='grc' dir='ltr'>διεκώλυσεν</span> <span class='ocrx_word' id='word_1_707' title='bbox 3036 4155 3253 4218; x_wconf 81' lang='grc' dir='ltr'>αὐτούς.</span> 
     </span>
    </p>
   </div>
   <div class='ocr_carea' id='block_1_102' title="bbox 2314 4230 3874 4319">
    <p class='ocr_par' dir='ltr' id='par_1_102' title="bbox 2314 4230 3874 4319">
     <span class='ocr_line' id='line_1_102' title="bbox 2314 4230 3874 4319; baseline 0.002 -23"><span class='ocrx_word' id='word_1_708' title='bbox 2314 4245 2433 4301; x_wconf 81' lang='lat'>«&#39;0</span> <span class='ocrx_word' id='word_1_709' title='bbox 2488 4242 2545 4299; x_wconf 72' lang='grc' dir='ltr'>δὲ</span> <span class='ocrx_word' id='word_1_710' title='bbox 2602 4242 2824 4307; x_wconf 84' lang='grc' dir='ltr'>Παῦλος</span> <span class='ocrx_word' id='word_1_711' title='bbox 2882 4239 2962 4299; x_wconf 76' lang='grc' dir='ltr'>ἔτι</span> <span class='ocrx_word' id='word_1_712' title='bbox 3020 4246 3351 4319; x_wconf 86' lang='grc' dir='ltr'>προσμείνας</span> <span class='ocrx_word' id='word_1_713' title='bbox 3409 4247 3629 4319; x_wconf 74' lang='grc' dir='ltr'>ἡμέρας</span> <span class='ocrx_word' id='word_1_714' title='bbox 3694 4230 3874 4299; x_wconf 68' lang='grc' dir='ltr'>ἱκανὰς,</span> 
     </span>
    </p>
   </div>
   <div class='ocr_carea' id='block_1_103' title="bbox 2242 4326 3873 4410">
    <p class='ocr_par' dir='ltr' id='par_1_103' title="bbox 2242 4326 3873 4410">
     <span class='ocr_line' id='line_1_103' title="bbox 2242 4326 3873 4410; baseline 0.001 -25"><span class='ocrx_word' id='word_1_715' title='bbox 2242 4357 2271 4385; x_wconf 89' lang='lat'><strong>«</strong></span> <span class='ocrx_word' id='word_1_716' title='bbox 2298 4338 2414 4395; x_wconf 78' lang='grc' dir='ltr'>τοῖς</span> <span class='ocrx_word' id='word_1_717' title='bbox 2465 4330 2727 4410; x_wconf 74' lang='grc' dir='ltr'>ἀδελφοῖς</span> <span class='ocrx_word' id='word_1_718' title='bbox 2777 4333 3203 4407; x_wconf 78' lang='grc' dir='ltr'>ἀποταξάμενος,</span> <span class='ocrx_word' id='word_1_719' title='bbox 3256 4331 3471 4407; x_wconf 76' lang='grc' dir='ltr'>ἐξέπλει</span> <span class='ocrx_word' id='word_1_720' title='bbox 3523 4333 3597 4395; x_wconf 82' lang='grc' dir='ltr'>εἷς</span> <span class='ocrx_word' id='word_1_721' title='bbox 3642 4329 3735 4398; x_wconf 80' lang='grc' dir='ltr'>τήν</span> <span class='ocrx_word' id='word_1_722' title='bbox 3784 4326 3873 4376; x_wconf 79' lang='grc' dir='ltr'>Συ·</span> 
     </span>
    </p>
   </div>
   <div class='ocr_carea' id='block_1_104' title="bbox 2242 4417 3872 4495">
    <p class='ocr_par' dir='ltr' id='par_1_104' title="bbox 2242 4417 3872 4495">
     <span class='ocr_line' id='line_1_104' title="bbox 2242 4417 3872 4495; baseline 0.002 -22"><span class='ocrx_word' id='word_1_723' title='bbox 2242 4445 2269 4473; x_wconf 85' lang='grc' dir='ltr'>ιι</span> <span class='ocrx_word' id='word_1_724' title='bbox 2305 4421 2451 4494; x_wconf 81' lang='grc' dir='ltr'>ρίαν,</span> <span class='ocrx_word' id='word_1_725' title='bbox 2502 4420 2593 4476; x_wconf 83' lang='grc' dir='ltr'>καὶ</span> <span class='ocrx_word' id='word_1_726' title='bbox 2644 4420 2736 4474; x_wconf 81' lang='grc' dir='ltr'>σὺν</span> <span class='ocrx_word' id='word_1_727' title='bbox 2790 4422 2940 4493; x_wconf 82' lang='grc' dir='ltr'>αύτῷ</span> <span class='ocrx_word' id='word_1_728' title='bbox 2988 4422 3298 4495; x_wconf 82' lang='grc' dir='ltr'>Πρίσκιλλα</span> <span class='ocrx_word' id='word_1_729' title='bbox 3349 4424 3437 4477; x_wconf 80' lang='grc' dir='ltr'>καὶ</span> <span class='ocrx_word' id='word_1_730' title='bbox 3497 4417 3749 4482; x_wconf 80' lang='grc' dir='ltr'>Ἀκύλας,</span> <span class='ocrx_word' id='word_1_731' title='bbox 3775 4428 3872 4465; x_wconf 54' lang='grc' dir='ltr'>κεν</span> 
     </span>
    </p>
   </div>
   <div class='ocr_carea' id='block_1_105' title="bbox 2245 4494 3869 4588">
    <p class='ocr_par' dir='ltr' id='par_1_105' title="bbox 2245 4494 3869 4588">
     <span class='ocr_line' id='line_1_105' title="bbox 2245 4494 3869 4588; baseline 0.005 -28"><span class='ocrx_word' id='word_1_732' title='bbox 2245 4532 2273 4560; x_wconf 88' lang='grc' dir='ltr'>ιι</span> <span class='ocrx_word' id='word_1_733' title='bbox 2310 4510 2547 4583; x_wconf 86' lang='grc' dir='ltr'>ράμενος</span> <span class='ocrx_word' id='word_1_734' title='bbox 2608 4511 2709 4579; x_wconf 80' lang='grc' dir='ltr'>τὴν</span> <span class='ocrx_word' id='word_1_735' title='bbox 2777 4494 3043 4588; x_wconf 76' lang='grc' dir='ltr'>κεφαλὴν</span> <span class='ocrx_word' id='word_1_736' title='bbox 3093 4509 3145 4566; x_wconf 81' lang='grc' dir='ltr'>ἐν</span> <span class='ocrx_word' id='word_1_737' title='bbox 3212 4512 3536 4586; x_wconf 77' lang='grc' dir='ltr'>Κεγχρεαῖς·</span> <span class='ocrx_word' id='word_1_738' title='bbox 3605 4506 3719 4580; x_wconf 77' lang='grc' dir='ltr'>εἶχε</span> <span class='ocrx_word' id='word_1_739' title='bbox 3783 4494 3869 4574; x_wconf 62' lang='grc' dir='ltr'>γὰρ</span> 
     </span>
    </p>
   </div>
   <div class='ocr_carea' id='block_1_106' title="bbox 2166 4596 2567 4673">
    <p class='ocr_par' dir='ltr' id='par_1_106' title="bbox 2166 4596 2567 4673">
     <span class='ocr_line' id='line_1_106' title="bbox 2166 4596 2567 4673; baseline -0.01 -18"><span class='ocrx_word' id='word_1_740' title='bbox 2166 4596 2212 4661; x_wconf 90' lang='lat' dir='ltr'>D</span> <span class='ocrx_word' id='word_1_741' title='bbox 2253 4620 2281 4651; x_wconf 85' lang='lat'><strong>«</strong></span> <span class='ocrx_word' id='word_1_742' title='bbox 2312 4600 2503 4673; x_wconf 77' lang='grc' dir='ltr'>εὐχήν.</span> <span class='ocrx_word' id='word_1_743' title='bbox 2539 4623 2567 4651; x_wconf 85' lang='grc'><strong>››</strong></span> 
     </span>
    </p>
   </div>
   <div class='ocr_carea' id='block_1_107' title="bbox 2316 4676 3867 4765">
    <p class='ocr_par' dir='ltr' id='par_1_107' title="bbox 2316 4676 3867 4765">
     <span class='ocr_line' id='line_1_107' title="bbox 2316 4676 3867 4765; baseline -0.008 -21"><span class='ocrx_word' id='word_1_744' title='bbox 2316 4686 2490 4744; x_wconf 89' lang='grc' dir='ltr'>Πάλιν</span> <span class='ocrx_word' id='word_1_745' title='bbox 2538 4688 2747 4743; x_wconf 78' lang='grc' dir='ltr'>κάτεισι</span> <span class='ocrx_word' id='word_1_746' title='bbox 2808 4688 3028 4751; x_wconf 85' lang='grc' dir='ltr'>Παῦλος</span> <span class='ocrx_word' id='word_1_747' title='bbox 3080 4688 3158 4751; x_wconf 79' lang='grc' dir='ltr'>εἷς</span> <span class='ocrx_word' id='word_1_748' title='bbox 3207 4688 3431 4765; x_wconf 85' lang='grc' dir='ltr'>Συρίαν,</span> <span class='ocrx_word' id='word_1_749' title='bbox 3471 4688 3565 4746; x_wconf 81' lang='grc' dir='ltr'>καὶ</span> <span class='ocrx_word' id='word_1_750' title='bbox 3608 4685 3696 4740; x_wconf 72' lang='grc' dir='ltr'>σὺν</span> <span class='ocrx_word' id='word_1_751' title='bbox 3741 4676 3867 4744; x_wconf 75' lang='grc' dir='ltr'>αὐτῷ</span> 
     </span>
    </p>
   </div>
   <div class='ocr_carea' id='block_1_108' title="bbox 2245 4775 3867 4856">
    <p class='ocr_par' dir='ltr' id='par_1_108' title="bbox 2245 4775 3867 4856">
     <span class='ocr_line' id='line_1_108' title="bbox 2245 4775 3867 4856; baseline -0.005 -22"><span class='ocrx_word' id='word_1_752' title='bbox 2245 4777 2556 4853; x_wconf 79' lang='grc' dir='ltr'>Πρίσκιλλα</span> <span class='ocrx_word' id='word_1_753' title='bbox 2592 4778 2683 4833; x_wconf 84' lang='grc' dir='ltr'>καὶ</span> <span class='ocrx_word' id='word_1_754' title='bbox 2724 4775 2985 4850; x_wconf 83' lang='grc' dir='ltr'>Ἀκύλας,</span> <span class='ocrx_word' id='word_1_755' title='bbox 3025 4780 3368 4851; x_wconf 81' lang='grc' dir='ltr'>κειράμενος,</span> <span class='ocrx_word' id='word_1_756' title='bbox 3399 4780 3555 4856; x_wconf 79' lang='grc' dir='ltr'>φησὶ,</span> <span class='ocrx_word' id='word_1_757' title='bbox 3593 4775 3689 4842; x_wconf 84' lang='grc' dir='ltr'>τὴν</span> <span class='ocrx_word' id='word_1_758' title='bbox 3725 4784 3867 4842; x_wconf 65' lang='grc' dir='ltr'>κεφα-</span> 
     </span>
    </p>
   </div>
   <div class='ocr_carea' id='block_1_109' title="bbox 2246 4859 3865 4947">
    <p class='ocr_par' dir='ltr' id='par_1_109' title="bbox 2246 4859 3865 4947">
     <span class='ocr_line' id='line_1_109' title="bbox 2246 4859 3865 4947; baseline -0.001 -25"><span class='ocrx_word' id='word_1_759' title='bbox 2246 4867 2371 4939; x_wconf 75' lang='grc' dir='ltr'>λην.</span> <span class='ocrx_word' id='word_1_760' title='bbox 2404 4869 2479 4925; x_wconf 88' lang='grc' dir='ltr'>Τὸ</span> <span class='ocrx_word' id='word_1_761' title='bbox 2530 4865 2587 4923; x_wconf 76' lang='grc' dir='ltr'>δὲ</span> <span class='ocrx_word' id='word_1_762' title='bbox 2633 4867 2911 4940; x_wconf 85' lang='grc' dir='ltr'>κείρασθαι</span> <span class='ocrx_word' id='word_1_763' title='bbox 2958 4870 3058 4938; x_wconf 80' lang='grc' dir='ltr'>τήν</span> <span class='ocrx_word' id='word_1_764' title='bbox 3107 4866 3348 4947; x_wconf 75' lang='grc' dir='ltr'>κεφαλὴν</span> <span class='ocrx_word' id='word_1_765' title='bbox 3391 4870 3509 4924; x_wconf 89' lang='grc' dir='ltr'>κατ’</span> <span class='ocrx_word' id='word_1_766' title='bbox 3539 4864 3722 4939; x_wconf 73' lang='grc' dir='ltr'>εὐχὴν,</span> <span class='ocrx_word' id='word_1_767' title='bbox 3752 4859 3865 4911; x_wconf 80' lang='grc' dir='ltr'>Ἰου⁸</span> 
     </span>
    </p>
   </div>
   <div class='ocr_carea' id='block_1_110' title="bbox 2248 4940 3870 5032">
    <p class='ocr_par' dir='ltr' id='par_1_110' title="bbox 2248 4940 3870 5032">
     <span class='ocr_line' id='line_1_110' title="bbox 2248 4940 3870 5032; baseline -0.001 -21"><span class='ocrx_word' id='word_1_768' title='bbox 2248 4954 2430 5012; x_wconf 81' lang='grc' dir='ltr'>δαϊκὸν</span> <span class='ocrx_word' id='word_1_769' title='bbox 2468 4959 2558 5026; x_wconf 82' lang='grc' dir='ltr'>ἦν.</span> <span class='ocrx_word' id='word_1_770' title='bbox 2612 4955 2763 5013; x_wconf 83' lang='grc' dir='ltr'>Ἔδει</span> <span class='ocrx_word' id='word_1_771' title='bbox 2803 4955 2862 5013; x_wconf 70' lang='grc' dir='ltr'>δὲ</span> <span class='ocrx_word' id='word_1_772' title='bbox 2899 4957 2989 5013; x_wconf 84' lang='grc' dir='ltr'>καὶ</span> <span class='ocrx_word' id='word_1_773' title='bbox 3029 4957 3214 5021; x_wconf 86' lang='grc' dir='ltr'>θυσίαν</span> <span class='ocrx_word' id='word_1_774' title='bbox 3281 4954 3547 5032; x_wconf 84' lang='grc' dir='ltr'>γενέσθαι,</span> <span class='ocrx_word' id='word_1_775' title='bbox 3612 4952 3727 5027; x_wconf 73' lang='grc' dir='ltr'>ἣτις</span> <span class='ocrx_word' id='word_1_776' title='bbox 3782 4940 3870 4997; x_wconf 67' lang='grc' dir='ltr'>οὐκ</span> 
     </span>
    </p>
   </div>
   <div class='ocr_carea' id='block_1_111' title="bbox 2246 5027 3863 5126">
    <p class='ocr_par' dir='ltr' id='par_1_111' title="bbox 2246 5027 3863 5126">
     <span class='ocr_line' id='line_1_111' title="bbox 2246 5027 3863 5126; baseline -0.001 -25"><span class='ocrx_word' id='word_1_777' title='bbox 2246 5047 2450 5121; x_wconf 77' lang='grc' dir='ltr'>ἐγένετο</span> <span class='ocrx_word' id='word_1_778' title='bbox 2490 5040 2569 5103; x_wconf 75' lang='grc' dir='ltr'>ἔτι</span> <span class='ocrx_word' id='word_1_779' title='bbox 2615 5047 2750 5121; x_wconf 81' lang='grc' dir='ltr'>μετά</span> <span class='ocrx_word' id='word_1_780' title='bbox 2787 5048 2850 5103; x_wconf 86' lang='grc' dir='ltr'>τὸ</span> <span class='ocrx_word' id='word_1_781' title='bbox 2915 5048 3184 5126; x_wconf 74' lang='grc' dir='ltr'>τυφθῆναι</span> <span class='ocrx_word' id='word_1_782' title='bbox 3244 5027 3335 5102; x_wconf 72' lang='grc' dir='ltr'>τδν</span> <span class='ocrx_word' id='word_1_783' title='bbox 3403 5044 3698 5112; x_wconf 76' lang='grc' dir='ltr'>Σωσθένην⁸</span> <span class='ocrx_word' id='word_1_784' title='bbox 3767 5027 3863 5126; x_wconf 57' lang='grc' dir='ltr'>ἧδξὶ</span> 
     </span>
    </p>
   </div>
   <div class='ocr_carea' id='block_1_112' title="bbox 2245 5116 3864 5211">
    <p class='ocr_par' dir='ltr' id='par_1_112' title="bbox 2245 5116 3864 5211">
     <span class='ocr_line' id='line_1_112' title="bbox 2245 5116 3864 5211; baseline -0.014 -18"><span class='ocrx_word' id='word_1_785' title='bbox 2245 5116 2348 5211; x_wconf 64' lang='grc' dir='ltr'>γάρ</span> <span class='ocrx_word' id='word_1_786' title='bbox 2389 5137 2417 5189; x_wconf 93' lang='lat'>6</span> <span class='ocrx_word' id='word_1_787' title='bbox 2455 5116 2625 5209; x_wconf 71' lang='grc' dir='ltr'>νόμος</span> <span class='ocrx_word' id='word_1_788' title='bbox 2679 5116 3006 5207; x_wconf 76' lang='grc' dir='ltr'>κατελύετο,⁸</span> <span class='ocrx_word' id='word_1_789' title='bbox 3052 5134 3239 5207; x_wconf 78' lang='grc' dir='ltr'>ἐπειδὴ</span> <span class='ocrx_word' id='word_1_790' title='bbox 3293 5141 3376 5210; x_wconf 81' lang='grc' dir='ltr'>τῷ</span> <span class='ocrx_word' id='word_1_791' title='bbox 3414 5131 3674 5191; x_wconf 84' lang='grc' dir='ltr'>συνειδότι</span> <span class='ocrx_word' id='word_1_792' title='bbox 3712 5116 3864 5180; x_wconf 86' lang='grc' dir='ltr'>κατεί-</span> 
     </span>
    </p>
   </div>
   <div class='ocr_carea' id='block_1_113' title="bbox 2250 5246 2438 5304">
    <p class='ocr_par' dir='ltr' id='par_1_113' title="bbox 2250 5246 2438 5304">
     <span class='ocr_line' id='line_1_113' title="bbox 2250 5246 2438 5304; baseline 0.011 -24"><span class='ocrx_word' id='word_1_793' title='bbox 2250 5246 2438 5304; x_wconf 88' lang='grc' dir='ltr'>χοντο.</span> 
     </span>
    </p>
   </div>
   <div class='ocr_carea' id='block_1_114' title="bbox 2321 5297 3862 5397">
    <p class='ocr_par' dir='ltr' id='par_1_114' title="bbox 2321 5297 3862 5397">
     <span class='ocr_line' id='line_1_114' title="bbox 2321 5297 3862 5397; baseline -0.027 -5"><span class='ocrx_word' id='word_1_794' title='bbox 2321 5340 2348 5367; x_wconf 84' lang='lat'><em>“</em></span> <span class='ocrx_word' id='word_1_795' title='bbox 2382 5318 2700 5387; x_wconf 74' lang='grc' dir='ltr'>Κατήντησε</span> <span class='ocrx_word' id='word_1_796' title='bbox 2739 5314 2797 5371; x_wconf 68' lang='grc' dir='ltr'>δὲ</span> <span class='ocrx_word' id='word_1_797' title='bbox 2835 5317 2910 5379; x_wconf 77' lang='grc' dir='ltr'>εἷς</span> <span class='ocrx_word' id='word_1_798' title='bbox 2949 5319 3202 5397; x_wconf 78' lang='grc' dir='ltr'>Ἔφεσον,</span> <span class='ocrx_word' id='word_1_799' title='bbox 3241 5318 3333 5372; x_wconf 84' lang='grc' dir='ltr'>καὶ</span> <span class='ocrx_word' id='word_1_800' title='bbox 3396 5316 3625 5374; x_wconf 72' lang='grc' dir='ltr'>ἐκείνους</span> <span class='ocrx_word' id='word_1_801' title='bbox 3669 5297 3862 5361; x_wconf 69' lang='grc' dir='ltr'>κατέλι-</span> 
     </span>
    </p>
   </div>
   <div class='ocr_carea' id='block_1_115' title="bbox 2252 5403 3863 5468">
    <p class='ocr_par' dir='ltr' id='par_1_115' title="bbox 2252 5403 3863 5468">
     <span class='ocr_line' id='line_1_115' title="bbox 2252 5403 3863 5468; baseline 0.002 -11"><span class='ocrx_word' id='word_1_802' title='bbox 2252 5429 2279 5457; x_wconf 85' lang='grc' dir='ltr'>ιι</span> <span class='ocrx_word' id='word_1_803' title='bbox 2311 5426 2407 5461; x_wconf 86' lang='grc' dir='ltr'>πεν</span> <span class='ocrx_word' id='word_1_804' title='bbox 2479 5406 2665 5464; x_wconf 78' lang='grc' dir='ltr'>αὑτοῦ.</span> <span class='ocrx_word' id='word_1_805' title='bbox 2767 5407 2959 5468; x_wconf 81' lang='grc' dir='ltr'>’Δυτὸς</span> <span class='ocrx_word' id='word_1_806' title='bbox 3037 5403 3094 5460; x_wconf 72' lang='grc' dir='ltr'>δὲ</span> <span class='ocrx_word' id='word_1_807' title='bbox 3168 5404 3425 5461; x_wconf 77' lang='grc' dir='ltr'>εἰσελθὼν</span> <span class='ocrx_word' id='word_1_808' title='bbox 3500 5403 3573 5464; x_wconf 75' lang='grc' dir='ltr'>εἷς</span> <span class='ocrx_word' id='word_1_809' title='bbox 3649 5406 3863 5461; x_wconf 76' lang='grc' dir='ltr'>συναγω⁹</span> 
     </span>
    </p>
   </div>
   <div class='ocr_carea' id='block_1_116' title="bbox 2253 5473 3862 5570">
    <p class='ocr_par' dir='ltr' id='par_1_116' title="bbox 2253 5473 3862 5570">
     <span class='ocr_line' id='line_1_116' title="bbox 2253 5473 3862 5570; baseline -0.027 2"><span class='ocrx_word' id='word_1_810' title='bbox 2253 5518 2279 5546; x_wconf 83' lang='lat'><em>“</em></span> <span class='ocrx_word' id='word_1_811' title='bbox 2311 5496 2413 5570; x_wconf 61' lang='grc' dir='ltr'>Υῆν</span> <span class='ocrx_word' id='word_1_812' title='bbox 2454 5493 2714 5570; x_wconf 70' lang='grc' dir='ltr'>διελέχθη</span> <span class='ocrx_word' id='word_1_813' title='bbox 2759 5501 2875 5559; x_wconf 85' lang='grc' dir='ltr'>τοῖς</span> <span class='ocrx_word' id='word_1_814' title='bbox 2940 5492 3253 5558; x_wconf 83' lang='grc' dir='ltr'>Ἰουδαίοις.</span> <span class='ocrx_word' id='word_1_815' title='bbox 3296 5495 3652 5568; x_wconf 83' lang='grc' dir='ltr'>Ἐρωτώντων</span> <span class='ocrx_word' id='word_1_816' title='bbox 3690 5480 3743 5537; x_wconf 72' lang='grc' dir='ltr'>δὲ</span> <span class='ocrx_word' id='word_1_817' title='bbox 3778 5473 3862 5570; x_wconf 65' lang='grc' dir='ltr'>αύ-</span> 
     </span>
    </p>
   </div>
   <div class='ocr_carea' id='block_1_117' title="bbox 2253 5563 3864 5661">
    <p class='ocr_par' dir='ltr' id='par_1_117' title="bbox 2253 5563 3864 5661">
     <span class='ocr_line' id='line_1_117' title="bbox 2253 5563 3864 5661; baseline 0.004 -24"><span class='ocrx_word' id='word_1_818' title='bbox 2253 5607 2282 5637; x_wconf 88' lang='grc'><em>‹‹</em></span> <span class='ocrx_word' id='word_1_819' title='bbox 2309 5588 2441 5654; x_wconf 82' lang='grc' dir='ltr'>τῶν,</span> <span class='ocrx_word' id='word_1_820' title='bbox 2484 5585 2572 5639; x_wconf 80' lang='grc' dir='ltr'>ἐπὶ</span> <span class='ocrx_word' id='word_1_821' title='bbox 2614 5583 2843 5641; x_wconf 89' lang='grc' dir='ltr'>πλείονα</span> <span class='ocrx_word' id='word_1_822' title='bbox 2881 5605 3079 5661; x_wconf 74' lang='grc' dir='ltr'>χρόνον</span> <span class='ocrx_word' id='word_1_823' title='bbox 3126 5590 3303 5659; x_wconf 84' lang='grc' dir='ltr'>μεῖναι</span> <span class='ocrx_word' id='word_1_824' title='bbox 3351 5585 3479 5661; x_wconf 88' lang='grc' dir='ltr'>παρ’</span> <span class='ocrx_word' id='word_1_825' title='bbox 3544 5577 3738 5643; x_wconf 71' lang='grc' dir='ltr'>αὐτοῖς,</span> <span class='ocrx_word' id='word_1_826' title='bbox 3776 5563 3864 5621; x_wconf 65' lang='grc' dir='ltr'>οὑκ</span> 
     </span>
    </p>
   </div>
   <div class='ocr_carea' id='block_1_118' title="bbox 2253 5655 3862 5749">
    <p class='ocr_par' dir='ltr' id='par_1_118' title="bbox 2253 5655 3862 5749">
     <span class='ocr_line' id='line_1_118' title="bbox 2253 5655 3862 5749; baseline -0.006 -18"><span class='ocrx_word' id='word_1_827' title='bbox 2253 5675 2609 5746; x_wconf 70' lang='grc' dir='ltr'>«ἐπένευσεν,</span> <span class='ocrx_word' id='word_1_828' title='bbox 2681 5676 2828 5734; x_wconf 81' lang='grc' dir='ltr'>ἀλλά</span> <span class='ocrx_word' id='word_1_829' title='bbox 2902 5655 3198 5749; x_wconf 74' lang='grc' dir='ltr'>ἀπετάξατο</span> <span class='ocrx_word' id='word_1_830' title='bbox 3251 5655 3458 5749; x_wconf 75' lang='grc' dir='ltr'>αὐτοῖς,</span> <span class='ocrx_word' id='word_1_831' title='bbox 3532 5667 3704 5728; x_wconf 76' lang='grc' dir='ltr'>ειπών·</span> <span class='ocrx_word' id='word_1_832' title='bbox 3776 5655 3862 5716; x_wconf 70' lang='grc' dir='ltr'>Δεῖ</span> 
     </span>
    </p>
   </div>
  </div>
