4112 6250
327 334 441 395 245

1371 336 1769 401 COMMENT.
1818 339 1893 399 IN
1942 335 2147 397 ACTA
2191 335 2800 402 APOSTOLORUM.

3687 341 3805 399 946

348 494 376 524 ιι
414 490 482 544 με
509 464 738 531 πάντως
767 469 878 540 τὴν
909 471 1142 555 ἑορτὴν
1181 477 1276 545 τήν
1331 473 1634 550 ἐρχομένην
1692 478 1923 541 ποιῆσαι
1974 470 2049 534 είς

2171 494 2199 523 ‹‹
2233 489 2328 528 me
2357 473 2574 531 festum
2610 473 2769 546 quod
2799 473 2981 528 instat
3039 488 3212 546 agere
3261 472 3666 546 Jerosolymis,
3717 474 3822 532 sed

361 559 803 638 ιἸεροσόλυμα·
842 560 1031 618 πάλιν
1074 562 1143 620 δὲ
1198 565 1493 639 ἀνακάμψω
1561 565 1700 638 πρὸς
1756 564 1894 639 ὑμᾶς
1961 567 2060 618 τοῦ

370 680 395 706 ιι
425 656 562 709 Θεοῦ
586 649 881 715 θέλοντος.
918 654 1034 709 Καὶ
1074 655 1300 731 ἀνήχθη
1332 655 1438 710 ἀπὸ
1470 660 1569 724 τῆς
1596 653 1839 732 Ἐφέσου.
1872 678 1893 705 ι

444 746 590 805 ’ΐους
617 742 745 814 περὶ
795 742 1081 811 Ἀκύλαν,
1145 746 1300 822 φησί,
1356 743 1640 799 κατέλιπεν
1695 743 1772 806 είς
1830 745 2059 820 Ἔφεσον

384 836 564 909 [τοῦτο
595 828 653 886 δὲ
680 830 945 903 ἐποίησεν
987 831 1250 907 εἰκότως]
1280 833 1352 894 ὡς
1386 829 1720 906 διδάξαντας.
1780 834 2054 888 Τοσοῦτον

383 926 495 999 γὰρ
517 922 663 996 αὖτῷ
719 920 1123 997 συγγενόμενοι
1187 924 1399 998 χρόνον,
1449 922 1637 978 πολλὰ
1687 919 1910 996 ἔμαθον.
1950 922 2052 979 Καὶ

393 1011 551 1085 ὅμως
580 1018 681 1080 τῆς
730 1009 1028 1079 συνηθείας
1088 1009 1284 1072 αὐτοὺς
1346 1010 1446 1066 οὐκ
1500 1010 1779 1085 ἀπήγαγεν
1838 1008 2053 1066 οὐδέπω

392 1108 496 1170 τῆς
527 1098 855 1165 Ἰουδαῖκῆς.
886 1099 957 1154 Τί
980 1096 1049 1169 δή
1090 1120 1247 1170 ποτε,
1277 1101 1564 1179 προφήτης
1603 1098 1700 1167 ὢν,
1735 1101 1763 1155 ὁ
1811 1098 2051 1167 Ηαῦλος,

400 1190 494 1245 καὶ
532 1186 680 1251 εἰδὼς
713 1187 797 1243 ὅτι
827 1186 1066 1260 ἔμελλεν
1098 1188 1462 1265 ἀναστρέφειν,
1526 1188 1633 1264 οὐχ
1688 1187 1880 1251 ἁπλῶς
1921 1190 2050 1243 ἀνα-

403 1280 643 1355 στρέφειν
693 1276 1078 1355 ἐπηγγείλατο
1116 1322 1130 1347 ,
1178 1276 1325 1333 ἀλλά
1374 1279 1708 1351 προστιθεὶς,
1762 1283 1861 1333 τοῦ
1918 1281 2051 1333 Θεοῦ

397 1368 654 1433 θέλοντες
686 1387 702 1436 ;
731 1367 905 1441 Ἢμᾶς
937 1363 1181 1422 διδάσκει
1220 1363 1387 1439 μηδὲν
1418 1369 1543 1442 περὶ
1572 1373 1680 1423 τῶν
1726 1366 2050 1441 μελλόντων

390 1457 778 1533 ὑπισχνεῖσθαι
809 1461 1010 1528 ποιεῖν,
1044 1453 1178 1536 δίχα
1233 1461 1330 1511 τοῦ
1387 1456 1578 1526 εἷπεῖν,
1639 1461 1737 1512 τοῦ
1793 1462 1927 1513 θεοῦ
1961 1457 2051 1521 θέ-

385 1546 610 1608 λοντος.
635 1545 714 1604 Οὔ
744 1547 847 1621 γάρ
876 1567 960 1609 τις
991 1543 1110 1601 οἶδε
1137 1545 1191 1601 τί
1217 1542 1422 1619 τέξεται
1450 1549 1485 1616 ἡ
1518 1546 1743 1602 ἐπιοῦσα
1773 1549 1974 1622 ἡμέρα.

459 1661 489 1687 ι(
522 1638 633 1693 Καὶ
664 1635 939 1691 κατελθὼν
974 1635 1051 1698 είς
1084 1638 1430 1711 Καισάρειαν,
1474 1633 1673 1699 ἀναϐάς
1728 1637 1818 1692 καὶ
1876 1638 2045 1692 ἀσπα-

387 1726 628 1800 σάμενος
704 1727 807 1794 τήν
901 1724 1216 1797 ἐκκλησίαν,
1297 1721 1497 1794 κατέϐη
1554 1727 1631 1788 είς
1680 1726 2041 1803 Ἀντιόχειαν.

2176 583 2196 610 ιι
2233 562 2448 617 iterum
2480 568 2743 617 revertar
2786 561 2859 616 ad
2890 578 3012 631 vos,
3045 563 3162 616 Deo
3211 560 3462 616 volente.
3523 564 3593 616 Et
3649 563 3823 620 solvit

2168 672 2196 700 «
2228 652 2479 721 Epheso.
2515 674 2542 701 >>

2236 741 2878 812 Priscillam,inquit,et
2894 740 3166 812 Aquilam
3190 739 3433 811 reliquit
3447 741 3683 813 Ephesi.
3704 742 3817 799 hoc

2165 837 2361 885 autem
2381 832 2591 887 merito
2605 832 2761 888 fecit.
2780 829 3159 901 tanquamibi
3184 831 3484 886 docentes.
3502 833 3639 887 Cum
3656 833 3816 888 enim

2165 925 2327 975 tanto
2360 927 2776 993 temporecum
2799 937 2868 976 eo
2890 922 3105 975 versati
3131 926 3351 978 essent.
3383 923 3535 977 142
3561 921 3819 992 plurima

2162 1008 2537 1065 didicerant:
2600 1027 2710 1066 nec
2776 1016 2975 1065 tamen
3023 1010 3328 1065 aJudaica
3385 1011 3817 1067 consuetudine

2162 1097 2321 1169 ipsos
2353 1099 2547 1155 adhuc
2580 1098 2875 1155 abducere
2900 1104 3190 1170 potuerat.
3225 1100 3410 1164 Quam
3444 1099 3517 1154 ob
3550 1117 3816 1168 causam,

2162 1204 2295 1243 cum
2325 1189 2619 1260 propheta
2650 1194 2806 1243 esset
2848 1188 3085 1256 Paulus,
3120 1187 3415 1259 sciretque
3448 1205 3510 1244 se
3540 1206 3816 1246 reversu—

2162 1294 2320 1345 rum,
2352 1294 2474 1332 non
2504 1278 2861 1348 simpliciter
2890 1278 3166 1349 promisit
3189 1294 3249 1332 se
3280 1294 3678 1345 reversurum,
3712 1279 3819 1335 sed

2158 1366 2406 1432 addidit,
2432 1368 2550 1422 Deo
2589 1366 2821 1422 volente
2842 1367 2869 1421 ‘I
2912 1369 3131 1437 Nempe
3167 1366 3388 1423 docens
3419 1385 3528 1422 nos
3559 1384 3632 1423 ne
3667 1368 3812 1440 quid

2157 1454 2228 1510 de
2259 1455 2476 1511 futuris
2498 1454 2893 1526 polliceamur
2924 1456 3041 1511 nisi
3072 1455 3382 1526 addentes,
3414 1457 3533 1511 Deo
3556 1457 3808 1513 volente.

2155 1547 2337 1601 Nemo
2369 1546 2530 1600 enim
2552 1546 2714 1604 novit
2741 1544 2883 1615 quid
2907 1545 3208 1616 pariturus
3234 1546 3560 1618 insequens
3590 1546 3740 1602 dies.

2222 1638 2422 1703 XVIII,
2456 1639 2638 1695 22-28.
2672 1659 2701 1688 «
2743 1639 3006 1707 Cumque
3034 1637 3442 1694 descendisset
3477 1639 3809 1693 Caesaream

2154 1749 2182 1777 «
2215 1732 2272 1780 et
2302 1726 2670 1782 ascendisset
2691 1743 2757 1782 ac
2790 1726 3106 1782 salutasset
3128 1726 3465 1795 ecclesiam,
3498 1726 3814 1792 descendit

389 1816 497 1873 Καὶ
586 1816 830 1884 ποιήσας
911 1815 1116 1893 χρόνον
1193 1816 1331 1886 τινὰ,
1418 1813 1632 1886 ἐξῆλθε,
1690 1813 2043 1894 διερχόμενος

2165 1839 2181 1867 ι
2215 1816 2613 1873 Antiochiam.
2640 1818 2709 1871 Et
2737 1821 3139 1872 commoratus
3161 1816 3243 1871 ibi
3265 1816 3639 1887 aliquantum
3654 1821 3805 1871 tem-

386 1906 621 1974 καθεξῆς
673 1904 777 1971 τήν
835 1902 1142 1971 Γαλατικὴν
1205 1904 1391 1979 χώραν
1446 1904 1536 1959 καὶ
1604 1902 1867 1979 Φρυγίαν,
1924 1904 2044 1960 ἐπι-

392 1994 669 2068 στηρίζων
720 1993 924 2053 πάντας
999 1993 1128 2055 τοὺς
1206 1994 1474 2065 μαθητὰς·
1535 1991 1799 2055 Ἰουδαῖος
1850 1990 1907 2048 δὲ
1959 2016 2042 2056 τις

389 2083 693 2139 Ἀπολλὼς
750 2081 1023 2156 ὀνόματι,
1085 2080 1463 2157 Ἀλεξανδρεὺς
1519 2087 1598 2155 τῷ
1655 2082 1795 2158 γένει
1832 2130 1847 2156 ,
1906 2085 2043 2158 ἀνὴρ

399 2171 587 2248 λόγιος
618 2217 632 2241 ,
686 2173 1027 2242 κατήντησεν
1084 2171 1158 2234 εἷς
1220 2173 1446 2252 Ἔφεσον
1481 2219 1497 2245 ,
1557 2169 1783 2235 δυνατὸς
1861 2171 1935 2228 ὣν
1991 2171 2045 2228 ἐν

408 2268 528 2323 ταῖς
583 2266 809 2340 Ῡραοαῖς
857 2305 869 2316 .
926 2261 1099 2323 Οἷτος
1148 2262 1214 2330 ἦν
1271 2261 1661 2337 κατηχημένος
1739 2263 1839 2331 τήν
1916 2260 2040 2317 ὁδὸν

404 2357 502 2407 τοῦ
570 2351 755 2426 Κυρίου
789 2397 803 2418 ,
863 2350 956 2405 καὶ
1015 2349 1147 2421 ζέων
1204 2356 1283 2423 τῷ
1330 2351 1593 2426 πνεύματι
1662 2350 1897 2415 ἐλάλει,
1953 2351 2045 2406 καὶ

397 2439 668 2497 ἔδίὸατκεν
730 2436 975 2513 ἀκριϐῶς
1054 2440 1120 2495 τά
1199 2441 1322 2514 περὶ
1394 2445 1492 2496 τοῦ
1550 2440 1773 2515 Κυρίου,
1823 2440 2043 2496 ἐπιστά-

395 2551 557 2602 μενος
648 2528 816 2601 μόνον
897 2530 962 2584 τὸ
1046 2531 1326 2605 βάπτισμα
1399 2529 1699 2586 Ἰωάννου.
1760 2530 1932 2591 Οῧτός
1985 2551 2046 2586 τε

383 2620 589 2690 ἤεξατο
669 2618 1139 2694 παρέησιάζεσθαι
1214 2618 1265 2673 ἐν
1319 2623 1388 2693 τῇ
1448 2622 1737 2696 συναγωγῇ
1771 2663 1782 2675 .
1844 2619 2041 2676 Ἀκού-

382 2732 570 2772 σαντες
604 2708 665 2764 δὲ
717 2709 885 2764 αὐτοῦ
941 2708 1175 2772 Ἀκύλας
1229 2710 1315 2765 καί
1378 2708 1708 2786 Πρίσκιλλα,
1766 2709 2040 2784 προσελά-

382 2796 546 2856 ϐοντο
604 2799 815 2868 αὐτὸν,
873 2800 963 2854 καὶ
1019 2796 1396 2875 ἀκριϐέστερον
1452 2800 1601 2872 αὖτῷ
1658 2800 1890 2870 ἐξέθεντο
1943 2800 2042 2868 τὴν

379 2895 479 2946 τοῦ
538 2894 683 2946 Θεοῦ
726 2886 875 2946 ὁδόν.
937 2886 1289 2962 Βουλομένου
1341 2887 1398 2945 δὲ
1449 2889 1614 2944 αὐτοῦ
1671 2886 1902 2944 διελθεῖν
1964 2890 2040 2950 είς

374 2982 478 3049 τήν
510 2976 759 3055 Ἀχαΐαν
790 2978 1230 3053 προτρεψάμενοι
1262 2980 1318 3033 οἱ
1365 2976 1591 3058 ἀδελφοὶ
1645 2975 1879 3055 ἔγραψαν
1925 2984 2043 3040 τοῖς

389 3076 668 3144 μαθηταῖς
729 3067 1091 3140 ἀποδέξασθαι
1181 3069 1340 3125 αὐτόν
1378 3114 1390 3127 .
1452 3071 1550 3133 Ὃς
1606 3070 2041 3145 παραγενόμενος

395 3148 719 3207 συνεϐάλετο
774 3150 924 3206 πολὺ
995 3156 1112 3213 τοῖς
1168 3152 1551 3207 πεπιστευκόσι
1599 3148 1689 3207 διὰ
1742 3158 1842 3221 τῆς
1876 3150 2041 3226 χάρι-

2158 1927 2182 1957 ιι
2212 1905 2393 1977 poris,
2427 1906 2728 1977 profectus
2759 1912 2868 1974 est,
2903 1905 3325 1977 perambulans
3357 1922 3427 1961 ex
3465 1905 3675 1961 ordine
3697 1906 3802 1961 Ga-

2159 2018 2179 2045 ι
2215 1994 2452 2051 laticam
2485 1996 2786 2065 regionem
2816 2013 2884 2051 ac
2916 1996 3253 2068 Phrygiam,
3285 1998 3648 2051 confirmans
3678 2010 3801 2051 om—

2156 2106 2182 2134 ιι
2215 2100 2323 2139 nes
2369 2083 2712 2156 discipulos.
2770 2084 3006 2142 Iudaeus
3052 2092 3252 2142 autem
3283 2085 3524 2156 quidam
3554 2083 3800 2157 Apollas

2156 2195 2185 2223 «
2216 2174 2479 2240 nomine,
2499 2174 2935 2230 Alexandrinus
2966 2191 3203 2246 genere,
3236 2176 3324 2229 vir
3353 2174 3663 2247 eloquens,
3696 2174 3803 2229 de-

2153 2285 2181 2312 ιι
2206 2262 2365 2316 venit
2397 2263 2722 2333 Ephesum,
2755 2270 2969 2334 potens
3026 2264 3090 2319 in
3145 2264 3491 2335 Scripturis.
3545 2265 3648 2319 Hic
3678 2267 3806 2320 erat

2155 2373 2181 2401 ιι
2217 2351 2525 2406 institutus
2574 2352 2635 2406 in
2692 2352 2785 2406 via
2841 2353 3097 2407 Domini:
3132 2358 3189 2407 et
3215 2353 3449 2408 fervens
3482 2354 3694 2425 spiritu
3724 2353 3807 2408 lo-

2154 2461 2181 2488 ιι
2218 2439 2528 2509 quebatur,
2563 2456 2632 2495 ac
2685 2440 2936 2495 docebat
2983 2440 3299 2511 diligenter
3355 2457 3424 2496 ea
3478 2458 3608 2511 quae
3663 2447 3803 2498 sunt

2159 2551 2180 2577 ιι
2219 2529 2473 2590 Domini.
2508 2529 2701 2584 sciens
2730 2535 2962 2584 tantum
2994 2529 3289 2600 baptisma
3315 2530 3577 2586 Joannis.
3612 2532 3679 2584 Et
3713 2531 3809 2585 hic

2153 2638 2181 2667 ιι
2215 2617 2593 2688 cmpitlibere
2625 2618 2787 2690 loqui
2808 2620 2868 2672 in
2893 2635 3207 2691 synagoga.
3235 2620 3419 2684 Quem
3447 2635 3581 2674 cum
3605 2618 3808 2675 audis-

2153 2727 2183 2757 «
2214 2712 2347 2762 sent
2375 2708 2648 2764 Priscilla
2676 2713 2734 2763 et
2764 2709 2998 2779 Aquila,
3029 2713 3481 2780 assumpserunt
3522 2725 3678 2774 eum,
3713 2714 3805 2764 at-

2151 2818 2179 2846 «
2214 2814 2328 2868 que
2360 2798 2622 2854 exactius
2654 2803 3054 2870 exposuerunt
3092 2798 3146 2853 ei
3175 2798 3329 2854 viam
3369 2798 3626 2854 Domini.
3660 2798 3806 2855 Cum

2152 2908 2181 2937 ιι
2213 2891 2413 2942 autem
2432 2888 2608 2943 vellet
2631 2890 2716 2945 ire
2739 2888 2800 2944 in
2821 2889 3102 2945 Achaiam
3126 2888 3417 2945 exhortati
3434 2888 3646 2945 fratres
3661 2889 3806 2944 scri-

2151 2994 2179 3022 ιι
2208 2980 2456 3043 pserunt
2485 2974 2814 3046 discipulis,
2838 2980 2904 3031 ut
2933 2975 3306 3047 susciperent
3335 2992 3494 3032 eum.
3528 2974 3636 3041 Qui
3668 2991 3804 3031 cum

2152 3082 2181 3112 ιι
2212 3062 2489 3131 venisset,
2523 3064 2777 3119 contulit
2817 3063 3072 3120 multum
3130 3063 3223 3117 his
3255 3063 3356 3134 qui
3414 3062 3795 3119 crediderant

2152 3171 2181 3199 ιι
2216 3167 2324 3221 per
2350 3153 2600 3224 gratiam
2628 3169 2641 3207 :
2678 3152 3060 3207 vehementer
3088 3152 3249 3207 enim
3277 3151 3511 3207 Judaaos
3544 3152 3806 3208 revince-

409 3258 521 3301 τος·
569 3243 790 3304 εὒτόνως
851 3243 958 3319 γάρ
1024 3246 1140 3304 τοῖς
1206 3239 1494 3305 Ἰουδαίοις
1554 3238 2047 3319 διακατηλέγχετο,

2165 3260 2190 3289 ι(
2221 3239 2342 3308 bat,
2358 3221 2601 3311 publice
2623 3241 2945 3298 ostendens
2973 3258 3078 3313 per
3100 3242 3433 3313 Scripturas
3450 3242 3651 3299 Iesum
3676 3257 3806 3298 esse

422 3326 667 3401 δημοσίᾳ
694 3327 987 3393 ἒπιδεικνὺς
1020 3328 1109 3385 διὰ
1135 3334 1244 3387 τῶν
1289 3336 1515 3411 Γραιρῶν
1572 3332 1713 3386 εἴναι
1776 3330 1868 3386 τὸν
1917 3331 2049 3404 Χρι-

415 3420 540 3473 στὸν
576 3420 790 3491 Ἰησοὸν,
823 3441 851 3472 ιι

477 3509 629 3573 Τινὲς
656 3530 831 3586 φασιν,
864 3510 941 3565 ὡς
974 3510 1004 3565 6
1039 3507 1340 3574 Ἀπολλὼς
1394 3512 1552 3574 οὗτος
1609 3511 1638 3566 6
1695 3510 1857 3572 αὐτός
1912 3510 2052 3566 ἐστιν

407 3598 684 3667 ’Δπελλῆς
716 3600 744 3654 6
774 3604 883 3654 τῶν
919 3599 1225 3673 Κορινθίων
1278 3599 1601 3668 ἐπίσκοπος,
1640 3601 1764 3676 περὶ
1795 3600 1857 3655 οὗ
1889 3622 2049 3680 φησιν

405 3687 681 3768 ἀλλαχοῦ·
735 3714 761 3739 ιι
824 3687 969 3763 Ἐγὼ
1026 3686 1309 3762 ἐφύτευσα,
1379 3688 1673 3752 ’Δπολλὼς
1723 3688 1988 3751 ἐπότισεν.
2024 3719 2046 3747 ι

397 3779 468 3835 Ἠ
500 3776 686 3834 τοίνυν
719 3775 994 3850 διώνυμος
1044 3778 1073 3832 6
1120 3778 1279 3853 ἀνὴρ,
1311 3777 1347 3846 ἢ
1406 3776 1621 3844 ἄλλως,
1682 3782 2051 3853 μετεποιήοην

397 3867 622 3941 θάτερον
653 3870 770 3921 τῶν
801 3864 1107 3940 ὀνομάτων,
1169 3865 1243 3927 είς
1270 3867 1333 3922 τὸ
1393 3865 1608 3924 λοιπόν.
1670 3892 1697 3921 ιι
1731 3869 2055 3944 Ἐπιστάμε-

394 3978 482 4018 νος
533 3955 706 4030 μόνον
736 3954 802 4010 τὸ
834 3954 1116 4031 βάπτισμα
1172 3954 1446 4015 Ἰωάννου,
1489 3980 1517 4008 ››
1575 3957 1758 4030 Ἄξιον
1822 3963 2054 4028 ζητῆσαι

390 4051 539 4115 πῶς,
574 4044 707 4100 εἰτὸ
742 4044 1026 4120 βάπτισμα
1058 4043 1224 4116 μόνον
1276 4044 1529 4101 Ἰωάννου
1561 4045 1848 4116 ἠπίστατο,
1880 4046 2054 4109 οὕτως

394 4141 478 4207 τῷ
510 4134 791 4207 Πνεύματι
823 4131 951 4204 ἔξει.
987 4136 1065 4191 Τὸ
1102 4134 1204 4209 γὰρ
1237 4138 1456 4207 Πνεῦμα
1487 4135 1596 4211 οὐχ
1624 4135 1796 4198 οὕτως
1821 4133 2052 4194 ἐδίδοτο.

397 4225 509 4282 Καὶ
535 4224 584 4279 εί
615 4225 669 4279 οἱ
732 4225 869 4296 μετά
920 4227 1113 4279 τοῦτον
1172 4221 1471 4295 ἐδεήθησαν
1520 4230 1618 4280 τοῦ
1678 4227 2054 4301 βαπτίσματος

397 4322 499 4374 τοῦ
526 4320 796 4391 Χριστοῦ,
824 4314 1027 4389 πολλῷ
1060 4314 1271 4390 μᾶλλον
1299 4317 1389 4371 καὶ
1422 4317 1585 4381 οὗτος
1612 4316 1809 4390 ἐδεήθη
1857 4318 1939 4377 ἄν.
1989 4319 2057 4376 Τί

402 4406 501 4462 οὗν
553 4402 699 4460 ἔστιν
758 4404 976 4474 εἷπεῖν;
1043 4401 1167 4459 οὐδὲ
1221 4405 1325 4481 γὰρ
1383 4403 1576 4469 άπλῶς
1633 4404 1823 4483 ἐφεξῆς
1872 4404 2058 4477 ἔθηκεν

402 4493 716 4573 ἀμφότερα.
750 4498 908 4549 Δοκεῖ
952 4493 1130 4548 τοίνυν
1185 4491 1341 4557 οὗτος
1398 4494 1534 4549 εἶναι
1590 4500 1696 4550 τῶν
1766 4497 1951 4552 ἑκατὸν
1980 4494 2060 4552 εἷ’-

2160 3350 2189 3378 «
2222 3329 2539 3387 Christum.

2229 3507 2478 3576 Quidam
2509 3507 2717 3565 dicunt
2744 3509 2901 3581 quod
2928 3509 3026 3565 hic
3063 3508 3304 3581 Apollos
3332 3509 3515 3566 fuerit
3570 3507 3809 3581 Apelles

2159 3599 2597 3655 Corinthiorum
2643 3600 2979 3671 episcopus,
3011 3598 3084 3655 de
3114 3617 3229 3671 quo
3288 3599 3371 3654 ait
3419 3599 3601 3656 alibi:
3636 3620 3658 3645 ιι
3693 3598 3807 3670 Ego

2156 3691 2440 3765 plantavi,
2493 3691 2736 3762 Apollas
2789 3691 2995 3763 rigavit
3022 3690 3101 3746 ¹⁷;
3135 3713 3163 3741 »
3221 3691 3548 3746 binominis
3606 3691 3807 3761 itaque

2158 3779 2249 3835 vir
2277 3785 2424 3836 erat.
2459 3782 2575 3835 Aut
2603 3780 2797 3838 aliter.
2856 3781 3230 3836 Translatum
3264 3788 3354 3837 est
3410 3780 3665 3836 alterum
3704 3796 3808 3835 no-

2159 3888 2298 3928 men
2331 3873 2392 3927 in
2422 3872 2484 3927 id
2513 3874 2673 3943 quod
2698 3874 2995 3944 posterius
3015 3873 3240 3930 habuit.
3279 3893 3305 3922 ιι
3337 3873 3539 3928 Sciens
3570 3877 3804 3930 tantum

2158 3962 2455 4033 baptisma
2475 3962 2738 4017 Joannis.
2765 3984 2794 4012 »
2812 3963 3065 4034 Dignum
3088 3968 3260 4018 estut
3276 3962 3648 4033 inquiramus
3666 3978 3808 4034 quo-

2160 4050 2357 4117 modo,
2393 4051 2440 4104 si
2472 4050 2768 4120 baptisma
2796 4056 3028 4106 tantum
3091 4052 3333 4107 Joannis
3387 4050 3628 4120 sciebat,
3661 4050 3807 4107 adeo

2165 4140 2379 4213 spiritu
2408 4138 2669 4194 fervebat
2697 4140 2724 4194 ?
2745 4157 2865 4194 non
2896 4141 3055 4194 enim
3084 4140 3338 4212 Spiritus
3382 4158 3451 4196 eo
3503 4141 3679 4197 modo
3711 4140 3810 4198 da-

2163 4234 2357 4289 batur.
2391 4234 2682 4287 Praeterea
2704 4232 2751 4287 si
2776 4231 3133 4303 quibusdam
3166 4238 3300 4304 post
3345 4240 3685 4304 susceptum
3711 4234 3811 4289 Jo-

2164 4322 2337 4379 annis
2357 4321 2653 4392 baptisma
2674 4338 2823 4393 opus
2845 4321 2954 4377 fuit
2982 4321 3197 4376 Christi
3221 4321 3560 4393 baptismati
3602 4322 3808 4393 utique

2165 4412 2351 4469 multo
2374 4411 2559 4483 magis
2578 4411 2714 4467 huic
2733 4428 2881 4482 opus
2902 4410 3129 4466 fuisset.
3163 4411 3309 4477 Quid
3334 4428 3470 4483 ergo
3494 4411 3811 4468 dici-udum

2167 4506 2256 4557 est
2284 4501 2311 4556 ?
2331 4503 2530 4571 Neque
2549 4501 2708 4555 enim
2742 4506 2962 4556 temere
2992 4518 3178 4557 unum
3210 4507 3343 4572 post
3372 4500 3535 4557 aliud
3586 4502 3811 4572 posuit.

402 4605 555 4655 κοσι,
598 4587 709 4638 τῶν
770 4584 903 4656 μετὰ
956 4586 1065 4637 τῶν
1130 4583 1450 4639 ἀποστόλων
1512 4585 1929 4659 βαπτισθέντων.
1988 4588 2049 4643 Ἦ

2166 4592 2410 4647 Videtur
2439 4606 2575 4663 ergo
2597 4607 2755 4648 unus
2778 4607 2905 4646 esse
2940 4607 3010 4646 ex
3042 4596 3280 4646 centum
3311 4590 3536 4663 viginti,
3569 4591 3669 4662 qui
3691 4608 3813 4647 una

405 4673 451 4729 εἰ
490 4674 574 4749 μὴ
603 4676 788 4742 τοῦτο,
815 4672 948 4748 ὅπερ
980 4671 1068 4727 ἐπὶ
1122 4677 1218 4728 τοῦ
1286 4673 1598 4747 Κορνηλίου
1654 4674 1844 4753 γέγονε
1899 4674 2056 4750 γεγέ-

402 4783 570 4834 νηται
608 4762 698 4817 καὶ
729 4760 818 4818 ἐπὶ
844 4762 1046 4835 τούτῳ.
1080 4760 1240 4820 ’ΔΛλ’
1274 4759 1400 4817 οἷ)δέ
1463 4764 1797 4838 βαπτίζεται.
1855 4766 2059 4820 Τούτου

410 4853 508 4909 οὖν
550 4845 792 4927 ἀκριϐῶς
818 4850 1211 4923 ἐξετασθέντος,
1246 4848 1398 4907 δοκεῖ
1447 4856 1609 4908 τοῦτο
1659 4856 1735 4926 μὴ
1791 4853 1947 4923 εἶναι,
1979 4853 2063 4909 ὅτι

406 4944 499 4998 καί
542 4942 907 5016 βαπτισθῆναι
938 4939 1095 4995 αὐτὸν
1118 4936 1246 4995 ἔδει.
1278 4940 1431 4996 Ἐπεὶ
1465 4943 1517 4996 οἱ
1551 4940 1761 4998 δώδεκα
1792 4943 1845 4998 οἱ
1876 4941 2063 5016 ἄλλοι,

410 5029 571 5087 οὐδὲν
600 5028 825 5106 ᾔδεισαν
879 5024 1138 5105 ἀκριϐῶς,
1167 5027 1293 5085 οὐδὲ
1354 5031 1423 5086 τὰ
1477 5033 1601 5107 περὶ
1649 5033 1851 5104 Ἰησοῦ.
1901 5034 2064 5092 Εἰκὸς

413 5119 471 5176 δὲ
505 5118 777 5177 αὐτὸνκαί
813 5120 1195 5195 βαπτισθῆναι.
1247 5118 1311 5175 Ei
1371 5117 1428 5175 δὲ
1484 5120 1635 5178 οὗτοι
1691 5124 1744 5177 οἱ
1795 5124 2068 5196 Ἰωάννου,

414 5210 555 5285 μετά
583 5211 647 5266 τὸ
679 5211 961 5287 βάστισμα
990 5207 1155 5263 πάλιν
1185 5202 1583 5280 ἐϐπαπτίζοντο
1639 5206 1748 5268 ἔδει
1802 5214 1893 5268 καὶ
1939 5213 2069 5275 τοὺς

415 5302 670 5375 μαθητάς
700 5303 871 5354 τοῦτο
895 5305 1145 5367 ποιῆσαι.

2167 4697 2302 4737 cum
2331 4680 2612 4751 apostolis
2637 4680 2856 4751 Spiritu
2881 4679 3156 4751 baptizati
3201 4686 3359 4736 sunt.
3406 4680 3553 4736 148
3603 4682 3715 4737 Aut
3763 4682 3813 4736 si

2166 4771 2280 4826 hoc
2297 4786 2415 4825 non
2450 4770 2665 4841 placet,
2696 4769 2757 4824 id
2774 4769 2931 4842 quod
2949 4769 3220 4825 Cornelio
3248 4770 3471 4827 factum
3501 4776 3610 4840 est,
3634 4772 3815 4830 etiam

2172 4859 2233 4914 in
2254 4860 2366 4914 hoc
2397 4858 2630 4914 accidit.
2655 4859 2832 4929 Atqui
2862 4875 2982 4914 non
2996 4858 3342 4931 baptizatur.
3379 4860 3435 4916 Si
3466 4867 3667 4918 tamen
3699 4864 3810 4919 hoc

2175 4954 2374 5005 exacte
2423 4947 2808 5018 disquiratur,
2889 4955 3135 5020 apparet
3187 4966 3306 5005 non
3357 4951 3440 5006 ita
3484 4968 3635 5016 esse,
3678 4953 3819 5023 quia

2178 5038 2353 5092 etiam
2389 5036 2745 5107 baptizatum
2778 5037 2974 5108 ipsum
3004 5038 3187 5093 fuisse
3218 5040 3498 5110 oportuit.
3551 5040 3819 5104 Quando-

2179 5125 2420 5196 quidem
2453 5125 2767 5180 duodecim
2797 5126 2899 5181 alii
2931 5126 3023 5197 (de
3056 5127 3271 5198 quibus
3302 5128 3502 5183 statim
3534 5130 3825 5200 sequitur)

2182 5214 2336 5270 nihil
2366 5220 2566 5269 exacte
2601 5221 2907 5281 noverant,
2934 5232 3009 5271 ne
3050 5215 3122 5269 de
3166 5216 3259 5270 his
3304 5214 3544 5286 quidem
3577 5233 3707 5286 quas
3737 5219 3825 5274 Je-

2186 5320 2317 5358 sum
2349 5309 2796 5359 concernerent.
2850 5304 3159 5359 Versimile
3219 5310 3413 5360 tamen
3463 5311 3553 5360 est
3584 5312 3643 5361 et
3672 5307 3831 5366 hunc

409 5393 773 5466 baptizatum
835 5389 1042 5445 fuisse.
1074 5391 1218 5445 Nam
1241 5390 1291 5445 si
1322 5390 1383 5445 hi
1414 5391 1515 5463 qui
1553 5393 1796 5450 Joannis
1822 5394 2293 5467 discipulierant,
2327 5393 2677 5449 accedentes
2729 5394 2803 5449 ad
2860 5395 3037 5450 fidem
3084 5394 3192 5449 etsi
3222 5392 3518 5465 baptisma
3549 5414 3828 5471 suscepe-

406 5488 562 5555 rant,
594 5496 846 5542 rursum
874 5478 1343 5551 baptizabantur,
1377 5481 1688 5554 Oportebat
1717 5483 2044 5558 discipulos
2073 5499 2308 5556 quoque
2340 5483 2601 5556 idipsum
2630 5483 2844 5541 facere.

475 5678 519 5716 "
554 5676 579 5735 1
605 5677 747 5733 Cor.
778 5686 869 5741 ω,
904 5672 961 5729 6.
