4112 6250
397 387 516 451 241

954 523 1186 579 CAPUT
1229 523 1485 578 XXVIII.

402 619 481 673 De
512 618 836 694 baptismate
855 620 915 694 et
938 614 1368 694 _Spiritu'sa_r_ic.ti
1398 612 1542 694 dono
1569 627 1674 694 per
1703 609 1866 694 Pauli.
1913 609 2047 694 ado-

476 680 745 742 rationem
770 687 900 741 dato
932 680 1017 739 his
1075 684 1173 755 qui
1228 683 1429 753 Ephesi
1484 680 1853 755 crediderant,
1907 680 2053 755 etde

474 761 649 814 salute
688 757 935 828 populi:
996 758 1054 810 in
1081 751 1217 826 _quo
1268 751 1549 828 narratur
1568 757 1735 807 etiam
1774 753 1866 828 ‘de
1919 751 2052 821 ﬁliis

476 824 710 886 δορυῶῖ
731 824 782 882 et
823 828 972 899 quod
1016 824 1137 882 noni
1183 832 1432 899 oporteat
1481 826 1550 879 ad
1597 824 1907 899 incredulos
1958 839 2050 877 ac-

475 903 679 966 cedere,
714 895 907 970 eosque
937 901 1037 969 qui
1085 914 1139 953 se
1168 895 1527 970 reddiderunt
1578 897 1690 970 ﬁde
1746 895 2003 970 indignos
2036 911 2049 970 ξ

476 976 605 1028 item
661 973 728 1028 de
784 966 1118 1041 confessione
1164 969 1521 1035 credentium,
1554 968 1617 1022 de
1646 973 1795 1041 mota
1852 966 2051 1041 Ephesi

475 1046 741 1101 seditione
797 1061 831 1099 a
874 1038 1146 1097 Demetrio
1197 1043 1360 1111 fabro
1416 1040 1741 1111 argentario
1794 1038 2049 1092 adversus

473 1116 769 1189 apostolos.

471 1278 620 1344 XIX,
655 1279 773 1332 1-3.
811 1275 1095 1330 «Accidit
1148 1279 1346 1329 autem
1407 1288 1541 1327 cum
1601 1270 1842 1342 Apollos
1896 1273 2053 1325 esset

400 1390 429 1419 ‹‹
486 1368 775 1431 Corinthi,
834 1372 901 1421 ut
955 1365 1199 1434 Paulus,
1258 1363 1585 1436 peragratis
1644 1359 2050 1434 superioribus

405 1475 429 1505 ι
462 1457 730 1530 partibus
749 1456 977 1511 veniret
994 1455 1291 1527 Ephesum
1306 1492 1320 1517 ,
1343 1458 1401 1508 et
1420 1452 1672 1523 repertis
1692 1448 2049 1522 quibusdam

400 1568 429 1597 «
464 1546 772 1618 discipulis
803 1545 952 1600 dixit
989 1544 1064 1599 ad
1097 1560 1235 1599 eos:
1286 1545 1437 1598 Num
1463 1541 1746 1613 Spiritum
1778 1543 2046 1594 sanctum

403 1658 428 1691 ι
466 1636 776 1708 accepistis
805 1641 1192 1708 posteaquam
1229 1630 1612 1688 credidistis?
1658 1631 1732 1684 At
1761 1628 1850 1682 illi
1880 1628 2049 1683 dixe-

403 1749 431 1777 «
461 1731 602 1783 runt
629 1726 704 1781 ad
730 1741 865 1780 eum
892 1740 905 1777 :
942 1726 1067 1779 Imo
1099 1738 1293 1793 neque
1325 1721 1477 1775 sitne
1509 1719 1759 1791 Spiritus
1808 1721 2050 1773 sanctus

403 1838 431 1867 α
465 1814 818 1872 audivimus.
851 1814 922 1866 Et
950 1812 1034 1866 ait
1064 1811 1138 1866 ad
1168 1810 1342 1864 illos:
1402 1809 1527 1873 Quo
1578 1824 1714 1879 ergo
1771 1805 2046 1877 baptizati

1519 382 1949 444 (ECUMENII
1993 379 2305 441 TRICG/E
2346 383 2696 448 EPISCOPI

2078 517 2132 583 A

3685 395 3790 454 2‘8

2766 524 3022 581 ΚΕΦΑΛ*
3078 529 3200 581 KB'.

2166 607 2295 688 Περί
2355 611 2731 688 βαπτίσματος
2807 614 2897 688 καὶ
2976 618 3075 680 τῆς
3142 617 3239 670 τοῦ
3294 614 3458 688 ἁγίου
3504 611 3792 688 Πνεόματος

2283 636 2295 659 ι
2356 636 2731 684 Ραπτισματος
2807 636 2897 668 και
2976 636 3075 680 της
3142 636 3239 670 του
3294 636 3327 669 α
3372 636 3458 669 ιου
3505 636 3791 688 υνευματος

2271 687 2443 772 apta;
2499 681 2749 772 δοθείσης
2813 683 2902 740 διὰ
2948 636 3539 772 προπυχῆςιιῖαὖλου
3565 693 3700 772 υτοξίς
3744 687 3791 772 ἐν

2235 752 2442 831 Ἐφέσῳ
2494 752 2859 831 πιστεύσασι,
2919 752 3010 810 καὶ
3064 752 3457 831 περἷἷάσεως-
3496 760 3591 831 τοῦ
3645 757 3789 816 λαοῦ.

2236 823 2326 879 Ἐν
2359 823 2559 900 ᾦ⁷περὶ
2589 833 2696 882 τῶν
2725 823 2863 900 υἱῶν,
2893 832 3081 900 ΣκευῖίιΔ
3119 823 3211 884 καὶ
3258 831 3342 884 δτι
3404 827 3466 884 οὗ
3523 826 3603 883 δεῖ
3638 851 3791 900 προσ-

2235 885 2437 976 χωρεῖν
2484 885 2732 976 ἇπίστοις
2783 899 2873 976 καὶ
2931 899 3165 976 ᾁναξίοις
3220 904 3319 969 τῆς
3369 902 3603 976 πίστεως
3655 885 3796 976 γενο-

2239 964 2338 1019 ’“έ·
2427 989 2481 1000 ..
2545 971 2557 985 ε
2713 972 2726 989 ~
2783 969 2797 989 ν
3037 964 3049 968 '
3278 964 3328 988 ὀ
3366 967 3392 987 ο
3668 964 3678 976 '

2239 988 2277 1038 μ
2305 988 2417 1046 νοις
2474 990 2561 1046 καί
2603 991 2728 1046 περι
2778 970 3235 1046 εξομολογήσεως
3262 993 3369 1046 των
3422 974 3792 1046 πιστευόντων,

2234 1037 2357 1118 περί
2385 1047 2495 1118 τῆς
2519 1041 2571 1118 ἐν
2602 1037 3153 1118 Ἐὸέσῳῗκινηθείσης
3179 1116 3190 1118 Α
3209 1044 3583 1118 στάσεωςίρπό
3616 1037 3795 1118 Δημηέ

2235 1111 2391 1183 τρίου
2418 1117 2515 1167 τοῦ
2546 1111 2938 1189 ἄργυροπόπου
2954 1111 3118 1172 *κατα
3133 1116 3241 1171 τῶν
3268 1114 3614 1172 ἀποστόλων.

2232 1294 2262 1321 ‹‹
2297 1269 2538 1346 Ἐγέτετο
2570 1271 2629 1329 δὲ
2657 1274 2708 1330 έν
2734 1280 2815 1348 τῷ
2842 1277 2933 1333 τὸν
2968 1275 3239 1332 Ἀπολλὼ
3269 1278 3406 1333 εἶναι
3456 1276 3509 1332 ἐν
3541 1277 3794 1351 Κορίνθῳ,

2161 1359 2376 1416 Ηαῦλον
2435 1359 2719 1420 διελθόντα
2775 1363 2842 1419 τὰ
2895 1366 3197 1442 ἀνωτερικὰ
3257 1368 3393 1441 μέρη
3423 1408 3439 1434 ,
3499 1364 3669 1422 ἐλθεῖν
3724 1366 3794 1429 εἰς

2156 1452 2414 1527 ’Έφεσονο
2473 1455 2564 1508 καὶ
2623 1454 2795 1528 εὑρών
2851 1476 2997 1519 τινας
3048 1457 3294 1531 μαθητὰς
3350 1458 3478 1511 εἷπε
3531 1457 3663 1530 πρὸς
3707 1456 3793 1512 αὖ·

2158 1538 2309 1603 τοὺς·
2363 1543 2424 1599 Εἴ
2489 1548 2709 1616 Πνεῦμα
2775 1545 2929 1619 ἅγιον
2987 1541 3209 1601 ἐλάϐετε
3262 1546 3689 1614 πιστεύσαντεςς
3734 1547 3797 1603 Οἱ

2162 1625 2220 1682 δὲ
2250 1631 2401 1685 εἷπον
2443 1632 2578 1704 πρὸς
2634 1631 2819 1687 αὐτόν·
2881 1634 3041 1691 Ἀλλ’
3091 1631 3215 1689 οὐδὲ
3272 1634 3319 1688 εἰ
3378 1639 3597 1709 Πνεῦμα
3653 1636 3797 1708 ἅγιον

2160 1713 2302 1772 ’ἐστιν
2362 1721 2697 1793 ἠκούσαμεν.
2784 1723 2919 1778 Εἶπέ
2982 1744 3041 1778 τε
3123 1723 3260 1796 πρὸς
3331 1721 3548 1786 αὐτοὺς·
3609 1723 3701 1786 Εἷς
3751 1724 3799 1779 τί

2162 1807 2254 1860 οῦν
2310 1802 2719 1879 ἐϐαπτίσθητες
2777 1812 2841 1864 Οἱ
2895 1809 2952 1864 δὲ
3008 1812 3178 1866 εἶπον
3258 1813 3353 1876 Εἷς
3433 1814 3497 1868 τὸ
3557 1812 3797 1869 Ἰωάννου

401 1927 428 1955 ‹‹
465 1904 655 1960 estis?
687 1902 775 1957 Illi
808 1917 944 1955 vero
976 1900 1255 1954 dixerunt
1289 1914 1301 1951 :
1331 1896 1575 1952 Joannis
1613 1895 1989 1967 baptismate.
2019 1918 2045 1944 ›ι

2170 1894 2464 1970 βάπτισμα.
2496 1924 2518 1952 ι

435 1999 439 2005 “
470 1992 636 2048 Unde
668 1990 751 2057 hi,
783 2005 918 2044 cum
940 1987 1155 2058 Ephesi
1180 1985 1518 2041 habitarent
1546 1984 1645 2055 (1),
1680 1984 1922 2038 Joannis
1953 1983 2053 2038 ha-

398 2080 622 2137 bebant
651 2078 948 2150 baptisma
968 2076 996 2130 ?
1026 2076 1315 2130 Fortassis
1346 2079 1520 2129 antea
1575 2072 1821 2144 profecti
1879 2065 2051 2127 erant

396 2169 764 2240 Jerosolyma
795 2172 853 2221 et
881 2168 1168 2221 Joannem
1225 2168 1596 2219 accesserant
1652 2179 1719 2217 ac
1775 2161 2047 2232 baptizati

399 2263 789 2327 erant,neque
807 2256 1005 2310 Jesum
1034 2252 1596 2322 noverant,ideoque
1627 2267 1746 2305 non
1765 2249 1910 2305 dicit
1939 2251 2047 2315 eis,

401 2347 654 2403 Creditis
684 2346 745 2400 in
772 2346 970 2401 Jesum
994 2343 1022 2398 ‘I
1043 2343 1166 2412 sed,
1202 2344 1352 2398 Num
1377 2341 1661 2414 Spiritum
1688 2339 2002 2411 accepistis
2022 2340 2050 2395 Ἰ

398 2437 576 2508 idque
604 2451 740 2491 cum
773 2435 953 2489 sciret
982 2450 1083 2488 eos
1114 2449 1234 2487 non
1265 2430 1484 2486 habere
1520 2447 1532 2485 :
1568 2429 1670 2485 sed
1702 2428 1829 2483 vult
1886 2429 2047 2500 ipsos

397 2525 510 2580 hoc
540 2523 758 2589 dicere,
817 2527 886 2576 ut
924 2521 1024 2575 ubi
1074 2518 1460 2593 cognoverint
1516 2516 1734 2588 quibus
1782 2521 2045 2584 careant,

397 2613 597 2670 statim
629 2629 698 2668 ea
727 2615 1023 2684 expetant.

470 2705 627 2758 ’144
656 2702 795 2769 XIX,
823 2703 941 2756 4-8.
978 2721 1005 2750 ‹‹
1038 2699 1195 2755 Dixit
1240 2703 1440 2753 autem
1470 2696 1691 2752 Paulus
1724 2714 1737 2750 :
1790 2694 2045 2751 Joannes

403 2812 431 2839 «ι
463 2791 704 2862 quidem
735 2788 1046 2859 baptizavit
1073 2786 1370 2857 baptismo
1402 2785 1791 2857 paenitentiae,
1824 2783 2043 2855 populo

399 2903 428 2931 ‹‹
462 2881 736 2952 loquens,
755 2882 822 2933 ut
849 2877 911 2931 in
929 2892 1089 2943 eum,
1112 2875 1215 2946 qui
1241 2880 1375 2947 post
1398 2875 1594 2945 ipsum
1617 2878 1898 2928 venturus
1918 2876 2047 2927 erat

399 2991 427 3019 ι(
461 2969 791 3032 crederent,
825 2967 936 3021 hoc
970 2969 1060 3019 est
1088 2964 1151 3018 in
1182 2963 1479 3018 Christum
1533 2963 1754 3017 Jesum.
1790 2960 1890 3016 His
1936 2977 2044 3015 au-

395 3076 425 3105 «
458 3055 618 3120 ditis,
652 3053 929 3126 baptizati
979 3059 1119 3109 sunt
1176 3052 1238 3107 in
1285 3052 1527 3107 nomine
1590 3050 1825 3106 Domini
1880 3051 2037 3105 Jesu.

397 3158 424 3194 (ι
456 3147 721 3215 Cumque
748 3142 1134 3215 imposuisset
1154 3142 1275 3196 illis
1318 3157 1531 3196 manus
1584 3139 1824 3205 Paulus,
1882 3138 2043 3194 venit

2230 1986 2622 2060 Ἐπιστάμενος
2651 1985 2815 2061 μόνον
2838 1991 2900 2045 τὸ
2944 1992 3227 2064 βάπτισμα
3286 1991 3566 2048 Ἰωάννου.
3623 1993 3800 2062 ’Ἄξιον

2159 2079 2391 2145 ζητῆσαι
2444 2083 2583 2143 πῶς,
2618 2077 2756 2134 εἰτὸ
2810 2078 3091 2153 βάπτισμα
3153 2080 3317 2153 μόνον
3378 2080 3630 2135 Ἰωάννου
3674 2082 3798 2150 ἡπί-

2157 2185 2342 2233 στατο,
2374 2165 2548 2227 οὕτως
2576 2172 2654 2239 τῷ
2695 2167 2965 2242 πνεύματι
3024 2166 3151 2238 ἔξει·
3184 2169 3247 2223 τὸ
3277 2170 3379 2244 γάρ
3441 2174 3654 2243 πνεῦμα
3700 2171 3801 2247 οὐχ

2156 2253 2330 2315 οὓτως
2380 2251 2612 2312 ἐδίδοτο.
2660 2256 2759 2311 Καὶ
2790 2256 2837 2311 εί
2865 2259 2916 2311 οἱ
2951 2257 3085 2329 μετὰ
3138 2260 3334 2313 τοῦτον
3385 2256 3681 2329 ἐδεήθησαν
3711 2264 3799 2314 τοῦ

2159 2342 2534 2416 βαπτίσματος
2562 2348 2659 2400 τοῦ
2689 2349 2942 2419 Χριστοῦ,
2992 2343 3194 2417 πολλῷ
3252 2344 3472 2421 μᾶλλον
3531 2347 3621 2402 καὶ
3653 2348 3799 2409 οὗτος

2151 2429 2346 2502 ἐδεήθη
2378 2432 2457 2489 ἄν.
2486 2432 2546 2488 Τί
2578 2434 2667 2489 οῦν
2701 2432 2838 2490 ἔστιν
2875 2434 3042 2490 εἰπεῖν
3080 2454 3094 2504 ;
3138 2433 3267 2490 οὐδε
3292 2437 3397 2512 γὰρ
3457 2438 3648 2500 ἁπλως
3703 2438 3792 2510 ἐφ-

2152 2522 2247 2591 εῆς
2278 2518 2463 2591 ἔθηκεν
2506 2519 2808 2598 ἀμφότερα.
2852 2531 3010 2580 Δοκεῖ
3058 2525 3237 2580 τοίνυν
3289 2525 3454 2588 οὗτος
3510 2528 3641 2583 εἶναι
3694 2531 3791 2583 τῶν

2154 2612 2340 2665 ἑκατὸν
2374 2610 2568 2681 εἴκοσι,
2599 2617 2706 2667 τῶν
2735 2613 2868 2686 μετὰ
2896 2618 3005 2668 τῶν
3025 2614 3346 2670 ἀποστόλων
3374 2612 3794 2691 βαπτισθέντων·

2224 2724 2253 2751 α
2288 2700 2428 2756 Εἷπε
2458 2698 2516 2755 δὲ
2546 2700 2788 2764 Παῦλος·
2820 2703 3080 2774 Ἰωάννης
3133 2704 3228 2776 μὲν
3287 2700 3551 2761 ἐϐάπτισε
3611 2705 3796 2782 βάπτι-

2152 2812 2180 2842 ι(
2214 2810 2326 2862 σμα
2358 2790 2667 2863 μετανοίας,
2697 2796 2777 2863 τῷ
2811 2789 2932 2865 λαῷ
2988 2792 3186 2868 λέγων,
3218 2793 3293 2856 είς
3349 2796 3448 2851 τὸν
3506 2796 3796 2872 ἐρχόμενον

2154 2880 2270 2950 μετ’
2303 2880 2468 2934 αὐτὸν
2497 2881 2586 2934 ἳνα
2642 2879 2993 2953 πιστεύσωσι,
3050 2883 3327 2938 τουτέστιν
3388 2885 3469 2948 εἶς
3520 2886 3612 2942 τὸν
3663 2891 3797 2961 Χρι-

2150 2966 2274 3021 στὸν
2335 2969 2564 3038 Ἰησοῦν.
2615 2969 2970 3031 Ἀκούσαντες
3032 2966 3089 3025 δὲ
3163 2966 3567 3043 ἐϐαπτίσθησαν
3620 2975 3694 3036 εἷς
3742 2975 3798 3029 τὸ

2149 3053 2326 3129 ὄνομα
2404 3061 2502 3113 τοῦ
2588 3059 2789 3133 Κυρίου
2850 3059 3055 3130 Ἰησοῦ.
3116 3059 3216 3116 Καὶ
3265 3062 3543 3127 ἐπιθέντος
3626 3065 3800 3126 αὐτοῖς

2147 3149 2244 3198 τοῦ
2328 3145 2548 3202 Παύλου
2634 3149 2730 3209 τὰς
2808 3153 3021 3227 χεῖρας,
3104 3149 3242 3219 ἦλθε
3324 3152 3389 3207 τὸ
3454 3158 3670 3228 Πνεῦμα
3742 3152 3798 3206 τὸ

399 3254 424 3286 ι
457 3233 709 3304 Spiritus
740 3238 981 3289 sanctus
1013 3248 1190 3303 super
1239 3247 1360 3298 eos,
1394 3235 1453 3286 et
1506 3229 1906 3300 loquebantur
1936 3228 2043 3283 lin-

2170 3233 2310 3308 ἕγιον
2364 3236 2448 3290 ἐπ’
2511 3234 2725 3305 αὐτοὺς,
2784 3234 3020 3292 ἐλάλουν
3075 3259 3133 3292 τε
3189 3237 3477 3312 γλώσσαις
3528 3242 3618 3296 καὶ
3669 3260 3795 3316 προ-

397 3343 425 3372 ‹‹
454 3321 583 3393 guis
605 3336 673 3374 ac
702 3319 1156 3390 prophetabant.
1204 3320 1387 3373 Erant
1434 3323 1631 3373 autem
1680 3333 1889 3372 omnes
1936 3316 2044 3370 viri

404 3431 425 3458 ι
462 3408 586 3464 fere
646 3408 982 3463 duodecim.
1066 3409 1374 3479 Ingressus
1434 3411 1632 3461 autem
1689 3421 2044 3478 synagogam

405 3522 426 3549 ιι
463 3497 649 3553 libere
680 3496 1052 3567 loquebatur,
1085 3496 1159 3550 ad
1189 3501 1312 3551 tres
1359 3511 1595 3551 menses
1648 3494 1956 3565 disputans
1988 3498 2048 3549 et

400 3608 429 3637 «
463 3586 719 3642 suadens
750 3586 823 3641 de
852 3602 1033 3658 regno
1065 3586 1190 3641 Dei.
1223 3613 1248 3637 ι)

473 3678 519 3731 Α
546 3675 791 3732 Joannis
808 3674 1161 3747 baptismate
1182 3675 1554 3741 vaticinatur,
1580 3690 1799 3745 eosque
1818 3673 2048 3729 inducit

397 3772 608 3827 ’dicens
640 3770 797 3842 quod
830 3770 942 3824 hoc
972 3769 1149 3824 vellet
1174 3769 1420 3825 Joannis
1451 3768 1764 3840 baptisma.
1821 3768 2045 3823 Deinde

401 3861 736 3916 ostenditur
753 3859 915 3932 parvi
939 3859 1226 3914 momenti
1253 3859 1438 3914 fuisse
1459 3859 1754 3931 baptisma
1780 3859 2045 3915 Joannis.

392 3952 599 4020 Neque
631 3950 791 4004 enim
823 3949 972 4005 dixit
1000 3948 1375 4004 remissionis
1397 3948 1600 4013 fuisse,
1634 3949 1738 4004 sed
1759 3949 2046 4020 paeniten-

398 4039 516 4094 tiaa.
541 4038 924 4094 Postmodum
941 4038 1266 4109 baptizatos
1298 4054 1400 4094 eos
1423 4039 1484 4093 in
1515 4038 1760 4093 nomine
1783 4038 2042 4105 Domini,

386 4127 546 4182 ~dicit
575 4126 682 4181 sub
713 4128 988 4182 manibus
1007 4128 1171 4182 Pauli
1204 4128 1489 4199 Spiritum
1522 4129 1721 4185 statim
1753 4128 2038 4199 accipere.

400 4220 568 4275 Hunc
616 4224 813 4274 autem
864 4234 982 4273 non
1017 4217 1316 4283 videbant,
1367 4235 1509 4273 nam
1564 4217 1879 4274 invisibilis
1933 4221 2041 4287 est,

400 4309 684 4365 sensibile
707 4315 905 4363 tamen
936 4308 1098 4362 illius
1129 4308 1409 4364 efﬁcacia)
1430 4315 1843 4377 argumentum
1866 4308 2046 4364 dabat

398 4399 604 4467 gratia.
638 4400 708 4452 Et
735 4414 890 4454 unus
922 4396 1163 4468 quidem
1190 4399 1503 4451 Persarum
1544 4397 1742 4469 lingua
1772 4398 2043 4467 protinus

398 4487 773 4559 loquebatur,
805 4487 957 4541 alter
982 4491 1180 4542 autem
1210 4487 1634 4552 Romanorum,
1666 4486 1877 4540 tertius
1906 4502 2041 4540 vero

2151 3328 2411 3404 εφῆτεσον
2449 3371 2461 3383 .
2514 3328 2684 3383 Ἦσαν
2761 3325 2818 3383 δὲ
2872 3329 2925 3383 οἱ
2977 3328 3173 3391 πάντες
3231 3327 3424 3403 ἄνδρες
3492 3333 3621 3388 ὼσεὶ
3673 3329 3793 3387 δέκα

2152 3410 2270 3473 δύο.
2322 3415 2596 3478 Εἰσελθὼν
2657 3413 2715 3470 δὲ
2773 3416 2848 3477 εἰς
2904 3417 3002 3485 τὴν
3065 3421 3406 3496 συναγωγὴν,
3475 3419 3795 3496 ἐπαρρησιά-

2152 3507 2295 3573 ζετο,
2353 3502 2441 3557 ἐπὶ
2523 3510 2699 3577 μῆνας
2782 3510 2929 3580 τρεῖς
2982 3503 3365 3580 διαλεγόμενος
3461 3510 3555 3566 καὶ
3610 3508 3790 3572 πείθων

2147 3592 2215 3648 τὰ
2243 3591 2367 3664 περὶ
2396 3599 2497 3661 τῆς
2531 3592 2807 3667 βασιλείας
2837 3597 2934 3648 τοῦ
2964 3598 3119 3651 Θεοῦ.

2224 3681 2359 3735 Ἀπὸ
2390 3685 2487 3735 τοῦ
2548 3681 2922 3756 βαπτίσματος
2980 3684 3238 3739 Ἰωάννου
3292 3706 3658 3764 προφητευει,
3710 3686 3794 3742 καὶ

2149 3768 2323 3840 ἐνάγει
2352 3768 2551 3831 αὖτοὺς
2584 3768 2667 3825 δτι
2718 3774 2880 3826 τοῦτο
2915 3771 3175 3848 βούλεται
3203 3774 3263 3828 τὸ
3297 3774 3592 3851 βάπτισμα
3623 3778 3795 3834 Ἰωάν-

2148 3880 2264 3916 νου.
2301 3860 2565 3914 Ἐντεῦθεν
2600 3857 2656 3914 δὲ
2688 3858 2954 3917 δείκνυται
2994 3863 3077 3917 δτι
3108 3861 3327 3925 ἀντελὲς
3357 3866 3423 3934 ἦν
3490 3867 3553 3922 τὸ
3610 3865 3798 3942 βάπτι-

2151 3950 2566 4020 σμαἸωαννου.
2621 3950 2694 4005 Οὐ
2750 3952 2853 4025 γάρ
2904 3953 3045 4006 εἶπεν
3107 3951 3365 4026 ἀφέσεως,
3424 3954 3581 4012 ἀλλὰ
3638 3975 3796 4027 μετα⁸

2148 4037 2296 4099 νὸίας
2328 4038 2485 4095 εἶναι.
2538 4041 2674 4095 Εἶτα
2732 4040 3115 4114 βαπτισθέντας
3174 4041 3369 4106 αὐτοὺς
3428 4045 3513 4108 εἷς
3544 4046 3605 4100 τὸ
3636 4044 3795 4117 ὄνομα

2146 4131 2243 4182 τοῦ
2278 4128 2498 4203 Κυρίου,
2530 4129 2691 4206 φησὶν
2744 4130 2845 4185 ὑπὸ
2892 4135 2999 4184 τῶν
3059 4136 3264 4207 χειρῶν
3323 4130 3553 4190 Παύλου
3608 4132 3796 4194 εὐθέως

2146 4217 2210 4272 τὸ
2243 4222 2457 4291 Πνεῦμα
2487 4213 2804 4291 λαμϐάνειν.
2838 4222 3009 4275 Τοῦτο
3041 4216 3101 4274 δὲ
3134 4223 3241 4295 οὐχ
3294 4220 3508 4296 ἑώρων·
3572 4223 3790 4298 ἀόρατον

2149 4308 2254 4381 γάρ
2286 4306 2451 4362 ἐστιν.
2484 4307 2751 4376 Αἷσθητὸν
2781 4305 2837 4362 δέ
2868 4307 3024 4380 ὅμως
3051 4311 3173 4364 τινὰ
3203 4308 3431 4390 ἒκεγχον
3491 4310 3670 4368 ἐδίδου
3699 4318 3792 4380 τῆς

2149 4397 2416 4471 ἐνεργείας
2446 4394 2653 4467 ἐκείνης
2685 4399 2720 4466 ἡ
2756 4396 2940 4471 χάρις.
2977 4398 3079 4454 Καὶ
3139 4401 3166 4453 ὁ
3230 4401 3324 4474 μὲν
3374 4405 3442 4475 τῇ
3508 4407 3743 4478 Περσῶν,
3766 4403 3792 4456 6

2151 4482 2208 4540 δὲ
2238 4489 2305 4556 τῇ
2337 4485 2651 4556 Ῥωμαίων,
2685 4486 2712 4539 6
2746 4483 2802 4541 δὲ
2831 4489 2897 4559 τῇ
2930 4485 3137 4558 Ἰνδῶν,
3171 4490 3199 4543 6
3230 4487 3289 4544 δὲ
3318 4491 3474 4562 ἑτέρᾳ
3522 4493 3629 4547 τινὶ
3684 4512 3790 4546 τοι·

399 4577 700 4643 Indorum,
731 4582 789 4631 et
813 4576 967 4631 alius
994 4575 1271 4631 similiter
1325 4574 1443 4629 alia
1498 4574 1754 4645 quadam
1790 4591 1802 4628 :
1862 4574 2041 4646 idque

2170 4574 2284 4647 ιῦτῃ
2320 4574 2517 4636 εὐθέως
2545 4572 2834 4650 ἐφθέγγετο
2865 4574 3118 4652 γλώσσῃ.
3179 4584 3278 4632 Καὶ
3334 4583 3499 4636 τοῦτο
3546 4580 3792 4661 ἐφανέρου

401 4666 659 4722 externis
688 4665 1036 4737 propalabat
1063 4665 1346 4736 Spiritum
1375 4665 1438 4719 in
1482 4681 1549 4719 eo
1582 4680 1732 4731 esse,
1794 4663 1894 4734 qui
1953 4664 2039 4718 lo-

399 4754 729 4825 quebatur:
762 4754 1112 4810 ostendente
1142 4756 1260 4810 Deo
1302 4754 1459 4826 quod
1516 4753 1767 4825 Spiritus
1797 4753 2042 4809 haberet

399 4843 497 4898 hic
526 4843 799 4898 intimam
831 4848 1206 4913 potestatem.

470 4932 621 4999 XIX,
653 4934 706 4997 9,
744 4934 828 4984 l0.
855 4953 883 4980 ‹‹
915 4932 1059 4985 Cum
1090 4938 1290 4987 autem
1331 4931 1572 5003 quidam
1618 4932 2043 4991 indurarentur

364 5046 371 5052 -
402 5044 431 5073 ‹‹
463 5038 575 5078 nec
601 5020 933 5087 crederent,
968 5020 1393 5077 maledicentes
1422 5021 1525 5077 viae
1556 5023 1791 5077 Domini
1839 5040 2041 5081 coram

402 5135 430 5163 ‹‹
461 5109 868 5176 multitudine,
918 5107 1221 5178 digressus
1250 5109 1322 5164 ab
1355 5111 1476 5165 illis
1508 5112 1830 5183 segregavit
1863 5114 2042 5170 disci-

354 5226 357 5231 ·
399 5224 427 5251 ‹‹
456 5202 652 5274 pulos,
686 5199 951 5272 quotidie
968 5198 1279 5269 disputans
1301 5200 1359 5254 in
1394 5201 1598 5257 schola
1617 5203 1929 5273 cujusdam
1963 5210 2046 5277 ty-

398 5312 426 5340 ‹‹
458 5291 652 5346 ranni.
686 5289 868 5361 quue
897 5288 1117 5343 factum
1169 5293 1259 5342 est
1304 5305 1411 5360 per
1461 5289 1810 5346 biennium:
1865 5293 1949 5348 ita
1977 5298 2044 5349 ut

402 5401 423 5427 ι
460 5396 670 5434 omnes
693 5379 792 5449 qui
813 5376 1159 5433 habitabant
1173 5377 1233 5431 in
1248 5378 1387 5433 Asia
1407 5378 1684 5435 audirent
1704 5396 2041 5439 sermonem

396 5489 424 5519 ι(
458 5468 529 5522 de
562 5468 810 5522 Domino
841 5468 998 5527 Jesu.
1029 5466 1213 5523 Judtei
1248 5467 1428 5523 simul
1454 5474 1513 5523 et
1542 5469 1751 5524 Grceci.
1791 5492 1817 5518 ››

467 5579 494 5607 ‹‹
538 5554 955 5611 Maledicentes
983 5555 1112 5611 viae.
1159 5579 1188 5608 ››
1242 5558 1406 5615 Viam
1439 5558 1584 5614 dicit
1611 5559 1911 5618 Christum
1943 5570 2046 5619 aut

2148 4668 2266 4725 τοῖς
2299 4661 2518 4732 ἔξωθεν,
2551 4665 2634 4719 δτι
2665 4666 2728 4720 τὸ
2765 4668 2990 4739 Πνεῦμά
3022 4666 3171 4722 ἐστιν
3232 4668 3285 4723 ἐν
3338 4670 3486 4743 αὐτῷ
3534 4678 3613 4745 τῷ
3643 4682 3791 4745 φθεγ-

2149 4752 2394 4826 γομένῳ,
2425 4750 2634 4815 δεικνὺς
2666 4755 2693 4809 6
2725 4759 2852 4816 Θεος
2883 4753 2965 4810 ὅτι
3011 4755 3172 4810 τοῦτό
3237 4755 3348 4813 ἐστι
3399 4766 3503 4830 τῆς
3559 4759 3792 4832 ἐξουσίας

2147 4848 2246 4910 τῆς
2280 4841 2558 4899 ἀνωτάτω.

2223 4956 2251 4983 (ι
2282 4932 2370 4994 Ὡς
2404 4929 2461 4987 δέ
2508 4953 2651 4998 τινες
2701 4931 3102 5005 ἐσκληρύνοντο
3160 4937 3250 4992 καὶ
3307 4940 3586 5011 ἠπείθουν,
3634 4959 3789 4994 κακο-

2153 5019 2441 5096 λογοῦντες
2464 5023 2563 5090 τὴν
2627 5020 2749 5079 ὁδὸν
2811 5022 3041 5079 ἐνώπιον
3082 5030 3178 5080 τοῦ
3233 5024 3502 5100 πλήθους,
3559 5028 3788 5087 ἀποστὰς

2152 5111 2241 5166 ἀπ’
2302 5111 2498 5182 αὐτῶν,
2556 5112 2797 5192 ἀφώρισε
2852 5114 2980 5179 τοὺς
3038 5117 3310 5187 μαθητὰς,
3398 5122 3517 5176 καθ’
3587 5119 3786 5194 ἡμέραν

2154 5197 2543 5276 διαλεγόμενος
2617 5200 2668 5256 ἐν
2718 5205 2786 5276 τῇ
2840 5201 3024 5281 σχολῇ
3074 5205 3330 5280 τυράννου
3390 5207 3559 5271 τινός.
3620 5210 3787 5264 Τοῦτο

2153 5285 2210 5344 δὲ
2241 5288 2451 5365 ἐγένετο
2508 5288 2598 5344 ἐπὶ
2658 5287 2749 5361 ἕτη
2812 5288 2929 5346 δύο·
2989 5292 3126 5347 ὥστε
3179 5295 3381 5359 πάντας
3431 5297 3559 5359 τοὺς
3611 5313 3788 5350 κατοι-

2151 5382 2376 5440 κοῦντας
2408 5380 2505 5448 τήν
2552 5378 2762 5452 Ἀσίαν,
2814 5381 3039 5435 ἀκοῦσαι
3094 5382 3187 5437 τὸν
3220 5382 3381 5461 λόγον
3437 5389 3533 5443 τοῦ
3591 5381 3785 5459 Κυρίου

2153 5471 2339 5539 Ιησοῦ,
2397 5466 2670 5530 [ουδαίους
2698 5490 2756 5525 τε
2785 5468 2875 5524 καὶ
2906 5468 3207 5541 ’Έλληνας
3245 5496 3271 5524 ››

2223 5585 2251 5612 ι(
2286 5562 2733 5635 ΚακοΛογοῦντες
2790 5559 2888 5629 τὴν
2945 5556 3089 5617 ὁδόν.
3125 5583 3154 5611 ››
3211 5562 3280 5617 Ἥ
3333 5560 3459 5618 ὁδον
3516 5558 3657 5636 λέγει
3699 5556 3784 5613 τὸν

469 5684 541 5756 (l)
575 5681 737 5764 Unde
769 5681 895 5736 haec
919 5680 1193 5765 habuerit
1216 5685 1561 5765 Heinten_ius
1603 5686 1896 5759 interpres
1927 5707 2046 5748 non
2068 5691 2352 5748 videmus.
2390 5693 2588 5748 Graeca
2621 5706 2651 5745 e
2685 5689 2923 5761 regione
2972 5688 3164 5761 posita
3195 5707 3314 5762 non
3345 5688 3702 5765 respondent
3728 5684 3783 5743 et

386 5753 760 5832 jam’pagina
789 5753 1081 5826 superiori
1111 5755 1405 5827 leguntur.
1440 5761 1591 5813 Ευιτ.
