4112 6250
270 327 389 387 ne

1342 343 1741 406 COMMENT.
1790 340 1868 399 IN
1914 338 2109 399 ACTA
2155 340 2768 412 APOSTOLORUM.

3630 365 3756 428 850

282 463 621 567 Χριστὸνζῆ
654 466 769 536 τὴν
805 468 1013 525 πίστιν
1051 475 1154 542 τήν
1186 476 1379 547 ἀληθῆ.
1444 476 1595 546 Αὕτη
1648 476 1749 549 γάρ
1781 473 1920 528 ἐστιν
1953 476 1987 543 ἡ

2116 452 2285 535 fidem
2316 498 2512 539 veram
2549 502 2562 541 :
2594 504 2733 544 nam
2765 489 2891 545 haec
2912 491 3001 547 via
3033 498 3140 562 est,
3190 510 3320 567 quae
3380 497 3619 555 deducit
3676 504 3750 559 ad

292 552 487 623 ὁδὸςὴ
536 553 852 633 ἀπάγουσα
914 561 1007 624 εἷς
1082 566 1179 633 τήν
1236 564 1515 640 βασιλείαν
1572 572 1679 621 τῶν
1734 566 1999 638 οὐρανῶν.

299 644 584 707 Ἐντεῦθεν
637 642 700 699 δὲ
736 644 999 704 διδάσκει
1065 655 1233 724 ἡμᾶς,
1292 654 1397 709 ἀπὸ
1452 660 1559 709 τῶν
1614 652 2005 731 βλασφημούν-

308 755 412 789 των
442 734 535 788 τὸν
571 736 707 789 ne»
774 742 877 792 τοῦ
939 746 1085 794 Θεοῦ
1142 742 1474 817 χωρίζεσθαι
1530 745 1657 807 τοὺς
1710 744 1785 801 εἷς
1844 743 2000 797 αὑτὸν

314 824 697 887 πιπεσόοντας.

398 941 426 965 ιι
459 916 731 987 Δυνάμεις
762 938 824 971 τε
858 916 921 971 οὗ
952 924 1053 980 τὰς
1083 920 1356 995 τυχούσας
1418 922 1587 978 ἐποίει
1637 925 1665 978 6
1724 923 1853 983 Θεὸς
1914 920 2002 976 διὰ

339 1030 360 1055 ι
389 1010 496 1058 τῶν
516 1010 728 1078 χειρῶν
771 1006 1020 1063 Παῦλον
1058 1008 1199 1065 ὥστε
1227 1013 1313 1065 καὶ
1348 1009 1437 1065 ἐπὶ
1485 1012 1612 1074 τοὺς
1652 1014 2002 1073 ἀσθενοῦντας

339 1120 366 1147 α
396 1093 748 1171 ὶπιφέρεσθαι
784 1097 893 1152 ἀπὸ
926 1104 1024 1154 τοῦ
1058 1101 1277 1174 χρωτὸς
1308 1101 1470 1156 αὐτοῦ
1516 1100 1797 1174 σουδάρια,
1825 1102 1859 1171 ἢ
1920 1123 2003 1156 σι-

346 1207 375 1234 ιι
421 1184 678 1255 μικὶνδια,
701 1186 797 1239 καὶ
831 1185 1276 1243 ἀπαλλάσσεσθαι
1309 1190 1399 1244 ἀπ’
1434 1190 1604 1245 αὐτῶν
1634 1191 1731 1251 τὰς
1787 1191 1999 1251 νόσους.

350 1297 379 1324 α
409 1272 530 1327 τάτε
561 1273 844 1346 πνεύματα
873 1276 943 1329 τὰ
972 1278 1187 1351 πονηρά
1218 1277 1527 1354 ἐξέρχεσθαι
1560 1281 1651 1335 ἀπ’
1673 1279 1869 1335 αὐτῶν.
1901 1302 1929 1330 ››

413 1388 441 1411 ι(
477 1361 755 1436 ὶουδάρια
798 1364 895 1419 καὶ
954 1366 1281 1438 σιμικίνθια.
1348 1392 1375 1419 ››
1426 1369 1735 1449 Ἀμφότερα
1792 1370 2001 1441 νομίζω

338 1450 585 1519 λινοειεῆ
621 1454 782 1506 εἶναι’
819 1456 970 1522 πλὴν
1004 1456 1069 1509 τὰ
1106 1455 1199 1528 μὶν
1232 1454 1493 1526 σουδάρια
1535 1457 1622 1513 ἐπὶ
1678 1465 1778 1527 τῆς
1832 1479 2002 1535 κεφα-

333 1541 437 1610 λῆς
472 1540 868 1613 ἐπιϐάλλεται,
894 1545 963 1598 τά
994 1542 1051 1599 δὲ
1082 1547 1387 1617 σιμικίνθια
1418 1546 1469 1601 ἐν
1511 1553 1631 1609 ταῖς
1681 1548 1840 1627 χερσὶ
1871 1570 1997 1603 κατ-

330 1639 561 1711 έχουσιν
597 1636 653 1688 οἱ
689 1635 767 1707 μὴ
805 1632 1097 1707 δυνάμενοι
1131 1637 1343 1712 ὡράρια
1400 1639 1651 1716 φορέσαι,
1704 1640 1815 1693 οἷοί
1869 1639 2001 1693 εἰσιν

331 1729 381 1780 οἳ
416 1730 725 1801 φοροῦντες
757 1724 1017 1785 ὑπατικὰς
1046 1722 1247 1787 στολὰς
1280 1727 1313 1795 ἧ
1349 1721 1545 1803 γουϐία
1575 1728 1711 1800 πρὸς
1769 1728 1830 1782 τὸ
1868 1727 2003 1783 ἀπο-

2110 586 2357 641 regnum
2390 575 2691 631 caalorum.
2728 580 2872 635 Hinc
2902 588 3099 637 autem
3134 584 3304 640 docet
3334 596 3535 651 nos,ut
3556 591 3626 644 ab
3657 593 3750 663 iis,

2113 660 2212 729 qui
2241 664 2505 719 convicia
2527 666 2757 736 jactant
2786 670 2845 725 in
2879 672 3090 728 Filium
3126 675 3619 749 Dei,separentur
3649 660 3749 753 qui

2113 750 2173 803 in
2208 767 2344 807 eum
2387 755 2652 811 credunt.

2182 915 2330 980 XIX,
2372 920 2455 985 11,
2492 920 2574 973 12,
2611 938 2633 961 α
2667 921 3038 994 Virtutesque
3086 942 3206 980 non
3239 927 3507 999 vulgares
3541 930 3756 986 edebat

2113 1004 2267 1059 Deus
2297 1022 2402 1077 per
2431 1023 2641 1063 manus
2671 1010 2835 1065 Pauli
2873 1029 2883 1065 :
2918 1014 2999 1068 ita
3028 1020 3090 1069 ut
3147 1017 3319 1071 etiam
3378 1036 3555 1089 super
3586 1021 3755 1075 infir-

2113 1109 2241 1147 mos
2272 1092 2646 1152 deferrentur
2674 1116 2707 1153 a
2738 1118 2982 1172 corpore
3015 1104 3143 1175 ejus
3189 1105 3427 1161 sudaria
3458 1114 3514 1161 et
3576 1112 3750 1165 semi-

2113 1181 2414 1250 cinctia,et
2443 1186 2723 1242 cederent
2752 1192 2901 1246 145
2940 1191 3012 1246 ab
3045 1193 3131 1248 eis
3157 1194 3748 1271 morbi,spiritusque

2112 1273 2273 1341 pravi
2307 1275 2728 1345 egrederentur
2757 1278 2828 1332 ab
2861 1280 2967 1334 eis.
3004 1304 3031 1329 ››

2187 1382 2213 1409 ‹‹
2248 1362 2493 1418 Sudaria
2548 1372 2606 1419 et
2663 1368 3049 1424 semicinctia.
3090 1393 3110 1418 ιι
3175 1374 3428 1444 Utraque
3478 1376 3750 1432 existimo

2112 1449 2255 1505 linei
2278 1453 2511 1523 generis
2540 1454 3029 1513 fuissezattamen
3049 1460 3285 1516 sudaria
3318 1465 3557 1534 quidem
3583 1482 3761 1535 super

2112 1546 2289 1610 caput
2344 1542 2690 1603 tenduntur,
2740 1548 3109 1603 semicinctia
3168 1568 3303 1605 vero
3363 1554 3423 1605 in
3484 1554 3759 1608 manibus

2112 1633 2319 1683 tenent
2347 1631 2449 1700 qui
2480 1632 2718 1688 horaria
2750 1642 2978 1705 gestare
3009 1654 3127 1691 non
3149 1641 3761 1709 possunt,velutisunt

2116 1718 2217 1787 qui
2249 1720 2593 1776 consulares
2613 1730 2848 1791 gestant
2878 1726 3059 1781 stolas
3090 1733 3191 1781 aut
3220 1729 3395 1800 gubia
3421 1730 3493 1785 ad
3527 1731 3756 1786 abster-

333 1816 636 1887 μάττεσθαι
668 1814 770 1876 τὰς
798 1813 1110 1887 ὑγρότητας
1141 1818 1237 1868 τοῦ
1266 1817 1595 1889 προσώπου,
1655 1816 1791 1882 οἷον,
1841 1814 1994 1891 ἱδρῶ-

2116 1806 2337 1878 gendos
2362 1808 2563 1865 afacie
2591 1811 2891 1879 humores,
2926 1831 3140 1887 nempe
3185 1818 3451 1885 sudores,
3486 1819 3755 1889 salivam,

326 1925 441 1971 τας,
470 1902 744 1973 πτῦελον,
781 1900 1035 1976 δάκρυον,
1065 1904 1153 1958 καὶ
1185 1904 1251 1958 τά
1282 1904 1468 1976 ὅμοια.

403 2015 434 2048 ι
464 1991 880 2066 Ἐπεχείρησαν
932 1989 990 2046 δέ
1044 2013 1184 2055 τινες
1240 1994 1344 2047 ἀπὸ
1396 1999 1502 2049 τῶν
1561 1994 2001 2070 περιερχομένων

340 2108 363 2132 ιι
394 2080 681 2139 Ἰουδαίων
716 2080 1069 2154 ἐξορκιστῶν,
1105 2083 1392 2156 ὀνομάζειν
1443 2082 1528 2137 ἐπὶ
1587 2083 1714 2145 τοὺς
1773 2080 2001 2159 ἔχοντας

349 2196 376 2223 κ
407 2173 472 2225 τα
495 2172 783 2242 πνεύματα
811 2170 881 2224 τά
911 2172 1145 2245 πονηρὰ,
1178 2172 1240 2225 τὸ
1271 2168 1446 2245 ὄνομα
1499 2177 1597 2227 τοῦ
1649 2171 1853 2247 Κυρίου
1876 2174 1995 2243 Ἰη-

352 2285 379 2312 (ι
414 2266 529 2323 σοῦ,
563 2259 837 2334 λέγοντες
874 2261 1197 2333 Ὁρκίζομεν
1226 2261 1363 2333 ὑμᾶς
1394 2263 1488 2317 τὸν
1550 2264 1790 2333 Ἰησοῦν,
1848 2265 1905 2317 δν
1968 2265 1996 2317 6

356 2372 378 2399 ι
413 2348 625 2411 Παῦλος
649 2348 933 2423 κηρύσσει.
966 2354 1131 2404 Ἦσαν
1165 2347 1221 2404 δέ
1267 2372 1408 2412 τινες
1466 2351 1575 2405 υἱοὶ
1636 2356 1809 2407 Σκευᾶ
1867 2353 1996 2408 Ἰου-

344 2466 371 2491 α
406 2439 556 2493 δαΐου
588 2437 897 2513 ἀρχιερέως
940 2439 1097 2505 ἑπτὰ,
1133 2441 1184 2494 οἱ
1242 2444 1401 2495 τοῦτο
1464 2445 1762 2501 ποιοῦντες.
1823 2442 1995 2495 Ἀπο-

335 2529 574 2601 κιιριθέν
602 2524 661 2582 δὲ
690 2528 758 2583 τὸ
817 2532 1031 2599 πνεῦμα
1087 2529 1150 2582 τὸ
1206 2530 1470 2603 πονηρὸν,
1522 2532 1661 2584 εἴπεο
1722 2530 1826 2586 Τὸν
1886 2530 1994 2597 ’1η-

328 2645 353 2670 ιι
388 2623 513 2672 σοῦν
546 2619 838 2691 γινώσκω,
886 2617 977 2670 καὶ
1025 2617 1119 2672 τὸν
1186 2616 1408 2674 Παῦλον
1462 2618 1779 2691 ἐπίσταμαι,
1843 2620 1998 2691 ὑμεῖς

321 2706 441 2761 σιδὶ
464 2707 611 2767 τίνες
641 2704 811 2774 ἐστέ;
867 2706 964 2760 Καὶ
1021 2705 1396 2779 ἐφαλλόμενος
1456 2707 1540 2762 ἐπ’
1599 2709 1851 2771 αὐτοὺςό
1908 2706 1996 2762 ἅν-

321 2820 353 2849 a
390 2799 617 2866 θρωπος
650 2794 710 2849 ἰν
745 2796 790 2866 ᾧ
820 2795 889 2862 ἦν
916 2796 979 2849 τὸ
1010 2800 1222 2867 πνεῦμα
1274 2797 1334 2850 τὸ
1391 2797 1652 2871 πονηρὸν,
1711 2796 1801 2851 καὶ
1833 2819 1994 2853 κατα-

316 2885 676 2960 σκυριεῦσας
738 2882 939 2951 αὐτῶν,
1003 2883 1225 2959 ἴσχυσεν
1274 2884 1357 2940 ἐπ’
1411 2886 1606 2953 αὐτῶν,
1694 2885 1833 2941 ὥστε
1899 2909 1997 2962 γυ-

312 3002 340 3030 ι
380 2975 558 3049 μνοῦς
584 2974 685 3028 καὶ
718 2973 1286 3047 τετραυματισμένους
1347 2974 1592 3052 ἐκφυγεῖν
1645 2973 1704 3029 ἐκ
1758 2980 1855 3029 τοῦ
1914 2974 1996 3030 οἷ’-

315 3091 346 3117 ιι
380 3086 481 3118 κου
543 3063 786 3118 ἐκείνου.
849 3064 1027 3118 Τοῦτο
1088 3060 1147 3116 δὲ
1226 3062 1433 3138 ἐγένετο
1508 3064 1749 3139 γνωστὸν
1832 3069 1992 3119 πᾶσιν

330 3151 669 3213 σι’ὶουὸαίοις
734 3172 792 3206 τε
848 3151 939 3205 καὶ
1018 3149 1260 3221 ’Ἕλλησι
1344 3157 1462 3214 τοῖς
1519 3158 1831 3208 κατοικοῦσι
1888 3156 1987 3217 τήν

340 3265 371 3291 ιι
402 3244 663 3312 Ἔφεσον.
692 3241 785 3295 Καὶ
810 3239 1038 3295 ἐπέπεσε
1068 3236 1239 3319 φόϐος
1271 3240 1358 3296 ἐπὶ
1392 3245 1592 3304 πάντας
1649 3241 1866 3310 αὐτοὺς,
1900 3244 1990 3299 καὶ

356 3353 379 3378 ι
406 3327 760 3401 ἐμεγαλύνετο
785 3329 843 3383 τὸ
874 3325 1051 3401 ὄνομα
1077 3332 1175 3382 τοῦ
1198 3329 1394 3403 Κυρίου
1426 3331 1627 3401 Ἰησοῦ.
1666 3354 1686 3383 ι

421 3445 449 3468 ιι
487 3416 757 3476 Ἰουδαίων
788 3420 1135 3494 ἐξορκιστῶν.
1170 3444 1198 3471 ››
1256 3420 1405 3489 Αὐτή
1465 3424 1500 3490 ἡ
1554 3418 1699 3491 λέξις
1731 3418 1995 3475 δείκνυσιν

348 3509 423 3563 ὅτι
480 3508 589 3582 οὔχ
648 3510 721 3569 ὡς
796 3509 1148 3572 πιστεύοντες
1184 3514 1265 3580 τῷ
1324 3511 1507 3579 Ἰησοῦ
1565 3512 1617 3564 οἱ
1694 3510 1994 3584 έξορκισταὶ

344 3598 627 3669 ἐξώρκιζον
685 3599 751 3651 τά
802 3597 1082 3673 ἀκάθαρτα
1137 3599 1418 3673 πνεύματα
1474 3597 1553 3670 τῷ
1613 3599 1839 3670 ὀνόματι
1898 3603 1995 3654 τοῦ

344 3688 558 3759 Κυρίου,
618 3685 766 3741 ἀλλά
796 3687 1171 3757 πειράζοντες.
1225 3688 1304 3741 Δι’
1360 3688 1389 3742 ’ὀ
1434 3686 1526 3741 καί
1580 3687 1655 3749 ὡς
1712 3689 1788 3759 μή
1849 3684 1996 3748 ὄντες

345 3776 648 3837 π;στοέ,ώς
680 3775 747 3829 τὸ
787 3775 1092 3848 ἀκάθαρτον
1150 3777 1363 3848 πνεῦμά
1412 3797 1568 3856 φησι,
1626 3784 1725 3845 τῆς
1785 3797 1990 3851 προπε-

334 3868 474 3924 τείας
505 3862 785 3919 δεδώκασι
820 3864 957 3937 πρὸς
986 3863 1175 3936 ἀλίγον
1210 3862 1387 3932 δίκην.
1422 3863 1685 3938 Διήλεγξε
1743 3867 1845 3939 γὰρ
1900 3864 1994 3919 αὖ·

323 3958 473 4023 τοὺς,
497 3954 595 4009 καί
625 3956 732 4021 τὴν
765 3955 970 4022 σκηνήν
1023 3954 1195 4007 αὐτῶν
1230 3955 1456 4033 φανερὰν
1510 3954 1731 4023 ἐποίησε
1788 3951 1996 4031 σφόδρα

321 4044 603 4115 θυμωθεὶς
634 4045 663 4099 6
698 4040 937 4115 δαίμων,
970 4042 1045 4103 ὡς
1088 4040 1146 4096 ἄν
1182 4040 1234 4097 εἷ’
1285 4065 1364 4098 τις
1428 4044 1551 4117 περὶ
1607 4047 1714 4098 τῶν
1749 4042 1994 4117 ἐσχάτων

317 4132 662 4189 κινδυνεύων
701 4132 805 4186 ὑπό
827 4153 977 4193 τινος
1010 4130 1212 4210 ἐχθροῦ
1273 4129 1647 4211 διελέγχοιτο,
1702 4132 1791 4187 καὶ
1823 4133 1998 4186 πάντα

320 4226 399 4285 εἰς
434 4222 645 4276 ἐκεῖνον
682 4221 898 4295 ἀφεῖναι
928 4219 1191 4295 βούλοιτο
1220 4221 1310 4276 τὸν
1335 4222 1530 4294 θυμόν.

394 4338 421 4363 κ
464 4308 690 4366 Πολλοί
718 4330 777 4364 τε
802 4314 910 4363 τῶν
942 4300 1377 4365 πεπιστευκότων
1438 4311 1685 4385 ἤρχοντο
1731 4310 1997 4382 ἐξομολο-

325 4402 659 4475 ιιγοῦμενοι
699 4402 789 4454 καὶ
864 4398 1299 4476 ἀναγγέλλοντες
1354 4401 1453 4461 τὰς
1510 4400 1731 4474 πράξεις
1792 4401 1994 4458 αὐτῶν.

326 4488 606 4545 «Ἱκανοὶ
672 4486 732 4542 δὲ
782 4492 889 4541 τῶν
933 4489 999 4541 τὰ
1054 4487 1314 4564 περίεργα
1369 4488 1701 4562 πραξάντων,
1753 4488 1995 4562 συνενέγ-

2117 1892 2429 1967 lacrymas,
2464 1915 2531 1953 ac
2563 1901 2800 1955 similia.

2187 2008 2213 2033 ‹‹
2250 1988 2393 2055 ΧΙΧ,
2429 1989 2614 2043 13-17.
2676 1992 3071 2047 Tentaverunt
3146 2000 3342 2050 autem
3392 1996 3633 2067 quidam
3687 2015 3756 2053 ex

2118 2075 2622 2133 circumeuntibus
2682 2080 2895 2135 Iudaeis
2956 2083 3284 2149 exorcistis,
3334 2087 3607 2141 invocare
3660 2104 3761 2141 su-

2118 2182 2224 2235 per
2278 2182 2378 2220 eos
2438 2168 2538 2236 qui
2598 2186 2806 2239 pravos
2865 2171 3166 2226 habebant
3222 2175 3485 2244 spiritus,
3542 2193 3761 2230 nomen

2118 2255 2351 2309 Domini
2418 2257 2574 2321 Jesu,
2664 2257 2990 2313 dicentes:
3050 2261 3407 2331 Adjuramus
3486 2282 3584 2318 vos
3656 2283 3760 2335 per

2114 2344 2333 2409 Jesum,
2382 2361 2559 2413 quem
2640 2347 2856 2399 Paulus
2915 2348 3216 2417 praedicat.
3297 2352 3477 2405 Erant
3557 2360 3755 2407 autem

2115 2433 2356 2503 quidam
2383 2434 2487 2487 ﬁlii
2538 2434 2726 2488 Scevaa
2783 2435 2967 2489 Judaei
3026 2438 3311 2508 principis
3384 2442 3757 2496 sacerdotum

2113 2528 2361 2593 septem,
2398 2523 2497 2595 qui
2557 2522 2667 2579 hoc
2713 2524 3028 2582 faciebant.
3096 2528 3478 2598 Bespondens
3557 2536 3753 2585 autem

2111 2610 2355 2680 spiritus
2399 2612 2612 2680 malus,
2664 2613 2857 2668 dixit:
2915 2617 3112 2670 Jesum
3170 2618 3324 2682 novi,
3388 2624 3445 2671 et
3505 2619 3751 2675 Paulum

2109 2700 2251 2766 scio,
2284 2718 2384 2756 vos
2438 2707 2636 2757 autem
2696 2704 2939 2773 quinam
2999 2707 3189 2761 estis?
3244 2707 3313 2761 Et
3365 2708 3638 2762 insiliens
3690 2710 3750 2763 in

2109 2806 2209 2844 eos
2240 2790 2417 2846 homo
2450 2791 2510 2846 in
2543 2809 2658 2862 quo
2692 2799 2818 2848 erat
2857 2795 3101 2865 spiritus
3147 2796 3361 2864 malus,
3395 2798 3599 2867 eisque
3648 2799 3751 2852 do-

2105 2881 2387 2949 minatus,
2422 2883 2668 2938 invaluit
2720 2891 2925 2941 contra
2959 2903 3079 2953 eos,
3139 2888 3221 2942 ita
3266 2895 3332 2942 ut
3361 2889 3503 2945 nudi
3536 2894 3595 2944 et
3625 2890 3749 2943 vul-

2106 2972 2295 3026 nerati
2319 2974 2646 3044 effugerent
2674 2974 2745 3028 de
2777 2975 2951 3029 domo
2984 2976 3105 3032 illa.
3158 2978 3274 3033 Hoc
3331 2984 3525 3032 autem
3579 2979 3756 3032 inno-

2106 3060 2219 3114 tuit
2298 3061 2573 3116 omnibus
2652 3063 2870 3117 Judaais
2961 3065 3140 3119 simul
3225 3072 3283 3120 et
3362 3068 3576 3121 Graecis
3647 3068 3746 3137 qui

2105 3149 2456 3204 habitabant
2539 3151 2752 3221 Ephesi
2816 3169 2828 3204 :
2914 3153 3245 3223 ceciditque
3322 3156 3498 3209 timor
3573 3171 3751 3225 super

2106 3256 2312 3295 omnes
2345 3240 2500 3307 illos,
2561 3258 2628 3296 ac
2686 3242 3178 3313 magniﬁcabatur
3234 3261 3454 3299 nomen
3516 3243 3750 3300 Domini

2102 3331 2257 3386 Jesu.
2292 3351 2319 3379 »

2178 3443 2205 3469 ‹‹
2237 3420 2453 3475 Ιιιάωἱε
2483 3422 2811 3476 exorcistis.
2850 3444 2876 3470 ››
2912 3424 3043 3477 Haec
3078 3424 3257 3478 dictio
3290 3424 3550 3479 ostendit
3587 3425 3743 3496 quod

2106 3526 2225 3565 non
2253 3516 2533 3582 tanquam
2568 3513 2871 3567 exorcistaa
2906 3514 2965 3568 in
2996 3515 3194 3571 Jesum
3217 3514 3750 3588 credentes,impu—

2104 3616 2202 3655 ros
2234 3600 2476 3669 spiritus
2508 3601 2864 3671 adjurabant
2904 3604 2963 3656 in
3024 3605 3263 3657 nomine
3328 3604 3582 3667 Domini,
3644 3603 3749 3659 sed

2105 3693 2403 3744 tentantes
2440 3707 2451 3743 :
2484 3697 2727 3761 pr0pter
2757 3691 2915 3760 quod
2948 3694 3149 3759 etiam,
3184 3709 3317 3748 cum
3368 3693 3575 3747 ﬁdeles
3627 3710 3743 3747 non

2106 3785 2324 3843 essent,
2359 3780 2511 3833 sicut
2543 3781 2809 3850 impurus
2839 3781 3079 3849 spiritus
3112 3782 3271 3846 dicit,
3298 3798 3415 3833 suae
3449 3783 3747 3835 temerita-

2106 3868 2178 3921 tis
2210 3866 2367 3920 brevi
2403 3884 2603 3938 pcenas
2636 3868 3285 3923 dederunt.Confutavit
3310 3870 3468 3922 enim
3504 3868 3657 3933 illos,
3679 3886 3744 3923 ac

2103 3955 2371 4010 fraudem
2406 3973 2608 4011 eorum
2642 3962 2906 4026 apertam
2939 3958 3181 4011 omnino
3230 3957 3370 4011 fecit
3415 3963 3745 4015 commotus

2105 4045 2194 4100 ira
2224 4046 2467 4114 spiritus
2502 4062 2514 4098 :
2550 4045 2729 4099 veluti
2759 4046 2805 4099 si
2838 4046 2971 4114 quis
2993 4047 3219 4116 positus
3253 4046 3311 4099 in
3340 4048 3616 4100 extremis
3640 4064 3745 4117 pe-

2104 4133 2308 4189 riculis
2340 4133 2411 4187 ab
2452 4132 2651 4203 aliquo
2684 4132 2923 4186 inimico
2956 4140 3254 4205 arguatur,
3288 4152 3648 4207 omnemque
3683 4138 3744 4191 in

2106 4224 2275 4280 illum
2309 4222 2611 4277 effundere
2633 4222 3067 4277 velitfurorem.

2183 4338 2201 4360 ι
2231 4314 2381 4379 XIX,
2418 4314 2481 4366 18
2518 4314 2602 4366 34.
2665 4312 2949 4382 Multique
3006 4312 3373 4368 credentium
3432 4314 3749 4369 veniebant

2110 4424 2134 4455 α
2170 4404 2594 4459 confirmantes
2649 4408 2707 4457 et
2736 4404 3159 4457 annuntiantes
3207 4403 3360 4457 facta
3417 4419 3540 4460 sua.
3582 4403 3743 4458 Multi

2108 4511 2395 4564 «quoque
2426 4511 2494 4548 ex
2546 4496 2618 4548 iis
2676 4495 2776 4565 qui
2829 4495 3092 4550 curiosas
3132 4501 3287 4548 artes
3341 4500 3746 4557 exercuerant,

329 4600 584 4637 ιικαν-τες
642 4579 743 4636 τάς
806 4572 1032 4650 βίϐλους
1107 4576 1388 4631 κατέκαιον
1469 4576 1697 4632 ἐνώπιον
1752 4575 1991 4632 πάντων

2116 4605 2137 4632 re
2171 4589 2569 4655 comportatos
2600 4584 2949 4637 libr05148
2977 4588 3537 4638 exusseruntcoram
3560 4584 3749 4637 omni-

328 4696 354 4720 σε
389 4668 487 4723 καὶ
521 4666 898 4743 συνεψήφισαν
926 4669 1023 4725 τὰς
1051 4666 1217 4737 τιμὰς
1276 4666 1476 4734 αὐτῶν,
1535 4666 1624 4720 καὶ
1684 4666 1841 4739 εὗρον
1898 4666 1995 4739 ἀρ-

330 4783 359 4809 (ι
390 4757 599 4831 γυρίου
634 4750 901 4825 μυριάδας
931 4750 1106 4809 πέντε.
1139 4753 1328 4815 Οὕτως
1369 4756 1504 4809 κατά
1559 4755 1758 4828 κράτος
1812 4756 1838 4809 6
1898 4753 1993 4810 λό-

333 4871 359 4897 (ί
392 4867 495 4919 γος
525 4847 628 4896 τοῦ
661 4841 860 4914 Κυρίου
891 4838 1084 4910 ηὔξανε
1140 4843 1231 4896 καὶ
1288 4840 1501 4918 ἴσχυεν.
1563 4844 1649 4904 Ὠς
1710 4841 1767 4897 δὲ
1817 4842 1994 4913 ἐπλη-

337 4962 362 4983 α
396 4936 552 5005 ρώθη
589 4936 781 4999 ταῦτα,
814 4930 964 4987 ἔθετο
991 4933 1017 4986 6
1047 4932 1264 4994 Παῦλος
1295 4932 1346 4987 ἐν
1394 4938 1472 5004 τῷ
1532 4934 1799 5006 πνεύματι
1848 4931 1992 4989 διελ-

338 5052 358 5075 ι
396 5029 509 5089 θὼν
542 5028 645 5090 την
683 5021 1017 5080 Μακεδονίαν
1079 5025 1167 5077 καὶ
1230 5024 1483 5098 Ἀχαίαν,
1538 5024 1860 5099 πορεύεσθαι
1921 5025 1997 5089 εἲς

290 5106 787 5186 ⁷«Ίερουσαλήμ,
848 5112 1035 5179 εἰπὼν,
1120 5113 1205 5167 ’ὁτι
1287 5113 1440 5169 Μετὰ
1496 5113 1557 5167 τὸ
1625 5113 1870 5185 γενέσθαι
1930 5137 1995 5187 με

335 5231 362 5255 σ‹
393 5205 527 5271 ἐκεῖ,
564 5200 647 5257 δεῖ
707 5223 774 5274 με
804 5201 893 5256 καὶ
921 5202 1145 5274 Ῥώμην
1194 5199 1349 5257 ἰδεῖν.
1405 5202 1756 5266 Ἀποστείλας
1804 5201 1861 5258 δὲ
1918 5205 1993 5266 εἷς

339 5321 361 5343 ιιι
392 5295 498 5361 τήν
534 5288 874 5349 Μακεδονίαν
928 5288 1024 5344 δύο
1067 5295 1175 5344 τῶν
1230 5289 1629 5345 διακονούντων
1679 5293 1848 5365 αὐτῷ,
1907 5295 1996 5349 Τι’

342 5407 367 5429 ει
399 5382 596 5456 μόθεον
620 5381 709 5435 καί
741 5383 1031 5454 Ἔιραστον,
1069 5378 1228 5442 αὐτὸς
1278 5378 1475 5454 ἐπέσχε
1532 5380 1728 5454 χρόνον
1788 5381 1865 5442 εἷς
1894 5384 1991 5451 τὴν

339 5498 363 5521 (ι
396 5472 598 5529 Ἀσίαν.
637 5471 887 5546 Ἐγένετο
917 5467 975 5523 δὲ
1004 5470 1147 5523 κατά
1173 5469 1265 5522 τὸν
1323 5470 1508 5540 καιρὸν
1571 5468 1772 5525 ἐκεῖνον
1830 5470 1991 5545 τάρα-

338 5588 367 5615 α
393 5582 494 5637 χος
525 5564 623 5618 οὐκ
654 5560 849 5636 ὀλίγος
884 5559 1010 5633 περὶ
1058 5560 1159 5626 τῆς
1193 5555 1343 5615 ὁδοῦ.
1379 5560 1694 5632 Δημήτριος
1751 5560 1853 5634 γάρ
1910 5582 1995 5622 τις

340 5673 370 5703 α
401 5652 637 5725 ὀνόματι,
669 5648 1093 5724 ἀργυροκόπος,
1125 5647 1298 5701 ποιῶν
1350 5647 1508 5709 ναοὺς
1561 5647 1830 5723 ἀργυροῦς
1864 5650 1994 5724 Ἀρ..

2108 4696 2135 4723 ‹‹
2168 4674 2277 4729 bus
2303 4679 2389 4727 :et
2417 4674 2748 4744 supputatis
2780 4673 3013 4726 illorum
3045 4673 3749 4742 pretiis,inveneruntar—

2105 4785 2131 4812 «
2166 4764 2324 4833 genti
2358 4762 2788 4832 quinquaginta
2811 4762 3018 4816 millia.
3052 4763 3138 4815 Ita
3167 4762 3397 4816 fortiter
3448 4752 3750 4819 crescebat

2105 4874 2132 4901 ‹‹
2165 4851 2407 4905 verbum
2442 4851 2673 4905 Domini
2723 4867 2790 4904 ac
2842 4851 3325 4906 conﬁrmabatur.
3395 4853 3491 4907 llis
3551 4860 3744 4908 autem

2106 4961 2133 4986 α
2167 4939 2416 5008 expletis
2439 4938 2977 5009 proposuitPaulus
3005 4941 3064 4994 in
3080 4940 3288 5009 spiritu
3307 4942 3554 4996 transita
3570 4944 3747 4996 Mace-

2106 5051 2132 5076 ‹‹
2167 5028 2345 5083 donia
2371 5034 2429 5083 et
2459 5027 2678 5083 Achaia
2726 5028 3020 5099 proﬁcisci
3072 5031 3457 5101 Jerosolyma,
3491 5031 3694 5083 dicens
3730 5046 3743 5083 :

2108 5139 2136 5167 ‹‹
2170 5122 2481 5187 Postquam
2515 5117 2593 5171 ibi
2626 5118 3055 5189 fuero,0portet
3078 5137 3169 5174 me
3185 5126 3241 5174 et
3268 5123 3507 5174 Romam
3524 5118 3737 5173 videre.

2105 5231 2131 5257 ‹‹
2168 5208 2358 5261 Missis
2389 5212 2583 5262 autem
2611 5208 2837 5264 duobus
2852 5226 2920 5263 ex
2952 5210 3023 5263 iis
3056 5211 3155 5279 qui
3184 5209 3745 5277 sibiministrabant,

2109 5320 2128 5345 σ
2152 5296 2740 5353 videlicetTimotheo
2757 5300 3179 5370 etErasto,ipse
3194 5297 3501 5353 mansitad
3515 5303 3746 5369 tempus

2108 5407 2135 5435 «
2163 5386 2223 5440 in
2256 5386 2409 5441 Asia.
2445 5388 2619 5441 Ortus
2650 5394 2739 5441 est
2768 5394 2963 5443 autem
3010 5388 3112 5441 illo
3155 5394 3417 5457 tempore
3459 5388 3746 5444 tumultus

2104 5502 2132 5529 «
2166 5494 2285 5532 non
2312 5478 2555 5548 exiguus
2586 5476 2657 5529 de
2688 5477 2815 5546 ipsa
2846 5476 2957 5529 via.
2992 5475 3237 5539 Quidam
3297 5476 3454 5530 enim
3504 5478 3746 5531 nomine

2104 5590 2132 5617 ‹‹
2166 5566 2497 5622 Demetrius
2520 5566 2682 5621 faber
2711 5565 3099 5637 argentarius,
3117 5566 3216 5637 qui
3236 5565 3747 5622 faciebatdelubra

2106 5678 2134 5705 ‹‹
2165 5660 2443 5729 argentea
2472 5656 2692 5712 Dianas.
2725 5654 3045 5725 praestabat
3092 5655 3418 5712 artificibus
3467 5672 3586 5711 non
3618 5672 3746 5726 par-
