4112 6250
471 314 580 374 251

1564 314 1977 379 CECUMENII
2020 310 2328 373 TBICCIE
2372 309 2726 372 EPISCOPI

3768 313 3874 375 252

474 472 504 502 ‹‹
537 467 673 507 vum
707 453 999 523 quaestum
1022 449 1267 522 :quibus
1295 453 1631 510 convocatis
1650 452 1812 513 ethis
1843 450 1943 523 qui
1963 446 2122 507 simi-

2252 441 2530 518 ιτὲμιδος,
2580 444 2877 525 παρείχετο
2924 448 3042 506 τοῖς
3106 439 3391 520 τεχνίταις
3450 441 3703 520 ἐργασίαν
3784 450 3875 505 οὖιι

484 564 505 591 ι
540 541 687 596 lium
719 557 917 596 rerum
946 545 1116 595 erant
1141 541 1561 612 opifices,dixit
1586 560 1598 599 :
1622 541 1937 611 Viri,scitis
1965 539 2122 612 quod

479 652 507 681 (ι
542 646 610 684 ex
642 630 753 684 hoc
781 628 1017 700 opificio
1041 635 1305 700 quazstus
1337 632 1509 687 nobis
1543 638 1632 688 est
1662 649 1675 689 :
1705 637 1765 686 et
1818 630 2027 686 videtis
2058 644 2125 685 ac

479 742 507 771 ι(
539 718 779 783 auditis,
814 718 973 789 quod
1004 736 1125 773 non
1149 720 1341 774 solum
1373 722 1611 792 Ephesi,
1656 721 1759 777 sed
1806 737 1912 793 per
1942 726 2124 775 totam

479 824 688 879 «pene
750 807 951 862 Asiam
1002 809 1219 863 Paulus
1268 810 1364 863 hic
1424 811 1738 881 persuasit,
1798 810 2124 880 avertitque

477 921 503 947 «
538 898 789 952 multam
823 896 1078 960 turbam,
1112 898 1355 954 dicens:
1389 902 1515 954 Non
1548 900 1786 955 suntdii
1815 897 2124 969 quimani-

482 1009 509 1039 «
542 986 652 1043 bus
687 987 858 1041 fiunt.
888 989 1013 1042 Non
1048 987 1238 1043 solum
1267 994 1467 1044 autem
1500 990 1625 1045 hiBC
1682 1005 1821 1061 pars
1860 987 2033 1044 nobis
2062 988 2127 1041 in

478 1100 507 1128 ‹‹
539 1077 871 1149 periculum
900 1078 1059 1132 venit
1086 1093 1162 1132 ne
1191 1079 1562 1149 reprobetur,
1597 1096 1799 1136 verum
1831 1079 2009 1134 etiam
2052 1094 2129 1133 ne

481 1189 509 1219 «
541 1183 768 1241 magnae
801 1167 999 1222 Diana)
1030 1168 1320 1240 templum
1368 1170 1429 1224 in
1486 1170 1740 1226 nihilum
1798 1174 2125 1240 reputetur,

482 1278 506 1310 α
534 1257 919 1327 futurumque
934 1256 1086 1311 situt
1109 1258 1288 1314 etiam
1311 1258 1650 1315 destruatur
1682 1259 1962 1330 majestas
1976 1258 2127 1329 ejus,

480 1369 507 1396 «
544 1362 721 1417 quam
756 1350 875 1401 tota
905 1347 1041 1401 Asia
1071 1351 1130 1401 et
1158 1347 1319 1401 orbis
1342 1348 1503 1404 colit.
1539 1349 1638 1403 His
1668 1347 1888 1404 auditis
1916 1346 2127 1418 repleti

481 1458 510 1487 ι(
546 1440 685 1490 sunt
713 1434 821 1501 ira,
885 1440 943 1490 et
994 1437 1497 1506 exclamaverunt,
1553 1437 1866 1494 dicentes:
1922 1439 2131 1508 Magna

481 1545 509 1575 α
540 1525 727 1580 Diana
756 1524 1146 1595 Ephesiorum
1176 1526 1189 1581 Ι
1222 1528 1591 1599 Impletaque
1647 1534 1738 1584 est
1774 1533 1898 1584 tota
1928 1528 2131 1583 civitas

486 1636 507 1663 ι
543 1614 913 1677 confusione,
946 1620 1003 1669 et
1035 1615 1323 1686 impetum
1354 1617 1627 1671 fecerunt
1663 1634 1782 1673 uno
1813 1617 2008 1672 animo
2067 1617 2130 1671 in

490 1726 519 1754 ‹‹
553 1704 872 1770 theatrum,
906 1710 1177 1775 correpto
1201 1706 1336 1761 Caio
1385 1711 1443 1760 et
1485 1706 1825 1761 Aristarcho
1866 1705 2130 1761 Macedo-

2233 557 2261 585 «
2297 533 2515 611 ὀλίγην·
2550 532 2641 595 οὓς
2669 533 3044 609 συναθροίσας,
3073 534 3159 587 καὶ
3218 535 3349 595 τοὺς
3410 535 3536 609 περὶ
3567 535 3633 590 τὰ
3668 543 3872 596 τοιαῦτα

2235 622 2537 699 «ἐγράτας,
2598 624 2767 678 εἶπεν·
2834 621 3080 698 Ἀνδρες,
3141 622 3456 694 έπιστασθε,
3521 625 3606 680 ’ὁτι
3658 625 3707 680 ἐν
3761 629 3877 684 ταύ-

2234 739 2261 765 ‹‹
2296 736 2394 785 της
2421 722 2519 783 τῆς
2546 713 2795 789 ἐργασίας
2825 716 2860 783 ἡ
2893 714 3122 790 εὖπορία
3175 717 3339 787 ἡμῶν
3406 714 3544 768 ἐστι*
3607 716 3697 770 καὶ
3753 719 3875 773 θεω-

2236 828 2263 855 ‹‹
2296 810 2434 878 ρεῖτε
2461 804 2551 858 καὶ
2601 804 2846 873 ἀκούετε,
2906 805 2988 859 ’ὁτι
3050 804 3116 857 οὐ
3170 804 3337 877 μόνον
3436 803 3688 883 Ἐφέσου,
3745 804 3877 863 ἀλλὰ

2237 918 2264 944 ‹‹
2299 890 2492 968 σχεδὸν
2522 892 2697 964 πάσης
2725 900 2825 962 τῆς
2882 894 3065 954 Ἀσίας
3125 895 3153 948 ὁ
3212 892 3439 954 Παῦλος
3500 894 3657 954 οὗτος
3711 896 3879 961 πείσας

2238 1006 2265 1034 ‹‹
2302 983 2623 1054 μετέστησεν
2680 982 2861 1037 ἱκανὸν
2946 978 3141 1062 ὄχλον,
3202 980 3402 1057 λέγων,
3487 983 3573 1036 δτι
3630 983 3737 1039 Οὐκ
3788 985 3880 1040 εἰσὶ

2238 1096 2265 1122 ‹‹
2302 1072 2414 1135 θεοὶ
2447 1072 2497 1125 οἱ
2530 1067 2620 1125 διὰ
2648 1076 2853 1146 χειρῶν
2886 1070 3189 1148 γινόμενοι.
3249 1070 3327 1127 Οὐ
3396 1071 3569 1145 μόνον
3626 1070 3683 1126 δὲ
3734 1078 3878 1129 τοῦτο

2245 1184 2265 1211 ι
2300 1156 2597 1215 κινδυνεύει
2658 1161 2793 1233 ἡμῖν
2853 1160 2916 1215 τὸ
2978 1161 3140 1234 μέρος
3195 1158 3269 1221 εἷς
3329 1158 3653 1239 ἀπελεγμὸν
3700 1161 3880 1234 ἐλθεῖν,

2240 1248 2444 1304 «ἀλλὰ
2500 1250 2590 1303 καὶ
2646 1250 2708 1303 τὸ
2761 1248 2855 1315 τῆς
2912 1248 3161 1326 μεγάλης
3216 1251 3338 1312 θεᾶς
3400 1247 3725 1323 Ἀρτέμιδος
3754 1252 3880 1326 ἱερὸν

2241 1363 2269 1392 ‹‹
2302 1338 2379 1400 εἷς
2412 1335 2566 1393 οὐδὲν
2600 1336 2940 1414 λογισθῆναι,
3003 1337 3225 1413 μέλλειν
3277 1361 3336 1394 τε
3385 1340 3481 1393 καὶ
3534 1340 3885 1415 καθαιρεισθαι

2246 1452 2265 1478 ι
2302 1429 2400 1496 τὴν
2433 1429 2837 1506 μεγαλειότητα
2865 1429 3055 1497 αὐτῆς,
3089 1430 3155 1497 ἣν
3188 1427 3292 1499 ’ὀλη
3346 1431 3382 1498 ἡ
3419 1428 3576 1485 Ἀσία
3632 1429 3721 1483 καὶ
3750 1431 3781 1498 ἡ
3812 1432 3886 1484 oi-

2244 1541 2270 1570 ‹‹
2304 1519 2543 1590 κουμένη
2604 1512 2843 1575 σέϐεται.
2921 1518 3267 1580 Ἀκούσαντες
3320 1515 3382 1573 δὲ
3457 1518 3551 1573 καὶ
3613 1520 3884 1594 γενόμενοι

2247 1631 2268 1657 σι
2305 1606 2535 1682 πλήρεις
2569 1608 2744 1680 θυμοῦ
2782 1603 3005 1682 ἔκραζον
3068 1608 3335 1681 λέγοντες’
3374 1606 3619 1681 Μεγάλη
3676 1610 3710 1677 ἡ
3765 1610 3881 1681 Ἀρ·

2244 1722 2269 1749 ι(
2303 1720 2461 1771 τεμις
2492 1697 2796 1775 Ἐφεσίωνί
2840 1694 2945 1752 ’Καὶ
3003 1697 3250 1769 ἐπλήσθη
3302 1700 3338 1768 ἡ
3404 1699 3576 1761 πόλις
3636 1698 3741 1767 ’ὀλη
3801 1704 3888 1766 τῆς

485 1817 512 1845 α
545 1793 723 1848 nibus
753 1793 1072 1849 comitibus
1102 1795 1293 1852 Pauli.
1357 1799 1621 1866 Cumque
1678 1796 1859 1852 vellet
1914 1796 2134 1853 Paulus

2252 1812 2272 1839 ς(
2294 1786 2632 1862 συγχύσεως,
2663 1785 2929 1862 ὥρμησάν
2987 1809 3047 1842 τε
3105 1785 3462 1861 ὁμοθυμαδὸν
3525 1787 3602 1848 είς
3655 1787 3719 1842 τὸ
3773 1787 3884 1841 θέα-

486 1904 513 1933 ‹‹
544 1883 765 1937 intrare
797 1883 871 1937 ad
901 1883 1211 1953 populum,
1245 1901 1361 1939 non
1423 1885 1582 1955 passi
1641 1890 1779 1940 sunt
1830 1884 2129 1957 discipuli.

487 1993 513 2022 α
550 1970 801 2036 Quidam
833 1976 1029 2027 autem
1063 1988 1132 2027 ex
1178 1972 1332 2028 Asius
1388 1973 1751 2044 primoribus
1804 1975 1906 2045 qui
1964 1980 2135 2030 erant

488 2080 516 2108 «
551 2059 726 2114 amici
754 2059 905 2129 ejus,
939 2059 1123 2115 misso
1180 2060 1253 2115 ad
1286 2077 1420 2116 eum
1452 2063 1685 2130 nuntio,
1742 2063 2031 2135 rogabant
2058 2081 2132 2119 ne

489 2169 519 2197 «
553 2164 614 2202 se
646 2147 814 2202 daret
831 2148 892 2203 in
907 2148 1347 2205 theatrum.A1ii
1379 2152 1577 2221 itaque
1594 2151 1755 2208 aliud
1776 2152 2133 2208 clamabant.

492 2258 520 2286 ‹‹
553 2236 882 2313 Erat_enim
914 2238 1119 2292 concio
1177 2238 1442 2304 confusa,
1508 2245 1567 2295 et
1602 2239 1871 2312 plerique
1903 2242 2134 2298 nescie-

491 2346 519 2375 «
556 2324 701 2380 bant
730 2342 846 2396 qua
875 2342 943 2381 ex
975 2343 1153 2382 causa
1180 2331 1704 2386 convenissent.De
1736 2330 1909 2387 turba
1937 2337 2135 2387 autem

492 2434 520 2462 «
562 2417 986 2483 protraxerunt
1031 2414 1453 2483 Alexandrum,
1486 2417 1961 2489 propellentibus
1998 2435 2136 2474 eum

493 2522 521 2551 ι(
550 2500 789 2557 Iudaeis.
821 2503 1155 2559 Alexander
1184 2522 1317 2560 vero
1349 2507 1644 2577 postulato
1675 2524 1855 2563 manu
1874 2508 2136 2574 silentio,

492 2612 521 2640 «
553 2590 790 2647 volebat
817 2594 1113 2649 rationem
1143 2594 1391 2652 reddere
1422 2597 1662 2667 papulo.
1689 2598 1833 2652 141
1872 2598 2137 2668 Cumque

488 2702 517 2730 α
550 2682 965 2752 cognovissent
996 2699 1131 2738 eum
1165 2700 1295 2739 esse
1350 2685 1642 2751 Judaaum,
1702 2703 1807 2742 vox
1864 2692 1994 2742 orta
2050 2692 2140 2741 est

496 2789 525 2819 ι(
554 2785 676 2824 una
705 2770 776 2825 ab
809 2770 1088 2826 omnibus
1118 2771 1304 2828 ferme
1327 2772 1401 2828 ad
1432 2773 1610 2829 horas
1639 2773 1788 2831 duas
1833 2774 2139 2831 clamanti-

494 2880 522 2909 ‹‹
555 2857 689 2929 bus,
714 2860 921 2929 Magna
953 2860 1137 2915 Diana
1160 2861 1551 2932 Ephesiorum
1585 2862 1596 2915 Ι
1633 2884 1662 2911 ››

559 3143 586 3171 ‹‹
621 3121 982 3178 Conﬁtentes
1013 3126 1073 3177 et
1101 3123 1527 3179 annuntiantes
1584 3122 1758 3178 facta.
1817 3142 1844 3175 ιι
1900 3124 2142 3195 Oportet

2242 1902 2269 1930 (ι
2328 1897 2454 1951 τρον
2554 1875 2982 1950 συναρπάσαντες
3109 1876 3267 1933 Γάϊον
3359 1876 3458 1931 καὶ
3538 1875 3883 1950 Ἀρίσταρχον

2250 1989 2271 2016 ι
2310 1962 2623 2027 Μακεδόνας
2644 1963 3015 2038 συνεκδήμους
3044 1970 3139 2033 τοῦ
3173 1965 3419 2022 Παύλου.
3451 1969 3568 2023 Τοῦ
3597 1962 3654 2020 δὲ
3687 1962 3887 2021 Παύλου

2245 2081 2270 2107 α
2309 2053 2652 2131 βουλομένου
2683 2053 2948 2111 εἰσελθεῖν
2981 2055 3057 2116 εἰς
3081 2055 3173 2110 τὸν
3205 2053 3412 2127 δῆμον,
3447 2056 3553 2110 οὐκ
3592 2054 3715 2109 εἶ’ων
3748 2053 3887 2108 αὐτὸν

2245 2166 2273 2194 (ι
2308 2143 2360 2197 οἱ
2405 2140 2664 2216 μαθηταί.
2721 2144 2867 2203 Τινὲς
2926 2138 2983 2196 δὲ
3038 2142 3130 2196 καὶ
3186 2146 3293 2196 τῶν
3354 2143 3698 2217 Ἀσιαρχῶν,
3757 2136 3886 2199 ὄντες

2247 2255 2274 2283 ι(
2308 2231 2457 2303 αὐτῷ
2502 2230 2677 2309 φίλοι,
2728 2229 3039 2305 πέμψαντες
3085 2232 3221 2306 πρὸς
3278 2232 3476 2301 αὐτὸν,
3532 2228 3884 2305 παρεκάλουν,

2254 2344 2279 2375 α
2311 2323 2388 2391 μὴ
2423 2317 2611 2376 δοῦναι
2641 2321 2826 2375 ἑαυτὸν
2858 2320 2933 2382 ε’ς
2989 2321 3052 2375 τὸ
3112 2320 3362 2395 θέατρον.
3423 2320 3633 2378 Ἀλλοι
3683 2319 3773 2391 μὶν
3803 2316 3882 2371 οὗν

2248 2433 2276 2462 ‹‹
2306 2408 2447 2465 ἄλλο
2495 2430 2546 2463 τι
2603 2403 2844 2485 ἔκραζον.
2903 2412 3004 2466 Ἦν
3065 2411 3170 2485 γὰρ
3216 2411 3251 2479 ἠ
3312 2407 3592 2479 ἐκκλησία
3638 2424 3885 2481 συγκεχυ-

2246 2524 2273 2551 ‹‹
2310 2501 2470 2572 μένη.
2521 2498 2620 2555 Καὶ
2681 2499 2732 2553 οἱ
2789 2496 3014 2561 πλείους
3073 2498 3171 2553 οὐκ
3226 2493 3482 2573 ᾔδεισαν,
3544 2496 3688 2557 τίνος
3738 2493 3886 2549 ἕνεκεν

2248 2615 2274 2640 α
2318 2587 2773 2659 συνεληλύθεσαν.
2842 2590 2936 2644 Ἐκ
2994 2584 3052 2644 δὲ
3135 2591 3231 2644 τοῦ
3288 2583 3477 2662 ὄχλου
3540 2578 3882 2662 προεϐίϐασαν

2253 2704 2271 2727 ι
2305 2675 2678 2753 Ἀλέξανδρον,
2712 2671 3098 2752 προϐαλόντων
3156 2678 3314 2732 αὑτὸν
3345 2683 3461 2748 τῶν
3513 2672 3800 2733 Ἰουδαίων.
3828 2671 3880 2728 Ὀ

2248 2790 2277 2818 ‹‹
2310 2763 2367 2821 δὲ
2400 2763 2755 2843 Ἀλέξανδρος
2787 2772 3102 2827 κατασείσας
3149 2768 3247 2837 τὴν
3306 2772 3499 2841 χεῖρα,
3550 2762 3735 2835 ἤθελεν
3766 2759 3884 2816 ἀπο-

2236 2878 2277 2929 Ἲ‹‹
2313 2853 2588 2929 λογεῖσθαι
2618 2859 2699 2927 τῷ
2728 2852 2912 2928 δήμῳ.
2961 2855 3322 2933 Ἐπιγνόντων
3395 2852 3456 2910 δὲ
3506 2856 3590 2910 ὃτι
3644 2847 3883 2909 Ἰουδαῖός

2252 2966 2280 2996 α
2311 2942 2447 3015 ἐστι,
2480 2944 2635 3024 φωνή
2667 2942 2874 3018 ἐγένετο
2907 2943 3004 3016 μία
3043 2943 3103 2999 ἐκ
3130 2945 3371 3013 πάντων,
3406 2946 3483 3009 ὡς
3514 2944 3602 3000 ἐπὶ
3635 2942 3771 3017 ὥρας
3800 2935 3873 2993 δύο

2254 3056 2275 3083 ι
2305 3033 2633 3107 κραζόντων·
2668 3032 2897 3109 Μεγάλη
2926 3035 2960 3103 ἡ
2991 3036 3259 3108 ’Ἄρτεμις
3293 3032 3563 3112 Ἐφεσίων
3602 3034 3614 3088 l
3650 3057 3677 3083 ››

2325 3145 2354 3173 ‹‹
2388 3120 2925 3196 Ἐξομολογούμενοι
2975 3122 3064 3177 καὶ
3124 3121 3565 3200 ἀναγγέλλοντες
3620 3121 3711 3180 τὰς
3764 3116 3880 3189 πρά·

488 3228 784 3283 quemque
818 3211 1059 3268 ﬁdelem
1091 3211 1288 3267 dicere
1318 3217 1560 3285 peccata
1590 3229 1697 3268 sua
1727 3229 1795 3268 ac
1825 3188 2138 3269 demittere

2254 3209 2385 3281 ξεις.
2421 3233 2450 3261 ››
2483 3215 2573 3265 Δεῖ
2603 3211 2778 3265 πάντα
2834 3210 3027 3265 πιστὸν
3091 3209 3268 3285 λέγειν
3324 3211 3428 3274 τὰς
3488 3211 3678 3267 ἑαυτοῦ
3734 3207 3883 3278 ἁμαρ·

489 3300 752 3372 seipsum
786 3302 1273 3373 coarguendosic
1303 3307 1370 3356 ut
1386 3320 1505 3357 non
1534 3302 1792 3374 amplius
1823 3302 2139 3371 illafaciat,

488 3389 1129 3461 utjustiﬂceturjuxta
1155 3390 1212 3445 id
1245 3390 1403 3461 quod
1434 3390 1658 3447 dictum
1691 3397 1784 3447 est
1817 3407 1830 3445 :
1857 3414 1885 3443 (ε
1945 3390 2047 3447 Dic
2078 3396 2141 3447 tu

489 3478 753 3552 primum
783 3478 1133 3548 iniquitates
1164 3483 1403 3545 tuas,ut
1426 3479 1780 3550 justiﬁceris
1805 3479 2143 3536 ".»Notan—

490 3567 630 3624 dum
656 3584 791 3624 vero
819 3568 999 3623 etiam
1030 3569 1092 3623 in
1123 3568 1511 3639 sequentibus
1563 3569 1722 3641 quod
1787 3568 1869 3638 hi,
1921 3570 2020 3640 qui
2080 3570 2143 3625 in

491 3656 789 3713 Christum
836 3656 1241 3722 crediderunt,
1298 3658 1559 3731 magicos
1618 3657 1800 3713 libros
1859 3675 1981 3714 non
2022 3658 2142 3713 dis-

491 3751 800 3802 traxerunt
829 3763 1171 3818 quanquam
1220 3747 1463 3818 pretiosi
1523 3752 1741 3811 essent,
1776 3753 1841 3802 ut
1887 3748 1989 3819 qui
2020 3748 2147 3820 pul-

492 3835 789 3892 cherrima
819 3852 1071 3907 quaeque
1104 3851 1309 3890 eorum
1357 3853 1489 3907 qum
1544 3834 1606 3890 in
1637 3835 1758 3891 vita
1786 3837 2146 3908 gerebantur

493 3924 901 3992 continebant,
937 3925 1040 3980 sed
1072 3928 1460 3979 exusserunt:
1498 3924 1641 3979 licet
1670 3923 1772 3979 alii
1796 3924 1897 3997 huj
1911 3923 2145 3980 usmodi

496 4013 576 4067 ibi
611 4012 910 4082 adessent,
933 4013 1044 4085 tqui
1077 4029 1178 4069 eos
1220 4012 1407 4068 libros
1465 4012 1578 4067 sibi
1636 4029 1845 4086 parare
1903 4013 2143 4069 vellent.

496 4104 762 4159 Primum
793 4104 1036 4176 quidem
1058 4121 1132 4160 ne
1155 4104 1289 4175 quis
1315 4103 1563 4160 letiferas
1586 4105 2145 4177 corruptionis,quas

495 4194 568 4250 ab
599 4193 720 4248 illis
748 4194 1106 4265 procedebat
1164 4194 1463 4265 particeps
1497 4194 1687 4250 fieret.
1725 4194 1949 4249 Deinde
2008 4212 2145 4250 vero

498 4301 572 4342 ne
603 4285 910 4357 quidpiam
935 4302 1004 4340 ex
1043 4285 1390 4356 hujusmodi
1420 4285 1689 4340 criminis
1720 4285 1909 4356 pretio
1941 4287 2148 4357 acqui-

498 4380 716 4430 rerent.
754 4372 1266 4439 Quemadmodum
1295 4373 1455 4428 enim
1490 4372 1872 4428 interdictum
1906 4379 2148 4434 erat.ne

498 4464 729 4520 lucrum
763 4480 796 4519 a
817 4462 1209 4519 fornicatione
1240 4467 1477 4533 partum
1509 4462 1629 4517 Deo
1678 4463 2030 4517 offerretur:
2069 4465 2152 4519 ita

2250 3298 2390 3371 τίας,
2421 3298 2510 3354 καὶ
2542 3300 2931 3355 ἀποτάττεσθαι
2961 3296 3051 3353 διὰ
3106 3305 3201 3354 τοῦ
3258 3300 3451 3357 ἑαυτὸν
3480 3300 3747 3375 ἐλέγχειν,
3800 3293 3881 3347 τοῦ

2254 3387 2452 3463 μηκέτι
2481 3394 2656 3445 ποιεῖν
2715 3388 2782 3443 τὰ
2840 3389 2996 3456 αὑτά,
3049 3385 3137 3443 ’ίνα
3193 3386 3467 3465 δικαιωθῇ
3497 3390 3631 3446 κατὰ
3664 3386 3719 3440 τὸ
3754 3382 3885 3457 ε’ρη-

2257 3480 2436 3554 μένον·
2499 3504 2528 3530 ι(
2589 3477 2725 3554 Λέγε
2780 3478 2843 3533 σὺ
2898 3482 3116 3548 πρῶτος
3176 3479 3272 3541 τὰς
3349 3480 3639 3557 ἁμαρτίας,
3694 3474 3771 3528 ἳνα
3813 3466 3884 3523 δι-

2252 3570 2519 3641 καιωθῇς.
2556 3592 2584 3620 ››
2615 3566 2965 3641 Σημειωτέον
2997 3565 3055 3623 δὲ
3084 3568 3173 3623 καὶ
3215 3567 3267 3623 ἐν
3300 3575 3423 3634 τοῖς
3459 3569 3643 3652 ἐφεξῆς
3667 3566 3744 3652 ὅτι
3772 3558 3882 3615 καί·

2253 3678 2336 3712 τοι
2366 3655 2711 3730 πολυτίμους
2743 3656 2903 3721 οῧσας
2965 3658 3061 3719 τὰς
3113 3659 3381 3732 γοητικὰς
3430 3646 3604 3715 αὑτῶν
3658 3646 3883 3729 βίϐλους,

2255 3747 2330 3809 ὡς
2359 3751 2465 3801 τῶν
2499 3744 2550 3800 ἐν
2589 3745 2696 3818 Βίῳ
2725 3744 2970 3823 ἐχουσῶν
2990 3748 3055 3801 τὰ
3086 3744 3381 3818 κάλλιστα,
3420 3750 3474 3804 οἱ
3531 3746 3606 3803 εἶν
3669 3735 3879 3816 Χριστὸν

2256 3835 2656 3907 πιστεύσαντες,
2717 3835 2815 3890 οὑκ
2873 3834 3190 3905 έπώλησαν,
3267 3834 3396 3892 ἀλλ’
3477 3832 3720 3899 ἔκαυσαν,
3772 3823 3875 3883 καί·

2252 3946 2407 4000 τοιγε
2453 3921 2643 3980 ἄλλων
2697 3922 2870 3981 ἐκεῖσε
2911 3926 3176 3980 τοιούτων
3235 3922 3405 3980 ὅντων
3465 3930 3572 3982 τῶν
3632 3917 3872 3987 θελόντων

2253 4015 2349 4077 τὰς
2387 4009 2615 4090 βίϐλους
2648 4016 2970 4086 κτήσασθαι,
3002 4019 3220 4090 πρῶτον
3253 4016 3347 4088 μὶν
3404 4014 3498 4070 ’ἱνα
3556 4014 3629 4088 μή
3686 4028 3766 4069 τις
3797 4022 3874 4090 μξῆ·

2255 4086 2434 4179 τάσχῃ
2459 4111 2561 4173 τῆς
2592 4103 2688 4159 ἀπ’
2718 4104 2892 4159 αὐτῶν
2931 4086 3293 4181 ψυχοφθόρου
3336 4086 3565 4181 λύμης,
3609 4100 3781 4156 ἔπειτα
3831 4086 3879 4144 δὲ

2253 4192 2345 4248 ’ίνα
2378 4194 2454 4265 μή
2499 4193 2605 4248 ἀπὸ
2644 4193 2900 4263 τοιαύτης
2944 4192 3121 4257 αἰτίας
3181 4194 3495 4263 κτήσωνταί
3545 4214 3620 4249 τι.
3706 4189 3884 4255 Ὠσπερ

2256 4283 2358 4358 γὰρ
2385 4283 2448 4337 τὸ
2478 4282 2584 4337 ἀπὸ
2625 4281 2879 4358 πορνείας
2936 4280 3128 4359 κέρδος
3186 4284 3566 4361 ἀπηγόρευται
3617 4274 3876 4354 προσάγειν

2258 4375 2397 4444 Θεῷ,
2431 4371 2607 4432 οὕτως
2658 4368 2783 4425 οὑδὲ
2811 4370 2873 4425 τὸ
2903 4377 3002 4441 τῆς
3034 4370 3207 4434 αἷτίας
3242 4372 3442 4443 ταύτης
3503 4368 3750 4449 ἀργύριον
3803 4376 3880 4413 τε·

2259 4467 2417 4529 θῆναι
2449 4459 2593 4534 παρᾶ
2617 4460 2745 4521 τοὺς
2776 4464 2885 4516 τῶν
2917 4459 3239 4517 ἀποστόλων
3266 4458 3437 4524 πόδας
3469 4460 3674 4517 δίκαιον
3692 4450 3879 4527 ἔκρινας

495 4570 693 4625 neque
723 4552 1068 4624 hujusmodi
1101 4551 1343 4607 sceleris
1374 4555 1685 4622 argentum
1716 4552 1859 4621 poni
1881 4550 2138 4624 adpedes

2256 4549 2291 4620 ἤ
2324 4544 2705 4606 εὑαπὸδεκτον.

497 4642 902 4711 apostolorum
926 4643 1158 4714 justum
1184 4638 1560 4713 Judicabant,
1593 4643 1698 4695 aut
1751 4638 1926 4695 facile
1958 4642 2149 4697 susci-

499 4728 783 4800 piendum
796 4769 808 4783 .

569 4818 717 4883 XIX,
750 4819 938 4872 35-40.
970 4841 998 4869 ‹‹
1032 4820 1102 4873 Et
1143 4836 1279 4876 cum
1330 4818 1597 4875 sedasset
1636 4817 1831 4873 scriba
1888 4818 2149 4885 turbam,

465 4928 529 4963 .‹‹
564 4904 742 4960 dixit:
782 4905 898 4960 Viri
931 4907 1192 4977 Ephesii,
1256 4907 1391 4980 quis
1454 4907 1614 4963 enim
1674 4911 1765 4962 est
1812 4906 2148 4975 hominum,

502 5017 530 5046 «
561 4995 662 5069 qui
686 4995 913 5051 nesciat
940 4996 1333 5067 Ephesiorum
1366 4998 1666 5052 civitatem
1709 4995 1990 5051 aadituam
2022 5013 2150 5053 esse

502 5109 531 5135 ‹‹
561 5101 792 5159 magna;
820 5085 1021 5141 Dianae
1054 5084 1177 5140 deas
1210 5090 1269 5140 et
1296 5102 1330 5141 a
1357 5087 1493 5142 Jove
1526 5085 1786 5157 delapsas
1817 5085 1843 5140 ‘I
1873 5086 2018 5141 Cum
2049 5085 2153 5159 igi-

503 5198 532 5228 «
565 5182 661 5232 tur
689 5175 783 5231 his
814 5191 991 5230 nemo
1024 5174 1414 5242 contradicat,
1468 5180 1705 5246 oportet
1759 5192 1857 5231 vos
1917 5175 2153 5232 sedatos

502 5282 708 5332 «esse,
740 5266 1012 5337 nihilque
1045 5264 1492 5337 praecipitanter
1552 5280 1744 5337 agere.
1807 5264 2155 5322 Adduxistis

508 5376 527 5402 ι
565 5355 724 5411 enim
751 5355 1026 5412 homines
1049 5355 1193 5410 istos
1225 5369 1418 5424 neque
1451 5354 1768 5427 sacrilegos
1809 5371 2001 5427 neque
2016 5372 2155 5411 con-

505 5464 531 5490 ι(
567 5444 910 5502 tumeliosos
936 5446 999 5503 in
1028 5445 1203 5503 deam
1232 5450 1514 5500 vestram.
1559 5443 1780 5511 Quodsi
1822 5445 2157 5501 Demetrius

578 5662 621 5699 ¹⁶
651 5663 763 5720 Ine.
800 5678 957 5732 xuii,
984 5667 1037 5721 ο.

2332 4844 2360 4874 (ι
2394 4817 2757 4881 Καταστείλας
2816 4817 2874 4875 δὶ
2920 4821 2951 4875 ὁ
3010 4822 3365 4897 γραμματεὺς
3418 4822 3507 4876 τὸν
3540 4815 3731 4897 ὄχλον,
3786 4825 3877 4883 φη-

2261 4935 2288 4962 ‹‹
2323 4911 2427 4965 σίνε
2482 4907 2715 4985 ’Ἄνδρες
2798 4912 3061 4989 Ἐφέσιοι,
3115 4912 3198 4972 τίς
3254 4911 3355 4988 γάρ
3423 4912 3561 4968 ἐστιν
3620 4904 3877 4999 ἅνθρωπος

2263 5024 2291 5051 ‹‹
2322 5000 2382 5055 ὃς
2418 5000 2480 5055 οὑ
2512 5000 2771 5075 γινώσκει
2799 5001 2900 5071 τὴν
2957 5001 3216 5079 Ἐφεσίων
3270 5000 3433 5057 πολιν
3494 4994 3755 5069 νεωκόρον
3807 4994 3880 5036 οὐ·

2264 5113 2291 5140 α
2321 5110 2414 5145 σαν
2446 5093 2547 5156 τῆς
2581 5088 2829 5165 μεγάλης
2873 5091 2994 5151 θεᾶς
3052 5088 3375 5167 Ἀρτέμιδος
3426 5089 3514 5146 καὶ
3569 5088 3660 5143 τοῦ
3707 5087 3879 5176 Διοπξ⁴

2263 5203 2291 5231 ‹‹
2324 5183 2454 5243 τοῦς
2489 5198 2503 5249 ;
2535 5176 2966 5255 ’Λναντιρῤήτων
3000 5180 3091 5234 οὗν
3124 5176 3294 5236 ὄντων
3326 5179 3555 5247 τούτων,
3584 5174 3696 5229 δέον
3751 5163 3877 5219 ἐστὶν

2263 5291 2292 5320 ‹‹
2323 5267 2464 5341 ὑμᾶς
2492 5266 2959 5339 κατεσταλμένους
2990 5268 3276 5344 ὑπάρχειν,
3334 5270 3427 5324 καὶ
3487 5261 3649 5341 μηδὶν
3696 5265 3876 5344 “79°”-

2264 5382 2293 5409 ι(
2325 5359 2412 5418 τὲς
2434 5357 2712 5433 πράσσειν.
2745 5356 3001 5433 Ἠγάγετε
3064 5343 3174 5433 γὰρί
3221 5358 3349 5422 τοὺς
3405 5356 3598 5431 ἄνδρας
3652 5343 3878 5441 τούτῗυξ’

2266 5470 2293 5497 ‹‹
2328 5446 2452 5501 οὕτε
2482 5429 2905 5523 ’ἱεροσούλουςί
2935 5429 3088 5503 οὔτε*
3117 5429 3575 5525 βλασφημοῦντας
3627 5437 3717 5505 τὴν
3771 5429 3876 5481 θεάν
