4112 6250
355 383 486 447 253

1375 379 1783 445 COMMENT.
1831 377 1907 439 IN
1953 377 2159 440 ACTA
2201 377 2807 442 APOSTOLORUM.

3671 378 3792 442 854

358 543 391 572 ι(
419 518 607 592 ὑμῶν.
665 515 730 573 El
784 512 870 591 μὶν
944 515 1053 571 οὖν
1124 517 1434 592 Δημήτριος
1480 516 1570 570 καὶ
1628 514 1680 570 οἱ
1737 513 1829 569 σύν
1887 511 2025 586 αὐτῷ

2147 538 2173 565 ‹‹
2203 517 2423 589 quique
2454 533 2588 573 cum
2614 532 2683 572 eo
2728 520 2868 573 sunt
2917 517 3176 575 artifices
3230 517 3453 574 habent
3507 518 3789 577 adversus

359 635 387 663 α
412 614 669 690 τεχνῖται
702 606 829 681 πρός
855 626 986 660 τινα
1017 608 1217 683 λόγον·
1263 605 1508 681 ἔχουσιν,
1566 605 1821 680 ἀγοραῖοι
1879 603 2033 678 ἄγονο

362 724 386 750 ι
425 719 541 767 ται,
575 696 665 752 καὶ
720 695 1014 751 ἆνθῦπατοί
1063 696 1225 751 εὶσικ·
1285 694 1677 769 ἐγκαλείτωσαν
1735 692 2030 763 ἀλλήλοις.

2144 628 2173 655 ‹‹
2205 607 2467 679 aliquem
2502 623 2762 671 causam,
2796 608 3064 664 forenses
3088 608 3324 679 judices
3371 608 3785 676 admittuntur,

2146 718 2169 749 σ
2206 702 2262 750 et
2291 698 2679 769 proconsules
2710 706 2851 753 sunt
2883 715 2896 753 :
2930 705 3211 754 accusent
3238 698 3511 753 invicem.
3556 698 3613 753 Si
3646 700 3791 769 quid

360 812 392 840 κ
429 788 499 843 Ei.
530 783 591 841 δὲ
640 807 695 841 τι
744 783 862 857 περὶ
912 782 1130 859 ἑτέρων
1188 784 1544 854 ἐπιζητεῖται,
1602 782 1653 838 ἐν
1703 785 1771 856 τῇ
1821 781 2025 856 ἐννόμῳ

2146 808 2170 836 ι(
2204 791 2397 842 autem
2431 787 2501 842 de
2536 787 2710 842 rebus
2741 788 2873 842 aliis
2904 788 3189 859 qumritis,
3223 787 3489 859 legitima
3541 794 3796 845 conten-

362 903 397 931 ιι
434 874 708 946 ἱκκλησίᾳ
789 870 1225 944 ἐπιλυθήσεται.
1294 874 1393 929 Καὶ
1474 874 1575 950 γὰρ
1651 870 2031 943 κινδυνεύομεν

368 992 401 1019 κ
439 964 788 1041 ἒγκαλεῖσθαι
846 964 1089 1025 στάσεως
1140 962 1262 1039 περῖ
1317 969 1419 1033 τῆς
1475 964 1740 1035 σήμερον,
1800 958 2032 1036 μηδενὸς

364 1082 394 1109 ιι
430 1055 620 1111 αἰτίου
680 1052 1054 1129 ὑπάρχοντος,
1125 1052 1246 1127 περὶ
1306 1052 1366 1108 οὗ
1421 1050 1764 1127 δυνησόμεθα
1848 1048 2031 1106 δοῦναι

374 1145 614 1219 «λόγον
667 1147 771 1209 τῆς
830 1149 1142 1220 συστροφῆς
1200 1142 1422 1214 ταύτης.
1492 1142 1591 1198 Καὶ
1640 1145 1808 1197 ταῦτα
1864 1140 2029 1196 εἰπὼν

387 1263 411 1288 ι
452 1234 679 1291 ἆπὲλυσε
705 1233 805 1302 τήν
840 1232 1157 1304 ἕκκληςίαν.
1192 1257 1220 1286 ››

459 1325 696 1380 Δείκνυσι
754 1319 977 1392 πολλὴν
1044 1322 1181 1377 εἶναι
1263 1320 1364 1392 τὴν
1447 1317 1871 1393 δεισιδαιμονίαν
1924 1326 2032 1375 τῶν

377 1414 643 1493 Ἐφεσίων
674 1413 705 1468 ὁ
735 1411 1115 1490 γραμματεὺς,
1153 1407 1215 1466 ἔκ
1246 1431 1305 1466 τε
1352 1412 1448 1465 τοῦ
1505 1414 1730 1483 κοσμεῖν
1758 1409 1849 1464 τὸν
1906 1409 2030 1464 ναὸν

362 1510 475 1572 τῆς
504 1499 858 1576 ²Αρτέμιδος,
886 1499 979 1555 καὶ
1008 1502 1073 1555 τὸ
1133 1497 1369 1555 εἴδωλον
1430 1499 1597 1568 αὐτῆς
1648 1502 1839 1571 τιμᾷν,
1898 1497 2031 1575 ὅπερ

359 1593 460 1649 καὶ
493 1592 759 1655 Διοπετὶς
782 1589 992 1666 ἔλεγον,
1024 1589 1100 1652 ὡς
1135 1589 1195 1646 ἐκ
1223 1593 1320 1645 τοῦ
1351 1588 1474 1652 Διὸς
1529 1588 1836 1650 πεπτωκός.
1868 1594 2032 1646 ’Ἠτοι

359 1682 473 1758 γὰρ
500 1682 570 1736 τὸ
614 1678 879 1754 δστρακον
935 1676 1121 1754 ἔλεγον
1178 1677 1349 1734 ἐκεῖνο
1405 1678 1597 1740 πάντες
1654 1677 1907 1742 Διοπετὲς
1968 1677 2030 1732 τὸ

356 1773 416 1844 ἒξ
450 1774 697 1845 οὐρανοῦ
734 1768 881 1845 παρὰ
925 1767 1023 1825 τοῦ
1082 1769 1206 1831 Διὸς
1259 1769 1524 1850 πεμφθὲν,
1578 1769 1706 1837 ἤτοι
1760 1768 2033 1822 καταπτὰν

2143 898 2170 925 ‹‹
2206 875 2365 930 tione
2396 876 2728 932 dirimetur.
2763 879 2906 931 Nam
2939 877 3273 949 periculum
3304 884 3393 933 est
3430 894 3505 932 ne
3554 878 3791 933 seditio-

2146 985 2170 1017 α
2199 966 2379 1021 tionis
2412 966 2715 1022 hodierna:
2763 968 2850 1022 rei
2898 967 3131 1033 fiamus,
3190 985 3323 1023 cum
3381 968 3549 1024 nulla
3595 968 3785 1025 subsit

2144 1076 2168 1107 ι
2204 1071 2401 1124 causa,
2434 1056 2591 1111 unde
2621 1057 2949 1128 poterimus
2978 1056 3227 1112 reddere
3266 1058 3557 1113 rationem
3608 1058 3788 1130 hujus

2140 1168 2167 1195 (ι
2204 1162 2547 1202 concursus.
2576 1146 2757 1201 Ethic
2789 1147 2963 1203 dictis
2996 1148 3347 1203 concionem
3379 1148 3677 1203 dimisit.»

2212 1324 2481 1383 Ostendit
2510 1325 3025 1399 historiographus
3067 1342 3342 1399 magnam
3400 1326 3789 1398 Ephesiorum

2137 1415 2321 1472 fuisse
2355 1416 2862 1488 superstitionem,
2889 1422 3014 1475 tum
3037 1416 3099 1471 in
3129 1414 3396 1471 ornando
3416 1418 3614 1473 Dianas
3637 1423 3788 1472 tem—

2141 1504 2258 1576 plo,
2289 1509 2416 1560 tum
2443 1505 2505 1559 in
2565 1505 2913 1560 honorando
2974 1505 3105 1576 ejus
3165 1505 3506 1571 simulacro,
3568 1505 3788 1577 quode

2139 1593 2286 1649 ccelo
2318 1609 2552 1664 quoque
2584 1592 2891 1664 delapsum
2949 1594 3272 1648 dicebant:
3331 1589 3575 1654 διοπετὲς
3635 1595 3786 1651 148

2141 1681 2301 1738 enim
2332 1682 2552 1738 dicitur
2572 1682 2751 1737 veluti
2784 1683 2935 1753 quod
2960 1700 2993 1738 a
3020 1685 3148 1739 Jove
3174 1683 3379 1738 decidit
3408 1700 3421 1738 :
3477 1684 3595 1739 sive
3626 1685 3785 1739 enim

2139 1764 2402 1846 ὄστρακον
2428 1771 2602 1837 illud,
2623 1771 2684 1826 id
2708 1778 2797 1827 est
2818 1777 3051 1840 testam,
3078 1779 3355 1829 vocarent
3380 1790 3587 1829 omnes
3610 1769 3789 1828 διοπε-

356 1862 453 1918 καὶ
488 1862 796 1937 γενόμενον
816 1859 905 1916 ἀπ’
937 1858 1171 1933 οὐρανοῦ
1213 1854 1459 1933 ἄγαλμα,
1510 1856 1635 1927 ἤτοι
1688 1856 1753 1913 τὸ
1809 1855 2025 1913 Παλλά-

2146 1859 2223 1923 ιὶς
2256 1862 2414 1934 quod
2446 1878 2476 1917 e
2500 1861 2646 1918 caelo
2670 1862 2917 1917 missum
2950 1868 3107 1918 esset
3124 1881 3158 1919 a
3177 1865 3336 1932 Jove,
3361 1863 3478 1919 sive
3506 1868 3784 1933 statuam,

359 1950 503 2022 διον,
537 1950 729 2013 καθὼς
778 1949 1038 2024 ἐμύθευον
1096 1949 1148 2003 οἱ
1175 1946 1445 2019 Ἓλληιες
1500 1948 1634 2023 πρὸς
1692 1947 2027 2018 κατάπληξιν

356 2047 470 2097 τῶν
534 2038 968 2116 ἆκεραιοτέρων,
1020 2036 1152 2111 ὅπερ
1210 2034 1410 2092 ἄνωθεν
1465 2034 1525 2092 ἐκ
1576 2041 1671 2092 τοῦ
1729 2035 1852 2099 Διὸς
1912 2033 2032 2091 δια-

363 2129 682 2200 πλασθῆναι
714 2127 909 2201 ᾤοντο,
940 2125 1032 2182 καὶ
1064 2125 1164 2181 οὐκ
1220 2125 1273 2196 ἐξ
1325 2124 1649 2201 ἀνθρώπων.
1707 2128 1778 2184 ’Ἠ
1837 2133 2032 2182 Διοπε-

368 2221 516 2288 robe,
548 2222 650 2273 τοῦ
682 2214 819 2273 ναοῦ
861 2221 965 2272 τοῦ
1019 2216 1143 2279 Διὸς
1191 2211 1316 2285 ἤτοι
1368 2218 1465 2271 τοῦ
1522 2213 2027 2293 προγγυλοειδοῦς.

380 2316 451 2365 Ἦ
502 2308 595 2363 καὶ
648 2307 797 2379 ἱερὸν
849 2302 1033 2382 ἓτερον
1115 2303 1289 2367 οὕτως
1343 2301 1593 2360 ἐκαλεῖτο
1639 2305 1766 2382 παρ’
1817 2303 2028 2367 αὐτοῖς.

377 2399 660 2473 Νεωκόρον
700 2393 779 2467 δὲ,
812 2394 933 2451 ἀντὶ
960 2398 1060 2451 τοῦ
1090 2389 1409 2471 ἱερόδουλὸν
1440 2416 1593 2471 φησι.
1649 2394 1797 2469 Κόρη
1811 2414 1886 2468 μα
1929 2394 2029 2469 γὰρ

370 2486 578 2546 ἔστιτὸ
608 2485 867 2562 σάρωμα,
900 2486 990 2564 ἀφ’
1051 2482 1114 2541 οὗ
1170 2483 1260 2540 καὶ
1316 2485 1619 2561 νεωχόρος,
1676 2484 1703 2539 ὁ
1759 2485 1850 2540 τὸν
1904 2484 2029 2540 ναὸν

365 2583 551 2655 κορῶν
611 2576 708 2632 καὶ
773 2579 981 2652 σαρῶν.
1045 2597 1073 2627 ιι
1099 2576 1383 2652 Ἀγοραῖοι
1439 2576 1682 2654 ἄγονται,
1716 2598 1744 2626 ››
1821 2572 1911 2629 καὶ
1962 2574 2032 2629 τὰ

369 2671 493 2743 ἑξῆς
556 2664 716 2729 εἶδος
799 2664 866 2735 ἣν
923 2662 1190 2720 δικαστῶν
1246 2663 1295 2719 ἐν
1354 2668 1423 2739 τῇ
1477 2662 1632 2736 Ἀσίᾳ
1687 2661 1919 2719 εὐτελῶν
1976 2664 2030 2718 οἱ

362 2760 654 2835 ’Δγοραῖοι
696 2800 710 2820 ,
772 2752 977 2816 σ’ίτινες
1050 2750 1299 2824 ἐδίκαζον
1348 2759 1468 2818 τοῖς
1522 2752 1713 2825 πένησι
1770 2753 1859 2809 καὶ
1906 2751 2031 2825 ἀγο-

362 2852 552 2927 ραίοις
641 2847 977 2923 ἀνθρώποις·
1039 2844 1112 2901 δι’
1164 2846 1195 2903 ’ὀ
1251 2847 1340 2903 καὶ
1398 2845 1652 2925 ἀγοραῖοι
1710 2844 2027 2904 ἐκαλοῦντο.

355 2943 571 3014 Ὠσπερ
639 2938 769 2993 ιίσιν
856 2933 1066 2992 ἔκδικοι
1157 2937 1291 2991 κατᾶ
1371 2935 1563 2999 πόλεις
1620 2936 1789 2997 τινὰςο
1851 2937 1902 2991 οἱ
1971 2933 2031 2991 δὲ

354 3031 671 3085 ἀνθύπατοι
756 3031 860 3095 τῆς
915 3027 1027 3079 τῶν
1079 3021 1359 3080 πλουσίων
1414 3021 1453 3095 ἤ
1504 3027 1614 3080 τῶν
1670 3023 2031 3101 ἐγκλημάτων

361 3118 523 3187 δίκης
553 3117 860 3188 ὑπήκουον.
893 3115 1158 3194 Λέγονται
1218 3110 1280 3169 δὲ
1324 3114 1575 3189 ἀγοραῖοι
1628 3113 1720 3170 καὶ
1776 3114 1827 3169 οἱ
1883 3110 2032 3169 δικο-

378 3203 722 3281 λόγοι,παρὶ
746 3204 816 3261 τὸ
872 3201 1158 3281 ἀγορεύειν
1217 3200 1529 3280 λεχθέντες,
1587 3203 1617 3259 ’ὀ
1669 3201 1782 3259 ἐστι
1837 3200 2032 3276 δημη-

391 3316 602 3373 γοριιν.

2144 1968 2273 2022 qum
2305 1951 2655 2018 devolasset,
2678 1957 2738 2007 et
2767 1968 2801 2008 a
2829 1953 2974 2009 coelo
3005 1953 3258 2010 formata
3287 1959 3480 2009 esset:
3513 1954 3631 2009 sive
3664 1953 3792 2009 Pai-

2142 2039 2368 2096 ladium
2398 2040 2569 2108 illud,
2603 2041 3105 2112 quemadmodum
3137 2043 3319 2097 Graeci
3350 2041 3790 2109 fabulabantur,

2143 2130 2217 2185 ad
2249 2135 2551 2203 stuporem
2582 2131 2677 2185 his
2709 2129 2808 2202 qui
2863 2131 3257 2203 simpliciores
3308 2136 3478 2187 erant
3534 2132 3791 2188 imitten—

2143 2219 2325 2275 dum:
2360 2219 2518 2292 quod
2549 2235 2804 2292 superne
2835 2236 2869 2275 a
2905 2221 3039 2275 Jove
3080 2221 3399 2277 formatum
3457 2237 3584 2275 esse
3616 2226 3791 2293 puta—

2141 2309 2304 2373 bant,
2339 2315 2397 2364 et
2432 2325 2553 2364 non
2601 2309 2672 2363 ab
2722 2309 3065 2365 hominibus
3099 2327 3112 2364 :
3146 2311 3206 2365 in
3255 2311 3411 2365 idem
3444 2310 3615 2366 redit.
3675 2313 3791 2367 Aut

2143 2393 2445 2468 διοπετοὺς,
2480 2397 2518 2451 i.
2554 2413 2586 2451 a
2610 2399 2744 2453 Jove
2775 2398 3023 2470 delapsi,
3074 2416 3288 2471 nempe
3338 2399 3545 2472 templi
3592 2400 3785 2460 Jovis:

2142 2490 2262 2545 sive
2291 2489 2519 2562 templi,
2555 2489 2714 2560 quod
2744 2490 3061 2559 rotundam
3094 2490 3351 2545 habebat
3380 2490 3655 2557 formam,
3688 2494 3792 2546 aut

2142 2579 2319 2634 etiam
2351 2578 2513 2633 aliud
2545 2578 2839 2649 quoddam
2868 2578 3157 2650 templum
3189 2578 3345 2649 apud
3376 2595 3475 2645 eos
3508 2580 3587 2633 ita
3618 2595 3786 2634 voca-

2138 2667 2334 2724 batur.
2368 2667 2521 2723 Dicit
2549 2672 2749 2724 autem
2774 2667 3075 2738 νεωκόρον,
3112 2668 3149 2724 i.
3184 2668 3427 2724 reditum
3479 2667 3598 2723 sive
3630 2673 3787 2723 tem-

2139 2757 2306 2829 plum
2336 2764 2688 2832 purgantem
2722 2763 2779 2813 et
2805 2763 3137 2813 ornantem.
3168 2761 3313 2813 Nam
3340 2754 3563 2831 κόρημα
3584 2774 3791 2829 purga-

2138 2846 2221 2902 tio
2253 2846 2489 2916 dicitur,
2522 2848 2679 2903 unde
2709 2846 3001 2920 νεωκόρος,
3035 2848 3134 2919 qui
3190 2847 3479 2919 templum
3510 2854 3684 2902 ornat
3722 2863 3789 2903 ac

2139 2937 2338 3005 verrit,
2366 2953 2582 3010 nempe
2613 2936 2884 2993 aedituus.
2930 2958 2957 2986 ‹‹
2993 2937 3281 2992 Forenses
3302 2936 3539 3008 judices
3571 2936 3791 2991 admit-

2140 3031 2367 3095 tuntur,
2395 3048 2422 3076 »
2455 3032 2567 3082 etc.
2599 3027 2887 3102 ’Δγοραῖοι
2946 3042 3133 3098 genus
3197 3031 3323 3081 erat
3377 3025 3697 3081 humilium
3723 3028 3785 3083 in

2138 3117 2278 3171 Asia
2297 3115 2590 3187 judicum,
2624 3115 2726 3187 qui
2756 3115 3114 3186 pauperibus
3145 3131 3213 3169 ac
3239 3114 3575 3169 forensibus
3600 3116 3789 3172 homi-

2141 3203 2317 3261 nibus
2351 3204 2744 3277 judicabant:
2805 3208 3046 3276 propter
3101 3204 3259 3276 quod
3307 3206 3485 3260 etiam
3534 3204 3787 3279 ἀγοραῖοι

2050 3277 2094 3345 C
2132 3294 2530 3350 vocabantur:
2584 3292 3090 3364 quemadmodum
3149 3298 3288 3349 sunt
3350 3277 3651 3363 ἔκδικοιίὶ.
3683 3295 3788 3352 de-

393 3385 659 3441 fensores
684 3391 775 3442 aut
812 3376 1046 3442 ultores
1078 3383 1320 3459 quidam
1352 3383 1413 3441 in
1447 3383 1759 3441 nonnullis
1819 3383 2152 3441 civitatibus
2188 3400 2201 3438 :
2249 3379 2541 3437 ἀνθύπατοι
2574 3399 2731 3449 vero,
2761 3383 2821 3441 id
2862 3389 2953 3440 est
3008 3385 3393 3455 proconsules
3439 3397 3605 3441 erant
3638 3385 3786 3441 divi-

392 3483 516 3531 tum
534 3474 782 3547 judices,
814 3481 920 3532 aut
949 3475 1054 3550 qui
1083 3475 1403 3531 criminum
1434 3490 1675 3531 causam
1705 3473 2045 3531 audiebant.
2078 3474 2367 3532 Dicuntur
2392 3478 2589 3530 autem
2621 3479 2679 3529 et
2724 3471 2974 3549 ἀγοραῖοι
3014 3480 3279 3531 oratores
3326 3475 3438 3548 ipsi
3471 3480 3573 3531 aut
3603 3475 3779 3532 advo-

381 3566 494 3622 cati
524 3563 667 3640 παρᾶ
686 3568 749 3618 τὸ
777 3562 1084 3643 ἀγορεύειν,
1116 3565 1229 3622 hoc
1248 3570 1340 3622 est
1367 3582 1402 3622 a
1429 3564 1835 3624 concionando
1870 3565 1953 3621 sic
1982 3564 2144 3622 dicti.

979 3655 1242 3712 ΚΕΦΑΛ.
1295 3656 1416 3711 ΚΘ’.

373 3741 633 3820 Περίοδος
658 3743 912 3820 ΠαύλουΣ
936 3742 992 3820 ἐν
1014 3743 1051 3820 ᾖ
1071 3744 1139 3799 τὰ
1182 3744 1306 3820 περὶ
1339 3741 1566 3820 ᾓανάξου
1607 3741 1716 3820 Δκαὶ
1758 3739 2017 3820 νᾷνακλή-

436 3811 571 3904 σεως
604 3817 864 3904 Εὐτύχου
895 3814 984 3872 διὰ
1013 3811 1331 3904 προσευχῆς
1358 3814 1408 3871 ἐν
1427 3812 1723 3904 ὶΤρωᾴξικ
1754 3811 2022 3889 Παραίνε-

429 3891 513 3963 qi:
546 3910 607 3963 τε
638 3885 807 3963 αὐτόῦ
838 3885 1173 3963 amputem?)
1198 3885 1334 3961 πρὸς
1359 3886 1487 3963 τους
1508 3885 1568 3942 ’ἐν
1602 3885 2019 3963 Ἐφεσιργπρεσ-

428 3957 723 4036 ρυτὲροᾼυς·
760 3961 813 4016 ἄν
941 3957 1288 4036 ’παράπλους
1338 3957 1572 4036 ⁸Παύλου
1628 3957 1734 4015 ἀπὸ
1786 3957 2018 4036 Ἐφέσου

424 4029 578 4107 ἄχρί
596 4029 923 4109 Καισαρείας
952 4029 1052 4101 τῆς
1084 4029 1470 4103 Παλαιστίνης.

426 4198 456 4225 α
490 4173 651 4231 Μετᾶ
679 4171 739 4228 δὲ
760 4176 825 4231 τὸ
854 4174 1152 4231 παύσασθαι
1205 4174 1297 4230 τὸν
1354 4168 1585 4249 θόρυϐον
1642 4171 2019 4248 προσκαλεσά-

357 4284 526 4337 μενος
575 4263 605 4317 ὁ
669 4262 885 4327 Παῦλος
939 4265 1067 4328 τοὺς
1132 4264 1376 4339 μαθητὰς
1408 4307 1423 4332 ,
1475 4262 1565 4317 καὶ
1609 4262 2016 4337 ἀσπασάμενος,

353 4352 559 4423 ἐξῆλθε
615 4360 948 4428 πορευθῆναι
1023 4355 1098 4417 εἰς
1182 4355 1283 4424 τήν
1355 4349 1716 4410 Μακεδονίαν.
1776 4351 2014 4415 Διελθὼν

356 4439 519 4498 δὶτᾶ
581 4440 723 4516 μὲρη
782 4440 983 4515 ἒκεῖνα,
1042 4443 1132 4499 καὶ
1181 4439 1565 4517 παρακαλέσας
1611 4441 1806 4507 αὐτοὺς
1864 4442 2015 4517 λόγῳ

2718 3659 2797 3710 CA
2811 3656 2945 3712 PUT
2985 3655 3180 3710 XXlX.

2131 3746 2407 3801 Circuitus
2435 3746 2618 3811 Pauli,
2652 3747 2710 3799 in
2742 3762 2847 3816 quo
2878 3744 3046 3800 etiam
3074 3752 3342 3800 narratur
3362 3761 3506 3799 mors
3530 3745 3775 3818 Eutychi

2201 3823 2516 3871 etamorte
2566 3820 2840 3871 revocatio
2889 3833 2991 3887 per
3050 3820 3353 3871 orationem
3414 3816 3597 3869 Pauli.
3648 3816 3771 3869 Ad-

2199 3888 2444 3942 hortatio
2473 3890 2645 3957 ipsius
2673 3888 2889 3957 qualem
2919 3888 3105 3942 deceat
3134 3888 3330 3941 habere
3380 3893 3668 3955 pastsrem,
3702 3887 3776 3942 ad

2193 3959 2538 4029 presbyteros
2566 3961 2663 4029 qui
2710 3965 2865 4013 erant
2920 3960 3159 4027 Ephesi:
3218 3961 3274 4012 in
3304 3974 3414 4028 quo
3480 3964 3555 4011 est
3610 3958 3773 4012 Pauli

2191 4031 2688 4101 praeternavigatio
2743 4029 2810 4084 ab
2866 4030 3074 4099 Epheso
3149 4046 3317 4100 usque
3368 4030 3666 4084 Caesaream
3722 4036 3774 4084 et

2197 4102 2570 4156 Palaestinam.

2197 4188 2310 4256 XX,
2348 4189 2486 4242 1-16.
2516 4210 2544 4237 ‹‹
2576 4189 2897 4259 Postquam
2930 4193 3129 4244 autem
3162 4191 3413 4245 cessavit
3460 4189 3771 4258 tumultus,

2128 4300 2157 4329 ‹‹
2189 4276 2406 4333 vocatis
2437 4276 2511 4331 ad
2542 4293 2604 4331 se
2634 4276 2852 4332 Paulus
2884 4277 3210 4349 discipulis,
3247 4286 3304 4332 et
3335 4279 3677 4350 complexus
3708 4278 3776 4334 il-

2130 4389 2157 4417 ‹‹
2184 4368 2274 4423 los
2305 4365 2603 4438 profectus
2635 4371 2742 4432 est,
2776 4371 2842 4420 ut
2871 4367 2984 4422 iret
3018 4366 3078 4421 in
3124 4367 3545 4422 Macedoniam.
3598 4368 3772 4423 Cum-

2127 4480 2153 4506 ‹‹
2189 4473 2304 4528 que
2336 4455 3019 4529 perambulassetpartes
3044 4458 3175 4514 illas
3195 4461 3253 4512 et
3280 4457 3467 4512 multo
3498 4474 3773 4514 sermone

357 4529 593 4603 πολλῷ,
621 4530 790 4599 ἦλθεν
838 4531 913 4593 εἷς
963 4533 1064 4602 τήν
1119 4528 1674 4619 ἘλλάδαπΙ-Ῐοιήσας
1725 4552 1784 4587 τε
1844 4537 2016 4604 μῆνας

2146 4568 2161 4595 η‹
2196 4546 2537 4603 exhortatus
2559 4564 2659 4603 eos
2688 4547 2916 4613 fuisset,
2950 4549 3111 4603 venit
3140 4550 3201 4603 in
3234 4548 3539 4609 Graeciam,
3572 4546 3773 4619 ibique

361 4624 540 4691 τρεῖς,
592 4619 888 4698 γενομένης
974 4620 1122 4693 αὐτῷ
1194 4615 1500 4690 ἐπιϐουλῆς
1559 4619 1661 4676 ὑπὸ
1718 4623 1825 4676 τῶν
1878 4620 2021 4676 Ἰου-

365 4708 540 4765 δαίων
587 4709 846 4783 μέλλοντι
903 4709 1191 4786 ἀνάγεσθαι
1240 4710 1319 4775 et;
1366 4712 1466 4782 τήν
1522 4708 1745 4785 Συρίαν,
1804 4708 2017 4786 ἐγένετο

362 4802 568 4877 γνώμη
625 4804 723 4855 τοῦ
803 4800 1154 4877 ὑποστρέφειν
1224 4799 1314 4857 διὰ
1414 4799 1773 4864 Μακεδονίας.
1832 4800 2017 4857 Συνεί-

364 4909 504 4945 πετο
564 4887 625 4945 δὲ
678 4888 826 4963 αὖτῷ
887 4888 1019 4966 ἄχρι
1078 4897 1178 4960 τῆς
1230 4890 1418 4953 Ἀσίας
1477 4890 1832 4966 Σωσίπατρος
1889 4889 2020 4967 Βερ-

364 4979 605 5057 ῥοιαῖος,
687 4978 1128 5035 Θεσσαλονικὲων
1204 4977 1261 5036 δὲ
1343 4981 1706 5056 Ἀρίσταρχος
1758 4980 1851 5035 καὶ
1910 4987 2018 5036 Σα-

359 5066 617 5137 κοῦνόος,
651 5068 742 5124 καί
773 5068 938 5131 Γάϊος
968 5068 1061 5125 καὶ
1093 5064 1351 5146 Δερϐαῖος
1382 5070 1474 5126 καὶ
1505 5071 1796 5143 Τιμόθεος.
1830 5071 2019 5125 Ἀσιαο

358 5159 441 5214 νοῖ
501 5156 558 5214 δὲ
594 5158 847 5235 Τυχινὸς
893 5159 986 5214 καὶ
1061 5157 1367 5235 Τρόφιμος.
1428 5158 1591 5218 Οὗτοι
1658 5159 2020 5235 προελθόντες

356 5243 550 5321 ἔμε-ιον
632 5250 785 5322 ἡμᾶς
848 5247 902 5303 ἰν
989 5245 1233 5323 Τρωιιὶδι⁹
1292 5249 1455 5322 ἡμεῖς
1513 5246 1571 5304 δὲ
1628 5247 2018 5324 ἐξεπλεύσαμεν

365 5338 502 5410 μετᾶ
528 5339 624 5400 τὰς
667 5339 886 5414 ἡμέρας
939 5342 1049 5392 τῶν
1109 5338 1363 5409 Ἀζύμων
1422 5339 1528 5394 ἀπὸ
1580 5338 1900 5409 Φιλίππων,
1931 5339 2021 5395 καὶ

362 5424 600 5501 ἤλθομεν
635 5428 776 5504 πρὸς
847 5425 1050 5488 αὖτοὺς
1081 5425 1159 5488 εἷς
1208 5427 1307 5497 τήν
1366 5425 1603 5503 Τρωάδα
1661 5425 1823 5504 ἄχρις
1878 5433 2023 5504 ἠμε-

359 5521 466 5593 ρῶν
500 5517 683 5574 πέντε·
718 5516 784 5572 οὗ
816 5511 1170 5590 διετρίψαμεν
1226 5516 1436 5591 ἡμέρας
1488 5516 1639 5575 ἑπτά.
1699 5521 1789 5576 Ἐν
1846 5518 1904 5576 δὲ
1951 5523 2022 5593 τῇ

361 5615 455 5683 μιᾷ
500 5613 613 5669 τῶν
657 5601 995 5676 Σαϐϐάτων,
1050 5605 1404 5685 συνηγμένων
1448 5612 1559 5664 τῶν
1619 5611 1879 5685 μαθητῶν
1930 5616 2027 5670 τοῦ

356 5703 553 5759 alia;
581 5701 793 5779 ἄρτον,
853 5696 883 5751 ὁ
940 5693 1160 5758 Παῦλος
1208 5691 1477 5774 διελέγετο
1535 5697 1740 5770 αὐτοῖς,
1803 5700 2027 5775 μέλλων

2139 4658 2165 4689 ιι
2187 4638 2442 4709 peractis
2456 4638 2761 4693 mensibus
2786 4639 2971 4693 tribus
2992 4656 3126 4693 cum
3142 4644 3341 4694 essent
3362 4639 3666 4694 instructa:
3686 4638 3775 4694 illi

2136 4745 2158 4774 α
2192 4726 2424 4782 insidias
2445 4728 2708 4783 aJudazis
2726 4727 2991 4783 soluturo
3005 4728 3067 4782 in
3088 4729 3337 4800 Syriam,
3356 4731 3397 4783 1
3412 4729 3508 4784 49
3523 4728 3781 4785 habebat

2131 4837 2158 4863 ‹‹
2192 4816 2252 4870 in
2275 4816 2497 4882 animo,
2521 4820 2589 4871 ut
2632 4821 3027 4871 reverteretur
3056 4834 3162 4889 per
3205 4818 3628 4874 Macedoniam.
3663 4819 3775 4874 Co-

2134 4926 2161 4953 ‹‹
2190 4905 2432 4960 mitatus
2452 4909 2542 4959 est
2563 4910 2759 4960 autem
2784 4922 2918 4961 eum
2951 4923 3139 4979 usque
3171 4906 3243 4962 ad
3270 4908 3461 4963 Asiam
3480 4908 3777 4980 Sosipatcr

2135 5014 2158 5045 ε
2200 4994 2637 5049 Berrhcnensis:
2668 4995 3290 5053 Thessalonicensium
3322 5015 3456 5053 vero
3519 4998 3776 5053 Aristar-

2138 5104 2160 5133 ι
2195 5084 2339 5138 chus
2372 5089 2430 5137 et
2460 5083 2783 5151 Secundus,
2818 5091 2877 5141 et
2921 5086 3093 5143 Caius
3148 5087 3424 5143 Derbaaus
3484 5103 3550 5142 ac
3580 5087 3775 5140 Timo-

2133 5195 2160 5222 «
2195 5172 2414 5227 theus:
2457 5173 2660 5229 Asiani
2708 5180 2906 5231 autem
2964 5179 3216 5249 Tychius
3277 5194 3343 5233 ac
3399 5175 3772 5246 Trophimus.

2132 5283 2160 5310 «
2203 5261 2270 5316 Hi
2302 5278 2436 5316 cum
2468 5265 2916 5334 praecessissent
2945 5272 3331 5340 expectarunt
3372 5282 3480 5320 nos
3511 5264 3732 5321 Troade
3760 5281 3774 5322 :

2136 5373 2163 5400 «
2194 5366 2304 5406 nos
2334 5356 2531 5407 autem
2580 5354 2997 5429 abnavigamus
3030 5361 3163 5428 post
3194 5356 3318 5410 dies
3362 5355 3710 5425 Azymorum
3743 5372 3779 5411 a

2139 5457 2167 5490 α
2197 5437 2510 5509 Philippis,
2534 5443 2923 5513 venimusque
2950 5444 3023 5498 ad
3048 5460 3148 5497 eos
3170 5443 3455 5499 Troadem
3474 5443 3632 5499 intra
3652 5443 3781 5499 dies

2140 5548 2168 5577 ‹‹
2201 5529 2485 5600 quinque,
2519 5530 2620 5585 ubi
2660 5530 2949 5587 demorati
3005 5549 3212 5588 sumus
3272 5531 3479 5589 diebus
3529 5539 3779 5606 septem.

2144 5639 2172 5669 «
2203 5619 2329 5676 Uno
2387 5625 2585 5677 autem
2665 5622 2760 5678 die
2817 5623 3233 5694 sabbatorum,
3296 5643 3431 5683 cum
3482 5626 3783 5684 venissent

2142 5730 2170 5759 «
2204 5708 2481 5783 discipuli
2508 5710 2584 5768 ad
2612 5711 3005 5787 frangendum
3052 5732 3294 5791 panem,
3340 5718 3559 5778 Paulus
3589 5715 3780 5775 disse-
