4112 6250
383 295 500 355 255

1467 288 1900 351 (ECUMENII
1945 287 2258 350 TRICCJE
2303 291 2657 368 EPISCOPI

3694 291 3804 349 256

383 451 413 480 ‹‹
448 429 616 485 rebat
643 427 730 485 eis
760 427 1132 500 profecturus
1149 425 1456 497 postridie,
1480 425 1887 498 protraxitque
1911 439 2030 478 ser-
2061 465 2071 488 λ

2184 422 2332 494 ξιέναι
2365 432 2432 500 τῇ
2466 427 2748 502 ἐπαύριον·
2809 425 3089 503 παρέτεινέ
3143 447 3202 480 τε
3253 426 3352 480 τὸν
3417 422 3587 497 λόγον
3650 422 3808 498 μέχρι

389 540 419 569 ‹‹
452 535 688 574 monem
716 534 904 587 usque
937 517 997 570 in
1029 517 1287 570 mediam
1315 522 1570 571 noctem.
1630 518 1811 570 Erant
1841 519 2040 568 autem

396 630 418 660 ι
454 609 711 664 lucernae
744 607 944 661 multa:
979 606 1038 660 in
1071 607 1392 666 omnaculo,
1428 606 1524 659 ubi
1562 612 1732 660 erant
1788 621 2031 676 congre-

397 722 426 749 «
457 699 593 770 gati.
629 697 853 752 Sedens
884 702 1081 750 autem
1133 696 1372 766 quidam
1422 695 1771 750 adolescens
1804 696 2042 750 nomine

403 812 428 838 ‹‹
464 788 763 858 Eutychus
795 787 853 840 in
888 786 1164 844 fenestra,
1201 802 1334 838 cum
1385 785 1802 857 degravaretur
1834 801 2044 838 somno

403 900 430 928 «
465 876 856 948 profundiori.
892 875 1220 929 disserente
1242 875 1341 928 diu
1368 875 1568 934 Paulo.
1592 875 1779 945 magis
1811 874 2047 944 depres-

409 989 436 1016 «
471 984 569 1022 sus
632 965 852 1019 decidit
908 981 977 1018 ex
1036 965 1208 1018 tertio
1269 963 1571 1018 cmnaculo
1631 963 1930 1027 deorsum,
1993 967 2050 1016 et

404 1077 433 1105 ι(
467 1054 735 1110 sublatus
765 1057 856 1107 est
887 1059 1173 1106 mortuus.
1209 1053 1350 1106 Cum
1412 1051 1820 1106 descendisset
1850 1057 2047 1106 autem

415 1165 436 1193 ι
470 1144 689 1199 Paulus
719 1142 990 1198 incubuit
1021 1159 1200 1213 super
1229 1159 1363 1197 eum
1397 1149 1455 1198 et
1485 1143 1826 1213 complexus
1859 1142 2007 1197 dixit
2036 1157 2048 1194 :

413 1256 441 1284 ι(
473 1234 663 1288 Nolite
690 1232 938 1298 turbari,
999 1233 1199 1286 anima
1248 1232 1407 1286 enim
1470 1233 1598 1302 ejus
1649 1233 1708 1287 in
1760 1233 1887 1304 ipso
1939 1238 2050 1287 est.

410 1345 440 1372 «
475 1324 736 1392 Cumque
767 1321 1134 1377 ascendisset
1163 1327 1221 1376 et
1249 1321 1520 1393 fregisset
1563 1338 1778 1393 panem
1836 1338 1903 1377 ac
1946 1321 2050 1376 de-

413 1416 782 1484 «gustasset,
816 1411 916 1465 diu
947 1411 1276 1466 collocutus
1324 1428 1513 1482 usque
1573 1411 1644 1466 ad
1704 1411 2050 1478 diluculam,

412 1524 440 1551 ‹‹
471 1504 555 1558 ita
584 1501 822 1556 demum
871 1501 1169 1572 profectus
1238 1508 1345 1557 est.
1412 1502 1801 1558 Adduxerunt
1855 1507 2054 1557 autem

409 1615 436 1642 ‹‹
472 1609 720 1664 puerum
755 1592 1068 1661 viventem,
1094 1597 1152 1645 et
1183 1591 1651 1646 consolationem
1684 1609 1803 1646 non
1836 1591 2059 1646 medio-

415 1704 442 1732 ι(
466 1698 624 1736 crem
657 1687 1033 1752 acceperunt.
1070 1683 1180 1735 Nos
1203 1687 1401 1736 autem
1427 1698 1754 1737 conscensa
1780 1683 1912 1737 navi
1945 1681 2060 1736 sol-

2156 519 2530 587 μεσονυκτίου.
2614 521 2784 574 Ἦσαν
2869 515 2925 572 δὲ
3011 512 3293 590 λαμπάδες
3385 512 3572 566 ἱκαναὶ
3631 512 3681 566 ἐν
3734 516 3809 583 τῷ

2157 603 2414 678 ὑπέρῴῳ,
2500 606 2561 660 οὗ
2619 608 2750 676 ἦσαν
2810 605 3157 681 συνηγμένοι.
3228 605 3562 675 Καθήμενος
3624 599 3680 655 ’δέ
3732 623 3808 663 τις

2154 695 2360 756 νεανίας
2419 697 2644 766 ὀνόματι
2711 696 2963 770 Ιχῦτυχος
3021 693 3105 748 ἐπὶ
3165 700 3260 762 τῆς
3339 689 3589 764 θυρίδος,
3651 711 3813 743 κατα-

2156 785 2454 861 φερόμενος
2503 785 2652 856 ὕπνῳ
2713 787 2886 859 βαθεῖ,
2952 783 3352 857 διαλεγομένου
3415 784 3516 834 τοῦ
3580 778 3816 845 Παύλου»

2157 872 2244 926 ἐπὶ
2304 872 2494 929 πλεῖον
2579 875 2921 949 κατενεχθεὶς
3005 874 3108 927 ὑπὸ
3189 876 3284 926 τοῦ
3369 871 3570 938 ὕηνου,
3641 863 3818 923 ἔπεσεν

2158 961 2264 1016 ἀπὸ
2299 967 2394 1016 τοῦ
2444 964 2730 1040 τριστέγου
2786 964 2956 1032 κάτω,
3015 961 3104 1014 καὶ
3161 960 3305 1035 ἤρθη
3367 959 3588 1035 νεκρός.
3651 964 3816 1012 Κατα-

2160 1045 2259 1113 ϐἁς
2320 1049 2377 1106 δὲ
2433 1053 2462 1106 ὅ
2520 1052 2731 1114 Παῦλος
2783 1053 3032 1107 ἐπέπεσεν
3096 1051 3262 1122 αὐτῷ·
3323 1051 3422 1103 καὶ
3481 1043 3818 1120 συμπεριλα-

2161 1136 2294 1210 ϐὼν,
2354 1144 2490 1196 εἷπε’
2553 1144 2646 1212 Μὴ
2709 1138 3063 1216 θορυϐεῖσθε.
3124 1142 3186 1198 Ἦ
3265 1140 3376 1216 γὰρ
3441 1138 3602 1212 ψυχὴ
3664 1135 3820 1190 αὐτοῦ

2161 1229 2212 1283 ἐν
2248 1231 2395 1302 αὐτῷ
2436 1229 2599 1287 έστιν.
2659 1231 2916 1291 Ἀναστὰς
2977 1228 3033 1284 δὲ
3088 1230 3176 1284 καὶ
3235 1228 3453 1288 κλάσας
3514 1227 3678 1299 ἄρτον
3738 1224 3822 1277 καὶ

2163 1319 2509 1394 γευεεὶμενος⁹
2568 1317 2648 1398 ἐφ’
2707 1320 2888 1374 ἱκανόν
2974 1340 3033 1373 τε
3108 1316 3390 1391 ὁμιλήσας
3435 1314 3577 1390 ἄχρι
3637 1313 3823 1388 αὐγῆς,

2165 1409 2336 1468 οὕτως
2376 1407 2621 1478 ἐξῆλθεν.
2683 1410 2922 1485 Ἠγαγον
2982 1405 3039 1463 δέ
3090 1409 3181 1462 τὸν
3233 1403 3410 1461 παῖδα
3483 1409 3684 1473 ζῶντα,
3740 1402 3821 1455 καὶ

2164 1495 2585 1572 παρεκλήθησαν
2641 1496 2702 1552 οὐ
2765 1498 3018 1573 μετρίως.
3095 1499 3284 1570 Ἡμεῖς
3349 1493 3412 1550 δὲ
3467 1490 3825 1568 προελθόντες

2166 1587 2254 1642 ἐπὶ
2293 1588 2356 1641 τὸ
2414 1587 2633 1656 πλοῖον,
2694 1589 2985 1666 ἀνήχημεν
3048 1587 3124 1650 εἷς
3175 1588 3274 1654 τὴν
3336 1589 3572 1648 ”Ασσον,
3634 1581 3827 1635 ἐκεῖθεν

2170 1675 2462 1748 μέλλοντες
2522 1673 2920 1751 ἀναλαμϐάνειν
2999 1677 3091 1731 τὸν
3179 1673 3427 1731 [Ιαῠλονο
3495 1671 3673 1731 οὓτως
3730 1670 3824 1743 γὰρ

413 1793 441 1820 ι(
475 1771 664 1825 vimus
686 1787 888 1825 versus
919 1772 1129 1838 Asson,
1164 1769 1302 1825 inde
1333 1772 1633 1841 excepturi
1663 1771 1912 1826 Paulum
1939 1788 1950 1825 :
1976 1772 2058 1825 ita

2184 1767 2232 1834 ἦν
2270 1764 2710 1843 διατεταγμένος,
2773 1764 2994 1840 μέλλων
3064 1765 3222 1826 αὐτὸς
3279 1762 3553 1834 πεζεύειν.
3614 1762 3704 1822 Ὧς
3771 1755 3823 1814 δὶ

415 1883 442 1910 ‹‹
479 1862 637 1916 enim
660 1859 1049 1914 constituerat
1089 1859 1236 1929 ipse,
1269 1865 1428 1914 terra
1458 1861 1570 1914 iter
1598 1860 1880 1915 facturus.
1912 1862 2056 1916 Cum

425 1968 446 1996 ε
478 1954 675 2003 autem
714 1947 1088 2002 convenisset
1136 1948 1210 2002 ad
1264 1965 1373 2003 nos
1431 1951 1639 2016 Asson,
1696 1954 1934 2020 recepto
1993 1967 2060 2004 eo

418 2037 751 2091 «venimus
805 2036 1181 2106 Mitylenem:
1256 2043 1313 2091 et
1383 2037 1519 2092 inde
1578 2038 1920 2109 navigantes
1979 2055 2065 2092 se-

420 2149 449 2176 ‹‹
483 2125 688 2196 quenti
715 2125 807 2178 die
838 2126 1104 2179 venimus
1127 2131 1332 2180 contra
1354 2125 1580 2181 Chium.
1607 2128 1897 2181 Postridie
1929 2144 2064 2182 vero

428 2237 454 2264 ‹‹
487 2213 826 2284 appulimus
907 2212 1167 2277 Samum,
1257 2219 1313 2267 et
1366 2217 1714 2269 commorati
1767 2215 2065 2288 Trogyllii,

427 2325 455 2354 «ι
479 2303 745 2373 proximo
769 2301 863 2355 die
895 2301 1161 2357 venimus
1185 2302 1463 2357 Miletum.
1496 2305 1889 2374 Proposuerat
1911 2303 2068 2358 enim

424 2424 451 2452 (‹
487 2390 704 2446 Paulus
734 2391 1223 2462 praeternavigare
1253 2392 1572 2462 Ephesum,
1597 2409 1670 2448 ne
1702 2409 2072 2448 commoran-

425 2499 451 2526 «
485 2479 625 2534 dum
660 2480 712 2533 ei
741 2484 896 2534 esset
926 2479 987 2534 in
1017 2481 1173 2535 Asia.
1208 2481 1548 2537 Festinabat
1576 2483 1734 2538 enim
1767 2489 1832 2536 ut
1858 2483 1904 2538 si
1935 2500 2071 2554 pos—

427 2591 451 2620 α
483 2569 652 2624 sibile
677 2568 787 2623 sibi
820 2574 996 2638 esset,
1028 2569 1184 2625 diem
1214 2570 1590 2626 Pentecostes
1620 2576 1820 2644 ageret
1841 2572 2073 2626 Jeroso-

435 2681 454 2709 ι
492 2659 687 2730 lymis.
724 2683 751 2708 »

501 2749 657 2804 150
677 2770 705 2797 «
725 2748 1184 2804 CaiusDerbaeus
1201 2765 1270 2803 ac
1281 2749 1639 2805 Timotheus.
1668 2771 1694 2799 »
1717 2751 2077 2805 Caeterorum

433 2836 672 2906 quidem
703 2837 924 2907 patrias
951 2837 1108 2891 unde
1139 2839 1252 2893 orti
1286 2843 1454 2893 erant
1485 2841 1783 2910 exprimit,
1817 2840 2078 2895 notiores

433 2942 533 2982 eos
565 2926 821 2981 reddens
856 2942 868 2979 :
902 2926 962 2980 in
992 2926 1298 2982 Timotheo
1327 2945 1462 2982 vero
1494 2929 1620 2983 solo
1662 2929 1906 2984 nomine
1938 2945 2078 2984 con—

433 3021 636 3070 tentus
667 3021 775 3082 est,
811 3015 969 3086 quod
1000 3016 1095 3070 hic
1127 3033 1160 3071 a
1191 3017 1313 3071 suis
1345 3017 1610 3074 moribus
1635 3025 1692 3073 et
1721 3018 1934 3074 virtute
1967 3018 2082 3072 suf-

435 3105 642 3160 ficiens
699 3104 943 3160 haberet
997 3107 1351 3178 cognitionis
1411 3107 1745 3174 indicium;
1808 3114 1866 3162 et
1922 3107 2078 3178 quod

2169 1851 2452 1911 συνέϐαλεν
2538 1858 2672 1929 ἡμῖν
2739 1857 2814 1918 εἷς
2863 1857 2961 1924 τὴν
3017 1858 3238 1923 Ἀσσον,
3293 1847 3675 1912 ἀναλαϐόντες
3732 1849 3825 1902 αύ-

2167 1946 2282 2014 τὸν,
2341 1944 2585 2018 ἤλθομεν
2651 1946 2728 2008 εἰς
2815 1944 3155 2015 Μιτυλήνην
3233 1944 3488 2006 κάκεῖθεν
3550 1935 3823 1994 ἀποπλεύ-

2172 2055 2374 2103 σαντες,
2428 2036 2497 2104 τῇ
2579 2033 2806 2109 ἐπιούσῃ
2892 2034 3306 2106 κατηντήσαμεν
3389 2027 3621 2102 ἄντῖκρυ
3680 2025 3827 2081 Χίου.

2175 2126 2260 2196 Τῇ
2315 2121 2371 2178 δὲ
2450 2122 2602 2198 ἑτέρᾳ
2657 2119 3041 2198 παρεϐάλομεν
3102 2122 3179 2185 εἵς
3262 2121 3480 2192 Σάμον
3567 2128 3659 2172 καί
3715 2115 3827 2188 μεί-

2175 2233 2359 2274 ναντες
2420 2212 2468 2266 ἐν
2539 2211 2891 2289 Τρωγυλλίῳ
2927 2256 2940 2280 ,
2996 2215 3065 2284 τῇ
3134 2209 3388 2285 ἐχομένῃ
3446 2205 3705 2278 ἤλθομεν
3757 2202 3829 2262 εἷς

2178 2300 2448 2372 Μίλητον.
2500 2303 2718 2376 Ἕκρινε
2775 2303 2876 2377 γὰρ
2935 2302 2963 2356 ὁ
3014 2297 3231 2361 Παῦλος
3289 2296 3684 2368 παραπλεῦσαι
3739 2291 3832 2377 τήν

2178 2393 2430 2462 Ἒωεσον,
2462 2374 2616 2452 ὅπως.
2660 2393 2734 2464 μή
2789 2374 3024 2464 *γένηται
3081 2389 3227 2460 αὐτῷ
3287 2379 3732 2462 χρονοτριϐῆσαι
3786 2374 3832 2432 ἔν

2180 2484 2248 2552 τῇ
2283 2482 2456 2551 ’Λσίφ
2491 2477 2777 2549 Ἐσπευδε,
2829 2480 2929 2553 γὰρ
2990 2479 3034 2534 εἷ
3096 2477 3318 2533 δυνατὸν
3381 2477 3452 2545 ἦν
3517 2471 3832 2542 αὐτῷ,’τήν

2180 2571 2389 2643 ἡμέραν
2472 2576 2573 2638 τῆς
2659 2574 3037 2638 Πεντηκοστῆς
3117 2568 3369 2643 γενέσθαι
3453 2563 3534 2625 εἷς
3611 2557 3834 2635 Ἰεροσό-

2183 2658 2416 2732 λυμα.»

2256 2772 2283 2800 (ι
2317 2747 2477 2809 Γάῖος
2510 2743 2766 2820 Δερϐαῖος
2798 2748 2888 2802 καὶ
2913 2747 3217 2823 Τιμόθεος..
3245 2768 3274 2797 ››
3303 2746 3436 2800 Τῶν
3495 2742 3592 2816 μὶν
3652 2735 3827 2793 ἄλλων

2183 2837 2402 2898 καὶτὰς
2449 2834 2710 2911 πατρίδας
2769 2836 2941 2910 λέγεὶ,
2999 2835 3114 2890 ὅθεν
3165 2835 3326 2904 ἦσαν,
3382 2825 3832 2909 γνωριμωτέρους

2186 2925 2418 2990 ἐντεῦθεν
2450 2931 2651 2982 ποιῶν.
2707 2927 2830 2982 Ἐπὶ
2865 2923 2923 2980 δὲ
2952 2925 3208 2997 Τιμοθέῳ
3237 2924 3486 2999 ἠρκέσθη
3554 2920 3706 2992 μόνῳ
3760 2917 3826 2983 τῷ

2188 3017 2438 3089 ὀνόματι,
2469 3017 2555 3070 ’ὀτι
2584 3035 2644 3070 τε
2673 3014 2829 3076 αὐτὸς
2862 3013 2921 3068 ὲκ
2947 3019 3055 3069 τῶν
3087 3014 3250 3068 αὐτοῦ
3306 3013 3536 3087 τρόπων
3601 3005 3688 3062 καὶ
3737 3009 3829 3070 τῆς

2188 3107 2387 3182 ἀρετῆς
2420 3106 2643 3179 ἐξαρκοῖ)
2673 3107 2797 3180 εἶχε
2847 3105 2910 3160 τὸ
2961 3106 3266 3180 γνώρισμα,
3297 3102 3394 3158 καὶ
3442 3101 3526 3156 ὅτι
3593 3097 3682 3152 καὶ
3712 3092 3824 3167 πρὶν

433 3195 610 3248 etiam
639 3199 813 3249 antea
842 3194 1046 3264 patriae
1069 3195 1230 3249 illius
1258 3196 1495 3251 fecisset
1522 3197 1907 3262 mentionem,
1943 3213 2071 3252 cum

2194 3171 2386 3269 μνήμη
2412 3171 2574 3249 αὐτοῦ
2603 3201 2702 3262 τῆς
2735 3171 2997 3254 πατρίδος
3055 3191 3414 3262 ἐποιήσαντο,
3469 3188 3521 3244 ἐν
3556 3189 3641 3248 οἷς
3668 3182 3825 3255 ἔλεγε·

433 3282 698 3337 diceret:
735 3285 1006 3339 Pervenit
1036 3291 1231 3340 autem
1284 3285 1514 3340 Derben
1574 3304 1640 3342 ac
1702 3288 1988 3359 Lystram,
2022 3293 2079 3342 et

436 3387 571 3426 ecce
603 3371 928 3441 discipulus
961 3378 1086 3427 erat
1115 3373 1195 3426 ibi
1226 3374 1467 3428 nomine
1521 3375 1882 3433 Timotheus.
1914 3376 2079 3442 Quod

437 3459 485 3514 si
518 3458 792 3514 Derbaeus
824 3460 1192 3530 gentilicium
1210 3479 1371 3516 nunc
1394 3469 1480 3517 est
1513 3470 1571 3518 et
1591 3481 1711 3518 non
1733 3467 2035 3536 proprium
2061 3484 2081 3530 ;

435 3553 579 3603 tunc
609 3547 788 3602 etiam
820 3549 930 3602 hoc
963 3549 1092 3604 loco
1134 3550 1403 3606 fortassis
1460 3552 1601 3609 fecit
1650 3555 1856 3625 patriai
1911 3571 2080 3609 men-

436 3638 680 3691 tionem.

508 3726 624 3794 XX,
656 3727 842 3782 17-21.
885 3749 909 3779 α
953 3730 998 3783 Α
1027 3730 1225 3785 Mileto
1282 3737 1480 3787 autem
1537 3734 1738 3788 missis
1784 3735 2082 3806 Ephesum

437 3817 685 3883 nuntiis,
745 3819 1049 3873 accersivit
1115 3820 1492 3892 presbyteros
1548 3823 1844 3878 Ecclesiae.
1907 3825 2084 3881 Cum-

439 3922 551 3975 que
579 3907 986 3976 pervenissent
1015 3908 1088 3962 ad
1119 3909 1336 3979 ipsum,
1369 3910 1516 3966 dixit
1564 3913 1649 3968 eis
1680 3929 1694 3967 :
1761 3929 1861 3969 vos
1920 3915 2084 3970 scitis

439 4011 472 4049 a
494 3995 684 4066 primo
736 3997 830 4050 die
855 3997 994 4052 dum
1025 3999 1327 4070 ingressus
1353 4018 1481 4056 sum
1533 4003 1750 4070 Asiam,
1789 4005 2084 4075 quomodo

439 4086 741 4142 vobiscum
773 4088 934 4142 omni
966 4093 1230 4161 tempore
1257 4089 1471 4147 fuerim
1525 4094 1787 4148 serviens
1837 4095 2085 4149 Domino

441 4192 575 4234 cum
636 4178 798 4231 omni
857 4177 1040 4232 animi
1090 4179 1399 4246 modestia,
1434 4182 1759 4253 multisque
1809 4183 2087 4256 lacrymis

445 4283 513 4322 ac
569 4267 1021 4329 tentationibus,
1084 4286 1213 4340 quae
1256 4270 1401 4324 mihi
1459 4271 1806 4326 acciderunt
1864 4291 1934 4328 ex
2003 4273 2089 4327 in-

446 4358 560 4412 diis
588 4358 926 4414 Judzeorum
962 4375 976 4425 ;
1015 4365 1082 4415 ut
1117 4360 1269 4414 nihil
1328 4361 1673 4431 suﬂ‘ugerim
1717 4379 1921 4417 eorum
1957 4380 2088 4434 qum

455 4447 618 4502 vobis
647 4447 818 4504 utilia
858 4454 1075 4510 essent.
1138 4451 1283 4520 quin
1342 4452 1759 4506 annuntiarem
1816 4451 1999 4518 vobis,
2034 4458 2093 4507 et

2185 3286 2502 3356 Κατήντησε
2541 3281 2597 3338 δὲ
2628 3283 2704 3344 εἷς
2733 3277 2938 3356 Δέρϐην
2987 3281 3078 3339 καὶ
3134 3280 3407 3355 Λύστραν,
3464 3279 3556 3334 καὶ
3587 3274 3701 3330 ἱδοὺ
3733 3291 3830 3345 μα-

2184 3377 2353 3445 θητής
2385 3396 2466 3437 τις
2512 3375 2576 3444 ἦν
2631 3374 2742 3428 ἐκεῖ
2774 3374 2997 3446 ὀνόματι
3045 3373 3330 3445 Τιμόθεος.
3398 3371 3467 3428 Ei.
3521 3367 3578 3424 δὲ
3631 3365 3711 3420 καὶ
3768 3359 3823 3415 τὸ

2186 3459 2441 3539 Δερϐαῖος
2471 3468 2562 3517 νῦν
2595 3461 2807 3526 ἐθνικόν
2867 3461 2976 3518 ἐστι
3035 3461 3124 3516 καὶ
3185 3461 3262 3532 μὴ
3320 3461 3542 3537 κύριον,
3598 3453 3679 3510 καὶ
3737 3451 3819 3501 νῦν

2184 3553 2330 3632 τάχα
2357 3559 2456 3622 τῆς
2486 3549 2747 3628 πατρίδος
2779 3552 3198 3627 ἐμνημόνευσεν.

2260 3756 2287 3782 κ
2322 3732 2454 3787 Ἀπὸ
2488 3727 2544 3784 δὲ
2570 3736 2672 3799 τῆς
2731 3729 2982 3800 Μιλήτου
3014 3729 3231 3804 πέμψας
3263 3728 3340 3791 εἰς
3397 3732 3648 3807 ¹Ἐφεσον,
3708 3741 3824 3794 μετ-

2189 3819 2480 3877 εκαλέσατο
2536 3819 2662 3882 τοὺς
2715 3817 3113 3896 πρεσϐυτέρους
3173 3827 3274 3889 τῆς
3333 3818 3688 3888 Ἐκκλησίας.
3746 3815 3824 3869 Ὧς

2189 3909 2246 3965 δὲ
2299 3911 2654 3986 παρεῦένοντο
2712 3911 2849 3980 πρὸς
2903 3909 3065 3965 αὐτὸν
3101 3953 3114 3979 ,
3182 3909 3324 3963 εἴπεν
3383 3909 3592 3970 αὐτοῖς.
3659 3903 3826 3973 Ὑμεῖς

2189 3997 2472 4054 ἐπίστασθε
2503 3998 2608 4053 ἀπὸ
2655 4000 2884 4072 πρώσης
2933 3994 3168 4072 ἡμέρας,
3223 4000 3312 4077 ἀφ’
3368 3999 3442 4068 ἧς
3499 3989 3691 4062 ἐπέϐην
3753 3988 3819 4048 εἷς

2187 4091 2255 4157 τὴ
2282 4089 2484 4156 Ἀσίαν,
2547 4092 2664 4152 πῶς
2697 4089 2814 4162 μεθ’
2871 4089 3023 4160 ὑμῶν
3077 4088 3169 4142 τὸν
3230 4088 3402 4142 πάντα
3463 4085 3661 4162 χρόνον
3718 4079 3823 4153 ἐγε-

2190 4179 2386 4249 νόμην,
2441 4176 2714 4233 δουλεύων
2773 4176 2853 4249 τῷ
2911 4176 3095 4250 Κυρίῳ
3159 4176 3292 4249 μετὰ
3348 4178 3530 4246 πάσης
3588 4187 3825 4229 ταπεινο-

2193 4268 2486 4342 φροσύνης,
2565 4266 2656 4321 καὶ
2737 4264 2971 4322 πολλῶν
3054 4263 3298 4342 δακρύων
3379 4268 3474 4321 καὶ
3530 4259 3825 4338 πειρασμῶν

2191 4361 2299 4411 τῶν
2329 4353 2654 4429 συμϐάντων
2720 4377 2814 4428 μοι
2872 4354 2922 4409 έν
2975 4361 3095 4418 ταῖς
3152 4350 3477 4418 ἐπιϐουλαῖς
3538 4358 3644 4409 τῶν
3699 4350 3824 4404 Ἰου-

2196 4444 2382 4514 δαίων,
2444 4446 2522 4507 ὼς
2580 4442 2735 4500 οὐδὲν
2787 4442 3190 4517 ὑπεστειλάμην
3248 4449 3353 4499 τῶν
3429 4441 3821 4520 συμφερόντων,

445 4536 720 4591 docerem
750 4554 848 4591 vos
871 4536 1107 4608 publice
1137 4554 1206 4592 ac
1236 4553 1342 4609 per
1403 4538 1664 4612 singulas
1723 4540 1950 4610 domos,
2008 4547 2071 4595 te

2194 4539 2290 4588 τοῦ
2327 4536 2402 4607 μὴ
2460 4531 2779 4610 ἀναγγεῖλαι
2835 4535 2987 4607 ὑμῖν,
3044 4533 3133 4588 καὶ
3192 4530 3398 4603 διδάξαι
3463 4536 3601 4606 ὑμᾶς
3658 4525 3823 4597 δημο-

447 4625 713 4680 stiﬁcans
742 4625 958 4681 Iudaeis
989 4627 1169 4681 simul
1227 4633 1284 4681 et
1313 4628 1528 4683 Gracis
1585 4644 1715 4683 eam
1764 4646 1895 4702 quoa
1952 4645 2088 4702 erga

444 4713 631 4766 Deum
663 4717 750 4766 est
780 4715 1189 4783 poenitentiam
1221 4732 1286 4771 ac
1347 4715 1522 4772 ﬁdem
1581 4733 1720 4789 erga
1770 4717 2087 4772 Dominum

439 4805 712 4856 nostrum
743 4803 959 4857 Iesum.
992 4820 1018 4849 ι)

515 4889 804 4955 Quoniam
837 4891 1007 4947 multi
1038 4893 1319 4966 loquendi
1351 4895 1592 4951 modum
1625 4897 1920 4966 ignorant.
1969 4913 2088 4953 ma-

444 4983 601 5037 xime
632 4981 764 5035 n0vi
812 4985 1173 5049 testamenti,
1217 5003 1332 5056 quo
1391 4988 1653 5059 episcopi
1702 4988 2090 5043 nominantur

443 5071 796 5144 presbyteri.
824 5087 890 5125 ac
922 5071 1251 5143 presbyteri
1286 5075 1544 5146 episcopi
1581 5093 1593 5129 :
1627 5077 1739 5131 hoc
1793 5083 1916 5131 tum
1950 5076 2089 5132 hinc

444 5161 831 5218 animadverti
854 5166 1069 5232 potest,
1095 5169 1218 5217 tum
1241 5180 1308 5217 ex
1332 5164 1592 5234 Epistola
1606 5165 1677 5220 ad
1704 5166 1918 5229 Titum,
1944 5171 2002 5220 et
2021 5183 2091 5221 ex

447 5267 512 5307 ea
544 5269 674 5323 quaa
708 5258 796 5307 est
826 5253 900 5306 ad
933 5250 1367 5322 Philippenses,
1415 5255 1730 5324 prioreque
1781 5256 1855 5309 ad
1904 5255 2092 5310 Timo-

445 5341 668 5396 theum.
701 5345 783 5397 Ex
813 5343 924 5398 hoc
952 5343 1150 5415 itaque
1198 5344 1472 5400 Actorum
1533 5345 1662 5400 loco
1703 5344 1774 5400 de
1803 5361 1871 5400 ea
1900 5362 1960 5399 re
1992 5361 2090 5416 po-

446 5435 564 5484 test
591 5431 796 5486 haheri
831 5440 991 5488 certa
1017 5434 1321 5504 persuasio
1347 5451 1360 5500 ;
1383 5433 1464 5488 ita
1485 5434 1644 5489 enim
1669 5434 1951 5504 scriptum
1980 5439 2086 5486 est:

447 5521 494 5576 Α
525 5518 718 5574 Mileto
750 5527 946 5576 autem
965 5523 1163 5578 missis
1187 5523 1479 5595 Ephssum
1511 5523 1758 5589 nuntiis,
1787 5521 2091 5577 accersivit

447 5609 826 5684 presbyteros
883 5612 1208 5684 Eccleeiae,
1269 5621 1328 5671 et
1381 5631 1502 5670 non
1561 5613 1709 5669 dixit
1761 5611 2086 5684 episcopos.

2200 4624 2287 4695 σίᾳ
2316 4625 2406 4680 καὶ
2453 4626 2570 4679 κατ’
2613 4621 2821 4698 οἷ’κους,
2884 4621 3389 4698 διαμαρτυρόμενος
3453 4619 3728 4679 Ἰουδαίοις
3768 4630 3820 4666 τε

2195 4714 2285 4770 καὶ
2315 4712 2552 4784 Ἕλλησι
2580 4713 2677 4782 τήν
2709 4713 2784 4774 εἷς
2809 4712 2902 4768 τὸν
2961 4712 3089 4768 Θεὸν
3152 4711 3456 4784 μετάνοιαν,
3509 4708 3596 4766 καὶ
3653 4705 3818 4760 πίστιν

2196 4805 2295 4872 τὴν
2325 4804 2402 4866 εἷς
2432 4805 2524 4859 τὸν
2558 4803 2759 4878 Κύριον
2793 4805 2953 4876 ἡμῶν
2989 4805 3220 4873 Ἰησοῦν.
3255 4823 3286 4856 ι)

2268 4891 2493 4962 Ἐπειδὴ
2529 4877 2775 4948 λανθάνει
2823 4891 2950 4956 τοὺς
3004 4888 3252 4953 πολλοὺς
3304 4892 3339 4960 ἡ
3372 4892 3643 4960 συνήθεια,
3679 4877 3820 4956 μάλι-

2199 5008 2296 5041 στα
2323 4991 2422 5054 τῆς
2455 4988 2658 5052 Καινῆς
2690 4983 2983 5052 Διαθήκης,
3033 4980 3159 5044 τοὺς
3220 4979 3549 5041 ἐπισκόπους
3603 4963 3817 5048 πρεσϐυ-

2197 5077 2389 5148 τέρους
2418 5074 2781 5145 ὀνομάζουσα,
2813 5072 2902 5127 καὶ
2935 5069 3022 5125 καὶ
3052 5071 3178 5133 τοὺς
3205 5066 3600 5144 πρεσϐυτέρους
3627 5054 3820 5162 ἐπισκό·

2199 5187 2357 5233 πους,
2395 5164 2733 5236 σημειωτέον
2787 5165 2948 5216 τοῦτο
3003 5160 3260 5231 ἐντεῦθενς
3294 5162 3384 5216 καὶ
3443 5160 3501 5216 ἐκ
3554 5162 3648 5223 τῆς
3700 5160 3820 5248 προς

2200 5255 2365 5312 Τίτον
2396 5251 2746 5320 Ἐπιστολῆς,
2780 5246 2856 5305 ἔτι
2891 5248 2947 5306 δὲ
2977 5250 3066 5305 καὶ
3099 5251 3231 5325 πρὸς
3286 5244 3707 5317 Φιλιππησίους,
3737 5244 3816 5325 κοί

2201 5346 2261 5400 ἐκ
2287 5347 2384 5408 τῆς
2418 5342 2552 5417 πρὸς
2587 5340 2857 5415 Τιμόθεον
2900 5340 3145 5415 πρώτης.
3205 5339 3347 5394 Ἀπὸ
3404 5341 3495 5411 μὲν
3542 5335 3626 5390 οὗν
3677 5323 3814 5417 Ηρά-

2200 5436 2329 5506 ξεων
2388 5416 2621 5484 ἐντεῦθεν
2681 5425 2790 5482 ἔστι
2842 5428 3123 5497 πεισθῆναι
3184 5427 3306 5501 περὶ
3362 5426 3572 5483 τούτου.
3633 5416 3809 5510 Γέγρξ-

2201 5541 2329 5578 πται
2360 5517 2459 5594 γὰρ
2493 5517 2688 5578 οὕτως·
2748 5517 2886 5570 Ἀπὸ
2945 5513 3001 5570 δὲ
3056 5522 3154 5583 τῆς
3189 5514 3441 5584 Μιλήτου
3495 5509 3815 5608 πέμψαςηεις

2199 5588 2446 5689 Ἐφεσονξ
2495 5603 2889 5683 μετεκαλέσατο
2942 5604 3070 5668 τοὺς
3124 5599 3522 5680 πρεσϐυτέρους
3570 5598 3662 5660 τῆς
3712 5588 3814 5644 Ἑν
