4112 6250
356 358 470 419 25⁵1
1364 361 1774 427 CUMMENT.
1820 360 1897 421 IN
1946 363 1980 417 Α

2200 352 2665 421 APOSTOLOR
2676 362 2787 423 UM
2798 407 2811 421 .
3697 377 3815 437 258

366 490 637 561 πλησίας,
678 491 779 545 καὶ
812 493 928 547 οὐκ
962 492 1157 568 εἴρηκε
1212 494 1336 558 τοὺς
1378 495 1725 559 ἐπισκόπους.
1774 493 1908 551 Εἶτα
1937 490 1990 545 ἔτι

2191 491 2393 547 )einde
2427 495 2771 569 subjungit:
2814 520 2841 549 ‹‹
2889 500 2954 554 In
2988 517 3102 571 quo
3152 517 3251 556 vos
3302 504 3553 574 Spiritus
3576 516 3815 565 sanctus

380 580 554 659 φὲρει·
597 607 625 633 ι(
649 583 747 637 Ἐν
782 580 830 653 ᾧ
865 582 1016 655 ὑμᾶς
1047 585 1112 639 τὸ
1147 586 1359 657 [Ινεύμα
1389 587 1451 640 τὸ
1482 586 1633 660 ἅγιον
1667 582 1820 650 ἔθετο
1842 582 2004 637 ἐπισκη

2190 582 2371 635 )osuit
2401 584 2708 657 episcopos
2741 588 2811 643 ad
2843 590 3169 660 regendum
3202 592 3524 649 Ecclesium
3552 598 3710 651 Dei.»
3736 601 3814 655 Ex

322 670 329 679 “
380 693 543 741 πους,
576 673 905 744 ποιμαίνειν
965 674 1070 741 τὴν
1104 673 1452 744 Ἐκκλησίαν.
1490 700 1517 725 ››
1550 676 1687 732 Ἀπὸ
1720 673 1775 729 δὲ
1796 680 1898 741 τῆς
1927 694 1946 724 ’τ

2190 670 2435 740 ΞρὶεῐοΙει
2459 690 2593 728 vero
2626 676 2698 729 ad
2720 678 2910 732 Titum
2949 696 2960 732 :
2989 703 3014 729 ‹‹
3045 681 3111 733 Et
3148 682 3474 738 constitues
3531 702 3636 755 per
3687 689 3814 743 sin~

388 762 552 819 Τίτον
585 760 953 829 Ἐπιστολῆς,
1002 786 1029 814 «ι
1090 765 1455 833 Καταστήσεις
1514 766 1647 820 κατὰ
1705 762 1870 819 πόλιν
1927 780 2012 835 πρε

2188 759 2339 829 gulas
2370 762 2633 818 civitates
2664 768 3039 839 presbyteros
3089 772 3243 826 sicut
3287 790 3390 845 ego
3440 774 3547 828 tibi
3581 776 3812 834 ordina-

396 848 828 926 σῦυτὲρους,ὡς
862 849 976 925 ἐγώ
1010 872 1095 905 σοι
1159 850 1496 926 διεταξέμην,
1562 878 1589 905 ››
1646 854 1779 909 Ἀπὸ
1838 850 1894 905 δὲ
1959 856 2020 917 τῆ

2191 864 2297 903 ἐιηι
2328 848 2390 903 ίθ.
2424 872 2451 900 ››
2488 854 2564 905 Ex
2599 854 2860 924 Epistola
2882 858 2955 911 ad
2988 859 3438 931 Philippenses:
3474 886 3501 911 ‹‹
3536 866 3642 929 Qui
3676 872 3815 921 sunt

396 942 534 1013 πρὸς
570 939 1009 1008 Φιλιππησίους’
1048 966 1075 992 (ί
1134 947 1261 1004 Τοῖς
1294 943 1440 997 οὖσιν
1497 942 1549 997 ἐν
1601 942 1907 1004 Φιλίπποις
1966 938 2020 992 σὺ

2188 938 2460 1010 .3hilippis
2484 958 2604 996 una
2635 960 2770 999 cum
2803 946 3096 1018 episcopis
3127 966 3194 1003 ac
3228 950 3491 1006 diaconis
3523 953 3586 1007 ²⁰.
3618 976 3646 1003 ››
3678 957 3812 1026 Opi-

394 1030 717 1090 ἒπισκόποις
748 1030 842 1083 καὶ
878 1027 1174 1092 διακόνοις.
1212 1056 1239 1083 ››
1272 1034 1449 1105 Οἶμαι
1480 1031 1538 1087 δὲ
1569 1034 1651 1087 ὅτι
1690 1033 1780 1087 καὶ
1842 1030 1902 1085 ἐκ
1961 1035 2018 1082 τῖ

2192 1044 2282 1081 ιοι·
2311 1033 2509 1083 autem
2541 1032 2695 1101 quod
2729 1051 2799 1088 ex
2829 1036 3024 1105 priore
3056 1055 3290 1110 quoque
3339 1042 3411 1096 ad
3444 1043 3816 1100 Timotheum

402 1125 666 1196 προτέρας
701 1122 839 1194 πρὸς
872 1123 1147 1193 Τιμόθεον
1178 1122 1646 1201 ἀναλογισάμενον
1704 1128 1864 1178 τοῦτο
1904 1119 2026 1176 ἔκλα

2191 1134 2204 1170 ι
2233 1119 2575 1188 conjectura
2606 1120 2863 1193 idipsum
2897 1125 3147 1199 intelligi
3180 1135 3390 1199 potest.
3422 1153 3450 1179 ‹‹
3475 1132 3532 1185 Si
3565 1134 3815 1203 quisin-

412 1205 525 1265 δεῖν
550 1206 676 1265 ἔστι.
714 1234 737 1263 α
776 1209 847 1265 Εἴ
871 1232 957 1272 τις
1016 1211 1141 1286 γὰρ,
1192 1212 1377 1291 φησὶν,
1439 1213 1739 1278 ἐπισκοπῆς
1792 1212 2035 1288 ὀρὲγεται

2186 1207 2317 1277 luit,
2347 1209 2749 1281 episcopatum
2781 1217 3025 1286 appetit,
3054 1218 3369 1275 honestum
3400 1238 3547 1292 opus
3579 1222 3810 1279 deside-

412 1299 585 1354 καλοῦ
614 1298 769 1375 ἔργου
800 1298 1075 1373 ἐπιθυμεῖ,
1111 1305 1202 1355 Δεῖ
1252 1302 1343 1355 οὗν
1398 1302 1490 1356 τὸν
1534 1301 1830 1357 ἐπίσκοπον
1885 1299 2036 1355 ἀνεπί

2188 1301 2276 1350 'at.
2312 1298 2554 1368 Oportet
2591 1301 2769 1372 igitur
2825 1305 3167 1377 episcopum
3226 1310 3812 1380 irreprehensibilem

404 1390 618 1457 ληπτον
660 1390 817 1446 εἶναι.
854 1413 880 1440 n
916 1390 1019 1444 Καὶ
1055 1390 1170 1462 μετ’
1202 1387 1386 1463 ὀλίγα·
1425 1416 1451 1442 ‹‹
1500 1392 1653 1465 Χήρα
1681 1389 2028 1463 καταλεγέσθι

2188 1404 2297 1441 asse
2320 1386 2383 1441 ε’.
2424 1410 2450 1437 ››
2483 1392 2627 1446 ’151
2660 1393 2727 1446 Ει
2757 1399 2889 1462 post
2916 1412 3133 1465 pauca:
3159 1420 3185 1445 ‹‹
3214 1398 3398 1454 Vidua
3427 1401 3812 1473 eligaturnon

398 1481 478 1551 μή
514 1478 758 1533 ἐλάττων
794 1477 930 1533 ἐτῶν
960 1479 1235 1550 ἑξήκοντα.
1267 1503 1294 1529 ››
1338 1480 1515 1534 Κανὼν
1573 1480 1674 1553 γάρ
1733 1479 1871 1532 ἐστιν
1934 1478 2022 1533 Ἐκ

2182 1476 2363 1530 ninor
2392 1480 2695 1550 sexaginta
2720 1483 2913 1538 annis.
2942 1486 3262 1542 nEstenim
3294 1489 3568 1545 Ecclesia:
3582 1493 3806 1563 regula,

392 1566 657 1635 κλησίας,
720 1565 1034 1645 διαγράφων
1087 1568 1278 1622 ὁποῖον
1342 1569 1483 1622 εἶναι
1543 1566 1624 1621 δεῖ
1663 1569 1753 1622 τὸν
1781 1571 2016 1622 τοιοῦτοι

2189 1563 2513 1621 lescribens
2544 1570 2780 1639 qualem
2799 1588 2927 1627 esse
2945 1581 3215 1645 oporteat
3229 1580 3493 1648 eum,qui
3510 1581 3813 1651 hujusmo-

390 1682 420 1707 (ι
480 1656 638 1713 Μετὰ
694 1657 870 1725 πάσης
943 1658 1441 1731 ταπεινοφροσύνης
1527 1657 1617 1711 καὶ
1676 1656 1902 1711 πολλῶν
1960 1654 2014 1711 δα

2185 1652 2345 1708 liest.
2363 1678 2389 1703 ‹‹
2406 1656 2550 1710 Cum
2566 1660 2728 1713 omni
2761 1662 3251 1721 animimodestia
3279 1667 3809 1742 multisquelacry-

388 1745 605 1818 κρύων.
642 1770 672 1796 ››
707 1747 967 1809 Ἐνταῦθα
1000 1752 1324 1823 χαρακτῆρα
1383 1743 1733 1807 διδασκαλίας
1793 1742 2006 1799 δείκνυσ

2186 1743 2332 1797 nis.»
2358 1749 2471 1799 Hoc
2494 1746 2621 1801 loco
2645 1750 2878 1821 signum
2899 1751 3180 1808 doctrina)
3203 1756 3810 1830 demonstrat,nempe

333 1842 343 1856 '
386 1836 452 1888 τὸ
482 1834 752 1908 ἄφθονον,
801 1834 863 1888 τὸ
917 1834 1130 1901 ἃοκνον,
1192 1837 1281 1889 γαὶ
1331 1835 1394 1888 τὸ
1449 1834 1746 1907 συμπαθές.
1807 1836 1957 1889 “Emit

2189 1832 2385 1888 nvidia
2406 1834 2680 1907 fastuque
2703 1855 2903 1895 carere
2946 1858 3011 1897 ac
3025 1844 3812 1903 condolescere.Patiebatur

391 1927 499 1998 γὰρ
538 1924 673 1997 ὑπὲρ
700 1927 805 1977 τῶν
836 1921 1254 1994 ἀπολλυμένων,
1313 1924 1442 1996 ὑπὲρ
1499 1928 1607 1977 τῶν
1665 1921 2015 1977 ἀπολλύντωι

2181 1937 2446 1991 iamque,
2480 1930 2537 1977 et
2579 1942 2685 1995 pro
2718 1929 3073 1998 peruntibus
3105 1939 3162 1986 et
3203 1950 3308 2004 pro
3340 1935 3432 1990 his
3466 1938 3565 2007 qui
3598 1938 3805 2008 perde-

328 1999 333 2003 ’
393 2013 498 2068 Καὶ
532 2014 598 2066 τὸ
626 2012 901 2079 ταπεινὸν,
933 2012 1021 2065 καὶ
1056 2012 1165 2090 οὐχ
1224 2009 1437 2077 ἁπλῶς,
1498 2010 1643 2066 ἀλλά
1689 2011 1822 2083 μετὰ
1851 2012 1952 2066 πάσ

2184 2012 2400 2066 ›αιιι.Ει
2429 2013 2568 2068 item
2600 2016 2907 2074 humilitas
2931 2036 3040 2075 nec
3059 1999 3515 2096 qualiscunque,
3541 1999 3644 2082 se-d
3674 2044 3808 2082 cum

392 2102 551 2171 cna-3.,
580 2101 1108 2174 ταπεινοφροσύνης·
1164 2099 1349 2155 πολλᾶ
1403 2101 1509 2175 γὰρ
1542 2097 1659 2170 εἴδη
1718 2102 1814 2167 τῆς
1874 2120 2009 2154 ταπε

2184 2100 2565 2172 >mni,inquit,
2582 2106 2767 2160 animi
2791 2109 3083 2165 modestia
3113 2113 3231 2167 sive
3265 2113 3628 2172 humilitate:
3652 2117 3808 2171 mul-

396 2190 823 2270 ‘v9?§30'5v1;:,év
857 2189 1011 2263 λόγῳ
1058 2188 1116 2244 ἐν
1170 2187 1333 2264 ἔργῳ,
1395 2189 1531 2265 πρὸς
1589 2188 1883 2264 ἄρχοντας,
1916 2190 2020 2263 πρὸ

2188 2205 2234 2240 ω
2270 2190 2427 2244 enim
2463 2200 2601 2247 sunt
2648 2195 3003 2253 humilitatis
3063 2203 3310 2270 species,
3343 2220 3557 2275 nempe
3592 2206 3651 2259 in
3684 2223 3809 2260 ser-

405 2256 750 2355 épiopévouc
809 2305 836 2332 (ι
872 2256 973 2336 Καὶ
1003 2282 1066 2333 τὸ
1104 2281 1170 2333 τὰ
1231 2278 1573 2356 συμφέροντα
1633 2276 1827 2351 λέγειν.
1893 2302 1921 2329 »
1952 2280 2029 2335 Ἧι

3094 2256 3109 2270 _
3300 2256 3551 2275 ,
3592 2256 3651 2259 ,η
3684 2256 3769 2260 _-_

2187 2291 2358 2343 none,
2387 2279 2448 2333 in
2480 2284 2759 2350 opere,ad
2783 2286 3186 2357 principesad
3219 2307 3319 2345 eos
3351 2294 3811 2365 quigubernan-

406 2372 503 2446 γὰρ
532 2369 565 2423 ἃ
598 2368 704 2424 οὐκ
732 2366 841 2423 ἔδει
876 2371 1085 2439 μαθεῖν.
1117 2369 1318 2443 Ὥσπερ
1377 2369 1479 2444 γὰρ
1543 2369 1605 2421 τό
1659 2387 1776 2422 τινα
1822 2367 2030 2441 κρύπτε

2188 2382 2275 2418 ur.
2310 2388 2337 2413 «
2372 2367 2586 2422 Eorum
2619 2386 2748 2439 quae
2780 2373 2944 2427 vobis
2975 2376 3147 2431 utilia
3174 2386 3430 2434 essent.»
3463 2384 3605 2436 Nam
3643 2390 3812 2438 erant

396 2471 510 2522 σθαι
537 2459 773 2536 φθόνου,
811 2459 956 2511 οὕτω
985 2459 1047 2511 τὸ
1077 2458 1139 2513 τὸ
1183 2463 1285 2511 πᾶν
1338 2457 1515 2531 λεγειν
1576 2458 1786 2526 αὐτοῖς,
1847 2455 2020 2518 ἀνοίας

2187 2470 2292 2523 [um
2323 2472 2442 2509 non
2477 2458 2825 2528 expediebat
2853 2461 3102 2519 discere.
3148 2466 3307 2521 Sicut
3336 2471 3811 2539 qumdamoccul-

393 2548 499 2603 Καὶ
542 2546 635 2601 διὰ
666 2550 766 2600 τοῦ
798 2542 1126 2619 προσέθηκε·
1163 2548 1285 2601 Τῶν
1318 2545 1727 2621 συμφερόντων,
1764 2544 1863 2598 οὐκ
1884 2543 2017 2599 εἴπεῑ

2185 2558 2284 2597 are
2307 2544 2480 2599 datur
2509 2546 2765 2613 invidias,
2789 2550 2871 2605 ita
2899 2569 3135 2607 rursum
3163 2571 3287 2609 rem
3310 2573 3547 2613 omnem
3566 2561 3651 2613 eis
3669 2577 3806 2631 ape.

394 2638 582 2709 μόνον,
617 2634 770 2690 ἀλλὰ
802 2636 891 2689 καὶ
925 2631 1156 2704 διδάξαι.

2180 2632 2687 2705 'ire,insipientiaa.
2707 2639 2775 2692 Et
2805 2647 3119 2712 propterea
3149 2644 3379 2700 addidit
3407 2649 3655 2703 :Eorum
3675 2667 3804 2720 quea

2158 2721 2324 2776 vobis
2355 2724 2527 2779 utilia
2549 2733 2770 2795 essent,
2796 2746 2865 2784 ea
2895 2730 3138 2801 inquam
3171 2750 3291 2789 non
3325 2735 3520 2792 dicere
3554 2743 3805 2811 tantum,

2157 2826 2357 2865 verum
2391 2812 2569 2868 etiam
2611 2815 2842 2871 docere.

456 2929 483 2954 ιι
526 2902 638 2957 Καὶ
671 2906 763 2955 νῦν
795 2900 915 2956 ἰδοὺ
946 2903 1051 2977 ἐγὼ
1083 2899 1362 2974 δεδεμένος
1393 2909 1471 2975 τῷ
1501 2903 1765 2976 πνεύματι
1816 2904 2049 2979 πορεύο-

2229 2900 2344 2963 XX,
2373 2904 2561 2957 22-2/1.
2597 2926 2622 2952 ‹‹
2658 2906 2727 2959 Ει
2755 2923 2914 2962 nunc
2948 2925 3080 2965 ecce
3106 2928 3208 2980 ego
3249 2914 3523 2986 alligatus
3581 2919 3801 2989 Spiritu

306 2984 313 2989 ’
392 3014 491 3065 μαι
558 2991 638 3054 εἷς
698 2989 1087 3065 Ἰερουσαλὴμ.
1147 2993 1212 3045 τὰ
1295 2991 1346 3046 ἐν
1429 2992 1567 3063 αὐτῇ
1651 2995 1930 3062 συναντήσι

2177 2990 2503 3044 )roﬁciscor
2531 2992 2877 3054 Jerusalem.
2912 3014 3041 3066 quae
3072 3000 3131 3053 in
3165 3018 3233 3055 ea
3271 3004 3419 3057 mihi
3480 3005 3801 3062 obventura

399 3103 497 3151 μοι.
538 3083 614 3154 μὴ
648 3078 831 3149 εἰδὼς,
864 3079 1010 3149 πλὴν
1069 3079 1154 3135 ὅτι
1209 3082 1271 3135 τὸ
1332 3086 1549 3153 Πνεῦμα
1604 3083 1665 3136 τὸ
1706 3077 1861 3157 ἅγιον
1916 3102 2023 3136 κατι

2179 3085 2300 3131 sunt
2349 3080 2648 3150 ignorans,
2702 3085 2815 3138 nisi
2861 3088 3018 3156 quod
3076 3090 3326 3159 Spiritus
3386 3100 3625 3149 sanctus
3697 3113 3803 3167 per

405 3171 570 3225 πόλιν
602 3170 1025 3245 διαμαρτύρεται
1067 3170 1246 3245 λέγον,
1302 3172 1385 3226 ’ὁτι
1442 3169 1615 3244 δεσμά
1667 3194 1730 3244 με
1785 3173 1873 3226 καὶ
1931 3171 2029 3227 θλίι

2179 3166 2492 3238 singulares
2524 3171 2785 3226 civitates
2836 3176 3207 3245 testiﬁcatur,
3241 3180 3443 3236 dicens
3488 3184 3645 3253 quod
3676 3166 3803 3239 vin-

416 3221 565 3225 ““”’“”
609 3221 1024 3245 "“F"'."‘i'""'
1068 3221 1246 3245 "VI",
1310 3221 1384 3226 ’⁷⁷
1449 3221 1614 3244 "'t""
1667 3221 1728 3244 VV'
1787 3221 1873 3226 "W-
1938 3221 1952 3225 ⁷

338 3262 341 3263 ⁷
421 3262 544 3328 *ἔδεις
576 3260 829 3329 μὲνουσιν.
895 3258 1055 3315 Ἀλλ’
1104 3257 1317 3321 οὐδενὸς
1351 3258 1517 3339 λόγον
1564 3265 1849 3333 ποιοῦμαι.
1911 3262 1962 3317 0'

2261 3221 2292 3238 υ
2370 3221 2391 3222 ,,
2441 3221 2486 3223 η
2533 3221 2574 3223 --
2615 3221 2784 3226 ηπ---
2840 3221 3207 3245 -----..-......,
3241 3221 3443 3236 me...”
3488 3221 3645 3253 ιμιυυ
3685 3221 3799 3239 ,ηι-

2175 3256 2295 3311 :ula
2325 3264 2383 3311 et
2413 3259 2766 3316 afﬁictiones
2797 3280 2892 3318 me
2924 3273 3221 3321 maneant.
3261 3270 3471 3325 Verum
3526 3273 3676 3327 nihil
3707 3291 3799 3329 me

426 3342 545 3421 ἔχω
576 3346 671 3414 τήν
698 3352 866 3426 ψυχήν
928 3368 1034 3420 μου
1091 3348 1277 3420 τιμίαν
1335 3346 1577 3421 ἒμαυτῷ,
1634 3351 1708 3410 ὡς
1764 3347 2049 3404 τελειῶσαι

2178 3352 2373 3401 novet.
2409 3349 2607 3419 Neque
2653 3352 2829 3406 vitam
2888 3371 3082 3409 meam
3143 3357 3329 3414 habeo
3376 3361 3520 3415 mihi
3570 3363 3631 3416 in
3680 3364 3802 3418 ullo

461 3437 472 3448 ι
553 3433 573 3450 ἢ
628 3436 639 3451 υ
1045 3439 1056 3453 \
1233 3443 1259 3453 ο
1422 3438 1435 3455 \
1538 3438 1551 3453 \
1655 3434 1678 3454 ’κ
1847 3437 1858 3456 Ι
1992 3438 2005 3459 f

420 3456 508 3489 τον
545 3453 736 3508 ορομον
770 3460 876 3509 μου
931 3458 1067 3510 μετα
1118 3457 1291 3511 χαρας
1349 3458 1437 3492 και
1492 3458 1592 3504 την
1651 3449 1945 3507 διακονιαν,
1986 3435 2044 3506 ήν

2182 3437 2349 3490 iretio
2384 3453 2396 3490 :
2430 3444 2496 3492 ut
2524 3456 2913 3497 consummen
2941 3462 3180 3501 cursum
3229 3465 3428 3504 meum
3486 3468 3619 3506 cum
3671 3470 3806 3524 gau-

410 3519 611 3578 ἕλαϐον
670 3527 812 3599 παρὰ
868 3530 966 3580 τοῦ
1050 3525 1254 3600 Κυρίου
1312 3528 1512 3595 Ἰησοῦ,
1589 3523 2026 3601 διαμαρτύρασθα

2176 3525 2279 3591 lio,
2306 3528 2787 3585 etministerium
2820 3534 2975 3603 quod
3023 3537 3224 3607 accepi
3254 3554 3289 3593 a
3338 3540 3586 3595 Domino
3642 3543 3800 3610 Jesu,

406 3613 463 3665 τὸ
490 3612 835 3689 Εὖαγγέλιον
864 3621 964 3684 τῆς
997 3615 1227 3692 χάριτος
1282 3618 1379 3669 τοῦ
1433 3618 1586 3668 Θεοῦ.
1638 3615 1742 3669 Καὶ
1798 3618 1888 3667 νῦν
1931 3611 2030 3668 ἷδοί

2177 3615 2234 3669 id
2267 3618 2703 3674 testiﬁcandum
2732 3621 3104 3695 Evangelium
3136 3628 3338 3697 gratia:
3370 3630 3493 3686 Dei.
3526 3632 3595 3685 Et
3643 3648 3801 3686 nunc

403 3701 505 3777 ἐγὼ
554 3699 704 3770 οῖδα,
766 3703 852 3757 ὅτι
912 3702 1012 3757 οὐκ
1080 3702 1155 3757 ἔτι
1215 3699 1407 3777 ὄψεσθε
1473 3704 1534 3757 τὸ
1590 3702 1884 3777 πρόσωπόν
1946 3723 2027 3775 μοι

2175 3721 2295 3760 ecce
2329 3723 2432 3777 ego
2465 3708 2585 3762 scio
2620 3709 2777 3778 quod
2820 3713 3068 3781 posthac
3122 3731 3242 3769 non
3288 3717 3559 3772 videbitis
3588 3720 3799 3775 faciem

401 3790 554 3861 ὑμεῖς
586 3792 790 3852 πάντες
848 3791 900 3846 ἐν
952 3793 1038 3854 οἷς
1096 3789 1347 3861 διῆλθον,
1404 3790 1692 3864 κηρύσσων
1740 3793 1837 3860 τήν
1892 3793 2016 3866 βασι

2178 3813 2353 3851 neam
2384 3814 2483 3851 vos
2540 3815 2747 3853 omnes
2801 3818 2907 3871 per
2963 3820 3110 3872 quos
3170 3806 3411 3860 transivi
3470 3808 3802 3877 prmdicans

395 3880 546 3935 λείαν
581 3886 685 3935 τοῦ
711 3886 870 3936 Θεοῦ.
910 3881 1357 3956 Διαμαρτύρομαι
1418 3882 1544 3954 ὑμῖν
1606 3879 1656 3935 ἒν
1709 3884 1775 3954 τῇ
1810 3883 2017 3955 σήμερο

2174 3900 2407 3955 regnum
2435 3886 2557 3939 Dei.
2601 3888 2970 3959 Quapropter
3025 3898 3326 3948 contestor
3382 3912 3481 3950 vos
3513 3896 3798 3953 hodierno

395 3973 608 4045 ἡμέρα,
644 3972 729 4024 ὅτι
757 3972 989 4044 καθαρὸς
1021 3969 1126 4046 ἐγὼ
1158 3971 1263 4025 ἀπὸ
1291 3975 1388 4025 τοῦ
1417 3968 1653 4043 αθίματος
1702 3970 1937 4027 πάντων.
1972 3972 2014 4028 Ο

2173 3973 2275 4041 lie,
2311 3972 2469 4042 quod
2492 3975 2751 4031 mundus
2784 3994 2887 4049 ego
2923 3979 3033 4034 sim
3093 3998 3128 4036 a
3181 3984 3467 4055 sanguine
3511 3987 3797 4044 omnium.

391 4060 496 4135 γαρ
534 4058 943 4133 ὑπεστειλάμην
982 4061 1110 4133 ὑμῖν
1138 4065 1235 4115 τοῦ
1271 4060 1347 4134 μὴ
1410 4057 1720 4133 ἀναγγεῖλαι
1750 4064 1921 4114 πᾶσαν
1949 4060 2015 4128 τὴ

2178 4063 2285 4116 Ἷοιι
2317 4062 2476 4116 enim
2510 4062 2831 4134 subterfugi
2861 4084 2977 4136 quo
3009 4069 3207 4126 minus
3238 4075 3659 4130 annuntiarem
3704 4094 3802 4130 vo-

392 4148 615 4224 βουλῆν
647 4153 743 4202 τοῦ
776 4153 927 4207 Θεοῦ,
958 4174 984 4199 ››

2160 4151 2251 4206 bis
2282 4168 2460 4206 omne
2482 4153 2797 4208 consilium
2828 4156 2949 4210 Dei.
2987 4179 3014 4207 ››

468 4236 744 4300 Ἐνταῦθα
774 4236 848 4298 εἷς
908 4239 993 4303 τὸ,
1055 4235 1371 4311 Δεδεμένος,
1423 4235 1504 4292 δεῖ
1544 4238 1845 4308 ὑποστίξαι,
1874 4236 1968 4292 ’ίνα
2017 4237 2053 4313 ᾖ

2233 4240 2657 4296 Subdistinctio
2688 4244 2799 4298 hoc
2838 4246 2966 4301 loco
3001 4250 3274 4318 ponenda
3303 4259 3390 4307 est
3422 4259 3553 4323 post
3583 4254 3800 4310 dictio-

394 4325 617 4381 διάνοια
675 4325 924 4395 τοιαύτη·
986 4326 1299 4400 Ηορεύομαι
1349 4326 1425 4389 εἰς
1483 4324 1870 4400 Ἰερουσαλήμ,
1923 4347 2018 4400 πρε

2178 4330 2711 4402 1em.Alligatus,ut
2731 4334 2807 4388 sit
2835 4335 2960 4391 hinc
2988 4341 3317 4395 sententia:
3351 4342 3802 4400 ProﬁciscorJe-

397 4417 567 4490 γνοὺς
601 4413 693 4470 διὰ
722 4420 817 4470 τοῦ
847 4416 1151 4489 πνεύματος
1197 4417 1262 4471 τᾶ
1319 4415 1570 4489 ἐσόμενα,
1631 4415 1937 4491 πορεύομαι
1996 4414 2021 4471 δ

2177 4419 2420 4475 rusalem
2443 4423 2725 4492 praescius
2757 4442 2862 4495 per
2892 4426 3175 4497 Spiritum
3215 4447 3344 4500 quae
3379 4431 3524 4485 mihi
3556 4438 3801 4489 ventura

401 4503 632 4578 δέσμιος
663 4504 759 4560 ὢν.
798 4506 930 4562 Εἶτα
956 4504 1048 4560 ’ίνα
1093 4508 1166 4579 μή
1226 4503 1421 4578 δεσμὸν
1480 4502 1517 4573 ἤ
1579 4505 1817 4581 ἀνάγκην
1850 4506 2025 4579 νομίσι

2175 4509 2301 4573 sint,
2331 4510 2674 4579 proﬁciscor
2704 4519 2900 4568 autem
2932 4515 3225 4587 alligatus.
3262 4519 3485 4575 Deinde
3536 4538 3608 4576 ne
3667 4522 3799 4593 quis

396 4616 505 4659 τις,
540 4594 631 4648 καὶ
655 4593 744 4648 ’ίνα
802 4592 947 4668 δείξῃ
1004 4593 1086 4647 ὅτι
1146 4594 1279 4648 ἑκὼν
1340 4591 1657 4667 ἀπέρχεται,
1718 4593 1900 4665 φησὶν,
1959 4593 2018 4648 ὅτ

2171 4603 2359 4653 :atena
2387 4605 2489 4654 aut
2517 4603 2868 4657 necessitate
2909 4604 3213 4675 alligatum
3273 4609 3590 4677 existimet,
3614 4588 3795 4682 utque

398 4684 551 4739 Κατᾶ
590 4682 754 4737 πόλιν
785 4681 956 4756 δεσμά
1000 4704 1061 4755 με
1113 4682 1202 4736 καὶ
1256 4682 1470 4755 θλίψεις
1508 4683 1778 4754 μένουσιν.
1813 4708 1839 4733 ‹‹
1877 4685 2022 4737 Καθαι

2168 4687 2431 4742 ιεὶθιιόειι
2459 4688 2617 4757 quod
2648 4696 2854 4760 sponte
2888 4694 3300 4762 proﬁciscatur
3332 4715 3344 4751 :
3370 4700 3480 4753 Per
3510 4681 3792 4772 singulas,

398 4773 491 4843 ρός
528 4772 664 4843 εἶμι,
698 4771 882 4850 φησὶν,
930 4771 1035 4826 ἀπὸ
1093 4775 1188 4826 τοῦ
1249 4769 1473 4843 α’ίματος
1531 4771 1769 4835 πάντων,
1798 4794 1825 4821 ››
1864 4770 1909 4824 εί
1956 4792 2018 4824 νυ

2168 4777 2371 4845 inquit,
2406 4777 2636 4832 civitate
2668 4778 2901 4833 vincula
2931 4788 2989 4835 et
3017 4782 3372 4842 afﬂictiones
3401 4804 3497 4842 me
3532 4796 3792 4845 manent.

395 4863 682 4931 στάξαντες
719 4861 1021 4931 ἀποθάνητε
1061 4860 1166 4914 ἀπὸ
1222 4864 1317 4914 τοῦ
1375 4864 1636 4936 φοκευτοῦ
1693 4863 1801 4913 τῶν
1834 4859 2019 4932 ψυχῶν

2170 4886 2182 4913 ‹
2216 4864 2466 4919 Mundus
2497 4882 2530 4919 a
2560 4867 2844 4937 sanguine
2876 4871 3165 4940 omnium,
3205 4896 3224 4922 ο
3263 4876 3311 4929 si
3354 4876 3794 4934 obdormientes

392 4953 455 5006 τὸ
486 4954 590 5025 γὰρ
621 4954 715 5007 τοῦ
748 4950 1098 5021 διδασκάλου,
1133 4949 1286 5027 φησὶ,
1319 4951 1697 5020 πεποίηκα,τῷ
1721 4949 2016 5024 ἀπαγγεῖλαι

2170 4953 2506 5007 )ccidamini
2557 4954 2628 5007 ab
2689 4956 2989 5014 homicida
3038 4963 3373 5020 animarum
3410 4968 3604 5037 :quod
3636 4969 3794 5021 enim

396 5043 527 5113 ὑμῖν
556 5044 656 5110 τήν
688 5041 899 5117 βουλῆν
930 5046 1026 5097 τοῦ
1080 5045 1234 5097 Θεοῦ.
1266 5042 1407 5114 ’Ἄρα
1438 5040 1464 5093 ὁ
1527 5041 1601 5110 μή
1655 5036 1851 5113 λέγων,
1882 5039 2013 5093 ὑπεύ

2170 5043 2533 5112 )raeceptoris
2560 5049 2649 5097 est
2677 5047 2896 5118 peregi,
2926 5065 3139 5122 nempe
3172 5060 3235 5107 ut
3263 5056 3794 5109 annuntiaremvo-

390 5142 548 5194 θυνος
582 5136 677 5186 τοῦ
710 5132 944 5203 αἳματός
978 5130 1114 5195 ἐστι,
1144 5128 1390 5183 τουτέστι
1420 5136 1521 5197 τῆς
1572 5135 1785 5206 σφαγῆς
1844 5127 2014 5183 αὐτῶν

2167 5132 2241 5184 )is
2274 5131 2373 5184 Dei
2407 5132 2744 5188 consilium.
2766 5136 2970 5207 Itaque
3005 5141 3103 5210 qui
3138 5158 3257 5196 non
3289 5144 3624 5208 annuntiat,
3655 5160 3791 5198 reus

384 5222 629 5276 Δείκνυσι
661 5222 845 5277 τοίνυν
876 5220 958 5275 δτι
988 5220 1228 5273 κάκεῖνοι
1262 5215 1318 5272 ἅν
1380 5220 1455 5291 μὴ
1511 5223 1760 5285 ποιῶσιν,
1818 5217 2008 5273 ὑπεύθιέ

2168 5220 2455 5290 :anguinis
2487 5226 2593 5287 est,
2631 5224 2782 5279 152
2816 5226 2926 5281 hoc
2957 5236 3046 5283 est
3074 5231 3252 5285 cwdis
3280 5232 3792 5289 eorum.Ostendit

382 5312 473 5367 νοί
507 5313 605 5369 εἰσι
635 5318 733 5370 τοῦ
768 5309 914 5367 ἰδίου
940 5308 1190 5383 αἳματος
1226 5306 1294 5365 δι’
1327 5311 1356 5363 δ
1395 5308 1484 5364 καὶ
1517 5303 1677 5384 φοϐεῖ
1714 5308 1928 5370 αὐτούς·

2169 5310 2325 5381 gitur
2355 5309 2490 5364 illos
2520 5316 2902 5382 quoque,nisi
2935 5334 3002 5372 ea
3033 5319 3477 5389 compleverint,
3504 5337 3638 5377 reos
3655 5340 3790 5394 pro-

2147 5398 2259 5469 prii
2288 5398 2414 5454 fore
2446 5402 2789 5472 sanguinis:
2825 5412 3066 5477 propter
3092 5408 3249 5478 quod
3281 5409 3459 5465 etiam
3480 5416 3792 5468 terreteos.

448 5520 475 5547 κ
507 5491 819 5571 Προσέχετε
852 5492 948 5547 οὗν
982 5490 1196 5551 ἑαυτοῖς
1225 5487 1314 5543 καὶ
1353 5486 1514 5543 παντὶ
1569 5491 1650 5559 τῷ
1680 5486 1948 5561 ποιμνίῳ,
1982 5486 2034 5541 ἐν

2216 5489 2335 5557 XX,
2366 5490 2545 5544 28-32.
2562 5511 2591 5538 «
2608 5492 2898 5549 Attendite
2930 5494 3107 5566 igitur
3131 5497 3292 5554 vobis
3316 5507 3647 5573 cunctaque
3662 5518 3790 5574 gre-

436 5680 477 5716 ¹⁹
496 5660 642 5737 Tim.
678 5695 717 5747 ι,
756 5678 813 5741 5,
840 5672 894 5709 ²⁰
926 5670 1183 5742 Philipp.
1217 5686 1258 5739 ι,
1290 5674 1340 5728 1.
1375 5668 1417 5704 ²¹
1448 5669 1475 5726 Ι
1503 5668 1649 5727 Tim.
1684 5685 1768 5724 ιιι.
