4112 6250
466 349 584 410 259

1592 337 2004 401 (ECUMENII
2051 334 2361 398 TRICCIE
2403 332 2755 399 EPISCOPI

3738 340 3838 403 260

460 486 547 557 gi:
580 484 641 539 in
676 499 789 553 quo
817 497 916 536 vos
943 479 1195 551 Spiritus
1228 481 1466 534 sanctus
1482 476 1683 549 posuit
1711 470 2103 547 episcoposad

2222 470 2267 544 ᾧ
2294 471 2434 547 ὑμᾶς
2466 471 2527 527 τὸ
2559 475 2775 544 Πνεῦμα
2828 471 2890 526 τὸ
2945 471 3099 546 ἅγιον
3156 468 3304 526 ἔθετο
3363 467 3681 533 ἐπισκόπους
3722 492 3808 528 ποι

461 572 787 644 regendum
815 569 1138 625 Ecclesiam
1188 567 1312 633 Dei,
1369 582 1546 639 quam
1605 563 1917 635 acquisivit
1969 578 2121 644 san-_

460 663 635 734 guine
667 677 792 716 suo.
830 662 946 732 Ego
979 658 1139 714 enim
1199 657 1334 712 novi
1388 657 1518 717 hoc,
1580 655 1740 726 quod
1785 651 2124 721 ingressur1

470 750 590 806 sint
624 754 757 821 post
813 748 1143 803 discessum
1196 762 1395 801 meum
1454 744 1579 817 lupi
1621 760 1825 817 graves
1879 742 1941 797 in
1999 758 2116 807 vos,

473 856 594 895 non
627 844 938 911 parcentes
968 837 1148 909 gregi.
1180 837 1252 891 Et
1283 852 1351 890 ex
1381 834 1541 889 vobis
1598 833 1744 904 ipsis
1776 832 2119 887 exorientur

463 929 570 982 viri
602 929 918 999 loquentes
966 942 1261 997 perversa,
1316 929 1383 980 ut
1437 922 1736 980 abducant
1791 919 2116 992 discipulos

459 1022 593 1089 post
678 1033 759 1072 se.
844 1015 1068 1071 Idcirco
1142 1014 1398 1087 vigilate,
1450 1027 1745 1069 memores
1795 1009 1953 1082 quod
2009 1025 2116 1080 per

460 1107 786 1162 triennium
820 1111 992 1161 nocte
1018 1120 1086 1160 ac
1117 1104 1211 1159 die
1255 1120 1377 1159 non
1426 1101 1778 1159 cessaverim
1836 1116 1971 1155 cum
2027 1097 2111 1152 la-

459 1196 678 1268 crymis
738 1210 981 1250 monere
1028 1210 1534 1264 unumquemque.
1602 1193 1672 1246 Et
1740 1206 1900 1245 nunc
1948 1203 2111 1243 com-

460 1285 678 1341 mendo
709 1302 813 1339 vos
839 1285 1053 1340 fratres
1080 1284 1196 1339 Deo
1229 1289 1287 1337 et
1343 1282 1605 1338 sermoni
1635 1281 1837 1354 gratias
1895 1277 2106 1349 ipsius,

459 1375 561 1446 qui
592 1380 798 1446 potens
834 1380 924 1429 est
953 1379 1364 1444 superstruere
1393 1378 1453 1427 et
1503 1371 1643 1427 dare
1700 1368 2107 1425 hereditatem

456 1464 613 1520 inter
643 1464 1041 1520 sanctiﬁcatos
1074 1479 1301 1519 omnes.
1339 1484 1367 1512 »

529 1648 652 1701 Duo
683 1647 951 1717 praecipit
979 1650 1046 1700 ut
1072 1644 1293 1700 faciant
1310 1643 1931 1715 praeceptoresNeque
1945 1639 2105 1696 enim

456 1736 691 1791 lucrum
717 1738 894 1791 affert
923 1736 1075 1790 alios
1114 1740 1346 1791 tantum
1378 1734 1672 1806 corrigere
1699 1750 1712 1787 ς
1745 1749 1939 1803 neque
1989 1732 2105 1788 sui-

2237 563 2445 634 μαίνειν
2476 563 2576 631 τὴν
2610 561 2937 633 Ἐκκλησίαν
2986 566 3081 616 τοῦ
3138 565 3296 633 Θεοῦ,
3354 559 3422 630 ἣν
3455 563 3840 635 περιεποιήσατο

2233 649 2322 706 διὰ
2350 656 2444 706 τοῦ
2499 649 2641 707 ίδίου
2700 649 2956 727 αἳματος.
3010 651 3155 726 Ἐγὼ
3203 649 3306 729 γάρ
3363 647 3492 705 οῖδα
3546 654 3720 720 τοῦτο,
3772 650 3848 707 ὅτι

2230 740 2623 797 εἰσελεύσονται
2653 743 2788 816 μετά
2818 744 2918 811 τήν
2952 742 3127 821 ἄφιξίν
3183 764 3286 816 μου
3341 742 3505 799 λύκοι
3563 746 3736 819 βαρεῖς
3777 746 3844 809 εἰς

2231 831 2391 902 ὑμᾶς,
2445 832 2522 904 μή
2578 829 2891 909 φειδόμενοι
2947 836 3044 887 τοῦ
3103 833 3387 906 ποιμνίου.
3451 832 3557 888 Καὶ
3608 831 3657 903 ἐξ
3711 833 3847 905 ὑμῶν

2225 919 2401 976 αὐτῶν
2481 921 2873 992 ἀναστήσονται
2943 917 3128 996 ἄνδρες
3207 920 3506 985 λαλοῦντες
3584 919 3850 998 διεστραμ-

2227 1008 2379 1082 μένα,
2410 1014 2506 1065 τοῦ
2537 1012 2783 1082 ἀποσπᾷν
2813 1010 2940 1073 τοὺς
3001 1012 3245 1085 μαθητὰς
3300 1011 3480 1067 ὀπίσω
3527 1010 3717 1068 αὐτῶν.
3778 1014 3848 1068 Δι’

2222 1098 2251 1153 ’ὀ
2303 1105 2654 1176 γρηγορεῖτε,
2715 1101 3173 1174 μνημονεύοντες,
3244 1100 3327 1157 ὅτι
3414 1100 3646 1175 τριετίαν
3696 1100 3844 1156 νύκτα

2220 1186 2311 1241 καὶ
2367 1186 2574 1264 ἡμέραν
2636 1188 2736 1244 οὐκ
2791 1188 3111 1264 ἐπαυσάμην
3174 1189 3307 1265 μετά
3379 1187 3628 1264 δακρύων
3678 1189 3846 1244 νουθε-

2220 1281 2328 1332 τῶν
2384 1273 2475 1333 ἕνα
2523 1276 2772 1335 ἕκαστον.
2838 1279 2942 1337 Καὶ
3025 1280 3093 1335 τά
3139 1283 3226 1335 νῦ]
3306 1279 3653 1355 παρατίθημι
3698 1274 3851 1349 ’ὑμᾶς

2218 1363 2469 1444 ἀδελφοὶ,
2500 1371 2578 1439 τῷ
2610 1372 2747 1440 Θεῷ,
2778 1367 2870 1424 καὶ
2900 1373 2979 1441 τῷ
3005 1366 3159 1446 λόγῳ
3186 1375 3287 1439 τῆς
3315 1369 3549 1445 χάριτος
3579 1368 3758 1434 αὐτοῦ,
3783 1369 3849 1438 τῷ

2217 1454 2494 1530 δυναμένῳ
2524 1454 2956 1530 ἐποικοδομῆσαι
2986 1459 3076 1514 καὶ
3109 1456 3289 1514 δοῦναι
3323 1459 3457 1532 ὑμῖν
3496 1454 3847 1532 κληρονομίαν

2219 1549 2271 1605 ἐν
2298 1556 2418 1615 τοῖς
2444 1551 2800 1627 ἡγιασμένοις
2832 1556 3022 1613 πᾶσιν.

2290 1639 2394 1696 Δύο
2423 1641 2717 1716 προτάσσει
2746 1647 2920 1698 ποιεῖν
2948 1643 3073 1706 τοὺς
3125 1639 3511 1705 διδασκάλους.
3566 1637 3703 1699 Οὔτε
3754 1639 3846 1714 γάρ

2216 1731 2277 1785 τὸ
2308 1730 2524 1805 ἐτέρους
2552 1735 2850 1807 κατορθοῦν
2888 1729 3051 1806 μόνον
3079 1726 3194 1808 ἔχει
3244 1728 3460 1807 κέρδος,
3495 1727 3620 1786 οὔτε
3653 1730 3714 1784 τὸ
3740 1729 3849 1783 ἑαυ-

455 1824 643 1895 ipsius
674 1841 879 1880 curam
910 1829 1139 1879 tantum
1169 1821 1758 1894 habere,hujusmodi
1790 1821 1951 1876 enim
1981 1821 2103 1877 sui-

2215 1824 2312 1877 τοῦ
2375 1820 2544 1895 μόνου
2591 1820 2988 1895 ἐπιμελεῖσθαι’
3049 1823 3077 1877 ὁ
3108 1822 3215 1898 γὰρ
3268 1825 3522 1883 τοιοῦτος
3577 1818 3842 1896 φίλαυτος.

455 1915 644 1984 ipsius
676 1920 905 1968 tantum
937 1929 1105 1968 amor
1134 1918 1243 1969 est.
1268 1911 1707 1968 Advertendum
1737 1916 1936 1967 autem
1949 1910 2103 1981 quod

2215 1911 2565 1984 Σημειωτέον
2622 1909 2679 1966 δὲ
2731 1911 2813 1967 ὅτι
2864 1910 2954 1974 οὕς
3009 1911 3183 1967 ὀπίσω
3242 1912 3382 1988 φησὶ
3443 1903 3843 1985 πρεσϐυτέρους,

459 2019 561 2057 eos
595 2002 856 2073 appellet
882 2017 1042 2056 nunc
1074 2002 1406 2072 episc0pos,
1438 2017 1589 2071 quos
1618 2001 1680 2055 in
1700 1999 2108 2070 superioribus

457 2091 608 2145 dixit
633 2091 1009 2162 presbyteros
1033 2096 1163 2146 :aut
1193 2090 1324 2147 ideo
1357 2090 1515 2162 quod
1545 2105 1789 2145 necesse
1821 2094 1912 2146 est
1930 2104 2109 2160 super

456 2180 778 2237 rationales
800 2180 1076 2236 Ecclesiae
1107 2196 1311 2253 greges
1341 2181 1402 2235 in
1436 2179 1678 2252 specula
1694 2195 1824 2235 esse
1849 2195 1862 2233 :
1884 2179 2106 2250 nequis

460 2271 575 2326 ﬁde
607 2278 951 2341 aegrotetme
982 2272 1117 2342 quis
1149 2272 1373 2327 esuriat
1390 2276 1494 2327 aut
1521 2270 1787 2338 sitiat,an
1808 2269 2104 2341 quispiam

458 2361 929 2432 reprehensione
962 2366 1129 2434 egeat
1155 2361 1246 2416 vel
1277 2361 1779 2416 coercitione.Aut
1795 2360 2103 2431 episcopos

453 2457 623 2506 vocat
642 2451 738 2506 hic
770 2467 870 2511 eos
901 2452 1001 2522 qui
1031 2468 1165 2507 vere
1197 2456 1337 2506 sunt
1367 2451 1629 2522 episcopi

525 2541 643 2607 XX,
676 2543 866 2596 33-38.
896 2563 924 2590 «
958 2545 1273 2613 Argentum
1306 2546 1365 2594 et
1383 2555 1593 2594 aurum
1616 2543 1717 2594 aut
1734 2542 1951 2592 vestem
1967 2536 2099 2591 nul-

453 2631 574 2686 lius
605 2632 956 2702 concupivi:
991 2632 1095 2686 sed
1146 2631 1260 2701 ipsi
1292 2630 1455 2685 scitis
1513 2628 1671 2700 quod
1731 2626 2106 2682 necessitati-

453 2720 564 2776 bus
597 2722 768 2788 meis,
803 2727 863 2776 et
892 2721 985 2775 bis
1016 2721 1117 2791 qui
1150 2736 1385 2775 mecum
1417 2724 1557 2774 sunt
1599 2716 2107 2789 suppeditaverint

460 2825 673 2863 manus
702 2809 814 2864 hee.
848 2808 1059 2862 Omnia
1093 2808 1549 2863 commonstravi
1593 2806 1778 2870 vobis,
1830 2805 1988 2876 quod
2020 2805 2107 2859 sic

455 2897 798 2953 laborantes
831 2903 1101 2969 oporteat
1138 2898 1439 2968 suscipere
1469 2895 1820 2961 imbecilles,
1879 2910 1947 2950 ac
1978 2910 2107 2950 me-

456 2986 705 3040 minisse
748 2986 1061 3042 verborum
1125 2987 1356 3042 Domini
1413 2987 1570 3054 Jesu,
1630 2983 1913 3056 quoniam
1977 2984 2103 3055 ipse

455 3074 646 3129 dixit:
698 3076 941 3130 Beatum
982 3081 1074 3130 est
1128 3075 1267 3131 dare
1324 3074 1520 3146 potius
1578 3089 1756 3145 quam
1812 3073 2100 3144 accipere.

448 3162 712 3233 Cumque
745 3164 871 3219 haec
899 3163 1166 3231 dixisset,
1206 3164 1417 3235 positis
1474 3163 1724 3236 genibus
1770 3162 1893 3218 suis
1916 3162 2104 3217 oravit
2133 3211 2172 3236 η

451 3268 586 3305 cum
618 3253 896 3307 omnibus
920 3253 1057 3307 illis.
1094 3255 1335 3325 Magnus
1373 3257 1571 3308 autem
1628 3252 1805 3307 ﬂetus
1863 3256 2100 3307 coortus

449 3345 540 3393 est
568 3341 856 3404 omnium,
891 3347 948 3396 et
976 3347 1218 3396 ruentes
1269 3343 1331 3396 in
1384 3342 1607 3397 collum
1668 3341 1834 3396 Pauli
1864 3341 2099 3397 oscula-

452 3426 673 3483 bantur
701 3446 836 3484 eum
868 3429 1159 3498 dolentes,
1191 3430 1534 3485 maximeob
1565 3446 1901 3485 sermonem
1923 3446 2100 3501 quem

451 3516 699 3585 dixerat,
736 3519 895 3589 quod
928 3520 1186 3590 amplius
1216 3520 1428 3575 faciem
1458 3520 1587 3591 ejus
1616 3535 1735 3574 non
1769 3527 1970 3575 essent
2016 3520 2096 3574 vi-

452 3608 598 3662 suri.
632 3610 703 3663 Et
737 3609 1113 3666 deducebant
1141 3627 1279 3667 eum
1319 3610 1394 3666 ad
1425 3627 1655 3667 navem.
1687 3632 1715 3661 »

518 3785 678 3841 153
706 3807 733 3834 ‹‹
765 3787 1088 3859 Argentum
1121 3794 1179 3843 et
1207 3804 1440 3856 aurum,
1476 3810 1503 3838 »
1535 3793 1645 3843 etc.
1681 3785 1966 3842 Malorum
1994 3772 2097 3843 ra-

446 3872 638 3929 dicem
675 3875 1069 3949 tollit,nempe
1088 3878 1618 3949 avaritiam.Neque
1637 3878 1797 3932 enim
1812 3877 2099 3948 simplici-

445 3968 537 4018 ter
565 3965 864 4029 dicit,Non
895 3968 1121 4039 accepi,
1154 3968 1279 4037 sed,
1314 3971 1512 4039 Neque
1536 3968 2099 4038 concupivi.Deinde

446 4055 709 4111 ostendit
733 4057 890 4126 quod
916 4075 1051 4113 vera
1074 4059 1454 4131 eleemosyna
1499 4075 1567 4113 ex
1592 4058 1849 4131 propriis
1879 4059 2100 4114 labori-

444 4142 555 4198 bus
587 4144 716 4199 {ieri
731 4145 946 4202 debeat
964 4148 1273 4219 egentibus
1296 4163 1393 4203 :ex
1412 4148 1626 4204 alienis
1649 4149 1942 4220 siquidem
1958 4149 2099 4204 dare

443 4249 564 4288 non
598 4239 687 4289 est
719 4234 1056 4292 honestum.
1075 4237 1457 4293 Postmodum
1476 4237 1549 4292 ad
1570 4238 1749 4309 hujus
1768 4238 1947 4294 etiam
1962 4254 2098 4293 con-

446 4322 868 4394 ﬁrmationem,
902 4326 1245 4382 vaticinium
1282 4326 1512 4380 Domini
1542 4344 1681 4381 voce
1714 4328 1940 4383 dictum
1969 4343 2098 4382 esse

446 4413 682 4479 asserit,
706 4414 863 4484 quod
896 4432 1054 4470 nunc
1083 4415 1143 4469 in
1178 4414 1478 4485 Scriptura
1507 4432 1628 4469 non
1660 4416 1960 4471 invenitur
1993 4433 2006 4470 :
2041 4420 2099 4470 et

439 4503 711 4560 fortassis
734 4505 792 4558 id
824 4505 1048 4577 absque
1080 4507 1375 4577 scriptura
1404 4506 1786 4561 tradiderunt
1817 4506 2092 4577 apostoli.

445 4594 559 4646 Aut
588 4593 722 4649 ideo
757 4594 914 4665 quod
948 4596 1355 4651 ratiocinando
1387 4595 1684 4667 quispiam
1716 4596 1936 4651 habere
1984 4613 2091 4667 po-

446 4685 561 4735 test
590 4682 815 4739 dictum
848 4702 975 4741 esse
1007 4687 1140 4741 aliis
1163 4685 1356 4741 verbis
1396 4685 1655 4757 idipsum
1704 4686 2094 4757 signiﬁcanti~

444 4767 712 4825 bus.Non
743 4773 888 4828 dixit
919 4780 1117 4830 autem
1148 4780 1373 4831 malum
1413 4792 1544 4831 esse
1588 4775 1886 4846 accepisse
1927 4780 1985 4829 et
2014 4775 2096 4830 ita

443 4858 701 4931 elargiri,
727 4861 828 4917 sed
863 4863 1020 4932 quod
1052 4866 1265 4920 melius
1293 4870 1370 4921 sit
1426 4882 1548 4920 non
1595 4865 1914 4937 accepisse.
1980 4866 2098 4919 Iloc

444 4949 604 5003 enim
630 4952 1061 5022 compassionis
1092 4960 1182 5009 est
1212 4971 1348 5027 erga
1370 4954 1722 5011 imbecilles.
1759 4956 1902 5009 Nam
1955 4952 2094 5009 dare

441 5056 511 5095 ex
542 5040 780 5108 alienis,
812 5056 888 5096 ne
918 5041 1235 5097 honestum
1295 5043 1536 5114 quidem
1567 5049 1674 5100 est.
1738 5045 1838 5098 Est
1894 5042 2096 5114 itaque

440 5129 669 5203 primus
701 5130 918 5203 gradus
951 5146 1057 5186 sua
1086 5130 1345 5203 abjicere
1372 5148 1385 5186 :
1422 5132 1717 5188 secundus
1760 5130 2099 5187 necessaria

443 5219 556 5273 sibi
589 5221 989 5291 suppeditare,
1025 5220 1236 5275 tertius
1267 5220 1445 5276 etiam
1476 5221 1609 5276 aliis
1645 5239 1658 5276 :
1693 5229 1939 5292 quartus
1962 5236 2097 5276 eum

440 5310 541 5378 qui
572 5311 875 5381 praedicat,
909 5316 968 5367 et
1014 5311 1096 5366 ita
1126 5310 1457 5382 accipiendi
1508 5317 1861 5384 potestatem
1897 5309 2095 5380 habet,

438 5412 560 5451 non
590 5400 878 5472 accipere.
941 5400 1045 5456 Hic
1102 5402 1306 5472 itaque
1364 5399 1552 5456 multo
1584 5400 1799 5457 melior
1855 5404 1947 5455 est
1975 5398 2101 5455 ino-

441 5485 638 5559 pibus.

513 5575 818 5642 ΧΧ,14.·
877 5579 1022 5636 Cum
1080 5584 1280 5637 autem
1316 5578 1664 5653 contigisset
1730 5594 1840 5636 nos
1897 5576 1969 5636 ab
2010 5577 2097 5635 eis

448 5684 472 5717 ι
504 5665 744 5723 avulsas
768 5667 1041 5738 solvisse,
1074 5676 1235 5725 recto
1268 5687 1444 5727 cursu
1484 5669 1755 5725 venimus
1800 5668 2004 5737 Coum,
2038 5671 2098 5725 et

2212 1996 2320 2054 ὦδε
2350 1999 2676 2064 ἐπισκόπους
2701 1998 2882 2071 καλεῖ,
2907 2000 3031 2070 ἢτοι
3063 1996 3155 2055 διὰ
3182 2001 3243 2056 τὸ
3301 1997 3431 2062 τοὺς
3464 1991 3841 2072 πρεσϐυτέρους

2212 2087 2451 2164 ἀνάγκην
2476 2084 2625 2168 ἔχειν
2658 2088 2972 2145 ἐποπτεύειν
3001 2090 3069 2146 τά
3121 2096 3221 2160 τῆς
3278 2087 3617 2157 ’ἐκκλησίας
3665 2083 3841 2159 λογικὰ

2211 2178 2463 2251 ποίμνια,
2494 2182 2569 2252 μή
2628 2198 2711 2241 τις
2759 2180 2956 2252 ἀσθενῇ
3009 2182 3078 2253 τῇ
3113 2179 3311 2249 πίστει,
3375 2178 3451 2252 μή
3505 2196 3586 2236 τις
3616 2177 3762 2244 πεινᾷ
3811 2169 3841 2240 ἦ

2212 2264 2363 2341 διψᾷ,
2396 2267 2441 2323 εί
2472 2266 2704 2343 ἐλέγχου
2761 2269 2852 2324 καὶ
2882 2267 3215 2348 ἐπιστροφῆς
3276 2266 3472 2323 δεῖται.
3530 2269 3595 2322 ‘lI
3652 2260 3844 2319 ἐπισκό-

2209 2378 2344 2420 πους
2375 2355 2482 2414 ὧδε
2507 2356 2635 2421 τοὺς
2669 2354 2839 2420 ὅντως
2864 2357 3193 2422 ἐπισκόπους
3218 2357 3398 2415 καλεῖ.

2284 2562 2311 2590 ‹‹
2343 2539 2630 2615 Ἀργυρίου
2660 2540 2750 2596 καὶ
2784 2541 3016 2616 χρυσίου
3044 2537 3080 2609 ἤ
3111 2541 3419 2613 ἱματισμοῦ
3480 2534 3690 2597 οὐδενὸς
3738 2530 3833 2588 ἒπ-

2210 2628 2476 2700 εθύμησα·
2509 2627 2664 2682 αὐτοὶ
2722 2625 2780 2682 δὲ
2834 2629 3125 2701 γινώσκετε
3181 2628 3266 2683 ’ὁτι
3322 2633 3445 2689 ταῖς
3495 2624 3698 2702 χρείαις
3747 2638 3835 2693 μου

2209 2719 2300 2770 καὶ
2358 2721 2472 2778 τοῖς
2541 2714 2657 2771 οῦσι
2737 2718 2853 2789 μετ’
2909 2716 3044 2792 ἐμοῦ
3133 2717 3482 2792 ὑπηρέτησαν
3546 2716 3601 2768 αἱ
3671 2715 3830 2786 χεῖρες

2210 2804 2387 2860 αὗται.
2448 2806 2623 2860 Πάντα
2664 2803 2910 2878 ὑπέδειξα
2970 2806 3116 2879 ὑμῖν,
3175 2806 3259 2860 ὃτι
3319 2806 3501 2868 οὕτως
3548 2805 3828 2858 κοπιῶντας

2211 2891 2297 2950 δεῖ
2318 2889 2807 2969 ἀντιλαμϐάνεσθαι
2870 2900 2978 2950 τῶν
3036 2894 3431 2960 ἀσθενούντων.
3491 2886 3832 2965 Μνημονεύειν

2207 3004 2267 3039 τε
2294 2987 2402 3039 τῶν
2436 2981 2621 3059 λόγων
2664 2987 2761 3040 τοῦ
2820 2984 3025 3058 Κυρίου
3085 2985 3288 3057 Ἰησοῦ,
3358 2986 3447 3040 δτι
3502 2983 3662 3043 αὐτὸς
3717 2976 3827 3033 εἷπε·

2208 3072 2486 3147 Μακάριόν
2544 3071 2655 3128 ἐστι
2747 3069 2957 3129 διδόναι
3019 3071 3233 3146 μᾶλλον
3291 3073 3327 3142 ἤ
3392 3067 3704 3146 λαμϐάνειν.
3749 3070 3832 3124 Καὶ

2211 3166 2380 3218 ταῦτα
2410 3162 2596 3230 εἰπὼν,
2630 3162 2742 3225 θεὶς
2796 3162 2865 3216 τὰ
2918 3162 3118 3236 γόνατα
3172 3163 3366 3236 αὐτοῦ,
3403 3164 3496 3218 σὺν
3552 3165 3703 3215 πᾶσιν
3753 3151 3837 3209 αὖ·

2209 3258 2325 3315 τοῖς
2357 3251 2723 3327 προσηύξατο.
2773 3251 2979 3313 Ἱκανὸς
3036 3249 3092 3307 δέ
3139 3251 3352 3329 ἐγένετο
3397 3248 3680 3324 κλαυθμὸς
3733 3242 3842 3298 πάν·

2204 3362 2331 3396 των.
2378 3341 2474 3398 Καὶ
2524 3340 2870 3403 ἐπιπεσόντες
2926 3339 3013 3395 ἐπὶ
3068 3341 3159 3396 τὸν
3212 3340 3517 3420 τράχηλον
3570 3341 3660 3394 τοῦ
3710 3329 3840 3388 Παύ-

2207 3428 2333 3499 λου,
2361 3429 2685 3507 κατεφίλουν
2719 3428 2905 3500 αύτὸν,
2946 3427 3279 3504 ὀδυνώμενοι
3336 3429 3588 3504 μοὶλιστα
3637 3422 3716 3481 ἐπὶ
3766 3421 3837 3489 τῷ

2208 3517 2383 3595 λόγῳ,
2415 3519 2460 3590 ᾦ
2491 3519 2723 3593 εἰρήκει,
2755 3519 2840 3574 ’ὁτι
2866 3518 2966 3575 οὐκ
2993 3516 3070 3574 ἔτι
3131 3518 3398 3592 μέλλουσι
3465 3520 3528 3577 τὸ
3572 3513 3832 3591 πρόσωπον

2205 3607 2370 3663 αὐτοῦ
2464 3609 2707 3683 θεωρεῖν.
2796 3607 3156 3684 Προέπεμπον
3242 3607 3299 3665 δὲ
3387 3609 3562 3667 αὐτὸν
3647 3602 3715 3665 εἷς
3780 3594 3835 3652 τὸ

2204 3694 2419 3753 πλοῖον.
2457 3720 2487 3749 ››

2283 3810 2303 3839 ι
2342 3786 2598 3861 Ἀγυρίου
2627 3788 2662 3856 ἢ
2691 3786 2950 3863 χρυσίου,
2988 3812 3015 3840 η
3072 3788 3164 3844 καὶ
3220 3788 3287 3843 τὰ
3347 3788 3499 3860 ἑξῆς.
3546 3788 3655 3855 Τὴν
3706 3779 3834 3856 ῥίζαν

2205 3878 2416 3951 ἀναιρεῖ
2442 3881 2549 3931 τῶν
2584 3882 2766 3932 κακῶν
2824 3878 2923 3947 τὴν
2984 3877 3366 3954 φιλαργυρίαν.
3399 3878 3486 3935 Οὐ
3517 3876 3615 3953 γὰρ
3658 3869 3828 3927 ἅπλῶς

2205 3988 2392 4044 φησιν,
2454 3966 2570 4025 Οὐκ
2625 3962 2848 4036 ἔλαϐον,
2907 3967 3056 4037 ἀλλ’,
3115 3964 3259 4025 Οὐδὲ
3315 3966 3654 4040 ἐπεθύμησα.
3721 3957 3835 4016 Εἶτα

2206 4054 2472 4112 δείκνυσιν
2533 4058 2617 4112 ’ὁτι
2672 4059 2708 4127 ἡ
2766 4055 2982 4127 ἀληθὴς
3041 4056 3386 4130 ἐλεημοσύνη
3450 4056 3508 4113 ἐκ
3543 4059 3647 4110 τῶν
3701 4045 3832 4103 ἰδίων

2202 4149 2388 4201 κόπων
2420 4145 2628 4223 ὀφείλει
2678 4147 2921 4221 γίνεσθαι
2977 4151 3093 4207 τοῖς
3149 4142 3401 4214 ἐνδεέσιν,
3467 4144 3582 4201 ἐπεὶ
3630 4141 3686 4196 ἐκ
3735 4138 3826 4190 τῶν

2205 4232 2514 4311 ἀλλοτρίων
2557 4232 2765 4290 διδόναι
2797 4234 2863 4290 οὖ
2895 4232 3088 4290 καλόν.
3122 4234 3256 4291 Εἶτα
3274 4234 3366 4289 καὶ
3397 4235 3603 4311 χρῆσιν
3655 4227 3726 4289 εἴς
3751 4243 3836 4311 κατ

2200 4307 2465 4393 τασκευήν
2535 4323 2732 4379 τούτου
2782 4319 2871 4378 διὰ
2958 4330 3145 4398 φωνῆς
3193 4327 3290 4379 τοῦ
3351 4307 3554 4400 Κυρίου
3609 4307 3830 4392 εἰρῆσθαί

2203 4433 2391 4485 φησιν,
2434 4413 2567 4488 ’ὀπερ
2616 4417 2709 4467 νῦν
2772 4412 2878 4488 οὐχ
2909 4412 3132 4484 εὓρηται
3193 4412 3244 4468 ἐν
3303 4418 3515 4492 Γραφῇο
3574 4408 3661 4466 καὶ
3715 4403 3827 4460 ἴσως

2202 4501 2457 4578 ἀγράφως
2477 4498 2800 4577 παρέδωκαν
2856 4502 2909 4557 οἱ
2966 4499 3293 4560 ἀπόστολοι.
3346 4504 3415 4560 Ἤ
3473 4502 3524 4574 ἐξ
3556 4501 3625 4556 ὧν
3650 4495 3706 4551 ἄν
3754 4507 3827 4548 τις

2198 4589 2591 4666 συλλογίσαιτο
2648 4588 2877 4647 δυνατὸν
2937 4589 3186 4666 εἷ’ρῆσθαι
3246 4588 3316 4646 δι’
3374 4590 3570 4666 ἐτέρων
3642 4583 3824 4666 λέξεωγ

2201 4683 2361 4735 τοῦτο
2395 4677 2700 4750 δηλουσῶν.
2735 4680 2813 4738 Οὐ
2869 4664 3036 4737 τοῦτο
3096 4677 3152 4736 δέ
3208 4702 3376 4758 φησιν
3435 4664 3518 4737 ὅτι
3570 4674 3742 4758 κακὸνΔ
3772 4664 3828 4721 τδ

2204 4764 2392 4824 λαϐεῖν
2421 4768 2512 4824 καὶ
2543 4765 2914 4843 μεταδιδόναι,
2947 4768 3093 4826 ἀλλά
3126 4753 3342 4844 βέλτιον
3396 4770 3462 4826 τὸ
3513 4769 3587 4841 μή
3644 4753 3831 4844 λαϐεῖὴ.

2203 4861 2382 4916 Τοῦτο
2413 4859 2516 4935 γὰρ
2544 4840 2880 4931 συμπαθείας
2908 4865 3009 4926 τῆς
3066 4840 3204 4934 πρὸς
3260 4860 3388 4922 τοὺς
3447 4840 3695 4915 ἀσθενεῖς,
3766 4840 3828 4935 Ἰςὸ

2205 4947 2311 5025 γὰρ
2338 4929 2534 5003 ἐκ
2565 4929 2880 5023 ἀλλοτρίων
2914 4929 3126 5003 διδόναί
3156 4948 3218 5004 οὐ
3274 4948 3465 5005 καλόν.
3526 4948 3672 5003 Ἔστι
3722 4929 3827 5025 τοί.

2204 5020 2298 5092 νυν
2330 5039 2407 5100 εἷς
2465 5037 2674 5113 βαθμὸς
2734 5020 2885 5111 ῥίψαι
2943 5036 3011 5092 τὰ
3093 5037 3281 5110 αὑτοῦ,
3365 5034 3610 5110 δεύτερος
3666 5020 3823 5089 ἑαυτῷ

2207 5126 2483 5202 ἐπαρκεῖν,
2513 5126 2694 5201 τρίτος
2734 5126 2825 5180 καὶ
2883 5123 3112 5201 ἐτέροις,
3168 5128 3444 5204 τέταρτος,
3498 5125 3558 5181 τὸ
3609 5116 3827 5204 καὶᾉκη-

2209 5216 2467 5290 ρύττοντα
2497 5216 2589 5272 καὶ
2642 5213 2880 5287 ἐξουσίαν
2939 5213 3139 5272 ἔχοντα
3191 5202 3515 5290 λαμϐάνειν,
3572 5210 3645 5284 μή
3700 5202 3830 5290 Ml“

2207 5287 2409 5361 ϐάνειν.
2443 5307 2605 5361 ’Ὠστε
2635 5304 2779 5361 πολὺ
2835 5308 2945 5360 τῶν
3023 5287 3353 5380 ἀκτημόνήων
3409 5305 3561 5365 οὗτος
3614 5287 3826 5374 βελτίων

2208 5394 2338 5450 ἐστί.

2282 5599 2310 5628 α
2334 5575 2425 5640 Ὠς
2483 5573 2542 5631 δὲ
2598 5572 2803 5652 ἐγένετο
2861 5575 3165 5651 ἀναχθῆναι
3212 5576 3359 5650 ἡμᾶς
3420 5556 3823 5652 ἀποσπασθέντοξϐ

2214 5688 2236 5719 ς
2270 5666 2360 5723 ἀπ’
2400 5666 2598 5739 αὐτῶν,
2629 5645 3135 5740 εὐθυδρομήσαντες
3181 5645 3431 5740 ἤλθομεν
3464 5663 3536 5725 εἷς
3581 5657 3671 5724 τήν
3727 5645 3813 5704 Κῶ
