4112 6250
294 373 394 433 261

1394 382 1803 446 COMMENT.
1852 379 1929 441 IN
1974 378 2175 440 ACTA
2218 375 2830 441 APOSTOLORUM.

3707 383 3825 442 262

289 534 313 562 (ί
338 511 405 583 τῇ
435 506 502 564 δι’·
538 507 687 579 ὲξῆς
724 514 823 578 εἷς
862 517 991 585 τήν
1019 517 1260 587 Ῥόδον,
1313 519 1551 573 κακεῖθεν
1593 515 1668 579 εἷς
1702 514 1938 589 Πάταρα.
1970 509 2070 568 Καὶ
2100 570 2107 580 ε

2244 516 2516 586 sequenti
2546 515 2643 570 die
2673 514 2964 584 Rhodum,
2991 520 3050 571 et
3078 515 3215 572 inde
3245 517 3538 573 Pataram.
3571 519 3642 574 Et
3670 518 3828 574 nacti

293 624 316 651 ιι
344 599 625 674 εὑρόντες
663 601 920 659 πλοῖον
986 603 1295 684 διαπερῶν
1339 605 1414 670 εἷς
1472 605 1757 677 Φοινίκην,
1788 597 2069 662 ἐπιϐάντες

300 714 325 742 ει
354 690 755 766 ἀνήχθημεν.
830 695 1285 778 ’Δναφανέντες
1366 696 1422 753 δὲ
1499 700 1599 768 τὴν
1679 694 1922 769 Κύπρον,
1982 689 2072 746 καὶ

310 806 332 833 ι
360 779 822 846 καταλιπόντες
895 786 1108 858 αὐτὴν
1173 789 1470 862 εὐώνυμον,
1530 785 1795 859 ἐπλέομεν
1844 781 1920 844 εἷς
1972 786 2074 835 Συ⁶

328 897 350 924 ι
382 871 524 947 ρίαν,
585 871 695 927 καὶ
762 877 1197 952 κατήχθημεν
1255 877 1328 939 είς
1382 876 1579 950 Τύρον·
1637 874 1810 929 έκεῖσε
1864 871 1969 946 γὰρ
2007 869 2074 937 ἦν

2181 625 2209 655 ‹‹
2242 622 2450 661 navem
2483 623 2612 677 quae
2637 607 2940 676 trajiceret
2961 607 3021 661 in
3043 605 3380 674 thnicen,
3407 623 3475 662 ea
3501 624 3827 666 conscensa

2182 716 2206 746 α
2247 696 2551 750 solvimus.
2584 696 2848 768 Cumque
2880 697 3155 765 coepisset
3200 696 3372 752 nobis
3402 713 3688 768 apparere
3718 699 3825 770 Cy-

2185 805 2211 835 ‹‹
2239 802 2403 855 prus,
2425 784 2633 840 relicta
2658 801 2728 840 ea
2748 785 2820 840 ad
2846 785 3171 849 sinistram,
3192 784 3593 858 navigavimus
3623 803 3826 842 versus

2185 895 2212 923 (ι
2241 874 2488 945 Syriam,
2523 880 2582 929 et
2609 873 2789 929 delati
2821 890 3025 929 sumus
3055 876 3303 945 Tyrum:
3346 892 3484 930 nam
3516 876 3631 931 huc
3664 877 3833 931 navis

352 964 465 1018 «τὸ
513 960 737 1018 πλοῖον
803 964 1366 1045 ἀποφορτιζόμενον
1417 965 1509 1020 τὸν
1563 964 1757 1040 γόμον,
1790 959 1891 1018 Καὶ
1921 959 2079 1015 ἀνευ-

2251 962 2579 1035 θτροηθῦοῐ
2594 963 3160 1034 onus.Repertisque
3180 963 3488 1035 discipulis
3506 965 3836 1021 mansimus

364 1077 393 1110 ι
419 1052 604 1128 φύντες
657 1051 724 1108 ’ὅδε
784 1054 943 1119 ’τοὺς
1013 1056 1296 1129 μαθητὰς,
1346 1053 1704 1127 ἐπεμείναμεν
1745 1049 1911 1106 αὐτοῦ
1940 1045 2083 1123 ἡμέ-

386 1172 417 1198 ιι
440 1166 537 1221 σας
554 1142 714 1200 ἔπτὰ·
785 1142 1017 1207 σ’ἱτινες
1075 1149 1159 1216 τῷ
1212 1143 1416 1216 Παύλῳ
1446 1137 1636 1218 ἔλεγον
1670 1138 1759 1196 διὰ
1786 1144 1883 1196 τοῦ
1916 1136 2082 1193 Πνεύ-

471 1257 649 1310 ματος,
672 1239 750 1310 μὴ
785 1230 1129 1291 ἀναϐαίνειν
1165 1234 1241 1299 εἷς
1269 1231 1653 1309 Ἱερούσαλήμ,
1690 1255 1719 1284 ››

482 1328 547 1384 Ὃ
572 1324 707 1402 λέγει
735 1325 919 1381 τοῦτό
955 1325 1105 1380 ἐστι’
1167 1325 1261 1392 Μὴ
1319 1323 1657 1398 εὑρίσκοντες
1689 1319 1887 1375 πλοῖον
1918 1319 2088 1390 ἀπερ-

421 1417 635 1492 χόμενον
668 1416 744 1477 εἷς
779 1416 1153 1489 Καισάρειαν,
1204 1411 1332 1468 ἀλλ’
1389 1412 1465 1473 είς
1520 1411 1801 1481 Φοινίκην,
1846 1406 2087 1477 ἀνήλθο-

419 1527 512 1579 μει
554 1505 633 1569 εἰς
680 1505 842 1560 αύτόο
904 1505 1003 1560 καὶ
1062 1503 1286 1578 Κύπρον
1348 1499 1404 1556 δὲ
1458 1501 1714 1573 εἰάσαμεν
1741 1498 1833 1554 καὶ
1867 1494 2086 1571 Συρίαν.

421 1598 498 1653 Τὸ
524 1596 649 1669 γὰρ,
708 1591 1126 1655 Καταλίπόντες
1186 1590 1352 1660 αὐτὴν
1409 1591 1711 1665 εὐώνυμον,
1762 1589 1872 1662 οὐχ
1899 1584 2091 1647 ἁπλῶς

426 1685 665 1759 εἲρηται,
721 1681 858 1738 ἀλλ’
910 1684 1000 1737 δτι
1060 1679 1188 1737 οὐδὲ
1243 1678 1402 1757 ἐγγὺς
1459 1678 1702 1757 γενέσθαι
1759 1680 1863 1743 τῇς
1897 1673 2093 1749 Συρίας

424 1771 713 1830 ἔσπευδον.
742 1772 957 1830 Ἦλθον
1016 1770 1111 1827 οὖν
1176 1770 1252 1832 εἰς
1308 1771 1530 1841 Λυκίαν,
1586 1768 1678 1824 καὶ
1733 1769 1835 1835 τήν
1881 1765 2098 1840 Κύπρον

2191 1073 2219 1102 ‹‹
2250 1051 2471 1106 ibidem
2503 1051 2712 1107 diebus
2743 1058 2967 1123 septem
2997 1069 3009 1106 :
3060 1052 3159 1123 qui
3200 1052 3382 1107 Paulo
3431 1053 3709 1110 dicebant
3732 1070 3841 1126 per

2191 1164 2219 1192 ‹‹
2254 1142 2556 1214 Spiritum,
2591 1158 2666 1197 ne
2697 1141 3048 1197 ascenderet
3074 1142 3416 1199 Jerusalem.
3457 1166 3478 1192 ι

2265 1323 2514 1377 Tantum
2543 1327 2632 1376 est
2656 1337 2723 1376 ac
2751 1322 2798 1376 si
2822 1321 3079 1377 diceret:
3114 1322 3257 1376 Cum
3286 1338 3499 1377 navem
3529 1339 3651 1378 non
3683 1323 3845 1377 inve-

2198 1411 2462 1465 niremus
2510 1411 2828 1465 abeuntem
2877 1414 3224 1476 Caesaream,
3279 1411 3379 1466 sed
3413 1411 3475 1465 in
3505 1412 3848 1478 Phoenicen,

2198 1500 2368 1555 illum
2401 1500 2897 1555 conscendimus:
2958 1501 3214 1572 Cyprum
3272 1506 3471 1556 autem
3522 1507 3580 1556 et
3618 1502 3847 1572 Syriam

2200 1590 2688 1663 prwterlegimus.
2724 1588 2887 1655 Quod
2921 1591 3081 1644 enim
3115 1591 3221 1657 ait,
3254 1590 3476 1646 Relicta
3508 1606 3576 1646 ea
3605 1591 3680 1646 ad
3711 1588 3851 1645 sini-

2202 1688 2408 1750 stram,
2459 1698 2580 1736 non
2627 1686 2852 1737 temere
2905 1681 3131 1736 dictum
3187 1686 3296 1748 est,
3330 1680 3432 1735 sed
3465 1679 3624 1752 quod
3653 1696 3847 1752 neque

2206 1771 2384 1843 Syriae
2416 1769 2898 1841 appropinquare
2931 1769 3267 1825 studebant.
3298 1772 3599 1825 Venerunt
3628 1786 3765 1842 ergo
3788 1770 3851 1824 in

419 1863 667 1942 ἀφέντες,
747 1862 825 1924 εἷς
900 1860 1086 1935 Τύρον
1159 1855 1547 1914 κατέπλευσαν·
1625 1856 1796 1912 ἐκεῖσε
1861 1854 1966 1930 γὰρ
2031 1854 2095 1907 τὸ

2219 1859 2462 1929 Lyciam,
2494 1858 2821 1929 relictaque
2879 1858 3089 1931 Cypro,
3146 1859 3581 1914 descenderunt
3624 1859 3855 1931 navigio

414 1940 621 2008 πλοῖον
682 1951 1021 2029 ἂπειρόρτισε
1076 1951 1169 2005 τὸν
1228 1948 1422 2026 γόμον.
1480 1946 1557 2004 Ού
1612 1944 1774 2001 τοῦτό
1816 1964 1977 2021 φησιν
2008 1940 2094 1997 ὅτι

2219 1949 2440 2019 l‘yrum,
2470 1964 2609 2003 nam
2641 1965 2710 2005 eo
2744 1948 3015 2021 exposuit
3057 1948 3224 2003 navis
3274 1965 3447 2003 onus.
3495 1971 3522 1999 ‹‹
3556 1948 3662 2013 Qui
3694 1947 3859 2002 dice-

413 2043 515 2110 τήν
577 2028 907 2109 παραίνεσιν
964 2035 1053 2093 διὰ
1108 2041 1206 2093 τοῦ
1272 2036 1584 2109 Πνεύματος
1639 2035 1906 2100 ἐποιοῖτο,
1964 2028 2094 2086 ἀλλ’

416 2133 499 2185 δτι
529 2128 626 2185 διὰ
657 2134 761 2184 τοῦ
799 2127 1114 2202 [Ινεύματος
1173 2123 1397 2188 εἰδότες.
1457 2124 1535 2182 Ού
1589 2124 1695 2200 γὰρ
1727 2122 1917 2183 ἁπλῶς
1947 2121 2098 2192 αὐτῷ

425 2222 494 2275 τὰ
518 2218 665 2275 ζεινᾶ
692 2214 1040 2295 προύλεγον,
1091 2214 1217 2271 ἀλλ’
1273 2217 1359 2270 ἅτι
1417 2209 1681 2284 ἀναϐῆναι
1712 2213 1774 2268 ού
1810 2213 1947 2288 χρὴ,
1980 2231 2098 2288 φει-

426 2306 640 2383 δόμενοι
673 2308 875 2363 αὐτοῦ.

501 2510 524 2539 ι
556 2489 688 2544 Ὅτε
746 2481 810 2539 δὲ
865 2481 1076 2557 ἐγένετο
1128 2484 1276 2554 ἡμᾶς
1329 2480 1604 2556 ἐξαρτίσαι
1680 2478 1776 2541 τὰς
1850 2475 2101 2552 ἡμέρας,

438 2577 747 2648 ἐξελθόντες
871 2572 1100 2649 ἔπορε-»ό
1111 2573 1265 2646 μεθα,
1397 2569 1838 2645 προπεμπόντων
1953 2569 1986 2635 ἡ
1997 2569 2100 2640 μᾶς

436 2666 654 2719 πάντων
714 2662 815 2716 σὺν
870 2659 1076 2734 γυναιξὶ
1134 2659 1222 2715 καὶ
1278 2659 1488 2718 τέκνοις
1544 2657 1648 2719 ’ὲως
1706 2649 1809 2726 ἔξω
1856 2662 1953 2723 τῆς
1984 2653 2097 2708 τπδ’

437 2753 599 2815 λεως.
678 2750 792 2809 Καὶ
870 2752 1048 2813 θέντες
1121 2749 1190 2802 τὰ
1260 2748 1460 2823 γόνατα
1535 2745 1623 2801 ἐπὶ
1697 2746 1789 2801 τὸν
1846 2739 2099 2819 αἰγιαλὸν

428 2841 873 2915 προσευξάμεθα.
969 2836 1074 2893 Καὶ
1167 2836 1536 2909 ἀσπασάμενοι
1613 2830 1925 2904 ἀλλήλους,
2002 2831 2103 2887 ἐπ·-

418 2928 637 3006 έϐημεν
693 2930 778 2991 εἷς
832 2929 900 2982 τὸ
947 2924 1168 2981 πλοῖον
1230 2926 1427 2980 ἐκεῖνοι
1494 2921 1553 2978 δὲ
1622 2920 1955 2997 ὑπέστρεψαν
2021 2920 2098 2985 εἷς

431 3024 506 3079 τὰ
568 3018 714 3077 ἷόιᾶ.
794 3018 990 3091 Ἡμεῖς
1057 3012 1116 3070 δὲ
1179 3015 1270 3070 τὸν
1343 3011 1515 3069 πλοῦν
1590 3009 1925 3074 διανύσαντες
2000 3012 2106 3079 ἀπό

426 3111 647 3185 Τύρου,
709 3107 1133 3178 κατηντήσαμεν
1199 3103 1279 3166 νίς
1346 3100 1719 3174 Πτολεμαῗδα,
1777 3102 1867 3157 καὶ
1927 3103 2106 3158 ἀσπα-

454 3199 680 3271 στὶμενοι
748 3196 878 3256 τοὺς
941 3192 1233 3270 ἀδελφοὺς,
1310 3191 1599 3267 ἐμείναμεν
1663 3190 1872 3266 ἡμέραν
1973 3191 2102 3264 μίαν

455 3287 589 3359 παρ’
665 3284 855 3344 αἰποῖς.
921 3286 1001 3356 Τῇ
1070 3279 1129 3337 δὲ
1194 3279 1449 3354 ἐπαύριον
1514 3277 1821 3351 ἐξελθόντες
1870 3280 1923 3334 οἱ
1978 3279 2104 3354 περὶ

469 3373 566 3427 τὸν
602 3370 827 3440 Παῦλον,
874 3370 1046 3442 ἦλθον
1104 3370 1180 3431 εἷς
1239 3369 1576 3445 Καισάρειαν.
1638 3368 1736 3424 Καὶ
1776 3365 2109 3432 εἰσελθόντες

465 3463 546 3524 εἰς
611 3461 701 3516 τὸν
761 3462 895 3517 οἷκον
963 3458 1255 3517 Φιλίππου
1311 3463 1409 3514 τοῦ
1469 3458 1887 3535 εὐαγγελιστοῦ,
1957 3456 2109 3522 ὄντος

461 3552 520 3607 ὲκ
594 3555 700 3606 τῶν
763 3551 913 3622 ἑπτὰ,
984 3549 1270 3625 ἐμείναμεν
1349 3550 1475 3624 παρ’
1550 3548 1717 3622 αὐτῷ.
1792 3547 1980 3621 Τούτῳ
2055 3545 2114 3604 δὶ

456 3644 594 3712 ἦσαν
666 3641 948 3717 θυγατέρες
1049 3637 1309 3715 παρθένοι
1391 3634 1643 3711 τέσσαρες
1719 3637 2103 3717 προφητεύου-

462 3752 572 3787 σαι.
602 3754 634 3783 1)

522 3846 551 3874 α
579 3820 892 3897 Ἐξαρτίσαι
924 3818 1019 3881 τὰς
1068 3816 1301 3894 ἡμέρας.
1353 3841 1382 3868 ››
1441 3817 1514 3876 Τὸ
1544 3815 1816 3892 ἐξαρτίσαι
1847 3818 1961 3872 ἀντὶ
1990 3821 2113 3888 τοῦ,

442 3907 769 3983 πληρῶσαι,
801 3906 966 3989 φησί·
999 3905 1149 3964 Μετὰ
1200 3907 1304 3983 γὰρ
1351 3906 1414 3961 τὸ
1466 3904 1760 3979 πληρῶσαι
1794 3906 1892 3969 τὰς
1921 3927 2112 3981 τεταγ-

446 4004 618 4076 μένας
652 4000 893 4074 ἡμέρας,
947 3996 1194 4053 τουτέστι
1230 3998 1365 4070 μετᾶ
1420 3998 1487 4052 τὰ
1542 3996 1744 4071 ἄζυμα,
1777 3998 1853 4061 εἰς
1883 3998 2114 4075 Τρωάδα

441 4091 629 4160 ἦλθον
660 4087 735 4145 δι’
784 4091 1008 4164 ἡμερῶν
1069 4086 1246 4142 πέντε.
1307 4083 1655 4160 Σημειωτέον
1688 4086 1771 4141 ὅτι
1800 4091 1898 4143 τοῦ
1929 4084 2115 4143 διακό-

436 4202 545 4235 νου
607 4176 904 4235 Φιλίππου
955 4176 1095 4245 ἦσαν
1151 4176 1207 4230 αἱ
1259 4174 1567 4251 θυγατέρες,
1620 4173 1759 4230 ὥστε
1790 4174 1881 4231 οὖν
1913 4176 2003 4231 καὶ
2035 4178 2114 4249 τῷ

437 4269 855 4338 κοινωνήσαντι
924 4266 1119 4339 γάμων
1195 4261 1458 4319 διακονεῖν
1531 4260 1718 4334 ἔξεστι.
1797 4266 2113 4339 Σημείωσαι

441 4356 530 4425 εἶς,
562 4357 744 4412 ’ὀτιαὶ
784 4352 1117 4431 προφήτιδες
1175 4354 1232 4408 αἱ
1290 4352 1571 4430 θυγατέρες
1633 4353 1799 4410 αὐτοῦ
1856 4357 2116 4431 παρθένοι

440 4449 623 4517 ἦσαν,
682 4445 774 4499 καὶ
836 4443 920 4499 δτι
976 4441 1182 4512 ἤσκουν
1240 4440 1309 4497 δι’
1365 4440 1655 4498 εὐλάϐειαν
1687 4442 1900 4517 μᾶλλον
1931 4449 2115 4514 τοῦτο,

446 4537 600 4592 ὥστε
657 4535 750 4588 καὶ
807 4532 1140 4611 προφητείας
1199 4532 1483 4602 ἠξιῶσθαι.
1562 4535 1724 4588 Ὥστε
1781 4530 1952 4603 δῆλον
2034 4534 2117 4590 ὅτι

2200 2037 2347 2094 bant
2367 2054 2473 2110 per
2489 2038 2786 2110 Spiritum.
2801 2061 2822 2090 ι
2834 2039 2958 2094 Non
2980 2038 3259 2111 intelligit
3276 2039 3432 2109 quod
3452 2055 3560 2110 per
3576 2037 3859 2109 Spiritum

2202 2126 2537 2183 adhortatio
2561 2128 2753 2196 ﬁeret,
2774 2127 2878 2182 sed
2907 2127 3067 2199 quod
3097 2144 3205 2199 per
3233 2127 3516 2200 Spiritum
3545 2132 3851 2183 noverant.

2204 2218 2403 2287 Neque
2423 2217 2584 2272 enim
2608 2222 2809 2288 aperte
2836 2216 3102 2288 pericula
3122 2216 3547 2288 prmdicebant,
3573 2216 3675 2272 sed
3699 2215 3858 2287 quod

2205 2322 2325 2360 non
2357 2305 2660 2376 expediret
2689 2305 3032 2371 ascendere,
3065 2305 3243 2375 idque
3275 2305 3685 2376 compassione
3716 2303 3860 2359 moti

2207 2394 2506 2450 dicebant.

2280 2485 2435 2540 154
2459 2482 2574 2548 XX,
2606 2483 2727 2537 5.9.
2768 2504 2789 2533 ι
2820 2482 3084 2552 Cumque
3117 2481 3243 2537 dies
3268 2482 3697 2554 explessemus,
3720 2499 3864 2553 pro-

2205 2572 2345 2628 fecti
2378 2572 2634 2639 ibamus,
2660 2571 3092 2627 deducentibus
3124 2588 3234 2626 nos
3266 2570 3547 2626 omnibus
3575 2586 3697 2626 una
3726 2586 3861 2626 cum

2209 2662 2494 2718 uxoribus
2525 2667 2582 2717 et
2613 2662 2774 2729 ﬁliis,
2804 2661 2992 2716 donec
3023 2660 3352 2717 exissemus
3383 2661 3679 2716 civitatem
3706 2677 3720 2715 :
3754 2675 3863 2730 po-

2209 2754 2457 2824 sitisque
2514 2752 2764 2825 genibus
2822 2752 2883 2806 in
2942 2751 3140 2808 littore
3225 2752 3449 2823 precati
3508 2767 3733 2806 sumus.
3795 2748 3860 2803 Et

2211 2842 2600 2899 consalutatis
2638 2842 2910 2907 invicem,
2965 2858 3075 2897 nos
3129 2857 3339 2897 navem
3377 2840 3858 2906 conscendimus,

2211 2934 2301 2989 illi
2330 2950 2465 2989 vero
2496 2932 2807 2987 redierunt
2836 2931 2911 2987 ad
2943 2948 3069 2987 sua.
3102 2933 3216 2987 Nos
3247 2936 3446 2987 autem
3484 2929 3860 3002 navigatione

2213 3023 2491 3094 explicita
2519 3038 2554 3076 a
2601 3022 2748 3091 Tyro
2805 3020 3227 3075 descendimus
3279 3017 3731 3084 Ptolemaidam,
3767 3031 3866 3070 sa—

2214 3112 2538 3182 lutatisque
2585 3109 2871 3165 fratribus
2922 3109 3252 3164 mansimus
3306 3107 3464 3163 diem
3512 3123 3699 3161 unum
3731 3120 3867 3159 cum

2215 3201 2356 3256 illis.
2389 3198 2677 3254 Postridie
2712 3214 2848 3253 vero
2900 3214 3031 3263 nos,
3074 3197 3174 3268 qui
3229 3213 3467 3252 eramus
3497 3211 3632 3250 cum
3662 3192 3868 3258 Paulo,

2218 3291 2437 3362 egressi
2483 3290 2754 3345 venimus
2798 3290 3147 3345 Caesaream.
3199 3289 3267 3344 Et
3313 3287 3565 3361 ingressi
3622 3285 3867 3340 domum

2215 3380 2473 3451 Philippi
2532 3377 2929 3451 evangelista,
2988 3378 3089 3449 qui
3146 3383 3272 3433 erat
3328 3394 3485 3433 unus
3533 3393 3563 3432 e
3616 3379 3867 3446 septem,

2217 3468 2549 3524 mansimus
2577 3466 2735 3538 apud
2765 3483 2920 3522 eum.
2973 3466 3118 3521 Huic
3161 3472 3363 3522 autem
3413 3472 3585 3523 erant
3614 3475 3868 3539 quatuor

2220 3558 2360 3613 ﬁlim
2388 3557 2650 3630 virgines
2680 3556 3128 3628 prophetantes.
3164 3576 3193 3606 »

2291 3823 2597 3899 Ἐξαρτίσαι
2646 3823 2743 3884 τὰς
2804 3820 3037 3896 ἡμέρας.
3096 3824 3352 3880 Verbum
3405 3822 3671 3898 ἐξαρτίσαι
3706 3829 3878 3898 ponit

2220 3931 2327 3986 pro
2384 3915 2672 3984 complere.
2728 3915 2873 3968 Nam
2930 3918 3247 3984 postquam
3302 3914 3582 3985 completi
3620 3914 3879 3972 fuissent

2222 4002 2528 4059 constituti
2554 4001 2704 4066 dies,
2736 4002 2849 4056 hoc
2881 4006 2968 4057 est
2998 4007 3133 4073 post
3158 4002 3286 4058 dies
3317 4018 3680 4073 azymorum,
3713 4021 3877 4060 vere-

2222 4094 2362 4146 runt
2390 4088 2676 4145 Troadem
2702 4087 2911 4142 diebus
2939 4088 3226 4159 quinque.
3260 4089 3691 4145 Advertendum
3724 4091 3879 4146 ﬁlias

2222 4180 2405 4235 fuisse
2437 4177 2708 4249 Philippo
2740 4176 3010 4233 diacono.
3046 4179 3251 4249 Itaque
3310 4178 3545 4234 diaconi
3577 4195 3706 4235 esse
3737 4198 3882 4252 pos-

2225 4274 2364 4325 sunt
2397 4274 2455 4324 et
2486 4268 2546 4323 hi
2574 4268 2674 4339 qui
2700 4267 3022 4339 participes
3050 4267 3292 4323 fuerunt
3339 4269 3705 4340 nuptiarum.
3740 4271 3882 4325 Ani-

2225 4358 2524 4414 madverte
2554 4362 2842 4428 prmterea
2863 4355 3022 4427 quod
3042 4356 3424 4428 prophetides
3450 4357 3580 4429 ejus
3602 4357 3740 4413 ﬁliai
3763 4359 3876 4412 vir-

2225 4448 2394 4521 gines
2425 4453 2614 4515 erant,
2642 4452 2700 4502 et
2743 4446 2899 4518 quod
2953 4451 3196 4518 propter
3223 4445 3510 4517 pudorem
3543 4447 3730 4519 magis
3761 4447 3873 4503 hoc

2227 4537 2701 4609 assequebantur
2728 4543 2794 4592 ut
2824 4542 2883 4591 et
2918 4537 3232 4608 prephetia
3263 4536 3456 4609 dignm
3489 4537 3871 4594 haberentur.

450 4619 937 4700 περισπούδαστον
991 4621 1058 4691 ἦν
1113 4621 1204 4677 καὶ
1257 4621 1444 4683 αὐταῖς
1495 4623 1530 4691 ἡ
1587 4623 1866 4697 παρθενία.
1915 4622 1977 4681 Εἰ
2011 4624 2107 4700 γὰρ

2230 4627 2603 4683 Manifestum
2632 4627 2830 4697 itaque
2853 4630 2942 4680 est
2963 4624 3121 4696 quod
3142 4641 3354 4697 magno
3376 4626 3570 4681 studio
3603 4626 3878 4684 servaba-

460 4714 548 4787 μὴ
611 4711 681 4780 ἦν
736 4707 1223 4786 περισπούδαστον,
1284 4708 1381 4764 οὐκ
1433 4708 1492 4764 ἂν
1545 4708 1879 4786 προσέθηκεν
1922 4713 1949 4766 ὁ
1991 4733 2125 4788 συγο

456 4801 711 4881 γραφεὺς
740 4801 823 4856 ὅτι
861 4799 951 4855 καὶ
977 4796 1231 4873 παρθένοι
1260 4800 1412 4868 ἦσαν.

1110 4981 1365 5035 ΚΕΦΑΛ.
1421 4984 1497 5035 Λ¹.

464 5081 719 5163 Ἀγὰὄου
793 5084 1103 5163 προφητεία
1167 5085 1318 5163 περὶ
1355 5088 1465 5139 τῶν
1524 5079 1981 5163 ’συμϐησομένων
2045 5094 2127 5163 τῷ

944 5154 1146 5229 Παύλῳ
1175 5154 1246 5211 ἐν
1281 5155 1595 5232 Ἱερουσαλή

552 5270 577 5301 ι
609 5250 1019 5324 Ἐπιμενόντων
1078 5240 1138 5299 δὲ
1191 5244 1353 5318 ἦμῶν
1410 5242 1620 5319 ἡμέρας
1694 5245 1941 5321 πλείους,
1998 5272 2129 5307 κατ..

474 5338 616 5410 ἦλθέ
687 5360 772 5402 τις
839 5335 953 5392 ἀπὸ
1026 5341 1130 5402 τῆς
1199 5331 1465 5396 Ἰουδαίας
1539 5336 1826 5415 προφήτης
1901 5338 2125 5415 ὀνόματι

474 5423 743 5507 Ἄγαϐος,
829 5425 934 5485 Καὶ
1015 5422 1187 5478 ἐλθὼν
1254 5421 1391 5498 πρὸς
1454 5425 1622 5497 ἡμᾶς,
1689 5425 1781 5480 καὶ
1838 5425 1972 5502 ἆρας
2027 5429 2128 5499 τὴν

475 5521 646 5591 ζώνην
701 5522 803 5576 τοῦ
871 5511 1124 5585 Παύλου,
1194 5509 1363 5583 δήσας
1428 5532 1486 5567 τε
1548 5511 1715 5568 αὐτοῦ
1778 5516 1876 5579 τὰς
1940 5522 2132 5595 χεῖρας

463 5611 551 5669 καὶ
605 5610 738 5676 τοὺς
793 5604 1003 5676 πόδας,
1064 5600 1203 5657 εἶπε·
1262 5597 1400 5656 Τάδε
1474 5598 1618 5677 λέγει
1673 5603 1737 5658 τὸ
1795 5609 2015 5680 Πνεῦμα
2067 5610 2131 5666 τὸ

458 5704 625 5784 ἅγιον.
687 5703 804 5762 Τὸν
867 5690 1051 5769 ἄνδρα
1110 5691 1172 5747 οὗ
1229 5688 1369 5745 ἐστιν
1431 5691 1466 5760 ἡ
1534 5691 1680 5762 ζώνη
1737 5692 1898 5768 αὕτη,
1957 5697 2131 5763 οὕτως

2233 4722 2331 4771 tur
2358 4716 2514 4788 apud
2546 4732 2646 4770 eos
2667 4714 2969 4786 virginitas
2995 4731 3007 4768 :
3041 4713 3157 4768 nisi
3185 4714 3345 4769 enim
3379 4714 3556 4788 digna
3587 4722 3741 4772 esset
3770 4733 3877 4789 pro

2235 4823 2353 4876 qua
2381 4810 2726 4871 certaretur,
2750 4818 3128 4874 nequaquam
3154 4803 3483 4861 addidisset
3512 4806 3766 4878 scriptor
3794 4806 3881 4861 hi-

2235 4897 2455 4961 storiae,
2484 4894 2642 4967 quod
2673 4893 2849 4949 etiam
2878 4892 3135 4965 virgines
3166 4900 3357 4950 erant.

2668 5056 2680 5063 _
2839 4981 3071 5037 CAPUT
3108 4982 3274 5038 xxx.

2235 5093 2415 5162 Agabz’
2436 5089 2730 5161 prophetia
2775 5087 2865 5162 de
2890 5087 2974 5143 his
3021 5106 3142 5160 qua
3169 5092 3367 5159 futura
3403 5098 3579 5157 erant,
3612 5097 3676 5146 ut
3709 5092 3883 5147 Paulo

2658 5160 3008 5231 Jerosolymis
3055 5165 3452 5233 contingerent.

2304 5251 2456 5321 XXI,
2492 5252 2669 5305 10-14.
2702 5271 2729 5300 ‹‹
2754 5249 3016 5320 Cumque
3046 5266 3532 5321 permaneremus
3562 5249 3689 5306 dies
3718 5267 3885 5307 com-

2233 5342 2458 5414 plures,
2515 5338 2752 5395 advenit
2807 5338 3048 5409 quidam
3105 5355 3141 5393 a
3193 5339 3393 5394 Iudaea
3446 5340 3737 5411 propheta
3776 5358 3884 5397 no-

2235 5431 2396 5487 mine
2427 5429 2708 5502 Agathus.
2742 5429 2795 5483 Is
2826 5443 2961 5482 cum
3017 5427 3091 5483 ad
3146 5444 3255 5483 nos
3313 5429 3698 5499 pervenisset,
3745 5431 3886 5488 tulit

2238 5520 2541 5593 cingulum
2572 5517 2760 5582 Pauli,
2793 5521 2851 5571 et
2881 5516 3132 5589 alligans
3181 5517 3294 5573 sibi
3343 5534 3558 5575 manus
3590 5526 3648 5577 et
3677 5522 3881 5594 pedes,

2239 5606 2422 5664 dixit:
2457 5608 2591 5664 Hmc
2640 5604 2784 5662 dicit
2844 5604 3097 5677 Spiritus
3154 5612 3433 5665 sanctus:
3476 5608 3684 5666 Virum
3715 5611 3885 5682 cujus

2239 5702 2330 5754 est
2359 5696 2662 5771 cingulum
2692 5695 2824 5765 hoc,
2861 5693 2945 5751 sic
2998 5693 3328 5768 alligabunt
3379 5699 3760 5773 Jerosolymis
3788 5699 3885 5753 Ju-
