4112 6250
412 344 530 407 963

1538 339 1950 403 (ΕουΜΕΝΙι
1995 340 2299 403 ΤΒΙΟΟΕ
2350 342 2700 409 EPlSCOPl

3709 352 3831 413 264

408 481 559 540 155
596 480 731 547 dmi,
763 477 1124 550 tradentque
1183 478 1245 533 in
1304 491 1516 533 manus
1572 477 1859 546 gentium.
1906 476 2052 533 Cum

2192 480 2426 549 ῖήσουσιν
2497 483 2549 538 ἐν
2618 484 2983 561 Ἰερουσαλὴμ
3047 484 3326 557 Ἰουδαῖοι,
3402 489 3497 543 καὶ
3565 485 3832 558 παραδώ-

414 588 530 644 que
578 572 702 626 haec
753 568 1205 645 audivissemus,
1262 566 1615 639 rogabamus
1647 572 1705 621 et
1739 584 1848 621 nos
1879 572 1936 622 et
1968 567 2069 638 qui

413 663 575 718 illius
606 661 719 716 loci
754 665 945 727 erant,
986 676 1063 713 ne
1119 658 1469 713 ascenderet
1525 657 1874 712 Jerusalem.
1909 659 2071 713 Tunc

410 749 720 823 respondit
751 749 989 813 Paulus,
1023 765 1089 803 ac
1122 747 1271 802 dixit
1303 764 1315 801 :
1364 747 1513 812 Quid
1546 746 1738 801 facitis
1769 746 1981 802 flentes
2013 752 2071 802 et

407 841 743 913 affligentes
798 856 900 894 cor
958 838 1205 893 meum?
1262 839 1377 909 Ego
1439 853 1563 891 non
1609 836 1803 891 solum
1835 836 2068 903 vinciri,

412 931 516 987 sed
543 937 601 985 et
631 930 779 985 mori
812 934 1051 1001 paratus
1098 944 1230 982 sum
1275 926 1659 997 Jerosolymis
1688 941 1795 997 pro
1826 924 2069 979 nomine

410 1020 643 1076 Domini
700 1020 857 1074 Jesu.
918 1021 986 1071 Et
1050 1033 1186 1072 cum
1243 1016 1345 1070 ille
1402 1031 1526 1070 non
1586 1013 2069 1086 persuaderetur,

410 1108 813 1181 acquievimus
840 1106 1143 1162 dicentes:
1181 1126 1209 1154 »
1243 1104 1480 1160 Domini
1511 1103 1785 1158 voluntas
1832 1101 1956 1158 fiat.

1013 1392 1243 1449 CAPUT
1280 1389 1479 1448 XXXI.

414 1509 741 1563 Adhortatio
769 1505 959 1560 Jacobi
1005 1505 1079 1558 ad
1110 1503 1364 1568 Paulum,
1397 1517 1456 1557 eo
1489 1500 1633 1571 quod
1683 1500 1887 1556 Paulus
1927 1499 2071 1553 dice-

556 1586 711 1634 retur
740 1594 846 1633 non
867 1576 1129 1647 judicare
1161 1575 1415 1630 Hebraeos
1444 1572 1928 1628 circumcidendos.

487 1723 632 1789 XXI,
669 1723 850 1775 15-25.
886 1741 912 1768 ‹‹
950 1720 1087 1772 Post
1114 1717 1224 1771 hos
1284 1720 1483 1771 autem
1542 1714 1671 1769 dies
1710 1713 1900 1785 parati
1932 1728 2071 1767 con-

416 1810 847 1867 scendebamus
904 1806 1252 1862 Jerusalem.
1316 1806 1621 1859 Venerunt
1697 1808 1895 1857 autem
1952 1817 2073 1857 una

416 1900 658 1972 quidam
691 1915 761 1953 ex
791 1895 1103 1966 discipulis
1135 1910 1169 1949 a
1198 1894 1467 1948 Caesarea
1514 1892 1851 1955 nobiscum,
1884 1889 2068 1945 addu-

413 1995 615 2044 centes
648 2002 850 2042 secum
911 1983 1071 2055 apud
1128 1999 1306 2053 quem
1350 1982 1809 2053 hospitaremur,
1846 1981 2070 2034 Mnaso-

414 2094 553 2132 nem
612 2074 930 2146 quemdam
1015 2074 1275 2144 Cyprum
1350 2076 1611 2126 veterem
1688 2068 2070 2140 discipulum.

416 2170 682 2235 Cumque
740 2162 1108 2217 venissemus
1160 2160 1547 2232 Jerosolyma,
1589 2158 1846 2214 libenter
1902 2173 2071 2212 exce-

419 2259 635 2326 perunt
688 2268 797 2307 nos
852 2251 1083 2305 fratres.
1145 2252 1386 2304 Postero
1440 2265 1573 2305 vero
1635 2247 1731 2303 die
1790 2246 2077 2302 introibat

416 2342 635 2399 Paulus
666 2341 979 2395 nobiscum
1038 2338 1112 2394 ad
1167 2338 1471 2400 Iacobum,
1505 2352 1833 2408 omnesque
1864 2352 2065 2391 convea

417 2439 637 2489 nerunt
664 2430 1014 2504 presbyteri.
1048 2431 1204 2494 Quos
1260 2429 1362 2484 ubi
1416 2429 1754 2495 salutasset,
1787 2426 2069 2483 narrabat

416 2540 523 2594 per
575 2521 827 2593 singula,
892 2536 1023 2591 quae
1085 2524 1236 2573 Deus
1294 2518 1534 2573 fecisset
1564 2518 1625 2572 in
1657 2517 1933 2590 gentibus
1969 2532 2076 2588 per

416 2611 816 2667 ministerium
847 2609 1053 2679 ipsius.
1091 2610 1163 2661 At
1195 2607 1283 2661 illi
1318 2624 1453 2661 cum
1484 2606 1814 2674 audissent,
1847 2605 2072 2678 glorifi-

419 2701 632 2756 cabant
680 2700 888 2762 Deum,
946 2697 1343 2767 dixeruntque
1402 2697 1494 2750 ei:
1586 2696 1783 2764 Vides,
1867 2695 2070 2760 frater,

420 2796 563 2860 quot
599 2788 786 2843 millia
816 2787 936 2841 sint
981 2785 1317 2841 Judaeorum
1351 2786 1449 2855 qui
1481 2784 1914 2839 crediderunt?
1945 2800 2073 2838 om~

420 2893 649 2949 nesque
681 2876 931 2930 studiosi
986 2880 1309 2929 sectatores
1359 2880 1498 2937 sunt
1541 2873 1706 2945 legis.
1742 2872 2077 2927 Audierunt
2122 2873 2127 2879 ’

420 2973 618 3023 autem
678 2966 750 3021 de
808 2971 864 3019 te
923 2963 1082 3035 quod
1135 2963 1529 3017 defectionem
1581 2962 1796 3018 doceas
1846 2978 1880 3018 a
1921 2963 2075 3017 Mose

421 3073 627 3112 omnes
659 3056 757 3127 qui
790 3055 947 3109 inter
974 3058 1180 3127 gentes
1213 3058 1352 3108 sunt
1402 3052 1655 3119 Judaaos,
1691 3052 1917 3116 dicens,
1950 3067 2074 3106 non

420 3147 636 3202 debere
683 3162 784 3201 eos
839 3143 1266 3199 circumcidere
1310 3143 1489 3205 ﬁlios,
1522 3159 1714 3214 neque
1748 3141 2075 3197 secundum

420 3237 692 3291 instituta
722 3235 930 3288 vivere.
965 3232 1116 3299 Quid
1176 3239 1266 3287 est
1324 3203 1508 3305 ergo?
1556 3203 1811 3288 omnino
1843 3235 2075 3303 oportet
2107 3203 2149 3270 ο

420 3326 735 3381 convenire
795 3323 1289 3388 multitudinem,
1348 3324 1592 3378 audient
1649 3323 1809 3378 enim
1864 3327 1921 3377 te
1980 3337 2082 3375 ve-

423 3415 607 3471 nisse.
642 3415 760 3468 Hoc
793 3430 930 3485 ergo
961 3412 1051 3468 fac
1079 3411 1238 3481 quod
1268 3410 1376 3465 tibi
1423 3412 1697 3467 dicimus.
1732 3412 1879 3466 Sunt
1909 3409 2080 3464 nobis

432 3509 686 3574 quatuor
713 3502 822 3555 viri
853 3507 1052 3555 votum
1084 3500 1372 3555 habentes
1395 3516 1575 3572 super
1603 3517 1664 3555 se
1691 3517 1705 3566 ;
1738 3500 1831 3554 his
1861 3515 2087 3554 assum-

435 3594 556 3663 ptis
582 3591 735 3648 156
769 3590 1019 3661 puriﬁca
1074 3595 1131 3644 te
1189 3606 1325 3644 cum
1386 3589 1528 3657 illis,
1561 3595 1619 3644 et
1673 3585 1953 3660 impende
1984 3603 2087 3642 su-

439 3697 547 3753 per
602 3679 745 3746 illis,
800 3684 865 3733 ut
941 3678 1156 3733 radant
1238 3678 1452 3749 capita,
1514 3678 1821 3748 sciantque
1879 3692 2087 3731 omnes

442 3770 599 3842 quod
630 3786 762 3840 quaa
792 3768 864 3822 de
899 3773 954 3822 te
982 3767 1303 3823 audierunt
1333 3766 1487 3821 nihil
1549 3771 1707 3829 sunt,
1730 3766 1847 3843 sed
1879 3764 2085 3820 ambu-

439 3859 529 3915 las
561 3863 619 3913 et
644 3859 771 3930 ipse
803 3856 1147 3911 custodiens
1207 3856 1416 3929 legem.
1450 3856 1529 3911 De
1585 3854 1859 3928 gentibus
1890 3860 2089 3909 autem

442 3968 572 4023 quae
604 3948 986 4004 crediderunt
1012 3965 1120 4003 nos
1152 3948 1640 4019 signiﬁcavimus,
1674 3948 2088 4012 decernentes,

442 4059 518 4097 ne
552 4040 695 4114 quid
726 4038 1069 4111 huiusmodi
1115 4038 1433 4094 observent
1480 4038 1595 4093 nisi
1640 4043 1704 4092 ut
1746 4042 1989 4093 caveant
2018 4035 2090 4090 ab

442 4133 787 4203 idolothytis
836 4137 896 4187 et
952 4131 1263 4205 sanguine,
1323 4135 1381 4185 et
1440 4130 1747 4197 suﬁocato,
1780 4134 1839 4185 et
1868 4133 2096 4184 scorta-

439 4222 624 4278 tione.
661 4241 684 4272 ιι

516 4331 545 4361 ‹‹
576 4308 1116 4381 Ἐπισκευασάμενοι.
1149 4337 1172 4362 υ
1235 4308 1356 4363 Hoc
1414 4312 1522 4374 est,
1586 4324 1720 4363 cum
1762 4322 1831 4362 ea
1861 4322 1991 4376 quas
2022 4303 2098 4359 ad

445 4401 557 4456 iter
581 4399 917 4455 necessaria
950 4402 1117 4452 erant
1140 4397 1597 4468 accepissemus.
1622 4418 1650 4446 «
1676 4394 1872 4458 Vides,
1891 4394 2094 4460 frater,

443 4494 588 4561 quot
617 4488 827 4543 millia.
851 4508 879 4537 η
913 4486 1240 4543 Consilium
1274 4486 1325 4540 ei
1358 4484 1504 4540 dant
1535 4490 1591 4539 et
1620 4500 1739 4539 non
1766 4482 1983 4555 jubent
2010 4483 2100 4536 Ja-

2174 589 2350 624 σοισιν
2405 571 2482 634 εἷς
2540 579 2731 652 χεῖρας
2784 575 2966 640 ἐθνῶν.
3025 578 3115 639 Ὠς
3168 574 3225 632 δε
3281 577 3597 650 ἣκούσαμεν
3637 599 3832 647 ταυτα,

2173 658 2586 735 παρεκαλοῦμεν
2652 666 2817 736 ἡμεῖς
2884 686 2941 720 τε
3006 667 3093 721 καὶ
3160 667 3213 722 οἱ
3279 665 3540 738 ἐντόπιοι,
3598 671 3698 722 τοῦ
3749 668 3831 741 μὴ

2174 746 2479 807 ἀναϐαίνειν
2546 755 2711 809 αὐτὸν
2790 756 2866 818 εἰς
2940 754 3329 833 Ἰερουσαλήμ.
3398 757 3703 832 Ἀπεκρίθη
3773 777 3837 811 τε

2174 840 2203 893 ὁ
2250 840 2487 915 Παῦλος,
2557 844 2626 901 Τί
2690 851 2899 900 ποιεῖτε
2961 844 3241 907 κλαῖοντες
3306 847 3400 901 καὶ
3460 845 3841 920 συνθρύπτον-

2171 928 2259 990 τές
2316 952 2421 1003 μου
2476 934 2576 1001 τήν
2632 930 2893 1007 καρδίαν;
2954 935 3093 1011 Ἐγὼ
3150 935 3254 1010 γὰρ
3286 934 3348 991 ού
3383 935 3551 1010 μόνον
3588 933 3835 1005 δεθῆναι,

2172 1016 2322 1073 ἀλλὰ
2376 1022 2468 1076 καὶ
2523 1021 2807 1088 ἀποθανεῖν
2862 1023 2941 1086 εἰς
2996 1022 3364 1098 Ἰερουσαλήμ
3424 1025 3666 1097 ἒτοιμως
3713 1022 3839 1100 ἔχω

2177 1109 2308 1183 ὑπὲρ
2364 1115 2462 1165 τοῦ
2520 1111 2787 1185 ὀνόματος
2841 1117 2939 1169 τοῦ
2989 1115 3190 1188 Κυρίου
3250 1115 3460 1185 Ἰησοῦ.
3514 1115 3602 1183 Μὴ
3643 1118 3843 1170 πειθο-

2178 1199 2345 1273 μὲνου
2401 1198 2459 1254 δὲ
2516 1200 2702 1273 αὐτοῦ,
2756 1204 3129 1279 ἡσυχάσαμεν,
3186 1203 3454 1267 εἷπόντες’
3504 1204 3576 1259 Τὸ
3615 1203 3843 1278 θέλημα

2174 1291 2270 1343 τοῦ
2302 1289 2504 1365 Κυρίου
2533 1290 2787 1366 γενέσθω.
2823 1316 2853 1345 ››

2778 1401 3049 1457 ΚΕΦΑΛ.
3100 1402 3226 1459 AA'.

2177 1500 2525 1583 ΠαραίνεσιςΔ
2568 1500 2832 1583 Ἰακώξου
2883 1505 3022 1583 πρὸς
3084 1506 3321 1583 Παῦλον,
3392 1507 3517 1583 περὶ
3591 1512 3690 1564 τοῦ
3757 1509 3843 1583 μή

2499 1572 2676 1632 δοκεῖν
2724 1572 3014 1653 Ἐϐραίους
3061 1572 3501 1655 περιτέμνεσθαὶ.

2254 1742 2281 1769 ‹‹
2339 1716 2485 1772 Μετᾶ
2541 1715 2599 1773 δὲ
2650 1720 2745 1781 τὰς
2799 1721 3012 1794 ἡμερας
3069 1722 3265 1784 ταύτας
3320 1720 3841 1797 ἐπισκευασάμενοι,

2178 1803 2535 1882 ἀνεϐαίνομεν
2592 1808 2670 1873 εἷς
2726 1810 3109 1884 Ἰερουσαλήμ.
3173 1810 3452 1883 Συνηλθον
3512 1810 3570 1868 δὶ
3598 1813 3839 1869 καὶτῶν

2183 1898 2439 1969 μαθητῶν
2485 1897 2593 1953 ἀπὸ
2652 1900 2971 1973 Καισαρείας
3026 1900 3119 1955 σὺν
3174 1903 3334 1974 ⁴ἡμῖν,
3374 1901 3598 1978 ἄγοντες
3628 1902 3757 1977 παρ’
3790 1900 3842 1974 ᾧ

2183 1986 2526 2061 ξενισθῶμεν,
2585 1987 2843 2044 Μνάσωνί
2899 2010 3008 2043 τινι
3071 1989 3298 2065 Κυπρίῳ
3320 1991 3543 2067 ἄρχαίῳ
3580 1994 3837 2064 μαθητῇ.

2181 2074 2491 2149 Γενοβνων
2551 2074 2607 2132 δὲ
2663 2079 2823 2149 ἡμῶν
2883 2077 2959 2141 εἷς
3016 2079 3395 2155 Ἱεροσόλυμα,
3434 2078 3683 2154 ἀσμένως
3714 2078 3846 2135 ἐδὲ-

2180 2166 2337 2237 ξαντο
2369 2166 2517 2238 ἡμᾶς
2550 2166 2601 2220 οἱ
2658 2162 2906 2245 ἀδελφοί.
2965 2170 3046 2240 Τῇ
3079 2164 3136 2222 δὲ
3174 2166 3400 2242 ἐπιούσῃ
3436 2167 3608 2242 εἰσῄει
3638 2169 3667 2223 ὁ
3697 2165 3848 2226 Παδ-

2181 2251 2278 2317 λος
2307 2253 2398 2309 σὺν
2429 2257 2565 2328 ἡμῖν
2621 2254 2757 2330 πρὸς
2820 2250 3100 2327 Ἰάκωϐον,
3162 2257 3354 2319 πάντες
3383 2278 3440 2313 τε
3469 2260 3842 2334 παρεγένοντο

2180 2344 2231 2398 οἱ
2289 2339 2666 2419 πρεσϐύτεροι.
2725 2345 2828 2401 Καὶ
2884 2345 3259 2419 ἀσπασάμενος
3312 2347 3534 2417 αὐτοὺς,
3591 2347 3842 2422 ἐξηγεῖτο

2168 2434 2297 2509 ,καθ’
2351 2430 2406 2488 ἓν
2454 2429 2699 2504 ἕκαστον,
2761 2434 2835 2488 ὧν
2891 2433 3144 2504 ἐποίησεν
3193 2436 3222 2490 ὁ
3276 2437 3405 2499 Θεὸς
3432 2434 3485 2491 ἐν
3515 2441 3631 2499 τοῖς
3661 2436 3840 2492 ἔθνεσι

2181 2518 2272 2575 διὰ
2299 2528 2398 2591 τῆς
2429 2520 2706 2584 διακονίας
2732 2520 2918 2580 αὐτοῦ.
2972 2522 3039 2580 Οἱ
3092 2519 3150 2578 δὶ
3199 2523 3546 2595 ἀκούσαντες,
3580 2523 3838 2597 ἐδόξαζον

2178 2610 2272 2665 τὸν
2304 2610 2524 2684 Κύριον,
2572 2610 2724 2666 εῖπὸν
2779 2632 2838 2666 τε
2896 2612 3065 2685 αὐτῷ·
3126 2618 3382 2688 Θεωρεῖς,
3414 2612 3636 2693 ἀδελφὲ,
3666 2610 3840 2670 πόσαι

2185 2697 2446 2773 μυριάδες
2502 2699 2635 2754 εἰσὶν
2694 2696 2976 2757 Ἰουδαίων
3036 2704 3144 2755 τῶν
3203 2704 3682 2774 πεπιστευκότωνς
3742 2703 3844 2759 καὶ

2182 2788 2375 2850 πάντες
2435 2786 2681 2858 ζηλωταὶ
2737 2792 2835 2843 τοῦ
2916 2787 3088 2863 νόμου
3176 2789 3505 2869 ὑπάρχουσι.
3566 2794 3846 2871 Κατηχή-

2183 2886 2353 2947 θησαν
2414 2873 2471 2931 δὲ
2526 2877 2649 2952 περὶ
2704 2881 2821 2945 σοῦ,
2878 2876 2959 2932 ὅτι
3020 2877 3349 2934 ἀποστασίαν
3411 2877 3684 2943 διδάσκεις
3729 2882 3840 2938 ἀπὸ

2183 2966 2451 3035 Μωσέως,
2518 2966 2645 3021 τοὺς
2711 2964 2845 3020 κατᾶ
2915 2966 2980 3020 τὰ
3056 2960 3177 3037 ἔθνη
3247 2969 3449 3031 πάντας
3519 2967 3833 3040 Ἰουδαίους,

2184 3053 2385 3130 λέγων,
2434 3056 2512 3128 μή
2572 3061 2914 3131 περιτέμνειν
2974 3055 3173 3119 αὐτοὺς
3218 3057 3285 3112 τὰ
3338 3058 3517 3127 τέκνα,
3552 3057 3697 3131 μηδὲ
3725 3065 3842 3123 τοῖς

2186 3140 2689 3217 ἕθεσιπεριπατεῖν.
2747 3142 2807 3198 Τί
2869 3142 2960 3198 οὖν
3022 3142 3181 3216 ἐστι;
3242 3145 3469 3211 Πάντως
3516 3144 3600 3202 δεῖ
3626 3149 3848 3218 πλῆθος

2188 3229 2485 3287 συνελθεῖν
2562 3231 2879 3287 ἀκούσονται
2955 3232 3058 3308 γὰρ
3135 3231 3220 3287 ὅτι
3303 3231 3595 3306 ἐλήλυθας.
3671 3241 3848 3293 Τοῦτο

2189 3321 2279 3375 οὗν
2347 3321 2605 3392 ποίησον,
2672 3321 2702 3376 ’ὸ
2769 3341 2853 3375 σοι
2925 3320 3171 3396 λέγομεν.
3243 3321 3390 3377 Εἶσῖν
3453 3326 3587 3398 ἡμῖν
3649 3322 3849 3401 ἄνδρες

2187 3409 2437 3485 τέσσαρες
2535 3409 2705 3485 εύχήν
2779 3407 3002 3487 ἔχοντες
3105 3410 3193 3487 ἀφ’
3296 3412 3523 3468 ἑαυτῶν⁹
3608 3414 3853 3478 τούτους

2189 3493 2546 3571 παραλαϐὼν,
2603 3497 2889 3573 ἁγνίσθητι
2947 3499 3038 3554 σὺν
3098 3498 3303 3571 αὐτοῖς,
3371 3503 3461 3557 καὶ
3530 3499 3846 3573 δαπάνησον

2192 3586 2275 3642 ἐπ’
2305 3586 2515 3655 αὐτοῖς,
2543 3587 2633 3642 ἳνα
2689 3590 3026 3663 ξυρήσωνται
3080 3591 3180 3659 τήν
3241 3589 3511 3671 κεφαλὴν,
3541 3592 3628 3646 καὶ
3666 3597 3853 3667 γνῶσι

2190 3676 2408 3741 πάντες,
2468 3675 2553 3730 ὃτι
2611 3676 2685 3729 ὧν
2743 3677 3090 3751 κατήχηνται
3148 3678 3274 3754 περὶ
3334 3683 3433 3733 σοῦ
3492 3676 3641 3735 οὐδὲν
3674 3680 3849 3752 ἐστιν,

2191 3763 2339 3820 ἀλλὰ
2369 3770 2613 3840 στοιχεῖς
2644 3765 2733 3821 καὶ
2790 3766 2953 3829 αὐτὸς
3008 3767 3101 3821 τὸν
3155 3767 3326 3840 νόμον
3368 3768 3678 3844 φυλάσσων.
3716 3772 3853 3848 Περὶ

2194 3851 2253 3907 δὲ
2309 3857 2417 3909 τῶν
2484 3855 2923 3910 πεπιστευκότων
2993 3854 3161 3910 ἐθνῶν
3219 3857 3385 3932 ἡμεῖς
3438 3859 3853 3935 ἐπεστείλαμεν,

2193 3942 2491 4018 κρίναντες,
2562 3942 2731 4017 μηδὲν
2793 3949 3043 4001 τοιοῦτον
3123 3951 3310 4021 τηρεῖν
3381 3947 3595 4018 αὐτοὺς,
3666 3950 3714 4005 εἳ
3775 3951 3849 4024 μή

2197 4032 2561 4114 φυλάσσεσθαι
2590 4035 2785 4098 αὓτοὺς
2816 4034 2879 4090 τό
2931 4055 2991 4090 τε
3050 4032 3443 4110 εἰδωλόθυτον,
3475 4040 3565 4095 καὶ
3596 4040 3661 4095 τὸ
3691 4041 3856 4114 αἷμα,

2196 4124 2286 4179 καὶ
2315 4125 2553 4195 πνικτὸν,
2586 4124 2675 4179 καὶ
2705 4123 2977 4200 πορνείαν,
3009 4147 3038 4175 ››

2271 4328 2299 4355 (ι
2331 4302 2872 4376 Ἐπισκευασάμενοι.
2912 4326 2939 4355 ››
2992 4305 3268 4380 Τουτέστι,
3322 4307 3389 4362 τὰ
3436 4308 3574 4383 πρὸς
3620 4304 3856 4364 ὁδοίπο-

2201 4391 2319 4468 ρίαν
2351 4386 2634 4453 λαϐόντες,
2692 4414 2719 4442 ι(
2753 4396 3005 4466 Θεωρεῖς,
3060 4392 3278 4474 ἀδελφὶ,
3309 4397 3476 4451 πόσαι
3510 4395 3793 4473 μυριάδες.
3830 4422 3857 4449 υ

2203 4475 2703 4553 Συμϐουλεύουσιν,
2754 4479 2854 4534 ούκ
2912 4480 3257 4539 ἐπιτάττουσι
3314 4485 3494 4558 τούτῳ
3525 4485 3734 4561 οἱπερὶ
3765 4486 3854 4540 τὸν

444 4580 627 4635 cobus
658 4583 716 4633 et
754 4578 855 4648 qui
909 4593 1043 4631 cum
1099 4592 1169 4631 eo
1228 4580 1417 4642 erant,
1451 4579 1694 4646 propter
1724 4572 1882 4644 quod
1915 4572 2081 4627 etiam

2206 4564 2497 4626 'ldwaow
2561 4567 2679 4623 ὅθεν
2751 4568 2841 4624 καὶ
2898 4570 3195 4633 πείθουσιν.
3256 4575 3593 4647 Οἱκονομίας
3652 4574 3760 4651 γὰρ
3790 4573 3857 4644 ἧν

446 4668 863 4723 suadent.Nam
899 4665 1364 4738 dispensationis
1383 4669 1510 4720 erat
1532 4663 1638 4718 illa
1665 4661 2092 4718 condescensio

444 4772 566 4811 non
599 4756 1216 4827 legislationis.ltaque
1244 4752 1686 4826 praedicationis
1712 4750 1962 4806 oﬂ‘ensio
1995 4754 2096 4823 aut

447 4845 941 4915 impedimentum
973 4860 1092 4898 non
1126 4850 1271 4909 erat,
1302 4842 1405 4898 sed
1426 4840 1960 4913 dispensatio.l\'am
1992 4838 2096 4910 qui

444 4934 829 5005 Jerosolymis
857 4951 925 4988 ex
946 4935 1162 4989 Judaais
1185 4930 1861 4996 crediderant,instituta
1885 4928 2098 5001 legalia

447 5026 640 5082 adhuc
673 5039 909 5079 servare
964 5023 1259 5078 volebant.
1306 5045 1333 5074 «
1369 5024 1468 5077 His
1498 5020 1819 5091 assumptis
1849 5019 2100 5091 puritica

448 5122 505 5172 te
536 5131 671 5171 cum
702 5112 842 5167 illis.
881 5134 907 5161 ››
943 5111 1205 5167 Suadent
1244 5113 1297 5166 ei
1354 5118 1421 5167 ut
1479 5128 1657 5183 opere
1690 5110 2099 5165 defensionem

447 5211 634 5278 paret,
656 5220 774 5259 non
803 5202 1224 5257 sermone.lloc
1245 5201 1445 5272 itaque
1468 5200 1707 5267 dicunt;
1732 5200 1814 5254 Tu
1845 5197 2099 5270 porrige,

449 5312 579 5366 quae
604 5295 777 5366 juxta
831 5291 1021 5363 legem
1082 5291 1415 5345 offeruntur
1470 5305 1574 5359 pro
1607 5289 1712 5355 eis,
1746 5287 2008 5353 hostias;
2036 5290 2105 5341 ut

450 5382 853 5452 suspicionem
895 5378 1110 5447 solvas,
1153 5384 1211 5433 et
1249 5376 1528 5432 ostendas
1568 5375 1726 5447 quod
1760 5392 1879 5430 non
1911 5374 2105 5428 solum

448 5486 568 5524 non
598 5470 812 5525 doceas
848 5486 979 5540 qum
1019 5467 1133 5541 legi
1178 5466 1477 5522 contraria
1517 5470 1675 5532 sunt,
1708 5464 1827 5518 imo
1858 5462 2017 5534 quod
2049 5467 2108 5518 et

448 5557 576 5629 ipse
608 5574 805 5613 serves
836 5574 968 5629 quae
994 5557 1056 5612 in
1093 5556 1220 5630 lege
1243 5554 1553 5628 jubentur.
1586 5555 1667 5609 Ne
1696 5557 1892 5608 autem
1927 5551 2106 5623 dicat,

448 5646 506 5702 Si
538 5652 743 5720 gentes
766 5646 877 5703 hoc
904 5646 1243 5715 didicerint,
1266 5643 1693 5700 ollendiculum
1718 5641 1858 5698 inde
1882 5641 2109 5722 patien-

2202 4661 2237 4729 ἡ
2269 4652 2688 4735 συγκατάϐασις,
2740 4658 2802 4713 ού
2856 4661 3197 4733 νομοθεσίας.
3232 4663 3346 4720 Οὐκ
3389 4661 3491 4739 ἄρα
3518 4662 3731 4741 ἐγκοπή
3762 4667 3860 4720 τοῦ

2202 4747 2555 4823 κηρύγματος
2611 4750 2772 4802 τοῦτο
2830 4747 2921 4816 ἦν,
2977 4747 3106 4804 ἀλλ’
3159 4751 3464 4825 οῖκονομία.
3533 4753 3601 4809 Οἱ
3651 4754 3756 4829 γὰρ
3804 4750 3854 4806 ἐν

2202 4834 2615 4912 Ἱεροσολύμοις
2678 4858 3053 4901 πιστευσαντες
3105 4838 3213 4895 ἀπὸ
3272 4839 3572 4911 Ἰουδαίων,
3638 4842 3707 4896 τὰ
3762 4838 3856 4911 ἔθη

2203 4927 2272 4981 τα
2297 4926 2503 4999 νομικᾶ
2528 4923 2727 4995 ἤθελον
2768 4919 2849 4993 ,ἔτι
2909 4926 3215 5004 φυλάττειν.
3279 4952 3300 4980 ι
3337 4931 3580 4995 Τούτους
3608 4930 3862 5006 παραλα-

2208 5011 2318 5070 ϐὼν
2354 5014 2635 5091 ἁγνίσθητι
2670 5015 2761 5068 σὺν
2810 5015 3017 5079 αὐτοῖς.
3054 5042 3081 5070 ››
3144 5019 3334 5096 Ἐργῳ
3390 5022 3488 5091 τὴν
3554 5019 3861 5095 ἀπολογίαν

2208 5111 2436 5174 ποιῆσαι
2465 5102 2612 5176 αύτῷ
2669 5099 3160 5176 συμϐουλεύουσιν,
3224 5110 3287 5163 ού
3352 5108 3527 5185 λόγῳ.
3570 5113 3740 5165 Τοῦτο
3771 5107 3865 5164 οὗν

2210 5214 2358 5272 φασι·
2435 5193 2538 5254 Τὰς
2611 5192 3056 5271 προσφερομένας
3134 5197 3266 5273 ὑπὲρ
3332 5198 3507 5255 αὐτῶν
3570 5200 3706 5255 κατὰ
3771 5197 3865 5253 τὸν

2211 5284 2383 5358 νόμον
2414 5279 2619 5348 θυσίας,
2678 5281 2741 5336 σὺ
2797 5283 3070 5360 πάρασχε,
3125 5285 3209 5341 ἳνα
3267 5285 3440 5363 λύσῃς
3470 5291 3569 5358 τήν
3601 5288 3864 5362 ὑποψίαν,

2212 5372 2304 5430 καὶ
2336 5369 2539 5445 δείξῃς,
2570 5371 2655 5426 ὅτι
2684 5371 2747 5426 οὗ
2782 5372 2944 5444 μόνον
2998 5374 3062 5429 ού
3112 5371 3383 5439 διδάσκεις
3414 5376 3514 5449 ἔξω
3543 5382 3638 5433 τοῦ
3663 5377 3865 5447 νόμου,

2216 5459 2344 5517 ἀλλ’
2374 5459 2458 5515 δτι
2486 5459 2576 5515 καὶ
2606 5457 2771 5522 αὐτὸς
2802 5458 3097 5538 φυλάττεις
3125 5466 3193 5521 τὰ
3247 5466 3298 5522 ἐν
3356 5471 3436 5538 τῷ
3462 5467 3638 5542 νόμῳ.
3663 5467 3778 5525 Ἱνα
3807 5460 3867 5519 δὶ

2221 5552 2296 5625 μή
2332 5548 2490 5627 λέγῃ,
2522 5546 2607 5604 ὅτι
2632 5548 2731 5604 ’Δν
2763 5549 2830 5604 τὰ
2886 5546 3015 5625 ἔθνη
3074 5558 3235 5611 τοῦτο
3296 5555 3529 5630 μάθωσι,
3570 5552 3869 5629 σκανδαλε-

2219 5641 2529 5710 σθήσονται,
2589 5638 2779 5715 ἐπάγει
2838 5635 3054 5697 λοιπόν·
3118 5645 3308 5721 «Περὶ
3341 5642 3397 5701 δὲ
3444 5650 3551 5702 τῶν
3583 5665 3869 5701 πεπιστευ-
