4112 6250
515 386 636 452 267
1505 379 1913 439 COMMENT.
1961 378 2036 437 IN
2084 377 2282 438 ACTA
2330 379 2927 442 APOSTOLORUM.
3761 388 3864 450 260

512 529 607 579 tra
637 521 988 578 Dominum:
1019 517 1204 585 Tolle,
1236 515 1397 581 tolle,
1459 514 1570 569 hoc
1620 519 1709 568 est
1756 512 1922 568 aufer
1969 529 2102 568 eum
2135 544 2136 553 ι

2249 573 2250 577 η
2279 510 2503 586 Κυρίου,
2540 534 2564 565 α
2601 515 2732 588 Αἶρε
2761 514 2945 581 αυτὸν,
2985 511 3103 566 ἀντὶ
3135 515 3251 582 τοῦ,
3282 513 3519 587 Ἐπαρον
3550 513 3697 569 αὑτὸν
3718 515 3770 572 ἐκ
3783 524 3873 574 τῶν

512 614 675 667 vivis.
707 611 822 665 Alii
852 626 986 663 vero
1019 607 1225 662 dicunt
1255 606 1366 660 hoc
1397 621 1526 659 esse
1559 602 1716 673 quod
1749 605 2012 658 Romana
2036 619 2136 657 con

2279 602 2516 668 ζώντων.
2551 600 2747 657 ’Ἄλλοι
2783 599 2840 656 δὲ
2871 602 3013 656 οὕτω
3045 601 3192 677 φασὶ,
3243 601 3518 656 τουτέστιν
3549 605 3576 657 6'
3608 607 3722 679 παρ’
3765 610 3877 680 ἡμῖν

517 697 836 757 suetudine
859 695 1015 766 apud
1037 710 1145 748 nos
1169 693 1402 748 dicunt:
1432 692 1590 744 Inter
1617 691 1783 761 signa
1810 706 1943 743 eum
1967 689 2141 760 injice

2278 688 2500 766 λέγουσι
2556 693 2690 745 κατὰ
2763 691 2862 755 τήν
2920 691 3236 761 Ῥωμαϊκὴν
3296 693 3595 760 συνήθειαν·
3657 695 3733 750 Ἐν
3782 704 3880 759 τοῖς

513 811 544 840 ‹‹
574 790 781 843 Nonne
809 793 870 840 tu
895 802 956 839 es
980 783 1080 837 ille
1106 780 1452 853 Egyptius?
1472 803 1497 828 ››
1534 780 1635 834 Hic
1662 780 1960 850 [Egyptius
1992 779 2126 832 hom

2279 779 2487 854 σίγνοις
2520 776 2677 834 αὸτὸν
2711 776 2939 852 ἔμϐαλε.
2981 803 3006 834 ιι
3037 779 3150 836 Οὐκ
3182 779 3284 854 ἂρα
3315 781 3378 834 σὺ
3411 783 3458 834 εἷ
3489 782 3516 835 6
3539 781 3829 857 Αἰγύπτιος,
3859 810 3880 837 ››

520 877 764 948 quidam
792 879 918 929 erat
936 889 1135 927 rerum
1167 886 1450 924 novarum
1487 867 1785 922 studiosus
1809 873 1866 921 et
1887 868 2139 938 imposto

2277 869 2502 930 Οὗτοςὸ
2553 869 2870 941 Αἰγύπτιος,
2930 867 3210 944 ἃνθρωπὸς
3267 890 3350 930 τις
3413 871 3479 938 ἦν
3533 874 3879 946 νεωτεροποιὸς

519 983 587 1022 ac
614 964 1028 1036 praastigiator.
1065 960 1282 1014 Volens
1339 975 1474 1030 ergo
1507 957 1781 1012 diabolus
1813 956 2055 1011 Paulum
2082 956 2139 1011 fa

2276 958 2366 1012 καὶ
2400 960 2692 1026 στατιασής
2725 959 2813 1012 καὶ
2862 958 3108 1012 ἀπατεὼν
3162 958 3253 1012 καὶ
3310 958 3473 1032 γόης.
3536 959 3628 1014 Καὶ
3683 960 3877 1023 θέλωνὸ

519 1071 652 1111 cere
683 1053 1036 1126 participem
1069 1050 1388 1105 criminum
1423 1065 1553 1118 qua:
1582 1047 1692 1101 sibi
1743 1045 2143 1118 congruebant

2279 1042 2539 1108 διάϐολος
2566 1047 2826 1101 κοινωνὸν
2865 1052 3039 1101 ποιεῖν
3095 1046 3307 1102 Παῦλον
3352 1053 3462 1102 τῶν
3523 1046 3697 1120 ἐκείνῳ
3747 1071 3879 1125 προσ-

518 1144 1023 1217 quemadmodum
1048 1141 1226 1196 etiam
1248 1140 1356 1194 sub
1385 1138 1616 1192 Christo
1651 1143 1916 1208 tempore
1938 1137 2064 1201 illo,
2090 1137 2142 1190 in

2279 1137 2522 1205 ηκόντων
2569 1135 2951 1211 ἐγκλημάτων,
3009 1134 3193 1211 ὥσπερ
3249 1136 3337 1190 καὶ
3391 1135 3480 1191 ἐπὶ
3536 1142 3631 1191 τοῦ
3687 1144 3878 1213 Χριστοῦ

519 1234 927 1304 citavitipsum
951 1236 1015 1285 ut
1032 1234 1376 1301 portentosa
1391 1232 1734 1292 operaretur
1751 1225 2143 1280 interJudaeos

2276 1227 2414 1280 κατά
2440 1227 2531 1280 τὸν
2560 1225 2744 1300 καιρὸν
2804 1223 3026 1293 ἐκεῖνον,
3087 1222 3360 1301 διήγειρεν
3420 1226 3582 1282 αὐτὸν
3637 1229 3879 1302 τερατεύε-

518 1325 807 1391 Quoniam
833 1327 1030 1376 autem
1065 1319 1208 1374 dicit
1263 1317 1576 1372 tribunus:
1631 1317 1837 1370 Nonne
1868 1321 1930 1369 tu
1963 1331 2024 1368 es
2073 1315 2133 1368 ill

2280 1317 2400 1370 σθαι
2430 1315 2481 1370 ἰν
2513 1321 2629 1377 τοῖς
2678 1313 2984 1378 Ἰουδαίοις.
3031 1314 3256 1384 Ἐπειδή
3318 1313 3375 1370 δέ
3434 1337 3598 1392 φησιν
3627 1318 3654 1371 ὁ
3685 1316 3882 1393 χιλίαρ-

521 1415 844 1488 Egyptius,
879 1412 1033 1465 hanc
1061 1407 1335 1480 protinus
1369 1406 1770 1477 suspicionem
1803 1421 1835 1459 a
1875 1420 1936 1459 se
1969 1405 2145 1476 rejeci

2279 1424 2402 1479 χος,
2439 1406 2507 1460 Σὺ
2540 1405 2591 1458 εἶ
2627 1406 2654 1458 6
2713 1404 3038 1481 Αἰγύπτιος,
3096 1403 3294 1469 εὐθέως
3350 1405 3514 1460 αὐτὸν
3567 1406 3755 1476 ταύτης
3799 1407 3879 1461 ἀπ-

519 1504 819 1560 declarato
851 1515 1066 1574 genere
1099 1516 1166 1553 ac
1199 1497 1504 1569 religione.
1553 1496 1784 1549 Etenim
1837 1493 1979 1549 alibi
2031 1491 2143 1547 dici

2279 1497 2452 1570 ἤγαγε
2505 1501 2606 1563 τῆς
2665 1494 2920 1568 ὑποψίας,
2975 1494 3066 1549 καὶ
3105 1495 3167 1548 τὸ
3225 1490 3372 1555 ἔθνος
3433 1494 3619 1562 εἰπὼν,
3675 1494 3756 1548 καί
3803 1497 3880 1563 τὴν

517 1610 646 1652 sese
661 1592 991 1665 legitimum
1015 1587 1231 1642 Christi
1257 1585 1563 1642 cultorem.
1579 1586 1872 1638 Vocantur
1889 1589 2084 1637 autem
2099 1583 2141 1636 si

2280 1581 2593 1653 θρησκείαν.
2653 1583 2758 1636 Καὶ
2815 1581 2917 1656 γαρ
2974 1581 3230 1656 ἀλλαχοῦ
3298 1579 3528 1653 ἔννομον
3588 1582 3760 1637 ἑαυτὸν
3808 1587 3885 1638 τοῦ

517 1683 663 1740 carii
695 1681 982 1742 latrones,
1015 1691 1230 1749 genere
1261 1673 1494 1727 ensium
1525 1677 1760 1726 utentes
1784 1671 1883 1741 qui
1906 1671 2137 1742 proxim

2282 1669 2517 1744 Χριστοῦ
2542 1669 2716 1724 καλεῖ.
2784 1670 3030 1745 Σικάριοι
3091 1666 3148 1724 δὶ
3206 1668 3462 1744 λέγονται
3515 1668 3705 1744 λῃσταί
3749 1673 3883 1748 ξιφει-

518 1773 593 1827 ad
619 1785 824 1825 eorum
857 1765 1149 1822 accedunt
1178 1761 1648 1834 magnitudinem
1674 1776 1822 1830 quos
1846 1761 2032 1813 Psrsm
2056 1759 2142 1813 aci

2282 1756 2420 1820 δίοις
2452 1759 2757 1834 χρώμενοι,
2807 1757 3215 1833 παραπλησίοις
3279 1759 3374 1833 μὶν
3413 1759 3476 1814 τὸ
3538 1759 3744 1835 μέγεθος
3793 1766 3885 1820 τοῖς

519 1876 699 1917 nacas
731 1858 971 1912 dicunt:
1005 1853 1328 1907 inflexione
1358 1867 1492 1904 vero
1525 1866 1591 1904 ac
1637 1853 1946 1903 curvatura
1994 1847 2067 1902 iis
2097 1848 2143 1902 si

2279 1855 2387 1905 τῶν
2421 1853 2637 1924 Περσῶν
2698 1849 2998 1917 ἀκινάκαις,
3059 1848 3391 1923 ἐπικαμπέσι
3451 1847 3508 1904 δὲ
3563 1850 3650 1904 καὶ
3704 1850 3884 1922 ὁμοίοις

521 1948 696 2004 miles
728 1950 868 2000 sunt
888 1960 1036 2014 quos
1059 1939 1306 1996 Romani
1340 1939 1491 1993 sicas
1523 1937 1826 2008 appellant
1856 1953 1868 1990 :
1902 1953 1936 1990 a
1957 1935 2141 2006 quibu

2280 1944 2398 1999 ταῖς
2433 1939 2535 1992 ὑπὸ
2566 1938 2856 2010 Ῥωμαίων
2895 1937 3259 2011 καλουμέναις
3320 1938 3520 2008 σίκαις,
3572 1941 3657 2016 ἀφ’
3698 1940 3764 1993 ὧν
3813 1940 3881 1993 καὶ

519 2038 698 2092 etiam
716 2035 802 2089 illi
835 2031 1211 2087 latrocinium
1240 2033 1582 2084 exercentes
1604 2027 2063 2098 appellationem
2081 2041 2143 2080 ac

2278 2028 2377 2093 τήν
2410 2027 2782 2103 προσηγορίαν
2839 2028 2892 2082 οἱ
2950 2025 3300 2102 λῃστεύοντες
3361 2023 3582 2084 ἔλαϐον.
3639 2025 3885 2084 Ἀλλοιδέ

521 2129 829 2196 ceperunt.
876 2121 985 2175 Alii
1016 2135 1152 2174 vero
1185 2123 1404 2173 sectam
1424 2116 1740 2187 quamdam
1761 2115 1916 2186 apud
1939 2113 2138 2170 Iudaeo

2281 2118 2480 2192 αἰρεσίν
2515 2140 2630 2173 τινα
2661 2117 2806 2193 παρά
2835 2114 3120 2181 Ἰουδαίοις
3161 2116 3358 2196 ἔφασαν
3409 2121 3567 2174 εἶναι’
3617 2120 3766 2192 Τρεῖς
3805 2119 3883 2192 γάρ

521 2230 653 2270 esse
691 2211 986 2268 dicebant.
1024 2211 1162 2263 Tres
1197 2206 1488 2278 siquidem
1521 2205 1676 2278 apud
1705 2204 1940 2260 Iudaeos
1997 2210 2145 2260 secta

2281 2209 2414 2263 εἶσιν
2464 2211 2698 2284 αἱρέσεις
2752 2211 2960 2282 γενικαὶ
3014 2210 3162 2284 παρά
3217 2207 3528 2279 Ἰουδαίοις,
3613 2214 3885 2283 Φαρισαῖοι,

521 2308 695 2359 erant
724 2303 786 2356 in
817 2315 1052 2372 genere,
1081 2312 1298 2367 nempe
1330 2294 1634 2360 Pharisaei,
1669 2293 1973 2349 Sadducasi
1998 2293 2145 2348 etEst

2280 2297 2668 2367 Σαδδουκαῖοι,
2701 2299 2791 2354 καὶ
2818 2299 3090 2368 Ἐσσηνοί·
3127 2301 3278 2355 οὗτοι
3308 2301 3402 2355 τὸν
3439 2299 3556 2374 βίον
3606 2298 3886 2372 σεμνότερον

522 2393 684 2450 seni:
719 2391 900 2461 hique
931 2389 1109 2442 vitam
1141 2385 1494 2440 severiorem
1547 2383 1862 2450 ducebant,
1919 2382 2146 2437 invicen

2279 2389 2524 2457 ἀσκοῦσι,
2588 2387 2934 2463 φιλάλληλοι
2996 2388 3145 2450 ὄντες
3195 2390 3286 2443 καὶ
3348 2388 3641 2465 ἐγκρατεῖςο
3697 2385 3882 2442 διὸκαὶ

520 2481 858 2553 diligentes,
891 2494 956 2532 ac
990 2480 1315 2546 temperate
1340 2473 1666 2528 admodum
1696 2474 1958 2526 viventes
1987 2487 2000 2524 :
2035 2471 2144 2525 idet

2277 2479 2527 2548 Ἐσσηνοὶ
2597 2477 3118 2552 προσαγορεύονται,
3205 2477 3376 2554 ἤγουν
3427 2479 3591 2532 ’ὀσιοιο
3648 2473 3793 2531 ἄλλοι
3842 2471 3885 2526 δὲ

517 2587 753 2642 quoque
789 2567 993 2624 Esseni
1023 2565 1374 2622 dicebantur
1426 2565 1594 2634 quasi
1651 2558 1818 2629 ὅσιοι,
1865 2564 1902 2618 i.
1938 2563 2126 2616 sancti

1997 2563 2126 2616 noti
2154 2578 2168 2615 ε
2279 2567 2476 2629 αὐτοὺς
2510 2567 2802 2641 Σικαρίους
2835 2566 3112 2634 ἐκάλεσαν,
3141 2564 3316 2641 ἤγουν
3351 2565 3621 2637 ζηλωτάς.

517 2660 619 2714 alii
646 2676 783 2714 vero
815 2656 1069 2712 Sicarios
1103 2657 1264 2725 ipsos
1307 2653 1711 2724 appellabant,
1765 2654 1884 2707 sive
1931 2652 2165 2707 zelotas.

588 2749 744 2805 ’159
775 2745 920 2809 ΧΧΙ,
953 2745 1041 2809 39,
1075 2745 1182 2808 4ος
1243 2741 1414 2804 XXII,
1478 2744 1626 2794 1-29.
1687 2763 1715 2789 «
1751 2741 1907 2794 Dixit
1970 2745 2167 2794 autem

2356 2771 2376 2798 ι
2412 2749 2548 2802 Εἷπε
2597 2745 2654 2802 δὲ
2710 2749 2738 2801 6
2797 2746 3031 2808 Παῦλοςο
3095 2745 3240 2824 Ἐγὼ
3317 2746 3603 2823 ἅνθρωπος
3661 2745 3744 2819 μέν
3791 2742 3878 2816 εἰμι

519 2835 738 2891 Paulus
765 2833 912 2904 :Ego
926 2830 1170 2903 quidem
1204 2831 1380 2883 homo
1415 2845 1543 2883 sum
1575 2827 1810 2882 Iudaeus
1839 2827 2143 2882 Tarsensis

2279 2835 2545 2898 Ἰουδαῖος
2602 2836 2858 2910 Ταρσεὺς,
2916 2844 3017 2906 τῆς
3070 2835 3324 2898 Κιλικίας
3387 2838 3492 2892 οὑκ
3562 2837 3761 2908 ἀσήμου
3801 2832 3878 2884 πό-

519 2941 641 2982 non
674 2923 940 2978 obscurae
969 2920 1217 2975 Cilicum
1248 2919 1498 2974 civitatis
1544 2919 1705 2973 civis.
1767 2919 1923 2989 Rogo
1972 2923 2143 2972 auten

2281 2924 2420 2988 λεως
2451 2925 2705 2996 πολίτης.
2746 2926 2948 2999 Δέομαι
3000 2923 3056 2980 δέ
3109 2946 3227 2991 σου,
3259 2925 3552 3002 ἐπίτρεψόν
3604 2944 3692 2997 μοι
3738 2920 3869 2986 λαλῆ-

519 3021 598 3084 te,
631 3013 909 3087 permitte
941 3011 1088 3067 mihi
1121 3010 1284 3082 loqui
1313 3010 1384 3065 ad
1417 3009 1722 3081 populum.
1757 3009 2020 3080 Cumque
2067 3009 2143 3063 illi

2281 3037 2366 3070 σαι
2397 3018 2532 3091 πρὸς
2561 3017 2654 3070 τὸν
2710 3015 2860 3071 λαόν.
2917 3014 3345 3089 Ἐπιτρέψαντος
3397 3014 3455 3069 δὲ
3505 3013 3685 3078 αὐτοῦ,
3715 3011 3867 3066 611(15-

523 3105 920 3178 permisisset,
981 3101 1198 3157 Paulus
1257 3106 1420 3156 stans
1478 3100 1538 3154 in
1595 3099 1899 3171 gradibus,
1958 3101 2140 3155 annui

2280 3107 2376 3169 λος
2408 3108 2574 3168 ἑστὼς
2607 3105 2696 3160 ἐπὶ
2745 3111 2849 3160 τῶν
2909 3100 3260 3176 ἀναϐαθμῶν,
3319 3105 3595 3160 κατέσεισε
3647 3105 3708 3175 τῇ
3764 3096 3876 3174 χειρὶ

520 3212 703 3251 manu
735 3193 809 3248 ad
839 3193 1111 3263 plebem:
1163 3197 1222 3245 et
1270 3205 1482 3261 magno
1528 3189 1766 3245 silentio
1819 3189 1972 3244 facto
2021 3190 2138 3245 allo

2279 3200 2356 3264 τῷ
2405 3196 2540 3266 λαῷ.
2600 3194 2825 3264 Ηολλῆς
2877 3192 2932 3248 δὲ
2995 3201 3151 3267 any-5c
3208 3195 3535 3269 γενομένης,
3589 3187 3878 3266 προσεφώνει

519 3284 814 3354 quebatur
841 3282 1043 3353 lingua
1075 3279 1338 3342 Hebraea,
1382 3279 1626 3333 dicens:
1682 3278 1798 3332 Viri
1856 3278 2068 3333 fratres
2112 3295 2142 3333 e

2283 3252 2350 3354 τῇ
2423 3251 2664 3357 Ἐϐραΐδι
2725 3251 3012 3355 διαλέκτῳ.
3063 3251 3298 3355 ’ἷξνδρες
3344 3251 3764 3356 ιἀδελιροὶικαὶ⁸
3799 3292 3882 3328 πα-

522 3376 746 3441 patres,
780 3368 978 3423 audite
1011 3383 1208 3422 meam
1250 3381 1426 3436 quam
1479 3381 1638 3419 nunc
1695 3365 1767 3418 ad
1809 3383 1911 3419 vos
1958 3365 2136 3435 loquo

2283 3373 2456 3446 τέρες,
2488 3372 2753 3426 ἀκούσατέ
2805 3393 2908 3444 μου
2940 3379 3042 3441 τῆς
3085 3375 3221 3445 πρὸς
3275 3373 3423 3446 ὑμᾶς
3464 3376 3552 3426 νῦν
3604 3362 3881 3437 ἀπολογίας·

522 3461 990 3518 excusationem.
1036 3463 1179 3514 Cum
1239 3464 1437 3513 autem
1496 3457 1806 3512 audissent
1855 3457 2009 3528 quod
2059 3458 2146 3511 He

2287 3461 2640 3523 Ἀκούσαντες
2700 3459 2757 3516 δὲ
2814 3463 2896 3516 ’ὁτι
2956 3456 3204 3537 Ἐϐραΐδι
3277 3459 3552 3534 δ.αλέκτῳ
3611 3454 3881 3530 προσφωνεῖ

518 3552 680 3606 braaa
708 3551 916 3621 lingua
945 3549 1055 3604 sibi
1117 3547 1487 3619 loqueretur,
1537 3547 1723 3617 magis
1767 3547 2142 3616 praestiterun

2285 3550 2486 3615 αὐτοῖς,
2517 3549 2728 3622 μᾶλλον
2758 3551 3034 3629 παρέσχον
3085 3551 3347 3625 ἡσυχίαν,
3403 3551 3490 3606 καί
3543 3562 3705 3625 φησιν·
3749 3537 3879 3611 Ἐγὼ

522 3637 858 3702 silentium,
894 3644 953 3692 et
981 3638 1160 3692 dixit:
1193 3637 1308 3708 Ego
1337 3635 1576 3706 quidem
1610 3651 1740 3688 sum
1792 3634 1876 3687 vir
1912 3633 2146 3689 Iudaeus

2287 3640 2380 3713 μέν
2437 3639 2550 3711 εἶμι
2611 3639 2748 3713 ἀνὴρ
2833 3637 3118 3709 Ἰουδαῖος,
3175 3641 3572 3714 γεγεννημένος
3624 3634 3670 3689 ὲν
3717 3630 3881 3701 Ταρσῷ

522 3733 698 3783 natus
731 3728 791 3782 in
821 3729 998 3782 Tarso
1031 3726 1270 3794 Ciliciaa,
1305 3729 1581 3778 caeterum
1615 3723 1898 3777 educatus
1951 3723 2012 3778 in
2061 3723 2146 3777 hac

2280 3735 2380 3796 τῆς
2458 3727 2724 3798 Κιλικίας,
2803 3725 3278 3803 ἀνατεθραμμένος
3365 3727 3424 3784 δὲ
3507 3727 3556 3781 ἐν
3627 3725 3689 3794 τῇ
3747 3714 3878 3772 πόλει

524 3819 760 3872 civitate
791 3815 866 3872 ad
895 3815 1075 3887 pedes
1133 3813 1494 3878 Gamalielis,
1550 3812 1854 3866 institutus
1901 3817 2148 3867 accuratt

2280 3817 2446 3890 ταύτῃ
2503 3817 2650 3890 παρά
2703 3817 2835 3878 τοὺς
2897 3813 3068 3877 πόδας
3124 3815 3446 3887 Γαμαλιήλ,
3505 3803 3877 3877 πεπαιδευμένος

524 3907 586 3961 in
621 3907 814 3978 patria
838 3906 988 3977 lege,
1022 3903 1122 3958 Dei
1155 3902 1277 3956 zelo
1310 3901 1542 3966 ductus,
1577 3901 1732 3954 sicut
1748 3905 1806 3954 et
1834 3917 1934 3954 vos
1962 3916 2148 3955 omne:

2283 3907 2417 3961 κατὰ
2499 3899 2777 3979 ἀκρίϐειαν
2859 3909 2956 3959 τοῦ
3039 3905 3298 3979 πατρῴου
3380 3905 3569 3978 νόμου,
3661 3891 3873 3968 ζηλιιιτῆς

520 3995 665 4050 estis
695 3993 910 4049 hodie:
945 3993 1045 4063 qui
1099 3993 1252 4047 hanc
1299 3990 1452 4045 viam
1501 3995 1846 4060 persecutus
1896 4006 2026 4044 sum
2074 4007 2142 4044 us

2283 3995 2545 4070 ὑπάρχων
2575 3998 2673 4049 τοῦ
2732 3997 2887 4063 Θεοῦ,
2941 3993 3120 4057 καθὼς
3177 3993 3376 4055 πάντες
3437 3995 3587 4067 ὑμεῖς
3641 3987 3747 4042 ἐστι
3797 3979 3867 4045 στί·

513 4101 629 4155 que
663 4083 737 4138 ad
771 4086 1050 4146 mortem,
1086 4081 1338 4153 alligans
1377 4078 1736 4149 tradensque
1789 4079 1848 4132 in
1900 4094 2134 4134 carcere

2285 4105 2468 4158 μερονο
2529 4086 2588 4146 ’ὀς
2637 4085 2836 4154 ταύτην
2894 4085 2994 4152 τήν
3049 4080 3172 4138 ὁδὸν
3233 4080 3434 4155 ἐδίωξα
3485 4083 3612 4157 ἄχρι
3665 4072 3873 4135 θανάτου,

517 4173 672 4229 viros
703 4172 931 4244 pariter
961 4188 1028 4226 ac
1061 4170 1382 4225 mulieres:
1439 4169 1592 4222 sicut
1639 4173 1696 4222 et
1745 4168 2021 4239 princeps
2073 4185 2137 4223 sa

2281 4173 2554 4247 δεσμεύων
2623 4173 2713 4227 καὶ
2790 4169 3122 4246 παραδιδοὺς
3198 4171 3274 4234 εἰς
3333 4172 3580 4252 φυλακᾶς
3625 4161 3796 4237 ἄνδρας
3835 4172 3879 4206 τε

513 4262 822 4318 cerdotum
871 4261 1025 4316 mihi
1073 4260 1242 4314 testis
1302 4263 1392 4313 est
1440 4263 1495 4311 et
1541 4257 1814 4312 universa
1861 4258 2137 4312 seniorun

2279 4265 2368 4318 καὶ
2419 4268 2694 4338 γυναῖκας·
2756 4261 2832 4322 ὠς
2888 4261 2976 4316 καὶ
3037 4263 3064 4315 ὁ
3122 4261 3414 4336 ἀρχιερνὺς
3493 4257 3739 4333 μαρτυρεῖ

509 4352 886 4424 congregatio
915 4367 926 4403 :
962 4366 995 4403 a
1027 4348 1242 4419 quibus
1275 4348 1451 4401 etiam
1517 4346 1783 4416 epistolis
1831 4347 1904 4400 ad
1953 4348 2133 4400 fratre

2278 4351 2366 4407 καὶ
2419 4355 2520 4405 πᾶν
2584 4350 2647 4404 τὸ
2700 4346 3106 4424 πρεσϐυτέριον.
3168 4351 3300 4424 Ηαρ⁹
3363 4351 3438 4405 ὡν
3485 4347 3572 4402 καὶ
3629 4331 3876 4398 ἐπιστολὰς

513 4442 771 4512 acceptis
803 4442 1160 4495 Damascum
1192 4435 1634 4508 proﬁciscebar,
1688 4435 2050 4490 adducturus
2108 4453 2137 4490 e

2280 4440 2562 4513 δεξάμενος
2601 4441 2736 4514 πρὸς
2791 4440 2918 4502 τοὺς
2975 4437 3264 4516 ἀδελιροὺς,
3309 4439 3391 4500 εἷς
3451 4431 3718 4510 Δαμασκὸν
3764 4424 3875 4516 iuo-

510 4531 648 4586 illos
671 4531 772 4601 qui
808 4530 887 4584 ibi
922 4534 1124 4584 essent
1157 4529 1386 4582 vinctos
1415 4526 1742 4581 Jerusalem
1784 4532 1849 4579 ut
1877 4526 2131 4596 puniren

2280 4532 2542 4605 ρευόμην,
2607 4528 2744 4602 biva
2826 4529 2916 4584 καὶ
2990 4514 3132 4591 τοὺς
3175 4530 3345 4583 ἐκεῖσε
3395 4529 3549 4588 ὄντας
3599 4514 3873 4605 δεδεμένους

513 4627 632 4673 tur.
670 4620 898 4674 Accidit
929 4624 1128 4673 autem
1160 4617 1273 4672 iter
1303 4615 1540 4671 facienti
1574 4621 1634 4669 et
1664 4616 2137 4686 appropinquant

2277 4603 2352 4681 εἷς
2403 4617 2765 4694 Ἰερουσαλὴμ
2815 4619 2908 4672 ἳνα
2951 4621 3360 4693 τιμωρηθῶσιν.
3415 4612 3651 4690 Ἐγένετο
3698 4603 3747 4660 δέ
3799 4617 3868 4672 μ⁰¹

513 4709 799 4763 Damasco
861 4709 1101 4762 circiter
1157 4707 1494 4772 meridiem,
1545 4711 1612 4760 ut
1657 4705 1848 4760 subito
1899 4706 1969 4760 de
2018 4708 2137 4761 οωὶι

2274 4728 2628 4784 πορευομενῳ
2677 4707 2768 4762 καὶ
2829 4707 3095 4783 ἐγγίζοντι
3154 4711 3223 4781 τῇ
3284 4703 3553 4782 Δαμασχῷ
3619 4695 3731 4770 περὶ
3785 4705 3865 4784 p.5-

510 4797 989 4869 circumfulgeret
1020 4815 1114 4852 me
1140 4798 1237 4853 lux
1274 4796 1478 4861 multa,
1515 4795 1817 4865 cecidique
1853 4795 1913 4849 in
1947 4796 2134 4850 solum

2273 4780 2574 4874 σημϐρίαν,
2603 4780 2606 4781 ν
2635 4780 2912 4874 ἐξαίφνης
2970 4797 3031 4852 ἐκ
3083 4780 3206 4852 τοῦδ
3247 4780 3478 4871 οὐρανοῦ
3533 4780 3869 4874 ·ιτεριαςξ”ςίρέ⁸είάι

509 4892 569 4941 et
627 4885 822 4940 audivi
877 4903 1082 4941 vocem
1142 4887 1439 4941 dicentem
1500 4885 1694 4939 mihi:
1783 4885 1941 4949 Saul,
2002 4885 2133 4940 Saul

2272 4893 2387 4968 φῶς
2433 4869 2620 4943 ῖκανὸν
2681 4869 2804 4963 περὶ
2863 4886 2980 4960 ἐμὲ*
3049 4884 3236 4942 ἔπεσόν
3318 4869 3383 4942 τε
3441 4884 3515 4945 εἰς
3569 4881 3628 4934 τὸ
3688 4869 3869 4968 ἔδαφος,

507 4973 653 5046 quid
685 4991 780 5028 me
835 4974 1263 5044 persequeris?
1307 4974 1422 5046 Ego
1465 4989 1602 5027 vero
1651 4972 1971 5043 respondi:
2021 4974 2126 5038 Qui

2269 4951 2358 5031 δὲαὶ
2418 4978 2627 5046 ἤκουσα
2687 4951 3201 5052 φωνῆς’)εεγούσης
3264 4996 3380 5048 μοι·
3443 4968 3640 5033 Σαοὺλ,
3701 4951 3867 5052 Σαοὺλ,

509 5080 592 5129 es,
634 5063 933 5118 Domine?
988 5063 1262 5132 Dixitque
1316 5062 1389 5117 ad
1445 5077 1579 5115 me:
1639 5061 1755 5132 Ego
1816 5079 1946 5116 sum
1993 5065 2128 5118 Jesu

2269 5067 2318 5123 τί
2357 5089 2424 5140 με
2484 5048 2743 5136 διώκεις-ς
2783 5067 2926 5144 Ἐγὼ
2971 5048 3027 5120 δε
3083 5065 3402 5141 ἀπεκρίθην,
3452 5063 3545 5123 Τίς
3588 5058 3653 5124 εἴ,
3700 5048 3864 5144 Κύριες

505 5155 862 5217 Nazarenus,
897 5167 1074 5223 quem
1109 5156 1170 5205 tu
1207 5151 1602 5222 persequeris.
1657 5151 1727 5203 Et
1775 5151 1874 5220 qui
1926 5167 2129 5208 mecun

2273 5138 2406 5212 Εἷτέέ
2437 5177 2494 5210 τε
2522 5157 2658 5231 τ.ρός
2717 5176 2806 5227 με·
2857 5138 3010 5230 *Ἐγώ
3061 5155 3174 5228 εἶμι
3227 5138 3438 5223 Ἰησοῦς
3483 5153 3511 5206 6
3566 5138 3868 5231 NaCmpﬂIO-C:

504 5249 694 5310 erant,
730 5243 936 5298 lumen
971 5241 1214 5311 quidem
1246 5239 1523 5293 viderunt
1566 5243 1623 5292 et
1671 5240 1935 5294 exterriti
1999 5249 2128 5295 sunt

2270 5246 2328 5299 δν
2359 5244 2419 5298 σὺ
2461 5221 2676 5306 διώκεις
2717 5221 2818 5300 ‘Ul
2862 5242 2917 5300 δὶ
2943 5221 2954 5230 Ι
2979 5245 3073 5299 σὺν
3115 5221 3249 5316 ’ἐμοὶ
3296 5221 3455 5306 νὸντες
3519 5239 3577 5292 τὸ
3632 5232 3720 5306 μὲν
3769 5221 3865 5316 φίῖκ

505 5348 705 5386 vocem
735 5338 933 5386 autem
967 5347 1089 5384 non
1121 5329 1439 5384 audierunt
1471 5327 1600 5399 ejus
1656 5328 1754 5398 qui
1802 5328 2122 5399 loquebatu

2270 5335 2574 5401 ἐθεάσαντο,
2634 5333 2722 5388 καὶ
2778 5327 3022 5412 ἔμφοϐοι
3079 5308 3346 5408 ἐγένοντο,
3427 5333 3525 5399 τὴν
3598 5320 3650 5376 δὶ
3703 5308 3864 5412 Ῠιωνξὶλ

505 5435 761 5476 mecum.
797 5421 925 5476 Dixi
955 5425 1152 5475 autem
1180 5435 1192 5472 :
1227 5417 1376 5482 Quid
1407 5417 1642 5482 faciam,
1701 5418 1945 5472 Domine
1972 5417 1998 5472 ?
2041 5419 2122 5473 Do

2268 5423 2367 5478 οὐκ
2421 5423 2658 5492 ¹ἤκουσαν
2725 5427 2822 5477 τοῦ
2906 5421 3206 5484 λαλοῦντός
3297 5444 3410 5496 μοι,
3488 5417 3647 5473 Εἶπον
3700 5402 3764 5466 δδν
3812 5395 3862 5496 Τί

505 5507 707 5561 minus
737 5513 937 5563 autem
989 5509 1138 5562 dixit
1177 5507 1373 5562 mihi:
1427 5506 1605 5576 Surge
1657 5509 1714 5558 et
1763 5505 1906 5560 vade
1952 5506 2129 5562 Dama

2265 5481 2505 5582 ποιήσω,
2569 5513 2748 5588 Κύριε.
2819 5513 2878 5568 Ὀ
2942 5509 2998 5566 δὲ
3057 5481 3256 5583 Κύριος
3297 5481 3446 5586 ,πρός
3503 5481 3861 5588 με,’,λιναστᾶ<

502 5612 692 5661 scum,
722 5601 781 5651 et
813 5597 890 5650 ibi
924 5596 1154 5652 dicetur
1184 5595 1291 5651 tibi
1324 5595 1396 5651 de
1419 5594 1698 5650 omnibus
1723 5610 1854 5665 quas
1881 5595 2126 5654 ordinat;

2263 5602 2498 5678 πορεύου
2571 5581 2656 5664 εἶς’
2743 5601 3053 5675 Δαμασκὸν,
3129 5581 3287 5657 κάκεῖ
3359 5581 3448 5655 σοι
3530 5581 3859 5678 λαληρῇσετξξ

501 5691 642 5742 sunt
703 5691 766 5740 ut
821 5692 882 5740 tu
943 5684 1146 5741 facias.
1210 5687 1475 5754 Cumque
1535 5699 1655 5738 non
1705 5653 1964 5739 viderem
2031 5702 2125 5755 pra

2270 5653 2489 5678 "‘r""
2576 5653 2646 5664 ’έν
2744 5653 3053 5675 τίτθην-νυ
3374 5653 3385 5655 -
3652 5653 3660 5656 ~

2263 5690 2386 5766 περὶ
2436 5691 2669 5765 πάντων,
2751 5691 2826 5744 ὧν
2901 5689 3147 5746 τέτακταί
3211 5711 3295 5746 σοι
3371 5691 3606 5755 ποιῆσαι.
3668 5672 3748 5729 ὀς
3808 5653 3856 5711 δδ
