4112 6250
181 403 282 462 269

1386 408 1801 474 GCUMENII
1844 407 2151 469 TRICCE
2194 409 2571 471 EPISCOPI.

3572 422 3690 482 270

183 536 268 592 οὐκ
309 533 640 596 ξνὲϐλεπον
725 545 853 601 ἀπὸ
918 554 1044 617 τῆς
1109 545 1265 616 δόξης
1315 549 1411 600 τοῦ
1469 544 1649 621 φωτὸς
1705 540 1923 609 ἐκείνου,

2044 544 2312 598 claritate
2367 561 2434 599 ac
2474 544 2702 617 fulgore
2747 546 2992 603 luminis
3050 550 3234 619 illius,
3280 570 3386 623 per
3444 571 3685 611 manum

185 630 741 706 ’χειραγωγούμενος
806 636 926 690 ὑπὸ
971 641 1099 691 τῶν
1160 635 1409 689 συνόντων
1447 656 1560 706 μνι,
1617 630 1788 700 ἦλθον
1849 629 1923 691 εἰς

199 722 503 794 Δαμασκόν.
537 722 834 786 ’Δνανίας
874 723 943 780 δὲ
1031 746 1121 786 τις
1153 725 1282 800 ἀνῆρ
1342 719 1588 792 εὐσεϐὴς,
1650 720 1783 775 κατὰ
1835 720 1929 773 τὸν

209 813 363 884 νόμον
428 811 939 885 μαρτυρούμενος
996 814 1113 869 ὐπὸ
1169 815 1372 867 πάντῶν
1429 816 1535 866 τῶν
1596 808 1923 863 κατοικούν-

231 924 329 960 των
374 901 698 967 Ἰουδαίων,
791 901 987 967 ἐλθὼν
1052 904 1191 973 πρός
1251 924 1315 975 με
1368 902 1456 955 καὶ
1512 898 1750 967 ἐπιστὰς,
1812 898 1925 951 εἶπέ

261 1015 362 1069 μοι·
417 992 597 1047 Σαοὺλ
659 988 909 1067 ἀδελφέ,
1005 987 1336 1065 ἀνάϐλεψον.
1421 991 1577 1062 Κάγὼ
1663 990 1797 1060 αὐτῇ
1856 990 1923 1058 τῇ

261 1083 368 1158 ὥρᾳ
422 1076 691 1156 ἂνὲϐλεψα
745 1082 832 1145 εἷς
875 1081 1068 1139 αὐτόν.
1100 1084 1158 1139 Ὁ
1191 1079 1242 1134 δὲ
1288 1081 1456 1135 εἶπεν
1515 1080 1576 1135 Ὀ
1634 1079 1761 1137 Θεὸς
1814 1081 1923 1129 τῶν

265 1175 496 1250 aning
524 1175 689 1245 ἡμῶν
754 1171 1195 1246 προεχειρίσατό
1241 1190 1297 1223 σε
1354 1173 1555 1245 γνῶναι
1610 1168 1673 1220 τὸ
1706 1166 1923 1237 θέλημα

278 1267 455 1331 αὖτοῦ,
480 1262 559 1317 καὶ
590 1259 731 1316 ἰδεῖν
777 1262 846 1316 τὸ
905 1259 1140 1327 δίκαιον,
1197 1259 1286 1314 καὶ
1340 1260 1561 1314 ἀκοῦσαι
1623 1256 1806 1333 φωνὴν
1868 1252 1925 1306 ἐκ

268 1358 366 1409 τοῦ
399 1353 654 1424 στόματος
688 1350 888 1419 αὐτοῦ,
923 1350 1011 1405 ὅτι
1043 1346 1138 1423 ἔσῃ
1175 1349 1380 1422 μάρτυς
1435 1346 1582 1418 αὐτῷ
1612 1345 1748 1419 πρὸς
1789 1342 1923 1397 πάν-

261 1464 353 1503 τας
398 1442 742 1515 ἀνθρώπους,
803 1441 880 1493 ὧν
937 1439 1179 1513 ἑώρακας
1237 1437 1328 1491 καὶ
1377 1434 1637 1506 ἤκουσας.
1702 1434 1795 1487 Καὶ
1829 1436 1919 1485 νῦν

256 1532 308 1587 τί
343 1529 629 1603 μέλλεις,
689 1528 959 1590 Ἀναστὰς
1015 1529 1274 1602 βάπτισαι
1326 1525 1412 1581 καὶ
1471 1522 1771 1580 ἀπόλουσαι
1828 1522 1923 1582 τὰς

254 1621 529 1695 ἁμαρτίας
559 1641 660 1675 σου
693 1617 1157 1690 ἐπικαλεσάμενος
1209 1616 1271 1670 τὸ
1329 1612 1504 1688 ὄνομα
1558 1617 1654 1668 τοῦ
1695 1613 1918 1686 Κυρίου.

252 1711 506 1786 Ἐγένετο
571 1706 632 1764 δέ
720 1731 816 1779 μοι
902 1706 1289 1782 ὑποστρέψαντι
1378 1705 1452 1767 εἷς
1535 1702 1919 1775 Ἰερουσαλὴμ,

248 1802 334 1855 καὶ
396 1798 873 1876 προσευχομένου
936 1818 1042 1869 μου
1094 1796 1147 1851 ἐν
1202 1800 1284 1868 τῷ
1339 1797 1492 1869 ἱερῷ,
1550 1794 1791 1867 γενέσθαι
1854 1812 1920 1863 με

247 1889 299 1945 ἓν
332 1889 615 1957 ἐκστάσει,
646 1888 739 1941 καὶ
788 1882 921 1940 ἰδεῖν
973 1887 1136 1941 αὐτὸν
1196 1883 1427 1959 λέγοντά
1497 1900 1612 1955 μοι·
1678 1884 1915 1934 Σπεῦσον

2036 1898 2145 1949 me,
2175 1888 2233 1937 et
2263 1883 2521 1937 viderem
2552 1902 2707 1948 cum,
2743 1887 3039 1943 dicentem
3072 1891 3217 1944 mihi

246 1979 340 2033 καὶ
390 1976 581 2047 ἔξελθε
634 1976 691 2031 ἐν
739 1974 899 2050 τάχει
962 1974 1008 2044 ἐξ
1053 1973 1437 2049 Ἰερουσαλὴμ,
1503 1969 1641 2027 διότι
1699 1972 1762 2025 οὐ
1822 1970 1919 2023 πά-

256 2067 577 2143 ραόἐξονταί
640 2086 741 2120 σου
792 2068 893 2133 τήν
957 2065 1253 2140 μαρτυρίαν
1336 2064 1458 2137 περὶ
1535 2060 1689 2134 ἐμοῦ.
1751 2060 1916 2136 Κάγὼ

262 2160 436 2213 εἶπον·
498 2158 713 2230 Κύριε,
779 2155 929 2209 αὐτοῖ
1014 2153 1371 2221 ἐπίστανται,
1432 2153 1515 2207 δτι
1600 2151 1711 2225 ἐγὼ
1764 2149 1915 2222 ἤμην

274 2248 581 2319 ςοολακίζων
642 2246 736 2299 καὶ
794 2242 963 2315 δέρων
1031 2242 1169 2298 κατά
1248 2243 1344 2303 τὰς
1430 2241 1743 2316 συναγωγὰς
1791 2238 1917 2299 τοὺς

274 2334 619 2395 ants-Zona;
651 2333 744 2387 ἐπὶ
779 2331 857 2389 σέ.
903 2332 1006 2388 Καὶ
1054 2330 1141 2385 ὅτε
1188 2329 1425 2405 ἐξεχεῖτο
1484 2330 1545 2385 τὸ
1604 2330 1741 2401 αἷμα
1792 2334 1921 2381 Στε-

272 2424 438 2489 φάνου
466 2427 561 2477 τοῦ
623 2422 909 2496 μάρτυρός
937 2441 1058 2488 σου,
1117 2419 1206 2474 καὶ
1267 2420 1428 2482 αὐτὸς
1474 2416 1625 2490 ἤμην
1686 2417 1920 2493 ἐφεστὼς

264 2515 350 2569 διαέ
408 2509 747 2567 συνευδοκῶν
831 2514 901 2583 τῇ
985 2510 1253 2584 ἀναιρέσει
1350 2508 1545 2574 αὐτοῦ,
1631 2506 1919 2586 φυλάσσων

258 2605 320 2658 τὶ
368 2604 565 2674 ἱμάτια
627 2604 741 2654 τῶν
807 2596 1169 2674 ἀναιρούντων
1228 2597 1411 2663 αὐτόν,
1450 2597 1551 2654 Καὶ
1611 2597 1732 2650 εἶπε
1788 2592 1922 2669 πρός

265 2712 346 2766 με’
384 2691 661 2764 Πορεύου,
695 2691 782 2743 δτι
834 2686 947 2764 ἐγὼ
1007 2687 1082 2749 εἷς
1134 2681 1259 2756 ἔθνη
1325 2686 1530 2761 μακρὰν
1584 2683 1923 2755 ἐξαποστελῶ

261 2803 339 2839 σε.
370 2783 612 2836 Ἤκουον
650 2777 712 2832 δὲ
740 2776 913 2832 αὐτοῦ
943 2776 1077 2851 ἄχρι
1103 2776 1299 2831 τούτου
1326 2780 1425 2831 τοῦ
1478 2774 1667 2849 λόγου,
1708 2773 1797 2828 καὶ
1830 2774 1922 2827 ἐπ-

255 2879 388 2942 ἦραν
417 2874 525 2940 τὴν
557 2871 760 2949 φωνὴν
794 2867 994 2936 αὐτῶν,
1028 2866 1302 2941 λέγοντεςο
1336 2868 1471 2941 Αἶρε
1528 2866 1632 2920 ἀπὸ
1687 2871 1788 2933 τῆς
1820 2871 1924 2938 γῆς

239 2964 335 3017 τὸν
375 2965 676 3017 τοιοῦτον·
733 2956 933 3034 οὐγὰρ
991 2958 1226 3021 καθῆκον
1284 2956 1443 3010 αὐτὸν
1506 2954 1624 3028 ζῇν.
1685 2953 1928 3029 Κραζόν-

242 3074 354 3107 των
390 3048 453 3106 δὲ
486 3049 704 3116 αὐτῶν,
766 3045 857 3101 κάὶ
917 3044 1217 3120 ῥιπτόντων
1281 3045 1347 3100 τὰ
1399 3045 1616 3117 ἱμάτια,
1673 3044 1760 3098 καὶ
1823 3063 1926 3097 κο-

248 3142 469 3213 νιορτὸν
561 3134 897 3211 βαλλόντων
961 3136 1035 3197 εἰς
1088 3136 1178 3189 τὸν
1240 3136 1388 3209 ἀὲρα,
1450 3132 1723 3189 ἐκέλευσεν
1771 3131 1926 3187 αὐτὸν

265 3230 293 3282 δ
341 3226 659 3300 ’χιλίαρχος
711 3223 932 3299 ἄγεσθαι
995 3224 1070 3284 εἰς
1123 3225 1223 3292 τὴν
1283 3218 1669 3297 παρεμϐολὴν,
1733 3222 1921 3287 εἰπὼν,

277 3315 540 3385 μάστιξιν
622 3314 955 3383 ἀνετάζεσθαι
1013 3311 1232 3379 ἀὐτὸν,
1312 3314 1406 3367 ἳνα
1480 3310 1683 3383 ἐπιγνῷ
1735 3307 1805 3364 δι’
1855 3310 1923 3378 ἢν

276 3401 465 3456 αἰτίαν
524 3402 695 3462 οὕτως
743 3402 1046 3481 ἰκεςρώνουν
1101 3401 1250 3475 αὖτῷ
1283 3446 1293 3457 .
1365 3403 1452 3464 Ὠς
1507 3400 1564 3455 δὲ
1622 3399 1925 3473 προέτεινε-ι

273 3492 445 3545 αὐτὸν
496 3495 617 3551 τοῖς
675 3490 838 3561 ἱμᾶσι,
901 3493 1017 3547 εἶπε
1072 3491 1209 3567 πρὸς
1265 3492 1356 3547 τὸν
1415 3490 1618 3545 ἑστῶτα
1675 3490 1925 3544 ἑκατόντ-

274 3600 450 3657 αρχον
537 3580 565 3632 6
636 3581 865 3641 Παῦλος*
958 3580 1022 3636 Εἰ
1109 3581 1390 3654 ἄνθρωπον
1478 3581 1754 3652 Ῥωμαῖον
1838 3579 1926 3632 καὶ

272 3669 631 3741 ἀκατάκριτον
715 3666 915 3739 ἔξεστιν
1017 3669 1145 3740 ὑμῖν
1260 3668 1583 3740 μαστίζειν;
1665 3666 1927 3729 Ἀκούσας

274 3755 333 3812 δὲ
391 3760 419 3812 6
474 3758 903 3834 ἑκατόνταρχος,
961 3758 1278 3835 προσελθὼν
1335 3757 1633 3834 ἀπήγγειλε
1686 3761 1765 3828 τῷ
1835 3776 1924 3831 χι-

273 3847 515 3923 λιέρχῳ,
604 3847 809 3923 λέγων·
893 3848 1031 3922 Ὅρα
1084 3847 1137 3900 τί
1200 3845 1423 3919 μὲλλεις
1487 3851 1684 3901 ποιεῖν·
1738 3847 1765 3900 ὁ
1823 3846 1924 3920 γὰρ

261 3939 556 4012 ἅνθρωπος
641 3938 803 4000 οὗτος
856 3938 1132 4009 Ῥωμαῖός
1190 3936 1322 3993 ἐστι.
1407 3934 1729 4008 Προσελθὼν
1792 3932 1848 3990 δὲ
1898 3937 1924 3990 ὁ

255 4027 596 4101 χιλίαρχος,
634 4029 784 4081 εἶπεν
841 4026 1009 4098 αὗτιῖν
1073 4022 1210 4103 Λέγε
1270 4047 1386 4098 μοι,
1437 4025 1481 4081 εἰ
1539 4025 1603 4079 σὺ
1654 4026 1926 4097 Ῥωμαῖος

251 4117 305 4169 εἶ
334 4136 350 4183 ;
383 4117 451 4172 Ὁ
487 4113 549 4170 δὲ
580 4110 710 4193 ἔφη.
768 4115 892 4171 Ναί·
954 4114 1243 4189 Ἀπεκρίθη
1278 4136 1335 4170 τε
1367 4117 1394 4169 6
1423 4112 1745 4190 χιλίαρχος’
1780 4114 1925 4190 Ἐγὼ

248 4203 484 4258 πολλοῦ
546 4202 850 4279 κεφαλαίου
933 4206 1035 4273 τήν
1093 4203 1372 4259 πολιτείαν
1436 4204 1639 4272 ταύτην
1697 4202 1922 4272 ἐκτησά-

258 4315 403 4364 μτ,ν.
434 4293 502 4349 Ὀ
539 4289 599 4347 δὶ
656 4290 873 4354 Παῦλος
922 4288 1047 4372 ἔφη*
1100 4294 1249 4368 Ἐγὼ
1309 4294 1365 4347 δὲ
1421 4292 1511 4348 καὶ
1570 4292 1924 4368 γεγέννημαι.

251 4382 488 4445 Εὐθέως
549 4381 645 4434 οῦν
730 4381 1032 4450 ἀπέστησαν
1117 4382 1209 4436 ἀπ’
1293 4382 1461 4436 αὐτοῦ
1522 4382 1573 4435 οἱ
1635 4378 1928 4453 μέλλοντες

246 4469 753 4539 αῦτὸνάνετάζειν.
812 4470 911 4525 Καὶ
969 4471 998 4525 6
1054 4469 1355 4546 χιλίαρχος
1394 4468 1452 4525 δὶ
1508 4464 1753 4546 ἐφοϐήθη
1805 4469 1925 4523 ἐπι-

245 4559 455 4633 γνοὺς,
490 4557 580 4614 ὅτι
626 4558 903 4632 Ῥωμαῖός
956 4558 1090 4631 ἔστι,
1147 4560 1238 4615 καὶ
1293 4561 1376 4615 ὅτι
1435 4560 1500 4629 ἦν
1561 4558 1719 4614 αὐτὸν
1775 4556 1926 4613 δεδε-

242 4649 400 4711 κώς.
441 4674 465 4699 ι

243 4743 393 4800 Πῶς
427 4759 599 4815 φησιν
637 4738 940 4808 ὁΠαῦλος,
1000 4739 1205 4813 «Ἐγὼ
1265 4739 1359 4812 μὲν
1418 4738 1535 4812 εἶμι
1593 4737 1728 4811 ἀνὴρ
1786 4738 1922 4793 Ἰου-

244 4825 419 4888 δαῖος
466 4826 710 4900 Ταρσεὺς
743 4870 757 4895 ,
812 4833 913 4896 τῆς
969 4826 1224 4889 Κιλικίας
1284 4826 1383 4882 οὐκ
1434 4827 1651 4899 ἀσήμου
1706 4824 1921 4886 πόλεως

249 4917 534 4985 πολίτης,
569 4941 597 4967 »ι
642 4916 733 4969 καὶ
796 4916 929 4988 μετά
989 4917 1205 4992 μικρόνο
1268 4940 1295 4967 ι(
1331 4917 1395 4972 Εἴ
1451 4917 1728 4992 ἄνθρωπον
1787 4916 1924 4971 Ῥω-

256 5011 435 5075 μαῖον
484 5004 582 5060 καὶ
640 5004 1016 5079 ἀκατάκριτον,
1058 5028 1087 5056 ››
1141 5006 1231 5059 καὶ
1289 5006 1355 5059 τὰ
1410 5006 1582 5078 ὲξῇς;
1651 5008 1772 5067 HG);
1832 5006 1921 5059 οῦν

240 5098 431 5149 ταῦτα
472 5094 673 5161 εἰπὼν,
734 5091 861 5149 οόδὶ
918 5093 971 5148 ἐν
1028 5094 1195 5170 ἑτέρῳ
1252 5098 1450 5166 καιρῷ,
1511 5093 1637 5150 ἀλλ’
1696 5094 1745 5149 ἐν
1778 5095 1925 5166 αὖτῷ

242 5186 444 5257 τοῦτῳ
504 5182 558 5239 ἐν
624 5184 671 5255 ᾦ
730 5189 897 5237 ταῦτα
976 5179 1148 5258 ἔλεγε,
1208 5184 1295 5239 καὶ
1354 5184 1489 5257 πρὸς
1545 5182 1674 5245 τοὺς
1730 5183 1925 5244 αὐτοὺς

253 5272 539 5347 ἀκροατάς
594 5289 781 5349 φησιν’
858 5271 921 5328 Εἰ
984 5268 1263 5345 ἄνθρωπον
1320 5274 1590 5344 Ῥωμαῖον
1648 5272 1737 5326 καὶ
1796 5271 1929 5326 ἀκα-

252 5360 518 5436 τὶχριτον
547 5359 753 5432 ἔξεστιν
789 5362 918 5433 ὑμῖν
956 5360 1233 5433 μαστίζειν
1262 5367 1282 5428 ’;
1318 5361 1416 5415 Καὶ
1479 5363 1576 5413 τοῦ
1621 5358 1926 5434 χιλιάρχου

253 5455 665 5528 πυθανομένουο
718 5450 783 5509 Εἰ
848 5450 910 5504 σὺ
962 5451 1235 5521 Ῥωμαῖος
1291 5450 1363 5515 εἴ,
1415 5443 1784 5503 διεϐεϐαιοῦτο
1842 5451 1926 5505 ὃτι

249 5540 537 5612 Ῥωμαῖος
594 5544 689 5613 ἦν,
755 5541 847 5595 καὶ
900 5539 1013 5613 οὐχ
1068 5537 1257 5598 ἀπλῶς
1315 5541 1475 5592 τοῦτο
1530 5535 1724 5611 λέγων,
1783 5536 1930 5592 ἀλλά

253 5651 437 5704 οησιν,
470 5636 555 5691 ὅτι
592 5660 621 5688 α
663 5632 814 5708 Ἐγὼ
846 5628 941 5684 καὶ
970 5629 1294 5703 γεγέννημαι
1330 5647 1344 5695 ;
1379 5651 1407 5678 ››
1448 5628 1539 5699 Ἐξ
1587 5627 1754 5681 αὐτοῦ
1802 5627 1929 5682 τού-

240 5740 350 5776 του
374 5724 619 5799 μάλιστα
652 5722 842 5794 δῆλον
898 5719 984 5772 ὅτι
1033 5715 1325 5787 ἠλήθευεν.
1397 5715 1455 5772 Ei
1512 5716 1612 5790 γὰρ
1661 5715 1712 5770 ἂν
1772 5713 1929 5788 ἄλλῳ

1963 4639 2011 4703 D

2044 632 2334 687 deductus
2394 651 2427 687 a
2477 636 2792 690 comitibus
2852 639 2949 708 qui
3012 657 3245 695 mecum
3306 650 3496 707 erant,
3555 647 3685 700 veni

2036 722 2407 777 Damascum.
2444 725 2699 778 Ananias
2732 732 2931 780 autem
2964 728 3048 781 vir
3078 730 3409 801 religiosus,
3464 750 3685 789 secun-

2037 811 2176 865 dum
2207 812 2395 883 legem
2432 814 2772 868 testimonio
2806 816 3085 886 probatus
3110 820 3377 873 omnium
3413 822 3685 878 habitan-

2038 901 2183 954 tium
2224 901 2346 955 illic
2392 902 2751 966 Judzeorum,
2803 906 3045 959 veniens
3094 908 3167 961 ad
3216 926 3306 964 me
3357 916 3415 965 et
3461 918 3682 981 astans,

2037 988 2184 1043 dixit
2214 990 2357 1043 mihi
2393 1008 2405 1045 :
2440 990 2575 1045 Saul
2609 991 2804 1058 frater,
2841 995 3037 1065 recipe
3075 998 3283 1051 visum.
3319 1001 3386 1053 Et
3430 1017 3532 1070 ego
3586 1019 3682 1058 ea-

2037 1077 2171 1132 dem
2202 1079 2366 1141 hora,
2399 1080 2521 1134 visu
2555 1088 2811 1152 recepto,
2846 1083 2961 1136 vidi
3008 1086 3199 1140 illum.
3256 1090 3329 1141 At
3369 1089 3469 1143 ille
3503 1091 3683 1146 dixit:

2034 1172 2189 1221 Deus
2220 1174 2455 1239 patrum
2486 1176 2823 1225 nostrorum
2858 1176 3207 1244 praeparavit
3256 1182 3310 1231 te
3354 1184 3418 1232 ut
3466 1197 3685 1246 cogno-

2035 1272 2230 1311 sceres
2261 1259 2413 1312 160
2445 1259 2811 1314 voluntatem
2847 1279 3034 1328 suam,
3070 1264 3418 1337 videresque
3440 1268 3498 1322 id
3523 1271 3682 1340 quod

2027 1346 2256 1416 justum
2290 1353 2397 1414 est,
2435 1352 2491 1401 et
2544 1349 2782 1403 audires
2823 1369 3023 1405 vocem
3074 1370 3144 1407 ex
3190 1371 3290 1409 ore
3336 1358 3465 1427 ejus
3502 1375 3513 1411 :
3564 1361 3680 1415 eris

2034 1435 2299 1488 enimilli
2336 1437 2500 1490 testis
2528 1437 2681 1508 apud
2714 1456 2920 1494 omnes
2970 1442 3242 1498 homines
3293 1461 3497 1500 eorum
3547 1465 3678 1517 qua)

2031 1525 2223 1579 vidisti
2258 1530 2315 1579 et
2345 1525 2659 1580 audisti.Et
2688 1545 2847 1583 nunc
2879 1531 3020 1600 quid
3054 1534 3351 1588 cunctaris
3375 1535 3401 1588 ?
3421 1537 3678 1609 Exsurge

2031 1621 2087 1668 et
2117 1615 2433 1686 baptizare,
2469 1634 2533 1671 ac
2584 1625 2824 1688 peccata
2869 1626 2967 1676 tua
3020 1623 3193 1677 ablue
3246 1626 3514 1681 invocato
3566 1645 3679 1685 no-

2028 1706 2187 1759 mine
2223 1706 2477 1759 Domini.
2509 1708 2739 1761 Accidit
2768 1715 2966 1764 autem
3000 1729 3133 1766 cum
3162 1730 3432 1770 reversus
3486 1733 3678 1773 essem

2030 1794 2387 1848 Jesrusalem
2422 1799 2477 1848 et
2509 1812 2738 1851 orarem
2773 1799 2833 1851 in
2866 1801 3108 1871 templo,
3140 1807 3205 1855 ut
3234 1821 3474 1874 raperer
3516 1812 3681 1861 extra

3270 1909 3282 1945 :
3336 1894 3573 1949 Festina
3623 1902 3681 1950 et

2031 1973 2123 2027 exi
2155 1974 2434 2029 velociter
2462 1977 2861 2046 Jerosolymis.
2920 1981 3203 2049 quoniam
3235 1999 3355 2037 non
3388 1986 3681 2056 recipient

2030 2064 2438 2118 testimonium
2471 2071 2636 2120 tuum
2663 2067 2734 2121 de
2778 2085 2892 2124 me.
2936 2072 3003 2123 Et
3035 2087 3139 2143 ego
3185 2072 3305 2126 dixi
3341 2090 3352 2125 :
3405 2074 3674 2144 Domine,

2030 2152 2141 2223 ipsi
2166 2153 2362 2207 sciunt
2381 2155 2538 2223 quod
2568 2172 2673 2227 ego
2707 2159 3117 2227 pertrahebam
3158 2161 3218 2215 in
3268 2178 3588 2231 carcerem,
3622 2172 3682 2221 et

2032 2240 2330 2295 cmdebam
2362 2242 2422 2296 in
2454 2244 2702 2315 singulis
2752 2250 3061 2318 synagogis
3093 2267 3191 2303 eos
3224 2252 3322 2321 qui
3354 2253 3677 2309 credebant

2033 2330 2095 2382 in
2128 2334 2203 2384 te.
2237 2331 2306 2382 Et
2335 2346 2468 2383 cum
2499 2332 2853 2386 funderetur
2900 2338 3140 2406 sanguis
3183 2338 3463 2409 Stephani
3512 2343 3682 2396 testis

2033 2419 2140 2483 tui,
2175 2434 2278 2489 ego
2310 2435 2545 2489 quoque
2578 2421 2949 2487 assistebam,
2985 2430 3042 2477 et
3089 2428 3457 2484 assentiebar
3504 2434 3687 2486 morti

2034 2507 2219 2574 illius,
2252 2513 2310 2561 et
2341 2508 2749 2564 custodiebam
2791 2513 3140 2569 vestimenta
3189 2516 3685 2575 interﬁcientium

2036 2596 2226 2651 illum.
2290 2598 2358 2651 Et
2407 2596 2553 2651 dixit
2582 2599 2655 2652 ad
2717 2617 2810 2653 me
2864 2618 2875 2654 :
2932 2603 3083 2657 Vade
3128 2606 3410 2675 quoniam
3460 2624 3565 2678 ego
3615 2608 3691 2664 ad

2035 2692 2240 2758 gentes
2271 2687 2476 2757 procul
2508 2688 2741 2744 mittam
2798 2695 2872 2745 te.
2921 2692 3258 2748 Audiebant
3304 2700 3504 2752 autem
3553 2715 3689 2754 eum

2038 2792 2224 2845 usque
2256 2775 2328 2830 ad
2353 2775 2463 2831 hoc
2484 2776 2750 2842 verbum,
2784 2786 2842 2833 et
2889 2782 3263 2838 sustulerunt
3312 2802 3482 2841 voces
3530 2805 3689 2857 suas,

2039 2861 2305 2917 dicentes
2360 2880 2372 2916 :
2434 2864 2592 2917 Tolle
2650 2865 2720 2918 de
2780 2872 2936 2921 terra
2968 2868 3273 2926 hominem
3324 2873 3687 2942 istiusmodi,

2040 2968 2161 3006 non
2194 2953 2352 3007 enim
2398 2952 2484 3006 fas
2521 2959 2609 3007 est
2654 2970 2789 3009 eum
2836 2956 3042 3014 vivere.
3095 2961 3358 3031 Cumque
3403 2963 3693 3020 vocifera-

2041 3046 2249 3095 rentur
2299 3046 2356 3095 et
2412 3043 2773 3111 projicerent
2831 3048 3176 3101 vestimenta
3253 3066 3320 3103 ac
3387 3051 3689 3121 pulverem

2034 3130 2335 3201 jactarent
2365 3131 2425 3183 in
2458 3146 2676 3199 aerem,
2703 3132 2888 3202 jussit
2918 3134 3192 3191 tribunus
3224 3154 3359 3192 eum
3391 3140 3592 3195 induci
3626 3142 3689 3196 in

2044 3223 2257 3285 castra,
2318 3223 2375 3272 et
2425 3218 2734 3289 imperavit
2790 3238 2925 3275 eum
2986 3224 3184 3297 ﬂagris
3229 3229 3577 3297 examinari,
3629 3236 3695 3285 ut

2040 3309 2219 3363 sciret
2247 3315 2487 3379 propter
2516 3326 2691 3379 quam
2726 3327 2963 3367 causam
2995 3314 3076 3368 ita
3120 3316 3451 3373 clamarent
3494 3320 3697 3377 adver-

2039 3416 2139 3453 sus
2197 3414 2353 3453 eum.
2411 3401 2478 3453 Et
2533 3399 2631 3453 ubi
2684 3400 2829 3455 loris
2890 3420 3024 3457 eum
3085 3407 3480 3476 astrinxisset,
3542 3410 3690 3472 dixit

2038 3488 2253 3541 astanti
2298 3488 2407 3542 sibi
2459 3490 2793 3544 centurioni
2846 3492 3062 3547 Paulus
3112 3511 3123 3549 :
3186 3497 3335 3550 Num
3388 3498 3692 3554 hominem

2039 3583 2367 3636 Romanum
2398 3598 2465 3637 ac
2498 3582 2910 3640 indemnatum
2940 3586 3079 3642 licet
3132 3588 3294 3643 vobis
3342 3590 3642 3664 ﬂagellare
3664 3592 3691 3647 ?

2037 3671 2158 3734 Quo
2219 3670 2446 3735 audito,
2497 3673 2767 3727 centurio
2818 3678 3068 3729 accessit
3118 3677 3189 3730 ad
3252 3679 3583 3745 tribunum,
3631 3685 3688 3735 et

2037 3760 2331 3814 nuntiavit
2379 3761 2455 3821 ei,
2511 3759 2715 3815 dicens
2768 3778 2779 3814 :
2831 3763 2974 3817 Vide
3022 3765 3163 3835 quid
3211 3766 3475 3821 facturus
3526 3769 3606 3821 sis
3680 3785 3693 3823 :

2037 3848 2131 3901 hic
2191 3848 2344 3901 enim
2396 3847 2572 3902 homo
2623 3850 2922 3904 Romanus
2969 3858 3076 3906 est.
3124 3853 3426 3907 Accedens
3484 3860 3686 3910 autem

2036 3937 2312 3990 tribunus
2347 3936 2495 3989 dixit
2527 3937 2613 3989 illi
2658 3955 2671 3991 :
2707 3938 2811 3991 Dic
2833 3940 2978 3992 mihi
3018 3957 3029 3991 :
3085 3957 3229 3994 num
3282 3948 3343 3996 tu
3388 3944 3689 3998 Romanus

2037 4025 2142 4079 es?
2170 4026 2242 4078 At
2272 4023 2373 4077 ille
2408 4022 2557 4077 dixit
2594 4042 2605 4076 :
2642 4026 2852 4080 Etiam.
2891 4029 2959 4080 Et
3005 4030 3314 4099 respondit
3363 4032 3637 4087 tribunus
3674 4050 3686 4087 :

2035 4116 2151 4186 Ego
2181 4113 2371 4167 multa
2402 4129 2635 4167 summa
2657 4114 2760 4184 jus
2799 4114 3048 4170 civitatis
3099 4118 3279 4189 hujus
3329 4124 3684 4192 comparavi.

2035 4203 2463 4258 Paulusautem
2503 4202 2584 4257 ait
2622 4205 2777 4275 :Ego
2805 4221 2937 4258 vero
2972 4213 3028 4259 et
3072 4213 3246 4261 natus
3297 4225 3447 4263 sum.
3502 4212 3689 4264 Proti-

2037 4309 2148 4347 nus
2207 4308 2341 4363 ergo
2396 4292 2801 4347 discesserunt
2855 4294 2927 4348 ab
2974 4295 3077 4350 illo
3127 4296 3227 4366 qui
3267 4314 3403 4352 eum
3452 4297 3688 4353 fuerant

2037 4380 2453 4435 examinaturi.
2485 4381 2778 4437 Tribunus
2827 4400 3063 4455 quoque
3114 4386 3318 4439 timuit
3364 4385 3465 4441 ubi
3512 4388 3690 4441 resci-

2037 4472 2117 4524 vit
2175 4470 2333 4541 quod
2406 4472 2705 4526 Romanus
2784 4480 2959 4540 esset,
3038 4480 3094 4528 et
3170 4475 3327 4545 quod
3402 4476 3691 4531 vinxisset

2038 4576 2194 4615 eum.
2224 4580 2252 4609 )>

2102 4737 2550 4802 Quonammodo
2584 4738 2728 4793 dicit
2760 4738 2996 4807 Paulus,
3032 4763 3059 4790 «
3096 4743 3211 4813 Ego
3257 4742 3498 4814 quidem
3532 4745 3674 4800 161

2034 4843 2163 4881 sum
2177 4825 2413 4880 Iudaeus
2426 4827 2877 4894 Tarsensis,non
2891 4828 3155 4884 obscuras
3169 4829 3419 4887 Cilicum
3436 4832 3688 4888 civitatis

2032 4916 2191 4983 civis,
2228 4939 2246 4963 ι
2285 4921 2341 4969 et
2372 4914 2547 4986 paulo
2580 4922 2715 4986 post
2750 4932 2761 4968 :
2804 4936 2823 4962 α
2854 4919 3002 4973 Num
3027 4919 3331 4976 hominem
3350 4924 3681 4977 Romanum

2034 5024 2102 5062 ac
2128 5006 2538 5061 indemnatum
2561 5005 2588 5059 ‘?
2621 5028 2647 5053 »
2681 5011 2793 5060 etc.
2829 5009 3131 5072 Quomodo
3184 5028 3319 5084 ergo
3375 5029 3510 5066 cum
3555 5012 3683 5066 haac

2036 5095 2280 5150 dixisset
2310 5109 2431 5147 non
2464 5092 2578 5147 alio
2619 5098 2906 5166 tempore,
2941 5098 3045 5153 sed
3096 5116 3162 5154 eo
3215 5102 3343 5171 ipso
3394 5117 3508 5171 quo
3559 5100 3686 5153 haec

2036 5185 2265 5238 dixerat
2294 5188 2351 5236 et
2390 5198 2588 5236 coram
2618 5184 2843 5239 eisdem
2868 5187 3241 5244 auditoribus
3264 5190 3347 5244 ait
3373 5205 3384 5241 :
3410 5191 3557 5241 Num
3583 5188 3685 5242 ho-

2036 5274 2260 5328 minem
2293 5273 2625 5327 Bomanum
2648 5289 2713 5328 ac
2753 5274 3165 5332 indemnatum
3206 5278 3345 5331 licet
3385 5276 3545 5330 vobis
3587 5276 3688 5333 ila—

2036 5359 2298 5435 gellare?
2320 5360 2801 5432 Etinterrogante
2825 5365 3059 5419 tribuno
3089 5383 3100 5418 :
3129 5368 3275 5421 Num
3302 5371 3359 5418 tu
3385 5367 3685 5422 Romanus

2040 5469 2101 5506 es
2122 5451 2149 5505 ?
2178 5452 2508 5506 Romanum
2540 5466 2601 5503 se
2636 5466 2762 5506 esse
2796 5454 3171 5507 confirmavit
3201 5470 3212 5507 :
3249 5470 3356 5508 nec
3390 5454 3445 5508 id
3464 5455 3691 5528 simpli-

2039 5540 2186 5595 citer
2211 5539 2436 5603 dicens,
2470 5537 2573 5592 sed
2600 5538 2778 5594 etiam
2812 5542 2895 5595 ait
2929 5558 2941 5594 :
2985 5563 3011 5589 ‹‹
3062 5543 3177 5614 Ego
3226 5559 3359 5598 vero
3411 5549 3469 5598 et
3512 5553 3686 5600 natus

2040 5645 2172 5684 sum
2191 5628 2336 5681 ‘ZnEx
2357 5627 2468 5680 hoc
2483 5642 2618 5699 ergo
2635 5628 3007 5698 potissimum
3030 5631 3411 5687 manifestum
3426 5640 3514 5687 est
3529 5635 3687 5703 quod

2039 5733 2240 5772 verum
2277 5714 2532 5770 dicebat.
2567 5718 2710 5771 Nam
2746 5717 2793 5771 si
2825 5718 2939 5772 alio
2972 5720 3212 5790 quidem
3245 5726 3505 5791 tempore
3551 5722 3689 5774 Tar-
