4112 6250
498 386 606 446 ΞΗ
1485 379 1898 442 COMMENT.
1943 380 2023 440 IN
2067 379 2272 440 ACTA
2315 380 2918 444 APOSTOLORUM.
3753 392 3850 452 272

500 535 734 576 sensem
765 534 894 574 sese
925 517 1191 585 dixisset,
1219 517 1336 572 alio
1358 521 1554 572 autem
1578 517 1932 579 Romanum,
1955 518 2057 568 aut
2071 512 2124 568 at

2221 579 2230 589 _
2263 512 2357 585 μὲν
2389 513 2563 587 καιρῷ
2594 508 2781 592 ἔλεγεν
2813 515 2997 573 ἑαυτὸν
3056 513 3285 590 Ταρσέα,
3345 516 3395 571 ἐν
3450 515 3599 589 ἄλλῳ
3635 514 3686 574 Si
3730 520 3845 578 Ῥω-

500 611 650 665 alios
682 607 924 680 quidem
957 606 1260 661 auditores
1293 606 1423 676 hoc,
1462 604 1535 660 ad
1567 605 1716 660 alios
1763 620 1898 659 vero
1957 601 2108 657 illud

2261 604 2446 672 μαῖον,
2496 601 2530 670 ἢ
2598 601 2736 673 πρὸς
2793 601 2998 664 ἄλλους
3059 605 3152 676 μὶν
3211 604 3472 679 ἀκροατὰς
3514 605 3688 676 ἐκεῖνο,
3738 613 3850 684 πρὸς

499 697 836 754 verosimile
874 703 1050 762 esset,
1084 700 1149 750 ut
1179 696 1421 766 quidam
1455 694 1742 759 dicerent,
1770 692 1925 764 quod
1954 709 2015 747 se
2036 691 2123 746 for

2260 686 2472 750 ἄλλους
2500 687 2557 744 δὲ
2585 695 2766 761 τοῦτο,
2787 692 2930 754 εἰκὸς
2961 693 3029 761 ἢν
3077 691 3252 767 λέγειν
3307 694 3475 764 τίνὸις,
3513 693 3590 750 ὅτι
3641 698 3719 766 τὸ,
3743 699 3854 754 Ῥωο

501 789 678 844 tassis
705 789 1042 842 Romanum
1100 801 1227 839 sese
1289 786 1557 856 ﬁngeret,
1617 783 1800 838 latere
1857 782 2119 836 arbitran

2265 784 2446 851 μαῖος,
2513 778 2645 843 ἴσως
2701 779 2994 836 ἐπλάττετο
3028 827 3040 851 ,
3103 782 3376 838 λανθάνειν
3456 784 3680 856 νομίζων
3753 787 3860 853 τοὺς

502 895 602 934 eos
630 877 730 948 qui
764 881 1090 947 praesentes
1115 875 1497 944 erantipsum
1529 888 1657 927 esse
1690 873 2054 926 Tarsensem.
2081 873 2125 924 A

2260 868 2528 940 παρόντας
2562 913 2575 937 ,
2630 867 2712 925 ὅτι
2791 869 2901 924 ἐστί
2977 871 3236 944 Ταρσεύς.
3297 871 3358 929 Ὀ
3405 869 3462 927 δὲ
3520 872 3664 935 αὐτὸς
3705 877 3860 930 ἑαυτὸν

497 969 622 1040 ipse
655 967 754 1035 qui
791 966 1143 1019 Tarsensem
1163 980 1291 1018 sese
1313 963 1560 1025 dixerat,
1597 961 1711 1018 nisi
1749 961 1859 1014 sibi
1893 961 2112 1015 maxim

2262 959 2474 1030 Ταρσὲα
2501 958 2688 1030 εἰπὼν,
2736 961 2780 1014 εἰ
2835 962 2911 1034 μή
2971 962 3036 1016 τὰ
3089 962 3326 1035 μάλιστα
3362 963 3533 1035 ἑαυτῷ
3579 963 3859 1034 ἆληθεῦοντι

499 1055 776 1111 conscius
801 1059 958 1109 esset
979 1052 1135 1124 quod
1156 1069 1356 1107 verum
1377 1052 1616 1118 diceret,
1636 1067 2016 1122 nequaquam
2033 1057 2123 1104 tan

2263 1045 2501 1120 συνῄδει,
2537 1048 2634 1102 οὐκ
2666 1049 2723 1103 ἂν
2783 1047 3070 1124 ἐθάρσησεν
3102 1051 3266 1105 εἰπὼν
3319 1052 3455 1124 πρὸς
3506 1051 3627 1114 τοὺς
3680 1053 3861 1124 αὐτοὺς,

504 1145 712 1199 audaci
732 1145 933 1199 animo
956 1142 1029 1197 ad
1049 1142 1288 1196 eosdem
1315 1142 1611 1196 diceretse
1635 1145 1966 1196 Romanum
1991 1156 2120 1193 esse

2261 1134 2344 1189 ὅτι
2375 1137 2651 1208 Ῥωμαῖός
2682 1137 2791 1193 ἐστι
2837 1140 2928 1193 καὶ
2983 1139 3104 1194 τότε
3163 1141 3454 1205 τύπτεσθαι
3516 1140 3719 1214 μέλλων
3769 1150 3855 1212 Δῆ-

503 1234 682 1303 idque
713 1238 854 1287 tunc
885 1249 1019 1288 cum
1075 1231 1482 1287 verberandus
1531 1238 1708 1286 esset.
1771 1231 2020 1285 Planum
2067 1245 2127 1282 es

2263 1237 2357 1278 Αον
2378 1227 2477 1300 γὰρ
2510 1226 2584 1289 ὡς
2614 1228 2676 1281 τὸ
2698 1225 2988 1301 ψεύδεσθαι
3018 1228 3201 1298 αὐτὸν,
3253 1231 3318 1284 οὐ
3356 1231 3522 1301 μόνον
3577 1230 3671 1285 οὐκ
3710 1232 3861 1302 ἀπήλ-

504 1323 665 1377 enim
699 1322 856 1392 quod
888 1323 935 1376 si
967 1323 1252 1376 mentitus
1285 1321 1512 1385 fuisset,
1547 1338 1663 1374 non
1693 1321 1884 1375 solum
1905 1336 1937 1374 a
1965 1319 2128 1390 plagi:

2263 1311 2424 1368 λαττε
2441 1319 2550 1368 τῶν
2583 1313 2835 1389 πληγῶν,
2868 1315 3014 1372 ἀλλὰ
3060 1317 3149 1372 καὶ
3183 1316 3543 1395 σφοδροτέραν
3572 1321 3666 1388 τήν
3716 1341 3861 1392 τιμω-

503 1429 564 1466 se
596 1429 715 1466 non
750 1411 1081 1476 liberasset,
1116 1427 1317 1464 verum
1344 1411 1520 1464 etiam
1583 1410 1980 1465 truculentius
2040 1408 2127 1462 sib

2264 1401 2379 1476 ρίαν
2413 1400 2606 1460 ἐποίέι.
2651 1404 2854 1460 Ἐποίει
2911 1404 2968 1460 δὲ
3035 1408 3228 1469 πιστὰς
3287 1409 3374 1462 καὶ
3420 1409 3515 1470 τὰς
3569 1414 3678 1463 κατ’
3729 1409 3863 1464 αὐτοῦ

500 1492 773 1574 parasset
801 1501 1181 1572 supplicium.
1244 1501 1502 1554 Fecisset
1547 1517 1780 1570 quoque
1839 1497 2120 1553 credibile

2263 1485 2524 1552 διαϐολὰς
2557 1495 2664 1547 τῶν
2699 1491 3002 1563 Ἰουδαίων,
3053 1496 3138 1550 ὅτι
3196 1495 3443 1550 ἀπατὲών
3470 1495 3600 1567 ἐστι,
3630 1497 3713 1551 καὶ
3763 1497 3866 1570 ψεύ-

501 1589 840 1646 Judaiorum
873 1589 1183 1644 adversum
1208 1607 1270 1644 se
1303 1589 1650 1655 calumnias,
1682 1589 1838 1658 quod
1869 1588 2121 1658 imposto

2264 1600 2416 1650 στης,
2453 1579 2541 1634 καὶ
2600 1581 2757 1654 γόης,
2789 1581 3064 1639 ἂπάντων
3137 1583 3372 1658 μάλιστα
3430 1583 3643 1647 Παῦλος
3697 1586 3864 1660 ἠγωνί-

506 1679 946 1745 esset,mendax
969 1684 1026 1734 et
1046 1678 1468 1750 praestigiator:
1491 1695 1621 1748 quae
1643 1678 1918 1732 universa
1937 1677 2130 1731 Paulu:

2265 1673 2382 1737 ζετο
2415 1670 2818 1740 ἀποσκευάζειν.
2866 1671 3090 1735 ’Ἄλλως
3141 1695 3199 1728 τε
3254 1673 3346 1728 καὶ
3399 1675 3428 1728 ὁ
3488 1672 3787 1750 χιλιάρχας,
3828 1673 3866 1728 εί

505 1768 762 1824 maxime
795 1768 1097 1822 nitebatur
1125 1767 1196 1822 de
1227 1767 1422 1821 medio
1452 1766 1683 1821 tollere.
1714 1769 2007 1821 Praeterea
2039 1766 2129 1820 nis

2267 1760 2341 1830 μὴ
2373 1753 2676 1830 ἐϐεϐαιώθη
2733 1759 2816 1816 δτι
2865 1762 3141 1834 Ῥωμαῖός
3205 1759 3372 1834 ἔστιν,
3433 1764 3535 1818 οὐκ
3584 1762 3639 1817 ἂν
3695 1763 3863 1832 ἀπέστη

507 1857 783 1911 tribunus
811 1856 1026 1911 certior
1041 1856 1230 1910 factus
1257 1859 1412 1909 esset
1444 1855 1638 1925 ipsum
1671 1871 1766 1909 ese
1798 1857 2129 1910 Romanum

2261 1852 2358 1902 τοῦ
2377 1849 2750 1918 τ·5πτειν,οὐκ
2771 1851 2831 1906 ἃν
2866 1851 3036 1921 ἐξεῖλε
3094 1851 3402 1916 σπουδαίως
3449 1854 3552 1909 ὑπὸ
3607 1859 3706 1910 τῶν
3759 1855 3869 1911 Ἰου-

2269 1935 2788 1952 .......
3019 1941 3333 1952 ...μη
3593 1943 3869 1952 -..._

509 1961 889 2015 nequaquam
924 1943 1248 1998 destitisset
1280 1943 1348 1997 ab
1383 1959 1450 1997 eo
1477 1943 1844 1998 verberando
1884 1960 1896 1996 :
1928 1959 2133 2013 nequa

2267 1935 2430 1993 δαίων
2463 1936 2980 2016 ἐπιϐουλευόμενον.
3013 1944 3128 2001 Οὑκ
3187 1943 3246 1999 ἂν
3307 1941 3537 2026 ἔγραφεν
3588 1945 3709 2021 ὑπὲρ
3739 1943 3872 1999 αὖτοῦ

510 2049 689 2103 quam
713 2038 875 2087 tanto
909 2032 1102 2087 studio
1128 2048 1261 2086 eum
1282 2032 1618 2103 eripuisset,
1651 2048 1784 2086 cum
1815 2031 2134 2087 Iudaeorum

2263 2028 2400 2102 πρὸς
2435 2027 2676 2099 Φήλικα,
2706 2030 2790 2086 δτι
2838 2033 3114 2106 Ῥωμαῖός
3171 2033 3306 2100 ἐστι,
3358 2033 3448 2088 κοὶ
3497 2035 3579 2089 δτι
3636 2035 3706 2096 ὡς
3756 2035 3869 2090 Ῥω-

507 2125 888 2193 appeteretur
917 2121 1172 2187 insidiis,
1202 2137 1582 2193 nequaquam
1616 2121 1686 2176 de
1719 2139 1787 2175 eo
1824 2121 2130 2192 scripsisse

2269 2119 2428 2186 μαῖον
2459 2122 2560 2184 τῆς
2587 2121 2694 2171 τῶν
2733 2117 3014 2174 Ἰουδαίων
3065 2117 3369 2189 ἐπιϐουλῆς
3431 2120 3732 2194 ἐξήρπασεν.
3778 2117 3869 2177 Οὔκ

509 2211 583 2266 ad
616 2211 870 2266 Felicem
894 2211 1052 2282 quod
1077 2211 1378 2266 Romanus
1397 2215 1572 2276 esset,
1599 2215 1658 2265 et
1683 2211 1840 2282 quod
1873 2215 2133 2282 tanquan

2263 2201 2324 2258 ἃν
2361 2202 2708 2279 παρέδραμον
2769 2206 2925 2262 αὐτὸν
2987 2208 3038 2262 οἱ
3089 2206 3367 2277 Ἰουδαῖοι,
3433 2209 3484 2264 οἱ
3536 2209 3623 2263 καὶ
3671 2208 3756 2270 τὰς
3809 2210 3868 2279 μὴ

511 2303 844 2357 Romanum
877 2300 1192 2371 eripuisset
1233 2317 1367 2355 eum
1409 2300 1479 2354 ab
1514 2299 1747 2354 insidiis
1794 2301 2129 2355 Iudaeorum

2265 2291 2427 2356 οὔσας
2487 2295 2664 2351 αἰτίας
2721 2297 2838 2351 κατ’
2922 2298 3090 2353 αὐτοῦ
3163 2297 3611 2367 ἀναπλάττοντες,
3667 2295 3778 2352 ἀλλ’
3826 2295 3866 2364 ἐξ

505 2406 885 2461 nequaquam
916 2389 976 2443 id
1006 2389 1078 2443 de
1110 2406 1178 2444 eo
1219 2390 1744 2460 praetermisissent
1789 2390 1994 2456 Judaei,
2057 2407 2129 2460 qu

2263 2382 2426 2438 αὐτοῦ
2491 2384 2709 2454 τούτου,
2777 2384 2926 2462 εἶ¹περ
2987 2385 3238 2461 ἐψεύδετο
3289 2385 3470 2462 λέγων
3528 2388 3702 2443 ὶαυτὸν
3753 2387 3865 2440 Ῥω-

500 2480 683 2535 falsas
706 2496 940 2550 quoque
958 2478 1235 2533 adversus
1253 2480 1446 2550 ipsum
1471 2496 1678 2534 causas
1700 2479 2119 2548 contingebant

2269 2480 2450 2546 μαῖον,
2485 2477 2770 2550 ἀρξάμενοι
2800 2485 2900 2546 τῆς
2927 2474 3190 2552 διαϐολῇς
3245 2480 3339 2533 καὶ
3385 2480 3511 2555 περῖ
3565 2482 3668 2534 τῶν
3713 2475 3864 2534 ἄλλων

504 2570 608 2624 sed
632 2569 702 2624 ab
719 2569 868 2640 ipso,
890 2569 938 2622 si
955 2569 1239 2622 mentitus
1257 2567 1486 2636 fuisset,
1510 2568 1715 2623 dicens
1731 2585 1791 2622 se
1807 2570 2128 2622 Romanum

2263 2559 2445 2634 ἔδοξαν
2481 2564 2538 2620 ἃν
2567 2568 2613 2620 τ’
2642 2567 2821 2636 ἀληθῆ
2860 2567 3059 2642 λέγειν.
3119 2567 3293 2624 Ἀλλᾶ
3339 2573 3457 2632 πῶς
3487 2564 3563 2624 ἔνι
3585 2568 3670 2623 καὶ
3696 2565 3867 2643 Ταρσέα

502 2663 693 2729 caapta
723 2657 1044 2722 calumnia,
1078 2656 1150 2710 de
1194 2657 1424 2710 caeteris
1456 2673 1693 2726 quoque
1742 2657 1853 2709 visi.
1907 2656 2126 2711 fuissen

2260 2653 2349 2708 καὶ
2381 2655 2650 2725 Ῥωμαῖον
2693 2656 2873 2724 εἶναις
2929 2659 3196 2712 ’Ἄκουσον
3257 2662 3391 2733 γοῦν
3444 2659 3569 2720 τοὺς
3627 2657 3863 2722 Φιλιππη-

506 2763 646 2801 vera
659 2745 877 2800 dicere.
904 2747 1117 2799 Verum
1149 2744 1445 2814 quomodo
1469 2751 1664 2814 potest
1685 2750 1742 2798 et
1763 2746 2068 2799 Tarsensis
2100 2763 2130 2800 e

2263 2744 2433 2810 σίους,
2467 2743 2556 2798 ὅτε
2585 2743 2796 2798 Παῦλον
2857 2746 2947 2799 καὶ
3007 2745 3173 2801 Σίλαν
3219 2743 3476 2802 εἳλκυσαν
3509 2747 3594 2802 ἐπὶ
3648 2747 3759 2807 τοὺς
3786 2741 3859 2815 ἄρ-

504 2836 806 2890 Romanus
827 2849 953 2888 esse
975 2833 1002 2887 ‘I
1024 2832 1173 2887 Audi
1196 2831 1373 2903 igitur
1387 2838 1444 2886 et
1460 2833 1892 2904 Philippenses,
1919 2833 2128 2904 quandi

2263 2848 2460 2904 χοντας
2493 2831 2568 2892 εἰς
2599 2833 2697 2900 τήν
2739 2832 2966 2908 ἀγορὰν,
3030 2833 3143 2889 ἐπεὶ
3210 2839 3307 2890 τοῦ
3378 2843 3630 2902 Πυθωνος
3658 2840 3689 2907 ἡ
3717 2836 3859 2893 παιδί-

507 2923 759 2979 Paulum
795 2928 851 2976 et
881 2921 1064 2977 Silam
1097 2921 1169 2976 ad
1200 2921 1483 2993 przesides
1516 2927 1824 2977 traxerunt
1854 2923 1916 2977 in
1941 2926 2129 2978 forum

2261 2941 2359 2989 σκη
2414 2919 2762 2990 ἀπήλλακτο,
2819 2925 3104 3002 ripam»);
3164 2926 3247 2981 δτι
3299 2929 3470 2985 Οὗτοι
3528 2930 3580 2984 οἱ
3625 2928 3845 3005 ἄνθρωποι

505 3011 784 3083 quoniam
812 3010 1012 3082 puella
1041 3009 1235 3065 fuerat
1252 3011 1538 3081 Pythone,
1564 3012 1673 3066 hoc
1693 3017 1799 3080 est,
1825 3012 2129 3068 divinator.

2260 3006 2679 3083 ἐκταράσσουσιν
2731 3012 2890 3082 ἡμῶν
2944 3013 3044 3080 τήν
3095 3011 3278 3082 πόλιν,
3339 3013 3592 3071 Ἰονδαῖοι
3626 3017 3851 3090 ὑπάρχον-

504 3102 716 3173 spiritu
748 3101 1018 3163 liberata,
1057 3099 1201 3170 quid
1232 3099 1436 3155 dicant
1472 3117 1484 3154 :
1518 3101 1583 3155 Hi
1609 3102 1882 3156 homines
1915 3103 2126 3158 turban

2259 3118 2366 3159 τες,
2426 3099 2516 3152 καὶ
2568 3099 3028 3174 καταγγέλλουσιν
3086 3099 3207 3171 ἓθη,
3260 3103 3293 3158 ἃ
3358 3107 3460 3161 οὐκ
3515 3103 3700 3177 ἔξεστιν
3750 3109 3855 3175 ἡμῖν

497 3190 795 3244 civitatem
826 3195 1094 3244 nostram
1125 3205 1259 3244 cum
1293 3190 1415 3244 sint
1447 3191 1652 3261 Judari,
1689 3197 1747 3245 et
1794 3194 2121 3248 annuntian

2257 3184 2659 3261 παραδέχεσθαι
2715 3186 2840 3242 οὐδὲ
2903 3196 3097 3262 ποιεῖν,
3156 3192 3466 3266 Ῥωμαίοις
3524 3196 3684 3250 οὖσιν·
3733 3196 3864 3266 Ὀρᾷς

505 3278 778 3333 instituta
802 3295 932 3348 quas
955 3295 1076 3332 non
1107 3278 1246 3332 licet
1265 3279 1438 3333 nobis
1457 3280 1757 3350 suscipere
1773 3298 1881 3336 nec
1895 3297 2126 3336 servare

2257 3275 2382 3338 τοὺς
2452 3275 2865 3346 Φιλιππησίους
2922 3279 3230 3353 Ῥωμαίους
3279 3282 3518 3346 ἑαυτοὺς
3565 3283 3871 3340 ἆπολαλοῦν-

499 3383 635 3421 cum
654 3367 838 3420 simus
862 3367 1131 3421 Romani.
1160 3367 1330 3421 Vides
1353 3367 1512 3438 quod
1543 3370 1694 3424 162
1738 3370 2123 3440 Philippense

2257 3386 2352 3426 τας
2387 3385 2399 3433 ;
2431 3366 2618 3428 Οὕτως
2650 3367 2739 3420 οὗν
2795 3368 2948 3422 οὐδὲν
3007 3369 3211 3424 κωλύει
3266 3371 3357 3425 καὶ
3434 3373 3636 3430 Παῦλον
3691 3366 3866 3447 Ταρσέα

497 3471 560 3510 se
583 3456 879 3510 Romanos
901 3455 1248 3526 appellent?
1267 3457 1471 3526 Itaque
1492 3457 1812 3512 nihilvetat
1832 3459 2080 3514 Paulum
2094 3476 2121 3514 e

2257 3453 2347 3507 καὶ
2377 3457 2650 3528 Ῥωμαῖον
2681 3455 2842 3516 εἶναι.
2895 3458 2988 3512 Καὶ
3043 3459 3142 3534 γὰρ
3209 3458 3322 3515 ἐπεὶ
3381 3462 3566 3536 τίμιον
3617 3460 3789 3528 ἐδόκει,
3815 3460 3868 3513 τὸ

496 3545 845 3598 Tarsensem
869 3560 997 3598 esse
1021 3548 1079 3598 et
1108 3546 1462 3600 Romanum.
1488 3546 1719 3599 Etenim
1747 3547 2028 3617 quoniam
2052 3548 2120 3603 ho

2258 3540 2536 3598 καλεῖσθαι
2568 3545 2863 3615 Ῥωμαῖον,
2891 3546 2982 3601 καὶ
3038 3549 3434 3623 περισσότερόν
3462 3575 3512 3608 τι
3557 3556 3652 3606 τῶν
3701 3548 3865 3605 ἄλλων

496 3632 814 3687 noriflcum
868 3637 994 3687 erat
1050 3632 1336 3704 appellari
1397 3635 1749 3698 Romanum,
1787 3641 1844 3689 et
1895 3637 2120 3708 ampliu

2259 3630 2336 3690 είς
2369 3629 2536 3707 λόγον
2571 3629 2730 3704 δόξης
2780 3632 3055 3707 ἐνομίζετο
3111 3640 3335 3700 κτᾶσθαι
3409 3642 3438 3696 ὃ
3491 3642 3644 3715 ταύτῃ
3692 3636 3871 3694 καλού-

505 3721 789 3792 quiddam
820 3721 894 3777 ad
921 3721 1123 3794 gloria:
1156 3722 1448 3778 rationem
1471 3728 1680 3778 nactus
1703 3740 1834 3779 esse
1857 3725 2129 3781 existima

2263 3739 2422 3791 μενος
2449 3723 2516 3792 τῇ
2549 3719 2838 3793 ὀνομασίᾳ,
2860 3723 3065 3778 πολλοὶ
3094 3725 3186 3780 καὶ
3241 3727 3387 3782 κατὰ
3423 3729 3606 3792 πόλεις
3659 3725 3868 3800 ἃμα,καῖ

500 3811 694 3879 batur,
727 3811 828 3882 qui
856 3810 958 3866 tali
993 3811 1392 3883 appellatione
1423 3817 1763 3867 vocaretur:
1797 3815 1968 3870 multi
2000 3833 2030 3870 e
2062 3821 2120 3871 to

2259 3809 2377 3863 κατ’
2405 3806 2568 3883 ἄνδρα
2611 3803 2770 3876 ἔνιοι,
2802 3810 3134 3882 ἐσπούδαζον
3157 3815 3358 3886 ταύτην
3403 3820 3607 3881 ἑαυτοῖς
3635 3819 3724 3888 τήν
3772 3816 3866 3871 ὄνο-

499 3901 574 3955 tis
605 3900 830 3972 pariter
858 3899 1214 3970 civitatibus,
1235 3907 1293 3955 et
1323 3901 1562 3972 quidam
1597 3902 1813 3958 viritim
1837 3903 2123 3960 studeban

2264 3897 2456 3968 μασίαν
2489 3901 2970 3970 περιποιήσασθαι.
3025 3901 3122 3956 Καὶ
3172 3904 3276 3959 ἀπὸ
3338 3908 3443 3979 μὶν
3496 3916 3591 3978 τῆς
3647 3903 3862 3981 πατρίδος

500 3990 612 4046 sibi
637 3991 790 4045 hanc
822 3990 1284 4061 appellationem
1313 3992 1639 4063 acquirere.
1662 3995 1730 4048 Et
1751 3995 1999 4066 quisque
2014 4011 2119 4050 san

2257 3981 2479 4045 ἕκαστος
2509 3983 2846 4058 ὠνομάζετο·
2880 3986 3010 4062 ὅπερ
3044 3982 3226 4062 ἔτυχε,
3267 3993 3365 4058 τὴν
3430 3993 3766 4071 ἐνεγκαμένην
3791 3987 3861 4055 δη-

497 4096 532 4135 a
550 4079 741 4152 patria
761 4085 936 4152 prout
959 4080 1068 4136 sibi
1092 4081 1418 4154 contigeret
1444 4083 1884 4150 nominabatur,
1908 4100 2121 4156 genera

2261 4075 2391 4131 λῶν.
2414 4077 2688 4151 Ῥωμαῖος
2718 4075 2775 4132 δὲ
2794 4077 2904 4133 πᾶλ
2917 4101 2959 4132 ιν
2987 4077 3237 4136 ἐκαλεῖτο
3292 4083 3366 4145 ὡς
3405 4086 3666 4160 ἆξιωματι
3698 4082 3860 4150 ταύτην

501 4169 680 4224 tionis
704 4169 902 4224 locum
931 4170 1294 4241 significans.
1333 4174 1587 4228 Rursum
1615 4179 1813 4228 autem
1856 4175 2124 4229 Romanu

2260 4164 2695 4242 ἐπιγραφόμενος
2726 4168 2823 4235 τὴν
2853 4167 3163 4238 ὀνομασίαν.
3198 4169 3352 4227 Οὕτω
3417 4180 3546 4248 γοῦν
3590 4173 3672 4229 καὶ
3701 4174 3726 4226 ὁ
3754 4172 3865 4226 ΙΙσῦ-

502 4258 820 4314 vocabatur
845 4263 1124 4329 tanquam
1159 4259 1432 4330 dignitati
1463 4261 1615 4315 hanc
1647 4262 1950 4318 ascribens
1981 4263 2126 4318 deno

2261 4251 2357 4315 λος
2387 4255 2550 4323 ἡνίκα
2579 4253 2735 4308 αὐτὸν
2778 4250 3013 4327 ἔμελλον
3047 4256 3328 4332 ἀτιμάζειν
3367 4263 3461 4316 καὶ
3489 4264 3714 4329 τύπτειν,
3764 4257 3865 4313 ταῦ-

502 4348 914 4404 minationem.
940 4349 1025 4402 Ita
1049 4364 1184 4419 ergo
1219 4353 1276 4402 et
1302 4349 1542 4415 Paulus,
1577 4349 1718 4404 dum
1739 4357 1936 4405 essent
1961 4351 2126 4422 ipsum

2258 4363 2359 4398 την
2384 4343 2782 4416 προεκομίζετο
2814 4345 2912 4413 τήν
2965 4348 3356 4422 προσηγορίαν,
3416 4348 3771 4425 δεδιττόμενος
3799 4342 3865 4398 καἲ

499 4437 827 4510 ignominia
848 4437 1117 4492 affecturi
1133 4453 1200 4491 ac
1222 4437 1609 4504 verberaturi,
1632 4439 1785 4494 hanc
1803 4441 2123 4512 protulitap

2261 4431 2577 4485 ἀνακόπτειν
2609 4430 2801 4492 αὐτοὺς
2829 4438 2927 4488 τοῦ
2956 4433 3322 4509 τολμήματος
3355 4437 3666 4516 ἐπιχειρῶν.
3720 4433 3867 4493 Ἀλλά

502 4527 913 4598 pellationem,
940 4527 1220 4580 territans
1245 4542 1346 4580 eos
1365 4533 1422 4580 et
1444 4542 1477 4581 a
1492 4527 1756 4582 facinore
1776 4530 2126 4601 propulsans

2261 4539 2439 4599 φασιν·
2475 4523 2650 4576 Ἔστω
2681 4525 2868 4578 ταῦτα.
2903 4527 3027 4585 Ηῶς
3079 4521 3137 4578 δὲ
3165 4523 3404 4601 ἐγχωρεῖ
3463 4529 3549 4583 καὶ
3603 4529 3651 4583 ἐν
3704 4525 3866 4599 Ταρσῷ

501 4617 614 4671 Sed
644 4618 811 4673 aiunt
839 4635 851 4672 :
883 4620 1020 4674 Esto
1052 4623 1119 4672 ut
1147 4618 1272 4672 hac
1304 4617 1387 4673 ita
1408 4635 1470 4672 se
1501 4618 1779 4686 habeant,
1804 4637 1918 4690 quo
1952 4628 2125 4676 tamen

2257 4613 2605 4685 γεγεννῆσθαι
2640 4609 2851 4665 [Ιαῦλον
2880 4613 2969 4666 καὶ
3030 4611 3081 4667 ἐν
3141 4614 3380 4690 Ῥώμῃς
3442 4619 3494 4673 ἐν
3556 4621 3740 4694 Ταρσῷ
3791 4611 3861 4684 μὶν

499 4713 670 4778 pacto
702 4710 830 4763 fieri
865 4717 1076 4778 potest,
1102 4716 1168 4765 ut
1199 4716 1256 4764 et
1311 4711 1370 4765 in
1403 4713 1580 4766 Tarso
1629 4718 1803 4766 natus
1837 4714 1912 4767 sit
1938 4712 2118 4768 Paulu

2258 4699 2357 4772 γὰρ
2436 4700 2787 4774 γεγεννῆσθαι
2871 4700 2961 4755 καὶ
3042 4702 3314 4776 Ῥωμαῖον
3391 4706 3692 4774 καλεῖσθαι,
3763 4698 3861 4756 ταῦ-

499 4801 767 4855 etRomze
786 4801 812 4854 ?
825 4801 1121 4871 siquidem
1136 4802 1292 4872 quod
1307 4803 1467 4856 Tarsi
1492 4808 1666 4858 natus
1691 4803 1766 4857 sit
1781 4807 1838 4856 et
1852 4805 2119 4859 Romanu

2258 4789 2357 4856 τὴν
2384 4788 2558 4859 ἑαυτῷ
2589 4784 2676 4841 διὰ
2706 4790 2876 4861 τιμὴν
2925 4811 3044 4844 τινα
3098 4792 3196 4859 τήν
3259 4793 3552 4867 ὀνομασίαν
3610 4787 3865 4860 ἐπικτησά-

503 4893 764 4956 vocetur,
788 4905 855 4942 eo
870 4889 1027 4959 quod
1046 4890 1198 4944 hanc
1217 4891 1328 4945 sibi
1353 4891 1813 4962 appellationem
1847 4892 1918 4947 ob
1951 4909 2127 4964 quem

2266 4898 2444 4948 μενον,
2480 4875 2701 4952 ἐδείχθη
2766 4874 2932 4949 μηδὲν
2989 4876 3248 4935 ἀδύνατον
3305 4879 3381 4939 ὅν.
3442 4888 3777 4959 Γεγεννῆσθαι
3822 4873 3868 4930 δὶ

501 4979 637 5034 dam
670 4979 959 5032 honorem
1000 4980 1375 5048 postmodum
1435 4981 1811 5051 acquisierat,
1846 4987 2125 5037 ostensun

2259 4966 2349 5019 καὶ
2393 4965 2443 5020 ἐν
2475 4971 2670 5042 Ταρσῷ
2706 4966 2795 5020 καὶ
2824 4967 2876 5021 ἐν
2908 4968 3121 5043 Ῥώμῃ,
3154 4975 3272 5032 πῶς
3329 4973 3448 5028 οἶόν
3507 4975 3565 5029 τέ
3597 4972 3700 5029 ἐστι
3729 4989 3742 5040 ;
3791 4965 3866 5022 καί

503 5073 594 5125 est
617 5067 768 5124 nihil
809 5066 1028 5121 habere
1058 5069 1483 5138 repugnantiae.
1511 5071 1724 5124 Verum
1759 5075 1817 5124 et
1845 5071 2008 5125 Tarsi
2036 5088 2127 5127 na-

2258 5057 2364 5108 ποῦ
2411 5077 2542 5134 φησι
2600 5054 2815 5117 Παῦλος
2872 5055 2953 5111 ὅτι
2999 5055 3052 5110 ἐν
3108 5058 3302 5135 Ῥώμῃ
3355 5070 3713 5138 γεγὲννηται;
3757 5056 3869 5118 Nai.

501 5164 625 5212 tum
659 5173 789 5212 esse
813 5159 869 5210 et
895 5157 1115 5222 Romae,
1150 5157 1445 5226 quomodo
1471 5158 1578 5213 hoc
1603 5159 1886 5229 possibile
1919 5160 2055 5215 est?
2082 5162 2124 5214 E

2260 5147 2443 5230 φησίν,
2475 5141 2700 5213 Ἐπειδὴ
2732 5145 2834 5219 γὰρ
2867 5146 2895 5200 ὁ
2928 5145 3226 5222 χιλίαρχος
3260 5150 3429 5223 εἶπεν,
3465 5172 3486 5201 ι
3522 5151 3658 5226 Ἐγὼ
3679 5144 3868 5203 πολλοῦ

498 5246 596 5301 ubi
617 5245 760 5300 dicit
778 5245 995 5300 Paulus
1015 5244 1172 5315 quod
1196 5247 1393 5299 Romae
1417 5253 1590 5301 natus
1611 5247 1733 5302 sit?
1755 5249 2122 5320 Dicitutique

2258 5237 2556 5318 κεφαλαίου
2585 5237 2683 5304 τήν
2717 5233 2998 5290 πολιτείαν
3025 5236 3227 5308 ταύτην
3257 5239 3587 5315 ἐκτησάμην.
3622 5264 3649 5292 ι)
3688 5240 3714 5293 ὁ
3743 5237 3868 5291 Παῦ-

502 5335 818 5406 Postquam
847 5336 1004 5390 enim
1031 5335 1179 5390 dixit
1199 5334 1492 5405 tribunus,
1520 5358 1546 5385 ‹‹
1572 5339 1687 5410 Ego
1709 5338 1897 5393 multa
1919 5356 2126 5395 summa

2259 5331 2356 5393 λός
2416 5348 2597 5402 φησιν,
2655 5348 2683 5377 κ
2742 5324 2879 5398 Ἐγὼ
2937 5320 2994 5379 δὲ
3049 5327 3133 5381 καῖ
3197 5330 3540 5403 γεγέννημαι.
3577 5353 3604 5379 ››
3684 5323 3776 5383 Καὶ
3823 5321 3866 5374 τί

501 5422 681 5493 hujus
713 5424 1079 5496 civitatisjus
1114 5426 1446 5494 comparavi
1483 5441 1544 5490 ;››
1581 5428 1661 5480 ait
1693 5427 1908 5481 Paulus
1935 5444 1946 5482 :
1983 5445 2008 5469 α
2035 5430 2125 5500 Egi

2259 5425 2466 5485 τοῦτος
2527 5415 2606 5472 Οὐ
2673 5414 2776 5488 γὰρ
2835 5412 3003 5477 εἶπεν,
3060 5416 3146 5471 Ἐν
3196 5419 3264 5491 τῇ
3316 5419 3502 5492 Ῥώμῃ
3540 5417 3866 5500 γεγέννημαι,

503 5527 638 5565 vero
671 5517 728 5566 et
758 5520 931 5568 natus
965 5531 1115 5570 sum.
1153 5536 1180 5563 ››
1213 5515 1283 5567 Et
1313 5514 1412 5585 qui
1435 5515 1546 5570 hoc
1578 5514 1712 5570 est?
1741 5517 1940 5586 Neque
1990 5497 2127 5572 enin

2260 5507 2404 5564 ἀλλὰ
2433 5505 2483 5561 τί
2506 5525 2691 5584 φησιν,
2746 5500 2966 5565 αὐτόθεν
3026 5501 3216 5573 δῆλον.
3277 5505 3538 5569 Εἰπόντος
3593 5506 3686 5579 γὰρ
3724 5497 3870 5556 πολι-

498 5600 667 5666 dixit,
698 5603 812 5674 Ego
844 5605 1042 5659 Romae
1075 5609 1250 5660 natus
1275 5621 1428 5672 sum,
1459 5605 1560 5661 sed
1590 5605 1732 5677 quid
1754 5605 1838 5662 ait
1866 5606 1895 5660 ?
1927 5609 2008 5664 Ex
2037 5608 2122 5664 hoi

2258 5597 2402 5656 τιίαν
2431 5598 2530 5652 τοῦ
2583 5589 2910 5668 χιλιάρχου,
2971 5590 3106 5667 οὐχὶ
3155 5591 3214 5649 δὶ
3268 5597 3502 5670 Ῥώμην,
3557 5591 3698 5649 ἀλλὰ
3748 5589 3863 5646 Ῥω-

496 5691 880 5750 manifestum
913 5700 1036 5749 est:
1068 5709 1204 5752 cum
1237 5693 1395 5751 enim
1436 5695 1682 5752 dixisset
1733 5696 2007 5756 tribunus
2046 5698 2118 5772 ju

2263 5689 2464 5767 μαϊκήν
2491 5680 2796 5753 πολιτείαν,
2847 5679 3132 5759 ἐπήγαγεν
3194 5708 3224 5740 ι(
3255 5687 3394 5765 Ἐγὼ
3423 5681 3478 5740 δι
3513 5684 3602 5740 καὶ
3646 5678 3871 5761 γεγωνη.
