4112 6250
295 262 427 320 273

1407 259 1822 323 (BCUMENII
1871 257 2178 319 TRICCIE
2223 263 2602 324 EPIiCOPI.

3602 261 3721 321 2'74

299 410 430 463 μαι.
465 412 493 443 ι
528 387 644 448 Ούκ
672 389 723 445 ὲν
754 392 821 463 τῇ
865 390 1068 464 Ῥώμῃ
1124 390 1210 463 (οὗ
1268 391 1371 466 γαρ
1427 393 1589 446 τοῦτο
1621 389 1766 445 εἶπεν
1801 390 1829 443 6
1862 406 1954 461 χιο

2075 392 2343 461 civitatis,
2365 394 2571 465 utique
2603 412 2723 449 non
2754 394 3133 458 Romam,sed
3160 397 3438 450 Romanis
3467 392 3723 450 civitatis

297 476 571 553 λίαρχος,
604 477 690 533 ὅτι
737 476 959 533 Πολλοῦ
1008 477 1308 554 κεφαλαίου
1358 478 1718 552 ἐκτησάμην),
1750 475 1877 532 ἀλλ’
1909 477 1960 531 ἐν

291 572 365 642 τῇ
397 571 688 641 Ῥωμαϊκῇ
741 567 993 638 πολιτείᾳ
1048 567 1138 623 καί
1193 572 1353 642 τιμῇ,
1411 566 1593 643 ὥσπερ
1626 569 1715 622 καὶ
1759 568 1962 637 κτησα-

294 670 425 723 σθαι
486 658 665 733 ἔλεγε.
720 662 839 720 Πῶς
924 657 1018 713 οὖν
1108 658 1371 733 ἆγεννήθη
1429 658 1479 713 ἐν
1539 661 1607 732 τῇ
1672 660 1958 730 Ῥωμαϊκῇ

288 753 583 824 πολιτείᾳ,
645 752 691 807 εἰ
752 754 827 825 μὴ
885 751 938 806 ἐν
994 753 1183 826 Ῥώμῃ
1244 750 1547 825 ἆγεννήθη;
1603 751 1725 806 ’Ὁτι
1765 769 1961 818 κτησα-

302 846 474 916 μενου
531 846 633 898 τοῦ
691 842 893 917 πατρὸς
954 842 1120 897 αὑτοῦ
1174 843 1271 910 τὴν
1349 842 1517 912 τιμὴν
1581 838 1803 907 ταύτην,
1870 835 1961 893 καὶ

300 933 474 1006 ταύτῃ
562 929 973 1003 σεμνυνομένου
1053 930 1144 985 καὶ
1222 927 1508 1006 περιδόξου
1567 926 1746 995 ὄντος,
1801 928 1962 989 αὐτὸς

299 1022 570 1097 ἐγεννήθη
598 1021 766 1093 αὐτῷ.
801 1023 876 1077 Τὸ
926 1019 1044 1089 οὖν,
1100 1046 1128 1073 ιι
1162 1020 1306 1095 Ἐγὼ
1336 1017 1392 1075 δὲ
1422 1019 1511 1074 καὶ
1543 1017 1895 1093 γεγέννημαι,
1932 1040 1961 1069 ››

302 1115 499 1190 γησὶν,
547 1114 626 1167 δτι
684 1111 868 1172 Αύτὸς
930 1112 1025 1184 μὲν
1078 1110 1388 1184 πρόσφατον
1436 1104 1585 1184 ἔχεις
1629 1109 1728 1177 τὴν
1774 1108 1962 1180 τιμὴν,

311 1202 477 1263 αὐτὸς
538 1198 693 1269 αὖτήν
747 1200 1117 1272 κτησάμενος,
1176 1198 1282 1273 ἐγὼ
1360 1196 1417 1253 δὶ
1491 1199 1755 1271 πατρικὴν
1817 1195 1963 1274 φέρω

314 1294 414 1359 τὴν
472 1288 622 1360 δόξαν
683 1290 777 1344 καὶ
835 1290 1322 1364 συναποτεχθεῖσάν
1386 1310 1499 1361 μοι.
1534 1289 1633 1343 Διά
1660 1286 1821 1342 τοῦτό
1853 1308 1963 1362 φη·-

304 1401 409 1435 σινο
436 1405 466 1433 α
500 1381 652 1454 Ἐγὼ
684 1376 741 1434 δὲ
771 1379 862 1434 καὶ
894 1381 1241 1455 γεγέννημαι.
1278 1401 1302 1431 ι

361 1649 475 1705 Καὶ
526 1646 746 1708 ἄλλως.
809 1646 920 1702 Ούκ
978 1646 1239 1720 ἐψεύσατο
1293 1642 1507 1707 Παῦλος
1537 1645 1808 1717 Ῥωμαῖον
1841 1642 1965 1698 ἑαυ-

2057 480 2159 551 jus
2191 482 2498 555 subjunxit
2531 502 2543 539 :
2578 486 2694 557 Ego
2720 502 2854 540 vero
2890 492 2948 539 et
2974 491 3151 540 natus
3175 501 3338 540 sum:
3375 500 3495 538 non
3521 485 3721 538 Roma!

2064 570 2084 635 (
2117 589 2309 643 neque
2338 575 2496 630 enim
2536 575 2810 630 tribunus
2841 577 2952 631 hoc
2986 592 3048 631 se
3080 574 3271 630 multa
3302 589 3536 628 summa
3567 588 3724 628 com-

2066 678 2305 732 parasse
2320 663 2506 735 dicit),
2524 664 2626 719 sed
2649 667 2926 720 Romanae
2951 664 3204 719 civitatis
3222 663 3324 734 jus
3347 680 3414 717 ac
3429 662 3722 715 honorem

2064 750 2377 807 obtinens:
2411 753 2569 823 quod
2585 754 2761 808 etiam
2781 754 2880 808 ille
2895 771 2927 808 a
2942 770 3001 807 se
3018 758 3291 824 emptum
3305 768 3433 807 eSse
3457 749 3720 805 dicebat.

2067 840 2369 905 Quomodo
2384 842 2854 913 igiturBomauae
2888 843 3139 898 civitatis
3158 843 3261 914 jus
3294 841 3524 896 habens
3545 844 3721 894 natus

2067 936 2174 999 est,
2210 932 2258 986 si
2291 931 2488 987 Romae
2520 938 2693 988 natus
2726 950 2847 988 non
2880 933 3011 988 est?
3041 932 3189 998 Quia
3220 946 3355 987 cum
3387 936 3556 1003 pater
3579 944 3721 983 suus

2069 1019 2357 1075 honorem
2397 1022 2555 1077 hunc
2591 1027 3018 1094 comparasset,
3055 1028 3113 1077 et
3137 1038 3242 1093 per
3275 1037 3411 1075 eum
3440 1034 3721 1074 veneran-

2069 1106 2177 1162 dus
2209 1125 2275 1163 ac
2304 1109 2596 1181 gloriosus
2613 1111 2847 1179 fuisset,
2886 1112 3011 1183 ipse
3046 1111 3108 1165 in
3140 1128 3207 1165 eo
3240 1115 3415 1164 natus
3446 1114 3553 1165 est.
3574 1108 3718 1162 Cum

2071 1197 2268 1267 itaque
2300 1200 2383 1255 ait
2415 1218 2427 1253 :
2458 1202 2573 1273 Ego
2598 1218 2730 1256 vero
2762 1206 2819 1255 et
2850 1207 3023 1256 natus
3057 1217 3209 1268 sum,
3246 1197 3596 1255 tantundem
3630 1202 3721 1252 est

2070 1303 2137 1341 ac
2169 1288 2218 1341 si
2251 1287 2443 1344 dicat:
2477 1292 2558 1345 Tu
2591 1291 2834 1361 quidem
2856 1296 3158 1346 recentem
3190 1289 3371 1345 habes
3403 1290 3716 1355 honorem,

2071 1378 2172 1446 qui
2203 1378 2331 1448 ipse
2361 1378 2531 1434 illum
2564 1382 2943 1453 comparasti,
2978 1397 3083 1453 ego
3115 1397 3247 1435 vero
3272 1385 3579 1451 paternam
3611 1378 3721 1432 ha-

2070 1466 2179 1521 beo
2210 1468 2555 1539 gloriam,et
2584 1486 2715 1541 quae
2747 1471 2892 1526 mihi
2925 1472 3239 1543 congenita
3260 1474 3367 1525 est.
3400 1470 3722 1539 Propterea

2070 1555 2246 1610 dicit:
2273 1557 2387 1629 Ego
2410 1575 2582 1613 verus
2614 1564 2865 1615 etnatus
2897 1577 3048 1615 sum.

2140 1645 2294 1700 163
2324 1647 2443 1701 Alio
2465 1664 2681 1718 quoque
2700 1649 2880 1715 modo,
2914 1651 3037 1703 Non
3069 1649 3353 1703 mentitus
3388 1652 3478 1702 est
3497 1644 3715 1701 Paulus

290 1741 382 1797 τὸν
415 1737 692 1805 καλέσας,
749 1737 925 1791 καίτοι
990 1734 1252 1797 Ἰουδαῖος
1314 1734 1599 1809 ὑπάρχων,
1634 1734 1709 1794 ὡς
1747 1733 1836 1788 καὶ
1867 1732 1960 1786 αύ-

2075 1737 2402 1791 Romanum
2434 1752 2495 1791 se
2526 1737 2752 1803 dicens,
2773 1755 2905 1793 curn
2926 1738 3332 1794 Judaeusesset
3361 1741 3536 1808 prout
3557 1734 3715 1789 idem

284 1830 378 1891 τὸς
440 1848 558 1896 προ
620 1826 817 1900 ὀλίγου
871 1823 997 1902 ἔφη.
1054 1824 1193 1881 Ἀπὸ
1248 1826 1349 1899 γὰρ
1407 1821 1694 1896 Ἀδριανοῦ
1759 1817 1956 1892 συνέϐη

286 1921 499 1980 πάντας
563 1916 708 1972 εἶναι
768 1916 1093 1988 Ῥωμαίους.
1157 1911 1415 1991 Μεγάλην
1474 1914 1576 1987 γὰρ
1630 1912 1783 1986 εἶχον
1837 1911 1961 1965 τότε

290 2009 558 2083 πρόνοιαν
620 2008 677 2059 οἱ
730 2006 907 2066 οὕτως
962 2005 1265 2076 ἀξιούμενοι
1325 2001 1628 2059 καλεῖσθαι.
1689 2004 1871 2058 Ταῦτα
1903 1998 1959 2055 δὲ

297 2120 455 2174 φησιν
508 2095 607 2150 ’ἱνα
668 2097 746 2169 μή
813 2095 1135 2168 μαστιχθείς
1193 2092 1657 2171 εὐκαταφρόνητος
1711 2092 1957 2168 γενηται·

305 2188 375 2244 Εἰ
424 2188 523 2263 γὰρ
576 2185 899 2259 ἐμάστιξαν,
957 2184 1048 2238 καὶ
1103 2183 1437 2258 παρὲτρεψαν
1499 2182 1557 2237 ἂν
1616 2183 1678 2237 τὸ
1736 2187 1960 2254 πρᾶγμα

312 2278 401 2331 καὶ
432 2276 736 2331 ἓιπὲκτειναν
793 2274 851 2329 ἂν
914 2273 1096 2331 αύτὸν.
1150 2278 1255 2330 Νῦν
1305 2271 1361 2328 δὲ
1408 2273 1459 2328 εἶ’
1501 2274 1587 2328 καὶ
1641 2274 1715 2345 μὴ
1751 2270 1817 2326 δι’
1850 2267 1959 2325 ἔτε-

311 2388 425 2440 ρον,
455 2366 599 2421 ἀλλὰ
631 2387 699 2442 γε
730 2363 806 2420 δι’
837 2364 971 2420 αύτὸ
1030 2364 1092 2419 ού
1152 2364 1313 2437 μόνον
1343 2364 1442 2419 οὐκ
1471 2362 1781 2437 ἰμάστιξαν,
1813 2361 1959 2416 ἀλλὰ

304 2458 392 2512 καὶ
422 2454 728 2511 ἀπέλυσαν.
766 2454 1040 2509 Δείκνυσιν
1102 2452 1193 2508 οῦν
1253 2455 1280 2509 6
1342 2452 1575 2520 Παῦλος,
1612 2454 1749 2508 ὅτιὸ
1780 2454 1957 2526 πατὴρ

300 2542 463 2597 ιύτοῦ
521 2544 809 2614 Ῥωμαῖος
864 2540 953 2609 ἦν.
1025 2541 1137 2615 Πρὸ
1202 2540 1305 2615 γὰρ
1367 2544 1464 2594 τοῦ
1517 2542 1835 2615 γεννηθῆναι
1866 2541 1956 2594 τὸν

302 2632 536 2701 Παῦλον,
587 2630 969 2703 γεγενημένης
1018 2635 1117 2698 τῆς
1177 2627 1421 2690 Κιλικίας
1478 2630 1580 2683 ὑπὸ
1636 2630 1959 2700 Ῥωμαίοις,

301 2723 507 2795 ἀνάγκη
541 2721 638 2775 καὶ
672 2719 835 2774 αὐτὸν
883 2719 956 2782 ὡς
1007 2714 1133 2773 ὄντα
1185 2719 1273 2773 ὑπ’
1325 2718 1541 2787 αὐτοὺς,
1573 2719 1848 2791 Ῥωμαῖον
1884 2717 1959 2773 εἶα

294 2831 392 2867 ναι.
426 2809 579 2873 Τὲως
634 2806 695 2863 δὶ
742 2807 879 2863 κατὰ
928 2809 1026 2876 τήν
1083 2808 1418 2884 προφητείαν
1451 2804 1747 2880 ἐδεσμεύθη
1780 2806 1830 2861 ἐν
1864 2808 1963 2863 Ἰε-

284 2898 617 2974 ρουσαλήμ.
657 2899 726 2954 Τί
759 2897 853 2951 οὗν
889 2897 995 2952 ἀπὸ
1041 2897 1238 2952 τούτου
1296 2898 1499 2970 γίνεται
1535 2918 1549 2965 ;
1600 2896 1775 2958 Λύσας
1832 2917 1960 2951 κατ-

282 2993 499 3063 ήγαγεν
531 2986 703 3043 αὑτὸν
760 2987 898 3061 πρὸς
957 2986 1083 3047 τοὺς
1139 2983 1457 3050 Ἰουδαίους.
1491 2987 1605 3043 Ούκ
1633 2987 1735 3060 ἄρα
1765 2984 1961 3060 ψεῦδος

2076 1825 2202 1895 ipse
2231 1832 2367 1880 ante
2399 1844 2587 1898 pauca
2616 1828 2792 1883 verba
2843 1828 3090 1883 dixerat.
3125 1829 3211 1883 Ab
3261 1827 3521 1882 Adriano
3554 1826 3715 1880 enim

2077 1916 2322 1987 contigit
2352 1923 2417 1972 ut
2441 1936 2650 1975 omnes
2671 1921 2918 1975 Romani
2950 1926 3166 1975 essent.
3184 1922 3390 1991 Magna
3420 1917 3716 1988 siquidem

2074 2003 2225 2057 ratio
2258 2004 2588 2060 habebatur
2616 2024 2820 2061 eorum
2845 2008 2945 2078 qui
2978 2007 3138 2079 digni
3172 2006 3535 2061 haberentur
3555 2003 3718 2058 utita

2075 2093 2539 2163 appellarentur.
2576 2096 2707 2151 Haac
2738 2102 2938 2151 autem
2969 2096 3051 2151 ait
3080 2113 3154 2151 ne
3186 2095 3520 2168 flagellatus
3542 2092 3717 2148 facile

2074 2182 2376 2253 despectui
2410 2184 2745 2239 haberetur.
2780 2188 2926 2240 Nam
2972 2186 3019 2239 si
3065 2185 3487 2256 ﬂagellassent,
3540 2183 3719 2237 etiam

2074 2288 2199 2327 rem
2240 2289 2479 2327 omnem
2511 2280 2845 2343 pervertere
2885 2275 3236 2345 potuissent,
3280 2290 3535 2343 eumque
3562 2271 3721 2327 occi-

2074 2361 2232 2415 dere.
2267 2363 2432 2416 Nunc
2460 2378 2596 2415 vero
2629 2362 2739 2416 etsi
2772 2379 2891 2416 non
2910 2363 2982 2417 ob
3013 2362 3312 2429 aliud,sed
3347 2366 3587 2433 propter
3607 2361 3720 2415 hoc

2073 2450 2293 2520 ipsum,
2353 2466 2474 2504 non
2533 2450 2707 2504 modo
2784 2468 2906 2505 non
2965 2451 3432 2522 ﬂagellaverunt,
3514 2466 3718 2504 verum

2072 2539 2252 2593 etiam
2308 2539 2685 2593 dimiserunt.
2766 2539 3037 2594 Ostendit
3104 2555 3239 2611 ergo
3320 2538 3537 2593 Paulus
3612 2554 3718 2609 pa-

2072 2634 2223 2684 trem
2275 2645 2448 2682 suum
2499 2631 2832 2683 Romanum
2889 2628 3093 2684 fuisse.
3154 2630 3507 2698 Priusquam
3556 2627 3716 2682 enim

2074 2722 2419 2773 nasceretur
2448 2718 2687 2785 Paulus,
2735 2718 3004 2789 subjecta
3043 2718 3323 2773 Romanis
3354 2717 3582 2782 Cilicia,
3614 2732 3719 2770 ne-

2072 2823 2235 2861 cesse
2267 2812 2395 2862 erat
2450 2807 2645 2877 ipsum
2684 2824 2943 2879 quoque,
2978 2812 3180 2878 utpote
3240 2807 3359 2861 illis
3393 2806 3718 2873 subditum,

2072 2914 2200 2951 esse
2232 2898 2844 2952 Romanum.lnterim
2876 2915 3011 2953 vero
3035 2898 3206 2968 juxta
3232 2896 3603 2968 prophetiam
3635 2896 3718 2951 al-

2073 2986 2288 3058 ligatus
2320 2991 2409 3040 est
2430 2986 2833 3057 Jerosolymis.
2850 2986 2999 3050 Quid
3024 2987 3203 3057 igitur
3234 2986 3609 3057 postmodum
3631 3002 3722 3040 ac-

290 3079 384 3145 ἦν.
410 3073 711 3155 Έφοϐτξθη
750 3077 879 3148 γὰρ,
937 3076 1122 3153 φησὶν,
1184 3077 1212 3131 6
1263 3074 1564 3151 χιλίαρχος
1597 3074 1841 3149 ἐπιγνοὺς
1875 3074 1956 3129 ὅτι

2075 3075 2245 3129 cidit?
2258 3074 2522 3130 Solutum
2538 3074 3261 3129 deduxitada’udmosﬂon
3273 3075 3450 3145 igitur
3467 3073 3723 3129 mendax

302 3167 562 3236 supra;
598 3165 733 3235 ἔστι,
766 3166 1041 3219 τουτὲστιν
1076 3164 1446 3237 ἀξιωματικοῦ
1466 3164 1673 3239 γένους.

936 3344 1181 3399 ΚΕΦΑΛ
1222 3344 1344 3400 AI".

321 3430 461 3487 Ὅσα
530 3431 557 3484 ὁ
627 3429 824 3494 Παῦλος
893 3426 1130 3495 καταϐὰς
1198 3430 1299 3501 εἷςΔ
1357 3433 1421 3486 τὸ
1489 3428 1759 3501 συνέδριον
1829 3425 1960 3485 ἔπα-

568 3503 625 3565 θέ
655 3524 706 3558 τε
734 3505 821 3558 καὶ
849 3504 986 3573 εἶπε,
1018 3504 1109 3558 καὶ
1140 3498 1453 3567 εὑθυὸόλως
1492 3496 1705 3578 ἔπραξε.

385 3616 413 3641 ε
450 3594 522 3663 Τῇ
570 3588 627 3646 δὲ
665 3593 928 3661 ἐπαύριον
982 3590 1319 3668 βουλόμενος
1368 3596 1566 3669 γνῶναι
1606 3592 1667 3647 τὸ
1699 3590 1956 3670 ἀσφαλὲς,

319 3682 396 3751 τὸ,
433 3702 483 3736 τι
513 3688 898 3758 κατηγορεῖται
958 3684 1102 3757 παρὰ
1156 3686 1263 3738 τῶν
1322 3680 1623 3754 Ἰουδαίων,
1655 3676 1838 3737 ἔλυσεν
1874 3681 1961 3735 αύ-

318 3770 404 3824 τὸν
436 3771 536 3826 ἀπὸ
564 3777 674 3826 τῶν
711 3769 951 3845 δεσμῶν,
1008 3773 1097 3827 καὶ
1155 3770 1430 3827 ἐκέλευσεν
1488 3771 1664 3835 ἐλθεῖν
1704 3773 1830 3834 τοὺς
1863 3773 1954 3847 ἀρ-

312 3866 533 3935 χιερεῖς,
565 3862 657 3915 καὶ
702 3860 835 3916 ὅλον
888 3862 949 3916 τὸ
1006 3858 1279 3935 συνέδριον
1342 3862 1539 3918 αὐτῶν.
1574 3862 1671 3915 Καὶ
1722 3882 1955 3935 καταγα-

298 3952 405 4023 γὼν
464 3954 561 4006 τὸν
623 3950 874 4016 Παῦλον,
961 3944 1177 4022 ἔστησεν
1258 3949 1336 4012 εἷς
1402 3950 1617 4011 αύτούς.
1680 3950 1957 4012 Ἀτενίσας

299 4039 413 4097 δὶὸ
449 4041 681 4105 Παῦλος
737 4046 815 4112 τῷ
865 4038 1149 4115 συνεδρίῳ,
1208 4042 1373 4096 εἶπεν·
1429 4038 1647 4113 ’Ἄνδρες
1709 4037 1959 4117 ἀδελφοὶ,

298 4129 407 4203 ἐγὼ
460 4130 615 4203 πάσῃ
680 4126 983 4199 συνειδήσει
1043 4130 1217 4206 ἀγαθῇ
1274 4128 1672 4201 πεπολίτευμαι
1722 4134 1801 4201 τῷ
1847 4131 1961 4199 Θεῷ

296 4218 434 4293 ἄχρι
504 4218 711 4290 ταύτης
791 4220 1023 4292 ἡμέρας.
1089 4219 1150 4276 Ὀ
1219 4215 1276 4272 δὲ
1342 4217 1630 4297 ἀρχιερεὺς
1719 4216 1961 4278 Ἀνανίας

296 4309 529 4381 ἐπέταξε
584 4315 702 4370 τοῖς
753 4312 1091 4383 παρεστῶσιν
1156 4308 1324 4378 αὐτῷ,
1402 4308 1620 4363 τύπτειν
1685 4307 1847 4362 αὐτοῦ
1903 4307 1965 4361 τὸ

299 4399 511 4470 στόμα.
543 4394 676 4452 Τότε
724 4400 752 4451 ὁ
805 4395 1022 4459 Παῦλος
1070 4398 1205 4473 πρὸς
1266 4397 1422 4452 αύτὶν
1474 4397 1605 4452 εἶπε·
1641 4397 1874 4453 Τύπτειν
1909 4416 1965 4450 σε

2075 3170 2219 3219 erat.
2238 3164 2455 3219 Timuit
2477 3166 2635 3219 enim
2652 3165 2943 3233 tribunus,
2961 3166 3171 3236 inquit,
3192 3165 3294 3220 ubi
3312 3164 3547 3219 rescivit
3563 3163 3721 3235 quod

2071 3255 2370 3309 Romanus
2397 3260 2571 3323 esset,
2606 3254 2717 3309 hoc
2748 3260 2837 3309 est
2869 3272 2938 3309 ex
2967 3270 3181 3326 genere
3214 3254 3500 3326 dignitate
3533 3252 3717 3308 claro.

2637 3344 2868 3399 CAPUT
2899 3343 3142 3400 XXXIII.

2072 3438 2147 3489 De
2175 3434 2258 3488 his
2290 3450 2411 3503 quae
2460 3433 2665 3488 Paulus
2716 3435 3040 3490 descendens
3098 3437 3158 3489 in
3189 3436 3481 3491 concilium
3520 3450 3716 3507 passus

2388 3512 2483 3572 est,
2516 3512 2566 3560 et
2605 3513 2747 3560 recte
2786 3508 2892 3561 sibi
2930 3508 3209 3562 consulens
3244 3508 3398 3576 fecit.

2137 3599 2312 3667 XXII,
2347 3601 2446 3666 30;
2483 3599 2681 3665 XXIII,
2716 3602 2831 3652 1-5.
2887 3622 2911 3646 u
2946 3601 3187 3655 Postero
3221 3605 3419 3657 autem
3479 3598 3571 3653 die
3621 3615 3723 3652 vo-

2068 3688 2198 3743 lens
2230 3688 2537 3759 quidpiam
2568 3689 2715 3743 certi
2749 3704 3127 3757 cognoscere,
3162 3690 3234 3742 ob
3263 3705 3439 3759 quam
3481 3703 3720 3743 causam

2069 3783 2449 3833 accusaretur
2479 3793 2513 3831 a
2540 3777 2778 3843 Judaeis,
2800 3777 2969 3831 solvit
3004 3794 3139 3831 eum
3170 3794 3204 3831 a
3231 3776 3575 3841 vinculis,et
3595 3777 3721 3847 jus.

2072 3868 2148 3921 sit
2173 3867 2474 3937 principes
2506 3865 2875 3919 sacerdotum
2890 3866 3226 3929 convenire,
3250 3870 3557 3934 totumque
3583 3881 3723 3919 con'

2072 3955 2297 4019 cilium,
2334 3971 2399 4008 ac
2427 3952 2749 4009 deductum
2780 3954 3032 4009 Paulum
3068 3955 3314 4009 sistebat
3346 3970 3543 4008 coram
3575 3953 3716 4009 illis.

2072 4044 2323 4097 Intentis
2354 4047 2553 4096 autem
2599 4041 2816 4096 Paulus
2877 4042 2937 4095 in
2988 4043 3306 4097 concilium
3367 4042 3575 4110 oculis,
3598 4043 3717 4098 ait:

2073 4134 2192 4187 Viri
2223 4132 2457 4195 fratres,
2493 4147 2596 4203 ego
2657 4132 2818 4185 omni
2868 4132 3235 4187 conscientia
3275 4133 3430 4187 bona
3478 4150 3723 4188 conver-

2075 4228 2237 4277 satus
2270 4237 2401 4276 sum
2434 4236 2633 4275 coram
2668 4222 2782 4274 Deo
2824 4236 3011 4291 usque
3043 4221 3104 4276 in
3151 4221 3508 4276 hodiernum
3540 4222 3719 4278 diem.

2076 4312 2229 4365 174
2282 4310 2566 4381 Princeps
2616 4314 2813 4365 autem
2859 4308 3232 4364 sacerdotum
3280 4310 3535 4365 Ananiae
3568 4327 3724 4382 prm-

2075 4400 2232 4471 cepit
2278 4398 2611 4455 astantibus
2664 4399 2795 4467 sibi,
2875 4404 2940 4454 ut
2994 4404 3373 4471 percuterent
3441 4417 3506 4455 os
3567 4400 3719 4471 ejus.

300 4486 512 4561 μέλλει
546 4488 574 4543 6
608 4488 759 4558 Θεὸς,
810 4492 971 4563 τοῖχε
1016 4507 1382 4561 κεκονιαμενε.
1438 4486 1541 4545 Καὶ
1584 4485 1646 4541 σὺ
1674 4487 1811 4560 κάθῃ
1846 4485 1960 4561 κρί-

2075 4491 2232 4544 Tunc
2278 4488 2495 4544 Paulus
2553 4488 2703 4544 dixit
2741 4488 2815 4544 ad
2861 4505 2994 4543 eum
3024 4506 3036 4543 :
3066 4490 3349 4544 Futurum
3374 4494 3464 4544 est
3493 4493 3557 4544 ut
3578 4506 3722 4561 per-

296 4602 414 4634 νων
476 4600 547 4651 με
594 4578 729 4633 κατᾶ
769 4579 861 4633 τὸν
929 4578 1117 4651 νόμον,
1176 4578 1265 4633 καὶ
1321 4579 1467 4652 παρᾶ
1505 4578 1674 4650 νόμον
1725 4576 1965 4640 κελεύεις

299 4689 374 4740 με
425 4667 769 4736 τύπτεσθαις
848 4667 909 4720 Οἱ
986 4664 1043 4721 δὲ
1091 4671 1427 4742 παρεστῶτες
1478 4668 1647 4721 εἶπον
1706 4665 1804 4719 Τὸν
1862 4664 1963 4738 ἆρ-

295 4756 502 4831 χιερὲα
529 4761 630 4811 τοῦ
669 4760 803 4812 θεοῦ
855 4754 1169 4831 λοιδορεῖςς
1216 4758 1356 4835 Ἔφη
1401 4777 1459 4811 τε
1506 4757 1533 4810 6
1585 4755 1819 4817 Παῦλος·
1857 4754 1966 4809 Ούκ

299 4844 484 4920 ᾔδειν,
566 4842 818 4925 ἀδελφοὶ,
898 4845 979 4899 δτι
1056 4843 1196 4900 ἐστὶν
1273 4844 1580 4921 ἀρχιερεύς.
1665 4846 1962 4919 Γέγραπται

307 4938 428 5010 γὰρ·
463 4938 754 5010 ’Ἄρχοντα
782 4939 883 4989 τοῦ
916 4933 1052 4990 λαοῦ
1078 4955 1173 4989 σου
1200 4934 1302 4989 οὐκ
1333 4933 1471 5010 ἐρεῖς
1500 4939 1699 4997 κακῶς.
1739 4958 1767 4985 ››

374 5233 401 5257 ιι
440 5205 679 5263 Τύπτειν
713 5224 769 5259 σε
803 5202 995 5276 μὲλλει
1046 5202 1073 5255 6
1126 5204 1277 5271 Θεὸς,
1329 5207 1487 5276 τοῖχε
1530 5204 1896 5274 κεκονιαμένε.
1934 5226 1961 5253 ››

303 5298 488 5369 Ἀξιον
522 5296 759 5365 ζηθῆσαι
792 5296 911 5353 πῶς
944 5292 971 5345 6
1002 5290 1161 5351 αὐτὸς
1187 5289 1446 5365 ἀλλαχοῦ
1475 5290 1663 5357 εἰπὼν,
1701 5316 1726 5342 ι(
1774 5290 1963 5346 Λοιδο-

304 5387 572 5462 ρούμενοι
643 5382 1007 5457 εὐλογοῦμεν,
1079 5380 1570 5458 βλασφημούμενοι
1612 5380 1960 5455 παρακαλοῦ-

305 5498 426 5549 μεν,
465 5502 492 5529 κ
520 5475 752 5539 ἐνταῦθα
782 5470 1120 5539 τούναντίον,
1156 5468 1217 5524 ού
1276 5470 1439 5543 μόνον
1492 5467 1756 5546 λοιδορεῖ,
1817 5469 1963 5527 ἀλλὰ

368 5607 416 5644 ’³
448 5604 627 5663 Exod.
662 5618 804 5660 nn.
846 5599 936 5654 28.

2075 4578 2259 4633 cutiat
2288 4584 2343 4634 te
2376 4580 2553 4645 Deus,
2596 4579 2790 4650 paries
2824 4577 3113 4633 dealbate.
3158 4580 3226 4633 Et
3268 4584 3329 4633 tu
3372 4578 3727 4651 sedesjudi-

2076 4685 2217 4723 cans
2249 4685 2343 4723 me
2377 4667 2705 4723 secundum
2739 4667 2950 4739 legem,
2979 4672 3036 4721 et
3062 4672 3267 4723 contra
3317 4668 3508 4742 legem
3548 4668 3727 4741 jubes

2073 4774 2168 4812 me
2191 4758 2457 4829 percuti?
2478 4757 2585 4821 Qui
2602 4761 2800 4812 autem
2828 4755 3121 4823 astabant,
3151 4756 3432 4813 dixerunt
3455 4776 3467 4813 :
3487 4760 3725 4815 Summo

2075 4846 2364 4902 sacerdoti
2380 4847 2479 4901 Dei
2499 4845 2805 4901 maledicis
2828 4845 2855 4899 ‘2
2876 4846 2970 4899 Ait
2996 4851 3195 4902 autem
3214 4848 3431 4904 Paulus
3457 4867 3470 4905 :
3497 4851 3728 4905 Nescie-

2072 4937 2231 4999 bam.
2264 4936 2496 5001 fratres,
2541 4934 2699 5006 quod
2731 4951 3000 4990 summus
3050 4937 3325 4992 sacerdos
3361 4944 3534 4993 esset.
3567 4939 3725 4993 Scri-

2072 5032 2240 5097 ptum
2300 5030 2389 5079 est
2447 5025 2605 5079 enim
2641 5040 2652 5077 :
2688 5023 2946 5096 Principi
3006 5026 3208 5097 populi
3261 5027 3345 5081 tui
3388 5044 3506 5082 non
3536 5026 3725 5083 male-

2073 5113 2305 5169 dices”.
2342 5134 2361 5161 ι

2144 5227 2169 5252 ιι
2206 5205 2492 5258 Futurum
2536 5207 2624 5257 est
2661 5207 2726 5256 ut
2756 5204 3051 5274 percutiat
3082 5209 3136 5258 te
3184 5209 3358 5271 Deus,
3392 5204 3587 5275 paries
3618 5205 3720 5261 de-

2073 5296 2287 5350 albate.
2349 5318 2368 5343 ι
2462 5294 2713 5365 Dignum
2797 5300 2882 5349 est
2966 5300 3031 5349 ut
3122 5296 3513 5365 inquiramus,
3573 5316 3719 5369 quo-

2072 5384 2247 5438 modo
2279 5401 2412 5438 cuni
2459 5383 2599 5437 alibi
2633 5382 2848 5438 dixerit
2873 5400 2884 5435 :
2910 5405 2936 5433 «
2977 5382 3122 5438 Male
3172 5383 3502 5454 audientes,
3536 5386 3718 5444 bene—

2073 5472 2323 5528 dicimus
2378 5490 2390 5526 :
2452 5470 2731 5527 conviciis
2789 5471 3004 5541 affecti,
3075 5471 3476 5533 obseramus:
3537 5500 3564 5527 »
3622 5477 3719 5534 hic
