4112 6250
379 321 495 380 275

1375 315 1785 379 COMMENT.
1831 315 1909 375 IN
1961 315 2164 375 ACTA
2209 312 2808 377 APOSTOLORUM.

3664 306 3785 367 ηε

383 473 415 511 e
449 454 678 509 diverso
712 469 831 509 non
863 453 1055 508 solum
1085 452 1405 509 convitium
1438 451 1673 524 ingerit,
1715 449 1821 506 sed
1851 448 2029 505 etiam

2154 452 2225 502 ιαὶ
2292 446 2574 522 ἐπαρᾶται.
2646 446 2744 501 Καὶ
2810 464 3010 524 φαμεν,
3070 441 3152 497 ὅτι
3211 442 3376 495 ταῦτα
3431 438 3498 494 τὰ
3564 438 3792 524 ῥήματα

382 542 823 600 maledicit?Et
870 542 1124 598 dicimus
1163 543 1323 613 quod
1358 542 1483 597 haec
1512 541 1689 597 verba
1724 540 1910 596 libere
1939 541 2025 595 lo-

383 633 620 704 quentis
646 633 844 704 potius
877 637 1226 704 sunt,quam
1257 633 1359 686 irae
1391 631 1689 686 autanimi
1722 629 2024 687 commoti.

379 723 507 777 Non
539 721 700 776 enim
732 720 964 776 volebat
989 720 1643 793 tribunumintelligere
1674 719 1833 791 quod
1853 718 2026 775 facile

375 810 799 883 despiceretur.
837 812 983 865 Nam
1028 827 1163 866 eum
1189 811 1291 865 ille
1328 810 1689 881 pepercisset
1715 824 1790 863 ne
1822 807 2027 879 ﬂagel-

372 899 618 968 laretur,
653 901 700 954 si
739 906 1055 971 postquam
1081 901 1154 955 ad
1193 899 1426 955 Judzeos
1459 899 1709 954 eductus
1737 905 1848 966 est,
1882 914 2027 953 con-

378 989 555 1061 tingit
588 994 654 1043 ut
682 1005 717 1044 a
747 989 1033 1044 ministris
1081 989 1442 1057 verberetur,
1495 989 1714 1043 factum
1746 987 1858 1042 hoc
1901 990 2029 1041 erat

374 1077 749 1132 redditurum
782 1078 954 1133 illum
985 1078 1417 1134 audentiorem.
1441 1079 1557 1132 Hoc
1584 1083 1783 1132 autem
1814 1080 2029 1142 non,ut

381 1167 624 1238 quidam
653 1167 878 1234 dicunt,
897 1168 972 1223 ad
988 1167 1333 1222 ministrum
1353 1167 1644 1238 dirigitur,
1662 1165 1765 1221 sed
1795 1165 1869 1221 ad
1891 1181 2025 1219 eum

382 1258 483 1329 qui
515 1263 899 1329 praeceperat,
937 1263 1179 1329 propter
1208 1256 1266 1311 id
1298 1256 1457 1328 quod
1487 1256 1758 1328 protinus
1788 1270 2029 1326 respon-

377 1345 495 1400 det.
544 1345 745 1401 Sciens
797 1346 959 1401 enim
998 1347 1156 1417 quod
1197 1349 1467 1418 oporteat
1510 1345 1735 1417 justam
1791 1360 2027 1415 quoque

379 1434 531 1489 iram
563 1435 1055 1507 comprimere,et
1076 1436 1300 1507 justam
1335 1434 1808 1507 indignationem
1830 1432 2027 1489 occul-

378 1528 525 1593 tare,
558 1529 844 1596 tanquam
893 1525 1242 1597 pmnitentia
1282 1524 1495 1581 ductus
1525 1525 1647 1580 ait:
1679 1522 2026 1579 Nesciebam

383 1611 544 1682 quod
575 1629 845 1668 summus
868 1612 1145 1668 sacerdos
1176 1618 1350 1668 esset.
1387 1614 1563 1684 Atqui
1590 1611 2026 1668 sciebatzdixe-

379 1705 473 1755 rat
503 1700 661 1755 enim
691 1717 704 1755 :
738 1703 808 1755 Et
836 1706 899 1756 tu
931 1701 1101 1757 sedes
1123 1700 1404 1772 judicans
1452 1717 1547 1756 me
1579 1700 1906 1756 secundum
1937 1697 2027 1753 le-

382 1804 549 1860 gem:
584 1789 688 1844 sed
713 1790 1107 1863 ignorantiam
1121 1790 1364 1847 simulat
1384 1807 1514 1862 quas
1545 1790 1695 1845 nulli
1724 1787 2027 1855 nocet,sed

374 1875 816 1949 dispensatoria
847 1883 956 1933 est.
989 1878 1291 1951 Contingit
1320 1879 1482 1933 enim
1512 1884 1580 1934 ut
1616 1877 1750 1948 quis
1777 1876 2028 1949 graviori

382 1965 830 2037 dispensatione
864 1966 1068 2022 libera)
1119 1967 1437 2022 locutionis
1478 1972 1698 2022 utatur.
1734 1968 2031 2037 Frequen-

381 2058 470 2108 ter
499 2054 660 2109 enim
710 2056 1126 2127 intempestiva
1174 2056 1456 2128 loquendi
1508 2055 1752 2111 libertas
1798 2054 2031 2110 veritati

381 2144 611 2209 nocuit,
646 2146 1031 2217 tempestivus
1060 2152 1258 2202 autem
1291 2146 1419 2219 ejus
1450 2164 1615 2212 usus,
1639 2145 1797 2217 quod
1825 2163 2038 2218 propo.

387 2234 568 2290 situm
627 2241 773 2303 erat,
836 2236 1105 2292 correxit,
1159 2259 1186 2287 ‹‹
1241 2236 1609 2305 Nesciebam,
1649 2236 1882 2300 fratres,
1916 2260 1938 2289 ι
1978 2243 2038 2294 et

389 2323 887 2390 cmtera.Quidam
918 2325 1125 2381 dicunt
1142 2342 1277 2381 eum
1307 2326 1368 2381 id
1399 2343 1520 2381 non
1552 2325 1793 2381 scivisse
1818 2325 1891 2381 ob
1913 2325 2038 2381 lon-

389 2428 531 2485 gum
559 2414 842 2485 temporis
872 2414 1272 2483 intervallum,
1324 2432 1438 2486 quo
1470 2415 1626 2487 apud
1650 2414 1883 2471 Judazos
1914 2432 2035 2471 non

387 2502 603 2558 fuerat.
619 2504 785 2568 Quod
814 2509 1012 2559 autem
1031 2521 1166 2560 eum
1192 2505 1255 2560 in
1292 2505 1489 2560 medio
1521 2521 1655 2560 cum
1678 2505 1883 2560 multis
1904 2505 2039 2560 aliis

387 2594 632 2667 videret,
665 2612 786 2652 non
839 2596 1038 2651 statim
1070 2613 1139 2651 ex
1187 2597 1298 2652 hoc
1323 2596 1705 2653 manifestum
1729 2602 1856 2652 erat
1878 2614 2039 2652 sum-

2133 537 2442 614 παῤῥησίας
2481 534 2695 609 μᾶλλόν
2741 521 2882 590 ἐστιν
2940 532 2977 602 ἢ
3034 532 3230 603 θυμοῦ.
3278 528 3359 586 Οὐ
3389 528 3494 606 γὰρ
3526 521 3788 614 ἐϐούλετο

2136 613 2603 703 εὐκαταφρόνητος
2635 629 2866 702 φανῆναι
2919 624 3000 692 τῶ
3047 616 3456 703 χιλιάρχῳηΕἰ
3488 615 3595 703 γὰρ
3625 613 3789 703 αὐτὸς

2140 716 2233 788 μὶν
2267 702 2515 794 ἐφείσατο
2550 712 2818 788 μαστίξαι,
2852 711 2927 775 ὡς
2980 704 3048 777 δὴ
3103 712 3218 769 τοῖς
3252 702 3791 794 Ἰουδαίοιςγὲκδίδο-

2138 816 2256 869 σθαι
2293 792 2568 878 μέλλοντα
2598 803 2700 858 ὑπὸ
2730 806 2840 857 τῶν
2872 799 3094 855 οἰκετῶν
3122 796 3434 863 τύπτεσθαι,
3470 792 3687 867 μᾶλλον
3720 793 3789 847 ἂν

2135 892 2333 948 ἐκεῖνον
2367 893 2687 968 θρασύτερον
2737 889 3043 967 εἷ’ργάσατο.
3094 888 3272 943 Τοῦτο
3299 881 3357 938 δὲ
3387 881 3517 956 οὐχ,
3547 880 3621 943 ὥς
3651 881 3789 960 φασί

2133 1003 2275 1045 τινες
2309 983 2443 1058 πρὸς
2473 983 2563 1036 τὸν
2593 977 2761 1036 παῖδα
2791 977 3150 1044 ἀποτείνεται,
3174 971 3320 1029 ἀλλὰ
3339 972 3477 1047 πρὸς
3506 969 3670 1025 αὐτὸν
3691 971 3791 1025 τὸν

2135 1072 2471 1146 ἐπιτάξαντα,
2506 1069 2575 1127 δι’
2615 1070 2644 1126 ὅ
2702 1067 3055 1143 ἀπολογεῖται
3108 1059 3324 1126 εῦθέως.
3363 1059 3538 1122 Εἰδὼς
3569 1060 3674 1135 γὰρ
3702 1061 3793 1115 δτι

2139 1161 2220 1219 δεῖ
2248 1163 2338 1219 καὶ
2370 1162 2542 1237 θυμὸν
2576 1159 2781 1216 δίκαιον
2821 1155 3220 1233 περιστέλλειν,
3279 1152 3368 1209 καὶ
3423 1151 3793 1228 ἂγανάκτησιν

2138 1253 2349 1311 δικαίαν
2399 1252 2713 1321 καλύπτειν,
2771 1249 2955 1324 ὥσπερ
3017 1244 3415 1321 μεταμεληθεὶς
3469 1240 3636 1318 λέγει·
3670 1241 3798 1298 Οὐκ

2136 1340 2286 1419 ᾔδειν
2321 1343 2407 1399 ὅτι
2438 1341 2581 1399 ἐστὶν
2612 1340 2920 1417 ἀρχιερεὺς,
2973 1336 3152 1393 καίτοι
3206 1331 3386 1394 εἰδώς.
3427 1330 3625 1406 Ἔλεγε
3660 1331 3793 1407 γὰρ,

2138 1435 2234 1489 Καὶ
2270 1434 2331 1488 σὺ
2361 1433 2500 1508 κάθῃ
2533 1432 2729 1507 κρίνων
2764 1450 2832 1505 με
2877 1427 3014 1483 κατὰ
3060 1427 3152 1482 τὸν
3183 1423 3376 1497 νόμον.
3409 1419 3586 1478 Ἀλλά
3614 1438 3796 1496 προσ-

2136 1529 2372 1579 ποιεῖται
2404 1520 2625 1599 ἄγνοιαν
2682 1520 2744 1575 οὐ
2805 1518 3177 1595 βλάπτουσαν,
3206 1511 3333 1569 ἀλλ’
3364 1510 3792 1584 οἷκονομοῦσαν.

2137 1614 2288 1670 Ἐστι
2320 1612 2425 1687 γὰρ
2452 1594 2568 1667 ’καὶ
2622 1594 3037 1685 μεταχειρισμῷ
3096 1602 3408 1679 χρήσασθαι
3440 1594 3794 1675 ἰσχυροτέρῳ

2135 1700 2464 1776 παῤῥησίας,
2536 1698 2814 1761 Πολλάκις
2883 1695 2989 1772 γὰρ
3055 1690 3336 1770 παρῥησία
3405 1690 3499 1761 μὶν
3566 1687 3799 1776 ᾅκαιρος

2139 1774 2345 1864 ἔϐλαψε
2397 1792 2497 1861 τήν
2556 1788 2842 1860 ἀλήθειαν,
2932 1781 3361 1862 μεταχειρισμὸς
3426 1776 3484 1834 δὲ
3539 1774 3796 1852 εὔκαιρος

2138 1882 2468 1957 κατώρθωσε
2512 1881 2575 1935 τὸ
2632 1876 3012 1954 προκείμενον.
3073 1899 3100 1926 ‹‹
3132 1870 3248 1929 οὖκ
3274 1867 3448 1944 ᾔδειν,
3475 1864 3726 1944 ἀδελφοὶ,
3766 1888 3799 1915 n

2141 1971 2229 2026 καὶ
2258 1954 2325 2026 τὰ
2354 1972 2497 2044 ἑξῆς.
2556 1968 2706 2030 Τινές
2762 1987 2889 2029 φασι
2952 1965 3029 2037 μή
3088 1958 3284 2017 εἰδέναι
3342 1959 3506 2013 αὐτὸν
3535 1954 3805 2011 ὃτιὲστὶν

2141 2059 2453 2135 ἀρχιερεὺς,
2484 2055 2575 2112 διὰ
2635 2059 2843 2131 μακροῦ
2902 2055 2997 2128 μὶν
3059 2047 3423 2135 ἑπανελοὸντα
3455 2045 3677 2135 χρονου,
3713 2044 3798 2135 μὴ

2145 2131 2545 2225 ᾰυγγενὸμενον
2578 2143 2636 2201 δὲ
2694 2140 3003 2210 Ἰουδαίοις,
3058 2141 3274 2225 ὁρῶντα
3331 2132 3388 2190 δὲ
3438 2132 3597 2225 αῦτδν
3627 2131 3802 2225 ita?

2149 2219 2297 2311 μέὲτῲ
2331 2219 2466 2311 μετὰ
2515 2233 2747 2292 πολλῶν
2801 2230 3014 2307 ἑτέρων·
3065 2227 3166 2283 οὐκ
3219 2223 3302 2281 ἔτι
3331 2225 3436 2299 γὰρ
3467 2219 3638 2311 δῆλος
3667 2220 3736 2290 ἦν
3769 2220 3803 2274 ὁ

2145 2310 2455 2402 ἀρχιερεὺς,
2487 2323 2713 2381 πολλῶν
2742 2319 2911 2378 ὄντων
2964 2319 3051 2375 καὶ
3106 2314 3402 2392 διαφόρων.
3434 2313 3513 2402 At'
3543 2330 3571 2366 ο
3713 2311 3801 2383 μὴ

2147 2396 2322 2478 είδὼς
2364 2413 2608 2489 εὐλόγως
2663 2410 3019 2486 ἀπολογεῖται
3077 2407 3152 2469 ὡς
3207 2400 3540 2489 κατηγορίας
3598 2396 3801 2472 οὔσης⁹

2146 2505 2236 2561 καὶ
2267 2505 2472 2578 ἐπάγει·
2512 2487 2814 2580 -Ἃρχοντα
2871 2500 2968 2554 τοῦ
3026 2494 3164 2552 λαοῦ
3221 2513 3318 2547 σου
3378 2490 3478 2545 οὐκ
3526 2487 3665 2563 ἐρεῖς
3691 2506 3803 2542 κα-

2147 2616 2279 2657 κως.

390 2700 557 2740 mum
582 2701 712 2741 esse
745 2685 1133 2751 sacerdotem,
1169 2703 1304 2741 cum
1362 2685 1534 2741 multi
1579 2690 1781 2740 essent
1810 2702 1878 2740 ac
1902 2686 2070 2741 varii.
2125 2685 2444 2759 PrOpterea
2470 2681 2927 2746 rationabiliter,
2960 2683 3023 2733 ut
3046 2676 3148 2749 qui
3202 2689 3326 2730 non
3371 2668 3631 2735 sciverit,
3684 2683 3790 2722 re-

384 2775 637 2846 spondet
667 2775 834 2845 quasi
858 2775 1084 2829 crimen
1115 2774 1211 2840 sit,
1245 2791 1312 2830 ac
1343 2774 1685 2847 subjungit:
1722 2774 1977 2846 Principi
2014 2775 2214 2848 populi
2242 2776 2327 2831 tui
2350 2791 2470 2830 non
2503 2772 2843 2829 maledices.

462 2862 615 2918 165
661 2863 860 2931 XXIII,
912 2865 1031 2917 6—7.
1059 2886 1084 2913 ι(
1120 2863 1325 2918 Sciens
1366 2869 1566 2919 autem
1624 2863 1842 2919 Paulus
1881 2864 2038 2934 quod

396 2967 516 3007 una
538 2968 678 3023 pars
735 2956 891 3006 esset
939 2952 1417 3017 Sadducaeorum,
1478 2957 1537 3007 et
1592 2951 1778 3007 altera
1834 2953 2041 3008 Phari-

396 3059 671 3113 saeorum,
723 3043 1067 3100 exclamavit
1102 3043 1166 3099 in
1196 3043 1487 3099 concilio:
1523 3043 1639 3097 Viri
1669 3042 1902 3113 fratres,
1926 3059 2031 3115 ego

392 3132 730 3187 Pharismus
761 3149 914 3201 sum,
967 3133 1126 3187 illius
1164 3133 1445 3187 Pharisaai
1473 3132 1580 3188 :de
1613 3148 1716 3204 spe
1748 3137 1805 3187 et
1832 3148 2034 3187 resur-

390 3222 657 3278 rectione
706 3228 1077 3278 mortuorum
1128 3239 1234 3295 ego
1282 3221 1541 3294 judicor.
1602 3222 1867 3292 Cumque
1923 3220 2037 3276 hoc

391 3311 658 3384 dixisset,
706 3312 862 3368 facta
919 3318 1008 3367 est
1057 3312 1353 3367 dissensio
1402 3313 1560 3367 inter
1606 3313 1934 3368 Pharisaaos
1975 3328 2043 3368 ac

392 3403 766 3475 Sadducaeos,
802 3410 860 3459 et
889 3404 1146 3460 dissecta
1176 3409 1265 3459 est
1303 3404 1642 3460 multitudo.
1682 3430 1703 3453 ι

469 3495 725 3550 Rursum
755 3496 1020 3551 humano
1052 3496 1227 3551 modo
1262 3496 1646 3565 disserit,nec
1678 3497 1897 3568 ubique
1918 3514 2045 3569 gra-

410 3584 506 3640 tiae
538 3584 847 3658 commodo
876 3585 1111 3657 gaudet.
1142 3588 1213 3639 Et
1241 3585 1350 3640 hoc
1391 3592 1654 3657 tempore
1676 3603 1744 3642 ac
1772 3591 1907 3657 post
1933 3586 2048 3641 ista

406 3675 593 3730 voluit
622 3674 908 3730 dissidere
929 3674 1373 3730 multitudinem
1395 3692 1525 3746 qua:
1557 3675 1834 3732 adversus
1852 3677 2047 3748 ipsum

406 3781 656 3821 concors
688 3771 833 3821 erat.
865 3766 933 3819 Et
963 3781 1156 3836 neque
1189 3765 1300 3820 hoc
1338 3764 1470 3819 loco
1502 3766 1822 3821 mentitur:
1858 3766 2046 3838 siqui-

386 3855 541 3931 .dem
573 3873 641 3910 ex
668 3854 1146 3928 progenitoribus
1177 3855 1511 3910 Phariszeus
1544 3860 1689 3910 erat.

469 3945 752 4012 XXIII,8,
786 3948 838 4001 9.
872 3968 898 3995 (ι
920 3945 1225 4000 Sadducaai
1257 3961 1517 4016 namque
1548 3944 1755 4001 dicunt
1774 3961 1895 4001 non
1918 3961 2048 4001 esse

400 4033 920 4101 resurrectionem,
993 4051 1187 4105 neque
1244 4034 1542 4106 angelum.
1617 4050 1812 4106 neque
1871 4034 2049 4107 spiri-

399 4129 546 4179 tum.
607 4124 891 4178 Pharisaei
951 4130 1150 4179 autem
1211 4129 1461 4195 utraque
1510 4125 1889 4181 conﬁtentur.
1946 4124 2048 4179 Fa-

397 4219 527 4269 ctus
558 4218 647 4269 est
676 4219 875 4269 autem
907 4213 1130 4269 clamor
1160 4229 1429 4287 magnus.
1460 4216 1725 4284 Cumque
1759 4212 2045 4268 surrexis-

399 4309 532 4359 sent
560 4303 777 4359 Scribm
811 4303 882 4358 de
928 4303 1188 4357 factione
1233 4302 1692 4368 Pharisaeorum,
1753 4303 2048 4374 depugna'

398 4392 562 4461 bant,
596 4392 898 4448 dicentes:
933 4391 1091 4446 Nihil
1125 4390 1265 4446 mali
1295 4390 1631 4446 invenimus
1689 4390 1751 4445 in
1805 4390 2046 4446 homine

388 4484 535 4543 isto.
573 4508 594 4535 ι

474 4575 780 4631 Sadducaai
841 4590 977 4630 cum
1026 4572 1209 4629 crassi
1244 4573 1381 4639 sint,
1440 4572 1709 4629 fortassis
1752 4588 1829 4627 ne
1860 4572 2047 4627 Deum

2228 2886 2249 2916 ι
2283 2861 2446 2925 Γνοὺς
2504 2859 2562 2917 δὲ
2613 2862 2642 2917 ὁ
2703 2857 2917 2919 Παῦλος
2974 2855 3059 2911 ὅτι
3113 2849 3169 2908 ’ἐν
3230 2851 3393 2925 μέρος
3420 2847 3532 2904 ἐστῖ
3562 2841 3805 2902 Σαδδου·

2148 2954 2334 3023 καίων,
2369 2953 2433 3009 τὸ
2464 2950 2521 3009 δὲ
2579 2952 2769 3027 ἅτερον
2829 2945 3160 3022 Φαρισαίων,
3221 2939 3432 3016 ἔκραξεν
3479 2937 3645 3027 ἐν.τῷ

2147 3042 2331 3119 εδρίῳο
2399 3039 2593 3117 Ἀδρες
2650 3022 2904 3117 άδελφοῖ,
2961 3034 3067 3111 ἐγὼ
3134 3028 3430 3119 Φαρισαῖᾷς
3501 3024 3641 3100 εἶμι,
3684 3022 3796 3119 ui.po

2149 3115 2473 3210 Φαρισαίου,
2511 3115 2657 3204 -περὶ
2735 3115 2957 3189 ἐλπίδος
3030 3124 3122 3180 καὶ
3196 3118 3535 3178 ἀναστάσεως
3595 3115 3805 3210 νεκρῶν

2149 3201 2255 3296 ἐγώ
2285 3223 2562 3299 κρίνομαι.
2609 3201 2802 3276 -Τοῦτο
2860 3213 2918 3271 δὲ
2974 3212 3142 3270 αὐτοῦ
3198 3210 3560 3299 λαλήᾼσαντος,
3592 3201 3807 3299 ἐγένετο

2151 3289 2333 3376 στάσις
2399 3317 2506 3368 τῶν
2571 3307 2883 3382 Φαρισαίων
2944 3303 3035 3359 καὶ
3099 3305 3205 3357 τῶν
3263 3293 3643 3356 Σαδδουκαίων
3701 3289 3805 3347 καὶ

2151 3403 2378 3478 ἐσχίσθη
2407 3404 2469 3458 τὸ
2499 3400 2733 3471 πλῆθος.
2762 3420 2791 3450 ››

2225 3472 2393 3549 ᾖάλιν
2453 3488 2806 3566 ἀνθρωπίνως
2863 3482 3193 3560 διαλέγεται,
3245 3476 3338 3532 καὶ
3396 3474 3459 3532 οὗ
3510 3472 3806 3566 πανταχοῦ

2151 3591 2250 3654 τῆς
2320 3583 2547 3658 χάριτος
2614 3577 2904 3636 ἀπολαύει.
2959 3573 3067 3631 Καὶ
3122 3569 3175 3626 ἰν
3236 3567 3441 3640 τούτῳ,
3503 3561 3592 3618 καὶ
3659 3558 3807 3662 μετᾶ

2151 3654 2625 3743 ταῦτα-ἒῦουλήθη
2659 3669 2848 3745 σχίσαι
2875 3666 2937 3722 τὸ
2978 3663 3193 3733 πλῆθος
3223 3660 3285 3714 τὸ
3315 3659 3496 3745 κακῶς
3527 3654 3803 3726 ὁμονοοῦν

2153 3767 2270 3821 κατ’
2326 3763 2509 3819 αὐτοῦ.
2563 3761 2662 3817 Καὶ
2698 3743 2783 3815 ﬁt
2840 3752 3093 3831 ψεύδεται
3148 3748 3276 3806 οὐδὲ
3332 3743 3574 3809 ἐνταῦθα·
3624 3745 3806 3814 Φαρι-

2156 3860 2306 3917 σαῖος
2338 3853 2439 3931 γὰρ
2467 3854 2533 3922 ἧν
2563 3851 2624 3907 ἐκ
2652 3849 2954 3926 προγόνων.

2232 3972 2253 3998 ι
2292 3920 2657 3999 Σαδδουκαῖοι
2841 3936 2945 4013 γὰρ
3003 3932 3248 4010 λέγουσι,
3296 3927 3372 4001 μή
3404 3926 3542 3980 εἶναι
3574 3920 3808 4014 άνάστα-

2157 4061 2257 4111 σιν,
2291 4033 2434 4111 μηδὲ
2484 4011 2740 4111 ἄγγελον,
2803 4011 2942 4103 μήτε
2991 4021 3547 4119 πνεῦμαίιφαρισαῖοι
3581 4011 3640 4069 δὶ
3664 4012 3804 4119 δμο-

2156 4099 2386 4203 λογοιῦσι
2431 4124 2499 4179 τὰ
2531 4099 2849 4201 direpti-cepa.
2905 4115 3149 4191 Έγὲνετο
3208 4107 3265 4166 δὲ
3315 4105 3529 4203 κραυγή
3562 4099 3806 4203 μεγάλη,

2155 4196 2251 4273 καὶ.
2304 4196 2653 4275 άναστάντεξ
2694 4209 3039 4286 γραμματεῖς
3108 4204 3205 4258 τοῦ
3267 4196 3463 4274 μὲρους
3522 4197 3634 4286 τῶν
3687 4196 3806 4286 φα-

2159 4304 2402 4382 ρισαίων,
2462 4278 2818 4376 διεμάχοντο,
2854 4278 3124 4371 λέγοντες⁶
3184 4286 3356 4349 Οὖδὶν
3420 4284 3585 4341 κακὸν
3652 4278 3805 4354 εὑρί-

2155 4416 2354 4470 σκομεν
2386 4391 2439 4448 ἐν
2472 4391 2550 4464 τῷ
2576 4390 2844 4464 ἀνθρώπῳ
2872 4383 3070 4457 τούτῳ.
3107 4406 3129 4434 ι

2230 4568 2590 4629 Σαδδουκαῖοι
2619 4587 2817 4643 παχεις
2848 4567 2990 4625 τινὲς
3019 4557 3191 4626 ὄντες,
3212 4556 3359 4635 τάχα
3387 4549 3519 4607 οὐδὲ
3542 4549 3638 4643 τδν
3669 4544 3802 4643 Θεδν

401 4665 643 4737 quidem
673 4669 1056 4738 cognoscunt,
1110 4662 1266 4718 unde
1322 4679 1519 4733 neque
1577 4661 1816 4718 credere
1847 4660 2037 4717 volunt

2160 4660 2354 4720 ἴσασιν,
2382 4661 2541 4718 Ὅθεν
2602 4633 2738 4713 οὖδξ
2780 4654 3065 4710 ἀνάστασιν
3100 4646 3397 4727 βούλονται
3425 4633 3804 4738 πιστεύειν.εἶῖ

401 4754 902 4809 resurrectionem
925 4769 1075 4809 esse.
1097 4774 1124 4801 «
1161 4751 1442 4807 Pharisaei
1473 4767 1607 4807 vero
1639 4757 1889 4821 utraque
1907 4766 2046 4806 con-

400 4843 664 4898 ﬁtentur.
691 4864 721 4891 »
748 4842 921 4911 Atqui
966 4841 1081 4896 tria
1133 4846 1274 4896 sunt
1307 4858 1319 4896 :
1354 4842 1652 4913 quomodo
1710 4857 1846 4913 ergo
1904 4840 2049 4896 dicit

399 4930 681 5006 ἀμφότερα
697 4932 724 4987 ‘?
736 4934 850 4987 Aut
877 4930 1032 5001 quod
1061 4931 1336 5002 spiritum
1351 4936 1410 4986 et
1424 4931 1700 5004 angelum
1715 4948 1900 4987 unum
1914 4947 2045 4987 esse

395 5023 558 5091 dicit,
593 5028 695 5078 aut
738 5020 897 5093 quod
944 5019 1121 5074 dictio
1152 5019 1453 5095 ἀμφότερα,
1500 5038 1621 5077 non
1660 5021 1854 5076 solum
1889 5022 2045 5077 circa

396 5115 509 5172 duo
542 5114 803 5184 ponitur,
824 5110 964 5165 licet
987 5110 1097 5164 hoc
1125 5110 1361 5181 prOprie
1394 5111 1710 5181 significet,
1727 5110 1832 5168 sed
1863 5112 2039 5167 etiam

393 5208 464 5277 de
498 5206 707 5261 tribus.
760 5205 962 5272 Itaque
993 5216 1112 5253 non
1156 5204 1390 5270 oportet
1428 5199 1500 5254 ab
1551 5207 2041 5258 externa‘exactaa

396 5293 776 5367 proprietatis
848 5288 1320 5362 perscrutatione
1378 5288 1651 5360 judicare
1720 5291 2042 5362 scripturas

398 5384 760 5455 simplicium
790 5389 967 5452 atque
998 5378 1416 5433 illiteratorum
1448 5378 1831 5451 piscatorum.

472 5474 674 5537 XXIII,
708 5472 852 5525 9-H.
882 5494 905 5519 ‹‹
957 5470 1017 5524 Si
1048 5474 1241 5522 autem
1293 5468 1537 5539 spiritus
1581 5468 1814 5525 locutus
1846 5475 1935 5525 est
1986 5471 2039 5525 ei

401 5568 504 5620 aut
532 5561 797 5635 angelus,
827 5575 900 5615 ne
948 5574 1348 5631 repugnemus
1394 5558 1535 5613 Deo.
1568 5558 1639 5612 Et
1666 5558 1807 5613 dum
1831 5575 2044 5631 magna

404 5654 616 5713 seditio
646 5656 849 5707 coorta
899 5655 1075 5717 esset,
1135 5649 1352 5704 veritus
1398 5647 1670 5704 tribunus
1714 5666 1788 5705 ne
1829 5649 2044 5706 discer-

2155 4772 2266 4808 ναι.
2296 4776 2323 4804 ‹‹
2357 4753 2646 4825 Φαρισαῖοι
2679 4743 2738 4802 δὶ
2794 4723 3134 4819 ὁμολογοῦσι
3189 4737 3255 4790 τὰ
3308 4730 3608 4825 ἀμφότερα.
3638 4747 3681 4825 »Δ
3703 4723 3801 4825 [Eat

2159 4843 2265 4917 μὴν
2294 4841 2419 4918 τρία
2446 4814 2580 4897 ἔστί.
2613 4842 2736 4900 Πῶς
2795 4814 2885 4892 οῦν
2943 4814 3111 4907 λέγει,
3146 4852 3173 4918 (ι
3207 4822 3554 4918 ’ᾼμφιίτερας
3589 4815 3686 4918 »ιῆ
3718 4814 3801 4918 ὅτι

2154 4904 2368 5006 ἐτνὲῦμά
2397 4931 2484 4986 καὶ
2518 4927 2750 5007 ἄγγελον
2782 4923 2835 4981 ἔν
2894 4904 3099 5011 φησιν,Δ
3135 4915 3171 4988 ἤ
3214 4914 3313 5011 ⁸ὅτι
3345 4915 3381 5011 ᾖ
3415 4910 3558 5011 λιέξις
3688 4904 3800 5011 μό,-

2153 5043 2243 5078 νον
2272 4997 2395 5095 περὶ
2429 5015 2524 5073 δύο
2557 4997 2733 5094 λέγει,
2788 4997 2922 5088 ὅπερ
2976 5008 3179 5086 κυρίως
3211 5003 3379 5095 δηλοῖ
3405 4997 3802 5095 τδκαῄᾌμφέ-

2151 5130 2300 5187 τερα,
2333 5084 2479 5165 άλλᾶ
2528 5084 2648 5162 καὶ¹
2677 5102 2798 5179 περὶ
2853 5104 3041 5177 τριῶν.
3097 5099 3260 5151 Ὥστε
3291 5093 3381 5147 οὗν
3414 5088 3475 5145 οὐ
3507 5084 3587 5187 δεῖ
3611 5084 3672 5140 ἐκ
3698 5087 3801 5187 τῇς

2153 5175 2342 5271 tabes,
2418 5175 2812 5272 άκριϐολέκτοῦ
2872 5175 3196 5267 κυριότητος
3263 5181 3466 5259 κρίνειν
3529 5175 3626 5237 τὰς
3691 5176 3800 5228 τῶν

2151 5288 2342 5346 ἁπλῶν
2374 5289 2463 5344 καὶ
2494 5284 2871 5363 ἀγραμμάτων
2905 5278 3103 5337 άλιέων
3134 5272 3459 5352 συγγραφάς.

2225 5494 2252 5522 ι(
2289 5469 2347 5523 Εἰ
2408 5464 2465 5521 δὲ
2523 5469 2731 5538 πνεῦμα
2789 5460 3055 5531 ἐλάλησεν
3114 5456 3288 5527 αὐτῷ,
3317 5451 3353 5522 ἢ
3398 5440 3798 5538 ἅγγελος,“μῆ

2151 5561 2539 5633 τεομαχῶμεν.
2595 5529 2826 5623 Πολλῆς
2884 5529 2960 5606 δὲ⁷
2993 5543 3292 5624 γενομίνης
3325 5538 3591 5633 στάσεως,
3630 5529 3797 5633 εὖλαῖ

2153 5620 2435 5720 ϐηθεὶςῡδ
2500 5620 2802 5722 χιλίαρχος
2871 5642 2947 5714 μὴ
3008 5620 3320 5707 ’διασπασθῇ
3387 5631 3416 5685 ὁ
3456 5621 3670 5687 Παῦλος
3704 5620 3796 5677 ὑπ’
