  <div class='ocr_page' id='page_1' title='image "/cluster/home/n/w/nwhite01/storage/ocr_20150623/118/mdp.39015078384297/146.png"; bbox 0 0 4112 6250; ppageno 0'>
   <div class='ocr_carea' id='block_1_1' title="bbox 200 349 315 409">
    <p class='ocr_par' dir='ltr' id='par_1_1' title="bbox 200 349 315 409">
     <span class='ocr_line' id='line_1_1' title="bbox 200 349 315 409; baseline -0.017 0"><span class='ocrx_word' id='word_1_1' title='bbox 200 349 315 409; x_wconf 74' lang='grc'><strong>277</strong></span> 
     </span>
    </p>
   </div>
   <div class='ocr_carea' id='block_1_2' title="bbox 216 474 1321 559">
    <p class='ocr_par' dir='ltr' id='par_1_2' title="bbox 216 474 1321 559">
     <span class='ocr_line' id='line_1_2' title="bbox 216 474 1321 559; baseline 0.006 -27"><span class='ocrx_word' id='word_1_2' title='bbox 216 478 412 547; x_wconf 57' lang='lat' dir='ltr'>ari-tam,</span> <span class='ocrx_word' id='word_1_3' title='bbox 487 474 764 535; x_wconf 71' lang='grc' dir='ltr'><strong>ἐκέλευσε</strong></span> <span class='ocrx_word' id='word_1_4' title='bbox 845 484 913 537; x_wconf 81' lang='grc' dir='ltr'><strong>τὸ</strong></span> <span class='ocrx_word' id='word_1_5' title='bbox 1008 483 1321 559; x_wconf 82' lang='grc' dir='ltr'><strong>στράτευμα</strong></span> 
     </span>
    </p>
   </div>
   <div class='ocr_carea' id='block_1_3' title="bbox 232 568 1915 651">
    <p class='ocr_par' dir='ltr' id='par_1_3' title="bbox 232 568 1915 651">
     <span class='ocr_line' id='line_1_3' title="bbox 232 568 1915 651; baseline 0.003 -28"><span class='ocrx_word' id='word_1_6' title='bbox 232 568 459 644; x_wconf 70' lang='grc' dir='ltr'><strong>ἁρπάσαι</strong></span> <span class='ocrx_word' id='word_1_7' title='bbox 520 568 697 625; x_wconf 73' lang='grc' dir='ltr'><strong>αὑτὸν</strong></span> <span class='ocrx_word' id='word_1_8' title='bbox 767 571 833 626; x_wconf 76' lang='grc' dir='ltr'>ἐκ</span> <span class='ocrx_word' id='word_1_9' title='bbox 867 571 1044 645; x_wconf 74' lang='grc' dir='ltr'><strong>μέσου</strong></span> <span class='ocrx_word' id='word_1_10' title='bbox 1104 573 1305 644; x_wconf 75' lang='grc' dir='ltr'><strong>αὐτῶν,</strong></span> <span class='ocrx_word' id='word_1_11' title='bbox 1357 572 1500 651; x_wconf 75' lang='grc' dir='ltr'><strong>ἂγειν</strong></span> <span class='ocrx_word' id='word_1_12' title='bbox 1546 594 1605 629; x_wconf 83' lang='grc' dir='ltr'>τε</span> <span class='ocrx_word' id='word_1_13' title='bbox 1684 573 1763 636; x_wconf 84' lang='grc' dir='ltr'><strong>εἰς</strong></span> <span class='ocrx_word' id='word_1_14' title='bbox 1817 577 1915 643; x_wconf 78' lang='grc' dir='ltr'><strong>τὴν</strong></span> 
     </span>
    </p>
   </div>
   <div class='ocr_carea' id='block_1_4' title="bbox 236 653 1916 735">
    <p class='ocr_par' dir='ltr' id='par_1_4' title="bbox 236 653 1916 735">
     <span class='ocr_line' id='line_1_4' title="bbox 236 653 1916 735; baseline 0.003 -22"><span class='ocrx_word' id='word_1_15' title='bbox 236 653 623 734; x_wconf 66' lang='grc' dir='ltr'><strong>παρεμϐολήν.</strong></span> <span class='ocrx_word' id='word_1_16' title='bbox 657 663 745 732; x_wconf 74' lang='grc' dir='ltr'>Τῇ</span> <span class='ocrx_word' id='word_1_17' title='bbox 792 659 856 716; x_wconf 62' lang='grc' dir='ltr'>δὲ</span> <span class='ocrx_word' id='word_1_18' title='bbox 908 660 1143 734; x_wconf 75' lang='grc' dir='ltr'>ἐπιούσῃ</span> <span class='ocrx_word' id='word_1_19' title='bbox 1198 661 1349 718; x_wconf 81' lang='grc' dir='ltr'><strong>νυκτὶ</strong></span> <span class='ocrx_word' id='word_1_20' title='bbox 1406 662 1625 724; x_wconf 77' lang='grc' dir='ltr'><strong>ἐπιστὰς</strong></span> <span class='ocrx_word' id='word_1_21' title='bbox 1682 663 1832 735; x_wconf 81' lang='grc' dir='ltr'><strong>αὐτῷ</strong></span> <span class='ocrx_word' id='word_1_22' title='bbox 1889 665 1916 718; x_wconf 94' lang='lat'>6</span> 
     </span>
    </p>
   </div>
   <div class='ocr_carea' id='block_1_5' title="bbox 228 748 1917 827">
    <p class='ocr_par' dir='ltr' id='par_1_5' title="bbox 228 748 1917 827">
     <span class='ocr_line' id='line_1_5' title="bbox 228 748 1917 827; baseline 0 -22"><span class='ocrx_word' id='word_1_23' title='bbox 228 748 456 824; x_wconf 81' lang='grc' dir='ltr'><strong>Κύριος,</strong></span> <span class='ocrx_word' id='word_1_24' title='bbox 492 749 637 803; x_wconf 71' lang='grc' dir='ltr'><strong>εἴπεο</strong></span> <span class='ocrx_word' id='word_1_25' title='bbox 703 750 933 826; x_wconf 79' lang='grc' dir='ltr'><strong>Θάρσει,</strong></span> <span class='ocrx_word' id='word_1_26' title='bbox 994 753 1207 808; x_wconf 78' lang='grc' dir='ltr'><strong>Παῦλε.</strong></span> <span class='ocrx_word' id='word_1_27' title='bbox 1265 753 1355 814; x_wconf 86' lang='grc' dir='ltr'><strong>Ὧς</strong></span> <span class='ocrx_word' id='word_1_28' title='bbox 1411 753 1516 827; x_wconf 86' lang='grc' dir='ltr'><strong>γὰρ</strong></span> <span class='ocrx_word' id='word_1_29' title='bbox 1572 749 1917 825; x_wconf 80' lang='grc' dir='ltr'>διεμαρτύρω</span> 
     </span>
    </p>
   </div>
   <div class='ocr_carea' id='block_1_6' title="bbox 222 838 1915 915">
    <p class='ocr_par' dir='ltr' id='par_1_6' title="bbox 222 838 1915 915">
     <span class='ocr_line' id='line_1_6' title="bbox 222 838 1915 915; baseline 0.002 -23"><span class='ocrx_word' id='word_1_30' title='bbox 222 838 292 893; x_wconf 77' lang='grc' dir='ltr'><strong>τὲι</strong></span> <span class='ocrx_word' id='word_1_31' title='bbox 320 839 444 913; x_wconf 78' lang='grc' dir='ltr'><strong>περὶ</strong></span> <span class='ocrx_word' id='word_1_32' title='bbox 476 840 618 911; x_wconf 68' lang='grc' dir='ltr'><strong>ἐμοῦ</strong></span> <span class='ocrx_word' id='word_1_33' title='bbox 654 838 736 901; x_wconf 79' lang='grc' dir='ltr'><strong>εἷς</strong></span> <span class='ocrx_word' id='word_1_34' title='bbox 769 839 1171 915; x_wconf 74' lang='grc' dir='ltr'><strong>Ἰερουσαλὴμ,</strong></span> <span class='ocrx_word' id='word_1_35' title='bbox 1203 841 1376 903; x_wconf 76' lang='grc' dir='ltr'><strong>οὕτως</strong></span> <span class='ocrx_word' id='word_1_36' title='bbox 1438 862 1494 896; x_wconf 88' lang='grc' dir='ltr'>σε</span> <span class='ocrx_word' id='word_1_37' title='bbox 1549 839 1632 896; x_wconf 88' lang='grc' dir='ltr'><strong>δεῖ</strong></span> <span class='ocrx_word' id='word_1_38' title='bbox 1688 840 1777 896; x_wconf 85' lang='grc' dir='ltr'><strong>καὶ</strong></span> <span class='ocrx_word' id='word_1_39' title='bbox 1838 842 1915 904; x_wconf 84' lang='grc' dir='ltr'>εἷς</span> 
     </span>
    </p>
   </div>
   <div class='ocr_carea' id='block_1_7' title="bbox 227 928 932 1003">
    <p class='ocr_par' dir='ltr' id='par_1_7' title="bbox 227 928 932 1003">
     <span class='ocr_line' id='line_1_7' title="bbox 227 928 932 1003; baseline -0.001 -23"><span class='ocrx_word' id='word_1_40' title='bbox 227 928 448 1000; x_wconf 72' lang='grc' dir='ltr'><strong>Ῥώμην</strong></span> <span class='ocrx_word' id='word_1_41' title='bbox 488 931 867 1003; x_wconf 73' lang='grc' dir='ltr'><strong>μαρτυρῆσαι.</strong></span> <span class='ocrx_word' id='word_1_42' title='bbox 902 955 932 982; x_wconf 89' lang='grc'><strong>››</strong></span> 
     </span>
    </p>
   </div>
   <div class='ocr_carea' id='block_1_8' title="bbox 308 1015 1915 1098">
    <p class='ocr_par' dir='ltr' id='par_1_8' title="bbox 308 1015 1915 1098">
     <span class='ocr_line' id='line_1_8' title="bbox 308 1015 1915 1098; baseline 0.005 -31"><span class='ocrx_word' id='word_1_43' title='bbox 308 1041 337 1067; x_wconf 69' lang='grc' dir='ltr'>α</span> <span class='ocrx_word' id='word_1_44' title='bbox 368 1018 431 1073; x_wconf 75' lang='grc' dir='ltr'>Εἰ</span> <span class='ocrx_word' id='word_1_45' title='bbox 467 1015 522 1072; x_wconf 80' lang='grc' dir='ltr'>δὶ</span> <span class='ocrx_word' id='word_1_46' title='bbox 552 1022 780 1091; x_wconf 74' lang='grc' dir='ltr'><strong>πνεῦμα</strong></span> <span class='ocrx_word' id='word_1_47' title='bbox 811 1016 1084 1088; x_wconf 78' lang='grc' dir='ltr'><strong>ἐλάλησεν</strong></span> <span class='ocrx_word' id='word_1_48' title='bbox 1119 1018 1286 1089; x_wconf 80' lang='grc' dir='ltr'><strong>αὐτῷ.</strong></span> <span class='ocrx_word' id='word_1_49' title='bbox 1311 1044 1338 1071; x_wconf 89' lang='grc'>››</span> <span class='ocrx_word' id='word_1_50' title='bbox 1372 1023 1554 1098; x_wconf 83' lang='grc' dir='ltr'>Διχῶς</span> <span class='ocrx_word' id='word_1_51' title='bbox 1587 1018 1698 1074; x_wconf 81' lang='grc' dir='ltr'><strong>ἔστι</strong></span> <span class='ocrx_word' id='word_1_52' title='bbox 1720 1026 1915 1088; x_wconf 83' lang='grc' dir='ltr'><strong>νοῆσαι</strong></span> 
     </span>
    </p>
   </div>
   <div class='ocr_carea' id='block_1_9' title="bbox 232 1107 1913 1184">
    <p class='ocr_par' dir='ltr' id='par_1_9' title="bbox 232 1107 1913 1184">
     <span class='ocr_line' id='line_1_9' title="bbox 232 1107 1913 1184; baseline 0.004 -24"><span class='ocrx_word' id='word_1_53' title='bbox 232 1109 297 1161; x_wconf 83' lang='grc' dir='ltr'><strong>τὸ</strong></span> <span class='ocrx_word' id='word_1_54' title='bbox 327 1107 647 1181; x_wconf 65' lang='grc' dir='ltr'><strong>εἰρημένον.</strong></span> <span class='ocrx_word' id='word_1_55' title='bbox 679 1112 755 1162; x_wconf 77' lang='grc' dir='ltr'><strong>’Π</strong></span> <span class='ocrx_word' id='word_1_56' title='bbox 814 1108 921 1184; x_wconf 74' lang='grc' dir='ltr'><strong>γὰρ</strong></span> <span class='ocrx_word' id='word_1_57' title='bbox 974 1107 1153 1164; x_wconf 81' lang='grc' dir='ltr'>λείπει</span> <span class='ocrx_word' id='word_1_58' title='bbox 1196 1130 1248 1163; x_wconf 88' lang='grc' dir='ltr'><strong>τι</strong></span> <span class='ocrx_word' id='word_1_59' title='bbox 1300 1109 1447 1181; x_wconf 82' lang='grc' dir='ltr'><strong>αὐτῷ</strong></span> <span class='ocrx_word' id='word_1_60' title='bbox 1500 1110 1636 1183; x_wconf 88' lang='grc' dir='ltr'><strong>πρὸς</strong></span> <span class='ocrx_word' id='word_1_61' title='bbox 1668 1109 1913 1181; x_wconf 74' lang='grc' dir='ltr'><strong>ἀναπλή-</strong></span> 
     </span>
    </p>
   </div>
   <div class='ocr_carea' id='block_1_10' title="bbox 245 1196 1910 1272">
    <p class='ocr_par' dir='ltr' id='par_1_10' title="bbox 245 1196 1910 1272">
     <span class='ocr_line' id='line_1_10' title="bbox 245 1196 1910 1272; baseline 0.002 -22"><span class='ocrx_word' id='word_1_62' title='bbox 245 1216 416 1271; x_wconf 82' lang='grc' dir='ltr'><strong>ρωσιν</strong></span> <span class='ocrx_word' id='word_1_63' title='bbox 449 1202 543 1252; x_wconf 69' lang='grc' dir='ltr'><strong>τοῦ</strong></span> <span class='ocrx_word' id='word_1_64' title='bbox 572 1200 888 1269; x_wconf 73' lang='grc' dir='ltr'>νοήματος,</span> <span class='ocrx_word' id='word_1_65' title='bbox 916 1196 1010 1253; x_wconf 70' lang='grc' dir='ltr'><strong>’ἶνα</strong></span> <span class='ocrx_word' id='word_1_66' title='bbox 1119 1199 1312 1260; x_wconf 74' lang='grc' dir='ltr'>οὕτως⁸</span> <span class='ocrx_word' id='word_1_67' title='bbox 1371 1199 1440 1256; x_wconf 86' lang='grc' dir='ltr'>Εἰ</span> <span class='ocrx_word' id='word_1_68' title='bbox 1499 1196 1557 1254; x_wconf 77' lang='grc' dir='ltr'>δὲ</span> <span class='ocrx_word' id='word_1_69' title='bbox 1608 1203 1820 1272; x_wconf 77' lang='grc' dir='ltr'><strong>πνεῦμα</strong></span> <span class='ocrx_word' id='word_1_70' title='bbox 1875 1200 1910 1269; x_wconf 73' lang='grc' dir='ltr'><strong>ἢ</strong></span> 
     </span>
    </p>
   </div>
   <div class='ocr_carea' id='block_1_11' title="bbox 248 1282 1911 1363">
    <p class='ocr_par' dir='ltr' id='par_1_11' title="bbox 248 1282 1911 1363">
     <span class='ocr_line' id='line_1_11' title="bbox 248 1282 1911 1363; baseline 0.004 -25"><span class='ocrx_word' id='word_1_71' title='bbox 248 1282 487 1357; x_wconf 76' lang='grc' dir='ltr'><strong>ἅγγελος</strong></span> <span class='ocrx_word' id='word_1_72' title='bbox 516 1284 789 1355; x_wconf 69' lang='grc' dir='ltr'><strong>ἐλάλησεν</strong></span> <span class='ocrx_word' id='word_1_73' title='bbox 839 1287 1013 1359; x_wconf 80' lang='grc' dir='ltr'><strong>αὐτῷ,</strong></span> <span class='ocrx_word' id='word_1_74' title='bbox 1069 1284 1300 1355; x_wconf 75' lang='grc' dir='ltr'><strong>ἄδηλον,</strong></span> <span class='ocrx_word' id='word_1_75' title='bbox 1338 1286 1521 1363; x_wconf 77' lang='grc' dir='ltr'><strong>φησίν·</strong></span> <span class='ocrx_word' id='word_1_76' title='bbox 1583 1287 1619 1355; x_wconf 74' lang='grc' dir='ltr'><strong>ἢ</strong></span> <span class='ocrx_word' id='word_1_77' title='bbox 1672 1288 1746 1350; x_wconf 81' lang='grc' dir='ltr'>ὡς</span> <span class='ocrx_word' id='word_1_78' title='bbox 1806 1290 1911 1346; x_wconf 84' lang='grc' dir='ltr'><strong>ἀπὸ</strong></span> 
     </span>
    </p>
   </div>
   <div class='ocr_carea' id='block_1_12' title="bbox 245 1374 1908 1450">
    <p class='ocr_par' dir='ltr' id='par_1_12' title="bbox 245 1374 1908 1450">
     <span class='ocr_line' id='line_1_12' title="bbox 245 1374 1908 1450; baseline 0.002 -22"><span class='ocrx_word' id='word_1_79' title='bbox 245 1379 355 1428; x_wconf 78' lang='grc' dir='ltr'><strong>τῶν</strong></span> <span class='ocrx_word' id='word_1_80' title='bbox 388 1375 697 1449; x_wconf 73' lang='grc' dir='ltr'>Φαρισαίων</span> <span class='ocrx_word' id='word_1_81' title='bbox 726 1378 794 1430; x_wconf 87' lang='grc' dir='ltr'><strong>τὸ</strong></span> <span class='ocrx_word' id='word_1_82' title='bbox 826 1377 982 1450; x_wconf 83' lang='grc' dir='ltr'><strong>ῥῆμα</strong></span> <span class='ocrx_word' id='word_1_83' title='bbox 1034 1374 1273 1432; x_wconf 69' lang='grc' dir='ltr'><strong>λεκτέονσ</strong></span> <span class='ocrx_word' id='word_1_84' title='bbox 1308 1376 1367 1432; x_wconf 69' lang='grc' dir='ltr'>Εἰ</span> <span class='ocrx_word' id='word_1_85' title='bbox 1418 1374 1474 1431; x_wconf 74' lang='grc' dir='ltr'><strong>δὲ</strong></span> <span class='ocrx_word' id='word_1_86' title='bbox 1529 1381 1747 1449; x_wconf 76' lang='grc' dir='ltr'><strong>πνεῦμα</strong></span> <span class='ocrx_word' id='word_1_87' title='bbox 1779 1376 1908 1432; x_wconf 78' lang='grc' dir='ltr'><strong>ἐλά-</strong></span> 
     </span>
    </p>
   </div>
   <div class='ocr_carea' id='block_1_13' title="bbox 238 1461 1905 1541">
    <p class='ocr_par' dir='ltr' id='par_1_13' title="bbox 238 1461 1905 1541">
     <span class='ocr_line' id='line_1_13' title="bbox 238 1461 1905 1541; baseline 0 -25"><span class='ocrx_word' id='word_1_88' title='bbox 238 1461 403 1532; x_wconf 76' lang='grc' dir='ltr'><strong>λησεν</strong></span> <span class='ocrx_word' id='word_1_89' title='bbox 434 1463 582 1536; x_wconf 84' lang='grc' dir='ltr'><strong>αύτῷ</strong></span> <span class='ocrx_word' id='word_1_90' title='bbox 616 1464 654 1532; x_wconf 82' lang='grc' dir='ltr'>ἤ</span> <span class='ocrx_word' id='word_1_91' title='bbox 690 1462 949 1541; x_wconf 74' lang='grc' dir='ltr'><strong>ἄγγελος,</strong></span> <span class='ocrx_word' id='word_1_92' title='bbox 986 1466 1099 1520; x_wconf 83' lang='grc' dir='ltr'><strong>ἀντὶ</strong></span> <span class='ocrx_word' id='word_1_93' title='bbox 1131 1470 1249 1534; x_wconf 81' lang='grc' dir='ltr'><strong>τοῦ,</strong></span> <span class='ocrx_word' id='word_1_94' title='bbox 1300 1464 1438 1522; x_wconf 79' lang='grc' dir='ltr'>Ἰδοὺ</span> <span class='ocrx_word' id='word_1_95' title='bbox 1495 1465 1560 1520; x_wconf 82' lang='grc' dir='ltr'><strong>τὰ</strong></span> <span class='ocrx_word' id='word_1_96' title='bbox 1607 1467 1731 1540; x_wconf 90' lang='grc' dir='ltr'><strong>περὶ</strong></span> <span class='ocrx_word' id='word_1_97' title='bbox 1787 1467 1905 1521; x_wconf 82' lang='grc' dir='ltr'><strong>ἀνα.</strong></span> 
     </span>
    </p>
   </div>
   <div class='ocr_carea' id='block_1_14' title="bbox 230 1551 1904 1630">
    <p class='ocr_par' dir='ltr' id='par_1_14' title="bbox 230 1551 1904 1630">
     <span class='ocr_line' id='line_1_14' title="bbox 230 1551 1904 1630; baseline 0.004 -26"><span class='ocrx_word' id='word_1_98' title='bbox 230 1552 466 1614; x_wconf 76' lang='grc' dir='ltr'><strong>στάσεως</strong></span> <span class='ocrx_word' id='word_1_99' title='bbox 504 1552 721 1622; x_wconf 81' lang='grc' dir='ltr'><strong>λαλῶν,</strong></span> <span class='ocrx_word' id='word_1_100' title='bbox 749 1551 923 1619; x_wconf 83' lang='grc' dir='ltr'><strong>δῆλός</strong></span> <span class='ocrx_word' id='word_1_101' title='bbox 956 1553 1099 1609; x_wconf 84' lang='grc' dir='ltr'><strong>ἐστιν</strong></span> <span class='ocrx_word' id='word_1_102' title='bbox 1142 1554 1177 1624; x_wconf 73' lang='grc' dir='ltr'><strong>ἢ</strong></span> <span class='ocrx_word' id='word_1_103' title='bbox 1230 1551 1319 1609; x_wconf 84' lang='grc' dir='ltr'><strong>διὰ</strong></span> <span class='ocrx_word' id='word_1_104' title='bbox 1378 1555 1691 1626; x_wconf 87' lang='grc' dir='ltr'><strong>Πνεύματος</strong></span> <span class='ocrx_word' id='word_1_105' title='bbox 1722 1555 1904 1630; x_wconf 83' lang='grc' dir='ltr'><strong>ἁγίου,</strong></span> 
     </span>
    </p>
   </div>
   <div class='ocr_carea' id='block_1_15' title="bbox 223 1639 1903 1723">
    <p class='ocr_par' dir='ltr' id='par_1_15' title="bbox 223 1639 1903 1723">
     <span class='ocr_line' id='line_1_15' title="bbox 223 1639 1903 1723; baseline 0.002 -27"><span class='ocrx_word' id='word_1_106' title='bbox 223 1639 357 1710; x_wconf 63' lang='grc' dir='ltr'>ἤδΰ</span> <span class='ocrx_word' id='word_1_107' title='bbox 400 1641 658 1717; x_wconf 76' lang='grc' dir='ltr'>ἀγγέλου</span> <span class='ocrx_word' id='word_1_108' title='bbox 713 1644 1064 1723; x_wconf 77' lang='grc' dir='ltr'><strong>κατηχηθεῖς</strong></span> <span class='ocrx_word' id='word_1_109' title='bbox 1121 1644 1213 1699; x_wconf 81' lang='grc' dir='ltr'><strong>τὸν</strong></span> <span class='ocrx_word' id='word_1_110' title='bbox 1271 1651 1371 1713; x_wconf 79' lang='grc' dir='ltr'>τῆς</span> <span class='ocrx_word' id='word_1_111' title='bbox 1432 1644 1774 1706; x_wconf 81' lang='grc' dir='ltr'>ἀναστάσεως</span> <span class='ocrx_word' id='word_1_112' title='bbox 1807 1643 1903 1701; x_wconf 88' lang='grc' dir='ltr'>λό-</span> 
     </span>
    </p>
   </div>
   <div class='ocr_carea' id='block_1_16' title="bbox 228 1752 341 1807">
    <p class='ocr_par' dir='ltr' id='par_1_16' title="bbox 228 1752 341 1807">
     <span class='ocr_line' id='line_1_16' title="bbox 228 1752 341 1807; baseline 0 -22"><span class='ocrx_word' id='word_1_113' title='bbox 228 1752 341 1807; x_wconf 86' lang='grc' dir='ltr'><strong>γον.</strong></span> 
     </span>
    </p>
   </div>
   <div class='ocr_carea' id='block_1_17' title="bbox 850 1914 1289 1971">
    <p class='ocr_par' dir='ltr' id='par_1_17' title="bbox 850 1914 1289 1971">
     <span class='ocr_line' id='line_1_17' title="bbox 850 1914 1289 1971; baseline 0.002 -1"><span class='ocrx_word' id='word_1_114' title='bbox 850 1916 1111 1971; x_wconf 80' lang='grc' dir='ltr'>ΚΕΦΑΛ.</span> <span class='ocrx_word' id='word_1_115' title='bbox 1171 1914 1289 1971; x_wconf 83' lang='grc' dir='ltr'>ΛΔ’.</span> 
     </span>
    </p>
   </div>
   <div class='ocr_carea' id='block_1_18' title="bbox 232 1996 1899 2075">
    <p class='ocr_par' dir='ltr' id='par_1_18' title="bbox 232 1996 1899 2075">
     <span class='ocr_line' id='line_1_18' title="bbox 232 1996 1899 2075; baseline 0.002 -20"><span class='ocrx_word' id='word_1_116' title='bbox 232 2002 357 2074; x_wconf 79' lang='grc' dir='ltr'><strong>Περὶ</strong></span> <span class='ocrx_word' id='word_1_117' title='bbox 400 1996 742 2075; x_wconf 59' lang='grc' dir='ltr'><strong>ἐπιϐουλῆς</strong></span> <span class='ocrx_word' id='word_1_118' title='bbox 825 2000 1214 2075; x_wconf 80' lang='grc' dir='ltr'><strong>μελετωμὲνης</strong></span> <span class='ocrx_word' id='word_1_119' title='bbox 1274 2004 1377 2058; x_wconf 88' lang='grc' dir='ltr'>ὑπὸ</span> <span class='ocrx_word' id='word_1_120' title='bbox 1438 2001 1712 2059; x_wconf 77' lang='grc' dir='ltr'>Ἰουδαίων</span> <span class='ocrx_word' id='word_1_121' title='bbox 1763 2005 1899 2058; x_wconf 77' lang='grc' dir='ltr'><strong>κατὰ</strong></span> 
     </span>
    </p>
   </div>
   <div class='ocr_carea' id='block_1_19' title="bbox 301 2073 1893 2176">
    <p class='ocr_par' dir='ltr' id='par_1_19' title="bbox 301 2073 1893 2176">
     <span class='ocr_line' id='line_1_19' title="bbox 301 2073 1893 2176; baseline 0.003 -49"><span class='ocrx_word' id='word_1_122' title='bbox 301 2073 553 2176; x_wconf 52' lang='grc' dir='ltr'><strong>Παύλου,</strong></span> <span class='ocrx_word' id='word_1_123' title='bbox 626 2074 720 2127; x_wconf 83' lang='grc' dir='ltr'><strong>καὶ</strong></span> <span class='ocrx_word' id='word_1_124' title='bbox 804 2073 1091 2176; x_wconf 43' lang='grc' dir='ltr'><strong>μηνύσεωις</strong></span> <span class='ocrx_word' id='word_1_125' title='bbox 1175 2075 1341 2176; x_wconf 53' lang='grc' dir='ltr'><strong>αὐτῆς</strong></span> <span class='ocrx_word' id='word_1_126' title='bbox 1457 2077 1594 2150; x_wconf 87' lang='grc' dir='ltr'><strong>πρὸς</strong></span> <span class='ocrx_word' id='word_1_127' title='bbox 1678 2076 1893 2176; x_wconf 33' lang='grc' dir='ltr'><strong>θυσίαν*</strong></span> 
     </span>
     <span class='ocr_line' id='line_1_20' title="bbox 343 2146 1893 2176; baseline 0 0"><span class='ocrx_word' id='word_1_128' title='bbox 343 2168 354 2176; x_wconf 78' lang='grc'>.</span> <span class='ocrx_word' id='word_1_129' title='bbox 383 2166 426 2176; x_wconf 75' lang='grc' dir='ltr'>ι-.</span> <span class='ocrx_word' id='word_1_130' title='bbox 461 2147 547 2176; x_wconf 58' lang='grc' dir='ltr'>Ιλ..</span> <span class='ocrx_word' id='word_1_131' title='bbox 612 2165 800 2176; x_wconf 65' lang='grc' dir='ltr'>--Αο-</span> <span class='ocrx_word' id='word_1_132' title='bbox 834 2159 979 2176; x_wconf 71' lang='lat' dir='ltr'>....n_</span> <span class='ocrx_word' id='word_1_133' title='bbox 1135 2146 1244 2176; x_wconf 79' lang='lat' dir='ltr'>ll-.‘:</span> <span class='ocrx_word' id='word_1_134' title='bbox 1292 2167 1348 2176; x_wconf 60' lang='grc' dir='ltr'>Α-</span> <span class='ocrx_word' id='word_1_135' title='bbox 1403 2151 1480 2176; x_wconf 61' lang='grc' dir='ltr'>-ἷ,</span> <span class='ocrx_word' id='word_1_136' title='bbox 1532 2149 1666 2176; x_wconf 55' lang='grc' dir='ltr'>Δ---..</span> <span class='ocrx_word' id='word_1_137' title='bbox 1710 2169 1754 2176; x_wconf 85' lang='grc'>...</span> <span class='ocrx_word' id='word_1_138' title='bbox 1821 2169 1893 2176; x_wconf 59' lang='grc' dir='ltr'>Α.-</span> 
     </span>
    </p>
   </div>
   <div class='ocr_carea' id='block_1_20' title="bbox 304 2142 1895 2225">
    <p class='ocr_par' dir='ltr' id='par_1_20' title="bbox 304 2142 1895 2225">
     <span class='ocr_line' id='line_1_21' title="bbox 304 2142 1895 2225; baseline 0.003 -28"><span class='ocrx_word' id='word_1_139' title='bbox 304 2142 552 2225; x_wconf 53' lang='grc' dir='ltr'><strong>ξνῷξότι</strong></span> <span class='ocrx_word' id='word_1_140' title='bbox 612 2142 982 2225; x_wconf 72' lang='grc' dir='ltr'><strong>παρεπέμιρθη</strong></span> <span class='ocrx_word' id='word_1_141' title='bbox 1048 2147 1076 2200; x_wconf 97' lang='lat'>6</span> <span class='ocrx_word' id='word_1_142' title='bbox 1135 2142 1348 2225; x_wconf 71' lang='grc' dir='ltr'><strong>Παῦλος</strong></span> <span class='ocrx_word' id='word_1_143' title='bbox 1402 2142 1759 2225; x_wconf 40' lang='grc' dir='ltr'><strong>τῷξὴγεμόνι</strong></span> <span class='ocrx_word' id='word_1_144' title='bbox 1820 2148 1895 2209; x_wconf 84' lang='grc' dir='ltr'><strong>εἷς</strong></span> 
     </span>
    </p>
   </div>
   <div class='ocr_carea' id='block_1_21' title="bbox 312 2216 1899 2342">
    <p class='ocr_par' dir='ltr' id='par_1_21' title="bbox 312 2216 1899 2342">
     <span class='ocr_line' id='line_1_22' title="bbox 312 2216 1899 2341; baseline 0.003 -72"><span class='ocrx_word' id='word_1_145' title='bbox 312 2216 629 2341; x_wconf 55' lang='grc' dir='ltr'><strong>ξὶιισᾶρςιαν</strong></span> <span class='ocrx_word' id='word_1_146' title='bbox 699 2216 898 2291; x_wconf 76' lang='grc' dir='ltr'><strong>’μετὰ’</strong></span> <span class='ocrx_word' id='word_1_147' title='bbox 976 2216 1333 2294; x_wconf 76' lang='grc' dir='ltr'>στρατιωτῶν</span> <span class='ocrx_word' id='word_1_148' title='bbox 1435 2216 1522 2273; x_wconf 76' lang='grc' dir='ltr'><strong>καὶ</strong></span> <span class='ocrx_word' id='word_1_149' title='bbox 1558 2216 1593 2224; x_wconf 19' lang='grc' dir='ltr'><strong>θ’</strong></span> <span class='ocrx_word' id='word_1_150' title='bbox 1637 2216 1899 2295; x_wconf 71' lang='grc' dir='ltr'><strong>’γραμμαο</strong></span> 
     </span>
     <span class='ocr_line' id='line_1_23' title="bbox 354 2310 472 2342; baseline 0.008 -1"><span class='ocrx_word' id='word_1_151' title='bbox 354 2310 472 2342; x_wconf 75' lang='grc' dir='ltr'><strong>-ων.</strong></span> 
     </span>
    </p>
   </div>
   <div class='ocr_carea' id='block_1_22' title="bbox 312 2376 1893 2453">
    <p class='ocr_par' dir='ltr' id='par_1_22' title="bbox 312 2376 1893 2453">
     <span class='ocr_line' id='line_1_24' title="bbox 312 2376 1893 2453; baseline 0.002 -24"><span class='ocrx_word' id='word_1_152' title='bbox 312 2401 339 2428; x_wconf 73' lang='grc' dir='ltr'>ιι</span> <span class='ocrx_word' id='word_1_153' title='bbox 400 2379 704 2451; x_wconf 77' lang='grc' dir='ltr'><strong>Γὲνομενης</strong></span> <span class='ocrx_word' id='word_1_154' title='bbox 766 2376 821 2433; x_wconf 68' lang='grc' dir='ltr'><strong>δὲ</strong></span> <span class='ocrx_word' id='word_1_155' title='bbox 888 2380 1096 2453; x_wconf 72' lang='grc' dir='ltr'><strong>ἡμέρας</strong></span> <span class='ocrx_word' id='word_1_156' title='bbox 1133 2425 1146 2447; x_wconf 90' lang='grc'>,</span> <span class='ocrx_word' id='word_1_157' title='bbox 1203 2380 1527 2449; x_wconf 68' lang='grc' dir='ltr'><strong>ποιήσαντες</strong></span> <span class='ocrx_word' id='word_1_158' title='bbox 1593 2401 1730 2441; x_wconf 90' lang='grc' dir='ltr'><strong>τινες</strong></span> <span class='ocrx_word' id='word_1_159' title='bbox 1787 2382 1893 2433; x_wconf 82' lang='grc' dir='ltr'>τῶν</span> 
     </span>
    </p>
   </div>
   <div class='ocr_carea' id='block_1_23' title="bbox 239 2463 1898 2547">
    <p class='ocr_par' dir='ltr' id='par_1_23' title="bbox 239 2463 1898 2547">
     <span class='ocr_line' id='line_1_25' title="bbox 239 2463 1898 2547; baseline 0.001 -27"><span class='ocrx_word' id='word_1_160' title='bbox 239 2463 509 2521; x_wconf 76' lang='grc' dir='ltr'><strong>Ἰουδαίων</strong></span> <span class='ocrx_word' id='word_1_161' title='bbox 577 2469 916 2547; x_wconf 73' lang='grc' dir='ltr'><strong>συστροφὴν,</strong></span> <span class='ocrx_word' id='word_1_162' title='bbox 1000 2468 1384 2542; x_wconf 68' lang='grc' dir='ltr'>ἀνεθεμάτισαν</span> <span class='ocrx_word' id='word_1_163' title='bbox 1472 2468 1717 2538; x_wconf 72' lang='grc' dir='ltr'><strong>ἑαυτοὺς,</strong></span> <span class='ocrx_word' id='word_1_164' title='bbox 1806 2467 1898 2522; x_wconf 74' lang='grc' dir='ltr'><strong><em>λέ-</em></strong></span> 
     </span>
    </p>
   </div>
   <div class='ocr_carea' id='block_1_24' title="bbox 240 2553 1899 2631">
    <p class='ocr_par' dir='ltr' id='par_1_24' title="bbox 240 2553 1899 2631">
     <span class='ocr_line' id='line_1_26' title="bbox 240 2553 1899 2631; baseline 0.001 -22"><span class='ocrx_word' id='word_1_165' title='bbox 240 2576 440 2629; x_wconf 82' lang='grc' dir='ltr'><strong>γοντες,</strong></span> <span class='ocrx_word' id='word_1_166' title='bbox 478 2559 626 2629; x_wconf 77' lang='grc' dir='ltr'><strong>μήτε</strong></span> <span class='ocrx_word' id='word_1_167' title='bbox 684 2562 906 2631; x_wconf 79' lang='grc' dir='ltr'><strong>φαγεῖν,</strong></span> <span class='ocrx_word' id='word_1_168' title='bbox 972 2559 1110 2630; x_wconf 77' lang='grc' dir='ltr'><strong>μήτε</strong></span> <span class='ocrx_word' id='word_1_169' title='bbox 1167 2563 1328 2626; x_wconf 81' lang='grc' dir='ltr'>πιεῖν,</span> <span class='ocrx_word' id='word_1_170' title='bbox 1380 2553 1482 2619; x_wconf 67' lang='grc' dir='ltr'>ἕως</span> <span class='ocrx_word' id='word_1_171' title='bbox 1534 2556 1595 2612; x_wconf 79' lang='grc' dir='ltr'>οὗ</span> <span class='ocrx_word' id='word_1_172' title='bbox 1652 2557 1899 2613; x_wconf 86' lang='grc' dir='ltr'><strong>ἀποκτεί-</strong></span> 
     </span>
    </p>
   </div>
   <div class='ocr_carea' id='block_1_25' title="bbox 235 2644 1896 2719">
    <p class='ocr_par' dir='ltr' id='par_1_25' title="bbox 235 2644 1896 2719">
     <span class='ocr_line' id='line_1_27' title="bbox 235 2644 1896 2719; baseline 0.002 -22"><span class='ocrx_word' id='word_1_173' title='bbox 235 2665 357 2699; x_wconf 85' lang='grc' dir='ltr'><strong>νωσι</strong></span> <span class='ocrx_word' id='word_1_174' title='bbox 388 2647 484 2700; x_wconf 76' lang='grc' dir='ltr'><strong>τὸν</strong></span> <span class='ocrx_word' id='word_1_175' title='bbox 520 2644 771 2701; x_wconf 79' lang='grc' dir='ltr'>Παῦλον.</span> <span class='ocrx_word' id='word_1_176' title='bbox 803 2648 975 2703; x_wconf 84' lang='grc' dir='ltr'>Ἦσαν</span> <span class='ocrx_word' id='word_1_177' title='bbox 1009 2645 1065 2700; x_wconf 75' lang='grc' dir='ltr'>δὲ</span> <span class='ocrx_word' id='word_1_178' title='bbox 1114 2645 1339 2709; x_wconf 87' lang='grc' dir='ltr'><strong>πλείους</strong></span> <span class='ocrx_word' id='word_1_179' title='bbox 1392 2646 1789 2719; x_wconf 81' lang='grc' dir='ltr'><strong>τεσσαράκοντα</strong></span> <span class='ocrx_word' id='word_1_180' title='bbox 1845 2647 1896 2701; x_wconf 75' lang='grc' dir='ltr'>οἱ</span> 
     </span>
    </p>
   </div>
   <div class='ocr_carea' id='block_1_26' title="bbox 762 2736 1896 2808">
    <p class='ocr_par' dir='ltr' id='par_1_26' title="bbox 762 2736 1896 2808">
     <span class='ocr_line' id='line_1_28' title="bbox 762 2736 1896 2808; baseline 0.001 -19"><span class='ocrx_word' id='word_1_181' title='bbox 762 2736 1106 2808; x_wconf 71' lang='grc' dir='ltr'>συνωμοσίαν</span> <span class='ocrx_word' id='word_1_182' title='bbox 1215 2736 1596 2805; x_wconf 80' lang='grc' dir='ltr'>πεποιηκότες.</span> <span class='ocrx_word' id='word_1_183' title='bbox 1688 2736 1896 2799; x_wconf 80' lang='grc' dir='ltr'><strong>Οἳτινες</strong></span> 
     </span>
    </p>
   </div>
   <div class='ocr_carea' id='block_1_27' title="bbox 234 2823 1895 2900">
    <p class='ocr_par' dir='ltr' id='par_1_27' title="bbox 234 2823 1895 2900">
     <span class='ocr_line' id='line_1_29' title="bbox 234 2823 1895 2900; baseline 0.001 -22"><span class='ocrx_word' id='word_1_184' title='bbox 234 2823 641 2898; x_wconf 69' lang='grc' dir='ltr'>προσελθόντες</span> <span class='ocrx_word' id='word_1_185' title='bbox 729 2829 848 2887; x_wconf 87' lang='grc' dir='ltr'><strong>τοῖς</strong></span> <span class='ocrx_word' id='word_1_186' title='bbox 925 2825 1237 2900; x_wconf 77' lang='grc' dir='ltr'><strong>ἀρχιερεῦσι</strong></span> <span class='ocrx_word' id='word_1_187' title='bbox 1286 2825 1377 2881; x_wconf 79' lang='grc' dir='ltr'>καὶ</span> <span class='ocrx_word' id='word_1_188' title='bbox 1427 2830 1542 2887; x_wconf 88' lang='grc' dir='ltr'><strong>τοῖς</strong></span> <span class='ocrx_word' id='word_1_189' title='bbox 1602 2823 1895 2897; x_wconf 80' lang='grc' dir='ltr'><strong>πρεσϐυτὲ-</strong></span> 
     </span>
    </p>
   </div>
   <div class='ocr_carea' id='block_1_28' title="bbox 222 2913 1894 2989">
    <p class='ocr_par' dir='ltr' id='par_1_28' title="bbox 222 2913 1894 2989">
     <span class='ocr_line' id='line_1_30' title="bbox 222 2913 1894 2989; baseline 0 -20"><span class='ocrx_word' id='word_1_190' title='bbox 222 2934 333 2989; x_wconf 69' lang='lat' dir='ltr'>pou:</span> <span class='ocrx_word' id='word_1_191' title='bbox 441 2915 631 2969; x_wconf 74' lang='grc' dir='ltr'><strong>εἶπον·</strong></span> <span class='ocrx_word' id='word_1_192' title='bbox 724 2913 1051 2986; x_wconf 72' lang='grc' dir='ltr'><strong>Ἀναθέματι</strong></span> <span class='ocrx_word' id='word_1_193' title='bbox 1141 2915 1595 2989; x_wconf 71' lang='grc' dir='ltr'><strong>ἀνεθεματίσαμεν</strong></span> <span class='ocrx_word' id='word_1_194' title='bbox 1674 2916 1894 2977; x_wconf 72' lang='grc' dir='ltr'><strong>ἑαυτοὺς</strong></span> 
     </span>
    </p>
   </div>
   <div class='ocr_carea' id='block_1_29' title="bbox 221 3000 1900 3079">
    <p class='ocr_par' dir='ltr' id='par_1_29' title="bbox 221 3000 1900 3079">
     <span class='ocr_line' id='line_1_31' title="bbox 221 3000 1900 3079; baseline 0 -20"><span class='ocrx_word' id='word_1_195' title='bbox 221 3002 468 3078; x_wconf 72' lang='grc' dir='ltr'><strong>μηδενὸς</strong></span> <span class='ocrx_word' id='word_1_196' title='bbox 525 3004 831 3079; x_wconf 81' lang='grc' dir='ltr'><strong>γεύσασθαι</strong></span> <span class='ocrx_word' id='word_1_197' title='bbox 890 3000 994 3065; x_wconf 73' lang='grc' dir='ltr'>ἕως</span> <span class='ocrx_word' id='word_1_198' title='bbox 1054 3003 1117 3058; x_wconf 83' lang='grc' dir='ltr'>οὗ</span> <span class='ocrx_word' id='word_1_199' title='bbox 1156 3004 1561 3077; x_wconf 81' lang='grc' dir='ltr'><strong>ἀποκτείνωμεν</strong></span> <span class='ocrx_word' id='word_1_200' title='bbox 1606 3004 1697 3059; x_wconf 89' lang='grc' dir='ltr'><strong>τὸν</strong></span> <span class='ocrx_word' id='word_1_201' title='bbox 1761 3009 1900 3059; x_wconf 82' lang='grc' dir='ltr'><strong>Παῦ-</strong></span> 
     </span>
    </p>
   </div>
   <div class='ocr_carea' id='block_1_30' title="bbox 218 3092 1895 3174">
    <p class='ocr_par' dir='ltr' id='par_1_30' title="bbox 218 3092 1895 3174">
     <span class='ocr_line' id='line_1_32' title="bbox 218 3092 1895 3174; baseline 0.001 -26"><span class='ocrx_word' id='word_1_202' title='bbox 218 3093 343 3151; x_wconf 77' lang='grc' dir='ltr'><strong>λον.</strong></span> <span class='ocrx_word' id='word_1_203' title='bbox 400 3096 525 3152; x_wconf 68' lang='grc' dir='ltr'>Νῦν</span> <span class='ocrx_word' id='word_1_204' title='bbox 584 3095 681 3148; x_wconf 79' lang='grc' dir='ltr'><strong>οὗν</strong></span> <span class='ocrx_word' id='word_1_205' title='bbox 736 3094 891 3166; x_wconf 83' lang='grc' dir='ltr'>ὑμεῖς</span> <span class='ocrx_word' id='word_1_206' title='bbox 941 3092 1267 3172; x_wconf 79' lang='grc' dir='ltr'><strong>ἐμφανίσατε</strong></span> <span class='ocrx_word' id='word_1_207' title='bbox 1318 3098 1397 3167; x_wconf 83' lang='grc' dir='ltr'><strong>τῷ</strong></span> <span class='ocrx_word' id='word_1_208' title='bbox 1454 3093 1742 3174; x_wconf 80' lang='grc' dir='ltr'>χιλιάρχῳ</span> <span class='ocrx_word' id='word_1_209' title='bbox 1805 3094 1895 3150; x_wconf 80' lang='grc' dir='ltr'>καὶ</span> 
     </span>
    </p>
   </div>
   <div class='ocr_carea' id='block_1_31' title="bbox 229 3181 1895 3259">
    <p class='ocr_par' dir='ltr' id='par_1_31' title="bbox 229 3181 1895 3259">
     <span class='ocr_line' id='line_1_33' title="bbox 229 3181 1895 3259; baseline 0.002 -24"><span class='ocrx_word' id='word_1_210' title='bbox 229 3187 305 3252; x_wconf 65' lang='grc' dir='ltr'>τῷ</span> <span class='ocrx_word' id='word_1_211' title='bbox 364 3181 665 3257; x_wconf 76' lang='grc' dir='ltr'><strong>συνεδρίῳ,</strong></span> <span class='ocrx_word' id='word_1_212' title='bbox 733 3184 884 3245; x_wconf 84' lang='grc' dir='ltr'><strong>ὃπως</strong></span> <span class='ocrx_word' id='word_1_213' title='bbox 948 3184 1133 3258; x_wconf 79' lang='grc' dir='ltr'><strong>αὕριον</strong></span> <span class='ocrx_word' id='word_1_214' title='bbox 1204 3184 1362 3239; x_wconf 80' lang='grc' dir='ltr'><strong>αὐτὸν</strong></span> <span class='ocrx_word' id='word_1_215' title='bbox 1420 3184 1695 3259; x_wconf 78' lang='grc' dir='ltr'><strong>καταγάγῃ</strong></span> <span class='ocrx_word' id='word_1_216' title='bbox 1757 3184 1895 3258; x_wconf 82' lang='grc' dir='ltr'><strong>πρὸς</strong></span> 
     </span>
    </p>
   </div>
   <div class='ocr_carea' id='block_1_32' title="bbox 241 3267 1897 3348">
    <p class='ocr_par' dir='ltr' id='par_1_32' title="bbox 241 3267 1897 3348">
     <span class='ocr_line' id='line_1_34' title="bbox 241 3267 1897 3348; baseline -0.002 -17"><span class='ocrx_word' id='word_1_217' title='bbox 241 3273 419 3339; x_wconf 65' lang='grc' dir='ltr'>ἡμᾶς,</span> <span class='ocrx_word' id='word_1_218' title='bbox 470 3272 545 3330; x_wconf 72' lang='grc' dir='ltr'>ὼς</span> <span class='ocrx_word' id='word_1_219' title='bbox 599 3271 895 3343; x_wconf 65' lang='grc' dir='ltr'><strong>μέλλοντας</strong></span> <span class='ocrx_word' id='word_1_220' title='bbox 953 3270 1326 3348; x_wconf 80' lang='grc' dir='ltr'><strong>διαγινώσκειν</strong></span> <span class='ocrx_word' id='word_1_221' title='bbox 1385 3267 1763 3348; x_wconf 67' lang='grc' dir='ltr'><strong>ἀκριϐέστερον</strong></span> <span class='ocrx_word' id='word_1_222' title='bbox 1830 3273 1897 3327; x_wconf 79' lang='grc' dir='ltr'><strong>τὰ</strong></span> 
     </span>
    </p>
   </div>
   <div class='ocr_carea' id='block_1_33' title="bbox 248 3356 1894 3437">
    <p class='ocr_par' dir='ltr' id='par_1_33' title="bbox 248 3356 1894 3437">
     <span class='ocr_line' id='line_1_35' title="bbox 248 3356 1894 3437; baseline 0.002 -26"><span class='ocrx_word' id='word_1_223' title='bbox 248 3358 380 3430; x_wconf 80' lang='grc' dir='ltr'><strong>περὶ</strong></span> <span class='ocrx_word' id='word_1_224' title='bbox 449 3356 636 3412; x_wconf 66' lang='grc' dir='ltr'><strong>αὐτοῖν-</strong></span> <span class='ocrx_word' id='word_1_225' title='bbox 690 3362 878 3434; x_wconf 82' lang='grc' dir='ltr'><strong>Ἡμεῖς</strong></span> <span class='ocrx_word' id='word_1_226' title='bbox 953 3358 1011 3416; x_wconf 72' lang='grc' dir='ltr'>δὲ</span> <span class='ocrx_word' id='word_1_227' title='bbox 1077 3363 1182 3437; x_wconf 85' lang='grc' dir='ltr'><strong>πρὸ</strong></span> <span class='ocrx_word' id='word_1_228' title='bbox 1263 3366 1360 3416; x_wconf 77' lang='grc' dir='ltr'><strong>τοῦ</strong></span> <span class='ocrx_word' id='word_1_229' title='bbox 1444 3360 1651 3436; x_wconf 81' lang='grc' dir='ltr'><strong>ἐγγίσαι</strong></span> <span class='ocrx_word' id='word_1_230' title='bbox 1711 3362 1894 3431; x_wconf 84' lang='grc' dir='ltr'><strong>αὐτὸν,</strong></span> 
     </span>
    </p>
   </div>
   <div class='ocr_carea' id='block_1_34' title="bbox 250 3444 1893 3519">
    <p class='ocr_par' dir='ltr' id='par_1_34' title="bbox 250 3444 1893 3519">
     <span class='ocr_line' id='line_1_36' title="bbox 250 3444 1893 3519; baseline 0.003 -21"><span class='ocrx_word' id='word_1_231' title='bbox 250 3444 477 3517; x_wconf 70' lang='grc' dir='ltr'><strong>’ἕτοιμοί</strong></span> <span class='ocrx_word' id='word_1_232' title='bbox 538 3444 694 3519; x_wconf 78' lang='grc' dir='ltr'><strong>ἐσμεν</strong></span> <span class='ocrx_word' id='word_1_233' title='bbox 743 3455 825 3506; x_wconf 75' lang='grc' dir='ltr'><strong>τοῦ</strong></span> <span class='ocrx_word' id='word_1_234' title='bbox 887 3449 1099 3506; x_wconf 78' lang='grc' dir='ltr'><strong>ἀνελεῖν</strong></span> <span class='ocrx_word' id='word_1_235' title='bbox 1150 3451 1336 3508; x_wconf 77' lang='grc' dir='ltr'><strong>αὐτόν.</strong></span> <span class='ocrx_word' id='word_1_236' title='bbox 1420 3449 1684 3512; x_wconf 79' lang='grc' dir='ltr'><strong>Ἀκούσας</strong></span> <span class='ocrx_word' id='word_1_237' title='bbox 1744 3447 1801 3504; x_wconf 72' lang='grc' dir='ltr'>δὲ</span> <span class='ocrx_word' id='word_1_238' title='bbox 1866 3450 1893 3504; x_wconf 93' lang='lat'>6</span> 
     </span>
    </p>
   </div>
   <div class='ocr_carea' id='block_1_35' title="bbox 250 3533 1896 3617">
    <p class='ocr_par' dir='ltr' id='par_1_35' title="bbox 250 3533 1896 3617">
     <span class='ocr_line' id='line_1_37' title="bbox 250 3533 1896 3617; baseline 0.004 -29"><span class='ocrx_word' id='word_1_239' title='bbox 250 3535 364 3596; x_wconf 78' lang='grc' dir='ltr'><strong>υἱὸς</strong></span> <span class='ocrx_word' id='word_1_240' title='bbox 396 3542 501 3604; x_wconf 74' lang='grc' dir='ltr'><strong>τῆς</strong></span> <span class='ocrx_word' id='word_1_241' title='bbox 530 3534 768 3617; x_wconf 70' lang='grc' dir='ltr'><strong>ἀδελφῆς</strong></span> <span class='ocrx_word' id='word_1_242' title='bbox 827 3538 1052 3595; x_wconf 87' lang='grc' dir='ltr'><strong>Παύλου</strong></span> <span class='ocrx_word' id='word_1_243' title='bbox 1108 3540 1171 3594; x_wconf 85' lang='grc' dir='ltr'><strong>τὸ</strong></span> <span class='ocrx_word' id='word_1_244' title='bbox 1228 3533 1460 3614; x_wconf 81' lang='grc' dir='ltr'><strong>ἕνεδρον,</strong></span> <span class='ocrx_word' id='word_1_245' title='bbox 1516 3540 1896 3614; x_wconf 85' lang='grc' dir='ltr'><strong>παραγενόμε-</strong></span> 
     </span>
    </p>
   </div>
   <div class='ocr_carea' id='block_1_36' title="bbox 252 3623 1896 3704">
    <p class='ocr_par' dir='ltr' id='par_1_36' title="bbox 252 3623 1896 3704">
     <span class='ocr_line' id='line_1_38' title="bbox 252 3623 1896 3704; baseline 0.001 -23"><span class='ocrx_word' id='word_1_246' title='bbox 252 3649 337 3690; x_wconf 85' lang='grc' dir='ltr'>νος</span> <span class='ocrx_word' id='word_1_247' title='bbox 398 3630 491 3683; x_wconf 65' lang='lat' dir='ltr'>ra?</span> <span class='ocrx_word' id='word_1_248' title='bbox 559 3628 815 3685; x_wconf 58' lang='lat' dir='ltr'>e-‘a’zlbc‘ov</span> <span class='ocrx_word' id='word_1_249' title='bbox 865 3629 941 3692; x_wconf 86' lang='grc' dir='ltr'><strong>ε’ς</strong></span> <span class='ocrx_word' id='word_1_250' title='bbox 997 3630 1096 3698; x_wconf 73' lang='grc' dir='ltr'><strong>τὴν</strong></span> <span class='ocrx_word' id='word_1_251' title='bbox 1153 3623 1536 3704; x_wconf 78' lang='grc' dir='ltr'><strong>παρεμϐολὴν,</strong></span> <span class='ocrx_word' id='word_1_252' title='bbox 1585 3626 1896 3703; x_wconf 80' lang='grc' dir='ltr'><strong>ἀπήγγειλε</strong></span> 
     </span>
    </p>
   </div>
   <div class='ocr_carea' id='block_1_37' title="bbox 256 3716 1896 3797">
    <p class='ocr_par' dir='ltr' id='par_1_37' title="bbox 256 3716 1896 3797">
     <span class='ocr_line' id='line_1_39' title="bbox 256 3716 1896 3797; baseline 0.001 -23"><span class='ocrx_word' id='word_1_253' title='bbox 256 3720 1135 3797; x_wconf 70' lang='grc' dir='ltr'><strong>τῷἰιαύλῳ.11ροσκαλὲσάμενος</strong></span> <span class='ocrx_word' id='word_1_254' title='bbox 1177 3718 1234 3775; x_wconf 73' lang='grc' dir='ltr'><strong>δὲ</strong></span> <span class='ocrx_word' id='word_1_255' title='bbox 1292 3722 1319 3775; x_wconf 93' lang='lat'>6</span> <span class='ocrx_word' id='word_1_256' title='bbox 1370 3718 1586 3782; x_wconf 70' lang='grc' dir='ltr'><strong>Παῦλος</strong></span> <span class='ocrx_word' id='word_1_257' title='bbox 1641 3716 1733 3775; x_wconf 67' lang='grc' dir='ltr'><strong>ἕνα</strong></span> <span class='ocrx_word' id='word_1_258' title='bbox 1789 3725 1896 3775; x_wconf 79' lang='grc' dir='ltr'><strong>τῶν</strong></span> 
     </span>
    </p>
   </div>
   <div class='ocr_carea' id='block_1_38' title="bbox 249 3806 1896 3888">
    <p class='ocr_par' dir='ltr' id='par_1_38' title="bbox 249 3806 1896 3888">
     <span class='ocr_line' id='line_1_40' title="bbox 249 3806 1896 3888; baseline 0.001 -25"><span class='ocrx_word' id='word_1_259' title='bbox 249 3810 683 3886; x_wconf 70' lang='grc' dir='ltr'><strong>ὶκατοντάρχων,</strong></span> <span class='ocrx_word' id='word_1_260' title='bbox 756 3806 881 3888; x_wconf 74' lang='grc' dir='ltr'>ἔφη’</span> <span class='ocrx_word' id='word_1_261' title='bbox 944 3811 1052 3868; x_wconf 88' lang='grc' dir='ltr'>Τὸν</span> <span class='ocrx_word' id='word_1_262' title='bbox 1115 3810 1323 3865; x_wconf 87' lang='grc' dir='ltr'><strong>νεανίαν</strong></span> <span class='ocrx_word' id='word_1_263' title='bbox 1403 3807 1594 3864; x_wconf 71' lang='grc' dir='ltr'><strong>τοῦτον</strong></span> <span class='ocrx_word' id='word_1_264' title='bbox 1655 3809 1896 3885; x_wconf 75' lang='grc' dir='ltr'><strong>ἀπάγαγε</strong></span> 
     </span>
    </p>
   </div>
   <div class='ocr_carea' id='block_1_39' title="bbox 246 3895 1892 3975">
    <p class='ocr_par' dir='ltr' id='par_1_39' title="bbox 246 3895 1892 3975">
     <span class='ocr_line' id='line_1_41' title="bbox 246 3895 1892 3975; baseline 0.001 -21"><span class='ocrx_word' id='word_1_265' title='bbox 246 3902 378 3973; x_wconf 71' lang='grc' dir='ltr'><strong>πρὸς</strong></span> <span class='ocrx_word' id='word_1_266' title='bbox 402 3902 494 3955; x_wconf 78' lang='grc' dir='ltr'><strong>τὸν</strong></span> <span class='ocrx_word' id='word_1_267' title='bbox 528 3899 859 3975; x_wconf 79' lang='grc' dir='ltr'><strong>χιλίαρχον·</strong></span> <span class='ocrx_word' id='word_1_268' title='bbox 921 3895 1037 3955; x_wconf 74' lang='grc' dir='ltr'><strong>ἔχει</strong></span> <span class='ocrx_word' id='word_1_269' title='bbox 1104 3897 1209 3974; x_wconf 77' lang='grc' dir='ltr'><strong>γάρ</strong></span> <span class='ocrx_word' id='word_1_270' title='bbox 1252 3920 1304 3953; x_wconf 90' lang='grc' dir='ltr'>τι</span> <span class='ocrx_word' id='word_1_271' title='bbox 1348 3897 1677 3973; x_wconf 85' lang='grc' dir='ltr'><strong>ἀπαγγεῖλαι</strong></span> <span class='ocrx_word' id='word_1_272' title='bbox 1726 3898 1892 3971; x_wconf 78' lang='grc' dir='ltr'><strong>αὐτῷ.</strong></span> 
     </span>
    </p>
   </div>
   <div class='ocr_carea' id='block_1_40' title="bbox 239 3978 1897 4064">
    <p class='ocr_par' dir='ltr' id='par_1_40' title="bbox 239 3978 1897 4064">
     <span class='ocr_line' id='line_1_42' title="bbox 239 3978 1897 4064; baseline -0.002 -19"><span class='ocrx_word' id='word_1_273' title='bbox 239 3989 295 4045; x_wconf 87' lang='grc' dir='ltr'><strong>Ὁ</strong></span> <span class='ocrx_word' id='word_1_274' title='bbox 323 3991 422 4061; x_wconf 79' lang='grc' dir='ltr'>μὲν</span> <span class='ocrx_word' id='word_1_275' title='bbox 482 3990 582 4045; x_wconf 69' lang='grc' dir='ltr'><strong>οὖν</strong></span> <span class='ocrx_word' id='word_1_276' title='bbox 634 3978 967 4063; x_wconf 68' lang='grc' dir='ltr'><strong>παραλαϐὼν</strong></span> <span class='ocrx_word' id='word_1_277' title='bbox 1018 3988 1180 4043; x_wconf 82' lang='grc' dir='ltr'><strong>αὐτὸν</strong></span> <span class='ocrx_word' id='word_1_278' title='bbox 1241 3987 1413 4064; x_wconf 68' lang='grc' dir='ltr'><strong>ἤγαγε</strong></span> <span class='ocrx_word' id='word_1_279' title='bbox 1468 3988 1605 4061; x_wconf 89' lang='grc' dir='ltr'><strong>πρὸς</strong></span> <span class='ocrx_word' id='word_1_280' title='bbox 1653 3988 1745 4042; x_wconf 86' lang='grc' dir='ltr'><strong>τὸν</strong></span> <span class='ocrx_word' id='word_1_281' title='bbox 1803 4008 1897 4062; x_wconf 90' lang='grc' dir='ltr'>χι-</span> 
     </span>
    </p>
   </div>
   <div class='ocr_carea' id='block_1_41' title="bbox 232 4075 1895 4157">
    <p class='ocr_par' dir='ltr' id='par_1_41' title="bbox 232 4075 1895 4157">
     <span class='ocr_line' id='line_1_43' title="bbox 232 4075 1895 4157; baseline -0.002 -24"><span class='ocrx_word' id='word_1_282' title='bbox 232 4076 492 4154; x_wconf 80' lang='grc' dir='ltr'><strong>λίαρχον,</strong></span> <span class='ocrx_word' id='word_1_283' title='bbox 556 4079 655 4133; x_wconf 81' lang='grc' dir='ltr'>καί</span> <span class='ocrx_word' id='word_1_284' title='bbox 708 4099 893 4157; x_wconf 66' lang='grc' dir='ltr'><strong>φησιν·</strong></span> <span class='ocrx_word' id='word_1_285' title='bbox 964 4078 1026 4135; x_wconf 86' lang='grc' dir='ltr'>Ὀ</span> <span class='ocrx_word' id='word_1_286' title='bbox 1098 4075 1319 4149; x_wconf 71' lang='grc' dir='ltr'><strong>δέσμιος</strong></span> <span class='ocrx_word' id='word_1_287' title='bbox 1382 4075 1598 4139; x_wconf 76' lang='grc' dir='ltr'><strong>Παῦλος</strong></span> <span class='ocrx_word' id='word_1_288' title='bbox 1652 4096 1895 4151; x_wconf 87' lang='grc' dir='ltr'><strong>προσκα-</strong></span> 
     </span>
    </p>
   </div>
   <div class='ocr_carea' id='block_1_42' title="bbox 235 4165 1894 4242">
    <p class='ocr_par' dir='ltr' id='par_1_42' title="bbox 235 4165 1894 4242">
     <span class='ocr_line' id='line_1_44' title="bbox 235 4165 1894 4242; baseline 0 -22"><span class='ocrx_word' id='word_1_289' title='bbox 235 4165 541 4240; x_wconf 67' lang='grc' dir='ltr'><strong>λεσάμενός</strong></span> <span class='ocrx_word' id='word_1_290' title='bbox 610 4188 700 4241; x_wconf 86' lang='grc' dir='ltr'>με,</span> <span class='ocrx_word' id='word_1_291' title='bbox 752 4168 1007 4242; x_wconf 81' lang='grc' dir='ltr'><strong>ἠρώτησε</strong></span> <span class='ocrx_word' id='word_1_292' title='bbox 1079 4169 1270 4221; x_wconf 79' lang='grc' dir='ltr'><strong>τοῦτον</strong></span> <span class='ocrx_word' id='word_1_293' title='bbox 1330 4166 1418 4219; x_wconf 89' lang='grc' dir='ltr'><strong>τὸν</strong></span> <span class='ocrx_word' id='word_1_294' title='bbox 1496 4167 1707 4220; x_wconf 74' lang='grc' dir='ltr'><strong>νεανίαν</strong></span> <span class='ocrx_word' id='word_1_295' title='bbox 1766 4166 1894 4240; x_wconf 87' lang='grc' dir='ltr'><strong>ἀγα-</strong></span> 
     </span>
    </p>
   </div>
   <div class='ocr_carea' id='block_1_43' title="bbox 230 4250 1897 4331">
    <p class='ocr_par' dir='ltr' id='par_1_43' title="bbox 230 4250 1897 4331">
     <span class='ocr_line' id='line_1_45' title="bbox 230 4250 1897 4331; baseline -0.001 -20"><span class='ocrx_word' id='word_1_296' title='bbox 230 4262 344 4329; x_wconf 77' lang='grc' dir='ltr'><strong>γεῖν</strong></span> <span class='ocrx_word' id='word_1_297' title='bbox 380 4257 527 4331; x_wconf 72' lang='grc' dir='ltr'><strong>πρὸς</strong></span> <span class='ocrx_word' id='word_1_298' title='bbox 562 4258 623 4310; x_wconf 70' lang='grc' dir='ltr'><strong>σὲ</strong></span> <span class='ocrx_word' id='word_1_299' title='bbox 654 4253 854 4331; x_wconf 79' lang='grc' dir='ltr'><strong>ἔχοντά</strong></span> <span class='ocrx_word' id='word_1_300' title='bbox 891 4276 943 4310; x_wconf 91' lang='grc' dir='ltr'>τι</span> <span class='ocrx_word' id='word_1_301' title='bbox 1010 4253 1247 4324; x_wconf 80' lang='grc' dir='ltr'><strong>λαλῆσαί</strong></span> <span class='ocrx_word' id='word_1_302' title='bbox 1309 4274 1414 4310; x_wconf 91' lang='grc' dir='ltr'><strong>σοι.</strong></span> <span class='ocrx_word' id='word_1_303' title='bbox 1461 4250 1897 4326; x_wconf 84' lang='grc' dir='ltr'><strong>Ἐπιλαϐόμενος</strong></span> 
     </span>
    </p>
   </div>
   <div class='ocr_carea' id='block_1_44' title="bbox 230 4342 1896 4421">
    <p class='ocr_par' dir='ltr' id='par_1_44' title="bbox 230 4342 1896 4421">
     <span class='ocr_line' id='line_1_46' title="bbox 230 4342 1896 4421; baseline -0.001 -22"><span class='ocrx_word' id='word_1_304' title='bbox 230 4342 414 4415; x_wconf 68' lang='grc' dir='ltr'>δὲτῆς</span> <span class='ocrx_word' id='word_1_305' title='bbox 447 4346 648 4421; x_wconf 67' lang='grc' dir='ltr'><strong>χειρὸς</strong></span> <span class='ocrx_word' id='word_1_306' title='bbox 701 4344 863 4400; x_wconf 80' lang='grc' dir='ltr'><strong>αὐτοῦ</strong></span> <span class='ocrx_word' id='word_1_307' title='bbox 921 4346 948 4399; x_wconf 91' lang='lat'>6</span> <span class='ocrx_word' id='word_1_308' title='bbox 1008 4342 1333 4419; x_wconf 81' lang='grc' dir='ltr'><strong>χιλίαρχος,</strong></span> <span class='ocrx_word' id='word_1_309' title='bbox 1396 4344 1485 4400; x_wconf 77' lang='grc' dir='ltr'><strong>καὶ</strong></span> <span class='ocrx_word' id='word_1_310' title='bbox 1536 4343 1896 4419; x_wconf 77' lang='grc' dir='ltr'><strong>ἀναχωρήσας</strong></span> 
     </span>
    </p>
   </div>
   <div class='ocr_carea' id='block_1_45' title="bbox 228 4429 1899 4509">
    <p class='ocr_par' dir='ltr' id='par_1_45' title="bbox 228 4429 1899 4509">
     <span class='ocr_line' id='line_1_47' title="bbox 228 4429 1899 4509; baseline -0.001 -20"><span class='ocrx_word' id='word_1_311' title='bbox 228 4438 345 4489; x_wconf 78' lang='grc' dir='ltr'><strong>κατ’</strong></span> <span class='ocrx_word' id='word_1_312' title='bbox 381 4434 550 4504; x_wconf 70' lang='grc' dir='ltr'><strong>ἰδίαν,</strong></span> <span class='ocrx_word' id='word_1_313' title='bbox 597 4435 946 4503; x_wconf 69' lang='grc' dir='ltr'><strong>ἰπυνθάνετο,</strong></span> <span class='ocrx_word' id='word_1_314' title='bbox 1008 4434 1076 4491; x_wconf 87' lang='grc' dir='ltr'><strong>Τί</strong></span> <span class='ocrx_word' id='word_1_315' title='bbox 1136 4432 1276 4488; x_wconf 83' lang='grc' dir='ltr'><strong>ἐστιν</strong></span> <span class='ocrx_word' id='word_1_316' title='bbox 1335 4435 1361 4488; x_wconf 93' lang='lat'>6</span> <span class='ocrx_word' id='word_1_317' title='bbox 1393 4429 1540 4509; x_wconf 83' lang='grc' dir='ltr'><strong>ἔχεις</strong></span> <span class='ocrx_word' id='word_1_318' title='bbox 1572 4432 1899 4509; x_wconf 78' lang='grc' dir='ltr'><strong>ἀπαγγεῖλαί</strong></span> 
     </span>
    </p>
   </div>
   <div class='ocr_carea' id='block_1_46' title="bbox 231 4519 1898 4597">
    <p class='ocr_par' dir='ltr' id='par_1_46' title="bbox 231 4519 1898 4597">
     <span class='ocr_line' id='line_1_48' title="bbox 231 4519 1898 4597; baseline 0.001 -21"><span class='ocrx_word' id='word_1_319' title='bbox 231 4544 352 4595; x_wconf 84' lang='grc' dir='ltr'><strong>μοι.</strong></span> <span class='ocrx_word' id='word_1_320' title='bbox 388 4525 538 4581; x_wconf 63' lang='lat' dir='ltr'>Eine</span> <span class='ocrx_word' id='word_1_321' title='bbox 571 4521 653 4592; x_wconf 71' lang='grc' dir='ltr'>δὲ,</span> <span class='ocrx_word' id='word_1_322' title='bbox 684 4524 767 4578; x_wconf 78' lang='grc' dir='ltr'><strong>’ὁτι</strong></span> <span class='ocrx_word' id='word_1_323' title='bbox 801 4524 852 4576; x_wconf 79' lang='grc' dir='ltr'>οἱ</span> <span class='ocrx_word' id='word_1_324' title='bbox 890 4519 1146 4578; x_wconf 83' lang='grc' dir='ltr'><strong>Ἰουδαῖοι</strong></span> <span class='ocrx_word' id='word_1_325' title='bbox 1206 4524 1477 4577; x_wconf 82' lang='grc' dir='ltr'><strong>συνέθεντο</strong></span> <span class='ocrx_word' id='word_1_326' title='bbox 1535 4520 1630 4575; x_wconf 83' lang='grc' dir='ltr'>τοῦ</span> <span class='ocrx_word' id='word_1_327' title='bbox 1688 4521 1898 4597; x_wconf 83' lang='grc' dir='ltr'><strong>ἐρωτῆ-</strong></span> 
     </span>
    </p>
   </div>
   <div class='ocr_carea' id='block_1_47' title="bbox 239 2735 649 2805">
    <p class='ocr_par' dir='ltr' id='par_1_47' title="bbox 239 2735 649 2805">
     <span class='ocr_line' id='line_1_49' title="bbox 239 2735 649 2805; baseline -0.002 -17"><span class='ocrx_word' id='word_1_328' title='bbox 239 2735 436 2805; x_wconf 73' lang='grc' dir='ltr'><strong>ταύτην</strong></span> <span class='ocrx_word' id='word_1_329' title='bbox 541 2736 649 2804; x_wconf 73' lang='grc' dir='ltr'><strong>τήν</strong></span> 
     </span>
    </p>
   </div>
   <div class='ocr_carea' id='block_1_48' title="bbox 1332 352 2534 416">
    <p class='ocr_par' dir='ltr' id='par_1_48' title="bbox 1332 352 2534 416">
     <span class='ocr_line' id='line_1_50' title="bbox 1332 352 2534 416; baseline 0 -3"><span class='ocrx_word' id='word_1_330' title='bbox 1332 352 1580 413; x_wconf 77' lang='grc' dir='ltr'>(ΕΟοΜ</span> <span class='ocrx_word' id='word_1_331' title='bbox 1594 354 1763 414; x_wconf 86' lang='lat' dir='ltr'><strong>ENII</strong></span> <span class='ocrx_word' id='word_1_332' title='bbox 1811 352 2115 413; x_wconf 59' lang='lat' dir='ltr'>THICCxE</span> <span class='ocrx_word' id='word_1_333' title='bbox 2154 354 2534 416; x_wconf 89' lang='lat' dir='ltr'>EPISCOPI.</span> 
     </span>
    </p>
   </div>
   <div class='ocr_carea' id='block_1_49' title="bbox 1426 478 1898 559">
    <p class='ocr_par' dir='ltr' id='par_1_49' title="bbox 1426 478 1897 553">
     <span class='ocr_line' id='line_1_51' title="bbox 1426 478 1897 553; baseline 0 -15"><span class='ocrx_word' id='word_1_334' title='bbox 1426 478 1727 553; x_wconf 81' lang='grc' dir='ltr'><strong>καταϐῆναι</strong></span> <span class='ocrx_word' id='word_1_335' title='bbox 1807 484 1897 539; x_wconf 80' lang='grc' dir='ltr'><strong>καὶ</strong></span> 
     </span>
    </p>
   </div>
   <div class='ocr_carea' id='block_1_50' title="bbox 2014 478 3655 559">
    <p class='ocr_par' dir='ltr' id='par_1_50' title="bbox 2014 485 3655 559">
     <span class='ocr_line' id='line_1_52' title="bbox 2014 485 3655 559; baseline 0.001 -19"><span class='ocrx_word' id='word_1_336' title='bbox 2014 492 2254 556; x_wconf 88' lang='lat' dir='ltr'>peretur</span> <span class='ocrx_word' id='word_1_337' title='bbox 2284 489 2502 544; x_wconf 81' lang='lat' dir='ltr'>Paulus</span> <span class='ocrx_word' id='word_1_338' title='bbox 2534 487 2605 543; x_wconf 88' lang='lat' dir='ltr'>ab</span> <span class='ocrx_word' id='word_1_339' title='bbox 2636 487 2803 559; x_wconf 85' lang='lat' dir='ltr'>ipsis,</span> <span class='ocrx_word' id='word_1_340' title='bbox 2829 486 3012 558; x_wconf 87' lang='lat' dir='ltr'>jussit</span> <span class='ocrx_word' id='word_1_341' title='bbox 3043 486 3265 540; x_wconf 86' lang='lat' dir='ltr'>milites</span> <span class='ocrx_word' id='word_1_342' title='bbox 3291 485 3655 542; x_wconf 92' lang='lat' dir='ltr'>descendere</span> 
     </span>
    </p>
   </div>
   <div class='ocr_carea' id='block_1_51' title="bbox 3548 355 3667 412">
    <p class='ocr_par' dir='ltr' id='par_1_51' title="bbox 3548 355 3667 412">
     <span class='ocr_line' id='line_1_53' title="bbox 3548 355 3667 412; baseline 0 0"><span class='ocrx_word' id='word_1_343' title='bbox 3548 355 3667 412; x_wconf 77' lang='lat'>278</span> 
     </span>
    </p>
   </div>
   <div class='ocr_carea' id='block_1_52' title="bbox 2025 574 3662 647">
    <p class='ocr_par' dir='ltr' id='par_1_52' title="bbox 2025 574 3662 647">
     <span class='ocr_line' id='line_1_54' title="bbox 2025 574 3662 647; baseline 0.002 -18"><span class='ocrx_word' id='word_1_344' title='bbox 2025 581 2083 629; x_wconf 86' lang='lat' dir='ltr'>et</span> <span class='ocrx_word' id='word_1_345' title='bbox 2108 593 2315 647; x_wconf 89' lang='lat' dir='ltr'>rapere</span> <span class='ocrx_word' id='word_1_346' title='bbox 2348 595 2483 633; x_wconf 89' lang='lat' dir='ltr'>eum</span> <span class='ocrx_word' id='word_1_347' title='bbox 2516 578 2587 633; x_wconf 91' lang='lat' dir='ltr'>de</span> <span class='ocrx_word' id='word_1_348' title='bbox 2606 576 2800 631; x_wconf 89' lang='lat' dir='ltr'>medio</span> <span class='ocrx_word' id='word_1_349' title='bbox 2836 591 3061 645; x_wconf 87' lang='lat' dir='ltr'>eorum,</span> <span class='ocrx_word' id='word_1_350' title='bbox 3096 591 3161 629; x_wconf 88' lang='lat' dir='ltr'>ac</span> <span class='ocrx_word' id='word_1_351' title='bbox 3202 574 3494 630; x_wconf 85' lang='lat' dir='ltr'>deducere</span> <span class='ocrx_word' id='word_1_352' title='bbox 3525 593 3662 632; x_wconf 89' lang='lat' dir='ltr'>eum</span> 
     </span>
    </p>
   </div>
   <div class='ocr_carea' id='block_1_53' title="bbox 2024 665 3665 738">
    <p class='ocr_par' dir='ltr' id='par_1_53' title="bbox 2024 665 3665 738">
     <span class='ocr_line' id='line_1_55' title="bbox 2024 665 3665 738; baseline 0.001 -20"><span class='ocrx_word' id='word_1_353' title='bbox 2024 665 2084 718; x_wconf 91' lang='lat' dir='ltr'>in</span> <span class='ocrx_word' id='word_1_354' title='bbox 2128 673 2338 722; x_wconf 91' lang='lat' dir='ltr'>castra.</span> <span class='ocrx_word' id='word_1_355' title='bbox 2390 668 2673 738; x_wconf 85' lang='lat' dir='ltr'>Sequenti</span> <span class='ocrx_word' id='word_1_356' title='bbox 2708 683 2843 722; x_wconf 90' lang='lat' dir='ltr'>vero</span> <span class='ocrx_word' id='word_1_357' title='bbox 2896 670 3067 720; x_wconf 89' lang='lat' dir='ltr'>nocte</span> <span class='ocrx_word' id='word_1_358' title='bbox 3119 666 3403 720; x_wconf 81' lang='lat' dir='ltr'>assistens</span> <span class='ocrx_word' id='word_1_359' title='bbox 3437 665 3488 718; x_wconf 91' lang='lat' dir='ltr'>ei</span> <span class='ocrx_word' id='word_1_360' title='bbox 3546 666 3665 720; x_wconf 89' lang='lat' dir='ltr'>Do-</span> 
     </span>
    </p>
   </div>
   <div class='ocr_carea' id='block_1_54' title="bbox 2023 755 3664 820">
    <p class='ocr_par' dir='ltr' id='par_1_54' title="bbox 2023 755 3664 820">
     <span class='ocr_line' id='line_1_56' title="bbox 2023 755 3664 820; baseline 0.001 -12"><span class='ocrx_word' id='word_1_361' title='bbox 2023 755 2221 811; x_wconf 88' lang='lat' dir='ltr'>minus</span> <span class='ocrx_word' id='word_1_362' title='bbox 2268 757 2352 811; x_wconf 89' lang='lat' dir='ltr'>ait</span> <span class='ocrx_word' id='word_1_363' title='bbox 2398 775 2410 811; x_wconf 89' lang='lat'>:</span> <span class='ocrx_word' id='word_1_364' title='bbox 2466 759 2623 812; x_wconf 92' lang='lat' dir='ltr'>Bono</span> <span class='ocrx_word' id='word_1_365' title='bbox 2672 757 2870 811; x_wconf 88' lang='lat' dir='ltr'>animo</span> <span class='ocrx_word' id='word_1_366' title='bbox 2918 760 3065 820; x_wconf 89' lang='lat' dir='ltr'>esto,</span> <span class='ocrx_word' id='word_1_367' title='bbox 3118 755 3336 809; x_wconf 85' lang='lat' dir='ltr'>Paule:</span> <span class='ocrx_word' id='word_1_368' title='bbox 3390 761 3455 809; x_wconf 91' lang='lat' dir='ltr'>ut</span> <span class='ocrx_word' id='word_1_369' title='bbox 3504 756 3664 809; x_wconf 90' lang='lat' dir='ltr'>enim</span> 
     </span>
    </p>
   </div>
   <div class='ocr_carea' id='block_1_55' title="bbox 2025 844 3666 916">
    <p class='ocr_par' dir='ltr' id='par_1_55' title="bbox 2025 844 3666 916">
     <span class='ocr_line' id='line_1_57' title="bbox 2025 844 3666 916; baseline 0.001 -19"><span class='ocrx_word' id='word_1_370' title='bbox 2025 845 2371 901; x_wconf 82' lang='lat' dir='ltr'>testificatus</span> <span class='ocrx_word' id='word_1_371' title='bbox 2403 863 2464 901; x_wconf 91' lang='lat' dir='ltr'>es</span> <span class='ocrx_word' id='word_1_372' title='bbox 2515 846 2586 901; x_wconf 94' lang='lat' dir='ltr'>de</span> <span class='ocrx_word' id='word_1_373' title='bbox 2635 863 2728 901; x_wconf 90' lang='lat' dir='ltr'>me</span> <span class='ocrx_word' id='word_1_374' title='bbox 2770 844 3179 916; x_wconf 82' lang='lat' dir='ltr'>Jerosolymis,</span> <span class='ocrx_word' id='word_1_375' title='bbox 3226 845 3310 898; x_wconf 93' lang='lat' dir='ltr'>sic</span> <span class='ocrx_word' id='word_1_376' title='bbox 3344 848 3399 898; x_wconf 90' lang='lat' dir='ltr'>te</span> <span class='ocrx_word' id='word_1_377' title='bbox 3431 848 3666 914; x_wconf 80' lang='lat' dir='ltr'>oportet</span> 
     </span>
    </p>
   </div>
   <div class='ocr_carea' id='block_1_56' title="bbox 2022 935 2728 991">
    <p class='ocr_par' dir='ltr' id='par_1_56' title="bbox 2022 935 2728 991">
     <span class='ocr_line' id='line_1_58' title="bbox 2022 935 2728 991; baseline 0.003 -4"><span class='ocrx_word' id='word_1_378' title='bbox 2022 938 2080 987; x_wconf 90' lang='lat' dir='ltr'>et</span> <span class='ocrx_word' id='word_1_379' title='bbox 2108 935 2307 989; x_wconf 64' lang='lat' dir='ltr'>Roma;</span> <span class='ocrx_word' id='word_1_380' title='bbox 2341 936 2665 991; x_wconf 81' lang='lat' dir='ltr'>testificari.</span> <span class='ocrx_word' id='word_1_381' title='bbox 2701 957 2728 985; x_wconf 85' lang='lat'><strong>»</strong></span> 
     </span>
    </p>
   </div>
   <div class='ocr_carea' id='block_1_57' title="bbox 2094 1022 3660 1095">
    <p class='ocr_par' dir='ltr' id='par_1_57' title="bbox 2094 1022 3660 1095">
     <span class='ocr_line' id='line_1_59' title="bbox 2094 1022 3660 1095; baseline 0 -18"><span class='ocrx_word' id='word_1_382' title='bbox 2094 1043 2121 1071; x_wconf 83' lang='lat'><strong>«</strong></span> <span class='ocrx_word' id='word_1_383' title='bbox 2173 1024 2228 1077; x_wconf 92' lang='lat' dir='ltr'>Si</span> <span class='ocrx_word' id='word_1_384' title='bbox 2273 1030 2465 1079; x_wconf 87' lang='lat' dir='ltr'>autem</span> <span class='ocrx_word' id='word_1_385' title='bbox 2515 1025 2758 1095; x_wconf 87' lang='lat' dir='ltr'>spiritus</span> <span class='ocrx_word' id='word_1_386' title='bbox 2794 1024 3027 1079; x_wconf 91' lang='lat' dir='ltr'>locutus</span> <span class='ocrx_word' id='word_1_387' title='bbox 3075 1027 3164 1077; x_wconf 90' lang='lat' dir='ltr'>est</span> <span class='ocrx_word' id='word_1_388' title='bbox 3212 1022 3285 1078; x_wconf 87' lang='lat' dir='ltr'>ei.</span> <span class='ocrx_word' id='word_1_389' title='bbox 3338 1043 3365 1072; x_wconf 83' lang='lat'>»</span> <span class='ocrx_word' id='word_1_390' title='bbox 3428 1022 3660 1093; x_wconf 89' lang='lat' dir='ltr'>Duplici</span> 
     </span>
    </p>
   </div>
   <div class='ocr_carea' id='block_1_58' title="bbox 2018 1112 3660 1186">
    <p class='ocr_par' dir='ltr' id='par_1_58' title="bbox 2018 1112 3660 1186">
     <span class='ocr_line' id='line_1_60' title="bbox 2018 1112 3660 1186; baseline 0 -21"><span class='ocrx_word' id='word_1_391' title='bbox 2018 1112 2195 1167; x_wconf 89' lang='lat' dir='ltr'>modo</span> <span class='ocrx_word' id='word_1_392' title='bbox 2226 1114 2479 1186; x_wconf 78' lang='lat' dir='ltr'>intelligi</span> <span class='ocrx_word' id='word_1_393' title='bbox 2521 1119 2713 1185; x_wconf 87' lang='lat' dir='ltr'>potest</span> <span class='ocrx_word' id='word_1_394' title='bbox 2752 1112 2910 1183; x_wconf 93' lang='lat' dir='ltr'>quod</span> <span class='ocrx_word' id='word_1_395' title='bbox 2958 1113 3181 1167; x_wconf 88' lang='lat' dir='ltr'>dictum</span> <span class='ocrx_word' id='word_1_396' title='bbox 3214 1116 3321 1165; x_wconf 89' lang='lat' dir='ltr'>est.</span> <span class='ocrx_word' id='word_1_397' title='bbox 3357 1115 3471 1165; x_wconf 86' lang='lat' dir='ltr'>Aut</span> <span class='ocrx_word' id='word_1_398' title='bbox 3500 1112 3660 1166; x_wconf 91' lang='lat' dir='ltr'>enim</span> 
     </span>
    </p>
   </div>
   <div class='ocr_carea' id='block_1_59' title="bbox 2019 1200 3660 1273">
    <p class='ocr_par' dir='ltr' id='par_1_59' title="bbox 2019 1200 3660 1273">
     <span class='ocr_line' id='line_1_61' title="bbox 2019 1200 3660 1273; baseline 0.001 -20"><span class='ocrx_word' id='word_1_399' title='bbox 2019 1200 2185 1255; x_wconf 91' lang='lat' dir='ltr'>deest</span> <span class='ocrx_word' id='word_1_400' title='bbox 2213 1203 2518 1273; x_wconf 89' lang='lat' dir='ltr'>quidpiam</span> <span class='ocrx_word' id='word_1_401' title='bbox 2540 1203 2614 1257; x_wconf 90' lang='lat' dir='ltr'>ad</span> <span class='ocrx_word' id='word_1_402' title='bbox 2647 1202 2957 1257; x_wconf 83' lang='lat' dir='ltr'>sententiae</span> <span class='ocrx_word' id='word_1_403' title='bbox 3010 1201 3428 1271; x_wconf 84' lang='lat' dir='ltr'>expletionem,</span> <span class='ocrx_word' id='word_1_404' title='bbox 3479 1206 3546 1255; x_wconf 90' lang='lat' dir='ltr'>ut</span> <span class='ocrx_word' id='word_1_405' title='bbox 3578 1201 3660 1255; x_wconf 90' lang='lat' dir='ltr'>ita</span> 
     </span>
    </p>
   </div>
   <div class='ocr_carea' id='block_1_60' title="bbox 2019 1288 3659 1361">
    <p class='ocr_par' dir='ltr' id='par_1_60' title="bbox 2019 1288 3659 1361">
     <span class='ocr_line' id='line_1_62' title="bbox 2019 1288 3659 1361; baseline 0.001 -18"><span class='ocrx_word' id='word_1_406' title='bbox 2019 1288 2283 1344; x_wconf 87' lang='lat' dir='ltr'>dicatur:</span> <span class='ocrx_word' id='word_1_407' title='bbox 2320 1292 2470 1345; x_wconf 75' lang='lat'>186</span> <span class='ocrx_word' id='word_1_408' title='bbox 2511 1292 2565 1345; x_wconf 89' lang='lat' dir='ltr'>Si</span> <span class='ocrx_word' id='word_1_409' title='bbox 2597 1298 2796 1346; x_wconf 88' lang='lat' dir='ltr'>autem</span> <span class='ocrx_word' id='word_1_410' title='bbox 2824 1291 3076 1361; x_wconf 89' lang='lat' dir='ltr'>Spiritus</span> <span class='ocrx_word' id='word_1_411' title='bbox 3099 1294 3200 1345; x_wconf 91' lang='lat' dir='ltr'>aut</span> <span class='ocrx_word' id='word_1_412' title='bbox 3229 1289 3473 1361; x_wconf 79' lang='lat' dir='ltr'>angelus</span> <span class='ocrx_word' id='word_1_413' title='bbox 3497 1289 3659 1344; x_wconf 90' lang='lat' dir='ltr'>locu-</span> 
     </span>
    </p>
   </div>
   <div class='ocr_carea' id='block_1_61' title="bbox 2017 1379 3660 1449">
    <p class='ocr_par' dir='ltr' id='par_1_61' title="bbox 2017 1379 3660 1449">
     <span class='ocr_line' id='line_1_63' title="bbox 2017 1379 3660 1449; baseline 0.002 -19"><span class='ocrx_word' id='word_1_414' title='bbox 2017 1382 2111 1433; x_wconf 88' lang='lat' dir='ltr'>tus</span> <span class='ocrx_word' id='word_1_415' title='bbox 2141 1385 2230 1433; x_wconf 90' lang='lat' dir='ltr'>est</span> <span class='ocrx_word' id='word_1_416' title='bbox 2271 1381 2344 1445; x_wconf 92' lang='lat' dir='ltr'>ei,</span> <span class='ocrx_word' id='word_1_417' title='bbox 2390 1379 2685 1435; x_wconf 88' lang='lat' dir='ltr'>incertum</span> <span class='ocrx_word' id='word_1_418' title='bbox 2731 1386 2838 1446; x_wconf 90' lang='lat' dir='ltr'>est,</span> <span class='ocrx_word' id='word_1_419' title='bbox 2892 1379 3105 1449; x_wconf 90' lang='lat' dir='ltr'>inquit.</span> <span class='ocrx_word' id='word_1_420' title='bbox 3158 1381 3274 1433; x_wconf 77' lang='lat' dir='ltr'>Aut</span> <span class='ocrx_word' id='word_1_421' title='bbox 3317 1383 3660 1448; x_wconf 88' lang='lat' dir='ltr'>tanquama</span> 
     </span>
    </p>
   </div>
   <div class='ocr_carea' id='block_1_62' title="bbox 2015 1468 3657 1525">
    <p class='ocr_par' dir='ltr' id='par_1_62' title="bbox 2015 1468 3657 1525">
     <span class='ocr_line' id='line_1_64' title="bbox 2015 1468 3657 1525; baseline 0.001 -3"><span class='ocrx_word' id='word_1_422' title='bbox 2015 1468 2328 1525; x_wconf 70' lang='lat' dir='ltr'>Pharisaeis</span> <span class='ocrx_word' id='word_1_423' title='bbox 2380 1470 2699 1525; x_wconf 90' lang='lat' dir='ltr'>dicendum</span> <span class='ocrx_word' id='word_1_424' title='bbox 2750 1476 2839 1523; x_wconf 89' lang='lat' dir='ltr'>est</span> <span class='ocrx_word' id='word_1_425' title='bbox 2872 1486 3001 1524; x_wconf 88' lang='lat' dir='ltr'>esse</span> <span class='ocrx_word' id='word_1_426' title='bbox 3040 1468 3322 1523; x_wconf 82' lang='lat' dir='ltr'>verbum:</span> <span class='ocrx_word' id='word_1_427' title='bbox 3372 1468 3428 1521; x_wconf 93' lang='lat' dir='ltr'>Si</span> <span class='ocrx_word' id='word_1_428' title='bbox 3459 1473 3657 1523; x_wconf 89' lang='lat' dir='ltr'>autem</span> 
     </span>
    </p>
   </div>
   <div class='ocr_carea' id='block_1_63' title="bbox 2013 1557 3653 1631">
    <p class='ocr_par' dir='ltr' id='par_1_63' title="bbox 2013 1557 3653 1631">
     <span class='ocr_line' id='line_1_65' title="bbox 2013 1557 3653 1631; baseline -0.001 -16"><span class='ocrx_word' id='word_1_429' title='bbox 2013 1560 2257 1631; x_wconf 82' lang='lat' dir='ltr'>spiritus</span> <span class='ocrx_word' id='word_1_430' title='bbox 2289 1559 2376 1615; x_wconf 87' lang='lat' dir='ltr'>vel</span> <span class='ocrx_word' id='word_1_431' title='bbox 2408 1559 2673 1631; x_wconf 84' lang='lat' dir='ltr'>angelus,</span> <span class='ocrx_word' id='word_1_432' title='bbox 2710 1559 2941 1613; x_wconf 88' lang='lat' dir='ltr'>locutus</span> <span class='ocrx_word' id='word_1_433' title='bbox 2969 1563 3059 1613; x_wconf 89' lang='lat' dir='ltr'>est</span> <span class='ocrx_word' id='word_1_434' title='bbox 3090 1557 3143 1612; x_wconf 90' lang='lat' dir='ltr'>ei</span> <span class='ocrx_word' id='word_1_435' title='bbox 3172 1574 3183 1610; x_wconf 91' lang='lat'>:</span> <span class='ocrx_word' id='word_1_436' title='bbox 3218 1558 3328 1611; x_wconf 91' lang='lat' dir='ltr'>hoc</span> <span class='ocrx_word' id='word_1_437' title='bbox 3362 1562 3473 1623; x_wconf 90' lang='lat' dir='ltr'>est,</span> <span class='ocrx_word' id='word_1_438' title='bbox 3505 1559 3653 1613; x_wconf 88' lang='lat' dir='ltr'>Ecce</span> 
     </span>
    </p>
   </div>
   <div class='ocr_carea' id='block_1_64' title="bbox 2011 1646 3648 1720">
    <p class='ocr_par' dir='ltr' id='par_1_64' title="bbox 2011 1646 3648 1720">
     <span class='ocr_line' id='line_1_66' title="bbox 2011 1646 3648 1720; baseline -0.002 -16"><span class='ocrx_word' id='word_1_439' title='bbox 2011 1666 2144 1720; x_wconf 65' lang='lat' dir='ltr'>qua;</span> <span class='ocrx_word' id='word_1_440' title='bbox 2193 1647 2264 1702; x_wconf 92' lang='lat' dir='ltr'>de</span> <span class='ocrx_word' id='word_1_441' title='bbox 2307 1649 2743 1703; x_wconf 87' lang='lat' dir='ltr'>resurrectione</span> <span class='ocrx_word' id='word_1_442' title='bbox 2794 1648 3058 1717; x_wconf 90' lang='lat' dir='ltr'>loquitur</span> <span class='ocrx_word' id='word_1_443' title='bbox 3104 1646 3487 1702; x_wconf 82' lang='lat' dir='ltr'>manifestum</span> <span class='ocrx_word' id='word_1_444' title='bbox 3538 1653 3648 1715; x_wconf 90' lang='lat' dir='ltr'>est,</span> 
     </span>
    </p>
   </div>
   <div class='ocr_carea' id='block_1_65' title="bbox 2009 1736 3645 1810">
    <p class='ocr_par' dir='ltr' id='par_1_65' title="bbox 2009 1736 3645 1810">
     <span class='ocr_line' id='line_1_67' title="bbox 2009 1736 3645 1810; baseline -0.001 -17"><span class='ocrx_word' id='word_1_445' title='bbox 2009 1739 2166 1810; x_wconf 91' lang='lat' dir='ltr'>quod</span> <span class='ocrx_word' id='word_1_446' title='bbox 2189 1744 2291 1793; x_wconf 91' lang='lat' dir='ltr'>aut</span> <span class='ocrx_word' id='word_1_447' title='bbox 2311 1755 2416 1809; x_wconf 89' lang='lat' dir='ltr'>per</span> <span class='ocrx_word' id='word_1_448' title='bbox 2445 1739 2728 1810; x_wconf 88' lang='lat' dir='ltr'>Spiritum</span> <span class='ocrx_word' id='word_1_449' title='bbox 2762 1743 3056 1804; x_wconf 78' lang='lat' dir='ltr'>sanctum,</span> <span class='ocrx_word' id='word_1_450' title='bbox 3090 1742 3191 1792; x_wconf 90' lang='lat' dir='ltr'>aut</span> <span class='ocrx_word' id='word_1_451' title='bbox 3219 1753 3325 1807; x_wconf 90' lang='lat' dir='ltr'>per</span> <span class='ocrx_word' id='word_1_452' title='bbox 3368 1736 3645 1808; x_wconf 82' lang='lat' dir='ltr'>angelum</span> 
     </span>
    </p>
   </div>
   <div class='ocr_carea' id='block_1_66' title="bbox 2008 1828 3252 1884">
    <p class='ocr_par' dir='ltr' id='par_1_66' title="bbox 2008 1828 3252 1884">
     <span class='ocr_line' id='line_1_68' title="bbox 2008 1828 3252 1884; baseline -0.002 -1"><span class='ocrx_word' id='word_1_453' title='bbox 2008 1830 2275 1884; x_wconf 87' lang='lat' dir='ltr'>eruditus</span> <span class='ocrx_word' id='word_1_454' title='bbox 2307 1829 2382 1883; x_wconf 90' lang='lat' dir='ltr'>sit</span> <span class='ocrx_word' id='word_1_455' title='bbox 2410 1828 2862 1883; x_wconf 89' lang='lat' dir='ltr'>resurrectionis</span> <span class='ocrx_word' id='word_1_456' title='bbox 2895 1843 3252 1882; x_wconf 89' lang='lat' dir='ltr'>sermonem.</span> 
     </span>
    </p>
   </div>
   <div class='ocr_carea' id='block_1_67' title="bbox 2581 1917 3081 1972">
    <p class='ocr_par' dir='ltr' id='par_1_67' title="bbox 2581 1917 3081 1972">
     <span class='ocr_line' id='line_1_69' title="bbox 2581 1917 3081 1972; baseline 0.002 -1"><span class='ocrx_word' id='word_1_457' title='bbox 2581 1918 2813 1972; x_wconf 84' lang='lat' dir='ltr'>CAPUT</span> <span class='ocrx_word' id='word_1_458' title='bbox 2842 1917 3081 1972; x_wconf 82' lang='lat' dir='ltr'><strong>XXXIV.</strong></span> 
     </span>
    </p>
   </div>
   <div class='ocr_carea' id='block_1_68' title="bbox 2004 2005 3653 2075">
    <p class='ocr_par' dir='ltr' id='par_1_68' title="bbox 2004 2005 3653 2075">
     <span class='ocr_line' id='line_1_70' title="bbox 2004 2005 3653 2075; baseline -0.002 -13"><span class='ocrx_word' id='word_1_459' title='bbox 2004 2010 2080 2062; x_wconf 87' lang='lat' dir='ltr'>De</span> <span class='ocrx_word' id='word_1_460' title='bbox 2109 2007 2331 2062; x_wconf 82' lang='lat' dir='ltr'>insidiis</span> <span class='ocrx_word' id='word_1_461' title='bbox 2363 2007 2536 2061; x_wconf 85' lang='lat' dir='ltr'>Paulo</span> <span class='ocrx_word' id='word_1_462' title='bbox 2570 2007 2858 2062; x_wconf 81' lang='lat' dir='ltr'>intentatis</span> <span class='ocrx_word' id='word_1_463' title='bbox 2890 2023 2923 2060; x_wconf 89' lang='lat' dir='ltr'>a</span> <span class='ocrx_word' id='word_1_464' title='bbox 2951 2008 3181 2068; x_wconf 67' lang='lat' dir='ltr'>Judm&#39;s.</span> <span class='ocrx_word' id='word_1_465' title='bbox 3212 2013 3264 2061; x_wconf 85' lang='lat' dir='ltr'>et</span> <span class='ocrx_word' id='word_1_466' title='bbox 3287 2005 3438 2075; x_wconf 85' lang='lat' dir='ltr'>quod</span> <span class='ocrx_word' id='word_1_467' title='bbox 3482 2008 3653 2075; x_wconf 59' lang='lat' dir='ltr'>Lysim</span> 
     </span>
    </p>
   </div>
   <div class='ocr_carea' id='block_1_69' title="bbox 2073 2078 3654 2148">
    <p class='ocr_par' dir='ltr' id='par_1_69' title="bbox 2073 2078 3654 2148">
     <span class='ocr_line' id='line_1_71' title="bbox 2073 2078 3654 2148; baseline -0.001 -15"><span class='ocrx_word' id='word_1_468' title='bbox 2073 2080 2330 2133; x_wconf 75' lang='lat' dir='ltr'>indicata:</span> <span class='ocrx_word' id='word_1_469' title='bbox 2362 2081 2517 2139; x_wconf 82' lang='lat' dir='ltr'>sint;</span> <span class='ocrx_word' id='word_1_470' title='bbox 2562 2081 2621 2133; x_wconf 87' lang='lat' dir='ltr'>in</span> <span class='ocrx_word' id='word_1_471' title='bbox 2654 2096 2762 2148; x_wconf 88' lang='lat' dir='ltr'>quo</span> <span class='ocrx_word' id='word_1_472' title='bbox 2798 2085 3072 2133; x_wconf 81' lang='lat' dir='ltr'>narratur</span> <span class='ocrx_word' id='word_1_473' title='bbox 3114 2078 3261 2147; x_wconf 87' lang='lat' dir='ltr'>quod</span> <span class='ocrx_word' id='word_1_474' title='bbox 3309 2079 3654 2132; x_wconf 77' lang='lat' dir='ltr'>transmissus</span> 
     </span>
    </p>
   </div>
   <div class='ocr_carea' id='block_1_70' title="bbox 2072 2149 3654 2276">
    <p class='ocr_par' dir='ltr' id='par_1_70' title="bbox 2072 2149 3654 2276">
     <span class='ocr_line' id='line_1_72' title="bbox 2072 2149 3654 2275; baseline 0 -72"><span class='ocrx_word' id='word_1_475' title='bbox 2072 2153 2145 2204; x_wconf 85' lang='lat' dir='ltr'>sit</span> <span class='ocrx_word' id='word_1_476' title='bbox 2171 2151 2379 2275; x_wconf 46' lang='lat' dir='ltr'>gaulus</span> <span class='ocrx_word' id='word_1_477' title='bbox 2402 2152 2699 2206; x_wconf 76' lang='lat' dir='ltr'>Caesaream</span> <span class='ocrx_word' id='word_1_478' title='bbox 2735 2152 2807 2205; x_wconf 90' lang='lat' dir='ltr'>ad</span> <span class='ocrx_word' id='word_1_479' title='bbox 2828 2150 3117 2220; x_wconf 73' lang='lat' dir='ltr'>praesidem</span> <span class='ocrx_word' id='word_1_480' title='bbox 3139 2166 3260 2205; x_wconf 86' lang='lat' dir='ltr'>cum</span> <span class='ocrx_word' id='word_1_481' title='bbox 3280 2149 3555 2205; x_wconf 79' lang='lat' dir='ltr'>militibus</span> <span class='ocrx_word' id='word_1_482' title='bbox 3600 2155 3654 2204; x_wconf 87' lang='lat' dir='ltr'>et</span> 
     </span>
     <span class='ocr_line' id='line_1_73' title="bbox 2074 2237 2285 2276; baseline -0.005 0"><span class='ocrx_word' id='word_1_483' title='bbox 2074 2238 2179 2276; x_wconf 62' lang='lat' dir='ltr'>scr:</span> <span class='ocrx_word' id='word_1_484' title='bbox 2220 2237 2285 2276; x_wconf 69' lang='grc' dir='ltr'><strong>ιε.</strong></span> 
     </span>
    </p>
   </div>
   <div class='ocr_carea' id='block_1_71' title="bbox 2075 2382 3647 2456">
    <p class='ocr_par' dir='ltr' id='par_1_71' title="bbox 2075 2382 3647 2456">
     <span class='ocr_line' id='line_1_74' title="bbox 2075 2382 3647 2456; baseline 0.002 -20"><span class='ocrx_word' id='word_1_485' title='bbox 2075 2382 2280 2447; x_wconf 83' lang='lat' dir='ltr'>XXIII,</span> <span class='ocrx_word' id='word_1_486' title='bbox 2313 2384 2501 2438; x_wconf 82' lang='lat'>12-35.</span> <span class='ocrx_word' id='word_1_487' title='bbox 2540 2405 2567 2434; x_wconf 84' lang='lat'><strong><em>«</em></strong></span> <span class='ocrx_word' id='word_1_488' title='bbox 2598 2386 2771 2439; x_wconf 90' lang='lat' dir='ltr'>Facto</span> <span class='ocrx_word' id='word_1_489' title='bbox 2802 2388 3001 2439; x_wconf 88' lang='lat' dir='ltr'>autem</span> <span class='ocrx_word' id='word_1_490' title='bbox 3036 2383 3152 2451; x_wconf 80' lang='lat' dir='ltr'>die,</span> <span class='ocrx_word' id='word_1_491' title='bbox 3186 2384 3555 2456; x_wconf 84' lang='lat' dir='ltr'>collegerunt</span> <span class='ocrx_word' id='word_1_492' title='bbox 3586 2400 3647 2439; x_wconf 81' lang='lat' dir='ltr'>se</span> 
     </span>
    </p>
   </div>
   <div class='ocr_carea' id='block_1_72' title="bbox 2006 2470 3650 2541">
    <p class='ocr_par' dir='ltr' id='par_1_72' title="bbox 2006 2470 3650 2541">
     <span class='ocr_line' id='line_1_75' title="bbox 2006 2470 3650 2541; baseline 0.001 -16"><span class='ocrx_word' id='word_1_493' title='bbox 2006 2470 2247 2540; x_wconf 90' lang='lat' dir='ltr'>quidam</span> <span class='ocrx_word' id='word_1_494' title='bbox 2298 2487 2369 2527; x_wconf 84' lang='lat' dir='ltr'>ex</span> <span class='ocrx_word' id='word_1_495' title='bbox 2413 2472 2651 2541; x_wconf 71' lang='lat' dir='ltr'>Iudaeis,</span> <span class='ocrx_word' id='word_1_496' title='bbox 2701 2477 2759 2527; x_wconf 89' lang='lat' dir='ltr'>et</span> <span class='ocrx_word' id='word_1_497' title='bbox 2803 2472 3165 2527; x_wconf 89' lang='lat' dir='ltr'>devoverunt</span> <span class='ocrx_word' id='word_1_498' title='bbox 3223 2489 3305 2540; x_wconf 89' lang='lat' dir='ltr'>se,</span> <span class='ocrx_word' id='word_1_499' title='bbox 3361 2472 3650 2540; x_wconf 89' lang='lat' dir='ltr'>dicentes,</span> 
     </span>
    </p>
   </div>
   <div class='ocr_carea' id='block_1_73' title="bbox 2004 2560 3654 2633">
    <p class='ocr_par' dir='ltr' id='par_1_73' title="bbox 2004 2560 3654 2633">
     <span class='ocr_line' id='line_1_76' title="bbox 2004 2560 3654 2633; baseline 0.001 -20"><span class='ocrx_word' id='word_1_500' title='bbox 2004 2576 2197 2631; x_wconf 93' lang='lat' dir='ltr'>neque</span> <span class='ocrx_word' id='word_1_501' title='bbox 2230 2578 2435 2616; x_wconf 89' lang='lat' dir='ltr'>esuros</span> <span class='ocrx_word' id='word_1_502' title='bbox 2468 2579 2551 2627; x_wconf 90' lang='lat' dir='ltr'>se,</span> <span class='ocrx_word' id='word_1_503' title='bbox 2585 2579 2777 2633; x_wconf 90' lang='lat' dir='ltr'>neque</span> <span class='ocrx_word' id='word_1_504' title='bbox 2811 2562 3126 2627; x_wconf 88' lang='lat' dir='ltr'>bibituros,</span> <span class='ocrx_word' id='word_1_505' title='bbox 3176 2560 3365 2616; x_wconf 89' lang='lat' dir='ltr'>donec</span> <span class='ocrx_word' id='word_1_506' title='bbox 3419 2561 3654 2616; x_wconf 91' lang='lat' dir='ltr'>occide-</span> 
     </span>
    </p>
   </div>
   <div class='ocr_carea' id='block_1_74' title="bbox 2004 2648 3654 2722">
    <p class='ocr_par' dir='ltr' id='par_1_74' title="bbox 2004 2648 3654 2722">
     <span class='ocr_line' id='line_1_77' title="bbox 2004 2648 3654 2722; baseline 0 -19"><span class='ocrx_word' id='word_1_507' title='bbox 2004 2655 2139 2704; x_wconf 91' lang='lat' dir='ltr'>rent</span> <span class='ocrx_word' id='word_1_508' title='bbox 2169 2650 2439 2706; x_wconf 89' lang='lat' dir='ltr'>Paulum.</span> <span class='ocrx_word' id='word_1_509' title='bbox 2475 2653 2654 2706; x_wconf 90' lang='lat' dir='ltr'>Erant</span> <span class='ocrx_word' id='word_1_510' title='bbox 2684 2656 2882 2706; x_wconf 88' lang='lat' dir='ltr'>autem</span> <span class='ocrx_word' id='word_1_511' title='bbox 2936 2650 3136 2722; x_wconf 89' lang='lat' dir='ltr'>plures</span> <span class='ocrx_word' id='word_1_512' title='bbox 3190 2666 3368 2720; x_wconf 89' lang='lat' dir='ltr'>quam</span> <span class='ocrx_word' id='word_1_513' title='bbox 3401 2648 3654 2721; x_wconf 88' lang='lat' dir='ltr'>quadra-</span> 
     </span>
    </p>
   </div>
   <div class='ocr_carea' id='block_1_75' title="bbox 2004 2739 3655 2812">
    <p class='ocr_par' dir='ltr' id='par_1_75' title="bbox 2004 2739 3655 2812">
     <span class='ocr_line' id='line_1_78' title="bbox 2004 2739 3655 2812; baseline 0.001 -20"><span class='ocrx_word' id='word_1_514' title='bbox 2004 2740 2165 2811; x_wconf 81' lang='lat' dir='ltr'>ginta</span> <span class='ocrx_word' id='word_1_515' title='bbox 2193 2740 2300 2794; x_wconf 86' lang='lat' dir='ltr'>viri</span> <span class='ocrx_word' id='word_1_516' title='bbox 2333 2740 2433 2811; x_wconf 89' lang='lat' dir='ltr'>qui</span> <span class='ocrx_word' id='word_1_517' title='bbox 2478 2741 2633 2796; x_wconf 86' lang='lat' dir='ltr'>hanc</span> <span class='ocrx_word' id='word_1_518' title='bbox 2679 2740 3153 2812; x_wconf 88' lang='lat' dir='ltr'>conjurationem</span> <span class='ocrx_word' id='word_1_519' title='bbox 3196 2739 3500 2794; x_wconf 83' lang='lat' dir='ltr'>fecerant:</span> <span class='ocrx_word' id='word_1_520' title='bbox 3554 2739 3655 2809; x_wconf 90' lang='lat' dir='ltr'>qui</span> 
     </span>
    </p>
   </div>
   <div class='ocr_carea' id='block_1_76' title="bbox 2003 2828 3648 2901">
    <p class='ocr_par' dir='ltr' id='par_1_76' title="bbox 2003 2828 3648 2901">
     <span class='ocr_line' id='line_1_79' title="bbox 2003 2828 3648 2901; baseline -0.001 -17"><span class='ocrx_word' id='word_1_521' title='bbox 2003 2834 2385 2884; x_wconf 87' lang='lat' dir='ltr'>accesserunt</span> <span class='ocrx_word' id='word_1_522' title='bbox 2414 2829 2487 2885; x_wconf 90' lang='lat' dir='ltr'>ad</span> <span class='ocrx_word' id='word_1_523' title='bbox 2518 2830 2818 2901; x_wconf 90' lang='lat' dir='ltr'>principes</span> <span class='ocrx_word' id='word_1_524' title='bbox 2851 2828 3227 2885; x_wconf 85' lang='lat' dir='ltr'>sacerdotum</span> <span class='ocrx_word' id='word_1_525' title='bbox 3259 2844 3326 2883; x_wconf 91' lang='lat' dir='ltr'>ac</span> <span class='ocrx_word' id='word_1_526' title='bbox 3358 2828 3648 2897; x_wconf 87' lang='lat' dir='ltr'>seniores,</span> 
     </span>
    </p>
   </div>
   <div class='ocr_carea' id='block_1_77' title="bbox 2005 2919 3653 2977">
    <p class='ocr_par' dir='ltr' id='par_1_77' title="bbox 2005 2919 3653 2977">
     <span class='ocr_line' id='line_1_80' title="bbox 2005 2919 3653 2977; baseline 0.001 -4"><span class='ocrx_word' id='word_1_527' title='bbox 2005 2925 2062 2973; x_wconf 88' lang='lat' dir='ltr'>et</span> <span class='ocrx_word' id='word_1_528' title='bbox 2126 2920 2443 2976; x_wconf 83' lang='lat' dir='ltr'>dixerunt:</span> <span class='ocrx_word' id='word_1_529' title='bbox 2517 2922 2835 2977; x_wconf 89' lang='lat' dir='ltr'>Devotione</span> <span class='ocrx_word' id='word_1_530' title='bbox 2902 2921 3239 2975; x_wconf 88' lang='lat' dir='ltr'>devovimus</span> <span class='ocrx_word' id='word_1_531' title='bbox 3324 2936 3432 2975; x_wconf 85' lang='lat' dir='ltr'>nos</span> <span class='ocrx_word' id='word_1_532' title='bbox 3499 2919 3653 2974; x_wconf 91' lang='lat' dir='ltr'>nihil</span> 
     </span>
    </p>
   </div>
   <div class='ocr_carea' id='block_1_78' title="bbox 2002 3011 3650 3080">
    <p class='ocr_par' dir='ltr' id='par_1_78' title="bbox 2002 3011 3650 3080">
     <span class='ocr_line' id='line_1_81' title="bbox 2002 3011 3650 3080; baseline 0 -16"><span class='ocrx_word' id='word_1_533' title='bbox 2002 3016 2338 3079; x_wconf 82' lang='lat' dir='ltr'>gustaturos</span> <span class='ocrx_word' id='word_1_534' title='bbox 2388 3011 2577 3067; x_wconf 91' lang='lat' dir='ltr'>donec</span> <span class='ocrx_word' id='word_1_535' title='bbox 2627 3012 2967 3068; x_wconf 90' lang='lat' dir='ltr'>occidamus</span> <span class='ocrx_word' id='word_1_536' title='bbox 3000 3011 3268 3066; x_wconf 88' lang='lat' dir='ltr'>Paulum.</span> <span class='ocrx_word' id='word_1_537' title='bbox 3302 3012 3465 3065; x_wconf 86' lang='lat' dir='ltr'>Nunc</span> <span class='ocrx_word' id='word_1_538' title='bbox 3514 3025 3650 3080; x_wconf 88' lang='lat' dir='ltr'>ergo</span> 
     </span>
    </p>
   </div>
   <div class='ocr_carea' id='block_1_79' title="bbox 2002 3100 3655 3172">
    <p class='ocr_par' dir='ltr' id='par_1_79' title="bbox 2002 3100 3655 3172">
     <span class='ocr_line' id='line_1_82' title="bbox 2002 3100 3655 3172; baseline -0.001 -20"><span class='ocrx_word' id='word_1_539' title='bbox 2002 3116 2101 3154; x_wconf 90' lang='lat' dir='ltr'>vos</span> <span class='ocrx_word' id='word_1_540' title='bbox 2150 3100 2481 3172; x_wconf 81' lang='lat' dir='ltr'>signiﬁcate</span> <span class='ocrx_word' id='word_1_541' title='bbox 2531 3102 2769 3156; x_wconf 90' lang='lat' dir='ltr'>tribuno</span> <span class='ocrx_word' id='word_1_542' title='bbox 2819 3106 2877 3156; x_wconf 89' lang='lat' dir='ltr'>et</span> <span class='ocrx_word' id='word_1_543' title='bbox 2915 3100 3190 3163; x_wconf 86' lang='lat' dir='ltr'>concilio,</span> <span class='ocrx_word' id='word_1_544' title='bbox 3242 3104 3307 3153; x_wconf 92' lang='lat' dir='ltr'>ut</span> <span class='ocrx_word' id='word_1_545' title='bbox 3336 3115 3467 3153; x_wconf 90' lang='lat' dir='ltr'>cras</span> <span class='ocrx_word' id='word_1_546' title='bbox 3513 3114 3655 3169; x_wconf 92' lang='lat' dir='ltr'>pro-</span> 
     </span>
    </p>
   </div>
   <div class='ocr_carea' id='block_1_80' title="bbox 2012 3188 3650 3261">
    <p class='ocr_par' dir='ltr' id='par_1_80' title="bbox 2012 3188 3650 3261">
     <span class='ocr_line' id='line_1_83' title="bbox 2012 3188 3650 3261; baseline -0.001 -18"><span class='ocrx_word' id='word_1_547' title='bbox 2012 3188 2190 3244; x_wconf 86' lang='lat' dir='ltr'>ducat</span> <span class='ocrx_word' id='word_1_548' title='bbox 2220 3189 2385 3244; x_wconf 92' lang='lat' dir='ltr'>illum</span> <span class='ocrx_word' id='word_1_549' title='bbox 2415 3191 2488 3245; x_wconf 93' lang='lat' dir='ltr'>ad</span> <span class='ocrx_word' id='word_1_550' title='bbox 2520 3207 2649 3258; x_wconf 89' lang='lat' dir='ltr'>nos,</span> <span class='ocrx_word' id='word_1_551' title='bbox 2701 3197 2983 3261; x_wconf 87' lang='lat' dir='ltr'>tanquam</span> <span class='ocrx_word' id='word_1_552' title='bbox 3034 3188 3261 3260; x_wconf 89' lang='lat' dir='ltr'>aliquid</span> <span class='ocrx_word' id='word_1_553' title='bbox 3306 3188 3525 3243; x_wconf 88' lang='lat' dir='ltr'>certius</span> <span class='ocrx_word' id='word_1_554' title='bbox 3554 3204 3650 3242; x_wconf 91' lang='lat' dir='ltr'>co-</span> 
     </span>
    </p>
   </div>
   <div class='ocr_carea' id='block_1_81' title="bbox 2010 3276 3649 3350">
    <p class='ocr_par' dir='ltr' id='par_1_81' title="bbox 2010 3276 3649 3350">
     <span class='ocr_line' id='line_1_84' title="bbox 2010 3276 3649 3350; baseline -0.001 -20"><span class='ocrx_word' id='word_1_555' title='bbox 2010 3277 2277 3347; x_wconf 86' lang='lat' dir='ltr'>gnituros</span> <span class='ocrx_word' id='word_1_556' title='bbox 2325 3278 2395 3333; x_wconf 90' lang='lat' dir='ltr'>de</span> <span class='ocrx_word' id='word_1_557' title='bbox 2446 3295 2534 3333; x_wconf 91' lang='lat' dir='ltr'>eo.</span> <span class='ocrx_word' id='word_1_558' title='bbox 2581 3281 2693 3333; x_wconf 90' lang='lat' dir='ltr'>Nos</span> <span class='ocrx_word' id='word_1_559' title='bbox 2740 3296 2875 3334; x_wconf 91' lang='lat' dir='ltr'>vero</span> <span class='ocrx_word' id='word_1_560' title='bbox 2935 3278 3282 3350; x_wconf 86' lang='lat' dir='ltr'>priusquam</span> <span class='ocrx_word' id='word_1_561' title='bbox 3330 3276 3649 3348; x_wconf 76' lang='lat' dir='ltr'>appropin~</span> 
     </span>
    </p>
   </div>
   <div class='ocr_carea' id='block_1_82' title="bbox 2001 3367 3649 3438">
    <p class='ocr_par' dir='ltr' id='par_1_82' title="bbox 2001 3367 3649 3438">
     <span class='ocr_line' id='line_1_85' title="bbox 2001 3367 3649 3438; baseline 0.001 -19"><span class='ocrx_word' id='word_1_562' title='bbox 2001 3371 2163 3436; x_wconf 88' lang='lat' dir='ltr'>quet,</span> <span class='ocrx_word' id='word_1_563' title='bbox 2195 3367 2384 3438; x_wconf 90' lang='lat' dir='ltr'>parati</span> <span class='ocrx_word' id='word_1_564' title='bbox 2419 3384 2622 3423; x_wconf 89' lang='lat' dir='ltr'>sumus</span> <span class='ocrx_word' id='word_1_565' title='bbox 2652 3368 2989 3423; x_wconf 80' lang='lat' dir='ltr'>interficere</span> <span class='ocrx_word' id='word_1_566' title='bbox 3020 3367 3210 3422; x_wconf 92' lang='lat' dir='ltr'>illum.</span> <span class='ocrx_word' id='word_1_567' title='bbox 3244 3367 3509 3436; x_wconf 88' lang='lat' dir='ltr'>Cumque</span> <span class='ocrx_word' id='word_1_568' title='bbox 3541 3380 3649 3420; x_wconf 87' lang='lat' dir='ltr'>au-</span> 
     </span>
    </p>
   </div>
   <div class='ocr_carea' id='block_1_83' title="bbox 2001 3452 3642 3521">
    <p class='ocr_par' dir='ltr' id='par_1_83' title="bbox 2001 3452 3642 3521">
     <span class='ocr_line' id='line_1_86' title="bbox 2001 3452 3642 3521; baseline 0.001 -13"><span class='ocrx_word' id='word_1_569' title='bbox 2001 3452 2187 3510; x_wconf 90' lang='lat' dir='ltr'>disset</span> <span class='ocrx_word' id='word_1_570' title='bbox 2234 3456 2393 3512; x_wconf 85' lang='lat' dir='ltr'>ﬁlius</span> <span class='ocrx_word' id='word_1_571' title='bbox 2442 3458 2661 3512; x_wconf 88' lang='lat' dir='ltr'>sororis</span> <span class='ocrx_word' id='word_1_572' title='bbox 2710 3458 2876 3513; x_wconf 89' lang='lat' dir='ltr'>Pauli</span> <span class='ocrx_word' id='word_1_573' title='bbox 2928 3457 3199 3521; x_wconf 89' lang='lat' dir='ltr'>insidias,</span> <span class='ocrx_word' id='word_1_574' title='bbox 3253 3455 3415 3510; x_wconf 88' lang='lat' dir='ltr'>venit</span> <span class='ocrx_word' id='word_1_575' title='bbox 3464 3460 3521 3510; x_wconf 90' lang='lat' dir='ltr'>et</span> <span class='ocrx_word' id='word_1_576' title='bbox 3546 3454 3642 3509; x_wconf 91' lang='lat' dir='ltr'>in-</span> 
     </span>
    </p>
   </div>
   <div class='ocr_carea' id='block_1_84' title="bbox 2003 3544 3641 3617">
    <p class='ocr_par' dir='ltr' id='par_1_84' title="bbox 2003 3544 3641 3617">
     <span class='ocr_line' id='line_1_87' title="bbox 2003 3544 3641 3617; baseline 0.001 -20"><span class='ocrx_word' id='word_1_577' title='bbox 2003 3545 2176 3599; x_wconf 88' lang='lat' dir='ltr'>travit</span> <span class='ocrx_word' id='word_1_578' title='bbox 2244 3551 2458 3615; x_wconf 90' lang='lat' dir='ltr'>castra,</span> <span class='ocrx_word' id='word_1_579' title='bbox 2556 3547 2965 3617; x_wconf 88' lang='lat' dir='ltr'>nuntiavitque</span> <span class='ocrx_word' id='word_1_580' title='bbox 3044 3545 3247 3601; x_wconf 90' lang='lat' dir='ltr'>Paulo.</span> <span class='ocrx_word' id='word_1_581' title='bbox 3342 3544 3641 3599; x_wconf 81' lang='lat' dir='ltr'>Accersito</span> 
     </span>
    </p>
   </div>
   <div class='ocr_carea' id='block_1_85' title="bbox 2003 3632 3646 3692">
    <p class='ocr_par' dir='ltr' id='par_1_85' title="bbox 2003 3632 3646 3692">
     <span class='ocr_line' id='line_1_88' title="bbox 2003 3632 3646 3692; baseline 0 -5"><span class='ocrx_word' id='word_1_582' title='bbox 2003 3638 2201 3690; x_wconf 89' lang='lat' dir='ltr'>autem</span> <span class='ocrx_word' id='word_1_583' title='bbox 2258 3635 2473 3691; x_wconf 90' lang='lat' dir='ltr'>Paulus</span> <span class='ocrx_word' id='word_1_584' title='bbox 2518 3636 2591 3691; x_wconf 92' lang='lat' dir='ltr'>ad</span> <span class='ocrx_word' id='word_1_585' title='bbox 2622 3654 2683 3692; x_wconf 90' lang='lat' dir='ltr'>se</span> <span class='ocrx_word' id='word_1_586' title='bbox 2724 3652 2842 3692; x_wconf 90' lang='lat' dir='ltr'>uno</span> <span class='ocrx_word' id='word_1_587' title='bbox 2896 3652 2965 3691; x_wconf 84' lang='lat' dir='ltr'>ex</span> <span class='ocrx_word' id='word_1_588' title='bbox 3015 3634 3467 3691; x_wconf 89' lang='lat' dir='ltr'>centurionibus</span> <span class='ocrx_word' id='word_1_589' title='bbox 3525 3632 3646 3687; x_wconf 89' lang='lat' dir='ltr'>ait:</span> 
     </span>
    </p>
   </div>
   <div class='ocr_carea' id='block_1_86' title="bbox 2002 3722 3649 3793">
    <p class='ocr_par' dir='ltr' id='par_1_86' title="bbox 2002 3722 3649 3793">
     <span class='ocr_line' id='line_1_89' title="bbox 2002 3722 3649 3793; baseline -0.001 -16"><span class='ocrx_word' id='word_1_590' title='bbox 2002 3722 2449 3781; x_wconf 82' lang='lat' dir='ltr'>Adolescentem</span> <span class='ocrx_word' id='word_1_591' title='bbox 2519 3727 2677 3781; x_wconf 91' lang='lat' dir='ltr'>hunc</span> <span class='ocrx_word' id='word_1_592' title='bbox 2720 3725 2913 3781; x_wconf 90' lang='lat' dir='ltr'>abduc</span> <span class='ocrx_word' id='word_1_593' title='bbox 2961 3725 3035 3780; x_wconf 91' lang='lat' dir='ltr'>ad</span> <span class='ocrx_word' id='word_1_594' title='bbox 3089 3725 3416 3793; x_wconf 89' lang='lat' dir='ltr'>tribunum,</span> <span class='ocrx_word' id='word_1_595' title='bbox 3470 3723 3649 3778; x_wconf 91' lang='lat' dir='ltr'>habet</span> 
     </span>
    </p>
   </div>
   <div class='ocr_carea' id='block_1_87' title="bbox 2006 3812 3647 3884">
    <p class='ocr_par' dir='ltr' id='par_1_87' title="bbox 2006 3812 3647 3884">
     <span class='ocr_line' id='line_1_90' title="bbox 2006 3812 3647 3884; baseline 0 -19"><span class='ocrx_word' id='word_1_596' title='bbox 2006 3812 2165 3867; x_wconf 92' lang='lat' dir='ltr'>enim</span> <span class='ocrx_word' id='word_1_597' title='bbox 2193 3814 2351 3884; x_wconf 89' lang='lat' dir='ltr'>quod</span> <span class='ocrx_word' id='word_1_598' title='bbox 2381 3815 2810 3869; x_wconf 88' lang='lat' dir='ltr'>renuntietilli.</span> <span class='ocrx_word' id='word_1_599' title='bbox 2844 3814 3028 3867; x_wconf 86' lang='lat' dir='ltr'>Etille</span> <span class='ocrx_word' id='word_1_600' title='bbox 3060 3813 3301 3884; x_wconf 89' lang='lat' dir='ltr'>quidem</span> <span class='ocrx_word' id='word_1_601' title='bbox 3335 3827 3647 3868; x_wconf 89' lang='lat' dir='ltr'>assumens</span> 
     </span>
    </p>
   </div>
   <div class='ocr_carea' id='block_1_88' title="bbox 2006 3899 3649 3970">
    <p class='ocr_par' dir='ltr' id='par_1_88' title="bbox 2006 3899 3649 3970">
     <span class='ocr_line' id='line_1_91' title="bbox 2006 3899 3649 3970; baseline -0.002 -14"><span class='ocrx_word' id='word_1_602' title='bbox 2006 3918 2141 3956; x_wconf 92' lang='lat' dir='ltr'>eum</span> <span class='ocrx_word' id='word_1_603' title='bbox 2187 3903 2354 3958; x_wconf 86' lang='lat' dir='ltr'>duxit</span> <span class='ocrx_word' id='word_1_604' title='bbox 2402 3904 2476 3959; x_wconf 90' lang='lat' dir='ltr'>ad</span> <span class='ocrx_word' id='word_1_605' title='bbox 2535 3904 2859 3970; x_wconf 88' lang='lat' dir='ltr'>tribunum,</span> <span class='ocrx_word' id='word_1_606' title='bbox 2890 3909 2947 3957; x_wconf 92' lang='lat' dir='ltr'>et</span> <span class='ocrx_word' id='word_1_607' title='bbox 2992 3903 3106 3957; x_wconf 89' lang='lat' dir='ltr'>ait:</span> <span class='ocrx_word' id='word_1_608' title='bbox 3159 3903 3399 3957; x_wconf 85' lang='lat' dir='ltr'>Vinctus</span> <span class='ocrx_word' id='word_1_609' title='bbox 3430 3899 3649 3956; x_wconf 89' lang='lat' dir='ltr'>Paulus</span> 
     </span>
    </p>
   </div>
   <div class='ocr_carea' id='block_1_89' title="bbox 2004 3991 3651 4064">
    <p class='ocr_par' dir='ltr' id='par_1_89' title="bbox 2004 3991 3651 4064">
     <span class='ocr_line' id='line_1_92' title="bbox 2004 3991 3651 4064; baseline -0.002 -18"><span class='ocrx_word' id='word_1_610' title='bbox 2004 3992 2357 4046; x_wconf 89' lang='lat' dir='ltr'>accersitum</span> <span class='ocrx_word' id='word_1_611' title='bbox 2391 4009 2484 4047; x_wconf 91' lang='lat' dir='ltr'>me</span> <span class='ocrx_word' id='word_1_612' title='bbox 2513 3993 2755 4064; x_wconf 82' lang='lat' dir='ltr'>rogavit,</span> <span class='ocrx_word' id='word_1_613' title='bbox 2775 3998 2841 4046; x_wconf 90' lang='lat' dir='ltr'>ut</span> <span class='ocrx_word' id='word_1_614' title='bbox 2870 3993 3029 4046; x_wconf 91' lang='lat' dir='ltr'>hunc</span> <span class='ocrx_word' id='word_1_615' title='bbox 3047 3991 3487 4046; x_wconf 88' lang='lat' dir='ltr'>adolescentem</span> <span class='ocrx_word' id='word_1_616' title='bbox 3518 4004 3651 4060; x_wconf 88' lang='lat' dir='ltr'>per-</span> 
     </span>
    </p>
   </div>
   <div class='ocr_carea' id='block_1_90' title="bbox 2006 4079 3649 4151">
    <p class='ocr_par' dir='ltr' id='par_1_90' title="bbox 2006 4079 3649 4151">
     <span class='ocr_line' id='line_1_93' title="bbox 2006 4079 3649 4151; baseline -0.002 -16"><span class='ocrx_word' id='word_1_617' title='bbox 2006 4079 2285 4135; x_wconf 90' lang='lat' dir='ltr'>ducerem</span> <span class='ocrx_word' id='word_1_618' title='bbox 2315 4081 2389 4136; x_wconf 90' lang='lat' dir='ltr'>ad</span> <span class='ocrx_word' id='word_1_619' title='bbox 2423 4085 2476 4135; x_wconf 85' lang='lat' dir='ltr'>te</span> <span class='ocrx_word' id='word_1_620' title='bbox 2507 4081 2825 4135; x_wconf 90' lang='lat' dir='ltr'>habentem</span> <span class='ocrx_word' id='word_1_621' title='bbox 2874 4080 3104 4150; x_wconf 90' lang='lat' dir='ltr'>aliquid</span> <span class='ocrx_word' id='word_1_622' title='bbox 3158 4080 3315 4151; x_wconf 92' lang='lat' dir='ltr'>quod</span> <span class='ocrx_word' id='word_1_623' title='bbox 3369 4080 3649 4151; x_wconf 86' lang='lat' dir='ltr'>loquatur</span> 
     </span>
    </p>
   </div>
   <div class='ocr_carea' id='block_1_91' title="bbox 2008 4169 3650 4241">
    <p class='ocr_par' dir='ltr' id='par_1_91' title="bbox 2008 4169 3650 4241">
     <span class='ocr_line' id='line_1_94' title="bbox 2008 4169 3650 4241; baseline 0 -18"><span class='ocrx_word' id='word_1_624' title='bbox 2008 4170 2132 4224; x_wconf 91' lang='lat' dir='ltr'>tibi.</span> <span class='ocrx_word' id='word_1_625' title='bbox 2202 4170 2586 4241; x_wconf 88' lang='lat' dir='ltr'>Apprehensa</span> <span class='ocrx_word' id='word_1_626' title='bbox 2619 4176 2816 4225; x_wconf 88' lang='lat' dir='ltr'>autem</span> <span class='ocrx_word' id='word_1_627' title='bbox 2885 4170 3159 4226; x_wconf 90' lang='lat' dir='ltr'>tribunus</span> <span class='ocrx_word' id='word_1_628' title='bbox 3220 4186 3400 4226; x_wconf 90' lang='lat' dir='ltr'>manu</span> <span class='ocrx_word' id='word_1_629' title='bbox 3464 4169 3650 4236; x_wconf 88' lang='lat' dir='ltr'>illius,</span> 
     </span>
    </p>
   </div>
   <div class='ocr_carea' id='block_1_92' title="bbox 2007 4257 3649 4330">
    <p class='ocr_par' dir='ltr' id='par_1_92' title="bbox 2007 4257 3649 4330">
     <span class='ocr_line' id='line_1_95' title="bbox 2007 4257 3649 4330; baseline -0.002 -17"><span class='ocrx_word' id='word_1_630' title='bbox 2007 4258 2252 4314; x_wconf 87' lang='lat' dir='ltr'>secessit</span> <span class='ocrx_word' id='word_1_631' title='bbox 2278 4276 2413 4314; x_wconf 90' lang='lat' dir='ltr'>cum</span> <span class='ocrx_word' id='word_1_632' title='bbox 2445 4276 2511 4314; x_wconf 89' lang='lat' dir='ltr'>eo</span> <span class='ocrx_word' id='word_1_633' title='bbox 2545 4260 2794 4314; x_wconf 88' lang='lat' dir='ltr'>seorsim</span> <span class='ocrx_word' id='word_1_634' title='bbox 2826 4264 2885 4314; x_wconf 91' lang='lat' dir='ltr'>et</span> <span class='ocrx_word' id='word_1_635' title='bbox 2912 4263 3292 4330; x_wconf 81' lang='lat' dir='ltr'>percontatus</span> <span class='ocrx_word' id='word_1_636' title='bbox 3322 4263 3412 4312; x_wconf 89' lang='lat' dir='ltr'>est</span> <span class='ocrx_word' id='word_1_637' title='bbox 3439 4257 3649 4311; x_wconf 89' lang='lat' dir='ltr'>illum:</span> 
     </span>
    </p>
   </div>
   <div class='ocr_carea' id='block_1_93' title="bbox 2007 4343 3648 4419">
    <p class='ocr_par' dir='ltr' id='par_1_93' title="bbox 2007 4343 3648 4419">
     <span class='ocr_line' id='line_1_96' title="bbox 2007 4343 3648 4419; baseline -0.002 -18"><span class='ocrx_word' id='word_1_638' title='bbox 2007 4347 2155 4412; x_wconf 86' lang='lat' dir='ltr'>Quid</span> <span class='ocrx_word' id='word_1_639' title='bbox 2185 4353 2275 4402; x_wconf 91' lang='lat' dir='ltr'>est</span> <span class='ocrx_word' id='word_1_640' title='bbox 2302 4347 2460 4418; x_wconf 92' lang='lat' dir='ltr'>quod</span> <span class='ocrx_word' id='word_1_641' title='bbox 2490 4347 2671 4403; x_wconf 89' lang='lat' dir='ltr'>habes</span> <span class='ocrx_word' id='word_1_642' title='bbox 2703 4346 3159 4419; x_wconf 83' lang='lat' dir='ltr'>signiﬁcandum</span> <span class='ocrx_word' id='word_1_643' title='bbox 3190 4346 3337 4401; x_wconf 90' lang='lat' dir='ltr'>mihi</span> <span class='ocrx_word' id='word_1_644' title='bbox 3381 4345 3408 4400; x_wconf 78' lang='lat' dir='ltr'><strong><em>‘I</em></strong></span> <span class='ocrx_word' id='word_1_645' title='bbox 3440 4347 3513 4399; x_wconf 84' lang='lat' dir='ltr'>At</span> <span class='ocrx_word' id='word_1_646' title='bbox 3545 4343 3648 4398; x_wconf 90' lang='lat' dir='ltr'>ille</span> 
     </span>
    </p>
   </div>
   <div class='ocr_carea' id='block_1_94' title="bbox 2009 4435 3645 4508">
    <p class='ocr_par' dir='ltr' id='par_1_94' title="bbox 2009 4435 3645 4508">
     <span class='ocr_line' id='line_1_97' title="bbox 2009 4435 3645 4508; baseline 0 -19"><span class='ocrx_word' id='word_1_647' title='bbox 2009 4435 2192 4503; x_wconf 85' lang='lat' dir='ltr'>dixit;</span> <span class='ocrx_word' id='word_1_648' title='bbox 2227 4438 2374 4492; x_wconf 76' lang='grc'>167</span> <span class='ocrx_word' id='word_1_649' title='bbox 2409 4438 2593 4492; x_wconf 71' lang='lat' dir='ltr'>Judaei</span> <span class='ocrx_word' id='word_1_650' title='bbox 2633 4438 3072 4493; x_wconf 82' lang='lat' dir='ltr'>constituerunt</span> <span class='ocrx_word' id='word_1_651' title='bbox 3121 4437 3205 4491; x_wconf 92' lang='lat' dir='ltr'>uti</span> <span class='ocrx_word' id='word_1_652' title='bbox 3256 4438 3533 4508; x_wconf 88' lang='lat' dir='ltr'>rogarent</span> <span class='ocrx_word' id='word_1_653' title='bbox 3564 4439 3645 4501; x_wconf 85' lang='lat' dir='ltr'>te,</span> 
     </span>
    </p>
   </div>
   <div class='ocr_carea' id='block_1_95' title="bbox 2009 4525 3645 4594">
    <p class='ocr_par' dir='ltr' id='par_1_95' title="bbox 2009 4525 3645 4594">
     <span class='ocr_line' id='line_1_98' title="bbox 2009 4525 3645 4594; baseline 0.001 -16"><span class='ocrx_word' id='word_1_654' title='bbox 2009 4529 2075 4579; x_wconf 91' lang='lat' dir='ltr'>ut</span> <span class='ocrx_word' id='word_1_655' title='bbox 2140 4528 2397 4583; x_wconf 89' lang='lat' dir='ltr'>crastino</span> <span class='ocrx_word' id='word_1_656' title='bbox 2464 4528 2559 4583; x_wconf 92' lang='lat' dir='ltr'>die</span> <span class='ocrx_word' id='word_1_657' title='bbox 2609 4529 2824 4584; x_wconf 89' lang='lat' dir='ltr'>educas</span> <span class='ocrx_word' id='word_1_658' title='bbox 2894 4528 3138 4582; x_wconf 89' lang='lat' dir='ltr'>Paulum</span> <span class='ocrx_word' id='word_1_659' title='bbox 3194 4528 3253 4580; x_wconf 92' lang='lat' dir='ltr'>in</span> <span class='ocrx_word' id='word_1_660' title='bbox 3301 4525 3645 4594; x_wconf 89' lang='lat' dir='ltr'>concilium,</span> 
     </span>
    </p>
   </div>
   <div class='ocr_carea' id='block_1_96' title="bbox 229 4601 1898 4688">
    <p class='ocr_par' dir='ltr' id='par_1_96' title="bbox 229 4609 1896 4686">
     <span class='ocr_line' id='line_1_99' title="bbox 229 4609 1896 4686; baseline -0.002 -19"><span class='ocrx_word' id='word_1_661' title='bbox 229 4613 317 4667; x_wconf 73' lang='grc' dir='ltr'>σαί</span> <span class='ocrx_word' id='word_1_662' title='bbox 371 4634 452 4683; x_wconf 86' lang='grc' dir='ltr'>σε,</span> <span class='ocrx_word' id='word_1_663' title='bbox 516 4613 669 4673; x_wconf 80' lang='grc' dir='ltr'><strong>’ὁπως</strong></span> <span class='ocrx_word' id='word_1_664' title='bbox 731 4609 915 4686; x_wconf 63' lang='grc' dir='ltr'><strong>αὔριον</strong></span> <span class='ocrx_word' id='word_1_665' title='bbox 974 4612 1048 4673; x_wconf 86' lang='grc' dir='ltr'><strong>εἷς</strong></span> <span class='ocrx_word' id='word_1_666' title='bbox 1110 4611 1172 4665; x_wconf 87' lang='grc' dir='ltr'><strong>τὸ</strong></span> <span class='ocrx_word' id='word_1_667' title='bbox 1232 4609 1506 4686; x_wconf 74' lang='grc' dir='ltr'><strong>συνέδριον</strong></span> <span class='ocrx_word' id='word_1_668' title='bbox 1590 4611 1896 4686; x_wconf 77' lang='grc' dir='ltr'><strong>καταγάγῃς</strong></span> 
     </span>
    </p>
   </div>
   <div class='ocr_carea' id='block_1_97' title="bbox 2014 4601 3646 4688">
    <p class='ocr_par' dir='ltr' id='par_1_97' title="bbox 2014 4614 3646 4688">
     <span class='ocr_line' id='line_1_100' title="bbox 2014 4614 3646 4688; baseline 0.001 -20"><span class='ocrx_word' id='word_1_669' title='bbox 2014 4616 2173 4685; x_wconf 80' lang='lat' dir='ltr'>quasi</span> <span class='ocrx_word' id='word_1_670' title='bbox 2208 4617 2434 4688; x_wconf 90' lang='lat' dir='ltr'>aliquid</span> <span class='ocrx_word' id='word_1_671' title='bbox 2484 4619 2703 4672; x_wconf 90' lang='lat' dir='ltr'>certius</span> <span class='ocrx_word' id='word_1_672' title='bbox 2752 4617 3097 4688; x_wconf 88' lang='lat' dir='ltr'>inquisituri</span> <span class='ocrx_word' id='word_1_673' title='bbox 3152 4616 3273 4671; x_wconf 89' lang='lat' dir='ltr'>sint</span> <span class='ocrx_word' id='word_1_674' title='bbox 3298 4616 3371 4670; x_wconf 93' lang='lat' dir='ltr'>de</span> <span class='ocrx_word' id='word_1_675' title='bbox 3404 4614 3528 4669; x_wconf 92' lang='lat' dir='ltr'>illo.</span> <span class='ocrx_word' id='word_1_676' title='bbox 3562 4615 3646 4669; x_wconf 94' lang='lat' dir='ltr'>Tu</span> 
     </span>
    </p>
   </div>
   <div class='ocr_carea' id='block_1_98' title="bbox 224 4696 1893 4776">
    <p class='ocr_par' dir='ltr' id='par_1_98' title="bbox 224 4696 1893 4776">
     <span class='ocr_line' id='line_1_101' title="bbox 224 4696 1893 4776; baseline -0.001 -21"><span class='ocrx_word' id='word_1_677' title='bbox 224 4703 323 4755; x_wconf 81' lang='grc' dir='ltr'><strong>τὸν</strong></span> <span class='ocrx_word' id='word_1_678' title='bbox 385 4701 635 4771; x_wconf 76' lang='grc' dir='ltr'><strong>Παῦλον,</strong></span> <span class='ocrx_word' id='word_1_679' title='bbox 696 4702 769 4763; x_wconf 82' lang='grc' dir='ltr'>ὡς</span> <span class='ocrx_word' id='word_1_680' title='bbox 832 4698 1125 4774; x_wconf 73' lang='grc' dir='ltr'><strong>μὲλλοντὲς</strong></span> <span class='ocrx_word' id='word_1_681' title='bbox 1203 4723 1254 4756; x_wconf 93' lang='grc' dir='ltr'>τι</span> <span class='ocrx_word' id='word_1_682' title='bbox 1338 4696 1713 4776; x_wconf 76' lang='grc' dir='ltr'><strong>ἀκριϐέστερον</strong></span> <span class='ocrx_word' id='word_1_683' title='bbox 1770 4720 1893 4754; x_wconf 66' lang='grc' dir='ltr'><strong>πυν*</strong></span> 
     </span>
    </p>
   </div>
   <div class='ocr_carea' id='block_1_99' title="bbox 240 4789 1893 4865">
    <p class='ocr_par' dir='ltr' id='par_1_99' title="bbox 240 4789 1893 4865">
     <span class='ocr_line' id='line_1_102' title="bbox 240 4789 1893 4865; baseline -0.002 -20"><span class='ocrx_word' id='word_1_684' title='bbox 240 4792 508 4853; x_wconf 74' lang='grc' dir='ltr'><strong>θάησθαι</strong></span> <span class='ocrx_word' id='word_1_685' title='bbox 552 4790 675 4865; x_wconf 81' lang='grc' dir='ltr'><strong>περὶ</strong></span> <span class='ocrx_word' id='word_1_686' title='bbox 737 4791 922 4845; x_wconf 78' lang='grc' dir='ltr'><strong>αὐτοῦ.</strong></span> <span class='ocrx_word' id='word_1_687' title='bbox 979 4789 1056 4844; x_wconf 72' lang='grc' dir='ltr'>Σὺ</span> <span class='ocrx_word' id='word_1_688' title='bbox 1120 4790 1209 4844; x_wconf 82' lang='grc' dir='ltr'><strong>οὗν</strong></span> <span class='ocrx_word' id='word_1_689' title='bbox 1269 4791 1343 4864; x_wconf 84' lang='grc' dir='ltr'><strong>μὴ</strong></span> <span class='ocrx_word' id='word_1_690' title='bbox 1401 4791 1628 4863; x_wconf 79' lang='grc' dir='ltr'><strong>πεισθῇς</strong></span> <span class='ocrx_word' id='word_1_691' title='bbox 1686 4789 1893 4853; x_wconf 68' lang='grc' dir='ltr'><strong>αὐτοῖς,</strong></span> 
     </span>
    </p>
   </div>
   <div class='ocr_carea' id='block_1_100' title="bbox 235 4877 1899 4956">
    <p class='ocr_par' dir='ltr' id='par_1_100' title="bbox 235 4877 1899 4956">
     <span class='ocr_line' id='line_1_103' title="bbox 235 4877 1899 4956; baseline -0.001 -20"><span class='ocrx_word' id='word_1_692' title='bbox 235 4879 627 4956; x_wconf 75' lang='grc' dir='ltr'><strong>Ἐνεδρεύουσι</strong></span> <span class='ocrx_word' id='word_1_693' title='bbox 694 4880 801 4956; x_wconf 79' lang='grc' dir='ltr'><strong>γὰρ</strong></span> <span class='ocrx_word' id='word_1_694' title='bbox 857 4881 1018 4935; x_wconf 80' lang='grc' dir='ltr'><strong>αὐτὸν</strong></span> <span class='ocrx_word' id='word_1_695' title='bbox 1078 4877 1129 4949; x_wconf 82' lang='grc' dir='ltr'>ἐξ</span> <span class='ocrx_word' id='word_1_696' title='bbox 1194 4880 1375 4934; x_wconf 79' lang='grc' dir='ltr'><strong>αὐτῶν</strong></span> <span class='ocrx_word' id='word_1_697' title='bbox 1432 4877 1617 4954; x_wconf 80' lang='grc' dir='ltr'><strong>ἄνδρες</strong></span> <span class='ocrx_word' id='word_1_698' title='bbox 1674 4878 1899 4934; x_wconf 82' lang='grc' dir='ltr'><strong>πλείους</strong></span> 
     </span>
    </p>
   </div>
   <div class='ocr_carea' id='block_1_101' title="bbox 236 4968 1894 5046">
    <p class='ocr_par' dir='ltr' id='par_1_101' title="bbox 236 4968 1894 5046">
     <span class='ocr_line' id='line_1_104' title="bbox 236 4968 1894 5046; baseline 0.001 -25"><span class='ocrx_word' id='word_1_699' title='bbox 236 4972 660 5046; x_wconf 63' lang='grc' dir='ltr'><strong>τεσσαράκοντα,</strong></span> <span class='ocrx_word' id='word_1_700' title='bbox 732 4968 925 5032; x_wconf 67' lang='grc' dir='ltr'><strong>οἵτινες</strong></span> <span class='ocrx_word' id='word_1_701' title='bbox 1002 4968 1387 5041; x_wconf 75' lang='grc' dir='ltr'><strong>ἀνεθεμάτισαν</strong></span> <span class='ocrx_word' id='word_1_702' title='bbox 1452 4968 1673 5030; x_wconf 69' lang='grc' dir='ltr'><strong>ἑαυτοὺς</strong></span> <span class='ocrx_word' id='word_1_703' title='bbox 1757 4970 1894 5040; x_wconf 71' lang='grc' dir='ltr'><strong>μήτε</strong></span> 
     </span>
    </p>
   </div>
   <div class='ocr_carea' id='block_1_102' title="bbox 238 5055 1890 5138">
    <p class='ocr_par' dir='ltr' id='par_1_102' title="bbox 238 5055 1890 5138">
     <span class='ocr_line' id='line_1_105' title="bbox 238 5055 1890 5138; baseline -0.001 -25"><span class='ocrx_word' id='word_1_704' title='bbox 238 5067 423 5138; x_wconf 64' lang='grc' dir='ltr'><strong>οαγεῖν</strong></span> <span class='ocrx_word' id='word_1_705' title='bbox 487 5062 630 5132; x_wconf 71' lang='grc' dir='ltr'><strong>μήτε</strong></span> <span class='ocrx_word' id='word_1_706' title='bbox 705 5065 846 5114; x_wconf 85' lang='grc' dir='ltr'><strong>πιεῖν</strong></span> <span class='ocrx_word' id='word_1_707' title='bbox 920 5055 1020 5121; x_wconf 76' lang='grc' dir='ltr'><strong>ἕως</strong></span> <span class='ocrx_word' id='word_1_708' title='bbox 1098 5059 1160 5113; x_wconf 82' lang='grc' dir='ltr'><strong>οὗ</strong></span> <span class='ocrx_word' id='word_1_709' title='bbox 1240 5058 1501 5113; x_wconf 79' lang='grc' dir='ltr'><strong>ἀνέλωσιν</strong></span> <span class='ocrx_word' id='word_1_710' title='bbox 1562 5058 1743 5113; x_wconf 80' lang='grc' dir='ltr'><strong>αὐτόν·</strong></span> <span class='ocrx_word' id='word_1_711' title='bbox 1804 5060 1890 5112; x_wconf 80' lang='grc' dir='ltr'><strong>καὶ</strong></span> 
     </span>
    </p>
   </div>
   <div class='ocr_carea' id='block_1_103' title="bbox 225 5146 1891 5223">
    <p class='ocr_par' dir='ltr' id='par_1_103' title="bbox 225 5146 1891 5223">
     <span class='ocr_line' id='line_1_106' title="bbox 225 5146 1891 5223; baseline -0.001 -20"><span class='ocrx_word' id='word_1_712' title='bbox 225 5155 319 5205; x_wconf 64' lang='grc' dir='ltr'><strong>νῦν</strong></span> <span class='ocrx_word' id='word_1_713' title='bbox 346 5149 567 5221; x_wconf 72' lang='grc' dir='ltr'><strong>ἕτοιμοί</strong></span> <span class='ocrx_word' id='word_1_714' title='bbox 620 5149 721 5204; x_wconf 75' lang='grc' dir='ltr'><strong>εἰσι</strong></span> <span class='ocrx_word' id='word_1_715' title='bbox 784 5146 1217 5223; x_wconf 78' lang='grc' dir='ltr'><strong>προσδεχόμενοι</strong></span> <span class='ocrx_word' id='word_1_716' title='bbox 1268 5150 1367 5216; x_wconf 73' lang='grc' dir='ltr'><strong>τήν</strong></span> <span class='ocrx_word' id='word_1_717' title='bbox 1424 5149 1529 5202; x_wconf 84' lang='grc' dir='ltr'><strong>ἀπὸ</strong></span> <span class='ocrx_word' id='word_1_718' title='bbox 1577 5152 1672 5202; x_wconf 77' lang='grc' dir='ltr'><strong>σοῦ</strong></span> <span class='ocrx_word' id='word_1_719' title='bbox 1729 5146 1891 5222; x_wconf 81' lang='grc' dir='ltr'><strong>ἔπαγ-</strong></span> 
     </span>
    </p>
   </div>
   <div class='ocr_carea' id='block_1_104' title="bbox 224 5237 1891 5313">
    <p class='ocr_par' dir='ltr' id='par_1_104' title="bbox 224 5237 1891 5313">
     <span class='ocr_line' id='line_1_107' title="bbox 224 5237 1891 5313; baseline 0 -21"><span class='ocrx_word' id='word_1_720' title='bbox 224 5238 525 5313; x_wconf 78' lang='grc' dir='ltr'><strong>τελίαν.’0</strong></span> <span class='ocrx_word' id='word_1_721' title='bbox 578 5241 675 5311; x_wconf 77' lang='grc' dir='ltr'><strong>μὶν</strong></span> <span class='ocrx_word' id='word_1_722' title='bbox 712 5241 807 5294; x_wconf 68' lang='grc' dir='ltr'><strong>οὖν</strong></span> <span class='ocrx_word' id='word_1_723' title='bbox 858 5237 1159 5313; x_wconf 82' lang='grc' dir='ltr'><strong>χιλίαρχος</strong></span> <span class='ocrx_word' id='word_1_724' title='bbox 1227 5237 1461 5293; x_wconf 68' lang='grc' dir='ltr'><strong>ἀπέλυσε</strong></span> <span class='ocrx_word' id='word_1_725' title='bbox 1518 5239 1608 5292; x_wconf 87' lang='grc' dir='ltr'><strong>τὸν</strong></span> <span class='ocrx_word' id='word_1_726' title='bbox 1661 5239 1891 5307; x_wconf 77' lang='grc' dir='ltr'><strong>νεανίαν,</strong></span> 
     </span>
    </p>
   </div>
   <div class='ocr_carea' id='block_1_105' title="bbox 234 5325 1895 5405">
    <p class='ocr_par' dir='ltr' id='par_1_105' title="bbox 234 5325 1895 5405">
     <span class='ocr_line' id='line_1_108' title="bbox 234 5325 1895 5405; baseline 0 -24"><span class='ocrx_word' id='word_1_727' title='bbox 234 5328 609 5405; x_wconf 72' lang='grc' dir='ltr'><strong>παραγγείλας</strong></span> <span class='ocrx_word' id='word_1_728' title='bbox 671 5325 871 5401; x_wconf 84' lang='grc' dir='ltr'><strong>μηδενὶ</strong></span> <span class='ocrx_word' id='word_1_729' title='bbox 932 5325 1257 5395; x_wconf 77' lang='grc' dir='ltr'><strong>ἐκλαλῆσαι,</strong></span> <span class='ocrx_word' id='word_1_730' title='bbox 1321 5326 1404 5381; x_wconf 77' lang='grc' dir='ltr'><strong>ὅτι</strong></span> <span class='ocrx_word' id='word_1_731' title='bbox 1487 5331 1650 5380; x_wconf 80' lang='grc' dir='ltr'><strong>ταῦτα</strong></span> <span class='ocrx_word' id='word_1_732' title='bbox 1708 5325 1895 5401; x_wconf 74' lang='grc' dir='ltr'><strong>ἐνεφά-</strong></span> 
     </span>
    </p>
   </div>
   <div class='ocr_carea' id='block_1_106' title="bbox 234 5413 1891 5494">
    <p class='ocr_par' dir='ltr' id='par_1_106' title="bbox 234 5413 1891 5494">
     <span class='ocr_line' id='line_1_109' title="bbox 234 5413 1891 5494; baseline 0 -25"><span class='ocrx_word' id='word_1_733' title='bbox 234 5440 380 5482; x_wconf 74' lang='grc' dir='ltr'><strong>νισας</strong></span> <span class='ocrx_word' id='word_1_734' title='bbox 441 5420 584 5494; x_wconf 77' lang='grc' dir='ltr'><strong>πρός</strong></span> <span class='ocrx_word' id='word_1_735' title='bbox 643 5439 731 5493; x_wconf 87' lang='grc' dir='ltr'>με,</span> <span class='ocrx_word' id='word_1_736' title='bbox 824 5415 922 5471; x_wconf 81' lang='grc' dir='ltr'>Καὶ</span> <span class='ocrx_word' id='word_1_737' title='bbox 1008 5414 1524 5490; x_wconf 83' lang='grc' dir='ltr'><strong>προσκαλεσάμενος</strong></span> <span class='ocrx_word' id='word_1_738' title='bbox 1593 5413 1687 5470; x_wconf 82' lang='grc' dir='ltr'>δύο</span> <span class='ocrx_word' id='word_1_739' title='bbox 1742 5416 1891 5478; x_wconf 74' lang='grc' dir='ltr'><strong>τινας</strong></span> 
     </span>
    </p>
   </div>
   <div class='ocr_carea' id='block_1_107' title="bbox 230 5506 1893 5584">
    <p class='ocr_par' dir='ltr' id='par_1_107' title="bbox 230 5506 1893 5584">
     <span class='ocr_line' id='line_1_110' title="bbox 230 5506 1893 5584; baseline -0.002 -22"><span class='ocrx_word' id='word_1_740' title='bbox 230 5512 339 5564; x_wconf 77' lang='grc' dir='ltr'><strong>τῶν</strong></span> <span class='ocrx_word' id='word_1_741' title='bbox 402 5510 859 5584; x_wconf 74' lang='grc' dir='ltr'><strong>ἑκατοντάρχων,</strong></span> <span class='ocrx_word' id='word_1_742' title='bbox 913 5506 1079 5560; x_wconf 74' lang='grc' dir='ltr'><strong>εἶπεν·</strong></span> <span class='ocrx_word' id='word_1_743' title='bbox 1146 5506 1504 5578; x_wconf 77' lang='grc' dir='ltr'><strong>Ἑτοιμάσατε</strong></span> <span class='ocrx_word' id='word_1_744' title='bbox 1561 5506 1893 5579; x_wconf 82' lang='grc' dir='ltr'><strong>στρατιώτας</strong></span> 
     </span>
    </p>
   </div>
   <div class='ocr_carea' id='block_1_108' title="bbox 236 5592 1893 5670">
    <p class='ocr_par' dir='ltr' id='par_1_108' title="bbox 236 5592 1893 5670">
     <span class='ocr_line' id='line_1_111' title="bbox 236 5592 1893 5670; baseline -0.002 -20"><span class='ocrx_word' id='word_1_745' title='bbox 236 5594 577 5670; x_wconf 75' lang='grc' dir='ltr'><strong>διακοσίους,</strong></span> <span class='ocrx_word' id='word_1_746' title='bbox 634 5597 792 5657; x_wconf 73' lang='grc' dir='ltr'><strong>ὅπως</strong></span> <span class='ocrx_word' id='word_1_747' title='bbox 863 5596 1199 5668; x_wconf 80' lang='grc' dir='ltr'><strong>πορευθῶσιν</strong></span> <span class='ocrx_word' id='word_1_748' title='bbox 1257 5592 1360 5655; x_wconf 82' lang='grc' dir='ltr'><strong>ἓως</strong></span> <span class='ocrx_word' id='word_1_749' title='bbox 1420 5594 1758 5669; x_wconf 86' lang='grc' dir='ltr'><strong>Καισαρείας,</strong></span> <span class='ocrx_word' id='word_1_750' title='bbox 1802 5593 1893 5649; x_wconf 85' lang='grc' dir='ltr'><strong>καὶ</strong></span> 
     </span>
    </p>
   </div>
   <div class='ocr_carea' id='block_1_109' title="bbox 232 5677 1893 5764">
    <p class='ocr_par' dir='ltr' id='par_1_109' title="bbox 232 5677 1893 5764">
     <span class='ocr_line' id='line_1_112' title="bbox 232 5677 1893 5764; baseline -0.002 -25"><span class='ocrx_word' id='word_1_751' title='bbox 232 5688 420 5751; x_wconf 68' lang='grc' dir='ltr'><strong>ἱππεῖς</strong></span> <span class='ocrx_word' id='word_1_752' title='bbox 481 5685 898 5764; x_wconf 70' lang='grc' dir='ltr'><strong>ἑϐδομήκοντα,</strong></span> <span class='ocrx_word' id='word_1_753' title='bbox 960 5683 1048 5737; x_wconf 77' lang='grc' dir='ltr'>καὶ</span> <span class='ocrx_word' id='word_1_754' title='bbox 1139 5677 1487 5750; x_wconf 72' lang='grc' dir='ltr'><strong>δεξιολάϐους</strong></span> <span class='ocrx_word' id='word_1_755' title='bbox 1564 5681 1893 5755; x_wconf 87' lang='grc' dir='ltr'><strong>διακοσίους,</strong></span> 
     </span>
    </p>
   </div>
   <div class='ocr_carea' id='block_1_110' title="bbox 2009 4704 3649 4777">
    <p class='ocr_par' dir='ltr' id='par_1_110' title="bbox 2009 4704 3649 4777">
     <span class='ocr_line' id='line_1_113' title="bbox 2009 4704 3649 4777; baseline 0.001 -21"><span class='ocrx_word' id='word_1_756' title='bbox 2009 4720 2142 4759; x_wconf 90' lang='lat' dir='ltr'>vero</span> <span class='ocrx_word' id='word_1_757' title='bbox 2208 4723 2282 4761; x_wconf 92' lang='lat' dir='ltr'>ne</span> <span class='ocrx_word' id='word_1_758' title='bbox 2351 4707 2765 4777; x_wconf 89' lang='lat' dir='ltr'>persuadearis</span> <span class='ocrx_word' id='word_1_759' title='bbox 2805 4706 2875 4761; x_wconf 93' lang='lat' dir='ltr'>ab</span> <span class='ocrx_word' id='word_1_760' title='bbox 2928 4707 3032 4760; x_wconf 90' lang='lat' dir='ltr'>eis.</span> <span class='ocrx_word' id='word_1_761' title='bbox 3084 4705 3449 4760; x_wconf 88' lang='lat' dir='ltr'>Insidiantur</span> <span class='ocrx_word' id='word_1_762' title='bbox 3487 4704 3649 4759; x_wconf 89' lang='lat' dir='ltr'>enim</span> 
     </span>
    </p>
   </div>
   <div class='ocr_carea' id='block_1_111' title="bbox 2008 4793 3645 4866">
    <p class='ocr_par' dir='ltr' id='par_1_111' title="bbox 2008 4793 3645 4866">
     <span class='ocr_line' id='line_1_114' title="bbox 2008 4793 3645 4866; baseline 0.003 -21"><span class='ocrx_word' id='word_1_763' title='bbox 2008 4793 2095 4847; x_wconf 91' lang='lat' dir='ltr'>illi</span> <span class='ocrx_word' id='word_1_764' title='bbox 2139 4810 2206 4849; x_wconf 83' lang='lat' dir='ltr'>ex</span> <span class='ocrx_word' id='word_1_765' title='bbox 2256 4796 2341 4850; x_wconf 87' lang='lat' dir='ltr'>eis</span> <span class='ocrx_word' id='word_1_766' title='bbox 2386 4796 2491 4849; x_wconf 88' lang='lat' dir='ltr'>viri</span> <span class='ocrx_word' id='word_1_767' title='bbox 2544 4795 2744 4866; x_wconf 87' lang='lat' dir='ltr'>plures</span> <span class='ocrx_word' id='word_1_768' title='bbox 2794 4793 3205 4866; x_wconf 86' lang='lat' dir='ltr'>quadraginta,</span> <span class='ocrx_word' id='word_1_769' title='bbox 3263 4794 3363 4866; x_wconf 91' lang='lat' dir='ltr'>qui</span> <span class='ocrx_word' id='word_1_770' title='bbox 3420 4795 3645 4865; x_wconf 89' lang='lat' dir='ltr'>seipsos</span> 
     </span>
    </p>
   </div>
   <div class='ocr_carea' id='block_1_112' title="bbox 2007 4879 3647 4950">
    <p class='ocr_par' dir='ltr' id='par_1_112' title="bbox 2007 4879 3647 4950">
     <span class='ocr_line' id='line_1_115' title="bbox 2007 4879 3647 4950; baseline 0.003 -16"><span class='ocrx_word' id='word_1_771' title='bbox 2007 4879 2362 4936; x_wconf 88' lang='lat' dir='ltr'>devoveruut</span> <span class='ocrx_word' id='word_1_772' title='bbox 2408 4899 2482 4937; x_wconf 89' lang='lat' dir='ltr'>ne</span> <span class='ocrx_word' id='word_1_773' title='bbox 2531 4884 2619 4938; x_wconf 90' lang='lat' dir='ltr'>vel</span> <span class='ocrx_word' id='word_1_774' title='bbox 2669 4884 2866 4950; x_wconf 88' lang='lat' dir='ltr'>edant,</span> <span class='ocrx_word' id='word_1_775' title='bbox 2916 4884 3000 4938; x_wconf 87' lang='lat' dir='ltr'>vel</span> <span class='ocrx_word' id='word_1_776' title='bbox 3052 4884 3259 4939; x_wconf 89' lang='lat' dir='ltr'>bibant</span> <span class='ocrx_word' id='word_1_777' title='bbox 3316 4883 3503 4939; x_wconf 90' lang='lat' dir='ltr'>donec</span> <span class='ocrx_word' id='word_1_778' title='bbox 3553 4884 3647 4939; x_wconf 85' lang='lat' dir='ltr'>in-</span> 
     </span>
    </p>
   </div>
   <div class='ocr_carea' id='block_1_113' title="bbox 2006 4972 3638 5045">
    <p class='ocr_par' dir='ltr' id='par_1_113' title="bbox 2006 4972 3638 5045">
     <span class='ocr_line' id='line_1_116' title="bbox 2006 4972 3638 5045; baseline 0.001 -20"><span class='ocrx_word' id='word_1_779' title='bbox 2006 4972 2305 5026; x_wconf 81' lang='lat' dir='ltr'>terﬁciant</span> <span class='ocrx_word' id='word_1_780' title='bbox 2364 4973 2554 5027; x_wconf 75' lang='lat' dir='ltr'>illunt:</span> <span class='ocrx_word' id='word_1_781' title='bbox 2626 4979 2683 5028; x_wconf 91' lang='lat' dir='ltr'>et</span> <span class='ocrx_word' id='word_1_782' title='bbox 2738 4990 2896 5028; x_wconf 90' lang='lat' dir='ltr'>nunc</span> <span class='ocrx_word' id='word_1_783' title='bbox 2961 4975 3154 5045; x_wconf 86' lang='lat' dir='ltr'>parati</span> <span class='ocrx_word' id='word_1_784' title='bbox 3225 4981 3365 5029; x_wconf 88' lang='lat' dir='ltr'>sunt</span> <span class='ocrx_word' id='word_1_785' title='bbox 3430 4990 3638 5045; x_wconf 86' lang='lat' dir='ltr'>exspe-</span> 
     </span>
    </p>
   </div>
   <div class='ocr_carea' id='block_1_114' title="bbox 2008 5062 3643 5136">
    <p class='ocr_par' dir='ltr' id='par_1_114' title="bbox 2008 5062 3643 5136">
     <span class='ocr_line' id='line_1_117' title="bbox 2008 5062 3643 5136; baseline 0.002 -24"><span class='ocrx_word' id='word_1_786' title='bbox 2008 5066 2234 5116; x_wconf 85' lang='lat' dir='ltr'>ctantes</span> <span class='ocrx_word' id='word_1_787' title='bbox 2266 5068 2331 5115; x_wconf 89' lang='lat' dir='ltr'>ut</span> <span class='ocrx_word' id='word_1_788' title='bbox 2362 5064 2690 5132; x_wconf 83' lang='lat' dir='ltr'>promittas.</span> <span class='ocrx_word' id='word_1_789' title='bbox 2726 5062 3017 5118; x_wconf 88' lang='lat' dir='ltr'>Tribunus</span> <span class='ocrx_word' id='word_1_790' title='bbox 3044 5065 3221 5136; x_wconf 86' lang='lat' dir='ltr'>igitur</span> <span class='ocrx_word' id='word_1_791' title='bbox 3262 5064 3482 5118; x_wconf 90' lang='lat' dir='ltr'>dimisit</span> <span class='ocrx_word' id='word_1_792' title='bbox 3503 5062 3643 5116; x_wconf 85' lang='lat' dir='ltr'>ado-</span> 
     </span>
    </p>
   </div>
   <div class='ocr_carea' id='block_1_115' title="bbox 2006 5150 3643 5223">
    <p class='ocr_par' dir='ltr' id='par_1_115' title="bbox 2006 5150 3643 5223">
     <span class='ocr_line' id='line_1_118' title="bbox 2006 5150 3643 5223; baseline -0.001 -20"><span class='ocrx_word' id='word_1_793' title='bbox 2006 5150 2351 5217; x_wconf 78' lang='lat' dir='ltr'>lescentem,</span> <span class='ocrx_word' id='word_1_794' title='bbox 2423 5152 2822 5223; x_wconf 70' lang='lat' dir='ltr'>praecepitque</span> <span class='ocrx_word' id='word_1_795' title='bbox 2918 5153 3007 5206; x_wconf 90' lang='lat' dir='ltr'>ei:</span> <span class='ocrx_word' id='word_1_796' title='bbox 3078 5155 3157 5207; x_wconf 80' lang='lat' dir='ltr'>Ne</span> <span class='ocrx_word' id='word_1_797' title='bbox 3226 5153 3319 5207; x_wconf 92' lang='lat' dir='ltr'>cui</span> <span class='ocrx_word' id='word_1_798' title='bbox 3390 5150 3643 5216; x_wconf 75' lang='lat' dir='ltr'>eﬂ‘utias,</span> 
     </span>
    </p>
   </div>
   <div class='ocr_carea' id='block_1_116' title="bbox 2006 5240 3645 5311">
    <p class='ocr_par' dir='ltr' id='par_1_116' title="bbox 2006 5240 3645 5311">
     <span class='ocr_line' id='line_1_119' title="bbox 2006 5240 3645 5311; baseline 0.001 -20"><span class='ocrx_word' id='word_1_799' title='bbox 2006 5240 2303 5310; x_wconf 87' lang='lat' dir='ltr'>inquiens,</span> <span class='ocrx_word' id='word_1_800' title='bbox 2334 5241 2492 5311; x_wconf 91' lang='lat' dir='ltr'>quod</span> <span class='ocrx_word' id='word_1_801' title='bbox 2524 5241 2648 5295; x_wconf 65' lang='lat' dir='ltr'>haec</span> <span class='ocrx_word' id='word_1_802' title='bbox 2692 5241 3049 5296; x_wconf 84' lang='lat' dir='ltr'>iudicaveris</span> <span class='ocrx_word' id='word_1_803' title='bbox 3109 5242 3274 5296; x_wconf 90' lang='lat' dir='ltr'>mihi.</span> <span class='ocrx_word' id='word_1_804' title='bbox 3327 5242 3395 5293; x_wconf 92' lang='lat' dir='ltr'>Et</span> <span class='ocrx_word' id='word_1_805' title='bbox 3442 5254 3645 5293; x_wconf 86' lang='lat' dir='ltr'>accer-</span> 
     </span>
    </p>
   </div>
   <div class='ocr_carea' id='block_1_117' title="bbox 2006 5327 3641 5400">
    <p class='ocr_par' dir='ltr' id='par_1_117' title="bbox 2006 5327 3641 5400">
     <span class='ocr_line' id='line_1_120' title="bbox 2006 5327 3641 5400; baseline -0.002 -17"><span class='ocrx_word' id='word_1_806' title='bbox 2006 5330 2135 5383; x_wconf 87' lang='lat' dir='ltr'>sitis</span> <span class='ocrx_word' id='word_1_807' title='bbox 2202 5328 2433 5384; x_wconf 91' lang='lat' dir='ltr'>duobus</span> <span class='ocrx_word' id='word_1_808' title='bbox 2492 5330 2846 5400; x_wconf 89' lang='lat' dir='ltr'>quibusdam</span> <span class='ocrx_word' id='word_1_809' title='bbox 2920 5330 3386 5395; x_wconf 86' lang='lat' dir='ltr'>centurionibus,</span> <span class='ocrx_word' id='word_1_810' title='bbox 3456 5327 3641 5381; x_wconf 80' lang='lat' dir='ltr'>dixit:</span> 
     </span>
    </p>
   </div>
   <div class='ocr_carea' id='block_1_118' title="bbox 2004 5419 3647 5485">
    <p class='ocr_par' dir='ltr' id='par_1_118' title="bbox 2004 5419 3647 5485">
     <span class='ocr_line' id='line_1_121' title="bbox 2004 5419 3647 5485; baseline 0 -14"><span class='ocrx_word' id='word_1_811' title='bbox 2004 5420 2212 5472; x_wconf 88' lang='lat' dir='ltr'>Parate</span> <span class='ocrx_word' id='word_1_812' title='bbox 2260 5419 2480 5474; x_wconf 89' lang='lat' dir='ltr'>milites</span> <span class='ocrx_word' id='word_1_813' title='bbox 2535 5420 2819 5474; x_wconf 91' lang='lat' dir='ltr'>ducentos</span> <span class='ocrx_word' id='word_1_814' title='bbox 2889 5426 2954 5474; x_wconf 94' lang='lat' dir='ltr'>ut</span> <span class='ocrx_word' id='word_1_815' title='bbox 3011 5425 3149 5474; x_wconf 90' lang='lat' dir='ltr'>eant</span> <span class='ocrx_word' id='word_1_816' title='bbox 3197 5421 3546 5485; x_wconf 67' lang='lat' dir='ltr'>Caesaream,</span> <span class='ocrx_word' id='word_1_817' title='bbox 3590 5422 3647 5473; x_wconf 90' lang='lat' dir='ltr'>et</span> 
     </span>
    </p>
   </div>
   <div class='ocr_carea' id='block_1_119' title="bbox 2006 5508 3647 5580">
    <p class='ocr_par' dir='ltr' id='par_1_119' title="bbox 2006 5508 3647 5580">
     <span class='ocr_line' id='line_1_122' title="bbox 2006 5508 3647 5580; baseline 0.002 -19"><span class='ocrx_word' id='word_1_818' title='bbox 2006 5508 2234 5578; x_wconf 88' lang='lat' dir='ltr'>equites</span> <span class='ocrx_word' id='word_1_819' title='bbox 2306 5510 2700 5580; x_wconf 81' lang='lat' dir='ltr'>septuaginta,</span> <span class='ocrx_word' id='word_1_820' title='bbox 2765 5514 2823 5563; x_wconf 90' lang='lat' dir='ltr'>et</span> <span class='ocrx_word' id='word_1_821' title='bbox 2889 5508 3221 5563; x_wconf 89' lang='lat' dir='ltr'>lancearios</span> <span class='ocrx_word' id='word_1_822' title='bbox 3276 5508 3564 5563; x_wconf 85' lang='lat' dir='ltr'>ducentos</span> <span class='ocrx_word' id='word_1_823' title='bbox 3613 5524 3647 5565; x_wconf 85' lang='lat' dir='ltr'>a</span> 
     </span>
    </p>
   </div>
   <div class='ocr_carea' id='block_1_120' title="bbox 2010 5596 3648 5669">
    <p class='ocr_par' dir='ltr' id='par_1_120' title="bbox 2010 5596 3648 5669">
     <span class='ocr_line' id='line_1_123' title="bbox 2010 5596 3648 5669; baseline 0.002 -19"><span class='ocrx_word' id='word_1_824' title='bbox 2010 5596 2185 5652; x_wconf 85' lang='lat' dir='ltr'>tertia</span> <span class='ocrx_word' id='word_1_825' title='bbox 2223 5597 2367 5653; x_wconf 88' lang='lat' dir='ltr'>hora</span> <span class='ocrx_word' id='word_1_826' title='bbox 2407 5598 2636 5653; x_wconf 89' lang='lat' dir='ltr'>noctis:</span> <span class='ocrx_word' id='word_1_827' title='bbox 2706 5598 3062 5669; x_wconf 88' lang='lat' dir='ltr'>etjumenta</span> <span class='ocrx_word' id='word_1_828' title='bbox 3130 5597 3410 5669; x_wconf 64' lang='lat' dir='ltr'>praebete,</span> <span class='ocrx_word' id='word_1_829' title='bbox 3436 5604 3503 5653; x_wconf 94' lang='lat' dir='ltr'>ut</span> <span class='ocrx_word' id='word_1_830' title='bbox 3532 5599 3648 5653; x_wconf 89' lang='lat' dir='ltr'>im-</span> 
     </span>
    </p>
   </div>
   <div class='ocr_carea' id='block_1_121' title="bbox 2008 5685 3640 5757">
    <p class='ocr_par' dir='ltr' id='par_1_121' title="bbox 2008 5685 3640 5757">
     <span class='ocr_line' id='line_1_124' title="bbox 2008 5685 3640 5757; baseline 0.001 -18"><span class='ocrx_word' id='word_1_831' title='bbox 2008 5686 2266 5755; x_wconf 89' lang='lat' dir='ltr'>positum</span> <span class='ocrx_word' id='word_1_832' title='bbox 2322 5686 2569 5741; x_wconf 84' lang='lat' dir='ltr'>Paulum</span> <span class='ocrx_word' id='word_1_833' title='bbox 2620 5685 2845 5741; x_wconf 88' lang='lat' dir='ltr'>salvum</span> <span class='ocrx_word' id='word_1_834' title='bbox 2893 5685 3223 5757; x_wconf 89' lang='lat' dir='ltr'>perducant</span> <span class='ocrx_word' id='word_1_835' title='bbox 3267 5686 3341 5743; x_wconf 90' lang='lat' dir='ltr'>ad</span> <span class='ocrx_word' id='word_1_836' title='bbox 3386 5687 3640 5743; x_wconf 88' lang='lat' dir='ltr'>Felicem</span> 
     </span>
    </p>
   </div>
  </div>
