4112 6250
502 347 620 408 2'19

1501 348 1907 409 COMMENT.
1955 350 2034 409 ΙΝ
2084 349 2281 412 ACTA
2329 354 2947 422 APOSTOLORUM.

3764 362 3871 420 280

508 483 845 556 praesidem,
915 482 1152 556 scriptis
1222 484 1438 539 litteris
1507 484 1570 540 in
1632 483 1923 540 formam:
1974 485 2147 541 Clau-

2283 486 2367 541 ὶπὸ
2395 488 2583 563 τρίτης
2622 488 2767 566 ὥρας
2805 499 2905 562 τῆς
2949 492 3165 563 νυκτὸς,
3220 496 3388 564 κτήνη
3445 515 3504 548 τι
3534 503 3873 570 παραστῆσαι,

510 572 642 628 dius
682 573 878 644 Lysias
912 572 1168 630 maxime
1219 578 1459 629 strenuo
1482 574 1720 645 praesidi
1767 574 1945 630 Felici
1992 574 2146 631 salu-

509 667 648 718 tem.
687 662 885 717 Virum
920 662 1078 717 hunc
1122 663 1618 735 comprehensum
1646 679 1679 719 a
1728 664 1965 733 Judzeis,
2017 682 2151 721 cum

503 753 629 825 jam
690 760 849 809 esset
913 754 986 809 ab
1045 754 1128 809 eis
1189 755 1658 823 interﬁciendus,
1725 756 2152 828 superveniens

511 859 644 899 cum
714 844 975 899 exercitu
1043 844 1253 916 eripui,
1322 845 1555 919 cognito
1615 845 1772 917 quod
1850 848 2153 902 Romanus

510 938 701 989 esset:
731 933 1056 1004 volensque
1096 934 1247 988 scire
1273 951 1511 989 causam
1561 935 1633 989 ob
1684 951 1862 1006 quam
1912 951 2150 990 accusa-

510 1028 645 1078 rent
700 1022 892 1090 illum,
940 1022 1155 1078 deduxi.
1212 1040 1347 1078 eum
1396 1024 1457 1078 in
1505 1024 1824 1079 concilium
1867 1025 2151 1096 ipsorum.

511 1113 696 1177 Quem
746 1113 1006 1184 comperi
1069 1113 1332 1169 accusari
1385 1112 1456 1168 de
1526 1114 1957 1184 quaestionibus
2009 1113 2156 1187 legis

513 1216 739 1271 eorum,
773 1201 1005 1256 nullum
1036 1208 1234 1256 autem
1268 1201 1512 1275 dignum
1546 1208 1736 1258 morte
1770 1207 1872 1258 aut
1904 1202 2158 1258 vinculis

512 1291 740 1346 crimen
823 1291 1161 1347 habentem.
1240 1292 1504 1363 Cumque
1589 1292 1914 1348 indicatum
2002 1298 2159 1349 esset

514 1380 661 1436 mihi
695 1380 767 1436 de
799 1380 1032 1436 insidiis
1065 1398 1212 1453 quas
1242 1381 1330 1435 illi
1365 1387 1719 1453 paraverant
1763 1381 1968 1451 Judazi,
2021 1399 2157 1454 pro-

518 1470 678 1526 tinus
702 1469 837 1525 misi
868 1470 1040 1526 illum
1080 1470 1154 1526 ad
1200 1476 1278 1533 te,
1327 1477 1623 1543 praecepto
1666 1470 1800 1527 dato
1851 1473 2028 1527 etiam
2060 1488 2157 1527 ac-

517 1559 909 1621 cusatoribus.
938 1566 1003 1614 ut
1032 1576 1162 1631 quae
1193 1560 1414 1616 habent
1454 1561 1733 1616 adversus
1784 1578 1917 1616 eum
1963 1560 2163 1616 dicant

520 1648 675 1721 apud
726 1654 802 1703 te.
850 1648 1008 1704 Vale.
1059 1650 1272 1705 Milites
1321 1666 1480 1715 vero,
1523 1650 1696 1722 juxta
1734 1650 1890 1721 quod
1924 1649 2035 1704 sibi
2076 1649 2161 1704 in-

512 1738 791 1810 junctum
859 1743 1007 1807 erat,
1061 1745 1364 1810 receptum
1416 1738 1663 1793 Paulum
1710 1737 2007 1793 duxerunt
2055 1755 2164 1810 per

520 1833 755 1883 noctem
788 1826 1243 1898 Antipatridem.
1277 1829 1520 1882 Postero
1548 1833 1745 1881 autem
1772 1825 1868 1881 die
1899 1825 2161 1882 dimissis

522 1917 823 1989 equitibus
853 1921 919 1972 ut
948 1933 1084 1972 cum
1116 1934 1184 1972 eo
1217 1917 1392 1986 irent,
1424 1917 1645 1973 reversi
1679 1922 1819 1973 sunt
1851 1917 1910 1971 in
1952 1922 2163 1972 castra.

520 2005 626 2071 Qui
696 2022 831 2061 cum
898 2004 1205 2061 venissent
1261 2006 1589 2061 Caesaream
1648 2022 1715 2060 ac
1783 2005 2171 2061 tradidissent

524 2095 761 2166 praesidi
810 2095 1144 2167 epistolam,
1198 2101 1533 2152 statuerunt
1583 2112 1782 2151 coram
1835 2112 1902 2151 eo
1930 2102 1988 2152 et
2017 2098 2166 2152 Pau-

522 2185 667 2242 lum.
701 2186 965 2257 Cumque
1007 2185 1248 2258 legisset
1297 2203 1517 2258 praeses
1551 2192 1610 2242 et
1657 2187 2082 2259 interrogasset
2102 2205 2170 2243 ex

527 2291 645 2346 qua
690 2274 993 2345 provincia
1042 2280 1218 2343 esset,
1278 2274 1379 2329 ubi
1442 2276 1812 2349 cognovisset
1877 2275 2035 2347 quod
2103 2292 2172 2330 ex

528 2362 769 2419 Cilicia:
847 2365 1096 2420 Audiam
1160 2370 1238 2432 te,
1314 2365 1529 2436 inquit,
1607 2381 1736 2420 cum
1801 2369 2172 2421 accusatores

532 2469 769 2526 quoque
800 2455 885 2509 tui
914 2454 1282 2526 advenerint,
1308 2455 1611 2528 jussitque
1661 2455 1724 2511 in
1760 2455 2036 2527 praetorio
2064 2454 2174 2511 He-

529 2543 692 2600 rodis
723 2543 1008 2600 custodiri
1040 2561 1197 2601 eum.
1223 2570 1247 2594 ιι

2261 574 2346 628 ἳνα
2376 571 2784 644 ἐπιϐιϐάσαντες
2812 581 2907 636 τὸν
2965 583 3178 637 Παῦλον
3234 578 3544 637 διασώσωσι
3592 582 3718 658 πρὸς
3768 586 3875 656 Φή-

2268 661 2395 720 λικα
2451 667 2543 722 τὸν
2601 670 2869 745 ἡγεμόνα,
2924 671 3133 747 γράψας
3196 668 3494 740 ἐπιστολῆν
3545 671 3874 748 περιέχουσαν

2261 752 2354 807 τὸν
2413 756 2580 811 τύπον
2636 762 2850 815 τοῦτον⁹
2910 757 3183 824 Κλαύδιος
3237 759 3438 823 Λυσίας
3492 764 3574 832 τῷ
3638 761 3878 835 κρατίστῳ

2266 844 2502 919 ἡγεμόνι
2537 846 2746 918 Φήλικι
2803 849 3037 924 χαίρειν.
3097 849 3200 907 Τὸν
3260 846 3424 924 ἃνδρα
3480 852 3665 904 τοῦτον
3692 846 3879 921 συλλη-

2265 929 2459 1007 φθέντα
2516 935 2618 991 ὑπὸ
2676 940 2784 991 τῶν
2843 936 3142 1007 Ἰουδαίων,
3205 937 3294 993 καὶ
3345 936 3625 1010 μέλλοντα
3676 938 3882 1013 ἀναιρεῖ-

2265 1023 2383 1076 σθαι
2417 1022 2508 1078 ὑπ’
2557 1024 2756 1095 αὐτῶν,
2814 1024 3033 1088 ἐπιστὰς
3097 1025 3190 1081 σὺν
3248 1031 3326 1099 τῷ
3373 1026 3726 1102 στρατεύματι
3776 1026 3885 1098 ἐξει-

2268 1108 2472 1183 λόμην,
2537 1115 2720 1186 μαθὼν
2801 1114 2883 1170 ὅτι
2934 1116 3192 1189 Ρωμαῖός
3246 1115 3377 1172 ἐστι.
3459 1114 3787 1188 Βουλόμενος
3836 1114 3885 1172 δὶ

2267 1204 2467 1275 γνῶναι
2525 1204 2626 1272 τὴν
2685 1204 2887 1274 αἰτίαν,
2948 1202 3020 1260 δι’
3077 1204 3143 1275 ἦν
3192 1203 3482 1261 ἐνεκάλουν
3558 1204 3717 1277 αὐτῷ,
3777 1227 3884 1261 κατ-

2269 1291 2475 1364 ήγαγον
2534 1291 2691 1346 αὐτὸν
2753 1291 2830 1357 είς
2909 1294 2972 1349 τὸ
3031 1292 3308 1370 συνέδριον
3366 1295 3567 1352 αὐτῶν.
3615 1296 3708 1352 "Ov
3759 1295 3887 1369 εὗρον

2269 1377 2669 1455 ἐγκαλούμενον
2722 1385 2845 1459 περί
2908 1385 3239 1460 ζητημάτων
3319 1390 3418 1443 τοῦ
3476 1385 3650 1459 νόμου
3717 1385 3887 1454 αὐτῶν,

2274 1467 2444 1542 μηδὲν
2477 1468 2534 1526 δὲ
2562 1470 2712 1544 ἄξιον
2744 1475 2972 1530 θανάτου
3028 1473 3065 1545 ἤ
3117 1473 3328 1550 δεσμῶν
3387 1472 3645 1551 ἔγκλημα
3698 1471 3887 1550 ἔχοντα.

2274 1559 2625 1630 Μηνυθείσης
2684 1558 2742 1616 δέ
2794 1583 2888 1637 μοι
2922 1557 3225 1634 ἐπιϐουλῆς
3283 1563 3358 1625 εἷς
3413 1563 3509 1620 τὸν
3565 1559 3721 1638 ἄνδρα
3775 1560 3889 1635 μέλ-

2273 1645 2386 1702 λειν
2449 1644 2659 1705 ἔσεσθαι
2712 1649 2819 1707 ἀπὸ
2864 1658 2971 1707 τῶν
3033 1649 3335 1726 Ἰουδαίων,
3397 1651 3626 1723 ἐξαυτῆς
3704 1644 3890 1724 ἔπεμψα

2271 1737 2409 1810 πρὸς
2442 1738 2520 1808 σὲ,
2579 1739 2958 1818 παραγγείλας
3025 1741 3117 1798 καὶ
3170 1746 3288 1807 τοῖς
3345 1741 3684 1819 κατηγόροις
3736 1737 3891 1817 λέγειν

2274 1826 2338 1880 τὰ
2367 1827 2506 1901 πρὸς
2537 1827 2700 1884 αὐτὸν
2731 1827 2819 1884 ἐπὶ
2878 1834 2996 1890 σοῦ,
3057 1830 3329 1906 Ἐῥρωσο.
3364 1832 3434 1889 Οἱ
3488 1832 3583 1904 μὲν
3614 1830 3701 1886 οὗν
3753 1848 3893 1905 στραο

2275 1918 2469 1969 τιῶται
2508 1915 2644 1972 κατὰ
2694 1918 2757 1972 τὸ
2815 1916 3235 1996 διατεταγμένον
3295 1919 3512 1990 αὐτοῖς,
3568 1913 3896 1979 ἀναλαϐόντες

2277 2003 2366 2058 τὸν
2405 2002 2642 2076 Παῦλον,
2702 2006 2907 2084 ἤγαγον
2976 2003 3066 2062 διὰ
3122 2015 3223 2078 τῆς
3274 2009 3470 2071 νυκτὸς
3519 2007 3594 2071 είς
3650 2010 3743 2078 τὴν
3794 2008 3896 2064 Ἀν-

2279 2091 2590 2165 τιπατρίδα.
2652 2097 2733 2170 Τῇ
2817 2093 2873 2152 δὲ
2930 2095 3184 2171 ἐπαύριον
3261 2095 3511 2160 ἐάσαντες
3569 2096 3692 2160 τοὺς
3741 2098 3897 2158 ἱππεῖς

2280 2181 2601 2256 πορεύεσθαι
2649 2183 2743 2239 σὺν
2800 2182 2967 2256 αὐτῷ,
3029 2183 3362 2259 ὑπέστρεψαν
3449 2185 3525 2248 εἰς
3608 2188 3705 2256 τήν
3780 2204 3896 2258 παρ-

2281 2266 2553 2345 εμϐολήν,
2616 2272 2811 2335 οἳτινες
2869 2270 3200 2335 εἰσελθόντες
3284 2274 3362 2336 εἷς
3431 2275 3533 2345 τήν
3590 2276 3892 2350 Καισάρειαν,

2281 2361 2373 2415 καὶ
2402 2358 2686 2425 ἀναδόντες
2714 2364 2814 2433 τὴν
2871 2360 3170 2434 ἐπιστολήν
3228 2367 3307 2436 τῷ
3368 2363 3630 2440 ἡγεμόνι,
3658 2362 3894 2439 παρέστη-

2284 2471 2377 2506 σαν
2430 2452 2523 2507 καὶ
2576 2453 2667 2507 τὸν
2726 2450 2947 2509 Παῦλον
3032 2452 3202 2525 αὐτῷ.
3266 2455 3562 2529 Ἀναγνοὺς
3611 2451 3665 2509 δέ
3713 2454 3740 2507 ὁ
3787 2455 3895 2527 ἡγε-

2291 2540 2426 2613 μὼν,
2502 2541 2590 2596 καὶ
2678 2539 3024 2616 ἐπερωτήσας
3083 2540 3144 2597 ἐκ
3223 2542 3390 2604 ποίας
3468 2542 3730 2622 ἐπαρχίας
3780 2540 3891 2612 ἐστὶ,

529 2632 622 2686 καὶ
652 2632 961 2706 πυθόμενος
988 2634 1074 2687 ’ὁτι
1098 2633 1206 2712 ἀπὸ
1238 2631 1514 2705 Κιλικίας,
1548 2631 1918 2706 Διακούσομαί
1942 2653 2059 2705 σου,
2094 2627 2219 2709 ἔφη,
2252 2631 2377 2685 ’ὁταν
2405 2631 2497 2685 καὶ
2528 2632 2581 2685 οἱ
2618 2632 2916 2707 κατήγοροί
2968 2653 3065 2688 σου
3110 2632 3546 2709 παραγένωνταιε
3606 2630 3827 2690 ἐκέλευσά
3846 2648 3895 2685 τι

531 2721 693 2777 αὐτὸν
725 2720 778 2775 ἐν
803 2725 883 2794 τῷ
916 2722 1237 2796 πραιτωρίῳ
1262 2718 1512 2796 Ἡρώδου
1544 2718 1928 2799 φυλάσσεσθαι.
1964 2744 1992 2771 ››

602 2812 758 2869 108
810 2834 838 2863 ‹‹
892 2810 1310 2883 Ἀνεθεμάτισαν
1354 2809 1597 2882 ἑαυτούς,
1650 2831 1676 2862 υ
1731 2811 1769 2866 i.
1824 2811 2188 2867 devoverunt

533 2904 911 2976 seipsos,hoc
936 2909 1045 2973 est,
1079 2909 1247 2959 extra
1259 2903 1362 2958 Dei
1385 2902 1563 2959 fidem
1593 2919 1723 2958 sese
1749 2920 1878 2958 esse
1904 2902 2186 2958 dixerunt

531 2992 649 3048 nisi
680 2993 977 3060 ,facerent
1006 3010 1136 3065 quae
1199 2992 1631 3064 judicaverant.
1684 2991 1811 3047 Sive
1865 3007 1999 3065 ergo
2044 3007 2186 3063 pro-

534 3082 820 3139 missione
846 3082 1299 3149 frustrarentur,
1335 3082 1490 3137 sicut
1520 3081 1699 3136 etiam
1731 3080 1998 3136 frustrati
2019 3085 2182 3145 sunt,

2368 2833 2395 2861 «ι
2431 2810 2847 2882 Ἀνεθεμάτισαν
2905 2811 3148 2881 ἑαυτοὺς,
3205 2837 3226 2863 ι
3287 2813 3567 2869 τουτέστιν
3640 2806 3735 2882 ἔξω
3785 2809 3892 2864 εἶναι

2291 2904 2393 2968 τῆς
2422 2899 2560 2954 κατά
2588 2899 2718 2955 Θεὸν
2774 2920 3009 2964 πιστιως
3068 2902 3217 2956 εἶπον
3272 2900 3527 2973 ἑαυτοὺς,
3562 2900 3607 2957 εἰ
3640 2901 3711 2974 μή
3764 2898 3888 2966 ποιή-

2295 3009 2438 3044 σειαν
2465 2989 2532 3044 τὰ
2552 2986 2800 3060 δόξαντα.
2834 2989 2962 3049 Εἷιτε
3014 2990 3110 3046 οὗν
3166 2989 3463 3067 ἐψεύσαντο
3511 2995 3610 3063 τὴν
3645 2989 3881 3067 ὑπόσχεσιν

2294 3079 2368 3141 ὡς
2421 3079 2512 3135 καὶ
2564 3078 2879 3154 ἐψεύσαντο,
2935 3080 3181 3156 ἀνάθεμά
3239 3081 3397 3138 εἰσιν·
3459 3082 3567 3138 εἴτε
3620 3080 3707 3136 καὶ
3759 3078 3892 3150 ἐξεγε-

535 3172 854 3228 anathema
886 3177 1057 3227 erant
1085 3189 1097 3226 :
1134 3172 1253 3226 sive
1286 3171 1465 3227 etiam
1492 3170 1978 3243 contigissetillis
2008 3174 2174 3225 utoc-

2290 3169 2435 3245 γόνει
2484 3168 2671 3232 αὐτοῖς
2728 3174 3007 3249 φονεῦσαι,
3065 3168 3232 3227 πάλιν
3285 3171 3366 3233 ὡς
3445 3175 3623 3253 φονεῖς
3697 3165 3896 3236 ἀνάθεμα

461 3336 475 3346 ’
537 3262 828 3329 ciderent,
862 3276 1070 3317 rursus
1096 3267 1197 3316 aut
1229 3261 1343 3332 ipsi
1374 3267 1657 3331 tanquam
1689 3259 2001 3315 homicida;
2032 3275 2174 3315 ana-

2290 3258 2516 3323 ἑαυτοὺς
2573 3245 2813 3329 ἐποίουν,
2870 3259 2995 3330 ἦτοι
3049 3261 3077 3315 ὁ
3134 3261 3285 3332 Θεὸς,
3344 3262 3394 3317 εἰ
3444 3245 3534 3318 καὶ
3582 3254 3898 3335 παρεσιώπων

544 3350 745 3406 thema
781 3367 911 3407 sese
936 3350 1297 3417 efﬁciebant,
1331 3354 1434 3404 aut
1463 3350 1619 3403 Deus
1648 3348 1797 3419 ipse,
1839 3364 2181 3419 quanquam

542 3439 854 3511 pontifices
867 3439 1333 3495 dissimularent.
1353 3438 1555 3508 Itaque
1577 3437 1796 3508 duplex
1826 3443 1917 3492 est
1945 3437 2185 3492 anathe-

546 3545 680 3585 ma:
711 3545 898 3584 unum
931 3528 1171 3600 quidem
1205 3534 1487 3599 tanquam
1515 3527 1790 3582 omnibus
1839 3532 1941 3582 aut
1978 3526 2184 3582 multis

541 3621 913 3676 inaccessum
939 3618 1169 3689 solique
1201 3619 1318 3673 Deo
1340 3617 1666 3688 repositum
1690 3634 1702 3670 :
1727 3616 1981 3671 alterum
2013 3614 2182 3686 quasi

543 3712 618 3768 ab
637 3711 800 3767 omni
820 3716 1089 3767 creatura
1103 3710 1445 3781 sanctisque
1459 3707 1851 3781 potestatibus
1868 3708 1929 3762 in
1940 3712 2155 3763 tactum
2167 3748 2182 3776 ,

545 3808 603 3858 et
633 3816 666 3858 a
709 3803 827 3856 Deo
886 3800 1171 3866 alienum,
1231 3804 1512 3870 tanquam
1564 3797 1802 3853 diabolo
1833 3797 2183 3869 repositum,

542 3896 785 3966 propter
813 3890 1237 3946 alienationem
1278 3889 1434 3944 bono
1484 3887 1916 3960 impermistam
1946 3905 1957 3941 :
1993 3892 2052 3942 et
2079 3888 2185 3942 hu-

536 3980 802 4054 jusmodi
831 3996 991 4036 nunc
1023 3979 1390 4035 anathemati
1422 3977 1482 4032 hi
1515 3993 1643 4033 sese
1676 3976 2021 4049 subjiciunt.
2064 3976 2184 4031 Hoc

543 4076 742 4126 autem
774 4070 990 4142 saepius
1037 4084 1144 4140 per
1190 4067 1488 4139 epitasim,
1512 4067 1571 4122 id
1614 4071 1723 4134 est,
1777 4065 2183 4122 intensionem

543 4159 660 4216 dici
686 4159 1048 4216 arbitramur
1066 4157 1364 4230 κατάθεμα,
1398 4157 1508 4212 hoc
1541 4162 1629 4212 est
1660 4156 1947 4228 rejectum
1977 4172 1989 4209 :
2023 4153 2183 4227 quod

545 4249 704 4307 enim
730 4247 1071 4322 hujusmodi
1105 4251 1195 4303 est
1223 4263 1345 4303 non
1366 4246 1676 4318 reponitur
1705 4250 1810 4300 aut
1843 4244 2181 4317 deponitur,

544 4341 649 4397 sed
677 4339 966 4413 rejicitur,
992 4336 1228 4393 diabolo
1260 4336 1595 4408 subjectum
1629 4334 1826 4404 simul,
1863 4339 1921 4390 et
1948 4351 2084 4390 cum
2116 4350 2184 4389 eo

542 4430 1029 4489 condemnatum.

1107 4516 1355 4590 LCAPUT
1382 4514 1602 4571 xxxv.

2291 3348 2341 3401 οῖ
2374 3347 2667 3423 ἀρχιερεῖς.
2703 3351 2816 3406 Τοῦ
2868 3347 3199 3423 ἀναθέματος
3250 3350 3345 3406 οὗν
3407 3348 3592 3407 δισσοῦ
3619 3341 3898 3420 νοουμένου,

2288 3442 2386 3493 τοῦ
2420 3438 2534 3510 μὲν,
2567 3438 2644 3502 ὡς
2670 3442 2786 3499 τοῖς
2839 3443 3000 3494 πᾶσιν
3057 3439 3093 3509 ἢ
3144 3437 3393 3506 πολλοῖς
3439 3440 3727 3521 ἀνεφίκτου,

2290 3522 2346 3581 δὲ
2380 3526 2531 3599 μόνῳ
2588 3525 2993 3601 ἀνατιθεμένου,
3044 3533 3142 3583 τοῦ
3199 3525 3256 3583 δὲ
3303 3529 3385 3593 ὡς
3443 3520 3581 3604 πάσῃ
3633 3528 3693 3599 τῇ
3744 3520 3897 3576 κτίσει

2289 3613 2380 3670 καὶ
2454 3621 2572 3677 ταῖς
2659 3616 2834 3690 ἁγίαις
2912 3614 3200 3691 δυνάμεσιν
3266 3616 3569 3693 ἀψαύστου,
3639 3611 3720 3669 καὶ
3793 3610 3894 3677 Θεῷ

2288 3701 2610 3780 ἀλλοτρίου,
2668 3705 2742 3767 ὡς
2789 3710 2868 3777 τῷ
2917 3700 3165 3779 διαϐόλῳ
3245 3706 3622 3782 ἀνακειμένου,
3684 3698 3763 3756 διὰ
3810 3696 3893 3765 τήν

2288 3792 2467 3871 ἀμιγῆ
2497 3798 2594 3850 τοῦ
2625 3791 2798 3850 καλοῦ
2829 3794 3219 3871 ἁλλοτριωσιν,
3242 3797 3484 3871 τοιούτῳ
3513 3800 3600 3851 νῦν
3639 3791 3722 3849 καὶ
3770 3789 3895 3843 οὗτοι

2291 3878 2698 3939 ὑποϐάλλουσιν
2730 3883 2954 3947 ἐαυτοὺς
3012 3884 3328 3959 ἀναθέματι.
3378 3886 3543 3945 Τοῦτ’
3571 3882 3658 3939 οὗν
3709 3871 3891 3935 πολλά·

2288 3991 2373 4034 κις
2457 3971 2576 4026 κατ’
2657 3969 2898 4027 ἐπίτασιν
2971 3970 3219 4047 εἰρῆσθαι
3272 3975 3570 4048 νομίζομεν
3640 3965 3880 4034 κατάθεμα·

2288 4065 2379 4133 τῷ
2410 4060 2515 4135 γὰρ
2546 4058 2660 4115 δντι
2688 4061 2753 4116 τὸ
2801 4064 3049 4117 τοιοῦτον
3112 4060 3211 4117 οὐκ
3263 4063 3591 4132 ἀνατίθεται,
3645 4054 3776 4113 ἀλλᾶ
3820 4065 3889 4102 καο

2286 4149 2558 4206 τατίθεται
2608 4155 2687 4222 τῷ
2716 4144 2963 4222 διαϐόλῳ
3028 4150 3469 4226 ὑποταττόμενον
3520 4150 3610 4206 καὶ
3664 4156 3888 4220 συγκατα⁶

2287 4236 2658 4315 δικαζόμενον.

2899 4536 3156 4590 ΚΕΦΑΛ.
3212 4534 3339 4591 ΛΕ“.

545 4616 776 4672 Tertulli
806 4612 1084 4670 accusatio
1115 4608 1373 4663 adversus
1397 4605 1654 4671 Paulum,
1687 4609 1739 4658 et
1751 4603 1925 4674 ipsius
1945 4603 2019 4658 ad
2039 4616 2174 4673 praet

2367 4619 2689 4699 Τερτύλλου
2718 4621 2842 4699 περὶ
2876 4619 3120 4699 ,Παύλου
3154 4643 3508 4699 ῌκατηγορια,
3538 4620 3625 4676 καὶ
3681 4611 3823 4671 αὐτοῦ

1138 4713 1308 4769 sidem
1334 4712 1600 4780 defensio.

614 4808 805 4875 XXIV,
838 4809 992 4860 4.21.
1033 4822 1054 4852 ι
1089 4805 1228 4857 Post
1256 4800 1522 4871 quinque
1559 4802 1760 4852 autem
1791 4795 1918 4851 dies
1947 4795 2192 4852 desceno

545 4897 632 4953 dit
661 4896 938 4969 princeps
970 4891 1343 4947 sacerdotum
1382 4888 1640 4943 Ananias
1670 4902 1805 4943 cum
1851 4884 2188 4941 senioribus

550 4994 609 5044 et
653 4985 913 5044 Tertullo
968 4982 1225 5055 quodam
1273 4986 1527 5048 oratore,
1582 4979 1682 5050 qui
1725 4981 2191 5050 comparuerant

545 5095 745 5136 coram
775 5074 1029 5150 praeside
1061 5071 1341 5127 adversus
1372 5069 1643 5137 Paulum,
1676 5070 1972 5139 citatoque
2003 5066 2188 5122 Paulo

548 5169 726 5243 caepit
755 5164 1052 5223 Tertullus
1083 5176 1383 5227 accusare,
1417 5160 1622 5215 dicens
1657 5176 1671 5215 :
1699 5160 1844 5214 Cum
1891 5159 1953 5212 in
2002 5156 2191 5213 multa

543 5278 689 5336 pace
733 5273 977 5333 agamus
1028 5270 1134 5327 per
1204 5257 1278 5316 te,
1335 5255 1393 5304 et
1448 5250 1638 5304 multa
1702 5253 1860 5303 recte
1908 5252 2191 5320 gerantur

546 5354 607 5407 in
638 5348 856 5423 populo
889 5348 1001 5401 hoc
1031 5360 1136 5416 per
1166 5346 1324 5396 tuam
1356 5337 1810 5411 providentiam,
1842 5346 1899 5391 et
1928 5353 2185 5408 semper,

549 5448 606 5495 et
649 5440 868 5510 ubique
926 5432 1404 5506 comprobemus,
1464 5426 1955 5500 praestantissime
2003 5425 2187 5495 Felix,

548 5545 682 5585 cum
714 5527 877 5581 omni
908 5524 1232 5599 gratiarum
1285 5518 1539 5574 actione.
1595 5515 1708 5571 Sed
1748 5532 1822 5570 ne
1877 5514 2100 5570 diutius
2131 5518 2187 5568 te

557 5619 879 5681 detineam,
931 5631 1034 5670 oro
1092 5619 1149 5667 te
1197 5615 1264 5667 ut
1294 5609 1501 5665 audias
1548 5624 1657 5663 nos
1688 5605 1892 5678 paucis
1936 5619 2040 5677 pro
2092 5609 2194 5660 tua

551 5707 944 5768 humanitate.
994 5701 1156 5757 Nacti
1205 5700 1364 5755 enim
1414 5713 1622 5754 sumus
1669 5697 1828 5752 hunc
1864 5696 2053 5750 virum
2084 5709 2194 5766 po-

2647 4691 2923 4771 ἀπολόγία
2969 4691 3057 4749 ἐπὶ
3086 4692 3183 4749 τοῦ
3214 4691 3509 4771 ἡγεμόνοςζ

2366 4810 2395 4837 ‹‹
2438 4784 2589 4843 Μετὰ
2644 4779 2702 4838 δὲ
2783 4764 2941 4838 πέντε
3023 4781 3235 4857 ἡμέρας
3268 4764 3279 4771 ’
3306 4764 3507 4853 κατέϐη
3566 4780 3593 4835 ὁ
3644 4764 3881 4851 ἀρχιερεὺς

2297 4873 2538 4936 Ἀνανίας
2624 4871 2757 4946 μετὰ
2813 4875 2922 4927 τῶν
3036 4867 3434 4948 πρεσϐυτέρων,
3519 4867 3606 4925 καὶ
3693 4861 3886 4948 ῥήτορος

2299 4941 2635 5042 Τερτύλλου-
2665 4963 2835 5024 τινός.
2920 4941 3131 5023 Οῗτινες
3185 4941 3489 5042 ἐνεφάνισαν
3546 4961 3622 5029 τῷ
3688 4941 3887 5042 ἡγεμόνι

2297 5037 2433 5110 κατὰ
2488 5058 2584 5109 τοῦ
2637 5051 2879 5109 Παύλου.
2939 5037 3289 5121 Κληθέντοα
3328 5049 3386 5107 δὲ
3458 5048 3639 5114 αὐτοῦ,
3716 5037 3885 5110 ἤρξατο

2297 5149 2616 5221 κατηγορεῖν
2672 5143 2700 5197 ὁ
2761 5138 3096 5218 Τέρτυλλος,
3158 5140 3352 5217 λέγων·
3407 5134 3627 5205 Πολλῆς
3697 5124 3888 5221 εἰρήνης

2422 5202 2462 5221 ..
2508 5202 2516 5220 .
2836 5202 2846 5218 ,
3083 5202 3094 5211 ,
3233 5202 3245 5217 ι
3582 5202 3590 5205 _

2298 5253 2660 5313 τυγχανοντες
2719 5228 2807 5287 διὰ
2879 5233 2998 5301 σοῦ,
3046 5230 3135 5286 καὶ
3187 5228 3623 5303 κατορθωμάτων
3700 5202 3889 5313 γινομέσ

2297 5297 2510 5398 νωνιῖτῷ
2553 5320 2692 5388 ἔθνει
2737 5321 2917 5394 τούτῳ
2972 5317 3061 5375 διὰ
3121 5325 3223 5389 τῆς
3274 5326 3372 5390 σῆς
3430 5313 3690 5390 προνοίας,

2296 5437 2355 5472 τε
2407 5380 2498 5470 καί
2557 5380 2838 5468 πανταχοῦ
2889 5380 3337 5485 ’ἀποδεχόμεθαξ
3414 5380 3669 5488 κράτιστε-
3711 5380 3883 5488 ﬁlis:

2304 5468 2457 5580 μετα
2491 5501 2670 5574 πάσης
2730 5468 3134 5576 εὖχαριστίαςῗ
3167 5468 3279 5553 λίνα
3319 5468 3387 5552 ’δὲ
3449 5468 3545 5567 ¹μή
3593 5483 3674 5542 ἐπὶ
3717 5468 3881 5580 πλεῖόν

2299 5564 2358 5654 σε
2387 5564 2992 5671 ἐγκόπτᾷπαράκίιλῶ
3039 5586 3268 5643 ἀκοῦσαί
3325 5609 3381 5643 σε
3433 5564 3598 5671 ἣμῷνΔ
3636 5564 3881 5671 συντόὶιίξ

2301 5690 2372 5763 τῇ
2551 5663 2832 5739 ἐπιεικεία·
2891 5677 3156 5753 Εὖρόντες
3205 5677 3312 5753 γὰρ
3373 5675 3462 5732 τὸν
3514 5664 3668 5740 ἃνδρα
3714 5663 3877 5713 τοῦτον
