4112 6250
281 339 410 403 181

1533 367 1957 430 (ECUMENII
2005 366 2306 428 TRICCE
2351 368 2721 430 EPiSCOPI.

3693 365 3810 424 282

312 479 555 552 λοιμὸν,
620 488 729 542 καὶ
790 499 1086 551 κινοῦντα
1143 498 1350 559 στάσεις
1402 503 1531 552 πᾶσι
1587 503 1703 560 τοῖς
1762 494 2046 560 Ἰουδαίοις

2162 499 2426 555 stiferum
2498 507 2556 555 et
2629 502 3025 556 concitantem
3088 498 3446 554 seditionem
3525 495 3806 552 omnibus

325 574 452 632 τοτε
531 575 689 630 κατᾶ
769 580 892 649 τὴν
981 583 1335 658 οἰκουμένην,
1403 588 1792 661 πρωτοστάτην
1841 605 1900 638 τε
1955 590 2054 652 τῆς

346 667 460 720 τῶν
520 669 893 739 Ναζωραίων
982 674 1260 748 αἱρέσεως,
1321 673 1380 736 ὅς
1441 674 1531 730 καὶ
1587 675 1650 730 τὸ
1705 674 1850 748 ἱερὸν
1911 671 2056 728 ἐπεί-

372 775 503 832 ρασε
577 751 950 840 βεϐηλῶσαι,
1033 761 1401 837 ἐκρατήσαμεν
1495 764 1682 830 αὐτὸν,
1757 763 1848 818 καὶ
1921 763 2056 817 κατά

391 847 478 903 τὸν
509 844 781 920 ὴμὲτερον
842 850 1026 921 νόμον
1088 851 1430 924 ἠθελήσαμεν
1489 851 1711 928 κρίνειν.
1765 849 2055 924 Παρελθὼν

400 934 455 992 δί
510 935 707 997 Λυσίας
770 939 800 991 6
866 939 1179 1016 χιλίαρχος
1233 941 1366 1014 μετᾶ
1416 939 1637 1010 πολλῆς
1698 939 1817 1015 βίας
1858 938 2050 995 ἐκτῶν

399 1032 603 1104 χειρῶν
654 1030 820 1101 ἡμῶν
879 1029 1190 1106 ἀπήγαγεν,
1247 1030 1482 1086 κελεύων
1531 1031 1658 1092 τοὺς
1716 1030 2054 1103 κατηγόρους

399 1118 569 1174 αὐτοῦ
629 1111 891 1194 ἔρχεσθαι
969 1117 1059 1173 ἐπί
1136 1118 1212 1175 σέο
1286 1122 1412 1195 παρ’
1490 1120 1552 1174 οὗ
1619 1117 1839 1175 δύνασαι
1895 1117 2053 1181 αὐτὸς

409 1209 686 1282 ἀνακρίνας
762 1208 888 1281 περὶ
964 1211 1179 1264 πάντων
1263 1210 1469 1265 τούτων
1575 1209 1884 1284 ἐπιγνῶναι,
1981 1209 2054 1263 ὧν

413 1300 576 1370 ἡμεῖς
630 1303 1045 1373 κατηγοροῦμεν
1125 1298 1310 1357 αὐτοῦ.
1376 1299 1658 1356 Συνέθεντο
1726 1296 1782 1353 δὲ
1845 1298 1933 1352 καὶ
2001 1299 2054 1352 οἱ

412 1384 664 1443 Ἰουδαῖοι
732 1390 1024 1463 φάσκοντες
1080 1393 1244 1444 ταῦτα
1302 1388 1474 1451 οὕτως
1531 1384 1702 1467 ἔχειν.
1753 1387 2050 1463 Ἀπεκρίθη

405 1471 461 1528 δὲ
529 1476 560 1528 6
623 1473 862 1545 Παῦλος,
930 1477 1212 1538 νεύσαντος
1277 1475 1440 1531 αὐτοῦ
1505 1480 1601 1530 τοῦ
1658 1474 1926 1550 ἡγεμόνος
1959 1471 2054 1528 λέ-

397 1586 542 1640 γεινο
605 1568 702 1622 Ἐκ
762 1565 989 1622 πολλῶν
1056 1567 1190 1623 ἐτῶν
1250 1563 1374 1622 ὄντα
1429 1588 1484 1621 σε
1539 1567 1732 1642 κριτὴν
1788 1563 1868 1637 τῷ
1919 1564 2051 1619 ἔθνει

389 1655 586 1728 τούτῳ
646 1655 1022 1729 ἐπιστάμενος,
1083 1655 1452 1733 εὐθημότερον
1513 1657 1580 1710 τὰ
1637 1655 1758 1728 περὶ
1816 1654 2051 1727 ἐμαυτοῦ

389 1744 813 1819 ἀπολογοῦμαι,
917 1743 1220 1819 δυναμένου
1324 1766 1419 1800 σου
1510 1749 1729 1818 γνῶναι,
1821 1743 1902 1798 ὅτι
1989 1743 2049 1798 οὗ

390 1833 631 1896 πλείους
694 1833 824 1887 εἷσίν
888 1855 982 1907 μοι
1039 1835 1242 1908 ἡμέραι
1300 1832 1336 1904 ἤ
1396 1833 1644 1901 δεκαδύο,
1701 1835 1790 1908 ἀφ’
1841 1835 1906 1900 ἧς
1953 1833 2050 1886 άν-

393 1918 529 1992 ἑϐην
564 1926 960 1999 προσκυνήσων
1013 1922 1066 1978 ἐν
1127 1923 1514 1999 Ἰερουσαλὴμ,
1571 1923 1660 1977 καὶ
1721 1921 1844 1978 οὕτε
1891 1924 1941 1976 ἐν
1975 1927 2052 1993 τῷ

393 2015 527 2087 ἱερῷ
569 2014 729 2088 εὗρόν
795 2034 861 2085 με
916 2013 1050 2088 πρός
1108 2035 1229 2069 τινα
1287 2011 1702 2091 διαλεγόμενον,
1770 2012 1805 2082 ἢ
1872 2011 2054 2066 ἐπισύ-

390 2126 580 2159 στασιν
627 2108 896 2159 ποιοῦντα
969 2101 1169 2180 ὄχλου,
1231 2103 1353 2159 ούτε
1411 2104 1462 2159 ἐν
1517 2109 1635 2165 ταῖς
1695 2107 2054 2178 συναγωγαῖς,

402 2194 518 2251 οῦτε
581 2197 727 2250 κατᾶ
795 2195 976 2250 πόλιν·
1049 2191 1171 2250 οὔτε
1237 2194 1572 2269 παραστῆναί
1648 2215 1714 2266 με
1781 2191 2055 2263 δύνανται,

410 2287 522 2360 περῖ
551 2288 622 2340 ὧν
682 2284 1051 2360 κατηγοροῦσί
1106 2306 1230 2358 μου.
1288 2282 1584 2358 Ὀμοὶογῶ
1646 2280 1703 2337 δὲ
1753 2283 1914 2338 τοῦτό
1947 2303 2052 2350 σοι,

413 2376 489 2430 ὅτι
550 2375 685 2430 κατὰ
757 2377 859 2445 τὴν
926 2371 1074 2441 ὁδὸν,
1142 2375 1206 2444 ἢν
1276 2371 1526 2449 λέγουσιν
1595 2370 1816 2446 αἵρεσιν,
1883 2370 2053 2432 οὕτως

406 2463 650 2539 λατρεύω
720 2469 802 2536 τῷ
863 2465 1102 2539 πατρῴῳ
1186 2467 1321 2534 Θεῷ,
1412 2461 1680 2516 πιστεύων
1745 2466 1874 2514 πᾶσι
1938 2464 2055 2521 τοῖς

397 2554 530 2609 κατά
575 2554 675 2610 τὸν
720 2554 893 2627 νόμον
952 2553 1040 2607 καὶ
1099 2558 1216 2614 τοῖς
1273 2554 1583 2630 προφήταις
1631 2549 2053 2626 γεγραμμένοις,

397 2641 588 2698 ἐλπίδα
659 2638 810 2718 ἔχων
878 2641 955 2704 είς
1020 2642 1110 2696 τὸν
1179 2641 1327 2711 Θεὸν,
1401 2642 1463 2710 ἣν
1525 2640 1615 2695 καὶ
1681 2639 1834 2694 αὐτοὶ
1903 2638 2053 2693 οὗτοι

397 2730 829 2806 προσδέχονται,
895 2730 1180 2785 ἀνάστασιν
1263 2727 1485 2802 μέλλειν
1553 2725 1761 2793 ἔσεσθαι
1826 2732 2052 2802 νεκρῶν,

397 2818 627 2876 δικαίων
663 2842 723 2876 τε
781 2821 873 2876 καὶ
932 2817 1158 2877 ἀδίκων.
1220 2823 1308 2879 Ἐν
1367 2820 1546 2891 τούτῳ
1603 2816 1660 2873 δὶ
1690 2817 1851 2880 αὐτὸς
1883 2818 2055 2889 ἀσκῶ,

386 2913 752 2986 ἀπρόσκοπον
825 2906 1128 2980 συνείδησιν
1195 2903 1343 2985 ἔχειν
1411 2908 1546 2983 πρὸς
1609 2910 1701 2963 τὸν
1770 2909 1897 2962 Θεὸν
1963 2906 2054 2961 καὶ

380 3001 512 3063 τοὺς
577 2999 913 3073 ἀνθρώπους
975 2994 1290 3058 διαπαντός.
1348 2998 1425 3051 Δι’
1481 2995 1614 3052 ἐτῶν
1672 2995 1728 3051 δὲ
1789 2993 2055 3050 πλειόνων

385 3091 805 3165 παρεγενόμην,
875 3086 1248 3160 ἐλεημοσύνας
1322 3087 1568 3156 ποιήσων
1636 3085 1711 3146 εἰς
1779 3084 1840 3140 τὸ
1905 3079 2057 3148 ἔθνος

401 3200 506 3251 μου
560 3178 655 3232 καὶ
713 3176 1054 3253 προσφορὰς,
1115 3175 1164 3231 ἐν
1244 3177 1326 3237 οἷς
1381 3174 1537 3249 εὗρόν
1598 3195 1663 3246 με
1718 3171 2046 3248 ἡγνισμένον

408 3265 460 3322 ἒν
509 3271 589 3336 τῶ
640 3269 790 3342 ἱερῷ,
852 3265 914 3321 ού
973 3266 1108 3338 μετὰ
1163 3265 1365 3340 οχλου,
1423 3262 1552 3320 οὐδὲ
1612 3264 1746 3336 μετὰ
1790 3257 2048 3337 θορύϐου.

419 3355 578 3417 Τινὶς
641 3353 693 3411 δὲ
749 3357 852 3412 ἀπὸ
917 3361 1020 3425 τῆς
1063 3354 1248 3417 Ἀσίας
1314 3352 1596 3423 Ἰουδαῖοι,
1658 3351 1749 3414 οὕς
1818 3348 1898 3406 δεῖ
1965 3349 2051 3406 ἐπὶ

424 3449 520 3499 σοῦ
581 3451 807 3520 παρεῖναι
868 3445 962 3500 καὶ
1020 3449 1370 3521 κατηγορεῖν,
1439 3443 1486 3498 εἳ
1549 3464 1600 3497 τι
1668 3436 1848 3516 ἔχοιεν
1915 3440 2053 3516 πρός

417 3554 505 3607 με.
614 3535 763 3590 αύτοὶ
815 3536 970 3591 οὗτοι
1027 3534 1350 3602 εἶπάτωσαν,
1403 3534 1450 3588 εἳ
1502 3553 1556 3587 τι
1609 3531 1762 3606 εὗρον
1814 3530 1864 3584 ἐν
1926 3528 2049 3602 ἐμοὶ

410 3622 672 3698 ἀδίκημα,
734 3624 956 3688 στάντος
1016 3644 1120 3697 μου
1177 3622 1267 3678 ἐπὶ
1325 3627 1421 3678 τοῦ
1479 3618 1778 3696 συνεδρίου,
1833 3621 1868 3690 ἢ
1928 3620 2050 3696 περὶ

412 3717 534 3785 μιᾶς
636 3713 838 3784 ταύτης
939 3719 1147 3792 φωνῆς,
1223 3714 1288 3780 ῆς
1372 3709 1627 3786 ἐκέκραξα
1728 3710 1893 3770 ἑστὼς
1999 3708 2051 3764 ἐν

410 3804 614 3871 αὖτοῖς,
672 3803 762 3859 ὅτι
825 3803 949 3876 περὶ
1016 3801 1352 3864 ἀναστάσεως
1419 3804 1620 3876 νεκρῶν
1690 3797 1800 3875 ἐγὼ
1864 3799 2050 3874 κρίνο-

402 3915 499 3966 μαι
529 3896 778 3969 σήμερον
810 3895 984 3966 ὑμῶν.
1022 3917 1050 3944 ››

465 4010 494 4036 α
530 3986 655 4040 Ὀτι
686 3985 824 4040 κατὰ
879 3983 978 4052 τὴν
1043 3980 1192 4054 ὁδὸν,
1247 3983 1310 4050 ἣν
1374 3981 1618 4055 λέγουσιν
1651 3981 1876 4056 αἳρεσιν,
1911 3981 2053 4036 οὕτω

393 4073 654 4149 λατρεύω
693 4078 775 4144 τῷ
832 4075 1072 4148 πατρῴῳ
1129 4076 1268 4144 Θεῷ.
1302 4095 1331 4122 ι»
1393 4072 1545 4128 Μετὰ
1599 4073 1698 4140 τῆν
1733 4069 1929 4138 κλῆσιν
1958 4074 2054 4125 τοῦ

389 4163 538 4218 εἶναι
594 4159 910 4225 ἀπόστολος
981 4163 1222 4236 Χριστοῦ
1297 4157 1477 4236 λέγων
1538 4158 1814 4235 λατρεύειν
1871 4158 2054 4233 Κυρίῳ

391 4254 646 4328 πατρῴῳ
676 4256 791 4324 Θεῷ
823 4248 1082 4306 δείκνυσιν
1129 4244 1217 4305 ἕνα
1267 4245 1394 4304 ὄντα
1443 4250 1570 4305 Θεὸν
1603 4248 1850 4312 Παλαιᾶς
1878 4267 1935 4302 τε
1962 4248 2052 4302 καὶ

397 4340 569 4411 Nise,
620 4342 679 4396 ὃν
733 4341 785 4396 οἱ
842 4346 1118 4418 προφῆται
1177 4340 1266 4395 καὶ
1306 4340 1335 4394 6
1375 4337 1541 4412 νόμος
1573 4336 1964 4415 κατήγγειλαν,
1997 4338 2054 4392 δν

394 4433 424 4486 6
497 4429 717 4492 Παῦλος
777 4427 1066 4502 ἐκήρυσσεν
1131 4428 1322 4500 εἰπὼν,
1399 4428 1664 4483 πιστεύων
1741 4432 1870 4482 πᾶσι
1935 4431 2054 4491 τοῖς

391 4521 539 4576 κατὰ
617 4520 785 4593 νόμον
861 4520 947 4575 καὶ
1027 4523 1142 4581 τοῖς
1237 4520 1551 4595 προφήταις
1624 4517 2050 4592 γεγραμμένοις.

397 4611 552 4668 Κατὰ
599 4610 663 4665 τὸ
721 4610 1078 4682 σιωπώμενον
1140 4604 1197 4662 δὲ
1250 4607 1520 4662 κάνταῦθα
1548 4607 1639 4662 τὸν
1675 4605 1906 4680 Χριστὸν
1936 4604 2044 4660 εἶσ-

394 4702 636 4774 ήγαγεν,
666 4695 811 4754 ἀλλὰ
864 4699 1000 4758 τέως
1053 4702 1133 4769 τῷ
1188 4703 1287 4766 τῆς
1344 4695 1674 4758 ἀναστάσεως
1732 4689 2049 4769 ἐνδιατρίϐει

394 4789 580 4863 λόγῳ,
639 4786 696 4842 6'v
756 4787 903 4842 οὗτοι
963 4787 1012 4856 ἐξ
1072 4786 1252 4861 ἀρχῆς
1310 4783 1678 4841 διεπονοῦντο.
1709 4784 1913 4838 Τούτου
1943 4784 2047 4860 γὰρ

391 4876 708 4959 δειχθέντος
735 4875 974 4938 εὐκόλως
1026 4874 1116 4930 καὶ
1173 4875 1242 4929 τὰ
1293 4875 1394 4929 τοῦ
1434 4878 1672 4948 Χριστοῦ
1703 4873 2045 4948 ἐπεισήγετο,

390 4968 479 5024 ὅτι
513 4968 731 5036 ἀνέστη.

465 5081 496 5108 α
529 5055 799 5117 Ἀκούσας
857 5052 914 5110 δὲ
963 5057 1130 5108 ταῦτα
1186 5053 1214 5108 6
1281 5053 1461 5124 Φήλιξ
1522 5047 1774 5108 ανέϐαλεν
1825 5049 2043 5122 αὐτοὺς,

387 5141 775 5223 ἀκριϐέστερον
826 5142 984 5206 εἰδὼς
1014 5142 1079 5198 τὰ
1107 5142 1230 5218 περὶ
1285 5148 1385 5210 τῆς
1436 5138 1587 5210 ὁδοῦ,
1635 5139 1824 5195 εἰπών·
1876 5143 2045 5195 ’Όταν

388 5236 595 5298 Λυσίας
655 5237 684 5290 6
741 5233 1044 5310 χιλίαρχος
1100 5226 1332 5304 καταϐῇ,
1393 5228 1766 5305 διαγνώσομαι
1811 5231 1878 5284 τὰ
1923 5231 2042 5293 καθ’

387 5328 556 5400 ὑμᾶς.
615 5321 1014 5394 Διαταξάμενός
1072 5341 1130 5376 τε
1182 5325 1262 5392 τῷ
1320 5319 1705 5395 ἐκατοντάρχῳ
1760 5321 2040 5393 τηρεῖσθαι

383 5418 482 5474 τὸν
541 5413 780 5484 Παῦλον,
841 5406 989 5487 ἔχειν
1046 5431 1105 5467 τε
1162 5406 1354 5479 ἄνεσιν,
1407 5411 1496 5464 καὶ
1561 5409 1766 5484 μηδένα
1805 5407 2038 5466 κωλύειν

383 5513 493 5564 τῶν
525 5507 680 5564 ἰδίων
741 5504 918 5560 αὐτοῦ
979 5501 1262 5572 ὑπηρετεῖν
1323 5500 1358 5570 ἢ
1418 5502 1813 5578 προσέρχεσθαι
1863 5505 2032 5578 αὐτῷ.

383 5600 532 5659 Μετὰ
590 5597 651 5656 δὲ
702 5591 924 5670 ἡμέρας
984 5590 1135 5654 τινὰς
1189 5590 1625 5667 παραγενόμενος
1665 5594 1694 5649 6
1732 5592 1911 5664 Φῆλιξ
1941 5595 2033 5650 σὺν

371 5689 688 5773 Δρουσίλλῃ
744 5688 821 5759 τῇ
884 5681 1096 5757 γυναικὶ
1161 5678 1324 5735 αὐτοῦ
1390 5676 1523 5772 οὔσῃ
1589 5679 1842 5756 Ἰούδαίᾳ,
1913 5705 2034 5757 μετ-ι

2163 589 2378 644 Judaeis
2433 591 2493 644 in
2547 591 2820 646 universo
2882 589 3044 659 orbe,
3114 595 3172 643 et
3226 593 3527 644 auctorem
3563 585 3806 641 haeresis

2165 679 2618 746 Nazarenorum,
2686 680 2785 750 qui
2860 679 3034 734 etiam
3123 676 3410 748 templum
3492 674 3806 746 profanare

2165 769 2448 823 tentavit:
2493 786 2669 840 quem
2714 775 2771 823 et
2819 768 3256 840 apprehensum
3303 764 3596 820 voluimus
3634 765 3808 835 juxta

2163 855 2353 929 legem
2403 865 2669 914 nostram
2720 858 3009 930 judicare.
3063 857 3176 912 Sed
3239 855 3663 927 superveniens
3710 855 3807 909 tri-

2163 946 2360 1002 bunus
2393 949 2590 1019 Lysias
2619 965 2753 1003 cum
2795 965 3006 1021 magna
3055 947 3105 1000 vi
3138 946 3289 1000 169
3331 945 3548 1016 eripuit
3592 961 3724 999 eum
3771 960 3805 998 a

2165 1037 2441 1092 manibus
2485 1039 2725 1101 nostris,
2770 1038 2990 1110 jubens
3041 1041 3414 1092 accusatores
3464 1035 3593 1105 ejus
3634 1033 3708 1088 ad
3749 1039 3804 1087 te

2163 1127 2384 1194 venire,
2419 1145 2489 1182 ex
2521 1145 2636 1199 quo
2679 1129 2898 1199 poteris
2937 1128 3063 1199 ipse
3096 1125 3251 1181 facta
3298 1124 3686 1195 inquisitione
3734 1121 3804 1177 de

2165 1216 2442 1270 omnibus
2483 1217 2612 1271 istis
2661 1233 3034 1290 cognoscere,
3096 1216 3167 1270 de
3207 1215 3420 1286 quibus
3475 1231 3584 1268 nos
3641 1228 3808 1267 accu-

2165 1323 2363 1361 samus
2395 1323 2550 1360 eum.
2596 1307 2954 1377 Adjecerunt
2985 1313 3181 1361 autem
3217 1312 3275 1360 et
3301 1303 3505 1369 Judaei,
3540 1303 3804 1357 dicentes

2160 1394 2288 1461 haec
2320 1395 2400 1449 ita
2432 1413 2492 1450 se
2525 1395 2760 1450 habere.
2806 1396 3131 1467 Respondit
3159 1401 3354 1450 autem
3396 1393 3634 1460 Paulus,
3667 1407 3804 1445 cum

2162 1485 2473 1539 annuisset
2503 1485 2625 1556 ipse
2658 1502 2876 1556 praeses
2905 1491 2969 1540 ut
2998 1485 3258 1539 diceret:
3291 1483 3565 1553 Equiore
3603 1482 3801 1536 animo

2163 1592 2266 1645 pro
2296 1576 2522 1645 meipso
2557 1576 2909 1646 respondeo,
2944 1591 3076 1630 cum
3119 1574 3300 1629 sciam
3347 1579 3400 1626 te
3451 1572 3654 1626 multis
3679 1573 3804 1640 jam

2161 1665 2339 1718 annis
2388 1664 2654 1735 judicem
2702 1665 2882 1720 fuisse
2930 1665 3087 1736 genti
3144 1663 3317 1718 huic:
3380 1662 3479 1732 qui
3526 1667 3693 1732 potes
3716 1676 3806 1714 co-

2161 1771 2463 1826 gnoscere,
2513 1755 2669 1826 quod
2701 1773 2816 1810 non
2863 1756 3062 1826 plures
3103 1760 3239 1809 sunt
3273 1752 3414 1807 mihi
3444 1752 3595 1818 dies,
3628 1766 3805 1821 quam

2161 1845 2493 1913 duodecim,
2547 1863 2615 1900 ex
2661 1863 2776 1917 quo
2830 1845 3068 1901 ascendi
3112 1844 3463 1900 adoraturus
3510 1840 3807 1911 Jerosoly-

2161 1951 2318 1988 mam
2349 1950 2362 1988 :
2396 1940 2453 1989 et
2484 1951 2676 2006 neque
2725 1935 2786 1990 in
2818 1935 3039 2005 templo
3081 1936 3498 2004 compererunt
3542 1947 3636 1984 me
3670 1945 3802 1983 cum

2161 2024 2358 2095 aliquo
2419 2024 2842 2096 disputantem,
2909 2030 3012 2080 aut
3072 2039 3425 2078 concursum
3483 2021 3800 2076 facientem

2162 2113 2370 2182 turba),
2428 2130 2622 2186 neque
2671 2115 2732 2169 in
2783 2113 3114 2185 synagogis,
3167 2129 3361 2183 neque
3422 2110 3482 2164 in
3545 2108 3800 2177 civitate,

2161 2221 2352 2274 neque
2406 2205 2656 2276 probare
2708 2210 2960 2276 possunt
2990 2221 3058 2258 ea
3102 2202 3172 2258 de
3223 2202 3438 2273 quibus
3487 2216 3580 2255 me
3631 2216 3800 2255 accu-

2161 2297 2311 2346 sant.
2359 2294 2658 2349 Conﬁteor
2703 2300 2900 2349 autem
2951 2294 3062 2348 hoc
3105 2292 3207 2346 tibi
3233 2290 3390 2361 quod
3432 2290 3604 2362 juxta
3651 2289 3802 2342 viam

2161 2398 2339 2451 quam
2379 2388 2588 2437 vocant
2635 2383 2909 2437 haeresim
2969 2384 3052 2436 sic
3101 2381 3229 2436 colo
3285 2380 3543 2451 patrium
3597 2379 3802 2444 Deum,

2162 2471 2411 2527 credens
2438 2471 2718 2527 omnibus
2748 2488 2879 2542 quae
2911 2472 2972 2526 in
3003 2471 3127 2543 lege
3159 2476 3218 2523 et
3247 2468 3554 2540 prophetis
3583 2467 3806 2536 scripta

2162 2566 2337 2615 sunt:
2381 2577 2547 2633 spem
2595 2562 2821 2616 habens
2870 2561 2930 2614 in
2971 2561 3154 2614 Deum
3203 2557 3350 2620 fore,
3407 2572 3585 2626 quam
3636 2561 3691 2609 et
3741 2554 3801 2607 hi

2162 2655 2526 2721 exspectant,
2567 2650 3066 2706 resurrectionem
3095 2653 3465 2703 mortuorum
3499 2645 3803 2716 justorum

2163 2739 2341 2794 simul
2369 2745 2426 2795 et
2469 2741 2852 2812 injustorum.
2903 2740 2968 2792 In
3010 2739 3121 2792 hoc
3169 2742 3368 2792 autem
3416 2736 3542 2807 ipse
3592 2731 3802 2788 studeo

2161 2829 2289 2884 sine
2321 2829 2681 2885 offendiculo
2729 2827 3154 2884 conscientiam
3200 2825 3417 2881 habere
3450 2840 3588 2896 erga
3618 2823 3803 2877 Deum

2162 2923 2219 2972 et
2249 2918 2520 2974 homines
2554 2935 2807 2990 semper.
2843 2920 2983 2973 Post
3011 2933 3200 2972 annos
3243 2921 3440 2970 autem
3473 2913 3676 2984 plures
3706 2927 3806 2966 ac-

2161 3007 2310 3062 cessi
2359 3007 2768 3080 eleemosynas
2812 3007 3183 3062 exhibiturus
3216 3005 3277 3057 in
3323 3008 3558 3075 gentem
3609 3016 3802 3055 meam

2161 3101 2217 3150 et
2241 3095 2596 3162 oblationes,
2647 3097 2710 3150 in
2741 3095 2957 3165 quibus
3014 3097 3435 3164 compererunt
3482 3107 3578 3145 me
3628 3089 3800 3160 puri-

2161 3186 2401 3242 ﬁcatum
2434 3188 2495 3242 in
2553 3187 2798 3258 templo,
2840 3186 2997 3240 haud
3035 3201 3169 3239 cum
3228 3182 3399 3237 turba
3444 3196 3637 3250 neque
3670 3195 3803 3233 cum

2161 3277 2438 3332 tumultu.
2493 3277 2741 3342 Quidam
2817 3280 3015 3331 autem
3073 3291 3142 3328 ex
3198 3272 3335 3326 Asia
3400 3269 3606 3337 Judaei,
3655 3285 3802 3339 quos

2160 3366 2468 3437 oportebat
2522 3365 2679 3436 apud
2731 3370 2786 3420 te
2834 3370 3048 3436 prmsto
3116 3377 3242 3417 esse
3312 3366 3369 3415 et
3424 3373 3723 3424 accusare,
3753 3356 3800 3410 si

2161 3455 2303 3526 quid
2361 3455 2650 3511 haberent
2703 3455 3015 3510 adversum
3074 3469 3165 3507 me
3208 3469 3221 3506 :
3272 3455 3374 3506 aut
3427 3448 3486 3503 hi
3547 3447 3659 3518 ipsi
3709 3445 3800 3500 di-

2161 3552 2317 3613 cant,
2351 3547 2572 3618 siquid
2617 3545 3136 3618 deprehenderunt
3185 3544 3245 3597 in
3297 3558 3391 3596 me
3450 3537 3804 3610 iniquitatis,

2161 3653 2295 3691 cum
2347 3641 2495 3691 stem
2549 3637 2610 3690 in
2659 3636 2912 3692 concilio
2955 3634 3118 3688 :nisi
3169 3632 3240 3686 de
3299 3647 3418 3686 una
3475 3630 3584 3684 hac
3641 3641 3800 3692 voce,

2162 3741 2278 3796 qua
2335 3726 2580 3782 clamavi
2630 3726 2786 3781 inter
2837 3742 2904 3781 eo
2960 3730 3144 3779 stans.
3214 3723 3293 3775 De
3363 3717 3800 3774 resurrectione

2163 3821 2530 3870 mortuorum
2564 3831 2668 3886 ego
2691 3814 2930 3886 judicor
2970 3812 3145 3867 hodie
3175 3809 3413 3864 avobis.
3447 3828 3476 3857 »

2239 4013 2265 4044 α
2292 3993 2463 4046 Juxta
2492 3992 2645 4048 viam
2681 4008 2860 4062 quam
2893 3994 3103 4045 vocant
3124 3987 3396 4042 haeresim
3421 3985 3505 4040 sic
3536 3983 3665 4039 colo
3697 3999 3803 4054 pa-

2161 4081 2339 4135 trium
2370 4085 2633 4136 Deum.»
2685 4081 2896 4135 Dicens
2945 4095 3006 4134 se
3057 4081 3241 4132 Deum
3291 4075 3546 4148 patrium
3608 4073 3804 4127 colere

2159 4175 2293 4242 post
2322 4170 2536 4225 factam
2567 4170 2932 4224 vocationem
2963 4174 3030 4222 ut
3059 4172 3258 4221 essent
3305 4163 3577 4236 apostoli,
3604 4168 3804 4217 osten-

2162 4259 2250 4313 dit
2279 4259 2553 4315 eumdem
2595 4275 2723 4314 esse
2771 4263 2956 4314 Deum
3016 4255 3242 4312 Veteris
3295 4271 3362 4310 ac
3409 4253 3548 4307 Novi
3601 4253 3800 4306 Testa-

2159 4351 2366 4421 menti,
2409 4366 2586 4422 quem
2643 4349 2738 4404 lex
2786 4354 2845 4403 et
2891 4347 3194 4419 prophetm
3255 4342 3798 4398 annuntiaverunt:

2160 4457 2336 4512 quem
2394 4439 2612 4496 Paulus
2687 4437 3064 4512 praedicabat,
3122 4435 3326 4491 dicens
3385 4449 3446 4488 se
3506 4429 3800 4485 universis

2162 4531 2402 4586 credere
2451 4548 2582 4603 quas
2624 4531 2685 4585 in
2731 4531 2858 4602 lege
2895 4546 2963 4586 ac
3021 4525 3324 4600 prophetis
3367 4523 3589 4594 scripta
3639 4525 3798 4575 sunt.

2161 4620 2435 4676 Latenter
2463 4628 2663 4677 autem
2695 4621 2990 4676 Christum
3023 4618 3199 4673 etiam
3229 4616 3325 4670 hic
3357 4612 3610 4677 induxit,
3644 4611 3738 4666 I7
3750 4610 3800 4664 0

2161 4709 2263 4764 sed
2294 4711 2533 4766 interim
2567 4711 2626 4765 in
2656 4725 2930 4765 sermone
2961 4707 3032 4762 de
3056 4704 3491 4762 resurrectione
3511 4705 3798 4770 versatur,

2158 4815 2336 4870 quem
2386 4799 2446 4854 hi
2499 4799 2572 4855 ab
2632 4799 2872 4854 exordio
2931 4795 3406 4868 oppugnabant:
3467 4793 3580 4848 hoc
3637 4789 3798 4845 enim

2157 4894 2416 4955 ostenso,
2440 4887 2615 4944 facile
2647 4888 2824 4943 etiam
2847 4903 2978 4959 qua:
3011 4886 3082 4941 de
3112 4885 3341 4940 Christo
3377 4887 3518 4938 sunt
3535 4878 3800 4951 superin-

2154 4973 2415 5051 duceret,
2457 4991 2669 5048 nempe
2703 4975 2862 5046 quod
2885 4973 3294 5029 resurrexerit.

2225 5064 2416 5127 XXIV,
2441 5065 2629 5118 22-27.
2658 5087 2684 5114 «
2734 5063 2958 5119 Auditis
2988 5070 3185 5118 autem
3217 5063 3332 5128 his,
3364 5060 3525 5115 Felix
3564 5054 3798 5111 distulit

2152 5152 2307 5220 illos,
2342 5169 2474 5207 cum
2533 5158 2692 5207 certo
2727 5152 2904 5208 sciret
2933 5170 3063 5223 quin
3095 5151 3168 5206 ad
3200 5167 3328 5205 eam
3358 5149 3510 5201 viam
3569 5142 3792 5198 attine—

2150 5243 2310 5308 bant,
2356 5242 2558 5298 dicens
2594 5245 2776 5298 :Cum
2825 5243 3097 5298 tribunus
3148 5240 3347 5312 Lysias
3399 5234 3795 5303 descenderit,

2149 5347 2501 5403 pernoscam
2579 5349 2814 5388 causam
2875 5339 3132 5388 vestram
3204 5326 3568 5400 :jussitque
3653 5339 3793 5378 cen-

2147 5419 2368 5474 turioni
2426 5425 2494 5474 ut
2557 5419 2880 5474 custodiret
2933 5418 3201 5483 Paulum,
3262 5416 3605 5484 sineretque
3652 5427 3788 5465 eum

2145 5509 2420 5577 relaxari,
2452 5514 2509 5564 et
2552 5525 2626 5564 ne
2673 5525 2851 5579 quem
2893 5525 2962 5563 ex
3019 5507 3184 5561 illius
3240 5503 3634 5560 familiaribus
3683 5517 3783 5556 ve-

2143 5603 2297 5654 taret
2353 5598 2805 5654 subministrare
2837 5598 2912 5665 ei,
2959 5601 3061 5652 aut
3101 5595 3264 5651 adire
3316 5612 3472 5651 eum.
3508 5597 3646 5650 Post
3673 5591 3784 5649 ali-

2145 5694 2288 5760 quot
2317 5694 2517 5745 autem
2548 5687 2672 5743 dies
2721 5703 2852 5742 cum
2883 5686 3223 5743 advenisset
3244 5686 3404 5741 Felix
3460 5703 3594 5743 cum
3627 5684 3782 5737 Dru—
