4112 6250
337 361 455 420 283

1345 364 1748 426 COMMENT.
1800 359 1883 418 IN
1932 355 2127 415 ACTA
2173 357 2774 425 APOSTOLOBUM.

3629 373 3743 431 284

342 493 478 548 silla
550 510 731 549 uxore
795 511 919 563 sua,
997 513 1128 568 quas
1188 503 1316 552 erat
1391 497 1612 562 Judma,
1679 491 1958 549 accersivi

2099 488 2353 561 πέμψατο
2383 490 2475 544 τὸν
2534 493 2770 551 Παῦλον.
2836 497 2935 553 Καὶ
2985 495 3214 565 ἤκουσεν
3268 499 3432 554 αὐτοῦ
3477 499 3602 576 περὶ
3643 504 3745 566 τῆς

335 582 606 651 Paulum,
639 589 697 638 et
734 583 956 639 audivit
985 585 1056 640 ab
1089 603 1156 641 eo
1210 587 1407 652 fidem,
1443 603 1572 656 quas
1599 589 1689 640 est
1717 584 1778 636 in
1808 581 1976 637 Chri-

333 678 508 726 stum.
538 673 882 744 Disputante
932 682 1127 730 autem
1169 677 1271 731 illo
1322 677 1392 731 de
1431 675 1666 746 justitia
1711 678 1769 727 et
1826 677 1976 726 tem-

333 763 622 831 perantia,
661 769 718 816 et
746 762 817 818 de
858 764 1085 834 judicio
1135 766 1352 831 futuro,
1389 765 1770 819 tremefactus
1815 759 1975 814 Felix

331 851 676 920 respondit:
711 854 774 906 In
808 855 1124 924 praesentia
1172 855 1288 918 abi,
1321 861 1599 910 caeterum
1630 858 1838 908 nactus
1869 866 1974 919 op-

330 940 754 1008 portunitatem
809 959 1105 998 accersam
1164 949 1222 998 te
1265 944 1480 998 :simul
1529 949 1588 996 et
1643 939 1791 995 illud
1841 953 1970 1008 spe-

329 1045 468 1082 rans
495 1029 620 1084 fore
674 1037 736 1084 ut
777 1034 1030 1103 pecunia
1083 1033 1192 1087 sibi
1253 1033 1494 1087 daretur
1533 1048 1566 1086 a
1614 1029 1796 1084 Paulo
1855 1043 1971 1097 quo

330 1119 586 1174 solveret
640 1120 855 1191 ipsum,
916 1129 1155 1194 propter
1185 1123 1345 1192 quod
1395 1122 1568 1176 etiam
1631 1120 1974 1188 frequenter

324 1224 638 1263 accersens
669 1226 827 1278 eum,
860 1212 1216 1282 loquebatur
1247 1229 1381 1266 cum
1416 1229 1504 1267 eo.
1552 1233 1574 1260 »

397 1320 423 1346 «
451 1298 681 1353 Auditis
715 1300 806 1354 his
838 1302 1018 1356 Felix.
1047 1324 1075 1350 η
1127 1302 1566 1357 Advertendum
1601 1298 1762 1370 quod
1809 1296 1971 1351 Felix

325 1395 567 1444 noverat
599 1389 1122 1463 ﬁdem,diligenter
1144 1394 1469 1448 instructus
1486 1409 1554 1447 ex
1582 1391 1758 1446 veteri
1780 1390 1974 1443 Testa-

325 1485 528 1533 mento
561 1479 619 1533 in
647 1480 736 1535 bis
769 1499 898 1551 quas
950 1484 1160 1538 (Lhristi
1214 1489 1352 1538 sunt
1376 1501 1387 1538 :
1415 1489 1474 1538 et
1502 1483 1574 1537 ad
1632 1482 1969 1537 Judteorum

324 1567 571 1637 gratiam
607 1587 724 1624 non
744 1571 1277 1634 absolvitPaulum.
1307 1579 1406 1627 aut
1429 1573 1605 1627 etiam
1637 1577 1701 1624 ut
1724 1583 1972 1624 munera

322 1657 634 1728 acciperet,
677 1661 1178 1730 quemadmodum
1239 1661 1608 1732 subsequens
1650 1677 1844 1715 sermo
1876 1659 1972 1712 de-

323 1753 636 1803 monstrat.
671 1751 922 1805 Noverat
953 1768 1187 1822 quoque
1243 1752 1374 1814 ista,
1405 1768 1471 1805 eo
1533 1749 1691 1822 quod
1724 1764 1969 1803 uxorem

2091 577 2167 664 εἰς
2225 580 2460 653 Χριστὸν
2522 581 2780 646 πίστεως.
2840 584 3246 663 Διαλεγομένου
3305 585 3363 643 δὶ
3421 587 3584 644 αὐτοῦ
3615 589 3741 664 περῖ

2088 663 2440 738 δικαιοσύνης
2515 671 2604 725 καὶ
2679 673 2993 750 ἐγκρατείας
3093 676 3181 732 καὶ
3269 682 3366 732 τοῦ
3468 678 3737 754 κρίματος

2083 759 2180 808 τοῦ
2229 755 2532 828 μέλλοντος
2591 758 2821 828 ἔσεσθαι,
2881 757 3127 838 ἔμφοϐος
3176 766 3523 841 γενόμενοςὸ
3555 766 3736 837 Φῆλιξ

2086 843 2372 916 ἀπεκρίθη·
2433 848 2509 902 Τὸ
2564 853 2653 902 νῦν
2713 843 2842 926 ἕχον
2907 852 3161 924 πορεύου,
3219 856 3408 930 καιρὸν
3461 853 3517 910 δὲ
3568 877 3739 929 μετα-

2086 929 2272 1005 λαβὼν
2342 936 2782 1010 μετακαλέσομαί
2856 961 2935 1008 σε,
3013 943 3125 1014 ἃμα
3193 941 3251 998 δὲ
3315 929 3405 998 καὶ
3472 943 3736 1015 ἐλπίζων,

2083 1021 2165 1075 ὅτι
2236 1025 2498 1097 χρήματα
2571 1024 2854 1097 δοθήσεται
2932 1031 3078 1103 αὐτῷ
3156 1033 3256 1086 ὑπὸ
3323 1038 3419 1087 τοῦ
3495 1033 3739 1104 Παύλου,

2083 1109 2230 1173 ὅπως
2263 1110 2400 1187 λόσῃ
2457 1115 2635 1172 αὐτόν.
2698 1121 2778 1172 Δι’
2834 1120 2862 1173 ὃ
2915 1121 3002 1175 καὶ
3064 1121 3391 1198 πυκνότερον
3447 1121 3606 1178 αὐτὸν
3639 1145 3734 1197 μεο

2079 1202 2502 1274 ταπεμπόμενος
2534 1204 2738 1278 ὡμίλει
2768 1209 2937 1280 αὐτῷ.
2969 1234 2996 1261 ››

2158 1315 2177 1340 α
2211 1291 2475 1353 Ἀκούσας
2507 1299 2673 1350 ταῦτα
2731 1298 2759 1351 6
2819 1297 3017 1367 Φῆλιξ.
3056 1324 3083 1350 ››
3127 1301 3474 1374 Σημειωτέον
3503 1303 3588 1358 ὅτι
3612 1301 3732 1378 ᾔδει

2082 1380 2110 1432 6
2165 1379 2356 1469 ,Φῆλιξ
2419 1384 2518 1451 τὴν
2578 1385 2781 1454 πίστιν,
2841 1383 3081 1460 ἀκριϐῶς
3137 1392 3474 1469 κατηχηθεὶς
3526 1391 3584 1446 ἐκ
3629 1398 3733 1461 τῆς

2083 1466 2322 1530 Παλαιᾶς
2360 1471 2427 1524 τὰ
2457 1473 2577 1546 περὶ
2608 1479 2705 1528 τοῦ
2736 1476 2998 1550 Χριστοῦ,
3056 1479 3144 1532 καὶ
3201 1466 3339 1553 πρὸνς
3393 1481 3555 1555 χάριν
3587 1482 3728 1536 Ἰου-

2081 1553 2249 1611 δαίων
2282 1557 2380 1613 οὐκ
2409 1559 2642 1616 ἀπέλυσε
2693 1565 2785 1618 τὸν
2851 1565 3087 1636 Παῦλον,
3139 1568 3173 1636 ἦ
3223 1570 3314 1624 καὶ
3355 1553 3443 1624 διὰ
3472 1553 3732 1644 δωρολη-

2079 1648 2229 1720 ψίαν,
2289 1650 2364 1712 ὡς
2421 1654 2766 1725 παρακατιὼν
2824 1656 2851 1710 6
2906 1653 3071 1732 λόγος
3131 1656 3342 1730 ἔδειξεν.
3375 1659 3522 1718 Ἔδει
3551 1659 3610 1716 δὲ
3636 1660 3729 1716 καὶ

2079 1737 2152 1800 ὡς
2185 1736 2330 1813 ἔχων
2356 1747 2580 1816 γυναῖκα
2636 1741 2920 1814 Ἰουδαίαν,
2979 1750 3105 1823 παρ’
3159 1751 3226 1817 ἧς
3287 1754 3532 1824 συνεχῶς
3560 1751 3732 1819 ἤκουε

324 1835 570 1891 haberet
623 1837 905 1905 Judazam,
967 1857 1000 1895 a
1051 1858 1168 1911 qua
1205 1842 1331 1895 haec
1353 1840 1635 1895 continue
1667 1838 1963 1893 audiebat.

2076 1829 2286 1923 ταῦτα.¹
2329 1827 2477 1900 Αὕτη
2549 1827 2607 1885 δὲ
2672 1833 2816 1906 παρὰ
2880 1835 2972 1889 τὸν
3035 1835 3206 1909 νόμον
3273 1840 3518 1915 συνήφθη
3563 1839 3734 1909 αὐτῷ,

327 1923 460 1977 Haec
520 1931 718 1979 autem
780 1933 995 1997 praeter
1049 1928 1237 2000 legem
1281 1929 1391 1999 ipsi
1451 1928 1770 1998 conjuncta
1823 1931 1970 1991 erat,

330 2027 546 2082 nempe
577 2013 778 2069 Judzea
810 2017 1026 2071 Graeco.
1062 2019 1175 2070 Aut
1204 2017 1473 2071 fortassis
1507 2016 1707 2070 Iudaea
1734 2014 1974 2085 quidem

333 2105 476 2163 erat,
506 2109 791 2172 nupserat
826 2109 1020 2160 tamen
1054 2105 1140 2159 illi
1188 2111 1311 2160 tum
1344 2121 1479 2160 cum
1522 2107 1721 2160 Graeca
1777 2108 1970 2158 esset:

329 2195 572 2260 propter
591 2191 748 2260 quod
783 2193 959 2248 etiam
992 2193 1227 2249 dicebat
1253 2195 1364 2266 ipsi
1394 2211 1561 2249 suam
1608 2193 1809 2252 ﬁdem.
1839 2208 1976 2247 sua-

328 2278 474 2334 dens
500 2286 564 2334 ut
594 2281 681 2335 vir
709 2299 946 2354 quoque
980 2284 1052 2339 ad
1083 2301 1213 2340 eam
1241 2285 1522 2341 transiret
1552 2284 1760 2339 relicta
1789 2284 1982 2338 idolo'

323 2369 516 2427 latria.

894 2462 1124 2517 CAPUT
1157 2461 1401 2517 XXXVI.

323 2548 469 2623 11:1
511 2549 580 2623 De
602 2549 800 2623 Felicis
849 2552 1225 2619 defunctione,
1252 2555 1506 2623 Festique
1538 2555 1890 2618 successione,
1925 2559 1975 2606 et

393 2621 559 2674 Pauli
589 2621 655 2674 ab
683 2638 743 2676 eo
772 2625 1216 2693 interrogatione
1265 2631 1321 2678 et
1343 2621 1754 2693 provocatione.

394 2816 585 2882 XXIV,
618 2821 722 2883 27;
757 2820 930 2882 XXV,
964 2822 1114 2873 1-12.
1150 2843 1176 2868 ‹‹
1222 2821 1468 2875 Biennio
1515 2827 1713 2876 autem
1738 2821 1968 2892 expleto

323 2906 552 2975 accepit
609 2923 1012 2962 successorem
1072 2909 1232 2963 Felix
1263 2911 1527 2964 Portium
1571 2911 1826 2965 Festum.
1861 2911 1972 2965 Vo-

318 2993 450 3048 lens
479 2999 677 3050 autem
733 2997 982 3067 gratiam
1035 3005 1316 3069 praestare
1341 2999 1558 3054 Judaeis
1607 3001 1788 3070 Felix,
1826 3001 1968 3054 reli-

322 3085 451 3154 quit
498 3086 743 3140 Paulum
794 3087 1056 3142 vinctum
1102 3090 1306 3143 Festus
1349 3106 1484 3160 ergo
1516 3096 1791 3160 suscepta
1838 3107 1969 3161 pro-

319 3174 532 3241 vincia,
567 3181 700 3246 post
738 3177 1000 3231 triduum
1027 3178 1297 3232 ascendit
1322 3179 1685 3250 Jerosolyma
1715 3179 1786 3233 ab
1818 3179 1962 3234 urbe

2087 1912 2322 1970 Ἰουδαία
2352 1915 2513 1979 οὖσας
2571 1919 2829 1992 Ἕλληνι.
2899 1924 2968 1978 Ἤ
3024 1926 3170 1998 τάχα
3225 1925 3292 1994 ἦν
3350 1912 3442 1997 μὲν
3472 1924 3741 1998 Ἰουδαία,

2083 2010 2390 2078 γαμηθεῖσα
2444 2003 2500 2060 δὲ
2543 2008 2690 2080 αὑτῷ
2745 2009 2951 2086 ἐγένετο
3001 2011 3280 2081 Ἑλληνίς·
3339 2012 3411 2068 δι’
3439 2015 3585 2070 ὅκαὶ
3616 2013 3742 2070 ἕλε-

2083 2113 2172 2166 γεν
2205 2094 2351 2166 αὑτῷ
2386 2097 2485 2164 τήν
2518 2098 2711 2168 ἑαυτῆς
2767 2101 2969 2174 πίστιν,
3028 2102 3285 2158 πείθουσα
3325 2103 3415 2159 καὶ
3445 2106 3534 2160 τὸν
3567 2103 3741 2180 ἄνδρα

2084 2179 2403 2258 παραϐάτην
2432 2188 2695 2260 γενέσθαι.

2690 2461 2952 2515 ΚΕΦΑΛ.
3013 2462 3123 2528 AC.

2084 2541 2214 2616 Ηερὶ
2303 2543 2726 2635 τῆςςφήλέκος
2802 2546 3090 2640 διαδοχῆς,

2153 2633 2507 2689 προᾳγωγης,
2555 2633 2655 2687 τῆς
2706 2641 2765 2674 τε

2151 2686 2239 2740 καὶ
2270 2686 2520 2766 ἐφέσεως.

3169 2551 3257 2605 καὶ
3331 2557 3431 2620 τῆς
3509 2554 3736 2622 Φήστου

2815 2619 2838 2674 ἐ
2885 2623 2896 2643 ν
2965 2619 3006 2640 ’ἲ
3089 2626 3111 2636 ὐ
3157 2621 3169 2642 9
3391 2619 3396 2620 ⁷
3584 2619 3619 2656 ’.Ι

2843 2642 2880 2675 π
2945 2639 3114 2677 αυτου
3144 2623 3474 2697 ανακρίσεως
3509 2627 3736 2680 Ηαδλου

2154 2835 2181 2864 ι(
2215 2811 2420 2877 Διετίας
2467 2811 2523 2867 δὶ
2570 2812 2962 2889 πληρωθείσης
3021 2813 3185 2874 ἔλαϐε
3237 2816 3498 2894 διάδοχον
3549 2820 3578 2874 6
3611 2827 3739 2890 Φῆ-

2080 2897 2165 2970 λιξ
2232 2901 2466 2973 Ηόρκιον
2530 2907 2769 2968 Φῆστον.
2837 2903 3020 2960 Θέλων
3088 2929 3146 2962 τε
3210 2909 3437 2982 χάριτας
3501 2910 3732 2973 καταθέ-

2078 2992 2195 3044 σθαι
2225 2997 2342 3053 τοῖς
2401 2991 2686 3057 Ἰουδαίοις
2747 2997 2774 3049 6
2834 2995 3035 3066 Φῆλιξ,
3090 2997 3347 3053 κατέλιπε
3392 2999 3481 3053 τὸν
3510 2999 3727 3055 Ηαῦλον

2077 3077 2382 3153 δεδεμένον.
2445 3089 2662 3152 Φῆστος
2722 3083 2816 3138 οῦν
2882 3080 3074 3148 ἐπιϐὰς
3128 3091 3196 3160 τῇ
3269 3088 3528 3164 ἐπαρχία,
3593 3089 3731 3161 μετὰ

2072 3175 2218 3242 τρεῖς
2268 3171 2482 3246 ἡμέρας
2547 3167 2708 3242 ἀνέϐη
2772 3173 2848 3234 είς
2920 3174 3275 3248 Ἱεροσόλυμα
3347 3177 3454 3230 ἀπὸ
3523 3183 3728 3231 Καισα-

519 3229 531 3241 ,
568 3229 623 3246 ιν
690 3229 694 3230 κ
1031 3229 1293 3232 mnu—ﬂ
1326 3229 1684 3250 -——-—-—.,————
1717 3229 1780 3233 η-
1828 3229 1958 3234 --ην

321 3263 568 3320 Caesare.
625 3265 1232 3338 Signiﬁcaveruntque
1286 3268 1373 3321 illi
1431 3270 1731 3340 principes
1771 3287 1963 3326 sacer-

2075 3259 2242 3330 ρείας.
2310 3261 2672 3337 Ἐνεφάνησάν
2737 3283 2794 3316 τε
2863 3263 3010 3335 αὐτῷ
3079 3266 3107 3318 6
3176 3265 3461 3341 ἀρχιερεὺς
3521 3267 3611 3320 καὶ
3671 3268 3726 3320 οἱ

321 3351 525 3406 dotum
557 3370 623 3407 ac
665 3356 956 3424 primores
1003 3357 1332 3411 Iudaeorum
1381 3357 1453 3411 de
1513 3359 1730 3413 Paulo:
1765 3365 1821 3412 et
1872 3377 1966 3413 ro-

319 3439 540 3511 gabant
583 3457 740 3504 eum,
798 3445 1168 3513 postulantes
1221 3446 1478 3499 favorem
1539 3447 1818 3502 adversus
1876 3449 1965 3518 ip-

321 3545 471 3594 sum,
523 3534 590 3583 ut
665 3537 995 3586 accerseret
1066 3533 1234 3587 illum
1293 3534 1639 3599 Jerusalem,
1717 3536 1964 3590 insidias

319 3617 655 3683 tendentes,
711 3625 775 3672 ut
823 3620 1231 3677 interficerent
1279 3639 1414 3677 eum
1473 3624 1533 3677 in
1595 3625 1701 3678 via.
1756 3626 1963 3681 Festus

321 3714 518 3763 autem
571 3709 878 3780 respondit
943 3717 1010 3766 ut
1066 3718 1398 3767 servaretur
1453 3713 1690 3784 quidem
1746 3715 1963 3770 Paulus

321 3799 601 3853 Caesareae
645 3814 749 3853 :se
805 3815 940 3853 vero
999 3799 1156 3856 brevi
1216 3801 1319 3854 illo
1366 3801 1789 3872 profecturum.
1855 3804 1962 3868 Qui

324 3902 480 3958 ergo,
543 3889 758 3959 inquit,
838 3890 993 3945 inter
1048 3907 1148 3944 vos
1221 3896 1494 3962 potentes
1552 3897 1708 3959 sunt,
1784 3892 1963 3947 simul

320 3976 770 4045 descendentes,
817 3979 864 4034 si
925 3981 1084 4051 quod
1141 3986 1228 4035 est
1266 3981 1325 4034 in
1355 3981 1480 4036 viro
1510 3982 1757 4049 crimen,
1790 3999 1963 4036 accu-

318 4075 452 4122 sent
481 4085 636 4123 eum.
672 4071 1023 4124 Demaratus
1052 4075 1247 4125 autem
1281 4071 1437 4125 inter
1465 4088 1565 4126 eos
1595 4071 1806 4126 diebus
1837 4088 1959 4126 am-

314 4158 473 4230 plius
512 4175 689 4230 quam
735 4160 960 4227 decem,
1011 4160 1322 4216 descendit
1368 4163 1715 4226 Caesaream,
1768 4168 1826 4216 et
1855 4180 1957 4233 p0-

315 4255 470 4305 stero
504 4249 598 4305 die
644 4250 797 4305 sedit
847 4268 952 4322 pro
1012 4251 1314 4318 tribunali,
1353 4252 1652 4322 jussitque
1708 4252 1956 4306 Paulum

313 4337 546 4392 adduci.
579 4337 686 4402 Qui
721 4355 848 4392 cum
881 4337 1199 4408 perductus
1231 4343 1402 4403 esset,
1439 4340 1958 4393 circumsteterunt

312 4443 446 4480 eum
479 4426 666 4497 quiab
687 4426 1068 4497 Jerosolymis
1088 4425 1736 4495 descenderantJudwi,
1771 4427 1959 4482 multa

312 4521 371 4569 et
399 4517 595 4587 gravia
625 4517 877 4571 crimina
922 4515 1302 4570 intendentes
1345 4515 1626 4570 adversus
1683 4516 1952 4584 Paulum,

310 4621 440 4675 quae
473 4623 588 4660 non
621 4611 894 4676 poterant
938 4605 1210 4676 probare,
1260 4605 1441 4660 Paulo
1473 4622 1579 4676 pro
1613 4623 1674 4661 se
1704 4623 1947 4677 respon-

2075 4600 2300 4669 ]αύλου,
2401 4597 2433 4653 ἃ

307 4693 504 4762 dente,
548 4696 703 4765 quod
742 4712 934 4766 neque
983 4695 1039 4749 in
1093 4695 1281 4766 legem
1338 4695 1696 4765 Judaaorum,
1755 4713 1949 4767 neque

308 4786 370 4839 in
411 4784 721 4856 templum,
773 4801 968 4856 neque
1001 4785 1061 4839 in
1107 4786 1396 4840 Cmsarem
1431 4786 1755 4856 quidquam
1811 4803 1947 4858 pec-

307 4881 518 4929 casset.
569 4875 775 4928 Festus
831 4879 1029 4928 autem
1082 4875 1283 4929 volens
1335 4875 1652 4946 gratiﬁcari
1708 4876 1946 4943 Judaais,

305 4963 676 5037 respondens
757 4963 959 5029 Paulo,
1042 4964 1255 5018 dixit:
1347 4965 1440 5019 Vis
1523 4965 1948 5037 Jerosolymam

307 5054 649 5120 ascendere,
702 5059 760 5108 et
817 5052 896 5106 ibi
926 5052 996 5107 de
1029 5053 1119 5106 his
1153 5053 1408 5123 judicari
1441 5055 1597 5125 apud
1631 5055 1768 5109 me?
1797 5057 1950 5110 Dixit

306 5151 502 5201 autem
536 5143 791 5199 Paulus:
846 5142 932 5196 Ad
985 5141 1241 5197 tribunal
1288 5143 1534 5198 Caesaris
1565 5150 1672 5212 sto,
1708 5144 1807 5199 ubi
1855 5162 1947 5199 me

305 5240 538 5307 oportet
575 5233 856 5306 judicari.
915 5231 1132 5286 Judazis
1187 5232 1413 5287 nullam
1470 5233 1583 5288 feci
1641 5235 1945 5305 injuriam,

306 5325 458 5379 sicut
489 5330 548 5379 et
604 5329 668 5377 tu
699 5321 913 5377 melius
973 5321 1149 5374 nosti.
1185 5320 1238 5373 Si
1301 5321 1458 5375 enim
1492 5322 1771 5392 injuriam
1812 5323 1948 5393 feci,

305 5421 406 5470 aut
435 5415 740 5485 quidpiam
787 5413 1030 5485 dignum
1075 5416 1264 5465 morte
1310 5414 1659 5482 perpetravi,
1713 5429 1830 5468 non
1862 5429 1950 5467 re-

303 5522 446 5561 cuso
491 5505 659 5558 mori.
723 5505 779 5558 Si
830 5520 964 5558 vero
1014 5501 1165 5557 nihil
1205 5507 1293 5556 est
1337 5518 1542 5557 eorum
1600 5503 1671 5557 de
1733 5502 1948 5572 quibus

302 5595 456 5651 I12
488 5594 548 5648 hi
583 5597 861 5648 accusant
907 5607 1022 5657 me,
1077 5607 1250 5645 nemo
1301 5595 1495 5661 potest
1552 5607 1646 5646 me
1678 5590 1797 5644 illis
1854 5590 1951 5645 do-

303 5702 472 5745 nare.
503 5683 801 5740 Caesarem
833 5679 1089 5751 appello.
1122 5683 1280 5735 Tunc
1296 5681 1502 5734 Festus
1535 5695 1668 5734 cum
1699 5679 1949 5734 consilio

2537 3349 2814 3406 Ἰουδαίων
2885 3353 3021 3406 κατὰ
3117 3358 3213 3408 τοῦ
3315 3354 3554 3424 Παύλου,
3630 3355 3726 3410 καὶ

2071 3439 2411 3512 παρεκάλουν
2466 3441 2654 3510 αὐτὸν,
2731 3441 3040 3515 αἰτούμενοι
3121 3463 3283 3518 χαριν
3355 3446 3469 3500 κατ’
3525 3443 3716 3514 αὐτοῦ,

2071 3526 2221 3590 ὅπως
2296 3527 2715 3601 μεταπέμψηται
2791 3531 2949 3586 αὐτὸν
3025 3531 3101 3594 εἷς
3178 3533 3555 3607 Ἰερουσαλὴμ,
3632 3530 3718 3586 ἔνι-

2072 3614 2225 3688 εδραν
2254 3621 2560 3683 ποιοῦντες,
2627 3617 2834 3674 ἀνελεῖν
2900 3621 3061 3676 αὐτὸν
3119 3623 3254 3678 κατὰ
3320 3625 3418 3693 τὴν
3474 3621 3710 3680 ὀδόν.Ὁ

2074 3707 2168 3779 μὲν
2234 3705 2325 3761 οὖν
2390 3713 2609 3776 Φῆστος
2673 3708 2936 3782 ἀπεκρίθη
3003 3714 3282 3784 τηρεῖσθαι
3346 3714 3438 3768 τὸν
3496 3709 3710 3770 Παῦλον

2070 3794 2122 3850 ἐν
2187 3798 2506 3870 Καισαρείᾳ,
2562 3797 2747 3852 ἑαυτὸν
2802 3795 2857 3852 δὲ
2919 3797 3140 3870 μέλλειν
3209 3801 3260 3856 ἂν
3329 3802 3485 3878 τάχει
3551 3801 3723 3857 ἐκπο·

2071 3884 2338 3959 ρεύεσθαι.
2398 3885 2464 3942 Οἱ
2514 3884 2606 3940 οὖν
2655 3883 2866 3941 δυνατοὶ
2919 3887 2972 3942 ἐν
3033 3888 3181 3959 ὑμῖν,
3243 3892 3398 3966 φησὶ,
3445 3912 3720 3968 συγκατα-

2069 3969 2280 4044 ϐάντες,
2313 3973 2366 4029 εἷ’
2419 3997 2470 4030 τι
2529 3975 2670 4029 ἐστὶν
2729 3973 2780 4030 ἐν
2834 3981 2913 4047 τῷ
2969 3973 3122 4051 ἀνδρὶ
3174 3979 3353 4052 τούτῳ
3381 3980 3714 4057 κατηγορεί-

2064 4084 2240 4119 τωσαν
2315 4063 2500 4119 αὐτοῦ·
2580 4065 2870 4139 Διατρίψας
2973 4062 3030 4119 δὲ
3103 4065 3156 4121 ἐν
3235 4069 3424 4130 αὐτοῖς
3498 4070 3714 4142 ἡμέρας

2065 4154 2290 4214 πλείους
2341 4153 2376 4222 ἢ
2429 4151 2575 4221 δέκα,
2631 4149 2871 4216 καταϐὰς
2928 4153 3003 4216 εἷς
3066 4157 3408 4232 Καισάρειαν,
3439 4162 3508 4232 τῇ
3540 4157 3709 4215 ἐπαύ-

2067 4263 2181 4316 ριον
2235 4243 2459 4305 καθίσας
2516 4241 2603 4296 ἐπὶ
2658 4247 2754 4297 τοῦ
2809 4244 3077 4317 βήματος,
3129 4243 3376 4302 ἐκέλευσε
3422 4249 3512 4302 τὸν
3565 4252 3708 4302 Παῦ-

2065 4331 2160 4386 λον
2220 4332 2480 4407 ἀχθῆναι.
2536 4330 2977 4406 Παραγενομένου
3043 4331 3099 4388 δὲ
3166 4334 3352 4403 αὐτοῦ,
3421 4335 3706 4411 περιέστη-

2065 4442 2157 4475 σαν
2201 4422 2251 4475 οἱ
2318 4420 2423 4476 ἀπὸ
2489 4418 2890 4494 Ἱεροσολύμων
2947 4417 3380 4494 καταϐεϐηκότες
3442 4423 3702 4495 Ιουδαῖοι,

2063 4509 2247 4565 πολλὰ
2313 4511 2403 4564 καὶ
2474 4509 2638 4584 βαρέα
2713 4509 3009 4583 αἰτιάματα
3084 4511 3333 4589 φέροντες
3409 4516 3544 4570 κατᾶ
3607 4520 3704 4570 τοῦ

2533 4601 2634 4654 οὐκ
2729 4598 2923 4676 ἴσχυον
3016 4602 3318 4676 ἀποδεῖξαι,
3394 4605 3702 4680 ἀπολογου-

2063 4689 2225 4764 μένου
2257 4689 2440 4759 αὐτοῦ,
2473 4689 2558 4744 ὅτι
2590 4686 2726 4746 Οῦτε
2788 4689 2864 4753 εἷς
2918 4691 3012 4746 τὸν
3070 4694 3238 4766 νόμον
3264 4699 3370 4748 τῶν
3400 4693 3701 4764 Ἰουδαίων,

2061 4778 2183 4836 οὕτε
2223 4781 2300 4842 εἷς
2363 4780 2426 4835 τὸ
2495 4781 2660 4855 ἱερὸν,
2731 4777 2852 4835 οὔτε
2921 4781 2998 4844 εἷς
3065 4783 3302 4858 Καίσαρά
3338 4806 3391 4839 τι
3429 4784 3705 4858 ¹ἥμαρτον.

2058 4872 2119 4929 Ὁ
2149 4877 2366 4941 Φῆστος
2424 4869 2480 4926 δὲ
2533 4876 2650 4930 τοῖς
2711 4868 2992 4933 Ἰουδαίοις
3050 4870 3222 4936 θέλων
3277 4874 3439 4950 χάριν
3478 4874 3707 4930 καταθὲ-

2059 4961 2202 5029 σθαι,
2236 4960 2548 5032 ἀποκριθεὶς
2609 4963 2688 5030 τῷ
2746 4957 2969 5030 Παύλῳ,
3031 4961 3163 5015 εἶπε·
3225 4962 3411 5028 Θέλεις
3440 4964 3706 5038 εἷςἹερο-

2059 5047 2276 5122 σόλυμα
2368 5043 2589 5115 ἀναϐὰς,
2651 5047 2760 5101 ἐκεῖ
2815 5047 2938 5117 περὶ
3023 5049 3229 5104 τούτων
3288 5051 3556 5124 κρίνεσθαι
3621 5053 3702 5107 ἐπ’

2058 5136 2231 5211 ἐμοῦ;
2264 5137 2397 5194 Eine
2431 5135 2488 5192 δὲ
2519 5139 2546 5192 6
2582 5135 2816 5198 Παῦλος·
2869 5137 2989 5194 Ἐπὶ
3023 5143 3118 5192 τοῦ
3154 5141 3400 5213 βήματος
3431 5143 3700 5217 Καίσαρος

2057 5229 2223 5288 ἑστώς
2281 5229 2416 5301 εἰμι,
2476 5228 2537 5282 οὗ
2600 5248 2666 5300 με
2733 5224 2816 5281 δεῖ
2868 5226 3157 5302 κρίνεσθαι’
3208 5228 3499 5294 Ἰουδαίους
3550 5230 3703 5287 οὐδὲν

2058 5315 2314 5388 ἠδίκησα,
2379 5319 2452 5378 ὡς
2517 5317 2608 5372 καὶ
2670 5339 2731 5372 συ
2795 5316 3028 5373 κάλλιον
3086 5319 3702 5395 ἒπιγινώσκεις.Εἰμὲν

2057 5408 2158 5482 γὰρ
2235 5407 2423 5475 ἀδικῶ,
2501 5407 2590 5462 καὶ
2668 5404 2812 5476 ἄξιον
2891 5410 3120 5472 θανάτου
3196 5408 3455 5490 πέπραχά
3507 5433 3579 5480 τι,
3636 5411 3698 5469 οὗ

2057 5501 2428 5571 παραιτοῦμαι
2482 5496 2544 5550 τὸ
2600 5497 2901 5554 ἀποθανεῖν,
2963 5497 3026 5553 Εἰ
3082 5494 3139 5552 δὲ
3206 5497 3361 5554 οὐδέν
3427 5500 3570 5557 ἐστιν
3624 5503 3696 5559 ὧν

2059 5587 2208 5642 οὗτοι
2276 5585 2638 5660 κατηγοροῦσί
2694 5607 2821 5659 μου,
2879 5583 3057 5648 οὐδείς
3119 5609 3185 5660 με
3242 5585 3459 5646 δύναται
3516 5591 3699 5656 αὐτοῖς

2057 5676 2404 5752 χαρίσασθαι.
2483 5675 2728 5750 Καίσαρα
2801 5674 3190 5750 ἐπικαλοῦμαι·
3265 5677 3402 5734 Τότε
3471 5681 3498 5735 ὁ
3576 5687 3700 5754 Φῆ-

2071 3349 2280 3422 πρῶτοι
2356 3355 2462 3404 τῶν
