4112 6250
441 298 557 357 287

1427 303 1827 363 COMMENT.
1879 301 1950 360 IN
1999 299 2207 361 ACTA
2250 295 2854 358 APOSTOLORUM.

441 434 686 501 propter
729 431 977 502 produxi
1048 447 1183 488 eum
1212 432 1285 489 ad
1316 451 1438 503 vos,
1468 440 1527 490 et
1590 436 1845 490 maxime
1905 435 1978 489 ad
2000 440 2077 498 te,

2199 427 2250 484 Βὶ
2333 429 2528 484 τούτου
2615 424 3079 500 ἐπικαλεσαμένου
3159 425 3252 480 τὸν
3305 417 3586 492 Σεϐαστὸν,
3633 418 3793 499 ἔκρινα

444 537 548 575 rex
569 522 843 594 Agrippa,
882 527 967 590 ut,
993 525 1430 581 examinatione
1452 525 1624 593 facta,
1657 525 1906 581 habeam
1927 525 2088 595 quod

444 609 721 664 scribam.
763 611 1039 682 Iniquum
1109 613 1267 668 enim
1349 615 1492 668 mihi
1551 614 1782 670 videtur
1849 615 2083 669 mittere

441 697 722 766 vinctum,
747 705 805 754 et
834 700 1091 756 crimina
1123 703 1192 757 de
1243 703 1458 774 quibus
1509 711 1823 760 accusatur
1852 721 1972 759 non
2005 702 2085 758 si-

441 787 742 860 gnificare.
779 810 807 839 ››

514 1080 532 1101 α
573 1054 822 1127 Agrippa
857 1073 979 1112 rex.
1019 1081 1045 1107 »
1078 1060 1193 1112 Aut
1226 1060 1378 1130 regis
1407 1060 1651 1116 nomine
1697 1060 2086 1116 descenderat

440 1145 696 1216 Agrippa
726 1146 788 1199 in
839 1147 1191 1217 provincias,
1235 1154 1293 1202 et
1333 1156 1647 1220 prOpterea
1702 1167 1801 1204 rex
1848 1167 2083 1221 quoque

441 1234 887 1304 appellabatur:
917 1243 1019 1291 aut
1048 1237 1314 1292 fortassis
1341 1239 1466 1310 ipse
1519 1257 1752 1314 quoque
1801 1256 1901 1294 rex
1951 1246 2076 1296 erat

440 1323 700 1394 partium
755 1326 1156 1390 orientalium,
1213 1345 1348 1383 cum
1406 1331 1554 1385 Nero
1611 1330 2083 1386 occidentalibus

439 1411 777 1484 imperaret,
806 1431 873 1470 ac
905 1418 1181 1472 Romanae
1213 1418 1519 1473 resideret.
1559 1443 1578 1467 α
1641 1421 1714 1475 Ut
1755 1426 2086 1475 servaretur

441 1503 687 1574 Augusti
707 1505 1048 1574 cognitioni.
1077 1529 1095 1555 ι
1125 1509 1164 1560 1
1183 1507 1277 1561 74
1301 1500 1569 1561 Σεϐαστὸν
1592 1509 1914 1580 improprie
1942 1510 2086 1563 dicit

439 1607 637 1662 regem
681 1609 784 1647 seu
840 1595 1282 1666 imperatorem,
1350 1598 1851 1668 quemadmodum
1905 1599 2082 1654 etiam

443 1682 776 1736 Caesarem:
828 1700 1005 1753 quem
1051 1685 1205 1740 infra
1254 1685 1562 1742 dominum
1615 1705 1851 1758 quoque
1895 1695 2079 1757 vocat,

442 1771 684 1826 dicens:
718 1795 743 1822 (ί
777 1774 856 1828 De
892 1791 1007 1844 quo
1040 1775 1199 1847 quod
1222 1782 1382 1831 certo
1414 1778 1670 1833 scribam
1689 1779 1930 1834 domino
1963 1796 2082 1834 non

441 1861 652 1918 habeo.
688 1887 716 1913 ››

511 1953 855 2019 XXVl,l.ll.
911 1979 936 2002 ‹‹
990 1955 1243 2027 Agrippa
1293 1972 1429 2010 vero
1481 1956 1554 2011 ad
1622 1957 1872 2012 Paulum
1942 1959 2018 2012 ait
2067 1975 2079 2012 :

435 2043 810 2098 Permittitur
842 2042 948 2098 tibi
982 2043 1145 2115 loqui
1181 2063 1284 2116 pro
1340 2047 1668 2118 temetipso.
1721 2049 1879 2103 Tunc
1931 2049 2084 2103 Pau-

441 2129 535 2185 lus
563 2137 800 2187 extenta
832 2149 1011 2187 manu
1044 2150 1149 2204 pro
1178 2152 1238 2188 se
1261 2134 1532 2190 dicebat:
1569 2136 1757 2208 Super
1806 2137 2085 2192 omnibus

441 2220 512 2275 de
563 2221 778 2291 quibus
824 2239 858 2277 a
899 2222 1118 2278 Iudaeis
1168 2240 1431 2292 accusor,
1490 2241 1592 2280 rex
1641 2227 1918 2298 Agrippa,
1966 2227 2085 2281 exi-

440 2310 616 2364 stimo
649 2327 743 2365 me
775 2310 1034 2378 beatum,
1068 2312 1168 2382 qui
1203 2329 1442 2368 causam
1482 2313 1747 2370 dicturus
1785 2316 1897 2371 sim
1931 2315 2086 2388 apud

445 2403 502 2453 te
534 2399 730 2468 hodie,
758 2417 892 2456 cum
926 2406 987 2456 tu
1019 2403 1274 2458 maxime
1321 2404 1402 2458 sis
1447 2420 1666 2476 gnarus
1702 2421 1906 2461 earum
1956 2423 2088 2476 quae

448 2490 606 2560 apud
668 2490 900 2546 Judaaos
956 2498 1095 2546 sunt
1157 2499 1215 2547 et
1271 2495 1768 2551 consuetudinum
1815 2503 1872 2552 et
1927 2514 2092 2567 quae-

454 2577 735 2633 stionum.
769 2579 1138 2650 Quapropter
1167 2580 1410 2635 obsecro
1438 2587 1493 2637 te
1552 2588 1616 2637 ut
1673 2585 1968 2654 patienter
1993 2602 2089 2641 me

449 2666 677 2723 audias.
710 2668 913 2736 Itaque
942 2668 1118 2722 vitam
1153 2669 1390 2738 quidem
1424 2687 1617 2726 meam
1667 2690 1845 2742 quam
1877 2674 1968 2745 egi
2017 2675 2088 2730 ab

448 2754 868 2824 adolescentia,
922 2773 1052 2826 quas
1099 2757 1211 2811 fuit
1248 2758 1319 2813 ab
1386 2759 1557 2814 initio
1617 2761 1679 2816 in
1735 2768 1908 2833 gente
1958 2779 2092 2819 mea

446 2843 849 2915 Jerosolymis,
892 2852 1184 2900 noverunt
1231 2863 1438 2902 omnes
1484 2848 1689 2915 Judaei,
1760 2852 1860 2921 qui
1926 2853 2089 2924 prius

451 2939 740 2988 noverant
768 2949 862 2989 me
882 2934 954 2990 ab
988 2935 1180 3002 initio,
1200 2937 1249 2990 si
1268 2936 1454 2992 velint
1477 2939 1879 2996 testimonium
1910 2942 2087 3014 ferre,

448 3022 606 3093 quod
641 3023 968 3079 secundum
1017 3025 1544 3096 exquisitissimam
1593 3037 1812 3086 sectam
1872 3038 2088 3089 nostrai

446 3112 752 3184 religionis
801 3113 1042 3169 vixerim
1086 3115 1441 3172 Pharisaaus.
1493 3119 1563 3172 Et
1609 3137 1768 3175 nunc
1795 3121 1867 3176 ob
1921 3140 2082 3194 spem

446 3203 953 3272 repromissionis,
1005 3221 1134 3274 quae
1183 3205 1256 3260 ad
1300 3211 1497 3277 patres
1547 3216 1782 3266 nostros
1813 3211 1967 3268 facta
1999 3217 2088 3269 est

444 3308 480 3346 a
509 3297 648 3357 Deo,
690 3297 778 3347 sto
804 3292 1031 3363 judicio
1064 3293 1386 3364 subjectus,
1419 3297 1492 3352 ad
1547 3316 1724 3368 quam
1773 3299 2087 3357 duodecim

449 3380 638 3435 tribus
689 3387 906 3436 nostrae
957 3383 1251 3438 instanter
1333 3385 1428 3439 die
1477 3402 1543 3441 ac
1613 3394 1785 3443 nocte
1827 3390 2087 3446 colentes

450 3470 658 3537 Deum,
695 3476 936 3540 sperant
967 3487 1028 3526 se
1079 3480 1502 3542 perventuras:
1554 3476 1624 3530 de
1678 3494 1794 3548 qua
1835 3497 1936 3549 spe
1991 3497 2088 3535 ac-

445 3577 638 3624 cusor,
674 3577 774 3614 rex
797 3561 1368 3632 Agrippa,aJudaais.
1407 3565 1555 3629 Quid
1578 3565 1605 3620 ‘I
1633 3583 1707 3621 an
1739 3568 2086 3626 incredibile

442 3648 751 3720 judicatur
781 3666 815 3704 a
859 3649 1020 3705 vobis
1080 3651 1239 3721 quod
1275 3653 1427 3708 Deus
1481 3661 1746 3711 mortuos
1805 3659 2090 3714 suscitet?

447 3739 518 3795 Et
565 3755 668 3808 ego
701 3737 943 3809 quidem
1004 3741 1417 3798 existimabam
1485 3744 1795 3800 adversum
1864 3764 2084 3804 nomen

445 3830 584 3884 Jesu
621 3830 902 3884 Nazareni
944 3835 1220 3900 Oportere
1251 3838 1315 3887 ut
1345 3834 1532 3890 multa
1571 3837 1954 3908 repugnando
2000 3838 2088 3895 fa-

451 3934 670 3979 cerem,
704 3917 863 3988 quod
895 3924 954 3974 et
980 3919 1093 3974 feci
1136 3921 1558 3994 Jerosolymis:
1593 3930 1651 3978 et
1699 3926 1918 3981 multos
1950 3944 2087 3982 san-

449 4015 679 4063 ctorum
738 4024 843 4079 ego
905 4009 1245 4066 carceribus
1311 4012 1549 4082 inclusi,
1619 4031 1652 4070 a
1719 4015 2085 4087 principibus

447 4097 820 4153 sacerdotum
852 4105 1140 4168 potestate
1171 4109 1412 4172 accepta
1440 4120 1726 4175 :cumque
1745 4106 2082 4161 occideren-

451 4193 565 4252 tur,
598 4187 784 4242 detuli
817 4190 1197 4245 sententiam.
1252 4193 1320 4245 Et
1361 4209 1466 4262 per
1507 4211 1713 4249 omnes
1763 4213 2087 4270 synagogas

442 4275 787 4349 frequenter
847 4278 1102 4348 puniens
1169 4295 1291 4343 eos,
1340 4281 1769 4351 compellebam
1807 4282 2084 4355 blasphe—

455 4381 659 4421 mare:
695 4372 754 4422 et
791 4368 1049 4438 amplius
1081 4368 1394 4423 insaniens
1426 4369 1487 4423 in
1530 4387 1650 4439 eos,
1689 4373 2091 4442 persequebar

443 4456 622 4511 etiam
652 4458 714 4512 in
746 4464 976 4514 exteras
1006 4475 1194 4530 usque
1226 4459 1509 4514 civitates.
1544 4482 1571 4511 ››

509 4547 679 4615 Quid,
714 4564 789 4602 an
821 4546 1172 4603 incredibile
1194 4547 1543 4622 judicaturla
1571 4549 1734 4604 vobis
1756 4551 1915 4621 quod
1937 4553 2089 4608 Deus
2123 4533 2166 4597 Ῑ)

440 4643 705 4692 mortuos
748 4636 1059 4693 suscitet?
1091 4660 1119 4688 ι(
1166 4643 1324 4694 Duas
1378 4639 1546 4710 ponit
1591 4640 1751 4695 circa
1816 4657 2085 4696 resurre-

441 4725 664 4781 tionem
737 4729 1252 4785 ratiocinationes:
1323 4747 1501 4786 unam
1571 4731 1813 4802 quidem
1882 4749 2084 4804 apro-

439 4813 676 4884 phetis:
727 4832 835 4871 nec
879 4823 1079 4873 tamen
1129 4819 1371 4875 adducit
1428 4820 1803 4891 prophetam,
1848 4820 1950 4876 sed
1996 4821 2082 4892 ip-

439 4919 563 4958 sam
578 4901 913 4960 Iudaeorum
932 4923 1310 4964 communem
1327 4909 1672 4979 opinionem
1697 4927 1710 4963 :
1734 4909 1915 4966 aliam
1946 4927 2083 4969 vero

436 4993 769 5056 fortiorem.
795 5011 926 5065 quae
960 4997 1132 5051 estab
1161 4998 1307 5069 ipsis
1329 4998 1527 5065 rebus,
1553 5000 1835 5071 quoniam
1867 5001 2082 5072 proba-

439 5088 566 5138 tum
591 5089 680 5139 est
703 5083 775 5139 ab
790 5101 858 5139 eo
874 5084 1031 5154 quod
1046 5084 1313 5141 Christus
1328 5103 1458 5141 resu
1469 5089 1711 5143 rrexerit
1733 5106 1767 5144 a
1796 5091 2080 5146 mortuis:

445 5180 504 5228 et
533 5174 685 5230 hanc
718 5175 1304 5245 quoquerationibus
1337 5177 1651 5233 conﬁimat
1685 5179 2080 5235 Primaratio:

427 5284 455 5311 «
511 5265 682 5332 Quid,
715 5263 1071 5320 incredibile
1103 5271 1188 5320 sst
1224 5267 1366 5322 I75
1404 5267 1560 5336 quod
1611 5268 1763 5323 Deus
1819 5276 2080 5326 mortuos

437 5353 728 5409 suscitet?
742 5379 768 5402 ››
783 5357 927 5410 Item
943 5354 1086 5410 alia:
1105 5356 1272 5410 Anne
1287 5356 1628 5427 hujusmodi
1643 5358 1910 5418 doctrina
1934 5369 2078 5430 erat,

448 5457 633 5511 eaque
665 5444 936 5516 dogmata
953 5446 1010 5499 in
1023 5445 1242 5516 quibus
1255 5445 1487 5501 educati
1503 5451 1700 5505 erant?
1725 5453 1864 5517 Quis
1882 5459 2079 5508 autem

449 5546 571 5586 non
602 5533 862 5604 suscepit
879 5549 1214 5590 sermonem
1232 5550 1409 5606 quem
1426 5536 1486 5590 in
1501 5537 1766 5594 medium
1794 5539 2081 5596 adduxit?

437 5620 623 5692 Super
647 5621 778 5691 hoc,
807 5621 1021 5692 inquit,
1057 5623 1292 5680 decreto
1325 5629 1609 5696 tanquam
1633 5627 1705 5683 de
1736 5630 1947 5685 haeresi
1981 5645 2079 5684 ac-

2197 522 2427 593 πέμπειν
2485 519 2670 574 αὐτόν·
2723 517 2845 592 περὶ
2918 517 2980 571 οὗ
3062 513 3297 592 ἀσφαλές
3372 535 3422 569 τι
3503 515 3688 588 γράψαι
3737 520 3803 587 τῷ

2196 609 2369 684 κυρίῳ
2418 609 2523 663 οὐκ
2575 603 2711 682 ἔχω.
2749 607 2825 661 Δι’
2885 607 2912 660 6
2965 608 3281 681 προήγαγον
3337 601 3493 658 αὐτὸν
3523 602 3596 678 ἐφ’
3651 604 3802 676 ὑμῶν,

2195 697 2284 752 καὶ
2322 697 2560 770 μαλιστα
2618 696 2705 750 ἐπὶ
2765 699 2881 762 σοῦ,
2933 692 3160 771 βασιλεῦ
3192 693 3480 768 Ἀγρίππα,
3535 691 3672 752 ’ὁπως
3723 699 3808 760 τῆς

2198 787 2529 858 ἀνακρίσεως
2559 784 2875 860 γενομένης,
2911 785 3032 840 σχῶ
3072 805 3120 838 τι
3180 784 3404 858 γράψαι.
3470 779 3690 853 ’ἈλογΟν
3718 781 3808 855 γάρ

2202 897 2292 950 μοι
2327 872 2477 930 δοκεῖ
2506 873 2789 946 πέμποντα
2821 871 3068 946 δέσμιον,
3105 872 3182 946 μή
3215 870 3303 926 καὶ
3361 870 3456 931 τὰς
3510 869 3620 924 κατ’
3669 868 3810 923 αὐτοῦ

2197 965 2369 1026 αἲτίας
2420 986 2485 1032 or,
2497 969 2680 1036 μᾶναι,
2710 988 2737 1015 ››

2269 1081 2296 1108 ‹‹
2341 1056 2650 1130 Ἀγρίππας
2681 1052 3011 1129 ὁβασιλεύς.
3049 1077 3076 1104 υ
3138 1053 3296 1109 ’Ἤτοι
3348 1050 3426 1112 εἷς
3478 1049 3616 1118 τάξιν
3677 1049 3811 1124 βασι-

2197 1146 2338 1210 λέως
2396 1147 2586 1220 κατῄει
2640 1145 2693 1200 ἐν
2746 1150 2866 1207 ταῖς
2926 1144 3216 1219 ἐπαρχίαις
3292 1143 3320 1197 6
3381 1141 3688 1216 Ἀγρίππας,
3736 1139 3816 1193 καὶ

2198 1235 2286 1292 διὰ
2314 1240 2476 1291 τοῦτο
2507 1238 2598 1291 καὶ
2651 1235 2909 1310 βασιλεὺς
2961 1234 3350 1309 ἐχρημάτιζεν·
3495 1231 3631 1305 τάχα
3686 1229 3816 1304 βασι-

2196 1327 2320 1388 λεὺς
2351 1327 2418 1395 ἦν
2451 1325 2541 1380 καὶ
2574 1325 2734 1386 αὐτὸς
2765 1329 2875 1380 τῶν
2935 1323 3270 1379 ἀνατολικῶν
3338 1326 3538 1396 μερῶν,
3588 1323 3678 1374 τοῦ
3729 1319 3814 1374 Νέ-

2197 1436 2370 1491 ρωνος
2399 1421 2508 1469 τῶν
2565 1411 2796 1468 δυτικῶν
2863 1416 3152 1488 αρχοντος,
3206 1412 3295 1466 καὶ
3353 1407 3507 1473 ὄντος
3554 1407 3603 1463 ἐν
3631 1410 3815 1481 Ῥώμῃ.

2201 1529 2225 1559 ιι
2260 1505 2350 1566 Εἷς
2381 1507 2482 1572 τὴν
2511 1509 2608 1558 τοῦ
2643 1498 2915 1558 Σεϐαστοῦ
2959 1501 3275 1577 διάγνωσιν.
3352 1525 3378 1552 n
3432 1493 3690 1557 Σεϐαστὸν
3734 1519 3815 1552 κα-

2194 1598 2576 1669 ταχρηστικῶς
2606 1593 2698 1648 τὸν
2741 1591 2978 1648 Βασιλέα
3019 1589 3200 1657 καλεῖ,
3257 1591 3440 1664 ὥσπερ
3495 1589 3583 1644 καὶ
3634 1586 3818 1646 Καίσα-

2198 1704 2282 1760 ρα’
2317 1684 2373 1739 ὅν
2407 1684 2758 1758 παρακατιὼν
2784 1683 2875 1737 καὶ
2907 1682 3109 1755 Κύριον
3151 1678 3337 1747 καλεῖ,
3397 1680 3594 1754 λέγων·
3651 1703 3676 1730 ‹‹
3711 1675 3821 1750 Περὶ

2197 1775 2259 1829 οὗ
2293 1773 2529 1852 ἀσφαλές
2561 1796 2613 1829 τι
2640 1774 2845 1850 γράψαι
2876 1776 2956 1843 τῷ
2979 1770 3152 1845 κυρίῳ
3182 1771 3281 1826 οὐκ
3311 1764 3449 1845 ἔχω.
3482 1793 3510 1822 ιδ

2267 1886 2294 1914 ‹‹
2330 1862 2634 1936 Ἀγρίππας
2695 1859 2752 1915 δὲ
2810 1861 2948 1934 πρὸς
2990 1861 3082 1915 τὸν
3143 1857 3360 1914 Παῦλον
3422 1856 3544 1934 ἔφη·
3601 1853 3822 1930 Ἐπιτρέ-

2194 1953 2352 2008 πεταί
2385 1972 2467 2006 σοι
2503 1952 2634 2026 ὑπὲρ
2697 1954 2922 2006 σεαυτοῦ
2981 1949 3181 2026 λέγειν.
3216 1949 3351 2004 Τότε
3384 1950 3411 2002 6
3445 1946 3652 2007 Παῦλος
3704 1947 3815 2000 ἁπε-

2196 2042 2414 2115 λογεῖτο
2455 2039 2691 2102 ἐκτείνας
2745 2040 2846 2108 τὴν
2899 2045 3078 2114 χεῖρα·
3145 2037 3275 2111 Περὶ
3335 2039 3549 2092 παντων
3607 2036 3675 2089 ὧν
3737 2034 3816 2109 ἐγ-

2195 2131 2470 2195 καλοῦμαι
2503 2130 2605 2185 ῦπὸ
2636 2126 2937 2194 Ἰουδαίων,
2982 2127 3206 2203 βασιλεῦ
3267 2127 3568 2201 Ἀγρίππα,
3625 2125 3816 2201 ἥγημαι

2199 2221 2428 2294 ἐμαυτὸν
2464 2219 2754 2294 μακάριον,
2791 2217 3012 2291 μέλλων
3043 2216 3434 2292 ἀπολογεῖσθαι
3467 2213 3551 2270 ἐπὶ
3609 2218 3698 2269 σοῦ
3726 2215 3816 2282 σή-

2203 2331 2388 2385 μερον,
2420 2308 2656 2382 μάλιστα
2685 2309 2930 2383 γνώστην
2983 2304 3110 2362 ὄντα
3166 2328 3224 2362 σε
3278 2307 3494 2362 πάντων
3553 2309 3655 2359 τῶν
3707 2301 3820 2358 κατὰ

2199 2397 2494 2462 Ἰουδαίους
2517 2399 2664 2468 ἠθῶν
2693 2417 2752 2452 τε
2795 2397 2886 2452 καὶ
2948 2398 3278 2469 ζητημάτων
3339 2395 3706 2467 ἐπιστάμενος.
3757 2391 3821 2445 Δι’

2201 2491 2230 2543 6'
2263 2486 2455 2561 δέομαί
2515 2509 2632 2556 σου,
2697 2486 3065 2561 μακροθύμως
3123 2487 3348 2541 ἀκοῦσαί
3413 2507 3539 2558 μου.
3572 2484 3679 2552 Τήν
3742 2481 3820 2555 μὲν

2201 2579 2294 2633 οὗν
2339 2577 2528 2653 βίωσίν
2594 2597 2698 2649 μου
2755 2577 2856 2645 τὴν
2915 2575 2972 2630 ἐκ
3029 2575 3313 2646 νεότητος,
3363 2575 3462 2643 τὴν
3528 2573 3612 2628 ἀπ’
3669 2573 3821 2647 αρχῆς

2200 2666 2498 2742 γενομένην
2543 2667 2595 2721 ἐν
2629 2671 2708 2738 τῷ
2753 2660 2888 2721 ἔθνει
2949 2686 3052 2739 μου
3109 2664 3160 2719 ἐν
3219 2663 3648 2739 Ἱεροσολύμοις,
3693 2660 3820 2714 ἲσασι

2200 2755 2394 2818 πάντες
2428 2757 2480 2810 οἱ
2513 2753 2788 2824 Ἰουδαῖοι,
2847 2754 3322 2832 προγινώσκοντές
3383 2774 3450 2828 με
3502 2750 3710 2819 ἃνωθεν,
3745 2748 3816 2802 ἐὰν

2200 2843 2398 2901 Θέλωσι
2436 2851 2742 2921 μαρτυρεῖν,
2774 2845 2859 2900 ’ὁτι
2905 2843 3042 2900 κατὰ
3093 2845 3194 2914 τὴν
3243 2838 3637 2917 ἀκριϐεστάτην
3690 2836 3819 2912 αἳρε-

2200 2958 2281 2992 σιν
2313 2944 2412 3007 τῆς
2457 2936 2725 3012 ἡμετέρας
2784 2931 3298 3012 Θρησκείας,ἓζησα
3365 2939 3677 3012 Φαρισαῖος.
3736 2926 3814 2986 Καὶ

2198 3031 2288 3081 νῦν
2314 3025 2396 3081 ἐπ’
2457 3023 2642 3081 ἐλπίδι
2697 3032 2796 3095 τῆς
2852 3026 2989 3100 πρὸς
3043 3023 3169 3085 τοὺς
3230 3020 3469 3100 πατέρας
3530 3018 3814 3097 ἐπαγγελίας

2199 3118 2496 3193 γενομένης
2531 3117 2634 3172 ὑπὸ
2663 3120 2759 3171 τοῦ
2789 3121 2946 3184 Θεοῦ,
2976 3111 3176 3186 ἕστηκα
3203 3116 3532 3191 κρινόμενος
3573 3111 3646 3175 εἷς
3683 3111 3742 3179 ἢν
3765 3106 3816 3161 τὸ

2200 3204 2582 3284 δωδεκάφυλον
2641 3209 2800 3278 ἡμῶν
2860 3205 2912 3260 ἐν
2981 3204 3213 3275 ἐκτενείᾳ
3268 3205 3440 3260 νύκτα
3493 3203 3582 3259 καὶ
3637 3198 3818 3273 ἡμέραν

2193 3283 2452 3372 λατρεῦον
2539 3293 2750 3364 ἐλπίζει
2847 3301 3199 3364 καταντῆσαι·
3282 3294 3414 3369 περὶ
3500 3293 3566 3362 ἧς
3619 3283 3816 3346 ἐλπίδος

2191 3384 2547 3460 ἐγκαλοῦμαι,
2583 3382 2810 3459 βασιλεῦ
2869 3385 3170 3462 Ἀγρίππα,
3232 3385 3341 3439 ὑπὸ
3383 3389 3492 3440 τῶν
3550 3377 3814 3439 Ἰουδαίων.

2190 3474 2254 3528 Τί
2289 3493 2302 3542 ;
2335 3473 2558 3529 ἄπιστον
2605 3475 2844 3549 κρίνεται
2906 3475 3033 3547 παρ’
3091 3473 3242 3548 ὑμῖν,
3281 3472 3336 3527 εἴ
3379 3474 3406 3528 6
3467 3472 3590 3533 Θεὸς
3617 3464 3812 3540 νεκροὺς

2191 3561 2432 3638 ἐγείρει;
2478 3564 2621 3636 Ἐγὼ
2657 3563 2750 3635 μὲν
2806 3563 2897 3618 οὗν
2953 3559 3116 3636 ἔδοξα
3146 3563 3374 3636 ἐμαυτῷ
3414 3563 3546 3638 πρὸς
3599 3559 3652 3614 τὸ
3701 3549 3811 3609 ὅνο-

2197 3673 2271 3725 μα
2304 3654 2484 3722 Ἰησοῦ
2516 3656 2612 3707 τοῦ
2659 3651 2983 3723 Ναζωραίου
3041 3649 3148 3707 δεῖν
3207 3650 3401 3710 πολλὰ
3460 3649 3658 3707 ἐναντία
3694 3647 3813 3719 πρᾶ-

2190 3741 2295 3810 ξαι,
2330 3741 2360 3795 6'
2413 3741 2504 3795 καὶ
2560 3741 2795 3811 ἐποίησα
2855 3739 2906 3795 ἐν
2966 3737 3407 3816 Ἱεροσολύμοις.
3467 3739 3565 3798 Καὶ
3594 3731 3813 3794 πολλοὺς

2188 3836 2296 3884 τῶν
2331 3829 2493 3905 ἁγίων
2523 3828 2627 3906 ἐγὼ
2667 3828 2935 3907 φυλακαῖς
2992 3829 3333 3888 κατέκλεισα,
3386 3831 3486 3899 τήν
3547 3825 3682 3902 παρὰ
3722 3824 3812 3876 τῶν

2191 3921 2490 3994 ἀρχιερέων
2522 3919 2765 3990 ἐξουσίαν
2794 3915 3000 3975 λαϐών.
3038 3920 3477 3993 Ἀναιρουμένων
3535 3939 3592 3973 τε
3641 3914 3808 3978 αὐτῶν,

2189 4011 2498 4083 κατήνεγκα
2526 4013 2730 4086 ψῆφον.
2793 4009 2895 4066 Καὶ
2953 4010 3090 4064 κατὰ
3146 4010 3318 4072 πάσας
3381 4009 3476 4073 τὰς
3532 3999 3811 4079 συναγωγὰς

2189 4097 2464 4162 πολλάκις
2496 4104 2757 4175 τιμωρῶν
2806 4098 3028 4168 αὐτοὺς,
3104 4100 3421 4172 ἠνάγκαζον
3481 4096 3816 4176 βλασφημεῖν

2189 4199 2458 4266 περισσῶς
2491 4214 2550 4249 τε
2581 4192 2982 4267 ἐμμαινόμενος
3015 4193 3221 4261 αὐτοῖς,
3255 4188 3490 4248 ἐδίωκον
3520 4190 3620 4252 ἕως
3647 4186 3729 4243 καὶ
3757 4181 3818 4242 εἷς

2191 4282 2284 4343 τὰς
2313 4277 2414 4352 ἔξω
2446 4281 2656 4346 πόλεις.
2697 4307 2724 4334 ››

2271 4575 2298 4604 ‹‹
2333 4551 2401 4608 Τί
2438 4570 2450 4619 ;
2484 4552 2707 4607 ἄπιστον
2731 4551 2966 4621 κρίνεται
3037 4553 3162 4626 παρ’
3223 4551 3375 4624 ὑμῖν,
3411 4552 3457 4608 εἰ
3490 4554 3518 4608 6
3575 4550 3696 4609 Θεὸς
3742 4563 3814 4599 νε²

2194 4640 2359 4716 κροὺς
2392 4639 2588 4715 ἐγείρει
2625 4660 2637 4709 ;
2683 4665 2709 4691 ››
2743 4641 2846 4696 Δύο
2901 4641 3087 4712 τίθησι
3145 4642 3270 4717 περὶ
3330 4642 3665 4702 ἀναστάσεως
3686 4637 3814 4710 λογι-

2197 4731 2388 4804 σμοὺς,
2420 4726 2510 4785 ἕνα
2543 4730 2636 4803 μὲν
2668 4730 2757 4785 τὸν
2787 4729 2893 4785 ἀπὸ
2927 4735 3034 4786 τῶν
3085 4735 3407 4808 προφητῶν·
3439 4732 3526 4787 καὶ
3587 4729 3646 4785 οὐ
3701 4742 3813 4797 παρ-

2193 4820 2308 4894 άγει
2339 4821 2647 4898 προφήτην,
2680 4818 2808 4875 ἀλλ’
2838 4818 3007 4888 αὐτὴν
3059 4825 3167 4874 τῶν
3228 4817 3503 4876 Ἰουδαίων
3530 4820 3626 4888 τὴν
3655 4814 3809 4885 δόξαν·

2194 4906 2364 4964 ἃλλον
2387 4906 2444 4964 δὲ
2472 4909 2562 4963 τὸν
2592 4907 2971 4985 ἰσχυρότερον,
3023 4909 3116 4964 τὸν
3176 4908 3283 4965 ἀπὸ
3339 4910 3684 4985 πραγμάτων,
3740 4903 3812 4956 ὅτι

2193 4997 2455 5078 διελέχθη
2491 4999 2637 5072 αὐτῷ
2687 5002 2714 5055 6
2773 4999 3005 5074 Χριστὸς
3065 4999 3296 5062 ἀναστὰς
3347 4999 3405 5056 ἐκ
3461 5002 3676 5074 νεκρῶν.
3724 4987 3812 5078 Κᾳῖ

2189 5088 2575 5157 κατασκευάζει
2613 5087 2703 5143 καὶ
2736 5092 2926 5142 τοῦτον
2979 5087 3084 5143 ἄπὸ
3115 5087 3428 5166 λογισμῶν,
3484 5090 3582 5156 τήν
3637 5077 3812 5158 προτέ-

2192 5198 2284 5253 ραν
2337 5179 2502 5233 αὐτοῦ
2554 5176 2742 5250 μανίαν
2803 5174 3196 5253 διηγούμενος,
3262 5184 3485 5254 Πρῶτος
3543 5169 3810 5250 λογισμός⁹

2191 5291 2218 5319 ‹‹
2247 5266 2336 5336 Τί,
2369 5263 2594 5322 ἄπιστον
2625 5266 2670 5321 εί
2704 5267 2732 5321 6
2762 5266 2892 5329 Θεὸς
2921 5267 3141 5338 νεκροὺς
3177 5266 3372 5342 ἐγείρει
3417 5287 3430 5337 ;
3462 5291 3489 5319 ››
3522 5265 3608 5322 καὶ
3637 5259 3809 5318 ἃλλος’

2189 5356 2278 5424 Μὴ
2312 5356 2534 5425 τοιαύτη
2569 5353 2696 5426 δόξα
2752 5354 2842 5423 ἧν,
2904 5352 3015 5432 aii-{5
3073 5357 3148 5428 μὴ
3185 5357 3641 5432 ἀνατεθραμμένοι
3692 5349 3811 5417 ἦσαν

2190 5444 2243 5500 ἐν
2274 5444 2488 5506 τούτοις
2516 5449 2637 5506 τοῖς
2670 5441 2903 5518 δόγμασι
2937 5463 2950 5513 ;
2983 5446 3082 5502 "Ov
3115 5441 3171 5499 δὲ
3194 5444 3520 5524 εἲσεφέρετο,
3547 5444 3626 5504 τίς
3648 5440 3737 5494 οὐκ
3757 5433 3808 5490 ἂν

2189 5531 2400 5604 ἐδέξατο
2455 5535 2548 5588 τὸν
2601 5532 2766 5609 λόγον
2827 5552 2843 5603 ;
2896 5533 3052 5608 ’Υπὲρ
3139 5540 3239 5604 τῆς
3300 5535 3549 5612 αἱρέσεως
3601 5529 3804 5597 ταύτης,

2190 5625 2376 5704 φησὶν,
2407 5623 2764 5703 ἐγκαλοῦμαι·
2810 5625 2902 5682 καὶ
2962 5623 3096 5696 αὕτη
3129 5633 3252 5701 παρ’
3307 5627 3488 5688 αὐτοῖς
3533 5615 3803 5700 πρεσϐεύε-
