4112 6250
292 398 414 479 aee
1511 424 1920 487 cacumen"
1959 427 2040 484 TI

2158 424 2269 484 DA!
2313 421 2665 483 EPISCOPI
3682 422 3800 483 290

316 578 429 617 ται.
461 556 564 613 Διᾶ
602 559 835 631 ταύτην
901 562 1210 638 εὔχονται,
1262 558 1346 615 διὰ
1406 559 1605 629 ταύτην
1666 558 2036 632 λατρεύουσιν,

2158 574 2345 615 cusor:
2363 575 2492 615 cum
2510 558 2665 630 apud
2679 574 2778 613 eos
2792 558 2939 613 nihil
2958 558 3067 613 hac
3087 557 3368 629 Opinione
3382 558 3684 629 antiquius
3698 560 3801 617 ha-

328 652 423 709 Ὶνα
445 650 658 721 ταύτην
690 650 959 728 τύχωσι.
991 653 1103 709 Καὶ
1132 653 1323 721 ταύτην
1347 650 1455 726 ἐγὼ
1485 648 1868 725 καταγγέλλω

2158 649 2381 717 beatur,
2440 654 2680 719 propter
2705 649 2856 703 hanc
2911 647 3261 719 gloriantur,
3296 647 3368 701 ob
3397 648 3550 702 hanc
3604 649 3791 706 Deum

447 862 474 887 α
499 836 587 892 Ἐν
617 832 704 894 οἶς
736 831 832 886 καὶ
885 830 1267 905 πορευόμενος
1299 829 1374 891 εἷς
1431 830 1527 897 τὴν
1577 829 1861 901 Δαμασκὸν
1925 827 2040 901 μετ’

413 925 619 998 ξουσίας
663 921 756 977 καὶ
817 920 1139 995 ἐπιτροπῆς
1190 927 1287 989 τῆς
1353 918 1498 993 παρᾶ
1553 923 1660 972 τῶν
1713 920 2037 994 ἀρχιερέων,

382 1018 595 1092 ἡμὶρας
626 1010 815 1086 μέσης,
869 1010 1127 1087 βασιλεῦ,
1180 1010 1311 1064 κατᾶ
1338 1011 1437 1077 τὴν
1495 1006 1618 1063 ὁδὸν
1678 1007 1818 1064 εἶδον
1875 1010 2041 1081 οὐρα-

382 1108 559 1177 νόθεν,
615 1104 745 1177 ὑπὲρ
805 1103 907 1170 τὴν
964 1100 1333 1174 λαμπρότητα
1388 1102 1484 1153 τοῦ
1540 1096 1705 1167 ἡλίου
1762 1098 2036 1173 περιλάμ-

390 1202 497 1270 ψαν
560 1215 623 1266 με
678 1197 818 1269 φῶς,
874 1191 963 1244 καὶ
1018 1190 1146 1250 τοὺς
1230 1188 1321 1243 σὺν
1402 1187 1531 1259 ἐμοὶ
1616 1185 2036 1263 πορευομένους.

397 1280 704 1342 Πάντωνόὶ
760 1279 1174 1335 καταπεσόντων
1232 1281 1393 1352 ἡμῶν
1430 1276 1506 1339 εἷς
1536 1279 1634 1347 τὴν
1690 1278 1814 1351 γῆν,
1868 1276 2038 1346 ἤκου-

400 1396 468 1429 σα
528 1375 703 1446 φωνήν
786 1368 1063 1424 λαλοῦσαν
1147 1367 1280 1441 πρός
1350 1387 1436 1439 με,
1495 1367 1584 1420 καὶ
1646 1364 1911 1441 λέγουσαν
1967 1370 2034 1440 τῇ

394 1458 684 1537 Ἑμϐραίδι
719 1457 1009 1529 διαλέκτῳ·
1049 1455 1252 1524 Σαοὺλ,
1296 1456 1499 1525 Σαοὺλ,
1532 1454 1584 1508 τί
1646 1477 1711 1528 με
1770 1454 1986 1518 διώκεις
2022 1477 2035 1524 ;

380 1553 630 1625 σκληρόν
694 1572 777 1605 σοι
836 1550 971 1623 πρὸς
1032 1550 1227 1621 κέντρα
1296 1546 1590 1615 λακτίζειν.
1655 1548 1793 1622 Ἐγὼ
1854 1545 1911 1601 δὲ
1960 1547 2035 1601 εἶ-

374 1662 501 1698 πον·
528 1642 627 1701 Τίς
659 1643 730 1706 εἴ,
763 1638 925 1713 Κύριέ
957 1658 971 1705 ;
1009 1639 1069 1693 Ὁ
1130 1634 1185 1690 δὲ
1239 1638 1401 1690 εἶπεν·
1453 1636 1599 1711 Ἐγώ
1657 1636 1771 1707 εἰμι
1830 1635 2039 1707 ’[ησοῦς

370 1736 433 1789 ’ὸν
466 1733 536 1787 σὺ
572 1729 816 1791 διώκεις.
842 1725 1019 1784 Ἀλλᾶ
1046 1728 1329 1796 ἀνάστηθι,
1371 1726 1460 1780 καὶ
1484 1733 1641 1795 στῆθι
1671 1725 1759 1780 ἐπὶ
1789 1726 1913 1788 τοὺς
1944 1728 2038 1781 πό-

372 1821 472 1885 δας
495 1843 621 1878 σου.
686 1820 782 1881 Εἰς
830 1822 991 1872 τοῦτο
1035 1817 1139 1892 γὰρ
1198 1811 1384 1895 ὤφθην
1439 1836 1525 1869 σοι
1582 1816 2037 1890 προχειρίσασθαί

374 1934 434 1968 σε
468 1911 756 1979 ὑπηρέτην
803 1910 892 1963 καὶ
956 1907 1220 1983 μάρτυρα,
1275 1907 1348 1961 ὧν
1401 1927 1460 1961 τε
1518 1904 1677 1975 εἶδες,
1737 1908 1811 1961 ὦν
1864 1929 1921 1961 τε
1978 1909 2037 1961 ὁ-
2068 1945 2113 2007 Β

374 2000 670 2073 φθήσομαί
708 2020 816 2066 σοι,
848 1996 1222 2073 ἐξαιρουμενός
1261 2018 1317 2050 σε
1380 1995 1439 2050 ἐκ
1467 2000 1562 2049 τοῦ
1594 1995 1728 2050 λαοῦ
1786 1998 1873 2051 καὶ
1924 2003 2032 2051 τῶν

378 2068 577 2159 iovis»,
607 2089 688 2151 εἷς
721 2090 817 2150 οὓς
849 2093 939 2142 νῦν
963 2068 1027 2141 ’σε
1052 2084 1398 2157 ἀποστέλλω,
1449 2086 1651 2156 ἀνοῖξαι
1714 2086 2033 2164 ὀφθαλμοὺς

386 2182 578 2250 αὗτῶν,
631 2183 735 2233 τοῦ
785 2173 1119 2251 ὑποστρέψαι
1171 2175 1276 2229 ἀπὸ
1337 2176 1561 2235 σκότους
1616 2174 1690 2237 εἷς
1750 2180 1887 2251 φῶς,
1945 2175 2033 2230 καὶ

393 2278 483 2338 τῆς
507 2269 756 2341 ὶξουσίας
789 2270 892 2321 τοῦ
933 2268 1142 2321 Σατανᾶ
1187 2264 1272 2318 ἐπὶ
1328 2263 1418 2317 τὸν
1482 2264 1633 2331 Θεὸν,
1692 2268 1787 2319 τοῦ
1846 2259 2032 2319 λαϐεῖν

396 2354 573 2416 αὐτοῦς
629 2354 826 2432 ἄφεσιν
908 2354 1187 2424 ἁμαρτιῶν
1224 2396 1237 2417 ,
1326 2350 1414 2404 καὶ
1495 2348 1702 2424 κλῆρον
1784 2348 1835 2404 ἐν
1919 2356 2035 2412 τοῖς

389 2445 747 2520 ἡγιασμένοις
780 2441 960 2496 πίστει
984 2444 1053 2515 τῇ
1096 2440 1170 2501 εἷς
1204 2436 1321 2512 ἔμε.

449 2650 472 2675 σι
508 2622 676 2695 Ὑπὶρ
708 2622 815 2689 τὴν
844 2618 1212 2694 λαμπρότητα
1239 2616 1333 2673 τοῦ
1365 2617 1551 2688 ἡλίου.
1587 2643 1615 2670 ››
1674 2623 1788 2695 Τῶν
1846 2619 2033 2689 αἰσθη-

378 2715 480 2765 τῶν
516 2711 581 2765 τὸ
646 2705 1051 2785 φωτεινότατον
1107 2706 1388 2778 παράγων,
1448 2706 1535 2759 καὶ
1600 2706 1675 2778 μή
1738 2702 2033 2778 δυνάμενος

380 2800 675 2854 ἀντισῶσαι
709 2800 794 2867 τῷ
825 2795 962 2872 φωτὶ
994 2793 1179 2865 ἐκείνῳ
1207 2794 1268 2847 τὸ
1312 2798 1409 2847 τοῦ
1440 2796 1622 2863 Ἰησοῦ
1681 2799 1813 2871 φῶς,
1855 2796 2033 2858 καθὼς

374 2888 587 2945 Suum:
624 2882 1035 2959 παραδέξασθαι
1078 2881 1215 2951 ἀκοὴ
1249 2882 1533 2957 ἀνθρώπου
1593 2881 1803 2953 λαλεῖν,
1865 2884 2034 2958 ὑπερ-

372 2983 523 3049 νικᾷν
556 2977 626 3032 τὸ
661 2974 903 3043 ἡλιακὸν
933 2976 1048 3051 φῶς
1081 2972 1245 3025 ἐκεῖνό
1278 2992 1430 3045 φησι.

449 3183 475 3205 ,ι
500 3158 697 3221 ”Οθεν,
753 3148 986 3226 βασιλεῦ
1039 3148 1336 3225 ’Δγρίππα,
1362 3148 1459 3204 οὐκ
1487 3148 1747 3225 ἐγενόμην
1809 3149 2035 3219 ἀπειθὴς

388 3247 462 3315 ti,
489 3242 726 3315 οὒρανὶῳ
748 3240 1010 3310 ὀπτασίᾳ.
1046 3263 1075 3290 ››

472 3331 730 3384 Ὀπτασὶα
755 3330 897 3385 ἐστὶν
952 3331 988 3399 ἠ
1040 3328 1247 3401 καθαρὰ
1303 3327 1396 3391 θὲα
1427 3331 1461 3397 ἡ
1491 3323 1889 3402 ὑπερϐαίνουσα
1947 3328 2038 3382 ὰν-
2069 3306 2111 3371 C

404 3420 649 3493 θρωπον.
681 3422 828 3493 Ὅπερ
858 3440 946 3480 τις
981 3417 1034 3472 ἓν
1067 3418 1221 3491 σαρκὶ
1279 3415 1371 3486 ὢν,
1431 3414 1567 3495 δίχα
1620 3421 1721 3470 τοῦ
1762 3415 2038 3471 ἀποκαλυ-

397 3509 591 3584 ςθῆναι
626 3508 780 3562 αὖτοῦ
808 3508 937 3569 τοὺς
960 3506 1299 3583 ὀφθαλμοὺς,
1350 3505 1449 3561 οὐκ
1505 3504 1645 3562 ἔστιν
1707 3503 1837 3560 ἰδεῖν
1889 3504 2041 3560 δυνα-

394 3597 503 3657 τός.

470 3711 488 3736 e
526 3685 704 3744 Ἀλλᾶ
728 3692 848 3748 τοῖς
882 3685 934 3740 ἐν
999 3690 1269 3758 Δαμασκῷ
1325 3689 1543 3760 πρῶτον
1588 3684 1678 3740 καὶ
1736 3686 2039 3761 Ἰεροσολύ-

402 3797 538 3846 μοις,
570 3777 647 3837 εἷς
698 3777 875 3830 πᾶσαν
934 3796 992 3830 τε
1047 3776 1146 3842 τήν
1201 3775 1387 3850 χώραν
1448 3777 1545 3843 τῆς
1606 3772 1890 3846 Ἰουδαίας,
1950 3776 2040 3831 καὶ

394 3870 500 3927 τοῖς
554 3862 767 3929 ἔθνεσιν
857 3862 1221 3941 ἀπαγγέλλων
1282 3869 1582 3936 μετανοεῖν,
1648 3866 1734 3919 καὶ
1805 3864 2043 3937 ἔπιστρέ-

384 3976 495 4032 σειν
532 3954 627 4009 ἐπὶ
653 3954 749 4008 τὸν
803 3954 956 4021 Θεὸν,
1011 3951 1132 4022 ἄξια
1185 3960 1284 4022 τῆς
1345 3953 1632 4025 μετανοίας
1686 3952 1816 4027 ἔργα
1868 3957 2041 4029 πράσ-

382 4064 605 4103 σοντας.
678 4044 877 4099 Ἐνεκα
932 4042 1138 4096 τούτων
1203 4062 1267 4113 με
1328 4043 1381 4095 οἱ
1443 4040 1694 4097 Ἰουδαῖοι
1768 4039 2042 4098 συλλαϐό-

380 4154 536 4204 μενοι
572 4154 631 4186 εν
686 4136 769 4203 τῷ
826 4133 981 4204 ἱερῷ,
1034 4128 1330 4199 ἐπειρῶντο
1376 4128 1828 4206 διαχειρίσασθαι.
1891 4135 2040 4189 Ἐπισ

376 4223 617 4296 κουρίας
660 4222 755 4277 οὖν
786 4222 972 4300 τυχὼν
1030 4229 1129 4290 τῆς
1189 4224 1335 4297 παρᾶ
1388 4226 1484 4277 τοῦ
1539 4228 1691 4287 Θεοῦ,
1753 4222 1881 4299 ἄχρι
1938 4233 2041 4294 τῆς

375 4312 603 4384 ἡμερας
687 4311 888 4378 ταύτης
952 4308 1171 4380 ἕστηκα,
1244 4313 1689 4386 μαρτυρούμενος
1748 4319 1930 4387 μικρῷ
1985 4336 2042 4369 τε

376 4402 475 4455 καὶ
516 4398 768 4476 μεγάλῳ.
802 4397 954 4454 οὖδὶν
984 4398 1134 4460 ἐκτὸς
1193 4398 1388 4475 λέγων,
1420 4401 1492 4453 ὧν
1548 4422 1605 4455 τε
1656 4402 1706 4454 οἱ
1765 4410 2041 4481 προφῆται

380 4487 672 4556 ἰλαλησαν
708 4486 1025 4559 μελλόντων
1055 4487 1312 4563 γίνεσθαι,
1356 4488 1447 4542 καὶ
1514 4491 1771 4557 Μωυσῆς,
1834 4492 1878 4545 εἱ
1938 4512 2045 4545 πα-

383 4580 561 4647 θητὸς
594 4578 906 4650 ὁΧριστὸς,
970 4577 1014 4630 εἰ
1068 4582 1282 4650 πρῶτος
1342 4577 1393 4647 ἐξ
1450 4578 1792 4643 ἀναστάσεως
1839 4586 2042 4656 νεκρῶν

2151 740 2357 793 colunt
2375 745 2439 793 ut
2460 755 2588 793 eam
2613 745 3073 809 consequantur.
3096 738 3164 791 Et
3183 738 3334 792 hanc
3354 755 3456 809 ego
3481 744 3793 798 annuntio.

2222 830 2417 889 XXVI.
2456 832 2636 883 12-18.
2683 851 2709 877 a
2741 830 2840 883 His
2866 829 3041 883 rebus
3073 829 3363 893 intentus,
3388 846 3522 884 cum
3552 834 3795 901 profici-

2151 934 2348 972 scerer
2396 920 2746 973 Damascum
2799 934 2932 971 cum
2988 918 3334 972 auctoritate
3379 920 3791 992 permiSsuque

2149 1008 2487 1078 principum
2540 1006 2933 1071 sacerdotum,
3004 1005 3097 1059 die
3155 1006 3374 1069 medio,
3436 1026 3534 1063 rex
3584 1011 3702 1064 vidi
3762 1029 3791 1067 e

2149 1097 2295 1151 ccelo
2345 1114 2522 1168 supra
2570 1096 2711 1151 solis
2760 1095 3139 1166 splendorem
3192 1095 3657 1153 circumfulsisse
3699 1118 3792 1157 me

2149 1186 2375 1250 lumen,
2408 1193 2465 1239 et
2491 1203 2591 1240 eos
2623 1186 2721 1255 qui
2759 1202 2985 1239 mecum
3020 1185 3317 1239 faciebant
3350 1187 3479 1240 iter.
3530 1191 3791 1260 Cumque

2151 1294 2357 1331 omnes
2389 1295 2497 1331 nos
2529 1276 2955 1331 decidissemus
2988 1277 3047 1329 in
3079 1281 3321 1342 terram,
3355 1278 3546 1331 audivi
3582 1297 3783 1336 vocem

2150 1367 2496 1436 loquentem
2530 1366 2602 1421 ad
2636 1383 2749 1429 me,
2785 1382 2850 1419 ac
2881 1364 3177 1419 dicentem
3220 1366 3423 1437 lingua
3460 1368 3747 1425 Hebraica
3779 1389 3791 1426 :

2149 1456 2307 1522 Saul,
2342 1455 2497 1521 Saul,
2528 1455 2669 1526 quid
2700 1472 2793 1509 me
2815 1456 3188 1525 persequeris
3209 1454 3237 1509 ?
3282 1454 3498 1510 durum
3549 1465 3636 1513 est
3686 1460 3795 1514 tibi

2150 1551 2355 1600 contra
2402 1544 2673 1599 stimulos
2732 1544 3055 1599 calcitrare.
3130 1546 3244 1616 Ego
3317 1551 3516 1601 autem
3587 1548 3706 1602 dixi
3777 1565 3791 1603 :

2148 1635 2288 1700 Quis
2322 1652 2403 1700 es,
2432 1634 2721 1689 Domine?
2748 1634 2944 1688 Atille
2993 1634 3141 1687 dixit
3192 1650 3204 1687 :
3256 1636 3371 1706 Ego
3419 1652 3550 1690 sum
3600 1639 3791 1705 Jesus,

2151 1742 2326 1796 quem
2371 1730 2433 1778 tu
2481 1724 2877 1795 persequeris.
2931 1723 3040 1777 Sed
3092 1740 3337 1795 exsurge
3382 1730 3441 1778 et
3480 1732 3569 1781 sta
3616 1744 3793 1799 super

2148 1814 2329 1886 pedes
2361 1820 2514 1869 tuos.
2540 1812 2627 1867 Ad
2654 1814 2766 1867 hoc
2823 1813 2980 1867 enim
3040 1815 3285 1883 apparui
3346 1814 3473 1882 tibi,
3534 1821 3598 1870 ut
3655 1834 3793 1873 con-

2149 1904 2387 1958 stituam
2424 1909 2477 1957 te
2502 1904 2842 1957 ministrum
2888 1920 2954 1957 ac
3003 1908 3235 1967 testem,
3305 1908 3362 1957 et
3410 1921 3614 1960 eorum
3664 1924 3795 1978 quas

2145 1994 2360 2062 vidisti,
2398 2000 2453 2048 et
2486 2010 2692 2048 eorum
2741 1994 2803 2047 in
2866 1993 3082 2064 quibus
3137 2009 3243 2064 ego
3303 1995 3601 2064 apparebo
3662 1998 3791 2067 tibi,

2144 2086 2402 2155 eripiens
2436 2090 2490 2139 te
2515 2102 2548 2140 a
2578 2084 2795 2156 populo
2830 2090 2887 2138 et
2916 2084 3211 2156 gentibus,
3244 2084 3305 2138 in
3338 2101 3483 2155 quas
3526 2103 3685 2142 nunc
3736 2095 3791 2145 te

2143 2175 2334 2239 mitto,
2370 2180 2432 2228 ut
2477 2175 2709 2245 aperias
2754 2174 2957 2229 oculos
2999 2191 3224 2237 eorum,
3258 2180 3323 2228 ut
3369 2182 3789 2234 convertantur

2145 2280 2177 2317 a
2208 2263 2471 2318 tenebris
2518 2264 2590 2317 ad
2632 2263 2851 2329 lucem,
2902 2270 2961 2317 et
3006 2280 3040 2317 a
3097 2269 3386 2333 potestate
3432 2266 3661 2321 Satanas
3709 2270 3781 2323 ad

2146 2354 2349 2415 Deum,
2382 2358 2447 2406 ut
2495 2353 2787 2423 accipiant
2825 2353 3240 2407 remissionem
3286 2360 3683 2424 peccatorum,
3735 2364 3793 2413 et

2145 2446 2365 2496 sortem
2395 2442 2550 2495 inter
2579 2458 2679 2495 eos
2701 2442 2801 2511 qui
2847 2441 3197 2495 sanctiﬁcali
3252 2448 3411 2509 sunt,
3463 2461 3569 2514 per
3613 2447 3791 2502 fidem

2144 2548 2275 2601 quas
2306 2536 2396 2585 est
2424 2547 2561 2602 erga
2585 2548 2699 2585 me.
2735 2552 2763 2580 »

2217 2643 2243 2669 «
2269 2622 2457 2691 Supra
2478 2620 2619 2673 solis
2635 2619 3034 2691 splendorem.
3056 2641 3082 2667 »
3098 2620 3364 2674 Afferens
3378 2621 3437 2675 in
3453 2622 3715 2678 medium
3734 2624 3794 2680 id

2145 2710 2301 2781 quod
2335 2710 2491 2764 inter
2521 2709 2827 2764 sensibilia
2858 2707 3291 2763 lucidissimum
3334 2715 3441 2777 est,
3486 2728 3619 2766 cum
3669 2730 3791 2769 non

2143 2807 2343 2872 posset
2366 2799 2450 2853 illi
2473 2800 2608 2854 Jesu
2630 2798 2821 2853 lucem
2846 2814 3104 2868 asquare,
3132 2814 3261 2869 qum
3286 2798 3457 2873 longe
3479 2801 3794 2873 majorest,

2143 2896 2208 2945 ut
2236 2906 2305 2942 eo
2338 2887 2511 2942 modo
2533 2888 2826 2958 loquatur,
2861 2904 2976 2959 quo
3010 2888 3198 2957 possit
3250 2888 3510 2944 hominis
3558 2892 3794 2949 auditus

2146 2979 2467 3049 suscipere,
2497 2978 2580 3032 ait
2610 2977 2801 3031 lucem
2835 2976 2999 3031 illam
3042 2992 3322 3047 superare
3345 2978 3491 3034 solis
3518 2980 3792 3050 splendo-

2145 3084 2293 3122 rem.

2217 3154 2418 3221 XXVI,
2440 3158 2517 3208 t9.
2542 3179 2567 3203 ‹‹
2586 3153 2879 3217 Unde,rex
2896 3154 3171 3224 Agrippa,
3197 3156 3415 3210 nonfui
3437 3157 3790 3215 inobediens

2150 3268 2174 3292 ‹‹
2212 3243 2437 3298 cmlesti
2470 3243 2699 3299 visioni.
2734 3265 2758 3291 ››

2224 3331 2482 3387 Ὀπτασία
2515 3349 2661 3403 pura
2705 3332 2847 3386 visio
2908 3336 2997 3386 est
3044 3332 3367 3388 humanam
3426 3338 3796 3409 supergredi~

2150 3430 2245 3477 tur
2276 3429 2547 3477 naturam
2580 3422 2741 3476 illius
2773 3423 2856 3476 rei
2889 3438 3065 3492 quam
3098 3440 3217 3477 non
3248 3428 3443 3493 potest
3472 3428 3791 3498 quispiam,

2151 3514 2365 3568 dumin
2381 3529 2559 3567 carne
2585 3517 2692 3579 est,
2712 3513 2930 3581 videre,
2966 3513 3082 3567 nisi
3118 3513 3304 3584 ipsius
3326 3516 3484 3571 oculi
3512 3517 3793 3575 divinitus

2150 3603 2506 3657 revelentur.

2222 3692 2422 3758 XXVI,
2456 3694 2646 3747 20-23.
2672 3715 2697 3741 ‹‹
2721 3692 2831 3746 Sed
2846 3693 2938 3746 his
2963 3693 3061 3763 qui
3088 3698 3225 3747 sunt
3246 3695 3511 3750 Damasci
3536 3698 3797 3767 primum

2151 3788 2208 3837 et
2235 3782 2633 3852 Jerosolymis,
2670 3799 2735 3836 ac
2765 3799 2871 3852 per
2912 3798 3150 3836 omnem
3203 3783 3419 3838 Judaaaa
3470 3786 3771 3854 regionem

2150 3873 2304 3925 176
2356 3870 2570 3924 deinde
2624 3886 2859 3940 quoque
2916 3870 3191 3940 gentibus
3244 3852 3671 3928 annuntiabam
3731 3852 3799 3935 ut’;

2151 3960 2573 4028 resipiscerent
2603 3964 2656 4011 et
2702 3964 3187 4012 converterentur
3239 3960 3313 4013 ad
3367 3962 3569 4023 Deum,
3617 3980 3796 4033 opera

2151 4047 2435 4101 facientes
2467 4047 2645 4117 digna
2675 4046 3124 4115 resipiscentias.
3161 4049 3293 4102 Haac
3325 4065 3394 4102 ex
3413 4066 3587 4105 causa
3608 4053 3793 4108 Judaai

2150 4153 2244 4191 me
2268 4137 2328 4189 in
2376 4134 2596 4206 templo
2639 4136 3136 4205 comprehensum
3189 4142 3565 4195 tentaverunt
3606 4144 3793 4199 inter-

2152 4227 2348 4281 ﬁcere.
2385 4226 2483 4279 Dei
2516 4224 2712 4295 itaque
2745 4230 2952 4278 nactus
2984 4226 3294 4286 auxilium.
3341 4245 3529 4300 usque
3579 4233 3639 4286 in
3692 4235 3803 4287 ho-

2152 4316 2425 4370 diernum
2482 4313 2637 4368 diem
2688 4320 2798 4377 sto,
2856 4314 3185 4369 testificaris
3243 4323 3366 4371 tum
3427 4336 3623 4389 parvo.
3671 4327 3799 4379 tum

2154 4420 2387 4476 magno,
2420 4403 2571 4458 nihil
2602 4402 2761 4457 aliud
2794 4403 2997 4457 dicens
3030 4421 3206 4474 quam
3240 4422 3309 4460 ea
3331 4424 3460 4476 quas
3496 4411 3801 4481 prophetae

2154 4493 2426 4547 dixerant
2447 4492 2645 4547 futura
2675 4510 2825 4555 esse,
2860 4498 2915 4547 et
2949 4494 3155 4554 Moses.
3189 4511 3264 4549 an
3297 4512 3578 4566 passurus
3619 4500 3798 4557 fuerit

2152 4583 2437 4646 Christus,
2465 4598 2536 4636 an
2570 4582 2798 4652 primus
2831 4598 2899 4635 ex
2947 4584 3381 4639 resurrectione
3431 4594 3801 4646 mortuorum

382 4672 504 4745 φῶς
566 4664 764 4738 μέλλει
819 4665 1215 4740 καταγγέλλειν
1297 4672 1376 4739 τῷ
1461 4665 1580 4740 λαῷ
1635 4668 1724 4722 καὶ
1772 4675 1888 4731 τοῖς
1958 4665 2040 4725 ἔθ-

2158 4673 2360 4727 lumen
2395 4672 2859 4726 annuntiaturus
2894 4671 2969 4724 sit
3000 4672 3218 4741 populo
3252 4678 3307 4727 et
3333 4676 3628 4746 gentibus.
3662 4699 3689 4731 ι

377 4778 525 4812 vam.
566 4780 597 4807 »ι

453 4869 483 4896 σι
523 4846 617 4900 ’Θν
644 4865 706 4899 τι
763 4846 813 4897 οἱ
871 4846 1150 4921 προφῆται
1209 4842 1508 4915 ἐλάλησαν.
1542 4869 1569 4897 ››
1621 4848 1737 4902 Ἵνα
1797 4850 1871 4918 μὴ
1916 4845 2044 4923 δόξῃ

387 4934 549 4997 αὐτὸς
580 4930 914 4995 διδάσκαλος
947 4935 1081 4988 εἶναι
1130 4935 1350 5001 τούτου,
1408 4933 1593 5009 ἐπάγει
1646 4936 1772 4999 τοὺς
1830 4940 2045 5014 προφή-

390 5043 481 5083 τας
513 5022 607 5077 καὶ
630 5022 727 5076 τὸν
758 5020 951 5076 Μωσὲα
1008 5019 1238 5096 λέγοντα
1271 5047 1297 5074 α
1360 5022 1407 5077 εἲ
1461 5024 1702 5093 παθητὸς
1734 5026 1762 5079 ὁ
1792 5027 2043 5097 Χριστὸς,

387 5113 434 5167 εἰ
468 5116 694 5185 πρῶτος
753 5109 803 5182 ἐξ
856 5112 1189 5173 ἀναστάσεως
1249 5116 1472 5185 νεκρῶν,
1500 5137 1526 5161 ››
1584 5114 1673 5167 καὶ
1704 5114 1768 5168 τὰ
1799 5115 1939 5187 ἑξῆς.
1971 5117 2045 5170 Τὸ

386 5200 466 5269 Si,
490 5202 560 5270 ei,
593 5202 714 5258 ἀντὶ
772 5205 891 5270 τοῦ,
952 5200 1059 5271 ὅτι,
1093 5200 1223 5260 ἐστί,
1257 5207 1482 5271 Μωσῆς,
1517 5203 1698 5281 φησὶν,
1760 5207 1904 5259 εἶπεν
1961 5205 2044 5260 ὅτι

385 5292 636 5363 παθητὸς
666 5293 694 5347 ὁ
724 5292 983 5366 Χριστὸς,
1017 5295 1232 5365 πρῶτος
1292 5290 1341 5364 ἐξ
1396 5292 1756 5356 ἀναστάσεως.
1817 5299 2043 5370 Ηρῶτος

385 5384 487 5457 γὰρ
511 5381 672 5444 οὗτος
700 5381 925 5451 ἀνέστη,
971 5379 1065 5435 καὶ
1123 5381 1223 5435 οὐκ
1280 5380 1357 5435 ἔτι
1412 5382 1761 5453 ἀποθνήσκει.
1822 5386 1884 5438 Οἱ
1941 5388 2044 5461 γὰρ

385 5473 709 5535 ἀναστάντες
742 5469 815 5527 δι’
841 5471 1016 5526 αὐτοῦ
1049 5469 1082 5537 ἢ
1107 5474 1212 5523 τῶν
1246 5472 1521 5543 μαθητῶν,
1560 5471 1648 5527 καὶ
1711 5475 1763 5527 οἱ
1820 5470 1909 5528 διὰ
1936 5479 2044 5529 τῶν

377 5569 698 5637 προφητῶν,
731 5560 905 5617 πάλιν
944 5556 1227 5625 ἀπίθανον,
1268 5556 1371 5623 ἓως
1398 5568 1497 5630 τῆς
1548 5561 1786 5625 καθόλου
1816 5564 2046 5619 ἀναστά-

379 5676 513 5718 σεως
545 5655 824 5731 μένοντας.

2229 4874 2255 4899 ‹‹
2291 4850 2445 4905 Nihil
2477 4848 2640 4903 aliud
2671 4847 2874 4901 dicens
2906 4864 3086 4918 quam
3117 4866 3186 4905 ea
3218 4868 3348 4921 quae
3381 4857 3685 4927 prophetas
3719 4860 3805 4914 di-

2153 4945 2385 4995 xerunt.
2424 4960 2450 4985 »
2483 4939 2561 4991 Ne
2596 4937 2772 5007 hujus
2804 4936 2887 4990 rei
2920 4937 3127 4992 doctor
3149 4940 3455 5010 habeatur,
3481 4949 3800 5018 prophetas

2155 5028 2396 5085 adducit
2450 5042 2515 5079 ac
2575 5026 2773 5079 Mosen
2823 5025 3145 5093 dicentem,
3178 5046 3255 5085 an
3312 5048 3593 5102 passurus
3622 5036 3801 5091 fuerit

2158 5117 2445 5182 Christus,
2478 5131 2552 5169 an
2584 5113 2811 5184 primus
2843 5130 2911 5169 ex
2943 5119 3377 5173 resurrectione
3409 5128 3800 5195 mortuorum,

2157 5213 2301 5271 etc.;
2334 5202 2378 5257 εἷ
2412 5220 2568 5270 vero,
2603 5202 2660 5257 id
2693 5208 2783 5257 est
2812 5220 2910 5272 an,
2943 5206 3178 5276 capitur
3202 5224 3306 5277 pro
3328 5206 3487 5263 ὅτιίά
3511 5214 3802 5281 estquod.

2157 5296 2365 5360 Moses,
2398 5291 2612 5362 inquit,
2648 5290 2794 5344 dixit
2825 5292 2983 5361 quod
3014 5310 3295 5363 passurus
3329 5301 3485 5349 esset
3513 5298 3802 5370 Christus,

2154 5383 2385 5455 primus
2416 5398 2485 5435 ex
2512 5381 2968 5435 resurrectione.
3004 5381 3235 5435 Primus
3266 5381 3562 5451 siquidem
3585 5386 3681 5443 hic
3712 5408 3805 5446 re-

2157 5471 2414 5528 surrexit
2442 5486 2552 5523 nec
2585 5468 2840 5538 amplius
2873 5470 3125 5523 moritur
3161 5486 3173 5523 :
3212 5487 3347 5525 cum
3374 5473 3534 5530 enim
3567 5483 3669 5532 aut
3698 5497 3805 5551 per

2156 5578 2311 5627 eum,
2343 5565 2443 5615 aut
2459 5575 2565 5629 per
2588 5556 2931 5627 discipulos,
2958 5557 3232 5613 similiter
3254 5566 3312 5613 et
3332 5577 3437 5633 per
3455 5566 3798 5639 prophetas,

2156 5656 2255 5712 alii
2289 5654 2532 5727 quidam
2574 5654 3048 5719 resurrexerant,
3094 5668 3331 5710 rursum
3376 5658 3593 5714 mortui
3637 5665 3795 5734 sunt,

2152 5746 2561 5816 exspectantes
2594 5738 2992 5796 universalem
3024 5743 3549 5803 resurrectionem.
