4112 6250
435 401 542 462 291

1418 379 1820 445 COMMENT.
1871 377 1951 438 IN
1997 376 2207 439 ACTA
2247 376 2858 440 APOSTOLORUM.

3707 383 3810 445 292

501 535 699 600 XXVI,
736 531 919 587 24-52.
955 548 982 578 ‹‹
1009 526 1144 582 Rrec
1175 527 1375 579 autem
1404 535 1536 577 cum
1565 534 1673 591 pro
1728 534 1807 589 se,
1831 515 2076 587 diceret,

2190 531 2223 600 ﬁt
2254 513 2436 568 Ταῦτα
2466 507 2522 567 δὶ
2550 510 2715 600 αὐτοῦ
2773 511 3245 600 ἀπολογουμένου,
3307 515 3338 570 6
3399 520 3612 600 Φῆστος
3666 515 3819 594 μεγά-

433 626 639 682 Festus
662 636 876 692 magna
905 633 1042 672 voce
1068 615 1150 670 ait
1178 631 1190 668 :
1222 611 1477 674 Insanis,
1524 608 1725 677 Paule,
1773 607 1974 662 multae
2020 612 2076 662 te

430 715 646 772 litteras
675 712 751 767 ad
781 708 1074 765 insaniam
1107 705 1474 759 convertunt.
1525 700 1594 753 Et
1640 697 1854 753 Paulus
1889 713 1899 751 :
1951 699 2077 752 Non

434 803 691 866 insanio,
744 797 961 869 inquit,
1002 789 1492 865 praestantissime
1541 787 1729 852 Feste,
1782 785 1885 840 sed
1933 787 2077 839 vrri-

434 896 572 950 tatis
607 900 664 949 et
696 887 1033 947 sobrietatis
1078 882 1252 938 verba
1297 880 1561 950 eloquor.
1616 878 1736 931 Scit
1798 877 1957 930 enim
2004 877 2076 933 de

435 975 529 1029 his
561 990 683 1039 rex,
730 970 806 1025 ad
835 983 1011 1040 quem
1062 970 1121 1018 et
1158 961 1346 1016 libere
1406 959 1636 1029 loquor.
1692 957 1891 1011 Latere
1942 973 2077 1012 eum

435 1064 587 1119 nihil
643 1063 855 1117 horum
907 1055 1181 1111 arbitror.
1255 1048 1557 1120 Siquidem
1605 1062 1799 1116 neque
1844 1046 1955 1099 hoc
2017 1045 2078 1099 in

435 1152 651 1224 angulo
710 1155 939 1222 gestum
997 1149 1103 1199 est.
1164 1139 1390 1205 Credis,
1450 1153 1553 1191 rex
1608 1135 1882 1207 Agrippa,
1942 1151 2078 1207 pro-

432 1244 629 1315 phetis
652 1241 679 1296 ‘I
708 1238 837 1295 Scio
870 1235 1027 1308 quod
1058 1233 1281 1289 credas.
1314 1228 1570 1300 Agrippa
1598 1232 1797 1281 autem
1819 1224 1891 1280 ad
1923 1226 2077 1280 Pau-

434 1312 561 1386 lum
593 1330 709 1385 ait:
744 1326 952 1383 Paucis
978 1321 1193 1379 suades
1224 1319 1370 1375 mihi
1400 1322 1467 1372 ut
1515 1316 1885 1371 Christianus
1945 1312 2079 1369 efﬁ-

435 1420 579 1476 ciar.
614 1417 829 1473 Paulus
875 1430 1012 1469 vero
1070 1410 1254 1465 dixit:
1313 1406 1576 1479 Optarim
1636 1420 1778 1459 sane
1810 1420 1844 1458 a
1872 1404 1989 1459 Deo
2021 1408 2082 1459 et

434 1508 641 1581 paucis
666 1513 723 1561 et
754 1504 980 1568 multis,
1013 1518 1133 1557 non
1170 1504 1225 1553 te
1253 1496 1470 1563 solum,
1500 1494 1604 1551 sed
1633 1493 1814 1549 etiam
1872 1508 2080 1547 omnes

437 1598 537 1670 qui
571 1596 822 1653 audiunt
868 1592 1065 1655 hodie,
1126 1604 1254 1644 esse
1301 1585 1447 1641 tales
1506 1583 1699 1654 qualis
1758 1598 1864 1655 ego
1923 1598 2079 1649 sum,

437 1687 698 1758 exceptis
726 1683 974 1739 vinculis
1004 1681 1117 1735 his.
1154 1680 1415 1746 Cumque
1466 1673 1591 1727 haec
1637 1671 1869 1726 locutus
1902 1675 2078 1737 esset,

437 1775 697 1832 surrexit
726 1790 829 1829 rex
851 1789 917 1827 ac
946 1784 1170 1842 praeses
1203 1771 1262 1821 et
1290 1762 1534 1819 Bernice
1591 1760 1812 1832 quique
1852 1759 2077 1815 asside-

434 1866 598 1922 bant.
630 1866 700 1919 Et
728 1879 862 1918 cum
895 1858 1298 1916 secessissent.
1355 1850 1753 1922 loquebantur
1783 1850 1939 1903 inter
1995 1866 2076 1904 se.

439 1955 744 2010 dicentes:
775 1949 932 2006 Nihil
963 1952 1151 2003 morte
1182 1951 1285 1999 aut
1332 1940 1583 1996 vinculis
1643 1938 1886 2010 dignum
1937 1939 2081 1994 facit

437 2042 615 2096 bomo
644 2042 774 2095 iste.
812 2037 1065 2110 Agrippa
1112 2050 1247 2088 vero
1304 2032 1473 2085 Festo
1507 2027 1693 2082 dixit:
1728 2027 1952 2082 Dimitti
1986 2044 2081 2099 po-

434 2135 589 2185 terat
614 2130 710 2184 bic
740 2129 938 2193 homo,
974 2124 1022 2179 si
1055 2139 1171 2178 non
1206 2119 1567 2192 appellasset
1596 2118 1907 2172 Caesarem.
1945 2138 1972 2165 ››

2112 1903 2159 1968 Β

2189 599 2260 674 λῃ
2292 602 2359 673 τῇ
2392 602 2546 676 φωνῇ
2578 593 2703 674 ἔφη·
2737 598 2939 675 Μαίνῃ,
2967 599 3168 671 Παῦλε,
3210 604 3281 656 τά
3335 599 3523 656 πολλά
3575 623 3631 656 σε
3657 593 3815 678 γράμ-

2189 709 2333 761 ματα
2379 689 2456 752 εἷς
2513 688 2706 761 μανίαν
2764 690 3095 764 περιτρέπει.
3153 692 3212 748 Ὀ
3275 688 3360 759 δὲ,
3416 690 3494 747 Οὐ
3549 691 3814 765 μαίνομαι,

2185 778 2342 857 φησὶ,
2399 778 2651 853 κράτιστε
2731 785 2936 850 Φῆστε,
2985 777 3130 836 ἀλλὰ
3179 778 3444 850 ἀληθείας
3491 780 3581 834 καὶ
3629 800 3823 857 σωφρο-

2187 866 2351 936 σύνης
2395 867 2612 941 ῥήματα
2671 867 3113 946 ἀποφθέγγομαί.
3173 869 3501 926 Ἐπίσταται
3564 868 3663 945 γὰρ
3707 870 3819 945 περῖ

2181 957 2392 1011 τούτων
2444 958 2472 1012 6
2529 956 2823 1032 βασιλεὺς,
2878 959 3011 1033 πρὸς
3071 959 3130 1013 ὂν
3174 958 3263 1013 καὶ
3327 957 3820 1032 παρῥησιαζόμενος

2186 1046 2364 1103 λαλῶ.
2425 1048 2717 1103 Λανθάνειν
2789 1048 2892 1125 γὰρ
2966 1049 3130 1105 αὐτόν
3202 1071 3255 1104 τι
3313 1047 3555 1115 τούτων,
3612 1049 3670 1103 οὐ
3725 1049 3824 1104 πεί-

2186 1147 2355 1209 θομαι
2420 1133 2596 1193 οὐδέν.
2673 1137 2750 1194 Οὐ
2839 1139 2941 1215 γάρ
3018 1136 3159 1193 ἐστιν
3243 1136 3302 1193 έν
3364 1138 3547 1212 γωνίᾳ
3602 1157 3817 1211 πεπραγ-

2187 1226 2347 1299 μένον
2396 1230 2577 1282 τοῦτο.
2648 1226 2945 1295 ΙΙιστεύεις,
3029 1226 3253 1302 βασιλεῦ
3342 1228 3644 1301 Ἀγριππα,
3719 1230 3822 1287 τοῖς

2184 1316 2537 1393 προφήταις;
2597 1312 2736 1372 Οἶδα
2791 1315 2876 1371 ὅτι
2951 1315 3239 1378 πιστεύεις.
3292 1315 3357 1373 Ὁ
3419 1310 3479 1369 δὲ
3533 1313 3819 1389 Ἀγρίππας

2184 1403 2320 1478 πρὸς
2348 1404 2439 1459 τὸν
2473 1402 2688 1459 Παῦλον
2746 1399 2877 1479 ἔφη*
2935 1404 3024 1460 Ἐν
3084 1401 3259 1480 ὀλίγῳ
3321 1424 3395 1478 με
3452 1401 3658 1463 πείθεις
3708 1403 3825 1476 X91-

2186 1493 2399 1548 στιανὸν
2453 1490 2719 1568 γενέσθαι.
2805 1494 2866 1551 Ὁ
2943 1489 3002 1548 δὶ
3088 1491 3303 1555 Παῦλος
3394 1491 3568 1547 εἶπεν·
3642 1488 3825 1560 Εὐξαί-

2189 1604 2298 1656 μην
2330 1582 2392 1637 ἃν
2448 1587 2529 1654 τῷ
2586 1586 2703 1654 Θεῷ
2760 1583 2849 1636 καὶ
2910 1579 2965 1636 ἐν
3020 1580 3192 1658 ὀλίγῳ
3248 1582 3344 1637 καί
3406 1581 3463 1635 έν
3521 1578 3717 1652 πολλῷ
3769 1578 3824 1633 οὐ

2188 1672 2355 1744 μόνον
2408 1670 2465 1725 σε
2499 1714 2512 1740 ,
2570 1668 2715 1726 ἀλλᾶ
2781 1669 2871 1725 καὶ
2930 1667 3132 1732 πάντας
3184 1669 3318 1732 τοὺς
3373 1667 3677 1729 ἀκούοντας
3735 1687 3826 1741 μου

2188 1762 2429 1834 σήμερον
2464 1804 2478 1831 ,
2548 1761 2790 1837 γενέσθαι
2871 1761 3175 1830 τοιούτους,
3256 1761 3461 1823 ὁποῖος
3547 1758 3694 1833 κάγώ
3765 1777 3828 1812 ει-

2192 1872 2274 1924 μι,
2324 1851 2586 1925 παρεκτὸς
2646 1855 2755 1906 τῶν
2807 1847 3021 1923 δεσμῶν
3078 1850 3309 1906 τούτων.
3376 1848 3484 1907 Καὶ
3541 1851 3707 1904 ταῦτα
3751 1845 3826 1900 εί-

2187 1938 2383 2001 πὸντος
2468 1938 2651 2009 αὐτ-οὗ,
2730 1938 2925 2010 ἀνέστη
2984 1940 3012 1993 ὁ
3056 1937 3315 2014 βασιλεὺς
3371 1938 3468 1994 καὶ
3522 1939 3551 1992 6
3600 1936 3831 2012 ἡγεμὼν,

2190 2028 2226 2097 ἢ
2282 2048 2341 2081 τε
2398 2027 2655 2102 Βερενίκη
2735 2028 2824 2082 καὶ
2875 2030 2926 2083 οἱ
2997 2030 3402 2104 συγκαθήμενοι
3487 2025 3691 2089 αὐτοῖς.
3747 2024 3837 2079 Καὶ

2192 2114 2692 2191 ἀναχωρήσαντες,
2751 2115 2984 2172 ἐλάλουν
3037 2116 3174 2192 πρὸς
3232 2115 3529 2188 ἀλλήλους
3581 2113 3829 2189 λέγοντες,

437 2219 522 2273 ὅτι
552 2214 719 2276 Οὐδὲν
743 2214 974 2270 θανάτου
1006 2209 1152 2281 ἄξιον
1184 2209 1219 2279 ἢ
1254 2206 1465 2282 δεσμῶν
1500 2205 1723 2279 πράσσει
1756 2206 1783 2259 6
1808 2203 2098 2278 ἄνθρωπος
2147 2205 2324 2260 οὗτος.
2388 2205 2689 2281 Ἀγρίππας
2745 2203 2802 2260 δί
2858 2210 2937 2278 τῷ
2993 2208 3199 2280 Φήστῳ
3256 2203 3388 2276 ἔφη·
3448 2202 3832 2263 Ἀπολελύσθαι

432 2306 656 2364 ἐδύνατο
678 2308 705 2359 6
736 2303 1013 2379 ἅνθρωπος
1046 2302 1225 2367 οὗτος,
1249 2297 1294 2353 εί
1330 2299 1407 2370 μὴ
1439 2296 1770 2366 ἐπεκέκλητο
1801 2296 2063 2368 Καίσαρα.
2100 2317 2128 2344 ιι

434 2401 582 2456 177
621 2397 910 2464 Quoniam
940 2394 1013 2451 ad
1044 2408 1242 2466 regem
1275 2405 1510 2461 semper
1560 2387 1740 2443 verba
1771 2385 2077 2458 dirigebat,

433 2494 764 2546 commotus
797 2492 886 2541 est
915 2484 1288 2554 aliquantum
1320 2481 1547 2543 Festus,
1608 2483 1667 2532 et
1722 2475 2081 2531 Libertatem

433 2579 707 2645 intuitus,
739 2593 809 2631 ex
839 2573 1024 2629 animi
1056 2569 1500 2645 perturbatione
1532 2571 1592 2622 et
1638 2566 1761 2620 ira:
1825 2565 2079 2632 Insanis,

434 2669 648 2739 inquit.
685 2664 901 2721 Paulus
933 2678 1068 2716 vero
1097 2673 1335 2715 causam
1387 2656 1579 2721 docet,
1619 2671 1725 2708 cur
1753 2652 1826 2708 ad
1882 2669 2081 2726 regem

432 2757 676 2812 verbum
726 2755 1048 2808 convertat.
1110 2746 1332 2802 Deinde
1390 2743 1711 2799 ostendens
1743 2741 1903 2812 quod
1960 2746 2081 2797 toto

434 2852 726 2901 terrarum
749 2842 888 2896 orbe
902 2840 1013 2894 hoc
1030 2838 1245 2910 dogma
1265 2835 1343 2889 sit
1366 2833 1722 2904 dispersum,
1747 2831 2080 2903 subjungit:

438 2958 460 2985 σι
498 2932 798 3004 Siquidem
851 2944 1043 3000 neque
1089 2927 1199 2981 hoc
1251 2926 1313 2979 in
1373 2922 1587 2994 angulo
1619 2926 1849 2993 gestum
1882 2926 1973 2975 est
2005 2937 2018 2974 :
2053 2942 2080 2968 ι)

437 3024 508 3080 de
530 3038 704 3080 cruce
727 3038 794 3077 ac
810 3017 1247 3075 resurrectione
1266 3012 1475 3069 Christi
1497 3013 1769 3082 loquens.
1792 3008 1881 3063 ’Ev
1904 3006 2082 3083 ὀλιγῳ

435 3115 548 3170 hoc
602 3118 692 3168 est
748 3108 1060 3183 perpaucis
1114 3104 1326 3169 verbis,
1360 3101 1637 3157 brevibus
1682 3098 2080 3167 sermonibus,
2113 3135 2156 3202 Ο

436 3203 670 3260 modica
690 3197 1208 3267 doctrina.absque
1226 3209 1436 3263 magno
1457 3191 1656 3246 labore
1679 3190 2078 3260 continuaque

436 3292 859 3364 disputatione.
893 3290 1139 3358 Propter
1168 3282 1326 3354 quod
1359 3281 1538 3336 etiam
1571 3279 1789 3335 Paulus
1820 3279 2079 3333 vicissim

436 3398 506 3436 ac
526 3379 946 3435 convenienter
965 3375 1050 3429 ait
1080 3372 1150 3428 ad
1180 3371 1349 3425 illum
1373 3387 1384 3424 :
1404 3392 1432 3419 «
1452 3369 1716 3440 Optarim
1749 3385 1889 3423 sane
1906 3385 1941 3423 a
1962 3369 2079 3423 Deo

438 3475 497 3524 et
524 3467 728 3539 paucis
751 3471 811 3519 et
839 3463 1042 3518 multis
1067 3480 1080 3528 ;
1105 3484 1126 3511 υ
1149 3477 1216 3515 ac
1248 3461 1296 3514 si
1328 3459 1522 3513 dicat:
1551 3459 1670 3512 Hoc
1692 3473 1905 3528 nempe
1936 3456 2081 3510 mihi

437 3557 630 3614 studio
666 3559 774 3620 est,
807 3557 873 3607 ut
902 3567 1113 3606 omnes
1143 3548 1480 3603 efficiantur
1513 3545 1849 3611 Christiani,
1884 3548 1942 3600 et
1966 3545 2079 3600 hoc

434 3649 582 3708 mihi
609 3649 671 3704 in
690 3647 838 3702 votis
852 3650 1137 3715 esteaque
1153 3640 1413 3714 precatio
1427 3655 1626 3694 coram
1646 3639 1791 3693 Deo:
1810 3635 2076 3707 quando-

436 3737 678 3811 quidem
701 3740 941 3809 paratus
955 3737 1173 3793 sum,et
1186 3729 1391 3785 multis
1404 3724 2079 3796 sermonibus,etpaucis

433 3827 985 3901 Christipraedicare
1007 3825 1207 3891 Iidem,
1230 3821 1417 3877 multo
1440 3820 1617 3875 etiam
1640 3833 1773 3873 cum
1794 3816 1996 3872 labore
2012 3832 2081 3871 ac

431 3917 916 3989 molestia.idque
929 3914 1221 3988 protinus.
1242 3913 1625 3982 Nequaquam
1644 3923 1802 3962 enim
1817 3906 2079 3961 laborem

432 4014 536 4065 aut
563 4008 898 4064 molestiam
919 4006 981 4060 in
1013 4002 1283 4059 doctrina
1304 4016 1371 4056 ac
1413 3998 1835 4071 praedicatione
1883 3997 2080 4051 inesse

429 4098 753 4156 arbitrarer
773 4114 787 4152 :
811 4096 914 4152 sed
928 4093 1172 4167 perinde
1191 4091 1337 4147 mihi
1351 4086 1846 4160 essetdefatigari,
1871 4103 1938 4142 ac
1958 4102 2080 4141 non

433 4185 762 4259 defatigari,
796 4185 1049 4240 multum
1076 4189 1308 4253 tempus
1338 4179 1638 4233 insumere
1670 4177 1823 4231 sicut
1847 4191 2077 4247 parum,

428 4276 609 4334 modo
625 4275 949 4331 nonnullos
972 4273 1199 4329 videam
1223 4270 1325 4342 qui
1348 4268 1421 4324 ad
1435 4269 1619 4323 Deum
1638 4271 2077 4322 convertantur.

436 4367 569 4422 Haec
582 4372 777 4422 autem
793 4364 1027 4420 dicebat
1038 4360 1217 4418 simul
1231 4358 1473 4431 quidem
1488 4373 1651 4411 suam
1669 4354 2081 4427 promptitudi—

431 4472 570 4511 nem
585 4462 761 4527 atque
773 4455 1062 4510 fervorem
1076 4444 1699 4511 demonstrans,simul
1717 4444 1893 4498 etiam
1908 4443 2077 4497 illum

435 4562 782 4617 provocans,
807 4549 868 4599 ut
893 4543 941 4599 si
965 4541 1145 4597 vellet
1170 4539 1341 4611 plura
1367 4534 1572 4591 audire
1596 4538 1656 4588 et
1675 4532 1948 4604 ampliori
1962 4532 2076 4586 frui

436 4631 726 4701 doctrina,
747 4649 868 4688 non
887 4630 1061 4687 modo
1086 4628 1237 4684 nihil
1258 4627 1659 4691 cunctaretur,
1680 4636 1884 4676 verum
1900 4620 2078 4674 etiam

435 4722 582 4778 adeo
599 4728 908 4794 promptus
937 4726 1096 4775 esset
1124 4718 1198 4774 ad
1243 4714 1643 4772 exhibendum
1697 4727 1759 4765 se
1808 4714 2080 4782 paratum

439 4827 507 4867 ac
537 4810 815 4877 alacrem,
838 4815 904 4864 ut
923 4809 1101 4863 etiam
1141 4823 1289 4879 opus
1309 4803 1459 4860 illud
1489 4802 1599 4858 sibi
1631 4801 1694 4855 in
1722 4798 1872 4855 votis
1903 4802 2081 4864 esset,

436 4898 755 4957 dummodo
788 4914 1029 4969 scopum
1062 4899 1499 4967 assequeretur.
1546 4892 1804 4964 Agrippa
1841 4886 2083 4959 quidem

435 4997 748 5064 acceperat
775 4987 828 5043 έν
854 4984 1051 5060 ὀλιγῳ,
1082 4992 1148 5042 ut
1168 4986 1531 5057 signiﬁcaret
1548 4981 1752 5055 paucis
1773 4995 1921 5050 opus
1953 4992 2082 5032 esse

443 5088 548 5140 aut
571 5097 779 5155 parum
812 5077 1039 5135 abesse.
1074 5074 1292 5131 Paulus
1310 5090 1443 5130 vero
1475 5079 1601 5128 tum
1632 5071 1691 5125 in
1715 5067 2083 5129 divinis,tum

434 5174 496 5229 in
544 5170 847 5235 humanis,
894 5163 1396 5240 prudentissimus
1445 5177 1512 5216 ac
1551 5157 1972 5223 astutissimus,
2032 5155 2083 5209 si

439 5261 732 5334 quispiam
793 5258 969 5323 alius,
1003 5260 1105 5311 aut
1161 5252 1358 5308 oblata
1385 5266 1528 5305 usus
1559 5247 1839 5312 dictione,
1874 5250 1977 5300 aut
2006 5242 2082 5299 si-

439 5333 716 5424 gniﬁcato
730 5350 802 5406 ad
816 5348 876 5404 id
895 5345 1055 5420 quod
1073 5344 1197 5401 suis
1216 5338 1592 5397 sermonibus
1614 5342 1742 5392 erat
1763 5333 2086 5407 expediens

443 5439 733 5511 adjunxit,
757 5439 807 5491 ἐν
824 5435 1105 5514 ὀλίγῳκαῖ
1123 5432 1174 5488 ἐν
1190 5427 1411 5501 πολλῷ,
1434 5446 1502 5485 ac
1533 5429 1581 5484 si
1602 5428 1879 5483 dixisset:
1905 5427 2086 5479 Parvo

444 5544 786 5585 sermonum
820 5511 1027 5601 agone,
1058 5531 1161 5582 aut
1190 5523 1239 5580 si
1273 5538 1421 5594 opus
1443 5524 1603 5576 esset
1631 5519 1809 5573 etiam
1851 5511 2087 5586 majori,

439 5617 699 5692 optarim
731 5622 788 5672 te
819 5616 1220 5672 Christianum
1262 5611 1415 5669 fieri.
1483 5608 1740 5667 Omnino
1781 5607 2088 5679 promptus

439 5725 574 5766 sum
606 5705 809 5765 omnia
835 5704 1029 5761 facere
1074 5720 1182 5775 pro
1215 5702 1427 5768 saluto,
1458 5715 1581 5756 non
1613 5701 1714 5754 tua
1742 5694 1961 5757 solum,
1990 5707 2090 5745 ve-

2192 2381 2412 2455 Ἐπειδὴ
2495 2384 2575 2439 ἀεὶ
2659 2385 2795 2456 πρὸς
2864 2385 2958 2440 τὸν
3016 2383 3243 2460 βασιλέα
3300 2381 3604 2460 διελέγετο,
3663 2381 3823 2455 ὥσπερ

2191 2472 2354 2537 ἔπαθέ
2381 2474 2489 2529 τιὸ
2548 2479 2788 2543 Φῆστος,
2846 2473 2935 2529 καὶ
2995 2472 3127 2529 ἰδὼν
3183 2477 3283 2543 τήν
3342 2472 3674 2551 παρῥησίαν,
3730 2469 3822 2524 ἀπὸ

2192 2567 2368 2637 θυμοῦ
2397 2563 2485 2618 καὶ
2517 2562 2706 2638 ὀργῆς,
2738 2563 2938 2638 Μαίνῃ,
2991 2563 3175 2642 φησίν.
3226 2563 3288 2621 Ὁ
3350 2560 3411 2617 δὶ
3469 2561 3682 2622 Παῦλος
3735 2559 3822 2627 τήν

2192 2653 2365 2708 αἰτίαν
2392 2651 2655 2725 διδάσκει,
2687 2651 2755 2708 δι’
2786 2654 2853 2723 ἤν
2904 2653 3041 2718 πρὸς
3087 2654 3181 2709 τὸν
3240 2652 3482 2729 βασιλέα
3536 2652 3630 2707 τὸν
3679 2648 3822 2723 λόγον

2191 2743 2539 2817 ἀπέστρεψεν.
2574 2745 2711 2799 Εἶτα
2768 2741 2977 2806 δεικνὺς
3027 2742 3110 2797 δτι
3167 2745 3456 2819 πανταχοῦ
3511 2743 3612 2809 τῆς
3665 2739 3825 2793 οἰκου-

2195 2831 2358 2903 μένης
2387 2837 2550 2887 τοῦτο
2582 2832 2773 2909 γέγονε
2828 2834 2890 2887 τὸ
2959 2829 3161 2905 δόγμα,
3214 2830 3511 2909 ἐπήγαγεν·
3574 2855 3601 2882 ι(
3634 2828 3707 2886 06
3735 2828 3823 2900 γὰρ

2190 2919 2244 2975 ἐν
2275 2920 2448 2998 γωνίᾳ
2474 2920 2813 2998 περαγμένον
2840 2926 3027 2991 τοῦτο,
3063 2944 3090 2972 ››
3143 2921 3205 2976 τὸ
3263 2920 3400 2995 περὶ
3452 2922 3687 2994 συαυροῦ
3741 2913 3820 2970 λέ-

2191 3030 2328 3084 γων,
2359 3010 2580 3080 καὶτῆς
2628 3010 2965 3073 ἀναστάσεως
3020 3014 3118 3065 τοῦ
3177 3012 3450 3084 Χριστοῦ.
3516 3010 3604 3067 Ἐν
3649 3005 3819 3081 ὀλίγῳ·

2192 3098 2437 3155 τουτέστι
2470 3096 2539 3152 δι’
2571 3098 2776 3175 ὀλίγων
2835 3101 3121 3175 ρημάτων,
3154 3098 3207 3153 ἐν
3239 3099 3482 3176 βραχέσι
3539 3097 3740 3175 λόγοις,
3781 3090 3825 3147 ἑν

2193 3186 2355 3264 ὀλίγῃ
2381 3185 2725 3260 διδασκαλίᾳ,
2759 3188 2935 3267 χωρὶς
2964 3187 3182 3244 πολλοῦ
3214 3188 3408 3243 πόνου.
3452 3189 3541 3244 καὶ
3577 3185 3821 3259 συνεχοῦς

2189 3275 2500 3348 διαλέξεως.
2543 3283 2622 3333 Δι’
2647 3277 2676 3333 ὃ
2700 3278 2791 3332 καὶ
2817 3277 2954 3354 πρὸς
3012 3277 3172 3332 αὐτὸν
3225 3275 3604 3350 καταλλήλως
3635 3276 3661 3330 6
3689 3275 3817 3330 Παῦ-

2190 3365 2286 3429 λός
2317 3387 2499 3444 φησιν·
2532 3391 2559 3419 ιι
2595 3366 2871 3439 Εὐξαίμην
2905 3366 2964 3420 ἂν
3015 3371 3095 3439 τῷ
3126 3370 3245 3438 Θεῷ
3299 3367 3399 3421 καὶ
3469 3365 3524 3422 ἐν
3583 3362 3761 3438 ὀλίγῳ,
3792 3379 3815 3408 ﬁ

2186 3457 2279 3510 καὶ
2305 3456 2371 3510 τά
2392 3456 2534 3528 ἑξῆς.
2569 3455 2722 3525 Οῗον,
2756 3454 2839 3509 ὅτι
2874 3454 3031 3526 Ἐμοὶ
3084 3458 3252 3509 τοῦτο
3308 3452 3530 3522 σπουδὴ
3584 3451 3640 3505 τὸ
3684 3444 3814 3521 γενέ-

2189 3546 2308 3599 σθαι
2338 3544 2541 3606 πάντας
2595 3544 2951 3615 Χριστιανοὺς
2995 3543 3085 3598 καὶ
3116 3538 3275 3598 τοῦτό
3333 3546 3439 3616 μοί
3503 3541 3634 3599 ἐστιν
3683 3533 3809 3600 εὐχὴ

2188 3633 2324 3709 πρὸς
2355 3634 2506 3689 Θεόν,
2542 3633 2692 3688 Ἐπεὶ
2720 3630 2944 3703 ’ὲτοιμός
2977 3631 3090 3705 εῗμι
3146 3633 3236 3687 καὶ
3294 3629 3385 3687 διὰ
3452 3629 3670 3689 πολλῶν
3719 3622 3814 3680 λό-

2187 3743 2326 3797 γων,
2358 3720 2446 3776 καί
2472 3717 2541 3776 δι’
2573 3719 2782 3796 ὀλίγων
2812 3721 2912 3790 τήν
2953 3720 3004 3777 ἐν
3040 3720 3261 3797 Χριστῷ
3308 3724 3583 3799 κηρύσσεν
3635 3716 3818 3779 πίστιν,

2187 3810 2277 3865 καὶ
2314 3811 2447 3883 μετά
2475 3810 2649 3866 κόπου
2680 3809 2770 3864 καὶ
2811 3809 3008 3880 πόνου,
3060 3811 3151 3866 καὶ
3211 3809 3271 3866 ἐκ
3323 3817 3430 3868 τοῦ
3480 3810 3819 3887 παραχρῆμασ

2189 3901 2372 3962 Κόπος
2400 3901 2502 3976 γὰρ
2530 3900 2621 3954 καὶ
2673 3900 2838 3962 πόνος
2895 3898 2948 3955 ἒν
3005 3903 3074 3974 τῇ
3126 3897 3463 3975 διδασκαλίᾳ
3512 3899 3601 3956 καὶ
3630 3900 3705 3967 τῷ
3730 3913 3820 3960 κη-

2191 3990 2423 4066 ρύγματι
2480 3986 2733 4063 οὐδαμῶς
2816 3988 3090 4064 λογίζεταί
3145 4011 3280 4063 μοι,
3334 3987 3467 4047 ἀλλ’
3552 3987 3664 4044 ἴσον
3724 3978 3815 4038 ἐστὶ

2187 4084 2382 4150 κοπιᾷν
2442 4078 2531 4134 καὶ
2582 4079 2682 4152 μή,
2741 4079 2831 4134 καὶ
2887 4076 3063 4135 πολὺν
3117 4079 3319 4155 χρόνον
3371 4074 3582 4155 τρίϐειν
3638 4070 3817 4148 κηρύτ-

2187 4189 2349 4224 τοντα
2379 4168 2468 4223 καὶ
2502 4166 2714 4241 ὀλίγον,
2751 4168 2916 4240 μόνον
2946 4166 2998 4222 εἷ’
3020 4188 3171 4232 τινας
3219 4169 3332 4242 ὁρῶ
3389 4171 3530 4246 πρὸς
3558 4167 3648 4223 τὸν
3695 4166 3815 4234 Χριο

2191 4260 2314 4315 στὸν
2374 4258 2809 4337 ἐπιστρέφοντας.
2881 4259 3062 4314 Ταῦτα
3119 4254 3177 4314 δὲ
3233 4255 3414 4335 ἔλεγεν
3477 4260 3591 4333 ἅμα
3646 4253 3736 4328 μὶν
3760 4248 3813 4337 τὸ

2189 4348 2353 4404 αὐτοῦ
2384 4334 2667 4423 πρόθυμον
2722 4344 2813 4400 καὶ
2875 4342 3135 4424 διάπυρον
3165 4334 3594 4421 ἐνδεικνύμενος,
3636 4344 3739 4415 ἅμα
3766 4334 3816 4391 δὲ

2186 4441 2431 4493 κάκεῖνον
2467 4433 2892 4507 ἐκκαλούμενος,
2935 4435 3009 4498 ὡς
3040 4436 3087 4491 εί
3145 4435 3412 4512 βούλοιτο
3471 4436 3562 4493 καὶ
3611 4428 3817 4490 πλείονι

2109 4488 2156 4552 D
2188 4529 2436 4596 ἀκοῦσαι,
2488 4526 2578 4579 καὶ
2637 4524 2958 4601 πλειοτέρας
3009 4488 3364 4589 διδαὲκαλίας
3413 4511 3816 4583 ἀπολαύσαινοῦ

2191 4615 2359 4689 μόνον
2392 4610 2550 4670 οὐδὲν
2580 4612 2901 4685 ἆποκνήσει,
2931 4612 3061 4670 ἀλλ’
3121 4614 3301 4677 οὓτως
3356 4612 3468 4671 ἐστὶ
3530 4610 3816 4690 πρόθυμος,

2185 4702 2409 4778 ἕτοιμον
2442 4701 2532 4759 καὶ
2561 4702 2624 4758 τὸ
2655 4701 2934 4778 πρόθυμον
2991 4702 3275 4782 παρέχων,
3322 4701 3461 4759 ὥστε
3517 4701 3605 4759 καὶ
3661 4695 3816 4769 εὐχῆς

2188 4789 2343 4868 ἔργον
2370 4791 2500 4848 αὐτὸ
2531 4792 2830 4857 ποιεῖσθαι,
2860 4789 2925 4846 ἂν
2958 4792 3123 4865 μόνον
3179 4792 3430 4870 τυγχάνῃ
3478 4794 3576 4847 τοῦ
3607 4783 3815 4842 σκοποῦ.

2190 4882 2287 4948 Τὸ,
2311 4881 2365 4936 ἐν
2390 4879 2588 4958 ὀλίγῳ,
2621 4879 2931 4955 Ἀγρίππας
2968 4880 3062 4952 μὲν
3081 4879 3198 4934 ἀντὶ
3218 4884 3344 4950 τοῦ,
3363 4883 3491 4950 παρ’
3518 4877 3714 4949 ὀλίγον,
3742 4889 3816 4942 μι-

2190 4974 2324 5045 κροῦ
2346 4967 2586 5035 δέοντος,
2630 4965 2875 5034 εἴληφεν.
2936 4968 2999 5024 Ὁ
3060 4963 3117 5024 δὶ
3167 4964 3317 5043 εἴπερ
3362 4988 3446 5030 τις
3500 4962 3665 5024 ἄλλος
3727 4975 3810 5011 σο·

2191 5044 2289 5137 φὸς
2319 5058 2387 5113 τὰ
2442 5061 2558 5121 θεῖα
2614 5054 2832 5117 Παῦλος
2861 5055 2951 5111 καὶ
2978 5055 3046 5110 τὰ
3098 5055 3429 5131 ἀνθρώπινα,
3460 5061 3529 5130 τῇ
3576 5044 3813 5126 προφορᾷ

2197 5135 2409 5222 μᾶλλον
2439 5153 2539 5215 τῆς
2559 5143 2753 5216 λέξεως
2784 5143 2820 5214 ἢ
2850 5149 2930 5217 τῷ
2990 5145 3382 5219 σημαινομένῳ
3439 5145 3573 5221 πρὸς
3626 5139 3685 5194 τὸ
3711 5135 3808 5222 τῶν

2193 5218 2373 5314 λόγων
2407 5233 2678 5312 συμφέρον
2707 5218 3075 5308 χρησάμενος,
3099 5233 3162 5289 τὸ
3191 5231 3246 5289 έν
3268 5232 3445 5311 ὀλίγῳ
3483 5218 3575 5289 ’καὶ
3606 5229 3654 5285 έν
3685 5218 3808 5314 πρὶς-

2194 5306 2299 5399 λῴυ,
2333 5326 2449 5382 ἀντὶ
2620 5326 2707 5381 Ἐν
2737 5306 2912 5397 ὀλίγῳ
2945 5325 3124 5400 Λόγων
3155 5323 3347 5399 ἀγῶνι,
3375 5306 3426 5379 εἰν
3445 5323 3555 5381 δέοι
3584 5319 3639 5376 δὲ
3664 5311 3744 5371 καὶ
3763 5306 3810 5362 ἐν

2195 5416 2432 5482 πλείονι,
2467 5413 2724 5486 εὐξαίμην
2759 5411 2816 5467 ἂν
2869 5433 2927 5467 σε
2981 5412 3306 5486 Χριπιανὸν
3365 5414 3628 5490 γενέσθω,
3656 5418 3810 5490 “Pe-

2195 5478 2443 5579 ήνεγκεν.
2468 5478 2563 5554 Ἰν’
2596 5478 2742 5571 diu,
2772 5497 2870 5552 Καὶ
2901 5494 2971 5553 δι’
3004 5478 3201 5575 ὀλίγων
3226 5478 3429 5574 λόγων,
3452 5497 3560 5565 καὶ,
3592 5478 3812 5579 6:61:01)-

2196 5569 2321 5651 λῶν
2373 5586 2635 5661 εὐξαίμην
2700 5569 2794 5640 -ἅν
2857 5569 3177 5664 Χριστιανὸν
3236 5569 3502 5664 γενέσθάι.
3565 5578 3655 5639 Διᾶ
3696 5569 3812 5629 πάν·

2197 5703 2305 5738 των
2335 5673 2624 5751 πρόθυμός
2654 5674 2768 5747 εἶμι
2802 5675 2975 5731 πάντα
3004 5673 3258 5750 πράττειν
3288 5674 3378 5731 ἐπὶ
3433 5679 3501 5749 τῇ
3554 5672 3617 5742 σῇ
3648 5677 3808 5724 σωτη·
