4112 6250
365 345 477 406 293
1457 341 1874 404 CECUMENII
1917 341 2225 403 TRICCJE
2270 341 2642 404 EPISCOPI.
2809 362 2819 373 '
3651 353 3768 415 294

360 474 465 548 ρίᾳ,
497 471 560 527 οὗ
590 475 662 546 τῇ
711 476 780 547 σῇ
840 469 899 528 δὲ
962 474 1154 547 μόνον,
1211 470 1356 528 ἀλλὰ
1410 473 1500 528 καὶ
1554 478 1664 527 τῶν
1717 471 1984 528 συνόντων

2144 490 2259 530 rum
2290 476 2468 530 etiam
2497 492 2703 532 eorum
2735 479 2836 548 qui
2867 485 3193 550 praesentes
3232 487 3389 538 sunt.
3440 505 3468 534 «
3499 487 3768 560 Exceptis

355 588 382 616 κ
417 563 692 639 Παρεκτὸς
722 567 830 618 τῶν
864 559 1082 635 δεσμῶν
1114 561 1342 618 τούτων·
1383 586 1410 614 ››
1469 562 1585 620 Οὐκ
1631 563 1979 638 ἀπευχὸμενο

2141 563 2375 620 rinculis
2409 565 2518 620 his.
2559 587 2578 616 ι
2617 568 2742 622 Non
2774 568 2886 622 sibi
2923 570 3153 625 vincula
3183 587 3519 641 exsecrans,
3563 559 3666 631 aut
3693 577 3765 633 ob

353 655 527 725 ἑαυτῷ
563 652 632 706 τὰ
699 650 894 725 δεσμὰ,
956 649 1088 707 οὐδὲ
1146 652 1568 726 αἰσχυνόμενος,
1623 657 1783 707 τοῦτο
1841 649 1977 726 ἔλεγε

2144 670 2194 708 aa
2224 654 2449 724 pudore
2483 657 2740 711 sull'usus
2773 658 2883 712 hoc
2915 659 3183 714 dicebat:
3217 677 3354 715 nam
3387 663 3518 729 hoc,
3555 665 3603 718 si
3626 668 3768 736 quid

354 748 524 799 Τοῦτο
555 745 663 818 γὰρ
695 744 763 811 ἦν
795 743 969 815 αὐτῷ,
1005 741 1159 817 εἶ’περ
1190 742 1331 798 ἄλλο
1389 765 1464 812 τι,
1514 743 1658 816 ἄξιον
1720 741 1978 815 δόξγ,ς,κσ

2138 743 2308 801 aliud.
2343 744 2527 815 gloria
2560 750 2618 799 et
2649 748 3041 802 exsultatione
3071 751 3314 821 dignum
3358 753 3514 822 apud
3569 756 3762 826 ipsum

359 832 652 908 καύχημα,
684 832 831 887 ἀλλὰ
869 833 1008 906 πρὸς
1039 839 1138 900 τήν
1189 833 1402 887 ἐκείνων
1455 832 1734 904 ὑπόληψιν
1780 834 1983 911 ἀφορῶκ

2140 830 2474 897 habebatur,
2510 833 2660 886 ’178
2694 834 2796 887 sed
2846 835 2919 888 ad
2979 836 3215 890 illorum
3266 839 3764 896 existimationem

367 924 454 976 καὶ
497 926 566 996 τῇ
625 921 843 976 ἐκείνων
926 921 1168 992 ἀσθενείᾳ
1245 918 1706 1000 συγκαταϐαίνων·
1800 923 1985 976 Γὲνοιτ

2145 919 2473 988 -θερὶυίθιιε,
2509 928 2565 973 et
2587 923 2658 975 ad
2691 938 2893 977 eorum
2919 923 3386 981 imbecillitatem
3414 945 3543 984 esse
3565 931 3769 986 demit-

378 1033 489 1085 μοι,
521 1011 676 1087 arpi,
709 1012 912 1072 πάντας
944 1010 1173 1072 τούτους
1221 1014 1489 1085 γενέσθαι,
1543 1013 1718 1087 χωρὶς
1766 1015 1874 1064 τῶν
1930 1008 2002 1065 δε-

2147 1023 2277 1061 .ens.
2313 1008 2623 1081 Contingat
2654 1012 2820 1078 mihi,
2855 1013 3068 1082 inquit,
3105 1021 3167 1069 ut
3197 1033 3402 1072 omnes
3437 1019 3771 1076 efﬁciantur

378 1106 527 1154 σαῶν
2129 1096 2276 1150 mihi
2308 1097 2553 1165 similes,
2585 1107 2980 1170 prmterquam
3014 1103 3073 1156 in
3105 1104 3197 1157 his
3229 1107 3498 1161 vinculis.

991 1192 1401 1247 ΚΕΦΑΛ.ΛΗ“

2666 1191 2893 1245 CAPUT
2931 1193 3235 1249 XXXVIII.

369 1280 550 1341 Πλοῦς
598 1280 817 1358 Παύλου
875 1280 964 1358 ἐπί
1024 1281 1274 1358 Ῥώμην,
1318 1277 1583 1358 κινδύνων
1632 1301 1690 1358 τε
1747 1278 1988 1358 πλείστῳ

2150 1275 2296 1358 Pauli
2326 1278 2550 1358 Romam
2584 1294 2766 1358 persas
2794 1280 3084 1350 navigatio
3101 1283 3364 1350 plurimis
3412 1289 3774 1358 maximisque

436 1352 527 1426 καὶ
591 1349 870 1426 μεγίστων.
926 1348 1214 1426 ἔμπλεωςέ
1256 1353 1344 1408 Ἐν
1399 1352 1445 1422 ᾧ
1491 1353 1814 1426 Δπαραίνεσις
1879 1352 2022 1409 Ηαύ-

2195 1348 2366 1426 plena
2389 1350 2690 1426 periculis:
2717 1350 2777 1404 in
2807 1368 2915 1426 quo
2935 1348 3209 1408 narratur
3255 1357 3419 1410 etiam
3467 1359 3631 1413 Pauli
3677 1348 3774 1414 ἓω-

437 1419 762 1498 λουχὶτρὸςΔ
795 1422 921 1498 τοὺς
959 1419 969 1424 ⁷
1009 1424 1101 1477 σὺν
1146 1421 1305 1498 Δαὖτῷ
1354 1419 1507 1498 Δπερὶ
1579 1419 1838 1498 ’ἐλπίδος
1925 1446 2054 1497 σω-Ι

2205 1419 2446 1498 hortatio
2467 1422 2549 1498 ad
2582 1437 2670 1498 eos
2721 1419 2832 1498 qui
2867 1441 3044 1479 secum
3095 1433 3254 1498 erant
3311 1427 3376 1480 de
3415 1444 3510 1498 Spe
3555 1431 3766 1486 salutis.

431 1493 655 1572 τῃρξαςξ
686 1495 986 1572 ’Νανάγιον
1048 1493 1286 1572 Ηαύλου,
1331 1493 1492 1572 Δὅπως
1557 1515 1633 1572 τε.
1686 1493 2054 1572 ,διεσῴθησαν

2206 1493 2860 1572 Νααΐιςαρξᾳητραιιίξβζ
2891 1512 2997 1564 quo
3043 1497 3203 1551 modo
3250 1493 3544 1556 incolumes
3594 1518 3775 1557 evase-

435 1565 520 1628 εἷς’
550 1565 799 1634 Μελίτην
825 1565 926 1634 τῆν
980 1574 1144 1635 νῆσον
1193 1566 1283 1620 καὶ
1329 1568 1429 1622 ’ὀσα
1469 1565 1518 1620 ἐν
1576 1565 1711 1641 αὐτῇ
1745 1568 1772 1621 ὁ
1809 1567 2023 1628 Παῦλος

2202 1569 2332 1644 runt
2361 1565 2420 1616 in
2450 1565 2673 1618 Meliten
2714 1566 2968 1633 insulam,
3027 1583 3211 1636 quaeve
3259 1573 3529 1626 miracula
3577 1573 3777 1629 Paulus

434 1639 564 1702 ἑθαυ
574 1638 972 1713 ματούργησεν.
1689 1638 1696 1641 “

1689 1638 1696 1641 ·
2205 1638 2263 1686 in
2295 1650 2356 1686 ea
2382 1643 2636 1703 operatus
2666 1640 2737 1690 sit

440 1752 468 1779 ‹ι
502 1729 597 1789 Ὠς
632 1725 690 1782 δὲ
720 1727 935 1800 ἐκρίθη,
965 1730 1062 1781 τοῦ
1111 1726 1374 1783 ἀποπλεῖν
1422 1730 1571 1801 ἡμᾶς
1621 1729 1695 1789 εἷς
1740 1729 1837 1796 τήν
1887 1729 2024 1784 Ἰτα-

2207 1725 2425 1789 XXVII,
2464 1729 2613 1781 1-20.
2657 1747 2677 1774 ι
2711 1729 3030 1800 Postquam
3053 1737 3250 1786 autem
3272 1733 3575 1789 decretum
3599 1741 3778 1790 estut

364 1814 510 1884 λίαν,
557 1812 879 1890 καρεδίδουν
937 1815 1030 1870 τόν
1081 1837 1140 1870 τε
1201 1814 1411 1872 Παῦλον
1467 1818 1557 1873 καί
1608 1838 1756 1878 τινας
1813 1819 1988 1892 ἑτερου

371 1904 394 1920 ..
530 1907 542 1920 ,
719 1904 732 1920 .
963 1907 972 1918 .
1177 1905 1190 1920 ς
1247 1905 1259 1920 ο
1487 1908 1522 1920 ..
1595 1905 1652 1920 ς,
1908 1909 1918 1920 ,

2151 1830 2244 1867 nos
2294 1815 2705 1886 navigaremus
2736 1818 2797 1871 in
2830 1819 3078 1884 Italiam,
3117 1821 3490 1877 tradiderunt
3519 1829 3576 1878 et
3625 1826 3775 1880 Pau-

369 1904 660 1979 δεσμώτας
715 1904 1109 1983 ἑκατονταρχῳ
1168 1905 1395 1979 ὀνόματι
1487 1905 1720 1978 Ἰουλίῳ,
1801 1909 1993 1982 σπείρῃ

2149 1905 2260 1958 lum
2292 1912 2350 1959 et
2382 1907 2668 1977 quosdam
2701 1909 2849 1964 alios
2873 1910 3096 1964 vinctos
3141 1913 3496 1980 centurioni,
3533 1917 3773 1972 nomine

369 1991 681 2064 Σεϐαστῆς.
774 1991 1086 2058 Ἐπιϐαντες
1171 1993 1226 2050 δὲ
1308 1995 1492 2068 πλοίῳ
1602 1995 1993 2072 Ἀδραμυττηιέ

2149 1995 2308 2060 Iulio,
2354 1999 2611 2052 cohortis
2643 2003 2938 2069 Augustae.
2991 2001 3327 2058 Conscensa
3381 2012 3576 2060 autem
3630 2023 3773 2062 nave

372 2085 689 2159 μέλλοντες
710 2082 871 2140 πλεῖν
912 2085 1041 2144 τοὺς
1101 2086 1236 2140 κατὰ
1293 2087 1390 2154 τήν
1442 2087 1622 2143 Ἀσίαν
1673 2088 1874 2148 τόπους
1933 2089 1990 2141 ἀν

2149 2086 2559 2159 \dramyttina.
2583 2091 3098 2162 navigaturijuxta
3113 2094 3266 2148 Asiae
3290 2095 3438 2162 loca,
3473 2097 3773 2166 solvimus,

376 2176 655 2253 ήχθημεν,
717 2172 872 2234 ὄντος
932 2174 1022 2228 σὺν
1071 2177 1206 2246 ἡμῖν
1289 2175 1658 2251 ’Δριστάρχου
1717 2173 1993 2232 Μακεδόνο

2151 2185 2546 2244 )erseverante
2633 2179 2941 2233 nobiscum
3029 2181 3366 2238 Aristarcho
3461 2186 3775 2240 Macedone

385 2262 838 2325 Θεσσαλονικέως.
898 2267 977 2336 Τῇ
1036 2284 1093 2318 τε
1168 2264 1324 2338 ἑτέρᾳ
1377 2266 1736 2339 κατήχθημεν
1796 2265 1870 2326 εἰς
1930 2272 2009 2319 Σι.

2151 2263 2666 2318 l‘hessalonicensi.
2703 2266 2983 2336 Sequenti
3037 2275 3234 2324 autem
3285 2271 3379 2324 die
3437 2274 3775 2344 appulimus

386 2349 543 2408 δῶνα.
628 2351 1059 2426 Φιλανθρώπως
1143 2373 1200 2407 τε
1272 2354 1299 2407 ὁ
1355 2353 1579 2415 Ἰιύλιος
1659 2352 1739 2426 τῷ
1825 2353 2010 2426 Παύλᾳ

2149 2351 2432 2407 Ξίάοηθω.
2497 2355 2567 2406 Et
2620 2354 2810 2408 Julius
2864 2356 3206 2411 humaniter
3262 2365 3508 2416 tractato
3567 2365 3773 2433 Paulo,

387 2443 759 2519 χρησάμενος,
850 2439 1108 2516 ἐπέτρεψε
1188 2441 1325 2516 πρὸς
1379 2444 1504 2504 τοὺς
1579 2442 1771 2522 φίΛτυς
1826 2464 2011 2517 πορευ-

2148 2440 2406 2510 permisit
2427 2447 2491 2494 ut
2513 2441 2584 2496 ad
2607 2443 2829 2497 amicos
2851 2445 3169 2514 profectus,
3196 2448 3268 2502 ab
3294 2448 3412 2502 illis
3443 2459 3772 2522 curaretur,

371 2531 516 2595 θέντα
602 2529 931 2604 ἐπιμελείας
1022 2536 1232 2606 τυχεῖν.
1350 2532 1604 2588 Κάκεῖθεν
1705 2531 1994 2611 ἀναχθέντε

2153 2531 2396 2600 Eumque
2425 2530 2562 2585 inde
2586 2531 2989 2600 solvissemus,
3050 2535 3564 2609 subnavigavimus
3605 2541 3777 2610 juxta

370 2627 795 2698 ὑπεπλεύσαμεν
863 2629 963 2695 τήν
1023 2628 1235 2703 Κύπρον
1324 2627 1413 2684 διὰ
1492 2631 1556 2685 τὸ
1610 2629 1734 2692 τοὺς
1792 2631 1991 2702 ἀνέμου

2152 2620 2406 2690 Iyprum.
2450 2626 2763 2692 propterea
2819 2623 2975 2693 quod
3021 2632 3222 2680 essent
3266 2628 3422 2681 venti
3470 2632 3776 2688 contrarii.

369 2719 504 2774 εἶναι
538 2719 844 2779 ἐναντίους.
881 2717 958 2774 Τό
989 2739 1047 2773 τε
1073 2716 1314 2795 πέλαγος
1359 2720 1421 2774 τὸ
1469 2721 1607 2775 κατᾶ
1654 2721 1751 2787 τὴν
1805 2719 1989 2776 Κιλικί

2157 2709 2202 2761 ει
2241 2711 2463 2763 emensi
2496 2710 2760 2781 pelagus,
2811 2714 2968 2782 quod
3028 2720 3116 2768 est
3164 2721 3369 2770 contra
3426 2717 3688 2773 Ciliciam
3723 2726 3781 2775 et

369 2831 428 2863 αν
483 2808 576 2863 καί
647 2805 979 2884 Παμφυλίαν
1035 2804 1472 2878 διαπλεῦσαντες,
1552 2811 1878 2888 κατήχημεν
1947 2809 1989 2863 εἶ

2149 2799 2561 2870 Pamphyliam,
2587 2802 2965 2871 pervenimus
2999 2803 3221 2875 Myram
3256 2823 3387 2876 qum
3421 2814 3509 2861 est
3550 2809 3735 2880 Lyciaa
3763 2827 3773 2864 :

359 2899 522 2971 Μύρα
583 2917 692 2966 της
779 2896 1002 2957 Λυκίας’
1063 2896 1216 2952 κᾶκεῖ
1300 2897 1472 2972 εὑρὼν
1541 2899 1568 2951 ὁ
1623 2887 1983 2973 ἑκατόνταρχς

2155 2895 2190 2940 :t
2232 2887 2312 2941 ibi
2346 2895 2552 2944 nactus
2598 2892 2865 2946 centurio
2915 2909 3124 2947 navem
3171 2895 3631 2953 Alexandrinam
3671 2916 3779 2954 na-

345 2987 558 3042 πλοίον
615 2983 1039 3061 Ἀλεξανδρινὸν
1094 2985 1262 3041 πλέον
1322 2988 1398 3049 εἷς
1457 2989 1555 3056 τήν
1626 2985 1880 3056 Ἰταλίαν,
1942 2989 1969 3042 ἐκ

2150 2977 2426 3047 ligantem
2460 2979 2520 3031 in
2559 2979 2804 3042 Italiam,
2839 2981 3123 3051 imposuit
3151 3000 3260 3037 nos
3293 2985 3352 3038 in
3404 3002 3554 3040 eam.
3601 2987 3774 3042 Cum-

351 3071 619 3131 εὗίῧασεν
684 3077 840 3146 ἡμᾶς
898 3075 975 3136 εἱς
1033 3073 1184 3130 αὐτό.
1245 3076 1333 3132 Ἐν
1408 3075 1618 3137 ἱκαναῖς
1676 3072 1734 3131 δὶ
1790 3078 1970 3150 ἡμὲρα

2152 3082 2246 3134 [ue
2281 3066 2483 3119 multis
2518 3066 2726 3121 diebus
2755 3068 2916 3122 tarde
2968 3071 3399 3141 navigaremus,
3438 3080 3496 3127 et
3543 3075 3633 3129 vix
3677 3075 3776 3130 de-

360 3163 878 3239 βραδπλοοῦντες,
963 3163 1053 3218 καὶ
1116 3162 1280 3237 μόλις
1360 3165 1647 3241 γενόμενοι
1731 3166 1867 3220 κατᾶ
1923 3167 1984 3233 τῆ

2153 3153 2507 3208 renissemus
2539 3172 2745 3209 versus
2777 3159 3047 3225 Cnidum,
3085 3160 3437 3230 prohibente
3469 3180 3575 3218 nos
3607 3170 3777 3219 vento

367 3221 417 3239 II
837 3221 877 3234 ’Ῐ
1116 3221 1127 3237 1
1266 3221 1278 3227 ⁷
1373 3221 1383 3241 Ι
1493 3221 1504 3238 Ι
1981 3221 1990 3233 ³

367 3251 602 3320 Κνίδον,
672 3256 748 3326 μὴ
830 3259 1179 3328 προσεῶντος
1268 3257 1417 3328 ἡμᾶς
1489 3259 1584 3310 τοῦ
1636 3255 1860 3327 ἀνέμου,
1923 3257 1991 3310 ὑπ

2155 3243 2613 3316 tdnavigavimus
2665 3247 2848 3300 Cretas
2898 3247 3071 3319 juxta
3121 3249 3480 3306 Salmonem.
3558 3255 3779 3325 Vixque

385 3343 718 3414 επλεύσαμεν
742 3347 842 3414 τήν
888 3348 1114 3420 Κρήτην
1166 3345 1302 3400 κατᾶ
1351 3342 1689 3417 Σαλμώνην.
1741 3343 1916 3407 Μόλις
1967 3367 2009 3401 τε

2159 3333 2297 3387 llam
2331 3335 3224 3408 praeterlegentespervenimus
3247 3341 3305 3395 in
3341 3341 3534 3397 locum
3569 3361 3777 3415 quem-

384 3431 806 3505 παραλεγόμενοι
833 3433 1036 3502 αὐτὴν,
1081 3432 1328 3506 ἤλθομεν
1384 3435 1459 3496 εἰς
1517 3433 1689 3488 τόπον
1745 3435 1866 3489 τινὰ
1926 3456 2008 3489 κα.

2155 3422 2289 3479 lam.
2326 3423 2425 3492 qui
2467 3430 2710 3478 vocatur
2740 3425 3211 3498 Pulchriportus,
3275 3431 3367 3485 cui
3414 3433 3603 3488 vicina
3653 3441 3779 3490 erat

376 3516 657 3590 λούμενον
699 3518 913 3582 Καλοὺς
959 3521 1214 3594 λιμένας,
1265 3521 1311 3592 ᾦ
1371 3519 1531 3596 ἐγγὺς
1585 3521 1654 3590 ἦν
1707 3521 1872 3583 πόλις
1913 3529 1994 3576 Λα

2151 3511 2333 3566 :ivitas
2359 3513 2573 3567 Laseea.
2601 3514 2777 3568 Multo
2800 3523 2998 3570 autem
3032 3523 3297 3590 tempore
3331 3529 3588 3592 peracto,
3625 3526 3660 3577 ‘l
3681 3525 3775 3580 79

377 3607 517 3665 σαία.
555 3610 762 3663 Ἱκανοῦ
794 3608 852 3664 δὲ
881 3611 1088 3685 χρόνου
1123 3607 1526 3685 διαγενομένου,
1573 3612 1661 3664 καὶ
1712 3610 1868 3673 ὄντος
1911 3609 2001 3678 ἤδῖ

2152 3607 2191 3654 :t
2229 3617 2363 3655 cum
2389 3602 2517 3672 jam
2548 3609 2703 3658 esset
2734 3605 3067 3674 periculosa
3114 3609 3423 3681 navigatio,
3459 3611 3616 3682 quod
3648 3613 3776 3684 jam

380 3695 711 3772 ἑπισῳλοῦς
741 3703 841 3753 τοῦ
863 3699 1036 3760 πλοὸς
1071 3696 1159 3754 διὰ
1214 3699 1276 3754 τὸ
1319 3698 1409 3754 καί
1456 3700 1557 3768 τὴν
1613 3701 1862 3769 νηστείαν
1910 3698 2004 3769 ἤδτ

2158 3692 2347 3764 ejunii
2394 3709 2628 3763 quoque
2687 3699 2921 3765 tempus
2978 3698 3358 3768 praeterisset,
3418 3700 3778 3758 admonebat

377 3785 840 3859 παρεληλυθέναι,
900 3786 1134 3862 παρῄνει
1190 3789 1218 3842 ὁ
1281 3787 1494 3850 Παῦλος
1571 3788 1750 3862 λέγων
1818 3788 2000 3850 αὐτοῖς

2153 3798 2234 3835 eos
2259 3781 2497 3847 Paulus,
2526 3781 2769 3837 dic-ens:
2807 3785 2950 3846 Viri,
2983 3786 3149 3841 video
3181 3789 3340 3857 quod
3391 3806 3524 3844 cum
3556 3791 3777 3862 injuria

367 3873 606 3948 Ἀνδρες,
645 3877 840 3950 θεωρῶ
872 3876 956 3930 ’ὁτι
991 3877 1128 3948 μετὰ
1158 3871 1364 3952 ὕϐρεως
1412 3877 1501 3931 καὶ
1549 3876 1767 3946 πολλῆς
1819 3877 1991 3951 ζημία

2150 3869 2440 3938 nultoque
2466 3869 2705 3938 damno,
2740 3889 2858 3926 non
2891 3874 3082 3928 solum
3116 3878 3314 3931 oneris
3349 3883 3407 3932 et
3435 3879 3620 3946 navis,
3671 3883 3774 3937 sed

363 3963 424 4018 οὗ
454 3965 636 4036 μόνον
677 3968 777 4018 τοῦ
808 3963 1009 4042 φόρτου
1041 3964 1132 4018 καὶ
1161 3969 1258 4019 τοῦ
1281 3962 1502 4032 πλοίου,
1524 3963 1667 4020 ἀλλᾶ
1687 3965 1904 4020 καὶτῶν
1927 3970 1987 4040 ψι

2148 3959 2309 4011 etiam
2343 3959 2672 4013 animarum
2719 3968 3058 4016 nostrarum
3090 3963 3287 4020 futura
3337 3967 3413 4020 sit
3459 3968 3772 4040 navigatio.

356 4057 478 4127 χῶν
500 4056 671 4125 ἡμῶν
705 4051 900 4125 μὲλλει
926 4050 1134 4116 ἔσεσθαι
1155 4054 1248 4108 τὸν
1278 4053 1477 4110 πλοῦν.
1499 4055 1560 4110 Ὀ
1591 4051 1647 4108 δὲ
1673 4054 1862 4109 ἑκατόν
1892 4076 1980 4131 ταρ

2149 4045 2405 4099 lenturio
2464 4062 2597 4099 vero
2644 4047 3022 4118 gubernatori
3112 4058 3170 4106 et
3226 4055 3506 4109 nauclero
3589 4060 3773 4132 magis

347 4162 458 4219 χος
487 4147 572 4215 τῷ
607 4138 918 4217 κυϐερνήτῃ
969 4143 1058 4198 καὶ
1108 4148 1187 4215 τῷ
1242 4143 1537 4218 ναυκλήρῳ
1594 4143 1834 4199 ἐπείθετο
1886 4145 1971 4218 μᾶ]

2148 4134 2425 4204 :redebat,
2487 4152 2662 4206 quam
2722 4138 2814 4190 his
2872 4155 3002 4208 qua)
3061 4157 3095 4194 a
3152 4143 3335 4197 Paulo
3399 4144 3772 4203 dicebantur.

350 4232 480 4301 λον,
513 4233 551 4301 ἢ
577 4236 698 4292 τοῖς
734 4233 838 4287 ὑπὸ
868 4231 964 4286 τοῦ
997 4230 1218 4287 Ηαύλου
1241 4231 1588 4309 λεφομένοις.
1620 4235 1930 4290 Ἀνευθέτου
1963 4231 1974 4287 ἓ

2146 4229 2390 4294 Ilumque
2423 4233 2593 4296 aptus
2622 4231 2826 4297 portus
2856 4245 2973 4282 non
3008 4236 3164 4283 esset
3195 4232 3266 4286 ad
3311 4232 3770 4302 hibernandum,

348 4327 454 4377 τοῦ
517 4320 754 4393 λιμένος
819 4321 1161 4396 ὑπάρχοντος
1239 4323 1376 4398 πρὸς
1432 4323 1902 4397 παραχειμασίαν,
1965 4345 1972 4374 ι

2147 4313 2466 4385 :omplures
2521 4322 2828 4387 cmperunt
2882 4319 3201 4374 consilium
3263 4321 3526 4377 solvendi
3585 4325 3771 4394 illinc,

350 4409 596 4471 πλείους
657 4404 836 4464 ἔθεντο
891 4409 1098 4483 βουλήν
1161 4411 1466 4489 ἀναχθῆναι
1529 4410 1793 4478 κάκεῖθεν,
1849 4409 1974 4465 εἷ’πιε

2149 4406 2175 4458 εἰ
2222 4421 2337 4476 quo
2398 4403 2574 4459 modo
2625 4413 2868 4477 possent
2924 4411 3177 4478 pervecti
3249 4412 3588 4468 Phoenicem
3650 4415 3773 4471 illic

355 4496 645 4565 δύναιντο,
688 4501 1114 4568 καταντήσαντες
1171 4499 1246 4562 εἷς
1307 4499 1536 4554 Φοίνικα
1580 4500 1979 4574 παραχειμάσαι

2151 4493 2460 4548 libet-nare.
2500 4493 2555 4548 Is
2587 4499 2676 4548 est
2707 4501 2913 4566 portus
2943 4499 3128 4552 Creta)
3163 4506 3440 4570 spectans
3469 4501 3539 4556 ad
3559 4503 3775 4573 Aphri-

357 4587 570 4661 λιμένα
599 4593 701 4656 τῆς
755 4589 976 4661 Κρήτης
1037 4587 1309 4662 βλέποντα
1359 4588 1495 4642 κατά
1553 4583 1693 4642 Λίϐα
1740 4587 1831 4642 καὶ
1885 4609 1981 4643 κατ

2147 4600 2264 4638 :um
2323 4589 2381 4638 et
2439 4584 2512 4638 ad
2561 4585 2837 4640 Chorum.
2913 4589 3231 4658 Aspirante
3291 4597 3490 4646 autem
3549 4598 3771 4662 austro,

346 4681 584 4751 Χῶρον.
613 4676 1071 4739 Ὑποπνεύσαντος
1105 4673 1162 4733 δὲ
1195 4676 1391 4747 Νότου,
1439 4674 1686 4747 δόξαντες
1733 4677 1834 4746 τής
1886 4696 1970 4750 πρ‹

2145 4672 2241 4726 rati
2273 4687 2335 4727 se
2363 4674 2651 4743 pr0positi
2684 4681 3007 4746 compotes,
3042 4694 3175 4732 cum
3209 4679 3523 4736 solvissent
3556 4684 3769 4738 Asson.

352 4768 562 4828 θέσεως
620 4765 1034 4840 κεκρατηκέναι,
1091 4762 1310 4840 ἄραντες
1363 4771 1557 4821 Ἀσσον
1638 4763 1976 4842 παραλὲγοντ

2153 4760 2620 4829 )rmterlegebant
2651 4763 2899 4818 Cretam.
2937 4765 3150 4820 Verum
3209 4767 3365 4822 haud
3414 4769 3602 4826 multo
3642 4777 3777 4844 post

357 4858 461 4922 κήν
525 4857 775 4929 Κρήτηνι
826 4855 958 4912 Μετ’
1013 4853 1075 4909 οὐ
1131 4853 1275 4910 πολὺ
1327 4851 1386 4909 δὶ
1443 4849 1606 4910 ἔϐαλε
1660 4856 1777 4909 κατ’
1851 4853 1981 4924 αὐτῆ

2145 4854 2366 4904 :oortus
2429 4855 2517 4903 est
2563 4856 2767 4905 contra
2825 4852 3014 4922 ipsam
3072 4862 3282 4912 ventus
3375 4859 3769 4930 Typhonicus,

366 4945 561 5018 ἄνεμος
590 4945 935 5018 Τυφωνικὸς,
989 4945 1018 4999 ὁ
1045 4941 1386 5017 καλούμενος
1432 4941 1818 5018 Εὐροκλύδων.
1879 4952 1984 4999 Συν

2151 4939 2228 5010 ιιιί
2289 4943 2528 4992 vocatur
2566 4939 2941 5010 Euroaquilo.
2981 4943 3244 5016 Cumque
3297 4955 3567 5020 correpta
3618 4956 3775 5004 esset

371 5030 735 5107 αρπασθέντος
767 5031 822 5088 δὲ
846 5037 943 5088 τοῦ
998 5031 1220 5102 πλοίυυ,
1273 5033 1364 5090 καὶ
1426 5035 1500 5105 μή
1549 5030 1850 5105 δυναμένου
1893 5033 1988 5088 ἀντ

2150 5027 2314 5093 lavis,
2349 5043 2457 5081 nec
2489 5034 2691 5098 posset
2737 5029 2924 5084 obniti
2973 5040 3169 5102 vento,
3230 5037 3366 5092 data
3423 5054 3566 5092 nave
3617 5038 3774 5092 ﬂati-

363 5119 672 5201 οφθαλμεῖν
729 5126 809 5195 τῷ
890 5121 1096 5193 ἀνέμῳ,
1180 5118 1456 5182 ἐπιδόντες
1533 5120 1852 5198 ἐφερόμεθα.
1911 5128 1987 5192 Νη

2146 5135 2260 5181 m5,
2323 5116 2678 5170 ferebamur.
2739 5120 2804 5174 In
2863 5121 3122 5178 insulam
3198 5133 3394 5180 autem
3454 5126 3770 5196 quamdam

354 5212 472 5266 σίον
505 5208 565 5266 δε
613 5231 667 5266 τι
731 5207 1139 5285 ὑποδραμόντες
1180 5207 1522 5282 καλούμενον
1572 5206 1851 5280 Κλαύδην,
1912 5210 1978 5282 μό

2149 5206 2374 5272 levecti,
2408 5222 2539 5275 quae
2564 5215 2810 5264 vocntur
2840 5211 3079 5278 Clauda,
3128 5215 3218 5268 vix
3269 5214 3568 5285 potuimus
3617 5216 3773 5270 obti-

359 5297 446 5361 λις
509 5297 813 5376 ἶσχύσαλεν
892 5304 1236 5373 περικρατεῖς
1317 5300 1558 5374 γενέσθαι
1616 5305 1713 5368 τῆς
1783 5303 1983 5378 σκάφης

2145 5311 2270 5350 lere
2295 5295 2595 5365 scapham.
2629 5297 2750 5360 Qua
2801 5299 3033 5356 sublata
3073 5303 3386 5373 adjutoriis
3427 5303 3769 5375 utebantur,

360 5390 456 5446 Ἦν
512 5388 744 5464 ἄραντες
794 5387 1076 5463 βοηθείαις
1157 5387 1428 5462 ἐχρῶντο,
1491 5387 1894 5456 ὑποζωννύντες
1953 5409 1983 5442 τ

2148 5385 2542 5457 ιυοοὶιιςειιιεε
2575 5403 2809 5448 navem.
2867 5397 2925 5444 et
2975 5392 3252 5446 timentes
3303 5409 3375 5448 ne
3438 5394 3498 5449 in
3560 5396 3772 5468 Syrtim

355 5480 570 5549 πλοῖον,
605 5475 952 5562 φοϐούμενοί
988 5496 1049 5531 τε
1108 5477 1184 5548 μή
1245 5477 1320 5537 εἷς
1375 5478 1474 5546 τήν
1530 5475 1725 5552 Σύρτιν
1779 5475 1979 5532 ἐκπέσω

2152 5475 2477 5539 nciderent,
2511 5473 2768 5530 demisso
2802 5495 2935 5533 vase
2966 5480 3050 5535 sic
3098 5480 3463 5539 ferebantur.
3523 5486 3594 5540 Et
3640 5504 3773 5544 cum

353 5590 427 5639 σι,
486 5571 835 5649 χαλάσαντες
895 5567 960 5622 τὸ
1018 5570 1203 5628 σκεῦος
1295 5563 1466 5630 οὕτως
1522 5567 1799 5646 ἐφεροντο.
1871 5575 1977 5644 Eoo

2147 5564 2460 5619 rehementi
2503 5569 2853 5637 tempestate
2911 5569 3293 5641 jactaremur,
3357 5576 3629 5647 sequenti
3677 5577 3771 5632 die

347 5656 486 5736 δρῶς
542 5659 600 5721 δὲ
689 5656 1134 5738 χειμαζομένων
1192 5657 1378 5729 ἡμῶν,
1456 5661 1525 5731 τῇ
1588 5658 1711 5728 δξῆς
1769 5651 1971 5728 ἐκϐολὴ

2152 5660 2345 5710 actum
2380 5653 2671 5720 fecerunt,
2712 5671 2778 5710 ac
2836 5658 3011 5714 tertio
3065 5660 3159 5717 die
3220 5665 3441 5720 nostris
3493 5663 3769 5721 manibus
