4112 6250
279 312 374 372 ινιτ

1385 326 1790 391 COMMENT.
1837 325 1914 384 IN
1961 322 2162 382 ACTA
2205 325 2804 390 APOSTOLORUM.

3679 332 3797 390 298

294 446 466 506 πέντε.
521 447 945 529 Φοϐούμενοί
1003 482 1076 517 τε
1143 461 1221 534 μή
1274 480 1382 522 πως
1439 459 1515 521 είς
1571 460 1795 530 τραχεῖς
1842 451 2044 515 τόπους

2171 463 2296 530 post
2324 462 2610 532 pusillum
2641 463 2779 520 inde
2827 461 3095 536 digressi,
3129 478 3488 535 rursumque
3544 461 3804 519 demissa

926 551 1220 625 πρύμνης
1293 548 1536 625 ῥίψαντες
1621 545 1856 624 ἀγκύρας
1942 541 2054 597 τέσ-

924 640 1172 716 ἡμέραν
1241 638 1494 714 γενέσθαι.
1557 639 1678 694 Τῶν
1741 632 1798 689 δὲ
1849 637 2054 688 ναυτῶν

351 725 664 797 ζητούντων
732 736 945 808 φυγεῖν
989 730 1057 785 ἐκ
1117 734 1213 784 τοῦ
1267 728 1484 794 πλοίου,
1538 729 1628 782 καὶ
1685 725 2046 801 χαλασάντων

847 820 934 882 εἷς
985 824 1093 892 τήν
1175 820 1457 888 Θάλασσαν,
1525 819 1794 895 προφάσει
1855 816 1928 877 ὡς
1997 813 2056 868 ἐκ

1127 910 1358 986 ἀγκύρας
1442 909 1692 964 ἐκτείνειν
1730 951 1743 977 ,
1812 905 1952 966 εἶπεν
2027 903 2054 956 6

1306 998 1395 1052 καὶ
1478 1003 1594 1059 τοῖς
1676 998 2050 1071 στρατιώταις.

309 538 620 597 ὶκπὲςωσιν
666 591 682 613 ,
750 544 826 603 ἐκ

333 653 492 707 caput,
549 653 834 711 τρυχοντο

381 821 484 888 τὴν
541 820 746 898 σκάφην

394 913 607 986 πρώρας
687 908 1031 982 μελλόντων

407 1000 614 1060 Παῦλος
661 1004 744 1071 τῷ
825 1000 1219 1074 ἑκατοντάρχῃ

404 1091 521 1146 Ἐάν
558 1091 632 1163 μή
664 1090 814 1143 οὗτοι
853 1089 1122 1161 μείνωσιν
1154 1087 1208 1143 ἐν
1237 1091 1317 1160 τῷ
1373 1084 1575 1159 πλοίῳ,
1631 1086 1810 1159 ὑμεῖς,
1872 1087 2056 1149 σωθῆ-

401 1201 490 1235 ναι
537 1179 598 1233 ού
665 1175 912 1242 δύνασθε.
974 1178 1107 1232 Τότε
1165 1178 1219 1231 οἱ
1272 1180 1597 1251 στρατιῶται
1656 1172 1929 1247 ἀπέκοψαν
1987 1169 2054 1225 τὰ

399 1268 624 1343 σχοινία
696 1273 798 1336 τῆς
886 1267 1122 1342 σκάφης,
1184 1265 1273 1320 καὶ
1331 1265 1508 1319 εἷάσαν
1566 1261 1732 1332 αὐτὴν
1789 1260 2052 1316 ἐκπεσεῖν.

390 1361 567 1432 Ἄχρι
600 1354 660 1411 δὲ
705 1356 770 1410 οὗ
827 1353 1065 1429 ἔμελλεν
1116 1356 1296 1430 ἡμέρα
1352 1355 1613 1431 γίνεσθαι,
1672 1347 1968 1427 παρεκάλει
2027 1349 2054 1401 6

381 1447 614 1506 Παῦλος
677 1445 920 1508 ἅπαντας
987 1439 1311 1518 μεταλαϐεῖν
1369 1450 1603 1520 τροφῆς,
1663 1441 1862 1516 λέγων·
1919 1441 2054 1496 Τεσ-

385 1535 893 1612 σαρεσκαιδεκάτην
983 1538 1221 1611 σήμερον
1327 1533 1539 1607 ἡμέραν
1648 1528 2053 1606 προσδοκῶντες

379 1629 564 1682 ἄσιτοι
613 1624 946 1693 διατελεῖτε,
982 1621 1148 1698 μηδὲν
1199 1618 1668 1700 προσλαϐόμενοι.
1728 1623 1806 1676 Δι’
1837 1621 2058 1693 ’ὑπαρα-

372 1722 544 1773 καλῶ
577 1717 722 1788 ὑμὲς
757 1709 1090 1790 προσλαϐεῖν
1120 1720 1349 1788 τροφῆς.
1396 1718 1569 1767 Τοῦτο
1627 1711 1733 1787 γὰρ
1788 1710 1926 1783 πρὸς
1955 1715 2054 1778 τῆς

2153 1625 2287 1697 juni
2363 1631 2724 1699 permanetis
2801 1631 2951 1686 nihil
3037 1633 3398 1702 accipientes
3461 1647 3474 1685 :

2159 547 2378 616 bolide,
2413 559 2765 623 repererunt
2793 571 3001 625 passus
3061 553 3436 623 quindecim:
3496 553 3802 608 timentes-

2160 655 2274 708 que
2332 657 2406 695 ne
2491 642 2552 696 in
2630 659 2840 713 aspera
2891 643 3021 697 loca
3076 643 3429 709 inciderent,
3493 642 3563 696 de
3621 642 3804 713 puppi

2153 727 2333 798 jactis
2391 731 2668 786 anchoris
2729 738 3021 802 quatuor,
3077 732 3361 802 optabant
3420 732 3578 786 diem
3639 731 3800 785 oriri.

2161 818 2364 873 Nautis
2412 836 2550 874 vero
2611 822 3014 892 quaerentibus
3069 821 3269 894 fugere
3330 839 3398 876 ex
3456 822 3610 887 navi,
3667 838 3802 875 cum

2161 906 2543 964 demisissent
2572 912 2848 983 scapham
2890 911 2950 966 in
2983 927 3166 978 mare,
3201 911 3308 966 sub
3338 916 3626 982 praetextu
3650 911 3811 964 velut

2162 1013 2191 1050 e
2225 1015 2400 1068 prora
2432 1001 2723 1056 anchoras
2782 1003 3102 1068 extensuri,
3139 1001 3289 1055 dixit
3325 1003 3543 1057 Paulus
3600 1007 3806 1055 centu-

2160 1087 2317 1142 rioni
2351 1095 2408 1142 et
2447 1091 2786 1146 militibus:
2849 1093 2968 1147 Nisi
3028 1093 3089 1146 hi
3143 1093 3204 1146 in
3263 1092 3394 1146 navi
3455 1092 3808 1159 manserint,

2159 1193 2261 1231 vos
2311 1178 2453 1233 salvi
2533 1180 2661 1235 ﬁeri
2735 1198 2856 1236 non
2914 1181 3182 1252 potestis.
3235 1183 3395 1236 Tunc
3451 1181 3803 1236 abciderunt

2161 1267 2382 1322 milites
2411 1269 2585 1325 funes
2637 1271 2891 1342 scaphae,
2951 1272 3227 1342 passique
3290 1277 3427 1326 sunt
3469 1287 3600 1326 eam
3648 1271 3806 1325 exci-

2159 1355 2319 1413 dere.
2353 1359 2617 1430 Cumque
2658 1361 2783 1415 dies
2832 1361 3121 1433 inciperet
3168 1377 3472 1433 apparere,
3531 1360 3804 1416 hortaba-

2159 1450 2256 1501 tur
2284 1448 2502 1503 Paulus
2534 1465 2740 1505 omnes
2791 1467 3026 1506 sumere
3085 1451 3302 1516 cibum,
3364 1452 3615 1506 dicens:
3670 1451 3806 1505 Dies

2160 1535 2256 1590 hic
2296 1536 2559 1592 decimus
2591 1545 2836 1609 quartus
2879 1545 2985 1607 est,
3046 1541 3204 1610 quod
3255 1545 3664 1611 exspectantes
3713 1539 3809 1611 je-

3559 1635 3801 1702 propter

2161 1717 2319 1786 quod
2351 1718 2553 1773 hortor
2582 1736 2700 1788 vos,
2735 1725 2801 1774 ut
2831 1721 3080 1776 sumatis
3111 1721 3307 1776 cibum
3335 1737 3348 1774 :
3384 1721 3493 1776 hoc
3543 1722 3700 1775 enim
3734 1719 3809 1774 ad

376 1806 659 1881 ὑμετέρας
695 1804 980 1878 σωνηρίας
1031 1801 1284 1877 ὑπάρχει,
1329 1799 1560 1863 Οὐδενὸς
1593 1801 1695 1877 γὰρ
1728 1801 1879 1874 ὑμῶν
1937 1800 2050 1874 θρὶξ

2171 1805 2414 1861 salutem
2443 1813 2697 1863 vestram
2739 1809 2997 1880 pertinet
3029 1826 3042 1864 :
3099 1810 3239 1881 quia
3293 1810 3519 1864 nullius
3549 1814 3807 1863 vestrum

375 1898 444 1951 ἐκ
471 1904 578 1966 τῆς
609 1893 871 1974 κεφαλῆς
925 1898 1186 1950 πεσεῖται.
1242 1891 1422 1948 ιτρῖπὼν
1483 1889 1540 1946 δὲ
1593 1895 1761 1946 ταῦτα
1815 1889 1904 1944 καὶ
1954 1889 2053 1944 λα-

381 1982 498 2040 ϐὼν
552 1987 751 2059 ἄρτον,
815 1982 1176 2058 εὖχαρίστησε
1223 1985 1304 2053 τῷ
1363 1979 1479 2052 Θεῷ
1531 1980 1758 2035 ἐνώπιον
1814 1980 2052 2034 πάντων·

383 2078 480 2131 καὶ
532 2075 777 2140 κλάσας,
864 2070 1064 2145 ἤρξατο
1146 2069 1361 2134 ἐσθίειν*
1420 2066 1661 2142 Εὕθυμοι
1716 2067 1773 2124 δὲ
1826 2068 2056 2146 γενόμε-

398 2187 489 2220 νοι
523 2167 733 2231 πάντες,
789 2162 887 2217 καὶ
944 2160 1097 2216 αὐτοὶ
1154 2155 1556 2231 προσελάϐοντο
1595 2166 1824 2235 τροφῆς.
1881 2160 2052 2231 Ἦμεν

414 2252 472 2308 δὲ
501 2255 554 2309 ἓν
579 2259 655 2324 τῷ
692 2251 886 2324 πλοίῳ
945 2253 1000 2305 αἱ
1059 2255 1222 2306 πᾶσαι
1281 2249 1453 2324 ψυχαὶ
1502 2247 1773 2304 διακόσιαι
1822 2242 2059 2321 ἑϐδομή-

403 2341 689 2411 κοντα
776 2340 1142 2414 Κορεσθέντες
1227 2336 1283 2394 δὲ
1364 2346 1572 2418 τροφῆς
1645 2339 1930 2414 ἐκούφιζον
1991 2337 2053 2391 τὸ

402 2423 616 2492 πλοῖον,
648 2418 1065 2495 ἐκϐαλλόμενοι
1120 2422 1210 2476 τὸν
1272 2426 1416 2476 σῖτον
1478 2420 1553 2482 είς
1603 2421 1702 2488 τήν
1759 2419 2052 2476 θάλασσαν.

398 2517 516 2569 Ὅτε
561 2511 618 2567 δὲ
675 2513 868 2584 ἡμέρα
926 2510 1162 2588 ἐγένετο,
1219 2511 1317 2578 τὴν
1356 2512 1455 2584 γῇν
1512 2511 1611 2564 οὐκ
1668 2508 2052 2585 ἐπεγίνωσκον*

391 2604 598 2659 κόλπον
661 2600 722 2657 δέ
776 2622 903 2656 τινα
960 2602 1243 2656 κατενόουν
1301 2599 1499 2676 ἔχοντα
1552 2598 1828 2676 αἰγιαλὸν,
1889 2597 1964 2659 εἷς
1996 2597 2053 2652 ὃν

393 2689 802 2750 ἐϐουλεύσαντο
843 2735 858 2760 ,
928 2691 975 2745 εἰ
1026 2687 1269 2759 δυνατὸν,
1332 2690 1524 2758 ἐξῶσαι
1567 2689 1630 2743 τὸ
1689 2688 1906 2744 πλοῖον.
1959 2687 2058 2742 Καὶ

385 2784 484 2844 τὰς
541 2781 792 2856 ἀγκύρας
854 2779 1218 2854 περιελόντες,
1277 2778 1402 2834 εῗων
1450 2778 1526 2840 εἰς
1580 2779 1680 2847 τὴν
1759 2776 2054 2848 Θάλασσαν,

379 2875 498 2946 ἅμα
571 2873 798 2931 ἀνέντες
860 2869 955 2930 τὰς
1014 2867 1332 2942 ζευκτηρίας
1413 2872 1521 2923 τῶν
1606 2864 1918 2939 πηδαλίων,
1968 2865 2056 2921 καὶ

367 2963 685 3035 ἐπάραντες
729 2961 825 3014 τὸν
887 2959 1160 3032 ἀρτέμονα
1214 2961 1282 3032 τῇ
1339 2957 1602 3031 πνεούσῃ,
1665 2962 1924 3031 κατεῖχον
1983 2955 2059 3018 εἷς

373 3055 472 3107 τον
534 3048 828 3125 αἷγίαλόν.
885 3047 1274 3122 Περιπεσόντες
1331 3044 1388 3101 δὲ
1445 3047 1521 3108 εἷς
1574 3047 1742 3100 τόπον
1797 3043 2056 3109 διθάλασ-

397 3161 518 3206 σον,
564 3139 879 3195 ἐπώκειλαν
933 3140 1032 3206 τήν
1094 3143 1242 3196 ναῦν.
1301 3139 1404 3192 Καὶ
1437 3139 1472 3206 ἡ
1509 3137 1604 3209 μὲν
1664 3137 1857 3211 πρώρα
1913 3134 2055 3208 ἐρεί-

2161 1895 2412 1966 capillus
2439 1898 2509 1952 de
2542 1899 2732 1970 capite
2787 1899 2976 1956 cadet.
3041 1902 3110 1954 Et
3157 1898 3297 1954 dum
3358 1900 3482 1953 haec
3539 1898 3805 1966 dixisset,

2162 1993 2396 2059 sumpto
2426 2005 2580 2060 pane
2606 1990 2822 2062 gratias
2854 1991 2973 2063 egit
3002 1990 3120 2046 Deo
3181 1991 3242 2044 in
3293 1996 3615 2061 conspectu
3674 2006 3806 2043 om-

2159 2077 2346 2144 nium,
2407 2095 2661 2149 cumque
2741 2079 3033 2151 fregisset,
3119 2079 3296 2150 ccepit
3369 2079 3563 2133 edere.
3627 2081 3806 2132 Porro

2161 2166 2376 2220 animis
2400 2169 2528 2239 jam
2559 2169 2830 2222 omnium
2861 2169 3164 2235 recreatis,
3189 2173 3575 2239 sumpserunt
3605 2173 3662 2222 et
3692 2165 3808 2237 ipsi

2162 2254 2380 2310 cibum.
2442 2258 2688 2312 Eramus
2753 2275 2889 2312 vero
2943 2259 3232 2312 universa)
3286 2258 3502 2312 anima:
3553 2258 3613 2310 in
3678 2255 3812 2310 navi

2162 2343 2431 2398 ducentas
2484 2346 2858 2417 septuaginta
2917 2363 3037 2401 sex.
3094 2345 3355 2415 Ciboque
3415 2346 3609 2400 satiati
3662 2345 3809 2400 alle-

2160 2433 2377 2489 vabant
2404 2450 2634 2502 navem,
2665 2435 2974 2506 ejicientes
3017 2435 3279 2489 triticum
3332 2435 3393 2488 in
3445 2451 3628 2488 mare.
3663 2435 3808 2487 Cum

2161 2528 2360 2578 autem
2391 2524 2518 2579 dies
2547 2529 2724 2590 esset,
2756 2530 2977 2579 terram
3002 2541 3122 2579 non
3143 2523 3544 2596 agnoscebant
3573 2541 3582 2575 :
3614 2523 3811 2576 sinum

2160 2629 2295 2667 vero
2327 2612 2643 2684 quemdam
2677 2613 3145 2686 conspiciebant,
3170 2614 3230 2667 in
3255 2611 3415 2684 quod
3435 2613 3817 2667 decreverant

2163 2703 2213 2757 si
2246 2702 2376 2758 fieri
2435 2710 2656 2774 posset,
2717 2704 3048 2776 impingere
3098 2720 3326 2758 navem.
3387 2702 3650 2772 Cumque
3708 2717 3814 2755 an-

2163 2795 2372 2850 choras
2405 2795 2807 2865 sustulissent,
2841 2796 3294 2852 committebant
3325 2811 3384 2850 se
3415 2795 3586 2858 mari,
3635 2793 3816 2848 simul

2161 2884 2372 2938 laxatis
2430 2885 2734 2955 juncturis
2815 2885 3410 2958 gubernaculorum:
3466 2890 3524 2939 et
3581 2883 3814 2938 sublato

2164 2979 2471 3029 artemone
2503 2975 2576 3029 ad
2625 2992 2783 3029 auras
2842 2975 3073 3037 flatum,
3110 2973 3437 3029 tendebant
3494 2973 3567 3027 ad
3625 2973 3811 3026 littus.

2165 3065 2235 3116 Et
2264 3080 2399 3116 cum
2431 3063 2785 3118 incidissent
2825 3064 2886 3117 in
2927 3065 3124 3117 locum
3182 3063 3492 3126 bimarem,
3551 3061 3813 3132 impege—

2167 3157 2566 3208 runtnavem.
2629 3159 2709 3206 Ac
2760 3168 2935 3222 prora
2964 3151 3204 3221 quidem
3263 3151 3542 3206 manebat
3595 3150 3815 3204 immo-

412 3248 572 3295 σαςα,
605 3225 811 3298 ἔμεινεν
842 3227 1163 3297 ἀσάλευτος,
1219 3227 1254 3297 ἠ
1311 3224 1367 3280 δὲ
1424 3226 1645 3303 πρύμνα
1701 3224 1890 3280 ἒλύετο
1952 3224 2054 3279 ὑπὸ

2171 3241 2330 3311 bilis,
2363 3241 2577 3313 puppis
2608 3257 2743 3297 vero
2785 3241 3122 3297 solvebatur
3151 3258 3184 3296 a
3213 3241 3266 3295 vi
3299 3240 3614 3296 undarum.
3651 3260 3678 3287 ››

417 3323 524 3384 τῆς
563 3315 682 3389 βίας
711 3317 807 3368 τῶν
833 3318 1108 3390 κυμάτων.
1145 3340 1173 3368 »

492 3402 658 3459 «Καὶ
722 3398 834 3457 ἰδοὺ
901 3401 1224 3480 κεχάρισταί
1282 3425 1366 3458 σοι
1430 3405 1458 3458 6
1515 3401 1669 3464 Θεός.
1707 3426 1736 3455 ››
1783 3401 2056 3457 Ἐντεῦθεν

420 3491 685 3549 δείκνυται
731 3490 922 3565 ψευδής
981 3495 1008 3547 6
1058 3493 1183 3559 περὶ
1243 3499 1341 3563 τῆς
1402 3492 1738 3567 εἱμαρμένης
1793 3490 1829 3560 ἢ
1882 3491 2060 3566 τύχης

415 3582 597 3657 λόγος.
629 3581 771 3638 Ἰδοὺ
799 3585 902 3660 γάρ
935 3584 981 3639 εἶ
1011 3586 1088 3656 μή
1114 3581 1202 3639 διὰ
1233 3582 1454 3638 Παύλου
1503 3582 1800 3652 ἐσώθησαν,
1862 3581 2056 3643 πάντες

423 3674 478 3726 ᾗ
517 3677 668 3747 εἰχον
727 3670 778 3726 ἐν
836 3677 916 3745 τῷ
964 3672 1148 3745 πλοίῳ
1205 3671 1649 3740 ἀπολέσθαι,τοῦ
1707 3675 1840 3727 Θεοῦ
1896 3676 2058 3726 τοῦτο

416 3764 805 3840 δωρησαμένόυ
863 3771 1003 3841 τιμῇ
1060 3771 1156 3822 τοῦ
1207 3763 1437 3822 δικαίου.
1501 3765 1602 3822 Καὶ
1661 3763 1768 3821 ὦδε
1817 3767 1910 3839 μὲν
1972 3765 2058 3820 διὰ

410 3858 497 3911 τὸν
526 3855 739 3912 δίκαιον
777 3861 945 3926 ζῶσιν
980 3857 1030 3910 οἱ
1063 3852 1269 3918 ἀσεϐεῖς
1296 3852 1406 3911 ἔστι
1459 3854 1516 3910 δὲ
1547 3855 1636 3910 ὅτε
1683 3857 1746 3910 τὸ
1790 3856 2064 3926 ἐναντίον,

397 3949 486 4002 καί
535 3951 645 4023 πρὸ
706 3947 861 4022 ὥρας
912 3947 940 4001 6
971 3941 1169 4014 ἀσεϐἡς
1226 3944 1536 4001 ἀπόλλυται
1569 3943 1656 4000 διὰ
1711 3946 1809 4014 τὴν
1870 3947 2061 4000 ἑαυτοῦ

393 4041 613 4105 κακίαν,
675 4040 821 4093 κατὰ
877 4038 940 4092 τὸ
987 4032 1294 4112 εἰρημένον·
1368 4039 1456 4106 Μή
1531 4030 1730 4104 ἀσεϐὴς
1784 4038 1850 4108 ᾗς
1895 4035 2060 4106 πολὺ,

403 4127 550 4202 μηδὲ
579 4133 741 4203 γίνου
776 4127 1039 4202 σκληρὸς,
1067 4123 1158 4181 ’ίνα
1206 4129 1280 4200 μὴ
1342 4127 1618 4200 ἀποθάνῃς
1671 4124 1722 4179 ἐν
1780 4124 1840 4179 ού
1893 4130 2065 4197 καιρῷ

402 4241 520 4274 σου.
549 4219 625 4272 Τὸ
664 4215 748 4284 δὲ,
789 4238 810 4266 ε
846 4217 966 4271 Ἐὰν
1003 4219 1079 4290 μὴ
1130 4214 1279 4271 οὗτοι
1341 4213 1598 4290 μείνωσιν
1649 4212 1702 4268 ἐν
1750 4218 1830 4286 τῷ
1861 4212 2065 4287 πλοίῳ,

407 4310 570 4382 ὑμεῖς
619 4307 686 4361 ού
749 4303 973 4361 δύνασθε
1018 4307 1278 4376 σὼθῆναι,
1319 4330 1338 4355 ιι
1404 4305 1772 4376 οἰκονομικῶς
1823 4301 2004 4377 ἔλεγεν
2039 4304 2068 4358 6

404 4396 634 4458 Παῦλος
677 4394 780 4450 ’ἶνα
863 4396 1114 4471 κατάσχῃ
1175 4397 1392 4463 αὐτοὺς,
1452 4394 1543 4449 καὶ
1605 4394 1679 4466 μὴ
1743 4390 1970 4467 διαπέσῃ
2033 4395 2067 4462 ἡ

406 4486 746 4563 προφητεία.
781 4488 942 4543 ’Ὀστε
973 4486 1063 4541 οὑν
1089 4484 1253 4553 εἶδον,
1286 4484 1367 4540 ὅτι
1426 4486 1460 4553 ἡ
1520 4478 1756 4537 ἀϐουλία
1806 4481 1980 4536 αὐτῶν
2018 4480 2068 4536 ἐ-

2239 3443 2267 3470 ‹‹
2300 3422 2370 3475 Et
2396 3437 2529 3476 ecce
2557 3420 2795 3477 donavit
2825 3420 2928 3476 tibi
2951 3422 3124 3478 Deus.
3162 3441 3183 3471 ι
3245 3419 3390 3475 Hinc
3439 3418 3627 3475 falsus
3686 3435 3814 3474 esse

2168 3509 2503 3565 ostenditur
2525 3527 2718 3566 sermo
2750 3511 2851 3582 qui
2883 3511 2954 3566 de
2985 3510 3104 3566 fato
3140 3510 3254 3564 dici
3289 3510 3466 3564 solet:
3494 3524 3628 3563 ecce
3653 3509 3813 3562 enim

2167 3599 2282 3653 nisi
2314 3616 2420 3671 per
2444 3599 2692 3655 Paulum
2743 3599 2954 3655 servati
3010 3600 3284 3666 fuissent,
3337 3615 3545 3653 onmes
3600 3598 3699 3668 qui
3755 3597 3818 3650 in

2167 3689 2298 3743 navi
2323 3695 2492 3744 erant
2520 3691 2713 3760 perire
2763 3689 3043 3761 oportuit,
3103 3694 3162 3743 at
3217 3689 3454 3743 donavit
3501 3689 3610 3740 hoc
3664 3688 3815 3739 Deus

2169 3780 2205 3832 1
2222 3778 2320 3832 82
2338 3778 2723 3849 honorijusti.
2750 3780 2818 3831 Et
2837 3778 2931 3832 hic
2955 3777 3194 3847 quidem
3220 3777 3556 3847 perjustum
3578 3789 3814 3826 servan-

2171 3873 2264 3921 tur
2293 3873 2348 3921 et
2378 3865 2948 3937 impiizquandoque
2970 3882 3105 3920 vero
3130 3881 3160 3919 e
3188 3865 3417 3919 diverso
3442 3863 3818 3932 contingit,et

2170 3960 2304 4011 ante
2335 3955 2696 4026 prmﬁnitum
2719 3959 2952 4024 tempus
2975 3953 3360 4024 peritimpius
3391 3956 3632 4023 propter
3654 3966 3822 4004 suam

2173 4043 2672 4114 malitiam,juxta
2697 4042 2755 4096 id
2785 4041 2943 4111 quod
2976 4041 3197 4095 dictum
3227 4047 3349 4095 est:
3379 4042 3457 4094 Ne
3492 4040 3570 4094 sis
3603 4038 3823 4109 impius

2173 4132 2428 4188 multum
2457 4147 2650 4202 neque
2666 4130 2848 4186 durus
2871 4129 3170 4194 efﬁciaris,
3197 4146 3270 4183 ne
3290 4128 3566 4183 moriaris
3586 4127 3645 4180 in
3676 4133 3827 4180 tem-

2175 4238 2318 4295 pore
2374 4238 2495 4277 non
2554 4226 2655 4276 tuo
2679 4219 2745 4276 ’3.
2797 4219 2962 4285 Quod
3020 4224 3220 4274 autem
3270 4218 3464 4272 dixit:
3516 4239 3544 4266 ‹‹
3581 4215 3700 4269 Nisi
3761 4213 3824 4268 hi

2178 4313 2239 4368 in
2272 4313 2402 4368 navi
2435 4311 2785 4376 manserint,
2822 4327 2926 4365 vos
2959 4309 3102 4365 salvi
3157 4309 3285 4364 ﬁeri
3317 4325 3435 4362 non
3495 4305 3760 4376 potestis,
3798 4325 3827 4352 η

2179 4400 2612 4474 dispensatorie
2644 4400 2792 4455 dixit
2828 4399 3066 4464 Paulus,
3099 4403 3165 4454 ut
3199 4396 3590 4453 confunderet
3614 4411 3734 4463 eos,
3769 4398 3828 4447 et

2179 4506 2254 4544 ne
2287 4487 2936 4560 excideretprophetia.
2968 4487 3112 4543 Cum
3159 4502 3292 4557 ergo
3347 4484 3641 4548 viderunt,
3667 4479 3829 4552 quod

408 4579 647 4646 ποίησεν
711 4574 913 4638 αὐτοὺς
987 4573 1376 4643 κινδυνεῦσαι,
1434 4573 1558 4628 τότε
1634 4570 1872 4646 ἤρξαντο
1929 4571 2061 4644 αὐτῇ

2187 4579 2452 4650 ineptum
2476 4578 2792 4634 consilium
2824 4593 2996 4632 suum
3026 4575 3298 4646 exposuit
3325 4575 3485 4644 ipsos
3537 4571 3828 4644 periculo,

414 4667 720 4730 πείθεσθαι.
756 4664 818 4720 Εἰ
855 4665 959 4739 γάρ
1014 4663 1317 4739 εἱμαρμένῃ
1350 4661 1655 4732 ἐπείθοντο,
1687 4661 1869 4714 καίτοι
1926 4655 2077 4723 ὄντες

414 4755 499 4810 ἒθν
512 4755 623 4810 ικοῖ
658 4799 672 4822 ,

426 4844 548 4900 εἶ’ων
581 4842 844 4907 ἀπελθεῖν
895 4843 1024 4908 τοὺς
1067 4842 1279 4905 ναύτας.
1319 4865 1342 4896 α
1391 4841 1468 4896 Δι’
1500 4841 1530 4896 ’ὁ
1579 4838 1882 4914 παρακαλῶ
1943 4839 2081 4912 ὑμᾶς

435 4929 756 5005 μεταλαϐεῖν
785 4936 1013 5013 τροφῆς.
1048 4957 1076 4986 ››
1124 4936 1382 5008 [Ιαραινεῖ
1413 4932 1440 4986 ὁ
1485 4929 1700 4992 Παῦλος
1751 4925 2077 5004 μεταλαϐεῖν

423 5031 653 5104 τροφῆς,
685 5025 780 5078 καὶ
840 5023 1000 5085 αὐτὸς
1033 5027 1249 5085 ποῶτος
1314 5015 1749 5094 μεταλαμϐάνει,
1811 5018 1872 5073 ού
1933 5017 2081 5095 λόγῳ

427 5116 547 5169 ἀλλ’
577 5113 730 5189 ἔργῳ
759 5111 986 5168 πείθων.
1023 5116 1240 5166 «Τοῦτο
1270 5111 1397 5186 γάρ,
1430 5108 1586 5188 φησὶ,
1636 5107 1772 5183 πρὸς
1802 5115 1903 5177 τῆς
1940 5108 2080 5181 ὑμε-

426 5205 574 5278 τέρας
610 5202 890 5275 σῶτηρίας
924 5201 1058 5270 ἐστὶ,
1093 5227 1122 5254 ››
1148 5201 1393 5257 τουτέστι
1441 5199 1504 5254 τὸ
1557 5203 1772 5274 φαγεῖν,
1825 5199 1902 5270 μή
1951 5219 2084 5254 ποτε

426 5298 495 5364 τῷ
526 5293 687 5366 λιμῷ
723 5291 1081 5369 διαφθαρῆτε.
1131 5290 1206 5349 Ού
1236 5290 1338 5366 γάρ
1369 5289 1435 5359 ἦν
1473 5288 1657 5349 αὐτοῖς
1689 5286 1908 5357 φροντὶς
1954 5309 2085 5363 τροο

429 5390 550 5459 ςῆς,
586 5384 683 5439 ἅτε
716 5381 778 5437 ού
813 5381 939 5451 περὶ
969 5386 1078 5436 τῶν
1137 5379 1421 5456 τυχόντων
1483 5374 1640 5440 ὄντος
1667 5379 1764 5430 τοῦ
1809 5373 2082 5437 κινδύνου.

425 5474 589 5530 Iliam
622 5470 685 5529 δὲ
725 5471 946 5548 γέγονεν
993 5470 1182 5533 αὐτοῖς
1236 5466 1409 5538 δῆλος
1457 5471 1568 5523 τῶν
1625 5465 2015 5537 συμπλεόντων
2058 5469 2086 5522 6

484 5655 531 5692 ⁸³
565 5654 766 5714 Eccle.
802 5672 879 5724 ιν,
917 5655 1014 5724 16,

745 5786 1025 5845 ΡΑτιιυι.
1075 5778 1188 5839 Gn.
1236 5775 1492 5838 CXVIII.

728 4751 1048 4828 παριδόντες
1099 4750 1160 4807 ἂν
1225 4755 1325 4822 τήν
1372 4756 1468 4807 τοῦ
1519 4750 1673 4826 ἁγίου
1734 4745 2098 4822 συμϐουλὴν,¹

2189 4674 2328 4724 tunc
2360 4669 2413 4723 ei
2448 4667 2686 4723 credere
2719 4668 3043 4737 coeperunt.
3081 4663 3137 4718 Si
3163 4663 3324 4718 enim
3369 4663 3486 4717 fato
3544 4661 3833 4717 credidis-

2189 4763 2340 4825 sent,
2375 4774 2508 4813 cum
2539 4761 2738 4811 essent
2767 4753 3010 4821 ethnici,
3044 4753 3406 4824 sprevissent
3435 4752 3638 4823 utique
3666 4750 3835 4806 Pauli

2185 4848 2522 4916 consilium,
2590 4862 2658 4900 ac
2717 4849 2927 4899 nautas
3004 4842 3308 4898 discedere
3391 4842 3824 4913 permisissent.

2192 4961 2219 4989 «
2251 4939 2499 5008 Propter
2529 4934 2684 5006 quod
2711 4933 2916 4988 hortor
2963 4949 3063 4988 vos
3122 4939 3188 4987 ut
3243 4933 3491 4988 sumatis
3549 4930 3768 4992 cibum,
3805 4948 3834 4975 η

2192 5027 2435 5098 ipseque
2466 5025 2692 5096 primus
2715 5023 2913 5093 sumit,
2947 5040 3068 5078 non
3099 5023 3274 5078 verbo
3336 5028 3587 5082 tantum,
3643 5016 3747 5072 sed
3780 5020 3838 5068 et

2195 5132 2370 5186 opere
2403 5113 2679 5168 suadens.
2731 5115 2873 5166 Nam
2930 5112 3080 5166 illud
3138 5119 3228 5168 est
3273 5110 3428 5182 quod
3478 5110 3598 5163 ait:
3655 5106 3838 5158 «Hoc

2195 5204 2356 5260 enim
2378 5203 2452 5258 ad
2479 5202 2732 5258 salutem
2755 5207 3007 5257 vestram
3027 5202 3306 5273 pertinet,
3335 5224 3354 5248 ι
3391 5213 3605 5266 nempe
3641 5194 3838 5259 edere,

2195 5311 2270 5349 ne
2301 5292 2537 5365 quando
2570 5291 2726 5347 fame
2757 5292 3173 5346 consumamini
3208 5308 3218 5342 :
3254 5304 3448 5358 neque
3503 5285 3662 5340 enim
3720 5283 3843 5338 illis

2197 5384 2313 5441 cibi
2344 5400 2483 5439 cura
2507 5387 2653 5449 erat,
2687 5388 2890 5452 utpote
2921 5397 3040 5435 non
3074 5381 3304 5434 sinente
3356 5375 3618 5448 periculo
3665 5391 3844 5428 occu—

2197 5474 2322 5548 pari
2357 5475 2513 5529 circa
2541 5489 2638 5527 res
2661 5472 2948 5543 vulgares.
3013 5469 3176 5524 Unde
3231 5472 3431 5523 autem
3490 5467 3845 5522 manifestus

2197 5565 2387 5622 factus
2419 5568 2510 5621 est
2537 5576 2823 5620 numerus
2848 5576 3073 5629 eorum,
3099 5558 3199 5632 qui
3224 5557 3404 5616 simul
3434 5558 3795 5631 navigabant
3821 5551 3848 5606 τ

3505 5777 3582 5834 10
