4112 6250
455 415 575 477 299

1577 403 1985 470 (ΕΟΠΜΕΝΙῙ
2029 399 2336 463 ΤΒΙΟΟιΕ
2384 404 2727 468 EPISCOPI

3746 414 3876 475 300

467 547 803 606 Verisimile
834 552 924 604 est
953 563 1055 605 eos
1086 563 1324 605 causam
1372 545 1767 619 interrogasse
1798 559 1905 599 cur
1949 538 2109 596 navi-

2223 534 2457 612 ἀριθμός
2490 557 2505 608 ;
2538 539 2700 602 Εἰκὸς
2728 540 2797 610 ἦν
2830 541 3026 605 αὐτοὺς
3058 543 3265 618 έρωτᾷν
3317 544 3419 614 τὴν
3470 545 3638 602 αἰτίαν
3698 544 3775 602 δι’
3807 549 3879 616 ἢν

462 646 688 715 garent,
722 647 781 697 et
804 641 887 698 ita
916 641 1117 698 omnia.
1144 640 1443 697 didicisse.

537 774 832 841 XXVII,42
846 777 964 843 ~44;
981 774 1432 844 XXXVlll,l-lo.
1459 798 1479 824 ι
1499 775 1750 830 Militum
1768 776 1964 828 autem
1979 784 2116 825 con-

472 865 672 921 silium
701 870 850 933 erat,
883 872 951 921 ut
978 866 1206 921 vinctos
1254 864 1612 930 occiderent,
1660 880 1735 919 ne
1780 862 1933 933 quis,
1980 874 2115 914 cum

467 959 785 1023 enatasset,
847 955 1151 1027 effugeret.
1197 956 1272 1008 At
1314 958 1585 1008 centurto
1633 952 1837 1007 volens
1882 962 2114 1004 servare

468 1042 741 1112 Paulum,
766 1043 1291 1115 compescuiteosa
1306 1043 1586 1098 consilio:
1606 1041 1904 1113 jussitque
1925 1043 1992 1093 ut
2012 1035 2113 1108 qui

471 1138 718 1204 possent
738 1138 964 1201 natare,
988 1132 1319 1204 abjicerent
1348 1149 1409 1187 se
1440 1132 1686 1203 primos,
1716 1134 1775 1186 et
1800 1129 1862 1185 in
1894 1134 2116 1183 terram

472 1220 805 1290 evaderent,
840 1222 1156 1294 cmterique
1187 1220 1402 1291 partim
1434 1221 1495 1275 in
1529 1220 1767 1287 tabulis,
1808 1216 2022 1290 partim
2056 1215 2117 1269 in

471 1310 829 1381 quibusdam
859 1311 1023 1367 navis
1052 1310 1419 1383 fragmentis.
1452 1312 1523 1364 Et
1553 1310 1637 1365 sic
1666 1309 1887 1364 factum
1919 1311 2029 1373 est,
2053 1309 2120 1360 ut

472 1417 680 1458 omnes
718 1400 1048 1456 incolumes
1080 1400 1397 1455 evaderent
1443 1400 1506 1454 in
1555 1404 1797 1455 terram.
1848 1396 2116 1466 Cumque

473 1491 818 1561 evasissent,
850 1496 992 1545 tunc
1023 1494 1425 1563 cognoverunt
1469 1489 1627 1560 quod
1677 1487 1870 1542 Melite
1922 1483 2119 1541 insula

471 1585 798 1637 vocaretur.
833 1579 1074 1635 Barbari
1106 1596 1239 1636 vero
1272 1578 1633 1650 praestabant
1662 1594 1783 1632 non
1814 1575 2117 1647 vulgarem

473 1670 906 1726 humanitatem
938 1669 1132 1724 nobis.
1165 1672 1430 1724 Accensa
1459 1683 1720 1738 namque
1776 1680 1921 1736 pyra
1969 1663 2120 1717 reci-

470 1759 716 1831 piebant
743 1775 851 1814 nos
879 1774 1107 1824 omnes,
1139 1763 1380 1829 propter
1410 1756 1660 1811 imbrem
1719 1754 1819 1825 qui
1868 1753 2121 1824 impres-

473 1854 632 1904 serat
660 1865 792 1913 nos,
826 1854 884 1903 et
912 1853 1153 1919 propter
1182 1847 1386 1919 frigus.
1411 1853 1671 1915 Cumque
1702 1845 2121 1913 congregasset

471 1936 690 1992 Paulus
747 1909 1185 1991 sarmentorum
1261 1909 1738 1998 multitudinem,
1811 1909 1869 1986 et
1925 1909 2118 2001 impo-
2151 1909 2193 1973 Β

475 2025 693 2079 suisset
722 2025 785 2079 in
815 2025 1033 2096 ignem,
1068 2024 1265 2095 vipera
1320 2040 1355 2079 a
1402 2023 1597 2077 calore
1646 2037 1969 2093 prorepens
2026 2020 2118 2074 in-

474 2114 625 2169 vasit
664 2130 905 2168 manum
963 2114 1113 2185 ejus.
1174 2115 1247 2168 Ut
1296 2119 1492 2168 autem
1551 2112 1824 2166 viderunt
1881 2108 2121 2165 Barbari

474 2202 834 2274 pendentem
885 2202 1135 2257 bestiam
1193 2203 1264 2257 de
1321 2218 1506 2257 manu
1567 2201 1715 2273 ejus,
1776 2200 1933 2254 inter
1990 2214 2118 2254 sese

473 2290 779 2347 dicebant:
806 2292 1058 2347 Omnino
1094 2292 1392 2346 homicida
1422 2296 1510 2346 est
1540 2291 1716 2345 homo
1766 2290 1883 2355 hic,
1939 2305 2118 2360 quem

476 2388 774 2438 servatum
807 2399 837 2437 e
869 2382 1021 2437 mari
1052 2381 1198 2437 ultio
1224 2399 1341 2436 nou
1390 2382 1534 2437 sinit
1578 2381 1794 2436 vivere.
1853 2378 2006 2434 188
2052 2380 2122 2432 Et

473 2471 575 2525 ille
628 2471 867 2542 quidem
948 2486 1162 2527 excusa
1232 2472 1292 2526 in
1381 2472 1577 2542 ignem
1666 2470 1882 2541 vipera,
1967 2468 2119 2523 nihil

469 2561 612 2617 mali
654 2578 865 2632 passus
905 2567 1013 2617 est.
1074 2565 1147 2616 At
1202 2561 1288 2615 illi
1347 2560 1771 2616 existimabant
1828 2558 2116 2624 futurum,

469 2657 538 2706 ut
565 2650 944 2707 incederetur
985 2657 1085 2705 aut
1136 2651 1476 2706 concideret
1521 2654 1765 2720 repente
1827 2654 2115 2703 mortuus.

470 2741 582 2796 Diu
639 2748 835 2797 autem
895 2742 1015 2796 illis
1074 2740 1555 2811 exspectantibus
1627 2757 1693 2794 ac
1748 2738 2119 2794 intuentibus

471 2831 624 2887 nihil
657 2832 798 2887 mali
827 2832 914 2886 illi
960 2831 1247 2899 accidere,
1307 2836 1534 2886 mutata
1588 2836 1787 2885 mente
1844 2829 2122 2885 dicebant

471 2920 671 2991 ipsum
702 2938 829 2976 esse
861 2922 1069 2977 Deum.
1103 2923 1167 2975 In
1216 2920 1361 2975 locis
1391 2925 1588 2975 autem
1616 2919 1735 2974 illis
1768 2924 1939 2973 erant
1966 2936 2121 2989 pras-

473 3009 573 3065 dia
602 3010 841 3081 primati
874 3010 1087 3066 insulas
1119 3010 1360 3064 nomine
1394 3009 1622 3075 Publio,
1677 3008 1777 3079 qui
1809 3025 1919 3063 nos
1949 3024 2117 3063 exce-

473 3104 605 3172 ptos
638 3099 833 3155 triduo
891 3099 1144 3168 benigne
1204 3099 1473 3154 tractavit
1527 3098 1804 3171 hospitio.
1865 3097 2122 3169 Contigit

476 3194 673 3244 autem
757 3195 987 3260 patrem
1073 3188 1266 3243 Publii
1323 3188 1587 3245 febribus
1635 3204 1705 3243 ac
1760 3186 2118 3260 dysenteriis

2220 622 2471 697 πλέουσι,
2499 628 2587 683 καὶ
2624 635 2814 702 μαθεῖν
2844 630 3036 690 πάντα.

2294 784 2322 813 ιι
2354 762 2476 817 Τῶν
2507 759 2567 819 δὲ
2594 769 2943 839 στρατιωτῶν
2977 764 3156 840 βουλὴ
3208 766 3443 844 ἐγενετο,
3496 765 3590 823 *ίνα
3612 767 3748 832 τοὺς
3787 768 3890 826 διι-

2224 852 2444 925 σμώτας
2503 854 2886 926 ἀποκτείνωσι,
2952 859 3027 931 μή
3060 878 3141 920 τις
3201 853 3619 932 ἐκκολυμϐήσας
3680 858 3889 939 διαφύ-

2223 962 2335 1018 γοι.
2395 943 2455 1000 Ὀ
2506 941 2563 998 δὲ
2618 945 3016 1021 ἑκατόνταρχος
3076 945 3415 1022 βουλόμενος
3474 946 3740 1005 διασῶσαι
3794 951 3892 1005 τὸν

2223 1031 2465 1102 Παῦλον,
2527 1032 2798 1092 έκώλυσεν
2883 1035 3078 1099 αὐτοὺς
3133 1041 3231 1092 τοῦ
3290 1037 3669 1112 βουλήματος.
3732 1042 3893 1097 Ἐλιε-

2225 1121 2384 1177 λευσέ
2437 1144 2496 1178 τε
2544 1123 2673 1186 τοὺς
2728 1123 3061 1199 δυναμένους
3121 1121 3409 1200 κολυμϐᾷν
3463 1127 3886 1203 ἀπορρίψαντας

2224 1211 2475 1288 πρώτους
2532 1211 2618 1268 ἐπὶ
2693 1215 2793 1283 τὴν
2860 1218 2962 1291 γῆν
3021 1212 3238 1288 ἐξιέναι,
3287 1217 3373 1271 καὶ
3428 1216 3558 1280 τοὺς
3615 1215 3888 1286 λοιποὺς,

2226 1301 2320 1361 οὓς
2389 1301 2487 1372 μὲν
2547 1301 2633 1356 ἐπὶ
2693 1302 2921 1374 σανίσιν,
2974 1304 3068 1369 οὓς
3125 1301 3184 1360 δὲ
3230 1303 3320 1361 ἇπί
3375 1326 3540 1361 τινων
3597 1310 3716 1363 τῶν
3781 1307 3892 1363 ἀπὸ

2223 1387 2320 1445 τοῦ
2340 1388 2559 1451 πλοίου.
2622 1393 2722 1448 Καὶ
2781 1392 2953 1456 οὕτως
3012 1393 3223 1469 ἐγένετο
3276 1396 3481 1460 πάντας
3537 1392 3892 1467 διασωθῆναι

2224 1476 2311 1533 ἐπὶ
2352 1481 2470 1547 ,τήν
2524 1486 2649 1554 γῆν.
2710 1482 2806 1536 Καὶ
2888 1479 3239 1547 διασωθέντες
3276 1528 3291 1553 ,
3346 1483 3471 1540 τότε
3544 1484 3897 1560 ἐπέγνωσαν,

2227 1567 2309 1622 ὅτι
2343 1567 2554 1638 Μελίτη
2588 1572 2622 1639 ἡ
2654 1576 2819 1640 νῆσος
2865 1569 3133 1629 καλεῖται.
3166 1572 3229 1627 Ol
3287 1569 3344 1628 δὶ
3400 1568 3683 1651 Βάρϐαροι
3751 1596 3896 1649 παρ-

2227 1663 2381 1732 εῖχον
2459 1658 2523 1713 οὐ
2570 1660 2671 1729 τὴν
2725 1664 3000 1735 τυχοῦσαν
3059 1661 3474 1738 φιλανθρωπίαν
3536 1665 3703 1737 ἡμῖν.
3764 1670 3899 1721 Ἀν-

2226 1751 2455 1824 ἅψαντες
2534 1752 2637 1825 γὰρ
2710 1752 2906 1827 πυρὰν,
2977 1749 3385 1828 προσελάϐοντο
3443 1757 3649 1818 πάντας
3705 1760 3891 1832 ἡμᾶς,

2228 1836 2317 1893 διὰ
2371 1840 2465 1894 τὸν
2516 1839 2666 1895 ὑετὸν
2721 1838 2993 1918 ἐφεστῶτα
3026 1887 3041 1912 ,
3107 1846 3197 1898 καὶ
3255 1841 3344 1899 διὰ
3396 1845 3459 1900 τὸ
3511 1844 3726 1920 ψύχος.
3790 1854 3897 1903 Συ-

2227 1929 2554 2002 στρέψαντος
2615 1926 2673 1984 δὲ
2728 1934 2825 1985 τοῦ
2869 1931 3088 1987 Παύλου
3147 1934 3432 2009 φρυγάνων
3491 1932 3745 2004 πλῆθος,
3800 1935 3890 1991 καὶ

2226 2018 2500 2083 ἐπιθέντος
2555 2018 2644 2074 ἐπὶ
2696 2022 2795 2089 τὴν
2877 2023 3073 2095 πυρὰν,
3132 2019 3324 2099 ἔχιδνα
3386 2023 3446 2080 ix
3499 2032 3602 2095 τῆς
3663 2028 3887 2103 θέρμης

2226 2106 2534 2178 ἐξελθοῦσα,
2573 2112 2783 2185 καθῆψε
2832 2118 2932 2181 τῆς
2975 2113 3161 2187 χειρὸς
3215 2114 3404 2172 αὐτοῦ.
3462 2114 3549 2176 Ὠς
3610 2111 3671 2170 δὲ
3738 2115 3887 2171 εἶδον

2227 2198 2279 2251 οἱ
2310 2192 2585 2273 Βάρϐαροι
2639 2200 2983 2274 κρεμάμενον
3039 2203 3101 2256 τὸ
3158 2202 3346 2277 θηρίον
3405 2201 3465 2259 έκ
3520 2210 3623 2272 τῆς
3686 2206 3889 2281 χειρὸς

2225 2285 2389 2342 αὐτοῦ
2432 2332 2445 2356 ,
2519 2283 2707 2363 ἔλεγον
2787 2290 2913 2366 θρὸς
2995 2289 3283 2362 ἀλλήλους
3405 2294 3626 2355 Πάντως
3687 2295 3892 2373 φονεύς

2226 2375 2369 2431 ἐστιν
2402 2377 2430 2431 ὁ
2461 2376 2748 2453 ἅνθρωπος
2806 2380 2992 2450 οὗτος,
3047 2380 3106 2435 ’ὀν
3139 2378 3468 2447 διασωθέντα
3519 2381 3579 2437 ἔκ
3633 2387 3748 2449 τῆς
3801 2386 3892 2438 θα-

2228 2463 2432 2536 λάσσης
2464 2468 2498 2535 ἡ
2533 2463 2655 2537 δίκὴ
2714 2471 2808 2542 ζῇν
2869 2468 2968 2524 ούκ
3031 2468 3226 2526 εἷάσεν.
3291 2472 3353 2527 Ὀ
3424 2471 3521 2544 μὶν
3578 2472 3679 2525 οὖν
3740 2472 3886 2528 ἀπο-

2222 2555 2437 2626 τινάξας
2465 2555 2528 2609 τὸ
2560 2556 2752 2629 θηρίον
2794 2555 2869 2618 είς
2923 2557 2987 2611 τὸ
3032 2562 3163 2630 πῦρ,
3220 2556 3412 2623 ἔπαθεν
3468 2555 3623 2614 οὐδὲν
3686 2560 3883 2626 κακόν,

2225 2644 2292 2699 Οἱ
2377 2640 2434 2697 δὲ
2511 2641 2858 2719 προσεδόκων
2942 2645 3104 2701 αὐτὸν
3163 2645 3388 2718 μέλλειν
3451 2648 3785 2721 πιπρασθαι,
3845 2650 3882 2718 ἢ

2224 2735 2577 2788 καταπίπτειν
2628 2733 2779 2813 ἄφνω
2862 2738 3072 2812 νεκρόν.
3146 2738 3273 2794 Ἐπὶ
3357 2736 3503 2794 πολὺ
3577 2736 3635 2793 δὲ
3695 2739 3880 2795 αὐτῶν

2223 2820 2691 2897 προσδοκώντων,
2749 2824 2839 2880 καὶ
2898 2825 3246 2901 θεωρούντων
3309 2825 3479 2900 μηδὲν
3535 2828 3745 2883 ἄτοπον
3806 2828 3879 2891 εἴς

2225 2911 2387 2966 αὐτὸν
2444 2913 2752 2986 γινόμενον,
2807 2910 3284 2990 μεταϐαλλόμενοι
3343 2915 3529 2992 ἔλεγον
3583 2918 3723 2973 Θεὸν
3782 2919 3872 2974 αὖ·-

2223 2999 2316 3056 τὸν
2403 3001 2557 3057 εἶναι.
2625 3003 2713 3058 Ἐν
2773 2999 2832 3057 δὲ
2908 3009 3025 3066 τοῖς
3081 3006 3206 3081 περὶ
3254 3005 3345 3061 τὸν
3401 3007 3577 3061 τόπον
3633 3008 3862 3075 ἒκεῖνον,

2226 3089 2444 3165 ὑπῆρχε
2503 3090 2683 3166 χωρία
2726 3097 2805 3163 τῷ
2851 3093 3056 3167 πρώτῳ
3099 3100 3201 3164 τῆς
3250 3096 3442 3167 νήσου,
3497 3097 3738 3169 ὀνόματι
3769 3103 3872 3153 Πο-

2222 3174 2373 3249 πλίῳ
2405 3224 2419 3246 ,
2476 3178 2534 3239 ὅς
2578 3176 2975 3252 ἀναδεξάμενος
3030 3184 3177 3255 ἡμᾶς
3235 3188 3380 3257 τρεῖς
3436 3183 3668 3259 ἡμέρας,
3715 3186 3875 3260 φιλο-

468 3281 740 3330 vexatum
772 3277 1147 3331 decumbere.
1202 3275 1281 3331 Ad
1339 3294 1517 3347 quem
1577 3276 1791 3333 Paulus
1850 3276 2110 3337 intravit.

2226 3265 2440 3339 φρόνως
2477 3263 2727 3338 ἒξένισεν,
2788 3269 3035 3345 Ἐγένετο
3089 3268 3147 3326 δὶ
3201 3272 3295 3326 τὸν
3341 3269 3548 3348 πατέρα
3595 3277 3693 3328 τοῦ
3759 3278 3884 3331 llo»

471 3380 725 3433 cumque
748 3371 993 3429 orasset,
1024 3372 1082 3418 et
1110 3380 1324 3418 manus
1356 3367 1408 3418 ei
1453 3365 1854 3435 imposuisset,
1887 3365 2115 3420 sanavit

471 3467 628 3507 eum.
655 3452 773 3524 Iloc
795 3452 973 3522 igitur
1000 3451 1153 3507 facto
1189 3453 1386 3507 caeteri
1414 3469 1649 3523 quoque
1681 3454 1782 3524 qui
1817 3452 2115 3507 habebant

468 3523 849 3594 infirmitates
879 3540 939 3593 in
972 3540 1189 3604 insula,
1224 3540 1587 3595 accedebant
1615 3547 1674 3596 et
1702 3523 2110 3609 isanabantur,

473 3629 573 3701 qui
620 3629 798 3684 etiam
853 3628 1057 3684 multis
1116 3629 1442 3683 honoribus
1501 3646 1609 3684 nos
1673 3630 2115 3686 honoraverunt

468 3722 528 3774 et
610 3718 972 3774 solventibus
1058 3716 1473 3788 imposuerunt
1557 3735 1690 3789 quas
1774 3720 2114 3775 necessaria

467 3812 656 3864 erant.
691 3829 721 3858 »

532 4047 561 4074 (ι
597 4024 852 4079 Militum
883 4026 1084 4079 autem
1117 4022 1435 4078 eonsilium
1468 4028 1614 4091 erat,
1650 4045 1678 4073 »
1711 4029 1823 4081 etc.
1855 4026 2109 4081 Rursum

463 4131 535 4170 ex
555 4114 667 4169 hoc
690 4113 1024 4169 ostenditur
1051 4113 1210 4183 quod
1243 4113 1425 4168 Paulo
1456 4113 1655 4169 donati
1680 4114 2109 4186 sint,quoniam

404 4231 415 4244 -
462 4204 572 4261 etsi
587 4203 874 4275 quosdam
888 4202 2109 4269 vellentinterimere,nePaulivaticinium

458 4292 776 4360 excideret,
809 4309 929 4348 non
962 4292 1230 4364 permisit
1262 4309 1364 4347 eos
1406 4292 1593 4347 occidi
1644 4294 1934 4364 centurio,
1991 4311 2107 4366 quo

452 4383 702 4438 Paulum
738 4387 1017 4437 servaret.
1083 4402 1107 4431 κ
1144 4381 1359 4452 Vipera
1388 4398 1422 4435 a
1450 4380 1646 4437 calore
1695 4399 2040 4454 prorepens.
2080 4406 2105 4430 ιι

454 4472 667 4543 Vipera
723 4472 960 4544 injectis
1024 4470 1227 4526 manui
1278 4469 1532 4541 apostoli
1610 4470 1907 4540 dentibus,
1970 4491 2105 4529 cum

452 4561 675 4632 peccati
709 4560 1023 4616 mollitiem
1054 4576 1174 4614 non
1197 4558 1541 4631 reperisset,
1565 4559 1836 4629 protinus
1858 4561 2108 4617 resilivit

2224 3354 2390 3411 πλίου
2441 3364 2694 3433 πυρετοῖς
2745 3360 2834 3413 καὶ
2892 3356 3204 3436 δυσεντερίᾳ
3282 3364 3650 3438 συνεχόμενον
3707 3384 3882 3420 κατα-

2218 3448 2447 3503 κεῖσθαι.
2533 3449 2675 3517 Πρὸς
2757 3448 2817 3503 ὃν
2907 3449 3128 3512 Παῦλος
3177 3448 3434 3506 εἰσελθών
3490 3451 3577 3506 καὶ
3630 3471 3869 3525 προσευ-

2218 3534 2465 3604 ξάμενος,
2517 3534 2725 3600 ἓπιθεὶς
2796 3538 2892 3599 τὰς
2950 3543 3140 3614 χεῖρας
3198 3538 3367 3611 αὐτῷ,
3422 3540 3602 3595 ἰάσατο
3664 3539 3870 3595 αὐτόν.

2217 3621 2419 3678 Τούτου
2478 3625 2570 3679 οὗν
2621 3624 2919 3700 γενομένου
2993 3628 3082 3683 καὶ
3149 3630 3201 3683 οἱ
3287 3629 3475 3684 λοιποὶ
3531 3629 3583 3682 οἱ
3635 3622 3872 3702 ἔχοντες

2217 3711 2489 3775 ἀσθενείας
2565 3715 2621 3768 ’sv
2697 3717 2768 3788 τῇ
2854 3717 3006 3788 νήσῳ
3087 3719 3448 3790 πρσήρχοντο
3500 3715 3590 3771 καὶ
3673 3714 3871 3791 ἔθερα-

2216 3800 2468 3869 πεύοντο,
2528 3802 2579 3856 οἳ
2661 3802 2751 3857 καὶ
2824 3802 3062 3867 πολλαῖς
3133 3810 3323 3877 τιμαῖς
3379 3805 3641 3878 ἐτίμησαν
3695 3807 3867 3880 ἡμᾶς.

2219 3892 2315 3946 Καὶ
2346 3892 2703 3968 ἀναγομένοις
2731 3891 2983 3949 ἐπέθεντο
3004 3894 3070 3949 τὰ
3096 3895 3233 3971 πρὸς
3261 3896 3363 3965 τήν
3395 3894 3610 3970 χρείαν.
3644 3919 3673 3946 »

2286 4033 2403 4084 Τῶν
2445 4026 2503 4085 δὲ
2578 4034 2924 4107 στρατιωτῶν
2998 4029 3173 4106 βουλή
3229 4029 3459 4107 ἐγένετο.
3495 4056 3522 4083 n
3585 4032 3756 4089 Πάλιν
3800 4031 3858 4088 ἐκ

2213 4119 2408 4173 τούτου
2466 4115 2757 4191 δείκνυται,
2812 4120 2894 4175 ὅτι
2945 4125 3024 4194 τῷ
3084 4121 3285 4194 Παύλῳ
3343 4120 3732 4197 έχαρίσθησαν,
3781 4120 3865 4177 δτι

2214 4208 2389 4262 καίτοι
2446 4208 2799 4283 βουλομένων
2850 4210 2995 4272 τινὰς
3034 4211 3294 4287 ἀναιρεῖν,
3350 4211 3441 4266 ἳνα
3503 4212 3578 4285 μή
3637 4209 3868 4285 διαπέσῃ

2213 4300 2248 4366 ἡ
2279 4298 2585 4375 προφητεία
2616 4298 2857 4369 Παύλου,
2898 4299 3001 4355 οὐκ
3030 4298 3199 4355 εἷάσεν
3258 4299 3453 4363 αὐτοὺς
3507 4301 3863 4373 ἀναιρεθῆναι

2213 4386 2240 4439 ὁ
2271 4386 2692 4462 ἑκατόνταρχος,
2726 4385 2813 4442 ἷ¹να
2840 4388 2932 4443 τὸν
2974 4388 3189 4445 Παῦλον
3249 4390 3421 4464 σώσῃ.
3456 4415 3484 4443 ιι
3518 4387 3755 4466 ’Έχιδνα
3791 4389 3854 4446 ἐκ

2209 4478 2309 4543 τῆς
2337 4478 2543 4551 θέρμης
2575 4476 2881 4551 ἐξελθοῦσα.
2918 4503 2945 4530 n
2976 4480 3038 4536 Ἡ
3097 4473 3217 4556 ἔχις
3262 4483 3331 4554 τῇ
3386 4484 3483 4535 τοῦ
3535 4478 3855 4535 ἀποστόλου

2211 4566 2360 4644 χειρὶ
2406 4566 2535 4628 τοὺς
2595 4565 2815 4633 ὀδόντας
2870 4563 3188 4642 ἐμϐαλοῦσα
3232 4568 3321 4623 καὶ
3368 4570 3430 4624 τὸ
3495 4572 3703 4645 χαῦνον
3747 4576 3862 4638 τῆς

453 4664 523 4703 ac
552 4648 614 4703 in
644 4649 840 4721 ignem
872 4649 1051 4717 saliit,
1087 4655 1372 4719 tanquam
1404 4646 1515 4703 sibi
1548 4648 1657 4718 ipsi
1723 4665 1955 4720 poenam
2007 4652 2099 4705 in-

2220 4654 2474 4730 ἱμαρτίας
2555 4655 2664 4731 οὐχ
2710 4656 2961 4730 εὑροῦσα,
3016 4655 3335 4728 ἀπεπήδησε
3393 4658 3704 4732 παραυτίκα
3761 4658 3856 4712 καὶ

453 4736 684 4807 ﬂigens,
719 4738 875 4808 quod
906 4755 1119 4809 corpus
1154 4737 1266 4793 sibi
1307 4737 1474 4792 nullo
1519 4737 1696 4792 modo
1739 4740 2096 4796 conveniens

449 4826 721 4899 petiisset
747 4843 814 4881 ac
846 4833 1305 4900 oppugnassent.
1330 4829 1444 4883 Nos
1478 4832 1676 4883 autem
1707 4827 1860 4883 feras
1883 4831 2094 4885 metui~

448 4930 602 4980 mus,
636 4915 924 4984 quoniam
955 4916 1233 4971 virtutum
1266 4916 1607 4987 panopliam
1641 4933 1758 4971 non
1782 4916 2092 4974 habemus.

446 5003 567 5061 Hoc
592 5004 790 5075 itaque
822 5004 1018 5058 intuiti
1049 5006 1308 5072 Barbari,
1334 5022 1469 5061 eum
1497 5023 1731 5077 quoque
1755 5006 1854 5077 qui
1873 5014 2093 5064 certam

447 5102 702 5152 mortem
734 5102 1016 5159 evaserat,
1052 5096 1238 5151 Deum
1270 5113 1399 5151 esse
1430 5097 1745 5164 ducebant,
1785 5104 1850 5153 ut
1878 5099 2093 5169 quibus

446 5186 631 5241 moris
663 5190 789 5241 erat
834 5201 1093 5247 omnem,
1147 5184 1246 5255 qui
1278 5185 1599 5257 gloriosum
1649 5186 1890 5258 aliquod
1943 5205 2092 5260 opus

442 5282 772 5347 prmstaret,
792 5276 971 5330 Deum
993 5273 1333 5329 existimare
1360 5292 1371 5328 :
1398 5277 1897 5345 quemadmodum
1913 5280 2090 5334 etiam

440 5372 667 5419 veteres
698 5365 840 5420 deos
863 5363 1275 5429 nominabant,
1309 5370 1409 5418 aut
1438 5381 1537 5418 eos
1570 5367 1667 5435 qui
1701 5367 1925 5438 aliquid
1950 5385 2091 5440 ope-

442 5460 737 5520 rarentur,
775 5454 931 5525 quod
963 5455 1115 5509 vires
1148 5454 1411 5525 ipserum
1443 5470 1805 5525 suorumque
1863 5473 2084 5512 comvo-

438 5555 572 5595 rum
607 5543 934 5609 excederet,
970 5543 1163 5615 qualis
1194 5550 1322 5599 erat
1352 5543 1631 5599 Hercules
1657 5560 1670 5598 :
1695 5550 1797 5599 aut
1825 5546 1925 5616 qui
1945 5564 2090 5617 prae-

435 5629 749 5704 stigiatura
804 5632 1104 5689 intuentes
1146 5634 1208 5688 in
1268 5633 1726 5690 admirationem
1784 5642 2081 5708 raperent,

441 5720 643 5796 qualis
671 5720 777 5777 fuit
810 5720 1012 5778 Simon
1042 5723 1105 5777 in
1135 5722 1417 5779 Samaria.

2204 4744 2338 4797 κατᾶ
2368 4747 2466 4815 τῆς
2498 4750 2668 4818 πυρᾶς
2689 4745 2889 4815 ἥλατο,
2930 4744 3110 4821 ὥσπερ
3168 4743 3320 4809 δίκας
3351 4747 3544 4816 έαυτὴν
3603 4746 3859 4820 εἰσπρατ-

2201 4836 2433 4905 τομὲνη,
2493 4835 2575 4889 ὁτι
2648 4839 2727 4907 τῷ
2784 4832 3100 4909 μηδαμόθεν
3151 4838 3481 4911 προσήκοντι
3537 4829 3862 4910 προσέϐαλε

2204 4926 2441 4996 σώματι.
2501 4926 2688 4997 Ἡμεῖς
2750 4921 2807 4979 δε
2862 4926 2927 4980 τὰ
2985 4925 3147 4999 θηρία
3230 4922 3549 4999 δεδοίκαμεν
3586 4969 3600 4995 ,
3660 4922 3851 4994 ἐπειδὴ

2200 5014 2300 5080 τῆς
2333 5014 2530 5087 αρετῆς
2555 5015 2655 5081 τὴν
2684 5012 2990 5070 πανοπλίαν
3049 5013 3148 5070 ούκ
3205 5013 3429 5090 ἔχομεν.
3492 5012 3720 5076 ’ἰδόντες
3755 5014 3848 5069 οὗν

2200 5104 2360 5155 τοῦτο
2393 5103 2443 5156 οἱ
2484 5097 2780 5177 Βάρϐαροι,
2812 5103 2900 5157 καὶ
2954 5104 3257 5182 ἓκφυγόντα
3317 5106 3402 5160 τὸν
3464 5098 3846 5181 ἁναμφίϐολον

2202 5188 2451 5258 θάνατον,
2485 5191 2612 5244 Θεὸν
2646 5188 2807 5244 αύτὸν
2838 5188 3092 5263 ἐνόμισαν
3126 5193 3289 5263 εἶναι,
3320 5193 3393 5253 ὡς
3431 5188 3657 5271 ἔχοντες
3706 5190 3848 5263 ἔθος,

2198 5278 2373 5332 πάντα
2402 5280 2665 5333 ποιοῦντά
2692 5300 2743 5333 τι
2778 5277 3099 5354 παράδοξον,
3162 5281 3293 5337 Θεὸν
3333 5282 3597 5355 νομ’ζειν·
3661 5282 3849 5358 ὥσπερ,

2195 5366 2285 5420 καὶ
2316 5366 2442 5428 τοὺς
2493 5367 2761 5430 παλαιοὺς
2822 5371 2972 5433 θεοὺς
3020 5369 3325 5443 ὠνόμαζον,
3381 5370 3415 5440 ἢ
3458 5369 3528 5425 δι’
3562 5371 3716 5446 ἰσχὺν
3744 5392 3839 5426 πε-

2197 5455 2379 5528 ρισσόν
2435 5476 2488 5511 τι
2537 5458 2646 5511 τῶν
2705 5459 2828 5512 καθ’
2883 5458 3104 5521 ἑαυτοὺς
3159 5464 3473 5529 ποιοῦντας,
3531 5461 3643 5523 οἷος
3696 5462 3763 5529 ῆν
3814 5461 3841 5513 ὁ

2192 5542 2492 5619 ’Ἡρακλῆς
2559 5544 2594 5615 ἢ
2646 5544 2735 5601 διὰ
2789 5548 3015 5626 μαγείας
3061 5546 3428 5619 έξιστάνοντας
3488 5548 3616 5612 τοὺς
3664 5550 3842 5625 ὁρῶν-

2191 5653 2307 5705 τας,
2341 5636 2458 5697 οῖος
2482 5634 2550 5705 ἦν
2583 5636 2612 5692 ὁ
2643 5635 2697 5692 έν
2722 5639 3006 5714 Σαμαρείᾳ
3025 5639 3236 5716 Σίμων.
