4112 6250
224 370 333 432 Ἆθὶ

928 524 1194 576 ΚΕΦΔΛ.
1244 519 1363 575 AO‘.

271 607 433 667 ὓπως
510 604 630 659 ἀπὸ
711 608 997 680 Μελίτης
1079 608 1152 671 εἰς
1222 607 1436 683 Ῥώμην

1041 702 1270 759 Παῦλος.

376 786 576 844 «Mevi
608 782 668 839 δὲ
686 790 845 861 τρεῖς
888 790 1097 859 μῆνας,
1159 786 1479 864 ἀνήχθημεν
1514 784 1565 839 ἐν
1610 781 1812 857 πλοίῳ,
1864 802 1971 837 παι

324 877 739 956 ρακεχειμακότι
832 875 887 930 ἐν
945 880 1016 950 τῇ
1076 879 1241 948 νήσῳ,
1305 871 1724 948 Ἀλεξανδρίνῳ,
1801 891 1971 944 παρα-

330 971 497 1041 σήμῳ
551 964 904 1041 Διοσκούροις
940 1009 954 1022 .
1025 965 1129 1020 Καὶ
1201 966 1559 1039 καταχθέντες
1641 961 1717 1023 εἷς
1801 969 1974 1036 Συρα-

322 1058 544 1125 κούσας,
597 1054 958 1128 ἐπεμείναμεν
1047 1054 1253 1128 ἡμέρας
1321 1058 1486 1129 τρεῖς.
1548 1054 1699 1108 Ὁθεν
1750 1048 1973 1125 περιελ-

313 1149 510 1213 θόντες
562 1148 978 1217 κατηντήσαμεν
1040 1144 1116 1207 είς
1173 1146 1419 1221 Ῥήγιον.
1480 1140 1586 1198 Καί
1657 1142 1791 1214 μετά
1848 1141 1973 1214 μίαν

310 1238 537 1311 ἡμέραν
586 1233 969 1309 ἐπιγενομένου
1056 1234 1256 1303 Νότου,
1347 1231 1651 1307 δευτεραῖοι
1727 1228 1971 1303 ἤλθομεν

302 1326 388 1389 εἷς
483 1324 815 1392 Ποτιόλους,
904 1322 967 1379 οὗ
1023 1324 1267 1398 εὑρόντες
1330 1320 1621 1399 ἀδελφοὺς,
1679 1319 1966 1395 παρεκλή-

301 1419 485 1487 θημεν
519 1414 602 1469 ἐπ’
665 1414 849 1475 αὐτοῖς
906 1413 1181 1487 ἐπιμεῖναι
1240 1410 1450 1485 ἡμέρας
1510 1411 1664 1480 ἔπτὰ,
1723 1409 1811 1464 καὶ
1872 1405 1968 1502 οὕζ

292 1531 412 1573 τως
446 1510 528 1571 εἷς
562 1509 921 1582 τὴνῬώμήν
983 1505 1252 1580 ἤλθομεν.
1311 1506 1563 1569 Κάκεῖθεν
1624 1505 1676 1559 οἱ
1733 1501 1971 1578 ἀδελφοι

292 1600 640 1661 ἀκούσαντες
698 1599 768 1653 τὰ
823 1598 943 1671 περῖ
1001 1600 1186 1671 ἡμῶν,
1256 1596 1481 1667 ἐξῆλθον
1542 1594 1616 1657 εἷς
1676 1594 1971 1661 ἀπάντησιν

283 1696 462 1764 ἡμῖν,
529 1689 700 1767 ἄχρις
763 1689 996 1745 Ἀππίου
1051 1687 1219 1766 φόρου
1278 1686 1364 1741 καὶ
1423 1688 1604 1759 Τριῶν
1661 1678 1965 1767 Ταϐερνῶν.

282 1780 403 1840 Οὖς
468 1766 607 1832 ἰδὼν
658 1778 686 1832 ὁ
720 1774 962 1841 Παῦλος,
1016 1774 1421 1850 εὐχαριστήσας
1474 1778 1553 1845 τῷ
1611 1777 1749 1844 Θεῷ,
1805 1766 1967 1826 ἔλαϐε

1538 610 1868 678 κατήντησεν
1944 605 1971 658 ὁ

1298 382 1708 446 ΟΟΜΜΕΝΤ.
1757 382 1848 442 ΙΝ
1892 382 2095 444 ACTA
2141 384 2751 451 APOSTOLORUM.

2001 522 2055 587 A

3612 399 3733 461 802

2550 525 2705 583 184
2750 528 2981 585 CAPUT
3018 530 3268 589 XXXIX.

2225 615 2501 677 Quomodo
2531 634 2563 671 α
2593 618 2777 673 Melite
2826 623 3054 676 Romam
3074 625 3330 693 pervenit
3358 622 3584 679 Paulus.

2153 790 2403 862 XXVIII,
2438 796 2615 851 II-I7.
2652 820 2679 849 ‹‹
2712 803 2848 854 Post
2894 817 3134 856 menses
3182 808 3379 857 autem
3412 807 3530 858 tres
3562 805 3726 859 navi-

2081 881 2346 950 gavimus
2374 883 2434 938 in
2483 887 2615 939 navi
2672 887 3093 955 Alexandrina,
3153 908 3282 961 quae
3310 891 3372 945 in
3404 891 3602 947 insula
3638 893 3734 947 hi-

2081 969 2449 1042 bernaverat,
2485 976 2577 1029 cui
2612 982 2739 1031 erat
2786 978 3016 1050 insigne
3075 980 3405 1037 Castorum.
3466 982 3730 1052 Cumque

2082 1061 2451 1117 venissemus
2482 1066 2820 1135 Syracusas,
2854 1071 3185 1124 mansimus
3216 1070 3299 1123 ibi
3338 1071 3555 1126 triduo.
3588 1071 3734 1127 Inde

2081 1150 2573 1225 circumlegentes
2652 1155 2999 1213 devenimus
3084 1160 3393 1231 Rhegium,
3473 1165 3531 1215 et
3599 1167 3735 1232 post

2081 1255 2267 1293 unum
2312 1240 2471 1296 diem
2524 1244 2762 1300 aftlante
2822 1248 3062 1311 Austro,
3121 1249 3406 1319 postridie
3464 1250 3731 1304 venimus

2080 1328 2379 1398 Puteolos,
2424 1332 2521 1386 ubi
2584 1335 2832 1405 repertis
2890 1336 3195 1406 fratribus,
3254 1340 3441 1411 rogati
3502 1356 3728 1408 sumus,

2080 1422 2146 1470 ut
2173 1434 2551 1476 maneremus
2583 1424 2738 1494 apud
2796 1441 2896 1479 eos
2954 1425 3163 1480 diebus
3215 1432 3465 1498 septem,
3527 1434 3586 1483 et
3642 1430 3727 1483 sic

2078 1506 2347 1563 venimus
2378 1512 2643 1567 Romam.
2678 1515 2748 1566 Et
2776 1514 2913 1569 inde
2972 1532 3106 1570 cum
3167 1517 3475 1572 audissent
3515 1518 3729 1573 fratres

2078 1594 2150 1649 de
2183 1596 2375 1666 nobis,
2409 1601 2630 1671 egressi
2663 1608 2803 1657 sunt
2832 1604 2893 1657 in
2951 1621 3264 1659 occursum
3314 1606 3485 1661 nobis
3538 1624 3727 1677 usque

2077 1686 2151 1740 ad
2201 1690 2372 1759 Appii
2450 1690 2643 1745 forum
2730 1710 2797 1748 ac
2859 1696 2997 1749 Tres
3045 1696 3361 1753 Tabernas.
3418 1698 3574 1761 Quos
3623 1699 3722 1753 ubi

2075 1775 2319 1833 vidisset
2347 1781 2589 1846 Paulus,
2632 1783 2778 1837 actis
2833 1784 2952 1839 Deo
3001 1786 3203 1856 gratiis
3263 1787 3516 1857 sumpsit
3569 1787 3724 1843 ﬁdu-

276 1868 511 1943 θάρσος.
548 1868 684 1923 ⁴Οτε
746 1863 803 1919 δὲ
860 1862 1100 1937 ἤλθομεν
1166 1863 1243 1926 εἷς
1303 1863 1550 1935 Ῥώμην,
1585 1860 1957 1934 ὁὲκατόνταρ-

2074 1863 2245 1918 ciam.
2281 1864 2423 1921 Cum
2451 1876 2648 1925 autem
2706 1873 3073 1929 venissemus
3134 1877 3400 1942 Romam,
3453 1877 3721 1933 centurio

273 1982 393 2039 χος
449 1957 757 2033 παρέδωκε
840 1955 966 2019 τοὺς
1026 1954 1281 2030 δεσμίους
1336 1959 1415 2026 τῷ
1475 1951 1950 2029 στρατοπεδάρχῃ.

280 2053 383 2120 Τῷ
415 2048 476 2103 δὲ
509 2046 730 2118 Παύλῳ
764 2045 1040 2119 ἐπετράπη
1106 2043 1278 2117 μένειν
1336 2045 1455 2099 καθ’
1511 2042 1695 2098 ἑαυτὸν
1750 2042 1843 2097 σὺν
1873 2045 1953 2113 τῷ

290 2136 629 2215 quidese-rt:
664 2136 831 2191 αὐτὸν
867 2134 1194 2209 στρατιώτῃ.
1223 2155 1249 2187 ι

383 2253 402 2277 ι
438 2229 763 2301 Παρασήμῳ
818 2223 1193 2299 Διοσκούροις.
1227 2247 1254 2275 ››
1315 2224 1472 2283 Ἐθος
1499 2222 1579 2276 ἀεί
1612 2242 1727 2283 πως
1759 2220 1809 2275 ἐν
1836 2226 1951 2282 ταῖς

304 2313 686 2387 Ἀλεξανδρέων
722 2312 967 2386 μάλιστα
996 2311 1146 2366 ναυσὶ
1202 2310 1335 2385 πρὸς
1396 2331 1458 2385 γε
1487 2313 1554 2383 τῇ
1587 2310 1778 2383 πρώρᾳ
1811 2305 1953 2377 δεξιά

298 2427 359 2460 τε
393 2407 482 2460 καί
521 2406 780 2477 εὐώνυμα
831 2404 1043 2481 γραφὰς
1096 2406 1231 2458 εἶναι
1285 2402 1558 2464 τοιαύτας.
1619 2398 1840 2468 Ἐπειδή
1897 2396 1953 2453 δὲ

288 2498 358 2566 ἦν
412 2498 554 2559 εἰκὸς
645 2494 1107 2569 εἷδωλολατρείας
1181 2494 1482 2568 κρατούσης
1536 2491 1705 2547 ἐκεῖνο
1762 2494 1951 2564 καιροῦ

286 2592 590 2667 γεγρὶφθαι
624 2592 698 2661 τῇ
730 2585 828 2657 νηΐ
883 2585 1012 2645 τοὺς
1080 2583 1463 2660 Διοσκούρους,
1520 2584 1608 2637 καὶ
1670 2581 1730 2635 ἐκ
1755 2580 1950 2634 τούτου

289 2685 428 2732 νοεῖν
462 2666 809 2742 ἀκόλουθον,
845 2672 1163 2753 ἀλλόφυλον
1196 2676 1352 2741 εἶναι,
1396 2670 1668 2727 τουτέστιν
1721 2666 1950 2724 εἶ’δωλο-

285 2768 495 2841 λάτριν.
534 2765 674 2839 Περὶ
709 2764 911 2819 τούτου
962 2764 1051 2818 καὶ
1110 2760 1326 2823 Ἠσαίας
1389 2757 1513 2837 ἔφη’
1578 2761 1951 2829 Πετασθήσον-

269 2880 361 2913 ται
394 2858 447 2911 ἐν
503 2854 705 2926 πλοίῳ
771 2851 1097 2931 ἀλλοφύλῳ,
1153 2849 1423 2914 θάλασσαν
1474 2850 1585 2920 ἅμα
1643 2847 1952 2923 προνομεύ-

256 2970 482 3003 σουτιν.
522 2970 551 2995 η
589 2946 806 3021 Ἀχρις
848 2942 1086 2998 Ἀππίου
1143 2940 1312 3016 φόρου
1360 2940 1447 2994 καὶ
1509 2942 1683 3013 Τριῶν
1741 2932 1949 3013 Ταϐερ-

254 3044 392 3092 νῶν.
434 3063 462 3086 »ι
496 3037 730 3096 Τόπους
760 3033 909 3092 τινας
942 3029 1359 3100 ἐπισημαίνεται
1420 3028 1524 3103 πρὸ
1556 3034 1651 3097 τῆς
1703 3028 1947 3099 Ῥώμης,

266 3129 364 3179 τὸν
532 3124 717 3177 εἰκόνα
765 3121 886 3176 τινὰ
949 3120 1188 3176 Ἀππίου
1248 3113 1471 3192 ἔχοντα,
1505 3117 1578 3177 ὡς
1638 3116 1801 3185 εἰκὸς,
1861 3116 1949 3170 καὶ

285 3218 460 3293 Ῡὺρον
520 3215 730 3269 ἐκείνου
783 3208 1157 3283 καλουμένην,
1217 3208 1290 3270 ὡς
1342 3207 1507 3281 μέχρι
1564 3211 1655 3260 νῦν
1725 3206 1778 3260 αἱ
1837 3210 1945 3259 τῶν

302 3304 581 3381 βασιλέων
638 3306 823 3367 εἰκόνες
881 3304 1029 3373 παρᾶ
1070 3301 1370 3375 Ῥωμαίοις
1429 3299 1590 3378 φόροι
1665 3318 1941 3373 προσαγο-

312 3395 591 3469 ρεύονται,
622 3396 683 3447 τα
710 3393 761 3448 δὲ
781 3401 887 3449 τῶν
938 3387 1233 3465 ταϐερνῶν,
1292 3387 1635 3463 πανδοχείων
1692 3392 1877 3455 τινῶν,
1910 3387 1944 3455 ἢ

307 3481 635 3552 καπηλείων
674 3490 861 3557 χρῆσιν
920 3480 1268 3547 αἰνίσσονται,
1324 3482 1395 3551 τῇ
1453 3475 1737 3549 Ῥωμαίων
1792 3474 1947 3553 φωνῇ

303 3573 476 3635 οὕτως
508 3573 742 3644 ὀνομαζό
752 3593 905 3647 μενα.

934 3753 1193 3805 ΚΕΦΑΛ.
1229 3747 1318 3803 Μ’·

298 3840 422 3915 Περὶ
480 3839 781 3910 διαλέξεως
842 3837 1063 3893 Παύλου
1127 3842 1226 3904 τῆς
1280 3835 1417 3910 πρὸς
1474 3831 1600 3897 τοὺς
1656 3832 1706 3887 ἐν
1761 3833 1950 3906 Ῥώμῃ

988 3923 1280 3989 Ιουδαίους.

360 4049 387 4073 ι(
424 4023 679 4096 Ἐγένετο
734 4016 793 4073 δὶ
854 4016 984 4092 μετᾶ
1040 4017 1252 4091 ἡμέρας
1320 4019 1465 4090 τρεῖς
1524 4013 1950 4088 συγκαλέσασθαι

278 4113 374 4166 τὸν
435 4110 666 4167 Παῦλον
722 4107 850 4168 τοὺς
908 4102 1061 4167 ὄντας
1138 4108 1244 4158 τῶν
1322 4099 1600 4158 Ἰουδαίων
1679 4102 1950 4177 πρώτους.

283 4200 679 4256 συνελθόντων
710 4195 768 4252 δὲ
823 4197 1017 4263 αὐτῶν,
1078 4189 1233 4268 ἔλεγε
1283 4194 1419 4269 πρὸς
1450 4192 1663 4256 αὐτοὺς·
1725 4189 1951 4263 ’Ἄνδρες

278 4286 552 4368 ἀδελφοὶ,
628 4286 735 4362 ἐγὼ
822 4281 972 4340 οὐδὲν
1054 4282 1283 4337 ἐναντίον
1352 4283 1585 4350 ποιήσας
1642 4284 1719 4350 τῷ
1775 4278 1951 4368 λοιῷῆ

272 4384 402 4441 τοῖς
442 4367 619 4441 γέθεσι
708 4381 825 4436 τοῖς
880 4373 1200 4448 πατρῴοις,
1263 4367 1480 4442 δέσμιος
1541 4368 1589 4437 ἐξ
1648 4367 1952 4444 Ἳεροσολύ-

280 4491 411 4540 μων
498 4462 816 4541 παρεδόθην
893 4463 969 4525 εἷς
1047 4462 1139 4523 τὰς
1226 4465 1417 4535 χεῖρας
1473 4463 1577 4512 τῶν
1637 4460 1950 4530 Ῥωμαίων.

276 4557 506 4616 Οῖτινες
567 4551 941 4625 ἀνακρίναντές
1021 4573 1107 4624 με,
1167 4545 1459 4605 ἐϐούλοντο
1521 4545 1814 4617 ἄπολῦσαι,
1868 4545 1956 4602 διὰ

2066 1952 2306 2008 tradidit
2338 1956 2563 2013 vinctos
2593 1960 2847 2032 principi
2881 1964 3197 2019 exercitus.
3232 1965 3598 2019 Permissum
3629 1967 3720 2019 est

2061 2046 2259 2095 autem
2291 2044 2494 2114 Paulo,
2526 2052 2591 2101 ut
2621 2048 2782 2103 solus
2832 2056 3103 2105 maneret
3157 2068 3292 2107 cum
3345 2051 3716 2107 custodiente

2060 2129 2257 2200 ipsum
2288 2133 2498 2189 milite.
2534 2158 2561 2185 ››

2134 2243 2161 2269 ‹‹
2197 2220 2434 2293 Insigne
2465 2225 2791 2282 Castorum.
2827 2251 2853 2278 n
2887 2231 3176 2300 Perpetuo
3207 2232 3390 2286 moris
3418 2236 3509 2286 est
3536 2232 3703 2286 navi-

2060 2307 2172 2362 bus
2192 2309 2563 2378 potissimum
2594 2314 3035 2385 Alexandrinis,
3059 2317 3133 2371 ad
3147 2335 3386 2388 proram
3411 2318 3616 2374 dextra
3636 2336 3703 2374 ac

2061 2398 2303 2455 sinistra
2328 2401 2671 2473 hujusmodi
2696 2423 2823 2461 esse
2851 2409 3135 2477 picturas.
3169 2410 3460 2473 Quoniam
3480 2416 3702 2477 autem,

2060 2492 2125 2540 ut
2156 2490 2470 2547 verisimile
2503 2500 2593 2548 est
2622 2495 2897 2552 idolatria
2927 2514 2995 2553 eo
3046 2504 3311 2569 tempore
3371 2500 3702 2554 dominium

2060 2578 2385 2647 obtinente,
2421 2582 2637 2654 depicti
2671 2592 2841 2641 erant
2869 2588 2930 2641 in
2963 2590 3095 2643 navi
3121 2590 3326 2644 Castor
3375 2607 3442 2644 ac
3474 2590 3702 2656 Pollux,

2060 2684 2430 2740 consequens
2445 2673 2621 2727 etiam
2637 2681 2802 2729 estut
2815 2675 3218 2745 intelligamus
3235 2678 3706 2750 alienigenarum

2056 2755 2238 2812 fuisse
2266 2776 2495 2828 navem,
2543 2763 2654 2818 hoc
2712 2769 2801 2819 est
2847 2766 3256 2834 idolatrarum,
3287 2768 3358 2822 de
3391 2784 3509 2837 qua
3563 2768 3709 2822 dicit

2059 2846 2269 2904 Isaias:
2340 2850 2635 2907 Volabunt
2705 2854 2765 2908 in
2831 2856 2965 2910 navi
3007 2857 3496 2929 alienigenarum,
3546 2874 3708 2912 mare

2061 2937 2240 2991 simul
2269 2939 2693 3008 praedabuntur
2723 2943 2788 2995 2‘.
2841 2946 3099 3015 «Usque
3157 2946 3228 3000 ad
3285 2947 3455 3017 Appii
3514 2947 3708 3001 forum

2059 3042 2125 3080 ac
2153 3028 2290 3080 Tres
2317 3028 2633 3084 Tabernas.
2670 3052 2697 3080 »
2732 3033 2881 3087 Loca
2924 3034 3197 3103 qusedam
3257 3034 3526 3106 designat
3569 3042 3705 3090 ante

2060 3117 2257 3171 Romae
2272 3116 2603 3188 ingressum
2622 3136 2634 3173 :
2654 3120 2910 3189 priorem
2930 3122 3169 3192 quidem
3190 3123 3506 3178 habentem
3530 3125 3703 3194 Appii

2061 3211 2336 3265 statuam.
2371 3213 2434 3260 ut
2464 3209 2760 3263 versimile
2794 3216 2901 3277 est,
2935 3218 2993 3266 et
3019 3212 3240 3267 dictum
3274 3213 3434 3267 illius
3460 3213 3653 3268 forum
3687 3231 3700 3269 :

2062 3296 2563 3364 quemadmodum
2596 3299 2669 3353 ad
2700 3299 2810 3354 hoc
2837 3318 3023 3372 usque
3056 3309 3290 3374 tempus
3320 3320 3567 3375 regnum
3600 3310 3703 3360 aut

2060 3386 2484 3457 imperatorum
2517 3390 2804 3463 imagines
2828 3393 2983 3464 apud
3006 3396 3303 3449 Romanos
3320 3393 3479 3470 φόροι
3503 3395 3703 3467 appel-

2059 3474 2275 3530 lantur.
2304 3478 2451 3532 Loca
2473 3496 2606 3534 vero
2628 3480 3029 3549 tabernarum,
3050 3501 3222 3538 usum
3242 3484 3705 3555 insinuantquo-

2059 3565 2333 3621 rumdam
2366 3567 2821 3626 diversoriorum
2854 3578 2955 3627 aut
2984 3590 3409 3645 cauponarum,
3435 3591 3566 3644 quae
3598 3576 3706 3630 Ro-

2059 3670 2372 3711 manorum
2404 3656 2607 3730 lingua
2637 3660 2718 3714 ita
2746 3661 3145 3733 appellantur.

2585 3749 2734 3806 185
2793 3752 3022 3806 CAPUT
3059 3752 3171 3809 XL.

2062 3835 2134 3889 De
2163 3836 2328 3889 Pauli
2356 3839 2612 3892 concione
2641 3838 2715 3891 ad
2768 3839 3002 3906 Juda’os,
3062 3843 3159 3909 qui
3206 3842 3389 3895 Romae
3420 3839 3706 3909 degebant.

2134 4014 2383 4081 XXVIII,
2446 4018 2634 4071 17-24.
2703 4039 2728 4068 α
2759 4019 3014 4091 Contigit
3066 4027 3265 4075 autem
3296 4026 3361 4075 ut
3399 4024 3531 4090 post
3587 4024 3710 4074 tres

2065 4103 2191 4158 dies
2223 4111 2574 4160 convocaret
2596 4107 3165 4164 Paulusludaeorum
3199 4112 3524 4182 primores:
3560 4126 3713 4165 cum-

2064 4210 2176 4263 que
2208 4194 2526 4259 venissent,
2562 4196 2709 4250 dixit
2734 4197 2807 4251 ad
2839 4215 2937 4253 eos
2964 4216 2975 4253 :
3012 4201 3148 4271 Ego,
3182 4200 3293 4253 viri
3322 4199 3556 4265 fratres,
3586 4214 3717 4253 cum

2064 4282 2212 4337 nihil
2244 4283 2483 4338 fecerim
2516 4285 2795 4341 adversus
2837 4287 3073 4358 plebem
3132 4294 3234 4343 aut
3268 4289 3546 4343 instituta
3585 4304 3712 4342 ma-

2058 4374 2306 4443 jorum,
2364 4374 2590 4429 vinctus
2653 4375 2726 4430 ab
2786 4377 3212 4450 Hierosolymis
3265 4377 3521 4433 traditus
3582 4392 3713 4430 sum

2065 4463 2126 4516 in
2168 4479 2380 4517 manus
2438 4466 2875 4521 Romanorum:
2932 4469 3032 4538 qui
3085 4484 3218 4522 cum
3273 4466 3714 4522 examinassent

2067 4569 2180 4621 me,
2250 4552 2562 4608 voluerunt
2614 4556 2934 4622 dimittere,
2987 4574 3055 4612 eo
3115 4557 3271 4627 quod
3328 4555 3495 4611 nulla
3536 4570 3714 4609 causa

280 4649 348 4702 τὸ
448 4643 731 4718 μηδεμίαν
807 4643 981 4697 αἷτίαν
1069 4639 1293 4695 Θανάτου
1381 4638 1641 4712 ὑπάρχειν
1700 4636 1753 4691 ἐν
1811 4637 1952 4711 ἐμοί.

2073 4642 2273 4695 mortis
2307 4649 2461 4696 esset
2494 4643 2553 4697 in
2581 4661 2695 4698 me.
2732 4645 2841 4699 Sed
2895 4645 3441 4700 contradicentibus
3496 4641 3715 4698 Iudaeis

282 4736 725 4809 Ἀντιλεγόντων
810 4729 866 4787 δὲ
922 4734 1027 4785 τῶν
1086 4725 1384 4796 Ἰουδαίων,
1444 4726 1792 4801 ἠναγκάσθην
1846 4725 1958 4781 ἐπι-

285 4825 630 4880 καλέσασθαι
666 4822 925 4895 Καίσαρα,
968 4820 1081 4893 οὐχ
1139 4819 1212 4879 ὡς
1260 4821 1357 4872 τοῦ
1406 4815 1588 4877 ἔθνους
1649 4836 1754 4887 μου
1811 4810 1955 4890 ἔχων

298 4934 357 4968 τι
408 4919 816 4989 κατηγορῆσοι.
878 4909 975 4965 Διὰ
1035 4908 1234 4977 ταύτην
1296 4906 1387 4960 οὗν
1438 4906 1536 4973 τήν
1588 4904 1761 4959 αἰτίαν
1822 4926 1961 4977 παρ-

305 5003 532 5059 εκάλεσα
564 5005 730 5076 ὑμᾶς,
779 4998 912 5055 ἰδεῖν
974 4998 1061 5054 καὶ
1120 4996 1525 5071 προσλαῆῆσαι.
1588 4998 1803 5051 Ἕνεκεν
1861 4996 1958 5070 γὰρ

296 5099 399 5162 τῆς
431 5091 665 5153 ἐλπίδος
724 5095 823 5146 τοῦ
881 5086 1104 5162 Ἰσραὴλ
1153 5087 1251 5154 τήν
1310 5082 1500 5139 ἅλυσιν
1558 5082 1758 5153 ταύτην
1817 5084 1964 5159 περί-

298 5204 511 5255 κειμαι.
543 5184 611 5241 Οἱ
644 5180 701 5236 δὲ
734 5180 873 5254 πρὸς
907 5177 1070 5232 αὐτὸν
1129 5175 1302 5230 εἶπον·
1364 5174 1553 5246 Ἠμεῖς
1610 5168 1734 5227 οὔτε
1789 5174 1965 5247 γράμ-

311 5295 449 5343 ματα
522 5272 646 5348 περί
740 5273 840 5326 σοῦ
931 5263 1222 5339 ἐδεξάμεθα
1308 5264 1411 5317 ἀπὸ
1495 5264 1591 5330 τῆς
1680 5259 1966 5335 Ἰουδαίας,

319 5362 427 5419 οὔτε
482 5357 938 5441 παραγενόμενός
1017 5376 1098 5416 τις
1160 5356 1267 5407 τῶν
1327 5348 1574 5426 ἀδελφῶν
1636 5349 1968 5441 ἀπήγγειλεν

314 5436 603 5529 ἦέλάληάέ
634 5436 686 5511 ξε
724 5449 853 5524 περὶ
892 5450 993 5501 σοῦ
1052 5442 1314 5517 πονηρόν.
1381 5441 1664 5511 Ἀξιοῦμεν
1715 5436 1772 5493 δὲ
1823 5442 1971 5516 παρὰ

304 5549 386 5602 σοῦ
407 5527 633 5607 ἀκοδσαι
668 5544 708 5602 ἅ
750 5540 1007 5624 φρονεῖς.
1070 5532 1199 5607 Περὶ
1251 5530 1345 5604 μὲν
1395 5527 1495 5605 γὰρ
1552 5534 1652 5598 τῆς
1713 5527 1969 5604 αἱρέσεως

344 5739 385 5777 u
422 5739 537 5799 Ιεα.
574 5751 666 5801 Χῖ)
701 5727 808 5783 2"

2068 4736 2306 4786 coactus
2338 4749 2468 4786 sum
2517 4733 2817 4803 appellare
2875 4734 3187 4801 Caesarem,
3246 4752 3367 4789 non
3408 4733 3576 4805 quasi
3609 4734 3716 4788 ba-

2070 4819 2241 4874 beam
2275 4821 2345 4875 de
2390 4838 2504 4891 quo
2563 4828 2799 4893 gentem
2860 4839 3051 4877 meam
3110 4840 3404 4879 accusem.
3468 4825 3717 4895 Propter

2073 4909 2227 4963 hanc
2260 4910 2437 4981 igitur
2493 4926 2730 4965 causam
2785 4911 3056 4967 advocavi
3089 4930 3211 4978 vos,
3271 4919 3335 4968 ut
3369 4913 3630 4968 viderem
3662 4915 3721 4964 et

2075 4998 2462 5069 colloquerer.
2488 5000 2735 5070 Propter
2762 5018 2925 5071 spem
2959 5002 3119 5057 enim
3146 5003 3325 5058 Israel
3366 5009 3573 5057 catena
3602 5000 3711 5052 hac

2075 5087 2475 5142 circumdatus
2507 5105 2656 5143 sum.
2691 5092 2763 5143 At
2793 5090 2878 5143 illi
2922 5090 3197 5145 dixerunt
3252 5090 3327 5146 ad
3374 5104 3549 5144 eum:
3597 5087 3709 5139 Nos

2078 5191 2272 5245 neque
2318 5175 2544 5231 litteras
2602 5179 2940 5249 accepimus
3000 5180 3070 5235 de
3105 5185 3159 5234 te
3191 5178 3469 5242 aJudaaa,
3528 5188 3723 5243 neque

2078 5264 2398 5318 adveniens
2431 5265 2647 5335 aliquis
2706 5268 2953 5323 fratrum
2986 5269 3279 5323 nuntiavit
3334 5270 3435 5319 aut
3489 5263 3723 5317 locutus

2082 5359 2170 5407 est
2200 5354 2425 5424 aliquid
2457 5354 2528 5408 de
2569 5361 2625 5411 te
2680 5357 2839 5411 mali.
2881 5356 3161 5412 Volumus
3194 5360 3386 5411 autem
3414 5370 3483 5409 ex
3533 5358 3587 5407 te
3619 5368 3723 5406 au-

2081 5441 2207 5496 dire
2239 5460 2369 5513 qua)
2401 5443 2643 5499 sentias.
2691 5447 2834 5500 Nam
2888 5445 2959 5499 de
3019 5449 3178 5499 secta
3210 5445 3323 5498 ista
3377 5448 3584 5499 notum
3631 5445 3720 5496 est

2080 5530 2253 5586 nobis
2312 5532 2469 5602 quod
2552 5532 2773 5604 ubique
2831 5534 2885 5588 ei
2933 5531 3396 5590 contradicatur.
3453 5534 3718 5603 Cumque
