  <div class='ocr_page' id='page_1' title='image "/cluster/home/n/w/nwhite01/storage/ocr_20150623/118/mdp.39015078384297/159.png"; bbox 0 0 4112 6250; ppageno 0'>
   <div class='ocr_carea' id='block_1_1' title="bbox 515 368 2132 443">
    <p class='ocr_par' dir='ltr' id='par_1_1' title="bbox 515 368 2132 434">
     <span class='ocr_line' id='line_1_1' title="bbox 515 368 2132 434; baseline -0.002 -3"><span class='ocrx_word' id='word_1_1' title='bbox 515 370 633 434; x_wconf 87' lang='grc'><strong>303</strong></span> <span class='ocrx_word' id='word_1_2' title='bbox 1637 368 2042 431; x_wconf 84' lang='lat' dir='ltr'><strong>OECUMENII</strong></span> <span class='ocrx_word' id='word_1_3' title='bbox 2085 368 2132 428; x_wconf 82' lang='grc' dir='ltr'><strong>Τ</strong></span> 
     </span>
    </p>
   </div>
   <div class='ocr_carea' id='block_1_2' title="bbox 2239 368 3856 443">
    <p class='ocr_par' dir='ltr' id='par_1_2' title="bbox 2239 368 3856 443">
     <span class='ocr_line' id='line_1_2' title="bbox 2239 368 3856 443; baseline 0.009 -15"><span class='ocrx_word' id='word_1_4' title='bbox 2239 368 2398 429; x_wconf 68' lang='grc' dir='ltr'><strong>ΕΟΑΞ</strong></span> <span class='ocrx_word' id='word_1_5' title='bbox 2441 371 2790 435; x_wconf 85' lang='lat' dir='ltr'><strong>EPISCOPI</strong></span> <span class='ocrx_word' id='word_1_6' title='bbox 3757 385 3856 443; x_wconf 75' lang='grc' dir='ltr'><strong>3οὶ</strong></span> 
     </span>
    </p>
   </div>
   <div class='ocr_carea' id='block_1_3' title="bbox 516 499 2132 591">
    <p class='ocr_par' dir='ltr' id='par_1_3' title="bbox 516 501 2126 568">
     <span class='ocr_line' id='line_1_3' title="bbox 516 501 2126 568; baseline -0.002 -7"><span class='ocrx_word' id='word_1_7' title='bbox 516 503 969 561; x_wconf 80' lang='lat' dir='ltr'><strong>constituissent</strong></span> <span class='ocrx_word' id='word_1_8' title='bbox 996 501 1081 557; x_wconf 92' lang='lat' dir='ltr'><strong>illi</strong></span> <span class='ocrx_word' id='word_1_9' title='bbox 1113 501 1292 568; x_wconf 91' lang='lat' dir='ltr'><strong>diem,</strong></span> <span class='ocrx_word' id='word_1_10' title='bbox 1326 506 1619 558; x_wconf 88' lang='lat' dir='ltr'><strong>venerunt</strong></span> <span class='ocrx_word' id='word_1_11' title='bbox 1640 502 1717 558; x_wconf 90' lang='lat' dir='ltr'><strong>ad</strong></span> <span class='ocrx_word' id='word_1_12' title='bbox 1748 518 1885 559; x_wconf 90' lang='lat' dir='ltr'><strong>eum</strong></span> <span class='ocrx_word' id='word_1_13' title='bbox 1914 502 1977 558; x_wconf 91' lang='lat' dir='ltr'><strong>in</strong></span> <span class='ocrx_word' id='word_1_14' title='bbox 2018 501 2126 558; x_wconf 87' lang='lat' dir='ltr'><strong>hos</strong></span> 
     </span>
    </p>
   </div>
   <div class='ocr_carea' id='block_1_4' title="bbox 2239 499 3859 591">
    <p class='ocr_par' dir='ltr' id='par_1_4' title="bbox 2268 499 3859 591">
     <span class='ocr_line' id='line_1_4' title="bbox 2268 499 3859 591; baseline 0.01 -36"><span class='ocrx_word' id='word_1_15' title='bbox 2268 499 2494 574; x_wconf 78' lang='grc' dir='ltr'><strong>ταύτης,</strong></span> <span class='ocrx_word' id='word_1_16' title='bbox 2528 527 2769 582; x_wconf 88' lang='grc' dir='ltr'>γνωστον</span> <span class='ocrx_word' id='word_1_17' title='bbox 2800 506 2942 564; x_wconf 79' lang='grc' dir='ltr'>ἐστιν</span> <span class='ocrx_word' id='word_1_18' title='bbox 2976 509 3132 582; x_wconf 78' lang='grc' dir='ltr'>ἡμῖν,</span> <span class='ocrx_word' id='word_1_19' title='bbox 3172 508 3256 566; x_wconf 76' lang='grc' dir='ltr'><strong>ὅτι</strong></span> <span class='ocrx_word' id='word_1_20' title='bbox 3297 514 3572 586; x_wconf 77' lang='grc' dir='ltr'><strong>πανταχοῦ</strong></span> <span class='ocrx_word' id='word_1_21' title='bbox 3623 510 3859 591; x_wconf 70' lang='grc' dir='ltr'>ἀντιλέγει</span> 
     </span>
    </p>
   </div>
   <div class='ocr_carea' id='block_1_5' title="bbox 513 592 2132 678">
    <p class='ocr_par' dir='ltr' id='par_1_5' title="bbox 513 592 2128 666">
     <span class='ocr_line' id='line_1_5' title="bbox 513 592 2128 666; baseline -0.001 -17"><span class='ocrx_word' id='word_1_22' title='bbox 513 595 731 666; x_wconf 89' lang='lat' dir='ltr'><strong>pitium</strong></span> <span class='ocrx_word' id='word_1_23' title='bbox 769 593 1142 665; x_wconf 87' lang='lat' dir='ltr'><strong>complures:</strong></span> <span class='ocrx_word' id='word_1_24' title='bbox 1177 593 1392 665; x_wconf 89' lang='lat' dir='ltr'><strong>quibus</strong></span> <span class='ocrx_word' id='word_1_25' title='bbox 1449 592 1783 665; x_wconf 79' lang='lat' dir='ltr'><strong>exponebat</strong></span> <span class='ocrx_word' id='word_1_26' title='bbox 1836 592 2128 649; x_wconf 85' lang='lat' dir='ltr'><strong>testiﬁcan</strong></span> 
     </span>
    </p>
   </div>
   <div class='ocr_carea' id='block_1_6' title="bbox 2239 592 3861 678">
    <p class='ocr_par' dir='ltr' id='par_1_6' title="bbox 2270 595 3861 678">
     <span class='ocr_line' id='line_1_6' title="bbox 2270 595 3861 678; baseline 0.009 -33"><span class='ocrx_word' id='word_1_27' title='bbox 2270 612 2379 647; x_wconf 91' lang='grc' dir='ltr'>ται.</span> <span class='ocrx_word' id='word_1_28' title='bbox 2430 595 2727 668; x_wconf 76' lang='grc' dir='ltr'><strong>Ταξάμενοι</strong></span> <span class='ocrx_word' id='word_1_29' title='bbox 2785 595 2842 653; x_wconf 72' lang='grc' dir='ltr'>δὲ</span> <span class='ocrx_word' id='word_1_30' title='bbox 2896 600 3049 670; x_wconf 82' lang='grc' dir='ltr'><strong>αὐτῷ</strong></span> <span class='ocrx_word' id='word_1_31' title='bbox 3096 601 3331 674; x_wconf 80' lang='grc' dir='ltr'>ἡμέραν,</span> <span class='ocrx_word' id='word_1_32' title='bbox 3379 603 3507 670; x_wconf 73' lang='grc' dir='ltr'>ἧκον</span> <span class='ocrx_word' id='word_1_33' title='bbox 3559 602 3681 678; x_wconf 83' lang='grc' dir='ltr'>πρὸς</span> <span class='ocrx_word' id='word_1_34' title='bbox 3731 603 3861 660; x_wconf 79' lang='grc' dir='ltr'>αὐτὸν</span> 
     </span>
    </p>
   </div>
   <div class='ocr_carea' id='block_1_7' title="bbox 510 680 2132 768">
    <p class='ocr_par' dir='ltr' id='par_1_7' title="bbox 510 682 2132 756">
     <span class='ocr_line' id='line_1_7' title="bbox 510 682 2132 756; baseline -0.001 -18"><span class='ocrx_word' id='word_1_35' title='bbox 510 700 757 756; x_wconf 79' lang='lat' dir='ltr'><strong>regnum</strong></span> <span class='ocrx_word' id='word_1_36' title='bbox 791 683 913 745; x_wconf 84' lang='lat' dir='ltr'><strong>Dei,</strong></span> <span class='ocrx_word' id='word_1_37' title='bbox 948 683 1323 754; x_wconf 81' lang='lat' dir='ltr'><strong>suadensque</strong></span> <span class='ocrx_word' id='word_1_38' title='bbox 1354 682 1439 738; x_wconf 91' lang='lat' dir='ltr'><strong>eis</strong></span> <span class='ocrx_word' id='word_1_39' title='bbox 1472 682 1543 738; x_wconf 92' lang='lat' dir='ltr'><strong>de</strong></span> <span class='ocrx_word' id='word_1_40' title='bbox 1574 683 1710 738; x_wconf 87' lang='lat' dir='ltr'><strong>Jesu</strong></span> <span class='ocrx_word' id='word_1_41' title='bbox 1742 699 1812 738; x_wconf 79' lang='lat' dir='ltr'><strong>ex</strong></span> <span class='ocrx_word' id='word_1_42' title='bbox 1860 682 1987 755; x_wconf 84' lang='lat' dir='ltr'><strong>lege</strong></span> <span class='ocrx_word' id='word_1_43' title='bbox 2019 684 2132 737; x_wconf 87' lang='lat' dir='ltr'><strong>Mos</strong></span> 
     </span>
    </p>
   </div>
   <div class='ocr_carea' id='block_1_8' title="bbox 2239 680 3861 768">
    <p class='ocr_par' dir='ltr' id='par_1_8' title="bbox 2274 680 3861 768">
     <span class='ocr_line' id='line_1_8' title="bbox 2274 680 3861 768; baseline 0.009 -32"><span class='ocrx_word' id='word_1_44' title='bbox 2274 680 2349 744; x_wconf 87' lang='grc' dir='ltr'><strong>εἰς</strong></span> <span class='ocrx_word' id='word_1_45' title='bbox 2384 684 2483 752; x_wconf 80' lang='grc' dir='ltr'>τήν</span> <span class='ocrx_word' id='word_1_46' title='bbox 2541 685 2711 758; x_wconf 78' lang='grc' dir='ltr'>ξενίαν</span> <span class='ocrx_word' id='word_1_47' title='bbox 2767 685 3038 758; x_wconf 85' lang='grc' dir='ltr'>πλείονες,</span> <span class='ocrx_word' id='word_1_48' title='bbox 3086 689 3166 753; x_wconf 78' lang='grc' dir='ltr'>οἶς</span> <span class='ocrx_word' id='word_1_49' title='bbox 3225 689 3480 761; x_wconf 80' lang='grc' dir='ltr'>ἐξετίθετο</span> <span class='ocrx_word' id='word_1_50' title='bbox 3544 689 3861 768; x_wconf 79' lang='grc' dir='ltr'>διαμαρτυρό-</span> 
     </span>
    </p>
   </div>
   <div class='ocr_carea' id='block_1_9' title="bbox 512 771 2132 852">
    <p class='ocr_par' dir='ltr' id='par_1_9' title="bbox 512 771 2127 845">
     <span class='ocr_line' id='line_1_9' title="bbox 512 771 2127 845; baseline -0.001 -18"><span class='ocrx_word' id='word_1_51' title='bbox 512 780 567 828; x_wconf 89' lang='lat' dir='ltr'><strong>et</strong></span> <span class='ocrx_word' id='word_1_52' title='bbox 607 773 914 845; x_wconf 80' lang='lat' dir='ltr'><strong>prophetis</strong></span> <span class='ocrx_word' id='word_1_53' title='bbox 946 789 979 828; x_wconf 89' lang='lat' dir='ltr'><strong>a</strong></span> <span class='ocrx_word' id='word_1_54' title='bbox 1008 788 1182 828; x_wconf 90' lang='lat' dir='ltr'><strong>mane</strong></span> <span class='ocrx_word' id='word_1_55' title='bbox 1223 788 1410 844; x_wconf 93' lang='lat' dir='ltr'><strong>usque</strong></span> <span class='ocrx_word' id='word_1_56' title='bbox 1441 772 1516 828; x_wconf 93' lang='lat' dir='ltr'><strong>ad</strong></span> <span class='ocrx_word' id='word_1_57' title='bbox 1544 789 1873 845; x_wconf 82' lang='lat' dir='ltr'><strong>vesperam.</strong></span> <span class='ocrx_word' id='word_1_58' title='bbox 1909 774 1979 827; x_wconf 87' lang='lat' dir='ltr'><strong>Et</strong></span> <span class='ocrx_word' id='word_1_59' title='bbox 2026 771 2127 843; x_wconf 90' lang='lat' dir='ltr'><strong>qui</strong></span> 
     </span>
    </p>
   </div>
   <div class='ocr_carea' id='block_1_10' title="bbox 2239 771 3865 852">
    <p class='ocr_par' dir='ltr' id='par_1_10' title="bbox 2276 775 3865 852">
     <span class='ocr_line' id='line_1_10' title="bbox 2276 775 3865 852; baseline 0.008 -27"><span class='ocrx_word' id='word_1_60' title='bbox 2276 790 2436 843; x_wconf 86' lang='grc' dir='ltr'>μενος</span> <span class='ocrx_word' id='word_1_61' title='bbox 2504 775 2604 843; x_wconf 72' lang='grc' dir='ltr'>τὴν</span> <span class='ocrx_word' id='word_1_62' title='bbox 2664 777 2943 852; x_wconf 74' lang='grc' dir='ltr'>βασιλείαν</span> <span class='ocrx_word' id='word_1_63' title='bbox 3001 782 3098 834; x_wconf 87' lang='grc' dir='ltr'>τοῦ</span> <span class='ocrx_word' id='word_1_64' title='bbox 3145 783 3301 850; x_wconf 89' lang='grc' dir='ltr'>Θεοῦ,</span> <span class='ocrx_word' id='word_1_65' title='bbox 3357 782 3548 835; x_wconf 83' lang='grc' dir='ltr'>πείθῶν</span> <span class='ocrx_word' id='word_1_66' title='bbox 3600 804 3654 837; x_wconf 91' lang='grc' dir='ltr'><strong>τε</strong></span> <span class='ocrx_word' id='word_1_67' title='bbox 3702 780 3865 844; x_wconf 76' lang='grc' dir='ltr'>αὐτοὺς</span> 
     </span>
    </p>
   </div>
   <div class='ocr_carea' id='block_1_11' title="bbox 510 860 2132 944">
    <p class='ocr_par' dir='ltr' id='par_1_11' title="bbox 510 863 2132 936">
     <span class='ocr_line' id='line_1_11' title="bbox 510 863 2132 936; baseline -0.001 -17"><span class='ocrx_word' id='word_1_68' title='bbox 510 863 647 919; x_wconf 88' lang='lat' dir='ltr'><strong>dam</strong></span> <span class='ocrx_word' id='word_1_69' title='bbox 674 864 997 919; x_wconf 82' lang='lat' dir='ltr'><strong>credebant</strong></span> <span class='ocrx_word' id='word_1_70' title='bbox 1026 864 1119 919; x_wconf 90' lang='lat' dir='ltr'><strong>his</strong></span> <span class='ocrx_word' id='word_1_71' title='bbox 1150 880 1282 936; x_wconf 71' lang='lat' dir='ltr'><strong>quas</strong></span> <span class='ocrx_word' id='word_1_72' title='bbox 1326 863 1697 935; x_wconf 86' lang='lat' dir='ltr'><strong>dicebantur,</strong></span> <span class='ocrx_word' id='word_1_73' title='bbox 1730 863 1974 934; x_wconf 88' lang='lat' dir='ltr'><strong>quidam</strong></span> <span class='ocrx_word' id='word_1_74' title='bbox 2024 878 2132 918; x_wconf 73' lang='lat' dir='ltr'><strong>ven</strong></span> 
     </span>
    </p>
   </div>
   <div class='ocr_carea' id='block_1_12' title="bbox 2239 860 3859 944">
    <p class='ocr_par' dir='ltr' id='par_1_12' title="bbox 2271 860 3859 944">
     <span class='ocr_line' id='line_1_12' title="bbox 2271 860 3859 944; baseline 0.007 -30"><span class='ocrx_word' id='word_1_75' title='bbox 2271 860 2339 914; x_wconf 79' lang='grc' dir='ltr'><strong>τὰ</strong></span> <span class='ocrx_word' id='word_1_76' title='bbox 2370 862 2493 936; x_wconf 85' lang='grc' dir='ltr'>περὶ</span> <span class='ocrx_word' id='word_1_77' title='bbox 2519 868 2615 919; x_wconf 90' lang='grc' dir='ltr'><strong>τοῦ</strong></span> <span class='ocrx_word' id='word_1_78' title='bbox 2644 868 2827 937; x_wconf 86' lang='grc' dir='ltr'>Ἰησοῦ</span> <span class='ocrx_word' id='word_1_79' title='bbox 2883 864 2990 923; x_wconf 87' lang='grc' dir='ltr'>ἀπὸ</span> <span class='ocrx_word' id='word_1_80' title='bbox 3030 888 3089 924; x_wconf 92' lang='grc' dir='ltr'><strong>τε</strong></span> <span class='ocrx_word' id='word_1_81' title='bbox 3142 874 3239 925; x_wconf 90' lang='grc' dir='ltr'><strong>τοῦ</strong></span> <span class='ocrx_word' id='word_1_82' title='bbox 3295 870 3465 944; x_wconf 85' lang='grc' dir='ltr'>νόμου</span> <span class='ocrx_word' id='word_1_83' title='bbox 3522 870 3742 934; x_wconf 85' lang='grc' dir='ltr'>Μωσέως</span> <span class='ocrx_word' id='word_1_84' title='bbox 3784 872 3859 928; x_wconf 76' lang='grc' dir='ltr'><strong>καὶ</strong></span> 
     </span>
    </p>
   </div>
   <div class='ocr_carea' id='block_1_13' title="bbox 509 953 2132 1035">
    <p class='ocr_par' dir='ltr' id='par_1_13' title="bbox 509 953 1073 1010">
     <span class='ocr_line' id='line_1_13' title="bbox 509 953 1073 1010; baseline -0.011 -2"><span class='ocrx_word' id='word_1_85' title='bbox 509 970 632 1009; x_wconf 92' lang='lat' dir='ltr'><strong>non</strong></span> <span class='ocrx_word' id='word_1_86' title='bbox 665 953 1006 1010; x_wconf 82' lang='lat' dir='ltr'><strong>credebant.</strong></span> <span class='ocrx_word' id='word_1_87' title='bbox 1044 976 1073 1003; x_wconf 86' lang='grc'><strong>››</strong></span> 
     </span>
    </p>
   </div>
   <div class='ocr_carea' id='block_1_14' title="bbox 2239 953 3860 1035">
    <p class='ocr_par' dir='ltr' id='par_1_14' title="bbox 2270 953 3860 1035">
     <span class='ocr_line' id='line_1_14' title="bbox 2270 953 3860 1035; baseline 0.008 -31"><span class='ocrx_word' id='word_1_88' title='bbox 2270 953 2378 1004; x_wconf 81' lang='grc' dir='ltr'>τῶν</span> <span class='ocrx_word' id='word_1_89' title='bbox 2410 958 2731 1031; x_wconf 73' lang='grc' dir='ltr'>προφητῶν,</span> <span class='ocrx_word' id='word_1_90' title='bbox 2762 954 2870 1011; x_wconf 86' lang='grc' dir='ltr'><strong>ἀπό</strong></span> <span class='ocrx_word' id='word_1_91' title='bbox 2914 956 3063 1033; x_wconf 79' lang='grc' dir='ltr'>πρωΐ</span> <span class='ocrx_word' id='word_1_92' title='bbox 3109 954 3214 1021; x_wconf 71' lang='grc' dir='ltr'>ἕως</span> <span class='ocrx_word' id='word_1_93' title='bbox 3270 958 3516 1034; x_wconf 74' lang='grc' dir='ltr'>ἑσπέρας.</span> <span class='ocrx_word' id='word_1_94' title='bbox 3562 959 3657 1016; x_wconf 77' lang='grc' dir='ltr'>Καὶ</span> <span class='ocrx_word' id='word_1_95' title='bbox 3708 960 3755 1014; x_wconf 77' lang='grc' dir='ltr'><strong>οἱ</strong></span> <span class='ocrx_word' id='word_1_96' title='bbox 3785 960 3860 1035; x_wconf 76' lang='grc' dir='ltr'>μὶν</span> 
     </span>
    </p>
   </div>
   <div class='ocr_carea' id='block_1_15' title="bbox 2273 1036 3624 1121">
    <p class='ocr_par' dir='ltr' id='par_1_15' title="bbox 2273 1036 3624 1121">
     <span class='ocr_line' id='line_1_15' title="bbox 2273 1036 3624 1121; baseline 0.006 -29"><span class='ocrx_word' id='word_1_97' title='bbox 2273 1036 2547 1096; x_wconf 84' lang='grc' dir='ltr'>ἐπείθοντο</span> <span class='ocrx_word' id='word_1_98' title='bbox 2577 1048 2695 1105; x_wconf 87' lang='grc' dir='ltr'>τοῖς</span> <span class='ocrx_word' id='word_1_99' title='bbox 2725 1043 3075 1121; x_wconf 85' lang='grc' dir='ltr'>λεγομένοις,</span> <span class='ocrx_word' id='word_1_100' title='bbox 3119 1047 3171 1100; x_wconf 76' lang='grc' dir='ltr'>οἱ</span> <span class='ocrx_word' id='word_1_101' title='bbox 3202 1045 3260 1102; x_wconf 77' lang='grc' dir='ltr'>δὲ</span> <span class='ocrx_word' id='word_1_102' title='bbox 3285 1047 3565 1118; x_wconf 70' lang='grc' dir='ltr'>ἡπίστουθ.</span> <span class='ocrx_word' id='word_1_103' title='bbox 3598 1072 3624 1100; x_wconf 82' lang='lat'><strong>»</strong></span> 
     </span>
    </p>
   </div>
   <div class='ocr_carea' id='block_1_16' title="bbox 2345 1126 3861 1207">
    <p class='ocr_par' dir='ltr' id='par_1_16' title="bbox 2345 1126 3861 1207">
     <span class='ocr_line' id='line_1_16' title="bbox 2345 1126 3861 1207; baseline 0.005 -21"><span class='ocrx_word' id='word_1_104' title='bbox 2345 1126 2521 1194; x_wconf 83' lang='grc' dir='ltr'>Εἰδὼς</span> <span class='ocrx_word' id='word_1_105' title='bbox 2553 1132 2580 1186; x_wconf 88' lang='grc' dir='ltr'>ὁ</span> <span class='ocrx_word' id='word_1_106' title='bbox 2613 1133 2827 1197; x_wconf 79' lang='grc' dir='ltr'>Παῦλος</span> <span class='ocrx_word' id='word_1_107' title='bbox 2853 1133 2935 1190; x_wconf 76' lang='grc' dir='ltr'><strong>ὅτι</strong></span> <span class='ocrx_word' id='word_1_108' title='bbox 2984 1135 3187 1193; x_wconf 78' lang='grc' dir='ltr'>ἄτοπον</span> <span class='ocrx_word' id='word_1_109' title='bbox 3245 1137 3310 1207; x_wconf 80' lang='grc' dir='ltr'><strong>ἦν</strong></span> <span class='ocrx_word' id='word_1_110' title='bbox 3371 1138 3518 1201; x_wconf 67' lang='grc' dir='ltr'>ὅλως</span> <span class='ocrx_word' id='word_1_111' title='bbox 3570 1137 3628 1193; x_wconf 87' lang='grc' dir='ltr'>τὸ</span> <span class='ocrx_word' id='word_1_112' title='bbox 3682 1134 3861 1193; x_wconf 82' lang='grc' dir='ltr'>δικάσα-</span> 
     </span>
    </p>
   </div>
   <div class='ocr_carea' id='block_1_17' title="bbox 2273 1219 3862 1307">
    <p class='ocr_par' dir='ltr' id='par_1_17' title="bbox 2273 1219 3862 1307">
     <span class='ocr_line' id='line_1_17' title="bbox 2273 1219 3862 1307; baseline 0.008 -35"><span class='ocrx_word' id='word_1_113' title='bbox 2273 1219 2416 1289; x_wconf 82' lang='grc' dir='ltr'><strong>σθαι,</strong></span> <span class='ocrx_word' id='word_1_114' title='bbox 2447 1221 2538 1276; x_wconf 80' lang='grc' dir='ltr'><strong>καὶ</strong></span> <span class='ocrx_word' id='word_1_115' title='bbox 2581 1223 2820 1297; x_wconf 82' lang='grc' dir='ltr'>μάλιστα</span> <span class='ocrx_word' id='word_1_116' title='bbox 2882 1226 3029 1301; x_wconf 82' lang='grc' dir='ltr'>παρὰ</span> <span class='ocrx_word' id='word_1_117' title='bbox 3082 1226 3359 1301; x_wconf 89' lang='grc' dir='ltr'>ἀπίστοις,</span> <span class='ocrx_word' id='word_1_118' title='bbox 3413 1228 3536 1302; x_wconf 80' lang='grc' dir='ltr'>περὶ</span> <span class='ocrx_word' id='word_1_119' title='bbox 3588 1228 3862 1307; x_wconf 72' lang='grc' dir='ltr'>ἀμφοτέρων</span> 
     </span>
    </p>
   </div>
   <div class='ocr_carea' id='block_1_18' title="bbox 2273 1309 3859 1398">
    <p class='ocr_par' dir='ltr' id='par_1_18' title="bbox 2273 1309 3859 1398">
     <span class='ocr_line' id='line_1_18' title="bbox 2273 1309 3859 1398; baseline 0.006 -33"><span class='ocrx_word' id='word_1_120' title='bbox 2273 1309 2650 1389; x_wconf 76' lang='grc' dir='ltr'><strong>ἀπολογεῖται,</strong></span> <span class='ocrx_word' id='word_1_121' title='bbox 2685 1314 2822 1370; x_wconf 81' lang='grc' dir='ltr'>ὥστε</span> <span class='ocrx_word' id='word_1_122' title='bbox 2857 1318 2932 1390; x_wconf 82' lang='grc' dir='ltr'>μή</span> <span class='ocrx_word' id='word_1_123' title='bbox 2965 1314 3355 1398; x_wconf 78' lang='grc' dir='ltr'>προληφθῆναι</span> <span class='ocrx_word' id='word_1_124' title='bbox 3386 1320 3561 1375; x_wconf 79' lang='grc' dir='ltr'>αὐτῶν</span> <span class='ocrx_word' id='word_1_125' title='bbox 3594 1319 3681 1381; x_wconf 77' lang='grc' dir='ltr'><strong>τὰς</strong></span> <span class='ocrx_word' id='word_1_126' title='bbox 3707 1318 3859 1381; x_wconf 80' lang='grc' dir='ltr'>ἀκοάς.</span> 
     </span>
    </p>
   </div>
   <div class='ocr_carea' id='block_1_19' title="bbox 2271 1399 3864 1484">
    <p class='ocr_par' dir='ltr' id='par_1_19' title="bbox 2271 1399 3864 1484">
     <span class='ocr_line' id='line_1_19' title="bbox 2271 1399 3864 1484; baseline 0.008 -31"><span class='ocrx_word' id='word_1_127' title='bbox 2271 1399 2372 1454; x_wconf 84' lang='grc' dir='ltr'>Διὰ</span> <span class='ocrx_word' id='word_1_128' title='bbox 2403 1401 2607 1473; x_wconf 83' lang='grc' dir='ltr'>ταύτην</span> <span class='ocrx_word' id='word_1_129' title='bbox 2651 1402 2780 1479; x_wconf 78' lang='grc' dir='ltr'>γὰρ,</span> <span class='ocrx_word' id='word_1_130' title='bbox 2839 1406 2994 1484; x_wconf 78' lang='grc' dir='ltr'>φησὶ,</span> <span class='ocrx_word' id='word_1_131' title='bbox 3049 1407 3149 1476; x_wconf 77' lang='grc' dir='ltr'>τήν</span> <span class='ocrx_word' id='word_1_132' title='bbox 3196 1406 3369 1464; x_wconf 89' lang='grc' dir='ltr'>αἰτίαν</span> <span class='ocrx_word' id='word_1_133' title='bbox 3432 1402 3726 1481; x_wconf 75' lang='grc' dir='ltr'>ἐϐουλόμην</span> <span class='ocrx_word' id='word_1_134' title='bbox 3753 1406 3864 1479; x_wconf 79' lang='grc' dir='ltr'>ὑμᾶς</span> 
     </span>
    </p>
   </div>
   <div class='ocr_carea' id='block_1_20' title="bbox 2258 1482 3866 1574">
    <p class='ocr_par' dir='ltr' id='par_1_20' title="bbox 2258 1482 3866 1574">
     <span class='ocr_line' id='line_1_20' title="bbox 2258 1482 3866 1574; baseline 0.004 -32"><span class='ocrx_word' id='word_1_135' title='bbox 2258 1482 2424 1561; x_wconf 84' lang='grc' dir='ltr'>ἰδεῖν,</span> <span class='ocrx_word' id='word_1_136' title='bbox 2451 1489 2590 1546; x_wconf 83' lang='grc' dir='ltr'>ὥστε</span> <span class='ocrx_word' id='word_1_137' title='bbox 2621 1494 2698 1566; x_wconf 81' lang='grc' dir='ltr'>μὴ</span> <span class='ocrx_word' id='word_1_138' title='bbox 2732 1482 2924 1564; x_wconf 80' lang='grc' dir='ltr'>ἐξεῖντί</span> <span class='ocrx_word' id='word_1_139' title='bbox 2954 1516 3057 1551; x_wconf 88' lang='grc' dir='ltr'>τινι</span> <span class='ocrx_word' id='word_1_140' title='bbox 3115 1501 3456 1574; x_wconf 82' lang='grc' dir='ltr'><strong>κατηγορεῖν.</strong></span> <span class='ocrx_word' id='word_1_141' title='bbox 3513 1497 3606 1551; x_wconf 81' lang='grc' dir='ltr'>Καὶ</span> <span class='ocrx_word' id='word_1_142' title='bbox 3660 1496 3722 1551; x_wconf 80' lang='grc' dir='ltr'><strong>τά</strong></span> <span class='ocrx_word' id='word_1_143' title='bbox 3755 1515 3866 1570; x_wconf 83' lang='grc' dir='ltr'>παρ-</span> 
     </span>
    </p>
   </div>
   <div class='ocr_carea' id='block_1_21' title="bbox 2275 1578 3865 1665">
    <p class='ocr_par' dir='ltr' id='par_1_21' title="bbox 2275 1578 3865 1665">
     <span class='ocr_line' id='line_1_21' title="bbox 2275 1578 3865 1665; baseline 0.004 -33"><span class='ocrx_word' id='word_1_144' title='bbox 2275 1578 2532 1652; x_wconf 88' lang='grc' dir='ltr'>ιστάμενα</span> <span class='ocrx_word' id='word_1_145' title='bbox 2561 1582 2729 1658; x_wconf 83' lang='grc' dir='ltr'>Λέγει,</span> <span class='ocrx_word' id='word_1_146' title='bbox 2762 1582 2847 1639; x_wconf 80' lang='grc' dir='ltr'>ὅτι</span> <span class='ocrx_word' id='word_1_147' title='bbox 2879 1581 2970 1655; x_wconf 80' lang='grc' dir='ltr'><strong>δὴ·</strong></span> <span class='ocrx_word' id='word_1_148' title='bbox 3019 1586 3125 1650; x_wconf 78' lang='grc' dir='ltr'>Τὰς</span> <span class='ocrx_word' id='word_1_149' title='bbox 3157 1591 3347 1665; x_wconf 83' lang='grc' dir='ltr'>χεῖρας</span> <span class='ocrx_word' id='word_1_150' title='bbox 3403 1587 3576 1642; x_wconf 81' lang='grc' dir='ltr'>αὐτῶν</span> <span class='ocrx_word' id='word_1_151' title='bbox 3632 1581 3865 1663; x_wconf 74' lang='grc' dir='ltr'>διαφυγεῖν</span> 
     </span>
    </p>
   </div>
   <div class='ocr_carea' id='block_1_22' title="bbox 584 1130 2161 1205">
    <p class='ocr_par' dir='ltr' id='par_1_22' title="bbox 584 1130 2161 1205">
     <span class='ocr_line' id='line_1_22' title="bbox 584 1130 2161 1205; baseline -0.004 -12"><span class='ocrx_word' id='word_1_152' title='bbox 584 1139 787 1193; x_wconf 88' lang='lat' dir='ltr'><strong>Sciens</strong></span> <span class='ocrx_word' id='word_1_153' title='bbox 817 1137 1036 1193; x_wconf 84' lang='lat' dir='ltr'><strong>Paulus</strong></span> <span class='ocrx_word' id='word_1_154' title='bbox 1067 1136 1310 1193; x_wconf 89' lang='lat' dir='ltr'><strong>omnino</strong></span> <span class='ocrx_word' id='word_1_155' title='bbox 1360 1134 1684 1191; x_wconf 86' lang='lat' dir='ltr'><strong>absurdum</strong></span> <span class='ocrx_word' id='word_1_156' title='bbox 1742 1149 1872 1190; x_wconf 85' lang='lat' dir='ltr'><strong>esse</strong></span> <span class='ocrx_word' id='word_1_157' title='bbox 1921 1130 2161 1205; x_wconf 91' lang='lat' dir='ltr'><strong>judicio</strong></span> 
     </span>
    </p>
   </div>
   <div class='ocr_carea' id='block_1_23' title="bbox 511 1221 2162 1299">
    <p class='ocr_par' dir='ltr' id='par_1_23' title="bbox 511 1221 2162 1299">
     <span class='ocr_line' id='line_1_23' title="bbox 511 1221 2162 1299; baseline -0.005 -16"><span class='ocrx_word' id='word_1_158' title='bbox 511 1226 893 1293; x_wconf 83' lang='lat' dir='ltr'><strong>contendere,</strong></span> <span class='ocrx_word' id='word_1_159' title='bbox 918 1226 1096 1299; x_wconf 91' lang='lat' dir='ltr'><strong>idque</strong></span> <span class='ocrx_word' id='word_1_160' title='bbox 1122 1227 1378 1282; x_wconf 85' lang='lat' dir='ltr'><strong>maxime</strong></span> <span class='ocrx_word' id='word_1_161' title='bbox 1405 1223 1876 1297; x_wconf 87' lang='lat' dir='ltr'><strong>apudinﬁdeles,</strong></span> <span class='ocrx_word' id='word_1_162' title='bbox 1903 1221 1975 1277; x_wconf 90' lang='lat' dir='ltr'><strong>de</strong></span> <span class='ocrx_word' id='word_1_163' title='bbox 1997 1226 2162 1276; x_wconf 88' lang='lat' dir='ltr'><strong>utro-</strong></span> 
     </span>
    </p>
   </div>
   <div class='ocr_carea' id='block_1_24' title="bbox 512 1317 2159 1391">
    <p class='ocr_par' dir='ltr' id='par_1_24' title="bbox 512 1317 2159 1391">
     <span class='ocr_line' id='line_1_24' title="bbox 512 1317 2159 1391; baseline -0.004 -17"><span class='ocrx_word' id='word_1_164' title='bbox 512 1334 628 1391; x_wconf 89' lang='lat' dir='ltr'><strong>que</strong></span> <span class='ocrx_word' id='word_1_165' title='bbox 658 1317 1070 1375; x_wconf 80' lang='lat' dir='ltr'><strong>defensionem</strong></span> <span class='ocrx_word' id='word_1_166' title='bbox 1100 1323 1290 1390; x_wconf 88' lang='lat' dir='ltr'><strong>parat,</strong></span> <span class='ocrx_word' id='word_1_167' title='bbox 1324 1335 1397 1373; x_wconf 92' lang='lat' dir='ltr'><strong>ne</strong></span> <span class='ocrx_word' id='word_1_168' title='bbox 1429 1333 1633 1373; x_wconf 91' lang='lat' dir='ltr'><strong>eorum</strong></span> <span class='ocrx_word' id='word_1_169' title='bbox 1656 1331 1830 1373; x_wconf 88' lang='lat' dir='ltr'><strong>aures</strong></span> <span class='ocrx_word' id='word_1_170' title='bbox 1861 1328 2159 1386; x_wconf 61' lang='lat' dir='ltr'><strong>praeoccu-</strong></span> 
     </span>
    </p>
   </div>
   <div class='ocr_carea' id='block_1_25' title="bbox 510 1403 2160 1482">
    <p class='ocr_par' dir='ltr' id='par_1_25' title="bbox 510 1403 2160 1482">
     <span class='ocr_line' id='line_1_25' title="bbox 510 1403 2160 1482; baseline -0.005 -17"><span class='ocrx_word' id='word_1_171' title='bbox 510 1414 753 1482; x_wconf 89' lang='lat' dir='ltr'><strong>pentur.</strong></span> <span class='ocrx_word' id='word_1_172' title='bbox 787 1410 1035 1481; x_wconf 87' lang='lat' dir='ltr'><strong>Propter</strong></span> <span class='ocrx_word' id='word_1_173' title='bbox 1062 1409 1238 1479; x_wconf 91' lang='lat' dir='ltr'><strong>hanc,</strong></span> <span class='ocrx_word' id='word_1_174' title='bbox 1271 1409 1484 1480; x_wconf 82' lang='lat' dir='ltr'><strong>inquit,</strong></span> <span class='ocrx_word' id='word_1_175' title='bbox 1510 1424 1750 1464; x_wconf 88' lang='lat' dir='ltr'><strong>causam</strong></span> <span class='ocrx_word' id='word_1_176' title='bbox 1768 1403 2038 1461; x_wconf 88' lang='lat' dir='ltr'><strong>volebam</strong></span> <span class='ocrx_word' id='word_1_177' title='bbox 2060 1419 2160 1457; x_wconf 93' lang='lat' dir='ltr'><strong>vos</strong></span> 
     </span>
    </p>
   </div>
   <div class='ocr_carea' id='block_1_26' title="bbox 505 1496 2159 1567">
    <p class='ocr_par' dir='ltr' id='par_1_26' title="bbox 505 1496 2159 1567">
     <span class='ocr_line' id='line_1_26' title="bbox 505 1496 2159 1567; baseline -0.004 -12"><span class='ocrx_word' id='word_1_178' title='bbox 505 1500 728 1567; x_wconf 87' lang='lat' dir='ltr'><strong>videre,</strong></span> <span class='ocrx_word' id='word_1_179' title='bbox 756 1518 833 1557; x_wconf 91' lang='lat' dir='ltr'><strong>ne</strong></span> <span class='ocrx_word' id='word_1_180' title='bbox 865 1502 956 1557; x_wconf 92' lang='lat' dir='ltr'><strong>cui</strong></span> <span class='ocrx_word' id='word_1_181' title='bbox 979 1501 1187 1558; x_wconf 91' lang='lat' dir='ltr'><strong>liceret</strong></span> <span class='ocrx_word' id='word_1_182' title='bbox 1211 1518 1307 1557; x_wconf 91' lang='lat' dir='ltr'><strong>me</strong></span> <span class='ocrx_word' id='word_1_183' title='bbox 1328 1517 1628 1557; x_wconf 86' lang='lat' dir='ltr'><strong>accusare.</strong></span> <span class='ocrx_word' id='word_1_184' title='bbox 1662 1501 1733 1553; x_wconf 91' lang='lat' dir='ltr'><strong>Et</strong></span> <span class='ocrx_word' id='word_1_185' title='bbox 1762 1514 1831 1553; x_wconf 91' lang='lat' dir='ltr'><strong>ea</strong></span> <span class='ocrx_word' id='word_1_186' title='bbox 1862 1496 2007 1551; x_wconf 91' lang='lat' dir='ltr'><strong>dicit</strong></span> <span class='ocrx_word' id='word_1_187' title='bbox 2028 1510 2159 1565; x_wconf 62' lang='lat' dir='ltr'><strong>quae</strong></span> 
     </span>
    </p>
   </div>
   <div class='ocr_carea' id='block_1_27' title="bbox 516 1583 2160 1662">
    <p class='ocr_par' dir='ltr' id='par_1_27' title="bbox 516 1583 2160 1662">
     <span class='ocr_line' id='line_1_27' title="bbox 516 1583 2160 1662; baseline -0.004 -18"><span class='ocrx_word' id='word_1_188' title='bbox 516 1588 628 1645; x_wconf 85' lang='lat' dir='ltr'><strong>sibi</strong></span> <span class='ocrx_word' id='word_1_189' title='bbox 659 1596 867 1646; x_wconf 89' lang='lat' dir='ltr'><strong>mutuo</strong></span> <span class='ocrx_word' id='word_1_190' title='bbox 890 1596 1407 1662; x_wconf 88' lang='lat' dir='ltr'><strong>constant,nempe</strong></span> <span class='ocrx_word' id='word_1_191' title='bbox 1432 1606 1445 1643; x_wconf 90' lang='lat'><strong>:</strong></span> <span class='ocrx_word' id='word_1_192' title='bbox 1471 1590 1673 1644; x_wconf 82' lang='lat' dir='ltr'><strong>Manus</strong></span> <span class='ocrx_word' id='word_1_193' title='bbox 1695 1586 1935 1641; x_wconf 89' lang='lat' dir='ltr'><strong>illorum</strong></span> <span class='ocrx_word' id='word_1_194' title='bbox 1958 1583 2160 1639; x_wconf 90' lang='lat' dir='ltr'><strong>volens</strong></span> 
     </span>
    </p>
   </div>
   <div class='ocr_carea' id='block_1_28' title="bbox 509 1665 2132 1751">
    <p class='ocr_par' dir='ltr' id='par_1_28' title="bbox 509 1671 2132 1751">
     <span class='ocr_line' id='line_1_28' title="bbox 509 1671 2132 1751; baseline -0.004 -18"><span class='ocrx_word' id='word_1_195' title='bbox 509 1679 787 1751; x_wconf 72' lang='lat' dir='ltr'><strong>eﬁ‘ugere,</strong></span> <span class='ocrx_word' id='word_1_196' title='bbox 820 1683 1059 1735; x_wconf 89' lang='lat' dir='ltr'><strong>coactus</strong></span> <span class='ocrx_word' id='word_1_197' title='bbox 1105 1696 1239 1735; x_wconf 91' lang='lat' dir='ltr'><strong>sum</strong></span> <span class='ocrx_word' id='word_1_198' title='bbox 1296 1678 1589 1733; x_wconf 81' lang='lat' dir='ltr'><strong>Caesarem</strong></span> <span class='ocrx_word' id='word_1_199' title='bbox 1648 1674 1972 1747; x_wconf 85' lang='lat' dir='ltr'><strong>appellare,</strong></span> <span class='ocrx_word' id='word_1_200' title='bbox 2003 1671 2132 1727; x_wconf 74' lang='grc'><strong>181</strong></span> 
     </span>
    </p>
   </div>
   <div class='ocr_carea' id='block_1_29' title="bbox 2239 1665 3860 1751">
    <p class='ocr_par' dir='ltr' id='par_1_29' title="bbox 2271 1665 3860 1749">
     <span class='ocr_line' id='line_1_29' title="bbox 2271 1665 3860 1749; baseline -0.006 -13"><span class='ocrx_word' id='word_1_201' title='bbox 2271 1665 2610 1743; x_wconf 82' lang='grc' dir='ltr'>βουλόμενος</span> <span class='ocrx_word' id='word_1_202' title='bbox 2644 1713 2660 1742; x_wconf 84' lang='grc'><strong>,</strong></span> <span class='ocrx_word' id='word_1_203' title='bbox 2712 1673 3061 1749; x_wconf 77' lang='grc' dir='ltr'>ἠναγκάσθην</span> <span class='ocrx_word' id='word_1_204' title='bbox 3114 1673 3533 1732; x_wconf 60' lang='grc' dir='ltr'>ἐπικαλέσασθαι</span> <span class='ocrx_word' id='word_1_205' title='bbox 3612 1680 3860 1748; x_wconf 82' lang='grc' dir='ltr'>Καισαρα,</span> 
     </span>
    </p>
   </div>
   <div class='ocr_carea' id='block_1_30' title="bbox 506 1754 2132 1845">
    <p class='ocr_par' dir='ltr' id='par_1_30' title="bbox 506 1760 2132 1840">
     <span class='ocr_line' id='line_1_30' title="bbox 506 1760 2132 1840; baseline -0.005 -17"><span class='ocrx_word' id='word_1_206' title='bbox 506 1784 626 1823; x_wconf 90' lang='lat' dir='ltr'><strong>non</strong></span> <span class='ocrx_word' id='word_1_207' title='bbox 650 1786 766 1840; x_wconf 83' lang='lat' dir='ltr'><strong>quo</strong></span> <span class='ocrx_word' id='word_1_208' title='bbox 789 1769 922 1824; x_wconf 90' lang='lat' dir='ltr'><strong>aliis</strong></span> <span class='ocrx_word' id='word_1_209' title='bbox 955 1768 1114 1825; x_wconf 88' lang='lat' dir='ltr'><strong>mala</strong></span> <span class='ocrx_word' id='word_1_210' title='bbox 1143 1770 1442 1836; x_wconf 72' lang='lat' dir='ltr'><strong>aiferrem,</strong></span> <span class='ocrx_word' id='word_1_211' title='bbox 1476 1766 1578 1821; x_wconf 90' lang='lat' dir='ltr'><strong>sed</strong></span> <span class='ocrx_word' id='word_1_212' title='bbox 1609 1769 1674 1820; x_wconf 92' lang='lat' dir='ltr'><strong>ut</strong></span> <span class='ocrx_word' id='word_1_213' title='bbox 1704 1766 1830 1835; x_wconf 91' lang='lat' dir='ltr'><strong>ipse</strong></span> <span class='ocrx_word' id='word_1_214' title='bbox 1861 1761 2021 1818; x_wconf 86' lang='lat' dir='ltr'><strong>mala</strong></span> <span class='ocrx_word' id='word_1_215' title='bbox 2054 1760 2132 1816; x_wconf 87' lang='lat' dir='ltr'><strong>de</strong></span> 
     </span>
    </p>
   </div>
   <div class='ocr_carea' id='block_1_31' title="bbox 2239 1754 3860 1845">
    <p class='ocr_par' dir='ltr' id='par_1_31' title="bbox 2268 1754 3860 1845">
     <span class='ocr_line' id='line_1_31' title="bbox 2268 1754 3860 1845; baseline 0.005 -35"><span class='ocrx_word' id='word_1_216' title='bbox 2268 1754 2376 1831; x_wconf 81' lang='grc' dir='ltr'>οὐχ</span> <span class='ocrx_word' id='word_1_217' title='bbox 2397 1757 2474 1820; x_wconf 87' lang='grc' dir='ltr'><strong>ὡς</strong></span> <span class='ocrx_word' id='word_1_218' title='bbox 2504 1758 2707 1835; x_wconf 77' lang='grc' dir='ltr'>ἑτέροις</span> <span class='ocrx_word' id='word_1_219' title='bbox 2738 1757 2922 1827; x_wconf 77' lang='grc' dir='ltr'>διδοὺς</span> <span class='ocrx_word' id='word_1_220' title='bbox 2949 1764 3110 1838; x_wconf 74' lang='grc' dir='ltr'>κακὰ,</span> <span class='ocrx_word' id='word_1_221' title='bbox 3144 1765 3292 1822; x_wconf 86' lang='grc' dir='ltr'><strong>ἀλλά</strong></span> <span class='ocrx_word' id='word_1_222' title='bbox 3319 1765 3480 1830; x_wconf 75' lang='grc' dir='ltr'>αὐτὸς</span> <span class='ocrx_word' id='word_1_223' title='bbox 3510 1764 3708 1845; x_wconf 73' lang='grc' dir='ltr'>φεύγων</span> <span class='ocrx_word' id='word_1_224' title='bbox 3733 1765 3860 1819; x_wconf 71' lang='grc' dir='ltr'>κακά.</span> 
     </span>
    </p>
   </div>
   <div class='ocr_carea' id='block_1_32' title="bbox 506 1848 2132 1951">
    <p class='ocr_par' dir='ltr' id='par_1_32' title="bbox 506 1852 2132 1924">
     <span class='ocr_line' id='line_1_32' title="bbox 506 1852 2132 1924; baseline -0.004 -13"><span class='ocrx_word' id='word_1_225' title='bbox 506 1858 775 1913; x_wconf 82' lang='lat' dir='ltr'><strong>vitarem.</strong></span> <span class='ocrx_word' id='word_1_226' title='bbox 813 1880 841 1908; x_wconf 85' lang='grc'><strong>‹‹</strong></span> <span class='ocrx_word' id='word_1_227' title='bbox 882 1860 1026 1912; x_wconf 90' lang='lat' dir='ltr'><strong>Nam</strong></span> <span class='ocrx_word' id='word_1_228' title='bbox 1058 1858 1129 1912; x_wconf 86' lang='lat' dir='ltr'><strong>de</strong></span> <span class='ocrx_word' id='word_1_229' title='bbox 1161 1864 1322 1913; x_wconf 86' lang='lat' dir='ltr'><strong>secta</strong></span> <span class='ocrx_word' id='word_1_230' title='bbox 1379 1857 1513 1924; x_wconf 68' lang='lat' dir='ltr'><strong>ista,</strong></span> <span class='ocrx_word' id='word_1_231' title='bbox 1547 1876 1574 1905; x_wconf 84' lang='lat'>»</span> <span class='ocrx_word' id='word_1_232' title='bbox 1630 1860 1740 1909; x_wconf 90' lang='lat' dir='ltr'><strong>etc.</strong></span> <span class='ocrx_word' id='word_1_233' title='bbox 1802 1852 2132 1922; x_wconf 88' lang='lat' dir='ltr'><strong>Priusquan</strong></span> 
     </span>
    </p>
   </div>
   <div class='ocr_carea' id='block_1_33' title="bbox 2239 1848 3859 1951">
    <p class='ocr_par' dir='ltr' id='par_1_33' title="bbox 2267 1848 3859 1929">
     <span class='ocr_line' id='line_1_33' title="bbox 2267 1848 3859 1929; baseline 0.007 -29"><span class='ocrx_word' id='word_1_234' title='bbox 2267 1870 2296 1898; x_wconf 77' lang='grc' dir='ltr'>(ι</span> <span class='ocrx_word' id='word_1_235' title='bbox 2331 1848 2460 1922; x_wconf 79' lang='grc' dir='ltr'>Περὶ</span> <span class='ocrx_word' id='word_1_236' title='bbox 2494 1859 2588 1923; x_wconf 79' lang='grc' dir='ltr'>μὲν</span> <span class='ocrx_word' id='word_1_237' title='bbox 2622 1851 2726 1928; x_wconf 78' lang='grc' dir='ltr'><strong>γὰρ</strong></span> <span class='ocrx_word' id='word_1_238' title='bbox 2755 1859 2856 1923; x_wconf 78' lang='grc' dir='ltr'>τῆς</span> <span class='ocrx_word' id='word_1_239' title='bbox 2886 1855 3143 1929; x_wconf 79' lang='grc' dir='ltr'>αἱρέσεως</span> <span class='ocrx_word' id='word_1_240' title='bbox 3173 1856 3398 1928; x_wconf 86' lang='grc' dir='ltr'>ταύτης,</span> <span class='ocrx_word' id='word_1_241' title='bbox 3427 1881 3456 1909; x_wconf 88' lang='grc'><strong>››</strong></span> <span class='ocrx_word' id='word_1_242' title='bbox 3495 1855 3584 1912; x_wconf 91' lang='grc' dir='ltr'><strong>καί</strong></span> <span class='ocrx_word' id='word_1_243' title='bbox 3637 1856 3697 1911; x_wconf 83' lang='grc' dir='ltr'>τὰ</span> <span class='ocrx_word' id='word_1_244' title='bbox 3747 1855 3859 1924; x_wconf 68' lang='grc' dir='ltr'><strong>ἑξῆς.</strong></span> 
     </span>
    </p>
   </div>
   <div class='ocr_carea' id='block_1_34' title="bbox 507 1936 2132 2020">
    <p class='ocr_par' dir='ltr' id='par_1_34' title="bbox 507 1939 2131 2013">
     <span class='ocr_line' id='line_1_34' title="bbox 507 1939 2131 2013; baseline -0.003 -15"><span class='ocrx_word' id='word_1_245' title='bbox 507 1946 725 2000; x_wconf 81' lang='lat' dir='ltr'><strong>Paulus</strong></span> <span class='ocrx_word' id='word_1_246' title='bbox 755 1948 1003 2001; x_wconf 85' lang='lat' dir='ltr'><strong>Romam</strong></span> <span class='ocrx_word' id='word_1_247' title='bbox 1035 1946 1363 2013; x_wconf 86' lang='lat' dir='ltr'><strong>accederet,</strong></span> <span class='ocrx_word' id='word_1_248' title='bbox 1390 1943 1680 1999; x_wconf 87' lang='lat' dir='ltr'><strong>admoniti</strong></span> <span class='ocrx_word' id='word_1_249' title='bbox 1725 1946 1896 1997; x_wconf 91' lang='lat' dir='ltr'><strong>erant</strong></span> <span class='ocrx_word' id='word_1_250' title='bbox 1944 1939 2131 1995; x_wconf 69' lang='lat' dir='ltr'><strong>Judaai</strong></span> 
     </span>
    </p>
   </div>
   <div class='ocr_carea' id='block_1_35' title="bbox 2239 1936 3856 2020">
    <p class='ocr_par' dir='ltr' id='par_1_35' title="bbox 2268 1936 3856 2020">
     <span class='ocr_line' id='line_1_35' title="bbox 2268 1936 3856 2020; baseline 0.006 -31"><span class='ocrx_word' id='word_1_251' title='bbox 2268 1936 2405 2011; x_wconf 84' lang='grc' dir='ltr'>Πρὶν</span> <span class='ocrx_word' id='word_1_252' title='bbox 2436 1936 2779 2012; x_wconf 77' lang='grc' dir='ltr'>ἐπιδημῆσαι</span> <span class='ocrx_word' id='word_1_253' title='bbox 2807 1943 3026 1999; x_wconf 78' lang='grc' dir='ltr'>Παῦλον</span> <span class='ocrx_word' id='word_1_254' title='bbox 3082 1944 3134 2000; x_wconf 88' lang='grc' dir='ltr'>ἐν</span> <span class='ocrx_word' id='word_1_255' title='bbox 3189 1949 3258 2020; x_wconf 80' lang='grc' dir='ltr'>τῇ</span> <span class='ocrx_word' id='word_1_256' title='bbox 3320 1947 3531 2020; x_wconf 80' lang='grc' dir='ltr'>Ῥώμῃ,</span> <span class='ocrx_word' id='word_1_257' title='bbox 3587 1941 3856 2020; x_wconf 82' lang='grc' dir='ltr'>παρηγγελ-</span> 
     </span>
    </p>
   </div>
   <div class='ocr_carea' id='block_1_36' title="bbox 507 2021 2132 2111">
    <p class='ocr_par' dir='ltr' id='par_1_36' title="bbox 507 2029 2130 2104">
     <span class='ocr_line' id='line_1_36' title="bbox 507 2029 2130 2104; baseline -0.004 -15"><span class='ocrx_word' id='word_1_258' title='bbox 507 2050 583 2089; x_wconf 93' lang='lat' dir='ltr'><strong>ne</strong></span> <span class='ocrx_word' id='word_1_259' title='bbox 615 2035 1103 2104; x_wconf 62' lang='lat' dir='ltr'><strong>praedicationem</strong></span> <span class='ocrx_word' id='word_1_260' title='bbox 1131 2036 1202 2089; x_wconf 78' lang='lat' dir='ltr'><strong>de</strong></span> <span class='ocrx_word' id='word_1_261' title='bbox 1230 2035 1460 2089; x_wconf 89' lang='lat' dir='ltr'><strong>Christo</strong></span> <span class='ocrx_word' id='word_1_262' title='bbox 1485 2033 1877 2102; x_wconf 84' lang='lat' dir='ltr'><strong>susciperent,</strong></span> <span class='ocrx_word' id='word_1_263' title='bbox 1902 2044 2010 2083; x_wconf 90' lang='lat' dir='ltr'><strong>nec</strong></span> <span class='ocrx_word' id='word_1_264' title='bbox 2040 2029 2130 2099; x_wconf 90' lang='lat' dir='ltr'><strong>ips</strong></span> 
     </span>
    </p>
   </div>
   <div class='ocr_carea' id='block_1_37' title="bbox 2239 2021 3865 2111">
    <p class='ocr_par' dir='ltr' id='par_1_37' title="bbox 2269 2021 3865 2111">
     <span class='ocr_line' id='line_1_37' title="bbox 2269 2021 3865 2111; baseline 0.018 -34"><span class='ocrx_word' id='word_1_265' title='bbox 2269 2021 2418 2096; x_wconf 80' lang='grc' dir='ltr'>μένοι</span> <span class='ocrx_word' id='word_1_266' title='bbox 2449 2026 2584 2095; x_wconf 81' lang='grc' dir='ltr'>ἦσαν</span> <span class='ocrx_word' id='word_1_267' title='bbox 2646 2030 2698 2083; x_wconf 74' lang='grc' dir='ltr'><strong>οἱ</strong></span> <span class='ocrx_word' id='word_1_268' title='bbox 2744 2028 3020 2105; x_wconf 83' lang='grc' dir='ltr'>Ἰουδαῖοι,</span> <span class='ocrx_word' id='word_1_269' title='bbox 3082 2034 3159 2108; x_wconf 78' lang='grc' dir='ltr'>μή</span> <span class='ocrx_word' id='word_1_270' title='bbox 3219 2033 3611 2111; x_wconf 71' lang='grc' dir='ltr'>παραδέξαπθαι</span> <span class='ocrx_word' id='word_1_271' title='bbox 3664 2036 3721 2088; x_wconf 65' lang='grc' dir='ltr'><strong>τὸ</strong></span> <span class='ocrx_word' id='word_1_272' title='bbox 3769 2032 3865 2105; x_wconf 56' lang='grc' dir='ltr'>περὶ</span> 
     </span>
    </p>
   </div>
   <div class='ocr_carea' id='block_1_38' title="bbox 508 2113 2132 2198">
    <p class='ocr_par' dir='ltr' id='par_1_38' title="bbox 508 2116 2132 2197">
     <span class='ocr_line' id='line_1_38' title="bbox 508 2116 2132 2197; baseline -0.007 -18"><span class='ocrx_word' id='word_1_273' title='bbox 508 2124 640 2191; x_wconf 91' lang='lat' dir='ltr'><strong>soli,</strong></span> <span class='ocrx_word' id='word_1_274' title='bbox 666 2124 769 2179; x_wconf 90' lang='lat' dir='ltr'><strong>sed</strong></span> <span class='ocrx_word' id='word_1_275' title='bbox 796 2125 1136 2197; x_wconf 90' lang='lat' dir='ltr'><strong>ubicunque</strong></span> <span class='ocrx_word' id='word_1_276' title='bbox 1162 2130 1454 2181; x_wconf 88' lang='lat' dir='ltr'><strong>terrarum</strong></span> <span class='ocrx_word' id='word_1_277' title='bbox 1486 2121 1738 2194; x_wconf 89' lang='lat' dir='ltr'><strong>dispersi</strong></span> <span class='ocrx_word' id='word_1_278' title='bbox 1768 2124 1950 2176; x_wconf 86' lang='lat' dir='ltr'><strong>erant.</strong></span> <span class='ocrx_word' id='word_1_279' title='bbox 1990 2116 2132 2173; x_wconf 65' lang='lat' dir='ltr'><strong>Und«</strong></span> 
     </span>
    </p>
   </div>
   <div class='ocr_carea' id='block_1_39' title="bbox 2239 2113 3861 2198">
    <p class='ocr_par' dir='ltr' id='par_1_39' title="bbox 2264 2113 3861 2198">
     <span class='ocr_line' id='line_1_39' title="bbox 2264 2113 3861 2198; baseline 0.004 -30"><span class='ocrx_word' id='word_1_280' title='bbox 2264 2113 2501 2188; x_wconf 76' lang='grc' dir='ltr'>Χριστοῦ</span> <span class='ocrx_word' id='word_1_281' title='bbox 2550 2119 2833 2194; x_wconf 77' lang='grc' dir='ltr'>κήρυγμα,</span> <span class='ocrx_word' id='word_1_282' title='bbox 2893 2120 2993 2177; x_wconf 79' lang='grc' dir='ltr'><strong>οὐκ</strong></span> <span class='ocrx_word' id='word_1_283' title='bbox 3023 2123 3178 2178; x_wconf 79' lang='grc' dir='ltr'>αὐτοὶ</span> <span class='ocrx_word' id='word_1_284' title='bbox 3212 2121 3269 2179; x_wconf 75' lang='grc' dir='ltr'>δὲ</span> <span class='ocrx_word' id='word_1_285' title='bbox 3301 2126 3480 2198; x_wconf 84' lang='grc' dir='ltr'>μόνοι,</span> <span class='ocrx_word' id='word_1_286' title='bbox 3534 2122 3672 2179; x_wconf 80' lang='grc' dir='ltr'>ἀλλὰ</span> <span class='ocrx_word' id='word_1_287' title='bbox 3717 2123 3794 2177; x_wconf 83' lang='grc' dir='ltr'><strong>καὶ</strong></span> <span class='ocrx_word' id='word_1_288' title='bbox 3818 2120 3861 2175; x_wconf 79' lang='grc' dir='ltr'><strong>οἱ</strong></span> 
     </span>
    </p>
   </div>
   <div class='ocr_carea' id='block_1_40' title="bbox 507 2207 2132 2290">
    <p class='ocr_par' dir='ltr' id='par_1_40' title="bbox 507 2207 2132 2285">
     <span class='ocr_line' id='line_1_40' title="bbox 507 2207 2132 2285; baseline -0.004 -19"><span class='ocrx_word' id='word_1_289' title='bbox 507 2218 704 2267; x_wconf 89' lang='lat' dir='ltr'><strong>autem</strong></span> <span class='ocrx_word' id='word_1_290' title='bbox 733 2213 791 2267; x_wconf 90' lang='lat' dir='ltr'><strong>id</strong></span> <span class='ocrx_word' id='word_1_291' title='bbox 815 2214 1197 2269; x_wconf 83' lang='lat' dir='ltr'><strong>manifestum</strong></span> <span class='ocrx_word' id='word_1_292' title='bbox 1228 2231 1356 2269; x_wconf 84' lang='lat' dir='ltr'><strong>esse</strong></span> <span class='ocrx_word' id='word_1_293' title='bbox 1380 2213 1599 2285; x_wconf 89' lang='lat' dir='ltr'><strong>poterit</strong></span> <span class='ocrx_word' id='word_1_294' title='bbox 1618 2210 1821 2266; x_wconf 85' lang='lat' dir='ltr'><strong>?Nacti</strong></span> <span class='ocrx_word' id='word_1_295' title='bbox 1846 2224 2051 2264; x_wconf 89' lang='lat' dir='ltr'><strong>sumus</strong></span> <span class='ocrx_word' id='word_1_296' title='bbox 2072 2207 2132 2261; x_wconf 90' lang='lat' dir='ltr'><strong>in</strong></span> 
     </span>
    </p>
   </div>
   <div class='ocr_carea' id='block_1_41' title="bbox 2239 2207 3867 2290">
    <p class='ocr_par' dir='ltr' id='par_1_41' title="bbox 2264 2209 3867 2290">
     <span class='ocr_line' id='line_1_41' title="bbox 2264 2209 3867 2290; baseline 0.009 -34"><span class='ocrx_word' id='word_1_297' title='bbox 2264 2210 2546 2284; x_wconf 89' lang='grc' dir='ltr'>πανταχοῦ</span> <span class='ocrx_word' id='word_1_298' title='bbox 2588 2215 2709 2284; x_wconf 80' lang='grc' dir='ltr'>γῆς.</span> <span class='ocrx_word' id='word_1_299' title='bbox 2772 2210 2939 2266; x_wconf 83' lang='grc' dir='ltr'>Πόθεν</span> <span class='ocrx_word' id='word_1_300' title='bbox 2996 2209 3054 2266; x_wconf 70' lang='grc' dir='ltr'>δὲ</span> <span class='ocrx_word' id='word_1_301' title='bbox 3106 2209 3326 2283; x_wconf 77' lang='grc' dir='ltr'>δὴλον;</span> <span class='ocrx_word' id='word_1_302' title='bbox 3388 2214 3627 2290; x_wconf 75' lang='grc' dir='ltr'>Εὸρομεν</span> <span class='ocrx_word' id='word_1_303' title='bbox 3681 2211 3726 2266; x_wconf 83' lang='grc' dir='ltr'><strong>ἐν</strong></span> <span class='ocrx_word' id='word_1_304' title='bbox 3773 2214 3867 2270; x_wconf 81' lang='grc' dir='ltr'>τοῖς</span> 
     </span>
    </p>
   </div>
   <div class='ocr_carea' id='block_1_42' title="bbox 509 2294 2132 2378">
    <p class='ocr_par' dir='ltr' id='par_1_42' title="bbox 509 2302 2132 2373">
     <span class='ocr_line' id='line_1_42' title="bbox 509 2302 2132 2373; baseline -0.002 -19"><span class='ocrx_word' id='word_1_305' title='bbox 509 2306 597 2355; x_wconf 91' lang='lat' dir='ltr'><strong>ter</strong></span> <span class='ocrx_word' id='word_1_306' title='bbox 627 2308 887 2358; x_wconf 79' lang='lat' dir='ltr'><strong>veterum</strong></span> <span class='ocrx_word' id='word_1_307' title='bbox 948 2302 1397 2363; x_wconf 77' lang='lat' dir='ltr'><strong>commentaria.</strong></span> <span class='ocrx_word' id='word_1_308' title='bbox 1432 2317 1695 2373; x_wconf 88' lang='lat' dir='ltr'><strong>quonam</strong></span> <span class='ocrx_word' id='word_1_309' title='bbox 1728 2305 1899 2371; x_wconf 85' lang='lat' dir='ltr'><strong>pacto</strong></span> <span class='ocrx_word' id='word_1_310' title='bbox 1959 2312 2132 2352; x_wconf 86' lang='lat' dir='ltr'><strong>sacer-</strong></span> 
     </span>
    </p>
   </div>
   <div class='ocr_carea' id='block_1_43' title="bbox 2239 2294 3866 2378">
    <p class='ocr_par' dir='ltr' id='par_1_43' title="bbox 2260 2294 3866 2378">
     <span class='ocr_line' id='line_1_43' title="bbox 2260 2294 3866 2378; baseline 0.006 -31"><span class='ocrx_word' id='word_1_311' title='bbox 2260 2296 2368 2348; x_wconf 82' lang='grc' dir='ltr'><strong>τῶν</strong></span> <span class='ocrx_word' id='word_1_312' title='bbox 2398 2294 2646 2351; x_wconf 81' lang='grc' dir='ltr'>παλαιῶν</span> <span class='ocrx_word' id='word_1_313' title='bbox 2677 2300 3118 2376; x_wconf 83' lang='grc' dir='ltr'>συγγράμμασιν,</span> <span class='ocrx_word' id='word_1_314' title='bbox 3154 2303 3230 2365; x_wconf 83' lang='grc' dir='ltr'>ὡς</span> <span class='ocrx_word' id='word_1_315' title='bbox 3268 2304 3321 2357; x_wconf 77' lang='grc' dir='ltr'><strong>οἱ</strong></span> <span class='ocrx_word' id='word_1_316' title='bbox 3389 2305 3488 2374; x_wconf 84' lang='grc' dir='ltr'><strong>τὴν</strong></span> <span class='ocrx_word' id='word_1_317' title='bbox 3548 2299 3866 2378; x_wconf 78' lang='grc' dir='ltr'>Ἰερουσαλὴμ</span> 
     </span>
    </p>
   </div>
   <div class='ocr_carea' id='block_1_44' title="bbox 504 2381 2132 2467">
    <p class='ocr_par' dir='ltr' id='par_1_44' title="bbox 504 2385 2130 2464">
     <span class='ocr_line' id='line_1_44' title="bbox 504 2385 2130 2464; baseline -0.004 -19"><span class='ocrx_word' id='word_1_318' title='bbox 504 2390 670 2446; x_wconf 90' lang='lat' dir='ltr'><strong>dotes</strong></span> <span class='ocrx_word' id='word_1_319' title='bbox 702 2394 800 2464; x_wconf 92' lang='lat' dir='ltr'><strong>qui</strong></span> <span class='ocrx_word' id='word_1_320' title='bbox 845 2393 1309 2464; x_wconf 80' lang='lat' dir='ltr'><strong>Hierosolymam</strong></span> <span class='ocrx_word' id='word_1_321' title='bbox 1339 2392 1677 2447; x_wconf 85' lang='lat' dir='ltr'><strong>inhabitant</strong></span> <span class='ocrx_word' id='word_1_322' title='bbox 1704 2405 1824 2444; x_wconf 87' lang='lat' dir='ltr'><strong>una</strong></span> <span class='ocrx_word' id='word_1_323' title='bbox 1849 2403 1982 2442; x_wconf 91' lang='lat' dir='ltr'><strong>cum</strong></span> <span class='ocrx_word' id='word_1_324' title='bbox 2016 2385 2130 2440; x_wconf 90' lang='lat' dir='ltr'><strong>scri</strong></span> 
     </span>
    </p>
   </div>
   <div class='ocr_carea' id='block_1_45' title="bbox 2239 2381 3864 2467">
    <p class='ocr_par' dir='ltr' id='par_1_45' title="bbox 2263 2381 3864 2467">
     <span class='ocr_line' id='line_1_45' title="bbox 2263 2381 3864 2467; baseline 0.002 -31"><span class='ocrx_word' id='word_1_325' title='bbox 2263 2381 2537 2446; x_wconf 76' lang='grc' dir='ltr'>οἰκοῦντες</span> <span class='ocrx_word' id='word_1_326' title='bbox 2621 2385 2784 2462; x_wconf 77' lang='grc' dir='ltr'>ἱερεῖς</span> <span class='ocrx_word' id='word_1_327' title='bbox 2857 2388 2946 2443; x_wconf 87' lang='grc' dir='ltr'><strong>καὶ</strong></span> <span class='ocrx_word' id='word_1_328' title='bbox 3012 2396 3358 2466; x_wconf 83' lang='grc' dir='ltr'>γραμματεῖς</span> <span class='ocrx_word' id='word_1_329' title='bbox 3413 2392 3503 2446; x_wconf 87' lang='grc' dir='ltr'><strong>καὶ</strong></span> <span class='ocrx_word' id='word_1_330' title='bbox 3556 2385 3864 2467; x_wconf 81' lang='grc' dir='ltr'>πρεσϐύτεροι</span> 
     </span>
    </p>
   </div>
   <div class='ocr_carea' id='block_1_46' title="bbox 502 2472 2132 2555">
    <p class='ocr_par' dir='ltr' id='par_1_46' title="bbox 502 2476 2129 2549">
     <span class='ocr_line' id='line_1_46' title="bbox 502 2476 2129 2549; baseline -0.004 -14"><span class='ocrx_word' id='word_1_331' title='bbox 502 2480 591 2535; x_wconf 87' lang='lat' dir='ltr'><strong>bis</strong></span> <span class='ocrx_word' id='word_1_332' title='bbox 623 2497 691 2536; x_wconf 88' lang='lat' dir='ltr'><strong>ac</strong></span> <span class='ocrx_word' id='word_1_333' title='bbox 722 2482 1055 2537; x_wconf 87' lang='lat' dir='ltr'><strong>senioribus</strong></span> <span class='ocrx_word' id='word_1_334' title='bbox 1087 2483 1315 2537; x_wconf 87' lang='lat' dir='ltr'><strong>litteras</strong></span> <span class='ocrx_word' id='word_1_335' title='bbox 1348 2481 1737 2547; x_wconf 86' lang='lat' dir='ltr'><strong>exaraverint,</strong></span> <span class='ocrx_word' id='word_1_336' title='bbox 1771 2494 1917 2549; x_wconf 89' lang='lat' dir='ltr'><strong>quas</strong></span> <span class='ocrx_word' id='word_1_337' title='bbox 1940 2476 2002 2530; x_wconf 90' lang='lat' dir='ltr'><strong>in</strong></span> <span class='ocrx_word' id='word_1_338' title='bbox 2032 2491 2129 2530; x_wconf 91' lang='lat' dir='ltr'><strong>om</strong></span> 
     </span>
    </p>
   </div>
   <div class='ocr_carea' id='block_1_47' title="bbox 2239 2472 3861 2555">
    <p class='ocr_par' dir='ltr' id='par_1_47' title="bbox 2260 2472 3861 2555">
     <span class='ocr_line' id='line_1_47' title="bbox 2260 2472 3861 2555; baseline 0.006 -31"><span class='ocrx_word' id='word_1_339' title='bbox 2260 2472 2557 2546; x_wconf 87' lang='grc' dir='ltr'>γράμματα</span> <span class='ocrx_word' id='word_1_340' title='bbox 2589 2472 3031 2553; x_wconf 79' lang='grc' dir='ltr'>διαχαράξαντες,</span> <span class='ocrx_word' id='word_1_341' title='bbox 3064 2479 3141 2543; x_wconf 63' lang='grc' dir='ltr'><strong>εἰς</strong></span> <span class='ocrx_word' id='word_1_342' title='bbox 3190 2480 3366 2536; x_wconf 87' lang='grc' dir='ltr'>πάντα</span> <span class='ocrx_word' id='word_1_343' title='bbox 3425 2478 3763 2555; x_wconf 72' lang='grc' dir='ltr'>διεπέμψαντο</span> <span class='ocrx_word' id='word_1_344' title='bbox 3809 2476 3861 2530; x_wconf 79' lang='grc' dir='ltr'><strong>τὰ</strong></span> 
     </span>
    </p>
   </div>
   <div class='ocr_carea' id='block_1_48' title="bbox 504 2556 2132 2642">
    <p class='ocr_par' dir='ltr' id='par_1_48' title="bbox 504 2566 2132 2641">
     <span class='ocr_line' id='line_1_48' title="bbox 504 2566 2132 2641; baseline -0.005 -16"><span class='ocrx_word' id='word_1_345' title='bbox 504 2586 612 2624; x_wconf 86' lang='lat' dir='ltr'><strong>nes</strong></span> <span class='ocrx_word' id='word_1_346' title='bbox 655 2578 862 2641; x_wconf 79' lang='lat' dir='ltr'><strong>gentes</strong></span> <span class='ocrx_word' id='word_1_347' title='bbox 914 2572 988 2626; x_wconf 92' lang='lat' dir='ltr'><strong>ad</strong></span> <span class='ocrx_word' id='word_1_348' title='bbox 1046 2573 1277 2626; x_wconf 70' lang='lat' dir='ltr'><strong>Judmos</strong></span> <span class='ocrx_word' id='word_1_349' title='bbox 1318 2569 1779 2632; x_wconf 86' lang='lat' dir='ltr'><strong>transmiserint,</strong></span> <span class='ocrx_word' id='word_1_350' title='bbox 1812 2566 2132 2635; x_wconf 67' lang='lat' dir='ltr'><strong>ubicunqu:</strong></span> 
     </span>
    </p>
   </div>
   <div class='ocr_carea' id='block_1_49' title="bbox 2239 2556 3863 2642">
    <p class='ocr_par' dir='ltr' id='par_1_49' title="bbox 2262 2556 3863 2642">
     <span class='ocr_line' id='line_1_49' title="bbox 2262 2556 3863 2642; baseline 0.005 -28"><span class='ocrx_word' id='word_1_351' title='bbox 2262 2556 2384 2631; x_wconf 84' lang='grc' dir='ltr'>ἔθνη</span> <span class='ocrx_word' id='word_1_352' title='bbox 2438 2568 2554 2626; x_wconf 91' lang='grc' dir='ltr'>τοῖς</span> <span class='ocrx_word' id='word_1_353' title='bbox 2614 2567 2926 2642; x_wconf 80' lang='grc' dir='ltr'>ἁπανταχοῦ</span> <span class='ocrx_word' id='word_1_354' title='bbox 2987 2566 3293 2641; x_wconf 75' lang='grc' dir='ltr'>Ἰουδαίοις,</span> <span class='ocrx_word' id='word_1_355' title='bbox 3367 2565 3737 2630; x_wconf 75' lang='grc' dir='ltr'>διαϐάλλοντες</span> <span class='ocrx_word' id='word_1_356' title='bbox 3783 2567 3863 2635; x_wconf 75' lang='grc' dir='ltr'><strong>τὴν</strong></span> 
     </span>
    </p>
   </div>
   <div class='ocr_carea' id='block_1_50' title="bbox 502 2652 2132 2736">
    <p class='ocr_par' dir='ltr' id='par_1_50' title="bbox 502 2654 2129 2729">
     <span class='ocr_line' id='line_1_50' title="bbox 502 2654 2129 2729; baseline -0.003 -17"><span class='ocrx_word' id='word_1_357' title='bbox 502 2658 753 2729; x_wconf 87' lang='lat' dir='ltr'><strong>dispersi</strong></span> <span class='ocrx_word' id='word_1_358' title='bbox 786 2665 1004 2726; x_wconf 87' lang='lat' dir='ltr'><strong>essent,</strong></span> <span class='ocrx_word' id='word_1_359' title='bbox 1037 2661 1252 2714; x_wconf 83' lang='lat' dir='ltr'><strong>Christi</strong></span> <span class='ocrx_word' id='word_1_360' title='bbox 1311 2660 1643 2714; x_wconf 89' lang='lat' dir='ltr'><strong>doctrinam</strong></span> <span class='ocrx_word' id='word_1_361' title='bbox 1695 2654 2129 2711; x_wconf 88' lang='lat' dir='ltr'><strong>calumniantes</strong></span> 
     </span>
    </p>
   </div>
   <div class='ocr_carea' id='block_1_51' title="bbox 2239 2652 3860 2736">
    <p class='ocr_par' dir='ltr' id='par_1_51' title="bbox 2260 2652 3860 2736">
     <span class='ocr_line' id='line_1_51' title="bbox 2260 2652 3860 2736; baseline 0.004 -33"><span class='ocrx_word' id='word_1_362' title='bbox 2260 2654 2356 2704; x_wconf 86' lang='grc' dir='ltr'><strong>τοῦ</strong></span> <span class='ocrx_word' id='word_1_363' title='bbox 2386 2653 2622 2727; x_wconf 86' lang='grc' dir='ltr'>Χριστοῦ</span> <span class='ocrx_word' id='word_1_364' title='bbox 2681 2652 3052 2728; x_wconf 82' lang='grc' dir='ltr'>διδασκαλίαν,</span> <span class='ocrx_word' id='word_1_365' title='bbox 3112 2660 3185 2720; x_wconf 88' lang='grc' dir='ltr'>ὠς</span> <span class='ocrx_word' id='word_1_366' title='bbox 3238 2657 3541 2736; x_wconf 85' lang='grc' dir='ltr'>ἀλλοτρίαν</span> <span class='ocrx_word' id='word_1_367' title='bbox 3596 2663 3684 2715; x_wconf 87' lang='grc' dir='ltr'>τοῦ</span> <span class='ocrx_word' id='word_1_368' title='bbox 3733 2659 3860 2723; x_wconf 81' lang='grc' dir='ltr'>Θεοῦ,</span> 
     </span>
    </p>
   </div>
   <div class='ocr_carea' id='block_1_52' title="bbox 502 2739 2132 2825">
    <p class='ocr_par' dir='ltr' id='par_1_52' title="bbox 502 2748 2132 2817">
     <span class='ocr_line' id='line_1_52' title="bbox 502 2748 2132 2817; baseline -0.003 -17"><span class='ocrx_word' id='word_1_369' title='bbox 502 2752 787 2817; x_wconf 89' lang='lat' dir='ltr'><strong>tanquam</strong></span> <span class='ocrx_word' id='word_1_370' title='bbox 819 2766 853 2802; x_wconf 91' lang='lat' dir='ltr'><strong>a</strong></span> <span class='ocrx_word' id='word_1_371' title='bbox 880 2750 998 2803; x_wconf 92' lang='lat' dir='ltr'><strong>Deo</strong></span> <span class='ocrx_word' id='word_1_372' title='bbox 1030 2748 1285 2803; x_wconf 88' lang='lat' dir='ltr'><strong>alienam</strong></span> <span class='ocrx_word' id='word_1_373' title='bbox 1312 2765 1324 2802; x_wconf 89' lang='lat'><strong>:</strong></span> <span class='ocrx_word' id='word_1_374' title='bbox 1350 2749 1791 2803; x_wconf 87' lang='lat' dir='ltr'><strong>admonuerunt</strong></span> <span class='ocrx_word' id='word_1_375' title='bbox 1820 2748 2017 2798; x_wconf 90' lang='lat' dir='ltr'><strong>autem</strong></span> <span class='ocrx_word' id='word_1_376' title='bbox 2048 2758 2132 2813; x_wconf 66' lang='lat' dir='ltr'><strong>pe]</strong></span> 
     </span>
    </p>
   </div>
   <div class='ocr_carea' id='block_1_53' title="bbox 2239 2739 3857 2825">
    <p class='ocr_par' dir='ltr' id='par_1_53' title="bbox 2259 2739 3857 2825">
     <span class='ocr_line' id='line_1_53' title="bbox 2259 2739 3857 2825; baseline 0.003 -32"><span class='ocrx_word' id='word_1_377' title='bbox 2259 2739 2642 2816; x_wconf 62' lang='grc' dir='ltr'>παρήγγελλὼ</span> <span class='ocrx_word' id='word_1_378' title='bbox 2674 2763 2732 2799; x_wconf 91' lang='grc' dir='ltr'><strong>τε</strong></span> <span class='ocrx_word' id='word_1_379' title='bbox 2780 2741 2852 2799; x_wconf 88' lang='grc' dir='ltr'><strong>δι’</strong></span> <span class='ocrx_word' id='word_1_380' title='bbox 2897 2744 3199 2803; x_wconf 83' lang='grc' dir='ltr'>ἐπιστολῶν</span> <span class='ocrx_word' id='word_1_381' title='bbox 3251 2750 3326 2823; x_wconf 85' lang='grc' dir='ltr'>μή</span> <span class='ocrx_word' id='word_1_382' title='bbox 3392 2746 3758 2825; x_wconf 78' lang='grc' dir='ltr'>παραδέξασθαι</span> <span class='ocrx_word' id='word_1_383' title='bbox 3784 2743 3857 2799; x_wconf 77' lang='grc' dir='ltr'><strong>αὖ·</strong></span> 
     </span>
    </p>
   </div>
   <div class='ocr_carea' id='block_1_54' title="bbox 501 2829 2132 2910">
    <p class='ocr_par' dir='ltr' id='par_1_54' title="bbox 501 2833 2132 2908">
     <span class='ocr_line' id='line_1_54' title="bbox 501 2833 2132 2908; baseline -0.002 -20"><span class='ocrx_word' id='word_1_384' title='bbox 501 2836 807 2906; x_wconf 82' lang='lat' dir='ltr'><strong>epistolas,</strong></span> <span class='ocrx_word' id='word_1_385' title='bbox 842 2854 916 2891; x_wconf 91' lang='lat' dir='ltr'><strong>ne</strong></span> <span class='ocrx_word' id='word_1_386' title='bbox 948 2853 1077 2892; x_wconf 88' lang='lat' dir='ltr'><strong>eam</strong></span> <span class='ocrx_word' id='word_1_387' title='bbox 1097 2837 1488 2908; x_wconf 89' lang='lat' dir='ltr'><strong>susciperent.</strong></span> <span class='ocrx_word' id='word_1_388' title='bbox 1513 2842 1701 2906; x_wconf 86' lang='lat' dir='ltr'><strong>Atque</strong></span> <span class='ocrx_word' id='word_1_389' title='bbox 1725 2833 1979 2904; x_wconf 89' lang='lat' dir='ltr'><strong>idipsum</strong></span> <span class='ocrx_word' id='word_1_390' title='bbox 2008 2847 2132 2886; x_wconf 62' lang='lat' dir='ltr'><strong>sane</strong></span> 
     </span>
    </p>
   </div>
   <div class='ocr_carea' id='block_1_55' title="bbox 2239 2829 3855 2910">
    <p class='ocr_par' dir='ltr' id='par_1_55' title="bbox 2258 2829 3855 2910">
     <span class='ocr_line' id='line_1_55' title="bbox 2258 2829 3855 2910; baseline 0.003 -27"><span class='ocrx_word' id='word_1_391' title='bbox 2258 2829 2379 2898; x_wconf 80' lang='grc' dir='ltr'><strong>τὴν.</strong></span> <span class='ocrx_word' id='word_1_392' title='bbox 2412 2832 2587 2886; x_wconf 89' lang='grc' dir='ltr'>Τοῦτο</span> <span class='ocrx_word' id='word_1_393' title='bbox 2630 2829 2695 2902; x_wconf 79' lang='grc' dir='ltr'>δὴ</span> <span class='ocrx_word' id='word_1_394' title='bbox 2729 2832 2860 2890; x_wconf 71' lang='grc' dir='ltr'>αὐτὸ</span> <span class='ocrx_word' id='word_1_395' title='bbox 2908 2836 3188 2909; x_wconf 79' lang='grc' dir='ltr'>σημαίνειν</span> <span class='ocrx_word' id='word_1_396' title='bbox 3251 2836 3402 2894; x_wconf 79' lang='grc' dir='ltr'>ἔοικε</span> <span class='ocrx_word' id='word_1_397' title='bbox 3457 2840 3546 2894; x_wconf 84' lang='grc' dir='ltr'><strong>καὶ</strong></span> <span class='ocrx_word' id='word_1_398' title='bbox 3599 2840 3633 2908; x_wconf 79' lang='grc' dir='ltr'>ἡ</span> <span class='ocrx_word' id='word_1_399' title='bbox 3672 2835 3855 2910; x_wconf 75' lang='grc' dir='ltr'>λέγουσα</span> 
     </span>
    </p>
   </div>
   <div class='ocr_carea' id='block_1_56' title="bbox 500 2919 2132 3005">
    <p class='ocr_par' dir='ltr' id='par_1_56' title="bbox 500 2921 2132 2998">
     <span class='ocr_line' id='line_1_56' title="bbox 500 2921 2132 2998; baseline -0.002 -20"><span class='ocrx_word' id='word_1_400' title='bbox 500 2924 732 2979; x_wconf 82' lang='lat' dir='ltr'><strong>videtur</strong></span> <span class='ocrx_word' id='word_1_401' title='bbox 764 2926 929 2981; x_wconf 73' lang='lat' dir='ltr'><strong>Isaia)</strong></span> <span class='ocrx_word' id='word_1_402' title='bbox 980 2926 1292 2998; x_wconf 86' lang='lat' dir='ltr'><strong>prophetia</strong></span> <span class='ocrx_word' id='word_1_403' title='bbox 1334 2926 1597 2981; x_wconf 86' lang='lat' dir='ltr'><strong>indicare</strong></span> <span class='ocrx_word' id='word_1_404' title='bbox 1641 2940 1777 2979; x_wconf 90' lang='lat' dir='ltr'><strong>cum</strong></span> <span class='ocrx_word' id='word_1_405' title='bbox 1826 2922 1908 2977; x_wconf 89' lang='lat' dir='ltr'><strong>ait</strong></span> <span class='ocrx_word' id='word_1_406' title='bbox 1948 2939 2019 2977; x_wconf 85' lang='grc'><strong>;‹‹</strong></span> <span class='ocrx_word' id='word_1_407' title='bbox 2057 2921 2132 2974; x_wconf 83' lang='lat' dir='ltr'><strong>Va</strong></span> 
     </span>
    </p>
   </div>
   <div class='ocr_carea' id='block_1_57' title="bbox 2239 2919 3845 3005">
    <p class='ocr_par' dir='ltr' id='par_1_57' title="bbox 2258 2919 3845 3005">
     <span class='ocr_line' id='line_1_57' title="bbox 2258 2919 3845 3005; baseline 0.012 -35"><span class='ocrx_word' id='word_1_408' title='bbox 2258 2919 2565 2998; x_wconf 74' lang='grc' dir='ltr'>προφητεία</span> <span class='ocrx_word' id='word_1_409' title='bbox 2593 2920 2840 2977; x_wconf 76' lang='grc' dir='ltr'>Ἡσαΐου·</span> <span class='ocrx_word' id='word_1_410' title='bbox 2906 2925 3103 2982; x_wconf 80' lang='grc' dir='ltr'>«Οὐαὶ</span> <span class='ocrx_word' id='word_1_411' title='bbox 3159 2934 3287 3005; x_wconf 79' lang='grc' dir='ltr'>γῆς,</span> <span class='ocrx_word' id='word_1_412' title='bbox 3345 2925 3565 2984; x_wconf 82' lang='grc' dir='ltr'>πλοίων</span> <span class='ocrx_word' id='word_1_413' title='bbox 3619 2927 3845 3000; x_wconf 68' lang='grc' dir='ltr'>πτέρυγεῆ</span> 
     </span>
    </p>
   </div>
   <div class='ocr_carea' id='block_1_58' title="bbox 500 3005 2132 3087">
    <p class='ocr_par' dir='ltr' id='par_1_58' title="bbox 500 3008 2132 3084">
     <span class='ocr_line' id='line_1_58' title="bbox 500 3008 2132 3084; baseline -0.004 -16"><span class='ocrx_word' id='word_1_414' title='bbox 500 3018 694 3083; x_wconf 64' lang='lat' dir='ltr'><strong>terraa,</strong></span> <span class='ocrx_word' id='word_1_415' title='bbox 726 3016 963 3070; x_wconf 79' lang='lat' dir='ltr'><strong>navium</strong></span> <span class='ocrx_word' id='word_1_416' title='bbox 987 3016 1116 3084; x_wconf 77' lang='lat' dir='ltr'><strong>alas,</strong></span> <span class='ocrx_word' id='word_1_417' title='bbox 1151 3023 1313 3071; x_wconf 87' lang='lat' dir='ltr'><strong>trans</strong></span> <span class='ocrx_word' id='word_1_418' title='bbox 1345 3014 1594 3070; x_wconf 88' lang='lat' dir='ltr'><strong>ﬂumina</strong></span> <span class='ocrx_word' id='word_1_419' title='bbox 1626 3011 1954 3083; x_wconf 64' lang='lat' dir='ltr'><strong>Ethiopian,</strong></span> <span class='ocrx_word' id='word_1_420' title='bbox 1991 3008 2132 3082; x_wconf 72' lang='grc' dir='ltr'>(ἀποι</span> 
     </span>
    </p>
   </div>
   <div class='ocr_carea' id='block_1_59' title="bbox 2239 3005 3848 3087">
    <p class='ocr_par' dir='ltr' id='par_1_59' title="bbox 2260 3005 3848 3087">
     <span class='ocr_line' id='line_1_59' title="bbox 2260 3005 3848 3087; baseline 0.001 -25"><span class='ocrx_word' id='word_1_421' title='bbox 2260 3005 2500 3064; x_wconf 75' lang='grc' dir='ltr'>ἐπέκεινα</span> <span class='ocrx_word' id='word_1_422' title='bbox 2524 3015 2785 3084; x_wconf 77' lang='grc' dir='ltr'>ποταμῶν</span> <span class='ocrx_word' id='word_1_423' title='bbox 2818 3013 3123 3087; x_wconf 82' lang='grc' dir='ltr'>Αἰθιοπίας,</span> <span class='ocrx_word' id='word_1_424' title='bbox 3154 3015 3516 3074; x_wconf 75' lang='grc' dir='ltr'>ἀποστέλλων</span> <span class='ocrx_word' id='word_1_425' title='bbox 3567 3015 3616 3072; x_wconf 85' lang='grc' dir='ltr'><strong>ἐν</strong></span> <span class='ocrx_word' id='word_1_426' title='bbox 3660 3012 3848 3083; x_wconf 73' lang='grc' dir='ltr'>θαλάσσῃ</span> 
     </span>
    </p>
   </div>
   <div class='ocr_carea' id='block_1_60' title="bbox 500 3096 2132 3179">
    <p class='ocr_par' dir='ltr' id='par_1_60' title="bbox 500 3098 2132 3177">
     <span class='ocr_line' id='line_1_60' title="bbox 500 3098 2132 3177; baseline -0.004 -20"><span class='ocrx_word' id='word_1_427' title='bbox 500 3100 727 3172; x_wconf 76' lang='grc' dir='ltr'>στὲλων)</span> <span class='ocrx_word' id='word_1_428' title='bbox 759 3106 858 3176; x_wconf 91' lang='lat' dir='ltr'><strong>qui</strong></span> <span class='ocrx_word' id='word_1_429' title='bbox 890 3106 1074 3160; x_wconf 89' lang='lat' dir='ltr'><strong>mittit</strong></span> <span class='ocrx_word' id='word_1_430' title='bbox 1102 3122 1209 3177; x_wconf 92' lang='lat' dir='ltr'><strong>per</strong></span> <span class='ocrx_word' id='word_1_431' title='bbox 1237 3123 1400 3161; x_wconf 87' lang='lat' dir='ltr'><strong>mare</strong></span> <span class='ocrx_word' id='word_1_432' title='bbox 1459 3104 1696 3160; x_wconf 90' lang='lat' dir='ltr'><strong>obsides</strong></span> <span class='ocrx_word' id='word_1_433' title='bbox 1754 3107 1814 3157; x_wconf 91' lang='lat' dir='ltr'><strong>et</strong></span> <span class='ocrx_word' id='word_1_434' title='bbox 1864 3098 2132 3172; x_wconf 73' lang='lat' dir='ltr'><strong>epistola:</strong></span> 
     </span>
    </p>
   </div>
   <div class='ocr_carea' id='block_1_61' title="bbox 2239 3096 3856 3179">
    <p class='ocr_par' dir='ltr' id='par_1_61' title="bbox 2259 3096 3856 3179">
     <span class='ocr_line' id='line_1_61' title="bbox 2259 3096 3856 3179; baseline 0.002 -28"><span class='ocrx_word' id='word_1_435' title='bbox 2259 3096 2465 3174; x_wconf 81' lang='grc' dir='ltr'>ὅμηρα,</span> <span class='ocrx_word' id='word_1_436' title='bbox 2497 3100 2588 3154; x_wconf 81' lang='grc' dir='ltr'><strong>καὶ</strong></span> <span class='ocrx_word' id='word_1_437' title='bbox 2632 3098 2926 3166; x_wconf 82' lang='grc' dir='ltr'>ἐπιστολὰς</span> <span class='ocrx_word' id='word_1_438' title='bbox 2964 3100 3225 3179; x_wconf 76' lang='grc' dir='ltr'>βυϐλίνας</span> <span class='ocrx_word' id='word_1_439' title='bbox 3253 3104 3439 3163; x_wconf 79' lang='grc' dir='ltr'>ἐπάνω</span> <span class='ocrx_word' id='word_1_440' title='bbox 3494 3111 3587 3163; x_wconf 87' lang='grc' dir='ltr'><strong>τοῦ</strong></span> <span class='ocrx_word' id='word_1_441' title='bbox 3636 3102 3856 3162; x_wconf 73' lang='grc' dir='ltr'>ὕδατος.»</span> 
     </span>
    </p>
   </div>
   <div class='ocr_carea' id='block_1_62' title="bbox 494 3186 2132 3270">
    <p class='ocr_par' dir='ltr' id='par_1_62' title="bbox 494 3188 2132 3266">
     <span class='ocr_line' id='line_1_62' title="bbox 494 3188 2132 3266; baseline -0.005 -16"><span class='ocrx_word' id='word_1_442' title='bbox 494 3210 861 3264; x_wconf 81' lang='lat' dir='ltr'><strong>papyraceas</strong></span> <span class='ocrx_word' id='word_1_443' title='bbox 892 3212 1071 3266; x_wconf 89' lang='lat' dir='ltr'><strong>super</strong></span> <span class='ocrx_word' id='word_1_444' title='bbox 1100 3212 1316 3265; x_wconf 91' lang='lat' dir='ltr'><strong>aquam</strong></span> <span class='ocrx_word' id='word_1_445' title='bbox 1347 3195 1412 3252; x_wconf 70' lang='grc'><strong>’⁵.</strong></span> <span class='ocrx_word' id='word_1_446' title='bbox 1452 3217 1478 3244; x_wconf 74' lang='grc' dir='ltr'>ι)</span> <span class='ocrx_word' id='word_1_447' title='bbox 1526 3198 1632 3249; x_wconf 84' lang='lat' dir='ltr'><strong>Per</strong></span> <span class='ocrx_word' id='word_1_448' title='bbox 1662 3192 1819 3264; x_wconf 91' lang='lat' dir='ltr'><strong>quod</strong></span> <span class='ocrx_word' id='word_1_449' title='bbox 1852 3188 2132 3262; x_wconf 81' lang='lat' dir='ltr'><strong>significa1</strong></span> 
     </span>
    </p>
   </div>
   <div class='ocr_carea' id='block_1_63' title="bbox 2239 3186 3859 3270">
    <p class='ocr_par' dir='ltr' id='par_1_63' title="bbox 2261 3186 3859 3270">
     <span class='ocr_line' id='line_1_63' title="bbox 2261 3186 3859 3270; baseline 0.004 -28"><span class='ocrx_word' id='word_1_450' title='bbox 2261 3189 2338 3242; x_wconf 88' lang='grc' dir='ltr'><strong>Δι’</strong></span> <span class='ocrx_word' id='word_1_451' title='bbox 2370 3186 2432 3243; x_wconf 80' lang='grc' dir='ltr'>οὗ</span> <span class='ocrx_word' id='word_1_452' title='bbox 2459 3190 2713 3263; x_wconf 80' lang='grc' dir='ltr'>σημαίνει</span> <span class='ocrx_word' id='word_1_453' title='bbox 2747 3192 2822 3255; x_wconf 86' lang='grc' dir='ltr'><strong>ὡς</strong></span> <span class='ocrx_word' id='word_1_454' title='bbox 2861 3193 2951 3248; x_wconf 84' lang='grc' dir='ltr'><strong>καὶ</strong></span> <span class='ocrx_word' id='word_1_455' title='bbox 3008 3198 3171 3270; x_wconf 76' lang='grc' dir='ltr'>πέραν</span> <span class='ocrx_word' id='word_1_456' title='bbox 3230 3202 3329 3266; x_wconf 85' lang='grc' dir='ltr'>τῆς</span> <span class='ocrx_word' id='word_1_457' title='bbox 3398 3197 3658 3262; x_wconf 82' lang='grc' dir='ltr'>Αἰθιόπων</span> <span class='ocrx_word' id='word_1_458' title='bbox 3703 3193 3859 3267; x_wconf 77' lang='grc' dir='ltr'>χώρας</span> 
     </span>
    </p>
   </div>
   <div class='ocr_carea' id='block_1_64' title="bbox 496 3250 2132 3360">
    <p class='ocr_par' dir='ltr' id='par_1_64' title="bbox 496 3250 2132 3355">
     <span class='ocr_line' id='line_1_64' title="bbox 496 3250 2132 3355; baseline -0.001 -21"><span class='ocrx_word' id='word_1_459' title='bbox 496 3250 655 3351; x_wconf 71' lang='lat' dir='ltr'><strong>qubd</strong></span> <span class='ocrx_word' id='word_1_460' title='bbox 687 3283 843 3337; x_wconf 87' lang='lat' dir='ltr'><strong>ultra</strong></span> <span class='ocrx_word' id='word_1_461' title='bbox 872 3250 1209 3354; x_wconf 53' lang='lat' dir='ltr'><strong>[EtbiOpuln</strong></span> <span class='ocrx_word' id='word_1_462' title='bbox 1242 3300 1477 3355; x_wconf 87' lang='lat' dir='ltr'><strong>quoque</strong></span> <span class='ocrx_word' id='word_1_463' title='bbox 1507 3250 1780 3355; x_wconf 75' lang='lat' dir='ltr'><strong>regiones</strong></span> <span class='ocrx_word' id='word_1_464' title='bbox 1831 3250 2132 3336; x_wconf 54' lang='lat' dir='ltr'><strong>acvnovis-</strong></span> 
     </span>
    </p>
   </div>
   <div class='ocr_carea' id='block_1_65' title="bbox 2239 3250 3861 3360">
    <p class='ocr_par' dir='ltr' id='par_1_65' title="bbox 2259 3250 3861 3360">
     <span class='ocr_line' id='line_1_65' title="bbox 2259 3250 3861 3360; baseline 0.009 -32"><span class='ocrx_word' id='word_1_465' title='bbox 2259 3274 2349 3328; x_wconf 82' lang='grc' dir='ltr'><strong>καὶ</strong></span> <span class='ocrx_word' id='word_1_466' title='bbox 2380 3278 2487 3329; x_wconf 81' lang='grc' dir='ltr'>τῶν</span> <span class='ocrx_word' id='word_1_467' title='bbox 2520 3250 2787 3353; x_wconf 72' lang='grc' dir='ltr'>έσχατιῶν</span> <span class='ocrx_word' id='word_1_468' title='bbox 2844 3282 2943 3349; x_wconf 77' lang='grc' dir='ltr'><strong>τῆς</strong></span> <span class='ocrx_word' id='word_1_469' title='bbox 2993 3250 3096 3358; x_wconf 68' lang='grc' dir='ltr'>γῆς</span> <span class='ocrx_word' id='word_1_470' title='bbox 3145 3283 3172 3336; x_wconf 88' lang='grc' dir='ltr'>ὁ</span> <span class='ocrx_word' id='word_1_471' title='bbox 3200 3250 3300 3348; x_wconf 70' lang='grc' dir='ltr'><strong>τῆς</strong></span> <span class='ocrx_word' id='word_1_472' title='bbox 3331 3284 3601 3360; x_wconf 81' lang='grc' dir='ltr'>πονηρίας</span> <span class='ocrx_word' id='word_1_473' title='bbox 3627 3250 3755 3357; x_wconf 58' lang='grc' dir='ltr'>ἧχξς</span> <span class='ocrx_word' id='word_1_474' title='bbox 3776 3280 3861 3333; x_wconf 67' lang='grc' dir='ltr'><strong>τῶν</strong></span> 
     </span>
    </p>
   </div>
   <div class='ocr_carea' id='block_1_66' title="bbox 502 3362 2132 3454">
    <p class='ocr_par' dir='ltr' id='par_1_66' title="bbox 502 3370 2132 3443">
     <span class='ocr_line' id='line_1_66' title="bbox 502 3370 2132 3443; baseline -0.002 -17"><span class='ocrx_word' id='word_1_475' title='bbox 502 3372 655 3426; x_wconf 88' lang='lat' dir='ltr'><strong>sima</strong></span> <span class='ocrx_word' id='word_1_476' title='bbox 685 3377 857 3427; x_wconf 65' lang='lat' dir='ltr'><strong>terra:</strong></span> <span class='ocrx_word' id='word_1_477' title='bbox 870 3373 1019 3441; x_wconf 90' lang='lat' dir='ltr'><strong>loca,</strong></span> <span class='ocrx_word' id='word_1_478' title='bbox 1037 3391 1217 3429; x_wconf 90' lang='lat' dir='ltr'><strong>sonus</strong></span> <span class='ocrx_word' id='word_1_479' title='bbox 1238 3374 1481 3429; x_wconf 74' lang='lat' dir='ltr'><strong>malitiae</strong></span> <span class='ocrx_word' id='word_1_480' title='bbox 1503 3390 1730 3438; x_wconf 92' lang='lat' dir='ltr'><strong>eorum,</strong></span> <span class='ocrx_word' id='word_1_481' title='bbox 1760 3372 1861 3443; x_wconf 90' lang='lat' dir='ltr'><strong>qui</strong></span> <span class='ocrx_word' id='word_1_482' title='bbox 1886 3370 2132 3425; x_wconf 67' lang='lat' dir='ltr'><strong>Judaaau</strong></span> 
     </span>
    </p>
   </div>
   <div class='ocr_carea' id='block_1_67' title="bbox 2239 3362 3866 3454">
    <p class='ocr_par' dir='ltr' id='par_1_67' title="bbox 2255 3362 3866 3454">
     <span class='ocr_line' id='line_1_67' title="bbox 2255 3362 3866 3454; baseline 0.001 -38"><span class='ocrx_word' id='word_1_483' title='bbox 2255 3365 2353 3433; x_wconf 76' lang='grc' dir='ltr'><strong>τὴν</strong></span> <span class='ocrx_word' id='word_1_484' title='bbox 2386 3362 2653 3421; x_wconf 78' lang='grc' dir='ltr'>Ἰουδαίαν</span> <span class='ocrx_word' id='word_1_485' title='bbox 2675 3367 2971 3426; x_wconf 74' lang='grc' dir='ltr'>οἰκούντων</span> <span class='ocrx_word' id='word_1_486' title='bbox 3001 3368 3092 3426; x_wconf 86' lang='grc' dir='ltr'><strong>διά</strong></span> <span class='ocrx_word' id='word_1_487' title='bbox 3136 3393 3296 3428; x_wconf 87' lang='grc' dir='ltr'>τινων</span> <span class='ocrx_word' id='word_1_488' title='bbox 3360 3375 3548 3454; x_wconf 72' lang='grc' dir='ltr'>ὧφπερ</span> <span class='ocrx_word' id='word_1_489' title='bbox 3600 3370 3866 3441; x_wconf 74' lang='grc' dir='ltr'>ἱπταμένων</span> 
     </span>
    </p>
   </div>
   <div class='ocr_carea' id='block_1_68' title="bbox 495 3451 2132 3533">
    <p class='ocr_par' dir='ltr' id='par_1_68' title="bbox 495 3457 2132 3533">
     <span class='ocr_line' id='line_1_68' title="bbox 495 3457 2132 3533; baseline -0.002 -20"><span class='ocrx_word' id='word_1_490' title='bbox 495 3459 837 3515; x_wconf 85' lang='lat' dir='ltr'><strong>inhabitant</strong></span> <span class='ocrx_word' id='word_1_491' title='bbox 866 3478 971 3532; x_wconf 90' lang='lat' dir='ltr'><strong>per</strong></span> <span class='ocrx_word' id='word_1_492' title='bbox 1010 3462 1282 3533; x_wconf 68' lang='lat' dir='ltr'><strong>quaedam</strong></span> <span class='ocrx_word' id='word_1_493' title='bbox 1338 3463 1500 3517; x_wconf 89' lang='lat' dir='ltr'><strong>velut</strong></span> <span class='ocrx_word' id='word_1_494' title='bbox 1554 3461 1864 3516; x_wconf 86' lang='lat' dir='ltr'><strong>volitantia</strong></span> <span class='ocrx_word' id='word_1_495' title='bbox 1920 3457 2132 3529; x_wconf 75' lang='lat' dir='ltr'><strong>navigit</strong></span> 
     </span>
    </p>
   </div>
   <div class='ocr_carea' id='block_1_69' title="bbox 2239 3451 3865 3533">
    <p class='ocr_par' dir='ltr' id='par_1_69' title="bbox 2254 3451 3865 3530">
     <span class='ocr_line' id='line_1_69' title="bbox 2254 3451 3865 3530; baseline 0.006 -24"><span class='ocrx_word' id='word_1_496' title='bbox 2254 3451 2466 3508; x_wconf 79' lang='grc' dir='ltr'>πλοίων</span> <span class='ocrx_word' id='word_1_497' title='bbox 2498 3454 2797 3530; x_wconf 72' lang='grc' dir='ltr'>προῆλθεν,</span> <span class='ocrx_word' id='word_1_498' title='bbox 2828 3457 2881 3512; x_wconf 71' lang='grc' dir='ltr'><strong>οἵ</strong></span> <span class='ocrx_word' id='word_1_499' title='bbox 2915 3480 2974 3514; x_wconf 84' lang='grc' dir='ltr'><strong>τε</strong></span> <span class='ocrx_word' id='word_1_500' title='bbox 3029 3459 3332 3518; x_wconf 81' lang='grc' dir='ltr'>ἀπόστολοι</span> <span class='ocrx_word' id='word_1_501' title='bbox 3398 3451 3564 3520; x_wconf 82' lang='grc' dir='ltr'>αὐτῶν</span> <span class='ocrx_word' id='word_1_502' title='bbox 3605 3455 3865 3515; x_wconf 78' lang='grc' dir='ltr'>ἐπιστολὰς</span> 
     </span>
    </p>
   </div>
   <div class='ocr_carea' id='block_1_70' title="bbox 494 3536 2132 3627">
    <p class='ocr_par' dir='ltr' id='par_1_70' title="bbox 494 3549 2132 3623">
     <span class='ocr_line' id='line_1_70' title="bbox 494 3549 2132 3623; baseline -0.001 -20"><span class='ocrx_word' id='word_1_503' title='bbox 494 3550 849 3620; x_wconf 87' lang='lat' dir='ltr'><strong>processerit</strong></span> <span class='ocrx_word' id='word_1_504' title='bbox 877 3568 888 3604; x_wconf 92' lang='lat'><strong>:</strong></span> <span class='ocrx_word' id='word_1_505' title='bbox 922 3556 981 3605; x_wconf 91' lang='lat' dir='ltr'><strong>et</strong></span> <span class='ocrx_word' id='word_1_506' title='bbox 1013 3568 1218 3606; x_wconf 86' lang='lat' dir='ltr'><strong>eorum</strong></span> <span class='ocrx_word' id='word_1_507' title='bbox 1250 3550 1503 3623; x_wconf 80' lang='lat' dir='ltr'><strong>apestoli</strong></span> <span class='ocrx_word' id='word_1_508' title='bbox 1555 3549 1836 3621; x_wconf 89' lang='lat' dir='ltr'><strong>epistolas</strong></span> <span class='ocrx_word' id='word_1_509' title='bbox 1892 3561 2132 3621; x_wconf 79' lang='lat' dir='ltr'><strong>papyre.-</strong></span> 
     </span>
    </p>
   </div>
   <div class='ocr_carea' id='block_1_71' title="bbox 2239 3536 3862 3627">
    <p class='ocr_par' dir='ltr' id='par_1_71' title="bbox 2259 3536 3862 3627">
     <span class='ocr_line' id='line_1_71' title="bbox 2259 3536 3862 3627; baseline 0.001 -32"><span class='ocrx_word' id='word_1_510' title='bbox 2259 3536 2521 3617; x_wconf 62' lang='grc' dir='ltr'>βυϐλίνας</span> <span class='ocrx_word' id='word_1_511' title='bbox 2577 3543 3011 3620; x_wconf 83' lang='grc' dir='ltr'>ἐπικομιζόνενοι</span> <span class='ocrx_word' id='word_1_512' title='bbox 3045 3596 3061 3621; x_wconf 91' lang='grc'><strong>,</strong></span> <span class='ocrx_word' id='word_1_513' title='bbox 3121 3550 3373 3627; x_wconf 78' lang='grc' dir='ltr'>ὑπεράνω</span> <span class='ocrx_word' id='word_1_514' title='bbox 3425 3576 3479 3610; x_wconf 87' lang='grc' dir='ltr'>τε</span> <span class='ocrx_word' id='word_1_515' title='bbox 3523 3556 3619 3607; x_wconf 80' lang='grc' dir='ltr'><strong>τῶν</strong></span> <span class='ocrx_word' id='word_1_516' title='bbox 3675 3544 3862 3602; x_wconf 79' lang='grc' dir='ltr'>ὑδάτων</span> 
     </span>
    </p>
   </div>
   <div class='ocr_carea' id='block_1_72' title="bbox 504 3629 2132 3717">
    <p class='ocr_par' dir='ltr' id='par_1_72' title="bbox 504 3639 2132 3714">
     <span class='ocr_line' id='line_1_72' title="bbox 504 3639 2132 3714; baseline 0.002 -19"><span class='ocrx_word' id='word_1_517' title='bbox 504 3656 638 3696; x_wconf 83' lang='lat' dir='ltr'><strong>ceas</strong></span> <span class='ocrx_word' id='word_1_518' title='bbox 664 3639 1020 3711; x_wconf 86' lang='lat' dir='ltr'><strong>deferentes,</strong></span> <span class='ocrx_word' id='word_1_519' title='bbox 1055 3648 1113 3697; x_wconf 91' lang='lat' dir='ltr'><strong>et</strong></span> <span class='ocrx_word' id='word_1_520' title='bbox 1142 3659 1320 3714; x_wconf 91' lang='lat' dir='ltr'><strong>super</strong></span> <span class='ocrx_word' id='word_1_521' title='bbox 1348 3659 1533 3713; x_wconf 88' lang='lat' dir='ltr'><strong>aquas</strong></span> <span class='ocrx_word' id='word_1_522' title='bbox 1560 3642 1923 3714; x_wconf 83' lang='lat' dir='ltr'><strong>navigantes,</strong></span> <span class='ocrx_word' id='word_1_523' title='bbox 1956 3658 2132 3698; x_wconf 87' lang='lat' dir='ltr'><strong>mare-</strong></span> 
     </span>
    </p>
   </div>
   <div class='ocr_carea' id='block_1_73' title="bbox 2239 3629 3862 3717">
    <p class='ocr_par' dir='ltr' id='par_1_73' title="bbox 2254 3629 3862 3717">
     <span class='ocr_line' id='line_1_73' title="bbox 2254 3629 3862 3717; baseline 0.013 -34"><span class='ocrx_word' id='word_1_524' title='bbox 2254 3629 2715 3709; x_wconf 80' lang='grc' dir='ltr'>ναυτιλλόμενοι,</span> <span class='ocrx_word' id='word_1_525' title='bbox 2765 3639 2855 3692; x_wconf 82' lang='grc' dir='ltr'><strong>καὶ</strong></span> <span class='ocrx_word' id='word_1_526' title='bbox 2909 3640 2978 3709; x_wconf 75' lang='grc' dir='ltr'><strong>τὴ</strong></span> <span class='ocrx_word' id='word_1_527' title='bbox 3058 3637 3328 3696; x_wconf 76' lang='grc' dir='ltr'>θάλασσαν</span> <span class='ocrx_word' id='word_1_528' title='bbox 3379 3642 3706 3717; x_wconf 73' lang='grc' dir='ltr'>ἐμπλέοντες,</span> <span class='ocrx_word' id='word_1_529' title='bbox 3749 3652 3862 3689; x_wconf 70' lang='grc' dir='ltr'><strong>παν·</strong></span> 
     </span>
    </p>
   </div>
   <div class='ocr_carea' id='block_1_74' title="bbox 497 3720 2132 3805">
    <p class='ocr_par' dir='ltr' id='par_1_74' title="bbox 497 3728 2132 3803">
     <span class='ocr_line' id='line_1_74' title="bbox 497 3728 2132 3803; baseline 0.002 -20"><span class='ocrx_word' id='word_1_530' title='bbox 497 3745 611 3801; x_wconf 92' lang='lat' dir='ltr'><strong>que</strong></span> <span class='ocrx_word' id='word_1_531' title='bbox 644 3728 837 3801; x_wconf 92' lang='lat' dir='ltr'><strong>ipsum</strong></span> <span class='ocrx_word' id='word_1_532' title='bbox 862 3730 1201 3803; x_wconf 87' lang='lat' dir='ltr'><strong>implentes,</strong></span> <span class='ocrx_word' id='word_1_533' title='bbox 1244 3731 1462 3803; x_wconf 90' lang='lat' dir='ltr'><strong>ubique</strong></span> <span class='ocrx_word' id='word_1_534' title='bbox 1496 3737 1787 3786; x_wconf 90' lang='lat' dir='ltr'><strong>terrarum</strong></span> <span class='ocrx_word' id='word_1_535' title='bbox 1846 3731 2132 3787; x_wconf 90' lang='lat' dir='ltr'><strong>discurre-</strong></span> 
     </span>
    </p>
   </div>
   <div class='ocr_carea' id='block_1_75' title="bbox 2239 3720 3860 3805">
    <p class='ocr_par' dir='ltr' id='par_1_75' title="bbox 2250 3720 3860 3805">
     <span class='ocr_line' id='line_1_75' title="bbox 2250 3720 3860 3805; baseline 0.016 -33"><span class='ocrx_word' id='word_1_536' title='bbox 2250 3724 2427 3805; x_wconf 85' lang='grc' dir='ltr'>ταχοῦ</span> <span class='ocrx_word' id='word_1_537' title='bbox 2457 3726 2560 3798; x_wconf 82' lang='grc' dir='ltr'>γῆς</span> <span class='ocrx_word' id='word_1_538' title='bbox 2596 3720 2898 3801; x_wconf 79' lang='grc' dir='ltr'>διέτρεχον,</span> <span class='ocrx_word' id='word_1_539' title='bbox 2930 3728 3020 3783; x_wconf 86' lang='grc' dir='ltr'>τὸν</span> <span class='ocrx_word' id='word_1_540' title='bbox 3080 3729 3205 3805; x_wconf 80' lang='grc' dir='ltr'>περὶ</span> <span class='ocrx_word' id='word_1_541' title='bbox 3262 3735 3361 3785; x_wconf 83' lang='grc' dir='ltr'><strong>τοῦ</strong></span> <span class='ocrx_word' id='word_1_542' title='bbox 3424 3737 3670 3805; x_wconf 75' lang='grc' dir='ltr'>Σωτῆρος</span> <span class='ocrx_word' id='word_1_543' title='bbox 3723 3725 3860 3796; x_wconf 62' lang='grc' dir='ltr'><strong>ἡμῶν</strong></span> 
     </span>
    </p>
   </div>
   <div class='ocr_carea' id='block_1_76' title="bbox 501 3804 2132 3890">
    <p class='ocr_par' dir='ltr' id='par_1_76' title="bbox 501 3818 2132 3882">
     <span class='ocr_line' id='line_1_76' title="bbox 501 3818 2132 3882; baseline 0.003 -10"><span class='ocrx_word' id='word_1_544' title='bbox 501 3819 667 3882; x_wconf 89' lang='lat' dir='ltr'><strong>bant,</strong></span> <span class='ocrx_word' id='word_1_545' title='bbox 700 3835 1004 3875; x_wconf 89' lang='lat' dir='ltr'><strong>sermones</strong></span> <span class='ocrx_word' id='word_1_546' title='bbox 1036 3820 1107 3876; x_wconf 93' lang='lat' dir='ltr'><strong>de</strong></span> <span class='ocrx_word' id='word_1_547' title='bbox 1138 3820 1435 3876; x_wconf 89' lang='lat' dir='ltr'><strong>Salvatore</strong></span> <span class='ocrx_word' id='word_1_548' title='bbox 1465 3826 1667 3876; x_wconf 89' lang='lat' dir='ltr'><strong>nostro</strong></span> <span class='ocrx_word' id='word_1_549' title='bbox 1689 3818 2132 3877; x_wconf 49' lang='lat' dir='ltr'><strong>calumniantes.</strong></span> 
     </span>
    </p>
   </div>
   <div class='ocr_carea' id='block_1_77' title="bbox 2239 3804 3853 3890">
    <p class='ocr_par' dir='ltr' id='par_1_77' title="bbox 2253 3804 3853 3890">
     <span class='ocr_line' id='line_1_77' title="bbox 2253 3804 3853 3890; baseline 0.005 -29"><span class='ocrx_word' id='word_1_550' title='bbox 2253 3804 2643 3874; x_wconf 77' lang='grc' dir='ltr'>διαϐάλλοντες</span> <span class='ocrx_word' id='word_1_551' title='bbox 2701 3813 2889 3890; x_wconf 87' lang='grc' dir='ltr'>λόγον.</span> <span class='ocrx_word' id='word_1_552' title='bbox 2922 3817 3291 3881; x_wconf 82' lang='grc' dir='ltr'>Ἀποστόλους</span> <span class='ocrx_word' id='word_1_553' title='bbox 3325 3816 3387 3875; x_wconf 76' lang='grc' dir='ltr'>δὲ</span> <span class='ocrx_word' id='word_1_554' title='bbox 3442 3804 3597 3876; x_wconf 67' lang='grc' dir='ltr'>εἰσέτι</span> <span class='ocrx_word' id='word_1_555' title='bbox 3651 3816 3729 3872; x_wconf 73' lang='grc' dir='ltr'>οιαὶ</span> <span class='ocrx_word' id='word_1_556' title='bbox 3778 3815 3853 3865; x_wconf 70' lang='grc' dir='ltr'>νῖν</span> 
     </span>
    </p>
   </div>
   <div class='ocr_carea' id='block_1_78' title="bbox 499 3892 2132 3987">
    <p class='ocr_par' dir='ltr' id='par_1_78' title="bbox 499 3909 2132 3982">
     <span class='ocr_line' id='line_1_78' title="bbox 499 3909 2132 3982; baseline 0.002 -20"><span class='ocrx_word' id='word_1_557' title='bbox 499 3909 719 3964; x_wconf 80' lang='lat' dir='ltr'><strong>Judaeis</strong></span> <span class='ocrx_word' id='word_1_558' title='bbox 750 3926 884 3965; x_wconf 87' lang='lat' dir='ltr'><strong>vero</strong></span> <span class='ocrx_word' id='word_1_559' title='bbox 916 3927 1075 3965; x_wconf 87' lang='lat' dir='ltr'><strong>nunc</strong></span> <span class='ocrx_word' id='word_1_560' title='bbox 1122 3927 1358 3982; x_wconf 88' lang='lat' dir='ltr'><strong>quoque</strong></span> <span class='ocrx_word' id='word_1_561' title='bbox 1414 3911 1599 3966; x_wconf 86' lang='lat' dir='ltr'><strong>moris</strong></span> <span class='ocrx_word' id='word_1_562' title='bbox 1657 3916 1766 3979; x_wconf 90' lang='lat' dir='ltr'><strong>est,</strong></span> <span class='ocrx_word' id='word_1_563' title='bbox 1820 3927 1920 3966; x_wconf 91' lang='lat' dir='ltr'><strong>eos</strong></span> <span class='ocrx_word' id='word_1_564' title='bbox 1978 3910 2132 3982; x_wconf 84' lang='lat' dir='ltr'><strong>quia</strong></span> 
     </span>
    </p>
   </div>
   <div class='ocr_carea' id='block_1_79' title="bbox 2239 3892 3849 3987">
    <p class='ocr_par' dir='ltr' id='par_1_79' title="bbox 2250 3892 3849 3987">
     <span class='ocr_line' id='line_1_79' title="bbox 2250 3892 3849 3987; baseline 0.013 -34"><span class='ocrx_word' id='word_1_565' title='bbox 2250 3892 2370 3964; x_wconf 79' lang='grc' dir='ltr'>ἔθος</span> <span class='ocrx_word' id='word_1_566' title='bbox 2403 3900 2544 3956; x_wconf 79' lang='grc' dir='ltr'>ἐστὶν</span> <span class='ocrx_word' id='word_1_567' title='bbox 2602 3900 2885 3968; x_wconf 81' lang='grc' dir='ltr'>Ἰουδαίοις</span> <span class='ocrx_word' id='word_1_568' title='bbox 2925 3906 3205 3980; x_wconf 85' lang='grc' dir='ltr'>ὀνομάζειν</span> <span class='ocrx_word' id='word_1_569' title='bbox 3267 3908 3399 3972; x_wconf 76' lang='grc' dir='ltr'>τοὺς</span> <span class='ocrx_word' id='word_1_570' title='bbox 3450 3908 3668 3987; x_wconf 80' lang='grc' dir='ltr'>ἐγκύλια</span> <span class='ocrx_word' id='word_1_571' title='bbox 3716 3901 3849 3979; x_wconf 74' lang='grc' dir='ltr'>γράμ-</span> 
     </span>
    </p>
   </div>
   <div class='ocr_carea' id='block_1_80' title="bbox 497 3991 2132 4072">
    <p class='ocr_par' dir='ltr' id='par_1_80' title="bbox 497 3996 2132 4072">
     <span class='ocr_line' id='line_1_80' title="bbox 497 3996 2132 4072; baseline 0.003 -21"><span class='ocrx_word' id='word_1_572' title='bbox 497 3996 871 4069; x_wconf 85' lang='lat' dir='ltr'><strong>principibus</strong></span> <span class='ocrx_word' id='word_1_573' title='bbox 902 4000 1251 4070; x_wconf 87' lang='lat' dir='ltr'><strong>quotidiana</strong></span> <span class='ocrx_word' id='word_1_574' title='bbox 1276 4000 1551 4057; x_wconf 89' lang='lat' dir='ltr'><strong>deferunt</strong></span> <span class='ocrx_word' id='word_1_575' title='bbox 1580 4000 1872 4072; x_wconf 88' lang='lat' dir='ltr'><strong>epistolia,</strong></span> <span class='ocrx_word' id='word_1_576' title='bbox 1905 4006 2132 4072; x_wconf 86' lang='lat' dir='ltr'><strong>aposto-</strong></span> 
     </span>
    </p>
   </div>
   <div class='ocr_carea' id='block_1_81' title="bbox 2239 3991 3750 4072">
    <p class='ocr_par' dir='ltr' id='par_1_81' title="bbox 2253 3991 3750 4072">
     <span class='ocr_line' id='line_1_81' title="bbox 2253 3991 3750 4072; baseline 0.009 -29"><span class='ocrx_word' id='word_1_577' title='bbox 2253 4010 2397 4063; x_wconf 88' lang='grc' dir='ltr'>ματα</span> <span class='ocrx_word' id='word_1_578' title='bbox 2427 3991 2572 4065; x_wconf 88' lang='grc' dir='ltr'><strong>παρά</strong></span> <span class='ocrx_word' id='word_1_579' title='bbox 2598 3997 2708 4047; x_wconf 84' lang='grc' dir='ltr'>τῶν</span> <span class='ocrx_word' id='word_1_580' title='bbox 2732 3993 3014 4070; x_wconf 83' lang='grc' dir='ltr'>ἀρχόντων</span> <span class='ocrx_word' id='word_1_581' title='bbox 3047 3996 3221 4052; x_wconf 80' lang='grc' dir='ltr'>αὐτῶν</span> <span class='ocrx_word' id='word_1_582' title='bbox 3254 3995 3750 4072; x_wconf 66' lang='grc' dir='ltr'>ἐπικομιζομένους.</span> 
     </span>
    </p>
   </div>
   <div class='ocr_carea' id='block_1_82' title="bbox 494 4087 934 4159">
    <p class='ocr_par' dir='ltr' id='par_1_82' title="bbox 494 4087 934 4159">
     <span class='ocr_line' id='line_1_82' title="bbox 494 4087 934 4159; baseline 0.009 -17"><span class='ocrx_word' id='word_1_583' title='bbox 494 4087 588 4143; x_wconf 89' lang='lat' dir='ltr'><strong>los</strong></span> <span class='ocrx_word' id='word_1_584' title='bbox 612 4089 934 4159; x_wconf 86' lang='lat' dir='ltr'><strong>appellare.</strong></span> 
     </span>
    </p>
   </div>
   <div class='ocr_carea' id='block_1_83' title="bbox 563 4177 2139 4253">
    <p class='ocr_par' dir='ltr' id='par_1_83' title="bbox 563 4177 2139 4253">
     <span class='ocr_line' id='line_1_83' title="bbox 563 4177 2139 4253; baseline 0.004 -21"><span class='ocrx_word' id='word_1_585' title='bbox 563 4177 817 4239; x_wconf 79' lang='lat' dir='ltr'><strong>XXVIII.</strong></span> <span class='ocrx_word' id='word_1_586' title='bbox 859 4181 1048 4235; x_wconf 78' lang='lat'><strong>25-31.</strong></span> <span class='ocrx_word' id='word_1_587' title='bbox 1111 4182 1432 4253; x_wconf 87' lang='lat' dir='ltr'><strong>«Cumque</strong></span> <span class='ocrx_word' id='word_1_588' title='bbox 1485 4182 1642 4237; x_wconf 89' lang='lat' dir='ltr'><strong>inter</strong></span> <span class='ocrx_word' id='word_1_589' title='bbox 1697 4199 1760 4237; x_wconf 90' lang='lat' dir='ltr'><strong>se</strong></span> <span class='ocrx_word' id='word_1_590' title='bbox 1816 4181 2139 4238; x_wconf 90' lang='lat' dir='ltr'><strong>concordes</strong></span> 
     </span>
    </p>
   </div>
   <div class='ocr_carea' id='block_1_84' title="bbox 495 4272 2137 4340">
    <p class='ocr_par' dir='ltr' id='par_1_84' title="bbox 495 4272 2137 4340">
     <span class='ocr_line' id='line_1_84' title="bbox 495 4272 2137 4340; baseline 0.004 -17"><span class='ocrx_word' id='word_1_591' title='bbox 495 4285 618 4324; x_wconf 92' lang='lat' dir='ltr'><strong>non</strong></span> <span class='ocrx_word' id='word_1_592' title='bbox 653 4277 870 4337; x_wconf 87' lang='lat' dir='ltr'><strong>essent,</strong></span> <span class='ocrx_word' id='word_1_593' title='bbox 906 4272 1311 4340; x_wconf 86' lang='lat' dir='ltr'><strong>discedebant,</strong></span> <span class='ocrx_word' id='word_1_594' title='bbox 1361 4290 1550 4328; x_wconf 90' lang='lat' dir='ltr'><strong>unum</strong></span> <span class='ocrx_word' id='word_1_595' title='bbox 1600 4273 1845 4328; x_wconf 85' lang='lat' dir='ltr'><strong>verbum</strong></span> <span class='ocrx_word' id='word_1_596' title='bbox 1904 4273 2137 4329; x_wconf 89' lang='lat' dir='ltr'><strong>dicente</strong></span> 
     </span>
    </p>
   </div>
   <div class='ocr_carea' id='block_1_85' title="bbox 490 4360 2138 4435">
    <p class='ocr_par' dir='ltr' id='par_1_85' title="bbox 490 4360 2138 4435">
     <span class='ocr_line' id='line_1_85' title="bbox 490 4360 2138 4435; baseline 0.003 -21"><span class='ocrx_word' id='word_1_597' title='bbox 490 4360 695 4415; x_wconf 88' lang='lat' dir='ltr'><strong>Paulo.</strong></span> <span class='ocrx_word' id='word_1_598' title='bbox 758 4362 913 4417; x_wconf 90' lang='lat' dir='ltr'><strong>Bene</strong></span> <span class='ocrx_word' id='word_1_599' title='bbox 974 4362 1226 4434; x_wconf 90' lang='lat' dir='ltr'><strong>Spiritus</strong></span> <span class='ocrx_word' id='word_1_600' title='bbox 1287 4368 1525 4418; x_wconf 86' lang='lat' dir='ltr'><strong>sanctus</strong></span> <span class='ocrx_word' id='word_1_601' title='bbox 1595 4362 1829 4419; x_wconf 90' lang='lat' dir='ltr'><strong>locutus</strong></span> <span class='ocrx_word' id='word_1_602' title='bbox 1888 4368 1978 4418; x_wconf 83' lang='lat' dir='ltr'><strong>est</strong></span> <span class='ocrx_word' id='word_1_603' title='bbox 2031 4380 2138 4435; x_wconf 91' lang='lat' dir='ltr'><strong>per</strong></span> 
     </span>
    </p>
   </div>
   <div class='ocr_carea' id='block_1_86' title="bbox 484 4441 2132 4523">
    <p class='ocr_par' dir='ltr' id='par_1_86' title="bbox 484 4449 2132 4523">
     <span class='ocr_line' id='line_1_86' title="bbox 484 4449 2132 4523; baseline 0.003 -20"><span class='ocrx_word' id='word_1_604' title='bbox 484 4449 701 4506; x_wconf 87' lang='lat' dir='ltr'><strong>Isaiam</strong></span> <span class='ocrx_word' id='word_1_605' title='bbox 759 4452 1111 4523; x_wconf 83' lang='lat' dir='ltr'><strong>prOphetam</strong></span> <span class='ocrx_word' id='word_1_606' title='bbox 1196 4451 1270 4507; x_wconf 87' lang='lat' dir='ltr'><strong>ad</strong></span> <span class='ocrx_word' id='word_1_607' title='bbox 1330 4458 1526 4523; x_wconf 90' lang='lat' dir='ltr'><strong>patres</strong></span> <span class='ocrx_word' id='word_1_608' title='bbox 1584 4457 1820 4508; x_wconf 85' lang='lat' dir='ltr'><strong>nostros</strong></span> <span class='ocrx_word' id='word_1_609' title='bbox 1878 4452 2132 4508; x_wconf 90' lang='lat' dir='ltr'><strong>dicens:</strong></span> 
     </span>
    </p>
   </div>
   <div class='ocr_carea' id='block_1_87' title="bbox 2239 4441 3851 4523">
    <p class='ocr_par' dir='ltr' id='par_1_87' title="bbox 2249 4441 3851 4522">
     <span class='ocr_line' id='line_1_87' title="bbox 2249 4441 3851 4522; baseline 0.009 -29"><span class='ocrx_word' id='word_1_610' title='bbox 2249 4443 2347 4494; x_wconf 90' lang='grc' dir='ltr'><strong>τοῦ</strong></span> <span class='ocrx_word' id='word_1_611' title='bbox 2403 4441 2541 4515; x_wconf 82' lang='grc' dir='ltr'>πρὸς</span> <span class='ocrx_word' id='word_1_612' title='bbox 2620 4443 2748 4505; x_wconf 82' lang='grc' dir='ltr'>τοὺς</span> <span class='ocrx_word' id='word_1_613' title='bbox 2801 4444 3036 4520; x_wconf 81' lang='grc' dir='ltr'>πατέρας</span> <span class='ocrx_word' id='word_1_614' title='bbox 3095 4448 3280 4519; x_wconf 80' lang='grc' dir='ltr'>ἡμῶν,</span> <span class='ocrx_word' id='word_1_615' title='bbox 3330 4446 3515 4522; x_wconf 57' lang='grc' dir='ltr'>λέγον</span> <span class='ocrx_word' id='word_1_616' title='bbox 3574 4443 3851 4521; x_wconf 74' lang='grc' dir='ltr'><strong>Πορεύθητι</strong></span> 
     </span>
    </p>
   </div>
   <div class='ocr_carea' id='block_1_88' title="bbox 483 4527 2132 4612">
    <p class='ocr_par' dir='ltr' id='par_1_88' title="bbox 483 4539 2132 4612">
     <span class='ocr_line' id='line_1_88' title="bbox 483 4539 2132 4612; baseline 0.004 -21"><span class='ocrx_word' id='word_1_617' title='bbox 483 4539 642 4595; x_wconf 88' lang='lat' dir='ltr'><strong>Vade</strong></span> <span class='ocrx_word' id='word_1_618' title='bbox 673 4539 746 4594; x_wconf 88' lang='lat' dir='ltr'><strong>ad</strong></span> <span class='ocrx_word' id='word_1_619' title='bbox 778 4541 1065 4612; x_wconf 88' lang='lat' dir='ltr'><strong>populum</strong></span> <span class='ocrx_word' id='word_1_620' title='bbox 1096 4541 1300 4609; x_wconf 87' lang='lat' dir='ltr'><strong>istum,</strong></span> <span class='ocrx_word' id='word_1_621' title='bbox 1329 4546 1387 4596; x_wconf 89' lang='lat' dir='ltr'><strong>et</strong></span> <span class='ocrx_word' id='word_1_622' title='bbox 1411 4540 1505 4596; x_wconf 89' lang='lat' dir='ltr'><strong>dic</strong></span> <span class='ocrx_word' id='word_1_623' title='bbox 1536 4558 1548 4596; x_wconf 91' lang='lat'><strong>:</strong></span> <span class='ocrx_word' id='word_1_624' title='bbox 1592 4540 1849 4597; x_wconf 85' lang='lat' dir='ltr'><strong>Auribus</strong></span> <span class='ocrx_word' id='word_1_625' title='bbox 1878 4541 2132 4598; x_wconf 90' lang='lat' dir='ltr'><strong>audietis</strong></span> 
     </span>
    </p>
   </div>
   <div class='ocr_carea' id='block_1_89' title="bbox 2239 4527 3848 4612">
    <p class='ocr_par' dir='ltr' id='par_1_89' title="bbox 2240 4527 3848 4612">
     <span class='ocr_line' id='line_1_89' title="bbox 2240 4527 3848 4612; baseline 0.004 -30"><span class='ocrx_word' id='word_1_626' title='bbox 2240 4531 2376 4605; x_wconf 82' lang='grc' dir='ltr'>πρὸς</span> <span class='ocrx_word' id='word_1_627' title='bbox 2404 4531 2496 4585; x_wconf 89' lang='grc' dir='ltr'><strong>τὸν</strong></span> <span class='ocrx_word' id='word_1_628' title='bbox 2519 4528 2650 4586; x_wconf 87' lang='grc' dir='ltr'>λαὸν</span> <span class='ocrx_word' id='word_1_629' title='bbox 2680 4536 2896 4607; x_wconf 78' lang='grc' dir='ltr'>τοῦτον,</span> <span class='ocrx_word' id='word_1_630' title='bbox 2919 4538 3009 4590; x_wconf 77' lang='grc' dir='ltr'>καὶ</span> <span class='ocrx_word' id='word_1_631' title='bbox 3064 4535 3198 4591; x_wconf 82' lang='grc' dir='ltr'>εἰπέ·</span> <span class='ocrx_word' id='word_1_632' title='bbox 3262 4539 3427 4612; x_wconf 79' lang='grc' dir='ltr'>Ἀκοῇ</span> <span class='ocrx_word' id='word_1_633' title='bbox 3479 4536 3725 4594; x_wconf 79' lang='grc' dir='ltr'>ἀκούσετε</span> <span class='ocrx_word' id='word_1_634' title='bbox 3773 4527 3848 4584; x_wconf 64' lang='grc' dir='ltr'><strong>διπῖ</strong></span> 
     </span>
    </p>
   </div>
   <div class='ocr_carea' id='block_1_90' title="bbox 481 4618 2132 4707">
    <p class='ocr_par' dir='ltr' id='par_1_90' title="bbox 481 4632 2131 4707">
     <span class='ocr_line' id='line_1_90' title="bbox 481 4632 2131 4707; baseline 0.004 -23"><span class='ocrx_word' id='word_1_635' title='bbox 481 4635 540 4684; x_wconf 91' lang='lat' dir='ltr'><strong>et</strong></span> <span class='ocrx_word' id='word_1_636' title='bbox 577 4648 699 4686; x_wconf 90' lang='lat' dir='ltr'><strong>non</strong></span> <span class='ocrx_word' id='word_1_637' title='bbox 752 4632 1121 4707; x_wconf 89' lang='lat' dir='ltr'><strong>intelligatis,</strong></span> <span class='ocrx_word' id='word_1_638' title='bbox 1176 4641 1233 4689; x_wconf 90' lang='lat' dir='ltr'><strong>et</strong></span> <span class='ocrx_word' id='word_1_639' title='bbox 1280 4633 1547 4690; x_wconf 89' lang='lat' dir='ltr'><strong>videntes</strong></span> <span class='ocrx_word' id='word_1_640' title='bbox 1601 4633 1877 4690; x_wconf 80' lang='lat' dir='ltr'><strong>videbitis</strong></span> <span class='ocrx_word' id='word_1_641' title='bbox 1922 4639 1981 4691; x_wconf 89' lang='lat' dir='ltr'><strong>et</strong></span> <span class='ocrx_word' id='word_1_642' title='bbox 2008 4651 2131 4690; x_wconf 90' lang='lat' dir='ltr'><strong>non</strong></span> 
     </span>
    </p>
   </div>
   <div class='ocr_carea' id='block_1_91' title="bbox 2239 4618 3845 4707">
    <p class='ocr_par' dir='ltr' id='par_1_91' title="bbox 2241 4618 3845 4707">
     <span class='ocr_line' id='line_1_91' title="bbox 2241 4618 3845 4707; baseline 0.009 -34"><span class='ocrx_word' id='word_1_643' title='bbox 2241 4618 2303 4707; x_wconf 82' lang='grc' dir='ltr'>οὐ</span> <span class='ocrx_word' id='word_1_644' title='bbox 2337 4621 2413 4695; x_wconf 78' lang='grc' dir='ltr'>μὴ</span> <span class='ocrx_word' id='word_1_645' title='bbox 2464 4629 2683 4693; x_wconf 78' lang='grc' dir='ltr'>συνῆτε,</span> <span class='ocrx_word' id='word_1_646' title='bbox 2741 4624 2831 4680; x_wconf 84' lang='grc' dir='ltr'><strong>καὶ</strong></span> <span class='ocrx_word' id='word_1_647' title='bbox 2892 4624 3186 4701; x_wconf 87' lang='grc' dir='ltr'>βλέποντες</span> <span class='ocrx_word' id='word_1_648' title='bbox 3239 4625 3471 4703; x_wconf 77' lang='grc' dir='ltr'>βλέψετε</span> <span class='ocrx_word' id='word_1_649' title='bbox 3525 4627 3613 4682; x_wconf 85' lang='grc' dir='ltr'><strong>καί</strong></span> <span class='ocrx_word' id='word_1_650' title='bbox 3666 4622 3729 4679; x_wconf 78' lang='grc' dir='ltr'>οὐ</span> <span class='ocrx_word' id='word_1_651' title='bbox 3783 4619 3845 4693; x_wconf 76' lang='grc' dir='ltr'>μὴ</span> 
     </span>
    </p>
   </div>
   <div class='ocr_carea' id='block_1_92' title="bbox 475 4706 2132 4797">
    <p class='ocr_par' dir='ltr' id='par_1_92' title="bbox 475 4706 2123 4797">
     <span class='ocr_line' id='line_1_92' title="bbox 475 4706 2123 4797; baseline 0.004 -24"><span class='ocrx_word' id='word_1_652' title='bbox 475 4720 837 4789; x_wconf 87' lang='lat' dir='ltr'><strong>perpiciatis.</strong></span> <span class='ocrx_word' id='word_1_653' title='bbox 925 4706 1324 4779; x_wconf 85' lang='lat' dir='ltr'><strong>Incrassatum</strong></span> <span class='ocrx_word' id='word_1_654' title='bbox 1407 4730 1499 4779; x_wconf 90' lang='lat' dir='ltr'><strong>est</strong></span> <span class='ocrx_word' id='word_1_655' title='bbox 1546 4724 1706 4780; x_wconf 87' lang='lat' dir='ltr'><strong>enim</strong></span> <span class='ocrx_word' id='word_1_656' title='bbox 1754 4741 1856 4779; x_wconf 93' lang='lat' dir='ltr'><strong>cor</strong></span> <span class='ocrx_word' id='word_1_657' title='bbox 1920 4724 2123 4797; x_wconf 91' lang='lat' dir='ltr'><strong>populi</strong></span> 
     </span>
    </p>
   </div>
   <div class='ocr_carea' id='block_1_93' title="bbox 2239 4706 3842 4797">
    <p class='ocr_par' dir='ltr' id='par_1_93' title="bbox 2239 4706 3842 4792">
     <span class='ocr_line' id='line_1_93' title="bbox 2239 4706 3842 4792; baseline 0.007 -27"><span class='ocrx_word' id='word_1_658' title='bbox 2239 4706 2404 4782; x_wconf 70' lang='grc' dir='ltr'>ἴδητε.</span> <span class='ocrx_word' id='word_1_659' title='bbox 2440 4711 2751 4787; x_wconf 84' lang='grc' dir='ltr'>Ἐπαχύνθη</span> <span class='ocrx_word' id='word_1_660' title='bbox 2813 4714 2917 4789; x_wconf 76' lang='grc' dir='ltr'><strong>γὰρ</strong></span> <span class='ocrx_word' id='word_1_661' title='bbox 2965 4717 2999 4785; x_wconf 83' lang='grc' dir='ltr'><strong>ἡ</strong></span> <span class='ocrx_word' id='word_1_662' title='bbox 3056 4713 3254 4792; x_wconf 82' lang='grc' dir='ltr'>καρδία</span> <span class='ocrx_word' id='word_1_663' title='bbox 3308 4721 3404 4772; x_wconf 92' lang='grc' dir='ltr'><strong>τοῦ</strong></span> <span class='ocrx_word' id='word_1_664' title='bbox 3463 4716 3601 4773; x_wconf 87' lang='grc' dir='ltr'>λαοῦ</span> <span class='ocrx_word' id='word_1_665' title='bbox 3646 4712 3842 4775; x_wconf 66' lang='grc' dir='ltr'>τούτου.</span> 
     </span>
    </p>
   </div>
   <div class='ocr_carea' id='block_1_94' title="bbox 2318 4169 3848 4252">
    <p class='ocr_par' dir='ltr' id='par_1_94' title="bbox 2318 4169 3848 4252">
     <span class='ocr_line' id='line_1_94' title="bbox 2318 4169 3848 4252; baseline 0.002 -28"><span class='ocrx_word' id='word_1_666' title='bbox 2318 4193 2347 4221; x_wconf 86' lang='grc'><strong>‹‹</strong></span> <span class='ocrx_word' id='word_1_667' title='bbox 2381 4170 2736 4250; x_wconf 73' lang='grc' dir='ltr'>Ἀσύμςρωνοι</span> <span class='ocrx_word' id='word_1_668' title='bbox 2767 4170 2824 4229; x_wconf 73' lang='grc' dir='ltr'>δὶ</span> <span class='ocrx_word' id='word_1_669' title='bbox 2853 4169 3002 4238; x_wconf 73' lang='grc' dir='ltr'>ὄντες</span> <span class='ocrx_word' id='word_1_670' title='bbox 3033 4177 3173 4252; x_wconf 87' lang='grc' dir='ltr'>πρὸς</span> <span class='ocrx_word' id='word_1_671' title='bbox 3219 4176 3532 4251; x_wconf 78' lang='grc' dir='ltr'>ἀλλήλους,</span> <span class='ocrx_word' id='word_1_672' title='bbox 3565 4174 3848 4235; x_wconf 82' lang='grc' dir='ltr'>ἀπελύοντο.</span> 
     </span>
    </p>
   </div>
   <div class='ocr_carea' id='block_1_95' title="bbox 2247 4257 3848 4342">
    <p class='ocr_par' dir='ltr' id='par_1_95' title="bbox 2247 4257 3848 4342">
     <span class='ocr_line' id='line_1_95' title="bbox 2247 4257 3848 4342; baseline 0.003 -28"><span class='ocrx_word' id='word_1_673' title='bbox 2247 4258 2493 4324; x_wconf 86' lang='grc' dir='ltr'>εἰπόντος</span> <span class='ocrx_word' id='word_1_674' title='bbox 2560 4267 2657 4318; x_wconf 87' lang='grc' dir='ltr'>τοῦ</span> <span class='ocrx_word' id='word_1_675' title='bbox 2732 4263 2884 4320; x_wconf 80' lang='grc' dir='ltr'>Παύλ</span> <span class='ocrx_word' id='word_1_676' title='bbox 2923 4288 2952 4320; x_wconf 94' lang='grc' dir='ltr'><strong>υ</strong></span> <span class='ocrx_word' id='word_1_677' title='bbox 3037 4274 3188 4342; x_wconf 79' lang='grc' dir='ltr'>ρῆμα</span> <span class='ocrx_word' id='word_1_678' title='bbox 3268 4265 3342 4324; x_wconf 70' lang='grc' dir='ltr'><strong>ἓν.</strong></span> <span class='ocrx_word' id='word_1_679' title='bbox 3403 4271 3528 4327; x_wconf 78' lang='grc' dir='ltr'>’Ότι</span> <span class='ocrx_word' id='word_1_680' title='bbox 3585 4266 3752 4324; x_wconf 78' lang='grc' dir='ltr'>καλῶς</span> <span class='ocrx_word' id='word_1_681' title='bbox 3798 4257 3848 4314; x_wconf 68' lang='grc' dir='ltr'>τὸ</span> 
     </span>
    </p>
   </div>
   <div class='ocr_carea' id='block_1_96' title="bbox 2244 4350 3855 4429">
    <p class='ocr_par' dir='ltr' id='par_1_96' title="bbox 2244 4350 3855 4429">
     <span class='ocr_line' id='line_1_96' title="bbox 2244 4350 3855 4429; baseline 0.008 -26"><span class='ocrx_word' id='word_1_682' title='bbox 2244 4353 2463 4423; x_wconf 84' lang='grc' dir='ltr'>Πνεῦμα</span> <span class='ocrx_word' id='word_1_683' title='bbox 2498 4352 2560 4407; x_wconf 87' lang='grc' dir='ltr'>τὸ</span> <span class='ocrx_word' id='word_1_684' title='bbox 2616 4353 2767 4428; x_wconf 78' lang='grc' dir='ltr'>ἅγιον</span> <span class='ocrx_word' id='word_1_685' title='bbox 2818 4352 3056 4427; x_wconf 85' lang='grc' dir='ltr'>ἐλάλησε</span> <span class='ocrx_word' id='word_1_686' title='bbox 3111 4354 3201 4413; x_wconf 67' lang='grc' dir='ltr'><strong>διὰ</strong></span> <span class='ocrx_word' id='word_1_687' title='bbox 3236 4359 3462 4414; x_wconf 75' lang='grc' dir='ltr'>Ἠσαίου</span> <span class='ocrx_word' id='word_1_688' title='bbox 3519 4363 3615 4415; x_wconf 81' lang='grc' dir='ltr'><strong>τοῦ</strong></span> <span class='ocrx_word' id='word_1_689' title='bbox 3670 4350 3855 4429; x_wconf 67' lang='grc' dir='ltr'>προφή·</span> 
     </span>
    </p>
   </div>
   <div class='ocr_carea' id='block_1_97' title="bbox 474 4805 2120 4886">
    <p class='ocr_par' dir='ltr' id='par_1_97' title="bbox 474 4805 2120 4886">
     <span class='ocr_line' id='line_1_97' title="bbox 474 4805 2120 4886; baseline 0.005 -26"><span class='ocrx_word' id='word_1_690' title='bbox 474 4805 671 4879; x_wconf 81' lang='lat' dir='ltr'><strong>hujus,</strong></span> <span class='ocrx_word' id='word_1_691' title='bbox 717 4814 775 4863; x_wconf 93' lang='lat' dir='ltr'><strong>et</strong></span> <span class='ocrx_word' id='word_1_692' title='bbox 822 4812 1065 4871; x_wconf 89' lang='lat' dir='ltr'><strong>auribus</strong></span> <span class='ocrx_word' id='word_1_693' title='bbox 1122 4815 1376 4885; x_wconf 83' lang='lat' dir='ltr'><strong>graviter</strong></span> <span class='ocrx_word' id='word_1_694' title='bbox 1433 4813 1800 4881; x_wconf 88' lang='lat' dir='ltr'><strong>audierunt,</strong></span> <span class='ocrx_word' id='word_1_695' title='bbox 1865 4830 2120 4886; x_wconf 90' lang='lat' dir='ltr'><strong>suosque</strong></span> 
     </span>
    </p>
   </div>
   <div class='ocr_carea' id='block_1_98' title="bbox 470 4896 2121 4972">
    <p class='ocr_par' dir='ltr' id='par_1_98' title="bbox 470 4896 2121 4972">
     <span class='ocr_line' id='line_1_98' title="bbox 470 4896 2121 4972; baseline 0.004 -20"><span class='ocrx_word' id='word_1_696' title='bbox 470 4896 675 4952; x_wconf 90' lang='lat' dir='ltr'><strong>Oculos</strong></span> <span class='ocrx_word' id='word_1_697' title='bbox 734 4897 1096 4965; x_wconf 85' lang='lat' dir='ltr'><strong>clauserunt,</strong></span> <span class='ocrx_word' id='word_1_698' title='bbox 1148 4918 1223 4956; x_wconf 90' lang='lat' dir='ltr'><strong>ne</strong></span> <span class='ocrx_word' id='word_1_699' title='bbox 1253 4902 1491 4972; x_wconf 91' lang='lat' dir='ltr'><strong>quando</strong></span> <span class='ocrx_word' id='word_1_700' title='bbox 1546 4903 1787 4957; x_wconf 87' lang='lat' dir='ltr'><strong>videant</strong></span> <span class='ocrx_word' id='word_1_701' title='bbox 1842 4902 2031 4959; x_wconf 90' lang='lat' dir='ltr'><strong>oculis</strong></span> <span class='ocrx_word' id='word_1_702' title='bbox 2062 4907 2121 4958; x_wconf 90' lang='lat' dir='ltr'><strong>et</strong></span> 
     </span>
    </p>
   </div>
   <div class='ocr_carea' id='block_1_99' title="bbox 472 4987 2118 5065">
    <p class='ocr_par' dir='ltr' id='par_1_99' title="bbox 472 4987 2118 5065">
     <span class='ocr_line' id='line_1_99' title="bbox 472 4987 2118 5065; baseline 0.004 -24"><span class='ocrx_word' id='word_1_703' title='bbox 472 4987 721 5043; x_wconf 89' lang='lat' dir='ltr'><strong>auribus</strong></span> <span class='ocrx_word' id='word_1_704' title='bbox 781 4988 1046 5056; x_wconf 88' lang='lat' dir='ltr'><strong>audiant,</strong></span> <span class='ocrx_word' id='word_1_705' title='bbox 1110 4995 1167 5045; x_wconf 94' lang='lat' dir='ltr'><strong>et</strong></span> <span class='ocrx_word' id='word_1_706' title='bbox 1222 4991 1398 5046; x_wconf 90' lang='lat' dir='ltr'><strong>corde</strong></span> <span class='ocrx_word' id='word_1_707' title='bbox 1456 4991 1815 5065; x_wconf 81' lang='lat' dir='ltr'><strong>intelligant,</strong></span> <span class='ocrx_word' id='word_1_708' title='bbox 1868 4997 1926 5048; x_wconf 88' lang='lat' dir='ltr'><strong>et</strong></span> <span class='ocrx_word' id='word_1_709' title='bbox 1975 5009 2118 5048; x_wconf 86' lang='lat' dir='ltr'><strong>con-</strong></span> 
     </span>
    </p>
   </div>
   <div class='ocr_carea' id='block_1_100' title="bbox 464 5080 2111 5153">
    <p class='ocr_par' dir='ltr' id='par_1_100' title="bbox 464 5080 2111 5153">
     <span class='ocr_line' id='line_1_100' title="bbox 464 5080 2111 5153; baseline 0.004 -22"><span class='ocrx_word' id='word_1_710' title='bbox 464 5082 774 5134; x_wconf 89' lang='lat' dir='ltr'><strong>vertantur</strong></span> <span class='ocrx_word' id='word_1_711' title='bbox 806 5083 863 5132; x_wconf 91' lang='lat' dir='ltr'><strong>et</strong></span> <span class='ocrx_word' id='word_1_712' title='bbox 893 5095 1098 5133; x_wconf 89' lang='lat' dir='ltr'><strong>sanem</strong></span> <span class='ocrx_word' id='word_1_713' title='bbox 1158 5096 1277 5135; x_wconf 91' lang='lat' dir='ltr'><strong>eos.</strong></span> <span class='ocrx_word' id='word_1_714' title='bbox 1336 5083 1548 5136; x_wconf 89' lang='lat' dir='ltr'><strong>Notum</strong></span> <span class='ocrx_word' id='word_1_715' title='bbox 1601 5097 1738 5153; x_wconf 79' lang='lat' dir='ltr'><strong>ergo</strong></span> <span class='ocrx_word' id='word_1_716' title='bbox 1795 5080 1873 5135; x_wconf 92' lang='lat' dir='ltr'><strong>sit</strong></span> <span class='ocrx_word' id='word_1_717' title='bbox 1927 5080 2111 5149; x_wconf 87' lang='lat' dir='ltr'><strong>vobis,</strong></span> 
     </span>
    </p>
   </div>
   <div class='ocr_carea' id='block_1_101' title="bbox 467 5168 2116 5239">
    <p class='ocr_par' dir='ltr' id='par_1_101' title="bbox 467 5168 2116 5239">
     <span class='ocr_line' id='line_1_101' title="bbox 467 5168 2116 5239; baseline 0.002 -17"><span class='ocrx_word' id='word_1_718' title='bbox 467 5168 627 5238; x_wconf 92' lang='lat' dir='ltr'><strong>quod</strong></span> <span class='ocrx_word' id='word_1_719' title='bbox 660 5168 936 5239; x_wconf 75' lang='lat' dir='ltr'><strong>gentibus</strong></span> <span class='ocrx_word' id='word_1_720' title='bbox 977 5168 1226 5223; x_wconf 89' lang='lat' dir='ltr'><strong>missum</strong></span> <span class='ocrx_word' id='word_1_721' title='bbox 1281 5174 1371 5224; x_wconf 90' lang='lat' dir='ltr'><strong>est</strong></span> <span class='ocrx_word' id='word_1_722' title='bbox 1426 5168 1538 5225; x_wconf 86' lang='lat' dir='ltr'><strong>hoc</strong></span> <span class='ocrx_word' id='word_1_723' title='bbox 1591 5170 1851 5226; x_wconf 85' lang='lat' dir='ltr'><strong>salutare</strong></span> <span class='ocrx_word' id='word_1_724' title='bbox 1900 5170 2024 5238; x_wconf 91' lang='lat' dir='ltr'><strong>Dei,</strong></span> <span class='ocrx_word' id='word_1_725' title='bbox 2058 5174 2116 5226; x_wconf 92' lang='lat' dir='ltr'><strong>et</strong></span> 
     </span>
    </p>
   </div>
   <div class='ocr_carea' id='block_1_102' title="bbox 461 5254 2110 5332">
    <p class='ocr_par' dir='ltr' id='par_1_102' title="bbox 461 5254 2110 5332">
     <span class='ocr_line' id='line_1_102' title="bbox 461 5254 2110 5332; baseline 0.005 -25"><span class='ocrx_word' id='word_1_726' title='bbox 461 5254 573 5326; x_wconf 89' lang='lat' dir='ltr'><strong>ipsi</strong></span> <span class='ocrx_word' id='word_1_727' title='bbox 599 5259 864 5314; x_wconf 87' lang='lat' dir='ltr'><strong>audient.</strong></span> <span class='ocrx_word' id='word_1_728' title='bbox 891 5257 1155 5329; x_wconf 90' lang='lat' dir='ltr'><strong>Cumque</strong></span> <span class='ocrx_word' id='word_1_729' title='bbox 1186 5258 1312 5314; x_wconf 76' lang='lat' dir='ltr'><strong>hch</strong></span> <span class='ocrx_word' id='word_1_730' title='bbox 1344 5257 1609 5327; x_wconf 85' lang='lat' dir='ltr'><strong>dixisset,</strong></span> <span class='ocrx_word' id='word_1_731' title='bbox 1634 5259 1852 5332; x_wconf 83' lang='lat' dir='ltr'><strong>egressi</strong></span> <span class='ocrx_word' id='word_1_732' title='bbox 1878 5264 2016 5314; x_wconf 91' lang='lat' dir='ltr'><strong>sunt</strong></span> <span class='ocrx_word' id='word_1_733' title='bbox 2039 5258 2110 5315; x_wconf 89' lang='lat' dir='ltr'><strong>ab</strong></span> 
     </span>
    </p>
   </div>
   <div class='ocr_carea' id='block_1_103' title="bbox 460 5346 2109 5421">
    <p class='ocr_par' dir='ltr' id='par_1_103' title="bbox 460 5346 2109 5421">
     <span class='ocr_line' id='line_1_103' title="bbox 460 5346 2109 5421; baseline 0.004 -24"><span class='ocrx_word' id='word_1_734' title='bbox 460 5359 528 5398; x_wconf 91' lang='lat' dir='ltr'><strong>eo</strong></span> <span class='ocrx_word' id='word_1_735' title='bbox 559 5346 765 5416; x_wconf 72' lang='lat' dir='ltr'><strong>Judmi,</strong></span> <span class='ocrx_word' id='word_1_736' title='bbox 800 5349 1049 5405; x_wconf 84' lang='lat' dir='ltr'><strong>multam</strong></span> <span class='ocrx_word' id='word_1_737' title='bbox 1082 5347 1370 5403; x_wconf 89' lang='lat' dir='ltr'><strong>habentes</strong></span> <span class='ocrx_word' id='word_1_738' title='bbox 1401 5348 1559 5403; x_wconf 88' lang='lat' dir='ltr'><strong>inter</strong></span> <span class='ocrx_word' id='word_1_739' title='bbox 1616 5365 1677 5403; x_wconf 90' lang='lat' dir='ltr'><strong>se</strong></span> <span class='ocrx_word' id='word_1_740' title='bbox 1728 5349 2109 5421; x_wconf 88' lang='lat' dir='ltr'><strong>disceptatio-</strong></span> 
     </span>
    </p>
   </div>
   <div class='ocr_carea' id='block_1_104' title="bbox 455 5436 2105 5495">
    <p class='ocr_par' dir='ltr' id='par_1_104' title="bbox 455 5436 2105 5495">
     <span class='ocr_line' id='line_1_104' title="bbox 455 5436 2105 5495; baseline 0.005 -10"><span class='ocrx_word' id='word_1_741' title='bbox 455 5446 616 5488; x_wconf 89' lang='lat' dir='ltr'><strong>nem.</strong></span> <span class='ocrx_word' id='word_1_742' title='bbox 650 5436 797 5491; x_wconf 77' lang='grc'><strong>187</strong></span> <span class='ocrx_word' id='word_1_743' title='bbox 835 5439 1264 5495; x_wconf 78' lang='lat' dir='ltr'><strong>Mansitautem</strong></span> <span class='ocrx_word' id='word_1_744' title='bbox 1314 5437 1535 5494; x_wconf 90' lang='lat' dir='ltr'><strong>Paulus</strong></span> <span class='ocrx_word' id='word_1_745' title='bbox 1584 5437 1829 5494; x_wconf 90' lang='lat' dir='ltr'><strong>biennio</strong></span> <span class='ocrx_word' id='word_1_746' title='bbox 1863 5443 1985 5494; x_wconf 90' lang='lat' dir='ltr'><strong>toto</strong></span> <span class='ocrx_word' id='word_1_747' title='bbox 2043 5439 2105 5494; x_wconf 92' lang='lat' dir='ltr'><strong>in</strong></span> 
     </span>
    </p>
   </div>
   <div class='ocr_carea' id='block_1_105' title="bbox 452 5524 2102 5602">
    <p class='ocr_par' dir='ltr' id='par_1_105' title="bbox 452 5524 2102 5602">
     <span class='ocr_line' id='line_1_105' title="bbox 452 5524 2102 5602; baseline 0.005 -26"><span class='ocrx_word' id='word_1_748' title='bbox 452 5536 560 5576; x_wconf 88' lang='lat' dir='ltr'><strong>suo</strong></span> <span class='ocrx_word' id='word_1_749' title='bbox 593 5524 884 5582; x_wconf 90' lang='lat' dir='ltr'><strong>conducto</strong></span> <span class='ocrx_word' id='word_1_750' title='bbox 910 5546 923 5585; x_wconf 90' lang='lat'><strong>:</strong></span> <span class='ocrx_word' id='word_1_751' title='bbox 949 5534 1008 5585; x_wconf 89' lang='lat' dir='ltr'><strong>et</strong></span> <span class='ocrx_word' id='word_1_752' title='bbox 1046 5528 1410 5602; x_wconf 89' lang='lat' dir='ltr'><strong>suscipiebat</strong></span> <span class='ocrx_word' id='word_1_753' title='bbox 1438 5543 1647 5586; x_wconf 88' lang='lat' dir='ltr'><strong>omnes</strong></span> <span class='ocrx_word' id='word_1_754' title='bbox 1677 5528 1778 5600; x_wconf 87' lang='lat' dir='ltr'><strong>qui</strong></span> <span class='ocrx_word' id='word_1_755' title='bbox 1804 5527 2102 5600; x_wconf 87' lang='lat' dir='ltr'><strong>ingredie-</strong></span> 
     </span>
    </p>
   </div>
   <div class='ocr_carea' id='block_1_106' title="bbox 519 5704 1060 5778">
    <p class='ocr_par' dir='ltr' id='par_1_106' title="bbox 519 5704 1060 5778">
     <span class='ocr_line' id='line_1_106' title="bbox 519 5704 1060 5778; baseline -0.004 -14"><span class='ocrx_word' id='word_1_756' title='bbox 519 5704 566 5745; x_wconf 83' lang='grc'><em>³³</em></span> <span class='ocrx_word' id='word_1_757' title='bbox 593 5706 703 5764; x_wconf 78' lang='lat' dir='ltr'><strong>Isr.</strong></span> <span class='ocrx_word' id='word_1_758' title='bbox 737 5721 899 5777; x_wconf 80' lang='lat' dir='ltr'><strong>xvm,</strong></span> <span class='ocrx_word' id='word_1_759' title='bbox 932 5707 985 5778; x_wconf 83' lang='grc'>1,</span> <span class='ocrx_word' id='word_1_760' title='bbox 1006 5711 1060 5764; x_wconf 81' lang='lat'><strong>2.</strong></span> 
     </span>
    </p>
   </div>
   <div class='ocr_carea' id='block_1_107' title="bbox 2229 4797 3847 4884">
    <p class='ocr_par' dir='ltr' id='par_1_107' title="bbox 2229 4797 3847 4884">
     <span class='ocr_line' id='line_1_107' title="bbox 2229 4797 3847 4884; baseline 0.007 -30"><span class='ocrx_word' id='word_1_761' title='bbox 2229 4800 2461 4864; x_wconf 70' lang='grc' dir='ltr'>καὶτοῖς</span> <span class='ocrx_word' id='word_1_762' title='bbox 2502 4802 2605 4858; x_wconf 80' lang='grc' dir='ltr'>ὠσὶ</span> <span class='ocrx_word' id='word_1_763' title='bbox 2666 4803 2873 4879; x_wconf 79' lang='grc' dir='ltr'>βαρέως</span> <span class='ocrx_word' id='word_1_764' title='bbox 2923 4801 3182 4874; x_wconf 78' lang='grc' dir='ltr'>ἤκουσαν·</span> <span class='ocrx_word' id='word_1_765' title='bbox 3225 4807 3351 4868; x_wconf 80' lang='grc' dir='ltr'>τοὺς</span> <span class='ocrx_word' id='word_1_766' title='bbox 3404 4803 3712 4884; x_wconf 72' lang='grc' dir='ltr'>ὀφθαλμοὺς</span> <span class='ocrx_word' id='word_1_767' title='bbox 3761 4797 3847 4854; x_wconf 50' lang='lat' dir='ltr'><strong>at,”</strong></span> 
     </span>
    </p>
   </div>
   <div class='ocr_carea' id='block_1_108' title="bbox 2227 4889 3845 4970">
    <p class='ocr_par' dir='ltr' id='par_1_108' title="bbox 2227 4889 3845 4970">
     <span class='ocr_line' id='line_1_108' title="bbox 2227 4889 3845 4970; baseline 0.004 -27"><span class='ocrx_word' id='word_1_768' title='bbox 2227 4892 2333 4944; x_wconf 79' lang='grc' dir='ltr'>τῶν</span> <span class='ocrx_word' id='word_1_769' title='bbox 2390 4889 2707 4965; x_wconf 81' lang='grc' dir='ltr'>ἐκάμμυσαν</span> <span class='ocrx_word' id='word_1_770' title='bbox 2743 4933 2757 4961; x_wconf 88' lang='grc'><strong>,</strong></span> <span class='ocrx_word' id='word_1_771' title='bbox 2819 4894 2895 4965; x_wconf 77' lang='grc' dir='ltr'><strong>μή</strong></span> <span class='ocrx_word' id='word_1_772' title='bbox 2976 4914 3108 4950; x_wconf 90' lang='grc' dir='ltr'>ποτε</span> <span class='ocrx_word' id='word_1_773' title='bbox 3154 4892 3313 4950; x_wconf 63' lang='grc' dir='ltr'>ἴδωσι</span> <span class='ocrx_word' id='word_1_774' title='bbox 3370 4900 3487 4957; x_wconf 87' lang='grc' dir='ltr'>τοῖς</span> <span class='ocrx_word' id='word_1_775' title='bbox 3537 4890 3845 4970; x_wconf 76' lang='grc' dir='ltr'>ὀφθαλμοῖς.</span> 
     </span>
    </p>
   </div>
   <div class='ocr_carea' id='block_1_109' title="bbox 2226 4978 3842 5061">
    <p class='ocr_par' dir='ltr' id='par_1_109' title="bbox 2226 4978 3842 5061">
     <span class='ocr_line' id='line_1_109' title="bbox 2226 4978 3842 5061; baseline -0.001 -28"><span class='ocrx_word' id='word_1_776' title='bbox 2226 4978 2316 5033; x_wconf 89' lang='grc' dir='ltr'>καὶ</span> <span class='ocrx_word' id='word_1_777' title='bbox 2361 4984 2478 5041; x_wconf 88' lang='grc' dir='ltr'>τοῖς</span> <span class='ocrx_word' id='word_1_778' title='bbox 2537 4979 2670 5036; x_wconf 82' lang='grc' dir='ltr'>ὠσὶν</span> <span class='ocrx_word' id='word_1_779' title='bbox 2718 4980 3038 5056; x_wconf 85' lang='grc' dir='ltr'>ἀκούσωσι,</span> <span class='ocrx_word' id='word_1_780' title='bbox 3118 4984 3210 5039; x_wconf 82' lang='grc' dir='ltr'><strong>καὶ</strong></span> <span class='ocrx_word' id='word_1_781' title='bbox 3265 4987 3334 5060; x_wconf 81' lang='grc' dir='ltr'><strong>τῇ</strong></span> <span class='ocrx_word' id='word_1_782' title='bbox 3394 4981 3587 5061; x_wconf 80' lang='grc' dir='ltr'>καρδία</span> <span class='ocrx_word' id='word_1_783' title='bbox 3643 4994 3842 5042; x_wconf 81' lang='grc' dir='ltr'>συνωσι,</span> 
     </span>
    </p>
   </div>
   <div class='ocr_carea' id='block_1_110' title="bbox 2224 5064 3841 5148">
    <p class='ocr_par' dir='ltr' id='par_1_110' title="bbox 2224 5064 3841 5148">
     <span class='ocr_line' id='line_1_110' title="bbox 2224 5064 3841 5148; baseline 0.001 -25"><span class='ocrx_word' id='word_1_784' title='bbox 2224 5067 2316 5124; x_wconf 81' lang='grc' dir='ltr'><strong>καὶ</strong></span> <span class='ocrx_word' id='word_1_785' title='bbox 2344 5067 2730 5145; x_wconf 79' lang='grc' dir='ltr'>ἐπιστρέψωσι,</span> <span class='ocrx_word' id='word_1_786' title='bbox 2768 5072 2858 5127; x_wconf 82' lang='grc' dir='ltr'><strong>καί</strong></span> <span class='ocrx_word' id='word_1_787' title='bbox 2918 5072 3158 5148; x_wconf 81' lang='grc' dir='ltr'>ἰάσωμαι</span> <span class='ocrx_word' id='word_1_788' title='bbox 3206 5074 3421 5138; x_wconf 78' lang='grc' dir='ltr'>αὐτούς’</span> <span class='ocrx_word' id='word_1_789' title='bbox 3480 5072 3715 5129; x_wconf 85' lang='grc' dir='ltr'>Γνωστὸν</span> <span class='ocrx_word' id='word_1_790' title='bbox 3760 5064 3841 5120; x_wconf 77' lang='grc' dir='ltr'><strong>οὗν</strong></span> 
     </span>
    </p>
   </div>
   <div class='ocr_carea' id='block_1_111' title="bbox 2223 5154 3841 5235">
    <p class='ocr_par' dir='ltr' id='par_1_111' title="bbox 2223 5154 3841 5235">
     <span class='ocr_line' id='line_1_111' title="bbox 2223 5154 3841 5235; baseline 0.001 -22"><span class='ocrx_word' id='word_1_791' title='bbox 2223 5154 2360 5213; x_wconf 76' lang='grc' dir='ltr'>ἔστω</span> <span class='ocrx_word' id='word_1_792' title='bbox 2380 5159 2530 5232; x_wconf 84' lang='grc' dir='ltr'>ὑμῖν,</span> <span class='ocrx_word' id='word_1_793' title='bbox 2561 5158 2647 5216; x_wconf 79' lang='grc' dir='ltr'><strong>ὅτι</strong></span> <span class='ocrx_word' id='word_1_794' title='bbox 2700 5158 2828 5224; x_wconf 83' lang='grc' dir='ltr'>τοὺς</span> <span class='ocrx_word' id='word_1_795' title='bbox 2889 5157 3092 5226; x_wconf 83' lang='grc' dir='ltr'>ἔθνεσιν</span> <span class='ocrx_word' id='word_1_796' title='bbox 3149 5162 3424 5235; x_wconf 83' lang='grc' dir='ltr'>ἀπεστάλη</span> <span class='ocrx_word' id='word_1_797' title='bbox 3478 5163 3542 5217; x_wconf 85' lang='grc' dir='ltr'><strong>τὸ</strong></span> <span class='ocrx_word' id='word_1_798' title='bbox 3591 5160 3841 5230; x_wconf 81' lang='grc' dir='ltr'>σωτήριον</span> 
     </span>
    </p>
   </div>
   <div class='ocr_carea' id='block_1_112' title="bbox 2220 5244 3841 5320">
    <p class='ocr_par' dir='ltr' id='par_1_112' title="bbox 2220 5244 3841 5320">
     <span class='ocr_line' id='line_1_112' title="bbox 2220 5244 3841 5320; baseline 0.001 -17"><span class='ocrx_word' id='word_1_799' title='bbox 2220 5251 2316 5303; x_wconf 90' lang='grc' dir='ltr'><strong>τοῦ</strong></span> <span class='ocrx_word' id='word_1_800' title='bbox 2358 5253 2517 5320; x_wconf 81' lang='grc' dir='ltr'>Θεοῦ,</span> <span class='ocrx_word' id='word_1_801' title='bbox 2576 5249 2733 5305; x_wconf 78' lang='grc' dir='ltr'>αὐτοὶ</span> <span class='ocrx_word' id='word_1_802' title='bbox 2774 5250 2867 5306; x_wconf 80' lang='grc' dir='ltr'><strong>καὶ</strong></span> <span class='ocrx_word' id='word_1_803' title='bbox 2924 5251 3263 5312; x_wconf 86' lang='grc' dir='ltr'>ἀκούσονται.</span> <span class='ocrx_word' id='word_1_804' title='bbox 3324 5254 3423 5310; x_wconf 86' lang='grc' dir='ltr'><strong>Καὶ</strong></span> <span class='ocrx_word' id='word_1_805' title='bbox 3475 5255 3642 5307; x_wconf 87' lang='grc' dir='ltr'>ταῦτα</span> <span class='ocrx_word' id='word_1_806' title='bbox 3691 5244 3841 5301; x_wconf 81' lang='grc' dir='ltr'><strong>αὖτοῦ</strong></span> 
     </span>
    </p>
   </div>
   <div class='ocr_carea' id='block_1_113' title="bbox 2218 5329 3835 5414">
    <p class='ocr_par' dir='ltr' id='par_1_113' title="bbox 2218 5329 3835 5414">
     <span class='ocr_line' id='line_1_113' title="bbox 2218 5329 3835 5414; baseline 0.006 -23"><span class='ocrx_word' id='word_1_807' title='bbox 2218 5335 2486 5407; x_wconf 90' lang='grc' dir='ltr'>εἰπόντος,</span> <span class='ocrx_word' id='word_1_808' title='bbox 2545 5336 2794 5408; x_wconf 85' lang='grc' dir='ltr'>ἀπῆλθον</span> <span class='ocrx_word' id='word_1_809' title='bbox 2843 5338 2895 5395; x_wconf 81' lang='grc' dir='ltr'><strong>οἰ</strong></span> <span class='ocrx_word' id='word_1_810' title='bbox 2943 5339 3198 5398; x_wconf 82' lang='grc' dir='ltr'>Ἰουδαῖοι</span> <span class='ocrx_word' id='word_1_811' title='bbox 3246 5341 3467 5413; x_wconf 76' lang='grc' dir='ltr'>πολλὴν</span> <span class='ocrx_word' id='word_1_812' title='bbox 3524 5338 3737 5414; x_wconf 80' lang='grc' dir='ltr'>ἔχοντες</span> <span class='ocrx_word' id='word_1_813' title='bbox 3786 5329 3835 5386; x_wconf 60' lang='grc' dir='ltr'><strong>δν</strong></span> 
     </span>
    </p>
   </div>
   <div class='ocr_carea' id='block_1_114' title="bbox 2216 5422 3839 5506">
    <p class='ocr_par' dir='ltr' id='par_1_114' title="bbox 2216 5422 3839 5506">
     <span class='ocr_line' id='line_1_114' title="bbox 2216 5422 3839 5506; baseline -0.004 -26"><span class='ocrx_word' id='word_1_814' title='bbox 2216 5424 2427 5489; x_wconf 70' lang='grc' dir='ltr'>ἑαυτοῖς</span> <span class='ocrx_word' id='word_1_815' title='bbox 2482 5429 2778 5499; x_wconf 80' lang='grc' dir='ltr'>συζήτησιν</span> <span class='ocrx_word' id='word_1_816' title='bbox 2814 5470 2829 5487; x_wconf 92' lang='grc'><strong>.</strong></span> <span class='ocrx_word' id='word_1_817' title='bbox 2896 5431 3119 5506; x_wconf 75' lang='grc' dir='ltr'>Ἔμεινε</span> <span class='ocrx_word' id='word_1_818' title='bbox 3194 5428 3253 5488; x_wconf 68' lang='grc' dir='ltr'>δὲ</span> <span class='ocrx_word' id='word_1_819' title='bbox 3299 5434 3327 5488; x_wconf 85' lang='grc' dir='ltr'><strong>ὁ</strong></span> <span class='ocrx_word' id='word_1_820' title='bbox 3384 5428 3596 5491; x_wconf 81' lang='grc' dir='ltr'>Παῦλος</span> <span class='ocrx_word' id='word_1_821' title='bbox 3655 5422 3839 5480; x_wconf 84' lang='grc' dir='ltr'>διετίαν</span> 
     </span>
    </p>
   </div>
   <div class='ocr_carea' id='block_1_115' title="bbox 2211 5513 3829 5601">
    <p class='ocr_par' dir='ltr' id='par_1_115' title="bbox 2211 5513 3829 5601">
     <span class='ocr_line' id='line_1_115' title="bbox 2211 5513 3829 5601; baseline 0.001 -30"><span class='ocrx_word' id='word_1_822' title='bbox 2211 5513 2348 5586; x_wconf 73' lang='grc' dir='ltr'>ὅλην</span> <span class='ocrx_word' id='word_1_823' title='bbox 2407 5513 2460 5572; x_wconf 71' lang='grc' dir='ltr'>ἐν</span> <span class='ocrx_word' id='word_1_824' title='bbox 2536 5513 2661 5592; x_wconf 83' lang='grc' dir='ltr'>ἰδίῳ</span> <span class='ocrx_word' id='word_1_825' title='bbox 2747 5521 3082 5596; x_wconf 84' lang='grc' dir='ltr'>μιστώματι.</span> <span class='ocrx_word' id='word_1_826' title='bbox 3125 5521 3233 5579; x_wconf 75' lang='grc' dir='ltr'>Καὶ</span> <span class='ocrx_word' id='word_1_827' title='bbox 3289 5519 3584 5601; x_wconf 69' lang='grc' dir='ltr'>ἀπεδέχετο</span> <span class='ocrx_word' id='word_1_828' title='bbox 3638 5514 3829 5572; x_wconf 74' lang='grc' dir='ltr'>πάντας</span> 
     </span>
    </p>
   </div>
  </div>
