4112 6250
245 314 369 377 305
1323 323 1733 388 COMMENT.
1779 327 1855 387 ΙΝ
1905 327 2108 389 ACTA
2152 323 2764 388 APOSTOLOBUM.
3610 335 3729 394 306

260 449 394 515 τους
424 449 965 527 εἶσπορεύομὲνους
998 457 1135 533 πρὸς
1167 457 1349 528 αὐτὸν,
1388 457 1678 534 κηρύσσων
1729 459 1828 528 τὴν

2104 465 2303 516 )antur
2332 459 2404 516 ad
2433 460 2630 532 ipsum
2659 477 2672 515 :
2704 459 3036 532 praedicans
3068 477 3320 534 regnum
3352 462 3477 531 Dei,
3525 480 3592 520 ac
3624 466 3728 521 d0-

277 541 487 599 σιλείαν
514 549 620 598 τοῦ
653 544 826 613 Θεοῦ,
861 549 956 602 καὶ
995 545 1260 602 διδάσκων
1319 549 1386 604 τὰ
1441 549 1564 625 περὶ
1621 553 1723 605 τοῦ
1769 549 1901 626 Κυρί

2103 567 2221 605 :ens
2252 551 2324 605 de
2361 552 2608 606 Domino
2639 553 2775 606 Jesu
2807 568 2941 606 cum
2985 553 3146 606 omni
3199 552 3435 620 ﬁducia,
3487 555 3727 611 nemine

290 635 474 705 Ἰησοῦ
509 635 652 706 μετὰ
686 638 882 704 πάσης
918 636 1228 712 παρρησίας
1268 639 1589 700 ἀκωλύτως.
1624 662 1651 690 ››

918 636 1228 712 παρρησίας
1268 639 1589 700 ἀκωλύτως.
1624 662 1651 690 ››
2079 639 2461 708 prohibente.
2497 660 2523 686 n

373 749 400 776 ι(
437 725 516 782 Τὸ
549 730 781 798 Πνεῦμα
806 727 875 780 τὸ
925 726 1084 801 ἅγιον
1143 727 1380 798 ἐλάλησε
1438 725 1526 782 διὰ
1580 729 1813 785 Ἠσαίου
1871 732 1968 783 τοῦ

2154 749 2181 777 ‹‹
2209 728 2460 798 Spiritus
2492 734 2734 783 sanctus
2763 728 2996 784 locutus
3045 734 3134 784 est
3181 746 3286 801 per
3336 730 3551 785 Isaiam
3583 748 3719 802 pro-

309 820 617 896 προστήτου,
657 844 678 868 ι
720 818 817 872 καὶ
848 820 920 872 τὰ
951 820 1092 888 ἑξῆς.
1138 821 1272 883 Τοῖς
1318 819 1590 892 ὑπουργὸν
1622 819 1843 893 λέγουσι
1873 841 1933 875 το

2097 817 2340 883 )hetam,
2377 839 2403 867 »
2440 824 2550 874 etc.
2592 821 2704 872 Eos
2735 819 2834 889 qui
2887 819 3168 890 Spiritum
3218 826 3488 875 sanctum
3534 823 3721 876 Patris

322 909 528 983 Πατρὸς
553 909 609 962 τὸ
643 912 875 979 Πνεῦμα
905 909 970 962 τὸ
1001 908 1157 985 ’ἅγιον
1208 909 1236 963 ὁ
1297 907 1508 972 Παῦλος
1566 909 1793 973 ἐνταῦθα
1848 931 1946 964 και·

2093 907 2286 961 iicunt
2309 924 2436 962 esse
2465 908 2804 962 ministrum
2827 909 3044 962 Paulus
3068 909 3311 964 vulnere
3335 910 3472 964 ferit
3494 910 3717 966 lethali.

326 999 445 1074 ρίαν
473 994 648 1050 δίδωσι
682 995 943 1071 πληγήν.
977 997 1083 1052 Τὸν
1139 998 1242 1071 γάρ
1303 997 1496 1072 Κύριον
1525 998 1615 1053 τὸν
1659 1001 1950 1071 καθήμενοι

2099 997 2382 1067 Siquidem
2415 1013 2549 1051 eum
2573 1014 2751 1068 quem
2783 998 2927 1051 vidit
2956 999 3138 1053 Isaias
3172 999 3487 1054 Dominum
3518 1000 3723 1055 seden-

315 1087 410 1142 ἐπί
437 1086 624 1160 θρόνου
658 1085 887 1159 ὑψηλοῦ
913 1086 1004 1141 καὶ
1055 1086 1386 1160 ἐπηρμένου,
1446 1087 1504 1142 δν
1560 1085 1696 1142 εἶδεν
1729 1089 1939 1152 ’Πσαίας

2107 1102 2197 1141 em
2223 1103 2400 1158 super
2431 1088 2713 1142 thronum
2757 1087 3056 1142 excelsum
3109 1094 3168 1142 et
3198 1088 3510 1156 elevatum,
3561 1096 3727 1146 vocat

304 1173 420 1230 ὧδε
449 1175 590 1248 λέγει
633 1176 696 1230 τὸ
724 1181 945 1247 Πνεῦμα
996 1177 1057 1230 τὸ
1117 1177 1284 1248 ἅγιον.
1343 1175 1664 1248 Ὠμοούσιον
1700 1176 1800 1251 γάρ
1855 1177 1928 1232 ἐστ

2101 1193 2189 1230 ioc
2215 1177 2344 1231 loco
2369 1176 2651 1248 Spiritum
2684 1184 2975 1231 sanctum.
3003 1178 3281 1248 Ejusdem
3312 1195 3569 1250 namque
3591 1181 3725 1235 sub-

297 1271 382 1337 τῷ
415 1265 586 1338 Πατρὶ
619 1265 708 1319 καὶ
737 1269 819 1336 τῷ
848 1265 983 1336 Υἱῷ,
1015 1265 1103 1318 καὶ
1133 1267 1230 1334 τῆς
1261 1264 1387 1335 ἴσης
1438 1265 1675 1336 ἐξουσίας
1726 1268 1921 1342 μετέχε

2097 1269 2310 1323 ιῐοηιὶω
2343 1275 2433 1323 est
2461 1286 2596 1324 cum
2627 1271 2797 1324 Patre
2828 1275 2886 1323 et
2915 1269 3083 1335 Filio,
3119 1276 3177 1324 et
3208 1271 3497 1341 aequalem
3543 1272 3721 1326 simul

299 1355 407 1413 Καὶ
461 1359 630 1409 τοῦτο
689 1354 754 1408 τὸ
849 1355 1014 1427 ῥητὸν
1095 1355 1185 1410 τὸν
1269 1358 1558 1430 προφήτην
1643 1357 1717 1420 ὡς
1786 1357 1923 1412 (is/.04

2097 1355 2343 1411 iossidet
2373 1363 2747 1428 potestatem.
2785 1360 2854 1410 Et
2903 1358 3013 1412 hoc
3060 1357 3283 1413 dictum
3333 1360 3546 1414 asserit
3576 1378 3721 1431 pro-

303 1445 798 1523 ἀποφθεγγόμενον
849 1444 972 1518 περὶ
1031 1448 1138 1498 τῶν
1204 1445 1339 1500 κατὰ
1381 1447 1472 1500 τὸν
1530 1447 1739 1516 Ἰησοῦν
1790 1445 1927 1522 λέγει

2093 1446 2316 1516 )hetam
2349 1445 2630 1500 divinitus
2647 1446 2908 1500 locutum
2924 1447 2994 1501 de
3007 1448 3145 1501 Jesu
3160 1447 3412 1502 dixisse:
3441 1449 3717 1519 quando-

298 1534 736 1610 παρασκευάζει,
797 1532 1020 1609 ἐπείπερ
1076 1533 1304 1604 ἤκουσεν
1367 1537 1394 1590 ὁ
1453 1533 1588 1597 λαὸς
1643 1539 1749 1590 τῶν
1785 1537 1922 1606 Ἰησε

2093 1534 2319 1605 ιιιὶἀεῐη
2349 1533 2572 1588 audivit
2600 1535 2855 1606 populus
2887 1553 3192 1591 sermones
3222 1538 3380 1604 Jesu,
3402 1543 3594 1593 etnon
3626 1539 3717 1594 in-

299 1625 519 1700 λόγων,
554 1624 650 1678 καὶ
683 1624 749 1678 οὗ
783 1630 996 1692 συνῆκε,
1031 1623 1120 1678 καὶ
1176 1623 1392 1698 βλέπων
1450 1627 1516 1680 τά
1570 1625 1658 1679 ὑπ’
1689 1626 1856 1680 αὐτοῦ
1887 1647 1920 1700 γ

2084 1623 2338 1678 tellexit:
2372 1639 2625 1694 cumque
2658 1624 2879 1678 videret
2900 1624 3187 1697 prodigia,
3219 1643 3350 1696 qua)
3382 1626 3454 1682 ab
3487 1644 3553 1682 eo
3579 1628 3708 1682 ede-

295 1717 515 1787 νόμενα
544 1714 830 1787 τεράστια,
865 1711 972 1791 οὐχ
1001 1713 1172 1787 ἑώρα.
1205 1712 1304 1775 Εἷς
1330 1713 1604 1786 μέλλοντα
1633 1714 1737 1790 γὰρ
1769 1715 1919 1790 χρόνι

2081 1712 2312 1782 bantur,
2365 1729 2483 1766 non
2534 1713 2945 1784 perspiciebat.
2984 1715 3126 1768 Nam
3177 1715 3400 1770 dictum
3441 1715 3591 1770 illud
3635 1718 3705 1771 ad

292 1804 574 1879 ἐγκλίνων
605 1803 670 1857 τὸ
703 1801 892 1876 ῥητὸν,
928 1801 1174 1877 ἐμφαίνει
1202 1804 1302 1872 τὴν
1336 1803 1412 1865 εἷς
1449 1804 1701 1879 ὑστέρους
1729 1805 1916 1879 χρόνοι

2087 1803 2337 1858 Futurum
2371 1808 2602 1873 tempus
2621 1803 2948 1868 declinans,
2985 1804 3325 1860 manifestat
3343 1822 3545 1860 eorum
3582 1824 3711 1876 qua:

287 1899 401 1949 τῶν
423 1890 938 1971 προσητευομένων
990 1891 1280 1972 ἀναςροράν.
1343 1891 1544 1948 Σκόπει
1603 1890 1660 1947 δὲ
1714 1895 1812 1960 τῆν
1867 1915 1911 1947 τι

2086 1894 2350 1948 vaticinio
2381 1893 2661 1948 dicuntur
2691 1895 3040 1948 relationem
3075 1895 3148 1949 ad
3180 1897 3710 1967 tempusfuturum.

291 1984 622 2054 Πνεόματος
654 1976 935 2055 ἀκρίϐειαν
997 1980 1111 2038 Οὐκ
1136 1981 1273 2050 εἶπε,
1328 1982 1422 2037 Καὶ
1485 1981 1546 2036 οὗ
1575 1983 1651 2053 μὴ
1715 1980 1912 2057 βλέψετ

2084 1982 2395 2037 Considera
2413 1999 2546 2036 vero
2575 1989 2836 2037 exactam
2864 1984 3115 2054 Spiritus
3138 2001 3359 2040 curam.
3397 1989 3518 2040 Non
3552 2003 3708 2041 enim

301 2073 449 2138 ἀλλ’,
482 2073 568 2127 ὅτι
607 2071 886 2144 Βλέψητε,
914 2069 1004 2124 καὶ
1040 2071 1105 2125 οὐ
1139 2072 1214 2142 μή
1259 2067 1431 2140 ἴδητε.
1484 2069 1647 2140 Οὐδὲ,
1708 2072 1792 2126 ’ὁτι
1850 2071 1925 2128 0-3

2089 2071 2240 2133 iixit,
2271 2070 2358 2124 καὶ
2391 2068 2450 2122 οὐ
2484 2071 2558 2141 μή
2602 2069 2864 2143 βλέψητε,
2917 2072 2972 2126 id
3007 2079 3115 2139 est,
3169 2080 3227 2127 et
3276 2091 3395 2128 non
3441 2075 3713 2130 videbitis

310 2164 620 2227 ἆκοὸσεσθε,
654 2156 787 2213 ἁλλ’
837 2157 921 2212 ὅτι
976 2158 1275 2230 ’Λκο-ἓσετε,
1329 2161 1420 2214 καὶ
1477 2159 1543 2214 οὗ
1613 2161 1688 2233 μὴ
1745 2169 1934 2231 συνῆτε

2086 2161 2253 2232 ξφ]οά
2281 2160 2520 2215 verbum
2552 2165 2999 2231 praeposuerat),
3034 2163 3136 2217 sed
3168 2163 3459 2231 videbitis,
3494 2173 3552 2220 et
3593 2183 3710 2220 non

317 2253 479 2310 Αὖτοὶ
504 2250 733 2309 ἑαυτοὺς
753 2247 982 2327 ἀφεῖλον
1012 2253 1252 2324 πρῶτον,
1284 2251 1350 2306 τὰ
1374 2251 1486 2305 ὦτα
1521 2250 1796 2326 βύσαντες,
1835 2251 1941 2305 τοὺ.

2099 2247 2250 2320 ama,
2281 2250 2339 2303 id
2371 2256 2476 2317 est,
2510 2251 2903 2320 perspiciatis.
2928 2253 3124 2322 Neque
3149 2252 3334 2307 dixit:
3370 2256 3577 2309 Nonne
3611 2273 3715 2310 au-

320 2343 624 2418 όοθαλμοῦς
680 2343 1090 2414 καμμύσαντες,
1157 2343 1256 2410 τήν
1322 2339 1545 2417 καρδίαν
1610 2341 1936 2416 βαρύναντες

2090 2338 2246 2393 lictis
2275 2355 2287 2393 :
2323 2338 2446 2401 sed,
2473 2338 2739 2393 Audietis
2773 2345 2830 2393 et
2861 2356 2979 2394 non
3013 2341 3378 2412 intelligetis.
3423 2345 3541 2414 Ipsi
3576 2345 3714 2399 sibi-

418 2434 515 2512 γάρ
549 2435 722 2506 μόνον
757 2431 862 2486 οὐκ
889 2428 1116 2500 ἤκουον,
1149 2430 1294 2487 ἀλλὰ
1339 2433 1431 2487 καὶ
1493 2430 1704 2507 βαρέως
1732 2431 1933 2500 ἤκουον

2087 2427 2215 2498 ηρεὶε
2233 2427 2657 2499 impedimento
2678 2427 2934 2482 fuerunt.
2954 2428 3242 2484 obturatis
3267 2411 3525 2501 primum
3560 2434 3711 2488 auri-

310 2525 602 2594 Ἑτοῖησαν
645 2520 707 2577 δὲ
737 2525 924 2592 τοῦτο,
958 2520 1114 2599 φησὶ,
1152 2523 1225 2594 μή
1259 2541 1390 2576 ποτε
1447 2520 1811 2596 ἐπιστρέψωσι
1867 2542 1934 2576 κα

2087 2535 2202 2584 )us,
2231 2517 2420 2572 oculis
2451 2516 2692 2575 clausis.
2727 2517 2901 2571 corde
2944 2525 3272 2589 aggravato.
3321 2522 3520 2590 Neque
3554 2523 3711 2577 enim

304 2614 542 2687 ἴάσωμαι
575 2613 804 2680 αὐτοὺς,
836 2610 1223 2684 ἐπιτεταμένην
1283 2609 1456 2666 αὐτῶν
1509 2610 1683 2685 λέγων
1721 2611 1822 2678 τήν
1853 2631 1926 2664 πο

2081 2607 2261 2663 solum
2293 2623 2414 2661 non
2459 2605 2801 2674 audiebant,
2855 2606 2956 2661 sed
3011 2609 3338 2679 etgraviter
3367 2610 3705 2666 audiebant.

295 2704 484 2780 νηρίαν
517 2703 616 2758 καὶ
653 2703 793 2774 μετά
817 2697 1060 2769 σπουδῆς
1087 2700 1469 2776 ἀποστροφήν.
1524 2699 1625 2756 Καὶ
1672 2703 1834 2754 τοῦτο
1866 2697 1919 2754 λέ

2087 2699 2187 2753 ioc
2205 2702 2403 2752 autem
2419 2696 2703 2761 fecerunt,
2721 2697 2934 2766 inquit,
2956 2697 3272 2767 nequando
3292 2706 3711 2756 convertantur

289 2814 366 2869 γει
399 2791 788 2872 ἐφελκόμενος
818 2790 909 2843 καὶ
943 2788 1216 2862 ἐρεθίζων,
1239 2789 1329 2844 καὶ
1363 2787 1592 2857 δεικνὺς,
1627 2789 1711 2844 ὃτι
1742 2788 1800 2843 ἂν
1833 2788 1913 2845 ἐπι

2085 2796 2128 2846 ξι
2147 2803 2350 2843 sanem
2366 2792 2911 2857 eos,exaggeratam
2944 2788 3312 2843 etintensam
3347 2789 3550 2844 dicens
3582 2808 3709 2847 esse

281 2883 623 2957 στρέφουσιν,
653 2880 866 2934 ἰάσεται
899 2876 1119 2939 αὐτούς.
1152 2878 1346 2933 Ἰστέον
1380 2875 1436 2934 δὲ
1461 2879 1545 2933 ’ὀτι
1573 2879 1738 2957 μέχρι
1758 2878 1905 2933 τοότι

2080 2895 2278 2936 eorum
2309 2879 2598 2934 malitiam
2629 2885 2687 2932 et
2729 2880 3094 2933 aversionem
3130 2881 3326 2935 studio
3370 2883 3704 2952 quaasitam.

277 2973 497 3045 ἱστορεῖ
517 2973 746 3032 Λουκᾶς
775 2968 843 3022 τά
871 2968 993 3038 περὶ
1025 2968 1117 3022 τὸν
1171 2967 1432 3042 μακάριον
1493 2967 1705 3022 Παῦλον
1740 2967 1791 3021 ἐν
1836 2989 1900 3022 τα

2079 2971 2251 3040 [dque
2284 2968 2428 3023 dicit
2474 2969 2778 3022 attraliens
2827 2974 2886 3022 et
2933 2969 3217 3035 excitans,
3267 2987 3334 3024 ac
3384 2973 3703 3028 ostendens

288 3063 526 3134 Πράξεσι
558 3064 673 3114 τῶν
708 3056 1054 3126 ἀποστόλων,
1096 3060 1212 3111 κατ’
1269 3056 1442 3111 ἐκεῖνο
1493 3060 1684 3131 καιροῦ
1741 3057 1803 3111 τὸ
1863 3059 1912 3130 βε

2082 3063 2220 3133 ιυοίί
2258 3063 2302 3114 si
2338 3065 2958 3125 converterentur,eos
2977 3059 3168 3114 adhuc
3201 3068 3706 3118 essetsanaturus.

298 3146 458 3204 Βλὶον
514 3149 1002 3223 συγγραψάμενος,
1053 3146 1142 3201 καὶ
1213 3145 1283 3200 τὰ
1335 3148 1562 3218 καθεξῆς
1618 3147 1808 3215 ἣκιστα
1863 3165 1920 3220 γι

2084 3149 2384 3206 Sciendum
2407 3155 2606 3202 autem
2638 3148 2796 3218 quod
2829 3149 2942 3203 huc
2974 3165 3161 3218 usque
3193 3150 3413 3205 scribat
3436 3153 3616 3206 Lucas
3647 3154 3708 3207 in

309 3240 563 3293 νὼς-κων.
618 3235 756 3294 Οὐδὲ
810 3238 874 3291 τὸ
936 3234 1232 3310 μαρτύριον
1285 3234 1482 3290 τούτου
1522 3232 1835 3310 ἐγκατέθετο
1887 3236 1933 3304 τῇ

2085 3241 2226 3295 ictis
2257 3239 2832 3311 apostolorum,quaa
2851 3240 3006 3293 circa
3038 3239 3272 3294 beatum
3289 3241 3532 3296 Paulum
3569 3260 3709 3298 con-

323 3323 532 3400 βίῧλῳ.
577 3327 969 3390 Καταλιπόντες
1028 3327 1132 3401 γὰρ
1190 3325 1349 3380 αὐτὸν
1420 3325 1589 3381 ἐκεῖσε
1645 3330 1856 3386 Λουκᾶς
1901 3346 1947 3380 τε

2091 3331 2344 3403 igerunt,
2376 3345 2511 3383 cum
2543 3345 2611 3382 eo
2645 3335 2907 3399 tempore
2935 3329 3151 3383 librum
3171 3331 3626 3402 conscripsisset
3655 3339 3711 3387 et

318 3419 410 3470 καί
460 3417 800 3491 Ἀρίσταρχος
835 3416 1091 3487 ἐξῆλθον.
1126 3411 1386 3478 Εὐσέϐιος
1419 3413 1476 3471 δὲ
1504 3415 1632 3478 τοὺς
1679 3414 1942 3488 μετέπειτι

2080 3438 2198 3492 quas
2241 3419 2522 3489 deinceps
2567 3418 2766 3474 futura
2809 3425 2978 3473 erant
3024 3420 3272 3475 minime
3321 3439 3704 3495 cognoscens,

318 3506 559 3582 χρόνους
597 3506 868 3581 ξστόρῃσεν
925 3500 1188 3580 ἂκριϐὤς,
1247 3505 1368 3561 τότε
1421 3505 1516 3579 μὲν
1567 3504 1653 3560 ἐπὶ
1711 3505 1942 3580 Νέρωνοι

2080 3527 2260 3581 neque
2293 3509 2480 3580 ipsius
2517 3508 2867 3580 martyrium
2920 3510 3030 3564 hoc
3072 3510 3222 3564 libro
3276 3529 3592 3582 reponens.
3627 3516 3704 3568 Eo

314 3596 807 3673 ἀπολογησάμενον
838 3597 932 3652 τὸν
969 3595 1186 3653 Παῦλον
1220 3597 1372 3659 αὗθις
1429 3596 1516 3652 ἐπὶ
1572 3598 1674 3666 τήν
1730 3601 1828 3650 τοῦ
1858 3617 1926 3667 κη

2079 3601 2228 3656 enim
2261 3599 2482 3653 ibidem
2506 3598 2712 3652 relicto
2747 3599 2928 3653 Lucas
2959 3604 3016 3653 et
3057 3600 3432 3656 Aristarchus
3482 3604 3703 3673 egressi

317 3689 595 3764 ρῦγματος
684 3685 958 3741 διακονίαν
1069 3685 1404 3758 στείλασθαι,
1481 3687 1619 3759 πρὸς
1695 3685 1941 3761 Καίσαροε

2081 3694 2227 3746 sunt.
2263 3687 2550 3743 Eusebius
2576 3705 2710 3742 vero
2743 3688 2804 3741 in
2829 3690 3140 3757 sequentia
3189 3696 3454 3760 tempora
3503 3699 3705 3746 exacte

309 3777 674 3844 ἀπολυθέντα,
735 3778 826 3831 καὶ
907 3776 1355 3855 εὐαγγελίσασθαι
1421 3777 1502 3851 ἐφ’
1573 3777 1780 3850 ἑτέροις
1838 3776 1930 3834 δέκ

2085 3778 2424 3848 :onscripsit
2458 3794 2470 3829 :
2504 3782 2644 3831 tunc
2677 3777 2915 3846 quidem
2948 3778 3169 3848 ubipro
3204 3796 3263 3833 se
3283 3780 3530 3832 dixisset
3563 3781 3709 3834 Pau-

301 3866 492 3924 ἔτεσιν.
546 3867 651 3931 Εἷς
718 3864 882 3942 ἃκρον
945 3865 1003 3921 δὲ
1058 3865 1249 3939 μανίας
1307 3867 1334 3921 ὁ
1387 3864 1577 3941 Νέρων
1634 3865 1925 3945 ἀφικόμενα

2096 3887 2185 3934 us,
2222 3885 2427 3922 rursus
2442 3867 2514 3921 ad
2534 3866 2970 3936 praedicationis
2987 3867 3386 3922 ministerium
3411 3884 3538 3922 esse
3571 3869 3713 3923 mis-

287 3958 379 4013 ἐπὶ
411 3959 514 4019 τὰς
562 3961 678 4012 τῶν
738 3954 1056 4010 ἀποστόλων
1113 3957 1258 4031 ἣρθη
1320 3956 1548 4035 σφαγάς.
1599 3955 1911 4011 Μεταστειλι

2087 3973 2226 4022 sum,
2260 3971 2392 4010 cum
2425 3971 2459 4008 a
2487 3955 2715 4008 Caesare
2746 3954 3053 4008 absolutus
3085 3961 3279 4010 esset:
3324 3956 3574 4026 aliisque
3608 3958 3711 4011 de-

291 4071 458 4121 μενος
493 4047 605 4125 γάρ
635 4047 731 4101 τὸν
758 4043 976 4103 Παῦλον
1009 4043 1317 4119 τριακοστῷ
1359 4043 1502 4119 ἕκτῳ
1551 4039 1656 4100 ἔτει
1711 4051 1808 4102 τοῦ
1865 4067 1915 4100 σι

2083 4063 2198 4103 :em
2230 4045 2402 4100 annis
2436 4043 2818 4114 Evangelium
2849 4043 3224 4114 praedicasse.
3276 4046 3534 4100 Tandem
3574 4064 3707 4102 vero

277 4141 490 4214 τηρίου
549 4137 789 4202 πάθους,
850 4131 1280 4209 τρισκαιδεκάτῳ
1356 4132 1412 4190 δὲ
1464 4136 1684 4206 ἑαυτοῦ,
1739 4133 1900 4205 ἐποίη

2082 4135 2172 4192 ubi
2200 4137 2348 4190 Nero
2403 4133 2475 4188 ad
2519 4138 2849 4187 extremum
2899 4132 3148 4187 insaniae
3195 4134 3578 4204 pervenisset,
3635 4137 3706 4192 ad

287 4234 660 4303 μαρτυρῆσαι
697 4224 834 4303 ξίφει
891 4226 989 4295 τήν
1046 4222 1291 4304 κεφαλὴν
1354 4223 1758 4298 ἀποτμηθέντα.
1811 4226 1911 4282 Ἕσ

2075 4227 2262 4284 οωάεε
2293 4225 2692 4298 apostolorum
2727 4224 3035 4296 processit.
3067 4225 3220 4280 188
3271 4226 3574 4296 Siquidem
3606 4245 3699 4284 ac-

282 4320 480 4375 τοίνυν
513 4316 629 4370 ἀπὸ
655 4319 752 4370 τοῦ
782 4311 1257 4370 ἐννεακαιδεκάτου
1310 4313 1461 4377 ἔτους
1521 4309 1780 4390 Τιϐερίου
1836 4320 1906 4370 K0

2083 4321 2285 4379 :ersito
2318 4319 2499 4376 Paulo
2530 4335 2687 4374 anno
2719 4335 2751 4372 a
2769 4335 2939 4390 passo
2955 4319 3185 4373 Christo
3210 4319 3506 4374 tricesimo
3522 4326 3707 4388 sexto,

285 4429 486 4483 σαρος,
519 4403 780 4477 δευτέρου
835 4401 892 4458 δέ
947 4401 1101 4466 ἔτους
1137 4408 1235 4458 τοῦ
1285 4402 1559 4480 σωτηρίου
1591 4404 1793 4468 πάθους
1822 4402 1873 4474 ἐξ
1904 4427 1909 4452 t

2084 4414 2164 4469 sui
2187 4429 2322 4467 vero
2340 4411 2573 4483 imperii
2596 4411 2764 4465 tertio
2787 4409 3038 4473 decimo,
3059 4411 3251 4481 ipsum
3269 4409 3341 4464 ad
3361 4411 3708 4481 martyrium

281 4499 600 4574 κηρύσσειν
629 4495 693 4549 τὸ
732 4491 1058 4569 Εὐαγγέλιον
1116 4493 1342 4568 ἤρξατο,
1392 4492 1497 4555 ἓως
1530 4493 1780 4549 εἰκοστοῦ
1841 4491 1905 4548 δει

2087 4502 2292 4575 adegit,
2319 4501 2509 4573 capite
2541 4499 2734 4573 gladio
2766 4505 3090 4570 amputato.
3124 4500 3272 4554 Sunt
3312 4499 3508 4569 itaque
3543 4517 3576 4555 a
3605 4501 3711 4556 de-

283 4591 460 4666 τέρου
493 4592 604 4644 τοῦ
636 4586 802 4641 αὗτοῦ
832 4581 1111 4660 Τιϐερίου,
1144 4583 1236 4658 ἔτη
1269 4587 1518 4661 τέσσαρα.
1563 4587 1665 4644 Καὶ
1700 4587 1768 4641 τά
1800 4586 1907 4640 Γαΐι

2085 4593 2225 4649 :imo
2257 4607 2415 4646 nono
2445 4590 2660 4646 Tiberii
2694 4589 2941 4643 Czesaris
2990 4605 3169 4656 anno,
3219 4589 3479 4643 secundo
3511 4607 3646 4645 vero
3675 4609 3709 4648 a

287 4681 348 4737 δὲ
383 4680 662 4740 ὡσαύτως
695 4674 786 4747 ἔτη
816 4677 1064 4752 τέσσαρα.
1125 4678 1290 4740 Αὖθις
1349 4675 1406 4733 δὲ
1430 4679 1521 4732 καὶ
1580 4679 1646 4733 τὰ
1677 4674 1911 4733 Κλαυδία

2088 4682 2299 4737 3hristo
2338 4697 2534 4752 passo,
2567 4695 2702 4734 cum
2754 4677 3129 4748 Evangelium
3183 4677 3505 4750 praedicare
3537 4683 3712 4752 ccepit

286 4770 386 4840 ἶτη
452 4763 962 4842 τεσσαρεσκαίδεκα,
1035 4766 1095 4821 δν
1155 4765 1531 4839 διαδεξάμενος
1613 4767 1799 4841 Νέρων
1878 4787 1908 4822 τ

2083 4787 2258 4842 isque
2289 4769 2362 4825 ad
2402 4768 2747 4824 vicesimum
2801 4766 3131 4821 secundum
3191 4767 3458 4838 ejusdem
3491 4770 3707 4827 Tiberii

295 4857 744 4932 τρισκαιδεκάτῳ
783 4853 886 4911 ἔτει
918 4863 1018 4925 τῆς
1049 4855 1214 4910 αὐτοῦ
1243 4857 1442 4931 ἀρχῆς,
1497 4856 1588 4910 τὸν
1617 4855 1919 4912 Ἀπόστολο

2081 4860 2206 4916 mni
2239 4864 2524 4930 quatuor:
2559 4861 2617 4911 et
2642 4855 2782 4910 anni
2813 4855 2932 4910 Caii
2964 4855 3240 4911 similiter
3261 4863 3547 4929 quatuor:
3582 4878 3705 4915 rur-

307 4948 537 5005 ἆνεῖλεν.
564 4949 726 5003 Ἐστι
753 4945 929 5000 τοίνυν
964 4947 992 5000 ὁ
1032 4951 1134 5007 πᾶς
1191 4947 1394 5020 χρόνος
1450 4950 1548 5000 τοῦ
1604 4943 1925 5020 κηρύγματο

2077 4966 2198 5004 sum
2222 4947 2361 5004 anni
2385 4945 2610 5001 Claudii
2643 4944 3114 5016 quatuordecim,
3165 4963 3342 5016 quem
3398 4949 3701 5006 insecutus

304 5039 530 5094 Παύλου
567 5038 742 5092 εἳκοσι
796 5034 885 5090 καί
930 5034 985 5092 ἓν
1044 5032 1182 5098 ἔτοςο
1241 5035 1331 5090 καὶ
1378 5029 1532 5110 ἕτερα
1590 5032 1685 5089 δύο
1751 5030 1868 5106 ἔτη,
1925 5038 1928 5082 7

2080 5040 2218 5093 Nero
2235 5037 2408 5092 tertio
2424 5035 2653 5090 decimo
2669 5034 2758 5088 sui
2779 5034 3147 5106 principatus
3169 5053 3346 5100 anno,
3373 5039 3704 5107 apostolum

301 5127 607 5185 διετέλεσεν
642 5125 696 5180 ἐν
724 5129 804 5196 τῷ
832 5125 968 5180 κατὰ
1020 5123 1337 5200 Καισάρειαν
1396 5121 1780 5200 δεσμωτηρίῳ.
1816 5125 1925 5199 Πρὸ

2083 5126 2392 5182 interemit.
2472 5127 2574 5179 Est
2651 5124 2830 5195 igitur
2915 5141 3089 5180 omne
3179 5130 3411 5196 tempus
3493 5126 3707 5195 prioris

297 5218 354 5275 δί
383 5219 608 5278 τοότοις
639 5214 832 5282 πάλιν,
863 5215 930 5269 τὰ
959 5212 1012 5268 ἐν
1043 5212 1234 5287 Ῥώμῃ
1276 5214 1513 5288 πρότερα
1569 5210 1666 5268 δύο
1695 5209 1812 5285 ἔτη,
1869 5235 1921 5268 κε

2081 5216 2235 5272 Pauli
2270 5214 2714 5287 praedicationis
2743 5230 2897 5269 unus
2929 5219 2987 5269 et
3033 5213 3234 5286 viginti
3275 5213 3458 5268 anni:
3510 5219 3567 5267 et
3605 5214 3705 5270 alii

298 5313 363 5368 τα
391 5309 692 5365 τελευταῖα
739 5303 797 5360 δὲ
828 5299 923 5374 ἔτη
985 5301 1132 5373 δέκα,
1164 5303 1303 5359 ὥστε
1334 5303 1471 5358 εἶναι
1503 5306 1671 5358 πάντα
1702 5298 1794 5375 ἔτη
1855 5303 1922 5358 ἀπ

2086 5307 2188 5361 iuo
2219 5305 2384 5371 anni,
2418 5319 2566 5374 quos
2599 5303 2660 5357 in
2691 5319 2924 5358 carcere
2953 5302 3107 5374 apud
3121 5303 3447 5357 Caesaream
3479 5307 3710 5359 transe-

300 5408 398 5470 τῆς
446 5401 708 5471 κλήσεως
767 5393 934 5449 αὐτοῦ
999 5395 1164 5468 μέχρι
1221 5399 1324 5462 τῆς
1383 5392 1718 5455 τελειώσεως
1775 5392 1924 5448 αῦτοῐ

2089 5394 2157 5468 git
2181 5412 2192 5449 :
2230 5393 2304 5448 ad
2333 5393 2460 5448 haec
2489 5409 2723 5447 rursum
2743 5391 2858 5446 duo
2890 5393 3116 5463 priores
3135 5390 3484 5447 anniRoma)
3519 5398 3713 5450 trans-

302 5491 594 5566 τριάκοντα
689 5485 779 5542 καὶ
873 5482 1057 5539 πέντε.
1145 5481 1282 5538 Ἀπὸ
1365 5478 1422 5537 δὲ
1504 5483 1600 5538 τοῦ
1687 5484 1926 5557 σωτηρίο

2089 5483 2188 5539 icti
2216 5500 2228 5537 :
2263 5488 2320 5538 et
2349 5481 2654 5537 novissimi
2686 5481 2889 5534 decem
2920 5481 3083 5535 anni.
3116 5480 3202 5534 Ita
3241 5486 3307 5535 ut
3351 5481 3471 5537 sint
3508 5501 3713 5542 omnes

308 5585 526 5649 πάθους,
617 5577 924 5655 τριάκοντα
1006 5571 1082 5643 ἓξ.
1169 5571 1313 5627 Μετᾶ
1370 5573 1474 5647 γάρ
1532 5573 1631 5641 τῆν
1691 5577 1792 5628 τοῦ
1869 5579 1932 5628 K'J

2087 5574 2217 5630 anni
2249 5573 2321 5628 ab
2354 5573 2483 5645 ejus
2501 5569 2805 5626 vocatione
2823 5568 2897 5624 ad
2924 5574 3171 5622 mortem
3193 5587 3380 5641 usque
3399 5572 3586 5643 ipsius
3609 5574 3711 5628 tri-

305 5675 410 5753 ρίου
461 5672 770 5748 ἀνάληψιν,
871 5662 987 5737 μεθ’
1058 5660 1269 5738 ἡμέρας
1345 5663 1490 5726 τινας
1557 5661 1772 5741 ὀλίγας,
1830 5683 1929 5739 προ

2091 5665 2240 5738 ginta
2269 5665 2530 5738 quinque
2558 5681 2571 5732 ;
2608 5677 2642 5718 δ.
2670 5661 2941 5733 passione
2973 5665 3171 5717 autem
3205 5662 3448 5719 salutari
3479 5664 3715 5737 triginta
