4112 6250
450 350 567 412 307

1570 340 1995 406 ωΟυΜΕΝΙΙ
2042 339 2345 402 ΤΗΙΟΟιΕ
2388 341 2744 404 EPISCOPI

3735 345 3840 408 308

451 502 573 543 sex.
608 482 912 555 Siquidem
943 497 978 537 a
1005 480 1223 537 Christi
1255 478 1664 551 assumptione
1694 481 1829 548 post
1877 491 2097 546 paucos

2222 474 2551 549 χειρίζονται
2609 476 2665 530 οἱ
2724 473 3025 531 ἀπόστολοι
3104 472 3182 537 εἰς
3250 471 3525 530 διακονίαν
3593 474 3841 557 Στέφανον

455 575 683 645 aliquot
709 572 837 627 dies
865 576 1071 626 creant
1108 569 1361 641 apostoli
1395 567 1757 638 Stephanum
1791 571 1847 622 et
1878 580 1977 620 eos
2008 565 2110 635 qui

455 681 591 719 cum
624 679 691 717 eo
714 665 885 716 erant
913 660 975 714 in
1004 658 1422 713 ministerium.
1458 655 1676 711 Deinde
1709 656 1907 711 statim
1937 670 2109 725 repec

455 754 642 808 rimus
675 750 1038 821 Stephanum
1070 746 1370 818 lapidibus
1420 745 1699 801 obrutum
1749 751 1807 799 et
1855 743 2102 800 Paulum

459 840 605 896 caedi
624 838 1103 894 consentientem
1137 852 1148 891 :
1187 836 1287 907 qui
1309 834 1684 906 postmodum
1712 833 2107 905 proﬁciscitur

457 931 832 995 Damascum,
866 933 1147 997 tanquam
1181 930 1417 979 sanctos
1436 924 1535 995 qui
1559 923 1780 977 ibidem
1811 921 2104 994 degebant

454 1020 945 1089 interempturus.
977 1015 1166 1071 Medio
1196 1020 1394 1069 autem
1422 1014 1633 1068 itinere
1662 1012 1889 1067 vocatio
1922 1013 2051 1079 ejus
2070 1028 2102 1067 a

456 1110 573 1166 Deo
594 1109 749 1163 facta
770 1113 879 1173 est,
895 1112 961 1161 ut
980 1107 1072 1160 vix
1091 1105 1271 1161 fuerit
1292 1120 1485 1159 annus
1508 1104 1609 1158 ille
1633 1102 1921 1174 expletus.
1951 1104 2103 1157 Con-

452 1200 652 1255 festim
680 1204 877 1254 autem
909 1196 1233 1269 praedicare
1264 1195 1441 1267 C(Bpit
1486 1195 1939 1265 superveniente
1998 1193 2103 1247 de-

456 1290 610 1345 cimo
641 1304 799 1343 nono
831 1286 1046 1341 Tiberii
1073 1285 1319 1340 Caesaris
1337 1301 1494 1340 anno
1520 1301 1531 1337 :
1562 1300 1629 1339 ac
1660 1284 1834 1338 tertio
1867 1283 2097 1338 decimo

461 1376 711 1433 Neronis
743 1391 899 1431 anno
914 1374 1300 1439 interimitur,
1335 1372 1529 1445 capite
1550 1371 1745 1445 gladio
1768 1377 2095 1444 amputato.

2220 564 2308 618 καὶ
2346 563 2474 626 τοὺς
2502 564 2642 641 ἀμφὶ
2674 564 2855 622 αὐτόν.
2914 565 3139 621 Ἔπειτα
3189 564 3279 617 τὸν
3340 565 3610 644 Στέφανον
3667 567 3845 631 εὐθέως

2220 654 2540 729 εὑρίσκομεν
2599 654 2985 727 λιθαζόμενον,
3040 655 3132 708 καὶ
3186 654 3279 709 τὸν
3334 653 3553 711 Παῦλον
3610 655 3844 713 συνευδο-

2216 750 2417 803 κοῦντα
2439 747 2519 820 τῷ
2549 748 2718 822 φόνῳ.
2764 748 2864 809 "Oc
2927 748 3119 821 μικρὸν
3174 747 3391 821 ὕστερον
3451 747 3529 809 εὶς
3584 751 3842 821 Δαμασκὸν

2218 839 2386 912 ὁρμᾷ,
2418 838 2495 901 ὡς
2526 836 2655 899 τοὺς
2687 837 2861 892 ἐκεῖσε
2890 835 3049 898 ὄντας
3094 835 3279 911 ἁγίους
3325 839 3657 912 ἀναιρήσων.
3714 840 3848 896 Κατᾶ

2219 927 2387 999 μέσην
2423 924 2606 995 δὲτὴν
2637 922 2762 981 ὁδὸν
2829 927 2865 995 ἡ
2925 923 3124 995 κλῆσις
3182 926 3330 998 αὐτῷ
3377 927 3669 1001 γεγένηται
3722 929 3851 997 παρᾶ

2214 1020 2369 1083 Θεοῦ,
2430 1015 2505 1075 ὡς
2569 1020 2749 1088 μικρῷ
2806 1012 3295 1090 προσαναλωθῆναι
3361 1016 3426 1069 τὸ
3503 1012 3623 1079 ἔτος
3674 1014 3845 1074 ἐκεῖνο.

2216 1104 2431 1167 Εὐθέως
2466 1101 2523 1159 δὶ
2553 1104 2754 1177 ἤρξατο
2802 1101 3091 1173 κηρύσσειν
3152 1099 3565 1179 ἐπιλαϐομένου
3605 1105 3847 1160 ἐννεακαι-

2213 1188 2439 1247 δεκάτου
2498 1187 2651 1254 ἔτους
2709 1189 2964 1266 Τιϐερίου
3023 1190 3312 1267 Καίσαρος,
3373 1192 3466 1248 καὶ
3524 1197 3606 1265 τῷ
3659 1214 3849 1265 τρισκαι

2213 1278 2420 1353 δεκάτῳ
2450 1279 2556 1338 ἔτει
2591 1283 2841 1355 Νέρωνος
2883 1279 3214 1350 τελειοῦται,
3271 1283 3407 1361 ξίφει
3468 1283 3572 1352 τήν
3626 1283 3845 1362 κεφαλὴν

2205 1369 2567 1443 ἀποτμηθείς.

1621 1711 2703 1839 ΔΙΗΓΗΣΙΣ

2085 1908 2247 1963 ΠΕΡΙ

1100 2052 1349 2150 ΤΟΥ
1426 2049 1807 2148 ΑΓΙΟΥ
1885 2049 2650 2149 ΑΠΟΣΤΟΛΟΥ
2732 2052 3237 2150 ΠΑΥΛΟΥ

1730 2412 2619 2537 NARRATIO

1312 2660 1476 2753 DE
1523 2659 1821 2754 DIVO
1873 2658 2283 2754 PAULO
2335 2659 3021 2758 APOSTOLO.

627 3069 781 3126 189
811 3065 1139 3126 EUTHALII
1173 3065 1459 3121 DIACONI
1485 3064 1853 3121 PROLOGUS
1884 3064 1956 3133 (1)

531 3161 752 3220 Paulus
773 3158 1078 3231 apostolus
1111 3155 1392 3211 Ilebrzeus
1426 3154 1667 3225 quidem
1718 3160 1846 3210 erat
1873 3170 2113 3227 genere,

462 3271 531 3310 ex
562 3252 723 3306 tribu
771 3247 1103 3319 Benjamin,
1160 3244 1532 3315 professione
1591 3244 1952 3311 Pharisseus,
2006 3243 2117 3299 sub

463 3343 827 3415 praeceptore
856 3335 1017 3391 fideli
1046 3333 1369 3390 Gamaliele
1403 3333 1585 3403 Moysi
1619 3332 1811 3405 legem
1848 3335 2116 3390 edoctus.

468 3428 554 3481 Ad
606 3427 732 3480 hanc
777 3427 1022 3479 Tarsum
1082 3438 1213 3492 quae
1264 3421 1482 3475 Cilicim
1531 3421 1739 3476 oculus
1791 3428 1880 3477 est
1935 3423 2116 3494 (quod

469 3516 658 3578 aiunt)
690 3512 1053 3568 inhabitans.
1085 3509 1565 3580 Persequebatur
1594 3514 1792 3564 autem
1832 3515 1889 3565 et
1920 3512 2119 3582 impu—

462 3604 681 3679 gnabat
710 3602 814 3657 Dei
845 3600 1169 3656 Ecclesiam
1199 3615 1211 3652 :
1248 3598 1502 3669 ideoque
1534 3598 1815 3670 Stephani
1863 3601 2116 3671 apostoli

466 3699 525 3750 et
552 3691 827 3763 martyris
858 3689 1004 3745 caedi
1036 3687 1747 3755 intererat,achomicidii
1768 3693 1907 3743 tunc
1938 3689 2115 3760 parti-

466 3799 605 3854 ceps
631 3785 777 3850 erat,
807 3778 1099 3850 susceptis
1130 3778 1193 3832 in
1224 3776 1554 3833 custodiam
1575 3777 1803 3832 cunctis
1836 3777 2005 3833 illum
2030 3779 2114 3835 la'

468 3871 804 3947 pidantium
858 3868 1248 3937 indumentis,
1297 3872 1365 3922 ut
1392 3867 1661 3922 omnium
1706 3869 1984 3925 manibus
2040 3870 2114 3925 ad

462 3964 684 4019 caedem
705 3965 974 4016 uteretur
1010 3974 1023 4013 :
1045 3960 1390 4030 primusque
1418 3973 1549 4012 cum
1566 3957 1657 4013 his
1674 3958 1774 4028 qui
1791 3958 2114 4015 seditiones

466 4052 783 4110 movebant
812 4047 1310 4119 conspiciebatur,
1350 4046 1598 4118 perdere
1642 4047 1866 4119 ubique
1911 4049 2112 4104 nitens

472 4141 733 4197 delectos
775 4136 1015 4210 pietatis
1053 4137 1328 4193 cultores.
1375 4136 1556 4192 Multa
1607 4137 1808 4207 itaque
1858 4142 1998 4192 sunt
2044 4154 2112 4194 ac

468 4247 682 4304 magna
709 4246 841 4300 quae
870 4227 1151 4284 adversus
1179 4226 1503 4281 Ecclesiam
1535 4224 1607 4280 ab
1648 4241 1715 4281 eo
1766 4232 2105 4297 perpetrata

469 4326 649 4376 sunt:
687 4318 958 4388 nihilque
991 4316 1066 4370 ad
1105 4314 1522 4370 incredibilem
1577 4331 1765 4384 usque
1812 4316 2107 4371 insaniam

466 4407 869 4481 praetermisit.
904 4407 1048 4461 Nam
1081 4404 1142 4458 in
1173 4404 1283 4458 hoc
1299 4419 1359 4458 se
1380 4404 1563 4457 Deum
1586 4402 1782 4458 colere
1811 4420 1879 4458 ac
1906 4405 2111 4459 rectis-

466 4500 612 4554 sime
644 4512 815 4569 agere
834 4493 1258 4557 arbitrabatur,
1279 4491 1433 4547 sicut
1453 4492 1577 4562 ipse
1600 4490 1663 4546 in
1682 4491 1950 4563 epistolis
1968 4510 2109 4548 con-

466 4588 687 4654 fitetur,
718 4591 776 4642 et
806 4586 990 4640 Lucas
1033 4581 1295 4639 secundo
1329 4597 1435 4635 suo
1469 4578 1620 4634 libro
1654 4580 1875 4635 scribit.
1911 4584 2109 4653 Neque

468 4676 627 4730 enim
659 4675 852 4730 solum
884 4673 1001 4737 hic,
1035 4678 1101 4728 ut
1146 4671 1389 4743 plurimi
1438 4669 1799 4733 Iudaeorum,
1849 4671 2111 4727 veritatis

464 4761 945 4835 praedicationem
970 4760 1329 4832 jamdudum
1364 4759 1571 4815 oderat
1601 4764 1660 4815 et
1707 4758 2109 4829 aversabatur,

465 4867 669 4908 verum
700 4850 888 4906 etiam
915 4849 1207 4920 majorem
1237 4848 1466 4904 ferebat
1494 4849 1640 4903 iram
1677 4863 1854 4919 quam
1888 4849 2111 4919 quaevis

468 4958 614 5017 gens
646 4939 1038 4995 ethnicorum.
1074 4939 1294 5007 Utergo
1326 4937 1875 5008 viditspendentem
1900 4936 2112 5007 praedi-

469 5032 785 5093 cationem,
819 5044 887 5082 ac
907 5025 1188 5082 ﬂoridum
1206 5026 1466 5081 veritatis
1488 5042 1823 5082 sermonem
1854 5026 2112 5097 majores

468 5122 769 5192 suscipere
817 5116 990 5181 vires,
1060 5115 1214 5170 I90
1263 5130 1440 5185 quam
1490 5115 1766 5170 doctrina
1829 5115 2109 5172 Judaica:

465 5214 798 5267 commotus
847 5207 907 5261 in
956 5205 1089 5268 hoc,
1145 5219 1213 5259 ac
1270 5203 1559 5273 injuriam
1614 5204 1936 5260 arbitratus
1984 5204 2113 5260 ﬁeri

466 5301 806 5368 maximam,
841 5294 999 5368 quod
1029 5294 1269 5349 illorum
1303 5292 1578 5349 doctrina
1608 5294 1834 5349 veniret
1870 5295 1931 5349 in
1971 5311 2113 5349 con-

472 5392 782 5460 temptum,
816 5385 980 5441 omni
1009 5382 1477 5457 promptitudine
1509 5400 1576 5439 ac
1607 5384 1801 5439 studio
1833 5383 2112 5439 adversus

2142 3066 2191 3133 B

2474 3066 2821 3123 ΕΥΘΑΛῘΟΓ
2868 3069 3215 3127 ΔΙΑΚΟΝΟΥ
3262 3070 3639 3129 ΙΙΡΟΛΟΓΟΣ

2299 3151 2573 3217 Παῦλοςὸ
2605 3153 2934 3225 ἀπόστολος,
2993 3152 3249 3232 Ἐϐραῖος
3310 3160 3404 3232 μὶν
3463 3163 3530 3230 ἦν
3582 3159 3643 3214 τὸ
3692 3157 3847 3232 γένος,

2226 3243 2286 3298 ἐκ
2317 3242 2495 3321 φυλῆς
2525 3243 2808 3317 Βενιαμὶν,
2864 3251 3163 3321 Φαρισαῖος
3214 3245 3274 3303 δὲ
3328 3250 3431 3317 τήν
3501 3247 3708 3325 α’ίρεσιν,
3764 3241 3848 3298 ὑπὸ

2228 3327 2544 3405 διδασκάλῳ
2601 3354 2658 3388 τε
2705 3338 2883 3407 πιστῷ
2930 3339 3011 3407 τῷ
3068 3336 3394 3409 Γαμαλιήλ,
3456 3338 3552 3394 τὸν
3604 3329 3848 3394 Μωϋσέως

2225 3421 2395 3493 νόμον
2457 3420 2968 3496 ἐκπεπαιδευμὲνος.
3028 3426 3172 3499 Πρὸς
3228 3423 3285 3481 δὲ
3333 3427 3576 3493 τούτοις,
3625 3424 3708 3478 τὸν
3759 3426 3845 3485 τῆς

2226 3507 2478 3571 Κιλικίας
2507 3510 2788 3587 ὀφθαλμὸν
2849 3511 3036 3581 οἰκῶν,
3096 3518 3194 3582 τήν
3249 3514 3493 3590 Ταρσὸν,
3548 3512 3737 3569 διώκων
3790 3504 3841 3560 δὲ

2223 3597 2313 3651 καὶ
2343 3600 2560 3672 πορθῶν
2617 3601 2718 3669 τήν
2775 3600 3099 3671 Ἐκκλησίαν
3149 3606 3245 3658 τοῦ
3302 3608 3462 3661 Θεοῦ.
3520 3602 3603 3662 Διὸ
3645 3597 3704 3668 δὴ
3755 3594 3835 3650 καὶ

2224 3692 2514 3759 συμπαρῆν
2546 3690 2614 3760 τῇ
2647 3687 2913 3761 ἀναιρέσει
2944 3687 3215 3765 Στεφάνου
3259 3695 3357 3745 τοῦ
3413 3689 3714 3748 ἀποστόλου
3762 3680 3840 3739 καὶ

2228 3773 2520 3849 μάρτυρος,
2554 3777 2818 3839 κοινωνός
2849 3799 2907 3833 τε
2954 3778 3021 3847 ἦν
3074 3779 3201 3834 τότε
3229 3785 3326 3836 τοῦ
3357 3782 3554 3857 φόνου,
3581 3780 3643 3836 τὰ
3693 3772 3841 3833 πάντα

2223 3862 2416 3931 ἱμάτια
2443 3869 2548 3918 τῶν
2601 3862 3041 3929 λιθοϐολούντων
3093 3866 3256 3924 αὐτὸν
3288 3869 3712 3944 καταδεξάμενος
3760 3883 3839 3939 φυο

2222 3949 2464 4023 λάττειν,
2494 3952 2588 4009 ’ίνα
2634 3960 2753 4018 ταῖς
2779 3954 2992 4010 πάντων
3045 3957 3202 4032 χερσὶ
3262 3961 3546 4034 χρήσηται
3595 3957 3721 4034 πρὸς
3761 3950 3828 4005 τὸν

2220 4037 2409 4116 φὸνον.
2441 4042 2543 4098 Καὶ
2575 4047 2795 4115 πρῶτος
2844 4040 2902 4099 δὶ
2962 4045 3096 4117 μετά
3151 4050 3259 4101 τῶν
3316 4050 3708 4119 στασιαζόντων
3753 4040 3831 4095 ἓω-

2220 4136 2376 4204 ρᾶτο,
2409 4135 2694 4210 πανταχοῦ
2753 4129 3072 4201 σπουδάζων
3126 4141 3399 4205 καθαιρεῖν
3458 4137 3588 4198 τοὺς
3631 4140 3723 4203 τῆς
3769 4124 3834 4181 ιδ’

2217 4214 2425 4281 σεϐείας
2471 4219 2727 4294 λογάδας.
2766 4219 2957 4277 Πολλά
2985 4242 3042 4277 τε
3097 4225 3163 4292 ἦν
3193 4225 3282 4279 καὶ
3348 4225 3562 4300 μεγάλα
3609 4224 3672 4280 τά
3722 4216 3823 4289 παρ’

2218 4306 2383 4362 αὐτοῦ
2413 4308 2547 4363 κατὰ
2576 4315 2677 4377 τῆς
2724 4308 3051 4381 Ἐκκλησίας
3107 4311 3386 4386 γινόμενα,
3443 4315 3535 4371 καὶ
3592 4308 3731 4368 οὖδὶν
3770 4303 3832 4364 εἷς

2222 4391 2534 4469 ὑπερϐολήν
2572 4398 2763 4468 μανίας
2806 4397 3069 4456 ἐνέλιπεν.
3133 4402 3221 4457 Ἐν
3270 4402 3449 4475 τούτῳ
3488 4403 3589 4480 γὰρ
3627 4390 3836 4457 εὐσεϐεῖν

2220 4486 2310 4541 καὶ
2345 4486 2408 4540 τὰ
2436 4486 2669 4559 μέγεστα
2700 4493 3001 4562 κατορθοῦν
3060 4488 3298 4563 ἐνόμιζε,
3358 4494 3536 4556 καθὼς
3592 4487 3740 4548 αὐτός
3791 4498 3838 4534 τε

2221 4577 2271 4631 ἐν
2300 4580 2420 4638 ταῖς
2450 4574 2766 4640 ἐπιστολαῖς
2795 4576 3088 4653 ὁμολογεῖ,
3144 4580 3236 4635 καὶ
3292 4587 3506 4644 Λουκᾶς
3562 4578 3753 4651 ἱστορεῖ
3794 4568 3836 4623 ἓν

2216 4669 2285 4739 τῇ
2320 4662 2543 4738 δευτέρᾳ
2575 4660 2757 4738 βίϐλῳ
2803 4666 3018 4725 ἑαυτοῦ.
3066 4667 3143 4725 Οὐ
3178 4670 3341 4741 μόνον
3373 4670 3478 4746 γὰρ
3511 4671 3663 4728 οὗτος
3692 4659 3839 4720 πάλαι

2218 4755 2352 4810 κατὰ
2380 4752 2506 4814 τοὺς
2537 4750 2784 4816 πολλοὺς
2815 4759 2923 4809 τῶν
2959 4753 3237 4813 Ἰουδαίων
3295 4758 3470 4832 ἐμίσει
3514 4780 3573 4815 τε
3622 4753 3704 4810 καὶ
3760 4749 3839 4802 ἀπ’

2220 4843 2504 4920 επρέφετο
2525 4843 2589 4897 τὸ
2630 4849 2732 4911 τῆς
2793 4840 3059 4913 ἀληθείας
3113 4848 3395 4922 κήρυγμα,
3454 4845 3595 4904 ἀλλὰ
3646 4843 3707 4909 τή
3760 4832 3835 4890 καὶ

2222 4935 2444 5008 μείζονα
2469 4934 2670 4995 παντὸς
2692 4938 2789 4989 τοῦ
2844 4930 3028 4996 ἔθνους
3086 4934 3253 5011 ὀργὴν
3310 4936 3563 4994 ἐποιεῖτο.
3618 4934 3699 4992 Ὧς
3748 4924 3834 5001 γὰρ

2222 5023 2328 5079 εἶδε
2355 5025 2418 5079 τὸ
2448 5025 2709 5099 κήρυγμα
2768 5021 3107 5099 διαλάμψαν,
3169 5026 3258 5081 καὶ
3313 5027 3405 5083 τὸν
3456 5035 3551 5097 τῆς
3604 5013 3835 5088 ἀληθεία⁴ς

2222 5110 2421 5181 εὐθαλῆ
2477 5112 2639 5187 λόγον
2708 5111 3155 5190 ἐπικρατέστερον
3209 5121 3311 5186 τῆς
3359 5114 3652 5182 Ἰουδαϊκῆς
3702 5101 3836 5161 διδα-

2223 5201 2447 5263 σκαλίας
2478 5202 2793 5279 γινόμενον,
2853 5204 3042 5267 παθὼν
3102 5204 3238 5278 πρὸς
3262 5209 3447 5275 τοῦτο,
3497 5204 3583 5261 καὶ
3635 5193 3834 5269 νομίσας

2222 5288 2522 5355 ἀδικεῖσθαι
2551 5291 2617 5346 τὰ
2652 5291 2899 5365 μέγιστα,
2952 5298 3051 5361 τῆς
3111 5289 3464 5356 διδασκαλίας
3521 5290 3685 5347 αὐτῶν
3724 5281 3834 5365 ἄναξ

2221 5377 2594 5453 τρεπομένης,
2661 5385 2833 5436 πᾶσαν
2909 5379 3217 5456 προθυμίαν
3278 5382 3366 5438 καὶ
3434 5376 3662 5447 σπουδὴν
3714 5362 3835 5427 κατὰ

548 5566 623 5637 (1)
657 5569 853 5621 Exstat
881 5564 1038 5637 apud
1064 5563 1405 5637 Euthalium
1437 5564 1784 5628 Diaconum.
1816 5563 2034 5637 inpejus
2079 5561 2425 5618 recensione
2467 5559 2866 5632 Epistolarum
2899 5560 2955 5619 S.
3009 5562 3197 5629 Pauli,
3241 5562 3491 5637 hujusce
3534 5547 3829 5619 Ραινοιοαίεε

479 5635 619 5694 tom.
654 5637 909 5701 LXXXV,
943 5636 1056 5692 col.
1086 5638 1209 5707 693,
1246 5635 1347 5690 sed
1379 5652 1512 5691 cum
1544 5651 1755 5707 magna
1785 5635 2083 5690 varietate.
