4112 6250
270 331 380 392 ωθ

1382 345 1791 407 COMMENT.
1838 342 1912 400 ΙΝ
1960 338 2206 401 EPIST.
2252 338 2363 402 AD
2412 343 2607 406 ROM.

3590 342 3709 403 310

276 468 378 522 τῶν
405 470 507 534 τῆς
534 464 889 538 Ἐκκλησίας
925 471 1263 548 θρεμμάτων
1298 474 1556 548 ἐποιεῖτο,
1589 478 1738 537 ’ὁπως
1768 473 1829 531 ἅν
1852 472 1931 531 αὐτ

2065 474 2342 530 Ecclesiae
2366 476 2642 532 alumnos
2665 476 3217 549 concitabatur,quo
3238 476 3330 533 vel
3355 476 3491 534 illos
3513 493 3549 534 a
3571 492 3712 536 vera

276 555 403 618 τοῦς
432 556 469 627 ἢ
500 563 603 627 τῆς
637 556 895 629 ἀληθοῦς
951 559 1308 630 διδασκαλίας
1352 568 1727 639 ἀποστήσειεν,
1779 563 1815 636 ἤ
1871 563 1954 620 δί-

286 668 389 718 ιην
421 646 561 720 ὀξίαν
606 654 713 718 τῆς
756 648 837 711 εἷς
889 651 989 706 τὸν
1041 653 1271 727 Χριστὸν
1314 655 1550 721 πίστεως
1598 656 1952 732 εἰσπράξειεν,

286 737 667 809 Κομισάμενος
727 735 787 792 δὲ
849 739 877 793 6
942 740 1161 805 Παῦλος
1246 744 1387 820 παρᾶ
1442 750 1549 800 τῶν
1628 747 1812 821 ἱερέων
1864 747 1954 801 καὶ

292 824 628 883 διδασκάλων
662 827 970 891 ἐπιστολὰς
1028 834 1147 889 κατ’
1193 832 1359 890 έκεῖνο
1388 836 1522 910 πρὸς
1569 834 1695 899 τοὺς
1749 834 1801 890 ἐν
1853 844 1953 891 Δα-

306 922 497 990 μασκῷ
524 914 847 1005 Ἰουδαίους,
880 916 1117 993 ὥρμησε
1145 924 1445 1001 μορμύρων
1476 924 1660 1001 ὥσπερ
1699 945 1782 987 τις
1832 926 1949 1005 χεί-

306 1007 508 1083 μαρῥος
534 1001 761 1082 λάϐρος,
792 1007 1146 1083 περικλύσειν
1187 1008 1361 1068 δοκῶν
1398 1012 1526 1078 τοὺς
1577 1012 1629 1069 ἐν
1680 1001 1952 1089 Δαμασκῷ

296 1095 564 1167 μαθητὰς,
596 1096 685 1151 καὶ
719 1095 797 1160 εἰς
842 1099 906 1153 τὸ
954 1106 1056 1169 τῆς
1107 1099 1382 1165 ἀπωλείας
1435 1103 1631 1168 αὐτοὺς
1681 1105 1954 1180 βάραθρον

292 1184 614 1259 ἐκπέμψειν.
647 1186 817 1248 Γνοὺς
849 1185 907 1242 δὲ
947 1190 976 1243 6
1010 1188 1205 1264 Κύριος
1248 1192 1331 1246 ὅτι
1378 1189 1565 1249 ἄδικον
1625 1194 1842 1268 μανίαν,
1893 1194 1946 1249 έν

294 1272 483 1345 δικαίᾳ
513 1271 677 1344 δῆθεν
703 1278 1041 1350 προαιρέσει,
1093 1277 1372 1351 ἐκέκτητο,
1429 1281 1481 1338 ἐν
1532 1285 1670 1358 μέσῃ
1717 1288 1786 1357 τῇ
1838 1280 1954 1356 ὁδῷ

291 1362 602 1442 ἐπιφανεὶς,
636 1364 970 1441 ἀπεστέρησε
1003 1368 1097 1440 μὶν
1134 1365 1293 1425 αὸτὸν
1349 1377 1448 1440 τῆς
1497 1367 1674 1447 ὅψεως
1720 1377 1801 1445 τῷ
1856 1393 1954 1447 με-

289 1452 437 1530 γέθει
476 1458 578 1509 τοῦ
607 1455 812 1533 φωτός.
846 1456 947 1513 Καὶ
975 1461 1233 1513 τοσοῦτον
1264 1457 1321 1515 δὲ
1349 1461 1616 1533 μέτοισιν,
1659 1461 1796 1518 ὥστε
1852 1464 1945 1518 τὸν

282 1543 463 1600 πάλαι
496 1541 658 1599 οὐδὲν
696 1544 726 1599 ’ὁ
758 1568 811 1602 τι
839 1550 945 1601 τῶν
979 1544 1168 1603 δεινῶν
1197 1550 1331 1606 κατᾶ
1358 1558 1457 1621 τῆς
1495 1553 1823 1624 Ἐκκλησίας
1856 1549 1957 1608 οὸκ

276 1633 639 1701 ἐπινοοῦντα,
670 1635 761 1690 καὶ
800 1635 1002 1700 πάντας
1058 1638 1186 1702 τοὺς
1241 1642 1489 1712 μαθητὰς
1543 1641 1803 1698 ἀπολέσει
1854 1640 1946 1719 ἅρ-

275 1721 373 1794 δην
405 1720 852 1800 προσδοκοῦντα,
883 1724 1077 1781 αὐτίκα
1108 1724 1174 1796 δὴ
1204 1732 1396 1784 τοῦτον
1438 1731 1526 1785 καὶ
1575 1738 1944 1807 παραχρῆμα,

2063 563 2330 620 doctrina
2356 571 2677 634 revocaret,
2711 566 2800 620 vel
2830 565 2901 620 ab
2934 566 3019 621 eis
3049 566 3293 621 meritas
3323 566 3396 622 ob
3436 567 3614 623 ﬁdem
3644 568 3711 624 in

2060 653 2357 709 Christum
2372 671 2574 726 poenas
2588 656 2864 729 exigeret.
2888 657 3030 711 Cum
3049 672 3183 728 ergo
3202 656 3531 728 accepisset
3556 659 3708 714 Pau-

2060 741 2154 797 lus
2168 760 2236 797 eo
2252 748 2516 816 tempore
2531 745 2809 817 epistolas
2831 762 2864 800 a
2886 745 3291 801 sacerdotibus
3313 751 3371 801 et
3389 747 3710 819 magistris,

2060 831 2134 887 ad
2153 832 2384 889 Iudaeos
2416 835 2515 906 qui
2548 834 2897 890 habitabant
2924 835 3215 904 Damasci,
3246 852 3459 908 magno
3481 835 3707 909 impetu

2059 936 2127 976 ac
2147 921 2374 977 fervore
2399 923 2702 979 ferebatur
2724 925 2786 978 in
2816 924 3055 979 modum
3079 925 3563 996 plenicujusdam
3588 932 3707 981 tor-

2059 1010 2377 1083 rentis,qui
2400 1012 2737 1068 habitantes
2758 1014 3027 1069 Damasci
3053 1014 3377 1086 discipulos
3408 1015 3712 1072 demersu-

2059 1117 2161 1155 rus
2179 1101 2506 1170 videbatur,
2527 1108 2703 1174 atque
2731 1103 2791 1157 in
2813 1103 3164 1174 perditionis
3197 1104 3540 1159 barathrum
3574 1104 3710 1161 illos

2060 1189 2436 1245 dimissurus.
2471 1191 2615 1245 Cum
2646 1196 2844 1245 autem
2873 1190 3099 1245 viderat
3128 1192 3415 1247 Dominus
3439 1192 3598 1263 quod
3618 1193 3706 1248 in-

2053 1278 2279 1350 justam
2309 1278 2629 1349 insaniam,
2664 1281 2725 1335 in
2747 1281 2913 1352 justa
2942 1280 3215 1336 videlicet
3244 1280 3702 1350 voluntate,ser-

2063 1373 2242 1436 varet,
2277 1369 2337 1423 in
2369 1369 2566 1424 medio
2596 1369 2703 1425 viae
2730 1387 3045 1442 apparens,
3076 1388 3198 1442 pra
3229 1371 3378 1427 lucis
3406 1373 3707 1443 magnitu-

2061 1458 2223 1528 dine,
2266 1458 2575 1514 oculorum
2615 1465 2861 1531 aspectu
2911 1459 3174 1531 privavit,
3228 1466 3287 1515 et
3332 1465 3497 1515 tanto
3544 1460 3704 1517 hunc

2060 1545 2397 1620 aggreditur
2420 1547 2667 1619 impetu,
2700 1553 2767 1603 ut
2796 1565 2952 1619 eum,
2987 1548 3087 1620 qui
3118 1548 3284 1620 prius
3309 1548 3713 1606 adversusEc-

2060 1636 2301 1693 clesiam
2323 1637 2647 1709 grassando
2672 1637 2903 1692 nullum
2924 1637 3257 1693 adverteret
3285 1642 3386 1693 aut
3416 1637 3709 1695 detrecta-

2061 1731 2152 1781 ret
2181 1726 2534 1799 periculum,
2595 1743 2921 1799 omnesque
2987 1726 3203 1783 Christi
3264 1726 3590 1799 discipulos
3645 1744 3711 1784 se

272 1813 563 1890 ἀγαπητὸν
643 1814 837 1869 ἑαυτοῦ
924 1817 1244 1872 πιστότατον
1318 1820 1648 1894 ἡγήσασθαι.
1737 1822 1931 1892 Ἱκέτης

2063 1816 2332 1872 funditus
2346 1818 2716 1890 perditurum
2732 1818 3040 1890 speraret,j
3050 1834 3144 1873 am
3169 1818 3368 1873 statim
3382 1834 3448 1872 ac
3463 1822 3711 1890 repente

271 1904 376 1979 γαρ
406 1903 574 1966 εύθῦς
607 1908 706 1959 τοῦ
761 1909 916 1974 Θεοῦ,
970 1905 998 1960 6
1034 1904 1305 1979 πολέμιος
1363 1908 1591 1986 γίνεται,
1644 1911 1947 1986 παραυτίκα

277 1992 340 2047 τὸ
399 1993 698 2066 σύνταγμα
753 2000 857 2062 τῆς
917 1994 1108 2066 μανίας
1166 1995 1637 2071 ἆποῤῥιψάμενος,
1696 1998 1771 2062 εἷς
1812 2020 1945 2076 πρε-

278 2078 459 2137 σδεταν
496 2080 730 2158 ἐχώρει,
766 2082 857 2137 καὶ
900 2085 1004 2154 τήν
1064 2084 1139 2148 εἷς
1198 2088 1425 2161 Χριστὸν
1470 2083 1743 2145 εὐσέϐειαν
1803 2091 1950 2165 ὁμο-

282 2171 463 2247 λογεῖ,
492 2172 587 2226 καὶ
620 2172 898 2244 πέμπεται
957 2174 1092 2249 πρὸς
1136 2175 1383 2232 Ἀνανίαν
1426 2177 1544 2233 τινὰ
1597 2180 1847 2251 μαθητὴν
1891 2179 1943 2234 έν

300 2267 578 2335 Δαμασκῷ.
617 2259 774 2318 Ἰδὼν
837 2260 892 2317 δὲ
929 2264 957 2317 6
1002 2266 1101 2330 τῆς
1162 2263 1424 2336 ἀληθείας
1484 2266 1767 2339 ἐξεταστὴς
1821 2269 1949 2331 Θεὸς

304 2351 731 2423 σωφρονισθέντα
761 2350 854 2405 τὸν
885 2349 1074 2427 ἄνδρα,
1107 2353 1196 2408 καὶ
1248 2353 1453 2429 βελτίω
1505 2355 1565 2410 ἐκ
1610 2360 1717 2411 τῶν
1766 2361 1946 2412 κακῶν

296 2440 565 2514 γεγονότα,
598 2442 714 2515 οὐχ
755 2441 957 2512 ἑτέρως
1008 2440 1167 2496 αὐτὸν
1222 2442 1258 2512 ἢ
1317 2442 1493 2506 οὕτως
1554 2444 1943 2521 ἀπαλλαγήσε-

293 2539 406 2591 σθαι
438 2535 535 2596 τῆς
596 2528 875 2602 τιμωρίας
920 2526 1045 2607 ἔφη.
1101 2529 1421 2599 Βαπτίζεται
1477 2535 1605 2607 γοῦν
1665 2529 1939 2603 ἀπελθὼν,

282 2618 367 2673 καὶ
419 2623 536 2673 τῶν
602 2618 938 2695 άπορῥήτων
996 2619 1308 2696 μυστηρίων
1374 2622 1575 2695 γίνεται
1660 2623 1942 2690 κοινωνὸς,

276 2710 363 2764 καὶ
394 2709 710 2785 σύμμαχος
738 2708 1040 2788 ἀξιόχρεως
1098 2714 1195 2766 τοῦ
1250 2710 1625 2789 κηρύγματος.
1675 2712 1770 2768 Καὶ
1825 2734 1944 2768 και-

270 2799 357 2854 νὸν
390 2802 668 2875 κήρυγμα
711 2796 1088 2871 ἐμπιστευθεὶς
1146 2800 1291 2874 παρᾶ
1346 2804 1442 2855 τοῦ
1498 2805 1653 2871 Θεοῦ,
1701 2803 1944 2858 καινοτέ-

256 2911 354 2965 ραν
391 2891 525 2963 εἶχε
554 2894 665 2955 τῆς
719 2886 992 2962 σωτηρίας
1037 2888 1136 2956 τήν
1194 2888 1466 2967 ὀφορμήν.
1513 2891 1796 2960 Τοσαύτην
1848 2891 1939 2947 οὖν

252 2973 596 3053 μεταϐολήν
641 2978 672 3032 6
738 2978 1002 3052 μακάριος
1054 2978 1269 3040 Παῦλος
1315 2977 1591 3053 ἐσχηκὼς,
1624 2978 1702 3035 ἔτι
1748 2978 1805 3036 δὲ
1850 2982 1936 3036 καὶ

248 3073 352 3124 τοῦ
382 3070 572 3142 νόμου
613 3062 966 3140 μεταϐαλὼν,
993 3066 1083 3121 καὶ
1116 3066 1288 3133 οὕνως
1336 3068 1412 3131 εἷς
1468 3068 1631 3146 ἃκρον
1671 3066 1939 3133 εὐσεϐείας

263 3159 435 3225 Eilis-3
500 3157 836 3229 μτατεθεὶς,
879 3153 1019 3212 ὥστε
1055 3155 1182 3220 τοὺς
1222 3156 1484 3229 ἂληθείας
1536 3160 1802 3233 μαθητὰς,
1856 3157 1932 3215 εἷ’-

279 3265 419 3297 ποτε.
473 3240 667 3315 συνέϐη
729 3245 886 3300 αὐτὸν
951 3243 1371 3323 ἆπτλειφθῆναι,
1451 3245 1540 3303 διὰ
1590 3248 1930 3323 γραμμάτων

288 3325 576 3400 ἔῦεῧαῖου,
595 3332 684 3387 ἶνα
712 3336 777 3406 μὴ
814 3334 983 3408 μόνον
1005 3335 1108 3403 τήν
1141 3331 1229 3390 διὰ
1254 3340 1360 3390 τῶν
1402 3333 1601 3414 ἔργων,
1650 3336 1796 3393 ἀλλὰ
1843 3339 1932 3393 καὶ

295 3422 400 3487 τήν
436 3419 497 3474 ἐκ
523 3424 631 3474 τῶν
656 3418 820 3499 λόγων
850 3423 931 3486 εἷς
983 3424 1047 3478 τὸ
1091 3424 1374 3496 μετέπειτα
1424 3427 1730 3496 κτήσωνται
1780 3423 1934 3482 διδα-

294 3507 551 3578 σκαλίαν,
624 3510 708 3566 καί
779 3511 1169 3588 ἀμφοτέρωθεν
1229 3514 1629 3592 ὀχυρωθέντες,
1685 3513 1928 3574 ἂσειστον

285 3600 348 3654 16
397 3607 496 3670 τῆς
570 3598 834 3666 εὐσεϐείας
886 3596 1063 3679 ἔρυμα
1113 3602 1166 3658 ἒν
1217 3608 1286 3678 τῇ
1343 3608 1498 3682 ψυχῇ
1565 3608 1927 3685 περιφέροιεν.

282 3692 429 3745 Μετὰ
456 3689 514 3747 δέ
542 3713 663 3747 τινα
695 3693 898 3768 χρόνον
929 3693 1006 3757 εἰς
1028 3691 1339 3768 Ἱερουσαλὴ
1351 3716 1391 3767 μ
1438 3693 1601 3750 πάλιν
1632 3697 1661 3751 6
1709 3696 1926 3762 Παῦλος

281 3779 542 3857 ἐκτρέχει,
577 3782 849 3857 ὀψόμενος
896 3784 989 3838 τὸν
1050 3782 1275 3858 Πέτρον,
1329 3780 1454 3849 ἔνθα
1511 3782 1576 3856 δὴ
1637 3786 1725 3841 καὶ
1785 3785 1924 3844 διαι-

268 3874 489 3945 ροῦνται
518 3872 663 3947 πρὸς
694 3870 983 3942 ἀλλήλους
1014 3873 1221 3927 ἅπασαν
1253 3874 1353 3942 τὴν
1405 3873 1760 3948 οἰκουμένην.
1820 3878 1923 3935 Καὶ

255 3961 360 4028 τὴν
389 3965 502 4016 τῶν
545 3959 723 4025 ἐθνῶν
789 3958 982 4036 μερίδα
1038 3959 1253 4023 Παῦλος
1307 3957 1515 4029 λαϐὼν,
1571 3963 1644 4026 ὡς
1703 3962 1768 4035 δὴ
1826 3970 1923 4022 τοῦ

248 4051 470 4127 Πέτρου
497 4051 567 4106 τὸ
601 4046 905 4107 Ἰουδαϊκὸν
937 4049 1211 4113 λαχόντος
1242 4047 1535 4120 διδάσκειν.
1575 4051 1788 4116 πολλὰς
1825 4055 1920 4128 μὲν

241 4140 471 4210 πόλεις,
518 4139 744 4202 πολλᾶς
806 4138 862 4196 δὶ
908 4142 1097 4216 χώρας
1153 4141 1557 4217 περιενόστησε.
1602 4146 1814 4219 Μικροῦ
1865 4143 1921 4200 δὲ

239 4232 310 4287 τὸ
341 4229 672 4305 Ἰλλυρικὸν
716 4228 851 4285 ἃπαν
896 4235 1006 4285 τῶν
1061 4231 1162 4300 τής
1222 4231 1301 4294 εἷς
1357 4232 1584 4307 Χριστὸν
1645 4230 1919 4297 εὐσεϐείας

244 4318 557 4395 δογμάτων
612 4314 897 4389 ἐνέπλησε,
957 4318 1142 4393 Μυρία
1196 4323 1327 4393 γοῦν
1401 4317 1657 4377 πάνδεινα
1730 4322 1918 4379 παθὼν

238 4411 341 4465 καὶ
377 4409 630 4469 ὑποστὰς
663 4408 796 4484 ὑπὲρ
824 4414 924 4476 τῆς
956 4408 1031 4471 εἰς
1090 4410 1323 4477 Χριστὸν
1374 4409 1630 4481 πίστεως,
1670 4409 1917 4475 πολλούς

238 4521 311 4557 τε
339 4501 437 4555 καὶ
472 4497 772 4573 διαφόρουρ
811 4496 1117 4569 κινδύνους,
1175 4500 1335 4562 ’ὀσους
1396 4500 1555 4562 αὐτὸς
1614 4501 1917 4581 ἀναγράφε-

2068 1905 2480 1961 ﬁdelissimum
2514 1907 2605 1961 sui
2659 1912 2982 1962 amatorem
3031 1908 3376 1963 instrueret.
3433 1906 3711 1961 Protinus

2066 1996 2222 2051 enim
2254 2014 2325 2051 ex
2355 1997 2524 2052 hoste
2554 1996 2742 2052 factus
2776 2003 2865 2052 est
2892 1998 2992 2052 Dei
3022 1998 3316 2061 minister,
3340 2002 3398 2051 et
3420 1997 3579 2052 illico
3610 1997 3716 2052 ab-

2055 2087 2218 2158 jecta
2247 2086 2563 2142 dementiae
2595 2089 2765 2158 c0pia
2797 2088 3063 2155 militari,
3094 2089 3166 2144 ad
3200 2087 3557 2160 legationem
3583 2105 3713 2158 pro-

2063 2176 2238 2240 cedit,
2271 2176 2609 2247 Christique
2638 2177 2951 2248 proﬁtetur
2979 2177 3225 2243 cultum,
3260 2194 3326 2233 ac
3356 2176 3611 2232 mittitur
3638 2176 3713 2232 ad

2062 2263 2354 2319 Ananiam
2383 2264 2697 2335 quemdam
2736 2266 3165 2320 Damascenum
3198 2265 3581 2337 discipulum.
3618 2266 3709 2320 In-

2062 2353 2246 2407 tuitus
2277 2358 2473 2406 autem
2506 2353 2768 2407 veritatis
2810 2353 3120 2424 indagator
3168 2354 3322 2409 Deus
3372 2354 3706 2410 modestum

2054 2442 2182 2513 jam
2222 2442 2519 2496 redditum
2552 2443 2761 2503 virum.
2797 2442 3138 2513 relictisque
3171 2443 3342 2497 malis
3393 2444 3705 2499 meliorem

2062 2532 2359 2598 eﬁ‘ectum,
2394 2548 2516 2586 non
2548 2531 2722 2586 aliter
2751 2532 2919 2586 illum
2953 2549 3129 2604 quam
3164 2533 3273 2587 hoc
3296 2533 3472 2586 modo
3497 2533 3702 2603 utipse

2059 2621 2418 2694 supplicium
2478 2621 2750 2677 evaderet
2805 2621 3083 2677 decrevit.
3161 2624 3445 2695 Egressus
3503 2623 3701 2693 itaque

2055 2710 2387 2782 baptizatur
2402 2728 2469 2766 ac
2486 2709 2724 2766 ineffabi
2736 2710 2876 2764 lium
2889 2711 3305 2783 mysteriorum
3330 2710 3395 2765 ﬁt
3405 2710 3702 2783 particeps

2056 2805 2114 2855 et
2143 2799 2393 2855 idoneus
2424 2800 2773 2868 commilito,
2799 2816 2865 2856 ac
2896 2805 3298 2873 propugnator
3327 2799 3702 2872 praedicatio-

2053 2889 2182 2945 nis:
2217 2906 2472 2961 cumque
2530 2906 2747 2944 novum
2799 2905 2987 2961 genus
3039 2888 3479 2961 praedicationis
3518 2905 3552 2945 a
3582 2891 3699 2945 Deo

2051 2979 2163 3051 ipsi
2187 2980 2575 3036 commissum
2600 2985 2778 3047 esset,
2800 2996 3017 3034 novum
3037 2979 3294 3034 habebat
3313 2979 3521 3035 salutis
3534 2996 3701 3052 argu-

2050 3077 2341 3127 mentum.
2371 3072 2739 3142 Quapropter
2769 3076 2932 3126 tanta
2961 3070 3022 3124 in
3044 3070 3224 3126 Paulo
3249 3069 3402 3125 facta
3423 3071 3697 3126 immuta-

2052 3159 2233 3225 tione,
2265 3159 2422 3215 circa
2451 3159 2642 3232 legem
2672 3175 2908 3229 quoque
2961 3159 3309 3214 immutatus
3357 3163 3466 3221 est,
3515 3164 3694 3230 atque

2045 3249 2191 3305 adeo
2215 3249 2277 3303 in
2296 3253 2627 3304 extremum
2650 3248 2890 3319 pietatis
2919 3247 3107 3303 zelum
3138 3247 3466 3314 traductus,
3499 3253 3565 3303 ut
3593 3264 3689 3303 ve-

2038 3338 2088 3393 ri
2099 3338 2232 3393 tatis
2247 3337 2647 3409 discipulos,si
2664 3337 2900 3409 quando
2916 3354 3051 3393 eum
3064 3336 3270 3392 abesse
3294 3337 3691 3410 contingeret,

2038 3426 2255 3482 litteris
2281 3427 2685 3493 conﬁrmaret,
2707 3443 2782 3482 ne
2804 3427 2876 3482 ab
2897 3426 3179 3499 operibus
3206 3426 3419 3487 solum.
3435 3426 3540 3482 sed
3565 3443 3687 3481 ser-

2035 3516 2314 3572 monibus
2336 3532 2573 3588 quoque
2595 3517 2657 3571 in
2689 3523 2996 3588 posterum
3023 3516 3355 3571 doctrinam
3386 3516 3498 3572 sibi
3522 3516 3594 3572 ab
3614 3533 3682 3572 eo

2036 3612 2489 3678 compararent:
2541 3622 2608 3662 ae
2648 3607 2931 3678 utrinque
2986 3606 3201 3661 muniti
3260 3606 3681 3662 inconcussum

2033 3696 2269 3767 pietatis
2299 3695 2810 3769 propugnaculum
2841 3696 2904 3750 in
2963 3695 3163 3751 anima
3206 3695 3679 3753 circumferrent.

2031 3786 2172 3840 Post
2195 3785 2567 3856 aliquantum
2593 3802 2728 3839 vero
2750 3784 3037 3855 temporis
3066 3800 3305 3839 rursum
3334 3784 3552 3838 Paulus
3584 3785 3675 3839 Je-

2030 3875 2288 3931 rusalem
2304 3875 2634 3942 revertitur,
2666 3872 3288 3939 visurusPetrum,ubi
3311 3873 3490 3928 etiam
3518 3873 3678 3928 inter

2031 3981 2093 4020 se
2126 3966 2270 4020 191
2328 3966 2667 4036 partiuntur
2721 3964 3063 4019 universum
3120 3963 3345 4019 orbem.
3406 3964 3672 4035 Cumque

2029 4059 2257 4127 partem
2288 4053 2553 4126 gentium
2585 4052 2802 4107 Paulus
2828 4054 3174 4124 accepisset,
3207 4054 3380 4106 Petro
3413 4068 3552 4108 sane
3572 4054 3674 4109 Ju-

2028 4142 2263 4198 daicum
2293 4141 2579 4214 populum
2602 4141 2809 4197 sor-tito
2840 4140 3196 4205 docendum,
3229 4141 3518 4212 plurimas
3540 4148 3668 4200 tum

2028 4231 2296 4287 civitates
2318 4237 2442 4286 tum
2468 4231 2740 4303 regiones
2763 4230 3126 4302 peragravit:
3159 4230 3440 4299 brevique
3481 4237 3670 4288 totum

2025 4320 2328 4393 Illyricum
2360 4319 2649 4393 dogmatis
2682 4320 2753 4375 de
2785 4320 2999 4375 Christi
3030 4319 3193 4375 cultu
3223 4319 3672 4390 replevit.Innu-

2023 4426 2189 4465 mera
2218 4410 2397 4483 igitur
2418 4426 2625 4482 passus
2644 4409 2992 4475 certamina,
3017 4425 3084 4464 ac
3107 4409 3408 4464 sustinens
3422 4425 3525 4480 pro
3550 4409 3667 4465 ﬁde

2026 4499 2242 4556 Christi
2272 4504 2330 4555 et
2357 4516 2463 4571 pro
2495 4499 2808 4573 Evangelio
2841 4498 3029 4554 multa
3057 4499 3333 4568 variaque
3380 4497 3666 4569 pericula,

236 4611 365 4660 ται,
396 4588 541 4664 ὑπὲρ
569 4593 669 4644 τοῦ
705 4585 1061 4661 Εὐαγγελίου,
1092 4587 1182 4643 καὶ
1231 4585 1396 4652 δλους
1447 4588 1647 4651 αὐτοὺς
1692 4578 1916 4660 νικήσας

2042 4605 2155 4659 {uae
2185 4588 2313 4660 ipse
2345 4588 2663 4644 describit:
2696 4605 2830 4644 cum
2861 4589 3140 4643 universa
3171 4586 3502 4651 devicisset,
3518 4586 3666 4643 ﬁde-

239 4679 347 4734 καὶ
378 4675 890 4755 έξαγκωνισάμενος
926 4675 1104 4732 πίστει
1135 4676 1235 4747 (εἷς
1285 4677 1377 4732 ’ὀτε
1425 4677 1527 4753 γάρ
1573 4677 1699 4733 τότε
1745 4675 1913 4748 ἤθελε

240 4766 504 4835 Παῦλος,
539 4766 570 4822 6
600 4765 730 4826 Θεὸς
782 4764 869 4820 καὶ
898 4767 932 4834 ἡ
967 4766 1273 4840 προθεσμία
1324 4766 1492 4821 αὐτοῦ
1547 4770 1737 4821 τοῦτον
1792 4787 1914 4821 κατ-

246 4861 374 4935 εῖχε
424 4854 636 4930 διάγειν
700 4853 834 4926 μετὰ
905 4853 1224 4926 ἀνθρώπων,
1284 4853 1359 4916 εἷς
1419 4853 1509 4910 ὅτε
1564 4874 1623 4909 τε
1677 4853 1909 4931 Εὐαγγέ-

249 4942 377 5002 lim
416 4945 591 5001 ἅπασι
648 4950 764 5005 τοῖς
814 4941 987 4999 ἔθνεσι
1043 4941 1305 5018 κηρύξει),
1366 4943 1465 5017 ὀψὲ
1524 4940 1589 5015 δή
1650 4964 1757 4998 που
1808 4950 1911 5015 τῆς

251 5030 422 5111 ὥρας,
482 5035 643 5096 αὖθις
698 5033 726 5088 6
784 5031 1003 5095 Παῦλος
1054 5030 1327 5087 ὲπάνεισιν
1386 5031 1463 5094 εἲς
1522 5033 1902 5107 ἸεροσόΛυμα,

238 5124 375 5187 τοὺς
436 5124 611 5180 ἐκεῖσε
670 5122 855 5200 ἅγίους
940 5120 1387 5196 ἐπισκεψόμενος,
1445 5122 1533 5177 καὶ
1602 5126 1719 5185 τοῖς
1773 5121 1907 5197 τῇδε

241 5219 501 5291 πτωχοῖς
533 5212 938 5286 ἐπικουρήσων.
971 5209 1150 5268 Ἐν·δέ
1190 5215 1270 5282 τῷ
1323 5211 1541 5284 μεταξὺ,
1600 5211 1784 5276 στάσις
1819 5233 1903 5277 τις

244 5302 572 5375 κατειλήφει
603 5303 702 5370 τήν
748 5299 938 5370 πόλιν,
986 5300 1078 5354 καὶ
1135 5301 1162 5354 6
1214 5296 1392 5372 δῆμος
1450 5301 1517 5370 ἦν
1575 5300 1627 5354 ἐν
1685 5296 1901 5376 θορύϐῳ

251 5391 470 5465 πολλῷ,
502 5389 789 5448 Ἰουδαίων
819 5386 1197 5463 ταραττόντων
1228 5386 1291 5442 τὸ
1320 5386 1523 5445 κοινόν.
1574 5388 1754 5444 Δεινὸν
1800 5389 1905 5464 γὰρ

250 5483 335 5538 ui
371 5482 512 5558 βαρὺ
543 5484 827 5558 ἡγήσαντο
867 5479 1172 5553 κατήγορον
1221 5471 1368 5553 ἔχειν
1416 5478 1507 5532 τὸν
1556 5474 1725 5533 πάλαι
1770 5499 1902 5554 προ-

250 5571 446 5643 πάτην
472 5572 565 5630 καὶ
591 5570 863 5628 κοινωνὸν
892 5565 1075 5621 αὐτῶν
1120 5572 1220 5635 τῆς
1277 5567 1491 5639 μανίας,
1544 5568 1636 5623 καὶ
1673 5566 1900 5624 κτείνειν

251 5661 405 5720 ιθτὸν
436 5660 791 5734 ἐσπούδαζον.
826 5653 998 5727 Ἀλλ,
1057 5653 1209 5717 εὐθὺς
1262 5656 1290 5711 6
1342 5654 1644 5732 χιλίαρχος
1704 5661 1901 5715 τοῦτον

2024 4693 2138 4748 que
2165 4684 2507 4748 superasset
2562 4678 2855 4749 (quandiu
2914 4676 3075 4732 enim
3130 4674 3368 4731 volebat
3423 4676 3662 4745 Paulus,

2021 4764 2176 4820 Deus
2206 4766 2281 4821 ad
2311 4766 2622 4821 deﬁnitum
2652 4766 2766 4837 ipsi
2803 4771 3054 4836 tempus,
3084 4769 3151 4820 ut
3178 4764 3336 4820 inter
3392 4765 3664 4823 homines

2019 4852 2278 4927 degeret,
2312 4856 2468 4910 hunc
2493 4854 2808 4920 retinebat,
2842 4853 3033 4909 donec
3060 4853 3353 4909 universis
3389 4855 3667 4929 gentibus

2017 4943 2397 5016 Evangelium
2428 4943 2819 5016 praedicaret),
2851 4943 3187 4999 declinante
3208 4945 3494 5000 nimirum
3511 4951 3660 5000 tem-

2016 5049 2179 5105 pore,
2212 5050 2447 5088 rursum
2479 5033 2696 5089 Paulus
2746 5031 3155 5105 Hierosolyma
3199 5034 3548 5099 revertitur;
3599 5038 3664 5087 ut

2018 5126 2253 5178 sanctos
2285 5123 2384 5193 qui
2417 5121 2638 5178 ibidem
2681 5120 2936 5194 agebant
2986 5122 3286 5190 inviseret,
3338 5121 3658 5194 egenisque

2016 5211 2302 5268 auxilium
2333 5211 2532 5265 ferret.
2565 5211 2806 5276 Interim
2840 5227 2974 5267 vero
3010 5210 3220 5266 seditio
3254 5209 3525 5280 quaedam
3556 5225 3658 5264 oc-

2015 5300 2250 5371 cupavit
2278 5299 2598 5370 civitatem,
2633 5305 2690 5356 et
2719 5301 2973 5373 populus
3007 5301 3067 5355 in
3109 5299 3429 5355 tumultum
3480 5298 3657 5353 vehe-

2014 5393 2275 5444 mentem
2307 5405 2507 5444 versus
2536 5396 2679 5456 erat,
2702 5390 2919 5445 Judaais
2937 5388 3172 5460 plebem
3195 5386 3650 5443 concitontibus.

2013 5478 2327 5549 Indignum
2347 5479 2506 5533 enim
2529 5484 2587 5535 et
2614 5494 2785 5552 grave
2808 5476 3104 5533 ducebant
3123 5480 3529 5531 accusatorem
3550 5476 3654 5533 ha-

2012 5567 2152 5623 bere
2184 5583 2342 5635 eum,
2375 5568 2476 5639 qui
2508 5567 2649 5623 olim
2681 5567 2796 5622 dux
2826 5565 2971 5638 ipsis
3003 5569 3131 5621 erat
3157 5582 3224 5620 ac
3249 5566 3547 5639 particeps
3568 5568 3654 5624 in-
3691 5606 3698 5615 ι

2014 5658 2197 5717 sauia
2253 5659 2544 5732 ipsorum,
2601 5675 2859 5733 cumque
2915 5657 3186 5715 occidere
3267 5657 3648 5717 festinabant.
