4112 6250
485 370 598 433 311
1606 363 2034 426 GECUMENII
2077 358 2384 420 TlllCCE
2429 360 2775 421 EPISCOPI
3763 361 3871 421 312

482 506 699 561 Verum
723 501 997 557 tribunus
1021 499 1222 556 statim
1246 515 1383 556 eum
1407 497 1712 571 eripuit,et
1730 515 1864 554 cum
1887 495 2132 553 militari
2165 522 2178 560 λ

2290 498 2558 568 ξαιρεῖται,
2588 491 2677 548 καὶ
2714 492 2848 567 μετὰ
2905 497 3303 568 στρατιωτικῆς
3362 488 3623 567 βοηθείας
3672 490 3743 554 είς
3784 496 3873 564 τὴν

490 594 710 651 auxilio
736 592 931 663 ipsum
958 589 1286 645 Caesaream
1310 588 1382 644 ad
1405 588 1721 659 praesidem
1748 588 1950 644 mittit.
1968 590 2149 643 Acce-

2290 584 2574 660 [αισάρειαν
2634 587 2770 659 πρὸς
2820 582 2912 638 τὸν
2967 583 3210 656 ἡγεμόνα
3284 580 3511 654 πὲμπει.
3593 577 3875 637 Συνέλαθον

489 689 708 757 perunt
736 698 870 754 ergo
904 682 1099 752 ipsum
1134 684 1192 734 et
1221 679 1294 734 ad
1327 680 1537 734 ducem
1560 678 1824 751 gentium
1856 678 2154 733 duxerunt

2290 671 2347 727 ῦν
2379 673 2561 742 αὐτὸν,
2593 673 2684 728 καὶ
2715 672 2850 747 πρὸς
2879 671 2971 727 τὸν
2999 670 3273 750 ἐθνάρχην
3305 673 3465 746 ἦγον,
3498 675 3713 740 Φῆστος
3770 669 3881 728 ὄνο-

497 774 598 845 qui
630 774 837 827 Festus
870 770 1197 825 dicebatur.
1233 770 1376 824 Cum
1412 774 1613 823 autem
1658 769 1905 824 sentiret
1934 768 2152 823 Paulus

2290 783 2334 818 ια
2365 760 2535 835 αὐτῷ.
2567 761 2901 834 Αἱσθόμενος
2948 759 3026 829 δὲ,
3083 762 3342 829 σοσκευὴν
3395 761 3516 815 κατ’
3564 758 3727 814 αὐτοῦ
3776 782 3883 816 τινα

494 866 858 935 praeparatas
873 860 1155 915 adversus
1175 876 1237 915 se
1251 858 1499 914 insidias
1517 874 1551 913 a
1570 857 1812 923 Judmis,
1844 859 2047 913 statim
2079 857 2152 913 ad

2290 852 2550 925 ἰνομένην
2585 852 2688 907 ὑπὸ
2720 848 2993 909 Ἰουδαίων
3027 848 3264 919 Παῦλος,
3304 849 3462 911 εὐθὺς
3515 848 3603 904 ἐπὶ
3659 854 3752 905 τοῦ
3801 852 3887 926 βῆ.

500 951 764 1007 tribunal
795 955 960 1005 stans
992 949 1283 1003 Caesarem
1317 948 1611 1019 appellat:
1647 957 1705 1002 et
1733 945 2004 1003 redditur
2021 949 2156 1019 qui-

2290 963 2431 1003 ιατος
2489 940 2827 998 ἐπικαλεῖται
2882 946 2973 995 τὸν
3059 941 3315 1015 Καίσαρα.
3380 939 3493 997 Καὶ
3559 939 3754 994 ἀνίεται
3809 940 3889 1011 μὲν

504 1042 640 1097 dem
666 1040 908 1094 interim
930 1038 1059 1093 foro
1075 1037 1815 1109 judiciali,quievittamen
1834 1039 2156 1106 accusatio,

2293 1031 2395 1095 έως
2423 1035 2519 1086 τοῦ
2546 1032 2859 1107 κριτηρίου,
2895 1032 3052 1107 ἀργεῖ
3082 1028 3139 1084 δὲ
3171 1031 3205 1098 ἡ
3238 1030 3353 1083 κατ’
3386 1026 3560 1083 αὐτοῦ
3606 1033 3719 1091 τοῖς
3768 1029 3889 1084 ἰου-

511 1148 641 1202 qum
671 1130 954 1184 adversus
985 1128 1182 1198 ipsum
1213 1144 1248 1183 a
1274 1127 1491 1182 Judmts
1523 1128 1853 1200 excogitata
1892 1132 2055 1183 erat:
2090 1144 2157 1184 ac

2290 1122 2441 1183 ἰαίοις
2504 1119 2856 1194 μελετωμένη
2916 1114 3212 1188 ἐπιϐουλὴ,
3268 1118 3356 1173 καὶ
3423 1116 3624 1173 λοιπὸν
3689 1116 3756 1178 εἷς
3803 1118 3889 1187 τήν

509 1218 892 1292 postmodum
944 1219 1187 1272 Romam
1222 1233 1257 1271 a
1286 1216 1730 1288 magistratibus
1778 1216 2036 1272 mittitur
2085 1217 2159 1273 ad

2290 1211 2491 1284 Ρώμην
2522 1210 2625 1265 ὑπὸ
2644 1214 2751 1264 τῶν
2790 1207 3070 1285 ἀρχόντων
3105 1206 3438 1280 ἐκπέμπεται
3472 1206 3611 1282 πρὸς
3651 1207 3885 1282 Καίσαρα.

513 1309 804 1363 Caesarem
835 1324 847 1362 :
880 1306 981 1361 ubi
1013 1321 1147 1361 cum
1180 1305 1386 1361 eadem
1418 1306 1746 1361 certamina
1778 1307 2160 1378 suscepisset,

2290 1299 2499 1357 (ἀκεῖσε
2525 1299 2653 1362 τοὺς
2684 1299 2879 1360 αὐτοὺς
2910 1298 3121 1371 ἀγῶνας
3154 1293 3306 1352 ἔπιδε
3333 1296 3594 1369 ξάμενος,
3642 1297 3731 1350 καὶ
3774 1296 3887 1368 ὑπὲρ

516 1415 583 1453 ac
614 1414 720 1470 pro
751 1396 975 1451 eisdem
1007 1395 1269 1467 praemiis
1300 1394 1647 1462 laborasset,
1708 1395 1951 1451 tandem
1986 1413 2016 1451 e
2048 1398 2166 1453 vita

2290 1394 2372 1444 τῶν
2402 1389 2578 1443 αὐτῶν
2612 1386 2794 1452 ἄθλων
2828 1385 3077 1455 πονὲσας,
3109 1380 3269 1448 τὲλυς
3297 1385 3384 1441 καὶ
3417 1385 3595 1455 αὐτῆς
3626 1391 3723 1454 τῆς
3759 1390 3887 1454 ζωῆς

520 1504 756 1560 quoque
778 1505 884 1559 pro
915 1484 1182 1542 veritatfs
1212 1485 1586 1559 dogmatibus
1616 1486 1909 1543 excessit:
1949 1487 2164 1543 melio-

514 1593 642 1633 rem
675 1592 803 1631 esse
826 1576 1127 1649 judicans,
1162 1591 1292 1646 quae
1325 1592 1458 1630 cum
1489 1576 1720 1631 Christo
1749 1581 1904 1632 esset
1926 1594 2167 1632 conver-

523 1668 838 1733 sationem,
870 1665 1109 1721 mortali
1140 1666 1250 1719 hac
1282 1670 1340 1718 et
1376 1665 1568 1737 fragili
1618 1665 1755 1722 vita.
1798 1667 1941 1720 Nam
1990 1667 2168 1738 paulo

522 1762 657 1828 post
685 1755 893 1810 volens
921 1754 1093 1809 illum
1115 1754 1309 1808 Caesar
1338 1755 1486 1809 Nero
1510 1754 1582 1809 ab
1614 1754 1723 1809 hac
1754 1756 1874 1810 vita
1894 1755 2168 1825 educere,

2269 1479 2403 1554 ὑπὲρ
2429 1481 2538 1533 τῶν
2560 1484 2663 1547 τῆς
2694 1474 2957 1547 ἀληθείας
2989 1472 3279 1552 δογμάτων
3298 1471 3511 1549 ἐξέστη,
3541 1473 3754 1550 βέλτιον
3776 1476 3894 1529 εἷναι

2267 1567 2449 1643 κρίνας
2478 1567 2578 1637 τὴν
2612 1567 2745 1640 μετὰ
2774 1569 3010 1641 Χριστοῦ
3036 1561 3333 1641 διαγωγὴν,
3353 1572 3456 1634 τῆς
3490 1565 3696 1633 θνητῆς
3720 1560 3892 1632 ταύτης

2269 1658 2359 1712 καὶ
2390 1658 2656 1731 ὲπικῆρου
2684 1661 2851 1726 ζωῆς.
2886 1655 3093 1730 Μικρὸν
3130 1655 3233 1729 γὰρ
3272 1655 3497 1730 ὕστερον
3528 1654 3558 1708 ὁ
3594 1656 3788 1727 Καῖσαρ
3814 1649 3894 1705 Νέ-

2275 1765 2382 1819 ρων
2424 1744 2720 1820 βουληθεὶς
2778 1742 2940 1798 αὐτὸν
2996 1750 3097 1812 τῆς
3157 1748 3306 1813 ζωῆς
3362 1740 3570 1813 ταύτης
3631 1739 3892 1815 ἐξαγαγεῖν,

512 1862 712 1900 veram
744 1845 879 1916 ipsi,
903 1860 1152 1915 quaeque
1176 1843 1302 1899 sola
1325 1859 1461 1898 vera
1475 1844 1593 1899 vita
1622 1849 1730 1912 est,
1755 1844 2012 1913 donavit,
2047 1864 2159 1902 caa-

2290 1835 2375 1903 τὴν
2404 1832 2670 1905 ἀληθινὴν
2702 1832 2846 1906 αὐτῷ
2877 1833 2965 1888 καὶ
3028 1828 3198 1895 ὅντως
3255 1831 3401 1902 ζωὴν
3456 1829 3772 1910 ἐχαρίσατο,
3828 1829 3895 1882 καὶ

523 1936 686 2005 lique
718 1933 1015 1989 haeredem
1064 1933 1393 1998 constituit,
1454 1949 1633 2004 quem
1694 1940 1851 1989 terra
1907 1937 2173 2007 privavit.

530 2025 671 2078 Sunt
707 2023 906 2093 itaque
940 2021 1226 2087 civitates,
1265 2038 1412 2093 quas
1444 2038 1550 2077 sua
1578 2024 2000 2094 praedicatione
2032 2045 2172 2101 per-

530 2110 804 2165 lustravit
832 2110 1273 2164 illustrissimus
1302 2110 1519 2165 Christi
1544 2113 1847 2182 apostolus
1867 2116 2181 2186 Paulus,ut

530 2200 594 2256 in
624 2198 1042 2271 compendium
1074 2199 1402 2254 referamus
1432 2216 1563 2270 quae
1595 2207 1944 2273 sequuntur.

678 2291 833 2346 192
865 2289 1389 2345 PEREGRINATIO
1419 2290 1633 2346 PAULI
1663 2293 2027 2351 APOSTOIJ.

596 2383 645 2435 A
666 2381 951 2435 Damasco
973 2378 1567 2451 cmpit,ascenditque
1582 2381 2012 2456 Hierosolyma,
2037 2384 2178 2443 inde

527 2471 791 2530 Tarsum.
826 2473 886 2524 et
914 2468 986 2523 ab
1021 2484 1090 2523 eo
1122 2467 1251 2523 loco
1284 2468 1683 2533 Antiochiam,
1707 2488 2068 2545 rursumque
2088 2491 2178 2531 se-

527 2559 721 2615 cundo
750 2557 1178 2629 Hierosolyma,
1212 2574 1280 2613 ac
1311 2558 1508 2613 denuo
1535 2558 1934 2628 Antiochiam,
1961 2568 2019 2617 et
2040 2563 2178 2618 inde

526 2666 662 2706 cum
696 2647 964 2703 Barnaba
986 2651 1293 2718 separatus
1322 2646 1385 2701 in
1414 2647 1811 2718 apostolatum
1869 2650 2183 2706 descendit

526 2737 882 2799 Seleuciam,
917 2732 1132 2789 deinde
1181 2740 1456 2805 Cyprum,
1516 2735 1616 2789 ubi
1670 2742 1729 2791 et
1782 2738 2003 2794 Paulus
2063 2740 2180 2795 dici

526 2830 754 2896 emptus
781 2822 1275 2894 est.postmodum
1297 2824 1544 2895 Pergeu,
1566 2823 1782 2881 deinde
1802 2828 2181 2885 Antiochiam

532 2912 792 2980 Pisidiae,
824 2911 963 2965 inde
1000 2910 1285 2977 Iconium,
1328 2910 1468 2966 hinc
1514 2912 1778 2983 Lystram
1833 2931 1900 2971 ac
1947 2916 2181 2974 Derben

535 3002 861 3074 Lycaoniae.
896 2999 1280 3055 Postmodum
1300 3000 1361 3055 in
1384 3001 2025 3073 Pamphiliam,deinde
2048 3008 2182 3062 Per-

528 3109 663 3166 gen.
696 3091 835 3147 hinc
864 3091 1163 3151 Attaliam,
1198 3107 1435 3146 rursum
1469 3091 1641 3146 tertio
1673 3093 2053 3150 Antiochiam
2077 3096 2184 3168 Sy-

531 3183 657 3238 riae.
691 3180 1077 3236 Postmodum
1109 3180 1283 3235 tertio
1322 3197 1559 3235 rursum
1614 3182 2022 3257 Hierosolyma
2068 3186 2175 3240 cir-

534 3270 919 3328 cumcisionis
952 3286 1131 3324 causa
1162 3286 1173 3323 :
1220 3269 1439 3325 deinde
1470 3271 1687 3326 iterum
1717 3279 1927 3343 quarto
1977 3274 2182 3330 Antio-

533 3359 750 3415 chiam.
803 3360 948 3413 Tum
1007 3358 1386 3428 pertransivit
1470 3359 1700 3431 Syriam
1759 3378 1827 3417 ac
1891 3362 2176 3419 Ciliciam.

531 3452 787 3504 Rursum
821 3446 1082 3501 secundo
1115 3446 1346 3501 Derben
1378 3463 1446 3502 ac
1495 3448 1785 3518 Lystram,
1832 3451 1935 3505 ubi
1984 3453 2178 3508 Timo-

532 3538 739 3591 theum
771 3535 1163 3590 circumcidit.
1195 3536 1263 3590 In
1321 3536 1660 3609 Phrygiam,
1716 3540 2092 3610 postmodum
2125 3546 2184 3598 et

532 3624 856 3682 Galaticam
888 3623 1210 3695 regionem,
1244 3624 1468 3679 indein
1493 3626 1758 3696 Mysiam,
1787 3632 2180 3699 posteaTroa-

531 3716 689 3781 dem,
724 3711 937 3767 etinde
959 3712 1282 3783 Neapolim.
1306 3713 1451 3768 Hinc
1476 3713 1802 3787 Philippos,
1828 3717 2181 3774 Macedoniae

533 3804 765 3870 urbem,
797 3800 1013 3856 deinde
1045 3800 1449 3873 Amphipolim
1502 3803 1998 3877 Apolloniamque
2046 3824 2180 3879 per-

533 3893 833 3949 transiens
888 3890 1049 3945 venit
1098 3890 1625 3947 Thessalonicam:
1674 3893 1833 3949 unde
1894 3896 2179 3953 Beroeam.

535 3983 682 4037 Hinc
704 3980 964 4036 secundo
997 3979 1367 4034 Antiochiam
1392 3981 1910 4039 Pisidiaa.Rursum
1938 3985 1998 4039 in
2012 3985 2181 4041 Gala-

532 4073 712 4127 ticam
741 4070 1040 4139 regionem
1075 4086 1142 4124 ac
1174 4070 1526 4142 Phrygiam:
1588 4071 1802 4128 deinde
1841 4075 2056 4129 iterum
2087 4091 2180 4130 se—

535 4162 728 4218 cundo
758 4159 1059 4232 Ephesum
1093 4176 1106 4213 :
1138 4159 1296 4214 unde
1329 4162 1734 4230 pertransiens
1778 4164 2181 4221 Macedoniam

534 4253 694 4308 venit
721 4252 783 4305 in
821 4250 1099 4306 Grmciam
1135 4265 1147 4303 :
1183 4254 1240 4304 et
1290 4249 1431 4304 inde
1487 4252 1786 4321 praeterita
1842 4253 2184 4309 Macedonia

535 4358 775 4399 rursum
796 4339 1125 4410 Philippos,
1150 4342 1209 4391 et
1230 4353 1264 4392 a
1283 4337 1574 4409 Philippis
1596 4341 1905 4408 Troadem,
1936 4343 2037 4397 ubi
2068 4343 2182 4398 Eu-

538 4433 801 4505 tychum,
828 4429 929 4500 qui
955 4445 989 4484 a
1010 4426 1312 4483 coanaculo
1337 4427 1652 4498 ceciderat,
1681 4431 2001 4486 suscitavit.
2037 4432 2183 4488 Hinc

537 4529 751 4583 Asson.
786 4524 843 4573 et
864 4517 1245 4590 postmodum
1270 4516 1632 4588 Mytilenem,
1660 4517 1876 4575 deinde
1901 4521 1959 4576 in
1985 4526 2183 4593 partes

536 4630 666 4684 qua)
698 4611 825 4666 sitas
850 4613 991 4663 sunt
1012 4612 1218 4663 contra
1239 4605 1471 4672 Chium,
1495 4607 1653 4662 unde
1677 4607 1947 4664 Samum:
1976 4617 2183 4683 postea

535 4702 820 4763 Miletum,
853 4697 1011 4753 unde
1042 4695 1338 4751 advocatis
1365 4695 1459 4750 his
1490 4697 1590 4767 qui
1620 4697 1835 4769 Ephesi
1869 4699 2179 4772 degebant,

534 4791 768 4844 locutus
786 4791 875 4841 est
903 4803 1040 4841 cum
1072 4785 1187 4841 eis:
1214 4784 1355 4840 hinc
1386 4784 1590 4849 Coum,
1623 4788 2001 4859 postmodum
2024 4790 2179 4846 Rbo-

535 4881 715 4935 dum:
776 4882 836 4931 et
892 4875 1028 4931 inde
1084 4877 1378 4943 Pataram,
1438 4875 1598 4932 unde
1662 4878 1895 4949 Tyrum.
1960 4880 2179 4936 Deinde

535 4964 989 5031 Ptolemaidem,
1017 4963 1275 5035 indeque
1312 4970 1659 5022 Caesaream.
1700 4968 1771 5021 Et
1797 4968 1939 5024 hinc
1970 4974 2180 5040 quarto

536 5073 776 5118 rursum
808 5053 1076 5110 ascendit
1133 5053 1560 5126 Hierosolyma,
1609 5055 1768 5112 unde
1823 5059 2042 5114 missus
2092 5064 2183 5116 est

537 5154 865 5208 Caesaream
892 5162 904 5199 :
939 5161 1007 5199 ac
1038 5143 1415 5215 postmodum
1446 5144 1677 5201 vinctus
1706 5149 1972 5205 Romam.
2024 5148 2109 5205 Ita
2146 5166 2181 5206 a

535 5243 803 5297 Caesarea
831 5233 993 5289 venit
1019 5231 1301 5288 Sidonem
1333 5237 1390 5286 et
1422 5233 1560 5289 inde
1588 5237 2182 5310 MyraLyciaa,postea

535 5330 827 5385 Cnidum:
861 5330 918 5379 et
948 5322 1086 5379 hinc
1117 5320 1307 5376 multa
1344 5336 1554 5393 passus
1584 5323 1647 5378 in
1697 5325 1955 5382 insulam
2000 5327 2179 5393 venit,

533 5420 635 5473 ubi
670 5419 867 5489 vipera
907 5429 1151 5471 manum
1182 5410 1312 5485 ejus
1369 5414 1782 5485 apprehendit,
1842 5417 2179 5489 mansitque

541 5507 787 5564 illaesus.

2285 1926 2509 1995 καθιστᾷ
2565 1923 2797 1999 οὐρανοῦ
2847 1920 3214 1998 κληρονόμον,
3286 1921 3343 1976 ὃν
3402 1928 3510 1990 τῆς
3562 1926 3665 1995 γῆς
3721 1916 3901 1973 ἄπεστί·

2289 2034 2468 2090 ρησεν.
2531 2011 2676 2068 Εἰσὶν
2728 2010 2820 2066 οῦν
2880 2012 2935 2065 αἱ
2991 2010 3291 2080 πολιτεῖαι,
3347 2007 3407 2073 ἅς
3471 2014 3554 2082 τῷ
3626 2009 3901 2083 κηρύγματι

2286 2100 2578 2177 περιῆλθεν
2637 2101 2664 2155 ὁ
2716 2100 3073 2178 πανεόφημος
3151 2104 3246 2155 τοῦ
3318 2101 3557 2174 Χριστοῦ
3632 2097 3904 2155 ἀπόστολος

2290 2190 2529 2259 Παῦλος,
2560 2190 2634 2253 ὡς
2666 2189 2716 2245 ἐν
2754 2190 3003 2263 συντόμῳ
3029 2189 3219 2257 εἶπεῖν,
3251 2189 3430 2244 αῦται’

2423 2282 2821 2339 ΑΠΟΔΗΜΙΑΙ
2862 2280 3140 2337 ΗΑΥΛΟΥ
3175 2279 3305 2337 ΤΟΥ
3341 2278 3789 2337 ΑΙΙΟΣΤΟΛΟΥ.

2359 2372 2497 2429 Ἀπὸ
2529 2373 2818 2443 Δαμασκοῦ
2846 2366 3071 2444 ἤρξατο,
3101 2367 3193 2424 καὶ
3249 2366 3487 2439 ἀνῆλθεν
3538 2368 3615 2430 εἰς
3668 2368 3903 2438 Ἰερουσα-

2290 2461 2433 2534 λήμ..
2466 2463 2702 2524 Ἐκεῖθεν
2736 2458 2812 2521 εἰς
2853 2459 3080 2535 Ταρσόν.
3142 2459 3392 2514 Κάκεῖθεν
3451 2456 3532 2521 εἷς
3584 2455 3902 2530 Ἀντιόχειαν.

2289 2552 2389 2607 Καὶ
2434 2549 2600 2608 πάλιν
2631 2547 3117 2625 εἷςἹερουσαλὴμ,
3170 2548 3262 2604 καὶ
3319 2546 3494 2605 πάλιν
3556 2545 3783 2622 δεύτερον
3833 2541 3898 2606 εἶς

2289 2641 2655 2714 Ἀντιόχειαν.
2743 2640 3000 2702 Κάκεῖθεν
3080 2636 3389 2717 ἀφορισθεῖς
3486 2637 3620 2711 μετά
3697 2626 3905 2711 Βαρνάϐα

2290 2728 2366 2790 εἰς
2413 2731 2513 2798 τῆν
2565 2726 2882 2797 ἀποστολήν
2936 2725 3205 2792 κατῆλθεν
3262 2728 3338 2790 εἰς
3399 2727 3739 2785 Σελεύκειαν.
3791 2723 3899 2782 Εἶτα

2290 2817 2366 2880 είς
2399 2817 2635 2891 Κύπρον,
2667 2812 2787 2881 ἔνθα
2810 2817 2901 2873 καὶ
2932 2815 3147 2879 Ηαῦλος
3193 2814 3394 2892 ἤρξατο
3455 2816 3754 2880 καλεῖσθαι.
3791 2815 3897 2868 Εἶτα

2290 2908 2365 2971 εἷς
2400 2908 2637 2982 Πέργην,
2670 2909 2788 2963 εἶτα
2819 2907 2895 2971 εἶς
2927 2907 3271 2981 Ἀντιόχειαν
3328 2914 3430 2978 τῆς
3490 2905 3745 2969 Πισιδίας.
3786 2903 3887 2960 Εἶτα

2290 2998 2366 3061 εἷς
2423 2998 2668 3054 Ἰκόνιον.
2730 2998 2867 3055 Εἶτα
2934 2998 3010 3061 εἰς
3074 2999 3340 3073 Λύστραν,
3422 3000 3517 3055 καὶ
3580 2992 3763 3072 Δέρϐην
3806 2997 3883 3059 τῆς

2288 3087 2613 3151 Λυκαονίας.
2650 3087 2784 3145 Εἶτα
2834 3089 2909 3152 είς
2969 3086 3319 3167 Παμφυλίαν.
3381 3089 3523 3145 Εἶτα
3576 3088 3650 3151 εἰς
3704 3085 3894 3158 Πέργην.

2293 3181 2427 3236 Εἶτα
2458 3179 2534 3242 εἷς
2564 3178 2903 3238 Ἀττάλειαν.
2964 3178 3098 3235 Εἶτα
3153 3178 3317 3235 πάλιν
3373 3180 3563 3255 τρίτον
3614 3177 3686 3240 εἷς
3737 3168 3900 3231 Ἀντιό·

2293 3289 2451 3344 χειαν
2473 3276 2574 3339 τῆς
2606 3267 2822 3345 Συρίας.
2882 3267 3018 3324 Εἶτα
3072 3267 3240 3325 πάλιν
3298 3267 3488 3343 τρίτον
3548 3268 3622 3331 είς
3673 3267 3902 3338 Ἰερουσα-

2286 3355 2547 3431 λὴμ,διὰ
2598 3359 2699 3427 τῆν
2760 3359 3088 3433 περιτομήν.
3143 3358 3277 3414 Εἶτα
3332 3357 3505 3414 πάλιν
3560 3358 3792 3430 τέταρτον
3835 3348 3899 3408 εἷς

2288 3448 2655 3526 Ἀντιόχειαν.
2689 3447 2826 3504 Εἶτα
2858 3443 3054 3517 διῆλθε
3081 3448 3182 3518 τήν
3232 3446 3430 3522 Συρίαν
3491 3446 3577 3504 καὶ
3621 3446 3714 3513 τὴν
3756 3437 3899 3497 Κιλι-

2287 3534 2428 3594 κίαν.
2461 3536 2597 3591 Εἶτα
2626 3535 2790 3592 πάλιν
2825 3533 3073 3611 δεύτερον
3125 3536 3201 3599 εἷς
3260 3532 3469 3613 Δέρϐην
3529 3534 3609 3593 καί
3659 3531 3895 3604 Λύστραν,

2288 3620 2413 3679 ἔνθα
2467 3625 2734 3696 Τιμόθεον
2802 3622 3130 3699 περιέτεμεν.
3211 3626 3349 3683 Εἶτα
3405 3625 3488 3688 εἷς
3545 3620 3766 3700 Φρυγίαν
3816 3613 3894 3671 καὶ

2287 3714 2389 3782 τήν
2421 3713 2726 3783 Γαλατικὴν
2784 3715 2991 3789 χώραν.
3062 3714 3194 3771 Εἶτα
3263 3715 3336 3778 εἰς
3377 3717 3611 3774 Μυσίαν.
3666 3712 3783 3768 Εἶτα
3831 3703 3895 3764 εἷς

2288 3801 2542 3877 Τρωάδα.
2604 3803 2859 3867 Κάκεῖθεν
2915 3803 2991 3867 εἷς
3048 3803 3346 3861 Νεάπολιν.
3407 3806 3552 3861 Εἶτα
3606 3804 3677 3865 εἷς
3729 3794 3897 3855 Φιλίπ·

2287 3910 2424 3953 πους
2487 3896 2588 3960 τῆς
2653 3888 3005 3953 Μακεδονίας.
3079 3891 3214 3948 Εἶτα
3262 3889 3462 3948 διελθὼ
3515 3895 3622 3962 ’τὴν
3673 3884 3892 3963 ’Λμφίπω

2288 3978 2374 4036 λιν
2398 3979 2487 4034 καὶ
2518 3979 2928 4049 Ἀπολλωνίαν,
2959 3979 3128 4050 ἦλθεν
3188 3981 3264 4044 είς
3320 3981 3740 4053 Θεσσαλονίκην.
3787 3971 3884 4030 Εἶτα

2288 4068 2366 4132 είς
2401 4071 2644 4144 Βέροιαν.
2680 4069 2816 4126 Εἶτα
2857 4067 3104 4146 δεύτερον
3166 4070 3241 4134 εἷς
3294 4072 3634 4148 Ἀντιόχειαν
3686 4072 3770 4132 τῆς
3813 4062 3888 4119 ﬂ"

2290 4156 2485 4222 σιδίας.
2519 4159 2650 4216 Εἶτα
2680 4158 2757 4223 εἷς
2788 4159 2886 4227 τήν
2935 4159 3246 4230 Γαλατικὴν
3292 4163 3477 4238 χώραν
3526 4164 3621 4220 καὶ
3676 4152 3892 4233 Φρυγίαν.

2288 4249 2423 4306 Εἶτα
2448 4247 2612 4303 πάλιν
2643 4245 2890 4323 δεύτερον
2944 4247 3020 4312 ε”ς
3069 4251 3316 4321 Ἔφεσον.
3372 4252 3505 4307 Εἶτα
3562 4249 3773 4312 διελθὼν
3814 4240 3893 4306 τῆν

2289 4334 2650 4407 Μακεδονίαν,
2694 4335 2859 4407 ἦλθεν
2923 4337 3001 4401 εἷς
3058 4336 3321 4395 Ἐλλάδα.
3389 4340 3646 4397 Κάκεῖθεν
3702 4328 3891 4394 διελθὼν

2286 4429 2385 4495 τήν
2417 4424 2778 4495 Μακεδονίαν,
2809 4427 2948 4497 ἦλθε
2978 4428 3143 4485 πάλιν
3174 4427 3421 4505 δεύτερον
3462 4431 3541 4490 εἰς
3598 4426 3892 4485 Φιλίππουςυ

2289 4515 2393 4574 Καὶ
2423 4515 2527 4571 ἀπὸ
2569 4515 2850 4573 Φιλίππον
2904 4517 2983 4579 εἷς
3041 4516 3297 4594 Τρωάδα,
3352 4517 3478 4584 ἔνθα
3536 4522 3629 4577 τὸν
3686 4510 3894 4586 Εὔτυχον

2294 4604 2477 4681 ἤγειρε
2508 4606 2759 4663 πεσόντα.
2792 4605 2927 4661 Εἶτα
2956 4607 3032 4669 εἰς
3089 4608 3189 4677 τήν
3244 4609 3463 4665 Ἄσσον.
3525 4610 3661 4666 Εἶτα
3710 4604 3778 4665 εἰς
3818 4602 3896 4653 M"

2292 4694 2558 4767 τυλήνην.
2595 4697 2724 4752 Εἶτα
2755 4695 2830 4759 εἷς
2860 4702 2926 4751 τα
2954 4695 3170 4771 ἀντικρὺ
3202 4698 3359 4758 Χίου,
3410 4698 3544 4754 Εἶτα
3603 4697 3677 4758 εἰς
3720 4690 3892 4761 Σάμον.

2293 4784 2544 4841 Κάκεῖθεν
2603 4784 2679 4848 εἲς
2764 4785 3032 4857 Μίλητον.
3122 4786 3356 4851 Ἐκεῖθεν
3446 4781 3895 4861 μεταπεμψάμενος

2290 4874 2417 4938 τοὺς
2468 4874 2520 4930 ἐν
2565 4873 2797 4953 Ἐφέσῳ,
2856 4875 3140 4950 ὡμίΛησεν
3203 4875 3406 4942 αὐτοῖς.
3466 4878 3598 4936 Εἶτα
3650 4874 3724 4935 είς
3777 4869 3892 4923 35’"-

2293 4966 2430 5023 Εἶτα
2461 4964 2536 5028 εἰς
2567 4952 2775 5023 Ῥόδον.
2810 4964 3068 5021 Κάκεῖθεν
3118 4965 3193 5027 εἲς
3250 4968 3489 5043 Ηοὶταραο
3551 4964 3783 5024 Κάκεῖθεν
3832 4952 3892 5043 είς

2293 5053 2493 5129 Τύρον.
2545 5054 2680 5110 Εἶτα
2740 5051 2817 5117 εἷς
2872 5051 3243 5127 Πτολεμαΐδα.
3308 5038 3560 5121 Κάκεῖθεν
3609 5054 3681 5117 εἰς
3735 5038 3890 5102 Καισά-

2301 5161 2465 5218 ρειαν.
2498 5142 2754 5200 Κάκεῖθεν
2787 5135 2990 5210 ἀνῆλθε
3026 5143 3278 5218 τέταρτον
3326 5145 3492 5202 πάλιν
3542 5146 3615 5207 εἷς
3666 5142 3894 5218 Ἰερουσατ

2297 5214 2440 5304 λῆμ.
2522 5233 2773 5287 Κάκεῖθεν
2851 5214 3213 5310 παρεπέμφθη
3302 5234 3378 5296 εἰς
3452 5236 3772 5308 Καισάρειαν.
3811 5214 3893 5310 Καὶ

2298 5320 2490 5378 λοιπὸν
2525 5317 2747 5392 δέσμιος
2778 5318 2865 5375 ἐπὶ
2912 5308 3156 5392 Ῥώμην,
3205 5320 3378 5385 οὕτως
3428 5323 3535 5380 ἀπὸ
3589 5308 3891 5388 Καισαρείας,

2295 5412 2464 5482 ἦλθεν
2495 5411 2572 5475 εἷς
2605 5410 2835 5482 Σιδῶνα,
2897 5412 3151 5468 Κάκεῖθεν
3212 5414 3287 5476 εἰς
3346 5416 3502 5492 Μύρα
3558 5421 3654 5485 τῆς
3702 5400 3890 5492 Λυκίας.

2297 5503 2430 5560 Εἶτα
2461 5503 2537 5566 είς
2570 5500 2789 5560 Κνίδον.
2844 5503 3095 5559 Κάκεῖθεν
3145 5502 3331 5560 πολλά
3371 5485 3577 5579 παθὼν,
3630 5498 3779 5571 ἦλθεν
3827 5485 3891 5548 εἷς

2295 5594 2395 5663 τὴν
2428 5599 2616 5664 νῆσον,
2648 5590 2772 5657 ἔνθα
2802 5594 2836 5663 ἡ
2870 5589 3064 5670 ἔχιδνα
3091 5594 3374 5668 καθήψατο
3402 5597 3500 5666 τῆς
3531 5591 3705 5677 χειρὸς
3729 5579 3888 5644 αὐτοῦ,

2296 5681 2387 5739 καί
2415 5678 2622 5757 ἔμεινεν
2656 5677 2924 5754 ἀϐλαϐής.
