4112 6250
264 310 380 373 313

1514 334 1928 395 COMMENT.
1978 333 2054 393 ΙΝ
2098 333 2343 396 EPIST.
2389 337 2492 396 AD
2525 337 2713 398 ROM.

3697 334 3815 394 3H

354 452 523 511 Εἶτα
582 459 680 523 εἴς
743 468 1168 541 Συρακούσας.
1202 468 1336 525 Εἶτα
1397 466 1473 529 εἰς
1532 467 1774 545 Ῥήγιον.
1808 465 2057 531 Κάκεῖθεν

2248 470 2400 524 193
2426 470 2647 526 Dehinc
2677 471 3015 541 Syracusas,
3058 468 3195 527 inde
3228 467 3548 542 Rhegium:
3581 474 3641 525 et
3675 469 3819 525 hinc

310 543 809 619 ἱῖςῖἶῠτιόλους.
883 560 1155 614 Κάκεῖθεν
1214 558 1375 628 πεζὸς
1428 543 1657 626 ἀνῆλθεν
1708 556 1785 620 εἷς
1814 558 2056 629 Ῥώμην,

329 638 806 712 ἱιπανττδσάντων
874 650 1038 721 αὐτῷ
1090 654 1194 703 τῶν
1237 645 1509 724 ἀδελζιῶν,
1558 646 1633 708 εἰς
1685 647 1918 702 Ἀππίου
1951 647 2057 723 φό-

358 754 447 809 ρον
496 733 592 788 καὶ
642 741 833 809 Τρεῖς
900 734 1206 813 Ταῦέρνας,
1264 737 1352 791 καὶ
1412 735 1606 791 λοιπὸν
1663 736 1923 791 εἰσελθὼν
1983 736 2058 798 εἰς

371 827 619 899 Ῥώμην,
649 826 752 880 καὶ
822 825 1057 899 διδάξας
1113 826 1334 900 χρόνον,
1390 825 1597 890 ὕκανὸν,
1631 825 1850 899 ὕστερον
1882 826 1933 880 ἐν
1962 825 2059 879 αὐ-

399 923 473 993 τῇ
585 918 782 989 Ῥώμῃ
848 916 1247 991 ἐμαρτύρησεν,
1309 915 1495 969 αὐτόθι
1554 916 1642 968 τὸν
1677 913 1845 969 καλὸν
1878 916 2060 989 ἀγῶνα

424 1008 834 1083 ἀγωνισάμενος.
890 1007 1163 1077 Ῥωμαῖοι
1213 1003 1268 1059 δὲ
1319 1003 1704 1078 περικαλλέσιν
1757 1004 1930 1065 ο“ἶκοις
1970 1004 2059 1059 καὶ

412 1096 705 1173 βασιλείοις
751 1097 823 1150 τά
862 1096 1101 1170 λείψανα
1146 1095 1338 1149 τούτου
1396 1094 1787 1168 καθείρξαντες,
1820 1092 2057 1149 ἐπέτειον

408 1189 559 1257 αὖτῷ
618 1187 843 1257 μνήμης
883 1184 1097 1259 ἡμέραν
1148 1183 1598 1261 πανηγυρίζουσι.
1628 1186 1697 1256 τῇ
1756 1185 1862 1257 πρὸ
1892 1189 2057 1258 τριῶν

400 1273 690 1332 καλανδῶν
724 1273 975 1331 Ἰουλίων
1007 1274 1174 1329 αὐτοῦ
1228 1274 1289 1328 τὸ
1342 1273 1641 1347 μαρτύριον
1674 1274 2050 1348 ἑορτάζοντες.

399 1366 624 1429 Πολλὰς
670 1364 727 1421 δὲ
768 1366 858 1420 καὶ
915 1366 1023 1439 πρὸ
1076 1364 1269 1419 τούτου
1318 1362 1425 1434 ἤδη
1475 1365 1813 1439 παραινέσεις
1845 1365 1975 1435 ὑπὲρ
2002 1386 2060 1419 τε

404 1458 535 1533 βίου
564 1456 654 1510 καῖ
690 1457 907 1531 ἀρετῆς,
968 1455 995 1508 6
1059 1455 1323 1527 μακάριος
1379 1453 1697 1522 ἐποιήσατο,
1754 1452 2059 1508 καὶπολλὰ

398 1548 531 1619 περῖ
590 1550 702 1600 τῶν
790 1544 1069 1615 πρακτέων
1148 1548 1261 1604 τοῖς
1343 1543 1648 1614 ἀνθρώποις
1705 1542 2055 1619 εἰσηγήσατο.

393 1633 522 1687 Ἔτι
575 1627 636 1684 δέ
685 1629 775 1683 καὶ
836 1627 983 1691 ὅλως
1040 1625 1129 1681 διὰ
1182 1635 1283 1697 τῆς
1344 1627 1483 1705 ὑφῆς
1514 1632 1621 1683 τῶν
1656 1625 2056 1703 δεκατεσσάρων

389 1719 711 1776 ἐπιστολῶν
777 1718 1007 1787 τούτων,
1068 1718 1168 1786 τήν
1225 1715 1361 1787 ὅλην
1429 1717 1735 1787 ἀνθρώποις
1804 1714 2059 1792 διέγραψε

2170 560 2631 622 Puteolos.unde
2672 561 2852 632 pedes
2876 562 3145 617 ascendit
3174 561 3818 623 Romam,occurrenti-

2170 649 2277 703 bus
2354 649 2439 702 illi
2498 650 2778 705 fratribus
2833 651 2905 705 ad
2961 652 3129 721 Appii
3172 650 3366 705 forum
3426 666 3491 703 ac
3539 651 3676 703 Tres
3708 651 3815 705 Ta-

2170 739 2409 806 bernas,
2456 745 2514 793 et
2570 747 2774 810 postea
2831 743 3077 795 Romam
3154 740 3453 811 ingressus
3513 740 3818 809 multoque

2174 835 2436 894 tempore
2470 829 2710 892 docens,
2735 831 2971 884 tandem
2996 830 3197 900 inipsa
3224 829 3367 883 urbe
3394 830 3576 882 Roma
3606 836 3819 899 marty-

2172 917 2258 971 rio
2290 917 2467 971 vitam
2502 918 2859 978 finivit.cu‘m
2886 918 3105 971 ibidem
3131 918 3350 971 bonum
3384 923 3681 971 certamen
3698 934 3818 971 cer-

2172 1008 2629 1062 tassetHomani
2658 1024 2787 1061 vero
2822 1007 3069 1061 inclusis
3093 1008 3223 1078 ejus
3247 1006 3516 1077 reliquiis
3550 1006 3813 1078 pulchris

2171 1113 2237 1152 ac
2269 1098 2564 1166 argenteis
2597 1097 2805 1162 thecis,
2837 1113 3061 1151 annum
3112 1097 3164 1152 ei
3203 1096 3504 1150 memoriae
3537 1096 3693 1151 diem
3725 1114 3819 1151 co-

2170 1186 2321 1250 lunt,
2384 1186 2457 1239 IlI
2510 1185 2806 1240 Kalendas
2864 1186 2999 1240 Julii
3059 1186 3410 1256 martyrium
3472 1186 3601 1255 ejus
3660 1186 3819 1240 cele-

2170 1275 2430 1330 brantes.
2464 1275 2659 1329 Multis
2690 1280 2887 1329 autem
2919 1282 3095 1329 antea
3121 1275 3287 1329 divus
3321 1275 3540 1330 Paulus
3564 1291 3696 1329 cum
3744 1275 3816 1329 de

2167 1366 2283 1418 vita
2318 1370 2441 1419 tum
2474 1364 2545 1418 de
2571 1365 2781 1419 virtute
2831 1365 3177 1418 adhortatus
3228 1370 3370 1431 erat,
3407 1364 3712 1435 multaque
3748 1365 3820 1419 de

2170 1455 2261 1509 his
2287 1472 2417 1524 quaa
2444 1453 2673 1525 agenda
2703 1459 2860 1523 sunt,
2892 1455 3162 1508 homines
3195 1454 3497 1509 docuerat.
3523 1456 3817 1509 Praeterea

2169 1548 2366 1598 autem
2416 1548 2474 1597 et
2519 1560 2623 1613 per
2674 1544 2886 1597 harum
2927 1543 3373 1613 quatuordecim
3431 1543 3815 1614 epistolarum

2169 1638 2508 1688 contextum
2542 1634 2786 1687 omnino
2817 1634 3180 1703 praescripsit
3206 1633 3548 1687 hominibus
3580 1634 3820 1687 univer-

2170 1739 2296 1777 sam
2328 1722 2855 1777 conversationem.
2891 1723 3300 1777 Necessarium
3335 1728 3533 1776 autem
3566 1722 3727 1790 duxi,
3754 1727 3821 1776 ut

382 1809 704 1865 πολιτείαν.
770 1809 1094 1884 Ἀναγκαῖον
1155 1803 1209 1861 δὲ
1265 1805 1564 1880 ἡγησάμην
1618 1806 1670 1861 έν
1727 1808 1929 1881 βραχεῖ
1966 1808 2055 1862 καὶ

2169 1813 2372 1883 paucis
2394 1810 2585 1865 verbis
2608 1816 2839 1882 tempus
2872 1811 3307 1881 praedicationis
3332 1812 3496 1865 Pauli
3523 1812 3812 1884 significa-

385 1901 483 1954 τὸν
547 1898 759 1973 χρόνον
816 1895 1318 1967 ἐπισημειώσασθαι
1373 1899 1471 1948 105
1510 1896 1864 1972 κηρὺγματος
1917 1896 2058 1950 Παύ-

387 1991 525 2056 λου,
558 1989 623 2043 ἐκ
679 1994 787 2043 τῶν
838 1992 1114 2061 χρονικῶν
1170 1985 1405 2041 κανόνων
1462 1982 1726 2041 Εὐσεϐίου
1775 1992 1870 2042 τοῦ
1904 1993 2060 2059 Παμ-

400 2079 569 2160 φίλου
649 2080 751 2148 τήν
810 2076 1276 2153 ἀνακεφαλαίωσιν
1338 2076 1687 2148 ποιούμενος.
1758 2078 1923 2131 Ἔνθα
1990 2074 2055 2146 δὴ

404 2172 500 2237 τὴν
534 2164 737 2243 βίϐλον
778 2167 912 2239 μετὰ
970 2171 1161 2240 χεῖρας
1218 2164 1481 2235 εἰληφὼς,
1540 2166 1631 2219 καὶ
1682 2168 1885 2233 ταύτην
1935 2168 2056 2221 ἀναο

419 2261 629 2330 πτΰξας,
689 2258 928 2331 εὑρίσκω
988 2258 1051 2311 τὸ
1105 2258 1275 2320 πάθος
1331 2261 1428 2311 τοῖ’)
1480 2263 1739 2327 Σωτῆρος
1778 2261 1937 2330 ἡμῶν
1970 2260 2059 2312 καὶ

420 2354 612 2427 Κυρίου
664 2354 856 2421 Ἰησοῦ
907 2348 1144 2423 Χριστοῦ
1202 2349 1251 2404 ἐν
1315 2348 1763 2422 ὀκτωκαιδεκάτῳ
1821 2350 1927 2406 ἔτει
1966 2358 2062 2407 Τι-

409 2438 587 2513 ϐερίου
625 2440 894 2513 Καίσαρος
949 2437 1336 2515 γεγενημένον,
1388 2438 1478 2493 καὶ
1527 2441 1627 2510 τήν
1672 2442 1971 2515 τριήμερον
2006 2437 2064 2495 δὲ

394 2533 551 2595 εὐθὺς
586 2531 902 2600 ἀνάστασιν,
963 2529 1053 2582 καὶ
1113 2525 1279 2583 πάλιν
1336 2530 1437 2597 τήν
1497 2529 1571 2590 εἰς
1629 2529 1889 2602 οὐρανοὺς
1934 2529 2063 2584 ἀνά-

396 2625 574 2698 ληψιν
624 2626 723 2677 105
776 2625 1043 2693 Χριστοῦ.
1097 2619 1194 2674 Καὶ
1247 2621 1363 2693 μεθ’
1406 2620 1617 2695 ἡμέρας
1663 2622 1813 2683 τινας
1845 2620 2063 2699 ὀλίγας,

392 2711 543 2769 εἶδον
622 2712 737 2766 ἐκεῖ
802 2712 930 2770 τοὺς
998 2708 1336 2770 ἀποστόλους
1404 2708 1931 2785 προχείριζομένους
1989 2713 2065 2773 εἰς

389 2802 680 2858 διακονίαν
752 2801 842 2855 τὸν
912 2799 1373 2875 αὐτοτρερώνυμον
1439 2798 1731 2873 Στέφανον,
1798 2800 1887 2855 καί
1935 2800 2061 2863 τοὺς

391 2893 536 2969 ἀμφ’
570 2890 761 2947 αὐτόν,
824 2889 929 2945 Καὶ
992 2886 1276 2961 μετέπειτα
1332 2892 1514 2942 σαάσιν
1575 2886 1849 2944 Ἰουδαίων
1896 2890 2059 2945 πάλιν

388 2974 849 3051 καταλαμϐάνω,
898 2978 1076 3037 καθὼς
1124 2974 1231 3046 ἤδη
1278 2977 1633 3051 προείπομεν,
1665 2978 1755 3033 καὶ
1803 2980 1893 3033 τὸν
1930 2979 2061 3034 Στέ-

394 3091 571 3149 φανον
632 3066 1039 3142 ἀγωνιζόμενον
1106 3063 1296 3132 ἐκεῖσε,
1364 3065 1452 3120 καὶ
1519 3066 1609 3121 τὸν
1664 3067 1884 3122 Παῦλον
1944 3090 2064 3123 συν-

402 3156 737 3213 ιῦδοκοῦντα
767 3156 908 3209 πάνυ
956 3158 1037 3226 τῷ
1085 3154 1249 3233 φόνῳ.
1310 3159 1407 3216 ’Ός
1470 3156 1661 3230 μικρὸν
1694 3157 1913 3231 ὕστερον
1944 3164 2060 3219 τοῖς

416 3245 645 3319 ἄρχουσι
690 3251 794 3300 τῶν
851 3241 1127 3299 Ἰουδαίων
1181 3246 1482 3319 παραστὰς,
1537 3245 1826 3307 ἐπιστολὰς
1867 3245 2059 3319 ἐκομί-

430 3340 555 3403 ζετο
612 3334 737 3405 πρὶς
785 3332 914 3395 τοὺς
969 3331 1021 3387 έν
1076 3339 1343 3406 Δαμασκῷ
1403 3331 1697 3396 Ἰουδαίους
1752 3336 1889 3390 κατὰ
1952 3341 2060 3391 τῶν

434 3423 696 3495 μαθητῶν
742 3422 884 3476 Κατὰ
920 3418 977 3474 δὲ
1011 3419 1178 3492 μέσην
1237 3424 1335 3489 τήν
1392 3419 1535 3487 ὁδὸν,
1595 3424 1628 3491 ἡ
1682 3426 1877 3489 κλῆσις
1915 3426 2062 3496 αὐτῷ

421 3510 707 3587 γεγένηται
736 3512 879 3585 παρᾶ
918 3514 1017 3565 τοῦ
1073 3515 1226 3577 Θεοῦ,
1284 3512 1359 3574 ὡς
1413 3516 1593 3587 μικρῷ
1620 3512 2058 3585 προσαναλωθῆ-

412 3622 498 3654 ναι
558 3602 619 3655 τὸ
678 3599 796 3661 ἔτος
855 3599 1048 3655 έκεῖνο.
1110 3596 1542 3672 Ἐπιλαϐομένου
1590 3598 1728 3670 δῆτα
1755 3606 1851 3657 τοῦ
1884 3601 2057 3657 ἐννεα-

411 3688 732 3745 καιδεκάτω
800 3688 952 3750 ἔτους
1020 3684 1275 3760 Τιϐερίου
1351 3691 1632 3765 Καίσαρος,
1700 3693 2059 3762 κατάρξασθαι

408 3782 497 3834 τὸν
534 3779 755 3834 Παῦλον
794 3782 891 3833 τοῦ
948 3780 1321 3855 κηρύγματος,
1377 3782 1537 3857 φησῗν
1598 3783 1633 3850 ἡ
1692 3781 1918 3856 ἱστορία·
1969 3784 2057 3837 καὶ

401 3873 501 3939 τὴν
570 3872 781 3924 ἅπασαν
845 3866 1167 3943 οἰκουμένην
1233 3867 1567 3943 διαδραμεῖν,
1636 3870 2056 3948 εὐαγγελιζόμε-

386 3981 481 4014 νον
528 3961 635 4026 τὴν
694 3958 769 4019 εἷς
828 3958 1058 4032 Χριστὸν
1119 3953 1406 4029 εὐσέϐειαν,
1471 3958 1634 4034 μέχρι
1684 3959 2057 4031 τρισκαιδεκά-

387 4071 493 4105 του
559 4045 719 4108 ἔτους
781 4045 1059 4103 Κλαυδίου
1122 4048 1404 4118 Καίσαρος,
1466 4049 1879 4123 ἧγεμονεόοντες
1937 4052 2059 4107 τότε

390 4145 499 4208 τῆς
562 4136 834 4199 Ἰουδαίας
896 4138 1164 4209 Φήλικος
1227 4139 1305 4217 ἐφ’
1366 4141 1427 4195 οὗ
1486 4143 1884 4216 κατηγορηθεὶς
1955 4145 2056 4200 ὑπὸ

385 4228 710 4292 Ἰουδαίων,
754 4230 853 4295 τήν
906 4228 1205 4303 ἀπολογίαν
1263 4228 1559 4299 ἐποιήσατο
1596 4230 1827 4294 Παῦλος.
1861 4236 1956 4295 ’Ός
1988 4232 2054 4305 δὴ

383 4326 489 4375 τὸν
522 4316 836 4373 ἀπόστολον
879 4316 953 4377 εἷς
996 4317 1058 4370 τὸ
1116 4320 1250 4372 κατὰ
1306 4319 1621 4390 Καισάρειαν
1679 4318 2055 4399 δεσμωτήριον

388 4409 683 4481 καθεῖρξεν
743 4405 827 4461 ἐπῖ
888 4404 1037 4460 δυσὶν
1116 4401 1274 4463 ἔτεσι.
1352 4410 1484 4464 Μεθ’
1561 4410 1621 4464 ’ὀν
1681 4408 2058 4484 διαδεξαμενος

386 4500 501 4567 τὴν
562 4497 744 4571 ἀρχὴν
806 4495 1037 4568 Πόρκιος
1096 4502 1331 4565 Φῆστος,
1392 4498 1546 4561 εὐθὺς
1605 4499 1905 4571 ἀνακρίνειν
1947 4500 2056 4576 ὥρ-

2169 1919 2293 1957 rem
2328 1919 2396 1956 ex
2423 1901 2753 1956 cauonibus
2790 1907 3123 1971 temporum
3147 1902 3383 1955 Eusebii
3414 1902 3707 1972 Pamphili
3755 1902 3816 1958 in

2165 1991 2585 2063 compendium
2645 1991 2920 2053 redactis,
2972 1992 3073 2046 ubi
3114 1998 3271 2045 certe
3320 1992 3470 2045 libro
3504 1992 3565 2045 in
3598 2008 3811 2047 manus

2169 2090 2404 2154 sumpto
2445 2100 2634 2154 eoque
2668 2090 2870 2154 aperto
2905 2084 3241 2153 passionem
3275 2083 3470 2137 inveni
3495 2082 3812 2137 Salvatoris

2164 2174 2351 2227 nostri
2386 2178 2444 2227 et
2466 2172 2697 2227 Domini
2738 2174 2873 2226 Jesu
2905 2172 3121 2227 Christi
3153 2172 3382 2226 decimo
3416 2177 3617 2226 octavo
3641 2170 3817 2225 Tibe—

2164 2263 2236 2316 rii
2270 2262 2515 2316 Caesaris
2546 2278 2704 2316 anno
2744 2262 3050 2327 accidisse,
3097 2264 3416 2333 statimque
3444 2262 3615 2316 tertio
3648 2266 3812 2331 post-

2164 2350 2405 2405 modum
2434 2350 2527 2404 die
2566 2352 3085 2417 resurrectionem,
3121 2368 3188 2405 ac
3220 2368 3455 2405 rursum
3505 2350 3719 2404 Christi
3749 2350 3810 2404 in

2164 2440 2342 2495 caelos
2374 2440 3178 2510 assumptionem.Praaterea
3200 2441 3394 2495 inveni
3427 2440 3648 2494 ibidem
3670 2456 3814 2510 apo-

2170 2532 2353 2587 stolos
2383 2536 2518 2602 post
2541 2548 2759 2600 paucos
2781 2531 3011 2601 aliquot
3042 2532 3167 2585 dies
3191 2532 3251 2586 in
3286 2533 3687 2585 ministerium
3720 2532 3818 2586 de-

2166 2621 2380 2694 legisse
2398 2620 2783 2691 Stephanum,
2819 2621 2918 2691 qui
2951 2620 3259 2691 proprium
3283 2620 3393 2675 sibi
3427 2637 3646 2675 nomen
3663 2620 3817 2674 fere-

2167 2711 2320 2766 bat:
2384 2728 2451 2765 ac
2506 2710 2719 2765 deinde
2767 2710 3103 2765 Iudaeorum
3166 2710 3519 2764 seditionem
3576 2726 3814 2763 rursum

2169 2800 2569 2872 deprehendo,
2605 2801 2759 2855 sicut
2780 2801 2908 2871 jam
2932 2800 3340 2871 praediximus,
3365 2817 3727 2872 passumque
3752 2800 3816 2855 in

2167 2907 2236 2946 ea
2266 2890 2647 2962 Stephanum,
2667 2906 2733 2944 ac
2756 2890 3006 2944 Paulum
3032 2891 3093 2944 in
3115 2896 3367 2944 mortem
3399 2892 3529 2959 ejus
3561 2905 3817 2944 consen-

2167 2980 2557 3044 tientem.Qui
2581 2980 2757 3050 paulo
2780 2985 2915 3050 post
2944 2980 3018 3034 ad
3044 2981 3380 3034 Judaeorum
3412 2980 3713 3051 principes
3728 2995 3819 3033 ac-

2168 3071 2408 3135 cedens,
2468 3071 2697 3125 litteras
2742 3071 2970 3140 accepit
3017 3070 3088 3123 ad
3124 3071 3376 3131 Judaeos,
3412 3070 3512 3139 qui
3548 3069 3817 3123 Damasci

2174 3158 2560 3231 degebant,ad
2572 3175 2801 3213 versum
2817 3158 3333 3227 discipulosJuxta
3347 3158 3607 3212 medium
3622 3163 3820 3211 autem

2174 3252 2406 3306 itineris
2438 3252 2589 3305 facta
2619 3256 2706 3304 est
2738 3251 2924 3321 ipsius
2956 3267 2988 3304 a
3031 3252 3148 3305 Deo
3189 3251 3432 3317 vocatio,
3476 3250 3651 3320 paulo
3683 3256 3819 3305 ante

2169 3342 2349 3395 ﬁnem
2381 3340 2539 3393 illius
2570 3340 2908 3394 anni.Certe
2936 3356 3071 3393 cum
3105 3345 3328 3411 emptus
3362 3346 3516 3395 esset
3548 3340 3815 3399 decimus

2166 3444 2362 3481 nonus
2410 3426 2625 3480 Tiberii
2675 3428 2921 3481 Caesaris
2981 3444 3194 3491 annus,
3226 3428 3477 3483 Paulum
3503 3430 3813 3487 inchoasse

2166 3517 2644 3588 praedicationem
2701 3517 2909 3571 scribit
2966 3517 3215 3572 historia
3266 3534 3278 3571 :
3347 3536 3414 3574 ac
3472 3520 3814 3576 universum

2166 3607 2529 3678 percurrisse
2579 3607 2783 3661 orbem
2826 3607 3271 3663 disseminando
3320 3609 3537 3664 Christi
3568 3611 3814 3679 cultum,

2164 3713 2352 3766 usque
2380 3697 2451 3751 ad
2478 3698 2713 3751 tertium
2738 3697 3035 3751 decimum
3062 3699 3529 3753 ClaudiCaasaris
3566 3716 3813 3768 annum,

2165 3787 2641 3858 praesideJudaea)
2674 3788 2863 3841 Felice
2893 3789 3033 3841 :sub
3070 3806 3184 3858 quo
3203 3806 3237 3843 a
3265 3790 3481 3843 Judaeis
3503 3798 3812 3844 accusatus

2166 3893 2271 3947 pro
2321 3893 2381 3929 se
2426 3876 2733 3945 respondit
2786 3877 3025 3942 Paulus,
3060 3878 3157 3946 qui
3207 3894 3347 3931 sane
3380 3878 3713 3947 apostolum
3748 3881 3809 3933 in

2166 3981 2399 4019 carcere
2422 3966 2576 4018 I94
2598 3964 2829 4017 duobus
2860 3966 3031 4019 annis
3066 3966 3301 4019 inclusit
3335 3968 3634 4020 Caesarea).
3669 3970 3809 4023 Post

2165 4070 2341 4124 quem
2374 4060 2645 4124 suscepto
2697 4056 2927 4107 Portius
2974 4057 3177 4109 Festus
3222 4058 3557 4128 principatu
3608 4061 3806 4113 statim

2164 4144 2782 4216 apostolumjudicare
2806 4162 3113 4213 aggressus
3138 4152 3245 4206 est.
3270 4155 3333 4201 ut
3356 4164 3673 4203 maxumam
3700 4152 3808 4205 hoc

2163 4234 2314 4288 facto
2345 4234 2592 4305 gratiam
2620 4234 2774 4303 apud
2805 4234 3036 4288 Judaeos
3069 4235 3264 4289 iniret.
3299 4239 3457 4291 Tune
3489 4255 3623 4309 ergo
3660 4240 3812 4292 arbi-

2165 4329 2351 4379 tratus
2382 4323 2588 4378 beatus
2628 4323 2845 4377 Paulus
2878 4324 3033 4395 quod
3068 4325 3183 4378 alio
3217 4326 3392 4380 modo
3436 4327 3681 4381 insidias
3704 4329 3809 4383 de-

2164 4416 2386 4470 clinare
2419 4432 2537 4469 non
2570 4420 2769 4484 posset
2794 4415 2909 4468 nisi
2942 4416 3229 4470 Caesarem
3264 4416 3609 4487 appellaret,
3645 4425 3809 4473 stans

2163 4504 2236 4560 ad
2262 4503 2517 4557 tribunal
2551 4504 2839 4557 Caesarem
2869 4504 3205 4574 appellavit,
3238 4510 3296 4558 et
3326 4506 3567 4559 Romam
3600 4506 3671 4560 ad
3697 4508 3811 4561 Cae-

408 4607 562 4659 μησε
590 4586 684 4640 τὸν
712 4584 1074 4654 Ἀπόστολον,
1117 4592 1231 4647 τοῖς
1291 4585 1575 4650 Ἰουδαίοις
1609 4589 1863 4664 μεγίστην
1895 4593 2056 4666 χάριν

2167 4610 2357 4647 sarem
2389 4595 2677 4647 Neronem
2712 4593 3048 4647 dimittitur.
3074 4595 3211 4647 Erat
3240 4600 3439 4649 autem
3472 4596 3649 4649 simul
3672 4612 3808 4653 cum

397 4676 457 4732 ἐν
489 4675 675 4746 τούτῳ
703 4673 1138 4745 κατατιθέμενος.
1174 4676 1307 4733 Τότε
1355 4675 1446 4731 οὖν
1498 4679 1526 4732 ὁ
1572 4680 1837 4753 μακάριος
1892 4682 2053 4755 νομί-

400 4787 501 4828 σας
567 4765 672 4819 οὐκ
710 4762 895 4825 ἄλλως
953 4762 1437 4842 ἀπαλλαγήσεσθαι
1495 4774 1593 4836 τῆς
1651 4764 1971 4838 ἐπιϐουλῆς,
2017 4773 2051 4841 ἧ

392 4858 654 4928 Καίσαρα
708 4854 1186 4925 ἐπικαλεσάμενος,
1239 4856 1407 4916 ἑστὼς
1466 4856 1553 4911 ἐπὶ
1627 4856 1723 4913 τοῦ
1804 4861 2053 4934 βήματος

403 4944 729 5001 ἰπεκαλεῖτο
789 4943 1048 5017 Καίσαρα,
1104 4945 1192 4999 καὶ
1263 4945 1341 5007 εἰς
1426 4947 1643 5019 Ῥώμην
1698 4947 2053 5022 ἐκπέμπεται,

398 5037 537 5110 πρὸς
602 5032 842 5107 Καίσαρα
903 5031 1146 5105 Νέρωνα.
1205 5041 1374 5103 Συνῆν
1431 5033 1487 5090 δὲ
1539 5037 1799 5109 αὐτῷκαὶ
1837 5040 2057 5113 Ἀρίστ-

398 5145 599 5200 αρχος,
652 5121 709 5176 δν
753 5121 843 5176 καὶ
897 5121 1124 5185 εἰκότως
1170 5124 1629 5199 συναιχμάλωτόν
1662 5148 1766 5183 που
1797 5134 1905 5185 τῶν
1937 5129 2055 5185 έπι-

400 5213 619 5269 στολῶν
677 5208 968 5275 ἀποκαλεῖ,
1023 5210 1112 5264 καὶ
1168 5217 1374 5277 Λουκᾶς
1432 5215 1459 5268 6
1518 5216 1610 5277 τὰς
1670 5219 1895 5291 Ηράξεις
1950 5224 2056 5275 τῶν

400 5301 726 5358 ἀποστόλων
762 5302 947 5378 γραφῇ
997 5298 1292 5373 παραδοὺς.
1340 5303 1564 5358 Κάκεῖσε
1612 5306 1703 5360 οὖν
1755 5308 1782 5361 ὁ
1833 5306 2055 5369 Παῦλος

401 5394 490 5449 ἐπὶ
543 5395 642 5461 τῆς
674 5389 975 5464 Ῥωμαίων
1037 5385 1235 5444 διετίαν
1294 5388 1431 5462 ὅλην
1489 5392 1837 5473 ἐῳυλάττετο.
1872 5400 2057 5453 Ταῦτα

398 5484 499 5558 γάρ
545 5484 631 5539 καὶ
695 5479 867 5556 μέχρι
925 5476 1133 5534 τούτων
1181 5480 1387 5550 ἱστορεῖ
1433 5488 1641 5544 Λουκᾶς
1673 5483 1726 5539 ἐν
1756 5491 1875 5547 ταῖς
1910 5489 2054 5559 Πρά-

399 5574 643 5645 εεσιτῶν
702 5564 1063 5637 ἀποστόλων,
1122 5569 1235 5623 κατ’
1295 5568 1465 5626 ἐκεῖνο
1518 5578 1709 5647 καιροῦ
1738 5576 1800 5631 τὸ
1836 5571 2057 5650 βιϐλίον

400 5664 876 5747 συγγραψάμενος,
931 5657 1021 5712 καὶ
1070 5658 1135 5714 τὰ
1190 5661 1414 5731 καθεξῆς
1462 5662 1659 5733 ἥκιστα
1708 5666 1829 5722 τότε
1895 5668 2059 5743 γινώ-

2166 4700 2233 4738 eo
2266 4689 2325 4737 et
2354 4683 2939 4749 Aristarchus(quem
2972 4683 3373 4739 etiammerito
3398 4688 3806 4757 concaptivum

2166 4773 2422 4845 quodam
2447 4772 2832 4842 epistolarum
2852 4772 2978 4826 loco
3002 4774 3381 4844 appellat),et
3407 4776 3683 4831 similiter
3706 4778 3810 4832 Lu-

2166 4882 2284 4929 cas,
2338 4865 2437 4935 qui
2479 4867 2622 4918 Acta
2643 4863 3049 4935 apostolorum
3084 4867 3392 4937 scripturae
3426 4869 3687 4923 tradidit.
3729 4869 3810 4923 lbi

2167 4972 2301 5027 ergo
2333 4954 2549 5009 Paulus
2582 4954 3106 5010 subltomanorum
3134 4959 3402 5013 custodia
3429 4964 3616 5015 totum
3648 4960 3813 5014 bien-

2165 5046 2331 5101 nium
2379 5051 2710 5100 asservatus
2759 5050 2867 5099 est.
2913 5047 3050 5101 Nam
3083 5047 3208 5102 haec
3259 5054 3317 5102 et
3359 5066 3549 5119 usque
3595 5048 3669 5103 ad
3702 5049 3816 5104 ista

2168 5137 2373 5193 scribit
2406 5138 2586 5192 Lucas
2617 5138 2678 5192 in
2706 5139 2864 5193 Actis
2895 5140 3323 5210 apostolorum,
3344 5142 3443 5211 qui
3474 5141 3631 5195 circa
3660 5140 3809 5196 illud

2168 5232 2399 5297 tempus
2432 5226 2648 5281 librum
2689 5229 3059 5300 conscripsit,
3102 5247 3355 5299 cumque
3406 5234 3544 5283 tunc
3576 5245 3643 5283 ea
3673 5247 3805 5300 quae

2167 5318 2363 5373 futura
2417 5326 2615 5373 essent
2662 5321 2909 5375 minime
2977 5326 3374 5393 cognosceret,
3424 5338 3803 5392 nequaquam

2166 5410 2513 5479 martyrium
2549 5409 2675 5478 ejus
2706 5411 2997 5480 ascripsit.
3032 5410 3138 5463 Illo
3174 5410 3329 5463 enim
3356 5410 3575 5465 ibidem
3596 5412 3803 5468 relicto

2168 5499 2350 5553 Lucas
2400 5503 2458 5553 et
2499 5498 2872 5553 Aristarchus
2922 5498 3247 5553 redierunt.
3299 5500 3584 5556 Eusebius
3608 5509 3807 5557 autem

2168 5588 2479 5658 sequentia
2510 5592 2777 5659 tempora
2808 5587 3122 5659 diligenter
3162 5592 3534 5664 perquirens,
3572 5594 3809 5664 scripsit

2168 5678 2340 5735 nobis
2384 5678 2640 5735 secundo
2682 5678 3099 5735 ecclesiasticae
3148 5681 3594 5740 Historimlibro
3624 5684 3801 5755 hujus
