4112 6250
445 319 563 378 315

1451 317 1854 380 ΟΟΜΜΕΝΤ.
1897 319 1976 380 ΙΝ
2019 317 2228 380 ACTA
2271 318 2881 382 APOSTULORUM.

3732 322 3831 384 316

443 450 622 506 etiam
653 449 1023 522 martyrium,
1059 451 1382 508 ostendens
1431 457 1492 506 et
1521 452 1770 508 Paulum
1802 452 1866 506 in
1898 453 2063 523 quiet

2213 470 2354 504 σκων
2411 448 2537 506 οὐδὲ
2600 451 2662 506 τὸ
2723 449 3024 526 μαρτύριον
3079 451 3242 508 αὐτοῦ
3285 449 3602 528 ἐγκατέθετο
3645 455 3712 526 τῇ
3753 455 3840 529 βί-

445 542 932 612 permansisse,et
963 541 1061 596 Dei
1111 542 1354 596 verbum
1386 541 1550 596 nullo
1597 542 1946 613 prohibente
1977 542 2098 597 dis-

446 631 792 685 seminasse.
831 631 1132 701 Siquidem
1147 632 1326 686 habet
1353 632 1622 698 historia,
1658 632 1815 702 quod
1843 631 2097 686 ubitunc

453 722 560 775 sub
591 723 818 775 Nerone
849 721 1253 792 respondisset
1273 723 1601 777 Pauluseta
1631 723 1858 776 Cmsare
1891 723 2099 776 fuisset

444 810 771 874 absolutus,
819 810 892 864 ad
947 811 1390 880 praedicationis
1445 811 1845 866 ministerium
1890 829 2096 865 rursus

446 900 731 954 emissum
747 900 948 966 fuisse,
969 900 1220 970 aliisque
1251 901 1455 955 decem
1471 902 1642 956 annis
1659 902 1951 973 Evangelii
1975 919 2096 956 ver-

441 989 580 1044 bum
614 989 1056 1044 disseminasse.
1078 990 1220 1044 Cum
1251 997 1450 1045 autem
1482 995 1555 1045 ad
1589 996 1914 1045 extremum
1936 991 2092 1045 insa-

440 1081 554 1134 nias
610 1081 757 1133 Nero
788 1080 1178 1149 pervenisset,
1231 1080 1485 1150 primum
1521 1080 1761 1150 quidem
1794 1079 2093 1134 interfecit

437 1168 822 1238 Agrippinam
847 1169 1149 1238 prOpriam
1191 1176 1465 1236 matrem,
1500 1175 1786 1240 praeterea
1810 1175 1867 1222 et
1906 1170 2088 1240 patris

439 1274 726 1323 sororem,
746 1259 1041 1312 Octaviam
1075 1274 1312 1329 quoque
1336 1274 1502 1313 suam
1534 1275 1801 1326 uxorem,
1821 1259 2087 1329 aliosque

434 1348 781 1401 innumeros
835 1364 1049 1419 genere
1083 1349 1274 1419 ipsum
1310 1349 1757 1420 contingentes:
1787 1348 1999 1404 deinde
2032 1354 2089 1402 et

435 1437 828 1492 universalem
869 1438 1051 1492 movit
1072 1437 1383 1493 adversum
1415 1437 1780 1492 Christianos
1803 1455 2085 1510 persecu-

436 1527 682 1591 tionem,
717 1531 774 1581 et
831 1526 912 1582 ita
943 1527 1348 1598 apostolorum
1408 1526 1599 1582 caades
1639 1527 1923 1597 pervenit.
1959 1528 2082 1583 Sta-

436 1616 543 1670 tim
577 1616 737 1670 enim
769 1617 1123 1672 accersitum
1150 1615 1396 1670 Paulum
1425 1616 1574 1670 stitit
1604 1615 1906 1670 tribunali.
1935 1619 2082 1672 Rur-

436 1721 566 1760 sum
581 1710 780 1760 autem
795 1706 846 1759 ei
864 1706 1046 1760 Lucas
1061 1705 1414 1776 conjunctus
1428 1711 1518 1760 est
1533 1705 1652 1760 :ubi
1666 1711 1823 1760 certe
1837 1706 2084 1778 contigit

433 1793 680 1849 Paulum
711 1810 866 1849 anno
915 1794 1213 1849 tricesimo
1246 1799 1408 1848 sexto
1458 1811 1491 1849 a
1537 1794 1833 1849 Salvatore
1882 1812 2055 1866 passo

2189 1792 2590 1864 προσήκοντας.

433 1884 606 1938 tertio
621 1884 850 1939 decimo
867 1889 1064 1938 autem
1079 1883 1312 1954 imperii
1331 1884 1890 1955 Neronis,martyrio
1903 1885 2076 1939 vitam

434 1973 664 2038 ﬁnisse,
680 1973 869 2043 capite
889 1973 1163 2027 videlicet
1189 1972 1382 2044 gladio
1403 1978 1726 2044 amputato.
1745 1975 1886 2028 Sunt
1901 1974 2080 2044 igitur

433 2061 504 2116 ab
537 2077 693 2115 anno
723 2062 938 2116 Tiberii
972 2063 1218 2118 Caesaris
1250 2061 1478 2117 decimo
1528 2080 1708 2128 nono,
1736 2081 1851 2134 quo
1883 2065 2076 2118 Evan-

428 2150 648 2222 gelium
667 2150 1199 2221 cmpitpraadicare,
1217 2168 1402 2222 usque
1418 2151 1490 2206 ad
1517 2168 1745 2207 annum
1769 2153 1899 2224 ejus
1921 2153 2074 2208 vice-

428 2239 644 2295 simum
679 2241 1028 2305 secundum,
1065 2243 1204 2296 anni
1253 2248 1527 2312 quatuor,
1563 2247 1620 2296 et
1649 2243 1767 2297 Caii
1801 2242 2077 2298 similiter

425 2329 566 2384 anni
599 2334 890 2399 quatuor:
924 2347 1160 2385 rursum
1207 2347 1342 2385 vero
1371 2337 1429 2385 et
1457 2331 1684 2386 Claudii
1731 2333 1871 2387 anni
1895 2332 2071 2404 paulo

423 2418 624 2473 minus
666 2419 1137 2490 quatuordecim,
1171 2437 1346 2490 quem
1381 2420 1684 2475 insecutus
1716 2423 1864 2476 Nero
1897 2423 2069 2477 tertio

414 2507 646 2563 decimo
670 2508 759 2563 sui
795 2509 944 2565 I95
988 2509 1357 2580 principatus
1407 2525 1563 2564 anno
1596 2511 1931 2580 apostolum
1967 2512 2065 2566 in-

410 2600 664 2654 teremit.
700 2601 832 2654 Haac
893 2606 1090 2655 autem
1127 2600 1198 2654 de
1260 2601 1454 2672 prima
1512 2616 1620 2655 sua
1677 2601 2064 2670 responsione

413 2689 620 2744 scribit
650 2689 774 2760 ipse
809 2689 1027 2743 Paulus
1054 2688 1360 2759 apostolus
1377 2689 1683 2743 Timotheo
1711 2705 1764 2741 τι
1785 2690 1850 2742 In
1875 2691 2065 2759 prima

411 2794 546 2833 mea
575 2778 964 2848 responsione
984 2777 1188 2832 nullus
1204 2777 1351 2832 mihi
1382 2777 1589 2841 adfuit,
1609 2776 1710 2831 sed
1734 2793 1942 2832 omnes
1965 2796 2060 2833 me

413 2865 863 2936 dereliquerunt
891 2883 902 2918 :
937 2882 1057 2920 non
1089 2865 1209 2919 illis
1241 2866 1603 2936 imputetur:
1639 2865 1922 2922 Dominus
1944 2885 2056 2922 au-

410 2961 529 3009 tem
563 2955 751 3010 adfuit
779 2955 925 3009 mihi
959 2962 1017 3008 et
1038 2955 1410 3010 conﬁrmavit
1441 2961 1638 3022 me,ut
1666 2973 1771 3028 per
1800 2973 1893 3011 me
1913 2975 2057 3028 prm-

408 3043 626 3099 dicatio
660 3044 894 3099 certiori
931 3043 1046 3099 ﬁde
1101 3045 1609 3116 comprobaretur,
1656 3046 2052 3118 audirentque

2208 534 2349 611 ὅλῳ.
2385 540 2788 602 Καταλιπόντες
2845 541 2948 618 γάρ
3001 541 3159 596 αὐτὸν
3214 541 3392 596 ἐκεῖσε
3443 547 3648 602 Λουκᾶς
3679 563 3732 596 τε
3766 542 3841 597 καὶ

2210 627 2592 706 Ἀρίσταρχος,
2652 629 2841 696 ἦλθον.
2935 625 3190 691 Εὐσέϐιος
3250 627 3309 684 δὲ
3378 630 3508 690 τοῦς
3575 631 3839 702 μετέπειτα

2207 717 2446 790 χρόνους
2502 713 2744 792 ἀκριϐῶς
2802 720 3322 795 περιεργασάμενος,
3383 718 3664 792 ἱστόρησεν
3719 723 3839 790 ἡμῖν

2206 803 2256 858 έν
2284 809 2361 876 τῷ
2419 803 2651 880 δευτέρῳ
2709 807 2868 880 τόμῳ
2923 814 3022 876 τῆς
3080 807 3582 878 Ἐκκλησιαστικῆς
3624 808 3842 878 ἱστορίας

2202 893 2402 948 τούτου
2459 894 2549 948 καὶ
2606 896 2668 949 τὸ
2731 897 3051 971 μαρτύριον,
3106 896 3196 950 καὶ
3253 897 3346 950 τὸν
3408 896 3626 950 Παῦλον
3677 895 3840 950 ἄνετον

2205 979 2502 1056 διατρίψαι,
2535 983 2624 1037 καὶ
2673 984 2764 1038 τὸν
2811 989 2908 1038 τοῦ
2961 989 3093 1039 Θεοῦ
3147 983 3317 1060 λόγον
3352 982 3656 1046 ἀκωλύτως
3687 986 3841 1058 κηρύ-

2201 1074 2283 1142 ξαι
2350 1073 2852 1146 ἐπισημηνάμενος.
2924 1077 3064 1132 Τότε
3136 1077 3229 1149 μέν
3297 1075 3394 1130 οῦν
3466 1076 3555 1130 ἐπὶ
3622 1076 3841 1150 Νέρωνος

2202 1161 2695 1240 ἀπολογησάμενον
2756 1165 2847 1218 τὸν
2904 1164 3141 1232 Παῦλον,
3199 1165 3352 1228 αὖθις
3389 1163 3480 1219 ἐπὶ
3513 1167 3611 1233 τὴν
3645 1169 3730 1218 τοῦ
3755 1186 3841 1236 κη-

2199 1253 2478 1326 ρύγματος
2511 1250 2782 1308 διακονίαν
2840 1252 3006 1330 λόγος
3065 1253 3180 1329 ἔχει
3239 1253 3564 1309 στείλασθαι
3601 1255 3698 1310 ὑπὸ
3731 1255 3840 1310 Καί-

2197 1361 2359 1417 σαρος
2412 1341 2770 1412 ἀπολυθέντα,
2823 1342 3268 1420 εὐαγγελίσασθαι
3325 1344 3412 1424 ἐφ’
3472 1343 3674 1417 ἑτέροις
3727 1341 3838 1398 δέκα

2194 1428 2383 1488 ἔτεσιν.
2418 1431 2511 1492 Εἷς
2562 1430 2723 1507 ἄκρον
2781 1429 2838 1487 δὲ
2897 1434 3092 1507 μανίας
3153 1435 3179 1488 ὁ
3243 1435 3437 1509 Νέρων
3503 1434 3834 1511 ἀφικόμενος,

2195 1519 2374 1575 ἀνεῖλε
2435 1520 2528 1593 μὲν
2586 1522 2941 1597 Ἀγριππίναν
3003 1526 3192 1596 πρῶτα
3247 1524 3350 1592 τήν
3413 1519 3559 1576 ῗδίαν
3624 1523 3833 1594 μητέρα,

2192 1603 2358 1665 ἔτιδὲ
2412 1610 2501 1664 καὶ
2559 1612 2659 1678 τὴν
2719 1608 2958 1687 ἀδελφὴν
3018 1615 3114 1665 τοῦ
3171 1613 3400 1683 πατρὸς,
3444 1611 3539 1666 καὶ
3572 1611 3833 1669 Ὀκταυίαν

2188 1699 2286 1766 τήν
2357 1700 2550 1755 ἑαυτοῦ
2606 1706 2855 1775 γυναῖκα,
2915 1700 3007 1755 καὶ
3063 1698 3269 1762 ἄλλους
3309 1700 3544 1775 μυρίους
3593 1704 3669 1770 τῷ
3707 1701 3833 1773 γένει

2694 1791 2992 1845 Μετέπειτα
3096 1787 3153 1845 δὲ
3252 1788 3554 1844 καθολικὸν
3637 1788 3833 1861 ἐκίνησε

2189 1875 2431 1952 διωγμὸν
2480 1879 2615 1934 κατᾶ
2665 1883 2772 1932 τῶν
2835 1882 3193 1954 Χριστιανῶν,
3253 1879 3344 1933 καὶ
3405 1879 3585 1940 οὕτως
3636 1877 3831 1939 έπὶτὰς

2184 1971 2292 2020 τῶν
2326 1966 2648 2022 ἀποστόλων
2709 1966 2850 2036 ἦλθε
2907 1968 3132 2044 σφαγάς.
3194 1966 3705 2038 Μεταστειλάμενος
3735 1970 3825 2043 γὰρ

2183 2055 2273 2109 τὸν
2309 2054 2522 2110 Παῦλον
2583 2055 2737 2117 αὖθις
2796 2062 2873 2128 τῷ
2933 2058 3142 2130 βήματι
3202 2060 3462 2130 παριστᾷ.
3515 2054 3750 2119 Συνῆλθε
3781 2053 3828 2110 δέ

2183 2143 2346 2201 πάλιν
2378 2147 2405 2199 ὁ
2440 2151 2649 2207 Λουκᾶς
2690 2145 2860 2217 αὐτῷ.
2911 2147 3076 2209 Ἔνθα
3121 2143 3185 2216 δὴ
3243 2141 3442 2216 συνέϐη
3475 2147 3569 2199 τὸν
3606 2143 3821 2216 Παῦλον,

2181 2235 2486 2307 τριακοστῷ
2534 2233 2676 2308 ἕκτῳ
2732 2232 2837 2290 ἔτει
2893 2239 2989 2289 τοῦ
3064 2236 3343 2309 σωτηρίου
3404 2237 3633 2302 πάθους,
3686 2254 3819 2309 τρισ·

2176 2323 2478 2398 καιδεκάτῳ
2535 2322 2591 2380 δέ
2650 2325 2894 2400 Νέρωνος
2968 2332 3333 2400 μαρτυρῆσαί,
3395 2326 3538 2402 ξίφει
3595 2326 3689 2392 τήν
3739 2343 3817 2377 κε-

2177 2417 2355 2490 φαλῆν
2411 2419 2812 2491 ἀποτμηθὲντα.
2872 2423 3023 2472 Ἔστι
3082 2417 3260 2473 τοίνυν
3322 2418 3438 2472 ἀπὸ
3497 2422 3593 2471 τοῦ
3648 2416 3806 2470 ἐννεα-

2173 2505 2494 2564 καιδεκάτου
2564 2505 2716 2569 ἔτους
2774 2502 3034 2582 Τιϐερίου
3090 2508 3392 2578 Καίσαρος,
3426 2506 3478 2578 ἐξ
3511 2507 3573 2562 οῦ
3626 2505 3812 2578 κηρύσ-

2180 2619 2286 2652 σειν
2319 2599 2380 2654 τὸ
2415 2597 2745 2675 Εύαγγέλιον
2777 2596 3000 2672 ἤρξατο,
3056 2596 3163 2660 ἕως
3219 2603 3316 2653 τοῦ
3377 2598 3623 2653 εἰκοστοῦ
3655 2593 3808 2650 δευτέ-

2175 2707 2270 2761 ρου
2299 2681 2470 2757 ἔτους,
2505 2681 2597 2756 ἔτη
2639 2688 2886 2761 τέσσαρα’
2947 2687 3033 2741 καὶ
3088 2687 3155 2742 τὰ
3209 2684 3378 2742 Γαίου
3442 2684 3499 2741 δέ
3549 2684 3804 2749 ὡσαύτως,

2170 2772 2264 2846 ἔτη
2297 2775 2546 2850 τέσσαρα.
2580 2775 2750 2840 Αὖθις
2811 2774 2868 2830 δὶ
2924 2776 3012 2830 καὶ
3068 2775 3135 2831 τὰ
3164 2772 3450 2833 Κλαυδίου
3481 2769 3597 2844 ἔτη,
3632 2771 3802 2848 μικρὸν

2165 2862 2398 2932 ἐλάττω,
2475 2863 2854 2940 δεκατέσσαρα.
2930 2867 3028 2922 "Ov
3121 2861 3512 2938 διαδεξάμενος
3614 2861 3797 2936 Νέρων,

2161 2951 2587 3028 τρισκαιδεκάτῳ
2621 2951 2724 3010 ἔτει
2755 2961 2854 3023 τῆς
2903 2955 3094 3009 ἑαυτοῦ
3124 2955 3325 3029 ἀρχῆς,
3361 2956 3458 3011 τὸν
3491 2949 3794 3010 Ἀπόστολον

2161 3039 2383 3096 ἀνεῖλεν.
2429 3043 2627 3121 Γράφει
2677 3046 2805 3118 γοῦν
2855 3043 2882 3096 ὁ
2934 3041 3094 3104 αὐτὸς
3141 3041 3457 3106 ἀπόστολος
3491 3041 3702 3103 Παῦλος
3726 3045 3802 3092 Τι-

401 3149 610 3188 omnes
641 3140 845 3205 gentes
875 3152 886 3188 :
923 3141 978 3188 et
1028 3135 1312 3190 liberatus
1345 3153 1474 3190 sum
1517 3135 1587 3189 de
1621 3153 1721 3191 ore
1761 3136 1999 3203 leonis’,
2025 3157 2044 3186 ι)

2174 3133 2368 3204 μοθέῳ,
2402 3131 2525 3206 περὶ
2559 3131 2653 3204 μὲν
2696 3139 2796 3201 τῆς
2850 3134 3076 3206 πρώτης
3129 3133 3298 3188 αὐτοῦ
3329 3132 3638 3208 ἀπολογίας
3667 3126 3796 3183 τάδε’

400 3222 512 3277 hoc
544 3224 785 3278 nomine
806 3226 1095 3279 Neronem
1121 3225 1482 3296 signiﬁcans.
1501 3226 1576 3279 De
1611 3225 1872 3281 secunda
1893 3243 2048 3294 vero,

399 3311 462 3366 in
495 3329 613 3381 qua
645 3317 703 3365 et
728 3314 1010 3383 martyrio
1042 3330 1210 3367 suam
1243 3314 1432 3368 ﬁnivit
1460 3314 1792 3379 vitam,ait:
1837 3335 1856 3362 ι
1883 3316 2052 3370 Mini—

403 3401 647 3455 sterium
684 3406 848 3455 tuum
887 3401 1105 3456 bonum
1157 3403 1375 3456 certius
1425 3401 1708 3473 adimple.
1742 3407 1856 3475 Ego
1889 3405 2050 3462 enim

396 3488 524 3558 jam
543 3488 792 3551 delibor,
809 3495 1272 3560 ettempusmeae
1297 3490 1706 3545 dissolutionis
1722 3492 1921 3547 instat.
1943 3516 1968 3540 ››
1984 3495 2053 3548 Et

407 3577 548 3647 quia
579 3578 760 3631 Lucas
792 3594 1028 3633 rursum
1061 3585 1188 3633 erat
1217 3595 1349 3633 cum
1370 3586 1599 3650 eo.post
1628 3597 1815 3651 pauca
1839 3583 2052 3652 episto-

400 3665 474 3721 la)
501 3666 709 3720 verba:
746 3690 771 3716 «
807 3666 1033 3722 Salutat
1085 3673 1161 3734 te,
1204 3668 1416 3738 inquit.
1443 3669 1646 3731 Lucas,
1680 3670 1781 3739 qui
1817 3687 2048 3726 mecum

407 3761 514 3810 est.
551 3778 578 3804 »
611 3756 809 3810 Totius
858 3757 1037 3826 igitur
1062 3757 1276 3826 prioris
1317 3757 1755 3827 praedicationis
1796 3761 2046 3829 apostoli

404 3851 637 3917 tempus
671 3851 760 3900 est
788 3846 965 3900 unius
1007 3851 1064 3900 et
1098 3846 1298 3912 viginti
1333 3863 1627 3902 annorum
1661 3854 1876 3918 praeter
1897 3849 2045 3905 alios

403 3935 553 3989 duos
583 3952 772 3990 annos
804 3935 1122 4006 quosapud
1154 3940 1479 3991 Cmsaream
1508 3937 1570 3991 in
1601 3953 1836 3992 carcere
1863 3944 2046 3993 trans-

400 4025 533 4095 egit.
563 4026 662 4079 His
683 4042 919 4080 rursum
935 4025 1230 4082 addantur
1242 4025 1356 4080 duo
1373 4027 1546 4097 primi
1563 4027 1704 4081 anni
1732 4035 2044 4098 postquam

397 4115 642 4169 Romam
675 4121 1042 4185 pervenarat,
1087 4115 1410 4187 decemque
1457 4116 1686 4170 ultimi:
1721 4118 1801 4172 ita
1826 4124 1891 4172 ut
1918 4119 2043 4173 fue-

395 4203 519 4257 rint
548 4220 754 4259 omnes
785 4205 925 4259 anni
949 4206 1020 4260 ab
1052 4206 1179 4275 ejus
1204 4207 1504 4261 vocatione
1537 4222 1724 4277 usque
1753 4207 1826 4262 ad
1857 4207 2043 4278 ipsius

396 4300 648 4348 mortem
681 4294 920 4367 triginta
945 4295 1228 4365 quinque.

2164 3247 2191 3273 «
2229 3223 2314 3277 ’Ev
2343 3223 2414 3292 τῇ
2443 3221 2634 3296 πρώτῃ
2673 3241 2776 3293 μου
2825 3222 3103 3296 ἀπολογίᾳ
3134 3220 3311 3284 οὐδείς
3345 3245 3449 3294 μοι
3480 3217 3794 3294 συμπαρεγέ-

2159 3332 2300 3377 νετο,
2355 3309 2501 3366 ἀλλὰ
2557 3312 2750 3371 πάντες
2792 3331 2859 3382 με
2907 3307 3285 3386 ἐγκατέλιπον.
3345 3314 3444 3381 Μή
3507 3310 3676 3369 αὐτοῖς
3709 3305 3794 3361 λο-

2161 3399 2398 3476 γισθείη.
2426 3401 2486 3456 Ὁ
2520 3397 2576 3454 δέ
2629 3398 2827 3473 Κύριός
2887 3420 2980 3471 μοι
3037 3401 3277 3474 παρέστη
3311 3401 3409 3455 καὶ
3442 3395 3783 3470 ἐνεδυνάμωσέ

2165 3510 2251 3562 με,
2317 3486 2412 3542 ’ίνα
2476 3485 2545 3542 δι’
2612 3488 2746 3561 ἐμοῦ
2813 3489 2874 3544 τὸ
2941 3490 3199 3563 κήρυγμα
3237 3487 3660 3568 πληροφορηθῇ,
3699 3481 3780 3538 καὶ

2161 3576 2435 3630 ἀκούσωσι
2493 3577 2666 3632 πάντα
2718 3578 2786 3632 τὰ
2843 3574 2985 3647 ἔθνη.
3049 3578 3153 3632 Καὶ
3211 3577 3484 3653 έῤῥύσθην
3517 3577 3570 3633 έκ
3597 3574 3781 3645 στόμα-

2231 3687 2250 3698 .
2289 3663 2347 3721 λι
2386 3688 2396 3700 .
2493 3685 2532 3699 ..
2692 3665 2753 3700 ο,
2874 3664 2935 3722 )ι
3128 3667 3154 3686 τ
3309 3668 3322 3685 ε
3458 3668 3477 3702 ι
3770 3661 3783 3680 ‘

2158 3687 2248 3726 το..
2331 3687 2509 3727 εοιτος
2569 3691 2594 3716 ‹‹
2627 3687 2817 3721 του.ον
2897 3687 3049 3740 κεγων
3103 3688 3239 3721 ειναι
3269 3688 3361 3722 τον
3403 3675 3638 3743 Νέρωνα.
3667 3667 3784 3734 Περι

2161 3752 2218 3810 δέ
2247 3763 2344 3823 τῆς
2377 3752 2626 3824 δευτέρας
2682 3754 2735 3811 έν
2795 3759 2832 3827 ἧ
2882 3757 2970 3810 καὶ
3026 3755 3330 3812 τελειοῦται
3389 3765 3470 3831 τῷ
3506 3757 3616 3813 κατ’
3646 3751 3785 3809 αὐτὸν

2165 3844 2467 3920 μαρτυρίῳ,
2504 3845 2654 3922 φησί·
2703 3869 2728 3894 ››
2783 3847 2900 3912 Τὴν
2951 3845 3124 3913 καλήν
3159 3842 3440 3900 διακονίαν
3475 3868 3566 3902 σου
3597 3843 3788 3914 πληρο-

2158 3936 2416 4016 φόρησον.
2455 3936 2594 4010 Ἐγὼ
2644 3935 2748 4014 γὰρ
2797 3934 2906 4005 ἤδη
2959 3934 3280 4008 σπένδομαι,
3312 3939 3407 3991 καὶ
3437 3941 3464 3994 6
3495 3934 3673 4006 καιρὸς
3700 3936 3783 3998 τῆς

2157 4024 2467 4086 ἀναλύσεώς
2507 4048 2609 4096 μου
2637 4025 2920 4096 ἐφέστηκε.
2978 4051 3004 4076 ‹‹
3040 4025 3141 4082 Καὶ
3181 4026 3264 4080 ὅτι
3298 4034 3511 4089 Λουκᾶς
3540 4027 3602 4096 ἦν
3637 4021 3775 4079 πάλιν

2157 4116 2248 4171 σὺν
2309 4115 2475 4185 αύτῷ,
2541 4116 2654 4174 μετ’
2713 4114 2874 4188 ὀλίγα
2933 4113 3249 4184 ἐπιστολῆς,
3286 4139 3313 4166 ››
3374 4112 3690 4184 Ἀσπάζεταί
3719 4129 3782 4177 σε,

2153 4205 2367 4281 γράφει,
2398 4206 2426 4258 ὁ
2460 4207 2666 4264 Λουκᾶς
2700 4205 2727 4258 ὁ
2761 4203 2852 4257 σὺν
2884 4203 3031 4274 έμοί.
3066 4228 3094 4256 ››
3139 4206 3320 4260 Ἔστιν
3350 4204 3442 4259 οῦν
3480 4209 3506 4260 6
3538 4210 3635 4266 πᾶς
3664 4197 3782 4274 χῡό·

2152 4314 2243 4354 νος
2272 4299 2367 4348 τοῦ
2414 4292 2768 4366 κηρύγματος
2823 4290 3066 4361 Παύλου,
3113 4291 3282 4347 εἶ’κοσι
3323 4294 3413 4348 καὶ
3447 4289 3498 4351 ἔν
3530 4288 3661 4353 ἔτος.
3693 4283 3781 4344 Καὶ

407 4377 417 4398 ν
586 4378 639 4400 δι
709 4376 734 4400 Ἰ
869 4381 894 4399 »ι
924 4379 946 4397 κ
1247 4381 1260 4400 τ
1363 4385 1390 4396 ~
1563 4381 1574 4396 ι
1656 4388 1669 4400 ν
1780 4380 1805 4398 ιι
2305 4381 2316 4402 ρ
2528 4381 2540 4397 ς
2617 4379 2659 4400 δι
2776 4381 2789 4400 ν
3005 4383 3013 4397 ν
3207 4383 3219 4400 η
3268 4381 3280 4400 9
3347 4385 3359 4402 τ
3434 4387 3445 4403 ,
3653 4379 3664 4398 ι

391 4378 547 4454 ἕτερα
582 4399 676 4435 ουο
707 4403 823 4450 ετη,
860 4403 891 4436 α
920 4381 1211 4436 διετέλεσεν
1243 4401 1294 4435 εν
1324 4403 1403 4449 τῳ
1452 4401 1587 4434 κατα
1635 4388 1949 4456 Καισαρειαν
2001 4381 2385 4456 δεσμωτηριῳ.
2440 4388 2579 4453 Προς
2614 4397 2670 4435 οε
2698 4401 2913 4442 τουτοις
2949 4380 3134 4450 παλιν,
3168 4404 3233 4437 τα
3265 4401 3314 4436 εν
3365 4387 3539 4458 Ρωμῃ
3568 4394 3781 4454 προτερα

389 4466 487 4524 δύο
521 4464 638 4540 ἔτη,
671 4472 761 4525 καὶ
792 4471 857 4525 τὰ
886 4469 1171 4526 τελευταῖα
1202 4467 1258 4526 δέ
1287 4464 1378 4538 ἔτη
1415 4467 1706 4526 δέκα³ὥστε
1739 4471 1874 4526 εἶναι
1904 4473 2077 4528 πάντα
2106 4475 2170 4528 τὰ
2199 4466 2291 4543 ἔτη
2347 4472 2452 4527 ἀπὸ
2503 4473 2600 4538 τῆς
2653 4470 2901 4541 κλήσεως
2935 4471 3101 4526 αὐτοῦ
3136 4472 3302 4548 μέχρι
3331 4480 3430 4542 τῆς
3461 4470 3776 4529 τελειώσεως

391 4558 579 4628 αὐτοῦ,
611 4560 896 4634 τριάκοντα
927 4561 1016 4615 καὶ
1044 4559 1218 4615 πέντε.

693 4661 1111 4753 ΜΑΗΤᾚΗΠΜ
1140 4658 1346 4753 PAULl
1380 4659 1739 4716 APOSTOLI.
2067 4689 2111 4753 Β

465 4748 580 4802 Sub
613 4751 842 4803 Nerone
881 4752 1283 4805 Romanorum
1322 4751 1700 4821 imperatore,
1750 4753 2030 4823 martyrio

387 4838 567 4892 vitam
595 4836 813 4891 ibidem
849 4838 1036 4892 ﬁnivit
1081 4839 1297 4894 Paulus
1337 4840 1660 4911 apostolus,
1694 4841 1884 4911 capite
1906 4842 2027 4912 gla—

389 4926 485 4983 dio
536 4931 860 4997 amputato,
901 4943 1054 4980 anno
1087 4944 1120 4982 a
1151 4928 1393 4983 salutari
1428 4931 1701 4999 passione
1729 4931 2028 4986 tricesimo

387 5023 550 5073 sexto
583 5023 896 5089 postquam
912 5021 1112 5070 Romae
1129 5017 1350 5073 bonum
1367 5025 1690 5075 certaverat
1708 5026 2032 5091 certamen,

386 5107 595 5180 quinto
625 5106 719 5161 die
747 5106 972 5161 mensis
996 5107 1259 5166 Panemi.
1279 5109 1376 5178 qui
1404 5109 1530 5164 dies
1560 5110 1716 5181 apud
1734 5111 2033 5168 Romanos

388 5196 605 5253 dicitur
643 5197 852 5253 tertius
897 5194 1295 5251 Kalendarum
1338 5197 1497 5265 Julii,
1549 5216 1664 5269 quo
1722 5200 2036 5272 complevit

387 5285 556 5341 divus
588 5286 905 5358 Apostolus
921 5302 1091 5340 suum
1109 5287 1477 5356 martyrium,
1496 5289 1859 5360 sexagesimo
1873 5306 2031 5345 nono

387 5390 540 5431 anno
573 5377 858 5433 adventus
892 5375 1208 5431 Salvatoris
1248 5376 1432 5432 nostri
1465 5377 1602 5432 Jesu
1632 5378 1868 5432 Christi.

456 5633 471 5670 ¹
504 5633 549 5689 Η
582 5630 727 5689 Tim.
761 5649 830 5699 iv,
869 5633 953 5699 16,
987 5635 1068 5691 1³1.

2277 4661 2675 4716 ΜΑΡΤΥΡΙΟΝ
2719 4661 2994 4717 ΠΑΥΔΟΥ
3031 4661 3164 4717 ΤΟΥ
3203 4661 3638 4720 ΑΙΙΟΣΤΟᾹΟΥ.

2210 4749 2333 4805 Ἐπὶ
2394 4749 2648 4820 Νέρωνος
2705 4751 2800 4801 τοῦ
2857 4747 3124 4818 Καίσαρος
3177 4749 3490 4822 Ῥωμαίων,
3558 4742 3767 4820 ἐμαρτύ-

2142 4859 2303 4914 ρησεν
2358 4837 2542 4900 αὐτόθι
2607 4834 2820 4898 Παῦλος
2876 4837 2904 4891 6
2958 4835 3292 4906 ἀποστολος,
3325 4837 3460 4917 ξίφει
3492 4839 3586 4904 τὴν
3613 4851 3766 4911 κειρα-

2140 4925 2243 4995 λήν
2276 4924 2636 4998 ἀποτμηθεὶς,
2669 4923 2721 4980 έν
2773 4923 2852 4996 τῷ
2906 4930 3214 4996 τριακοστῷ
3263 4926 3352 4980 καὶ
3383 4924 3523 4999 ἕκτῳ
3554 4923 3650 4979 ἔτει
3681 4920 3768 4974 τοῦ

2143 5015 2416 5090 σωτηρίου
2446 5015 2672 5082 πάθους,
2717 5016 2808 5070 τὸν
2867 5015 3034 5069 καλὸν
3094 5014 3276 5088 ἀγῶνα
3309 5015 3693 5090 ἀγωνισάμενος
3719 5005 3765 5061 ἐν

2143 5103 2357 5178 Ῥώμῃ,
2390 5105 2612 5178 πέμπτῃ
2646 5101 2826 5178 ἡμέρᾳ
2885 5101 3128 5176 Πανέμου
3192 5105 3385 5175 μηνὸς,
3415 5105 3535 5175 ἥτις
3565 5100 3760 5172 λέγεται

2142 5193 2288 5265 παρὰ
2317 5192 2635 5264 Ῥωμαίοις,
2678 5196 2747 5266 τῇ
2805 5192 2910 5266 πρὸ
2965 5197 3129 5267 τριῶν
3186 5190 3481 5248 Καλανδῶν
3515 5187 3763 5250 Ἰουλίων,

2140 5284 2255 5337 καθ’
2305 5284 2369 5352 ἣν
2421 5280 2716 5348 ἐτελειώθη
2769 5281 2796 5336 6
2851 5282 3006 5355 ἅγιος
3060 5280 3395 5345 Ἀπόστολος
3426 5288 3504 5355 τῷ
3541 5278 3648 5336 κατ’
3679 5272 3762 5328 1'3-

2139 5372 2231 5428 τὸν
2278 5372 2581 5445 μαρτυρίῳ,
2643 5371 2917 5443 ἑξηκοστῷ
2971 5370 3060 5425 καὶ
3115 5369 3313 5444 έννᾶτῳ
3373 5371 3477 5428 ἔτει
3533 5376 3627 5437 τῆς
3678 5363 3762 5416 τοῦ

2143 5467 2404 5537 Σωτῆρος
2435 5462 2596 5533 ἡμῶν
2631 5461 2815 5530 Ἰησοῦ
2846 5461 3086 5534 Χριστοῦ
3117 5463 3438 5533 παρουσίας.
