4112 6250
326 270 455 332 317
1432 279 1839 341 COMMENT.
1886 279 1966 340 ΙΝ
2015 273 2260 338 EPIST.
2308 276 2408 336 AD
2456 277 2642 338 ltOM.
3645 276 3765 334 318

314 403 668 461 ΥΠΟΘΕΣῘΣ.
717 409 862 465 ΤΗΣ
931 413 1119 469 ΠΡΟΣ
1174 413 1529 470 ΡΩΜΑΙΟΥΣ
1580 413 1972 468 ΕΙΙΙΣΤΟΛΠΣ

2242 409 2732 466 ARGUMENTUM
2762 408 3118 466 EPISTOL/E
3149 410 3244 464 AD
3274 407 3628 464 BOMANOS.

399 495 468 552 Ἡ
526 491 583 550 δὲ
647 496 791 572 πρὸς
848 499 1178 573 Ῥωμαίους
1251 499 1516 570 ἐπιστολὴ
1576 500 1820 575 περιέχει
1901 502 1980 568 τὴε

2109 503 2370 573 Epistola
2401 502 2474 557 ad
2526 504 2824 558 Romanos
2857 502 3270 575 complectitur
3307 501 3758 556 instructionem

340 587 484 662 πρὸς
514 585 600 640 τὸν
628 587 868 660 Χριστὸν
929 592 1297 662 παρασκευὴν,
1358 589 1599 663 μάλιστα
1652 596 1768 650 τοῖς
1800 588 1859 645 ἐκ
1902 589 1980 668 φάη

2109 592 2182 646 ad
2213 593 2532 658 Christum,
2557 599 2614 647 et
2644 594 2897 648 maxime
2931 611 3034 664 per
3065 593 3426 648 naturalium
3459 592 3758 646 rationum

351 698 492 738 σεως
521 677 812 751 λογισμοῖς
843 677 1223 754 ἐλεγχθεῖσαν,
1277 681 1365 736 καὶ
1425 679 1514 737 διὰ
1567 685 1729 737 τοῦτο
1761 681 1980 754 προτάτ-

2109 682 2678 740 demonstrationem
2703 685 2889 739 :196
2920 685 3171 754 ideoque
3197 683 3426 738 caeteris
3442 683 3758 753 praeposita

345 787 503 821 τεται
536 766 728 830 ἄλλαις
763 767 1024 835 ἀπάσαις,
1079 770 1153 831 ὡς
1207 768 1273 837 δὴ
1334 770 1468 844 πρὸς
1517 767 1712 832 αὐτοὺς
1762 788 1980 844 γεγραμ-

2110 778 2217 832 est.
2244 779 2522 845 tanquam
2555 780 2712 828 certe
2743 773 2817 829 ad
2864 791 2965 828 eos
3008 775 3228 844 scripta
3257 773 3357 843 qui
3383 773 3456 826 ad
3489 772 3753 828 divinum

370 857 506 927 μέ-οη
535 857 653 916 τοὺς
682 854 792 926 ἤδη
846 859 916 912 τα
972 861 1090 913 θεῖα
1133 860 1565 934 προμυηθέντας.
1625 859 1838 928 Ταύτην
1882 857 1980 911 ἐπι-

2109 862 2330 917 cultum
2356 863 2483 935 jam
2515 863 2815 919 habebant
2865 863 3244 934 principium.
3282 863 3439 916 llanc
3492 867 3688 916 autem
3721 878 3754 916 a

367 943 575 1000 στέλλει
629 945 734 999 ἀπὸ
793 948 1088 1022 Κορίνθου,
1150 952 1316 1020 μήπω
1376 949 1470 1021 μὲν
1550 948 1805 1018 ἑωρακὼς
1865 948 1980 1000 Ῥωι

2108 953 2390 1007 Corintho
2424 954 2626 1020 mittit,
2681 970 2817 1007 cum
2861 953 3116 1007 necdum
3167 954 3461 1007 Romanos
3489 951 3751 1016 vidisset,

354 1033 570 1104 μαίους,
646 1034 857 1088 ἀκούων
940 1033 997 1090 δὲ
1072 1037 1194 1109 περὶ
1280 1037 1477 1109 αὐτῶν,
1563 1037 1655 1092 καὶ
1729 1037 1980 1091 ἐπιποθῶ

2109 1041 2214 1096 sed
2243 1043 2315 1098 de
2348 1043 3016 1114 ipsisaudisseteosque
3049 1042 3282 1096 videndi
3306 1041 3557 1112 cupidus
3576 1045 3750 1096 esset.

342 1121 550 1183 αὐτοὺς
599 1119 752 1177 ἰδεῖν.
842 1123 947 1180 Καὶ
1023 1129 1238 1198 πρῶτον
1296 1127 1390 1198 μὲν
1450 1123 1812 1189 ἀποδέχεσθαί
1869 1145 2000 1204 φησι

342 1212 446 1278 τήν
505 1209 691 1266 πίστιν
755 1213 956 1284 αὐτῶν,
1009 1214 1521 1289 καταγγελλομένην
1582 1216 1721 1291 ὁρῶν
1800 1235 1999 1269 παντα-

344 1303 477 1373 χοῦ.
507 1299 738 1356 Ἔπειτα
794 1301 1044 1375 σημαίνει
1092 1301 1363 1366 πολλάκις
1422 1305 1609 1360 ἑαυτὸν
1669 1302 1999 1379 προθέμενον

329 1387 540 1456 ἐλθεῖν,
573 1386 667 1443 διὰ
693 1390 789 1444 τὸν
833 1390 909 1454 εἷς
965 1391 1160 1454 αὐτοὺς
1223 1393 1419 1464 πόθον,
1479 1392 1612 1448 τέως
1645 1394 1721 1466 μή
1781 1389 2002 1461 δεδυνῆ-

331 1478 484 1535 σθαι.
521 1477 632 1533 Καὶ
665 1476 863 1534 λοιπὸν
897 1476 1292 1551 διδασκαλικὴν
1347 1483 1446 1552 τὴν
1503 1481 1798 1550 ἐπιστολήν
1826 1487 2002 1538 ποιεῖ-

325 1587 438 1636 ται,
477 1567 610 1641 περί
639 1565 892 1638 κλήσεως
947 1567 1139 1626 ἐθνῶν.
1200 1570 1304 1628 Καὶ
1362 1573 1447 1628 ὅτι
1505 1574 1540 1642 ἡ
1591 1573 1865 1646 περιτομή
1895 1569 2000 1634 ἕως

322 1661 530 1733 καιροῦ
560 1658 661 1727 ἦν,
693 1658 784 1713 καὶ
846 1659 936 1714 νῦν
990 1661 1281 1718 πέπαυται.
1347 1664 1446 1720 Καὶ
1479 1662 1562 1718 ὅτι
1616 1660 1705 1717 διὰ
1739 1667 1836 1720 τοῦ
1868 1664 1998 1737 Χρι-

2108 1133 2178 1184 Ει
2205 1133 2463 1201 primum
2515 1131 2756 1203 quidem
2807 1133 2890 1186 ait
2919 1131 3030 1186 sibi
3071 1138 3296 1203 gratam
3330 1147 3459 1186 esse
3508 1131 3749 1186 illorum

2110 1221 2286 1275 fidem
2345 1238 2524 1291 quam
2597 1221 2815 1293 ubique
2889 1221 3156 1275 locorum
3221 1220 3507 1293 divulgari
3560 1221 3741 1276 videt.

2109 1313 2330 1370 Deinde
2362 1313 2656 1384 significat
2693 1313 2851 1383 quod
2883 1312 3229 1384 frequenter
3259 1312 3634 1383 preposuerit
3675 1310 3750 1366 ad

2108 1405 2270 1475 ipsos
2312 1402 2530 1470 venire,
2580 1419 2864 1458 accensus
2923 1419 3129 1458 eorum
3183 1402 3500 1469 desiderio,
3554 1402 3752 1457 adhuc

2108 1499 2305 1549 tamen
2338 1509 2459 1548 non
2492 1493 2768 1563 potuerit.
2803 1495 2869 1546 Et
2919 1492 3200 1562 deinceps
3240 1491 3592 1546 eruditionis
3624 1491 3752 1561 ple-

2105 1598 2246 1638 nam
2291 1582 2612 1638 conscribit
2664 1581 2990 1653 epistolam,
3035 1583 3107 1637 de
3155 1583 3456 1637 vocatione
3485 1581 3749 1654 gentium

2108 1671 2385 1742 quodque
2417 1671 2791 1726 circumcisio
2812 1671 3005 1726 solum
3024 1671 3097 1726 ad
3129 1676 3360 1742 tempus
3393 1671 3586 1741 posita
3601 1675 3747 1739 erat,

324 1751 459 1802 στοῦ
493 1745 732 1804 λέλυται
763 1749 826 1803 τὸ
857 1749 1206 1826 παράπτωμα
1261 1756 1360 1807 τοῦ
1419 1751 1619 1825 Ἀδὰμ,
1657 1754 1747 1808 καὶ
1781 1755 1816 1822 ἡ
1872 1752 1980 1808 σκιὲ

2107 1765 2247 1816 tunc
2277 1764 2477 1817 autem
2509 1766 2859 1828 cessaverat,
2893 1765 2951 1816 et
2979 1759 3135 1832 quod
3168 1776 3274 1831 per
3303 1760 3598 1814 Christum
3624 1763 3749 1814 erat

321 1841 419 1892 τοῦ
443 1837 635 1910 νόμου
684 1838 956 1914 παρῆλθε.
992 1843 1105 1910 Τὴν
1163 1842 1254 1915 μὲν
1291 1843 1382 1897 οὗν
1413 1841 1612 1912 κλῆσιν
1655 1847 1764 1898 τῶν
1830 1842 1990 1899 ἐθνῶν

325 1925 663 1990 ἆκολοῦθως
735 1930 1122 1999 κατασκευάζει
1202 1931 1400 2002 οὕτως,
1459 1929 1778 1996 ἀποδεικνὺς
1833 1937 1990 1988 πᾶσιν

326 2019 647 2092 ἀνθρώποις
709 2017 952 2098 ἔμφυτον
1009 2023 1147 2079 εἶναι
1202 2024 1294 2080 τὸν
1340 2022 1539 2098 νόμον,
1613 2023 1704 2079 καὶ
1782 2025 1989 2085 πάντας

335 2106 605 2182 ἆδιδάκτῳ
639 2130 702 2164 τε
741 2113 812 2184 τῇ
860 2111 1037 2190 φύσει,
1085 2113 1176 2167 καὶ
1233 2111 1325 2168 ἀπ’
1383 2114 1555 2184 αὐτῆς
1608 2121 1709 2184 τῆς
1761 2113 1988 2178 κτίσεως

343 2193 580 2262 ὂῦνασθαι
625 2201 925 2275 γινώσκειν
981 2202 1072 2256 τὸν
1127 2203 1280 2259 Θεόν.
1339 2203 1434 2258 Διὸ
1488 2204 1580 2258 καὶ
1639 2201 1861 2266 εῗκότως
1911 2202 1989 2258 αἶ’·

341 2291 509 2341 τιᾶτσι
538 2292 758 2361 πρῶτον
789 2288 1093 2361 Ἕλληνας,
1152 2290 1225 2354 ὡς
1283 2291 1379 2364 μὲν
1436 2296 1534 2346 τοῦ
1564 2295 1699 2348 Θεοῦ
1754 2291 1990 2369 φανερώ-

342 2393 522 2436 σαντες
550 2377 753 2435 αὐτοῖς
829 2377 890 2431 ἐκ
935 2382 1042 2432 τῶν
1101 2378 1426 2452 ποιημάτων
1480 2384 1578 2435 τοῦ
1623 2379 1833 2452 κόσμου
1886 2380 1984 2447 τὴν

332 2465 447 2539 περὲ
477 2466 680 2520 ἑαυτοῦ
715 2469 920 2540 γνῶσιν
947 2468 1038 2521 καὶ
1085 2475 1184 2538 τῆς
1246 2465 1424 2524 ἀϊδίου
1458 2467 1742 2543 δυνάμεως
1799 2467 1987 2538 αὐτοῦ,

325 2553 445 2625 ἥτις
477 2555 631 2612 ἐστὶν
662 2557 694 2611 ὁ
726 2555 894 2632 λόγος
925 2556 1111 2630 αὐτοῦ,
1139 2558 1190 2614 ἐν
1251 2559 1296 2632 ᾧ
1348 2571 1439 2614 και
1497 2557 1566 2615 δι’
1609 2561 1669 2615 οὗ
1697 2559 1763 2615 τὰ
1819 2559 1986 2614 πάντα

320 2646 654 2714 πεποίηκεν,
719 2645 919 2708 αὐτοὺς
985 2643 1064 2716 δὲ,
1125 2649 1201 2722 μή
1257 2647 1540 2725 ἐγνωκέναι
1603 2649 1698 2724 μὶν
1755 2648 1817 2704 ἐκ
1881 2654 1987 2705 τῶν

314 2735 644 2808 κτισμάτων
677 2734 818 2791 εἶναι
852 2734 980 2792 Θεὸν
1015 2737 1106 2792 τὸν
1138 2739 1348 2794 τούτων
1404 2740 1775 2817 Δημιουργὸν,
1806 2739 1873 2796 τά
1930 2737 1988 2794 δε

311 2829 619 2899 ποιήματα
663 2827 1120 2895 θεοποιήσαντας,
1183 2828 1272 2882 καὶ
1327 2831 1396 2902 τῇ
1452 2827 1620 2884 κτίσει
1681 2825 1894 2901 μᾶλλον
1950 2828 1985 2898 ἥ

309 2914 470 2985 αὐτῷ
500 2911 939 2985 λατρεύσαντας.
972 2911 1219 2970 Αίτιᾶται
1278 2912 1336 2969 δὲ
1397 2915 1486 2970 καὶ
1536 2913 1852 2982 Ἰουδαίους,
1912 2916 1988 2978 ὡς

321 3004 402 3074 μὴ
437 3001 789 3082 φυλάξαντας
819 3001 909 3056 τὸν
946 3001 1137 3075 νόμον,
1170 3001 1316 3058 ἀλλᾶ
1370 3005 1460 3058 καὶ
1517 3005 1730 3060 πᾶλΛον
1771 3002 1860 3060 διὰ
1887 3012 1987 3074 τῆς

322 3087 697 3165 παραϐάσεως
729 3096 828 3148 τοῦ
857 3093 1052 3165 νόμου,
1107 3093 1200 3148 τὸν
1261 3095 1390 3149 Θεὸν
1442 3094 1825 3168 άτιμάσαντας.
1876 3095 1979 3152 Καὶ

2099 1851 2360 1908 deletum
2377 1851 2518 1907 Adaa
2536 1857 2868 1922 peccatum,
2890 1851 3220 1922 umbraque
3243 1850 3389 1922 legis
3407 1851 3746 1907 transierat.

2095 1943 2472 1998 Vocationem
2504 1943 2704 2014 itaque
2737 1943 3004 2015 gentium
3035 1947 3473 2013 consequenter
3505 1941 3590 1995 ita
3611 1957 3748 1996 con-

2094 2033 2310 2099 firmat,
2337 2030 2660 2087 ostendens
2679 2033 2907 2086 cunctis
2928 2031 3270 2086 hominibus
3303 2031 3594 2086 consitam
3618 2047 3747 2086 esse

2092 2121 2304 2193 legem,
2355 2137 2682 2192 omnesque
2729 2127 2787 2176 et
2819 2127 3032 2177 natura
3062 2121 3242 2176 rudes
3273 2137 3424 2188 esse,
3458 2127 3515 2174 et
3546 2125 3744 2175 tamen

2093 2211 2164 2266 ab
2180 2211 2326 2282 ipsis
2340 2211 2626 2266 creaturis
2639 2228 2811 2282 posse
2826 2213 3008 2266 Deum
3034 2227 3408 2283 cognoscere.
3425 2212 3745 2281 Propterea

2091 2300 2305 2354 merito
2335 2300 2545 2372 arguit,
2580 2301 2839 2371 primum
2873 2300 3112 2370 quidem
3141 2302 3396 2364 Graecos,
3427 2300 3583 2370 quod
3608 2316 3741 2354 cum

2092 2387 2213 2443 illis
2244 2389 2397 2443 Deus
2431 2404 2500 2442 ex
2527 2389 2814 2443 creaturis
2841 2388 3068 2454 mundi,
3113 2389 3201 2443 sui
3233 2389 3420 2458 ipsius
3451 2389 3742 2459 cognitio-

2092 2493 2231 2532 nem
2262 2475 2720 2542 manifestasset,
2767 2492 3053 2546 suamque
3099 2475 3375 2530 virtutem
3432 2481 3739 2543 aeternam,

2093 2584 2222 2639 qua
2256 2572 2346 2622 est
2377 2566 2632 2622 Verbum
2679 2566 2831 2638 ejus,
2882 2567 2943 2621 in
2977 2583 3092 2636 quo
3115 2572 3173 2621 et
3201 2582 3308 2638 per
3338 2581 3514 2635 quem
3542 2567 3743 2620 omnia

2092 2657 2330 2724 creavit,
2375 2656 2464 2711 illi
2513 2662 2709 2712 tamen
2755 2672 2789 2711 ει
2840 2655 3127 2712 creaturis
3186 2673 3304 2712 non
3349 2661 3743 2727 cognoverant

2093 2747 2299 2814 Deum,
2352 2746 2452 2817 qui
2505 2746 2619 2801 ista
2664 2745 3020 2801 formaverat
3062 2746 3166 2801 sed
3222 2746 3381 2816 ipsas
3441 2749 3741 2801 creaturas

2092 2833 2234 2892 deos
2255 2835 2540 2903 fecerant,
2565 2851 2633 2891 ac
2655 2835 3321 2901 coluerant,creaturam
3335 2834 3530 2905 potius
3561 2850 3739 2904 quam

2092 2924 2448 2980 Creatorem.
2483 2925 2690 2997 Arguit
2724 2931 2923 2979 autem
2955 2931 3014 2978 et
3060 2924 3293 2979 Judaeos
3323 2929 3388 2978 ut
3422 2924 3522 2994 qui
3546 2923 3735 2994 legem

2093 3029 2213 3068 non
2229 3019 2579 3078 servassent,
2597 3014 2699 3067 sed
2715 3013 2976 3084 perlegis
2992 3013 3525 3083 transgressionem
3550 3014 3732 3067 Deum

2093 3101 2580 3156 inhonorassent:
2599 3107 2655 3154 et
2672 3101 2752 3154 ita
2765 3107 3048 3170 utrosque
3064 3100 3432 3154 tumJudaeos
3449 3106 3571 3154 tum
3587 3102 3738 3154 Grae-

333 3160 511 3239 οτὸτως
540 3180 816 3258 ἆμοότερα
843 3160 1175 3255 τὰϋμὲγιστα
1208 3179 1509 3245 Ἰουδαίους
1535 3160 1546 3168 .
1565 3183 1655 3238 καὶ
1701 3183 1978 3252 Ἕλληνας

2092 3207 2191 3245 cos
2223 3191 2475 3245 maxime
2519 3191 2771 3245 convicit
2817 3207 2884 3245 ac
2935 3191 3420 3263 transgressionis
3458 3196 3733 3245 accusat:

343 3265 621 3338 συγκλείει
663 3267 748 3320 καὶ
792 3266 1018 3347 ἐλέγχει
1077 3268 1164 3323 ἐπὶ
1192 3270 1525 3344 παρανομίᾳ,
1551 3267 1642 3324 ’ίνα
1690 3268 1838 3346 δείξῃ
1899 3273 1980 3326 ὅτι

349 3351 472 3407 ὅσοι
503 3354 770 3426 γενόμενοι
798 3356 844 3410 οἷ
876 3356 1097 3426 πάντες,
1147 3356 1340 3428 ἐπίσης
1385 3359 1460 3423 ὡς
1520 3359 1830 3423 ὑπεύθυνοι,
1885 3364 1982 3414 τοῦ

342 3440 717 3517 λυτρουμένου
745 3442 970 3501 δέονται.
1007 3449 1118 3516 Τῆς
1148 3443 1205 3503 δὲ
1232 3456 1458 3523 χάριτος
1517 3447 1605 3503 καὶ
1655 3446 1980 3522 λυτρώσεως

336 3531 530 3601 ἐπίσης
560 3539 677 3595 τοῖς
723 3533 1008 3597 Ἰουδαίοις
1066 3538 1366 3612 γενομένης
1423 3538 1514 3592 καὶ
1562 3537 1650 3592 ἐπὶ
1705 3538 1771 3594 τὰ
1828 3536 1976 3609 ἔθνη,

336 3620 554 3683 εἰκότως
584 3623 670 3676 καὶ
733 3625 768 3693 ἡ
831 3622 1028 3693 κλῆσις
1085 3624 1272 3700 γέγονε
1326 3631 1433 3681 τῶν
1495 3626 1675 3690 ἐθνῶν·
1755 3630 1870 3696 Tit-7
1923 3624 1980 3682 δὲ

336 3708 578 3779 κλήσεως
634 3716 745 3767 τῶν
795 3712 960 3776 ἐθνῶν
1021 3713 1335 3788 γενομένης,
1399 3715 1447 3786 ἐξ
1508 3716 1744 3791 ἀνάγκης
1780 3717 1979 3771 πέπαυ-

331 3803 466 3869 ταιὴ
534 3804 839 3875 περιτομὴ,
900 3802 990 3857 καὶ
1043 3805 1077 3872 ἠ
1128 3803 1182 3858 ἐν
1237 3808 1317 3876 τῷ
1371 3804 1529 3876 νόμῳ
1584 3806 1725 3861 σκιά.
1759 3806 1814 3859 Ὀ
1871 3807 1975 3880 γὰρ

323 3883 571 3962 Ἀϐραμ,
609 3890 798 3966 φησὶν,
835 3891 932 3946 οὐκ
958 3892 1009 3946 ἐν
1033 3897 1331 3966 περιτομῇ,
1359 3891 1504 3948 ἀλλᾶ
1533 3895 1638 3968 πρὸ
1665 3897 1765 3959 τῆς
1824 3915 1974 3970 περι.

312 3984 496 4048 τομῆς
555 3976 896 4048 δικαιωθείς,
955 3981 1352 4054 μετωνομάσθη
1417 3982 1511 4054 μὲν
1570 3978 1841 4056 Ἀϐραὰμ,
1892 3983 1974 4039 ὅτι

309 4068 497 4142 πατὴρ
520 4065 758 4122 πολλῶν
792 4068 952 4123 ἐθνῶν
979 4064 1212 4142 ἔμελλεν
1270 4071 1431 4138 εἶναι,
1485 4072 1621 4125 κατὰ
1665 4074 1760 4142 τήν
1796 4072 1846 4126 ἐν
1905 4077 1974 4147 τῇ

309 4151 667 4226 ἀκροϐυστίᾳ
700 4158 903 4215 πίστιν.
950 4154 1158 4216 Ἕλαϐε
1215 4158 1270 4215 δὲ
1336 4159 1470 4233 μετὰ
1524 4159 1586 4214 τὸ
1619 4157 1973 4232 δικαιωθῆναι

310 4248 406 4301 καὶ
461 4247 568 4312 τήν
639 4249 945 4320 περιτομήν
997 4247 1049 4302 ἐν
1110 4248 1290 4323 σαρκὶ,
1349 4249 1441 4303 ’Ξνα
1500 4254 1726 4320 σημεῖον
1859 4257 1972 4314 τοῖς

313 4337 459 4392 κατὰ
493 4336 672 4409 σάρκα
725 4335 1085 4410 γεννωμένοις
1141 4339 1191 4409 ἐξ
1251 4337 1434 4406 αὐτοῦ,
1493 4337 1785 4401 παύσεσθαί
1840 4361 1975 4396 ποτε

310 4426 416 4492 τῆν
483 4427 820 4498 περιτομήν,
882 4425 1006 4481 ὅταν
1061 4427 1125 4482 τὰ
1189 4424 1310 4498 ἔθνη
1393 4427 1616 4501 γένηται
1672 4429 1825 4482 τέκνα
1877 4433 1974 4484 τοῦ

2086 3285 2152 3334 ut
2180 3279 2454 3335 ostendat
2497 3280 2656 3351 quod
2690 3280 3031 3352 quicunque
3080 3281 3201 3334 nati
3236 3284 3392 3346 sunt,
3427 3297 3634 3336 omnes
3667 3296 3736 3335 ex

2087 3385 2256 3439 aequo
2290 3374 2500 3440 egeant
2543 3369 2955 3440 Redemptore,
3007 3375 3210 3441 utpote
3247 3368 3520 3425 obnoxii:
3548 3370 3735 3437 gratia

2083 3474 2217 3513 vero
2249 3463 2308 3513 et
2327 3458 2736 3530 redemptione
2757 3459 3338 3532 Judaaisacgentibus
3366 3476 3433 3514 ex
3453 3477 3621 3531 inquo
3644 3460 3729 3515 fa-

2084 3553 2194 3615 cta,
2227 3548 2439 3603 merito
2471 3549 2648 3603 etiam
2698 3549 2962 3621 gentium
3002 3549 3156 3604 facta
3204 3549 3280 3603 sit
3308 3549 3730 3604 vocatiozfacta

2083 3642 2281 3692 autem
2309 3637 2574 3709 gentium
2601 3637 2927 3701 vocatione,
2974 3640 3308 3694 necessario
3339 3639 3588 3693 cessavit
3614 3639 3726 3692 cir-

2082 3725 2365 3780 cumcisio
2397 3742 2464 3780 ac
2496 3726 2706 3780 umbra
2737 3743 2868 3796 qua)
2901 3726 2961 3780 in
2993 3727 3119 3798 lege
3153 3733 3294 3781 erat.
3329 3726 3546 3780 Abram
3567 3727 3726 3779 enim

2081 3831 2199 3869 non
2225 3801 2299 3868 in
2319 3814 3130 3884 circumcisione,inquit,sed
3163 3820 3297 3869 ante
3331 3813 3727 3867 circumcisio-

2081 3918 2218 3957 nem
2243 3903 2899 3972 justiﬁcatus,nominis
2918 3904 3410 3957 transmutatione
3431 3903 3621 3956 dictus
3641 3907 3728 3956 est

2080 3992 2398 4054 Abraham,
2433 3991 2591 4061 quod
2623 3997 2790 4061 pater
2829 3992 3146 4047 multarum
3182 3993 3444 4065 gentium
3491 3993 3725 4048 futurus

2081 4086 2258 4147 esset,
2277 4080 2602 4136 secundum
2619 4081 2794 4134 fidem
2821 4097 2996 4151 quam
3021 4082 3082 4135 in
3096 4082 3384 4153 praeputio
3412 4082 3721 4137 habuerat.

2080 4169 2341 4240 Sumpsit
2369 4174 2567 4224 autem
2599 4169 3286 4240 postquamjustiﬁcatus
3301 4177 3391 4225 est
3420 4171 3725 4225 circumci-

2080 4259 2308 4314 sionem
2363 4259 2423 4312 in
2456 4275 2652 4326 carne,
2696 4263 2761 4313 ut
2805 4259 3038 4327 signum
3069 4265 3224 4314 esset
3259 4259 3351 4313 his
3382 4259 3481 4329 qui
3510 4275 3720 4314 secun-

2079 4349 2222 4404 dum
2255 4365 2493 4403 carnem
2527 4349 2599 4404 ab
2633 4365 2699 4404 eo
2733 4353 3727 4421 propagarentur.Cessaturumau-

2080 4443 2199 4494 tem
2234 4444 2371 4493 tunc
2418 4439 2564 4494 dicit
2616 4440 3154 4504 circumcisionem,
3207 4456 3338 4494 cum
3370 4445 3576 4512 gentes
3620 4439 3726 4494 ﬁlii

315 4509 604 4587 Ἀϐραάμ,
663 4514 930 4588 ἀρξάμενα
994 4513 1376 4580 πολιτεύεσθαι
1431 4517 1566 4570 κατά
1643 4517 1742 4585 τὴν
1793 4518 1972 4572 πίστιν

2089 4528 2304 4583 fuerint
2332 4528 2603 4595 Abrahae,
2628 4545 2881 4599 quorum
2914 4529 3042 4600 jam
3073 4534 3331 4599 coeperat
3359 4509 3724 4583 conversatio

314 4607 417 4658 τοῦ
448 4598 732 4677 Ἀϐρααμ,
769 4602 820 4658 ἐν
919 4601 1213 4674 ἐδικαιώθη
1265 4603 1355 4660 ὅτε
1411 4605 1476 4674 ἦν
1506 4605 1560 4660 ἐν
1618 4601 1968 4682 ἀκροϐυστίᾳ.

313 4691 541 4748 Τούτων
573 4693 675 4767 γαρ
711 4692 872 4768 χάριν
915 4693 1309 4767 μετωνομάσθη
1344 4688 1619 4770 Ἀϐραὰμ.

393 4871 628 4947 Ἀνάγκη
667 4866 743 4940 δὲ,
777 4867 1048 4934 ἐλθόντων
1106 4875 1214 4927 τῶν
1275 4873 1712 4947 σημαινομένων,
1758 4873 1967 4929 παύσα-

330 4963 506 5016 σασθαι
563 4961 625 5015 τὸ
681 4965 970 5034 σημαῖνον.
1031 4961 1091 5016 Εἰ
1155 4961 1249 5034 μὲν
1310 4961 1401 5015 οὗν
1439 4961 1506 5016 τὰ
1554 4958 1678 5032 ἔθνη
1736 4962 1968 5038 ἀναγκά-

323 5056 469 5119 ζουσι
501 5050 946 5127 περιτέμνεσθαι,
998 5051 1312 5105 παυέτωσαν
1375 5052 1464 5104 καὶ
1517 5051 1580 5106 τὸ
1641 5047 1818 5123 ὄνομα
1870 5057 1967 5108 τοῦ

316 5137 594 5216 Ἀϐραὰμ,
654 5141 746 5195 καὶ
805 5138 1076 5194 καλείσθω
1142 5135 1384 5213 Ἀϐραμ.
1451 5139 1515 5196 Εἰ
1603 5137 1659 5196 δὲ
1717 5139 1966 5216 Ἀϐραάμ

319 5233 457 5309 παρᾶ
489 5237 624 5289 Θεοῦ
682 5231 1113 5306 μετωνομάσθη,
1173 5231 1237 5286 οὗ
1299 5229 1381 5286 δεῖ
1428 5233 1842 5306 περιτέμνεσθαι
1899 5233 1966 5288 τὰ

317 5321 457 5394 ἔθνη,
489 5322 620 5380 ἀλλ’
659 5319 789 5377 οὐδὲ
855 5317 1048 5380 αὐτοὺς
1096 5314 1174 5374 ἔτι
1221 5321 1348 5382 τοὺς
1407 5321 1541 5375 κατὰ
1598 5322 1767 5394 σάρκα
1825 5323 1963 5378 Ἰου-

314 5410 503 5482 δαίους,
541 5413 700 5485 ἴναῇ
755 5409 822 5465 τὸ
879 5404 1051 5480 ὄνομα
1103 5403 1346 5483 βέϐαιον,
1406 5409 1493 5464 καὶ
1551 5411 1732 5484 πατὴρ
1793 5409 1959 5475 ἐθνῶν

305 5504 514 5563 πολλῶν
564 5503 842 5572 καλῆται.
875 5495 979 5552 Καὶ
1004 5497 1105 5572 γὰρ
1161 5497 1222 5551 οὔ
1257 5498 1444 5572 χρείαν
1476 5494 1594 5574 ἔχει
1620 5498 1816 5555 λοιπόν
1877 5522 1959 5563 τις

298 5599 727 5673 περιτέμνεσθαι,
765 5584 1114 5664 ἀρκούμενος
1166 5588 1234 5659 τῇ
1293 5587 1468 5642 πίστει
1526 5592 1622 5642 τοῦ
1682 5583 1955 5663 Ἀϐραὰμ,

291 5687 396 5748 οὖδὲ
426 5671 529 5762 τῆς
563 5682 762 5755 ἄλλης
835 5671 894 5732 δὲ
951 5680 1051 5744 τῆς
1109 5673 1162 5730 ἂν
1218 5675 1372 5752 νόμῳ
1414 5680 1584 5742 σκιᾶς.
1619 5677 1695 5734 Οὐ
1751 5679 1851 5759 γὰρ
1895 5677 1957 5735 ἐκ

2083 4616 2145 4671 in
2176 4616 2292 4671 ﬁde
2323 4617 2471 4671 I97
2509 4617 2829 4682 Abraham,
2864 4618 2925 4671 in
2958 4617 3456 4688 quajustificatus
3485 4623 3574 4672 est
3591 4635 3726 4674 cum

2083 4711 2239 4760 esset
2263 4706 2324 4760 in
2355 4707 2680 4777 praeputio:
2714 4706 2847 4760 ideo
2875 4707 3033 4762 enim
3067 4711 3458 4764 transmutata
3481 4709 3724 4766 nomine

2081 4795 2272 4851 dictus
2304 4802 2393 4851 est
2427 4796 2744 4851 Abraham.

2149 4887 2399 4941 Necesse
2431 4890 2520 4940 est
2548 4890 2746 4940 autem
2761 4884 3216 4943 succedentibus
3239 4889 3722 4963 significatisces-

2079 4989 2208 5028 sare
2243 4972 2560 5045 signum.Si
2595 4989 2730 5045 ergo
2762 4975 2972 5044 gentds
2987 4991 3230 5031 necesse
3253 4977 3723 5039 estcircumcidi,

2077 5067 2268 5118 cesset
2297 5067 2356 5117 et
2383 5078 2602 5117 nomen
2633 5061 2952 5131 Abraham,
3007 5071 3361 5136 voceturque
3407 5066 3622 5122 Abram
3644 5081 3657 5120 :
3677 5066 3722 5120 si

2074 5167 2208 5205 vero
2239 5150 2532 5205 Abraham
2563 5167 2597 5205 a
2628 5152 2745 5207 Deo
2773 5154 3035 5208 nominis
3067 5155 3392 5210 mutatione
3409 5155 3599 5208 dictus
3615 5159 3722 5220 est,

2076 5256 2194 5294 non
2227 5256 2374 5311 opus
2405 5244 2495 5295 est
2540 5247 2713 5311 gente
2759 5242 3104 5298 circumcidi
3133 5262 3144 5297 :
3178 5245 3294 5298 imo
3326 5259 3518 5312 neque
3551 5242 3722 5297 dein-

2074 5343 2216 5398 ceps
2247 5342 2347 5381 eos
2378 5328 2478 5398 qui
2510 5327 2694 5383 Judaei
2727 5332 3208 5386 suntsecundum
3241 5347 3480 5385 carnem
3508 5349 3521 5385 :
3552 5337 3615 5384 ut
3646 5333 3722 5387 sit

2072 5432 2293 5471 nomen
2322 5417 2562 5472 ﬁrmum
2585 5423 2644 5471 et
2670 5419 3172 5488 patermultarum
3203 5420 3468 5493 gentium
3496 5438 3717 5476 nuncu-

2069 5511 2261 5578 petur.
2296 5507 2530 5560 Etenim
2561 5523 2681 5562 non
2729 5523 2973 5562 necesse
3023 5514 3132 5577 est,
3165 5515 3230 5564 ut
3261 5510 3392 5581 quis
3433 5511 3714 5583 deinceps

2069 5594 2829 5662 circumcidatur,cumillis
2857 5596 3275 5656 sufficiatﬁdes
3299 5599 3575 5656 Abrahae:
3603 5616 3712 5656 nec

2069 5687 2137 5740 ut
2170 5683 2443 5742 observet
2469 5683 2649 5742 aliam
2674 5685 2821 5759 legis
2865 5685 3158 5746 umbram.
3184 5692 3310 5747 Non
3336 5691 3498 5746 enim
3528 5705 3600 5745 ex
3619 5688 3714 5746 hi-
