4112 6250
437 321 554 382 319

1417 311 1830 372 COMMENT.
1879 312 1959 371 IN
2005 310 2212 372 ACTA
2255 311 2866 377 APOSTOLORUM.

3724 319 3827 380 320

440 451 544 510 sed
559 469 626 507 ex
643 450 756 507 fide
771 449 1136 522 justiﬁcatur
1163 447 1482 520 quispiam,
1508 443 2014 517 quemadmodum
2033 449 2090 500 et

2213 443 2434 512 ιοῦτων,
2503 442 2631 500 ἀλλ’
2687 445 2746 500 ὲκ
2791 444 3028 509 πίστεως
3087 444 3398 503 δικαιοῦται
3455 466 3559 516 τις,
3615 448 3832 524 καθάπερ

441 543 870 601 ΑδνδὴᾶῐῐιΉίε
893 543 975 596 ita
997 536 1656 596 confirmatisostendit
1679 552 1912 590 rursum
1937 534 2092 605 quod

445 633 618 689 aliter
649 632 775 687 ﬁeri
811 635 1070 701 nequeat
1091 627 1418 699 redemptio
1450 632 1551 680 aut
1579 623 2094 698 gratialsraelivel

448 722 742 796 gentibus,
777 721 890 775 nisi
928 720 1187 775 solvatur
1207 731 1368 772 vetus
1403 715 1533 770 Adae
1575 719 1902 786 peccatum.
1937 713 2096 785 quod

447 814 522 871 ad
543 829 752 868 omnes
803 810 1148 866 dimanavit.
1188 811 1298 863 Per
1327 807 1502 862 alium
1532 812 1730 861 autem
1763 821 1881 860 non
1921 820 2095 876 posse

447 903 634 959 deleri
660 903 805 956 dicit
822 901 935 955 nisi
957 917 1062 971 per
1082 899 1379 953 Christum
1395 897 1712 967 Deum,per
1725 910 1900 964 quem
1919 894 2096 948 etiam

451 1011 484 1050 a
515 991 974 1064 principiofacta
989 995 1078 1044 est
1103 987 1442 1043 maledictio
1469 1004 1481 1041 :
1517 1001 1710 1055 neque
1725 985 1882 1040 enim
1900 988 2102 1055 posset

457 1084 610 1140 alius
645 1081 868 1136 solvere
901 1085 1229 1151 peccatum.
1287 1075 1509 1131 Deinde
1553 1074 1763 1129 scribit
1801 1072 1957 1144 quod
1989 1073 2100 1128 hoc

456 1173 628 1228 aliter
660 1188 779 1226 non
815 1171 917 1225 fiat
945 1169 1057 1224 nisi
1093 1167 1276 1222 Filius
1311 1167 1408 1220 Dei
1432 1181 1646 1236 corpus
1679 1163 1981 1227 induat,ac
2000 1163 2103 1216 ﬁat

456 1263 631 1316 homo
661 1278 672 1314 :
715 1266 935 1314 utcum
968 1257 1118 1312 illud
1148 1274 1252 1328 pro
1285 1255 1562 1310 omnibus
1585 1253 2101 1314 obtulerit.omnes

456 1368 490 1407 a
521 1355 707 1405 morte
739 1349 988 1404 liberet:
1023 1347 1251 1402 etsicut
1280 1362 1385 1416 per
1415 1362 1549 1400 eum
1568 1343 1872 1399 hominem
1903 1358 2103 1414 pecca-

457 1446 579 1495 tum
606 1441 664 1493 in
688 1435 1367 1501 mundumintroivit,ita
1395 1439 1571 1507 etper
1590 1450 1776 1489 unum
1799 1433 2104 1488 hominem

454 1529 642 1600 gratia
672 1527 968 1583 succedat.
1001 1524 1261 1581 Tandem
1285 1541 1448 1579 more
1497 1523 1665 1596 probi
1691 1521 1982 1578 ceconomi
2002 1522 2101 1576 Ju-

457 1617 616 1672 dueos
648 1615 888 1688 quidem
920 1613 1282 1681 consolatur,
1310 1613 1547 1667 dicens:
1590 1614 1761 1666 «Non
1793 1611 1935 1666 estis
1958 1610 2103 1682 legis

461 1711 932 1778 transgressores
964 1703 1012 1757 si
1043 1704 1106 1758 in
1155 1701 1453 1757 Christum
1485 1700 1856 1756 credideritis
1894 1715 1908 1765 ;
1937 1718 1964 1746 ι
2003 1715 2104 1754 eos

457 1814 591 1852 vero
625 1798 725 1866 qui
759 1813 792 1851 a
821 1796 1095 1868 gentibus
1143 1793 1546 1857 crediderunt,
1579 1793 1862 1848 admonet
1889 1808 1963 1847 ne
1995 1808 2103 1846 ex-

2213 1785 2511 1849 Ἰουδαίους
2572 1787 2996 1860 παραμυθεῖται,
3035 1787 3118 1840 ὅτι
3176 1810 3205 1836 ‹‹

453 1886 741 1942 tollantur
769 1884 1049 1940 adversus
1071 1882 1484 1940 Israelem.sed
1513 1887 1835 1954 agnoscant
1855 1881 2013 1953 quod
2035 1885 2102 1936 ut

454 1976 606 2031 rami
642 1991 820 2045 super
858 1973 1142 2040 radicem,
1177 1975 1259 2028 ita
1289 1978 1347 2027 et
1370 1973 1480 2043 ipsi
1517 1989 1694 2043 super
1724 1971 1858 2026 illos
1888 1971 2096 2026 inserti

456 2063 593 2118 sint.
620 2065 759 2117 Post
789 2063 914 2117 haec
945 2068 1142 2117 autem
1173 2062 1274 2116 ubi
1306 2061 1642 2117 monitoriis
1673 2061 1863 2116 verbis
1893 2078 1993 2117 eos
2028 2061 2100 2117 de

453 2153 720 2208 moribus
743 2152 995 2222 edocuit,
1030 2153 1340 2224 epistolam
1383 2152 1705 2208 concludit.

540 2722 693 2779 198
733 2725 1093 2780 EPISTOLxE
1129 2727 1232 2780 AD
1270 2724 1605 2780 ROMANOS
1647 2723 2002 2778 CAPITULA

466 2889 513 2938 1.
549 2884 886 2952 Evangelica
915 2884 1172 2939 doctrina
1200 2885 1266 2938 de
1296 2885 1380 2939 his
1425 2885 1524 2953 qui
1552 2891 1715 2938 extra
1745 2883 1947 2939 Christi
1975 2901 2109 2955 gra-

596 2975 730 3028 tiam
771 2975 983 3040 vivunt,
1017 2980 1067 3028 et
1115 2974 1182 3028 de
1238 2974 1322 3029 his
1364 2975 1464 3045 qui
1490 2976 1548 3028 in
1576 2975 1794 3043 gratia:
1827 2990 1891 3029 ac
1921 2974 1987 3029 de
2018 2990 2113 3044 spe

602 3065 992 3135 spiritualique
1021 3067 1446 3122 conversatione.

457 3157 513 3210 2.
557 3155 632 3209 De
680 3154 921 3224 judicio,
982 3154 1131 3224 quod
1183 3157 1368 3223 fertur
1423 3155 1678 3210 adversus
1734 3161 1938 3224 gentes,
1997 3169 2106 3209 non

603 3250 880 3298 servantes
908 3259 971 3297 ea
1002 3259 1123 3314 quae
1149 3259 1184 3298 a
1214 3250 1422 3298 natura
1459 3249 1605 3300 sunt.

2129 2557 2198 2569 ψ

2201 534 2292 589 καὶ
2349 536 2377 590 ὁ
2429 530 2698 610 Ἀϐραάμ.
2755 539 2940 594 Ταῦτα
2997 535 3171 596 οῧτως
3221 539 3662 608 κατασκευάσας,
3715 539 3835 595 ἀπο-

2203 622 2434 681 δείκνυσι
2455 624 2619 681 πάλιν
2661 625 2746 682 ὅτι
2795 625 2985 689 ἅλλῶς
3044 627 3143 682 οὐκ
3199 627 3262 682 ἄν
3327 625 3540 704 γὲνοιτο
3597 627 3843 704 λύτρωσις

2201 715 2292 769 καὶ
2324 716 2489 792 χάρις
2515 719 2612 770 τοῦ
2641 715 2863 790 Ἰσραὴλ
2884 715 2974 770 καὶ
3007 722 3122 778 τοῖς
3182 714 3420 784 ἔθνεσιν,
3477 715 3522 770 εἷ
3587 719 3658 790 μὴ
3712 718 3834 794 λυθῇ

2203 804 2472 884 ἡάρχαία
2503 805 2742 880 ἁμαρτία
2799 810 2895 860 τοῦ
2953 803 3149 880 Ἀδὰμ,
3207 810 3244 876 ἡ
3312 807 3394 871 εἷς
3446 808 3649 869 πάντας
3704 831 3844 884 γενο-

2209 893 2368 969 μένη.
2399 900 2475 949 Δι’
2505 893 2680 950 ἄλλου
2719 891 2776 950 δὲ
2827 895 3028 964 ταύτην
3087 899 3160 968 μή
3221 893 3492 959 δύνασθαι
3551 895 3842 977 ἐξαλειφθῆ-

2204 983 2290 1037 ναί
2317 1003 2504 1062 φησιν,
2537 981 2663 1038 ἀλλ’
2691 981 2728 1051 ἤ
2771 980 2859 1038 διὰ
2897 984 3132 1057 Χριστοῦ
3180 984 3277 1038 τοῦ
3337 985 3500 1053 Θεοῦ,
3559 982 3626 1039 δι’
3657 985 3715 1039 οὗ
3766 988 3847 1041 καὶ

2207 1071 2257 1142 is
2289 1071 2469 1146 ἀρχῆς
2495 1072 2703 1146 κατάρα
2733 1072 2964 1146 γέγονεν.
2993 1073 3070 1130 Οὐ
3112 1073 3214 1148 γὰρ
3278 1071 3509 1128 δυνατὸν
3569 1073 3659 1142 ἦν,
3690 1072 3840 1129 ἄλλον

2206 1159 2364 1216 λῦσαι
2395 1159 2458 1216 τὸ
2489 1164 2860 1234 παράπτωμα.
2895 1162 3030 1217 Εἶτα
3059 1163 3249 1237 γράφει
3310 1161 3398 1216 δτι
3462 1160 3653 1223 ἄλλως
3702 1167 3844 1218 τοῦτο

2209 1252 2270 1306 οὐ
2305 1253 2379 1324 μή
2415 1251 2656 1328 γένηται,
2689 1250 2734 1305 εἰ
2770 1253 2845 1323 μή
2882 1256 3042 1324 σῶμα
3073 1252 3273 1327 φορέσῃ
3313 1252 3341 1306 ὁ
3397 1253 3524 1313 Υἱὸς
3553 1256 3650 1307 τοῦ
3703 1257 3846 1323 Θεοῦ,

2206 1340 2296 1396 καὶ
2325 1340 2542 1416 γένητᾶι
2573 1338 2874 1414 ἅνθρωπος,
2931 1339 3023 1395 τίνα
3080 1345 3239 1396 τοῦτο
3304 1343 3676 1416 προσενέγκας
3732 1342 3844 1418 ὑπὲρ

2208 1431 2447 1497 πάντων,
2478 1431 2607 1492 τοὺς
2663 1429 2862 1491 πάντας
2916 1429 3253 1504 ἐλευθερώσῃ
3317 1430 3430 1485 ἀπὸ
3487 1435 3587 1485 τοῦ
3621 1432 3846 1494 θανάτου.

2210 1520 2313 1579 Καὶ
2346 1519 2530 1594 ὥσπερ
2560 1518 2630 1575 δι’
2663 1520 2780 1580 ἑνὸς
2811 1519 3098 1593 ἀνθρώπου
3131 1522 3167 1587 ἡ
3201 1519 3450 1594 ἁμαρτία
3497 1519 3575 1581 εἷς
3643 1520 3729 1574 τὸν
3774 1524 3851 1575 κο-

2212 1631 2349 1685 σμον
2379 1608 2653 1678 εἰσῆλθεν,
2679 1606 2852 1669 οὕτως
2873 1607 2963 1662 καὶ
2997 1605 3068 1662 δι’
3100 1607 3217 1669 ἑνὸς
3247 1608 3548 1683 ἀνθρώπου
3607 1611 3642 1677 ἡ
3704 1610 3847 1684 χάρις

2210 1698 2452 1775 γενηται.
2488 1697 2590 1754 Καὶ
2622 1695 2817 1751 λοιπὸν
2867 1696 2941 1757 ὼς
2973 1694 3144 1757 καλὸς
3203 1695 3532 1768 οἰκονόμος,
3585 1696 3710 1757 τοὺς
3767 1698 3847 1769 μὶν

3265 1787 3347 1842 Οὐ
3411 1780 3723 1860 παραϐάται
3775 1786 3849 1860 γί-

2207 1888 2360 1942 νεσθε
2387 1881 2484 1931 τοῦ
2509 1877 2705 1947 νόμου,
2737 1874 2824 1928 ἐᾶν
2887 1873 2960 1936 εῗς
3009 1874 3100 1929 τὸν
3158 1875 3398 1948 Χριστὸν
3453 1874 3790 1942 πιστεύσητε.
3821 1897 3842 1926 n

2207 1969 2339 2029 Τοῖς
2386 1963 2443 2020 δὲ
2492 1965 2595 2020 ἀπὸ
2650 1968 2758 2018 τῶν
2813 1961 2980 2027 ἐθνῶν
3045 1969 3352 2040 παρεγγυᾷ,
3419 1966 3497 2036 μὴ
3561 1963 3849 2035 ἐπαίρεσθαι

2210 2055 2345 2111 κατᾶ
2401 2059 2496 2110 τοῦ
2555 2054 2800 2129 Ἰσραὴλ,
2850 2051 2997 2108 ἀλλὰ
3055 2055 3344 2130 γινώσκειν
3403 2053 3491 2108 ὅτι
3551 2055 3627 2117 ὡς
3672 2049 3852 2113 κλάδος

2211 2144 2301 2201 ἐπὶ
2351 2147 2450 2214 τὴν
2487 2143 2654 2219 ῥίξαν,
2700 2142 2873 2203 οὕτως
2939 2141 3020 2198 ἐπ’
3076 2141 3313 2207 ἐκείνους
3375 2141 3845 2216 ἐνεκεντρίσθησαν.

2213 2235 2362 2292 Μετᾶ
2389 2231 2446 2289 δὲ
2469 2237 2637 2289 ταῦτα
2667 2233 3079 2306 παραινετικοὺς
3111 2230 3312 2306 λόγους
3355 2237 3436 2294 είς
3504 2233 3570 2286 τὰ
3623 2230 3723 2300 ἢθη
3774 2227 3844 2282 δι-

2218 2322 2398 2398 δάξας,
2427 2321 2635 2380 τελειοῖ
2668 2323 2768 2391 τήν
2797 2320 3114 2392 ἐπιστολήν.

2429 2724 2791 2780 ΚΕΦΑΛΑΙΑ
2852 2725 2989 2780 ΤΗΣ
3045 2725 3228 2781 ΠΡΟΣ
3280 2725 3654 2782 ΡΩΜΑΙΟΥΣ

2823 2796 3245 2852 ΕΙΙΙΣΤΟΛΙῙΣ.

2219 2885 2285 2942 α’.
2319 2881 2666 2960 Εὖαγγελικὴ
2702 2880 3025 2939 διδασκαλία
3064 2885 3188 2960 περί
3216 2906 3275 2959 γε
3326 2890 3444 2940 τῶν
3488 2883 3589 2956 ἔξω
3649 2883 3837 2958 χάριτος

2327 2973 2580 3045 Χριστοῦ,
2613 2972 2702 3026 καὶ
2732 2973 2839 3026 τῶν
2873 2973 2924 3027 ἐν
2958 2975 3170 3050 χάριτι,
3202 2975 3290 3029 καὶ
3333 2974 3469 3050 περὶ
3527 2969 3735 3033 ἐλπίδος
3762 2967 3829 3022 καὶ

2323 3061 2610 3126 πολιτείας
2639 3066 3029 3134 πνευματικῆς.

2220 3153 2284 3227 β’.
2322 3151 2452 3227 Περὶ
2482 3151 2711 3226 κρίσεως
2734 3159 2835 3222 τῆς
2865 3154 3002 3208 κατὰ
3034 3152 3217 3226 ἐθνῶν,
3245 3159 3359 3208 τῶν
3399 3153 3462 3210 οὖ
3492 3147 3842 3228 φυλασσόντων

2321 3243 2390 3297 τὰ
2420 3242 2637 3316 φυσικά.

458 3336 509 3388 3.
555 3333 630 3388 De
663 3333 905 3401 judicio,
957 3334 1106 3403 quod
1148 3337 1331 3401 fertur
1379 3337 1635 3391 adversus
1691 3336 1979 3391 Israelitas
2026 3336 2103 3390 le-

2213 3332 2276 3406 γ’.
2313 3333 2440 3406 Περῖ
2465 3330 2692 3407 κρίσεως
2720 3338 2820 3400 τῆς
2848 3334 2984 3388 κατᾶ
3010 3337 3107 3388 τοῦ
3132 3331 3384 3408 Ἰσραὴλ,
3419 3338 3516 3388 τοῦ
3550 3332 3621 3405 μή
3652 3324 3846 3410 φυλάσο

609 3421 760 3490 galia
788 3438 898 3475 non
923 3429 1219 3477 servantes.

457 3513 509 3566 4.
539 3511 608 3566 De
657 3511 1035 3565 Israelitarum
1083 3512 1478 3582 praerogativa,
1549 3515 1648 3583 qui
1686 3515 2106 3584 promissionem

603 3602 883 3655 consecuti
909 3607 1059 3656 sunt.

464 3692 515 3743 5'
554 3690 624 3743 De
673 3691 868 3758 gratia
915 3706 1028 3759 qua
1069 3691 1188 3746 sola
1237 3691 1477 3746 homines
1524 3691 1933 3762 justiﬁcantur,
1981 3694 2109 3747 nul-

605 3778 716 3832 lum
773 3777 1128 3834 discernenda
1179 3796 1369 3848 genus,
1420 3781 1514 3835 sed
1583 3781 1678 3835 Dei
1745 3781 1890 3836 dono
1935 3783 2110 3852 juxta

605 3868 857 3925 Abrahae
887 3875 1074 3940 typum
1102 3871 1400 3941 aequaliter
1431 3871 1795 3927 honorantur.

466 4049 516 4101 6.
554 4047 624 4101 De
652 4047 899 4118 reposita
925 4063 1040 4118 spe.

468 4140 520 4192 7.
555 4138 832 4202 Quomodo
862 4154 958 4193 nos
1001 4137 1381 4195 introduxerit
1427 4139 1501 4194 ad
1527 4139 1754 4195 salutem
1773 4139 1924 4195 Jesus
1949 4138 2110 4196 Chri-

609 4233 720 4283 stus
767 4230 948 4295 factus
997 4227 1159 4284 homo
1185 4245 1294 4300 pro
1344 4231 1625 4298 terrigena
1669 4230 1870 4295 Adam,
1916 4230 2014 4298 qui
2042 4229 2110 4283 ab

609 4315 774 4370 initio
796 4317 1086 4371 ceciderat.

463 4408 514 4461 8.
549 4407 621 4460 De
653 4407 918 4460 bonorum
968 4422 1196 4476 operum
1253 4409 1486 4474 actione,
1537 4422 1657 4476 quae
1704 4407 1866 4477 fidem
1918 4406 2113 4462 debent

606 4494 884 4550 comitari.

467 4587 519 4639 9.
554 4587 824 4653 Repetitio
854 4585 918 4638 de
948 4587 1083 4651 vita,
1115 4599 1242 4655 quae
1272 4591 1348 4640 est
1378 4586 1436 4638 in
1465 4585 1755 4639 charitate.

2325 3441 2513 3483 σοντος
2545 3421 2614 3474 τὰ
2645 3419 2877 3494 νὸμιμα.

2218 3505 2278 3564 δ’·
2324 3509 2456 3583 Περὶ
2511 3511 2790 3584 ὑπεροχῆς
2850 3508 3094 3584 Ἰσραὴλ,
3151 3515 3248 3567 τοῦ
3328 3510 3686 3592 τυγχάνοντος
3751 3504 3844 3570 τῆς

2323 3596 2648 3673 ἐπαγγελίας

2219 3693 2274 3744 ε’.
2362 3688 2493 3762 Περὶ
2573 3689 2826 3767 χάριτος,
2913 3687 2984 3744 δι’
3028 3691 3096 3759 ἧς
3175 3688 3467 3765 ἅνθρωποι
3549 3687 3699 3763 μόνον
3775 3677 3843 3733 δι-

2324 3781 2650 3847 καιοῦνται,
2754 3778 2817 3833 οὗ
2918 3779 3053 3833 κατᾶ
3151 3778 3307 3854 γένος
3417 3770 3838 3850 διακεκριμένως,

2325 3866 2470 3922 ἀλλὰ
2501 3867 2636 3924 κατὰ
2659 3872 2791 3924 Θεοῦ
2823 3865 2971 3924 δόσιν
3002 3868 3267 3944 ἰσοτίμως
3297 3872 3441 3928 κατὰ
3473 3871 3561 3925 τὸν
3618 3859 3830 3938 ’Λϐραὶμ

2323 3956 2514 4014 τύπον.

2221 4051 2283 4112 ς’.
2319 4046 2448 4122 Περὶ
2477 4049 2577 4111 τῆς
2607 4047 2975 4124 ἀποκειμὲνης
3008 4046 3257 4110 ἐλπίδος.

2222 4137 2283 4207 ζ“.
2319 4138 2446 4212 Περῖ
2478 4137 2788 4214 εἰσαγωγῆς
2819 4142 2914 4193 τοῦ
2943 4139 3080 4214 πρὸς
3094 4137 3366 4214 σωτηρίαν
3390 4141 3564 4215 ἡμῶν
3587 4129 3839 4210 ἀνθρώπου

2323 4228 2508 4297 Ἰησοῦ
2590 4227 2849 4301 Χριστοῦ,
2907 4227 3021 4282 ἀντὶ
3089 4232 3184 4283 τοῦ
3238 4228 3504 4293 πεσόντος
3562 4226 3612 4301 ἐξ
3688 4223 3841 4298 ἀρχῆς

2325 4319 2591 4392 γηγενοῦς
2624 4312 2823 4388 Ἀδάμ.

2221 4406 2292 4476 η’.
2331 4405 2457 4481 Περὶ
2517 4412 2617 4475 τῆς
2675 4404 3042 4483 ὀφειλομένης
3121 4407 3210 4462 ἐπὶ
3258 4411 3327 4482 τῇ
3385 4409 3569 4465 πίστει
3624 4401 3841 4480 πράξεως

2327 4494 2556 4571 ἀγαθῆς.

2223 4586 2286 4650 θ’.
2321 4583 2696 4660 Ἐπανάληψις
2725 4587 2969 4661 περὶτῆς
3002 4585 3054 4642 ἐν
3084 4587 3271 4663 χάριτι
3299 4595 3473 4661 ζωῆς.

471 4673 557 4726 10.
591 4675 666 4727 De
696 4674 1163 4741 condemnatione,
1197 4688 1326 4744 qua
1373 4680 1606 4746 propter
1649 4679 1938 4745 peccatum
1992 4682 2103 4731 erat

2224 4676 2274 4733 ι“.
2304 4675 2431 4750 Περὶ
2504 4681 2606 4745 τῆς
2685 4676 2788 4731 ὑπὸ
2862 4675 3035 4750 νόμου
3109 4680 3475 4754 κατακρίσεως
3576 4673 3662 4731 διὰ
3749 4663 3834 4731 τὴν

611 4763 708 4815 sub
741 4763 875 4832 lege.

474 4850 560 4906 11.
586 4851 660 4904 De
689 4853 978 4921 affectibus
1010 4853 1272 4911 humanae
1298 4861 1532 4922 naturae,
1575 4869 1703 4926 quae
1730 4854 2115 4926 impossibilem

615 4939 855 4996 reddunt
881 4944 1317 5010 conformitatem
1355 4945 1429 5000 ad
1459 4945 1649 5016 legem.

469 5121 624 5178 199
678 5123 764 5174 l2.
816 5122 894 5176 De
942 5125 1356 5192 permutatione
1410 5123 1764 5180 naturalium
1819 5125 2117 5196 affectuum

605 5227 710 5283 per
740 5213 1230 5281 conformationem
1259 5213 1335 5267 ad
1371 5215 1652 5284 spiritum.

472 5303 558 5356 13.
591 5303 863 5372 Repetitio
893 5301 960 5357 de
988 5303 1191 5373 gloria,
1222 5318 1347 5374 quae
1371 5306 1575 5359 sanctis
1607 5307 1845 5375 reposita
1876 5310 1972 5360 est.

472 5480 557 5534 14.
597 5479 667 5534 De
697 5498 882 5539 amore
899 5485 996 5554 qui
1029 5483 1252 5540 Christo
1283 5483 1528 5540 debetur.

473 5567 559 5624 15.
585 5569 662 5624 De
709 5585 839 5626 casu
894 5574 1236 5644 adjectorum
1292 5574 1686 5642 tsraelitarum,
1747 5588 1810 5630 ac
1867 5589 2119 5630 verorum

625 5663 991 5732 rerocatione,
1019 5664 1260 5736 quicum
1289 5665 1547 5738 gentibus
1571 5663 1877 5722 introducti
1899 5669 2045 5720 sunt.

2327 4785 2619 4840 αμαρτιαν.

2229 4856 2312 4912 ια’.
2375 4839 2507 4930 Περὶ
2573 4860 2679 4912 τῶν
2703 4854 2754 4911 ἐν
2795 4854 3106 4932 ἀνθρωπίνῃ
3195 4857 3350 4935 φύσει
3452 4855 3651 4921 παθῶν,
3719 4839 3833 4902 d35-

2330 4965 2488 5001 νατον
2591 4945 2894 5001 ποιούντων
2991 4947 3090 5016 τήν
3186 4947 3323 5023 πρὸς
3393 4946 3561 5022 νόμον
3644 4952 3834 5014 “ul-1?”

2333 5035 2468 5090 νίαν.

2228 5125 2319 5200 ιβ’.
2355 5124 2484 5200 Ηερὶ
2514 5121 2829 5186 ἀποδόσεως
2859 5129 2966 5181 τῶν
2999 5129 3238 5201 φυσικῶν
3266 5127 3621 5202 παθημάτων,
3653 5114 3734 5173 διὰ
3749 5113 3836 5177 τῆς

2333 5217 2468 5284 πρὸς
2497 5217 2560 5270 τὸ
2590 5219 2800 5290 πνεῦμα
2837 5217 3173 5296 συμφωνίας.

2231 5306 2315 5379 ιγ’.
2344 5287 2733 5379 Ἐπανάληψις-
2752 5305 2874 5379 περὶ
2909 5287 3043 5375 τῆς
3093 5305 3468 5381 ἀποκειμένης
3517 5305 3625 5362 τοῖς
3673 5287 3832 5366 ἁγίοις

2336 5391 2518 5464 δόξης,
3127 5408 3136 5415 ·

2233 5479 2315 5540 ιδ’.
2342 5482 2472 5556 Περὶ
2503 5488 2604 5550 τῆς
2629 5481 2993 5559 ὀφειλομένης
3023 5481 3238 5558 ἀγάπης
3269 5485 3520 5568 Χριστοῦ.
3814 5546 3828 5568 ⁸

2231 5579 2304 5628 te‘.
2339 5572 2471 5644 Περὶ
2509 5569 2831 5634 ἐκπτώσεως
2860 5570 3082 5647 Ἰσραήλ
3138 5577 3234 5627 τοῦ
3286 5567 3698 5642 ἀποϐληθέντοςν
3753 5567 3829 5647 κα]

2332 5657 2585 5732 κλήσεως
2641 5665 2736 5718 τοῦ
2793 5663 3060 5735 ἀληθοῦς,
3138 5666 3233 5719 τοῦ
3317 5659 3647 5740 εἰσαχθέντος
3714 5635 3828 5720 μετᾶ

2333 5749 2524 5817 ἄθνῶν.
