4112 6250
324 398 440 458 ἓνὶὶ

1503 406 1914 468 COMMENT.
1959 403 2034 462 IN
2084 402 2334 462 EPIST.
2381 402 2484 461 AD
2533 402 2713 462 ROM.

3692 407 3810 466 322

353 531 431 595 ις’.
484 531 621 589 "Ou
685 531 838 590 κατὰ
909 534 1198 596 ἀπιστίαν
1258 540 1291 608 ὴ
1353 535 1619 600 ἔκπτωσις
1650 534 1740 592 διὰ
1802 541 1904 606 τῆς
1962 532 2042 599 είς

2156 537 2238 590 l6.
2269 536 2499 600 Quando
2521 535 2694 605 juxta
2741 493 3192 590 incredulitatem
3234 537 3348 604 fuit
3391 552 3544 592 casus
3582 538 3808 596 Judeeo-

501 622 726 700 ἆγνοιαν
787 625 1189 702 καταλήψεως
1243 627 1329 682 καὶ
1386 631 1482 682 τοῦ
1542 629 1618 700 μή
1694 625 2039 700 ἁρμόζοντος

515 714 702 778 αὺτοῖς
729 715 1139 791 κηρύγματος.

396 808 489 876 ιτς.
533 805 665 879 Περὶ
717 810 821 861 τοῦ
879 811 1103 862 σκοποῦ
1159 809 1278 871 καθ’
1341 805 1398 861 ὃν
1454 801 1847 878 ἐξεϐλήθησαν,
1911 802 2049 859 ὥστε

872 894 1199 951 ἐπανελθεῖν
1303 893 1454 968 ζῆλῳ
1525 899 1633 949 τῶν
1705 894 2048 968 τιμηθέντων

543 983 688 1048 ἐθνῶν
717 985 1132 1064 συναχθέντων.

396 1076 489 1147 ιη’.
531 1074 840 1150 Παραίνεσις
916 1076 1045 1152 περὶ
1123 1076 1318 1153 ἀρετῆς
1393 1081 1494 1146 τῆς
1567 1075 1703 1152 πρὸς
1778 1076 1906 1130 Θεὸν
1952 1072 2043 1129 καὶ

532 1164 864 1240 ἀνθρώπους.

542 893 710 971 δεύτερ
718 915 777 949 ον

374 1343 465 1399 ιθ“.
526 1343 656 1418 Περὶ
693 1345 990 1417 μυμήσεως
1020 1350 1122 1412 τῆς
1156 1341 1395 1418 Χριστοῦ
1436 1343 1792 1413 ἀνεξικακιας.

404 1433 475 1489 κ’.
520 1433 656 1508 Περὶ
721 1433 1075 1513 λειτουργίας
1141 1433 1329 1508 αὐτοῦ,
1392 1436 1494 1498 τῆς
1561 1432 1613 1488 ἐν
1672 1431 1910 1507 ἀνατολῇ
1949 1433 2040 1488 καὶ

520 1541 693 1580 ουσει.

1045 1873 1380 1931 ΣΧΟᾹΙΟΝ.

442 1959 584 2035 Ηρῖν
647 1957 996 2035 ἐπιδημῆσαι
1048 1959 1266 2018 Παῦλον
1332 1959 1382 2015 ἐν
1441 1963 1511 2034 τῇ
1567 1960 1779 2034 Ῥώμῃ,
1821 1977 2040 2036 παρηγ-

378 2048 642 2127 γελμένοι
702 2051 839 2120 ἦσαν
901 2052 953 2106 οἱ
1015 2048 1295 2122 Ἰουδαῖοι,
1357 2053 1432 2125 μὴ
1519 2047 1914 2125 παραδέξασθαι
1977 2049 2041 2104 τὸ

390 2141 508 2214 περὶ
558 2145 661 2196 τοῦ
720 2144 963 2216 Χριστοῦ
1018 2143 1298 2218 κήρυγμα.
1359 2141 1469 2194 Οὐκ
1521 2140 1676 2195 αὐτοὶ
1749 2137 1805 2194 δὲ
1863 2140 2042 2212 μόνοι,

403 2229 538 2284 ἄλλα
563 2232 654 2285 καὶ
690 2231 742 2285 οἱ
778 2235 1069 2309 πανταχοῦ
1121 2238 1189 2307 γῆ
1204 2253 1245 2293 ς.
1306 2229 1472 2285 Πόθεν
1506 2227 1675 2300 δῆλον
1709 2233 1911 2298 ταῦτο;
1944 2229 2046 2285 Εὕ-

411 2337 566 2390 ρομεν
596 2319 645 2372 ἒν
676 2323 799 2379 τοῖς
832 2323 943 2372 τῶν
989 2315 1239 2373 παλαιῶν
1295 2320 1731 2394 συγγράμμασιν,
1764 2317 1838 2377 ὡς
1869 2316 1920 2370 οἱ
1945 2317 2044 2384 τήν

400 2408 756 2483 Ἰερουσαλὴμ
817 2407 1090 2470 οἰκοῦντες
1175 2409 1337 2483 ἱερεῖς
1390 2408 1478 2462 καὶ
1543 2411 1887 2483 γραμματεῖς
1952 2403 2041 2458 καὶ

393 2493 772 2573 πρεσϐύτεροι,
843 2498 1145 2574 γράμματα
1202 2495 1647 2574 διαχαράξαντες,
1718 2494 1794 2558 εἷς
1870 2495 2044 2549 πάντα

381 2583 756 2661 διεπέμψαντο
813 2590 885 2643 τὰ
943 2587 1092 2659 ἔθνη,
1165 2594 1280 2650 τοῖς,
1358 2589 1676 2662 ἁπανταχοῦ
1739 2581 2041 2654 Ἰουδαίοις,

374 2672 785 2740 διαϐάλλοντες
815 2679 914 2748 τήν
949 2682 1047 2733 τοῦ
1073 2681 1304 2752 Χριστοῦ
1358 2674 1728 2745 διδασκαλίαν,
1761 2675 1835 2736 ὡς
1865 2671 2043 2727 ἀλλο-

374 2763 665 2840 τρίαντοῦ
724 2766 883 2824 Θεοῦ.
945 2763 1332 2840 Παρήγγελλόν
1385 2784 1444 2820 τε
1501 2762 1571 2819 δι’
1601 2759 1930 2828 ἐπιστολῶν,
1962 2761 2038 2834 μὴ

368 2852 791 2928 παραδέξασθαι
848 2853 1038 2924 αὐτήν.
1097 2856 1275 2910 Τοῦτο
1335 2851 1400 2924 δὴ
1462 2851 1591 2907 αὐτὸ
1631 2857 1870 2926 σημᾶναι
1901 2847 2044 2904 ἔοικε

365 2945 462 2999 καὶ
536 2947 575 3014 ἡ
649 2942 893 3018 λέγουσα
950 2943 1255 3023 προφητεία
1337 2943 1583 3000 Ἠσαῒου·
1657 2967 1676 2993 α
1714 2941 1854 2999 υῦαὶ
1919 2946 2041 3016 γῆς,

363 3033 598 3087 πλοίων
663 3031 956 3108 πτέρυγες,
1015 3032 1257 3087 ἐπέκεινα
1312 3036 1575 3104 ποταμῶν
1638 3030 1941 3093 Αἰθιοπίας,
2011 3029 2038 3083 ὁ

378 3121 754 3177 ἆποστὲλ).ων
815 3121 865 3176 ἐν
927 3120 1172 3197 θαλάσσῃ
1230 3123 1437 3197 ὅμηρα,
1495 3121 1585 3175 καὶ
1625 3118 1914 3180 ἐπιστολὰς
1947 3119 2040 3193 βυ-

387 3208 592 3273 ὖ“).ἱνας
623 3214 801 3268 ἐπάνω
830 3220 927 3270 τοῦ
959 3213 1178 3277 ὓδατος.
1208 3237 1237 3268 ι
1304 3215 1381 3270 Δι’
1430 3215 1502 3268 ῶν
1541 3213 1814 3286 σομαίνει,
1847 3211 1922 3272 ὡς
1953 3209 2044 3264 καὶ

397 3301 577 3372 nigro
623 3310 718 3370 τῆς
771 3305 1039 3361 Αἶθιὸπων
1096 3305 1308 3383 χώρας,
1363 3305 1450 3360 καὶ
1501 3308 1609 3358 τῶν
1650 3301 1916 3377 ἐσχατιῶν
1945 3305 2046 3368 τῆς

407 3397 544 3462 γῆς.
607 3391 637 3443 ὃ
693 3399 782 3460 τῆς
828 3393 1091 3468 πονηρίας
1147 3397 1291 3469 ἦχος
1349 3399 1456 3449 τῶν
1511 3394 1611 3462 τήν
1661 3386 1926 3448 Ἰουδαίαν
1965 3388 2049 3442 oi-

404 3482 669 3550 κοῦντων,
702 3480 782 3537 διεί
806 3507 962 3541 τινων
1013 3484 1195 3560 ὥσπερ
1245 3484 1558 3560 ἱπταμένων
1591 3481 1800 3538 πλοίων
1832 3478 2049 3556 προῆλ-

401 3573 497 3626 θεν.
531 3571 598 3627 Oi
628 3594 680 3627 τε
709 3573 1006 3630 ἆποστολοι
1056 3575 1254 3644 αὐτῶν,
1299 3572 1593 3637 ἐπιστολὰς
1628 3567 1892 3648 βυϐλίνας
1926 3573 2042 3625 ἐπι-

399 3663 776 3735 κομιζόμενοι,
811 3664 1056 3738 ὑπεράνω
1104 3685 1164 3719 τε
1217 3669 1326 3720 τῶν
1385 3662 1590 3719 ὑδάτων
1623 3659 2044 3733 ναυτιλλόμενοι

398 3750 480 3805 καί
513 3755 612 3820 τὴν
645 3754 920 3808 θάλασσαν
966 3754 1244 3823 πλέοντες,
1296 3756 1578 3828 πανταχοῦ
1609 3759 1712 3829 γῆς
1745 3748 2043 3826 διέτρεχον,

395 3842 478 3895 τὸν
529 3843 659 3916 περὶ
719 3847 823 3897 τοῦ
883 3851 1147 3920 Σωτῆρος
1197 3847 1357 3918 ἡμῶν
1416 3839 1810 3904 διαϐάλλοντες
1851 3841 2041 3918 λόγον.

389 3931 763 3994 Ἀποστόλους
798 3929 857 3987 δὲ
891 3933 969 3996 εἷς
1028 3932 1105 3988 ἔτι
1162 3934 1250 3989 καὶ
1307 3939 1395 3987 νῦν
1424 3927 1542 3998 ἔθος
1574 3931 1716 3986 ἐστὶν
1756 3926 2045 3991 Ἰουδαίοις

387 4021 700 4094 ὄνομὰίζειν,
760 4023 889 4083 τοὺς
945 4020 1208 4099 ἐγκύκλια
1264 4021 1563 4099 γράμματα
1619 4021 1765 4095 παρᾶ
1818 4024 1925 4074 τῶν
1955 4017 2045 4093 ἀρ-

383 4113 602 4186 χόντων
669 4112 851 4166 αὐτῶν
918 4109 1428 4184 ἐπικομιζομένους.
1498 4111 1576 4167 Τὸ
1643 4107 1700 4164 δὲ
1765 4109 1887 4178 ἑξῆς
1944 4114 2046 4176 τῆς

385 4203 743 4279 προφητείας,
806 4201 939 4276 περὶ
995 4205 1104 4255 τῶν
1161 4204 1416 4273 μαθητῶν
1475 4203 1573 4254 τοῦ
1621 4197 1820 4272 Κυρίου
1886 4199 2048 4270 ἡμῶν

381 4291 472 4345 καὶ
531 4297 798 4366 Σωτῆρος
860 4293 1048 4362 Ἰησοῦ
1108 4293 1347 4364 Χριστοῦ
1405 4288 1672 4360 εἰρῆσθαι.
1731 4286 1837 4348 Οῧς
1868 4283 2046 4342 διὰτὸ

379 4386 531 4438 πᾶσιν
598 4385 926 4461 ἄνθρώποις
999 4381 1212 4456 ἀγαθῶν
1278 4377 1664 4456 εὐαγγελιστὰς
1731 4377 1888 4448 εἶναι,
1948 4377 2049 4451 ἆγ-

377 4473 561 4547 γέλους
616 4477 876 4552 κούφους
945 4471 1226 4543 ὠνόμασε,
1293 4472 1427 4546 πρὸς
1493 4465 1907 4538 ἆντιδιαστολήν
1973 4466 2047 4522 ὧν

365 4561 628 4638 ἐδήλωσεν
667 4561 1022 4624 Ἰουδαϊκῶν
1054 4556 1395 4616 ἀποστόλων.

403 4702 567 4761 ’Isa.
604 4712 786 4768 xvm,
830 4694 894 4760 1,
926 4691 983 4742 2-

2065 1889 2113 1954 Β

2293 643 2416 680 rum
2441 643 2545 696 per
2590 625 2876 681 scientiam
2922 641 3226 693 erroneam,
3258 629 3308 680 et
3348 628 3807 696 praedicationem

2300 729 2422 784 quae
2453 714 2567 768 illis
2595 728 2704 766 non
2731 713 3103 768 conveniebat.

2159 803 2245 858 17.
2288 805 2365 858 De
2411 819 2574 874 scopo
2620 803 2914 858 secundum
2973 820 3130 874 quem
3180 806 3339 875 ejecti
3360 811 3504 872 sunt,
3553 813 3613 861 ut
3651 813 3809 877 post-

2297 895 2519 949 modum
2550 900 2914 949 reverteretur
2943 893 3257 949 imitatione
3288 897 3538 963 gentium
3567 896 3807 952 honora-

2301 991 2507 1051 torum,
2558 983 2657 1039 hoc
2696 989 2773 1039 est
2816 984 3082 1052 ﬁdelium,
3136 998 3264 1054 qua:
3303 987 3362 1038 in
3389 985 3495 1054 ﬁde
3542 1001 3807 1042 convene-

2295 1081 2444 1129 runt.
3704 1119 3719 1129 .

2157 1165 2242 1220 18.
2275 1162 2609 1219 Adhortatio
2637 1163 2711 1219 ad
2766 1164 3049 1232 virtutem,
3099 1179 3227 1234 quae
3271 1181 3402 1235 erga
3445 1167 3613 1222 Deum
3643 1173 3723 1222 est
3750 1172 3805 1220 et

2295 1254 2555 1308 homines.

2157 1347 2244 1400 19.
2277 1347 2354 1400 De
2380 1346 2691 1399 imitatione
2721 1343 3023 1401 clementia
3054 1345 3274 1404 Christi.

2151 1437 2240 1491 20.
2276 1435 2352 1489 De
2380 1437 2684 1490 ministerio
2716 1434 2888 1506 ipsius
2916 1436 3082 1490 Pauli
3111 1438 3167 1492 in
3191 1437 3451 1507 partibus
3483 1438 3719 1494 Orientis
3749 1445 3800 1493 et

2293 1523 2627 1580 Occidentis.

2677 1873 2839 1929 200
2880 1872 3260 1930 SCHOLIUM.

2221 1961 2574 2032 Priusquam
2596 1963 2814 2018 Paulus
2863 1964 3109 2018 Romam
3149 1961 3476 2026 accederet,
3508 1961 3796 2018 admoniti

2153 2056 2321 2105 erant
2349 2051 2558 2120 Judaei,
2588 2069 2662 2108 ne
2690 2053 3179 2124 praedicationem
3194 2051 3265 2106 de
3279 2052 3509 2106 Christo
3544 2052 3802 2123 suscipe-

2149 2145 2320 2196 rent:
2354 2158 2463 2196 nec
2493 2142 2603 2196 soli
2638 2143 2770 2214 ipsi,
2804 2143 2907 2198 sed
2942 2149 2999 2196 et
3029 2159 3238 2197 omnes
3270 2142 3370 2214 qui
3397 2141 3618 2212 ubique
3647 2141 3801 2196 loco-

2149 2246 2283 2283 rum
2315 2231 2582 2302 agebant.
2639 2233 2855 2287 Verum
2901 2233 3061 2287 unde
3119 2233 3180 2287 id
3227 2233 3612 2288 manifestum
3664 2230 3799 2286 est?

2148 2319 2485 2375 Invenimus
2517 2321 2579 2375 in
2622 2327 2883 2377 veterum
2934 2323 3378 2377 commentariis
3409 2322 3566 2392 quod
3599 2338 3795 2376 sacer-

2150 2407 2316 2463 dotes
2383 2416 2442 2464 et
2511 2411 2718 2465 scribas
2777 2428 2843 2466 ac
2902 2412 3167 2466 seniores
3226 2412 3326 2481 qui
3387 2411 3797 2482 Hierosolyma

2149 2498 2582 2566 inhabitabant,
2616 2505 2886 2555 exaratas
2917 2500 3146 2554 litteras
3177 2500 3250 2554 ad
3280 2516 3488 2554 omnes
3519 2501 3793 2554 nationes

2149 2589 2855 2654 transmiserantludmis,
2877 2589 3218 2660 ubicunque
3233 2595 3522 2643 terrarum
3542 2588 3793 2660 dispersi

2151 2683 2370 2745 essent,
2387 2679 2602 2733 Christi
2633 2679 2965 2734 doctrinam
2987 2678 3442 2742 calumniantes,
3460 2682 3743 2747 tanquam
3761 2692 3796 2730 a

2149 2767 2265 2821 Deo
2297 2767 2768 2839 alienam.atque
2801 2767 3066 2840 epistolis
3095 2767 3514 2833 admonebant,
3538 2765 3793 2820 neillam

2151 2857 2539 2928 susciperent.
2595 2858 2711 2913 Hoc
2771 2858 2966 2929 ipsum
3012 2863 3169 2913 certe
3200 2857 3429 2911 videtur
3461 2855 3626 2910 Isaia)
3658 2871 3794 2925 pro-

2149 2945 2352 3016 phetia
2391 2947 2723 3019 significare
2775 2964 2907 3018 quas
2939 2947 3022 3002 sic
3067 2945 3358 3000 habebat:
3393 2968 3419 2994 «
3471 2946 3566 2998 Vm
3599 2950 3794 3009 terrae,

2151 3034 2388 3089 navium
2420 3036 2552 3102 alae,
2599 3041 2762 3091 trans
2806 3036 3055 3090 ﬂumina
3100 3035 3431 3105 ιΕιὶιὶορὶεο,
3474 3034 3526 3104 (ὁ
3560 3029 3800 3086 ἀπστελ-

2153 3121 2290 3192 λων)
2321 3125 2617 3194 quimittit
2644 3143 2750 3197 per
2765 3142 2926 3181 mare
2945 3125 3182 3181 obsides
3197 3142 3263 3180 ac
3294 3125 3522 3178 litteras
3546 3138 3801 3193 papyra-

2159 3228 2290 3267 ceas
2347 3230 2526 3284 super
2572 3217 2830 3285 aquam”.
2868 3239 2890 3267 ι
2929 3216 3029 3270 His
3087 3214 3382 3286 significat
3436 3213 3595 3283 quod
3647 3212 3802 3265 ultra

2157 3304 2495 3376 Ethiopum
2529 3323 2764 3377 quoque
2820 3308 3093 3379 regiones
3129 3313 3186 3361 et
3241 3305 3598 3360 novissimos
3629 3308 3799 3356 terra)

2160 3393 2331 3460 fines,
2365 3411 2546 3450 sonus
2576 3395 2819 3451 malitiae
2853 3412 3056 3451 eorum
3082 3396 3182 3468 qui
3212 3394 3476 3450 Judaeum
3501 3392 3802 3448 inhabita-

2159 3482 2436 3556 bantper
2465 3485 2738 3556 quadam
2769 3485 2948 3541 veluti
2972 3485 3130 3542 alata
3159 3485 3390 3558 navigia
3411 3481 3803 3555 processerit:

2157 3577 2215 3626 et
2243 3572 2480 3629 illorum
2505 3574 2757 3645 apostoli
2789 3575 3018 3632 litteras
3055 3591 3415 3648 papyraceas
3444 3572 3802 3634 deferentes,

2155 3678 2333 3734 super
2361 3679 2546 3734 aquas
2576 3665 2939 3733 navigantes,
2980 3681 3260 3736 mareque
3285 3668 3658 3719 transeuntes
3678 3659 3804 3714 ubi-

2155 3767 2270 3822 que
2302 3758 2595 3809 terrarum
2628 3753 3410 3823 discurrebant,sermonem
3439 3751 3538 3821 qui
3575 3749 3645 3802 de
3680 3747 3804 3802 Sal-

2152 3848 2350 3896 vatore
2373 3849 2575 3897 nostro
2608 3848 2735 3897 erat
2765 3842 3219 3898 calumniantes.
3254 3844 3434 3895 Porro
3467 3839 3542 3892 ad
3569 3838 3679 3890 hoc
3703 3851 3803 3888 us-

2159 3946 2272 4000 que
2303 3937 2536 4002 tempus
2569 3932 2749 3985 moris
2799 3938 2885 3986 est
2913 3931 3130 3986 Judaais
3169 3929 3470 4000 apostolos
3501 3924 3803 3998 appellare

2157 4019 2422 4090 illos,qui
2455 4019 3171 4090 quotidianaepistoliaab
3204 4019 3466 4090 ipsorum
3491 4015 3803 4088 magistra-

2158 4107 2317 4164 tibus
2346 4107 2819 4173 deferunt.Quod
2853 4114 3052 4163 autem
3084 4108 3145 4162 in
3175 4107 3488 4180 prophetia
3515 4104 3808 4176 sequitur,

2157 4198 2229 4253 de
2259 4197 2566 4268 discipulis
2586 4197 2817 4252 Domini
2851 4214 2917 4252 ac
2931 4197 3247 4252 Salvatoris
3278 4197 3464 4251 nostri
3487 4197 3623 4249 Jesu
3641 4192 3809 4247 Chri-

2158 4285 2232 4340 sti
2263 4285 2657 4356 dicitur.quos
2680 4301 2750 4340 eo
2779 4284 2935 4356 quod
2953 4285 3232 4340 omnibus
3262 4283 3608 4338 hominibus
3630 4281 3812 4334 bono-

2156 4392 2288 4431 rum
2319 4374 2814 4447 evangelizatores
2847 4375 2966 4431 sive
2996 4375 3192 4431 nuntii
3227 4374 3367 4441 sint,
3385 4371 3627 4444 angelos
3648 4369 3808 4423 leves

2155 4465 2490 4539 appellavit,
2524 4465 2598 4521 ad
2630 4482 2834 4521 eorum
2863 4465 3312 4523 distinctionem
3345 4479 3492 4534 quos
3522 4459 3800 4516 Iudaicos

2161 4553 2458 4628 apostolos
2498 4555 2952 4628 signiﬁcaverat.
