4112 6250
484 393 600 452 323

1603 387 2014 452 ωουΜΕΝιι
2058 390 2367 453 ΤΒῙΟΟιΕ
2411 391 2751 454 EPISCOPI

3756 403 3857 461 324

503 517 3862 572 W

1326 643 2037 827 ΠΑΥΛΟΥ
2144 699 3058 832 ΕΠΙΣΤΟΛΗ

1651 927 1976 1024 ΠΡΟΣ
2062 928 2710 1028 ΡΩΜΑΙΟΥΣ

1181 1353 1549 1448 PAULI
1609 1352 2215 1449 EPISTOLA
2310 1356 2475 1450 AD
2546 1355 3175 1452 ROMANOS.

927 1735 1028 1791 20
1042 1736 1073 1789 I
1111 1734 1338 1788 CAPUT
1368 1734 1665 1788 PRIMUM.

473 1825 805 1893 Evangelica
834 1825 1089 1878 doctrina
1117 1824 1182 1877 de
1213 1823 1295 1877 his
1324 1824 1423 1892 qui
1452 1829 1611 1877 extra
1641 1822 1847 1878 Christi
1873 1823 2116 1891 gratiam

543 1915 756 1979 vivunt,
791 1920 839 1966 et
870 1912 936 1966 de
967 1912 1051 1966 his
1078 1913 1175 1981 qui
1225 1913 1284 1965 in
1313 1910 1501 1981 gratia
1523 1928 1540 1965 :
1561 1918 1612 1966 et
1641 1911 1707 1965 de
1734 1925 1827 1981 spe
1855 1912 2117 1981 spiritua-

547 2002 699 2071 lique
728 2003 1136 2056 conversatione

543 2091 586 2155 Ι,
624 2094 672 2144 1.
709 2091 913 2146 Paulus
940 2106 1123 2145 servus
1149 2092 1276 2146 Jesu
1309 2090 1532 2145 Christi.

543 2180 730 2234 Simul
759 2197 893 2235 cum
909 2196 976 2234 eo
996 2180 1152 2251 quod
1185 2180 1454 2251 sequitur
1481 2197 1493 2234 :
1526 2203 1554 2230 ‹‹
1571 2179 1791 2235 Paulus
1811 2176 2114 2250 apostolus

471 2269 747 2324 omnibus
762 2270 859 2340 qui
878 2270 1018 2324 estis
1032 2269 1492 2334 Romw,dilectis
1508 2268 1855 2331 Dei.vocatis
1868 2268 2111 2335 sanctis,

469 2358 657 2430 gratia
688 2359 848 2413 vobis
880 2364 939 2413 et
981 2376 1113 2430 pax,
1142 2382 1170 2409 »
1207 2359 1576 2415 tantumdem
1626 2364 1715 2413 est
1743 2375 1811 2413 ac
1843 2357 1891 2413 si
1942 2356 2111 2412 dica-

470 2452 598 2502 tur:
632 2448 882 2513 Quidam
914 2449 1150 2504 cuidam
1182 2448 1455 2504 salutem.
1480 2449 1723 2504 Interim
1753 2453 1951 2503 autem
1970 2463 2113 2502 con-

467 2537 740 2608 spicuum
772 2538 912 2594 facit
942 2545 1001 2593 et
1040 2540 1442 2609 evangelicum
1479 2554 1818 2594 sermonem
1850 2542 1909 2593 et
1938 2552 2111 2592 suum

464 2626 843 2699 Evangelium
903 2628 1145 2698 quidem
1190 2645 1311 2683 non
1360 2628 1555 2699 quoad
1619 2633 1852 2698 tempus
1896 2641 2111 2681 novum

462 2731 617 2782 esse,
652 2717 756 2771 sed
789 2733 894 2787 per
933 2717 1252 2787 prophetas
1300 2717 1778 2788 pronuntiatum,
1808 2731 1968 2770 nunc
1997 2730 2111 2769 au-

462 2809 580 2858 tem
600 2805 1042 2860 manifestatum
1061 2811 1355 2860 astruens.
1375 2805 1850 2859 Meminitautem
1874 2802 2111 2858 Davidis

458 2893 532 2947 ad
565 2909 743 2963 quem
775 2892 929 2948 facta
960 2898 1050 2948 est
1096 2894 1436 2964 promissio,
1488 2894 1751 2965 seipsum
1801 2909 1936 2948 vero
1969 2892 2115 2947 dicit

458 2981 637 3052 hujus
670 2998 1003 3052 praeconem
1037 2981 1409 3053 designatum
1442 2998 1592 3046 esse,
1618 2998 1691 3036 ne
1724 2986 1947 3037 temere
1980 2985 2114 3051 post

452 3071 608 3125 Petri
638 3070 970 3126 doctrinam
992 3072 1065 3126 ad
1080 3071 1545 3143 praecipiendum
1574 3071 1805 3127 venisse
1821 3070 2106 3138 videatur,

452 3159 555 3214 sed
587 3160 851 3215 divinum
887 3160 1083 3231 potius
1113 3160 1349 3232 explere
1381 3167 1763 3233 praeceptum.
1789 3159 2101 3231 Proprium

452 3253 653 3302 autem
676 3264 895 3302 nomen
944 3249 1125 3303 veteri
1176 3265 1339 3303 more
1385 3251 1679 3321 praeponit
1736 3248 1915 3304 veluti
1963 3264 2098 3303 cum

455 3335 738 3401 dicitur,«
773 3336 1050 3391 Claudius
1084 3336 1283 3407 Lysias
1313 3338 1569 3392 maxime
1592 3344 1833 3392 strenuo
1864 3334 2099 3407 praesidi

455 3424 635 3478 Felici
676 3423 975 3491 salutem3,
1000 3446 1028 3473 »
1079 3431 1181 3480 aut
1222 3442 1441 3481 nomen
1485 3426 1701 3482 Paulus
1754 3425 2096 3497 praeposuit.

456 3530 533 3569 ne
564 3530 628 3568 os
642 3513 881 3583 quidem
899 3516 1129 3585 aperire
1144 3516 1368 3582 volens,
1393 3518 1537 3586 quin
1561 3515 1836 3571 beneficii
1860 3515 2094 3571 Domini

446 3601 855 3657 meminisset:
877 3620 943 3658 ac
966 3603 1013 3657 si
1037 3603 1220 3659 dicat:
1246 3605 1486 3672 Paulus,
1502 3605 1603 3676 qui
1626 3610 1685 3660 et
1710 3605 1901 3676 ipsam
1923 3620 2092 3659 voca-

444 3693 665 3748 tionem
690 3710 725 3748 a
768 3694 1002 3749 Domini
1035 3694 1432 3752 beneﬁcentia
1462 3701 1521 3750 et
1553 3695 1906 3752 liberalitate
1929 3695 2083 3751 ποτ

443 3782 656 3839 habet:
683 3782 922 3851 Paulus,
953 3785 1055 3855 qui
1098 3785 1301 3841 omnia
1348 3786 1530 3842 sumit
1557 3802 1592 3841 a
1636 3785 1889 3850 Christo,
1920 3800 2090 3840 voca-

442 3873 1037 3944 cationem,gratiam,
1060 3874 1716 3931 conversationem.Aut
1743 3874 2089 3931 absentibus

442 3962 708 4017 scribens
742 3978 913 4016 suum
933 3978 1149 4018 nomen
1173 3964 1383 4019 merito
1415 3964 1753 4036 praeposuit.
1771 3965 2092 4035 Propterea

431 4056 624 4106 autem
662 4056 886 4106 mutato
938 4052 1230 4108 nominee
1274 4053 1447 4108 Saulo
1480 4053 1673 4109 dictus
1726 4058 1817 4108 est
1848 4052 2084 4122 Paulus,

428 4154 504 4194 ne
534 4139 699 4194 velin
717 4140 826 4195 hoc
855 4141 1139 4211 apostolis
1175 4147 1277 4197 aut
1298 4142 1426 4213 ipso
1454 4142 1630 4198 etiam
1649 4142 1962 4214 coryphaao
1978 4144 2087 4196 Pe-

429 4234 518 4284 tro
551 4229 799 4285 inferior
829 4247 959 4285 esse
1002 4231 1320 4295 videretur,
1356 4238 1459 4286 aut
1491 4232 1689 4287 minus
1721 4230 1948 4301 aliquid
1982 4230 2087 4285 lla-

432 4318 595 4374 bere.
628 4342 657 4368 ‹‹
687 4320 922 4375 Servus.
960 4341 984 4370 υ
1021 4320 1184 4374 Multi
1209 4326 1346 4375 sunt
1378 4321 1680 4376 servitutis
1714 4319 1872 4375 modi
1900 4336 2089 4374 :unus

2154 1740 2204 1805 Α
2718 1730 3130 1790 ΚΕΦΔΛΑΙΟΝ
3169 1735 3408 1790 uporo.

2218 1837 2562 1915 Εὐαγγελικὴ
2620 1834 2946 1915 διδασκαλία
3011 1838 3134 1915 περὶ
3192 1859 3252 1915 γε
3300 1842 3409 1915 τιῖιν
3479 1833 3579 1915 ἔξω
3645 1836 3847 1915 χάριτος

2290 1855 2562 1912 ιαγγεΛικη
2620 1855 2946 1894 οιοασκαΛια
3011 1855 3134 1964 περι
3192 1859 3252 1915 γε
3300 1859 3409 1893 των
3479 1855 3579 1907 egw
3645 1855 3845 1964 ἴαριτος

2290 1914 2524 1985 Χριστοῦ
2587 1909 2678 1985 καὶ
2738 1914 2845 1966 τῶν
2913 1910 2964 1965 ἒν
3020 1930 3063 1985 χ
3101 1930 3232 1985 ριτι,
3298 1910 3394 1966 καὶ
3462 1908 3585 1982 περὶ
3672 1899 3845 1970 λεπίδος

2287 1979 2376 2035 καὶ
2408 1979 2685 2043 πολιτείας
2716 1979 3106 2055 πνευματικῆς.

2291 2091 2509 2154 Παῦλος
2542 2090 2737 2157 δοῦλος
2767 2094 2945 2164 Ἰησοῦ
2979 2098 3236 2169 Χριστοῦ.

2287 2182 2356 2235 Τὸ
2392 2182 2536 2254 ἑξῆς,
2568 2206 2595 2234 ‹‹
2630 2180 2846 2245 Παῦλος
2903 2181 3233 2251 ἀπόστολός,
3294 2187 3427 2237 πᾶσι
3480 2186 3599 2243 τοῖς
3643 2179 3690 2235 ἐν
3725 2180 3842 2234 Ῥώ-

2222 2286 2298 2343 μῃ
2332 2270 2634 2346 ἀγαπητοῖς
2692 2274 2825 2326 Θεοῦ
2881 2269 3113 2341 κλητοῖς
3172 2270 3375 2347 ἁγίοις,
3427 2270 3589 2347 χάρις
3624 2271 3738 2344 ὑμῖν
3762 2269 3837 2323 καί

2219 2356 2436 2432 είρήνη,
2472 2383 2499 2410 υ
2533 2359 2645 2413 οἷον
2674 2359 2735 2415 Ὀ
2774 2355 2917 2414 δεῖνα
2970 2364 3050 2430 τῷ
3107 2358 3237 2415 δεῖνι
3297 2359 3535 2436 χαίρειν.
3570 2358 3835 2435 Συμφαίνει

2220 2442 2277 2501 δὲ
2309 2447 2530 2519 μεταξὺ,
2559 2448 2651 2502 τὸν
2698 2447 2821 2523 περῖ
2877 2452 2973 2502 τοῦ
3033 2448 3375 2525 Εὐαγγελίου
3407 2446 3594 2523 λόγον,
3623 2446 3706 2500 καὶ
3732 2445 3834 2499 ἑαυ-

2216 2535 2311 2589 τοῦ
2376 2536 2439 2590 τὸ
2509 2536 2603 2609 μὲν
2669 2533 3020 2613 Εὗαγγὲλιον,
3091 2535 3233 2610 μηδὲ
3297 2537 3437 2593 κατᾶ
3501 2536 3688 2613 χρόνον
3722 2533 3832 2588 εἶναι

2216 2625 2498 2698 νεώτερον,
2557 2622 2705 2681 ἀλλᾶ
2750 2625 3223 2702 προκατηγγέλθαι
3278 2627 3375 2699 μὲν
3415 2625 3505 2682 διὰ
3551 2627 3832 2702 προφητῶν,

2214 2716 2303 2767 νῦν
2364 2710 2420 2768 δὲ
2484 2716 2891 2791 πεφανερῶσθαι
2954 2715 3193 2793 φάσκων.
3254 2716 3611 2788 Ἐπεμννςσθη
3667 2708 3832 2767 δὲκαὶ

2213 2806 2312 2858 τοῦ
2343 2800 2505 2858 Δαυὶδ
2536 2804 2670 2878 πρὸς
2700 2805 2757 2859 ὃν
2790 2807 2825 2875 ἡ
2860 2805 3175 2882 ὑπόσχεσις,
3225 2806 3318 2861 καὶ
3378 2806 3566 2862 ἑαυτὸν
3599 2805 3704 2860 εἶπε
3729 2800 3831 2855 τοῦ-

2212 2911 2311 2946 του
2336 2894 2549 2966 κήρυκα
2578 2887 3014 2967 προϐεϐλῆσθαι,
3074 2895 3147 2957 ὡς
3205 2894 3264 2950 ἂν
3325 2897 3411 2968 μὴ
3464 2898 3735 2969 προπετῶς
3761 2908 3829 2964 με·

2211 2980 2279 3035 τὰ
2332 2982 2431 3051 τήν
2490 2986 2587 3036 τοῦ
2644 2978 2846 3057 Πέτρου
2905 2981 3278 3050 διδασκαλίαν,
3337 2986 3485 3060 πρὸς
3532 2985 3594 3040 τὸ
3624 2976 3823 3039 ἐπιστελ·

2214 3067 2328 3125 λειν
2360 3068 2684 3142 ἐληλυθέναι
2744 3069 2957 3144 δοκοίη,
3012 3075 3152 3128 θεῖον
3210 3071 3267 3128 δὲ
3327 3073 3552 3147 μᾶλλον
3596 3072 3831 3143 ἐπίταγμα

2214 3158 2526 3235 ἐκπληρῶν.
2590 3163 2775 3235 [ΦΩΤ]
2839 3162 3133 3237 Προτάττει
3192 3159 3251 3217 δὲ
3304 3164 3379 3218 τὸ
3437 3163 3630 3219 οἰκεῖον
3666 3156 3831 3230 ὄνομα,

2206 3248 2241 3318 ἦ
2275 3250 2410 3304 κατὰ
2440 3251 2723 3320 συνήθειαν
2784 3249 3039 3329 ἀρχαίαν,
3098 3252 3241 3308 οἷον.
3303 3275 3328 3306 α
3370 3249 3632 3313 Κλαύδιος
3661 3245 3829 3307 Λυσίας

2205 3342 2285 3410 τῷ
2337 3337 2611 3413 κρατίστῳ
2668 3339 2901 3414 ἡγεμόνι
2960 3339 3170 3410 Φήλικι
3217 3340 3462 3417 χαίρειν·
3500 3367 3520 3393 ι
3566 3333 3831 3413 ἢπροέτα-

2205 3427 2261 3496 ξι
2306 3427 2390 3495 τὸ,
2445 3424 2683 3497 Παῦλος,
2745 3424 2885 3500 μηδὲ
2944 3425 3167 3504 διαίρειν
3203 3430 3390 3504 στόμα
3447 3432 3562 3487 ἄνευ
3612 3431 3698 3483 τοῦ
3749 3444 3832 3497 με·

2210 3516 2447 3588 μνῆσθαι
2522 3515 2621 3585 τῆς
2697 3524 3032 3587 Δεσποτικῆς
3127 3517 3443 3595 εὐεργεσίας
3515 3514 3829 3597 βουλᾶμενος,

2205 3607 2344 3675 οἷον,
2377 3604 2616 3677 Παῦλος,
2649 3605 2834 3685 φησὶν,
2868 3609 2896 3663 6
2927 3608 3016 3663 καὶ
3067 3609 3235 3678 αὐτὴν
3274 3611 3378 3680 τήν
3412 3611 3590 3680 κλῆσιν
3620 3606 3665 3678 ἐξ
3692 3602 3822 3676 uisp-

2202 3694 2387 3769 γεσίας
2442 3696 2532 3751 καὶ
2600 3693 2920 3771 φιλοτιμίας
2974 3693 3121 3774 ἔχων
3178 3706 3537 3772 Δεσποτικῆς’
3582 3691 3824 3753 Παῦλοςδ

2201 3784 2377 3839 πάντα
2406 3785 2584 3863 φέρων
2646 3784 2753 3839 ἀπὸ
2809 3787 3075 3861 Χριστοῦ,
3128 3788 3226 3857 τήν
3284 3787 3509 3861 κλῆσιν,
3544 3788 3637 3856 τὴν
3663 3782 3824 3859 χάριν,

2201 3874 2299 3943 τὴν
2348 3871 2657 3930 πολιτείαν
2715 3875 2785 3931 ’Ἠ
2849 3876 3046 3931 ἀποῦσι
3109 3878 3353 3955 γράφων,
3418 3879 3634 3939 είκότως
3686 3870 3823 3927 αὐτοῦ

2198 3963 2262 4016 τὸ
2293 3957 2470 4035 ὄνομα
2524 3961 2803 4039 προέταξε.
2864 3966 2961 4020 Διὰ
3019 3970 3183 4022 τοῦτο
3238 3963 3298 4021 δὲ
3349 3968 3461 4023 ἀπὸ
3514 3964 3714 4023 Σαύλου
3758 3956 3816 4015 εἷς

2199 4051 2419 4138 ΙΔΙαῦλον
2449 4051 2726 4125 μετετέθη,
2772 4050 2864 4107 ’ίνα
2925 4051 3054 4127 μηδ’
3113 4054 3166 4110 ἐν
3223 4055 3410 4131 τούτῳ
3463 4078 3599 4138 (pan
3630 4052 3813 4138 ἔλαττον

2200 4133 2345 4219 ἔχων
2400 4145 2510 4196 τῶν
2568 4140 2921 4208 ἀποστόλων,
2984 4140 3112 4215 μηδ’
3175 4144 3339 4201 αὐτοῦ
3401 4133 3499 4202 τοῦ
3563 4135 3822 4219 κορυφαίου

2199 4231 2425 4307 Πέτρου.
2474 4256 2502 4284 cc
2537 4231 2770 4295 Δοῦλος.
2806 4256 2834 4285 ››
2897 4232 3107 4290 Πολλοὶ
3169 4231 3423 4300 δουλείας
3474 4235 3684 4312 τρόποι,
3711 4224 3823 4288 εῗςδ

2197 4326 2299 4388 τῆς
2356 4318 2751 4396 δημιουργίας,
2809 4322 2889 4385 εἷς
2947 4323 2975 4377 6
3028 4330 3129 4393 τῆς
3187 4324 3447 4397 πίστεως,
3496 4319 3824 4384 ἁλλοςὸτῆς

435 4408 773 4475 creationis,
802 4409 955 4464 alius
987 4408 1146 4475 ﬁdei,
1181 4410 1390 4465 tertius
1421 4409 1808 4481 apostolatus,
1844 4414 2089 4479 quartus

2210 4407 2535 4478 ὶποστολῆς,
2588 4407 2771 4483 ἕτερος
2800 4412 2828 4465 6
2860 4410 2965 4465 ἀπὸ
3020 4417 3121 4480 τῆς
3179 4409 3490 4476 πολιτείας,
3523 4409 3622 4469 Καὶ
3652 4410 3823 4462 πάντας

432 4498 917 4552 conversationis.
954 4497 1170 4554 Omnes
1195 4504 1393 4553 autem
1421 4497 1628 4553 habuit
1660 4496 2082 4551 Paulus.Porro

2210 4490 2360 4569 ἔσχεν
2420 4498 2448 4551 δ
2508 4478 2746 4559 Ηαῦλδς-
2808 4498 3036 4564 Είωθὼς
3078 4478 3153 4555 ᾐδὲ
3208 4502 3495 4559 συνάπτειν
3543 4503 3620 4573 τῷ
3664 4490 3824 4562 οἰκείῳ

430 4586 639 4641 solitus
671 4593 762 4641 est
791 4588 1028 4659 proprio
1044 4586 1607 4659 nominiadjungere
1634 4607 1662 4635 ‹‹
1691 4585 2030 4656 Apostolus,
2056 4609 2081 4634 α

430 4691 593 4729 nunc
641 4682 841 4730 autem
898 4677 1223 4748 praeposuit
1270 4699 1297 4726 ι(
1353 4676 1631 4742 Servus,»
1668 4677 1965 4730 Romanos
2013 4672 2088 4729 ad

430 4763 713 4835 pietatem
732 4780 798 4818 ac
822 4765 1172 4820 modestiam
1189 4765 1498 4820 inducens.
1519 4767 1657 4819 Nam
1685 4763 1831 4819 adeo
1855 4763 2053 4835 magni
2069 4794 2081 4801 -

430 4851 542 4906 tice
573 4852 645 4906 de
664 4869 725 4907 se
758 4853 1187 4919 sentiebant,ut
1214 4872 1360 4926 quos
1383 4855 1813 4909 videretursuo
1837 4852 2074 4908 decreto

432 4939 575 4996 deos
606 4947 895 4995 crearent.
931 4941 1095 4996 Unde
1145 4943 1319 5013 (sicut
1344 4943 1553 5013 fertur)
1583 4959 1717 4997 cum
1738 4941 1885 5013 ipsis
1917 4940 2081 4995 indi-

434 5036 628 5086 casset
658 5029 757 5101 qui
791 5029 851 5084 in
879 5030 1094 5085 Iudaea:
1124 5031 1392 5102 partibus
1424 5031 1739 5103 praesidem
1777 5029 1986 5104 agebat
2010 5030 2082 5086 de

432 5122 702 5178 Christo:
737 5122 896 5195 quod
949 5123 1150 5177 Jesum
1201 5123 1518 5194 quemdam
1577 5123 1801 5179 ibidem
1850 5111 2099 5191 natum;

429 5214 917 5270 admirandorum
952 5220 1313 5286 patratorem
1332 5231 1578 5287 operum
1610 5231 1644 5270 a
1672 5215 1922 5270 mortuis
1954 5232 2081 5270 sur-

428 5305 650 5360 rexisse
683 5305 971 5370 dicerent,
1016 5305 1318 5374 Deumque
1356 5304 1749 5375 praedicarent
1795 5321 1807 5358 :
1841 5304 2078 5360 decreto

424 5394 719 5462 repulisse
770 5396 960 5465 aiunt,
1028 5394 1187 5466 quod
1247 5393 1308 5448 id
1381 5400 1597 5466 praeter
1655 5394 1920 5465 ipsorum
1976 5411 2078 5449 vo-

417 5487 713 5549 luntatem
745 5500 924 5541 ausus
954 5485 1184 5542 fuisset.
1220 5485 1353 5540 Fuit
1373 5491 1572 5540 autem
1601 5483 1812 5539 divinaa
1843 5483 2075 5556 dispen-

502 5657 522 5701 ²
552 5661 679 5716 Act.
716 5675 874 5731 nm,
907 5664 995 5717 26.

2201 4586 2433 4658 ὀνόματι
2462 4585 2549 4655 τὸ,
2578 4608 2607 4637 ‹‹
2630 4584 2991 4657 Ἀπόστολος,
3020 4613 3047 4641 n
3078 4594 3166 4644 νῦν
3196 4591 3278 4657 τὸ,
3311 4615 3332 4644 ι
3359 4589 3577 4658 δοῦλος,
3606 4614 3629 4637 ν
3654 4576 3825 4661 προτέ·

2197 4695 2389 4750 ταχεν,
2424 4673 2501 4738 είς
2559 4669 2846 4731 εὐλάϐειαν
2905 4677 3216 4750 Ῥωμαίους
3263 4678 3492 4758 ἐνάγων.
3526 4676 3703 4736 Οὕτως
3732 4668 3820 4743 γὰρ

2199 4764 2333 4833 ἦσαν
2392 4764 2994 4842 πεφρονηματισμένοι,
3053 4766 3127 4829 ὡς
3184 4770 3493 4845 ψηφίσματι
3535 4763 3680 4831 θεοὺς
3709 4760 3822 4845 ἁνα-

2199 4854 2439 4929 γορεῦειν
2500 4852 2594 4916 οὕς
2657 4854 2994 4929 βουληθεῖεν.
3054 4857 3231 4923 Ὅθεν,
3281 4843 3361 4921 νὼς
3422 4857 3603 4933 λόγος,
3640 4843 3816 4933 γνωρίτ

2204 4963 2396 5005 σαντος
2453 4942 2637 5005 αὐτοῖς
2698 4947 2797 4998 τοῦ
2862 4944 2997 5000 κατὰ
3064 4944 3324 5004 Ἰουδαίαν
3393 4930 3651 5024 ἄρχοντος
3708 4930 3816 5007 περί

2203 5035 2458 5107 Χριστοῦ,
2518 5033 2604 5087 ὅτι
2662 5032 2874 5102 Ἰησοῦν
2928 5054 3049 5089 τινα
3099 5036 3389 5110 γενόμενον
3446 5034 3657 5093 ἐνταῦθα
3706 5038 3816 5110 θαυέ

2207 5123 2539 5196 ματοποιὸν,
2610 5122 2745 5194 μετὰ
2812 5123 3033 5178 θάνατον
3098 5109 3389 5202 ἶγηγέρθαι
3465 5125 3674 5200 λέγουσι
3741 5109 3818 5202 καί

2201 5212 2331 5267 Θεὸν
2424 5210 2721 5285 κηρύττου,
2816 5198 3276 5293 ἀειιτοιιιηιρίσασθαι⁷
3351 5198 3548 5281 τοῦτο,⁷
3620 5207 3701 5263 διὰ
3764 5198 3817 5293 τδ

2199 5301 2346 5377 παρὰ
2391 5300 2616 5375 γνώμην
2666 5298 2842 5355 αὐτων
2891 5290 3287 5376 τετολμῆσθαι.
3337 5306 3439 5362 Ἦν
3473 5301 3528 5358 δὶ
3569 5299 3711 5364 θαίας
3735 5290 3812 5344 οἱ·

2197 5387 2485 5463 κονομίας,
2517 5388 2592 5449 ὣς
2623 5386 2683 5443 ἂν
2719 5390 2797 5462 μὴ
2858 5387 2986 5466 δόξῃ
3045 5392 3160 5447 κατ’
3191 5392 3533 5469 ἀνθρωπίνην
3560 5386 3642 5444 καὶ
3669 5383 3810 5437 τοῦτο

2189 5478 2585 5555 κεκρατηκέναι
2619 5476 2887 5551 σπουδήν.
2938 5504 2967 5534 ι‹
3001 5482 3174 5548 Ἰησοῦ
3242 5487 3500 5558 Χριστοῦ.
3530 5503 3557 5532 »
3613 5474 3682 5533 Τὸ
3716 5471 3809 5535 ³1η·
