4112 6250
249 372 366 434 325

1436 367 1842 432 COMMENT.
1890 369 1967 429 IN
2017 369 2262 430 EPIST.
2312 374 2416 433 AD
2466 371 2647 432 ROM.

3626 377 3746 436 326

268 509 422 575 σοῦς,
467 503 534 558 τὸ
569 503 922 577 ἀνθρώπιον
995 503 1194 577 δηλοῖ,
1245 504 1341 572 τὴν
1397 499 1454 557 δὲ
1511 506 1609 558 τοῦ
1667 499 1977 574 ΙΙνεῦματος

2099 503 2345 558 sationis
2367 509 2434 560 ut
2464 504 2547 560 ita
2569 504 2756 570 fleret,
2791 519 2865 558 ne
2887 503 3187 558 videretur
3207 509 3264 559 et
3286 504 3397 560 hoc
3415 505 3744 564 obtinuisse

277 596 462 678 χρίσιν
489 596 556 650 τί)
586 596 874 669 Χριστός.

401 869 613 940 sint;
701 867 1057 940 ἀπόστολος,
1144 869 1514 949 ἀφωρισμένος
1602 868 1678 928 εἷς
1760 866 1991 940 Εὐαγγέ-

341 960 458 1016 λιον
513 963 657 1025 Θεοῦ,
719 957 748 1013 ὅ
812 959 1303 1036 προεπηγγείλατο
1355 957 1444 1013 διὰ
1525 962 1633 1012 τῶν
1687 960 1990 1036 προφητῶν

337 1049 502 1105 αὐτοῦ
550 1047 600 1102 ἐν
652 1053 899 1125 Γραιραῖς
1001 1047 1199 1122 ἁγίαις,
1246 1049 1370 1121 περὶ
1454 1050 1550 1102 τοῦ
1607 1046 1736 1100 Υἱοῦ
1821 1045 1988 1099 αὐτοῦ

337 1145 442 1193 τοῦ
477 1139 782 1215 γενομὲνου
813 1137 875 1193 ἐκ
899 1133 1210 1212 σπέρματος
1243 1135 1406 1192 Δαυίδ
1461 1137 1595 1192 κατὰ
1649 1136 1836 1210 σάρκα·
1893 1138 1989 1190 τοῦ

325 1225 640 1300 ὁρισθέντος
701 1226 832 1279 Υἱοῦ
913 1229 1049 1281 Θεοῦ
1105 1223 1158 1278 ἐν
1245 1222 1486 1297 δυνάμει,
1552 1224 1687 1278 κατὰ
1775 1227 1990 1297 Πνεῦμα

331 1315 676 1389 ἁγιωσύνης,
704 1313 760 1385 ἐξ
790 1313 1128 1376 ἀναστάσεως
1153 1317 1353 1389 νεκρῶν
1385 1315 1569 1384 Ἰησοῦ
1609 1315 1843 1388 Χριστοῦ
1893 1315 1989 1366 τοῦ

322 1404 535 1478 Κυρίου
569 1407 766 1476 ἡμῶν.

394 1494 788 1569 Εὐγνωμὸνως
821 1491 1111 1568 ὁμολογεῖ,
1156 1492 1239 1547 ὅτι
1297 1492 1407 1567 οὐχ
1461 1491 1597 1547 ἑκὼν
1656 1491 1987 1566 προσῆλθεν,

312 1584 468 1638 ἀλλὰ
527 1583 778 1648 κληθείς.
841 1584 1075 1653 Κληθεὶς
1134 1581 1211 1653 δὲ,
1269 1583 1368 1638 οὐκ
1424 1582 1500 1644 εἲς
1561 1584 1742 1637 πίστιν
1803 1580 1985 1655 μόνον,

314 1673 468 1730 ἀλλὰ
498 1678 595 1730 καὶ
633 1676 712 1736 εἷς
753 1675 1088 1745 ἀποστολήν.
1153 1672 1557 1752 Ἀφωρισμένος
1617 1672 1692 1734 εἷς
1749 1671 1988 1746 Εὐαγγέ-

323 1767 445 1818 λιον
471 1769 640 1823 Θεοῦ.
674 1791 695 1817 ι
733 1764 940 1826 Ἀλλος
975 1766 1092 1837 μὲν,
1119 1765 1302 1843 φησὶν,
1338 1763 1388 1818 ἐν
1423 1763 1642 1832 ἃλΛοις,
1675 1762 1785 1837 ἐγὼ
1817 1759 1872 1816 δὲ
1910 1760 1986 1822 εἷς

2096 590 2363 649 humana
2384 594 2712 666 diligentia.
2737 615 2764 643 «
2789 594 2925 648 Jesu
2949 593 3183 649 Christi.
3211 617 3239 644 »
3270 596 3438 650 Jesus
3467 597 3746 653 humani-

2095 684 2279 736 tatem
2331 683 2669 755 signitlcat:
2721 683 2988 738 Christus
3036 699 3172 738 vero
3221 683 3472 756 Spiritus
3517 689 3744 743 unctio-

2097 787 2254 825 nem.

2095 858 2136 924 ι,
2180 863 2292 917 1-4.
2353 863 2586 917 Vocatus
2638 863 2954 934 Apostolus,
3006 871 3319 934 segregatus
3374 867 3435 920 in
3489 868 3744 937 Evange-

2097 948 2231 1003 lium
2281 952 2400 1017 Dei,
2451 951 2598 1021 quod
2643 958 2768 1006 ante
2809 955 3140 1021 promiserat
3188 970 3294 1024 per
3330 955 3634 1025 prophetas
3683 961 3743 1012 in

2094 1038 2398 1108 Scripturis
2426 1043 2630 1096 sanctis
2653 1042 2720 1096 de
2759 1043 2876 1111 ipso
2905 1042 3049 1096 Filio
3078 1059 3176 1097 suo
3199 1061 3217 1097 :
3249 1045 3349 1114 qui
3375 1047 3556 1112 factus
3587 1053 3663 1101 est
3691 1050 3742 1102 ei

2098 1145 2166 1183 ea:
2194 1131 2396 1183 semine
2430 1131 2622 1196 David,
2653 1132 2951 1186 secundum
2992 1149 3233 1188 carnem.
3271 1135 3376 1198 Qui
3423 1134 3741 1192 declaratus

2097 1224 2174 1272 est
2225 1219 2374 1286 filius
2440 1221 2533 1274 Dei
2590 1237 2696 1290 per
2759 1223 3034 1289 virtutem,
3101 1224 3400 1277 secundum
3464 1226 3737 1295 Spiritum

2092 1309 2566 1376 sanctificationis,
2621 1325 2690 1364 ex
2744 1313 3140 1366 resurrectione
3196 1320 3542 1368 mortuorum
3607 1317 3736 1371 Jesu

2099 1397 2305 1452 Christi
2335 1400 2555 1454 Domini
2579 1403 2775 1454 nostri.

2171 1504 2428 1560 Modeste
2452 1506 2769 1561 confitetur
2787 1508 2943 1578 quod
2962 1525 3080 1563 non
3101 1509 3411 1566 ultroneus
3434 1513 3739 1581 acceserit,

2097 1590 2201 1645 sed
2230 1597 2488 1646 vocatus.
2522 1593 2772 1648 Vocatus
2795 1600 2993 1648 autem
3021 1611 3139 1650 non
3171 1602 3400 1651 tantum
3433 1597 3505 1652 ad
3534 1598 3733 1662 ﬁdem,

2096 1680 2199 1735 sed
2228 1681 2408 1736 etiam
2439 1681 2513 1736 ad
2559 1683 2977 1753 apostolatum.
3014 1703 3045 1736 «
3081 1685 3426 1759 Segregatus
3457 1687 3517 1740 in
3549 1689 3736 1741 Evan-

2091 1769 2310 1841 gelium
2338 1770 2461 1825 Dei.
2499 1793 2526 1820 »
2560 1771 2728 1825 Alius
2774 1772 3020 1842 quidem
3055 1774 3128 1828 ad
3177 1775 3316 1843 alia,
3364 1792 3467 1848 ego
3499 1792 3632 1831 vero
3663 1777 3738 1831 ad

315 1856 662 1932 Εὗαγγέλιον
725 1857 1078 1934 ἀφώρισμαι,
1133 1855 1263 1929 ὅπερ
1319 1855 1449 1909 Θεὸν
1510 1849 1636 1908 ὅντα
1691 1854 1780 1907 τὸν
1854 1854 1977 1927 Χρι-

2090 1859 2486 1930 Evangelium,
2522 1860 2738 1930 inquit,
2773 1868 3114 1933 segregatus
3147 1881 3298 1933 sum,
3333 1865 3737 1934 utChristum,

318 1949 464 2015 στὸν,
501 1944 924 2022 εὐηγγελίζετο.
965 1946 1071 2001 Τὸν
1133 1945 1236 2020 γὰρ
1295 1945 1505 2018 Πατέρα
1552 1939 1856 2018 προῄδεσαν
1923 1942 1982 1996 ἐκ

317 2041 411 2099 τῆς
447 2035 729 2094 Παλάιᾶς.
764 2032 936 2090 Οὐδὲν
969 2032 1050 2101 δὲ,
1083 2035 1269 2110 φησὶν,
1301 2032 1407 2108 ἐρῶ
1440 2034 1780 2106 σκυθρωπὸν,
1825 2032 1897 2093 ὡς
1930 2031 1982 2085 οἱ

326 2128 628 2201 προσθῆται,
663 2122 794 2178 ἀλλ’
829 2122 1250 2199 εὐαγγελίζομαι
1308 2124 1436 2178 Θεὸν
1496 2121 1976 2196 ἐνηνϐρωπηκότα.

335 2216 447 2270 ειὋ
476 2212 989 2288 προεπηγγείλατο.
1049 2236 1077 2264 )›
1133 2209 1362 2283 Μηδεὶς,
1422 2212 1578 2289 φησὶ,
1629 2215 1978 2284 καινοτομεῖν

341 2326 403 2377 με
431 2305 650 2379 souis-9,
683 2305 860 2358 πάλαι
920 2303 1227 2380 ἐπήγγε).το
1286 2308 1445 2359 τοῦτο
1501 2305 1564 2358 τὸ
1615 2301 1979 2378 Εὐαγγὲλιον.

336 2395 402 2450 Τὸ
432 2394 499 2461 ἑὲ,
530 2420 558 2445 ‹‹
597 2394 654 2449 ἐν
693 2399 956 2473 Γρασραῖς,
996 2417 1017 2446 ι
1050 2391 1236 2464 δηλοῖ,
1269 2394 1352 2448 ’ὀτι
1384 2394 1446 2449 οὐ
1482 2393 1648 2468 μόνον
1710 2391 1894 2466 ἔλεγον
1929 2393 1981 2445 οἱ

321 2491 620 2560 πφρῆται,
677 2482 829 2537 ἀλλὰ
880 2483 971 2536 καὶ
1015 2476 1268 2558 ἔγραφον.
1331 2482 1446 2539 Οὐκ
1501 2482 1640 2550 εἶπε,
1699 2480 1821 2555 περὶ
1853 2480 1979 2533 Υἳοῦ

313 2573 496 2644 αὐτοῦ,
535 2571 719 2640 ἀλλὰ,
776 2573 890 2628 Τοῦ
948 2572 1076 2625 Υἱοῦ
1134 2572 1320 2642 αὐτοῦ,
1379 2572 1472 2626 τὸν
1529 2570 1683 2634 φύσει
1741 2569 1832 2624 καὶ
1889 2566 1980 2624 ἕνα

306 2669 394 2716 καί
430 2663 651 2737 κυρίως
689 2661 811 2716 ne»
847 2662 937 2715 καὶ
998 2663 1283 2736 Μονογενῆ
1340 2658 1548 2730 δηλῶν,
1583 2685 1609 2711 ‹‹
1645 2660 1794 2716 Κατὰ
1853 2658 1982 2732 σάρ-

304 2774 395 2808 κα.
432 2777 462 2803 n
501 2753 662 2808 Κατὰ
696 2753 803 2826 γὰρ
853 2756 1082 2824 πνεῦμα,
1142 2751 1268 2812 Υἱὸς
1327 2755 1460 2805 Θεοῦ
1507 2753 1595 2819 ἦν.
1636 2776 1655 2799 ι
1694 2753 1805 2806 Τοῦ
1863 2749 1977 2823 ὁρι·

311 2844 530 2898 σθένω.
579 2867 608 2892 υ
641 2843 761 2897 Τοῦ
805 2838 1228 2915 ἀποδειχθέντος
1285 2841 1375 2896 καὶ
1436 2839 1834 2916 ἁποφανθὲντος
1893 2835 1980 2892 διά

297 2955 358 2988 τε
387 2939 501 2987 τῶν
529 2935 872 3008 προφητῶν,
907 2928 994 2985 διά
1031 2953 1089 2986 τε
1145 2937 1253 2986 τῶν
1307 2931 1582 2986 τοσούτων
1617 2934 1975 3004 θεοσημειῶν,

303 3019 397 3076 διά
423 3044 486 3077 τε
515 3029 623 3091 τῆς
658 3022 1025 3082 ἀναστάσεως.
1049 3021 1272 3078 Τούτων
1303 3021 1405 3097 γάρ
1433 3021 1466 3090 ἠ
1523 3017 1828 3093 συνδρομή,
1885 3017 1975 3074 δι-

315 3113 484 3182 ορὶζει
519 3112 687 3166 αὐτὸν
725 3110 784 3165 ἐκ
814 3115 924 3164 τῶν
952 3108 1140 3164 ἄλλων
1181 3111 1427 3164 ἁπάντων
1458 3113 1563 3164 τῶν
1623 3111 1759 3164 κατά
1818 3112 1978 3183 χάριν

325 3198 639 3266 fngitis-timo
672 3203 829 3256 υἱῶν.
893 3201 986 3254 Διὸ
1041 3201 1132 3254 καί
1188 3221 1292 3271 τις,
1353 3203 1450 3254 τοῦ
1495 3200 1820 3273 ὁρισθέντος,
1877 3203 1976 3252 τοῦ

338 3285 774 3360 ἒπεγνωσῦἒντος,
809 3289 968 3369 φησὶ,
1019 3289 1108 3344 καιῖ
1149 3288 1227 3352 εἷς
1279 3295 1478 3364 γνῶσιν
1525 3289 1833 3361 ἀνθρώποις
1883 3285 1977 3341 ἕλ’

342 3374 554 3436 θὸντος.
617 3379 880 3453 Εἷώθαμεν
947 3379 1046 3453 γὰρ
1117 3376 1186 3432 δι’
1270 3381 1515 3454 ὁρισμῶν
1585 3400 1746 3434 τινων
1793 3376 1974 3453 ἐπιγι-

342 3466 585 3536 νὼσκειν,
642 3467 678 3521 ἆ
727 3464 968 3542 βεϐαίως
996 3469 1082 3523 καὶ
1144 3470 1245 3524 οὐκ
1303 3467 1354 3522 ἐν
1414 3465 1698 3544 ὃισταγμῷ
1755 3465 1975 3522 ἐπιστάς

335 3559 483 3627 μεθά.
521 3581 550 3605 τι
582 3559 665 3614 Ἐν
695 3556 942 3630 δυνάμει.
980 3581 1009 3608 »
1039 3559 1349 3626 Τουτὲστιν,
1410 3557 1472 3614 οὐ
1525 3557 1734 3631 χάριτι,
1793 3557 1868 3620 ὡς
1925 3557 1977 3610 οἱ

334 3645 550 3712 πολλοέ,
584 3646 733 3702 ἀλλᾶ
753 3645 986 3720 δυνάμει
1018 3646 1216 3718 οἲκείᾳ,
1245 3647 1310 3716 ἣν
1342 3647 1554 3722 ἐνήργει
1604 3645 1657 3700 ἐν
1707 3651 1824 3707 ταῖς
1855 3646 1977 3700 θεο-

337 3737 603 3806 σημείαις.
640 3768 667 3787 ιι
710 3737 863 3792 Κοιτὰ
895 3740 1110 3809 Πνεῦμα
1141 3735 1476 3813 ἁγιωσύνης.
1537 3763 1558 3791 ι
1618 3734 1720 3792 Καὶ
1768 3733 1820 3789 ἐν
1879 3738 1976 3789 τοῦ

331 3825 477 3898 ἁγίου
512 3825 862 3897 ΙΙνεῦματος,
895 3825 1082 3903 φησὶν,
1146 3826 1174 3878 δ
1208 3826 1440 3904 παρέχει
1496 3829 1612 3886 τοῖς
1680 3823 1756 3888 εἷς
1813 3823 1972 3879 αὐτὸν

315 3916 685 3970 πιστεύουσιν.
723 3939 751 3964 ‹‹
787 3917 872 3987 Ἐξ
907 3915 1266 3975 ἀναστάσεως.
1304 3915 1458 3970 »Καὶ
1508 3913 1566 3969 ἐκ
1622 3921 1724 3983 τῆς
1759 3913 1980 3968 ἀναστά-

309 4023 467 4073 σεως,
503 4006 670 4081 φησί,
701 4004 794 4058 καὶ
828 4011 928 4073 τῆς
959 4009 1056 4058 τοῦ
1114 4003 1338 4059 θανάτου
1389 4003 1754 4065 καταλύσεως.
1818 4005 1973 4060 Ἀναο

311 4096 556 4154 στάσεως
592 4089 674 4161 δὲ,
708 4092 780 4161 ἦς
807 4093 966 4154 αὐτὸς
1002 4093 1190 4162 ἀνέστη
1234 4094 1262 4148 ὁ
1296 4094 1496 4167 Κύριος
1545 4095 1705 4165 ἡμῶν
1764 4094 1974 4164 Ἰησοῦς

312 4183 588 4257 Χριστός.

381 4453 464 4506 Δι’
521 4453 586 4506 οὗ
641 4447 911 4527 ἐλάϐομεν
962 4455 1124 4530 χάριν
1183 4456 1272 4510 καὶ
1340 4455 1652 4524 ἀποστολήν
1713 4454 1789 4516 είς
1873 4455 1974 4508 ὑπ-

309 4543 488 4609 ακοὴν
569 4542 800 4604 πίστεως
872 4543 922 4597 ἐν
1011 4550 1142 4598 πᾶσι
1215 4549 1332 4606 τοῖς
1395 4544 1624 4614 ἔθνεσιν,
1687 4545 1816 4618 ὑπὲρ
1874 4551 1971 4600 τοῦ

311 4631 594 4703 ὀνόματος
655 4633 840 4690 αὑτοῦ.
894 4634 980 4688 Ἐν
1057 4634 1138 4694 οἷς
1203 4632 1319 4688 ἐστε
1379 4635 1470 4688 καὶ
1541 4635 1697 4707 ὑμεῖς
1773 4632 1974 4703 κλητοὶ

305 4720 499 4788 Ἰησοῦ
547 4721 806 4793 Χριστοῦ.
875 4725 1008 4777 Hist
1058 4727 1172 4783 τοῖς
1257 4723 1403 4776 οὖσιν
1474 4722 1527 4777 ἐν
1584 4723 1776 4796 Ῥώμῃ
1833 4723 1971 4796 ἀγα-

305 4815 512 4876 πητοῖς
608 4815 743 4866 Θεοῦ
822 4809 1050 4882 κλητοῖς
1130 4813 1328 4886 ἁγίοις·
1433 4811 1592 4887 χάρις
1681 4811 1809 4882 ὑμῖν
1884 4811 1973 4865 καὶ

315 4897 499 4970 sig-15m
569 4899 676 4954 άπὸ
734 4906 868 4955 Θεοῦ
930 4899 1137 4976 Πατρὸς
1171 4903 1332 4974 ἡμῶν
1391 4902 1478 4955 καὶ
1541 4900 1746 4974 Κυρίου
1793 4901 1972 4972 Ἰησοῦ

324 4987 584 5061 Χριστοῦ.

388 5076 498 5130 Οὔκ
524 5075 574 5149 ἐξ
608 5077 848 5147 οἰκείων,
885 5079 1038 5156 φησὶ,
1099 5079 1498 5152 κατορθώματα
1538 5071 1810 5149 ἐλάϐομεν
1870 5078 1970 5147 τήν

312 5164 656 5236 ἀποστολήν,
689 5169 836 5222 ἀλλὰ
897 5169 958 5223 τὸ
1015 5173 1116 5223 πᾶν
1171 5170 1399 5243 χάριτος
1455 5167 1543 5222 καὶ
1576 5165 1779 5239 δωρεᾶς
1837 5167 1968 5224 ἐστι.

306 5277 333 5305 ιι
370 5256 543 5330 Χάριν
575 5257 666 5311 καὶ
700 5257 1044 5326 ἀποστολὴν,
1081 5281 1107 5306 ι»
1151 5256 1269 5310 ἀντὶ
1303 5261 1418 5321 τοῦ,
1479 5257 1642 5331 χάριν
1701 5255 1776 5316 εἷς
1834 5257 1970 5310 ἀπο-

316 5344 537 5415 στολήν.
573 5347 770 5404 Καίτοι
815 5345 914 5400 τοῦ
975 5345 1288 5418 ΙΙνεύματος
1359 5347 1386 5413 ἡ
1445 5345 1725 5413 ἀποστολὴ
1783 5343 1968 5412 αὐτοῦ,

308 5433 382 5495 ὡς
415 5434 465 5490 ἐν
496 5443 617 5500 ταῖς
657 5437 893 5511 Πράξεσι
926 5441 1118 5490 κεῖται.
1180 5433 1358 5490 Ἀλλά
1415 5436 1590 5489 πάντα
1645 5434 1800 5488 κοινὰ
1858 5431 1972 5488 οἶδε

348 5523 361 5539 \
435 5533 460 5543 ο
537 5528 550 5544 ο
603 5529 614 5545 υ
832 5522 880 5541 οκ
1113 5523 1128 5544 ν
1225 5524 1238 5545 ε
1409 5523 1422 5541 \
1562 5523 1573 5542 1
1953 5521 1968 5540 \

306 5542 368 5576 τπ
396 5546 494 5596 της
525 5548 683 5603 αγιας
707 5532 963 5601 Τριαοος.
1001 5548 1027 5575 η
1063 5531 1161 5585 Εις
1219 5543 1462 5592 υπακοην
1513 5544 1772 5585 πιστεως.
1805 5547 1832 5575 ››
1867 5525 1970 5578 Και

303 5613 400 5690 γὰρ
431 5616 492 5672 οὐ
525 5614 607 5673 δεῖ
632 5615 1137 5692 πολυπραγμονεῖν
1168 5611 1417 5690 γέννησιν
1475 5611 1567 5666 καὶ
1600 5610 1780 5668 οὐσίαν
1815 5615 1970 5682 Θεοῦ,

300 5701 434 5761 ἄλλά
468 5710 641 5785 μόνον
677 5703 1011 5764 ὑπακούειν.
1058 5727 1078 5754 ι
1115 5704 1200 5759 Ἐν
1260 5707 1390 5756 πᾶσι
1440 5706 1557 5764 τοῖς
1591 5699 1814 5766 ἔθνεσιν.
1845 5725 1874 5755 ››
1905 5699 1973 5758 Ei’

2087 1949 2188 2017 qui
2217 1950 2370 2004 Deus
2403 1955 2510 2014 est,
2544 1953 2982 2007 annuntiarem.
3011 1955 3244 2008 Patrem
3277 1970 3534 2025 namque
3567 1971 3601 2010 a
3640 1972 3740 2009 ve-

2085 2040 2196 2091 teri
2227 2038 2354 2110 lege
2387 2048 2926 2112 przecognoverant.
2972 2043 3125 2097 Nihil
3174 2051 3371 2099 autem
3407 2046 3573 2099 triste
3603 2044 3737 2098 dico

2085 2145 2250 2184 more
2282 2131 2726 2201 prophetarum,
2761 2133 2863 2187 sed
2907 2134 3089 2188 Deum
3128 2135 3352 2190 factum
3392 2152 3520 2191 esse
3554 2136 3740 2190 homi-

2089 2235 2227 2272 nem
2261 2222 2570 2274 annuntio.
2607 2243 2633 2270 «
2669 2222 2831 2286 Quod
2865 2230 3000 2277 ante
3035 2226 3408 2295 promiserat.
3445 2248 3472 2275 »
3505 2226 3733 2293 Nullus,

2091 2307 2308 2377 inquit,
2344 2325 2437 2362 me
2487 2326 2581 2363 res
2621 2326 2802 2364 novas
2835 2311 3030 2364 moliri
3063 2313 3402 2368 arbitretur.
3437 2315 3588 2369 Olim
3621 2331 3732 2368 an-

2087 2396 2428 2450 nuntiatum
2452 2404 2541 2451 est
2559 2398 2959 2469 Evangelium.
2985 2401 3148 2464 Quod
3171 2408 3368 2455 autem
3400 2403 3583 2472 addit,
3617 2426 3640 2454 ι
3663 2405 3730 2456 In

2088 2485 2426 2555 Scripturis,
2462 2509 2489 2536 ~>
2523 2487 2820 2558 signiﬁcat
2851 2488 3009 2558 quod
3056 2507 3175 2544 non
3207 2491 3401 2545 solum
3455 2491 3733 2545 dicebant

2086 2574 2412 2644 prophetae,
2448 2575 2552 2629 sed
2583 2581 2641 2630 et
2668 2576 3026 2632 scribebant.
3054 2580 3167 2633 Nec
3192 2579 3545 2650 simpliciter
3567 2579 3736 2644 dixit,

2085 2663 2165 2717 De
2199 2662 2342 2718 ﬁlio.
2379 2663 2481 2718 sed
2513 2663 2637 2735 περὶ
2667 2667 2762 2716 τοῦ
2806 2665 2924 2718 (“toﬁ
2955 2665 3149 2733 αὐτοῦ,
3193 2668 3393 2722 addito
3443 2668 3734 2734 articulo;

2083 2750 2144 2805 id
2168 2759 2279 2822 est,
2312 2752 2383 2807 de
2416 2753 2543 2824 ipso
2576 2753 2721 2808 Filio
2757 2772 2886 2822 suo,
2922 2773 3058 2812 eum
3073 2756 3731 2830 videlicetsigniﬁcans,

2087 2843 2187 2913 qui
2222 2847 2439 2897 natura
2471 2849 2530 2896 et
2569 2843 2721 2898 203
2754 2861 2929 2913 unus,
2976 2848 3332 2918 proprieque
3387 2847 3570 2902 Filius
3603 2863 3731 2902 esse

2086 2931 2459 3002 Unigenitus.
2484 2932 2869 2989 «Secundum
2893 2952 3200 2990 carnem.»
3229 2939 3372 2991 Nam
3406 2937 3733 2990 secundum

2085 3019 2362 3089 spiritum
2389 3020 2570 3074 Filius
2599 3022 2695 3075 Dei
2722 3028 2866 3076 erat.
2890 3046 2915 3072 (ι
2938 3025 3044 3087 Qui
3066 3025 3398 3080 declaratus
3430 3031 3537 3079 est.
3574 3048 3600 3074 ››
3625 3024 3734 3090 Qui

2085 3107 2530 3164 demonstratus
2563 3116 2652 3164 est
2694 3128 2800 3181 per
2829 3113 3168 3183 prophetas,
3193 3119 3252 3168 et
3281 3132 3386 3184 per
3424 3120 3510 3168 tot
3537 3113 3736 3168 divina

2089 3197 2276 3268 signa,
2325 3203 2382 3252 et
2427 3215 2534 3269 per
2575 3203 3096 3256 resurrectionem.
3133 3204 3351 3257 Horum
3398 3203 3555 3257 enim
3602 3220 3736 3257 con-

2089 3303 2295 3340 cursus
2329 3293 2594 3360 segregat
2638 3289 2828 3359 ipsum
2869 3291 2941 3344 ab
2992 3293 3124 3346 aliis
3166 3293 3462 3360 omnibus,
3494 3293 3594 3363 qui
3629 3309 3734 3363 per

2085 3376 2335 3447 gratiam
2368 3378 2554 3432 vocati
2595 3384 2752 3433 sunt.
2805 3379 2938 3435 ldeo
2981 3382 3161 3436 etiam
3203 3383 3444 3453 quidam
3491 3378 3733 3453 ὁρισθὲν-

2082 3484 2174 3525 τος
2205 3467 2423 3539 cogniti
2457 3467 2904 3538 interpretatur,
2932 3476 2990 3525 et
3022 3472 3084 3526 in
3109 3473 3423 3528 hominum
3458 3472 3732 3527 notitiam

2083 3555 2394 3612 venientis.
2431 3556 2699 3612 Solemus
2724 3560 2884 3613 enim
2916 3555 2985 3612 δι’
3017 3560 3261 3633 ὁρισμῶν
3294 3581 3476 3630 τινων,
3513 3563 3622 3617 hoc
3645 3567 3735 3615 est

2085 3661 2192 3716 per
2213 3645 2592 3701 deﬁnitiones
2611 3648 2920 3718 quasdam,
2946 3667 3301 3723 cognoscere
3321 3669 3452 3722 quae
3478 3652 3730 3706 ﬁrmiter

2088 3740 2145 3788 et
2172 3751 2291 3789 non
2329 3735 2682 3805 ambigendo
2728 3739 3125 3810 cognovimus.
3165 3761 3192 3789 «
3227 3740 3335 3793 Per
3364 3740 3665 3794 virtutem.
3704 3760 3731 3787 ››

2087 3824 2207 3878 Hoc
2238 3828 2345 3890 est,
2381 3841 2499 3877 non
2536 3825 2743 3895 gratia,
2776 3834 2842 3880 ut
2869 3827 3064 3895 multi,
3098 3828 3200 3881 sed
3234 3828 3446 3881 virtute
3496 3827 3734 3898 propria

2087 3928 2265 3982 quam
2287 3912 2349 3964 in
2377 3911 2592 3966 divinis
2617 3913 2799 3984 signis
2829 3917 3152 3970 exserebat.
3185 3939 3211 3967 «
3238 3916 3572 3970 Secundum
3607 3917 3732 3986 Spi-

2085 4001 2265 4054 ritum
2285 3999 2789 4055 sanctiﬁcationis.
2815 4027 2832 4047 -
2857 4004 2926 4055 Et
2944 4020 3013 4057 ex
3031 4003 3271 4075 Spiritu.
3305 4005 3404 4071 ait,
3441 4021 3617 4074 quem
3635 4005 3736 4059 dat

2084 4089 2146 4142 in
2183 4105 2244 4142 se
2275 4087 2674 4143 credentibus.
2710 4116 2734 4145 (ι
2767 4091 2847 4143 Ex
2877 4094 3334 4147 resurrectione.
3373 4121 3394 4144 ιι
3431 4095 3500 4146 Et
3535 4110 3606 4148 ex
3639 4111 3732 4148 re-

2087 4178 2477 4246 surrectione,
2499 4180 2712 4249 inquit,
2741 4181 3068 4251 mortisque
3093 4182 3495 4239 destructione
3523 4203 3535 4238 :
3574 4201 3732 4239 resu-

2086 4270 2346 4323 rectione
2378 4274 2575 4324 autem
2607 4286 2724 4340 qua
2765 4273 3021 4326 surrexit
3050 4273 3177 4345 ipse
3209 4274 3494 4328 Dominus
3528 4279 3734 4328 noster

2085 4361 2110 4414 J
2118 4375 2254 4413 esus
2287 4358 2576 4413 Christus.

2087 4453 2129 4515 l,
2165 4451 2285 4504 5-7.
2318 4449 2422 4502 Per
2470 4465 2631 4518 quem
2686 4453 2994 4520 accepimus
3046 4455 3283 4522 gratiam
3343 4461 3396 4508 et
3446 4453 3730 4522 apostolac

2089 4543 2202 4592 tum
2232 4537 2305 4591 ad
2331 4538 2693 4592 obediendum
2717 4541 2848 4608 ﬁdei
2870 4557 2975 4609 per
3005 4557 3184 4596 omnes
3209 4549 3412 4613 gentes,
3444 4558 3608 4611 super
3627 4559 3729 4597 no-

2088 4629 2232 4682 mine
2263 4628 2402 4697 ejus,
2431 4630 2582 4682 intcr
2610 4645 2746 4698 quas
2777 4632 2902 4684 estis
2933 4637 2984 4684 et
3014 4648 3103 4686 vos
3133 4637 3311 4687 vocati
3339 4637 3465 4689 Jesu
3499 4633 3722 4689 Christi.

2087 4717 2347 4772 Omnibus
2372 4719 2476 4788 qui
2506 4721 2631 4772 estis
2656 4721 2856 4786 Romae,
2883 4720 3095 4776 dilectis
3117 4723 3234 4790 Dei,
3267 4727 3472 4781 vocatis
3501 4727 3731 4790 sanctis,

2084 4810 2277 4875 gratia
2306 4809 2454 4862 vobis
2506 4813 2554 4862 et
2587 4825 2708 4878 pax
2737 4825 2770 4862 a
2819 4810 2923 4864 Deo
2967 4813 3132 4866 Patre
3175 4821 3364 4870 nostro
3391 4821 3443 4870 et
3492 4817 3730 4870 Domino

2081 4896 2211 4948 Jesu
2240 4895 2477 4949 Christo.

2154 5075 2279 5127 Non
2303 5089 2371 5126 ex
2391 5073 2664 5144 propriis,
2686 5074 2896 5145 inquit,
2922 5076 3095 5134 bonis
3118 5082 3397 5153 operibus
3429 5082 3727 5154 apostola-

2085 5167 2208 5216 tum
2231 5161 2587 5231 accepimus,
2622 5163 2723 5217 sed
2756 5167 3042 5238 quidquid
3071 5170 3127 5222 id
3161 5177 3267 5237 est,
3300 5172 3488 5242 gratia
3524 5177 3637 5234 est,
3673 5177 3732 5226 et

2082 5251 2325 5305 donum.
2364 5273 2388 5298 «
2425 5250 2679 5305 Gratiam
2715 5260 2772 5307 et
2810 5258 3228 5326 apostolatum.
3270 5280 3296 5306 ››
3341 5259 3449 5313 hoc
3485 5266 3578 5313 est
3609 5276 3732 5332 gra-

2081 5341 2222 5393 tiam
2256 5338 2328 5392 ad
2346 5341 2762 5410 apostolatum.
2789 5346 2963 5415 Atqui
2995 5347 3359 5416 apostolatus
3384 5350 3510 5419 ejus
3543 5350 3733 5420 Spiri-

2082 5436 2176 5484 tus
2208 5429 2396 5483 sancti
2429 5434 2536 5496 est,
2574 5431 2726 5485 sicut
2755 5433 2816 5486 in
2855 5435 3012 5488 Actis
3058 5435 3344 5489 habetur:
3389 5437 3490 5492 sed
3525 5441 3723 5494 omnia

2081 5524 2298 5574 sanctae
2325 5516 2628 5573 Trinitatis
2659 5536 2840 5592 opera
2862 5523 3022 5576 novit
3039 5539 3168 5577 esse
3191 5527 3550 5584 communia.
3587 5551 3615 5580 ι(
3639 5529 3725 5583 Ad

2081 5605 2482 5662 obediendum
2503 5607 2660 5663 ﬂdei.
2683 5631 2704 5661 ι
2728 5611 2927 5682 Neque
2941 5612 3346 5687 enimOportet
3361 5616 3731 5691 Deigenera-

2081 5699 2309 5757 tionem
2342 5695 2434 5754 vel
2465 5697 2858 5759 substantiam
2892 5702 3126 5760 curiose
3165 5707 3438 5773 scrutari,
3471 5707 3572 5762 sed
3609 5711 3735 5761 tan-
