4112 6250
426 374 544 435 327

1546 367 1973 431 (ECUMENII
2015 359 2325 424 TRICCE
2366 361 2720 422 EPISCOPI

3712 366 3880 425 328

432 512 557 562 tum
589 504 849 560 obedire.
883 525 911 554 ‹‹
945 505 1057 559 Per
1085 518 1292 558 omnes
1307 506 1535 575 gentes.
1570 523 1599 552 »
1632 503 1775 557 Nam
1808 499 1917 555 etsi
1949 497 2075 569 ipse

2201 492 2283 566 (ἂρ
2322 490 2412 545 καὶ
2449 491 2526 564 μὴ
2558 490 2720 553 αὐτὸς
2750 491 2923 547 πάντα
2965 490 3284 568 περιῆλθεν,
3339 492 3481 550 ἀλλά
3536 493 3627 548 καὶ
3685 492 3855 550 οὕτω

436 595 763 651 nonomnis
781 593 1103 660 circuierit,
1122 593 1517 648 nihilominus
1534 591 1818 646 omnibus
1842 602 2079 644 annun-

435 687 643 739 tiatum
666 690 755 740 est
787 684 1183 755 Evangelium,
1219 699 1323 754 per
1353 688 1601 737 caeteros
1633 679 1914 735 videlicet
1943 692 2079 747 apo-

432 775 635 830 stolos.
670 796 697 823 «
732 774 917 845 Super
958 772 1199 827 nomine
1233 773 1380 843 ejus.
1419 795 1446 822 »
1478 771 1648 827 Fides
1680 770 1838 825 enim
1871 768 1933 822 in
1966 783 2079 821 no-

433 880 572 919 men
597 864 726 934 ejus
743 863 873 917 fuit.
896 864 1039 917 Nam
1061 862 1256 933 ipsum
1279 866 1484 934 gentes
1507 878 1628 916 non
1656 860 1951 923 viderunt,
1979 854 2082 909 sed

437 954 563 1009 solo
596 955 726 1024 ejus
775 951 1017 1006 nomine
1070 951 1364 1023 divulgato
1408 950 1810 1005 crediderunt.
1846 949 1914 1001 Et
1943 959 2079 1000 vere

438 1043 626 1117 gratia
659 1042 840 1114 plena
869 1047 996 1096 erat
1023 1040 1349 1113 apostolica
1376 1039 1601 1095 functio
1632 1036 2081 1109 discipulorum,

444 1133 586 1203 quia
652 1137 1078 1204 persuaserunt
1155 1130 1449 1203 gentibus,
1517 1135 1583 1185 ut
1650 1127 1961 1183 obedirent
2016 1139 2084 1178 ac

446 1221 760 1278 crederent
831 1221 894 1275 in
943 1221 1263 1287 Christum,
1324 1219 1503 1291 idque
1559 1235 1693 1274 cum
1759 1217 2085 1288 piscatores

446 1317 648 1367 essent
699 1327 768 1366 ac
810 1309 1144 1365 litterarum
1194 1309 1406 1380 ignari.
1456 1309 1679 1363 «Inter
1722 1321 1870 1377 quas
1917 1303 2079 1359 estis.

446 1406 505 1457 et
534 1418 650 1456 vos.
685 1422 712 1449 »
748 1400 867 1454 Hoc
893 1405 1003 1468 est,
1035 1415 1170 1453 cum
1204 1397 1418 1469 quibus
1466 1396 1743 1469 gentibus
1777 1400 1833 1450 et
1861 1410 1962 1449 vos
1992 1410 2085 1447 vo-

446 1491 559 1547 cati
593 1490 755 1545 estis.
785 1490 982 1559 Neque
1016 1488 1174 1543 enim
1198 1505 1231 1541 a
1260 1487 1423 1542 vobis
1445 1487 1590 1557 ipsis
1619 1485 1883 1541 venistis.
1915 1486 2084 1539 Com-

442 1580 650 1652 primit
680 1580 833 1635 204
865 1584 1059 1633 autem
1093 1577 1312 1632 fastum
1341 1576 1604 1644 illorum,
1638 1592 1707 1631 ac
1749 1574 1798 1629 si
1824 1574 2081 1629 diceret:

445 1672 526 1725 Ne
558 1668 778 1741 putetis
807 1668 1032 1737 regiam
1065 1683 1132 1721 ac
1159 1665 1588 1721 dominandum
1633 1665 1928 1719 civitatem
1956 1678 2086 1718 am-

445 1758 604 1830 plius
636 1756 944 1829 quidpiam
974 1757 1083 1810 hac
1115 1755 1176 1809 in
1206 1772 1270 1811 re
1295 1754 1513 1810 habere
1547 1771 1665 1825 pra)
1696 1753 1948 1819 caeteris,
1983 1750 2085 1806 sed

2188 582 2381 642 πάντες
2415 578 2881 657 εὑηγγελίσθησαν
2943 578 3031 636 διὰ
3083 587 3190 637 τῶν
3234 582 3443 638 λοιπῶν
3475 582 3852 640 ἀποστόλων.

2195 673 2410 743 «Ὑπὲρ
2449 675 2545 726 τοῦ
2588 672 2854 745 ὀνόματος
2913 672 3099 729 αὐτοῦ.
3164 696 3193 725 ››
3250 675 3313 730 Ἠ
3359 674 3458 750 γὰρ
3515 675 3698 737 πίστις
3768 674 3869 737 εἷς

2189 761 2251 816 τὸ
2279 760 2450 834 ὄνομα
2490 762 2657 817 αὐτοῦ
2722 764 2965 839 γέγονεν.
3025 763 3194 820 Αὐτὸν
3242 765 3341 840 γὲρ
3397 766 3464 818 τα
3518 761 3646 834 ἔθνη
3739 766 3867 820 οὐκ

2190 850 2467 919 ἐθεάσατο,
2514 850 2662 908 ἀλλᾶ
2715 855 2881 924 μόνου
2937 854 3344 930 κηρυττομένου
3400 859 3496 910 τοῦ
3554 854 3872 929 ὀνόματος,

2190 940 2390 996 ἐκεῖνοι
2444 941 2746 998 ἐπίστευον.
2803 944 3014 1006 Ὄντως
3074 941 3299 1014 πλήρης
3384 943 3451 1013 ἧν
3509 946 3745 1023 χάριτος
3817 948 3861 1014 ἡ

2192 1029 2475 1098 ἀποστολή
2498 1035 2604 1086 τῶν
2653 1037 2931 1104 μαθητῶν,
2990 1034 3075 1087 δτι
3132 1026 3344 1087 ἔπεισαν
3401 1033 3707 1089 ὑπακοῦσαι
3761 1031 3875 1089 καὶ

2190 1126 2471 1176 πιστεῦσαι
2500 1123 2567 1176 τὰ
2597 1118 2724 1192 ἔθνη
2770 1126 2850 1195 τῷ
2898 1125 3143 1197 Χριστῷ,
3193 1124 3284 1179 καὶ
3341 1129 3510 1180 ταῦτα
3568 1124 3870 1197 ἄνθρωποι

2191 1210 2366 1272 ἁλιεῖς
2399 1209 2488 1265 καὶ
2520 1210 2897 1286 ἀγράμματοι,
2939 1234 2965 1266 ι
3014 1213 3099 1268 Ἑν
3150 1213 3236 1275 οἷς
3289 1212 3404 1268 ἐστε
3455 1212 3547 1268 καὶ
3610 1215 3794 1287 ὑμεῖς.
3837 1239 3872 1267 ››

2189 1301 2444 1355 Τουτέστι
2479 1302 2596 1374 μεθ’
2627 1301 2700 1354 ὧν
2731 1299 2894 1355 ἐθνῶν
2922 1300 3013 1356 καὶ
3046 1301 3202 1374 ὑμεῖς
3261 1302 3555 1374 ἐκλήθητε’
3634 1304 3716 1362 Οὐ
3748 1304 3870 1380 γὰρ

2194 1390 2283 1467 ἀφ’
2313 1390 2516 1445 ἑαυτῶν
2567 1390 2747 1459 ἥκετε.
2809 1388 3178 1447 Καταστὲλλει
3237 1389 3294 1446 δὲ
3353 1393 3533 1447 αὐτῶν
3590 1393 3655 1448 τὸ
3717 1395 3865 1471 φρό-

2191 1500 2364 1551 νημα,
2409 1479 2535 1534 ὠσεί
2591 1474 2795 1554 ἔλεγενο
2857 1481 2950 1549 Μή
3006 1480 3290 1555 νομίσητε,
3348 1481 3422 1544 ὡς
3485 1480 3868 1557 βασιλεύουσα

2192 1567 2381 1639 πόλις,
2404 1567 2570 1623 πλέον
2624 1590 2678 1623 τι
2729 1573 2839 1623 τῶν
2897 1566 3087 1625 ἄλλων
3143 1564 3312 1645 ἔχειν,
3370 1569 3517 1626 ἀλλὰ
3552 1572 3692 1645 μετὰ
3750 1578 3869 1629 τῶν
3922 1628 3937 1639 ,

2196 1659 2408 1715 λοιπῶν
2445 1657 2614 1723 ἐθνῶν
2646 1656 2939 1731 ἐκλήθητε.
2971 1684 2999 1713 ‹‹
3044 1664 3181 1717 Ηᾶσι
3236 1666 3355 1724 τοῖς
3417 1661 3567 1716 οῦσιν
3624 1660 3679 1716 ἐν
3712 1664 3861 1721 Ῥώ-

2198 1770 2274 1825 μῃ
2306 1750 2613 1826 ἀγαπητοῖς
2645 1754 2800 1805 Θεοῦ.
2833 1773 2860 1797 δι
2894 1751 2971 1809 Οὐ
3004 1751 3107 1827 γάρ
3165 1752 3274 1807 ἐστι
3325 1753 3454 1827 παρ’
3514 1756 3668 1825 αὐτῷ
3727 1751 3862 1810 δια-

444 1864 578 1903 cum
610 1846 858 1917 reliquis
888 1844 1162 1918 gentibus
1194 1844 1384 1900 vocati
1417 1844 1579 1899 estis.
1614 1864 1642 1892 ‹‹
1667 1841 1952 1897 Omnibus
1985 1839 2085 1911 qui

2201 1837 2369 1908 στολή
2402 1838 2672 1895 πλουσίου
2703 1839 2791 1894 καὶ
2822 1839 3078 1908 πένητος.
3110 1841 3243 1898 Εἶτα
3273 1839 3460 1912 ἐπειδὴ
3496 1843 3639 1899 εἶπε.
3673 1867 3703 1895 ‹‹
3744 1845 3863 1902 Πᾶ-

446 1937 589 1991 estis
614 1938 834 2001 Romae,
870 1932 1106 1988 dilectis
1130 1933 1254 1988 Dei.
1278 1958 1299 1985 ι
1337 1932 1640 2003 Siquidem
1672 1948 1795 1986 non
1824 1936 1913 1985 est
1933 1928 2090 2001 apud

451 2025 635 2077 Deum
655 2023 933 2077 discretio
954 2022 1149 2077 divitis
1180 2038 1214 2077 ιι
1231 2038 1509 2093 paupere.
1532 2019 1754 2076 Deinde
1776 2025 2092 2091 postquam

452 2110 618 2176 dixit,
659 2130 678 2156 α
714 2109 1021 2176 Omnibus,
1059 2132 1078 2157 ι
1115 2126 1190 2163 ne
1222 2109 1460 2163 dicant:
1494 2108 1643 2173 Quid
1673 2124 1808 2179 ergo
1830 2106 1857 2161 ‘I
1886 2122 2093 2161 omnes

460 2198 674 2269 aequali
708 2198 885 2252 habet
904 2198 963 2251 in
987 2197 1231 2261 honore,
1256 2196 1443 2252 bonos
1471 2213 1537 2251 ac
1561 2196 1769 2264 malos,
1792 2194 1998 2249 ﬁdeles
2028 2210 2094 2249 ac

450 2287 726 2342 infideles
740 2287 767 2341 ‘?
780 2287 906 2358 subj
919 2287 1103 2355 unxit,
1126 2310 1153 2335 ‹‹
1177 2287 1412 2341 Vocatis
1427 2286 1665 2341 sanctis.
1686 2308 1712 2334 ››
1730 2284 1873 2339 Nam
1886 2299 2095 2338 omnes

454 2376 643 2431 sancti
670 2375 883 2446 aequali
908 2381 1046 2429 sunt
1068 2376 1127 2429 in
1152 2375 1377 2430 honore
1404 2375 1560 2446 apud
1584 2374 1775 2435 illum,
1808 2389 1917 2428 nec
1940 2374 2096 2427 inter

449 2465 611 2538 ipsos
644 2471 730 2520 est
763 2464 1089 2520 distinctio.
1124 2465 1385 2519 Primum
1407 2471 1604 2520 autem
1628 2487 1652 2513 (ι
1676 2463 1916 2518 Dilectis
1944 2462 2093 2516 Dei»

458 2555 674 2626 posuit.
693 2554 907 2610 deinde
932 2578 957 2605 ‹‹
979 2553 1207 2609 Vocatis
1229 2554 1450 2608 sanctis
1476 2571 1489 2608 :
1528 2575 1552 2601 »
1569 2551 1754 2618 Unde,
1773 2551 1985 2622 inquit,
2004 2568 2099 2605 vo-

455 2645 569 2699 cati
600 2645 743 2699 estis
765 2644 792 2699 ?
844 2660 912 2698 ex
961 2643 1177 2713 quibus
1224 2641 1528 2697 laboribus
1549 2641 1575 2695 ?
1606 2657 1711 2711 per
1756 2657 1888 2710 qua»
1919 2656 2093 2711 egre-

446 2734 541 2805 gia
568 2733 877 2788 facinora?
924 2731 1079 2786 unde
1121 2731 1311 2785 sancti
1357 2729 1498 2784 estis
1530 2728 1558 2783 ?
1604 2731 1825 2799 Nempe
1869 2744 1935 2782 ex
1970 2726 2098 2783 sola

452 2822 558 2876 Dei
590 2822 909 2876 dilectione
956 2836 1135 2875 :cum
1186 2820 1346 2875 enim
1395 2818 1577 2890 gratis
1631 2815 1934 2872 dilexisset
1965 2832 2095 2881 nos,

451 2927 743 2982 suumque
777 2909 1125 2982 sanguinem
1158 2926 1264 2980 pro
1295 2908 1467 2963 nobis
1497 2906 1857 2969 fudisset,ad
1876 2905 2097 2962 sancti-

451 3000 794 3055 ﬁcationem
814 3016 920 3053 nos
940 2998 1180 3063 vocavit,
1207 2998 1449 3067 suisque
1471 2997 1637 3069 regni
1657 2995 2097 3051 hwreditariam

447 3089 920 3162 possessionem?
940 3087 1198 3158 Ideoque
1216 3087 1439 3158 ubique
1457 3086 1723 3141 locorum
1748 3110 1775 3135 «
1813 3085 2043 3140 Vocatis
2066 3107 2095 3135 »

447 3179 609 3249 dicit,
638 3178 913 3234 beneﬁcii
947 3177 1048 3232 Dei
1083 3177 1339 3231 reddens
1359 3193 1467 3231 nos
1496 3191 1811 3230 memores.
1835 3197 1862 3224 «
1897 3175 2095 3230 Gratia

446 3269 632 3346 vobis.
703 3270 947 3323 «Nemo
1016 3268 1175 3320 enim
1221 3283 1291 3321 ex
1358 3265 1635 3337 operibus
1702 3265 1897 3321 salvus
1963 3231 2166 3319 ﬁeriC

448 3364 662 3428 potest,
730 3357 942 3427 inquit.
1013 3358 1106 3410 «Α
1175 3356 1292 3410 Deo
1350 3357 1543 3411 Patre.
1613 3376 1640 3404 »
1700 3356 1844 3409 Nam
1905 3355 2094 3425 gratia

2202 1949 2308 2000 σιν,
2341 1954 2360 1979 υ
2386 1927 2472 1982 ἳνα
2506 1929 2581 2000 μὴ
2616 1925 2830 1985 εἷ’πωσι.
2862 1930 2922 1983 Τί
2954 1930 3045 1984 οῦν
3082 1950 3097 2000 ;
3128 1931 3325 1995 πάντας
3366 1931 3679 2005 ὁμοτίμους
3715 1935 3852 2009 ἡγῇ,

2203 2017 2290 2073 καὶ
2322 2018 2551 2093 ἀγαθοὺς
2582 2018 2671 2073 καὶ
2703 2020 2969 2096 φαύλους,
2999 2020 3090 2075 καὶ
3134 2021 3362 2084 πιστοὺς
3421 2022 3513 2077 καὶ
3546 2022 3848 2091 ἀπίστους;

2202 2106 2520 2180 ἐπισυνῆψε’
2553 2131 2580 2159 (ι
2620 2105 2864 2178 Κλητοῖς
2926 2109 3122 2185 ἁγίοις.
3155 2135 3182 2163 n
3245 2112 3509 2173 ’Λπαντες
3542 2113 3651 2187 γὰρ
3708 2112 3839 2184 αὐτῷ

2204 2197 2255 2251 οἱ
2286 2197 2432 2270 ἅγιοι
2466 2196 2753 2271 ὁμότιμοι,
2787 2199 2879 2252 καὶ
2913 2194 3176 2266 διαστολή
3210 2198 3311 2254 οὐκ
3356 2195 3499 2255 ἔστιν
3534 2200 3588 2255 ἐν
3644 2201 3849 2262 αὐτοῖς.

2204 2289 2426 2356 Πρῶτον
2467 2280 2527 2339 δὲ
2556 2284 2638 2355 τὸ,
2673 2309 2700 2337 ‹‹
2735 2286 3071 2360 Ἀγαπητοῖς
3128 2291 3283 2359 Θεοῦ,
3342 2312 3370 2338 ((
3428 2287 3679 2355 τέθεικεν,
3740 2288 3856 2343 εἶτα

2202 2373 2286 2443 τὸ,
2334 2396 2360 2426 α
2391 2371 2640 2443 Κλητοῖς
2672 2374 2875 2451 ἁγίοις.
2912 2398 2940 2427 ››
2975 2376 3142 2430 Πόθεν
3195 2374 3487 2448 ἐκλήθητε,
3518 2377 3675 2446 φησίν
3711 2397 3728 2445 ;
3794 2376 3858 2431 ἐκ

2204 2462 2376 2518 ποίων
2406 2464 2584 2519 πόνων
2620 2485 2634 2533 ;
2684 2464 2744 2519 Ex
2800 2463 2970 2519 ποίων
3029 2466 3472 2541 κατορθωμάτων
3502 2466 3697 2535 ;πόθεν
3725 2465 3852 2520 ἐστὲ

2205 2552 2379 2627 ἅγιοι,
2422 2551 2551 2608 ἀλλ’
2581 2550 2617 2622 ἤ
2646 2573 2705 2608 εκ
2751 2553 2925 2627 μ’ἳντις
2956 2561 3058 2623 τῆς
3088 2556 3301 2629 ἀγάπης
3335 2559 3469 2610 Θεοῦ
3498 2573 3513 2625 ;
3544 2555 3707 2618 Αὒτὸς
3736 2555 3842 2630 γὰρ

2209 2639 2413 2718 δωρεὰν
2445 2642 2730 2716 ἀγαπήσας
2790 2646 2957 2715 ἡμᾶς,
3017 2644 3107 2698 καὶ
3166 2646 3229 2700 τὸ
3284 2646 3426 2719 αἷμα
3504 2645 3662 2699 αὐτοῦ
3711 2644 3843 2717 ὒπὶρ

2205 2732 2366 2803 ἡμῶν
2391 2730 2605 2809 ἐκχέας,
2639 2731 2886 2787 ἐκάλεσεν
2914 2735 3061 2805 ἡμᾶς
3094 2732 3172 2796 εἷς
3206 2734 3473 2809 ἁγιασμὸν
3531 2734 3620 2788 καὶ
3695 2731 3855 2803 κλη-

2208 2816 2470 2892 ρονομίαν
2503 2821 2604 2882 τῆς
2665 2816 2945 2893 βασιλείας
3003 2819 3186 2875 αὐτοῦ.
3246 2822 3340 2876 Διὸ
3397 2822 3487 2876 καὶ
3545 2826 3859 2899 πανταχοῦ,

2208 2931 2235 2958 ‹‹
2271 2904 2541 2977 Κλητοῖς,
2577 2934 2599 2962 ι
2639 2905 2841 2983 λέγων,
2874 2916 2973 2979 τῆς
3030 2914 3128 2964 τοῦ
3162 2915 3297 2965 Θεοῦ
3358 2913 3502 2984 ἡμᾶς
3552 2910 3870 2987 εὐεργεσίας

2208 2994 2623 3070 ἀναμιμνήσκει.
2652 3023 2679 3049 ‹‹
2713 2998 2882 3074 Χάρις
2915 3001 3061 3073 ὑμῖν.
3098 3025 3121 3052 x
3157 2997 3346 3061 Οὐδεὶς
3397 3001 3525 3077 γὰρ,
3557 2999 3750 3077 φησὶν,

2207 3082 2377 3161 ἔργων
2412 3084 2629 3143 δύναται
2661 3094 2923 3158 σωθῆναι.
2981 3114 3008 3141 ‹‹
3069 3090 3204 3146 Ἀπὸ
3272 3093 3404 3144 Θεοῦ
3462 3090 3699 3161 Πατρός.
3735 3115 3759 3143 ι
3794 3090 3871 3147 Ἡ

2206 3175 2311 3250 γὰρ
2351 3175 2457 3231 ἀπὸ
2515 3181 2648 3232 Θεοῦ
2707 3177 2870 3252 χάρις
2922 3177 3013 3232 καὶ
3071 3177 3259 3254 ετρήνη
3298 3180 3360 3233 τὸ
3432 3174 3652 3253 βέϐαιον
3714 3173 3868 3258 ἔχει,

2202 3263 2273 3320 Τὸ
2333 3260 2410 3334 δὲ,
2470 3289 2497 3317 ‹ι
2532 3265 2670 3323 ’Δπὸ
2731 3265 2957 3341 Πατρὸς,
2994 3289 3021 3317 ››
3101 3269 3200 3338 τήν
3261 3268 3530 3332 υἱοθεσίαν
3590 3264 3871 3321 ἐνδείκνυ-

2201 3374 2311 3411 ται.

446 3454 505 3502 et
569 3464 683 3518 pax
750 3463 881 3515 qum
949 3461 983 3499 a
1048 3445 1164 3498 Deo
1234 3449 1323 3499 est
1397 3444 1783 3499 stabilitatem
1848 3443 2044 3499 habet.
2113 3444 2278 3509 Quod
2328 3450 2527 3502 autem
2595 3446 2833 3502 additur
2896 3470 2925 3497 ‹‹
2979 3450 3170 3517 Patre,
3222 3470 3249 3498 ››
3307 3448 3687 3522 adoptionem
3752 3448 3861 3505 de-

448 3539 765 3592 monstrat.

519 3627 564 3693 l,
616 3627 769 3681 8—10.
825 3626 1072 3678 Primum
1134 3622 1356 3694 quidem
1398 3624 1612 3691 gratias
1653 3638 1760 3692 ago
1797 3624 1909 3676 Deo
1952 3639 2088 3690 meo,

438 3731 546 3787 per
592 3716 779 3769 Jesum
823 3714 1100 3769 Christum
1139 3729 1246 3783 pro
1287 3713 1435 3767 vobis
1475 3713 1744 3781 omnibus,
1794 3714 1929 3782 quia
1960 3713 2093 3781 ﬁdes

445 3811 632 3860 vestra
662 3802 1032 3859 annuntiatur
1061 3805 1119 3856 in
1159 3804 1416 3857 universo
1462 3803 1686 3857 mundo.
1748 3802 1915 3856 Testis
1946 3803 2091 3856 enim

443 3896 586 3950 mihi
616 3901 693 3949 est
724 3896 883 3961 Deus,
917 3911 1077 3963 quem
1100 3892 1219 3948 colo
1249 3893 1307 3946 in
1336 3894 1539 3962 spiritu
1578 3908 1716 3957 meo,
1754 3894 1814 3945 in
1838 3894 2088 3962 Evange-

445 3984 520 4038 lio
553 3983 685 4038 Filii
715 3983 854 4053 ejus,
887 3982 1034 4052 quod
1063 3982 1434 4036 indesinenter
1462 3982 1794 4034 mentionem
1824 3982 1988 4034 vestri
2006 3983 2093 4049 fa-

447 4075 630 4128 ciam:
680 4088 890 4142 semper
928 4073 986 4126 in
1019 4072 1275 4141 precibus
1323 4072 1455 4125 meis
1505 4085 1667 4124 omns
1704 4071 1754 4123 si
1786 4085 1893 4139 quo
1931 4070 2088 4124 modo

435 4163 568 4232 jam
601 4161 816 4216 tandem
842 4177 1166 4231 prosperum
1196 4160 1339 4214 mihi
1350 4161 1635 4229 contingat
1653 4161 1758 4214 iter
1765 4175 1870 4229 per
1888 4159 2087 4213 volun-

451 4259 618 4308 tatem
638 4254 739 4308 Dei
767 4253 1022 4308 veniendi
1047 4252 1120 4307 ad
1147 4267 1260 4306 vos.

516 4431 789 4505 Oportuit
820 4430 1038 4486 enima
1079 4428 1404 4501 gratiarum
1453 4427 1686 4483 actione
1734 4427 2087 4497 procemium

449 4538 776 4588 assumere,
806 4525 863 4575 et
893 4519 1112 4592 gratias
1143 4534 1336 4590 agere,
1371 4533 1494 4572 non
1526 4533 1631 4588 pro
1677 4516 1800 4570 suis
1862 4520 2089 4571 tantum

443 4610 781 4675 virtutibus,
813 4624 1017 4664 verum
1051 4607 1231 4662 etiam
1261 4622 1366 4678 pro
1393 4606 1485 4660 his
1524 4621 1655 4676 quae
1681 4604 2086 4675 proximorum

2272 3626 2494 3695 Πρῶτον
2557 3624 2651 3697 μὶν
2712 3622 3020 3699 εὖχαριστῶ
3072 3630 3152 3698 τῷ
3207 3630 3322 3699 Θεῷ
3382 3647 3485 3700 μου
3543 3623 3633 3681 διὰ
3672 3626 3861 3696 Ἰησοῦ

2200 3718 2441 3786 Χριστοῦ
2498 3713 2627 3787 ὑπὲρ
2683 3714 2899 3769 πάντων
2960 3714 3132 3788 ὑμῶν,
3193 3716 3277 3770 δτι
3359 3718 3395 3785 ἡ
3454 3717 3637 3778 πίστις
3702 3717 3860 3790 ὑμῶν

2197 3799 2630 3878 καταγγέλλεται
2691 3801 2744 3857 ἐν
2832 3801 2950 3875 ὅλῳ
3028 3808 3108 3877 τῷ
3191 3804 3404 3878 κόσμῳ.
3468 3805 3685 3880 Μάρτυς
3749 3805 3853 3883 γάρ

2202 3891 2306 3963 μού
2365 3889 2506 3946 ἐστιν
2565 3890 2593 3944 6
2651 3890 2806 3956 Θεὸς,
2880 3891 2925 3963 ᾧ
3010 3889 3261 3966 λατρεύω
3343 3892 3393 3947 ἐν
3448 3898 3526 3966 τῷ
3585 3893 3854 3966 πνεύματί

2203 4001 2329 4051 μου,
2376 3978 2427 4033 ἐν
2482 3984 2559 4051 τῷ
2590 3978 2919 4054 Εὐαγγελίῳ
2978 3985 3076 4035 τοῦ
3127 3982 3255 4036 Υἱοῦ
3309 3982 3500 4052 αὐτοῦ,
3561 3983 3638 4044 ὡς
3694 3981 3841 4036 ἀδια-

2199 4067 2437 4130 λείπτως
2495 4069 2675 4143 μνείαν
2738 4069 2891 4143 ὑμῶν
2961 4074 3250 4144 ποιοῦμαι”
3307 4070 3538 4128 πάντοτε
3605 4071 3689 4128 ἐπὶ
3733 4073 3838 4125 τῶν

2198 4163 2521 4234 προσευχῶν
2572 4180 2680 4233 μου
2740 4156 2996 4231 δεόμενος
3055 4158 3223 4222 εἷ’πως
3275 4157 3383 4231 ἤδη
3435 4162 3567 4216 ποτὲ
3643 4157 3850 4216 εὐοδω-

2200 4250 2442 4321 θήσομαι
2501 4245 2554 4303 ἐν
2637 4251 2715 4319 τῷ
2801 4249 3073 4320 θελήματι
3128 4253 3227 4305 τοῦ
3283 4253 3419 4306 Θεοῦ
3473 4248 3650 4314 ἐλθεῖν
3710 4250 3851 4327 πρὸς

2202 4340 2359 4412 ὑμᾶς.

2266 4424 2410 4485 Ἑδει
2460 4428 2561 4504 γὰρ
2647 4427 2697 4497 ἐξ
2777 4427 3127 4504 εὐχαριστίας
3208 4433 3699 4506 προοιμιάσασθαι,
3756 4432 3856 4486 εὗ-

2200 4522 2481 4595 χαριστεῖν
2516 4513 2593 4586 δὲ,
2636 4516 2698 4572 οὐ
2759 4517 2924 4591 μόνον
2959 4519 3091 4595 ὑπὲρ
3121 4522 3229 4574 τῶν
3265 4516 3416 4575 ἰδίων
3477 4519 3856 4595 κατορθωμά-

2196 4628 2329 4678 των,
2364 4603 2626 4661 ἀλλὰκαὶ
2687 4606 2817 4681 ὑπὲρ
2875 4611 2982 4662 τῶν
3042 4612 3138 4663 τοῦ
3195 4608 3454 4680 πλησίον.
3517 4612 3689 4663 Τοῦτο
3747 4608 3855 4685 γὰρ

445 4703 584 4753 sunt
610 4714 622 4752 ς
656 4713 794 4752 nam
824 4696 885 4751 id
916 4695 1223 4751 charitatis
1255 4700 1365 4750 est.
1383 4695 1544 4749 «Deo
1568 4710 1720 4748 meo.
1760 4714 1782 4743 ι
1811 4692 2086 4748 Dilectio-

2202 4694 2438 4771 ἀγάπης.
2476 4719 2504 4748 ‹‹
2535 4698 2622 4767 Τῷ
2676 4701 2794 4769 Θεῷ
2857 4717 2982 4769 μου.
3042 4719 3069 4752 ι
3131 4698 3378 4773 Ἀγάπης
3428 4702 3681 4770 σημεῖον.
3739 4697 3852 4754 Τὸν

449 4784 546 4839 nis
579 4789 637 4838 et
666 4786 885 4839 amoris
916 4784 1208 4838 indicium
1240 4788 1329 4837 est
1356 4826 1368 4851 ,
1403 4798 1541 4837 nam
1574 4798 1707 4837 eum
1735 4781 1836 4852 qui
1852 4787 2091 4835 cuncto-

453 4889 589 4927 rum
624 4878 806 4926 Deum
838 4878 928 4927 est
959 4873 1069 4927 sibi
1096 4872 1401 4944 proprium
1423 4870 1585 4927 facit.
1622 4901 1645 4922 ιι
1675 4873 1786 4925 Per
1812 4871 2033 4925 Jesum.
2059 4891 2086 4920 n

449 4963 580 5034 Ipse
612 4960 852 5031 quidem
885 4961 1057 5016 nobis
1106 4977 1284 5017 causa
1333 4967 1422 5015 est
1465 4961 1787 5033 gratiarum
1837 4960 2090 5015 actionis

449 5068 585 5126 erga
615 5052 885 5107 Patrem:
919 5050 1020 5121 qui
1054 5054 1113 5105 et
1162 5067 1271 5105 nos
1319 5051 1643 5122 assumpsit
1691 5055 1748 5105 et
1797 5065 1902 5104 suo
1950 5065 2088 5105 san-

446 5143 625 5216 guine
655 5157 766 5196 nos
792 5141 880 5195 illi
912 5139 1336 5195 reconciliavit.
1371 5161 1396 5189 ‹‹
1431 5140 1581 5205 Quia
1616 5139 1764 5195 ﬁdes
1809 5144 2024 5194 vestra.
2059 5161 2089 5190 »

442 5231 777 5288 Verisimile
801 5231 961 5286 enim
991 5235 1114 5284 errt
1143 5227 1299 5300 apud
1313 5243 1521 5282 omnes
1553 5228 1772 5298 passim
1805 5227 2090 5301 divulgari

442 5320 617 5378 ﬁdem
642 5325 1065 5378 Romanorum.
1093 5340 1119 5370 α
1140 5318 1328 5373 Testis
1351 5316 1531 5372 enim.
1554 5339 1581 5366 ››
1603 5317 1810 5371 Merito
1830 5318 2010 5373 Deum
2027 5320 2091 5374 in

441 5413 655 5465 testem
687 5411 951 5479 adducit,
986 5426 1122 5465 cum
1153 5406 1511 5480 persuadere
1542 5406 1720 5461 vellet
1749 5406 2089 5463 hominibus

441 5498 658 5568 quibus
703 5499 947 5557 difﬁcile
999 5504 1156 5555 esset
1205 5498 1354 5555 205
1408 5494 1787 5568 persuadere.
1839 5514 1866 5544 ‹‹
1904 5497 2089 5562 Quem

447 5587 597 5644 colo.
633 5608 661 5636 »
690 5588 809 5644 Hoc
840 5595 950 5658 est,
984 5588 1078 5644 cui
1110 5587 1319 5644 servio.
1350 5584 1543 5641 Multae
1578 5589 1716 5640 sunt
1745 5590 1943 5642 autem
1964 5585 2087 5642 cul-

440 5681 538 5737 tus
568 5676 819 5749 species.
852 5676 1158 5750 Siquidem
1182 5681 1239 5732 et
1268 5676 1367 5748 qui
1392 5677 1690 5747 precatur,
1719 5678 1776 5730 et
1804 5673 1905 5745 qui
1929 5675 2089 5748 jeju-

2196 4787 2299 4862 γαρ
2332 4786 2585 4841 ἁπάντων
2612 4786 2740 4841 Θεὸν
2800 4783 3171 4843 ἱδιοποιεῖται.
3211 4808 3234 4837 ε
3277 4789 3376 4842 Διὰ
3413 4788 3617 4857 Ἰησοῦ.
3655 4810 3683 4838 η
3741 4785 3855 4842 Αὖ-

2199 4876 2291 4936 τὸς
2325 4875 2428 4952 γὰρ
2460 4877 2595 4949 ἡμῖν
2628 4871 2803 4936 αἶ’τιος
2833 4881 2935 4945 τῆς
2967 4876 3044 4940 εἰς
3071 4875 3162 4929 τὸν
3224 4872 3432 4951 Πατέρα
3478 4874 3853 4950 εὐχαριστίας,

2201 4963 2229 5017 6
2260 4963 2351 5018 καὶ
2380 4958 2834 5038 προσλαϐόμενος
2866 4965 3037 5036 ἡμᾶς,
3069 4964 3159 5018 καὶ
3188 4968 3268 5036 τῷ
3331 4963 3456 5038 ἰδίῳ
3485 4963 3677 5039 αἵματι
3711 4964 3854 5040 πρὸς

2200 5051 2373 5108 ἐκεῖνο
2404 5051 2768 5123 καταλλάξας.
2802 5077 2832 5106 ‹‹
2870 5054 2988 5107 Ὃτι
3017 5055 3052 5123 ἡ
3084 5052 3265 5116 πίστις
3303 5054 3478 5128 ὑμῶν.
3514 5077 3543 5107 ››
3599 5055 3713 5123 Τὴν
3747 5054 3851 5130 γὰρ

2199 5146 2306 5197 τῶν
2361 5141 2653 5214 Ῥωμαίων
2713 5142 2891 5197 πίστιν
2952 5141 3054 5197 οὐκ
3134 5142 3358 5206 ἀπεικὸς
3414 5143 3481 5214 ἦν
3565 5141 3852 5207 Λαλεῖσθαι

2197 5230 2344 5306 παρὰ
2373 5231 2612 5286 πάντων.
2647 5256 2673 5283 ‹‹
2726 5230 2949 5307 Μάρτυς
2980 5231 3110 5307 γάρ.
3179 5256 3208 5285 ››
3267 5232 3507 5295 Εἰκότως
3564 5233 3657 5288 τὸν
3719 5231 3849 5287 Θεὸν

2199 5319 2313 5395 ἄγει
2348 5322 2617 5397 μάρτυρα,
2650 5320 2967 5396 ἀγνώστους
3022 5322 3335 5398 ἀνθρώπους
3388 5321 3590 5387 πείθειν
3654 5318 3853 5390 βουλό·

2203 5430 2381 5484 μενος.
2417 5435 2443 5462 ιι
2476 5411 2543 5487 ᾯ
2578 5410 2845 5486 λατρεύω.
2883 5435 2911 5463 »
2969 5413 3133 5479 Οἶον,
3189 5408 3454 5467 δουλεύω.
3500 5410 3694 5468 Πολλά
3747 5410 3847 5487 γὰρ

2200 5497 2317 5568 εἴδη
2354 5497 2624 5574 λατρείας.
2659 5499 2760 5557 Καὶ
2789 5500 2894 5575 γὰρ
2951 5499 3042 5556 καὶ
3096 5501 3124 5555 6
3181 5501 3650 5577 προσευχόμενος,
3700 5499 3790 5556 καὶ
3818 5499 3847 5556 6

2196 5588 2421 5660 νηστείᾳ
2448 5587 2763 5665 χρώμενος,
2793 5589 2885 5645 καὶ
2916 5590 2944 5644 6
2969 5593 3086 5653 τοῖς
3118 5590 3287 5654 θείοις
3319 5587 3507 5668 λόγοις
3534 5588 3845 5667 προσέχων,

2195 5677 2284 5736 καὶ
2319 5678 2503 5754 μεντοι
2532 5678 2624 5735 καὶ
2682 5680 2711 5735 6
2763 5686 2865 5750 τῆς
2914 5684 3024 5736 τῶν
3089 5679 3252 5751 ξίνων
3313 5680 3595 5758 θεραπείας
3652 5678 3845 5755 ἐπιμι-
