4112 6250
269 268 422 327 339

1393 268 1798 333 COMMENT.
1846 271 1920 332 ΙΝ
1966 272 2215 336 EPIST.
2261 273 2365 334 AD
2412 275 2601 337 BOM.

3606 274 3723 335 330

276 398 603 473 λούμενος,
635 404 756 472 Θεῷ
783 398 1058 475 λατρεύει.
1093 402 1155 458 Ὁ
1207 400 1264 457 δέ
1319 424 1382 477 γε
1428 406 1570 465 θεῖος
1624 404 1949 464 Ἃπύστολος

2076 410 2175 465 nio
2207 426 2423 481 corpus
2453 410 2683 482 affligit,
2718 414 2775 464 et
2804 408 2904 480 qui
2937 408 3153 463 divinis
3183 412 3447 463 mentem
3478 406 3726 464 adhibet

280 488 589 563 λατρεύειν
619 486 785 565 ἔφησε
814 494 954 561 Θεῷ,
1012 491 1074 545 τὸ
1138 496 1233 545 τοῦ
1290 494 1416 547 Υἱοῦ
1470 491 1787 571 προσφέρων
1842 501 1958 554 τοῖς

286 578 513 635 ἔθνεσιν
544 578 897 656 Εύαγγέλιον,
943 580 1046 635 Καὶ
1097 579 1377 655 λατρεύειν
1426 582 1479 637 ἐν
1528 587 1607 654 τῷ
1667 583 1958 655 πνεύματι,

289 669 587 725 τουτέστιν
621 668 670 723 ἐν
701 674 782 741 τῷ
817 667 1087 742 διδομένῳ
1129 672 1453 748 χαρίσματι.
1504 674 1595 739 "ll,
1630 671 1713 727 ὅτι
1766 671 1840 728 Οὐ
1891 676 1958 744 τῇ

302 759 435 832 ἰτμῇ
466 756 661 829 σπουδῇ
698 760 905 833 ὑπῆρξέ
939 781 1033 832 μοι
1060 760 1123 814 τὸ
1166 758 1441 835 λατρεύειν
1508 765 1645 834 Θεῷ,
1712 760 1859 817 ἀλλὰ
1890 766 1956 836 τῇ

316 852 431 903 ’τοῦ
465 848 745 920 ιινεύματος
779 850 992 921 χάριτι.
1027 850 1116 915 ⁸Ή,
1151 849 1235 903 ὅτι
1262 848 1337 905 Οὐ
1372 851 1600 921 σαρκική
1668 848 1773 922 μού
1818 848 1957 904 ἐστιν

325 939 371 1004 ὴ
420 936 639 1007 λατρεία,
692 933 841 989 ἀλλὰ
899 939 1265 1008 πνευματική.
1320 938 1413 993 Ἐκ
1468 936 1664 992 τούτου
1720 935 1955 992 δείκνυσι

321 1027 471 1080 κατὰ
503 1028 555 1081 τὸ
610 1026 890 1101 ἀναγκαῖον
953 1033 1229 1100 μεριμνῶν
1295 1028 1426 1101 ὑπὲρ
1479 1026 1678 1097 αὐτῶν,
1736 1028 1810 1088 ὡς
1866 1030 1955 1083 τὸν

318 1113 501 1190 λόγον
532 1113 832 1187 δεξαμένων,
864 1116 955 1170 καὶ
988 1113 1237 1194 δέχεσθαι
1292 1115 1628 1189 μελλόντων.
1680 1142 1707 1170 ‹‹
1743 1119 1829 1174 Ἐν
1876 1122 1956 1189 τῷ

312 1204 642 1281 Εὖαγγελίῳ
665 1210 757 1260 τοῦ
792 1208 921 1260 Υἱοῦ
954 1207 1143 1264 αὐτοῦ,
1183 1232 1209 1258 ››
1252 1208 1411 1279 Ὀρᾷς
1464 1207 1544 1262 ὅτι
1598 1207 1708 1262 ἂνω
1759 1209 1951 1278 εἰπὼν,

305 1293 400 1353 εἷς
462 1295 785 1371 Εὖαγγέλιον
840 1301 997 1367 Θεοῦ,
1052 1301 1150 1351 τοῦ
1209 1298 1442 1372 Χριστοῦ
1502 1292 1721 1372 ἔλεγενς
1788 1323 1815 1349 ι(
1866 1305 1951 1361 Ὠς

299 1381 697 1449 ἀδιαλείπτως,
758 1411 785 1438 ))
842 1388 931 1441 καὶ
991 1388 1057 1441 τὰ
1115 1388 1255 1459 ἑξῆς.
1316 1388 1561 1462 Ἀγσὶπης
1622 1387 1951 1461 εἰλικρινοῦς

344 1474 359 1489 ³
490 1476 505 1495 Ί
715 1482 741 1492 ~
1026 1476 1039 1494 \
1142 1473 1164 1493 Ν
1305 1477 1315 1494 Ι
1595 1482 1621 1491 ~
1883 1483 1901 1493 ν

295 1494 370 1527 το
414 1495 505 1529 και
569 1478 893 1547 μεμνησθαι,
952 1498 1041 1531 και
1099 1475 1470 1538 ἀοιαλειπτως
1529 1498 1690 1531 τουτο
1754 1499 1952 1546 ποιειν,

293 1564 397 1617 καῖ
428 1563 663 1637 μάλιστα
694 1565 744 1619 ἐν
776 1572 1136 1645 προσευχαῖς.
1172 1591 1198 1617 ‹‹
1235 1567 1493 1638 Δεόμενος
1526 1567 1574 1621 εἳ
1618 1588 1753 1629 πως.
1789 1591 1815 1618 ››
1850 1567 1951 1624 Καὶ

303 1654 412 1727 γᾶρ
444 1653 617 1708 ἐλθεῖν
641 1656 920 1729 ἠπείγετο,
954 1656 1042 1710 καὶ
1093 1656 1237 1729 παρὰ
1281 1656 1342 1709 τὸ
1397 1654 1614 1728 Θὲλημα
1668 1660 1763 1710 τοῦ
1820 1658 1951 1712 Θεοῦ

2069 498 2463 564 sermonibus,
2499 506 2785 569 praeterea
2817 504 2875 553 et
2905 498 3003 569 qui
3037 497 3353 552 ministerii
3377 498 3718 569 peregrino-

2066 604 2197 642 rum
2229 605 2430 643 curam
2463 588 2632 659 gerit,
2669 588 2763 643 hic
2818 590 3003 642 Deum
3064 587 3223 641 colit.
3292 586 3465 641 Divus
3518 594 3717 643 autem

2066 678 2381 747 Apostolus
2410 679 2591 733 Deum
2625 696 2686 732 se
2726 678 2919 733 colere
2944 678 3111 740 dixit,
3148 676 3305 747 quod
3337 677 3715 748 Evangelium

2065 768 2193 821 Filii
2227 768 2411 838 ipsius
2442 768 2715 837 gentibus
2748 767 3131 838 praedicaret:
3168 772 3224 820 et
3271 766 3465 820 colere
3502 767 3560 819 in
3595 766 3718 837 spi-

2062 856 2200 920 ritu,
2237 858 2345 911 hoc
2379 862 2467 911 est
2498 858 2558 910 in
2590 856 2724 911 dato
2758 856 2871 910 sibi
2905 857 3082 910 dono.
3120 855 3240 923 Vel,
3276 857 3401 909 Non
3434 872 3587 919 meo,
3622 855 3716 911 in-

2063 946 2210 1014 quit,
2247 952 2461 1000 conatu
2495 946 2743 1016 contigit
2771 946 2919 999 mihi
2966 946 3152 999 Deum
3201 944 3419 1009 colere,
3474 943 3576 998 sed
3616 960 3721 1014 per

2060 1036 2309 1106 gratiam
2332 1036 2606 1106 Spiritus.
2635 1039 2749 1089 Aut
2774 1035 2884 1088 hoc
2914 1033 3093 1088 dicit:
3131 1035 3256 1088 Non
3288 1033 3433 1087 mihi
3465 1032 3720 1089 carnalis

2061 1124 2255 1178 cultus
2287 1129 2395 1192 est,
2431 1124 2533 1178 sed
2564 1124 2915 1195 spiritualis.
2954 1124 3023 1176 Et
3049 1139 3118 1177 ex
3151 1123 3261 1177 hoc
3280 1122 3541 1176 ostendit
3561 1120 3719 1191 quod

2061 1213 2396 1268 necessario
2427 1229 2632 1268 curam
2660 1213 2901 1267 illorum
2943 1211 3176 1274 habeat,
3209 1216 3275 1265 ut
3304 1211 3403 1281 qui
3461 1210 3706 1265 verbum

2061 1302 2463 1373 suscepissent
2489 1303 2940 1372 suscepturique
2974 1307 3191 1356 essent.
3227 1324 3253 1350 ‹‹
3288 1301 3355 1354 In
3395 1300 3710 1371 Evangelia

2062 1392 2191 1445 Filii
2225 1392 2423 1463 ejus.»
2456 1392 2627 1446 Vides
2654 1391 2807 1462 quod
2829 1391 2886 1445 in
2910 1390 3385 1461 prmcedentibus
3408 1407 3543 1444 cum
3561 1388 3715 1445 dice-

2057 1486 2189 1534 ret:
2224 1504 2249 1527 ‹‹
2284 1482 2349 1535 In
2407 1481 2788 1547 Evangelium
2851 1480 2969 1546 Dei,
3024 1502 3050 1528 ››
3099 1478 3314 1533 dixerit
3361 1478 3715 1533 Christum?

2061 1570 2277 1634 «Quod
2311 1570 2741 1631 indesinenter,
2771 1591 2798 1619 »
2829 1575 2939 1624 etc.
2974 1570 3227 1623 Sincera:
3260 1568 3563 1623 charitatis
3605 1572 3713 1634 est,

2060 1664 2117 1712 et
2149 1658 2523 1713 mentionem
2556 1658 2773 1719 facere,
2808 1662 2865 1711 et
2898 1674 3130 1727 semper
3159 1657 3270 1711 hoc
3288 1656 3501 1721 facere,
3536 1655 3714 1726 idque

306 1745 474 1797 τοῦτο
508 1745 699 1816 πρᾶξαι
732 1745 831 1798 οὐκ
886 1739 1166 1802 ἐϐούλετο.
1221 1745 1296 1800 Τὸ
1329 1742 1407 1809 δὲ,
1466 1742 1573 1814 ἤδη
1629 1746 1782 1816 ποτε,
1844 1746 1949 1800 ἀντῖ

2068 1749 2321 1801 maxime
2353 1747 2414 1801 in
2448 1746 2912 1818 precationibus.
2948 1769 2973 1795 «
3010 1748 3196 1801 Orans
3229 1746 3276 1799 si
3309 1763 3425 1816 quo
3452 1744 3648 1799 modo.
3684 1765 3707 1797 ι

300 1836 419 1895 τοῦ,
489 1832 583 1904 6ψέ
639 1854 792 1887 ποτε.
850 1835 1019 1908 Ὅπερ
1072 1833 1187 1888 ἐστὶ
1285 1831 1492 1912 σφόδρα
1576 1834 1950 1909 ἐπειγομένου.

305 1944 327 1973 ι
360 1919 845 1995 Εύωόωθήσομαι.
885 1949 912 1973 η
942 1922 1231 1994 Εὐκολίαν,
1266 1924 1421 2003 φησὶ,
1452 1925 1672 2002 σχοίην,
1721 1924 1809 1979 καὶ
1864 1922 1952 1979 ἐπὶ

300 2010 445 2083 καλῷ
476 2014 577 2080 τὴν
609 2012 748 2086 πρὸς
783 2012 924 2085 ὐμίς
947 2009 1091 2068 ὁδόν.

2062 1838 2294 1892 Etenim
2328 1838 2621 1908 proﬁcisci
2655 1836 3031 1908 properabat,
3067 1842 3124 1891 et
3147 1841 3359 1906 praeter
3383 1836 3481 1889 Dei
3506 1835 3708 1889 volun-

2066 1932 2246 1981 tatem
2278 1926 2337 1981 id
2367 1926 2561 1982 facere
2595 1926 2850 1982 nolebat.
2887 1925 3041 1980 Illud
3071 1942 3228 1992 vero,
3258 1926 3384 1980 Jam
3446 1924 3710 1989 tandem,

2062 2017 2172 2071 hoc
2200 2022 2290 2071 est
2320 2033 2450 2071 sero
2504 2016 2763 2083 tandem,
2814 2016 3196 2070 vehementer
3244 2014 3621 2085 prOperantis
3651 2017 3710 2067 et

304 2102 549 2172 Optantis
586 2108 697 2158 est.
738 2126 764 2152 α
800 2105 1158 2175 Prosperum
1185 2105 1331 2159 mihi
1360 2105 1663 2177 contingat
1692 2105 1822 2161 iter.
1859 2127 1885 2155 »
1916 2105 2305 2174 Facilitatem,
2340 2108 2552 2177 inquit,
2586 2107 2858 2175 habeam,
2920 2111 2977 2160 et
3035 2105 3107 2160 ad
3162 2105 3343 2160 ﬁnem
3395 2104 3711 2159 honestum

314 2192 406 2246 iter
431 2192 498 2247 ad
527 2209 656 2247 vos.

382 2280 650 2334 Ἐπιποθῶ
686 2279 795 2353 γὰρ
858 2276 989 2334 ἰδεῖν
1054 2280 1216 2353 ὑμᾶς,
1269 2279 1357 2335 ’ἱνα
1407 2302 1459 2335 τι
1517 2279 1730 2353 μεταδω
1790 2281 1954 2354 χάρι-

312 2389 406 2440 σμα
448 2369 580 2440 ύμῖν
644 2370 1044 2441 πνευματικὸν,
1105 2370 1179 2430 εἰς
1232 2371 1293 2423 τὸ
1370 2372 1733 2443 στηριχθῆναι
1789 2370 1949 2442 ὑμᾶς·

303 2460 437 2510 τοῦτο
526 2454 592 2509 δέ
647 2455 790 2522 ἐστι,
881 2456 1415 2530 συμπαρακληθῆναι
1500 2456 1551 2511 ἐν

294 2555 381 2617 τῆς
435 2548 491 2602 ἐν
554 2545 846 2616 ἀλλήλοις
934 2548 1184 2615 πίστεως,
1280 2549 1431 2621 ὑμῶν
1508 2569 1565 2603 τε
1649 2548 1738 2603 καὶ
1793 2548 1948 2620 ἐμοῦ.

355 2638 477 2711 Οὐχ
507 2634 715 2698 ἅπλῶς
738 2633 818 2704 δὲ,
842 2638 998 2714 κρησὶ,
1030 2638 1116 2692 καὶ
1148 2639 1422 2709 ἀνονήτως
1449 2636 1582 2693 ἰδεῖν
1622 2639 1760 2711 ὑμᾶς
1780 2659 1948 2693 σπου-

294 2726 449 2797 δάζω,
485 2724 626 2781 ἀλλ’
666 2722 810 2780 ὥστε
841 2726 1088 2801 χάρισμα
1140 2725 1481 2799 μεταδοῦναι.
1543 2730 1695 2800 Λέγει
1748 2724 1803 2781 δὲ
1850 2728 1949 2795 τήν

300 2814 522 2891 διδαχὴν
563 2816 658 2870 καὶ
695 2818 795 2881 τὴν
825 2818 1154 2890 κατήχησιν.
1190 2819 1368 2873 Τοῦτο
1399 2818 1501 2891 γὰρ
1532 2817 1593 2871 τὸ
1641 2824 1949 2891 στηριχθῆ-

297 2929 391 2971 ναι,
431 2907 510 2967 ὡς
546 2905 725 2973 εἰκὸς,
758 2906 941 2976 ακμὴν
973 2906 1357 2978 σαλευομένων
1386 2905 1581 2961 αὐτῶν.
1613 2907 1688 2961 Τὸ
1720 2904 1775 2960 δὲ
1799 2932 1824 2956 ‹‹
1858 2906 1948 2958 ἳνα

1652 2458 1779 2530 ὑμῖν
1863 2454 1952 2511 διὰ

301 3018 366 3061 τι,
399 3022 422 3045 η
458 2992 857 3069 μετρ·αζοντός
891 2992 1053 3061 ἐστιν,
1088 2995 1213 3049 ὡσεὶ
1246 2995 1410 3061 εἶπεν,
1468 2998 1583 3051 Ἳνα
1636 2996 1826 3067 μικρόν
1870 3016 1945 3051 τι.

310 3088 378 3139 ’ΐο
400 3084 455 3139 ἱῖε
486 3111 513 3135 ιι
552 3082 797 3141 Μεταδῶ
831 3110 855 3133 n
895 3081 1079 3153 δηλοῖ,
1113 3084 1196 3139 ’ὁτι
1221 3083 1337 3141 Οὐκ
1367 3084 1498 3157 ἐμόν
1528 3106 1581 3139 τι
1609 3081 1790 3151 δώσω,
1814 3081 1945 3151 ἀλλ,

2137 2286 2181 2349 I,
2218 2290 2301 2351 ll,
2328 2285 2676 2340 t2.Desidero
2698 2284 2842 2338 enim
2869 2284 3053 2338 videre
3074 2289 3247 2349 vos,ut
3261 2282 3483 2351 aliquid
3496 2283 3711 2336 tradam

2062 2377 2211 2431 vobis
2224 2378 2427 2445 gratiae
2446 2374 2859 2445 spiritualis,ad
2881 2373 3319 2441 conﬁrmandum
3336 2388 3427 2426 vos
3451 2389 3462 2425 :
3490 2372 3589 2427 hoc
3608 2378 3707 2438 est,

2061 2473 2124 2520 ut
2153 2466 2319 2521 simul
2368 2465 2793 2519 consolationem
2835 2465 3107 2532 accipiam
3134 2464 3192 2515 in
3244 2461 3391 2515 vobis
3434 2478 3539 2531 per
3587 2478 3704 2515 mu-

2063 2562 2213 2610 tuam
2242 2555 2403 2623 ﬁdem
2430 2560 2668 2608 vestram
2696 2552 2859 2607 simul
2891 2558 2941 2606 et
2965 2568 3161 2605 meam.

2131 2646 2256 2699 Non
2287 2643 2532 2715 vulgari,
2571 2642 2786 2713 inquit,
2820 2640 2996 2696 modo
3030 2645 3088 2694 et
3118 2639 3244 2693 sine
3284 2638 3477 2693 fructu
3509 2637 3708 2693 videre

2058 2749 2158 2787 vos
2188 2734 2383 2804 cupio,
2417 2731 2521 2787 sed
2576 2738 2643 2787 ut
2695 2732 2944 2803 gratiam
2997 2728 3245 2783 tradam.
3298 2728 3449 2782 Dicit
3505 2732 3706 2782 autem

2059 2823 2387 2878 doctrinam
2413 2828 2469 2875 et
2492 2820 3099 2876 institutionem.Nan1
3116 2817 3226 2871 hoc
3241 2822 3329 2871 est
3342 2815 3709 2883 confirmari,

2058 2918 2124 2966 ut
2154 2911 2476 2966 verisimile
2516 2910 2695 2965 fuerit
2750 2910 2909 2980 ipsos
2958 2908 3340 2963 vehementer
3397 2905 3705 2959 ﬂuctuare.

2060 2999 2214 3054 lllud
2244 3016 2398 3065 vero,
2441 3024 2460 3046 α
2497 3005 2563 3053 ut
2592 2998 2840 3068 aliquid,
2870 3020 2894 3045 ν
2930 2997 3184 3051 modesti
3218 2995 3399 3050 animi
3432 3000 3541 3060 est,
3566 3009 3632 3047 ac
3657 2991 3708 3045 si

2059 3088 2250 3143 dicat:
2288 3089 2358 3143 Ut
2388 3087 2685 3142 modicum
2718 3086 3043 3156 quippiam.
3078 3083 3244 3147 Quod
3302 3090 3499 3137 autem
3542 3080 3708 3135 addit

325 3175 442 3243 οπερ
469 3174 558 3226 καὶ
588 3172 693 3247 ἐγὼ
723 3168 941 3229 ἔλαϐον.
985 3198 1012 3225 ‹‹
1050 3172 1140 3233 Εἷς
1197 3174 1260 3227 τὸ
1309 3179 1675 3250 στηριχθῆναι
1723 3173 1883 3245 ὑμᾶς.
1917 3194 1942 3224 ιι

2064 3172 2300 3247 μεταδῶ,
2335 3199 2361 3225 ‹‹
2396 3176 2666 3242 Tradam,
2712 3153 3084 3246 asigniﬁcat.
3120 3172 3276 3227 Nihil
3309 3170 3466 3241 quod
3500 3185 3708 3224 meum

335 3262 405 3317 Οὔ
440 3264 541 3335 ,ζειρ
575 3284 748 3334 μενων
806 3264 1079 3337 χάρισμα,
1135 3264 1196 3317 τὸ
1246 3264 1320 3336 μή
1365 3262 1679 3317 σαλεύεσθαι
1730 3266 1797 3335 τῇ
1855 3264 1947 3317 πί-

1343 3348 1568 3419 Ἐπειὸἡ
1639 3356 1949 3427 στηριγμοῦ

337 3439 585 3511 ἐμνήσθη,
630 3440 712 3494 ἵνα
742 3444 816 3514 μή
852 3441 1077 3515 λυπήσῃ
1112 3441 1305 3502 αὐτοὺς
1338 3442 1412 3503 ὡς
1470 3440 1552 3495 ὅτι
1609 3439 1946 3505 σαλεύονται,

332 3528 493 3605 ἐπάγει
528 3531 605 3584 70"
648 3554 675 3585 ι
712 3530 1279 3605 Σομπαρακληϐἧναι,
1326 3555 1352 3584 ›)
1401 3526 1674 3585 τουτέστιν
1730 3530 1817 3584 ἳνα
1859 3531 1949 3585 καὶ

333 3618 422 3694 ἐγὼ
453 3621 606 3690 ύμᾶς,
658 3622 749 3674 καὶ
811 3620 967 3691 ὑμεῖς
1026 3618 1124 3692 ἐμὲ
1179 3618 1615 3692 παρακαλέσητε.
1675 3622 1789 3688 Τῆς
1844 3621 1947 3697 γὰρ

330 3708 587 3779 ἀλλήλων,
622 3711 788 3786 φησὶ,
822 3708 1052 3782 δεύμεθα
1082 3709 1497 3782 παρακλήσεως,
1541 3706 1628 3763 διὰ
1659 3717 1760 3778 τῆς
1792 3710 1945 3763 svo-5-

324 3820 406 3868 07,;
432 3803 561 3872 ἡμῖν
592 3799 855 3862 πίστεως.
892 3796 1111 3873 Σφόδρα
1143 3797 1199 3853 δὲ
1231 3800 1525 3873 μετριάζει.
1588 3799 1707 3854 Ἐνι
1759 3796 1814 3853 δὲ
1858 3799 1946 3853 καὶ

317 3887 469 3949 οὕτως
498 3895 706 3957 νοῆσαι
744 3888 843 3955 τήν
874 3886 1238 3961 παράκλησιν,
1271 3892 1403 3956 Ἵνα,
1439 3888 1624 3960 φησὶν,
1668 3888 1822 3960 ὑμεῖς
1855 3888 1947 3960 μὲν

303 3979 417 4051 παρ’
441 3977 586 4051 ἐμοῦ
619 3977 698 4039 εἰς
731 3978 830 4045 τὴν
888 3978 1069 4031 πίστιν
1125 3974 1540 4051 παρακληθῆτε,
1599 3974 1705 4051 ἐγὼ
1756 3975 1812 4030 δὲ
1871 3977 1946 4037 εἷς

303 4066 659 4144 εὐφροσύνην,
694 4068 835 4140 ὁρῶν
868 4066 1007 4137 ὑμᾶς
1037 4065 1485 4126 πεπιστευκότας.
1519 4067 1585 4120 Ἥ
1628 4064 1821 4124 οὕτως’
1875 4066 1947 4121 Τὸ

340 3370 461 3403 στει.
526 3376 551 3401 a
618 3351 1164 3426 Συμπαρακληθῆναι.
1215 3376 1243 3405 ››

304 4154 629 4228 μεταδοῦναι
662 4156 790 4227 ὑμῖν
820 4156 1086 4233 χάρισμα,
1119 4158 1221 4210 οὐκ
1251 4151 1392 4210 ἔστιν
1425 4155 1555 4227 ἐμὸν
1594 4156 1756 4228 μόνον
1786 4156 1821 4223 ἢ
1850 4161 1945 4223 τῆς

298 4245 436 4317 ἐμῆς
468 4245 843 4319 προαιρέσεως
871 4246 962 4300 καὶ
995 4242 1288 4315 διακονίας,
1321 4242 1468 4299 ἀλλὰ
1496 4245 1678 4299 κοινὸν
1726 4244 1860 4317 ἐμοῦ
1888 4264 1947 4298 τε

295 4338 381 4389 καί
414 4336 573 4408 ὑμῶν
633 4337 748 4398 Τῆς
781 4333 1056 4390 διακονίας
1094 4336 1187 4407 μὲν
1216 4342 1316 4403 τῆς
1346 4332 1507 4408 ἐμῆς,
1533 4340 1634 4402 τῆς
1655 4331 1711 4387 δὲ
1743 4334 1948 4409 ὑπουρ-

291 4428 415 4499 γίας
446 4433 551 4493 τῆς
585 4426 872 4499 opstipum.
914 4425 1014 4479 Καὶ
1040 4422 1165 4479 οὐδὲ
1186 4424 1309 4480 τότε
1332 4422 1545 4493 ἁπλῶς,
1568 4421 1715 4478 ἀλλὰ
1738 4422 1825 4477 διὰ
1849 4431 1948 4493 τῆς

2060 3267 2135 3320 sit
2160 3266 2334 3331 dabo,
2371 3265 2474 3320 sed
2507 3263 2661 3335 quod
2693 3270 2751 3319 et
2781 3280 2884 3336 ego
2912 3263 3137 3333 accepi.
3169 3284 3196 3311 ‹‹
3236 3261 3316 3315 Ad
3343 3259 3706 3315 confirman-

2060 3355 2201 3411 dum
2232 3372 2351 3410 vos.
2393 3380 2411 3403 -
2444 3356 2643 3425 Neque
2677 3353 2836 3408 enim
2880 3368 3123 3424 parvum
3178 3351 3399 3406 donum
3444 3355 3535 3405 est
3582 3365 3706 3404 non

2058 3446 2343 3501 fluctuare
2374 3446 2435 3500 in
2470 3444 2605 3500 fide.
2645 3466 2671 3495 «
2704 3444 2777 3499 Ut
2807 3443 2986 3498 simul
3017 3442 3486 3498 consolationem
3547 3441 3707 3495 acci-

2056 3537 2237 3607 piam.
2285 3561 2305 3584 ιι
2369 3538 2689 3606 Postquam
2745 3532 3216 3589 conﬁrmationis
3264 3530 3555 3595 meminit,
3617 3545 3693 3584 ne

2057 3626 2369 3680 contristet
2397 3642 2497 3679 eos
2542 3624 2711 3694 quasi
2768 3623 3055 3677 ﬂuctuare
3104 3621 3398 3687 dicantur,
3458 3618 3709 3673 subdit:

2062 3735 2083 3764 ι
2118 3716 2190 3770 Ut
2221 3713 2397 3769 simul
2428 3712 2897 3768 consolationem
2928 3711 3239 3780 accipiam,
3266 3729 3293 3757 ››
3314 3709 3424 3762 hoc
3444 3711 3623 3772 est,ut
3643 3710 3703 3760 et

2056 3820 2160 3869 ego
2182 3820 2303 3867 vos,
2338 3808 2396 3855 et
2422 3818 2520 3855 vos
2547 3817 2639 3855 me
2672 3816 2738 3854 co
2754 3798 3071 3854 nsolemini
3099 3815 3113 3861 ;
3148 3801 3355 3851 mutua
3386 3794 3545 3847 enim
3569 3807 3707 3864 ege-

2057 3910 2188 3947 mus
2221 3891 2649 3955 consolatione,
2684 3906 2815 3959 quzn
2866 3888 2967 3942 ﬁat
2997 3904 3101 3957 per
3158 3885 3609 3938 inexsistentem
3641 3881 3706 3936 in

2056 3981 2227 4036 nobis
2260 3980 2461 4035 ﬁdem.
2495 3980 2759 4050 Magnam
2792 3982 2990 4031 autem
3026 3973 3286 4030 ostendit
3327 3972 3702 4027 modestiam.

2054 4073 2254 4125 Potest
2283 4068 2393 4122 hoc
2424 4082 2658 4137 quoque
2689 4064 2861 4119 modo
2893 4062 3220 4117 consolatio
3244 4061 3369 4115 hinc
3404 4059 3657 4131 intelligi
3685 4075 3698 4114 :

2056 4161 2126 4214 Ut
2141 4176 2240 4213 vos
2254 4157 2491 4229 quidem
2508 4171 2645 4211 ame
2659 4153 2731 4209 ad
2748 4154 2925 4210 ﬁdem
2941 4151 3345 4207 consolatione
3369 4148 3697 4216 ducamini,

2054 4249 2206 4304 200
2235 4264 2338 4319 ego
2367 4262 2501 4300 vero
2534 4244 2608 4299 ad
2638 4242 3095 4299 oblectationem
3130 4239 3380 4305 alliciar,
3427 4255 3562 4292 cum
3594 4253 3693 4291 vos

2054 4336 2364 4391 credentes
2396 4334 2646 4390 videam.
2682 4332 2783 4387 Vel
2816 4333 2897 4387 ita
2924 4348 2937 4385 :
2970 4329 3222 4385 Tradere
3254 4327 3417 4382 vobis
3448 4326 3698 4397 gratiam

2052 4441 2173 4479 non
2208 4439 2403 4478 meum
2436 4422 2628 4477 solum
2663 4425 2754 4475 est
2782 4425 2883 4474 aut
2913 4434 3058 4473 mea;
3085 4416 3407 4471 voluntatis
3442 4430 3508 4468 ac
3532 4413 3706 4468 mini-

294 4516 346 4571 ἐν
380 4512 667 4584 ἀλλήλοις
699 4514 953 4575 πίστεως.
990 4516 1110 4574 unc
1140 4514 1229 4568 καὶ
1257 4515 1377 4568 τίνα
1398 4513 1596 4587 τρόπον
1619 4531 1632 4581 ;
1654 4515 1777 4570 Ἐὰν
1793 4512 1945 4567 αὐτοὶ

2062 4514 2244 4581 sterii,
2279 4512 2382 4567 sed
2408 4512 2552 4567 mihi
2586 4510 2866 4580 vobisque
2898 4523 3213 4563 commune
3247 4512 3371 4559 est:
3407 4503 3521 4557 mei
3561 4502 3703 4572 qui-

293 4603 490 4679 ἕχητε,
525 4604 680 4680 φησί,
713 4604 893 4659 πίστιν
927 4608 1022 4658 τοῦ
1054 4598 1240 4657 λαϐεῖν
1300 4603 1361 4656 τὸ
1417 4602 1682 4676 χάρισμα,
1736 4600 1840 4673 ἐγώ
1886 4621 1946 4655 τε

294 4691 464 4749 πάλιν
501 4692 685 4747 πίστιν
741 4697 839 4746 τοῦ
892 4689 1075 4746 δοῦναι
1146 4692 1293 4762 ὑμῖν.
1348 4691 1472 4746 Ἐὰν
1526 4690 1625 4763 γαρ
1685 4690 1788 4762 ἐγὼ
1852 4690 1944 4762 μὲν

295 4784 477 4837 πίστιν
510 4776 632 4855 ἔχω
662 4784 756 4835 τοῦ
787 4778 992 4848 δοῦναι,
1025 4781 1114 4836 καὶ
1160 4778 1334 4834 πολὺν
1388 4778 1575 4855 ἀγῶνα
1627 4777 1717 4832 καί
1776 4798 1946 4832 σποῦ-

307 4868 420 4939 δὴν,
456 4873 615 4945 ύμεῖς
648 4868 703 4925 δὲ
736 4870 835 4925 οὐκ
862 4865 1029 4944 ἔχητε
1058 4870 1237 4924 πίστιν
1270 4872 1365 4922 τοῦ
1408 4862 1613 4933 λαϐεῖν,
1675 4864 1787 4921 οὐδ’
1833 4867 1948 4922 ἐπι-

313 4964 498 5033 θυμίαν
530 4960 623 5015 καὶ
656 4958 971 5032 ἐπιμέλειαν
1007 4959 1130 5033 περὶ
1174 4959 1236 5014 τὸ
1286 4952 1497 5026 λαϐεῖν,
1544 4957 1604 5011 ού
1658 4956 1947 5032 παραγίνε-

303 5070 386 5104 ται
420 5053 569 5125 ύμῖν,
603 5049 701 5105 κᾶν
735 5050 844 5124 ἐγὼ
879 5048 1192 5125 βούλωμαι,
1220 5048 1284 5103 τὸ
1314 5048 1559 5122 χάρισμα
1587 5047 1647 5102 τὸ
1706 5068 1948 5121 πνευμαο

305 5143 468 5195 τικόν.
502 5146 593 5197 Δεῖ
623 5141 718 5195 οὗν
740 5140 1029 5217 ἀμφότερα
1058 5135 1406 5212 συνδραμεῖν,
1450 5137 1538 5191 καὶ
1596 5137 1658 5191 τὸ
1692 5136 1741 5206 ἐξ
1791 5135 1948 5209 ἐμοῦ,

307 5231 557 5302 καῖτὸὲξ
620 5232 802 5305 ὑμῶν.
858 5228 995 5283 Τότε
1046 5228 1150 5301 γὰρ
1207 5225 1360 5281 αὐτοὶ
1419 5224 1596 5280 πίστιν
1655 5223 1799 5294 ἕξετε
1854 5229 1950 5279 τοῦ

316 5316 483 5377 λαϐεῖν
541 5322 632 5378 καὶ
696 5317 1021 5389 ἐπιθυμίαν,
1077 5316 1169 5371 ὅτε
1252 5314 1434 5384 ἄξίους
1494 5313 1713 5375 ἑαυτοὺς
1780 5334 1951 5387 παρα-

321 5411 569 5471 σιευᾶσετε
625 5418 733 5481 τῆς
795 5405 1007 5480 δωρεᾶς
1068 5403 1136 5459 δι’
1192 5400 1361 5479 ἔργων
1418 5405 1652 5477 ἀγαθῶν.
1724 5398 1952 5476 Λαμϐα-

314 5506 480 5565 νόντων
511 5502 572 5563 δὲ
608 5504 777 5577 ὑμῶν
808 5497 876 5551 τὸ
918 5495 1185 5570 χάρισμα,
1246 5492 1418 5563 δῆλον
1469 5493 1554 5548 ’ὁτι
1600 5490 1952 5568 παρακαλού-

307 5612 411 5675 μεθα
435 5600 525 5657 καί
553 5585 987 5673 εὐφραινόμεθα
1041 5582 1095 5639 ὲν
1152 5581 1446 5654 ἀλλήλοις.
1501 5584 1683 5639 κοινὸν
1730 5583 1832 5660 γὰρ
1889 5584 1951 5639 τὸ

576 5730 903 5792 ΡΑτειοι.
949 5715 1065 5773 Gn.
1110 5711 1375 5774 CXVIII.

2058 4604 2192 4658 dem
2227 4601 2562 4667 ministerii,
2596 4599 2774 4653 vestri
2809 4604 3005 4652 autem
3040 4594 3329 4659 subsidii;
3364 4599 3422 4647 et
3460 4608 3533 4646 ne
3566 4597 3708 4647 tunc

2059 4692 2299 4762 quidem
2332 4697 2653 4758 utcunque.
2693 4686 2796 4741 sed
2854 4702 2959 4756 per
3005 4690 3273 4739 mutuam
3324 4680 3526 4737 fidem.
3577 4680 3701 4745 Quo

2060 4781 2234 4835 modo
2254 4779 2464 4851 ergoid
2489 4777 2624 4831 ﬁet?
2647 4776 2700 4829 Si
2736 4775 2867 4845 ipsi.
2893 4774 3108 4843 inquit,
3136 4773 3313 4828 fidem
3344 4771 3612 4827 habeatis
3630 4768 3705 4826 ad

2058 4870 2462 4941 accipiendam
2494 4866 2764 4939 gratiam,
2799 4880 2902 4935 ego
2944 4880 3076 4918 vero
3111 4862 3287 4917 ﬁdem
3330 4878 3564 4916 rursum
3600 4861 3708 4915 ha-

2058 4959 2229 5015 beam
2263 4958 2332 5013 ad
2359 4957 2525 5012 illam
2556 4954 2716 5009 vobis
2750 4952 3119 5008 tradendam.
3175 4954 3317 5007 Nam
3359 4952 3407 5006 si
3435 4968 3539 5021 ego
3572 4947 3706 5018 qui-

2061 5048 2195 5103 dem
2258 5047 2435 5101 ﬁdem
2494 5044 2745 5099 habeam
2799 5041 2873 5097 ad
2932 5042 3217 5109 dandum,
3310 5051 3710 5109 magnumque

2061 5137 2324 5192 laborem
2356 5152 2423 5189 ac
2478 5134 2761 5198 studium,
2814 5149 2911 5186 vos
2968 5137 3165 5186 autem
3215 5145 3333 5182 non
3387 5123 3715 5181 habueritis

2064 5226 2241 5281 ﬁdem
2263 5224 2333 5279 ad
2369 5223 2783 5294 accipiendum
2810 5240 2822 5276 :
2858 5238 2979 5275 non
3014 5219 3317 5289 continget
3338 5215 3499 5268 vobis
3529 5212 3716 5285 gratia

2063 5315 2412 5386 spiritualis,
2437 5314 2614 5367 etiam
2638 5314 2685 5367 si
2712 5328 2815 5383 ego
2831 5311 3030 5365 velim.
3064 5310 3388 5376 Utrumque
3413 5321 3548 5375 ergo
3568 5319 3712 5358 con—

2063 5420 2299 5459 currere
2330 5408 2580 5474 oportet,
2612 5406 2671 5455 et
2701 5400 2855 5470 quod
2889 5416 2921 5453 a
2958 5415 3049 5452 me
3083 5395 3379 5466 praebetur
3397 5400 3456 5448 et
3484 5392 3642 5463 quod
3675 5408 3711 5448 a

2062 5494 2249 5549 vobis.
2295 5494 2455 5548 Tunc
2482 5492 2641 5547 enim
2674 5489 2855 5545 ﬁdem
2895 5505 2961 5543 ac
3021 5484 3385 5541 desiderium
3444 5483 3714 5555 accipere

2063 5584 2354 5657 poteritis,
2389 5581 2628 5654 quando
2660 5579 2832 5635 bonis
2866 5575 3149 5651 operibus
3171 5575 3383 5649 dignos
3413 5574 3525 5631 hoc
3555 5572 3711 5629 dono

3322 5704 3391 5763 li
