4112 6250
442 316 555 377 331

1563 314 1982 379 (ΕΟΠΜΕΝΙΙ
2028 312 2336 377 TRJC'IE
2380 312 2732 373 EPlSCOPI

3733 312 3875 371 ἔτδὲ

450 466 554 506 vos
586 449 979 523 praebueritis.
1004 450 1149 506 Cum
1174 455 1372 508 autem
1418 468 1518 507 vos
1549 452 1771 507 donum
1804 450 2098 523 acceperi-

2217 442 2426 520 κέρδος.
2461 442 2695 501 Πολλῶν
2726 446 2830 521 γὰρ
2886 448 3092 502 πιστῶν
3151 442 3392 517 σύνοδος,
3453 444 3708 519 μεγίστην
3772 445 3878 521 ἐρ-

451 540 549 608 tis,
590 539 970 595 manifestum
998 546 1103 603 est,
1132 540 1291 610 quod
1315 540 2105 610 consolabimur,mutuoque

456 628 905 699 gratulabimur.
942 646 1078 684 cum
1111 630 1186 683 sit
1236 646 1552 685 commune
1598 630 1848 686 lucrum.
1906 628 2104 684 Diver—

456 734 655 773 sorum
681 718 841 772 enim
859 718 1125 772 fidelium
1149 734 1476 773 concursus
1491 719 1808 774 maximam
1828 722 2107 789 operatur

452 807 946 862 consolationem.
976 807 1100 875 Vel,
1124 807 1223 861 ubi
1256 825 1357 863 vos
1381 808 1618 878 quidem
1646 824 1741 863 me
1773 805 2108 877 susceperi-

450 896 525 950 tis
550 912 655 967 pro
683 896 797 950 ﬁde
819 896 1087 967 dignum,
1112 897 1543 968 quiprmdicem
1577 902 1680 952 aut
1698 896 1965 957 doceam.
1999 908 2105 965 ego

450 1000 587 1040 vero
611 1001 849 1039 rursum
873 985 1086 1056 dignos
1111 1003 1208 1041 vos
1234 985 1729 1057 habeam,quibus
1762 985 1861 1039 Dei
1892 998 2106 1039 conce-

453 1072 673 1128 dantur
701 1074 963 1141 oracula,
1000 1074 1365 1147 solidiorque
1397 1075 1687 1131 doctrina.
1724 1075 1846 1140 Vel,
1874 1074 1976 1128 ubi
1999 1088 2103 1144 ego

452 1162 694 1233 quidem
726 1180 827 1218 vos
855 1168 1130 1235 prompto
1166 1165 1365 1219 animo
1386 1165 1628 1219 verbum
1653 1163 1753 1219 Dei
1779 1162 2105 1234 suscipien-

451 1257 541 1308 tes
571 1253 793 1319 videro,
821 1269 921 1307 vos
946 1260 1144 1309 autem
1173 1270 1204 1309 e
1235 1254 1467 1309 diverso
1493 1254 1759 1309 videritis
1788 1268 1983 1308 meam
2003 1268 2105 1306 cu-

450 1357 581 1396 ram
610 1358 679 1396 ac
704 1341 1073 1414 diligentiam
1105 1344 1265 1398 circa
1295 1360 1419 1397 vos.
1455 1345 1598 1398 Nam
1626 1342 1684 1396 id
1715 1341 1788 1397 ad
1812 1342 2103 1414 majorem

455 1430 593 1485 fidei
619 1431 1036 1486 certitudinem
1060 1433 1328 1503 utrisque
1360 1432 1622 1503 prodest,
1647 1431 1884 1502 quando
1918 1430 1966 1484 is
2001 1429 2103 1500 qui

454 1519 698 1576 verbum
731 1521 1103 1588 disseminat,
1135 1521 1294 1575 videt
1322 1522 1633 1577 hominum
1666 1522 1894 1576 animos
1930 1535 2109 1591 supra

455 1626 634 1681 quam
666 1610 824 1665 credi
860 1616 1055 1681 potest
1084 1610 1157 1665 ad
1198 1610 1597 1665 obedientiam
1638 1610 1891 1675 attrahi;
1926 1609 2105 1663 robu-

455 1700 603 1754 stior
633 1700 795 1753 enim
828 1700 900 1753 ad
925 1700 1367 1771 prmdicandum
1400 1699 1951 1755 redditur.Rursum
1974 1714 2109 1752 cum

455 1789 716 1844 viderint
744 1789 1022 1860 discipuli
1045 1790 1527 1843 eoncionatorem
1558 1804 1660 1859 spe
1685 1788 1856 1842 firma
1879 1787 2107 1842 traden-
2139 1820 2185 1884 B

461 1883 582 1933 tem
615 1879 817 1944 ﬁdem,
853 1878 1037 1949 magis
1068 1878 1220 1932 hanc
1251 1877 1620 1948 suscipiunt;
1681 1882 1741 1931 et
1779 1877 1863 1931 ita
1901 1892 2007 1947 per
2036 1875 2104 1929 ﬂ-

463 1968 597 2022 dem
631 1973 897 2022 mutuam
929 1967 1164 2036 utrique
1197 1965 1662 2020 consolationem
1697 1964 2014 2035 accipiunt.

534 2058 576 2121 I,
616 2058 793 2110 13-16.
829 2054 963 2109 Nolo
994 2061 1171 2109 autem
1202 2070 1293 2109 vos
1351 2057 1630 2123 ignorare,
1685 2056 1911 2121 fratres,
1961 2054 2107 2123 quod

453 2148 654 2215 sepius
678 2147 1068 2215 proposuerim
1109 2146 1296 2198 venire
1326 2145 1399 2198 ad
1425 2160 1539 2209 ros,
1570 2150 1621 2198 et
1644 2142 1963 2213 prohibitus
1987 2157 2106 2197 sum

456 2234 739 2297 hactenus,
771 2240 831 2288 ut
863 2233 1102 2303 aliquem
1160 2235 1403 2301 fructum
1456 2232 1686 2287 habeam
1733 2239 1784 2286 et
1824 2235 1884 2287 in
1933 2232 2103 2299 vobis,

452 2327 594 2381 sicut
632 2329 682 2380 et
714 2323 772 2378 in
802 2325 1007 2378 caeteris
1036 2323 1307 2391 gentibus.
1351 2324 1422 2376 Et
1468 2322 1674 2379 Grazcis
1720 2328 1773 2375 et
1819 2321 2104 2388 Barbaris,

455 2420 507 2469 et
525 2414 864 2483 sapientibus
889 2419 941 2468 et
971 2411 1362 2482 insipientibus
1391 2412 1605 2466 debitor
1633 2427 1771 2466 sum.
1806 2412 1895 2466 Sic
1925 2428 2107 2481 quan-

458 2509 572 2557 tum
602 2504 661 2555 in
689 2519 773 2556 me
800 2508 896 2565 est,
933 2506 1218 2572 promptus
1246 2517 1366 2555 sum
1398 2503 1566 2555 etiam
1594 2501 1762 2567 vobis,
1796 2502 1894 2570 qui
1928 2503 2106 2555 Romae

454 2591 599 2659 estis,
635 2591 997 2660 Evangelium
1038 2592 1365 2661 praedicare.
1427 2592 1545 2646 Non
1607 2591 1748 2643 enim
1799 2590 1971 2659 pudet
2023 2604 2108 2643 me

460 2681 751 2750 Evangelii
783 2681 1007 2745 Christi,
1028 2680 1303 2749 siquidem
1326 2679 1582 2749 potentia
1614 2681 1711 2733 Dei
1742 2685 1817 2733 est
1853 2680 1926 2734 ad
1955 2680 2107 2733 salu—-

457 2775 565 2824 tem
595 2770 744 2824 omni
769 2769 1052 2824 credenti:
1083 2768 1274 2821 Judwo
1298 2766 1545 2836 primum
1573 2773 1623 2820 et
1658 2767 1864 2822 Graeco.

532 2947 679 3002 201
710 2947 766 3000 Si
796 2962 931 3019 ergo
961 2945 1161 3000 venire
1212 2950 1399 3016 optas,
1454 2949 1512 2998 et
1555 2943 1830 2998 utilitatis
1889 2946 2106 2996 nostra

458 3037 646 3110 gratia
673 3037 787 3091 iter
805 3036 1114 3103 institutis,
1145 3051 1250 3089 cur
1271 3051 1391 3089 non
1415 3033 1695 3088 advenis?
1721 3032 2106 3103 Sum,inquit,

457 3127 831 3199 prohibitus;
867 3144 977 3183 nec
1010 3132 1207 3181 tamen
1241 3125 1663 3197 prohibitionis
1687 3139 1925 3179 causam
1950 3138 2108 3177 scru-

457 3222 616 3272 tatur
648 3238 662 3283 ;
696 3233 890 3288 neque
922 3217 1081 3272 enim
1120 3222 1389 3270 nostrum
1423 3220 1511 3269 est
1540 3230 1745 3269 eorum
1779 3231 1910 3284 quae
1935 3211 2107 3283 jubet
2136 3185 2179 3251 C

458 3306 614 3361 Deus
645 3322 856 3361 causas
890 3311 1187 3376 expetere,
1236 3303 1340 3358 sed
1391 3310 1618 3358 tantum
1669 3302 1929 3357 obedire.
1969 3324 1988 3348 α
2039 3301 2112 3355 Ut

464 3394 723 3465 aliquem
756 3396 1035 3450 fructum.
1072 3415 1100 3443 ι)
1125 3395 1379 3449 Omnino
1412 3393 1638 3449 diceret
1665 3394 1994 3463 quispiam:
2022 3392 2109 3447 Id-

464 3485 621 3540 circo
655 3484 988 3555 prohibitus
1039 3501 1119 3539 es.
1172 3484 1313 3555 quia
1361 3500 1480 3537 non
1543 3482 1871 3537 secundum
1924 3484 2108 3537 Deum

460 3574 660 3627 venire
693 3572 1055 3627 decreveras.
1091 3574 1498 3642 Nequaquam,
1522 3572 1620 3625 ait.
1650 3573 1924 3625 Fructum
1949 3570 2108 3624 enim

465 3661 641 3717 etiam
678 3661 737 3714 in
769 3661 930 3715 vobis
964 3659 1181 3715 habere
1216 3659 1549 3730 cupiebam,
1583 3659 1839 3712 fructum
1874 3674 2107 3725 vocans,

465 3750 645 3807 {idem
673 3751 735 3805 in
759 3767 963 3805 eorum
993 3750 1173 3805 corda
1203 3748 1597 3804 introducere.
1638 3748 1737 3802 Vel
1768 3754 1833 3802 ut
1864 3765 1969 3819 per
2004 3749 2111 3819 hy-

456 3840 745 3912 perbaton
769 3839 914 3893 illud
937 3839 1157 3893 dictum
1186 3838 1290 3892 sit:
1318 3838 1389 3893 Ut
1420 3838 1679 3908 aliquem
1713 3837 1967 3893 fructum
2004 3837 2107 3893 ha-

454 3930 657 3996 beam;
678 3952 706 3980 »
728 3930 810 3986 ita
823 3947 956 3985 vero
977 3945 1352 4000 consequens
1367 3928 1479 3982 erit
1503 3945 1515 3982 :
1542 3951 1567 3977 ‹‹
1587 3928 1810 4000 Saepius
1829 3928 2110 3999 proposui

457 4022 656 4076 venire
688 4021 760 4076 ad
793 4037 917 4085 vos,
950 4026 1017 4075 ut
1048 4020 1307 4091 aliquem
1355 4020 1613 4074 fructum
1668 4018 1917 4074 habeam
1962 4025 2019 4073 et
2048 4019 2109 4073 in

458 4109 645 4175 vobis,
681 4109 784 4165 sed
814 4111 1101 4165 hactenus
1134 4108 1470 4180 prohibitus
1502 4124 1652 4162 sum.
1692 4129 1718 4156 ››
1752 4109 1965 4162 Verum
2021 4107 2112 4162 di-

460 4200 609 4255 xerit
642 4199 858 4270 aliquis
895 4215 907 4252 :
950 4199 1005 4253 Si
1070 4198 1216 4253 ﬁdes
1278 4214 1482 4251 eorum
1533 4197 2001 4252 annuntiabatur
2050 4197 2111 4251 in

464 4290 739 4345 universo
767 4289 1338 4361 mundo.quemnam
1362 4287 1619 4342 fructum
1646 4288 1771 4359 ipse
1790 4286 2114 4343 adveniens

462 4380 732 4451 praebere
765 4378 1086 4451 cupiebat?
1142 4377 1253 4432 Sed
1305 4392 1584 4448 magnum
1639 4376 1831 4430 adhuc
1885 4375 2112 4446 aliquid

460 4469 850 4524 inveniemus.
885 4470 1027 4523 Nam
1064 4466 1171 4521 etsi
1222 4464 1617 4529 crediderant,
1669 4464 1863 4518 adhuc
1910 4470 2110 4519 tamen

459 4559 665 4613 multis
679 4558 932 4631 egebant
976 4556 1155 4626 ldque
1182 4561 1241 4610 et
1260 4560 1383 4609 tota
1409 4552 2105 4624 manifestaturepistola,

2222 4553 2481 4626 ριχθῆναι
2544 4551 2704 4624 ὑμᾶς,
2785 4550 2872 4604 καὶ

464 4652 522 4701 et
551 4648 727 4717 paulo
779 4653 915 4702 ante
974 4662 1109 4700 cum
1169 4644 1429 4699 diceret:
1492 4641 1580 4696 Ad
1630 4642 2105 4697 confirmandum

462 4750 565 4787 vos
597 4752 610 4789 :
645 4740 703 4789 et
734 4753 866 4790 cum
897 4736 1197 4797 admonet,
1234 4750 1307 4788 ne
1342 4733 1411 4786 de
1445 4748 1505 4785 se
1558 4735 1761 4785 mutuo
1812 4731 2107 4802 judicium

462 4820 673 4888 ferant,
707 4823 956 4893 aliisque
983 4824 1127 4878 lo<is
1150 4822 1481 4877 innumeris
1512 4821 1582 4874 Ut
1603 4820 2108 4891 aliquem,inquit,

464 4908 722 4964 fructum
749 4911 1017 4971 habeam.
1070 4913 1179 4966 hoc
1221 4926 1362 4965 sane
1413 4908 1733 4964 ostendens
1782 4908 1940 4979 quod
1985 4909 2107 4964 fru-

464 5004 625 5054 ctum
650 4999 888 5054 illorum
920 5016 1093 5053 suum
1128 5016 1254 5054 esse
1286 5000 1541 5053 fructum
1574 4997 1818 5052 duceret
1871 4998 2104 5055 Paulus.

462 5091 621 5146 Adeo
663 5090 820 5145 enim
880 5090 942 5144 in
992 5089 1245 5160 proximi
1304 5088 1615 5142 virtutibus
1672 5086 1982 5159 gaudebat,
2044 5094 2110 5143 ut

461 5180 717 5236 fructum
755 5178 892 5233 inde
921 5179 1117 5232 redire
1140 5178 1211 5231 ad
1236 5194 1296 5231 se
1320 5177 1744 5241 arbitraretur;
1780 5175 1936 5246 quod
1969 5177 2106 5231 hinc

463 5270 743 5342 colligere
779 5269 918 5323 licet
973 5268 1114 5321 Nam
1149 5265 1422 5319 utilitatis
1463 5264 1699 5319 illorum
1757 5266 1945 5335 gratia
1996 5266 2109 5320 iter

465 5360 541 5415 ad
571 5361 706 5415 illos
737 5374 1042 5415 assumere
1074 5355 1408 5410 festinabat.
1461 5354 1695 5425 Alioqui
1745 5370 1876 5408 vere
1927 5356 2105 5411 etiam

461 5446 689 5502 fructus
722 5450 962 5503 illorum
996 5447 1161 5501 Pauli
1192 5445 1416 5499 fructus
1447 5449 1590 5498 erat.
1627 5444 1769 5496 Nam
1795 5443 1935 5512 quia
1958 5461 2105 5515 opus

462 5550 532 5591 ac
564 5536 825 5591 studium
848 5538 1011 5592 illius
1037 5541 1163 5592 erat
1188 5540 1254 5590 ut
1290 5539 1495 5607 gentes
1525 5532 1781 5587 fructum
1813 5532 2100 5603 produce-

464 5626 619 5690 rent,
653 5629 809 5679 recte
854 5625 915 5679 in
950 5641 1152 5680 earum
1184 5620 1641 5678 fructilicatione
1688 5619 1854 5675 Pauli
1896 5621 2100 5678 fructi-

2207 536 2426 612 γάζεται
2487 532 2848 610 παράκλησιν.
2908 537 2975 591 Ἣ
3039 536 3190 607 ὑμῶν
3255 535 3347 609 μὶν
3400 534 3715 605 ἀξιόπιστον
3787 534 3881 596 εἷς

2207 623 2269 679 τὸ
2298 624 2526 699 κηρύξαι
2586 623 2675 679 καὶ
2731 620 2941 697 διδάξαι
2986 620 3486 697 ὑπολαμϐανόντων
3539 624 3660 697 ἐμὲ,
3720 625 3885 698 ἐμοῦ

2210 711 2269 769 δὲ
2298 713 2490 785 πάλιν,
2522 713 2866 786 ἀξιοπίστους
2898 712 2973 775 εἷς
3004 715 3065 770 τὸ
3109 712 3525 787 ἐμπιστευθῆναι
3575 716 3641 769 τὰ
3692 714 3885 789 λόγια

2208 807 2303 857 τοῦ
2343 807 2500 869 Θεοῦ,
2561 804 2652 858 καὶ
2708 806 2807 875 τὴν
2869 803 3206 878 τελειοτέραν
3265 804 3546 878 κρίναντος
3601 801 3884 858 διδασκα-

2209 891 2356 949 λίαν.
2389 894 2462 949 Ἠ
2491 892 2626 966 ἐμοῦ
2662 895 2755 967 μὲν
2782 893 3018 967 ὁρῶντος
3051 894 3348 965 προθύμως
3413 890 3881 968 ὑποδεχομένους

2211 983 2351 1055 ὑμᾶς
2409 984 2472 1038 τὸ
2529 986 2811 1060 κήρυγμα,
2885 982 3037 1057 ὐμῶν
3096 982 3153 1037 δὲ
3210 981 3377 1039 πάλιν
3437 984 3693 1058 ὁρώντων
3751 985 3877 1052 τήν

2209 1071 2347 1147 ἐμὴν
2380 1074 2501 1148 περὶ
2560 1074 2690 1128 αὐτὸ
2747 1070 3062 1147 ἐπιμέλειαν
3121 1073 3212 1128 καὶ
3271 1070 3533 1142 σπουδήν.
3597 1073 3881 1128 ΣυντελΞῖ

2212 1160 2269 1218 δὲ
2298 1166 2461 1218 τοῦτο
2493 1163 2569 1223 εἷς
2597 1162 2823 1236 μείζονα
2869 1160 3249 1240 πληροφορίαν
3299 1167 3401 1230 τῆς
3448 1161 3686 1225 πίστεως
3734 1162 3874 1216 ἕκα-

2208 1246 2413 1322 τὲροις,
2446 1247 2572 1303 ὅταν
2602 1249 2631 1302 6
2666 1248 2760 1320 μὲν
2790 1246 3078 1323 κηρύσσων
3109 1248 3209 1321 ὁρᾷ
3252 1247 3348 1308 τὰς
3395 1250 3505 1301 τῶν
3553 1245 3871 1320 ἀνθρώπων

2210 1337 2394 1412 ψυχὰς
2444 1333 2764 1409 παραδόξως
2818 1336 2897 1398 εἷς
2945 1337 3187 1406 ὑπακοήν
3247 1333 3568 1407 ἑλκομένας.
3626 1334 3875 1395 Μᾶλλον

2211 1428 2318 1503 γὰρ
2374 1427 2644 1500 ῥώννυται
2700 1426 2777 1488 εἷς
2830 1428 2891 1481 τὸ
2974 1426 3284 1498 κηρύσσειν.
3346 1427 3450 1482 Καὶ
3508 1425 3635 1481 ὅταν
3691 1426 3872 1481 πάλιν

2214 1518 2410 1591 ὁρῶσιν
2444 1517 2497 1570 οἱ
2531 1516 2792 1590 μαθηταὶ,
2851 1514 2943 1569 σὺν
3012 1512 3195 1569 ἐλπίδι
3260 1511 3451 1591 βεϐαίᾳ
3507 1516 3602 1573 τὸν
3648 1518 3874 1589 κήρυκα

2212 1609 2310 1675 τὴν
2342 1608 2525 1663 πίστιν
2549 1605 2938 1680 παραδιδόντα,
2975 1605 3188 1675 μᾶλλον
3243 1606 3607 1683 ὕποδὲχονται
3637 1606 3869 1678 ταύτην,

2212 1697 2304 1752 καὶ
2345 1696 2489 1751 οὕτω
2520 1694 2609 1751 διὰ
2635 1703 2737 1767 τῆς
2768 1696 2818 1750 ἐν
2847 1695 3123 1767 ἀλλήλοις
3153 1694 3387 1759 πίστεως
3419 1696 3666 1771 ἑκάτεροι
3690 1715 3865 1771 παρα-

2213 1786 2525 1843 καλοῦνται.

2290 2052 2367 2110 Ού
2399 2051 2541 2109 θέλω
2583 2050 2639 2109 δὲ
2699 2055 2836 2125 ὑμᾶς
2889 2055 3125 2129 ἀγνοεῖν,
3186 2050 3435 2132 ἀδελφοὶ,
3497 2050 3581 2107 ὅτι
3641 2050 3840 2107 πολλάς

2217 2163 2302 2205 κις
2358 2145 2665 2218 προεθέμην
2720 2142 2897 2198 ἐλθεῖν
2956 2144 3092 2219 πρὸς
3173 2143 3335 2217 ὑμᾶς,
3426 2142 3515 2196 καὶ
3578 2140 3852 2210 ἐκωλύθην

2220 2230 2351 2308 ἄχρι
2407 2238 2504 2288 τοῦ
2586 2230 2763 2308 δεῦρο,
2843 2230 2930 2288 τίνα
3008 2231 3214 2307 καρπόν
3299 2252 3416 2287 τινα
3467 2235 3589 2306 σχῶ
3660 2231 3753 2285 καὶ
3808 2229 3858 2283 ἐν

2220 2322 2370 2396 ὑμῖν,
2430 2323 2611 2387 καθὼς
2698 2323 2787 2377 καὶ
2845 2322 2899 2378 ὲν
2953 2327 3069 2384 τοῖς
3149 2320 3370 2385 λοιποῖς
3438 2319 3655 2391 ἔθνεσιν,
3737 2317 3868 2374 Ἐλ-

2220 2410 2352 2483 λησί
2405 2433 2463 2467 τε
2519 2413 2608 2467 καὶ
2661 2406 2982 2488 βρρϐέροις,
3040 2417 3230 2490 σοφοῖς
3294 2432 3352 2467 τε
3431 2410 3523 2465 καὶ
3607 2410 3868 2480 ἀνοήτοις

2221 2499 2509 2579 ὀφειλέτης
2568 2500 2701 2574 εἰμί.
2765 2498 2919 2556 Οὕτω
2970 2502 3033 2556 τὸ
3089 2503 3205 2556 κατ’
3263 2500 3362 2574 ἐμὲ
3419 2499 3703 2573 πρόθυμον
3777 2498 3870 2553 καὶ

2220 2590 2346 2662 ὑμῖν
2414 2596 2528 2653 τοῖς
2614 2590 2665 2644 ἐν
2748 2591 2934 2666 Ῥώμῃ
3026 2588 3498 2668 εὐαγγελίσασθαι*
3586 2587 3665 2645 Οὐ
3762 2590 3869 2664 γὰρ

2218 2679 2622 2757 ἐπαισχύνομαι
2673 2681 2736 2735 τὸ
2806 2677 3139 2755 Εὐαγγὲλιον
3220 2682 3317 2733 τοῦ
3375 2681 3619 2752 Χριστοῦ
3704 2673 3872 2730 δύνα-

2223 2788 2313 2839 μις
2370 2768 2471 2843 γὰρ
2532 2772 2667 2822 Θεοῦ
2726 2767 2866 2823 ἐστιν
2926 2768 3001 2830 εἷς
3061 2767 3336 2843 σωτηρίαν
3422 2766 3585 2822 παντὶ
3639 2770 3717 2838 τῷ
3776 2788 3874 2821 πι-

2217 2854 2481 2922 στεύοντι,
2511 2853 2759 2930 Ἰουδαίῳ
2787 2878 2846 2912 τε
2875 2862 3089 2933 πρῶτον
3121 2857 3212 2912 καὶ
3243 2854 3503 2926 νΕλληνι.

2289 2944 2352 3001 Εἰ
2385 2944 2477 2999 οὗν
2512 2946 2652 3021 εὔχῃ
2683 2945 2879 3018 ἐλθεῖν,
2913 2945 3005 3001 καὶ
3045 2944 3133 3001 ἐπὶ
3192 2942 3403 3019 ὠφελίᾳ
3449 2940 3618 3021 ἔρχῃ,
3674 2945 3725 2999 τί
3779 2946 3849 3016 μή

2216 3035 2491 3109 παραγένῃ
2520 3053 2534 3104 ;
2568 3034 2906 3106 Έκωλύθην,
2948 3036 3131 3113 φησίν.
3187 3035 3296 3089 Ούκ
3340 3031 3420 3088 ἔτι
3473 3032 3529 3088 δὲ
3577 3035 3859 3108 περιεργὰ-

2218 3129 2358 3193 ζιτάι
2396 3127 2496 3194 τὴν
2530 3124 2701 3179 αῗτίαν
2754 3126 2851 3193 τῆς
2910 3123 3224 3186 κωλύσεως*
3293 3125 3358 3178 οὗ
3415 3123 3518 3199 γὰρ
3578 3125 3741 3195 ἡμῶν
3802 3122 3864 3176 τὸ

2217 3213 2458 3267 ἀπαιτεῖν
2511 3212 2728 3274 εὐθύνας
2787 3212 2939 3281 Θεὸν,
3000 3210 3072 3267 ὧν
3152 3210 3384 3279 κελεύει,
3471 3210 3618 3266 ἀλλὰ
3695 3211 3865 3283 μόνον

2216 3301 2521 3358 ὑπακούειν.
2556 3325 2583 3353 (ι
2614 3304 2725 3358 Ἰνα
2765 3302 2882 3356 τινα
2937 3301 3166 3375 καρπόν·
3200 3324 3228 3352 »
3291 3299 3513 3361 Πάντως
3573 3297 3716 3353 εἲποι
3776 3319 3864 3360 τις

2213 3390 2292 3447 ἄν·
2331 3391 2427 3447 Διά
2466 3396 2627 3447 τοῦτο
2680 3390 2982 3462 ἐκωλύθης,
3043 3389 3126 3445 ὅτι
3185 3388 3246 3445 οὗ
3303 3391 3443 3444 κατὰ
3493 3396 3623 3444 Θεὸν
3676 3387 3867 3443 ἐλθεῖν

2213 3476 2444 3536 ἐϐούλου
2497 3481 2778 3553 Ούμενεῦν,
2843 3482 2994 3557 φησί.
3057 3481 3273 3555 Καρπὸν
3320 3480 3421 3553 γὰρ
3465 3482 3611 3550 σχεῖν
3657 3475 3751 3530 καί
3810 3475 3868 3531 ἐν

2218 3571 2346 3642 ὑμῖν
2376 3568 2601 3639 ἢθελου,
2652 3570 2856 3645 καρπὸν
2918 3567 3120 3645 λέγων,
3177 3570 3240 3624 τὸ
3296 3569 3371 3631 εἷς
3420 3567 3594 3622 πίστιν
3654 3563 3864 3627 αὐτοὺς

2212 3657 2509 3734 ἐναγαγεῖν.
2544 3661 2611 3715 Ἤ
2646 3660 2840 3721 οὓτως·
2874 3658 2969 3728 Τὸ,
3004 3683 3032 3710 ‹‹
3066 3660 3178 3715 "Ing
3214 3659 3338 3713 τινὰ
3393 3657 3589 3731 καρπὸν
3645 3659 3802 3730 σχῶ,
3840 3680 3869 3706 υ

2212 3749 2330 3801 καθ’
2392 3743 2690 3823 ὑπερϐατὸν
2779 3746 3012 3821 εἷ’ρηται.
3099 3748 3175 3803 Τὸ
3227 3748 3330 3823 γὰρ
3414 3744 3717 3800 ἀκόλουθον
3779 3743 3867 3814 εἴη

2214 3836 2296 3891 ἂν·
2337 3864 2356 3888 ι
2393 3835 2671 3898 Πολλάκις
2703 3839 3013 3912 προεθέμην
3046 3835 3219 3900 ἐλθεῖν
3255 3837 3390 3910 πρὸς
3429 3837 3591 3908 ὑμᾶς,
3619 3832 3716 3888 ’ίνα
3741 3855 3869 3907 καρ-

2212 3928 2313 3983 πόν
2333 3948 2453 3982 τινα
2483 3932 2603 4002 σχῶ
2632 3930 2723 3982 καὶ
2757 3926 2807 3982 ἐν
2843 3928 2993 4000 ὑμῖν,
3054 3924 3177 3981 ἀλλ’
3237 3924 3522 3995 ἐκωλύθην
3580 3923 3714 3998 ἄχρι
3767 3928 3857 3976 τοῦ

2215 4014 2392 4092 δεῦρο.
2431 4041 2458 4069 ››
2487 4014 2647 4073 Ἀλλ’
2699 4014 2842 4071 εἷ’ποι
2888 4036 2996 4085 τις,
3047 4016 3131 4069 δτι
3176 4014 3240 4071 Εἰ
3289 4016 3322 4082 ἡ
3364 4015 3545 4075 πίστις
3593 4013 3755 4067 αὐτῶν
3802 4008 3850 4063 ὲν

2215 4104 2331 4178 ὅλῳ
2387 4110 2468 4178 τῷ
2523 4105 2716 4178 κόσμῳ
2773 4101 3206 4181 κατηγγέλλετο,
3273 4103 3392 4158 τίνα
3438 4103 3648 4177 καρπὸν
3704 4099 3856 4160 αύτδς

2214 4193 2377 4265 ἤθελε
2425 4194 2863 4269 παραγενόμενος
2918 4198 3270 4269 παρασχεῖν;
3331 4190 3512 4248 Ἀλλὰ
3567 4187 3713 4246 πολὺ
3766 4188 3859 4259 μὶν

2215 4282 2329 4352 οὖν,
2363 4281 2610 4357 ἐροῦμεν.
2646 4281 2709 4337 Εἰ
2739 4283 2845 4359 γὰρ
2900 4282 2991 4336 καὶ
3040 4279 3529 4348 ἐπεπιστεύκεισαν,
3596 4277 3863 4350 παμπόλ-

2215 4370 2326 4427 λων
2352 4368 2504 4445 ὅμως
2536 4368 2767 4427 ἐδέοντο.
2800 4374 2907 4427 Καῖ
2932 4374 3093 4425 τοῦτο
3126 4367 3411 4441 δηλοῦται,
3453 4369 3540 4422 καὶ
3598 4365 3670 4421 δι’
3727 4366 3863 4436 ὅλης

2215 4468 2316 4531 τῆς
2345 4460 2667 4529 ἐπιστολῆς,
2697 4460 2787 4514 καὶ
2818 4461 2924 4535 πρὸ
2951 4458 3145 4535 ὀλίγου
3177 4458 3446 4534 λὲγοντος·
3482 4457 3575 4518 Εἷς
3606 4457 3668 4512 τὸ
3730 4476 3865 4526 στη-

2954 4551 3118 4620 ἡνίκα
3174 4552 3249 4623 μὴ
3316 4549 3515 4624 κρίνειν
3575 4547 3865 4619 ἀλλήλους

2218 4648 2487 4717 παραινεῖ,
2528 4642 2619 4696 καὶ
2667 4638 2815 4696 ἀλλα
2875 4641 3061 4715 μυρία’
3126 4638 3222 4695 ⁴’ίνα
3277 4641 3396 4694 τινὰ
3453 4640 3664 4715 καρπὸν
3720 4642 3865 4717 σχῶ,

2217 4732 2564 4811 φησὶ,τοῦτο
2598 4731 2691 4803 μὲν
2721 4728 2950 4798 δεικνὺς,
3005 4730 3090 4784 δτι
3147 4730 3175 4783 6
3241 4729 3459 4783 ἐκείνων
3520 4728 3731 4803 καρπὸς
3793 4728 3870 4782 o't-

2216 4825 2361 4882 κεῖος
2391 4817 2664 4894 ἐλογίζετο
2696 4817 2903 4893 καρπὸς
2931 4822 3010 4889 τῷ
3044 4816 3268 4888 Παύλῳ.
3312 4816 3502 4879 Οὕτως
3552 4818 3657 4891 γὰρ
3708 4813 3868 4891 ἓχαι-

2222 4929 2305 4983 ρεν
2332 4909 2382 4965 ἐν
2410 4916 2524 4972 τοῖς
2567 4914 2664 4965 τοῦ
2720 4906 2956 4977 πλησίον
3011 4908 3452 4981 κατορθώμασιν,
3512 4905 3652 4961 ὥστε
3708 4906 3869 4966 αὐτὸς

2217 4998 2364 5078 ἔχειν
2394 5003 2585 5075 ἠγεῖτο
2615 4998 2706 5053 τὸν
2743 4997 2970 5071 καρπόν.
3031 4998 3206 5054 Τοῦτο
3265 4993 3342 5067 δὲ,
3390 4995 3472 5050 δτι
3530 4992 3706 5050 ἕνεκεν
3767 5002 3866 5064 τῆς

2216 5092 2391 5147 αὐτῶν
2452 5086 2692 5166 ὠφελίας
2747 5088 2845 5154 τήν
2905 5086 3040 5158 πρὸς
3099 5086 3295 5147 αὐτοὺς
3368 5080 3591 5140 ἔσπευδε
3648 5083 3865 5139 στείλα·

2217 5192 2338 5246 σθαι
2363 5179 2605 5254 πορείαν.
2641 5174 2868 5236 Ἀλλως
2896 5196 2955 5230 τε
2981 5175 3072 5230 καὶ
3108 5174 3326 5229 Παύλου
3378 5174 3584 5248 καρπὸς
3626 5173 3693 5242 ἧν
3724 5171 3866 5244 ἀληο

2216 5272 2324 5333 θὼς
2358 5271 2385 5325 ὁ
2413 5268 2631 5323 ἐκείνων
2665 5261 2889 5337 καρπόξ.
2922 5263 3070 5320 Ἐπεὶ
3126 5264 3231 5340 γὰρ
3284 5257 3443 5341 ἔργον
3471 5266 3536 5333 ἦν
3568 5262 3717 5335 αὐτῷ
3772 5263 3856 5318 καί

2216 5356 2425 5427 σπουδὴ
2455 5358 2517 5411 τὸ
2545 5352 2908 5433 καρποφορεῖν
2939 5353 3004 5407 τὰ
3045 5346 3190 5421 ἔθνη,
3250 5352 3435 5414 καλῶς
3495 5351 3549 5407 ἐν
3606 5356 3676 5425 τῇ
3737 5350 3867 5407 ἐκεί-

2212 5469 2319 5502 νων
2351 5442 2694 5524 καρποφορίᾳ
2725 5445 2759 5511 ἡ
2792 5447 2886 5497 τοῦ
2921 5440 3137 5496 Παύλου
3176 5439 3447 5496 ἐδείκνυτο
3494 5441 3862 5519 καρποφορία·

2216 5534 2376 5592 Ἀλλ’
2410 5530 2584 5595 οὕτως
2620 5532 2712 5607 μὲν
2743 5528 2931 5585 ταῦτα.
2963 5531 3115 5588 Ἔστι
3147 5526 3204 5584 δὲ
3251 5531 3342 5585 καὶ
3402 5531 3478 5603 μή
3534 5531 3652 5584 καθ’
3704 5529 3871 5607 ὑπερ..

2212 5620 2377 5682 ϐατὸν
2399 5625 2461 5680 τὸ
2489 5621 2696 5698 χωρίον
2731 5614 3160 5693 ἐκλαόομὲνους,
3203 5616 3329 5673 ἀλλ’
3378 5618 3455 5680 ὡς
3508 5612 3627 5694 ἔχει
3663 5620 3869 5693 τάξεως
