4112 6250
265 285 389 346 383

1399 283 1817 350 COMMENT.
1866 285 1942 348 IN
1985 287 2226 348 EPIST.
2275 289 2377 348 AD
2425 289 2618 350 ROM.

3612 284 3730 344 334

258 419 733 500 παρειληφότας,
776 426 1046 478 τοιοῦτον
1080 424 1133 478 ἐν
1165 424 1314 494 αότῷ
1374 424 1636 497 θηρᾶσθαι
1674 423 1768 476 τὸν
1833 424 1977 477 νοῦν.

2091 424 2333 479 tificatio
2361 423 3017 480 ostendebatur.Ethaac
3032 421 3273 493 quidem
3293 421 3377 477 ita
3401 437 3462 478 se
3485 421 3727 478 habent.

264 510 622 578 Ἐκωλύθην
657 509 795 586 am:
859 516 964 567 τοῦ
1029 511 1208 586 δεῦρο.
1267 513 1466 580 Διατί;
1508 512 1692 591 φησιν.
1725 514 1836 566 Ἵνα
1899 511 1974 582 μὴ

269 601 502 655 θᾶττον
530 598 730 668 ἐλθὼν,
769 602 1057 675 ἀκάρπους
1087 603 1225 672 ὑμᾶς
1264 597 1343 656 ἔτι
1389 595 1704 655 καταλάϐω.
1741 599 1832 654 Διὸ
1888 599 1978 653 καὶ

282 685 660 762 ἆνεϐαλύμην
695 691 794 758 τὴν
826 691 1158 761 παρουσίαν,
1187 690 1290 753 ἓως
1325 690 1386 744 οὗ
1418 690 1507 744 καὶ
1569 689 1620 742 έν
1664 689 1790 761 ὑμῖν
1847 708 1982 762 καρ-

290 781 407 834 πόν
446 802 577 835 τινα
607 777 980 854 βλαστάνοντα
1022 787 1123 848 τῆς
1172 780 1407 840 πίστεως
1463 777 1608 847 ἄξιον
1667 778 1754 831 καὶ
1791 775 1976 830 τελεσ-

309 870 660 943 «popa-3pm»
725 869 905 941 μάθω.
967 871 1124 926 Ἐστι
1177 865 1233 923 δὲ
1290 868 1380 922 καὶ
1437 865 1623 928 ἄλλως
1679 867 1740 920 τὸ
1798 866 1980 937 νόημα

320 957 585 1012 συνιδεῖν.
619 957 939 1028 Ἐκωλύθην
969 956 1102 1033 ἄχρι
1133 963 1228 1012 τοῦ
1253 954 1430 1031 δεδρο.
1465 956 1615 1010 Διατί
1654 974 1666 1023 ;
1697 957 1817 1011 ’Ὁτι
1848 974 1980 1030 καρ-

299 1049 422 1101 πόν
488 1068 601 1101 τινα
655 1044 728 1101 ἔτι
793 1067 888 1118 μοι
941 1045 1232 1120 συνέλεγον
1289 1043 1568 1099 λείποντα.
1633 1044 1737 1099 Καὶ
1776 1043 1977 1112 ταύτην

287 1139 415 1206 τήν
452 1136 660 1191 ἔννοιαν
693 1135 783 1190 ἰπὶ
833 1136 981 1190 τέλει
1041 1143 1139 1203 τῆς
1198 1134 1494 1203 ἐπιστολῆς
1553 1131 1664 1188 ἔστι
1727 1125 1981 1206 βεϐαιου-

293 1226 493 1299 μένην
529 1222 682 1293 ἰδεῖν,
729 1222 912 1298 ὥσπερ
973 1222 1429 1299 ἐπιλογιζομένου
1482 1226 1581 1276 τοῦ
1640 1219 1978 1277 Ἀποστόλου

281 1315 371 1368 τὰ
413 1316 890 1388 προοιμιασθέντα
958 1314 1060 1370 Καὶ
1095 1316 1198 1388 γάρ
1232 1332 1387 1389 φησιο
1432 1313 1525 1367 Διὸ
1564 1311 1654 1366 καὶ
1690 1309 1979 1364 ἐνεκοπτό-

295 1425 425 1476 μην
464 1401 650 1466 ἐλθεῖν
681 1402 817 1475 πρὸς
870 1403 1030 1474 ὑμᾶς,
1063 1401 1173 1455 νυνῖ
1233 1399 1291 1455 δὲ
1342 1401 1538 1474 μηκέτι
1587 1396 1730 1473 ἔχων
1817 1397 1982 1451 τόπον

284 1489 356 1544 ἐν
387 1497 515 1552 τοῖς
547 1489 782 1564 κλίμασι
814 1491 1053 1560 τούτοις,
1085 1489 1380 1563 ἐλεύσομαι
1438 1490 1576 1564 πρὸς
1629 1489 1788 1561 ὑμᾶς·
1821 1487 1982 1541 Ὥστε

286 1577 467 1643 ὂὲως
501 1585 602 1635 τοῦ
634 1585 725 1634 νῦν
771 1581 1133 1654 ἐλπιζόμενος
1195 1581 1270 1642 εἴς
1322 1577 1601 1654 συλλογὴν
1657 1579 1862 1652 καρπὸς
1927 1575 1980 1630 ἐν

284 1676 419 1730 τοῖς
450 1668 659 1732 ἄλλοις
719 1668 1010 1743 κλίμασιν,
1069 1668 1340 1724 ἐκώλυσεν
1400 1669 1562 1723 αὐτὸν
1625 1666 1713 1722 ἐπὶ
1757 1667 1980 1738 Ῥώμην

2083 514 2402 568 Possumus
2432 520 2631 568 autem
2664 518 2722 568 et
2751 513 2948 567 locum
2980 513 3138 566 hunc
3157 528 3276 565 non
3299 528 3406 582 per
3436 510 3730 582 hyperba-

2083 607 2186 657 ton
2217 604 2505 673 accipere,
2542 602 2645 656 sed
2677 602 2884 656 ordine
2913 618 3027 671 quo
3048 602 3272 672 positus
3306 606 3395 655 est
3424 615 3736 654 assumen-

2086 697 2192 753 tes,
2222 690 2398 745 talem
2424 708 2490 744 ex
2523 708 2590 745 eo
2623 707 2862 746 sensum
2886 691 3235 745 venabimur
3259 691 3583 744 :Hactenus
3602 705 3734 760 pro~

2085 779 2307 834 hibitus
2333 797 2485 835 sum.
2520 780 2986 851 Quare,inquit?
3015 782 3094 834 Ne
3125 779 3298 834 citius
3325 779 3738 845 accedens,vos

2087 867 2280 923 adhuc
2312 869 2712 924 infructuosos
2743 868 3254 940 deprehenderem
3284 885 3297 934 ;
3347 867 3602 938 ideoque
3635 867 3738 922 ad-

2086 962 2324 1011 ventum
2357 957 2584 1024 distuli,
2618 973 2927 1028 quousque
2961 956 3136 1010 etiam
3188 956 3249 1010 in
3283 955 3450 1010 vobis
3479 957 3738 1010 fructum

2085 1045 2348 1116 aliquem
2381 1048 2814 1118 germinantem
2847 1045 3004 1117 quod
3037 1047 3152 1100 fide
3185 1046 3448 1117 dignum,
3473 1050 3650 1110 esset,
3681 1051 3740 1098 et

2077 1135 2203 1207 jam
2236 1136 2589 1206 productum
2646 1137 3034 1208 perciperem.
3069 1137 3268 1190 Potest
3307 1141 3505 1189 autem
3537 1141 3596 1188 et
3619 1133 3736 1188 alio

2085 1224 2261 1279 modo
2295 1241 2504 1279 sensus
2536 1225 2788 1296 concipi.
2842 1229 3136 1279 Hactenus
3193 1223 3526 1295 prohibitus
3579 1239 3730 1277 sum.

2086 1316 2276 1379 Quare
2300 1316 2328 1370 ?
2352 1315 2497 1380 Quia
2526 1316 2781 1370 fructum
2796 1315 3058 1385 aliquem
3071 1315 3216 1368 mihi
3247 1314 3439 1370 adhuc
3460 1314 3735 1368 relictum

2085 1403 2452 1476 colligebam.
2488 1406 2557 1457 Et
2587 1405 2738 1458 hanc
2798 1404 3154 1459 sententiam
3181 1404 3242 1458 in
3292 1404 3408 1457 ﬁne
3468 1402 3733 1473 epistola:

2085 1495 2498 1548 confirmatam
2529 1493 2729 1547 videre
2759 1493 2899 1548 licet
2932 1509 2944 1546 :
2978 1493 3145 1563 quasi
3204 1492 3505 1546 reminisci
3537 1490 3735 1546 videa-

2087 1589 2183 1637 tur
2212 1583 2530 1654 Apostolus
2586 1599 2815 1648 eorum,
2876 1599 3007 1652 quae
3035 1581 3316 1652 praefatus
3365 1580 3576 1636 fuerat.
3636 1581 3734 1634 Ait

2087 1673 2242 1728 enim
2283 1687 2295 1725 :
2329 1673 2698 1742 Quapropter
2730 1670 2908 1725 etiam
2940 1670 3311 1740 impediebar
3368 1670 3730 1741 frequenter,

291 1756 570 1833 δραμεῖν,
655 1757 945 1813 ἀτέλεστον
1006 1758 1057 1812 ἐν
1136 1757 1354 1818 ἐκείνοις
1414 1758 1474 1811 τὸ
1533 1751 1690 1830 ἔργον
1749 1752 1972 1810 καταλι-

2088 1763 2407 1832 quominus
2438 1762 2699 1815 venirem
2751 1761 2823 1815 ad
2882 1777 3000 1815 vos.
3063 1761 3226 1815 Nunc
3281 1777 3416 1814 vero
3448 1777 3583 1814 cum
3617 1776 3737 1815 non

297 1847 496 1901 πόντοι.
538 1848 674 1903 Εἶτα
701 1847 788 1902 τό·
817 1872 844 1896 α
878 1845 978 1902 Καέ
1016 1845 1066 1900 ἐν
1099 1847 1251 1918 ὑμῖν,
1288 1868 1312 1898 ι
1345 1845 1437 1900 καὶ
1501 1845 1567 1898 τὰ
1617 1845 1761 1914 ἑξῆς,
1796 1842 1978 1916 ὥσπερ

301 1935 740 1997 ἆντιπίπτοντος
773 1933 929 1997 λύσις
951 1933 1116 1990 ἐστίν.
1151 1934 1298 1999 Οἶον,
1343 1934 1424 2001 Τί,
1466 1935 1648 2012 φησῖν,
1679 1932 1731 1987 ἐν
1751 1935 1885 2004 ἡμῖν
1916 1931 1977 1984 οὗ

309 2024 500 2096 μέλλει
536 2047 628 2079 σοι
660 2026 871 2098 καρπὸν
908 2030 1091 2098 σχεῖν;
1130 2025 1426 2101 Ναὶ,φησὶ,
1458 2023 1548 2077 καὶ
1580 2021 1632 2076 ἐν
1669 2023 1794 2093 ὑμῖν
1818 2021 1977 2075 τοῦτο

321 2112 543 2185 σπεύδω,
572 2117 753 2168 τοῦτο
775 2111 1042 2183 ἐπιζητῶ,
1076 2111 1364 2187 ὀφειλέτης
1397 2111 1534 2183 είμῖ,
1587 2114 1849 2186 [patuerat
1879 2114 1976 2162 πᾶ-

327 2221 422 2259 5“.
446 2227 466 2253 ι
501 2202 701 2264 Καθὼς
735 2204 828 2256 καὶ
853 2202 907 2256 ἐν
933 2207 1049 2263 τοῖς
1083 2204 1300 2262 λοιποῖς
1351 2199 1574 2256 ἔθνεσιν.
1637 2225 1664 2251 ››
1723 2203 1814 2270 Τῷ
1855 2220 1976 2253 συν-

335 2292 504 2346 άπτειν
531 2292 734 2353 αὐτοὺς
766 2297 886 2353 τοῖς
918 2289 1534 2353 λοιποῖς,καταστέὶ.λει
1566 2291 1744 2344 αὐτῶν
1767 2289 1828 2344 τὸ
1851 2290 1978 2367 φρό-

321 2402 509 2453 νημα.α
533 2380 794 2451 Ἕλλησί
825 2402 883 2435 τε
912 2381 1000 2435 καὶ
1036 2374 1395 2456 Βαρϐἀροις.»
1423 2377 1973 2456 Ὠσπερ,φησὶν,Ἐλ-

318 2488 435 2538 Αησι
469 2471 562 2525 καὶ
601 2464 946 2543 Βαρϐἀροις,
979 2469 1122 2524 οὕτω
1169 2470 1257 2524 καὶ
1293 2470 1422 2542 ὑμῖν
1489 2467 1775 2545 ὀφειλέτης
1834 2466 1971 2539 εἶμί.

299 2585 326 2609 η
358 2559 698 2639 ὐιρειλέτης
731 2559 870 2630 εἶμί,
893 2583 920 2609 ››
950 2556 1117 2616 Οὖδὲν
1151 2556 1312 2626 ἴδιον,
1344 2558 1500 2636 φησὶ,
1533 2553 1755 2630 δίδωμι.
1787 2557 1972 2632 Ὀφει-

287 2647 458 2718 λέτης
493 2648 620 2720 εἰμέ
645 2655 814 2703 πᾶσιν
833 2645 1405 2724 εὐαγγελίσασθαι,καὶ
1439 2644 1732 2720 πληρῶσαι
1762 2647 1859 2712 την
1881 2641 1974 2699 δο-

284 2740 471 2794 Θεῖσάν
505 2759 611 2811 μοι
645 2734 907 2806 ἐντολήν.
943 2762 968 2787 ι(
1007 2736 1166 2790 ιιῧτω
1194 2736 1295 2810 γὰρ
1354 2736 1473 2789 κατ’
1525 2732 1642 2806 ἐμέ.
1688 2758 1715 2784 ››
1747 2735 1971 2806 Ὠσπερ,

291 2829 485 2900 φησὶν,
521 2826 777 2896 Ἕλλησι
811 2827 901 2880 καὶ
934 2820 1261 2900 Βαρϐάροις,
1296 2830 1484 2899 σοφοῖς
1515 2845 1571 2879 τε
1601 2824 1688 2878 καὶ
1721 2823 1973 2892 ἀνοήτοις

287 2915 600 2996 ὀφειλέτης
634 2916 781 2988 εἶμὶ,
816 2914 1153 2976 οὕτως,ὅσον
1187 2914 1315 2983 ἧκεν
1336 2913 1412 2975 εἷς
1445 2915 1542 2982 τήν
1573 2913 1709 2986 ἐμὴν
1731 2911 1971 2982 σπουδήν

290 3007 388 3061 καὶ
418 3006 774 3082 προθυμίαν,
805 3005 899 3058 καὶ
936 3004 1064 3076 ὑμῖν
1098 3000 1554 3078 εὐαγγελίσασθαι
1586 3001 1870 3077 χρεωστῶ.
1898 3001 1974 3057 Τὸ

301 3096 430 3168 γαρ,
463 3119 491 3145 ι
523 3092 859 3172 Ὀφειλέτης
891 3093 1028 3166 εἰμὶ,
1050 3119 1067 3140 ιι
1097 3092 1201 3147 ἀπὸ
1231 3096 1419 3147 xor/0'3
1452 3089 1683 3146 δεκτέον.
1722 3116 1747 3141 u
1780 3090 1852 3144 Οὐ
1871 3090 1973 3166 γὰρ

310 3182 744 3256 έπαισγρνομαι.
787 3209 814 3233 )›
850 3185 1001 3239 Ἐπεῖ
1036 3180 1092 3237 δὲ
1136 3188 1251 3243 τοῖς
1308 3181 1554 3243 ἀπίστοις
1587 3179 1775 3236 πολλὰ
1806 3177 1969 3248 ἄδοξα

320 3268 481 3323 δοκεῖ
512 3272 647 3323 εἶναι.
673 3271 722 3325 ἒν
750 3277 821 3342 τῷ
883 3269 1226 3347 Εὐαγγελίῳ,
1261 3272 1374 3326 οἷον
1427 3273 1455 3325 ὁ
1490 3271 1742 3344 σταυρὸς,
1802 3271 1829 3323 ὁ
1877 3269 1966 3322 θά-

322 3378 512 3424 νατος,
545 3362 580 3426 ἡ
613 3363 716 3412 τῶν
754 3358 1023 3416 Ἰουδαίων
1053 3361 1327 3435 παροινία,
1357 3359 1496 3421 τέως
1552 3357 1749 3420 αὐτοὺς
1804 3362 1969 3413 τοῦτο

328 3444 790 3521 διδάσκει,μηδὲν
836 3448 888 3504 ἐν
949 3450 1101 3520 αὐτῷ
1158 3447 1346 3520 ἄδοξον
1407 3449 1680 3516 ὑπονοεῖν,
1735 3447 1825 3501 καὶ
1885 3443 1974 3502 διὰ

321 3542 484 3592 τοῦτο
515 3537 886 3602 αἲσκύνεσθαι·
940 3541 1055 3592 εἶτα
1124 3536 1316 3592 λοιπὸν
1375 3532 1684 3612 προϐαίνων
1743 3536 1833 3591 καὶ
1891 3535 1972 3608 ἐξ-

324 3626 457 3701 αίρει
487 3628 548 3680 τὸ
597 3625 965 3701 Εύαγγέλιον.
1025 3627 1122 3680 Καὶ
1180 3624 1389 3686 ἄλλως.
1453 3622 1671 3695 Ἐπειδή
1731 3623 1971 3687 πολλοῖς

321 3719 727 3790 προτερήμασιν
820 3717 873 3771 οἳ
959 3717 1230 3788 Ῥωμαῖοι
1290 3717 1426 3791 μέγα
1483 3714 1767 3790 ἐφρόνουν,

313 3803 552 3878 πλούτῳ,
587 3803 896 3876 δυναστείᾳ,
933 3806 1115 3882 σοφίᾳ.
1146 3810 1326 3877 Ὑμεῖς
1363 3804 1481 3876 μὲν,
1516 3806 1704 3879 φησὶν,
1731 3801 1816 3858 έπῖ
1846 3804 1970 3858 10'5-

1852 3717 1970 3768 οἷον

299 3915 420 3955 τοις
450 3897 594 3969 μέγα
628 3899 900 3971 φρονεῖτε·
958 3893 1069 3969 ἐγὼ
1127 3891 1182 3947 δὲ
1239 3893 1368 3946 Θεὸν
1423 3893 1673 3966 κηρύξων
1735 3886 1973 3970 ἔρχομαι

286 3983 341 4038 ἐν
376 3983 532 4056 μέσῳ
567 3983 767 4056 ὑμῶν,
798 3983 890 4036 καὶ
945 3982 1043 4036 οὐκ
1099 3982 1458 4056 αἷσγύνυμαι.
1493 3981 1644 4035 Διατί
1681 4001 1694 4049 ;
1737 3982 1974 4054 Δύναμις

283 4074 390 4147 γὰρ
423 4077 570 4128 Θεοῦ
599 4071 773 4140 ἐστιν,
813 4071 890 4132 εἷς
924 4070 1196 4145 σωτηρίαν
1231 4074 1339 4124 τῶν
1399 4067 1738 4148 δεχομένων.
1776 4069 1976 4132 Καλῶς

291 4159 352 4217 ὂὶ
379 4163 475 4230 τὸ,
519 4185 549 4216 ι
586 4159 683 4222 Εἲς
712 4159 987 4235 σωτηρίαν
1053 4184 1079 4210 ››
1112 4160 1230 4216 Ἐνι
1261 4159 1362 4234 γὰρ
1422 4159 1498 4220 εἰς
1556 4158 1825 4234 τιμωρίαν
1883 4157 1978 4213 δύ-

295 4273 467 4324 ναμις
503 4254 667 4305 Θεοῦ.
717 4249 812 4311 Εἰς
870 4249 1144 4322 σωτηρίαν
1198 4247 1277 4316 δὲ,
1336 4249 1399 4302 οὐ
1458 4247 1639 4316 παντὶ,
1701 4246 1846 4303 ἀλλὰ
1901 4253 1980 4320 τῷ

305 4339 660 4396 πιστεύοντι.
693 4339 827 4399 Τοῖς
878 4339 978 4414 γὰρ
1037 4339 1317 4400 ἀπειθοῦσι
1374 4334 1599 4390 κόλασιν
1655 4336 1870 4391 ἀπειλεῖ
1919 4337 1981 4391 τὸ

299 4427 688 4504 Βύαγγὲλιον.
738 4453 757 4477 ι
793 4425 1070 4483 Ἰουδαίων
1101 4448 1158 4481 τε
1187 4431 1422 4500 πρῶτον.
1464 4449 1490 4476 ››
1542 4427 1818 4500 Ῥήματος
1879 4426 1981 4498 μό-

291 4541 389 4574 νον
423 4519 570 4590 τιμὴ
609 4517 672 4570 τὸ
719 4541 746 4566 ‹‹
811 4516 1058 4590 Πρῶτον,
1127 4541 1144 4567 ιι
1212 4516 1275 4569 ού
1333 4516 1559 4590 χάριτος
1610 4513 1974 4585 πλεονασμός,

2090 4525 2203 4591 his,
2221 4523 2433 4594 inquit,
2469 4523 2785 4578 eiferimini

295 4615 361 4667 Ὁ
415 4610 526 4682 γὰρ
584 4603 851 4668 Ἰουδαῖος
901 4607 1207 4662 ἆπαιτεῖται
1265 4611 1484 4681 πρῶτον
1543 4603 1834 4673 πιστεύειν,
1891 4606 1985 4659 Exte

309 4696 381 4766 δὴ
413 4695 818 4772 κατηχημένος
843 4697 910 4750 τὰ
938 4696 1062 4770 περὶ
1110 4700 1207 4751 τοῦ
1268 4696 1502 4769 Χριστοῦ
1552 4693 1611 4748 έκ
1664 4692 1838 4767 νόμου
1893 4693 1982 4747 καὶ

310 4794 419 4842 τῶν
452 4790 783 4863 προφητῶν,
834 4783 1047 4858 μᾶλλον
1097 4790 1203 4839 τῶν
1264 4784 1448 4838 ἐθνῶν.
1485 4784 1589 4840 Καὶ
1649 4783 1733 4837 ὅτι
1792 4783 1838 4836 εί
1897 4786 1986 4839 καὶ

332 4875 426 4928 ἐπὶ
451 4880 614 4950 κοινῇ
643 4881 742 4931 τοῦ
771 4875 958 4951 γένους
992 4873 1241 4948 σωτηρίᾳ
1273 4871 1616 4946 ἐπεδήμησεν
1652 4873 1678 4926 ὁ
1736 4873 1986 4947 Χριστὸς,

337 4963 464 5018 ἀλλ’
498 4967 585 5020 οὖν
629 4965 680 5020 ἐν
714 4971 832 5028 τοῖς
864 4961 1149 5025 Ἰουδαίοις
1179 4963 1268 5017 καὶ
1329 4960 1592 5038 ἐγεννήθη
1651 4960 1741 5015 καὶ
1798 4960 1990 5017 ἐπολι-

327 5054 575 5127 τεύσατο,
609 5056 698 5111 καὶ
731 5053 962 5126 ἐδίδαξε,
1011 5053 1100 5106 καῖ
1158 5052 1256 5112 τὰς
1307 5050 1631 5122 θεοσημείας
1693 5049 1743 5104 ἐν
1805 5050 1990 5114 αὐτοῖς

329 5143 632 5218 εἰργάσατο,
665 5142 736 5200 δι’
768 5142 806 5199 ἄ
834 5145 1010 5198 πάντα
1041 5139 1323 5217 ὀφειλέται
1354 5139 1487 5193 εἰσὶν
1548 5135 1805 5195 Ἰουδαῖοι
1837 5145 1988 5213 πρῶ-

330 5256 412 5290 τοι
441 5236 704 5293 πιστεύειν
735 5237 815 5300 εἷς
842 5233 1108 5309 Χριστὸν,
1146 5228 1287 5304 ¹ἤπερ
1319 5229 1387 5282 τὰ
1417 5225 1564 5298 ἔθνη.

2091 1852 2348 1923 amplius
2380 1851 2631 1906 habeam
2685 1849 2877 1904 locum
2927 1849 2988 1904 in
3042 1849 3134 1903 his
3192 1849 3551 1921 regionibus,
3585 1848 3737 1904 208

2091 1943 2323 1996 veniam
2351 1940 2423 1996 ad
2456 1958 2574 1994 vos.
2611 1940 2754 2010 Spes
2785 1939 2984 2009 itaque
3017 1939 3274 1994 fructum
3307 1938 3382 1994 ad
3411 1939 3520 1993 hoc
3551 1955 3740 2009 usque

2091 2036 2326 2102 tempus
2358 2028 2677 2101 colligendi
2709 2029 2770 2082 in
2828 2029 2961 2082 aliis
3021 2028 3383 2100 regionibus,
3435 2027 3742 2099 prohibuit

2089 2137 2222 2175 eum
2256 2123 2502 2175 Romam
2527 2135 2788 2187 currere,
2819 2135 2948 2172 cum
2985 2118 3112 2173 fieri
3154 2135 3274 2172 non
3304 2124 3503 2188 posset
3532 2125 3598 2172 ut
3625 2134 3740 2173 cce-

2087 2215 2253 2280 ptum
2284 2208 2440 2278 apud
2471 2208 2605 2262 illos
2636 2223 2786 2276 opus
2816 2206 3135 2262 desereret.
3170 2206 3391 2261 Deinde
3441 2206 3598 2277 quod
3643 2206 3739 2260 ad-

2089 2298 2211 2352 dit:
2246 2322 2274 2347 u
2306 2299 2496 2352 Etiam
2529 2298 2588 2351 in
2621 2296 2785 2350 vobis
2817 2318 2844 2344 »
2877 2301 3012 2362 etc.,
3047 2303 3327 2366 tanquam
3386 2296 3735 2366 objectionis

2089 2387 2304 2442 solutio
2339 2391 2447 2440 est.
2479 2385 2651 2451 Quid,
2685 2384 2977 2454 inquient,
3013 2384 3072 2438 in
3104 2384 3276 2439 nobis
3321 2384 3580 2439 fructum
3611 2402 3732 2440 non

2088 2493 2150 2532 es
2179 2474 2536 2531 habiturus?
2571 2472 2918 2543 Utique,ait,
2947 2473 3120 2528 etiam
3148 2473 3208 2527 in
3232 2472 3394 2528 vobis
3411 2473 3522 2526 hoc
3553 2474 3730 2539 nitor,

2086 2566 2196 2620 hoc
2231 2565 2490 2634 requiro,
2524 2563 2757 2618 debitor
2815 2578 2968 2630 sum,
3030 2562 3129 2632 qui
3186 2561 3464 2617 omnibus
3522 2561 3728 2616 debeo.

2088 2678 2115 2706 ι(
2149 2655 2311 2709 Sicut
2340 2654 2518 2708 etiam
2550 2653 2610 2707 in
2629 2652 2857 2707 caeteris
2875 2651 3167 2723 gentibus.
3183 2672 3208 2701 ι
3230 2651 3467 2706 (laeteris
3485 2668 3584 2706 eos
3601 2666 3734 2707 con-

2077 2744 2336 2815 jungens
2349 2742 2625 2814 gentibus
2638 2741 2855 2796 fastum
2869 2741 3024 2811 repri
3037 2739 3414 2794 mitillorum:
3431 2740 3734 2812 magisque

2083 2833 2144 2886 in
2165 2848 2231 2886 eo
2265 2831 2422 2902 quod
2461 2831 2731 2900 sequitur
2767 2846 2777 2882 :
2813 2852 2838 2878 ‹‹
2896 2830 2966 2883 Ει
2996 2829 3211 2884 Graecis
3271 2834 3329 2882 et
3374 2828 3661 2883 Barbaris
3699 2850 3728 2879 »

2087 2922 2205 2974 Hoc
2236 2926 2346 2980 est.
2379 2919 2534 2973 sicut
2564 2918 2780 2972 Graecis
2804 2933 2870 2972 ac
2902 2917 3195 2982 Barbaris,
3230 2917 3312 2972 ita
3343 2922 3399 2970 et
3434 2917 3597 2971 vobis
3627 2916 3730 2970 de-

2087 3007 2244 3061 bitor
2277 3023 2424 3060 sum.
2468 3027 2494 3055 ‹‹
2528 3005 2768 3059 Debitor
2798 3021 2947 3058 sum.
2985 3027 3011 3053 ››
3045 3004 3200 3058 Nihil
3222 3005 3526 3074 proprium
3546 3003 3733 3069 trado,

2088 3097 2322 3151 debitor
2348 3101 2574 3161 sum,ut
2587 3094 2964 3166 Evangelium
2985 3093 3260 3148 omnibus
3276 3094 3649 3161 annuntiem,
3679 3100 3737 3148 et

2088 3183 2417 3254 compleam
2460 3182 2663 3237 datum
2697 3182 3243 3252 mihipraeceptum.
3264 3204 3290 3232 ‹‹
3321 3181 3414 3235 Sic
3446 3187 3734 3252 quantum

2077 3275 2137 3329 in
2167 3289 2262 3328 me
2295 3278 2464 3328 est.»
2518 3270 3052 3337 Quemadmodum,
3115 3271 3331 3342 inquit,
3391 3271 3606 3326 Graecis
3665 3285 3731 3325 ac

2077 3363 2369 3432 Barbaris,
2441 3361 2810 3434 sapientibus
2869 3378 2937 3416 ac
2995 3359 3434 3432 insipientibus,
3499 3360 3732 3416 debitor

2075 3471 2226 3522 sum,
2259 3454 2342 3508 ita
2371 3458 2659 3523 quantum
2689 3452 2763 3507 ad
2795 3468 2997 3506 meum
3030 3451 3290 3506 studium
3325 3468 3392 3506 ac
3438 3451 3726 3523 prompti-

2076 3544 2342 3599 tudinem
2375 3543 2807 3614 spectat,etiam
2832 3542 2991 3596 vobis
3014 3543 3390 3615 Evangelium
3405 3542 3728 3613 praedicare

2077 3634 2284 3690 debeo.
2308 3633 2392 3687 Ab
2425 3633 2516 3688 his
2541 3632 2700 3687 enim
2731 3649 2861 3702 qua
2883 3639 3319 3704 praacesserunt
3338 3633 3726 3702 repetendum

2080 3723 2436 3787 est,Debitor
2461 3723 2781 3776 sum.«Non
2798 3721 2956 3775 enim
2973 3721 3281 3791 pudetme.
3297 3721 3475 3784 oQuia
3496 3737 3629 3774 vero
3644 3721 3729 3775 in-

2081 3810 2338 3866 credulis
2360 3809 2548 3862 multa
2568 3808 2628 3861 in
2647 3807 2957 3877 Evangelio
2977 3807 3212 3879 abjecta
3233 3824 3359 3861 esse
3383 3811 3724 3868 censentur,

2081 3904 2222 3971 puta
2243 3894 3730 3961 crux,mors,.ludaaorumdebacchatio:hocinterim

2084 3988 2218 4042 illos
2250 3986 2443 4049 docet,
2477 4000 2550 4037 ne
2583 3983 2905 4054 quidquam
2940 4001 3068 4038 esse
3100 3985 3162 4038 in
3195 4000 3262 4038 eo
3295 3983 3404 4038 vile
3431 3985 3737 4055 suspicen-

2084 4082 2200 4140 tur,
2232 4080 2412 4144 atque
2443 4072 2663 4127 idcirco
2696 4071 3082 4142 pudeatillud
3114 4072 3414 4144 suscipere
3446 4090 3458 4126 :
3484 4090 3550 4128 ac
3571 4073 3740 4127 dein-

2085 4183 2225 4237 ceps
2257 4162 2641 4235 progrediens
2674 4161 3053 4234 Evangelium
3086 4163 3265 4217 etiam
3297 4163 3548 4217 extollit.
3585 4165 3739 4217 PI‘EB-

2087 4257 2250 4309 terea
2280 4258 2338 4307 et
2367 4251 2557 4307 aliter.
2585 4252 2732 4317 Quia
2762 4258 2970 4307 cristas
3001 4252 3306 4324 erigebant
3359 4252 3607 4307 Romani
3667 4251 3740 4307 ob

2087 4346 2277 4402 multa
2307 4343 2522 4416 quibus
2555 4344 2785 4400 caeteris
2816 4345 3259 4416 prmstantiores
3287 4349 3627 4415 erant,puta
3655 4343 3742 4398 di—

2089 4436 2282 4497 vitias,
2313 4435 2666 4505 potentiam,
2718 4440 2777 4489 et
2807 4434 3158 4505 sapientiam
3193 4450 3205 4486 :
3255 4451 3354 4489 vos
3412 4432 3651 4503 quidem
3683 4433 3745 4488 in

2823 4540 2834 4576 :
2879 4539 2983 4595 ego
3017 4528 3214 4578 autem
3239 4522 3423 4578 Deum
3458 4522 3519 4576 in
3551 4521 3745 4577 medio

2093 4618 2351 4666 vestrum
2408 4613 2836 4684 praedicaturus
2896 4611 3170 4666 accedam
3208 4628 3220 4666 :
3256 4628 3365 4667 nec
3415 4628 3508 4666 me
3569 4612 3746 4684 hujus

2096 4702 2295 4774 pudet.
2332 4701 2723 4766 Quamobrem
2751 4700 2778 4754 ‘?
2807 4701 2954 4765 Quia
2984 4701 3251 4772 potentia
3300 4702 3403 4756 Dei
3437 4708 3526 4757 est
3554 4702 3626 4756 ad
3655 4718 3749 4757 sa-

2096 4791 2281 4845 lutem
2342 4789 2818 4860 suscipientium.
2854 4789 3107 4843 Pulchre
3139 4796 3337 4845 autem
3370 4791 3570 4846 addit:
3606 4813 3635 4840 «
3671 4791 3750 4844 Ad

2098 4879 2369 4934 salutem.
2407 4900 2435 4926 »
2469 4879 2611 4932 Nam
2646 4883 2734 4931 est
2767 4883 2824 4931 et
2872 4877 2944 4932 ad
2977 4877 3269 4932 ultionem
3329 4879 3595 4950 potentia
3625 4878 3749 4935 Dei.

2100 4967 2184 5023 Ad
2217 4967 2468 5022 salutem
2501 4966 2700 5034 itaque
2732 4982 2851 5020 non
2885 4966 3152 5028 cuilibet.
3175 4967 3278 5022 sed
3310 4967 3593 5023 credenti.
3628 4967 3752 5018 Non

2101 5055 2478 5111 credentibus
2514 5054 2675 5108 enim
2707 5055 3066 5126 supplicium
3103 5057 3524 5111 interminatur
3552 5055 3749 5106 Evan-

2102 5146 2341 5218 gelium.
2374 5167 2400 5193 ‹‹
2435 5143 2772 5198 Iudaeorum
2800 5144 3126 5215 primum.»
3151 5147 3336 5200 Dictio
3370 5165 3396 5196 α
3427 5144 3745 5209 Primum,-

2101 5234 2261 5290 verbi
2294 5233 2485 5288 solum
2518 5234 2806 5288 honorem
2827 5233 3202 5301 confertnon
3225 5232 3426 5304 gratiae
3443 5230 3751 5287 abundan-

329 5325 482 5396 tiam.
515 5331 775 5387 Primum
809 5329 982 5385 enim
1017 5341 1050 5378 a
1091 5322 1292 5377 Iudaeo
1325 5321 1659 5392 postulatur
1689 5325 1754 5374 ut
1785 5323 2006 5394 credat,
2038 5329 2240 5396 utpote
2285 5323 2385 5394 qui
2421 5323 2547 5393 jam
2581 5339 2650 5377 ea
2680 5340 2810 5394 quae
2859 5323 2931 5378 de
2961 5323 3188 5377 Christo
3221 5327 3379 5384 sunt,
3412 5337 3482 5375 ex
3512 5319 3638 5392 lege
3671 5326 3752 5374 et-

331 5420 607 5492 prophetis
639 5423 895 5481 edoctus
930 5417 1017 5471 sit
1046 5412 1235 5483 magis
1267 5427 1443 5481 quam
1476 5415 1698 5481 gentes.
1737 5411 2029 5470 Praeterea
2060 5415 2200 5469 licet
2229 5411 2300 5467 ad
2333 5427 2711 5466 communem
2742 5412 2975 5479 generis
3003 5410 3248 5465 humani
3282 5409 3536 5464 salutem
3566 5425 3753 5464 vene-

319 5515 396 5566 rat
439 5515 722 5585 Christus,
785 5518 1010 5568 tamen
1075 5501 1234 5555 inter
1288 5498 1522 5554 Judaaos
1579 5503 1636 5552 et
1695 5505 1869 5556 natus
1923 5509 1980 5558 et
2034 5506 2412 5558 conversatus
2460 5501 2673 5563 fuerat,
2725 5500 3026 5564 docuerat,
3077 5499 3393 5570 divinaque
3445 5499 3603 5554 inter
3635 5516 3752 5554 eos

307 5602 446 5684 Signa
473 5616 764 5686 operatus
796 5602 981 5660 erat:
1012 5595 1261 5664 propter
1278 5605 1408 5659 quae
1431 5587 1632 5645 omnia
1658 5587 1957 5649 debitores
1987 5599 2159 5650 erant
2181 5590 2388 5659 Judaei,
2445 5597 2511 5647 ut
2545 5590 2722 5662 primi
2767 5590 2830 5646 in
2874 5589 3174 5647 Christum
3216 5588 3530 5648 crederent
3571 5591 3758 5662 supra

292 5709 504 5766 caeteras
532 5708 779 5782 gentes.
