4112 6250
449 364 567 425 335

1569 347 1981 414 OECUMENII
2026 344 2335 407 ΤΗΙΕοΛῖ
2380 344 2652 407 EPISCO
2667 348 2735 408 PI

3764 355 3913 414 336

522 492 674 552 209
708 494 750 559 Ι,
782 490 837 547 7.
878 489 1108 547 Iustitia
1138 489 1283 545 enim
1315 486 1413 544 Dei
1463 489 1524 542 in
1574 489 1696 557 ipso
1725 484 2001 540 reveletur
2031 496 2099 535 em

2283 478 2604 550 Δικαιοσύνη
2638 480 2742 558 γὰρ
2794 486 2929 538 Θεοῦ
2981 480 3034 537 ἔν
3092 483 3242 557 αὐτῷ
3299 483 3758 541 ἀποκαλύπτεται
3820 485 3896 540 ἐκ

449 585 552 656 ﬁde
575 584 636 639 in
663 583 848 653 ﬁdem,
881 582 1025 636 sicut
1055 581 1321 650 scriptum
1355 584 1433 633 est
1456 593 1474 630 :
1492 578 1681 632 Justus
1709 580 1892 631 autem
1915 588 1983 627 ex
2003 569 2106 640 ﬁde

453 677 618 731 vivet.
1494 680 1503 685 ’

525 767 606 821 Ne
638 779 775 819 cum
804 762 1059 819 salutem
1094 778 1162 818 ac
1208 760 1507 833 justitiam
1566 757 1758 819 audis,
1821 770 1953 811 eam
2012 752 2110 808 hic

457 853 650 910 solum
681 852 1025 923 contingere
1055 850 1379 917 existimes,
1413 847 1649 904 subdit:
1676 867 1699 897 ιι
1734 844 2108 908 Revelatur,»

457 943 618 1016 quod
647 959 777 998 eam
810 941 1106 1011 significat
1134 957 1266 1011 quas
1296 944 1390 994 est
1419 939 1480 992 in
1502 936 1698 991 futuro
1731 931 2111 995 saeculo,tan-

458 1046 639 1101 quam
671 1045 833 1085 nunc
858 1045 979 1084 non
1013 1034 1135 1083 tota
1178 1027 1557 1084 manifestata
1579 1026 1674 1080 sit.
1711 1047 1739 1074 ‹‹
1772 1024 1837 1077 In
1868 1022 1995 1093 ipso
2018 1035 2114 1074 re-

458 1119 705 1183 relatur.
744 1140 771 1169 ››
803 1120 953 1174 Puta
986 1118 1320 1191 Evangelio.
1355 1119 1501 1172 Nam
1535 1115 1657 1183 Dei,
1692 1111 1905 1184 inquit,
1932 1109 2116 1182 justi-

459 1210 543 1264 tia
572 1208 633 1263 in
664 1208 975 1281 Evangelia
1009 1208 1305 1263 revelatur
1338 1223 1351 1260 :
1384 1206 1495 1261 hoc
1550 1208 1656 1272 est,
1704 1201 1900 1257 omnis
1929 1199 2114 1254 virtus

461 1315 570 1370 per
613 1298 997 1370 Evangelium
1054 1297 1381 1371 perﬁcitur.
1442 1297 1585 1350 Nam
1635 1292 1871 1367 justitia
1900 1289 2115 1361 saepius

465 1404 705 1444 omnem
734 1389 1007 1443 virtutem
1041 1387 1375 1460 signiﬁcare
1389 1385 1559 1441 solet.
1591 1380 1894 1448 Quomodo
1917 1384 2116 1435 autem

465 1484 525 1534 et
553 1494 860 1550 quousque
891 1476 1185 1533 revelatur
1204 1476 1232 1531 ‘?
1252 1476 1351 1530 His
1382 1474 1483 1546 qui
1516 1490 1586 1529 ex
1606 1472 1719 1527 ﬁde
1751 1470 1824 1526 ad
1848 1471 2114 1541 Evange-

464 1567 616 1622 lium
647 1567 957 1622 accedunt.
992 1564 1373 1638 Evangelium
1423 1564 1584 1618 enim
1616 1561 1888 1615 virtutem
1921 1557 2118 1612 omni-

466 1658 576 1714 bus
609 1658 914 1730 praedicat,
948 1673 1275 1728 omnesque
1308 1655 1655 1711 adhortatur
1682 1653 1958 1706 virtutem
1990 1664 2116 1703 am-

468 1748 667 1820 plecti.
700 1747 825 1802 Illis
856 1751 1053 1802 autem
1084 1746 1321 1800 virtutis
1352 1742 1858 1815 pulchritudinem
1873 1738 2115 1804 revelat,

2218 566 2449 630 πίστεως
2480 568 2559 632 εἷς
2589 570 2788 642 πίστιν,
2826 574 3006 636 καθὼς
3038 571 3354 651 γέγραπται·
3387 576 3448 633 Ὃ
3474 572 3533 630 δὲ
3564 571 3797 637 δίκαιος
3840 575 3910 630 ἐκ

2220 654 2454 720 πίστεως
2488 660 2732 730 ζήσεται.

2291 747 2401 803 Ἵνα
2450 747 2553 825 γὰρ
2614 751 2689 823 μὴ
2751 752 3022 828 σωτηρίαν
3080 754 3170 809 καὶ
3226 750 3574 825 δικαιοσύνην
3633 753 3916 823 ἀκούων,

2223 834 2448 903 ἐνταῦθα
2509 841 2670 913 μόνον
2731 840 2896 914 αὐτ-ἧν
2972 839 3284 917 συμϐαίνειν
3370 846 3625 922 νομίσῃς,
3691 846 3921 923 ἐπάγει

2223 927 2306 997 τὸ,
2343 928 2857 1001 «ἀποκαλύπτεται,
2882 960 2903 988 ι
2942 933 3075 1009 ὅπερ
3106 936 3203 1003 τήν
3257 935 3368 990 ἐκεῖ
3420 933 3607 1005 δηλοῖ,
3654 937 3736 998 ὡς
3806 940 3920 990 νῦν

2226 1017 2393 1086 αὐτῆς
2428 1021 2504 1092 μή
2553 1026 2730 1093 πάσης
2778 1023 3252 1098 πεφανερωμὲνης.
3294 1049 3321 1077 ‹‹
3381 1024 3469 1081 Ἐν
3532 1024 3682 1097 αὐτῷ
3744 1026 3913 1081 ἀπο-

2225 1104 2580 1168 καλύπτεται.
2615 1134 2643 1163 »
2701 1114 2796 1184 Τῷ
2850 1113 3176 1191 Εὐαγγελίῳ
3224 1111 3503 1185 δηλονότι.
3544 1117 3909 1185 Δικαιοσύνη

2223 1196 2323 1273 γὰρ
2354 1202 2508 1270 Θεοῦ,
2541 1200 2723 1276 φησὶν,
2752 1198 2804 1255 ἐν
2859 1206 2937 1275 τῷ
3017 1203 3338 1281 Εύαγγελίῳ
3405 1203 3909 1265 ἀποκαλύπτεται.

2226 1286 2537 1358 Τουτὲστιν,
2569 1288 2810 1359 ’ἀπασαὴ
2872 1292 3034 1365 ἀρετή
3098 1292 3185 1347 διὰ
3240 1296 3337 1348 τοῦ
3390 1292 3743 1369 Εὖαγγελίου
3802 1315 3913 1350 τε·-

2223 1372 2487 1433 λειοῦται.
2592 1381 2911 1451 Δικαιοσύνη
3015 1381 3115 1458 γὰρ
3209 1374 3481 1445 πολλάκις
3558 1381 3724 1439 εἷ’ωθε
3784 1390 3909 1439 πᾶ-

2227 1486 2321 1521 σαν
2381 1464 2562 1544 λέγειν
2628 1470 2727 1538 τήν
2813 1469 3033 1544 ἀρετήν.
3112 1476 3234 1535 Πῶς
3294 1470 3350 1528 δὲ
3407 1471 3903 1544 ἀποκαλύπτεται,

2225 1554 2316 1609 καὶ
2346 1555 2455 1610 τίσι
2491 1558 2666 1625 ;Τοἷς
2698 1556 2757 1613 ἐκ
2783 1558 3018 1622 πίστεως
3072 1562 3151 1634 τῷ
3187 1560 3504 1637 Εὗαγγελίῳ
3559 1569 3896 1636 προσιοῦσι.

2226 1648 2363 1700 Πᾶσι
2402 1645 2495 1718 μὲν
2551 1646 2651 1723 γάρ
2702 1649 2961 1725 κηρύττει
3000 1651 3101 1721 τήν
3154 1650 3349 1726 ἀρετὴν
3408 1653 3471 1708 τὸ
3525 1652 3894 1728 Εὐαγγέλιον,

2225 1734 2316 1789 καὶ
2342 1739 2473 1789 πᾶσι
2503 1743 2752 1811 παραινεῖ
2806 1737 3123 1818 ἀντέχεσθαι
3175 1748 3278 1811 τῆς
3336 1741 3557 1817 ἀρετῆς,
3623 1743 3895 1804 Ἐκείνοις

473 1838 721 1908 ejusque
788 1836 927 1891 facit
978 1842 1293 1901 amatores,
1328 1834 1428 1905 qui
1459 1849 1565 1905 per
1595 1831 1773 1886 ﬁdem
1805 1828 2114 1886 accedunt.

2235 1820 2286 1878 δὲ
2319 1824 2701 1882 ἀποκαλύπτει
2728 1827 2791 1882 τὸ
2841 1828 3052 1891 κάλλος
3109 1836 3211 1900 τῆς
3262 1831 3480 1905 ἀρετῆς,
3520 1833 3616 1887 καὶ
3649 1832 3896 1894 ἐκείνους

474 1926 623 1991 Quid
657 1942 793 1998 ergo
818 1925 1063 1979 ‘?Cessat
1094 1925 1277 1978 virtus
1303 1923 1401 1977 ubi
1435 1922 1569 1993 quis
1600 1921 1829 1993 egregie
1853 1922 2124 1974 virtutem

477 2021 783 2072 assecutus
808 2013 944 2069 est?
973 2016 1356 2084 Nequaquam
1383 2029 1395 2067 :
1421 2012 1564 2083 quin
1592 2011 1786 2083 potius
1818 2010 1876 2064 in
1896 2008 2126 2080 perfec—

480 2106 634 2159 ctius
663 2120 731 2159 ac
761 2103 1078 2159 sublimius
1108 2102 1558 2158 tendit.Etenim
1591 2100 1777 2172 prima
1805 2099 1951 2154 ﬁdes
1969 2114 2127 2153 com-

482 2194 724 2266 punctio
753 2193 1023 2264 quaedam
1057 2198 1181 2247 erat
1202 2192 1535 2263 animaeque
1559 2188 2129 2262 promptitudo.Quee

480 2300 618 2339 vero
649 2299 784 2338 cum
816 2282 1158 2353 operatione
1189 2281 1471 2335 virtutum
1502 2285 1748 2335 coaucta
1773 2284 1833 2333 et
1870 2277 2132 2350 perfecta

483 2373 631 2429 ﬁdes
663 2377 770 2441 est,
804 2371 1178 2426 conﬁrmatio
1210 2369 1599 2425 immutabilis
1632 2374 1740 2436 est,
1795 2367 2131 2437 mentisque

480 2462 790 2519 certatudo.
819 2462 890 2516 Et
919 2460 1023 2516 illa
1054 2460 1296 2530 quidem
1324 2459 1570 2514 seminis
1601 2457 1886 2512 decisioni
1918 2455 2131 2511 similis

481 2557 590 2618 est,
616 2551 897 2606 virtutum
946 2555 1143 2604 autem
1177 2548 1462 2619 Operatio,
1522 2545 1965 2601 fructiﬁcationi
1999 2561 2012 2599 :
2076 2547 2132 2598 et

478 2642 586 2696 illa
617 2657 749 2712 quae
781 2657 877 2712 pet
919 2656 1017 2694 eas
1060 2639 1367 2709 perﬁcitur
1394 2637 1564 2700 ﬁdes,
1598 2636 1865 2689 fruitioni
1898 2651 1965 2689 ac
1992 2634 2132 2688 bea-

476 2731 833 2786 ‘litudintha
865 2745 999 2800 eigo
1023 2728 1259 2799 justitia
1290 2727 1387 2781 Dei
1420 2726 1715 2780 revelatur
1745 2721 2130 2793 inEvangelio

480 2835 548 2874 ex
580 2819 697 2874 ﬁde
733 2819 795 2871 in
826 2816 1031 2872 ﬁdem.
1068 2818 1246 2870 Vocat
1275 2821 1470 2869 autem
1503 2814 1606 2868 Dei
1630 2813 1924 2884 justitiam
1956 2812 2132 2865 virtu-

480 2914 619 2971 tem,
647 2907 805 2978 quod
839 2905 1103 2960 divinum
1138 2903 1422 2975 quiddam
1454 2903 1532 2957 sit
1585 2903 1793 2967 virtus,
1855 2900 2132 2972 quodque

485 2997 687 3052 omnia
720 2996 874 3050 bona
905 3012 974 3050 ex
1009 3000 1123 3049 Deo
1150 2993 1270 3048 sint
1321 3015 1345 3044 (ι
1370 2995 1447 3047 Ex
1476 2992 1669 3047 ﬁdein
1696 2990 1934 3045 ﬁdem.»
1955 2988 2133 3043 Aﬁde

486 3087 712 3159 incipit,
748 3092 809 3142 et
838 3086 899 3140 in
928 3083 1167 3140 ﬁdelem
1201 3100 1305 3139 seu
1337 3083 1677 3138 credentem
1730 3080 1968 3137 desinit.
2030 3080 2134 3135 Vel

484 3179 623 3249 quia
646 3182 703 3231 et
732 3177 794 3230 in
826 3176 940 3231 ﬁde
970 3174 1181 3246 incipit
1213 3179 1269 3228 et
1298 3174 1360 3228 in
1385 3174 1563 3229 ﬁdem
1596 3171 1903 3227 terminari
1924 3170 2129 3226 debet:

484 3267 642 3338 quod
673 3283 782 3321 nos
812 3282 930 3319 non
964 3269 1235 3336 oporteat
1265 3269 1481 3318 cuncta
1510 3279 1640 3333 qum
1672 3263 1733 3316 in
1785 3279 1853 3316 eo
1905 3261 2127 3317 haben-

483 3363 579 3411 tur
610 3355 841 3409 curiose
891 3353 1160 3409 scrutari.
1222 3354 1339 3406 Aut
1394 3353 1504 3406 hoc
1562 3350 1737 3405 modo
1773 3369 1784 3405 :
1820 3350 2131 3421 Prophetis

482 3444 722 3500 credere
749 3447 999 3514 oportet,
1034 3448 1092 3496 et
1128 3458 1234 3513 per
1279 3442 1413 3497 illos
1447 3441 1519 3495 ad
1551 3440 1927 3513 Evangelium
1952 3441 2128 3495 ﬁdem

483 3533 637 3587 duci.
672 3534 966 3586 Praeterea
995 3535 1052 3584 et
1082 3530 1275 3584 aliter.
1317 3530 1424 3594 Qui
1468 3530 1698 3583 Christo
1725 3530 1974 3584 Domino
1998 3546 2130 3585 cre-

481 3622 570 3677 dit
600 3628 658 3677 et
686 3620 961 3692 baptismi
985 3620 1233 3691 gratiam
1265 3620 1657 3690 suscepitper
1675 3619 1801 3673 hinc
1820 3618 2132 3674 deducitur

482 3711 557 3768 ad
588 3710 950 3767 credendum
981 3711 1179 3764 futura
1209 3709 1383 3772 bona,
1429 3714 1571 3780 puta
1631 3709 2128 3764 resurrectionem

483 3818 552 3856 ex
586 3799 1057 3866 mortuis,vitam
1089 3804 1391 3863 aeternam,
1425 3813 1790 3869 regnumque
1822 3798 2126 3855 caelorum.

481 3892 731 3948 Credere
764 3891 918 3945 enim
954 3895 1187 3961 oportet
1206 3887 1363 3960 quod
1381 3888 1644 3943 Christus
1666 3896 2128 3961 suscoptacarne

485 3984 547 4036 in
578 3989 735 4037 terra
759 3981 1052 4053 apparuit,
1087 3978 1243 4050 quod
1267 3978 1626 4050 principium
1646 3985 1729 4035 est
1758 3995 1771 4033 :
1797 3984 1855 4033 et
1890 3997 2126 4036 rursum

486 4071 642 4142 quod
666 4087 909 4141 regnum
934 4069 1216 4124 caelorum
1239 4066 1616 4123 credentibus
1634 4068 1693 4122 in
1720 4068 2125 4126 haereditatem

487 4158 945 4230 succedet.quod
970 4158 1105 4212 ﬁnis
1128 4163 1218 4212 cst
1246 4157 1405 4212 ﬁdei.
1439 4158 1593 4213 210
1629 4158 1723 4212 Vel
1757 4158 1869 4213 hoc
1914 4160 2125 4215 modo:

480 4249 680 4304 Judmo
713 4248 951 4319 quidem
986 4264 1055 4302 ex
1089 4245 1203 4301 ﬁde
1234 4246 1459 4318 legisin
1481 4246 1816 4318 ﬁdem,quaz
1835 4248 2127 4319 perChri-

480 4345 634 4394 stum
670 4343 760 4392 est
792 4353 805 4391 :
841 4337 1038 4392 Graeco
1067 4351 1202 4389 vero
1235 4351 1303 4389 ex
1333 4333 1446 4388 ﬁde
1474 4335 1731 4389 naturali
1764 4337 1822 4390 in
1855 4337 2125 4393 eamdem

478 4429 614 4484 .lesu
626 4426 838 4481 Christi
868 4424 1271 4481 ﬁdem.«Sicut
1291 4423 1574 4494 scriptum
1591 4427 1696 4479 est.
1723 4446 1750 4473 ››
1773 4428 1852 4481 Ne
1867 4427 2025 4481 enim
2039 4427 2125 4482 in-

478 4516 765 4572 credibile
794 4512 1247 4584 videatur,quod
1280 4511 1428 4567 ﬁdos
1459 4511 1710 4568 salutem
1745 4513 2124 4572 daturasitac

471 4605 788 4678 justitiam,
806 4621 1010 4660 eorum
1046 4619 1177 4674 quae
1209 4602 1366 4657 dicta
1393 4606 1533 4656 sunt
1560 4602 1967 4659 testimonium
1992 4624 2127 4676 pro-

479 4695 643 4749 ducit
670 4710 737 4749 ac
768 4694 1181 4764 probationem
1214 4690 1790 4764 evidentem,nempe
1819 4695 2125 4766 propheti-

480 4798 616 4836 cum
648 4782 917 4836 Habacuc
949 4782 1171 4836 dictum
1208 4797 1220 4834 :
1254 4797 1319 4835 ac
1352 4781 1399 4834 si
1448 4780 1672 4835 diceret
1713 4797 1727 4835 :
1787 4782 1944 4838 Bene
2004 4784 2122 4839 dixi

481 4870 733 4943 probum
789 4871 977 4925 virum
1027 4886 1097 4925 ex
1153 4869 1268 4925 ﬁde
1336 4870 1398 4923 in
1461 4868 1636 4924 ﬁdem
1693 4887 1800 4941 per
1847 4872 2122 4929 virtutem

481 4959 823 5032 procedere.
859 4959 1162 5029 Siquidem
1190 4959 1481 5018 Habacuc.
1514 4959 1730 5030 inquit,
1762 4961 1874 5015 hoc
1892 4963 2123 5019 ccelitus

480 5067 589 5123 per
619 5049 890 5122 spiritum
927 5048 1164 5114 clamat,
1199 5048 1355 5119 quod
1397 5047 1574 5102 homo
1634 5048 1853 5120 probus
1886 5067 1954 5106 ex
2009 5052 2123 5108 ﬁde

476 5139 636 5205 vivit,
670 5139 782 5192 hoc
813 5142 919 5196 est.
954 5151 1193 5190 omnem
1223 5152 1386 5190 suam
1424 5136 1597 5190 vitam
1630 5136 1745 5192 ﬁde
1778 5138 2123 5209 productam

475 5228 670 5284 habet.
705 5227 811 5282 Vel
838 5224 1025 5297 magis
1064 5224 1301 5296 proprie
1331 5241 1344 5278 :
1376 5226 1539 5279 Justo
1565 5242 1703 5281 vera
1741 5227 1854 5283 vita
1889 5235 1975 5284 est
1996 5247 2122 5299 ger-

471 5319 701 5374 minare
743 5332 810 5372 ac
868 5314 1214 5370 reviviscere
1266 5314 1326 5367 in
1388 5314 1765 5385 possessione
1818 5318 2122 5384 virtutum.

468 5408 692 5475 Justus,
728 5406 940 5477 inquit,
967 5405 1087 5460 sive
1120 5402 1339 5475 probus
1381 5403 1556 5458 homo
1587 5420 1655 5458 ex
1687 5404 1802 5461 ﬁde
1833 5408 1981 5464 vivet
2010 5413 2127 5468 vita

467 5511 599 5566 quae
659 5495 988 5550 secundum
1047 5494 1294 5549 virtutes
1352 5498 1459 5548 est.
1509 5494 1763 5548 Rursum
1820 5498 1979 5568 quod
2018 5502 2122 5571 ait,

462 5607 491 5636 ι(
523 5584 723 5641 Justus
754 5600 824 5640 ex
854 5584 968 5639 ﬁde
1002 5584 1173 5651 vivet,
1208 5605 1236 5633 ››
1291 5580 1629 5655 appositum
1661 5598 1790 5640 esse
1822 5593 2019 5658 potest
2047 5590 2122 5647 ad

461 5671 523 5731 id
553 5673 713 5747 quod
744 5672 968 5729 dictum
995 5679 1123 5729 est:
1157 5695 1186 5723 «
1221 5672 1532 5728 Bevelatur
1554 5671 1791 5742 justitia
1825 5691 1894 5733 ex
1925 5677 2064 5736 ﬁde.
2091 5702 2118 5732 ››

2236 1917 2386 1968 ποιεῖ
2433 1912 2655 1988 ἐραστὰς
2712 1914 2902 1990 αὐτῆς,
2958 1916 3085 1981 τοὺς
3156 1920 3290 1991 μετά
3346 1920 3582 1982 πίστεως
3632 1922 3883 1994 προσιόν-

2237 2022 2351 2063 τας.
2391 2003 2458 2059 Τί
2490 2002 2627 2074 οὗνς
2689 2006 2911 2062 παύεται
2963 2010 2997 2077 ἡ
3056 2010 3238 2070 πίστις
3284 2012 3382 2074 τῆς
3440 2011 3638 2085 ἀρετῆς
3683 2029 3870 2085 κατορ-

2239 2090 2511 2163 θυυμὲνης
2544 2114 2558 2155 ς
2591 2092 2888 2167 Ούμενοῦν.
2947 2093 3120 2151 Ἀλλὰ
3177 2096 3264 2151 καὶ
3315 2096 3391 2157 εἰς
3440 2099 3504 2151 τὸ
3552 2096 3880 2172 τελειότερον

2237 2183 2324 2236 καὶ
2353 2180 2694 2259 ὑψηλότερον
2751 2186 3019 2261 πρόεισιν.
3078 2188 3141 2244 Ἠ
3200 2188 3293 2260 μὲν
3353 2189 3455 2264 γὰρ
3483 2190 3679 2263 πρώτη
3712 2188 3891 2250 πίστις

2238 2271 2512 2341 κατάνυξίς
2542 2295 2625 2338 τις
2660 2277 2725 2343 ἦν
2758 2275 2847 2330 καὶ
2876 2277 3153 2352 προθυμία
3182 2280 3389 2353 ψυχῆς.
3446 2279 3509 2335 Ἡ
3563 2275 3621 2333 δὲ
3660 2283 3732 2352 τῇ
3786 2284 3897 2333 τῶν

2240 2360 2444 2438 ἀρετῶν
2503 2362 2727 2439 ἐργασίᾳ
2784 2367 3166 2438 συναυξηθεῖσα
3224 2369 3311 2423 καὶ
3393 2370 3750 2424 τελειωθεῖσα
3808 2367 3907 2423 πί-

2241 2472 2380 2521 στις,
2414 2447 2707 2526 βεϐαίωσίς
2738 2453 2881 2510 ἐστιν
2936 2455 3335 2527 ἀμετάπειστος
3373 2456 3462 2511 καὶ
3513 2456 3903 2534 πληροφορία.

2240 2542 2342 2597 Καὶ
2378 2544 2411 2611 ἡ
2447 2541 2543 2614 μὲν
2576 2536 2718 2598 ἔοικε
2746 2538 3033 2618 καταϐολῇ
3068 2544 3397 2621 σπέρματος,
3429 2548 3464 2615 ἡ
3499 2542 3558 2601 δὲ
3604 2567 3902 2624 καρποιροο

2241 2629 2349 2704 ρίᾳ,
2378 2633 2412 2700 ἡ
2444 2635 2552 2685 τῶν
2585 2634 2788 2708 ἀρετῶν
2836 2634 3082 2709 ἐργασία,
3141 2637 3175 2705 ἡ
3211 2633 3266 2690 δὲ
3323 2633 3394 2690 δι’
3460 2635 3637 2690 αὐτῶν
3664 2635 3902 2691 τελειωσ-

2241 2721 2392 2774 θεῖσα
2425 2720 2628 2785 πίστις,
2662 2720 2958 2778 ἀπολαύσει
3012 2723 3101 2777 καὶ
3134 2722 3475 2798 εὐδαιμονίᾳ.
3542 2725 3730 2786 Οὕτως
3800 2725 3896 2779 οῦν

2244 2806 2559 2879 δικαιοσύνη
2597 2816 2730 2866 Θεοῦ
2761 2812 3201 2869 ἀποκαλύπτεται
3243 2812 3295 2870 ἰν
3344 2819 3423 2887 τῷ
3475 2814 3805 2889 Εὖαγγελίῳ
3836 2814 3898 2869 ἐκ

2242 2897 2474 2961 πίστεως
2509 2900 2582 2961 είς
2612 2900 2808 2960 πίστιν.
2851 2904 3024 2959 Καλεῖ
3083 2900 3139 2958 δὲ
3197 2908 3332 2958 Θεοῦ
3385 2900 3738 2973 δικαιοσύνην
3793 2903 3891 2971 τὴν

2242 2987 2459 3062 ἀρετὴν,
2502 2990 2584 3043 ὅτι
2626 2991 2766 3046 θεῖόν
2800 2992 2852 3046 τί
2886 2990 3025 3047 ἐστιν
3056 2995 3090 3061 ἡ
3133 2992 3319 3067 ἀρετὴ,
3351 2993 3442 3048 καὶ
3476 2992 3561 3048 ὅτι
3593 2994 3759 3050 πάντα
3808 2990 3875 3044 τὰ

2244 3077 2414 3153 ἀγαθά
2471 3076 2530 3133 ἐκ
2588 3084 2741 3137 Θεοῦ.
2779 3106 2805 3133 ‹‹
2869 3082 2960 3137 Ἐκ
3013 3082 3243 3144 πίστεως
3297 3082 3373 3144 εἷς
3425 3081 3631 3139 πίστιν.
3673 3108 3700 3135 ››
3753 3081 3891 3139 Ἀπὸ

2242 3166 2475 3232 πίστεως
2526 3167 2774 3249 ἄρχεται,
2833 3170 2923 3227 καὶ
2983 3170 3059 3235 εἷς
3126 3173 3217 3228 τὸν
3269 3173 3630 3229 πιστεύσαντα
3708 3172 3890 3248 λήγει.

2243 3257 2312 3314 Ἤ
2346 3259 2427 3312 ὅτε
2456 3257 2514 3313 ἐκ
2543 3261 2774 3323 πίστεώς
2814 3281 2870 3315 τε
2900 3260 3150 3341 ἄρχεται,
3208 3262 3295 3317 καὶ
3331 3260 3408 3324 εἷς
3445 3261 3623 3317 πίστιν
3683 3259 3895 3341 ὀφείλει

2242 3345 2426 3420 λῆξαι.
2459 3349 2549 3410 Ὠς
2591 3349 2693 3404 οὐκ
2758 3349 3092 3422 ὀφειλόντων
3126 3352 3285 3424 ἡμῶν
3320 3349 3528 3407 ἅπαντα
3558 3351 3623 3407 τὰ
3658 3350 3711 3406 ἐν
3743 3352 3900 3423 αύτῷ

2242 3437 2707 3514 περιεργάζεσθαι.
2738 3437 2809 3493 Ἥ
2844 3437 3035 3502 οὕτως·
3083 3444 3171 3493 Δεῖ
3242 3443 3521 3494 πιστεῦσαι
3575 3444 3694 3498 τοῖς
3752 3458 3902 3513 προ-

2242 3527 2462 3603 φήταις,
2490 3525 2580 3580 καὶ
2615 3522 2684 3580 δι’
2714 3524 2931 3581 ἐκείνων
2965 3525 3043 3590 εἷς
3103 3530 3202 3597 τήν
3263 3532 3360 3583 τοῦ
3400 3526 3733 3602 Εὖαγγελίου
3806 3526 3903 3581 πίο

2243 3633 2354 3667 στιν
2388 3610 2792 3688 ποδηγηθῆναι.
2824 3615 3073 3679 νΑΛλως.
3107 3618 3169 3674 '0
3198 3617 3303 3692 γὰρ
3360 3620 3435 3690 τῷ
3487 3614 3730 3689 Δεσπότῃ
3790 3637 3895 3670 πι-

2242 3702 2442 3757 στεύων
2493 3705 2738 3778 Χριστῷ,
2799 3704 2887 3760 καὶ
2953 3709 3048 3760 τοῦ
3115 3705 3482 3781 βαπτίσματος
3547 3705 3645 3772 τὴν
3728 3706 3898 3781 χάριν

2242 3789 2545 3866 δεξάμενος,
2607 3792 2925 3869 ποδηγεῖται
2975 3791 3063 3849 διὰ
3118 3796 3325 3850 τούτων
3361 3795 3436 3855 εἷς
3498 3794 3561 3849 τὸ
3606 3801 3893 3850 πιστεῦσαι

2238 3887 2359 3942 τοῖς
2419 3881 2713 3955 μὲλλουσιν
2770 3884 3017 3958 ἀγαθοῖς,
3082 3889 3151 3958 τῇ
3210 3883 3270 3939 ἐκ
3325 3890 3524 3959 νεκρῶν
3588 3884 3879 3951 ἀναστασει,

2239 3975 2306 4045 τῇ
2339 3971 2547 4045 αἰωνίῳ
2579 3976 2716 4046 ζωῇ,
2749 3973 2840 4027 καὶ
2899 3976 2967 4045 τῇ
3021 3971 3273 4049 βασιλείᾳ
3326 3980 3435 4029 τῶν
3469 3975 3724 4045 οὐρανῶν.
3774 3977 3869 4026 Πι-

2241 4061 2441 4116 στεύειν
2474 4062 2578 4137 γὰρ
2612 4059 2693 4117 δεῖ
2723 4061 2804 4118 ὅτι
2869 4063 2999 4125 Θεὸς
3062 4062 3227 4140 ἐφάνη
3284 4063 3370 4118 ἐπὶ
3428 4066 3528 4137 γῆς
3563 4063 3692 4138 μετὰ
3744 4081 3871 4137 σαρ-

2237 4152 2348 4220 κὸς,
2383 4150 2512 4224 ὅπερ
2536 4148 2676 4205 ἐστίν
2708 4151 2878 4227 ἀρχὴ,
2934 4151 3025 4207 καὶ
3086 4152 3248 4208 πάλιν
3282 4152 3363 4207 ὅτι
3422 4147 3574 4208 ἔσται
3617 4159 3732 4214 τοῖς
3789 4172 3884 4205 πι-

2238 4240 2515 4294 στεύσασιν
2549 4238 2624 4302 εἰς
2666 4238 2876 4316 κλῆρον
2909 4242 2942 4311 ἡ
3004 4241 3256 4316 βασιλεία
3310 4246 3417 4296 τῶν
3452 4242 3718 4315 οὐρανῶν,
3754 4242 3883 4315 ὅπερ

2238 4329 2350 4386 ἐστὶ
2382 4328 2613 4392 πίστεως
2641 4327 2821 4391 τέλος.
2853 4332 2919 4386 Ἣ
2952 4330 3145 4393 οὕτως.
3198 4333 3566 4405 [ἈΚΑΚίυΥ]
3626 4334 3721 4403 Τῷ
3784 4332 3877 4403 μὲν

2237 4417 2487 4492 Ἰουδαίῳ
2545 4418 2604 4475 ἐκ
2659 4426 2756 4490 τῆς
2807 4424 2903 4474 τοῦ
2966 4420 3140 4493 νόμου
3197 4421 3447 4489 πίστεως,
3502 4420 3579 4482 εἰς
3636 4423 3736 4489 τήν
3798 4418 3885 4475 διὰ

2238 4510 2416 4580 Ἰησοῦ
2443 4512 2698 4585 Χριστοῦ,
2730 4514 2809 4581 τῷ
2841 4508 2898 4565 δὲ
2928 4509 3186 4583 Ἕλληνι,
3254 4510 3312 4567 ἐκ
3356 4518 3455 4581 τῆς
3522 4515 3619 4567 τοῦ
3652 4514 3887 4588 φυσικοῦ

2159 4600 2203 4665 [)
2236 4599 2310 4661 είς
2334 4601 2431 4669 τήν
2487 4600 2651 4671 αὐτὴν
2710 4601 2890 4672 Ἰησοῦ
2949 4605 3183 4677 Χριστοῦ
3237 4600 3446 4658 πίστιν.
3487 4623 3509 4651 ι
3544 4601 3740 4665 Καθὼς
3797 4599 3888 4677 γέ-

2231 4708 2484 4765 γραπται.
2549 4715 2576 4741 ››
2623 4691 2737 4747 Ἰνα
2792 4691 2895 4766 γὰρ
2956 4692 3030 4763 μή
3093 4687 3219 4765 δόξῃ
3295 4690 3557 4755 ἀπίθανον
3626 4691 3759 4745 εἶναι
3821 4690 3884 4745 τὸ

2234 4778 2404 4855 ῥῆμα,
2466 4778 2547 4834 ὅτι
2614 4778 2791 4842 πίστις
2874 4778 3143 4855 σωτηρίαν
3207 4775 3461 4855 δωρεῖται
3520 4780 3610 4835 καὶ
3669 4777 3877 4835 δικαιο-

2234 4869 2421 4941 σύνην,
2456 4869 2756 4945 μαρτυρίαν
2787 4870 3018 4946 παράγει
3048 4873 3155 4924 τῶν
3207 4867 3512 4945 εἶρημένων
3572 4870 3659 4924 καὶ
3738 4867 3881 4924 ἀπό-

2234 4955 2416 5030 δειξιν,
2469 4960 2564 5027 τήν
2628 4959 2971 5036 προᾳητικὴν
3029 4959 3188 5033 ῥῆσιν
3255 4960 3356 5029 τὴν
3417 4963 3495 5031 τῷ
3550 4952 3878 5032 Ἀϐὅακοὺμ

2235 5047 2551 5122 εἶρημέννλν.
2610 5052 2863 5102 Τοιοῦτον
2929 5044 2986 5102 δέ
3045 5066 3228 5127 φησιν·
3291 5044 3487 5109 Καλῶς
3569 5047 3725 5100 εἶπον
3784 5048 3874 5101 τὸν

2234 5135 2531 5193 σπουδαίων
2562 5136 2621 5193 ἐκ
2651 5138 2881 5199 πίστεως
2935 5136 3010 5199 εἷς
3078 5137 3253 5192 πίστιν
3285 5136 3530 5212 προϊέναι
3562 5134 3629 5190 δι’
3658 5136 3876 5207 ἀρετῆς.

2234 5227 2335 5284 Καὶ
2367 5227 2473 5304 γὰο
2503 5228 2529 5281 ὁ
2570 5222 2907 5299 Ἀϐϐακοὺμ,
2962 5225 3145 5304 φησὶν,
3200 5225 3399 5282 ἀνωθεν
3445 5231 3606 5282 τοῦτο
3641 5223 3729 5281 διὰ
3784 5230 3881 5281 τοῦ

2235 5315 2397 5372 αὐτοῦ
2427 5316 2727 5390 πνεύματος
2784 5317 2908 5391 βοᾷ,
2942 5314 3024 5371 ὅτι
3059 5317 3086 5370 ὁ
3136 5313 3432 5380 σπουδαῖος
3480 5313 3761 5391 ἄνθρωπος
3825 5313 3881 5371 ἐκ

2231 5405 2465 5469 πίστεως
2496 5409 2587 5479 ζῇ,
2619 5404 2868 5461 τουτὲστι
2918 5408 3087 5460 πᾶσαν
3138 5407 3235 5474 τήν
3279 5407 3424 5476 ζωὴν
3480 5404 3642 5460 αὑτοῦ
3699 5402 3878 5460 πίστει

2231 5496 2695 5571 παρατεινομένην
2750 5489 2890 5552 ἔχει.
2958 5496 3027 5552 Ἦ
3101 5495 3450 5571 οἰκειότερον·
3539 5494 3691 5551 Ἐπεὶ
3761 5495 3871 5564 ζωὴ

2230 5587 2466 5660 ἀληθινή
2518 5592 2597 5662 τῷ
2655 5586 2852 5664 δικαίῳ
2905 5588 2970 5645 τὸ
3026 5585 3247 5655 θάλλειν
3301 5590 3392 5645 καὶ
3444 5589 3643 5664 ἀναζῇν
3707 5586 3761 5643 ἐν

2229 5683 2419 5755 κτήσει
2452 5684 2561 5738 τῶν
2592 5680 2816 5756 ἀρετῶν,
2865 5681 2895 5736 ὁ
2934 5676 3165 5753 δίκαιος,
3225 5679 3409 5753 φησὶν,
3462 5678 3587 5753 ἢτοι
3656 5679 3686 5735 ’ὁ
3717 5700 3878 5736 σπου-
