4112 6250
437 325 533 386 33Ἷ

451 455 581 527 δαῖς,
638 455 700 514 ἐκ
793 457 1043 522 πίστεως

459 556 597 620 ζωην
705 547 811 606 Καί
874 547 934 602 ἂν
1000 548 1086 605 τό.
1176 575 1204 601 ι(
1266 550 1324 606 Ὁ
1393 547 1446 604 δὲ
1499 547 1706 611 δίκαιος
1767 551 1824 606 ἐκ
1881 553 2118 616 πίστεως

470 644 698 712 ζήσεται,
734 663 758 688 ›;
845 639 1352 694 κατασκευαστικὸν
1405 645 1520 708 τοῦ,
1581 665 1606 692 ‹‹
1645 639 2117 697 Ἀποκαλύπτεται

477 729 776 799 δικαιοσῦνη
812 727 872 784 ἐκ
903 729 1160 789 πίστεως.
1195 756 1224 781 ››
1269 728 1420 786 Ἀλλ’
1479 729 1618 786 οὕτω
1678 733 1773 800 μὲν
1831 737 2017 788 ταῦτα.
2053 733 2115 790 Εἰ

481 819 536 878 δὲ
564 824 624 876 τὸ
656 817 957 888 δικαιοσύνη
995 823 1155 890 Θεοῦ⁹
1192 819 1322 894 οὖχὶ
1376 821 1472 888 τὴν
1533 819 1584 874 ἐν
1645 821 1914 894 ἀνθρώπῳ
1973 824 2117 895 παρὰ

483 915 619 966 Θεοῦ
650 907 922 982 διδομένην
973 903 1201 963 ἐκλαϐοι
1233 931 1337 977 τις,
1364 907 1490 964 ἀλλ’
1546 908 1836 985 ἐγγύτερον
1893 914 1991 980 τῆς
2021 908 2112 967 λεία

470 1003 608 1072 ξεως
639 1002 730 1068 την
761 997 970 1052 ἐνοῦσαν
1001 1003 1078 1069 τῷ
1130 1003 1264 1069 Θεῷ,
1297 998 1386 1052 καὶ
1446 998 1808 1074 ἐνεργουμένη
1872 1002 1958 1056 ὑπ’
2016 1001 2115 1055 αὖ·

460 1094 581 1155 τοῦ,
617 1087 866 1142 τοιοῦτόν
896 1088 1016 1140 τινα
1057 1108 1149 1160 μοι
1203 1084 1349 1142 δοκεῖ
1403 1086 1798 1144 ἀνακαλύπτειν
1848 1095 1989 1159 νοῦν,
2031 1089 2113 1145 ὅτι

453 1183 625 1248 ἡτοῦ
655 1177 790 1233 Θεοῦ
843 1175 1181 1247 δικαιοσύνη,
1213 1180 1278 1248 ἦν
1333 1180 1456 1252 περὶ
1517 1182 1665 1254 ἡμᾶς
1725 1178 2114 1251 ἐπιδείκνυται,

447 1268 874 1348 Ῠιλανθρωπίας
909 1265 1021 1342 ὅρῳ
1052 1267 1142 1320 καὶ
1176 1266 1351 1339 νόμῳ,
1384 1265 1435 1321 ἐν
1467 1271 1546 1340 τῷ
1576 1266 1905 1346 Εὐαγγελίῳ
1947 1269 2112 1326 αὐτοῦ

445 1355 750 1413 δείκνυται.
790 1362 911 1418 Πῶς
940 1356 1029 1410 καὶ
1058 1357 1176 1411 τίνα
1224 1356 1426 1431 τρόπον
1465 1377 1478 1424 ;
1539 1359 1661 1414 Ὂτι
1718 1357 1778 1413 ἐκ
1813 1360 1987 1430 μόνης
2020 1358 2112 1414 πί-

445 1469 620 1508 στεως
656 1449 814 1520 ἡμᾶς
874 1447 1055 1516 σώζει,
1113 1445 1199 1500 καὶ
1257 1449 1615 1521 νεκρωθέντας
1655 1445 1763 1518 ἤδη
1827 1453 2110 1519 ζωοποιεῖ,

443 1541 516 1611 μή
557 1533 1118 1609 προεπιδειξαμένσυς
1162 1531 1312 1612 ἔργα.
1375 1537 1476 1594 Καὶ
1535 1542 1696 1593 τοῦτο
1754 1537 1961 1612 προϊὼν
2020 1539 2111 1593 καὶ

441 1630 466 1683 ὁ
495 1625 729 1687 Παῦλος
762 1625 1158 1702 ἐμφανέστερον
1202 1632 1436 1699 παριστᾷ
1465 1625 1516 1682 ἐν
1579 1627 1660 1689 οἷς
1729 1648 1912 1706 φησιν,
1950 1649 1974 1681 α
2007 1628 2112 1685 Καὶ

440 1718 770 1774 δικαιοῦντα
804 1716 895 1772 τὸν
929 1715 988 1769 ἐκ
1029 1716 1283 1777 πίστεως.
1323 1742 1350 1767 ››
1412 1717 1506 1771 Καὶ
1565 1715 1751 1772 πάλιν
1817 1740 1841 1772 ι
1875 1726 2107 1772 Δικαιω-

1547 328 1959 392 GOMMENT.
2005 333 2094 392 IN
2141 331 2391 393 EPIST.
2440 334 2542 392 AD
2592 335 2780 395 ROM.

3755 338 3874 397 338

1129 460 1357 532 ζήσεται
1428 460 1525 530 τὴν
1583 461 1720 518 κατᾶ
1774 459 1868 524 τὰς
1921 462 2111 539 ἀρετὰς

2224 465 2334 521 Sed
2368 466 2493 524 hmo
2524 469 2764 540 quidem
2796 469 2879 526 ita
2908 467 3045 525 sint.
3083 473 3294 527 Verum
3329 469 3376 525 si
3411 469 3707 541 justitiam
3765 471 3868 526 Dei

2223 563 2414 610 sumat
2449 558 2767 629 quispiam,
2801 576 2922 615 non
2980 577 3085 630 pro
3117 578 3186 615 ea
3212 576 3342 631 quae
3378 559 3604 614 homini
3631 560 3806 616 datur
3836 578 3871 616 θ.

2221 647 2360 711 Deo,
2392 648 2514 709 sed.
2551 649 2707 718 quod
2739 650 2811 704 ad
2843 667 3044 705 vocem
3087 651 3328 722 propius
3384 649 3628 711 accedit.
3664 667 3767 721 pro
3801 668 3870 707 ea

2222 752 2352 806 quas
2385 736 2444 792 in
2478 738 2593 792 Deo
2624 745 2732 804 est,
2776 756 3074 810 quamque
3135 740 3261 809 ipse
3311 745 3626 809 operatur:
3689 740 3868 794 talem

2221 826 2538 894 quemdam
2564 843 2803 882 sensum
2835 829 3216 883 manifestare
3251 829 3391 882 mihi
3429 827 3676 892 videtur,
3710 828 3868 898 quod

2220 913 2320 967 Dei
2339 915 2574 984 justitia
2600 933 2774 986 quam
2799 917 2957 971 circa
2987 933 3095 970 nos
3119 917 3376 980 exhibet,
3423 916 3676 970 termino
3711 915 3868 987 lege-

2219 1019 2334 1072 que
2367 1004 2751 1076 benignitatis
2782 1007 2842 1060 in
2871 1008 3005 1077 ejus
3029 1006 3338 1077 Evangelio
3402 1005 3862 1060 demonstratur.

2218 1092 2480 1157 Qualiter
2510 1100 2708 1150 autem
2743 1102 2799 1149 et
2830 1096 3126 1165 quomodo
3169 1095 3228 1150 id
3287 1095 3542 1149 efﬁcitur
3567 1093 3593 1148 ‘I
3621 1095 3768 1159 Quia
3798 1112 3867 1150 ex

2218 1183 2344 1238 sola
2373 1184 2488 1240 llde
2522 1203 2628 1239 nos
2653 1186 2844 1240 salvos
2870 1188 3286 1257 facit,jamque
3307 1192 3572 1240 mortuos
3595 1185 3864 1252 viviﬁcat,

2217 1288 2352 1327 cum
2374 1274 2537 1345 prius
2558 1292 2672 1329 non
2701 1276 3144 1330 exhibuerimus
3176 1293 3373 1346 opera.
3407 1273 3588 1344 quue
3617 1274 3865 1330 manife-
3915 1335 3922 1343 η

2218 1363 2440 1417 stiusin
2465 1381 2778 1435 progressu
2800 1366 3170 1421 demonstrat
3193 1366 3410 1420 Paulus
3432 1382 3568 1419 cum
3601 1364 3710 1420 ait:
3742 1387 3768 1413 α
3799 1366 3867 1419 Ει

2208 1451 2548 1522 justiﬁcans
2579 1456 2862 1524 eum,qui
2919 1461 3008 1509 est
3066 1472 3136 1509 ex
3185 1455 3319 1510 ﬁde.
3357 1477 3384 1502 ››
3440 1455 3859 1525 Rursumque:

2214 1541 2523 1596 Justiﬁcati
2557 1542 2736 1613 igitur
2757 1560 2827 1598 ex
2860 1543 2995 1599 ﬁde.
3029 1566 3056 1594 »
3111 1546 3180 1597 Et
3237 1544 3454 1598 iterum
3493 1560 3506 1598 :
3569 1565 3596 1592 ‹‹
3630 1543 3689 1598 Si
3723 1559 3867 1597 con-

2213 1629 2405 1685 fessus
2436 1630 2620 1686 fueris
2653 1649 2753 1686 ore
2784 1638 2883 1688 tuo
2921 1634 3233 1688 Dominum
3287 1635 3507 1699 Jesum,
3566 1632 3779 1687 deinde
3809 1636 3869 1687 et

2215 1719 2538 1774 credideris
2571 1721 2630 1774 in
2656 1721 2831 1776 corde
2870 1728 2988 1788 tuo,
3050 1723 3244 1777 salvus
3305 1723 3445 1777 eris.
3477 1744 3504 1770 ››
3566 1723 3684 1777 Hoc
3725 1737 3860 1794 ergo

438 1810 615 1868 θέντες
648 1808 749 1862 οῦν
780 1805 842 1860 ἐκ
899 1807 1152 1866 πίστεως.
1185 1827 1210 1858 0
1276 1805 1378 1863 Καὶ
1433 1805 1618 1861 πάλιν·
1684 1831 1710 1860 ‹‹
1745 1808 1866 1863 Ἐὰν
1901 1806 2104 1880 ὁμολο-

2223 1808 2316 1862 Dei
2333 1809 2582 1879 justitim
2603 1817 2690 1864 est
2710 1811 3030 1867 humanam
3054 1812 3479 1884 benignitatem
3499 1812 3860 1880 excedentis,

440 1905 616 1974 γγςσῃς
652 1897 709 1951 ἐν
746 1901 825 1967 τῷ
869 1896 1097 1968 στόματέ
1157 1918 1249 1952 σου
1291 1897 1490 1971 Κύριον
1552 1899 1780 1968 Ἰησοῦν,
1842 1899 1959 1953 εἶτα
2015 1900 2104 1953 καὶ

444 1989 740 2060 πιστεύσῃς
772 1985 827 2041 ἐν
863 1989 931 2058 τῇ
989 1983 1186 2061 καρδίᾳ
1243 2007 1359 2056 σου,
1414 1988 1660 2060 σωθήσῃ.
1697 2010 1724 2037 ››
1781 1989 1954 2043 Τοῦτο
2014 1989 2106 2043 οῦν

454 2074 797 2143 Ξικαιοσῦνης
870 2079 1028 2141 Θεοῦ,
1081 2075 1317 2145 νικώσης
1368 2072 1772 2153 φιλανθρωπίαν
1829 2074 2106 2149 ἀνθρωπί-

459 2188 575 2234 νην,
611 2166 666 2219 τὸ
726 2163 787 2219 ἐκ
854 2163 1028 2236 μόνης
1086 2164 1321 2224 πίστεως
1384 2159 1739 2238 νεκρωθέντας
1788 2165 1936 2235 ἡμᾶς
1985 2169 2103 2219 ταῖς

468 2254 743 2327 ἁμαςτίαις
802 2250 918 2324 ἤδη
1008 2253 1276 2327 ἀνεγεῖραι
1334 2253 1422 2308 καὶ
1480 2255 1842 2322 ζωοποιῆσαι.
1900 2254 1994 2313 ’Ὡς
2042 2273 2099 2306 τε

465 2343 637 2405 καλῶς
665 2349 925 2418 προεῖπεν
962 2340 1045 2396 ὅτι
1078 2339 1303 2414 δύναμίς
1354 2341 1466 2397 ἐστι
1521 2341 1583 2397 τὸ
1640 2339 1971 2416 Εὐαγγέλιον
2029 2341 2104 2403 εἰς

455 2435 722 2507 σωτηρίαν
757 2437 843 2505 τῷ
880 2432 1214 2488 πιστεύοντι.
1273 2431 1374 2488 Καὶ
1431 2431 1530 2507 γὰο
1589 2428 1920 2505 δυναμοῦται
1954 2431 1981 2485 ὁ
2013 2453 2102 2486 πι-

442 2527 689 2592 πεὲσας,
727 2520 822 2577 δια
856 2529 957 2592 τῆς
1005 2521 1056 2576 ἐν
1117 2521 1262 2593 αὐτῷ
1309 2520 1840 2595 ἀποκαλυπτομένης
1891 2518 2102 2577 δικαιο-

2216 1915 2285 1953 ex
2312 1899 2438 1954 sola
2466 1900 2738 1955 videlicet
2780 1902 2894 1956 ﬁde
2951 1920 3058 1956 nos
3108 1903 3364 1973 peccatis
3404 1903 3532 1973 jam
3594 1908 3860 1957 mortuos

2214 1987 2508 2044 viviﬁcare
2541 2007 2606 2044 ac
2641 1991 2945 2047 suscitare.
2984 1994 3139 2046 Bene
3172 1994 3369 2063 itaque
3402 1991 3675 2063 prmdixit
3705 1991 3864 2062 quod

2215 2079 2596 2150 Evangelium
2630 2082 2893 2150 potentia
2915 2082 2992 2136 sit
3022 2083 3094 2136 ad
3125 2083 3374 2136 salutem
3401 2081 3690 2136 credenti.
3718 2082 3866 2135 Con-

2218 2167 2488 2222 ﬁrmatur
2502 2184 2758 2238 namque
2775 2169 2822 2223 is
2837 2171 2936 2240 qui
2953 2171 3788 2242 crediditperjustitianLquas
3803 2171 3865 2224 in

2217 2271 2284 2310 eo
2304 2257 2616 2311 revelatur.
2635 2260 2744 2312 Per
2756 2259 3065 2314 credentes
3077 2278 3147 2314 au
3159 2266 3272 2315 tem
3291 2260 3584 2314 revelatur
3599 2266 3655 2314 et
3671 2260 3866 2314 mani-

2214 2344 2482 2400 festatur.
2505 2347 2700 2400 Verum
2713 2347 2784 2402 ad
2799 2348 2869 2401 ad
2885 2349 3026 2418 quid
3046 2349 3387 2415 viviﬁcatur,
3409 2350 3464 2402 ir
3475 2349 3731 2420 quit,qui
3751 2365 3873 2404 cre-

2215 2433 2484 2489 didit‘?Ad
2499 2435 2990 2505 perfectissimam
3005 2437 3180 2490 ﬁdem
3197 2443 3254 2491 et
3267 2437 3842 2492 immutabilemhabi
3856 2469 3869 2479 -

2217 2523 2750 2579 tusfortitudinem.
2776 2529 2919 2580 Nam
2935 2543 3001 2580 ex
3018 2527 3131 2580 ﬁde
3150 2526 3211 2580 in
3235 2526 3494 2582 ﬁdernest
3528 2525 3857 2581 viviﬁcatio.

435 2616 624 2683 σόιης.
665 2614 771 2668 Διά
800 2610 862 2668 δὲ
892 2616 1003 2667 τῶν
1036 2610 1386 2681 πιστεόντων,
1454 2609 1902 2667 ἀποκαλύπτεται
1949 2611 2040 2666 καὶ
2099 2615 2446 2690 φανεροῦται.
2507 2611 2658 2669 Ἀλλ’
2715 2613 2789 2675 εἷς
2847 2613 2898 2667 τί
2944 2619 3314 2682 ζωοποιεῖται,
3368 2613 3552 2692 φησὶν,
3587 2614 3614 2666 ὁ
3647 2611 3864 2667 πιστεόο

429 2723 583 2775 σαῖς
641 2704 744 2766 Εἰς
810 2704 912 2772 την
973 2701 1320 2772 τελειοτάτην
1403 2701 1492 2756 καὶ

435 2794 693 2866 ζωοποὲη
705 2813 812 2854 σις·

514 2969 761 3024 Δυνατὸν
794 2964 855 3022 δὲ
883 2963 976 3021 καὶ
1008 2963 1196 3027 ἄλλως
1224 2970 1437 3033 νοῆσαι.
1471 2965 1534 3019 Ἡ
1566 2967 1662 3019 τοῦ
1715 2963 1848 3019 Θεοῦ
1899 2960 2106 3019 δικαιο-

450 3062 583 3128 σῦνη
621 3058 715 3113 διὰ
767 3061 868 3114 τοῦ
901 3053 1247 3132 Εὐαγγελίου
1301 3051 1765 3125 ἀποκαλύπτεται,
1823 3053 1904 3109 δτι
1963 3052 2110 3126 λαμ-

458 3142 633 3201 ὖανων
668 3153 796 3219 παρ’
823 3148 987 3218 ἡμῶν
1019 3144 1202 3218 ἀρχην
1236 3143 1399 3216 μόνον
1455 3141 1546 3197 καὶ
1606 3143 1823 3218 σπέρμα
1853 3142 2109 3208 πίστεως,

471 3236 641 3295 αῦτος
673 3235 867 3303 αὒξανει
903 3234 994 3289 καὶ
1032 3231 1244 3308 ὶδράζει
1293 3233 1380 3288 καὶ
1449 3229 1780 3288 τελειοποιεῖ
1827 3234 1974 3305 ἡμᾶς
2032 3231 2107 3292 εἰς

479 3323 654 3391 οὔτ-ην
691 3324 889 3393 ταὺτην.
941 3327 1122 3382 Τοῦτο
1184 3319 1500 3392 δικαιοσύνη
1536 3323 1610 3384 ὡς
1667 3320 1892 3392 ἀληθῶς
1950 3325 2107 3392 Θεοῦ,

481 3416 540 3470 τὸ
599 3415 766 3484 μόνον
830 3413 1074 3491 ἀφορμὴν
1165 3413 1528 3487 προαιρέσεως
1604 3407 1888 3481 λαϐόντα,
1947 3409 2106 3466 αὐτὸν

475 3503 762 3577 ἄπαρτὶσάι
815 3504 871 3558 τὸ
921 3507 1044 3559 πᾶν.
1081 3500 1366 3576 Ἀνωτὲρω
1393 3502 1494 3578 γὰρ
1547 3499 1803 3578 λεγοντος
1836 3503 1932 3555 τοῦ
1965 3505 2110 3554 Hau-

470 3587 587 3648 λου.
619 3592 702 3644 Et:
731 3610 752 3636 ι
787 3587 1025 3662 Δόναμίς
1060 3587 1284 3660 ἐστιτῷ
1341 3585 1648 3643 πιστεύοντι
1705 3585 1781 3648 εἷς
1832 3584 2107 3658 σωτηρίαν

470 3681 531 3733 τὸ
573 3677 924 3752 Εὖαγγέλιον,
957 3701 985 3729 »
1041 3674 1137 3732 ’ἶνα
1196 3679 1272 3751 μή
1327 3696 1411 3737 τις
1470 3673 1618 3751 εἶ’πῃ’
1681 3674 1776 3730 Καὶ
1835 3679 1950 3736 πῶς,
2006 3669 2110 3728 ἓνει

475 3773 746 3824 πιστεῦσαι
839 3768 1106 3822 ἀκούοντα
1190 3767 1417 3842 σταυρὸν
1450 3810 1464 3836 ,
1548 3765 1810 3822 ἀκούοντα
1867 3767 2109 3832 θάνατον,

467 3860 727 3914 ακοᾶοντα
778 3860 980 3926 παθη;
1038 3855 1227 3934 ἐπάγει
1281 3858 1366 3926 τὸ,
1426 3879 1454 3908 ‹‹
1488 3855 1806 3926 Δικαιοσύνη
1876 3859 2009 3910 Θεοῦ
2060 3852 2112 3908 ἐν

453 3949 602 4021 αὐτῷ
658 3943 1127 4003 ἀποκαλύπτεται.
1163 3969 1189 3997 ››
1250 3947 1342 4015 Μή
1398 3945 1514 4014 οῦν,
1546 3945 1700 4022 φησὶ,
1752 3949 1919 3999 ταῦτα
1975 3963 2112 4017 προ-

450 4040 710 4116 φασίζο).
745 4037 873 4093 Ἐὰν
925 4037 1028 4112 γὰρ
1086 4035 1248 4110 μόνον
1306 4036 1659 4110 προαιρεθῇς,
1717 4035 1836 4089 τότε
1897 4031 2110 4106 μᾶλλον

451 4123 608 4205 ἔχεις
649 4127 929 4200 θαυμάσαι
955 4127 1052 4195 τήν
1083 4129 1179 4182 τοῦ
1204 4129 1334 4180 Θεοῦ
1383 4124 1506 4198 περὶ
1562 4124 1618 4180 σε
1669 4121 1996 4197 κηδεμονίαν
2025 4119 2113 4177 καὶ

453 4219 756 4290 πρόνοιαν,
799 4215 884 4272 ὅτι
915 4215 1014 4282 τήν
1049 4215 1155 4269 ἀπὸ
1186 4215 1412 4288 γνώμης
1471 4211 1650 4268 πίστιν
1705 4207 1912 4282 λαϐὼν,
1953 4211 2113 4271 αὐτός

459 4329 548 4362 σοι
583 4311 834 4381 χορηγεῖ
862 4307 960 4374 τὴν
1020 4303 1080 4360 ἐκ
1107 4302 1490 4384 πληροφορίας
1521 4302 1697 4357 πίστιν
1744 4300 1832 4356 καῖ
1882 4297 2116 4376 βεϐαιώ-

456 4419 625 4454 σεως.
664 4396 805 4452 Εἶτα
829 4396 921 4449 ’ἱνα
983 4395 1056 4466 μὴ
1117 4395 1348 4469 νομῖσῃς
1399 4393 1485 4450 ὅτι
1515 4393 1698 4447 καινόν
1735 4413 1790 4446 τι
1819 4389 1969 4468 λέγει
2025 4390 2116 4445 καὶ

456 4487 782 4565 πεόσιξατον
819 4529 832 4555 ,
900 4486 991 4538 τὸν
1059 4485 1346 4560 προφήτην
1407 4483 1640 4559 παράγει
1705 4481 1982 4556 μάρτυρα.
2041 4479 2116 4534 Τὸ

459 4578 601 4634 αὐτό
636 4599 734 4651 μοι
788 4597 923 4652 φησι
979 4573 1070 4630 καὶ
1104 4576 1131 4629 ὁ
1164 4578 1453 4651 προφήτης
1508 4567 1829 4644 Ἀϐϐακοὺμ
1859 4566 2116 4640 ἔκπαλαι,

462 4670 550 4724 ὅτι
625 4671 786 4736 ἡτοῦ
841 4662 1053 4720 δικαίου
1108 4666 1220 4734 ζιυὴ
1279 4663 1452 4718 πίστει
1505 4656 1972 4738 περιλαμϐάνεται
2027 4662 2114 4714 καὶ

466 4762 825 4834 περατοῦται,
855 4752 1140 4834 ἀρχομένη
1179 4755 1270 4826 μὲν
1326 4752 1433 4808 ἀπὸ
1500 4759 1601 4822 τῆς
1660 4752 1798 4807 κατὰ
1850 4750 2118 4826 προαίρε-

475 4868 552 4901 σιν
584 4848 845 4914 πίστεως,
909 4841 1262 4915 τελειουμένη
1323 4838 1380 4895 δὲ
1431 4842 1519 4896 καὶ
1573 4845 1841 4916 προῖοῦσα
1893 4840 1967 4900 εἰς
2022 4841 2119 4908 τήν

479 4939 603 4992 κατᾶ
634 4935 781 4999 θείαν
816 4953 1127 5010 συνεργειαν
1156 4929 1246 4985 καὶ
1271 4926 1615 5004 ἀποκάλυψιν
1674 4928 1872 4984 πίστιν.
1937 4951 1960 4981 α
1995 4928 2115 4982 Διό-

475 5046 570 5100 περ
599 5027 680 5082 ἀεῖ
713 5027 741 5084 ὁ
776 5024 989 5084 δίκαιος
1023 5022 1084 5076 ἐκ
1140 5020 1372 5082 πίστεως
1441 5023 1528 5093 ζῇ.
1566 5043 1594 5072 ››
1649 5020 1726 5076 Τὸ
1785 5016 1842 5073 δὲ
1891 5041 1918 5070 ‹‹
1951 5020 2119 5088 Ζήσε-

469 5137 580 5180 ται,
615 5143 641 5169 ››
698 5116 888 5177 καλῶς
949 5110 1193 5188 εἴρηται,
1252 5108 1561 5179 Τουτέστιν,
1600 5109 1659 5166 '0
1717 5106 1923 5171 δίκαιος
1957 5107 2018 5163 οὐ
2052 5109 2117 5179 ζῇ

474 5207 646 5278 μὲνέκ
683 5210 943 5274 πίστεως,
979 5200 1214 5258 παύεται
1271 5196 1346 5268 δὲ,
1407 5197 1553 5254 ἀλλὰ
1613 5195 1902 5260 διαπαντὸς
1963 5199 2121 5268 ζήσε-

463 5320 537 5357 τςις
569 5301 619 5358 ἐν
669 5301 809 5366 πάτῆ
877 5291 1221 5370 προκόπτων
1288 5290 1378 5342 καὶ
1438 5287 1846 5362 στηριζόμενος.
1890 5291 2120 5359 Ζγίσεται

449 5388 511 5454 δὲ.
545 5397 679 5462 εἷπε,
717 5390 812 5448 καὲ
865 5385 979 5443 οὐκ
1043 5376 1192 5434 ἄλλο
1253 5399 1326 5440 τι.
1360 5380 1474 5432 οἷον
1527 5375 1828 5452 προκόπτει
1875 5379 1910 5447 ἢ
1944 5376 2126 5452 στηρί-

429 5459 564 5565 {Et}.
603 5491 639 5562 ἢ
668 5459 835 5544 ’ἄλλο
871 5498 959 5542 τι,
995 5471 1107 5538 τὴν
1133 5465 1562 5544 ἐπιτεταγμὲνην
1618 5464 1853 5532 διάθεσιν
1913 5465 2121 5537 δηλῶν,

411 5554 486 5649 δτι
547 5554 681 5644 οὐδὲ
763 5579 878 5646 ζῆν
948 5559 1275 5633 αἶρῆσεται,
1337 5554 1450 5613 οὐδ’
1507 5555 1758 5614 ἀναπνεῖν
1809 5558 1988 5633 χωρὶς
2031 5557 2124 5612 πί-

389 5703 584 5746 στεως.

1579 2702 1713 2756 κατὰ
1769 2700 2151 2774 ἆμετάσειστον
2204 2697 2365 2772 ἕξεως
2409 2699 2565 2776 ἰσχὺν
2621 2701 2821 2760 πίστιν.
2881 2708 2958 2757 Et
3014 2703 3116 2777 γὰρ
3175 2702 3404 2766 πίστεως
3460 2703 3536 2765 εἰς
3591 2701 3769 2758 πίστιν
3833 2707 3866 2773 ἡ

2293 2966 2384 3021 2|
2405 2969 2436 3020 1
2468 2967 2788 3021 Possumus
2802 2973 2996 3022 autem
3013 2969 3196 3023 etalio
3213 2969 3385 3022 modo
3400 2966 3752 3040 intelligere.
3773 2970 3867 3023 Ju-

2221 3054 2382 3109 stitia
2404 3054 2503 3108 Dei
2524 3071 2626 3124 per
2649 3056 3024 3127 Evangelium
3053 3056 3358 3111 revelatur.
3398 3056 3550 3110 Deus
3577 3056 3733 3110 enim
3765 3058 3869 3126 qui

2224 3143 2414 3197 solum
2468 3143 2702 3198 initium
2740 3145 2918 3199 sumit
2944 3161 2977 3199 a
3006 3145 3178 3199 nobis
3227 3162 3549 3215 semenque
3574 3144 3706 3199 ﬁdei
3741 3145 3868 3216 ipse

2225 3237 2397 3304 auget
2430 3236 2486 3286 et
2503 3231 2759 3298 roborat,
2784 3250 2850 3288 ac
2873 3234 3107 3305 perﬁcit
3125 3251 3234 3289 nos
3265 3234 3337 3288 ad
3361 3234 3551 3306 ipsam
3572 3235 3860 3291 eamdem.

2219 3321 2283 3376 Id
2316 3337 2449 3376 vere
2471 3321 2708 3393 justitia
2726 3325 2826 3378 Dei
2858 3329 2967 3390 est,
3002 3324 3160 3396 quod
3192 3324 3319 3378 sola
3347 3325 3668 3380 voluntatis
3699 3341 3869 3381 occa-

2221 3410 2457 3466 casione
2485 3427 2518 3466 a
2548 3411 2718 3466 nobis
2747 3419 3004 3485 sumpta,
3034 3413 3158 3484 ipse
3178 3419 3367 3468 totum
3393 3429 3542 3484 opus
3581 3413 3866 3470 absolvat.

2221 3499 2524 3570 Siquidem
2557 3517 2690 3556 cum
2723 3503 2995 3574 superius
3028 3501 3275 3558 dixisset
3321 3503 3540 3559 Paulus
3575 3521 3586 3557 :
3626 3527 3645 3552 α
3681 3506 3866 3560 Evan—

2217 3589 2435 3661 gelium
2460 3592 2728 3662 potentia
2760 3592 2859 3647 Dei
2892 3598 2980 3647 est
3021 3593 3285 3648 credenti
3318 3592 3392 3648 ad
3420 3593 3694 3660 salutem,
3730 3617 3757 3643 »
3789 3610 3866 3648 ne

2221 3681 2354 3751 quis
2385 3681 2541 3735 dicat
2568 3698 2579 3734 :
2614 3683 2682 3736 Et
2713 3682 3007 3752 quomodo
3059 3689 3254 3754 potest
3311 3683 3550 3738 credere
3581 3684 3681 3753 qui
3733 3699 3867 3737 cru-

2220 3785 2348 3824 cem
2381 3770 2567 3832 audit.
2596 3771 2694 3842 pui
2719 3778 2970 3826 mortem
3005 3772 3187 3833 audit,
3222 3772 3321 3842 qui
3365 3771 3717 3826 afﬁictiones
3769 3788 3868 3825 au-

2223 3859 2307 3914 dit
2336 3859 2364 3914 ?
2387 3860 2618 3914 subdit:
2648 3881 2675 3906 ‹‹
2705 3861 2939 3916 Justitia
2970 3862 3070 3915 Dei
3122 3862 3181 3914 in
3248 3877 3313 3915 eo
3365 3861 3681 3915 revelatur.
3728 3881 3755 3907 ››
3789 3862 3866 3914 Ne

2222 3966 2358 4021 ergo
2389 3953 2724 4019 praetextas,
2752 3949 2963 4019 inquit,
2995 3950 3456 4004 excusationem.
3479 3950 3620 4004 Nam
3643 3951 3690 4003 si
3716 3948 3869 4003 dun-

2222 4043 2381 4094 taxat
2411 4039 2811 4109 proposueris,
2861 4044 3000 4092 tunc
3057 4038 3342 4092 admiraai
3403 4039 3588 4108 magis
3647 4040 3869 4110 poteris

2226 4128 2326 4182 Dei
2360 4143 2497 4199 erga
2528 4132 2583 4180 te
2603 4125 3096 4198 gubernationem
3120 4143 3186 4181 ac
3213 4127 3645 4197 providentiam
3671 4145 3682 4181 :
3711 4127 3869 4198 quod

2225 4222 2462 4288 sumpta
2491 4215 2562 4270 ab
2587 4215 2784 4270 animo
2811 4214 2946 4272 ﬁde.
2982 4216 3108 4286 ipse
3133 4215 3236 4270 tibi
3263 4215 3603 4287 suppeditat
3629 4217 3868 4270 certitu-

2227 4307 2464 4362 dinisac
2485 4305 2957 4360 conﬁrmationis
2981 4305 3179 4360 ﬁdem.
3208 4305 3427 4360 Deinde
3464 4322 3538 4360 ne
3570 4305 3872 4362 existimes

2227 4395 2384 4470 quod
2407 4411 2621 4450 novum
2653 4395 2880 4466 aliquid
2910 4395 3066 4450 dicat
3094 4402 3197 4450 aut
3226 4395 3584 4453 inauditum.
3610 4396 3868 4466 prophe-

2227 4492 2344 4542 tam
2380 4486 2441 4539 in
2469 4492 2679 4541 testem
2713 4484 3007 4556 producit.
3043 4485 3157 4539 Hoc
3191 4484 3526 4556 ipsumjam
3561 4483 3702 4538 olim
3735 4491 3871 4540 ante

2229 4592 2321 4631 me
2341 4575 2612 4646 praedixit
2629 4575 2984 4645 etpropheta
3004 4573 3292 4638 Habacuc,
3310 4574 3673 4646 quodjustus
3688 4575 3869 4630 vitam

2231 4665 2346 4722 ﬁde
2373 4664 2752 4736 amplectitur
2766 4679 2833 4717 ac
2855 4663 3152 4729 terminat,
3179 4663 3474 4734 inceptam
3499 4663 3740 4735 quidem
3766 4681 3872 4736 per

2229 4755 2407 4811 ﬁdem
2439 4771 2569 4824 quas
2589 4769 2622 4807 a
2641 4752 2961 4819 voluntate,
2989 4752 3364 4808 terminatam
3385 4770 3520 4810 vero
3552 4771 3620 4810 ac
3662 4772 3872 4826 proce-

2230 4843 2470 4898 dentem
2504 4843 2562 4896 in
2587 4841 2786 4911 ﬁdem,
2813 4857 2942 4912 qua)
2956 4841 3302 4912 producitur
3321 4859 3355 4898 a
3382 4841 3579 4899 divina
3601 4861 3875 4917 coopera-

2228 4932 2389 4987 tione
2411 4947 2478 4986 ac
2509 4929 2884 4985 revelatione.
2921 4951 2948 4979 «
2981 4929 3117 4985 Ideo
3165 4947 3401 5003 semper
3409 4932 3609 5004 justus
3659 4950 3728 4988 ex
3759 4932 3875 4987 ﬁde

2229 5022 2385 5077 vivit.
2423 5043 2448 5071 ››
2480 5023 2634 5075 Bene
2669 5026 2865 5075 autem
2897 5020 3120 5076 dictum
3164 5027 3253 5076 est
3283 5043 3309 5074 ιι
3331 5023 3509 5088 Vivet,
3551 5046 3571 5070 ι
3607 5023 3718 5077 hoc
3748 5027 3874 5077 est:

2232 5113 2357 5167 Non
2389 5109 2687 5180 itajustus
2722 5127 2792 5164 ex
2844 5109 2957 5164 ﬁde
2991 5110 3127 5165 vivit
3157 5116 3220 5165 ut
3249 5111 3486 5167 desinat
3540 5115 3641 5164 aut
3666 5113 3874 5177 cesset,

2234 5200 2335 5256 sed
2362 5215 2596 5270 semper
2617 5199 2767 5253 vivet
2797 5198 2855 5253 in
2885 5215 2953 5254 ea
3001 5200 3318 5270 proﬁciens
3368 5218 3435 5255 ac
3467 5199 3874 5255 conﬁrmatus.

2234 5289 2605 5345 Dixitautem
2631 5310 2653 5341 α
2681 5289 2858 5355 Vivet,
2888 5311 2913 5336 ››
2941 5295 2998 5343 et
3027 5307 3145 5344 non
3178 5290 3339 5344 aliud
3363 5289 3688 5360 quidpiam,
3716 5294 3882 5362 puta,

2233 5377 2469 5450 proﬁcit
2499 5383 2599 5432 aut
2655 5377 3041 5432 conﬁrmatur
3089 5395 3193 5432 seu
3237 5377 3394 5432 aliud
3428 5377 3658 5449 quidvis
3692 5395 3705 5433 :
3739 5377 3878 5434 sub-

2234 5468 2423 5522 ditum
2455 5467 2797 5538 signiﬁcans
2827 5467 3103 5522 allectum
3131 5466 3298 5536 quasi
3330 5483 3523 5538 neque
3551 5468 3742 5525 vivere
3772 5469 3875 5525 eli-

2233 5561 2348 5629 gat,
2379 5560 2483 5611 aut
2511 5556 2698 5628 possit
2727 5555 2817 5610 vel
2841 5555 3130 5626 respirare
3157 5555 3283 5610 sine
3309 5556 3444 5612 ﬁde.
