4112 6250
347 325 464 385 339

355 553 434 606 De
454 546 675 620 judicio
707 546 856 616 quod
874 549 1055 614 fertur
1083 545 1339 599 adversus
1367 549 1550 613 gentes
1593 561 1704 598 non
1735 548 2006 598 servantes

818 653 882 690 ea
915 651 1034 704 quae
1077 651 1111 688 a
1139 641 1345 688 natura
1393 641 1539 689 sunt.

426 731 472 794 Ι,
504 730 588 792 18,
626 729 710 782 19.
749 747 776 776 ‹‹
809 725 1126 780 Revelatur
1155 725 1314 779 enim
1348 725 1436 778 ira
1467 725 1568 778 Dei
1601 723 1673 777 de
1705 723 1850 778 cmlo
1907 722 2006 776 ad-

358 841 381 871 (ι
420 834 619 873 versus
652 831 889 870 omnem
941 815 1308 884 impietatem
1341 821 1399 868 et
1428 814 1783 885 injustiliam
1816 812 2008 867 homi-

362 931 383 958 σ
413 923 577 974 num,
613 905 713 976 qui
750 903 1054 958 veritatem
1089 903 1149 956 in
1184 903 1478 974 injustitia
1537 903 1824 956 detinent.
1868 904 2012 956 Nam

362 1018 389 1045 ι(
419 995 481 1050 id
514 993 672 1066 quod
706 994 858 1049 2I2
893 993 964 1046 de
993 993 1113 1046 Deo
1140 992 1542 1064 coguoscibile
1589 997 1699 1050 est.
1733 989 2010 1045 manifes-

362 1108 390 1135 ‹‹
417 1090 539 1139 tum
559 1089 649 1138 est
676 1083 736 1137 in
768 1082 936 1152 ipsis,
976 1083 1128 1135 Deus
1160 1081 1317 1134 enim
1343 1081 1489 1152 ipsis
1537 1080 1948 1135 manifestavit.
1982 1100 2008 1128 »

434 1197 461 1223 ‹‹
497 1173 828 1230 Revelatur.
865 1197 890 1220 υ
929 1173 995 1226 In
1027 1170 1121 1225 die
1148 1171 1383 1242 judicii.
1425 1191 1448 1221 α
1471 1171 1718 1226 Omnem
1753 1169 2017 1240 impieta-

321 1316 328 1328 ,
362 1269 481 1318 tem
515 1268 573 1316 et
601 1261 958 1332 injustitiam
1003 1281 1028 1308 ››
1057 1259 1292 1314 Justitia
1317 1275 1578 1330 namque
1602 1258 2017 1313 uniformisest

363 1369 539 1425 porro
572 1352 728 1406 circa
742 1350 1015 1422 dogmata
1039 1354 1129 1404 est
1150 1350 1310 1404 varia
1359 1348 1658 1420 impietas,
1685 1349 1844 1402 circa
1872 1363 2014 1402 con-

364 1441 760 1496 versationem
785 1456 919 1493 vero
952 1439 1200 1493 malitia.
1242 1461 1261 1485 ι
1301 1437 1616 1491 Veritatem
1642 1438 1702 1491 in
1727 1436 2020 1507 injustitia

368 1531 656 1586 detinent.
680 1555 701 1581 ι
740 1528 974 1583 Veritas
1006 1527 1245 1597 quidem
1281 1527 1380 1581 Dei
1432 1527 1687 1598 cognitio
1722 1532 1828 1591 est,
1861 1526 2019 1595 inju—

366 1621 480 1676 stia
509 1636 646 1674 vero
679 1617 975 1672 idolorum
999 1617 1288 1687 deceptio.
1324 1614 1415 1668 Illi
1465 1615 1663 1684 itaque
1716 1613 2019 1668 veritatem

367 1710 432 1764 in
463 1708 759 1778 injustitia
790 1705 1080 1766 detinent.
1115 1705 1216 1775 qui
1268 1704 1369 1758 Dei
1420 1703 1644 1758 cultum
1696 1703 1870 1757 idolis
1921 1703 2020 1756 tri-

1473 317 1886 380 CECUMENII
1937 315 2236 376 TlllCG/E
2281 314 2623 378 EPISCOPI

997 456 1226 510 CAPUT
1289 454 1362 509 Il.
2032 459 2084 522 Α

3643 316 3771 376 340

2755 451 3013 508 ΚΕΦΑΛ.
3048 450 3122 506 Β“.

2115 541 2244 616 Περὶ
2271 541 2500 614 κρίσεως
2533 541 2792 609 τῆςκατᾶ
2842 539 3026 606 ἐθνῶν,
3084 544 3192 594 τῶν
3252 540 3314 594 οὐ
3368 538 3767 618 φυλασσόντων

2770 631 2838 683 τὰ
2875 630 3106 702 νόμιμα.

2182 717 2662 775 Ἀποκαλύπτεται
2737 719 2840 793 γὰρ
2925 719 3064 791 ὀργή
3148 722 3281 773 Θεοῦ
3367 717 3457 772 ἀπ’
3531 717 3778 793 οὐρανοῦ

2115 807 2203 863 ἐπὶ
2261 814 2431 862 πᾶσαν
2510 803 2754 862 ἀσέϐειαν
2828 807 2917 862 καὶ
2996 804 3204 861 ἀδικίαν

2115 902 2214 968 τήν
2302 897 2562 968 ἀλήθειαν
2640 898 2691 953 ἐν
2751 895 2937 969 ἀδικίᾳ
3017 897 3383 976 κατεχόντων.

2117 988 2354 1065 γνωστὸν
2413 993 2511 1041 τοῦ
2571 993 2704 1042 Θεοῦ
2763 987 2988 1066 φανερόν
3043 985 3182 1040 ἐστιν
3245 985 3296 1040 ἐν
3351 985 3557 1047 αὐτοῖς·
3604 989 3780 1062 ὁγὰρ

2116 1077 2243 1137 Θεὸς
2275 1076 2459 1137 αὐτοῖς
2492 1075 2812 1156 ἐφανέρώσε.

2189 1191 2214 1216 ‹‹
2274 1163 2736 1222 Ἀποκαλύπεται.
2800 1189 2828 1215 ››
2915 1166 3001 1220 Ἐν
3086 1169 3184 1238 τῇς
3251 1165 3482 1239 κρίσεως
3563 1164 3775 1239 ἡμέρα.

2122 1261 2296 1311 Πᾶσαν
2371 1251 2615 1310 ἀσέϐειαν
2676 1254 2764 1310 καὶ
2825 1251 3039 1309 ἀδικίαν
3078 1300 3090 1312 .
3159 1278 3186 1304 ››
3243 1255 3306 1309 Ἡ
3366 1255 3458 1327 μὲν
3525 1254 3626 1329 γὰρ
3688 1252 3784 1310 δι·-

2117 1344 2375 1414 καιοσῦνη
2445 1340 2756 1416 μόνοειδής,
2815 1341 3046 1410 ποικίλη
3083 1341 3139 1397 δὲ
3169 1345 3202 1412 ἡ
3236 1343 3360 1418 περὶ
3418 1348 3484 1398 τὰ
3517 1340 3774 1417 δόγματα

2119 1432 2356 1499 ἀσέϐεια,
2407 1436 2495 1489 καὶ
2539 1437 2572 1502 ἡ
2605 1433 2728 1508 περὶ
2797 1434 2893 1501 τὴν
2951 1433 3232 1489 πολιτείαν
3291 1433 3472 1487 κακία.
3535 1457 3563 1486 ι(
3599 1433 3785 1504 Ἀλή-

2121 1527 2263 1579 θειαν
2303 1522 2354 1578 ἐν
2411 1521 2595 1593 ἀδικίᾳ
2647 1523 3015 1598 κατεχόντων.
3053 1547 3080 1573 ››
3137 1520 3403 1591 Ἀλήθεια
3459 1523 3579 1595 μὲν,
3608 1525 3642 1592 ἡ
3677 1544 3783 1579 τοσ

2121 1619 2256 1669 Θεοῦ
2307 1619 2528 1688 γνῶσις,
2587 1609 2769 1666 ἀδικία
2829 1609 2906 1681 δὲ,
2967 1614 3000 1680 ἡ
3059 1617 3164 1665 τῶν
3244 1609 3493 1666 εἷ’δώλων
3567 1613 3778 1682 ἀπάτη.

2123 1703 2350 1758 Ἐκεῖνοι
2419 1703 2510 1755 οὗν
2564 1702 2665 1768 τήν
2722 1697 2981 1770 ἀλήθειαν
3042 1699 3093 1755 ἐν
3154 1697 3338 1771 ἀδικίᾳ
3393 1702 3726 1777 κατέχουσιν
3760 1744 3774 1770 ,

3284 807 3581 882 ἀνθρώπων
3654 813 3778 862 τῶν

3474 898 3622 952 Διότι
3697 898 3774 954 τὸ

371 1799 580 1852 buunt.
615 1795 897 1850 Detinent
919 1799 1142 1856 autem,
1174 1793 1288 1847 hoc
1311 1797 1417 1854 est,
1443 1791 1787 1846 custodiunt
1816 1791 1905 1844 vel
1930 1807 2019 1845 oc-

2134 1790 2246 1846 ὅσοι
2275 1791 2336 1845 τὸ
2367 1786 2524 1854 σέϐας
2580 1793 2675 1845 τοῦ
2734 1794 2868 1845 Θεοῦ
2925 1791 3312 1854 περιάπτουσιν
3374 1787 3656 1853 εἰδώλοις.
3708 1792 3779 1848 Τὸ

373 1886 603 1942 cultant
633 1900 734 1938 seu
777 1883 962 1938 animi
1009 1883 1292 1953 pravitate
1350 1880 1764 1935 obtenebrant.
1831 1880 2024 1936 Facile

382 1975 538 2030 enim
566 1977 743 2034 esset,
770 1972 817 2025 si
841 1971 1082 2035 vellent,
1107 1969 1177 2024 ab
1210 1970 1301 2024 his
1326 1985 1454 2039 quae
1482 1969 1774 2031 videntur,
1797 1974 1856 2022 et
1877 1985 1937 2024 se
1972 1974 2029 2022 et

385 2064 534 2118 alios
564 2064 638 2117 ad
671 2061 770 2115 Dei
796 2061 1191 2132 cognitionem
1217 2059 1448 2129 juvare.
1480 2061 1548 2112 At
1598 2058 1685 2112 illi
1744 2059 1868 2113 haec
1902 2058 2028 2128 ipsa

386 2150 573 2218 magis
595 2153 988 2204 contexerunt
1013 2164 1079 2201 ac
1107 2147 1512 2205 detinuerunt.
1536 2162 1610 2199 ne
1639 2146 1740 2200 Dei
1773 2145 2027 2218 cognitio

383 2238 754 2310 splenderet:
772 2238 898 2291 haec
916 2237 1044 2308 ipsa
1057 2253 1162 2307 pro
1177 2235 1290 2288 diis
1309 2235 1600 2289 colentes:
1623 2251 1690 2290 ac
1708 2234 1929 2306 injuria
1951 2233 2028 2287 af-

375 2328 665 2395 ﬁcientes,
691 2325 850 2398 quod
872 2326 931 2379 in
961 2325 1106 2396 ipsis
1128 2329 1258 2379 erat
1278 2325 1448 2378 etDei
1473 2325 1869 2393 cognitionem
1895 2341 2026 2394 quas

368 2420 431 2474 in
463 2418 588 2475 illis
621 2421 750 2471 erat
781 2421 840 2470 et
868 2417 1115 2485 seipsos,
1151 2420 1209 2468 et
1241 2430 1310 2469 ea
1341 2419 1500 2468 certe
1543 2431 1674 2484 qua;
1735 2414 2027 2468 honorare

376 2507 746 2563 videbantur.
771 2506 1149 2561 Manifestum
1176 2510 1266 2558 est
1287 2510 1486 2559 autem
1509 2503 1665 2574 quod
1690 2505 2026 2558 Graecorum

377 2597 673 2670 sapientes
707 2595 1068 2666 perstringit,
1103 2609 1426 2662 eorumque
1467 2593 1712 2646 similes.
1747 2617 1765 2639 ι
1794 2595 1936 2647 Nam
1967 2591 2028 2646 id

373 2686 530 2758 quod
561 2685 633 2740 de
666 2685 783 2738 Deo
806 2681 1204 2754 cognoscibile
1235 2685 1344 2736 est.
1379 2701 1407 2729 »
1441 2681 1542 2734 Dei
1581 2681 1739 2734 enim
1772 2680 2027 2752 cognitio

382 2773 699 2830 manifesta
729 2775 817 2825 est
846 2771 908 2824 in
940 2769 1059 2824 illis
1093 2769 1228 2823 etin
1260 2768 1554 2823 universo.
1591 2768 1892 2838 Siquidem
1923 2785 2029 2840 per

381 2861 673 2916 visibilem
707 2863 1040 2913 creaturam
1084 2856 1399 2910 invisibilis
1430 2857 1585 2911 Deus
1625 2857 2023 2927 cognoscitur.

381 2951 550 3006 Tales
577 2949 777 3018 itaque
811 2947 1136 3001 voluntarie
1194 2945 1491 3000 aberrant.
1525 2943 1599 3000 Τὸ
1628 2943 1862 3016 γνωστὸν
1924 2961 2024 2999 au-

380 3043 522 3104 tem,
551 3039 664 3093 hoc
695 3041 804 3102 est,
836 3035 894 3090 id
929 3033 1086 3106 quod
1120 3035 1392 3106 cognosci
1450 3039 1663 3106 potest,
1699 3039 1839 3104 puta
1869 3033 2028 3104 quod

380 3133 610 3184 creator
640 3128 736 3192 sit,
768 3125 926 3196 quod
955 3124 1333 3196 gubernator,
1357 3129 1414 3178 et
1445 3123 1682 3179 similia.
1721 3145 1747 3172 ‹‹
1781 3124 2021 3179 Manife-

378 3224 534 3272 stum
566 3222 654 3271 est
686 3216 747 3269 in
777 3215 944 3285 ipsis.
979 3237 1006 3264 υ
1040 3216 1152 3268 Per
1196 3218 1479 3268 creatura:
1513 3213 2019 3285 pulchritudinem

377 3322 445 3360 ac
485 3303 976 3376 magnitudinem.
1041 3325 1066 3352 «
1099 3303 1254 3356 Deus
1295 3303 1455 3357 enim
1487 3303 1632 3372 ipsis
1681 3303 2023 3356 manifesta-

377 3393 473 3447 vit.
509 3412 533 3442 ι
575 3395 912 3447 Creaturam
947 3390 1222 3444 omnibus
1253 3389 1638 3461 proponendo
1691 3407 1821 3460 quae
1855 3406 2022 3444 suam

378 3481 618 3536 doceret
647 3479 1135 3550 magnitudinem.
1167 3481 1311 3534 Nam
1346 3503 1371 3529 (ι
1405 3479 1568 3546 Caeli,
1604 3478 1817 3548 inquit,
1853 3495 2026 3533 enar-

378 3575 513 3625 rant
537 3570 786 3642 gloriam
818 3569 918 3623 Dei
950 3568 991 3621 ⁴.
1027 3590 1055 3617 ››

451 3658 493 3725 I,
548 3660 636 3712 20.
698 3681 723 3707 ‹‹
757 3657 1081 3711 Invisibilia
1139 3657 1300 3710 enim
1353 3656 1540 3726 ipsius
1599 3672 1669 3710 ex
1725 3657 2023 3712 creatione

378 3769 407 3796 «
442 3747 668 3814 mundi,
695 3746 974 3817 operibus
1015 3744 1318 3800 intellecta
1367 3745 1816 3815 conspiciuntur
1848 3761 1860 3798 :
1896 3745 2023 3814 ipsa

377 3858 406 3886 ‹‹
441 3837 724 3892 nimirum
759 3837 1123 3906 sempiterna
1150 3836 1278 3906 ejus
1308 3835 1574 3906 potentia
1605 3851 1671 3889 ac
1725 3833 2019 3901 divinitas,

376 3951 405 3978 α
441 3933 504 3982 ut
535 3927 785 3997 sintipsi
818 3924 1271 3980 inexcusabiles.

445 4016 591 4080 Quia
619 4015 767 4070 dixit
791 4013 948 4085 quod
976 4014 1064 4068 sui
1097 4013 1497 4085 cognitionem
1533 4013 1685 4067 Deus
1739 4012 1860 4066 illis
1892 4028 2016 4067 ma-

373 4105 694 4161 nifestavit.
727 4104 840 4175 ipsi
873 4108 1070 4159 autem
1097 4119 1203 4157 sua
1225 4109 1436 4173 sponte
1455 4119 1590 4156 eum
1624 4101 2016 4171 reliquerunt,

373 4195 432 4249 id
451 4211 608 4249 nunc
634 4193 1085 4258 demonstrat,et
1105 4192 1416 4262 dicitquod
1440 4208 1545 4262 per
1566 4207 1634 4245 ea
1657 4208 1786 4260 quae
1805 4191 2020 4245 creavit

371 4286 543 4348 Deus,
594 4290 736 4354 puta
762 4288 820 4337 et
849 4299 954 4352 per
1009 4281 1335 4336 invisibilia
1365 4286 1424 4334 et
1452 4297 1558 4350 per
1613 4280 1888 4344 visibilia,
1923 4279 2015 4333 sui

369 4372 840 4445 magnitudinem
871 4370 1132 4426 ostendit
1159 4387 1170 4423 :
1208 4385 1343 4423 nam
1377 4375 1647 4423 creatura
1677 4369 1853 4422 etiam
1885 4367 2015 4422 abs-

369 4479 483 4532 que
537 4480 706 4529 voce,
762 4478 868 4533 per
919 4467 1226 4531 aspectum
1275 4459 1612 4513 Creatorem
1661 4457 2013 4529 promulgat.

2131 1878 2207 1950 δὲ,
2239 1882 2613 1955 Κατεχόντων,
2675 1882 2784 1935 οἷον
2841 1879 3246 1957 φυλαττόντων,
3300 1882 3334 1949 ἢ
3369 1881 3768 1958 καλυπτόντων,

2130 1971 2360 2047 γνώμης
2417 1971 2656 2044 πονηρίᾳ
2708 1969 3174 2040 ἐπισκοτιζόντιιιν.
3233 1975 3388 2041 Ῥᾷον
3445 1973 3572 2046 γὰρ,
3628 1973 3772 2047 εῗπερ

2131 2053 2450 2127 ἐϐοὗλοντο,
2483 2059 2588 2114 ἀπὸ
2617 2064 2724 2114 τῶν
2761 2058 3076 2132 ὁρωμένων,
3108 2058 3198 2114 καὶ
3240 2061 3463 2123 ἑαυτοὺς
3519 2063 3610 2115 καὶ
3669 2061 3781 2117 ἑτέ-

2132 2169 2256 2223 ρους
2312 2147 2594 2225 ὠφελῆσαι
2683 2148 2756 2210 εἰς
2817 2149 3161 2225 θεογντυσίαν.
3205 2150 3272 2206 Οἱ
3335 2145 3391 2203 ’δέ
3452 2147 3668 2222 μᾶλλον
3717 2140 3788 2206 δι’

2136 2237 2312 2292 αὐτῶν
2349 2237 2556 2292 τούτων
2612 2235 2979 2311 συνεκάλυψαν
3045 2237 3137 2292 καὶ
3197 2239 3487 2316 κατέσχον,
3525 2241 3601 2310 μὴ
3666 2237 3798 2295 δια-

2138 2324 2352 2401 λάμψαι
2385 2329 2482 2396 τὴν
2528 2325 2873 2401 θεογνωσίαν·
2935 2325 3071 2380 αὐτά
3125 2331 3294 2381 ταῦτα
3343 2331 3790 2402 θεοποιήσαντες,

2132 2416 2223 2470 καὶ
2250 2411 2623 2484 ἀδικήσαντες,
2665 2413 2787 2468 ὅσον
2851 2413 2933 2468 ἐπ’
2991 2413 3193 2482 αὐτοῖς,
3243 2417 3340 2485 τήν
3395 2436 3458 2469 τε
3503 2422 3600 2484 τῆς
3657 2427 3785 2479 θεο-

2133 2503 2365 2579 γνωσίας
2395 2504 2648 2578 ἀγηθειαν
2678 2503 2767 2558 καὶ
2796 2501 3039 2571 ἑαυτοὺς,
3071 2503 3158 2557 καὶ
3192 2503 3327 2557 αὐτά
3378 2525 3439 2578 γε
3492 2502 3582 2574 δὴ,
3641 2506 3782 2581 ἅπερ

2131 2597 2294 2664 τιμᾷν
2332 2590 2536 2660 ἔδοξαν.
2593 2592 2774 2661 Δῆλον
2806 2589 2863 2646 δὲ
2894 2591 2978 2647 δτι
3015 2593 3142 2653 τοὺς
3197 2597 3305 2647 τῶν
3364 2591 3650 2662 Ἑλλήνων
3689 2615 3792 2649 σο-

2135 2681 2269 2758 φοὺς
2298 2679 2642 2750 ἐπιπλήττει,
2674 2681 2763 2734 καὶ
2795 2679 2921 2742 τοὺς
2970 2681 3199 2754 ὁμοίους
3259 2679 3506 2743 ἐγεῖνοις.
3567 2707 3596 2734 (ι
3631 2685 3788 2740 Διὸτι

2133 2769 2196 2823 τὸ
2256 2768 2492 2842 γνωστὸν
2548 2772 2644 2824 τοῦ
2700 2772 2854 2824 Θεοῦ.
2891 2793 2919 2820 ››
2979 2775 3040 2824 Ἡ
3079 2769 3180 2843 γὰρ
3237 2775 3431 2844 γνῶσις
3489 2776 3587 2826 τοῦ
3647 2777 3781 2827 Θεοῦ

2134 2857 2358 2930 φανερὰ,
2391 2857 2544 2935 φησὶ,
2584 2857 2634 2911 ἐν
2695 2857 2881 2918 αὐτοῖς
2929 2858 3019 2912 καὶ
3051 2861 3200 2912 πᾶσι.
3234 2858 3328 2913 Διά
3361 2859 3466 2935 γὰρ
3500 2867 3602 2930 τῆς
3634 2862 3775 2934 ὁρω-

2138 2945 2300 3018 μένης
2333 2945 2580 3013 κτίσεως,
2617 2946 2897 3018 ὁάόρατος
2957 2947 3086 3008 Θεὸς
3144 2947 3486 3022 γινώσκεται.
3543 2951 3774 3023 Τοιγαρ-

2131 3039 2221 3089 οῦν
2262 3035 2313 3089 οἱ
2367 3038 2608 3088 τοιοῦτοι
2667 3034 2878 3096 ἑκόντες
2938 3032 3382 3090 ἀποπλανῶνται.
3447 3062 3474 3087 ‹‹
3526 3039 3606 3094 Τὸ
3637 3060 3786 3112 γνω-

2132 3124 2278 3192 στὸν,
2315 3146 2342 3175 ››
2371 3125 2504 3197 ὅπερ
2536 3121 2764 3179 δυνατόν
2818 3135 2930 3178 εστι
2978 3131 3301 3197 γνωσθῆναι,
3360 3126 3487 3180 ⁰Οτι
3520 3129 3784 3197 ποιητὴς,

2131 3213 2212 3269 ὅτι
2273 3216 2613 3288 προνοητὴς,
2668 3213 2756 3268 καὶ
2813 3213 2880 3267 τὰ
2936 3215 3124 3287 ὅμοια.
3181 3240 3208 3266 ‹‹
3242 3215 3480 3290 Φανερὸν
3531 3215 3671 3272 ἐστιν
3728 3215 3783 3272 ἐν

2129 3301 2339 3364 αὐτοῖς.
2373 3325 2402 3353 ››
2437 3303 2534 3356 Διὰ
2564 3306 2662 3358 τοῦ
2691 3299 2931 3363 κάλλους
2961 3304 3048 3357 καὶ
3087 3305 3349 3380 μεγέθους
3378 3312 3477 3374 τῆς
3525 3307 3782 3367 κτίσεως.

2129 3414 2158 3444 (ι
2189 3394 2248 3448 'O
2281 3391 2384 3468 γὰρ
2426 3392 2556 3452 Θεὸς
2615 3391 2801 3453 αὐτοῖς
2863 3390 3183 3470 ἐφανέρωσε.
3218 3417 3246 3444 ››
3304 3399 3395 3465 Τῷ
3442 3396 3539 3459 τὴν
3595 3394 3779 3449 κτίσιν

2129 3486 2407 3554 προτεῖναι
2450 3484 2578 3533 πᾶσι
2643 3478 2969 3536 διδάσκαλον
3018 3489 3117 3549 τῆς
3177 3481 3380 3543 ο’κείας
3412 3480 3784 3555 μεγαλειότη-

2129 3593 2243 3633 τος,
2282 3595 2309 3623 ι(
2341 3573 2408 3630 0i
2439 3572 2660 3645 οὐρανοὶ
2691 3574 2815 3647 γὰρ,
2849 3574 3003 3651 φησὶ,
3037 3570 3329 3646 διηγοῦντα
3380 3571 3525 3644 δόξαν
3552 3579 3711 3633 Θεοῦ,
3748 3600 3780 3625 ››

2199 3659 2275 3715 Τὰ
2331 3659 2433 3734 γὰρ
2521 3659 2726 3735 ἀόρατα
2785 3660 2952 3714 αὐτοῦ
3038 3661 3144 3715 ἀπὸ
3227 3671 3453 3723 κτίσεως
3536 3663 3778 3733 γόσμου,

2127 3753 2242 3809 τοῖς
2299 3749 2569 3819 ποιήμασι
2651 3748 2914 3820 νοούμενα
2997 3752 3330 3824 καθορᾶται,
3416 3748 3514 3818 ἤτε
3599 3749 3777 3814 ἀίδιος

2127 3836 2292 3891 αὐτοῦ
2351 3833 2575 3908 δύναμις
2630 3837 2719 3892 καὶ
2809 3839 3043 3908 θειότης
3126 3838 3202 3900 είς
3256 3839 3317 3893 τὸ
3378 3842 3516 3894 εἶναι
3575 3841 3768 3901 αὐτοὺς

2127 3924 2599 3999 ἀναπολογήτους.

2199 4012 2419 4082 Ἐπειδὴ
2452 4015 2598 4070 εἶπεν
2632 4014 2715 4070 ὅτι
2753 4018 2852 4084 τήν
2910 4012 3050 4070 ἳδίαν
3101 4021 3292 4091 γνῶσιν
3328 4019 3355 4072 ὁ
3389 4017 3518 4080 Θεὸς
3590 4019 3772 4081 αὐτοῖς

2127 4104 2455 4180 ἐφανέρωσεν
2488 4148 2501 4170 ,
2575 4104 2727 4160 αὐτοὶ
2785 4102 2840 4159 δέ
2917 4106 3080 4162 αὐτὸν
3133 4106 3342 4169 ἑκόντες
3399 4107 3774 4182 παρέδραμον,

2125 4199 2210 4248 νῦν
2237 4200 2401 4249 τοῦτο
2431 4191 2781 4249 ἀποδείκνυσι
2812 4193 2903 4249 καί
2930 4217 3111 4271 φησιν,
3151 4197 3232 4251 ὅτι
3294 4194 3364 4250 δι’
3423 4199 3494 4252 ὧν
3525 4197 3776 4268 ἐποίησεν

2126 4284 2154 4336 ὁ
2185 4284 2332 4346 Θεὸς,
2375 4283 2490 4336 οἷον
2525 4279 2611 4336 διά
2649 4303 2707 4335 τε
2749 4287 2856 4336 τῶν
2916 4282 3186 4358 ἀοράτων,
3220 4280 3310 4339 διά
3366 4306 3422 4340 τε
3465 4290 3572 4341 τῶν
3631 4287 3774 4360 ὁρα-

2123 4376 2252 4439 τῶν,
2311 4368 2502 4440 ἕδειξεν
2573 4371 2767 4426 ἑαυτοῦ
2822 4378 2884 4426 τὸ
2947 4370 3259 4446 μεγαλεῖον.
3320 4375 3383 4430 Ἣ
3443 4374 3616 4436 κτίσις
3674 4376 3780 4450 γὰρ

2125 4461 2310 4538 φωνὴν
2343 4459 2578 4537 ἀφιεῖσα,
2618 4457 2706 4514 διὰ
2733 4467 2833 4529 τῆς
2863 4457 3039 4534 ὅψεως
3093 4463 3186 4516 τὸν
3247 4465 3596 4541 Δημιουργὸν
3642 4464 3780 4519 ἀνα-

369 4552 695 4607 lnvisibilia
725 4556 920 4606 autem
955 4555 1118 4604 vocat
1148 4547 1389 4619 angelos
1426 4563 1785 4616 omnemque
1845 4547 2019 4602 caele-

2134 4547 2405 4622 κηρύσσει.
2465 4549 2701 4622 Ἀὸρατα
2733 4547 2790 4604 δέ
2820 4571 2982 4628 φησιν
3011 4550 3282 4628 ἀγγέλους
3311 4553 3399 4606 καὶ
3451 4559 3621 4607 πᾶσαν
3672 4556 3776 4623 τήν

369 4648 520 4694 stem
548 4641 907 4705 exercitum;
942 4638 1098 4692 facta
1121 4653 1278 4698 vero.
1313 4653 1383 4692 ea
1413 4653 1542 4706 quae
1573 4635 1825 4690 visibilia
1855 4641 2012 4702 sunt,

369 4734 512 4799 puta
538 4728 773 4795 ccelum,
807 4733 1024 4784 terram
1056 4743 1240 4782 mare.
1283 4725 1420 4780 Vide
1474 4741 1608 4796 ergo
1640 4725 1779 4795 quid
1838 4724 2011 4778 dicat.

372 4815 713 4877 lnvisibilia,
749 4815 961 4885 inquit,
1013 4816 1198 4886 ipsius
1231 4816 1383 4871 213
1432 4831 1538 4886 per
1582 4813 1836 4869 visibilia
1866 4815 2017 4867 fiunt

369 4906 703 4962 manifesta.
739 4907 881 4959 Nam
907 4905 1006 4975 qui
1036 4905 1248 4959 malum
1273 4904 1557 4967 intuetur,
1587 4903 2018 4958 animadvertet

368 4997 614 5053 omnino
648 4993 806 5065 quod
828 4995 890 5048 in
923 5009 990 5046 eo
1024 4994 1267 5064 quidam
1299 4994 1419 5048 sint
1451 4993 1860 5048 ministratorii
1892 4992 2013 5064 spi-

364 5089 532 5143 ritus.
561 5085 728 5152 Quod
750 5099 886 5156 ergo
919 5083 1082 5146 latet,
1116 5099 1223 5152 per
1245 5083 1305 5136 id
1335 5083 1492 5153 quod
1523 5082 1902 5137 manifestum
1927 5086 2017 5137 est

363 5177 716 5232 declaratur.
751 5175 831 5228 Ne
863 5171 1019 5227 enim
1058 5173 1171 5225 Deo
1208 5177 1534 5226 coeeternos
1565 5171 1871 5226 arbitreris
1908 5187 2016 5226 an-

363 5267 544 5338 gelos,
570 5265 677 5321 sub
705 5263 1004 5320 creatione
1036 5261 1171 5315 illos
1195 5260 1588 5332 comprendit.

437 5355 738 5425 Siquidem
771 5351 1110 5417 invisibilia,
1137 5349 1238 5414 ait,
1264 5355 1404 5421 puta
1426 5349 1642 5422 angeli,
1667 5356 2014 5420 caeterzeque

366 5442 709 5501 substantias
740 5443 1105 5515 incorporeas
1131 5457 1143 5496 :
1178 5456 1452 5512 quaenam
1483 5445 1624 5496 sunt
1652 5440 1779 5496 haec
1808 5441 2012 5495 incor-

437 5698 458 5732 ⁴
490 5696 643 5754 Psal.
677 5697 832 5763 xviii,
867 5696 917 5751 1.

2128 4635 2180 4690 ἐν
2241 4636 2490 4710 οὐρανοῖς
2552 4635 2777 4709 δύναμιν
2811 4685 2823 4696 ,
2887 4641 3179 4710 Ποιτςματα
3238 4637 3294 4695 δὲ
3345 4643 3410 4696 τὰ
3467 4643 3724 4716 ὁρώμενα
3758 4690 3776 4715 ,

2125 4726 2242 4780 οἷον
2278 4726 2528 4801 οὐρανὸν,
2566 4734 2684 4801 γῆν,
2720 4726 3008 4790 θάλασσαν.
3065 4733 3202 4802 "Opi:
3255 4731 3347 4784 οὗν
3409 4731 3460 4786 τί
3515 4753 3668 4810 φησι.
3701 4734 3779 4787 Τἀ

2124 4814 2327 4888 ἀόρατα
2356 4816 2543 4880 αὐτοῦ,
2576 4817 2732 4895 φησί,
2782 4814 2872 4870 διὰ
2926 4822 3033 4871 τῶν
3089 4819 3299 4892 ὁρατῶν
3349 4820 3550 4894 γίνεται
3605 4819 3773 4889 δῆλα.

2121 4906 2180 4960 Ὁ
2209 4903 2312 4978 γὰρ
2342 4903 2591 4977 οὐρανὸν,
2625 4906 2808 4983 φησὶν,
2860 4907 3023 4980 ὁρῶν,
3081 4907 3507 4980 ἐνθυμηθησεται
3563 4909 3779 4973 πάντως

2125 4992 2208 5046 ὅτι
2240 4996 2326 5046 καί
2358 4991 2502 5054 ἐντὸς
2533 4993 2695 5048 αὐτοῦ
2727 4994 2836 5050 ἐστί
2888 5017 3010 5050 τινα
3067 4995 3414 5072 λειτουργικὰ
3473 4999 3776 5072 πνεύματα.

2123 5084 2281 5135 Ὥστε
2312 5083 2374 5136 τὸ
2426 5081 2620 5158 ἀφανὲς
2680 5083 2737 5136 ἐκ
2791 5087 2888 5137 τοῦ
2949 5090 3180 5163 φανεροῦ
3240 5087 3606 5162 σαφηνίζεται.
3667 5091 3777 5144 Ἵνα

2122 5171 2224 5245 γὰρ
2259 5171 2332 5242 μὴ
2368 5168 2677 5233 συναῖδίους
2734 5178 2850 5244 Θεῷ
2908 5173 3140 5248 νομίσῃς
3189 5176 3316 5237 τοὺς
3349 5175 3637 5254 ἀγγέλους,
3670 5179 3775 5234 ὑπὸ

2123 5259 2294 5313 κτίσιν
2329 5257 2524 5322 αὐτοὺς
2557 5258 2690 5336 ἄγει.

2195 5349 2272 5402 'i'a‘t
2301 5347 2505 5422 ἀόρατα
2535 5351 2656 5425 γὰρ,
2692 5351 2875 5427 φησὶν,
2907 5353 3023 5407 οἷον
3058 5351 3290 5430 ἄγγελοι
3343 5355 3434 5409 καὶ
3492 5358 3547 5409 αἱ
3607 5355 3774 5412 ἄλλαι

2131 5438 2414 5510 ἀτώματοι
2450 5437 2648 5495 οὐσίαι.
2686 5445 2824 5494 Ποῖα
2850 5443 3019 5496 ταῦτα
3053 5459 3067 5510 ;
3099 5442 3172 5496 Τὰ
3227 5443 3333 5500 ἀπὸ
3394 5446 3620 5507 κτίσεως
3677 5446 3778 5501 κό-
