4112 6250
273 375 412 434 341

1399 374 1818 439 COMMENT.
1867 375 1946 436 IN
1991 375 2247 437 EPIST.
2294 378 2394 438 AD
2439 376 2621 438 ltOM.

3613 382 3732 446 342

276 528 448 582 σμου
486 508 567 572 εἰς
624 505 822 583 γένεσιν
878 506 1259 589 παραχθέντα.
1315 510 1387 567 Ἦ
1440 508 1548 565 ἀπὸ
1603 513 1701 576 τῆς
1748 512 1844 565 τοῦ
1868 510 1957 564 κό-

2079 528 2260 584 porea
2281 512 2308 566 ‘?
2336 513 2474 579 Quaa
2498 530 2568 569 ex
2598 512 2806 569 mundi
2838 514 3138 572 creatione
3185 517 3259 573 ad
3290 534 3418 575 esse
3447 521 3731 591 perducta

276 617 449 670 σμου
483 597 707 657 κτίσεως
749 593 1247 671 καταλαμϐάνεται
1301 598 1389 654 καὶ
1446 600 1759 672 καθυράται.
1807 603 1971 667 ΙΙῶςς

274 688 390 742 καὶ
455 686 598 742 αὐτὰ
652 686 702 741 ἐν
748 692 869 748 τοῖς
927 690 1214 760 ποιήμασι
1282 688 1546 761 νοούμενα
1601 690 1693 744 καὶ
1755 710 1975 765 συναρι-

283 776 625 850 θμοῦμενα.
681 776 808 839 Καθ’
875 772 1191 851 ὑπερϐατὸν
1248 776 1336 833 οὖν
1370 781 1405 847 ἡ
1442 778 1702 849 σόνταξις.
1754 784 1825 835 ’Ἠ
1853 782 1971 840 τοῖς

294 869 599 938 ποιήμασι
623 864 902 938 νοούμενα,
936 866 1056 920 ἀντὶ
1109 871 1204 921 τοῦ
1258 866 1310 922 ἐν
1359 868 1547 928 αὐτοῖς
1578 873 1693 929 τοῖς
1724 869 1971 940 ποιήμα-

306 974 402 1007 σιν
431 952 646 1018 ἐνεῖναι,
673 953 760 1007 καὶ
789 956 863 1026 τῇ
896 957 999 1008 τοῦ
1032 958 1189 1022 Θεοῦ,
1246 952 1513 1030 βουλήσει
1544 956 1854 1030 ὑπηρετεῖν,
1880 955 1970 1011 καὶ

297 1040 570 1115 πληροῦν
600 1063 659 1097 τα
686 1040 1049 1116 κελευόμενα.
1101 1045 1169 1099 Ἤ
1225 1043 1430 1119 ἀόρατα
1460 1043 1623 1099 αὐτοῦ
1655 1042 1804 1120 λέγει
1836 1045 1969 1099 αὐτὸ

289 1132 367 1186 τὸ
402 1131 639 1204 ἀόρατον
668 1130 832 1186 αὐτοῦ
861 1138 964 1199 τῆς
1020 1131 1227 1193 οὐσίας.
1288 1132 1384 1187 Καὶ
1444 1138 1561 1196 πῶς
1590 1132 1687 1203 ἓνι,
1719 1134 1876 1212 φησὶ,
1907 1134 1969 1188 τὸ

291 1225 457 1284 θεῖον
488 1215 719 1293 ἀόρατον
771 1216 829 1274 ὄν
880 1217 1119 1276 κατιδεῖν
1168 1221 1257 1276 καὶ
1287 1226 1616 1288 κατανοῆσαι
1649 1243 1663 1292 ;
1696 1216 1800 1280 Ναὶ
1832 1218 1966 1293 ἔστι,

282 1310 461 1388 φησὶ,
495 1310 589 1364 καὶ
626 1310 732 1364 ἀπὸ
779 1314 889 1366 τῶν
948 1310 1259 1383 κτισμάτων
1323 1312 1491 1367 αὐτοῦ
1534 1309 1769 1366 κατιδεῖν
1800 1312 1968 1367 αὐτοῦ

284 1401 396 1468 τήν
432 1400 680 1470 θεότητα
726 1400 815 1454 καὶ
847 1402 947 1469 τὴν
1005 1398 1257 1473 δύναμιν.
1327 1426 1347 1452 ιι
1382 1403 1517 1459 ’Ήτε
1573 1398 1745 1464 ἀῗδιος
1803 1400 1967 1456 αὐτοῦ

290 1485 538 1562 δύναμις
568 1488 663 1542 καὶ
715 1489 951 1559 θειότης.
982 1514 1011 1540 ››
1060 1521 1130 1531 ——
1177 1491 1373 1564 [Kl‘PJ
1428 1491 1563 1547 Ἀπὸ
1592 1495 1776 1546 κοινοῦ
1803 1510 1965 1545 νουυ⁹

288 1576 469 1651 μένου
529 1582 633 1632 τοῦ
691 1582 1011 1653 καθορᾶται.
1070 1584 1192 1641 Πῶς
1250 1576 1307 1634 δὲ
1357 1579 1678 1655 γινώσκεται
1736 1578 1825 1635 διὰ
1864 1585 1964 1648 τῆς

293 1664 681 1741 δημιουργίας
708 1669 743 1737 ἡ
776 1665 951 1730 ἀΐδιος
1012 1668 1174 1725 αὐτοῦ
1232 1666 1496 1742 δύναμις
1558 1670 1683 1727 Ὅτι
1724 1670 1965 1749 φθαρτὴν

286 1754 540 1834 ἑχόντων
584 1757 688 1824 τὴν
740 1757 897 1836 φύσιν
947 1762 1053 1812 τῶν
1105 1757 1472 1833 παρηγμένων
1506 1759 1582 1820 εἰς
1612 1756 1840 1832 γένεσιν,
1870 1758 1962 1813 καὶ

2083 607 2242 667 sunt,
2287 609 2390 657 aut
2419 620 2486 658 ex
2530 602 2831 659 creatione
2874 606 3082 661 mundi
3136 609 3724 678 comprehenduntur

2081 700 2141 750 et
2170 696 2640 766 conspiciuntur.
2675 698 2941 762 Quonam
2989 699 3211 754 modo?
3237 701 3422 756 Etiam
3471 702 3600 774 ipsa
3628 705 3723 760 in-

2079 790 2170 838 ter
2198 801 2267 840 ea
2289 803 2420 856 qua:
2473 785 2624 842 facta
2655 793 2793 841 sunt
2848 788 3151 844 intellecta
3180 795 3237 844 et
3275 800 3721 850 connumerata.

2078 876 2179 929 Est
2208 891 2344 947 ergo
2376 891 2481 946 per
2498 876 2865 948 hyperbaton
2888 877 3099 933 litterae
3127 879 3447 936 ordinatio.
3468 883 3565 937 Vel
3590 901 3731 955 ope-

2074 966 2241 1021 ribus
2273 967 2596 1032 intellecta.
2623 969 2734 1025 hoc
2781 975 2871 1024 est
2901 971 2962 1025 in
3011 970 3158 1042 ipsis
3188 973 3466 1043 operibus
3497 975 3724 1032 inexsi-

2077 1057 2312 1123 stentia,
2363 1064 2543 1129 utque
2591 1059 2693 1114 Dei
2738 1059 3022 1115 voluntati
3074 1061 3467 1129 subserviant,
3503 1071 3562 1119 et
3589 1083 3723 1136 qum

2067 1144 2241 1217 jubet
2270 1147 2626 1218 compleant.
2671 1150 2786 1202 Aut
2814 1148 3135 1204 invisibilia
3183 1151 3311 1222 ejus
3357 1151 3501 1207 dicit
3529 1155 3720 1224 ipsam

2075 1236 2432 1292 invisibilem
2496 1237 2624 1308 ejus
2672 1238 3085 1293 substantiam.
3122 1240 3190 1293 Et
3241 1242 3537 1310 quomodo
3578 1244 3723 1299 dicit

2073 1326 2415 1398 contingere
2448 1332 2513 1380 ut
2556 1326 2871 1381 invisibilis
2905 1327 3179 1384 divinitas
3208 1331 3603 1402 perspiciatur
3649 1349 3718 1390 ac

2074 1414 2486 1486 intelligatur?
2517 1415 2746 1486 Utique,
2769 1416 3136 1486 inquit,licet
3167 1418 3344 1473 etiam
3377 1436 3412 1474 a
3432 1422 3721 1477 creaturis

2075 1504 2202 1574 ejus
2233 1504 2567 1574 perspicere
2626 1504 2815 1574 ipsius
2868 1505 3236 1561 divinitatem
3268 1523 3335 1562 ac
3362 1510 3716 1578 potentiam.

2076 1616 2102 1644 ιι
2122 1592 2498 1663 Sempiterna
2515 1593 2643 1664 ejus
2658 1593 2919 1664 potentia
2932 1611 2999 1650 ac
3013 1594 3308 1651 divinitas.
3336 1618 3364 1646 »
3379 1627 3445 1638 -—
3463 1599 3717 1669 Repete:

2072 1684 2461 1756 Conspicitur.
2479 1683 2782 1749 Quomodo
2814 1701 2949 1757 ergo
2977 1702 3082 1756 per
3116 1686 3478 1743 creationem
3501 1689 3724 1761 sempi-

2070 1780 2241 1829 terna
2271 1774 2400 1845 ejus
2450 1773 2633 1829 virtus
2679 1774 3094 1846 cognoscitur?
3123 1776 3271 1841 Quia
3316 1793 3453 1832 cum
3484 1793 3552 1833 ea
3583 1795 3716 1849 quas

292 1844 671 1919 κεκλημένων
707 1844 761 1901 ἐν
794 1846 986 1921 χρόνῳ
1041 1848 1179 1923 πρὸς
1236 1846 1482 1922 ὕπαρξιν,
1514 1841 1665 1903 ἔσται
1695 1868 1800 1902 που
1829 1848 1957 1902 πάν-

2074 1863 2146 1918 ad
2178 1841 2316 1918 esse
2364 1863 2650 1934 producta
2693 1841 2849 1933 sunt,
2895 1865 3341 1935 corruptibilem
3391 1841 3719 1923 sortiantur

291 1958 401 2001 τως
448 1939 480 1991 ὸ
531 1937 748 1993 τούτων
804 1938 1155 2016 Δημιουργὸς
1212 1938 1484 2016 ἄφθαρτος
1527 1939 1616 1994 καὶ
1661 1935 1854 2001 ἀῒδιος.
1890 1970 1959 1982 -

296 2025 512 2097 [ΦΩΤ.]
537 2026 611 2081 ’Ἠ
642 2024 840 2086 οὕτως·
877 2026 1011 2081 Ἀπὸ
1040 2027 1139 2094 τὴς
1164 2030 1258 2080 τοῦ
1290 2027 1467 2100 κόμου
1497 2024 1720 2088 κτίσεως
1749 2028 1783 2095 ἡ
1817 2025 1960 2080 θειό-

291 2135 387 2183 της
414 2118 519 2169 τοῦ
549 2118 693 2170 Θεοῦ
739 2115 831 2170 καὶ
876 2112 1053 2174 ἀῒδιος
1087 2113 1313 2191 δύναμις
1351 2117 1694 2194 γινώσκεται.
1726 2113 1850 2173 Εἶδέ
1877 2136 1960 2178 τις

292 2206 374 2260 τὸν
406 2206 627 2278 κόσμον
658 2205 752 2259 καὶ
782 2205 849 2260 τὰ
881 2203 933 2260 ἐν
965 2205 1134 2279 αὐτῷ,
1166 2207 1409 2282 ἁστάρων
1442 2205 1626 2277 καλλη
1669 2208 1758 2262 καὶ
1798 2206 1955 2282 μέγε-

293 2299 395 2361 θος,
459 2292 679 2369 δρόμον
744 2293 986 2366 σελήνης
1042 2295 1131 2350 καὶ
1189 2297 1378 2369 ἡλίου,
1435 2297 1584 2367 τάξιν
1635 2297 1724 2351 καὶ
1768 2297 1958 2370 εἱρμὸν

300 2378 660 2458 ἀπαράϐατον.
733 2382 861 2462 Οὐχ
917 2384 1125 2459 ἡμέραν
1185 2383 1389 2457 σελήνη
1448 2391 1617 2456 ποιεῖ,
1678 2382 1804 2440 οὐδὲ
1855 2386 1953 2454 τήν

297 2473 445 2529 vim:
475 2471 668 2543 ἣλιος.
735 2474 795 2531 Ὀ
853 2472 1017 2548 αἰθὴρ
1073 2473 1164 2528 τὸν
1221 2474 1425 2529 οἰκεῖον
1466 2472 1634 2529 τόπον
1668 2472 1950 2549 φυλάττει,

287 2563 373 2616 καὶ
397 2564 426 2617 ὸ
458 2562 568 2636 ἀήρ
607 2561 847 2634 ὁμοίως.
908 2563 1169 2632 Ἑστηκεν
1232 2565 1266 2632 ἡ
1323 2570 1422 2638 γῆ,
1465 2562 1585 2631 οὐκ,
1618 2558 1823 2638 ἔχουσα
1851 2563 1943 2619 τὸν

297 2648 643 2725 ὒπερείόοντα
680 2651 857 2726 βάρος
915 2649 1158 2725 ἄπειρον,
1216 2650 1503 2728 ἐγκέχυται
1542 2653 1681 2726 αὐτῇ
1712 2652 1775 2709 τὸ
1805 2650 1952 2728 ὓδωρ

300 2740 389 2795 καὶ
418 2742 800 2816 περικέχυται,
857 2740 1060 2815 βάρους
1112 2743 1421 2815 προσθήκη,
1453 2741 1579 2797 ἀλλ’
1611 2743 1764 2815 ὅμως
1793 2739 1953 2814 ἕστη-

301 2850 382 2885 κεν
408 2828 697 2901 ἁκίνητος,
756 2831 861 2899 τὴν
912 2830 1249 2904 κατέχουσαν
1306 2829 1749 2903 ἀνακηρύττουσα
1796 2828 1953 2886 δόναυ

291 2941 399 2994 μιν.
462 2920 637 2993 Φέρει
710 2917 957 2994 καρποὺς
1018 2919 1267 2994 μυρίους,
1319 2920 1410 2975 καὶ
1464 2916 1631 2981 ἰδέαις
1682 2919 1771 2975 καὶ
1803 2918 1956 2975 δυνά-

290 3031 411 3082 μεσι
445 3008 834 3088 διαφέροντας.
889 3009 1003 3065 Μία
1058 3007 1214 3079 οὖσα,
1271 3011 1341 3082 γῆ
1398 3006 1551 3081 οὖσα,
1582 3007 1765 3085 τρέφει
1796 3010 1950 3079 ζώων

293 3101 418 3174 γένη
467 3098 697 3172 ἄπειρα.
749 3095 934 3155 Ἀλλὰ
976 3099 1067 3152 καὶ
1114 3104 1319 3173 καιρῶν
1378 3098 1665 3160 εὐτάκτους
1727 3095 1954 3172 μεταϐο-

2071 1960 2367 2019 naturam,
2402 1969 2469 2008 ac
2499 1954 2560 2007 in
2595 1958 2856 2025 tempore
2887 1953 2961 2009 ad
2987 1954 3164 2009 vitam
3195 1961 3400 2012 vocata
3430 1957 3568 2027 sint,
3596 1960 3720 2015 uti-

2070 2059 2184 2114 que
2216 2043 2428 2098 horum
2459 2044 2699 2098 Creator
2738 2044 3210 2115 inoorruptibilis
3241 2045 3353 2099 erit
3381 2063 3448 2101 ac
3494 2049 3716 2120 sempi-

2073 2139 2296 2188 ternus.
2325 2163 2387 2172 —
2415 2136 2531 2186 Aut
2553 2133 2663 2189 hoc
2687 2133 2862 2187 modo
2888 2149 2900 2188 :
2935 2135 3014 2187 Ex
3055 2135 3358 2189 creatione
3384 2136 3591 2191 mundi
3623 2137 3715 2192 di-

2066 2222 2280 2276 vinitas
2322 2222 2427 2275 Dei
2472 2222 2952 2291 sempiternaque
3001 2223 3267 2292 potentia
3316 2226 3711 2296 cognoscitur.

2068 2310 2236 2366 Novit
2264 2310 2397 2379 quis
2426 2309 2715 2364 mundum
2735 2316 2794 2365 et
2823 2326 2892 2364 ea
2907 2312 3117 2380 qumin
3150 2328 3215 2366 eo
3251 2319 3711 2375 sunt,astrorum

2067 2397 2575 2471 pulchritudinem
2607 2414 2674 2452 ac
2718 2398 3210 2470 magnitudinem,
3246 2400 3400 2455 lunas
3451 2403 3713 2474 solisque

2066 2503 2328 2553 cursum,
2346 2486 2617 2541 ordinem
2636 2503 2702 2542 ac
2719 2487 2934 2542 seriem
2954 2487 3505 2545 incommutabilem
3526 2509 3539 2555 ;
3556 2491 3714 2562 quod

2065 2576 2381 2632 diemluna
2393 2592 2512 2630 non
2537 2576 2778 2642 ofﬁciat,
2795 2591 2989 2647 neque
3004 2577 3093 2632 sol
3108 2586 3339 2632 noctem
3358 2595 3370 2631 :
3387 2580 3714 2650 aetherpro-

2066 2664 2260 2736 prium
2285 2669 2475 2718 servat
2497 2662 2694 2718 locum
2727 2668 2785 2716 et
2813 2679 2915 2718 aer
2943 2663 3248 2719 similiter:
3279 2671 3394 2721 stat
3419 2667 3480 2721 in
3513 2667 3709 2723 medio

2065 2760 2224 2809 terra
2252 2754 2406 2809 nihil
2438 2753 2664 2809 habens
2705 2753 2863 2825 quod
2904 2772 3068 2811 suam
3115 2754 3470 2812 immensam
3506 2756 3713 2813 fulciat

2064 2844 2407 2914 gravitatem
2434 2859 2447 2897 :
2482 2843 2678 2898 infusa
2708 2849 2797 2898 est
2826 2861 2932 2915 per
2960 2843 3125 2899 illam
3166 2861 3341 2915 aqua,
3378 2846 3498 2901 imo
3522 2846 3583 2901 in
3607 2847 3716 2902 cir-

2065 2934 2225 2989 cuitu
2258 2932 2471 2987 diﬂ‘usa
2501 2949 2632 3003 quae
2663 2933 3007 3005 gravitatem
3032 2934 3292 3006 adjiciat,
3313 2940 3574 2991 attamen
3605 2936 3712 2991 im-

2065 3019 2304 3074 mobilis
2331 3024 2690 3089 perseverat,
2712 3036 2836 3074 eam
2868 3037 2997 3090 qua;
3029 3021 3297 3075 continet
3326 3022 3708 3093 promulgans

2065 3107 2392 3180 potentiam
2425 3126 2437 3164 :
2471 3107 2587 3161 fert
2612 3109 3197 3164 frnctusinnumeros
3212 3110 3334 3164 suis
3365 3111 3707 3166 differentes

300 3189 427 3257 λεις,
478 3191 578 3245 καὶ
631 3191 823 3252 ὑετοὺς
879 3187 1154 3261 ἐτησίους,
1212 3192 1303 3245 καὶ
1356 3191 1423 3245 τὰ
1481 3188 1744 3245 δοκοῦντα
1782 3192 1950 3260 παθη,

2070 3196 2549 3263 virtutibus,cum
2579 3213 2700 3251 una
2727 3198 2822 3261 sit,
2849 3215 2982 3252 cum
3015 3204 3172 3253 terra
3196 3199 3289 3264 sit,
3316 3199 3571 3270 plurima
3592 3215 3707 3254 nu-

311 3277 597 3349 σεισμὼς,
619 3278 922 3352 κεραυνοὺς,
973 3279 1063 3333 καὶ
1113 3277 1167 3335 εἷ’
1216 3301 1268 3336 τι
1315 3280 1524 3335 τούτων
1566 3278 1952 3350 ἐπισκοπήσεις

318 3366 399 3427 εἷς
430 3368 525 3420 τὸν
557 3369 890 3444 Δημιουργὸν
950 3371 1303 3444 παραπέμπει
1357 3370 1448 3425 τὸν
1498 3367 1861 3444 προσέχοντα.
1893 3369 1954 3423 Τί

313 3456 379 3510 τὸ
408 3455 658 3531 συνέχον,
685 3458 735 3511 τ;’
786 3460 851 3514 τὸ
910 3462 1181 3534 κρατοῦν;
1241 3459 1422 3516 Ἔστιν
1478 3457 1581 3534 ἄρα
1628 3462 1827 3532 γνῶναι
1860 3479 1957 3514 σα-

316 3550 425 3624 σῶς
454 3547 565 3603 ἀπὸ
594 3553 693 3616 τῆς
723 3548 978 3615 κτίσεως,
1033 3546 1119 3604 ὅτι
1169 3542 1283 3604 ἔστι
1316 3550 1681 3624 Δημιουργὸς,
1711 3546 1795 3607 ὅτι
1826 3566 1957 3625 προ“

310 3638 528 3705 νοητῆς,
600 3638 692 3692 ὅτι
769 3634 1209 3710 παντοδόναμος,
1287 3638 1369 3693 ὅτι
1453 3638 1649 3715 ἀγαθὸς
1729 3639 1954 3715 (ἀγαθοῦ

311 3728 409 3801 γαρ
442 3729 477 3795 ἡ
506 3724 853 3803 δημιουργία
880 3732 973 3782 καί
1004 3729 1038 3797 ἡ
1071 3729 1343 3802 πρόνοια),
1375 3730 1459 3783 δτι
1499 3726 1690 3793 ἀῖδιος.
1723 3732 1818 3801 Τῷ
1849 3730 1953 3805 γὰρ

302 3812 700 3890 παντοδυνάμῳ
729 3816 816 3877 τίς
862 3811 1281 3886 ἐπιϐουλεύσας
1326 3816 1515 3880 Οὕτως
1546 3817 1639 3874 οὖν
1671 3821 1706 3888 ἡ
1740 3815 1954 3889 θειότης

290 3903 452 3960 mite)
484 3906 581 3959 καὶ
640 3902 824 3966 αἰδιος
886 3901 1115 3977 δύναμις
1168 3903 1219 3958 ἐν
1277 3910 1394 3967 τοῖς
1424 3907 1696 3978 ποιήμασι
1726 3910 1955 3980 καθορᾶ-

281 4015 393 4064 ται,
429 3993 618 4055 οὕτως
654 3993 764 4047 ἀπὸ
795 3999 896 4058 τῆς
953 3997 1052 4047 τοῦ
1107 3993 1317 4066 κόσμου
1346 3994 1597 4062 κτίσεως,
1632 3996 1666 4063 ἡ
1696 3997 1792 4049 τοῦ
1819 3999 1954 4050 Θεοῦ

278 4088 486 4157 γνῶσις
546 4088 672 4142 τοῖς
732 4081 1043 4156 ἀνθρώποις
1093 4081 1384 4157 ἐγγίνεται.
1435 4080 1593 4140 Οὖτω
1621 4083 1683 4137 τὸ
1714 4084 1950 4157 γνωστὸν

279 4173 451 4229 αξιτοῦ
522 4171 578 4227 έν
649 4176 813 4227 πᾶσιν
884 4170 1199 4249 ἐφανέρωσε.
1267 4172 1346 4228 Τὸ
1407 4171 1509 4248 γὰρ
1574 4171 1811 4246 γνωστὸν
1859 4175 1954 4228 τοῦ

280 4266 447 4327 Θεοῦ,
509 4264 693 4315 ταῦτα
747 4258 837 4316 καὶ
895 4260 962 4314 τὰ
1011 4258 1237 4315 τοιαὶτά
1304 4258 1464 4316 ἐστιν.
1518 4260 1692 4318 Οὐσία
1750 4257 1807 4315 δὲ
1861 4261 1950 4317 καὶ

276 4352 449 4431 ᾳὸσις
480 4346 772 4410 παντελῶς
823 4354 984 4404 πᾶσιν
1037 4346 1278 4417 ἄληπτα.
1338 4351 1520 4406 Ταῦτα
1566 4349 1655 4404 καὶ
1683 4347 1956 4421 Ἕλληνες

282 4438 561 4516 ἔγνωσαν.
594 4435 781 4494 Ἀλλᾶ
808 4439 1043 4514 γνόντες,
1075 4437 1183 4513 οὐχ
1211 4438 1286 4500 ὡς
1328 4440 1456 4495 Θεὸν
1489 4435 1764 4509 ἐδόξασαν.
1798 4464 1825 4492 ‹‹
1860 4439 1955 4502 Εἰς

2065 3287 2168 3341 trit
2211 3286 2558 3342 animalium
2606 3288 2991 3358 genera:sed
3035 3293 3093 3343 et
3148 3293 3482 3359 temporum
3525 3288 3708 3360 probe

2063 3375 2392 3432 constituas
2441 3375 2821 3442 mutationes,
2882 3376 3111 3447 pluvias
3160 3392 3409 3440 annuas,
3462 3394 3711 3449 qumque

2061 3465 2476 3538 percipiuntur
2505 3466 2829 3537 passiones.
2849 3472 2992 3536 puta
3015 3472 3182 3522 terrae
3198 3465 3714 3532 motus,fulmina:

2064 3560 2122 3610 et
2134 3554 2421 3626 quidquid
2435 3555 2647 3609 horum
2661 3555 3217 3618 consideraveris,in
3240 3555 3576 3611 Creatorem
3593 3562 3708 3611 tra-

2064 3642 2371 3698 duciteum
2390 3642 2490 3713 qui
2517 3643 3110 3709 animadvertit.Quid
3124 3643 3273 3699 illud
3286 3661 3423 3715 ergo
3443 3649 3532 3699 est
3547 3644 3707 3714 quod

2062 3732 2177 3787 ista
2188 3732 2471 3799 continet,
2492 3732 2634 3802 quid
2652 3733 2810 3803 quod
2831 3738 3119 3804 gubernat
3138 3732 3165 3786 ‘?
3184 3733 3392 3804 Utique
3422 3733 3563 3788 licet
3577 3748 3707 3788 ma-

2062 3821 2275 3877 nifeste
2307 3839 2377 3876 ex
2406 3822 2705 3876 creatione
2737 3838 3091 3895 cognoscere
3137 3822 3295 3893 quod
3326 3822 3403 3877 sit
3440 3823 3700 3890 Creator,

2063 3910 2219 3982 quod
2258 3909 2641 3981 gubernator,
2682 3910 2840 3981 quod
2881 3913 3278 3983 omnipotens,
3322 3910 3481 3982 quod
3511 3910 3702 3967 bonus

2062 3999 2222 4070 (nam
2241 3998 2697 4053 boniestcreare
2712 4016 2778 4054 ac
2806 3999 3178 4071 gubernare),
3203 4000 3361 4070 quod
3392 4001 3705 4071 sempiter-

2063 4088 2250 4142 nus.2
2263 4089 2294 4140 I
2310 4090 2356 4141 ιι
2372 4086 2776 4157 Omnipotenti
2792 4089 2946 4142 enim
2964 4091 3097 4160 quis
3111 4089 3557 4145 struetinsidias
3577 4090 3604 4146 ?
3618 4092 3707 4148 Ita

2063 4192 2200 4248 ergo
2232 4175 2509 4230 divinitas
2540 4177 2668 4244 ejus
2694 4177 3172 4248 sempiternaque
3189 4179 3453 4250 potentia
3480 4179 3542 4233 in
3564 4196 3707 4250 ope-

2063 4265 2227 4321 ribus
2258 4264 2730 4336 conspicitur,ita
2758 4281 2829 4320 ex
2844 4266 3367 4323 mundicreatione
3393 4267 3493 4323 Dei
3510 4269 3709 4339 cogni-

2063 4354 2145 4410 tio
2176 4354 2464 4426 contingit
2493 4354 2852 4410 hominibus.
2890 4355 3006 4410 Hoc
3060 4357 3233 4412 modo
3265 4356 3413 4411 illud
3444 4355 3602 4427 quod
3633 4355 3705 4412 de

2063 4444 2191 4515 ipso
2224 4443 2619 4517 oognoscibile
2639 4450 2746 4510 est,
2766 4444 2823 4497 in
2838 4443 3115 4499 omnibus
3132 4461 3260 4500 sese
3277 4444 3563 4516 prodidit:
3579 4444 3706 4501 hac

282 4530 349 4583 τὸ
380 4529 529 4583 εἶναι
560 4525 757 4590 αὐτοὺς
780 4527 1256 4600 ἀναπολογήτους.
1279 4550 1305 4579 ιι
1331 4526 1620 4584 Τοσοότων
1649 4528 1754 4605 γὰρ
1782 4524 1950 4583 ὄντων

331 4624 360 4634 -
443 4618 470 4634 ι.
613 4619 628 4634 ,
843 4619 855 4632 .
986 4622 1011 4632 -
1077 4624 1105 4634 Α
1176 4622 1200 4633 ν
1380 4616 1400 4634 κ
1444 4624 1469 4634 ..
1621 4621 1632 4634 .
1678 4620 1690 4631 .
1778 4619 1796 4634 ς
1908 4621 1920 4634 .

2070 4531 2224 4589 enim
2244 4539 2382 4587 sunt
2398 4550 2529 4603 quae
2542 4532 2615 4588 de
2628 4534 2743 4588 Deo
2759 4533 3180 4605 cognoscibilia
3191 4541 3359 4589 sunt:
3375 4534 3708 4590 substantia

289 4624 405 4676 τῶν
441 4618 773 4676 δεικνύντων
802 4619 867 4675 τὸ
917 4622 1016 4673 τοῦ
1072 4622 1205 4673 Θεοῦ
1236 4616 1553 4692 μεγαλεῖον,
1581 4621 1633 4673 τί
1666 4619 1951 4693 ἀπολογή-

295 4729 482 4763 σονται
545 4709 599 4763 οἱ
659 4708 869 4770 ἑκόντες
927 4706 1451 4780 ἆποτυφλωθέντες;
1521 4708 1647 4786 Οὐχ
1702 4707 1837 4778 αὕτη
1897 4705 1954 4763 δὲ

296 4795 512 4867 σπουδὴ
546 4800 629 4869 τῷ
662 4796 779 4868 Θεῷ
807 4795 1037 4871 γέγονεν,
1085 4793 1281 4872 ἄπαγε,
1332 4796 1377 4851 εἰ
1424 4796 1514 4851 καὶ
1563 4798 1738 4859 οὕτως
1773 4790 1950 4867 ἐξέϐη.

2063 4638 2320 4693 namque
2339 4628 2621 4678 etnatura
2641 4623 2916 4678 omnibus
2938 4622 3182 4679 omnino
3197 4629 3338 4678 sunt
3365 4625 3706 4695 incompre-

2063 4711 2405 4766 hensibiles.
2443 4712 2575 4767 Haec
2605 4718 2664 4766 et
2692 4712 2877 4766 Graeci
2909 4719 3322 4785 cognoverant,
3347 4730 3550 4769 verum
3568 4730 3705 4770 cum

2064 4801 2493 4872 cognovissent,
2527 4817 2646 4855 non
2679 4800 2831 4856 sicut
2859 4801 3043 4857 Deum
3073 4800 3571 4872 gloriﬁcaverunt.
3589 4825 3617 4854 ι(
3635 4804 3708 4860 Ut

302 4888 423 4944 sint
452 4888 571 4962 ipsi
631 4886 1142 4943 inexcusabiles.»
1203 4888 1347 4942 Nam
1386 4904 1521 4942 cum
1572 4892 1737 4942 tanta
1785 4887 1906 4942 sint
1956 4905 2089 4959 qum
2126 4890 2222 4945 Dei
2263 4888 2735 4961 magnitudinem
2792 4889 3229 4956 demonstrent,
3263 4892 3406 4962 quid
3462 4907 3708 4964 respon-

305 4976 534 5034 debunt
564 4976 669 5049 qui
704 4992 812 5032 sua
864 4980 1074 5047 sponte
1128 4976 1402 5031 excaecati
1434 4974 1629 5031 sunt?
1659 4978 1785 5031 Non
1835 4981 2032 5033 tamen
2063 4978 2123 5033 id
2165 4978 2387 5033 curavit
2446 4979 2618 5045 Deus,
2652 4976 2840 5033 absit:
2871 4995 3211 5050 quanquam
3266 4980 3349 5035 ita
3401 4981 3705 5036 acciderit.

371 5066 522 5121 Διότι
592 5064 812 5143 γνόντες
888 5063 980 5117 τὸν
1057 5063 1207 5132 Θεὸν,
1276 5061 1384 5138 οὐχ
1450 5063 1526 5124 ὡς
1591 5062 1718 5119 Θεὸν
1770 5060 1954 5137 ἐδόξα-

302 5176 416 5223 σαν,
519 5159 555 5225 ἢ
662 5153 1085 5229 εὐχαρίστησαν·
1189 5149 1317 5207 ἀλλ’
1410 5149 1827 5226 ἐματαιώθησαν
1901 5154 1955 5209 ἐν

302 5250 411 5307 τοῖς
489 5242 885 5319 διαλογισμοῖς
962 5240 1157 5307 αὐτῶν,
1232 5240 1319 5296 καὶ
1398 5239 1679 5313 ἐσκοτίσθη
1739 5244 1775 5312 ἡ
1834 5241 1954 5297 ἀσό-

309 5354 447 5397 νετος
522 5333 702 5390 αὐτῶν
802 5325 1024 5404 καρδία.
1129 5330 1433 5392 Φάσκοντες
1538 5330 1670 5386 εἶναι
1774 5329 1954 5409 σοφοὶ,

311 5420 583 5497 ἰμωρανθη
593 5444 711 5481 σαν.

371 5515 582 5591 {eum}
617 5514 910 5588 Ἔγνωσεν
956 5508 1058 5581 γὰρ
1113 5504 1205 5560 διὰ
1245 5512 1346 5576 τῆς
1375 5506 1622 5570 κτίσεως.
1675 5532 1703 5559 ‹‹
1734 5507 1959 5572 Γνόντες

312 5607 381 5661 τὸν
434 5610 583 5667 Θεὸν,
643 5596 924 5663 Τουτὲστι
975 5596 1027 5652 τί
1083 5595 1215 5651 ποτέ
1271 5594 1380 5651 ἐστι
1439 5596 1590 5667 Θεὸς,
1648 5596 1703 5652 τί
1750 5595 1957 5674 ὀφείλει

310 5695 793 5776 ὑπολαμϐάνεσθαι
859 5689 1009 5751 Θεὸς.
1066 5690 1240 5744 Τοῦτο
1295 5689 1530 5761 γνόντες,
1561 5689 1768 5751 ἑκοντες
1798 5688 1956 5772 ἐσφά.

2136 5067 2177 5134 l,
2210 5070 2300 5133 2i,
2326 5070 2414 5121 22.
2446 5069 2584 5121 Nam
2612 5082 2734 5121 cum
2788 5069 2958 5123 Deum
2996 5072 3383 5138 cognovissent,
3423 5085 3535 5123 non
3561 5072 3708 5124 sicut

2064 5157 2234 5210 Deum
2262 5156 2730 5225 gloriﬁcaverunt,
2761 5164 2860 5212 aut
2897 5160 3109 5226 gratias
3158 5161 3403 5226 egerunt,
3453 5156 3548 5210 sed
3573 5158 3708 5211 vani

2065 5246 2339 5311 factisunt
2368 5243 2428 5299 in
2477 5247 2899 5315 cogitationibus
2935 5246 3069 5311 suis,
3095 5253 3146 5301 et
3189 5242 3598 5301 obtenebratum
3626 5252 3707 5301 est

2068 5334 2330 5403 insipiens
2360 5350 2453 5391 cor
2482 5350 2689 5390 eorum.
2721 5336 2983 5391 Putantes
3009 5351 3066 5390 se
3096 5350 3205 5389 esse
3225 5334 3521 5402 sapientes,
3551 5334 3714 5390 stulti

2066 5425 2206 5491 facti
2228 5430 2376 5478 suut.

2138 5513 2549 5584 Cognoverant
2575 5514 2737 5568 enim
2772 5514 2954 5567 Deum
2987 5528 3093 5584 per
3121 5511 3551 5571 creationem.«
3568 5515 3714 5571 Cum

2069 5601 2255 5657 Deum
2286 5602 2729 5674 cognovissent:
2761 5628 2781 5650 υ
2817 5601 2927 5657 hoc
2967 5606 3078 5668 est,
3110 5600 3394 5673 quidnam
3427 5604 3504 5659 sit
3535 5605 3711 5668 Deus.

2069 5690 2211 5764 quid
2253 5709 2359 5765 pro
2417 5693 2534 5750 Deo
2566 5691 2772 5751 haberi
2824 5691 3073 5749 debeat:
3105 5708 3240 5749 cum
3269 5692 3383 5751 hoc
3410 5693 3709 5767 cognovis-
