4112 6250
416 374 539 437 ’343

1542 358 1963 424 CECUMENII
2010 357 2312 420 TRlCC/E
2361 353 2710 417 l'TPlSCOPI
3727 351 3855 413 344

426 514 581 579 sent,
614 524 721 564 sua
750 510 959 579 sponte
988 503 1143 577 lapsi
1174 500 1445 559 sunt.Vel
1475 514 1610 555 cum
1642 499 1826 552 Deum
1850 512 2063 569 cogno-

2181 491 2377 562 λησαν.
2426 493 2497 546 "ﬂ
2549 488 2768 566 γνόντες
2816 489 2907 545 τὸν
2969 486 3392 552 Θεὸν.τουτέστι
3423 492 3637 563 γνῶναι
3674 486 3855 559 δυνη-

426 601 670 667 vissent,
718 596 832 651 hoc
877 599 986 659 est,
1042 606 1395 665 cognoscere
1451 589 1805 661 potuissent.
1842 591 1958 641 Aut
2005 601 2072 639 eo

425 687 585 761 quod
614 692 908 758 quantum
939 683 1014 739 ad
1045 686 1425 754 conspectam
1469 677 1833 733 creationem
1873 691 1942 730 ac
1970 673 2076 729 ad—

428 777 827 835 hortationem
887 777 1304 847 cognoverant,
1356 775 1415 825 et
1441 772 1681 840 peracta
1710 770 1837 821 erat
1867 781 2074 821 eorum

429 866 706 939 cognitio.
729 865 856 919 Sive
888 861 1045 934 quod
1077 861 1253 916 etiam
1277 860 1460 914 Deum
1478 860 2073 930 cognoverantquan-

427 963 555 1012 tum
578 953 921 1010 hominibus
978 951 1049 1006 de
1082 966 1150 1005 eo
1190 946 1586 1021 cognoscibile
1621 950 1730 1001 est.
1764 943 1914 1008 Quid
1937 959 2073 1015 ergo

432 1046 503 1101 de
536 1060 605 1099 eo
653 1039 1050 1115 cognoscibile
1100 1037 1238 1094 est?
1265 1036 1431 1102 Quod
1488 1035 1729 1090 Creator
1775 1035 1870 1095 sit,
1916 1030 2074 1102 quod

429 1132 810 1206 gubernator,
841 1128 1000 1200 quod
1029 1128 1242 1193 bonus,
1267 1123 1428 1197 quod
1459 1122 1765 1188 Dominus,
1796 1120 2074 1192 quodque

428 1237 565 1278 eum
597 1219 710 1276 coli
740 1222 1046 1291 oporteat:
1080 1230 1217 1271 cum
1248 1214 1376 1269 haec
1406 1210 1912 1284 cognovissent,et
1931 1209 2073 1264 bac-

429 1319 604 1369 tenus
624 1312 775 1368 bene
804 1309 1100 1384 progressi
1135 1312 1353 1372 essent,
1387 1305 1669 1376 deinceps
1700 1302 1886 1359 aversi
1911 1307 2071 1358 sunt.

422 1401 655 1457 Etenim
686 1416 822 1456 cum
852 1401 977 1455 hac
1007 1397 1079 1454 de
1110 1401 1227 1452 Deo
1260 1395 1541 1450 sublimia
1569 1390 2070 1458 considerassent,

425 1487 802 1560 postmodum
824 1486 897 1542 ad
928 1488 1113 1542 Deum
1143 1500 1263 1539 non
1305 1485 1704 1547 accesserunt,
1762 1496 1959 1551 neque
1989 1480 2074 1534 sic

423 1578 609 1633 Deum
642 1582 1035 1649 susceperunt
1062 1581 1164 1630 aut
1186 1574 1681 1647 glorificaverunt.
1715 1572 1862 1626 Cum
1913 1571 2073 1625 enim

422 1668 927 1738 oportuisseteum
948 1666 1280 1739 gloriﬁcare
1301 1664 1472 1734 eique
1484 1662 1702 1735 gratias
1715 1658 2073 1733 agere,quod

425 1772 584 1820 eum,
645 1773 821 1828 quem
869 1755 1272 1827 conspicimus
1302 1752 1615 1819 mundum,
1674 1755 1917 1823 propter
1963 1766 2073 1805 nos

427 1844 780 1915 condiderit,
814 1845 902 1900 illi
935 1862 965 1901 e
996 1844 1226 1899 diverso
1258 1844 1435 1898 etiam
1462 1839 1827 1896 contumelia
1855 1840 2071 1895 affece—

426 1939 587 1989 runt.
643 1933 868 1990 Idcirco
920 1933 1076 1997 vani,
1123 1932 1338 2004 inquit,
1388 1930 1525 1986 facti
1561 1936 1719 1998 sunt,
1753 1934 1812 1985 et
1865 1945 1900 1984 a
1947 1933 2068 1983 toto

431 2039 608 2095 scopo
641 2029 699 2077 et
718 2024 1024 2079 intellectu
1038 2022 1616 2077 exciderunt.Utrum
1644 2020 1806 2075 enim
1835 2018 2071 2074 facilius

431 2116 559 2167 erat
587 2112 840 2167 circulos
871 2111 1224 2167 etanimalia
1252 2110 1610 2166 constituere
1640 2108 1800 2165 idola
1820 2108 1882 2163 in
1899 2107 2067 2176 ccelo,

429 2216 505 2258 an
538 2217 891 2274 cognoscere
910 2200 1068 2271 quod
1084 2200 1263 2271 hujus
1289 2203 1621 2270 conspectas
1633 2202 1693 2254 et
1720 2202 2069 2269 supernatu~

425 2291 569 2347 ralis
599 2293 1060 2365 pulchritudinis
1089 2292 1385 2363 quispiam
1417 2290 1495 2346 sit
1521 2290 1806 2348 Conditor
1844 2295 1902 2345 et
1928 2307 2063 2362 pro-

423 2388 659 2438 curator
688 2399 754 2438 ac
782 2382 1141 2456 gubernator
1164 2381 1192 2436 ?
1222 2404 1250 2432 «
1275 2384 1340 2438 In
1380 2379 1837 2453 cogitationibus
1868 2380 2011 2435 suis.
2037 2405 2061 2427 οι

2180 581 2358 642 θέντες
2411 579 2563 654 ε’ἱπερ
2620 577 2920 650 ἠθέλησαν.
2977 581 3047 636 ’Ἢ
3108 580 3191 634 ὅτι
3250 578 3373 633 ὅσον
3422 579 3524 634 ἀπὸ
3552 585 3670 646 τῆς
3706 578 3858 653 ὁρω-

2182 668 2344 743 μένης
2404 669 2631 731 κτίσεως
2685 671 2774 724 καὶ
2845 666 3219 734 διδασκαλίας,
3253 664 3485 743 ἔγνωσαν
3520 670 3617 724 καὶ
3654 669 3857 744 ἀπήρ-

2174 780 2327 815 τιστο
2357 758 2531 815 αὐτῶν
2560 761 2595 828 ἡ
2626 763 2846 833 γνῶσις.
2904 759 2976 815 ’Ἠ
3037 758 3119 814 ὅτι
3162 758 3253 814 καὶ
3284 753 3519 833 ἔγνωσαν
3547 760 3650 814 τὸν
3683 760 3852 829 Θεὸν,

2176 850 2296 912 καθ’
2345 847 2471 904 ὅσον
2531 847 2673 903 ἐστὶν
2726 847 2892 904 αὐτοῦ
2942 852 3060 909 τοῖς
3115 847 3423 923 ἀνθρώποις
3462 848 3747 924 γνωστὸν.
3783 848 3852 903 Τί

2178 940 2272 996 οῦν
2305 940 2415 997 ἐστι
2445 942 2508 996 τὸ
2536 940 2776 1018 γνωστόν
2836 940 3041 1009 αὖτοῦ;
3096 945 3218 999 ’Ότι
3279 938 3715 1017 δημιουργικὸς,
3764 941 3852 996 ὅτι

2177 1031 2567 1106 προνοητικὸς,
2613 1030 2696 1085 ὅτι
2750 1031 2973 1107 ἀγαθὸς,
3035 1031 3120 1084 δτι
3173 1031 3465 1101 Δεσπότης,
3508 1031 3597 1085 καὶ
3635 1032 3732 1086 ὅτι
3763 1028 3857 1085 δεῖ

2179 1116 2426 1185 σέϐεσθαι
2485 1120 2664 1177 αὐτόν.
2723 1125 2898 1176 Ταῦτα
2960 1120 3196 1195 γνόντες,
3255 1120 3345 1176 καὶ
3405 1121 3574 1196 μέχρι
3636 1120 3851 1176 τούτου

2177 1211 2539 1287 προελθόντες
2607 1209 2812 1275 καλῶς,
2879 1209 3242 1286 ἐξετράπησαν
3301 1216 3399 1267 τοῦ
3465 1209 3699 1269 λοιποῦ.
3773 1213 3851 1267 Τὰ

2179 1300 2283 1378 γὰρ
2316 1298 2503 1375 ὑψηλὰ
2531 1305 2700 1355 ταῦτα
2740 1301 2863 1375 περὶ
2902 1304 3037 1355 Θεοῦ
3066 1301 3469 1378 φαντασθέντες,
3499 1298 3703 1380 ἐφεξῆς
3739 1300 3852 1377 οὐχ

2178 1390 2252 1452 ὡς
2281 1401 2558 1466 προσῆκον
2588 1394 2724 1461 Θεῷ,
2758 1388 2873 1444 οὐδ’
2916 1390 2992 1450 ὡς
3040 1389 3168 1444 Θεὸν
3218 1383 3490 1444 ὑπέλαϐον
3520 1388 3615 1443 καὶ
3649 1386 3847 1460 ἐδόξα-

2178 1500 2293 1535 σαν.
2323 1481 2462 1537 Ἀνθ’
2491 1481 2567 1535 ὧν
2595 1479 2697 1555 γὰρ
2729 1477 2834 1534 ἔδει
2875 1476 3095 1549 δοξάσαι
3144 1479 3233 1534 καὶ
3292 1477 3723 1554 εὖγαριστῆσαι,
3758 1481 3847 1536 ὅτι

2174 1569 2266 1625 τὸν
2298 1571 2572 1646 ὁρώμενον
2630 1570 2838 1641 κόσμον
2897 1565 2967 1622 δι’
3024 1570 3172 1639 ἡμᾶς
3232 1570 3617 1639 συνεστήσατο,
3651 1567 3719 1625 ἐκ
3744 1573 3843 1625 τοῦ

2176 1658 2419 1714 ἐναντίου
2476 1659 2564 1713 καὶ
2626 1659 2917 1731 ἠτίμασαν.
2991 1656 3432 1727 Ἐπλανῆθησαν,
3518 1658 3683 1734 φησὶ,
3747 1658 3839 1713 καὶ

2176 1751 2273 1804 τοῦ
2330 1747 2531 1808 παντὸς
2591 1747 2857 1818 ἐξέπεσον.
2918 1752 3079 1802 Ποῖον
3139 1744 3241 1822 γὰρ
3298 1746 3365 1816 ἧν
3426 1746 3833 1822 εὐκολώτερον,

2174 1835 2413 1898 κύκλους
2459 1836 2549 1890 καὶ
2599 1833 2767 1906 ζώδια
2818 1833 3245 1906 είδωλοποιῆσαι
3304 1835 3357 1891 ἐν
3416 1836 3665 1911 οὐρανῷ,
3698 1838 3735 1907 ἢ
3770 1837 3829 1891 τὸ

2176 1930 2379 2003 γνῶναι
2430 1924 2513 1981 ὅτι
2571 1919 2683 1981 ἔστι
2734 1925 2936 1997 ταύτης
3001 1932 3102 1994 τῆς
3154 1924 3442 2000 ὁρωμένης
3500 1926 3593 1980 καὶ
3668 1927 3819 2000 ὑπερ-

2181 2021 2348 2093 φυοῦς
2376 2013 2651 2081 καλλονῆς
2697 2016 3047 2093 Δημιουργὸς
3092 2015 3183 2071 καὶ
3227 2013 3487 2090 κηδεμὼν
3530 2018 3624 2072 καὶ
3656 2013 3829 2087 πηδα-

2179 2107 2451 2184 λιοῦχοςς
2517 2109 2663 2165 «Ἐν
2718 2114 2834 2169 τοῖς
2892 2104 3281 2185 διαλογισμοῖς
3339 2107 3537 2167 αὐτῶν,
3570 2132 3598 2161 ››
3651 2108 3832 2164 Είπὼν

2177 2199 2261 2255 ’ὁτι
2324 2199 2533 2260 ἑκόντες
2603 2198 3015 2277 ἐτυφλώθησαν,
3076 2197 3227 2277 λέγει
3309 2200 3400 2254 καὶ
3467 2201 3567 2268 τήν
3628 2198 3834 2258 αἶ’τίαν.

2173 2290 2238 2345 Ἠ
2289 2287 2346 2345 δέ
2396 2289 2507 2346 ἐστι
2561 2291 2625 2345 τὸ
2683 2291 2856 2344 πάντα
2913 2287 3204 2365 λογισμοῖς
3258 2290 3537 2366 ἐπιτρέψαι
3566 2291 3660 2346 καὶ
3694 2291 3834 2371 οὐχὶ

2170 2379 2368 2436 πίστει.

420 2469 567 2526 Cum
598 2471 845 2527 dixisset
873 2471 1032 2543 quod
1062 2471 1194 2526 vani
1254 2487 1357 2526 seu
1388 2471 1527 2526 caeci
1575 2468 1714 2525 facti
1746 2474 1907 2537 sunt,
1964 2469 2109 2525 dicit
2155 2470 2333 2527 etiam
2364 2487 2604 2528 causam
2630 2488 2644 2526 :
2676 2471 2803 2528 haec
2858 2477 3057 2528 autem
3116 2476 3225 2541 est,
3258 2472 3419 2544 quod
3441 2473 3634 2531 omnia
3653 2472 3827 2546 cogi-

420 2560 745 2617 tationibus
775 2577 881 2617 seu
911 2561 1242 2617 rationibus
1270 2560 1704 2633 permitterent,
1745 2563 1805 2614 et
1822 2575 1945 2613 non
1975 2558 2135 2615 ﬁdei.

491 2705 643 2762 215
676 2705 960 2761 Volentes
991 2704 1148 2760 enim
1174 2703 1383 2759 formis
1405 2719 1540 2760 eum
1555 2703 1656 2775 qui
1676 2702 1867 2758 forma
1886 2708 2067 2771 caret,

420 2797 479 2848 et
507 2793 812 2865 corporeis
842 2793 1202 2865 imaginibus
1226 2793 1645 2864 incorporeum
1677 2792 2067 2863 comprehen-

421 2881 584 2950 dere,
614 2882 749 2937 falsi
781 2887 1067 2949 sunt,non
1094 2886 1365 2954 potentes
1393 2880 1864 2937 ratiocinationis
1887 2881 2067 2937 finem

420 2970 709 3043 attingere
737 2988 749 3026 :
778 2976 1002 3042 utpote,
1038 2972 1201 3028 Unde
1234 2971 1614 3026 manifestum
1645 2976 1736 3026 est
1764 2970 1921 3042 quod
1952 2988 2067 3027 coeo

420 3059 547 3116 lum
576 3060 668 3117 vel
699 3065 918 3117 terram
961 3060 1210 3118 fecerit?
1239 3060 1379 3126 Quis
1413 3065 1502 3115 est
1546 3065 1716 3132 pater
1736 3060 1881 3117 Dei?
1901 3060 2067 3127 Quod

420 3155 512 3205 est
540 3151 899 3223 principium
914 3151 1280 3206 constituens
1292 3166 1608 3223 personam
1628 3150 1655 3205 ?
1674 3156 1778 3206 aut
1805 3150 1957 3216 Quid
1979 3155 2069 3207 est

422 3237 553 3310 ipsa
582 3238 885 3311 persona?
908 3262 935 3291 «
962 3242 1032 3295 Et
1061 3239 1513 3295 obtenebratum
1558 3245 1667 3295 est.
1696 3262 1717 3288 ι
1745 3240 2063 3312 Cogitatio-

415 3342 525 3382 nes
546 3328 606 3382 in
625 3327 870 3384 modum
899 3328 1151 3384 nubium
1183 3329 1650 3384 obtenebrarunt
1677 3328 2057 3386 corillorum.

2250 2700 2598 2776 Βουλόμενοι
2654 2704 2756 2780 γὰρ
2812 2702 2865 2758 ἐν
2934 2707 3187 2785 σχήματι
3241 2704 3333 2760 τὸν
3386 2704 3830 2781 ἀσχημάτιστον,

2177 2789 2265 2845 καἲ
2333 2790 2384 2846 ἐν
2446 2792 2619 2848 εἰκόσι
2674 2800 3010 2867 σωματικαῖς
3084 2796 3176 2850 τὸν
3238 2794 3526 2868 ἀσώματον
3588 2797 3830 2853 καταλα-

2179 2875 2316 2951 ϐεῖν,
2376 2880 2779 2953 ἐπλανήθησαν,
2836 2884 2898 2938 οὐ
2978 2881 3314 2955 δυνηθέντων
3374 2885 3484 2939 τῶν
3548 2883 3820 2962 λογισμῶν

2176 2969 2315 3044 πρὸς
2342 2970 2404 3026 τὸ
2434 2970 2599 3047 πέρας
2649 2971 2932 3042 ἐξικέσθαι.
2994 2975 3143 3043 Οἴον,
3196 2975 3354 3030 πόθεν
3385 2971 3579 3041 δῆλον,
3615 2977 3698 3032 ὅτι
3726 2975 3821 3031 οὗ·

2178 3060 2333 3132 ρανὸν
2363 3060 2399 3129 ἢ
2428 3067 2530 3134 γῆν
2560 3058 2818 3131 incincta;
2875 3063 2973 3125 Τίς
3033 3059 3090 3118 δὲ
3142 3063 3324 3138 πατὴρ
3370 3067 3549 3132 Θεοῦ;
3608 3064 3645 3134 ἢ
3676 3065 3761 3127 τίς
3790 3067 3825 3134 ἠ

2176 3146 2323 3203 αῗτία
2359 3155 2460 3217 τῆς
2519 3149 2908 3219 omo-coisse)“
2964 3148 3001 3221 ἤ
3059 3150 3196 3221 αὗτὴ
3254 3153 3288 3221 ἡ
3348 3151 3685 3223 ὑπόστασιςς
3721 3156 3827 3213 Νέ-

2175 3256 2295 3290 ωεσι
2353 3237 2457 3311 γὰρ
2509 3238 2869 3309 ὁμοιωθέντες
2925 3239 2978 3293 οἱ
3049 3237 3332 3313 λογισμοὶ,
3390 3238 3667 3297 ἐσκότισαν
3730 3241 3824 3297 αὖ·

2170 3329 2279 3379 τῶν
2326 3326 2425 3394 τὴν
2477 3325 2688 3384 καδίαν.
2741 3349 2773 3383 ιι
2799 3327 3083 3384 Ἀσύνετον
3117 3352 3145 3380 ››
3204 3326 3281 3397 δὲ,
3331 3328 3487 3406 φησὶ,
3521 3327 3611 3385 διὰ
3641 3332 3708 3388 τὸ
3740 3332 3820 3404 μή

414 3415 596 3473 Addit
649 3422 848 3471 autem
871 3439 896 3466 ‹‹
936 3418 1283 3487 lnsipiens.»
1317 3434 1384 3472 eo
1430 3418 1589 3489 quod
1644 3418 1906 3473 uoluerit
1937 3432 2058 3471 rem

2177 3411 2400 3483 θελῆσαι
2449 3416 2622 3471 πίστει
2678 3416 2740 3471 τὸ
2797 3421 2899 3471 πᾶν
2949 3412 3304 3492 παραλαϐεῖν.
3343 3442 3369 3470 ιι
3402 3420 3710 3483 Φάσκοντες
3739 3422 3819 3477 εἶ-

2438 3504 2450 3520 ,
2567 3506 2628 3520 ...
2683 3503 2723 3520 ι..
2821 3506 2834 3520 .
2880 3505 2891 3520 .
3041 3510 3064 3520 ..
3153 3507 3166 3520 .
3271 3513 3294 3520 _
3438 3513 3461 3520 _
3517 3506 3535 3520 .
3766 3515 3791 3520 μ

418 3520 658 3561 omnem
692 3504 807 3559 fide
837 3505 1303 3577 apprehendere.
1345 3525 1365 3553 α
1400 3507 1681 3561 Putantes
1712 3524 1774 3562 se
1807 3523 1938 3562 esse
1969 3523 2065 3561 sa-

416 3595 671 3666 pientes.
704 3615 730 3642 »
765 3598 949 3648 Causa
979 3610 1112 3649 vero
1145 3594 1302 3665 quod
1326 3612 1451 3650 rem
1474 3611 1712 3651 omnem
1742 3595 2064 3651 ratiocina-

418 3687 569 3742 tioni
627 3686 1031 3759 permiserunt
1081 3693 1227 3753 erat,
1278 3688 1434 3759 quod
1483 3694 1762 3759 putarent
1818 3706 1881 3745 se
1935 3705 2065 3745 esse

420 3775 980 3848 sapientes,sibique
993 3775 1267 3833 sufﬁcere
1281 3777 1354 3833 ad
1385 3777 1642 3833 universi
1675 3779 2063 3850 comprehen-

421 3864 825 3922 sionedeeo
859 3865 1037 3922 etiam
1062 3867 1227 3922 stulti
1245 3867 1383 3923 facti
1415 3873 1572 3924 sunt.
1596 3869 1747 3934 Quid
1777 3868 1938 3925 enim
1969 3869 2066 3925 de-

419 3956 681 4012 mentius
710 3961 801 4012 est
830 3972 1009 4028 quam
1039 3972 1237 4013 coram
1257 3957 1433 4031 lignis
1462 3974 1531 4014 ac
1551 3958 1849 4030 lapidibus
1870 3960 2063 4031 proci-

420 4043 558 4100 dere
584 4044 606 4098 ?

487 4180 531 4248 Ι,
564 4181 652 4235 23.
697 4180 765 4237 Et
810 4187 1161 4237 mutaverunt
1191 4181 1429 4252 gloriam
1478 4181 1914 4255 incorruptibilis
1963 4185 2063 4240 Dei

413 4269 473 4325 in
502 4270 921 4325 similitudinem
978 4270 1237 4342 imaginis
1294 4272 1668 4341 corruptibilis
1711 4272 1967 4341 hominis,
2009 4279 2061 4328 et

410 4360 692 4414 volucrum
724 4360 1253 4431 quadrupedumque
1282 4376 1345 4415 ac
1382 4363 1735 4431 serpentium.

481 4448 783 4505 Habebant
810 4466 946 4522 ergo
968 4450 1069 4504 Dei
1102 4448 1607 4516 notitiam,verum
1629 4450 1783 4505 hanc
1806 4455 2062 4507 transtu-

407 4537 608 4592 lerunt
638 4539 700 4593 in
730 4538 980 4611 gloriam
1037 4538 1382 4610 cultumque
1432 4538 1748 4596 idolorum.
1802 4540 2057 4596 Gloriam

414 4632 610 4680 autem
635 4627 732 4681 Dei
757 4628 920 4694 dicit,
945 4645 1073 4683 esse
1095 4628 1434 4683 Creatorem
1461 4645 1527 4683 ac
1558 4628 2013 4701 gubernatorem
2040 4645 2053 4684 :

413 4713 568 4768 hanc
607 4729 742 4786 ergo
791 4715 967 4771 idolis
1006 4716 1453 4788 adscripserunt
1508 4717 1567 4772 in
1600 4717 2056 4775 similitudinem

2172 3523 2257 3557 ναι
2292 3504 2471 3584 σοφοί.
2510 3530 2530 3553 ι
2567 3506 2628 3561 Ἡ
2679 3503 2736 3561 δὲ
2783 3505 2926 3561 αἰτία
2971 3510 3068 3562 τοῦ
3112 3507 3177 3561 τὸ
3222 3513 3326 3563 πᾶν
3373 3513 3484 3568 τοῖς
3517 3506 3819 3585 λογισμοῖς

2174 3591 2481 3667 ἐπιτρέψαι,
2528 3593 2591 3649 τὸ
2650 3592 2857 3658 οἳεσθαι
2913 3596 3114 3674 σοφοὺς
3169 3596 3305 3652 εἶναι
3352 3597 3440 3652 καὶ
3483 3597 3694 3660 ἑαυταῖς
3724 3601 3824 3674 ἀρ-

2172 3687 2285 3736 κεῖν
2322 3683 2458 3757 πρὸς
2488 3690 2661 3739 πᾶσαν
2718 3683 3047 3759 κατάληψιν·
3108 3687 3203 3741 Διὸ
3259 3687 3348 3743 καὶ
3405 3685 3824 3762 ἐμωράνθησαν.

2172 3768 2236 3827 Τί
2298 3771 2402 3846 γὰρ
2460 3772 2840 3849 ἀνοητότερον,
2898 3779 2996 3830 τοῦ
3048 3773 3225 3839 λίθοις
3282 3776 3373 3832 καὶ
3432 3776 3615 3847 ξύλοις
3655 3798 3826 3855 προσ-

2170 3878 2350 3914 κυνειν
2376 3879 2391 3931 ;

2168 4173 2267 4229 Καὶ
2368 4172 2614 4247 ἤλλαξαν
2709 4179 2807 4247 τήν
2904 4174 3059 4249 δόξαν
3136 4183 3234 4234 τοῦ
3309 4180 3585 4259 ἀφθάρτου
3688 4187 3824 4238 Θεοῦ

2240 4262 2293 4319 ἐν
2325 4264 2645 4338 ὁμοιώματι
2696 4265 2905 4328 εἰκόνος
2966 4273 3206 4343 φθαρτοῦ
3260 4268 3574 4345 ἀνθρώπου,
3605 4272 3693 4327 καὶ
3726 4293 3825 4328 πε·

2235 4357 2426 4408 τεινῶν
2458 4355 2547 4408 καὶ
2577 4353 2926 4431 τετραπόδων
2959 4357 3048 4411 καὶ
3080 4357 3341 4432 ἑρπετῶν.

2235 4443 2410 4519 Εἶχον
2445 4442 2536 4499 οῦν
2567 4447 2666 4513 τήν
2697 4443 2901 4517 εἜησιν
2949 4450 3047 4502 τοῦ
3095 4452 3252 4513 Θεοῦ,
3292 4446 3440 4505 ἀλλὰ
3468 4449 3669 4523 ταύτην
3701 4450 3828 4507 δόν-

2163 4554 2271 4604 τες,
2321 4530 2615 4593 ἀντέλαϐον
2673 4534 2826 4608 δόξαν
2886 4537 2977 4593 καί
3030 4533 3191 4603 σέϐας
3246 4537 3512 4598 εἰδώλων.
3549 4543 3712 4615 Δόξαν
3760 4542 3825 4602 δὲ

2164 4627 2319 4692 Θεοῦ,
2348 4625 2410 4679 τὸ
2444 4622 2863 4703 δημιουργικὸν,
2916 4628 2978 4682 τὸ
3036 4630 3426 4703 προνοητικόν.
3458 4631 3674 4702 Ταύτην
3703 4655 3819 4688 τοι-

2162 4718 2358 4788 γαροῦν
2390 4715 2809 4791 προσεκῦρωσαν
2843 4713 3117 4786 εἰδώλοις,
3152 4717 3205 4772 ὲν
3252 4719 3570 4791 ὁμοιώματι
3602 4723 3816 4797 ἀνθρώ-

416 4802 746 4869 hominum,
783 4810 840 4859 et
868 4805 1172 4861 volucrum
1206 4824 1272 4863 ac
1313 4813 1682 4863 cmterorum.
1716 4809 1916 4881 Neque
1947 4810 2056 4865 hos

2177 4823 2276 4857 των
2337 4805 2424 4860 καὶ
2474 4811 2732 4863 πετεινῶν
2788 4807 2877 4863 καὶ
2933 4812 3039 4862 τῶν
3072 4807 3305 4864 λοιπῶν.
3364 4809 3460 4864 Καὶ
3492 4809 3592 4866 οὒκ
3616 4812 3815 4888 αἰσχύ-

414 4890 600 4964 pudet
625 4892 724 4964 qui
783 4910 845 4948 se
904 4895 1203 4967 sapientes
1252 4896 1712 4967 arbitrabantur,
1746 4915 1877 4971 quas
1936 4899 2054 4955 Deo

413 4984 653 5056 propria
683 4989 824 5038 sunt
865 5000 932 5039 ac
980 4987 1281 5058 praecipua
1327 4988 1701 5061 serpentibus
1751 4987 2055 5060 adaptare.

411 5096 438 5125 «
470 5073 885 5147 Corruptibilis
918 5074 1200 5131 hominis.
1235 5098 1263 5126 »
1294 5077 1412 5133 Hoc
1468 5077 1662 5150 ipsum
1696 5079 1848 5150 quod
1874 5080 2051 5137 homo

403 5163 808 5237 corruptibilis
839 5168 1016 5227 esset,
1050 5165 1192 5220 satis
1226 5169 1352 5221 erat
1379 5165 1454 5221 ad
1484 5167 1946 5225 convincendam
1967 5170 2051 5226 in-

399 5254 647 5310 saniam.
685 5254 866 5309 Porro
892 5252 1274 5309 similitudini
1305 5255 1392 5309 rei
1424 5256 1831 5329 corruptibilis
1862 5261 2042 5316 ascri-

390 5339 527 5396 bere
559 5343 661 5398 Dei
692 5343 943 5416 gloriam
973 5342 1343 5400 incredibilis
1379 5349 1469 5400 est
1499 5344 1834 5403 dementiw.

454 5474 499 5539 Ι,
527 5477 719 5544 24,25.
742 5479 949 5536 Idcirco
981 5479 1219 5535 tradidit
1247 5494 1341 5535 eos
1372 5479 1509 5535 Deus
1537 5481 1596 5536 in
1626 5482 1899 5538 desideria
1919 5498 2038 5538 cor-

385 5563 538 5619 dium
568 5579 796 5622 suorum
809 5568 883 5624 ad
911 5569 1186 5625 immundi
1191 5567 1413 5635 tiam,ut
1428 5569 1739 5640 ignominia
1754 5574 2035 5641 afﬁcerent

388 5670 624 5728 corpora
658 5671 798 5712 sua:
841 5659 939 5729 qui
967 5664 1438 5715 commutaverunt
1488 5663 1768 5718 veritatem
1819 5663 1916 5719 Dei
1970 5662 2031 5717 in

2165 4913 2345 4950 νονται
2379 4897 2431 4951 οἱ
2461 4897 2619 4974 σοφοὶ
2647 4896 2715 4952 τὰ
2762 4901 2859 4951 τοῦ
2917 4900 3049 4952 Θεοῦ
3101 4893 3219 4952 ’ἰὸια
3269 4898 3358 4953 καὶ
3388 4897 3628 4975 ἐξαίρετα
3659 4901 3815 4975 ἕρπει

2161 4988 2281 5046 τοῖς
2311 4987 2703 5062 προσάψαντες,
2766 5007 2787 5037 ι
2821 4990 3073 5062 Φθαρτοῦ
3133 4986 3441 5061 ἀνθρώπου,
3478 5013 3506 5040 κ
3539 4991 3643 5048 Καὶ
3672 4992 3809 5049 αὐτὸ

2161 5078 2223 5132 τὸ
2263 5077 2395 5132 εἶναι
2427 5078 2518 5132 τὸν
2546 5076 2829 5153 ἄνθρωπον
2883 5076 3139 5154 φθαρτὸν,
3183 5074 3339 5152 ἤρκει
3389 5079 3565 5135 αὐτῶν
3591 5080 3806 5161 ἐλέγξαι

2157 5167 2255 5235 τήν
2294 5166 2497 5221 ἄνοιαν.
2557 5166 2633 5222 Τὸ
2690 5163 2748 5223 δὲ
2802 5165 2856 5221 ἐν
2911 5172 3031 5227 τοῖς
3091 5167 3406 5242 ὁμοιώμασι
3436 5174 3532 5225 τοῦ
3563 5172 3804 5248 φθαρτοῦ

2154 5259 2535 5331 προσκυρῶσαι
2599 5256 2699 5326 τήν
2757 5259 2854 5310 τοῦ
2914 5259 3046 5312 Θεοῦ
3117 5252 3292 5327 δόξαν,
3348 5264 3449 5328 τῆς
3506 5257 3635 5335 ἄγαν
3689 5261 3801 5318 ἐστὶ

2150 5341 2532 5417 παραπληξίας
2546 5386 2559 5404 .

2218 5479 2311 5535 Διὸ
2362 5479 2453 5536 καὶ
2505 5477 2814 5558 παρέδωκεν
2872 5480 3066 5543 αὐτοὺς
3129 5482 3158 5536 ὁ
3212 5481 3342 5544 Θεὸς
3393 5481 3445 5539 ἐν
3503 5490 3621 5549 ταῖς
3679 5486 3794 5543 ἔπι.

2144 5570 2367 5643 θυμίαις
2423 5575 2529 5627 τῶν
2606 5568 2842 5647 καρδιῶν
2915 5571 3091 5627 αὐτῶν
3146 5570 3224 5635 εἷς
3290 5571 3637 5649 ἀκαθαρσίαν,
3695 5583 3793 5636 τοῦ

2138 5659 2490 5737 ἀτιμάζεσθαι
2544 5662 2611 5719 τὰ
2667 5662 2894 5737 σώματα
2949 5661 3124 5720 αὐτῶν
3192 5661 3245 5720 ἐν
3299 5663 3536 5730 ἑαυτοῖςο
3592 5664 3789 5737 οἵτινες
