4112 6250
305 339 434 404 845

325 474 680 553 μετήλλαξαν
742 476 856 548 τὴν
922 472 1192 546 ἀλήθειαν
1245 479 1342 532 τοῦ

345 566 446 637 δτι,
473 567 566 622 καὶ
596 562 988 638 ἐσεϐάσθησαν
1018 568 1108 622 καὶ
1165 565 1485 642 ἐλάτρευσαν
1515 569 1583 639 τῇ
1637 565 1808 619 κτίσει
1866 564 2011 639 παρᾶ

347 661 438 717 τὸν
467 658 757 728 Κτίσαντα,
811 655 879 718 ὅς
941 655 1084 712 ἐστιν
1132 654 1430 734 εὐλογητὸς
1470 655 1547 718 εἰς
1604 653 1730 716 τοὺς
1786 653 2006 714 αἰῶνας.

351 752 364 773 ’
375 751 532 823 Apici
546 791 559 804 .

446 865 466 890 ι
510 840 592 894 Διὸ
630 838 715 892 καὶ
779 835 1128 910 παρέδωκεν.
1215 860 1244 888 ››
1284 835 1397 893 Οὐκ
1481 835 1644 897 αὐτὸς
1703 831 2008 905 παραδοὺς,

371 929 557 1004 ἄπαγε,
586 926 702 982 ἀλλ’
740 926 912 988 αὐτὸς
948 929 1045 1000 μὲν
1079 925 1250 981 αὐτῶν
1288 925 1592 1000 ἠμέλησεν,
1648 925 1723 986 ὡς
1777 923 2009 995 ἀναξιων

370 1016 538 1074 ὄντων
569 1015 922 1090 κηδεμονίας.
958 1017 1162 1072 Λοιπὸν
1196 1013 1254 1070 δὲ
1284 1011 1468 1071 λαϐὼν
1501 1015 1699 1076 αὐτοὺς
1754 1015 1782 1068 6
1839 1021 2009 1069 Σατα-

356 1112 479 1176 νᾶς,
519 1104 824 1181 παρέδωκεν
889 1105 967 1168 εἷς
1023 1107 1057 1160 ἃ
1106 1102 1432 1181 παρέδωκεν.
1489 1108 1600 1175 Τὴν
1658 1104 2010 1180 συγχώρησιν

352 1199 453 1256 οὗν
482 1203 581 1254 τοῦ
610 1202 748 1253 Θεοῦ
778 1194 1081 1273 παράδοσιν
1105 1195 1270 1272 λέγει.
1301 1231 1372 1240 -
1401 1197 1610 1271 [ΦΩΤ.]
1646 1197 1723 1252 Τὸ
1761 1193 1838 1264 δὲ,
1871 1215 2010 1270 παρ-

346 1289 552 1347 έδωκεν
579 1289 772 1351 αὐτοὺς
805 1289 834 1343 6
865 1288 1021 1357 Θεὸς,
1051 1286 1326 1343 τουτέστιν
1356 1291 1392 1358 ἡ
1455 1287 1530 1348 είς
1571 1287 1702 1342 Θεὸν
1741 1285 1854 1357 πλη
1868 1288 2012 1359 μμὲ-

344 1379 475 1436 λεια
503 1381 598 1434 καὶ
618 1378 896 1452 παροινία,
927 1381 964 1447 ἡ
997 1377 1168 1433 οἰκεία
1193 1377 1370 1433 αὐτῶν
1426 1379 1637 1452 πρᾶξις,
1683 1380 1718 1446 ἡ
1764 1376 2009 1437 ὲκούσιος

343 1472 641 1544 πώρωσις,
667 1467 808 1536 αὐτὴ
839 1465 1149 1542 παρέδωκεν
1176 1466 1373 1528 αὐτοὺς
1406 1466 1481 1527 είς
1533 1467 1603 1522 τὰ
1659 1472 1760 1534 τῆς
1788 1464 2007 1537 ἀτιμίας

341 1561 522 1629 πάθη.
560 1559 668 1616 Καὶ
713 1555 802 1612 ἐπὶ
856 1560 953 1610 τοῦ
1011 1555 1252 1611 ἐναντίου
1306 1558 1409 1633 γὰρ
1478 1554 1746 1628 εἷ’ώθαμεν
1809 1553 2006 1630 λέγειν,

340 1651 428 1705 δτι
459 1647 754 1703 ἀπώλεσεν
787 1647 950 1702 αὐτὸν
983 1646 1044 1700 τὸ
1093 1645 1372 1721 ἀργύριον.
1431 1645 1628 1701 Καίτοι
1678 1644 1740 1700 οὐ
1789 1644 1850 1699 τὸ
1908 1643 2008 1719 ἀρ-

339 1743 538 1815 γύριον
575 1735 907 1803 ἀπόλλυσιν,
937 1735 1067 1792 ἀλλ’
1095 1739 1128 1790 ’λ
1164 1735 1374 1800 ἄσωτος
1403 1735 1567 1791 αὑτοῦ
1597 1737 1686 1790 καὶ
1739 1733 1826 1790 ἐπὶ
1857 1741 2008 1807 κακῷ

1428 340 1834 404 COMMENT.
1882 342 1958 403 IN
2005 343 2254 405 EPIST.
2307 343 2410 404 AD
2457 343 2646 406 ΡιΟΜ.

1434 479 1566 532 Θεοῦ
1613 472 1667 530 ἐν
1725 478 1804 548 τῷ
1882 473 2007 549 ψεύ-

2123 477 2428 545 mendacio,
2461 483 2512 533 et
2549 479 2836 535 coluerunt
2864 483 2917 534 et
2944 480 3249 535 servierunt
3274 485 3548 536 creatura?
3572 481 3766 551 potius

3647 347 3768 406 346

2121 585 2287 639 quam
2318 568 2583 637 Creatori,
2617 571 2714 640 qui
2742 577 2819 626 est
2851 570 3165 625 benedictus
3208 571 3266 624 in
3291 568 3507 625 saecula.
3570 571 3757 625 Amen.

2189 868 2214 894 ‹‹
2249 844 2472 901 Idcirco
2508 846 2768 900 tradidit.
2809 868 2835 894 »
2859 848 2984 901 Non
3017 847 3143 918 ipse
3177 846 3442 912 tradidit,
3463 847 3636 909 absit.
3661 847 3766 902 sed

2117 934 2242 1006 ipse
2271 935 2513 1005 quidem
2574 951 2674 990 eos
2730 935 2991 1008 neglexit
3023 941 3304 1007 tanquam
3340 953 3444 991 sua
3475 938 3764 1005 guberna-

2116 1024 2279 1078 tione
2309 1023 2606 1097 indignos.
2647 1024 2868 1079 Deinde
2901 1043 3033 1080 vero
3064 1026 3308 1081 Satanas
3330 1033 3602 1098 acceptos
3633 1027 3768 1082 illos

2118 1112 2361 1168 tradidit
2391 1114 2450 1168 in
2481 1131 2550 1168 ea
2574 1115 2633 1168 in
2669 1132 2798 1186 quae
2833 1115 3030 1170 traditi
3064 1122 3221 1170 sunt.
3255 1117 3456 1185 Itaque
3500 1117 3600 1170 Dei
3634 1133 3766 1188 per-

2117 1205 2464 1261 missionem
2497 1212 2663 1260 vocat
2684 1205 3086 1260 traditionem.
3125 1207 3278 1261 ‘2I6
3323 1206 3586 1261 Tradidit
3629 1207 3764 1262 illos

2119 1296 2292 1361 Deus,
2317 1295 2427 1348 hoc
2469 1299 2558 1349 est
2586 1294 2867 1350 delictum
2900 1312 2966 1349 ac
3001 1295 3381 1350 debacchatio
3432 1297 3493 1348 in
3552 1297 3760 1362 Deum,

2117 1385 2476 1456 propriaque
2507 1384 2745 1438 illorum
2779 1386 3062 1456 operatio,
3096 1391 3197 1438 aut
3225 1385 3498 1440 ultronea
3527 1386 3762 1440 caecitas

2117 1473 2220 1528 illa
2253 1473 2495 1528 tradidit
2524 1490 2624 1528 eos
2655 1475 2714 1528 in
2747 1476 2991 1529 allectus
3044 1474 3404 1546 ignominia).
3440 1475 3670 1528 Etenim
3702 1475 3763 1528 in

2117 1563 2479 1619 contrarium
2512 1563 2706 1618 dicere
2731 1564 3028 1618 solemus:
3061 1563 3324 1618 Perdidit
3354 1563 3522 1618 illum
3554 1580 3769 1632 argen-

2117 1658 2263 1707 tum.
2295 1653 2470 1723 Atqui
2492 1657 2802 1726 argentum
2833 1670 2950 1708 non
2987 1653 3308 1723 perdit,sed
3339 1654 3466 1724 ejus
3488 1653 3768 1724 prodigus

2116 1741 2430 1812 malusque
2461 1759 2624 1797 usus.
2661 1742 2805 1796 Item
2841 1759 2853 1796 :
2903 1742 3176 1813 Corrupit
3221 1759 3354 1796 cum
3388 1742 3760 1796 adulantium

339 1837 577 1907 χρῆσις.
614 1828 745 1897 Καὶ,
775 1826 1080 1902 Διέφθειρεν
1111 1826 1268 1882 αύτὸν
1322 1829 1428 1881 τῶν
1459 1824 1710 1880 κολάκων
1743 1825 1808 1880 τὸ
1866 1823 2008 1893 πλῆ-

2122 1831 2454 1888 multitudo.
2517 1832 2694 1902 Atqui
2745 1849 2864 1886 non
2923 1831 3009 1885 illi
3065 1837 3472 1904 corrumpunt,
3525 1832 3628 1886 sed
3679 1832 3764 1886 eis

342 1933 455 1984 θος.
492 1918 692 1975 Καίτοι
723 1917 825 1972 οὐκ
853 1917 1046 1972 ἐκεῖνοι
1091 1913 1513 1994 διαφθείρουσιν,
1559 1913 1704 1969 ἀλλὰ
1757 1915 1818 1968 τὸ
1849 1934 2012 1986 προσ.

343 2008 492 2089 ἐχειν
524 2009 621 2062 καὶ
664 2006 945 2061 πείθεσθαι
1003 2005 1242 2073 τούτοις,
1301 2005 1434 2080 ὅπερ
1488 2003 1627 2059 ἐστὶν
1682 2002 1734 2058 ἐν
1761 2007 1829 2068 τῇ
1869 2004 2012 2077 γνώ-

355 2121 424 2173 μῃ
454 2102 527 2171 τῇ
563 2095 703 2169 ἐμῇ,
775 2097 838 2152 τὸ
895 2094 1165 2150 πείθεσθαι
1223 2093 1260 2163 ἤ
1319 2097 1417 2167 μή.
1478 2095 1548 2151 Ἤ
1611 2095 1756 2168 τάχα
1785 2092 2010 2154 ἑαυτοὺς

361 2185 703 2261 παρέδωκαν,
753 2183 943 2255 ἔπειὸή
985 2189 1147 2240 τοῦτο
1201 2183 1522 2259 ἐπεθύμουν.
1584 2185 1670 2240 Ἐν
1732 2185 1835 2258 γὰρ
1891 2189 2010 2244 ταῖς

371 2277 670 2348 innuptam
731 2280 843 2329 τῶν
903 2272 1140 2347 καρδιῶν
1197 2274 1395 2339 αὐτῶν,
1456 2273 1638 2350 φησίν.
1706 2296 1730 2323 α
1796 2269 2012 2333 Ο’ίτινες

376 2365 734 2437 μετήλλαξαν.
765 2388 793 2414 ι)
827 2397 893 2406 --
926 2364 1463 2438 [ΟΙΚΟΥΜΕΝΙΟΥ.]
1494 2363 1652 2437 Ὁρᾷς
1702 2359 1866 2417 πάλιν
1924 2362 2010 2426 τὸ,

367 2454 748 2524 Μετήλλαξαν,
779 2458 1047 2525 σημαῖνον
1089 2452 1172 2507 ὅτι
1212 2452 1328 2506 κατ’
1384 2450 1592 2523 εἶ’ὄησιν
1645 2448 2010 2523 μετήλλαξαν.

363 2571 387 2596 α
419 2544 714 2615 Ἀλήθειαν
741 2548 842 2599 τοῦ
876 2547 1010 2598 Θεοῦ
1058 2541 1110 2598 ἐν
1169 2547 1250 2614 τῷ
1302 2539 1507 2616 ψεύδει.
1541 2564 1568 2593 ››
1611 2539 1892 2607 Τουτὲστι,
1946 2541 2012 2594 τὰ

362 2635 580 2704 ἀληθῶς
650 2633 744 2690 ἐπὶ
806 2637 940 2689 Θεοῦ
989 2631 1241 2710 λέγεσθαι
1297 2631 1386 2686 καὶ
1443 2633 1678 2686 νοεῖσθαι
1744 2627 2013 2702 δυνάμενα

358 2724 684 2800 περιέθηκαν
719 2723 802 2794 τῷ
861 2719 1066 2796 ψεύδει.
1125 2721 1406 2791 Τουτέστι,
1464 2725 1580 2781 τοῖς
1637 2717 1913 2781 εἶ’δώλοις.
1947 2752 2014 2762 -

349 2813 862 2889 [ΘΕΟΔΩΡΙΤΟΥ.]
893 2814 967 2868 ’Ἠ
995 2809 1252 2882 ἀλήθειαν
1314 2814 1448 2866 Θεοῦ
1496 2808 1677 2882 καλεῖ,
1737 2809 1822 2879 τὸ,
1856 2809 2010 2878 Θεὸς,

347 2904 548 2975 ὄνομα.
584 2899 809 2962 Ψεῦδος
840 2898 920 2967 δὲ,
946 2901 1008 2956 τὸ
1041 2898 1434 2975 χειροποίητον
1468 2897 1716 2958 εἴδωλον,
1753 2900 1878 2953 Δέον
1928 2897 2017 2954 αύ-

347 2993 476 3054 τοὸς
505 2993 607 3047 τὸν
642 2989 831 3062 ἀληθῆ
863 2996 1232 3064 προσκυνῆσαι
1262 2989 1413 3053 Θεὸν,
1444 2992 1514 3061 τῇ
1553 2988 1722 3043 κτίσει
1754 2989 1817 3043 τὸ
1875 2993 2016 3052 θεῖον

355 3076 516 3145 σὲὸας
568 3081 969 3155 προσήνεγκαν.
1032 3111 1102 3122 -—
1156 3078 1653 3146 [ZEI‘HPIANOI‘l
1709 3078 1776 3133 Ἦ
1851 3076 1933 3131 ὅτι
1986 3075 2016 3131 ὁ

370 3171 460 3245 μὲν
490 3171 618 3231 Θεὸς
652 3169 878 3239 ἀληθῶς
907 3169 1018 3225 ἐστι
1068 3167 1221 3237 Θεὸς,
1275 3168 1340 3223 τὰ
1371 3164 1429 3222 δὲ
1461 3165 1666 3223 εἷ’δωλα
1699 3169 1783 3228 οἷς
1841 3185 2010 3240 προσ·
2043 3203 2085 3266 C

377 3257 659 3324 εκῦνησαν,
735 3255 951 3333 ψευδῶς
1035 3256 1525 3333 προσαγορεύονται
1609 3254 1742 3312 θεοί.
1801 3279 1829 3308 ‹‹
1909 3253 2011 3311 Καὶ

383 3340 730 3414 ἰοεϐασθησαν
779 3349 867 3402 καὶ
927 3346 1273 3422 ἐλάτρευσαν.
1337 3370 1365 3398 ››
1426 3340 1682 3407 Σὲϐοντες
1745 3342 1820 3409 δὲ,
1914 3341 2010 3397 λα-

382 3435 651 3510 τρεύοντες
681 3433 1006 3496 διετέλεσαν,
1041 3460 1068 3488 ι(
1101 3439 1177 3510 Τῇ
1232 3435 1402 3491 κτίσει
1453 3435 1598 3509 παρὰ
1651 3435 1740 3489 τὸν
1782 3432 2014 3491 Κτίσαν-

373 3545 452 3580 τα.
490 3547 515 3577 ι
551 3526 657 3580 Ἀεὶ
690 3529 759 3598 τῇ
800 3527 1079 3599 συγκρίσει
1137 3519 1506 3601 φοϐερώτερον
1566 3529 1716 3579 ποιεῖ
1767 3524 1858 3579 τὸν
1915 3521 2015 3578 λό-

371 3636 483 3688 γον.
518 3639 540 3668 ι
571 3617 667 3677 Ὅς
690 3615 832 3670 ἐστιν
872 3615 1170 3690 εὐλογητὸς
1226 3613 1302 3676 εἷς
1350 3613 1478 3676 τοὺς
1538 3613 1756 3676 αἰῶνας.
1791 3639 1817 3664 ››
1853 3611 2014 3670 Ἀλλ’

371 3706 428 3760 οὐ
455 3707 600 3781 παρὰ
629 3710 799 3760 τοῦτο
821 3699 1144 3779 παρεϐλοὶϐη
1177 3725 1229 3758 τι
1262 3705 1290 3759 6
1325 3704 1477 3773 Θεὸς,
1537 3704 1720 3778 φησὶν,
1781 3702 1858 3767 εἷς
1911 3705 2008 3773 τήν

366 3795 552 3851 οἰκείαν
585 3793 776 3866 δόξαν.
802 3795 864 3852 Ὀ
898 3794 991 3867 μὶν
1029 3794 1133 3868 γὰρ
1164 3789 1343 3865 ἔμεινε
1389 3793 1479 3848 καὶ
1539 3793 1714 3855 οὕτως
1767 3791 2010 3869 εὐλογη-

355 3887 442 3948 τὸς
468 3885 546 3948 εἷς
577 3885 718 3948 τοὺς
745 3883 965 3946 αἰῶνας·
1001 3882 1178 3939 αὐτῶν
1208 3879 1266 3938 δὲ
1295 3883 1350 3937 αἱ
1396 3881 1786 3957 προλεχθεῖσαι
1845 3882 2008 3955 ἀμοι-

347 3967 460 4044 εαὶ,
491 3973 585 4028 καὶ
620 3974 681 4028 αἱ
713 3971 1143 4048 λεχθησόμεναι,
1200 3971 1414 4046 ἀτιμίαι
1471 3975 1568 4027 τοῦ
1623 3972 1876 4045 σώματος
1919 3973 2011 4028 καὶ

342 4060 681 4125 ἀντιδόσεις.

416 4155 518 4208 Διὰ
567 4156 744 4208 τοῦτο
829 4150 1140 4229 παρέδωκεν
1201 4151 1400 4215 αὐτοὺς
1457 4151 1484 4206 ὸ
1543 4150 1673 4213 Θεὸς
1727 4151 1803 4213 εἰς
1857 4155 2004 4223 πάθη

339 4243 588 4315 ἀτιμίας
656 4243 712 4298 αἳ
783 4263 842 4298 τε
898 4243 1001 4321 γὰρ
1088 4241 1303 4314 θήλειαι
1399 4241 1570 4296 αὐτῶν
1663 4241 2003 4315 μετήλλαξαν

339 4334 441 4401 τὴν
494 4334 738 4410 φυσικήν
795 4339 994 4407 χρῆσιν
1053 4330 1132 4394 εἷς
1189 4333 1288 4401 τήν
1339 4330 1485 4406 παρᾶ
1537 4329 1715 4405 φύσιν.
1769 4331 2006 4404 Ὁμοίως

342 4443 404 4478 τι
458 4423 556 4477 καὶ
617 4423 673 4477 οἱ
730 4421 966 4497 ἄρσενες,
1030 4421 1247 4499 ἀφέντες
1324 4422 1425 4490 τὴν
1526 4421 1757 4497 φυσεκήν
1809 4428 2008 4500 χρῆσιν

344 4519 446 4580 τῆς
519 4509 770 4577 θηλείας,
846 4509 1202 4581 ἐξεκαύθησαν
1282 4508 1335 4565 ἐν
1420 4511 1490 4582 τῇ
1576 4508 1745 4582 ὀρέξει
1828 4509 2002 4564 αὐτῶν

343 4600 422 4663 εἷς
508 4597 830 4670 ἀλλήλους,
914 4599 1127 4674 ἃρσενις
1212 4597 1264 4654 ἐν
1320 4596 1506 4672 ἄρσεσι
1562 4598 1662 4666 τὴν
1745 4596 2006 4676 ἀσχημο-

349 4690 521 4759 σύνην
595 4690 1084 4764 κατεργαζόμενοι,
1170 4688 1259 4744 καὶ
1337 4691 1436 4758 τήν
1520 4686 1860 4762 ἀντιμισθίαν
1937 4685 2004 4756 ἤν

349 4776 457 4836 ἔδει
536 4781 638 4847 τῆς
720 4777 932 4848 πλάνης
1007 4776 1182 4833 αὐτῶν
1268 4775 1320 4832 ἐν
1406 4777 1618 4838 ἑαυτοῖς
1675 4772 2006 4846 ἀπολαμϐά-

349 4888 469 4924 νοντ
475 4889 531 4931 ες
538 4913 551 4924 .

424 4982 450 5013 α
483 4960 584 5017 Δια
611 4961 797 5014 τοῦτο.
831 4981 859 5009 »
886 4961 1049 5012 Ποῖον
1085 4975 1101 5029 ;
1131 4953 1357 5024 Ἐπειδὴ
1389 4954 1709 5032 ἐλάτρευσαν
1767 4959 1836 5029 τῇ
1884 4955 2001 5011 κτί-

352 5070 433 5106 σει
461 5051 612 5126 παρᾶ
642 5048 733 5106 τὸν
768 5049 1058 5105 Κτίσαντα.
1108 5069 1130 5098 ι
1192 5045 1556 5120 Μετήλλαξαν
1610 5047 1709 5116 την
1774 5049 2002 5124 φυσικὴν

307 5147 572 5216 ,χρῆσιεη
634 5163 663 5192 »
725 5142 992 5214 ’Έχοντες
1076 5137 1182 5214 γὰρ
1261 5136 1321 5192 ἐκ
1396 5137 1608 5215 φύσεως
1689 5136 1832 5211 μῖξιν
1908 5138 2002 5193 νό-

349 5252 542 5303 μιμον,
604 5227 959 5304 μετήλλαξαν
1040 5228 1210 5296 αὐτὴν
1294 5226 1371 5290 εἷς
1457 5228 1556 5295 τήν
1615 5228 1763 5302 παρὰ
1821 5226 1998 5305 φύσιν.

346 5319 717 5398 Αἶσχρότατόν
745 5341 800 5376 τι
832 5315 984 5392 λέγει
1016 5313 1564 5388 ἐπικεκαλυμμὲνως.
1614 5315 1884 5372 Δείκνυσιν
1916 5317 1999 5374 ὅτι

342 5411 402 5466 οὗ
430 5412 591 5486 μόνον
621 5416 745 5474 τοῖς
779 5407 955 5468 Θείοις
981 5405 1197 5478 νόμοις,
1256 5403 1405 5462 ἀλλά
1459 5407 1547 5461 καὶ
1609 5411 1727 5468 τοῖς
1767 5409 1867 5475 τῆς
1899 5407 1998 5483 φύ-

338 5521 460 5568 σεως
497 5505 696 5578 νόμοις
754 5495 1096 5571 ἐπολέμουν.
1159 5495 1238 5553 Τὸ
1297 5491 1374 5563 δὲ,
1438 5517 1467 5546 α
1524 5497 1934 5568 Ἐξεκαύθησαν,
1971 5520 1998 5548 ››

326 5597 534 5672 πολλὴν
561 5595 772 5675 μανίαν
809 5589 908 5647 καὶ
940 5590 1154 5664 οἶστρον
1191 5583 1376 5659 δηλοῖ·
1437 5587 1526 5642 καὶ
1579 5587 1678 5644 οὐκ
1707 5589 1841 5658 εἶπε,
1884 5589 1998 5658 Τὴν

321 5692 600 5774 ίπιθυμίαν
633 5687 835 5747 αὐτῶν
869 5679 1365 5755 κατεργαζόμενοι,
1398 5674 1567 5752 ἀλλὰ,
1600 5702 1627 5731 ‹‹
1659 5679 1766 5749 Τὴν
1827 5681 2010 5754 dum:

2120 1922 2422 1977 adhaerere
2455 1926 2631 1991 atque
2664 1920 3096 1992 obtemperare,
3127 1922 3285 1991 quod
3317 1922 3378 1975 in
3423 1938 3555 1976 mea
3585 1922 3764 1976 situm

2119 2017 2210 2066 est
2238 2011 2566 2078 voluntate,
2590 2016 2655 2064 ut
2685 2011 2828 2081 ipsis
2847 2027 3085 2081 paream
3111 2018 3214 2064 aut
3241 2027 3380 2065 non.
3419 2011 3514 2064 Vel
3547 2011 3768 2065 fortas-

2121 2100 2201 2155 sis
2229 2101 2454 2170 seipsos
2488 2100 2860 2154 tradiderunt
2883 2117 2951 2154 eo
2984 2101 3142 2169 quod
3175 2100 3284 2154 hoc
3315 2101 3767 2165 desiderarunt;

2119 2190 2202 2244 ait
2257 2189 2414 2243 enim
2452 2205 2465 2243 :
2501 2190 2566 2242 In
2625 2188 2921 2244 desideria
2979 2189 3247 2243 cordium
3297 2207 3562 2244 suorum.
3596 2211 3617 2240 ι
3664 2189 3771 2255 Qui

2119 2283 2649 2332 commutaverunt.
2674 2298 2700 2325 »
2735 2278 2906 2332 Vides
2939 2295 3193 2343 rursum,
3227 2280 3768 2334 Commulaverunt.

2120 2369 2263 2423 Nam
2297 2367 2591 2437 signiﬁcat
2622 2366 2778 2436 quod
2811 2367 3066 2420 scientes
3113 2375 3554 2421 commutarunt
3615 2389 3634 2413 α
3661 2371 3768 2423 Ve-

2119 2457 2356 2512 ritatem
2389 2456 2488 2511 Dei
2514 2456 2572 2509 in
2608 2455 2936 2509 mendacio.
2976 2479 3001 2503 ››
3036 2457 3152 2510 Hoc
3203 2464 3308 2512 est.
3341 2474 3470 2526 quae
3513 2475 3643 2512 vere
3693 2459 3764 2513 de

2119 2547 2237 2601 Deo
2267 2546 2382 2600 dici
2415 2551 2474 2600 et
2503 2545 2661 2600 credi
2695 2550 2936 2617 possent
2966 2545 3038 2600 ad
3072 2546 3446 2599 mendacium
3480 2547 3764 2600 traduxe-

2118 2634 2345 2698 runt,id
2373 2635 2560 2695 est.ad
2580 2634 3183 2691 idola.Velveritatem
3203 2634 3306 2688 Dei
3340 2642 3504 2690 vocat
3531 2641 3597 2689 ut
3613 2636 3764 2689 Deus

2119 2742 2322 2781 verum
2349 2741 2568 2781 nomen
2601 2724 2695 2794 sit,
2730 2725 3108 2780 mendacium
3135 2741 3267 2779 vero
3301 2724 3526 2780 idolum
3550 2741 3761 2779 manu-

2118 2817 2381 2882 factum;
2409 2832 2545 2870 cum
2588 2831 2722 2886 ergo
2767 2815 2902 2870 illos
2934 2819 3236 2886 oporteret
3266 2816 3447 2870 Deum
3493 2816 3763 2882 adorare,

2121 2905 2383 2960 divinum
2415 2903 2640 2958 cultum
2673 2910 2955 2958 creaturas
2975 2902 3446 2958 obtulerunt.Vel
3467 2904 3769 2975 quiaDeus

2123 2993 2362 3064 quidem
2395 3008 2528 3046 vere
2561 2993 2713 3046 Deus
2746 2998 2853 3058 est,
2886 2991 3044 3046 idola
3077 3009 3211 3045 vero
3259 3008 3388 3062 quae
3421 2993 3769 3058 adorarunt,

2122 3081 2492 3139 mendaciter
2521 3080 2602 3135 dii
2635 3080 3033 3151 appellantur.
3071 3105 3096 3129 ‹‹
3132 3083 3201 3134 Et
3231 3081 3542 3135 coluerunt
3572 3087 3766 3136 etser-

2123 3172 2416 3225 vierunt.»
2439 3169 2764 3225 Coluerunt
2793 3168 3052 3239 quidem.
3084 3170 3188 3224 sed
3221 3170 3526 3224 serviendo
3559 3187 3767 3241 perse-

2124 3264 2403 3316 verarunt
2428 3275 2674 3330 remque
2707 3258 3110 3329 expleverunt.
3147 3281 3172 3308 ‹ι
3207 3261 3500 3314 Creaturaa
3533 3261 3766 3332 (inquit)

2124 3351 2322 3423 potius
2352 3365 2530 3420 quam
2561 3349 2905 3416 Creatoris,-
2943 3355 3002 3404 et
3033 3349 3114 3403 ita
3171 3366 3407 3421 semper
3463 3367 3766 3421 compara-

2126 3441 2286 3496 tione
2316 3438 2846 3495 formidabiliorem
2903 3439 3046 3496 facit
3101 3457 3460 3496 sermonem.
3485 3463 3511 3490 ‹‹
3542 3443 3648 3506 Qui
3684 3447 3773 3496 est

2125 3529 2474 3585 benedictus
2505 3529 2565 3584 in
2617 3531 2850 3585 smcula.
2890 3552 2910 3578 ιι
2939 3529 3157 3586 Verum
3190 3548 3310 3586 non
3342 3531 3414 3586 ob
3449 3531 3528 3594 id,
3554 3531 3769 3600 inquit,

2130 3621 2279 3674 Deus
2328 3620 2388 3673 in
2422 3619 2662 3690 propria
2698 3620 2885 3692 gloria
2924 3621 3204 3675 damnum
3240 3622 3427 3675 ullum
3460 3620 3722 3690 suscepit
3755 3636 3767 3673 :

2127 3709 2422 3779 siquidem
2453 3709 2554 3764 ille
2586 3727 2753 3780 aeque
2792 3711 3012 3765 mansit
3039 3710 3388 3765 benedictus
3417 3711 3476 3764 in
3509 3710 3727 3764 saecula
3755 3725 3766 3761 :

2123 3799 2386 3870 ipsorum
2419 3803 2617 3854 autem
2649 3816 2836 3870 pennae
2866 3799 3182 3870 prmdictm,
3205 3815 3455 3869 quaeque
3479 3799 3772 3865 dicentur,

2125 3895 2264 3945 sunt
2293 3891 2556 3961 corporis
2587 3889 2928 3962 ignominiae
2947 3907 3014 3945 ac
3036 3891 3482 3946 retributiones.

2190 4161 2236 4228 Ι,
2266 4161 2454 4214 24-27.
2486 4159 2785 4229 Propterea
2841 4159 3076 4214 tradidit
3133 4159 3257 4214 illos
3311 4161 3450 4215 Deus
3506 4163 3562 4215 in
3616 4164 3762 4232 affe-

2120 4253 2324 4306 ctiones
2348 4251 2692 4319 ignominiae.
2718 4250 2853 4304 Nam
2872 4251 3099 4318 feminae
3123 4265 3308 4304 eorum
3337 4252 3767 4304 immutaverunt

2120 4339 2431 4396 naturalem
2461 4355 2617 4394 usum
2661 4341 2719 4393 in
2777 4355 2900 4393 eum
2939 4341 3036 4408 qui
3094 4346 3172 4393 est
3219 4345 3426 4408 praeter
3482 4346 3763 4394 naturam.

2117 4429 2388 4487 Similiter
2417 4439 2465 4485 et
2492 4430 2744 4492 masculi,
2799 4430 2991 4483 relicto
3043 4429 3296 4483 naturali
3354 4445 3456 4482 usu
3515 4432 3764 4496 feminae,

2120 4526 2451 4575 exarserunt
2484 4535 2587 4589 per
2644 4521 3020 4588 appetentiam
3075 4534 3228 4572 suam
3288 4520 3433 4571 inter
3470 4535 3524 4572 se
3554 4526 3764 4582 mutuo,

2116 4610 2349 4665 masculi
2379 4611 2437 4663 in
2461 4610 2726 4664 masculos
2755 4609 3059 4678 foeditatem
3082 4613 3480 4677 perpetu-antes.
3511 4615 3561 4663 et
3607 4623 3763 4679 pra:—

2113 4703 2286 4756 mium
2317 4698 2488 4772 (quod
2517 4698 2778 4769 Oportuit)
2811 4697 3015 4752 erroris
3043 4699 3130 4752 sui
3170 4697 3230 4752 in
3282 4714 3390 4754 sese
3421 4701 3761 4769 recipientes.

2185 4990 2213 5018 ‹‹
2246 4969 2587 5038 Propterea.
2620 4987 2648 5016 »
2682 4965 2919 5030 Quare?
2948 4967 3094 5032 Quia
3126 4968 3454 5022 servierunt
3483 4974 3767 5024 creatura:

2113 5058 2310 5128 potius
2337 5072 2512 5127 quam
2535 5055 2816 5110 Creatori.
2851 5057 3410 5113 «Commutaverunt
3432 5058 3762 5112 naturalem

2108 5161 2303 5202 usum.
2329 5167 2356 5194 »
2385 5144 2532 5199 Cum
2561 5144 2718 5200 enim
2743 5146 2837 5201 21
2855 5147 2892 5200 7
2918 5162 2987 5201 ex
3009 5153 3221 5202 natura
3241 5147 3500 5202 habeant
3523 5153 3762 5202 natura-

2111 5237 2229 5291 lem
2263 5234 2763 5300 commistionem,
2794 5241 3306 5291 commutaverunt
3335 5235 3499 5289 illam
3532 5236 3593 5289 in
3630 5253 3763 5291 eum

2112 5325 2211 5396 qui
2246 5329 2334 5378 est
2360 5329 2576 5396 printer
2597 5325 3143 5380 naturam.0btecte
3169 5341 3294 5378 rem
3327 5325 3525 5379 innuit
3549 5327 3762 5397 turpis-

2111 5414 2323 5469 simam
2359 5430 2372 5466 :
2403 5419 2462 5467 et
2494 5414 2759 5468 ostendit
2789 5414 2944 5484 quod
2979 5431 3098 5468 non
3130 5413 3321 5467 solum
3352 5413 3412 5468 in
3453 5414 3550 5470 Hei
3583 5416 3764 5488 leges,

2112 5503 2214 5559 sed
2246 5504 2306 5558 in
2339 5508 2566 5558 naturae
2600 5520 2836 5575 quoque
2869 5504 3025 5575 leges
3083 5504 3554 5575 pr0pugnabant.
3590 5507 3754 5572 Quod

2110 5597 2307 5650 autem
2359 5593 2582 5657 subdit,
2616 5616 2642 5642 ‹‹
2677 5595 3058 5662 Exarserunt,
3093 5617 3120 5643 »
3152 5609 3426 5668 magnam
3460 5597 3755 5652 insaniam

2109 5699 2176 5740 ac
2207 5689 2453 5741 mstrum
2485 5683 2810 5758 significat:
2835 5701 2946 5741 nec
2977 5684 3126 5743 dixit
3151 5702 3163 5741 :
3193 5685 3756 5759 Conoupiscentiam
