4112 6250
375 360 496 421 347

1497 349 1907 413 (ΕΟΗΜΕΝΙΙ
1953 352 2262 415 ΤΒῙΟΟιΕ
2311 354 2658 416 ίίΡΙΞΟΟΡῙ

3675 341 3798 400 348

380 508 548 550 suam
580 483 1118 564 perpetrantes,sed
1138 507 1165 535 «
1196 483 2024 559 Turpitudinem,»designans

2151 487 2417 560 μοσύνην,
2452 512 2480 539 »ι
2512 484 2700 559 δηλῶν
2729 485 2811 542 ὅτι
2866 485 2956 540 καὶ
2987 482 3153 550 αὖτὴν
3184 481 3282 549 τήν
3317 479 3470 554 φύσιν
3497 473 3805 550 κατῄσχυε-

381 582 538 656 quod
569 582 759 652 ipsam
791 593 1028 649 quoque
1055 579 1329 630 naturam
1362 573 1782 646 pudefecerint
1842 598 1869 625 «
1898 578 2035 631 Per-

381 674 704 746 petrantes.
739 691 758 715 ιο
797 665 971 720 Vides
1002 664 1161 735 quod
1192 680 1310 718 non
1339 663 1687 735 ignorantiae
1710 664 2035 721 fuerinthae

382 759 746 821 affectiones,
783 755 886 810 sed
919 754 1077 825 quod
1130 752 1391 807 studium
1423 752 1806 808 adhibuerint
1856 762 1923 809 ut
1974 755 2036 809 in

383 866 531 921 opus
563 846 928 903 deducerent
956 843 984 897 ?
1013 842 1318 914 Siquidem
1359 842 1701 914 prmpositio
1759 841 1894 897 κατά
1926 846 1939 911 (
1974 844 2037 899 in

386 938 644 996 dictione
667 932 1145 1008 κατεργαζόμενοι)
1178 932 1575 988 intentionem
1605 932 1925 1003 quamdam
1968 951 2036 990 ac

381 1025 770 1101 pertinaciam
832 1022 1168 1096 significat,
1219 1021 1387 1092 quasi
1460 1021 1686 1076 nitatur
1739 1023 2035 1095 quispiam

383 1134 499 1188 quo
527 1114 714 1187 magis
750 1114 865 1168 Deo
899 1111 1242 1167 adversetur
1286 1132 1314 1159 α
1364 1110 1435 1164 Ει
1480 1111 1793 1182 proemium
1852 1112 2034 1183 (quod

380 1205 663 1278 oportuit)
695 1202 914 1258 erroris
945 1201 1057 1257 sui.
1094 1222 1119 1249 ››
1143 1198 1309 1264 Quod
1340 1200 1702 1255 conveniens
1723 1202 2035 1272 erat.quod

381 1296 502 1351 illis
534 1293 860 1350 debebatur
882 1292 982 1362 qui
1006 1290 1156 1346 tales
1187 1294 1406 1357 essent,
1434 1288 1695 1345 debitum
1722 1291 2031 1363 praemium

380 1385 566 1443 ΘΙἹΟΓί
601 1399 822 1439 eorum.
860 1383 1135 1436 Errorem
1168 1385 1366 1435 autem
1392 1386 1561 1435 vocat
1606 1380 1851 1436 adorare
1877 1397 2035 1437 crea-

377 1484 778 1548 turam,quem
805 1476 867 1531 in
890 1474 1103 1547 seipsis
1133 1473 1432 1545 recipiunt
1453 1472 1673 1529 mulier
1693 1490 1727 1530 a
1757 1473 2028 1541 muliere,

378 1575 438 1626 et
462 1569 547 1624 vir
576 1585 610 1623 a
654 1567 800 1635 viro,
863 1581 991 1620 cum
1030 1563 1283 1635 turpiter
1313 1567 1660 1634 operantur.
1706 1565 1849 1619 Nam
1890 1565 2031 1634 quia

381 1655 755 1714 sermonibus
787 1654 859 1709 de
887 1654 1159 1726 gehenna
1190 1652 1369 1707 ﬁdem
1401 1667 1520 1706 non
1562 1651 1882 1720 habebant,
1916 1653 2028 1707 hoc

380 1745 524 1817 ipsis
554 1742 870 1816 praemium
898 1741 1126 1815 profert
1154 1740 1394 1808 Paulus,
1428 1757 1547 1811 quo
1579 1740 1758 1796 etiam
1810 1739 2028 1796 rubore

380 1834 897 1891 suﬂ‘undebantur.

450 1925 494 1992 1,
525 1924 614 1978 28.
647 1925 717 1977 Et
743 1924 884 1978 sicut
912 1937 1021 1976 non
1049 1920 1482 1990 reprobaverunt
1525 1919 1691 1974 Deum
1744 1918 1940 1975 habere
1968 1923 2028 1976 in

381 2017 687 2084 agnitione,
720 2010 953 2066 tradidit
993 2026 1077 2065 eos
1108 2012 1164 2063 in
1194 2010 1484 2080 reprobam
1511 2016 1760 2077 mentem,
1798 2017 1857 2066 ut
1880 2014 2030 2080 face-

381 2108 505 2157 rent
535 2116 657 2171 quz
688 2115 798 2154 non
830 2098 1173 2169 ewpedirent.

459 2189 630 2244 Vides
662 2188 819 2260 quod
842 2205 961 2242 non
984 2187 1335 2260 ignorantiae
1360 2203 1527 2242 error
1558 2188 1814 2253 erat,sed
1837 2190 2031 2260 cogni—

383 2278 768 2350 tionis.Magis
799 2283 996 2332 tamen
1018 2276 1306 2347 quosdam
1340 2276 1580 2331 illorum
1603 2276 1831 2332 occulte
1852 2281 2027 2349 taxat,

383 2383 723 2441 quanquam
761 2381 1100 2422 sermonem
1133 2381 1305 2420 suum
1337 2364 1409 2420 ad
1440 2364 1588 2421 alios
1624 2366 2024 2439 transfigurat.

382 2479 409 2508 «
436 2456 701 2513 Tradidit
728 2456 790 2510 in
823 2454 1135 2526 reprobam
1166 2459 1451 2510 mentem.
1488 2474 1516 2503 »
1550 2457 1693 2510 Nam
1716 2472 1821 2527 per
1864 2472 2023 2511 aver-

373 2548 604 2605 sionem
623 2562 657 2600 a
679 2543 1078 2616 Deo,reproba
1108 2559 1276 2598 mens
1303 2560 1337 2598 a
1367 2543 1737 2600 daemonibus
1759 2544 2021 2599 inducit:

374 2638 486 2694 hoc
541 2643 736 2693 autem
797 2635 1115 2707 Scripturae
1172 2651 1316 2690 usus
1375 2640 1466 2690 est
1522 2651 1728 2690 vocare
1755 2635 2020 2691 traditio-

372 2743 529 2782 nem.

442 2817 487 2881 Ι,
544 2815 612 2870 29
640 2816 727 2869 31.
784 2813 999 2885 Repleti
1052 2814 1201 2867 omni
1266 2811 1570 2881 injustitia,
1627 2812 2018 2880 fornicatione,

367 2906 671 2976 pravitate,
726 2901 992 2968 avaritia,
1049 2902 1294 2966 malitia,
1345 2902 1505 2972 pleni
1560 2902 1795 2969 invidia,
1854 2903 2019 2970 caede,

371 2995 737 3059 contentione,
796 2989 947 3055 dolo,
977 2992 1171 3061 pravis
1200 2991 1441 3046 moribus
1468 3009 1489 3043 :
1522 3006 1860 3059 susurrones,
1918 2992 2021 3047 ob-

370 3090 704 3145 trectatores.
738 3084 838 3137 Dei
894 3096 1093 3147 osores,
1145 3080 1542 3148 contumeliosi,
1575 3081 1728 3147 elati,
1769 3080 2014 3151 gloriosi,

366 3177 674 3229 inventores
699 3173 992 3237 malorum,
1045 3170 1374 3241 parentibus
1439 3170 1829 3239 inobedientes,
1875 3170 2013 3227 insi-

364 3265 599 3333 pientes,
631 3262 935 3332 faedifragi,
967 3261 1256 3315 charitatis
1275 3261 1478 3330 aﬂ'ectu
1507 3259 1699 3330 alieni,
1722 3262 2021 3317 irreconci‘

368 3339 614 3415 liabiles,
649 3350 1128 3404 immisericwdes.

436 3440 592 3495 Nihil
624 3439 923 3494 mediocre
954 3438 1117 3504 dicit,
1150 3437 1255 3494 sed
1287 3437 1494 3508 plenos
1525 3437 1609 3493 ait
1640 3439 1804 3494 omni
1865 3439 2020 3511 inju-

369 3531 546 3586 stitia.
576 3529 681 3585 Ubi
716 3529 875 3583 enim
908 3529 1136 3583 aversio
1178 3544 1212 3582 a
1240 3528 1356 3582 Deo
1388 3527 1541 3583 facta
1581 3528 1779 3593 fuerit,
1813 3531 2026 3585 merito

374 3637 445 3675 ex
473 3616 770 3673 contrario
803 3617 1004 3673 omnia
1034 3617 1192 3672 mala
1223 3616 1581 3673 subintrant.
1610 3618 1833 3674 Deinde
1864 3626 2027 3691 post-

373 3724 550 3782 quam
581 3707 846 3782 generali
886 3706 1139 3762 nomine
1188 3707 1544 3779 injustitiam
1603 3707 1772 3778 dixit,
1815 3725 2024 3766 conse-

378 3807 631 3876 quenter
687 3800 864 3854 etiam
923 3814 993 3854 ea
1040 3815 1172 3868 quae
1234 3798 1424 3870 ipsius
1479 3803 1618 3854 sunt
1674 3801 2030 3871 specialiora

369 3895 661 3947 recenset.
702 3888 854 3946 218
917 3890 989 3944 Et
1053 3888 1163 3943 hac
1221 3904 1343 3944 una
1396 3888 1658 3961 generali
1718 3890 2026 3961 injustitim

369 3979 769 4053 appellatione
805 3984 1020 4034 cuncta
1051 3978 1396 4050 complexus
1429 3977 1656 4034 scelera
1707 3997 1838 4051 quae
1868 3980 2029 4036 inter

374 4087 502 4126 sese
536 4076 740 4124 mutuo
772 4068 1164 4126 admiserunt.
1200 4068 1261 4123 in
1292 4068 1798 4139 consequentibus
1822 4070 2026 4144 singu-

372 4159 541 4216 latim
570 4157 907 4213 dinumerat
958 4159 1026 4211 Et
1056 4156 1400 4227 pravitatem
1448 4157 1688 4228 quidem
1721 4158 1864 4213 dicit
1893 4175 2024 4231 quae

374 4248 441 4305 ﬁt
470 4265 539 4304 ex
571 4246 880 4304 molitione
906 4245 1188 4301 adversus
1205 4245 1467 4316 aliquem
1490 4245 1758 4302 adhibito
1790 4246 2023 4304 labore:

373 4339 679 4395 avaritiam
738 4344 936 4392 autem
994 4334 1447 4391 abundantioris
1505 4334 1784 4391 desiderii
1836 4352 2022 4392 nocu-

371 4435 638 4486 mentum
670 4443 681 4482 :
718 4425 1007 4481 malitiam
1049 4440 1184 4479 vero
1239 4423 1500 4479 studium
1533 4423 1606 4477 ad
1637 4422 2024 4496 at‘ﬂigendum

368 4521 701 4594 proximum
758 4520 903 4573 Item
931 4515 1213 4572 invidiam
1262 4531 1419 4577 eum.
1480 4515 1582 4585 qui
1639 4512 1711 4568 de
1767 4517 2017 4586 proximi

363 4589 541 4666 bonis
572 4608 843 4672 sumitur,
880 4606 1207 4663 cruciatum
1229 4603 1477 4659 :caadem
1514 4619 1751 4675 quoque
1768 4620 2024 4661 commo-
2055 4589 2099 4651 ί)

364 4700 587 4754 tionem
611 4696 684 4752 ad
710 4695 1229 4767 interemptionem
1261 4709 1452 4766 usque
1472 4692 1812 4750 tendentem
1838 4711 1851 4749 :
1878 4710 2017 4750 con-

372 4788 696 4843 tentionem
714 4784 856 4840 dicit
884 4783 1334 4856 vituperandam
1367 4783 1757 4856 pervicaciam
1781 4801 1793 4839 :
1815 4783 2016 4840 dolum

369 4892 506 4934 vero
538 4874 788 4930 insidias
810 4889 876 4928 ac
907 4873 1377 4929 machinationes
1407 4872 1482 4928 ad
1538 4872 1786 4928 fratrum
1821 4874 2013 4946 perdi-

368 4966 594 5023 tionem
612 5008 622 5019 .
639 4979 849 5036 pravos
863 4979 1054 5018 mores
1076 4962 2015 5035 conversationisjmprobitatem,

366 5056 702 5114 susurrium
733 5058 930 5109 autem
986 5051 1371 5111 tacitam.vel
1430 5052 1539 5107 sub
1597 5051 1773 5108 dente
1833 5052 2017 5124 (quod

366 5147 554 5217 aiunt)
586 5146 647 5199 in
698 5147 1025 5216 praesentes
1075 5140 1554 5196 maledicentiam
1590 5158 1603 5195 :
1637 5140 2017 5197 obtrectatio-

367 5251 505 5292 nem
537 5250 670 5289 vero
702 5229 1099 5305 quorumdam
1159 5228 1230 5284 de
1275 5228 1619 5285 absentibus
1660 5231 2015 5297 convicium,

370 5328 682 5398 Θεοστυγεῖς
741 5322 883 5378 item
935 5320 1036 5377 Dei
1095 5336 1318 5375 osores.
1379 5320 1683 5391 Siquidem
1737 5337 1857 5376 non
1914 5339 2016 5378 eos

370 5412 514 5467 dicit
553 5413 718 5482 quia
744 5413 862 5468 Deo
893 5410 1029 5466 odio
1069 5409 1384 5475 habentur,
1435 5425 1629 5481 neque
1685 5410 1845 5465 enim
1905 5411 2015 5467 hoc

370 5501 483 5574 ipsi
512 5503 573 5555 in
606 5502 803 5557 animo
836 5501 948 5556 fuit
977 5501 1089 5556 isto
1122 5500 1248 5555 loco
1281 5501 1883 5566 commonstrare,sed
1914 5518 2015 5559 eos

371 5591 472 5666 qui
505 5592 687 5647 Deum
720 5591 996 5649 oderunt.
1028 5590 1500 5648 Contumeliosos
1557 5596 1846 5663 praeterea
1874 5592 2018 5649 dicit

370 5686 717 5742 temerarios
757 5699 825 5741 ac
853 5683 1278 5740 conviciatores
1311 5699 1323 5738 :
1358 5682 1546 5740 elatos
1576 5682 1719 5739 item
1772 5699 1873 5740 eos
1913 5683 2014 5756 qui

2055 1857 2105 1923 Β

2139 597 2252 632 ναν.
2289 600 2316 629 ‹‹
2351 578 2846 654 Κατεργαζόμενοι.
2882 598 2909 625 ››
2942 575 3098 647 Ὀρᾷς
3160 572 3241 625 ὅτι
3302 569 3401 623 οὐκ
3457 566 3695 640 ἀγνοίας
3736 564 3807 631 ἦν

2138 666 2206 721 τά
2236 666 2406 736 πάθη,
2438 653 2568 721 ἀλλ’
2607 664 2691 720 ὅτι
2747 660 2988 730 σπουδὴν
3045 660 3194 716 εἶχον
3230 657 3535 733 ἐργέζεσοαι
3606 653 3753 708 αὐτά
3792 671 3805 722 ;

2138 755 2201 812 Ἦ
2234 757 2360 830 γὰρ,
2411 756 2566 825 κατὰ,
2627 752 2866 809 ἐπίτασίν
2923 772 3039 807 τινα
3070 749 3162 805 καὶ
3221 746 3547 826 φιλονεικίαν
3597 742 3804 812 δηλοῖ.

2137 845 2227 906 Ὠς
2268 844 2323 899 εἷ’
2345 866 2429 905 τις
2460 842 2796 924 φιλονεικείη
2830 843 2977 901 ὅπως
3013 837 3223 912 μᾶλλον
3282 835 3618 911 προσκρούοι
3657 835 3803 903 Θεῷ.

2142 959 2169 987 ‹‹
2204 936 2304 991 Καὶ
2336 936 2438 1004 τήν
2464 935 2805 1008 ἀντιμισθίαν
2863 932 2930 1002 ἦν
2986 930 3093 986 ἔδει
3150 936 3248 998 τῆς
3280 926 3493 996 πλάνης
3524 923 3742 978 αὐτῶν.
3778 945 3807 972 υ

2134 1028 2234 1082 ἹΙν
2294 1034 2569 1100 προσῆκον
2618 1027 2709 1095 ἦν,
2767 1024 2891 1093 ἥτις
2942 1024 3130 1083 αὐτοῖς
3191 1017 3456 1095 ὠφείλετο
3512 1014 3803 1074 τοιούτοις

2138 1114 2282 1179 οὖσι,
2311 1115 2403 1169 τὸν
2437 1114 2790 1194 ὀφειλόμενον
2825 1112 3014 1187 μισθὸν
3067 1114 3136 1186 τῇ
3186 1108 3368 1181 πλάνῃ
3400 1107 3602 1161 αὐτῶν.
3641 1101 3807 1159 Ι]λά-

2133 1226 2227 1273 νην
2262 1201 2320 1259 δέ
2348 1226 2480 1282 φησι
2510 1205 2573 1259 τὸ
2630 1210 3002 1278 προσκυνῆσαι
3054 1206 3123 1275 τῇ
3181 1198 3374 1267 κτίσει,
3432 1197 3491 1264 ἢν
3526 1190 3801 1263 ἀπολαμ-

2135 1287 2389 1348 ϐάνουσιν
2419 1292 2469 1348 ἐν
2530 1294 2761 1361 ἑαυτοῖς,
2817 1294 2949 1367 γυνή
3010 1290 3115 1345 ἀπὸ
3163 1286 3437 1363 γυναικὸς,
3510 1283 3603 1337 καὶ
3663 1282 3803 1367 ἀνὴρ

2133 1381 2240 1438 ἀπὸ
2272 1379 2461 1458 ἀνδρὸς
2492 1361 3014 1458 ἐνασχημονοῦντες.
3071 1361 3295 1445 Ἐπειδή
3352 1377 3452 1450 γὰρ
3512 1376 3639 1433 τοῖς
3672 1361 3801 1444 περὶ

2133 1469 2353 1547 γεέννης
2388 1468 2572 1548 λόγοις
2604 1473 2707 1527 οὐκ
2736 1471 3037 1540 ἐπίστευον,
3095 1469 3293 1536 ταύτην
3334 1465 3519 1525 αὐτοῖς
3577 1462 3800 1532 ἀντιμι-

2135 1560 2284 1626 σθίαν
2316 1562 2343 1616 ὁ
2375 1559 2591 1623 Παῦλος
2613 1559 2926 1641 προσφέρει,
2958 1560 3024 1629 ἢν
3057 1559 3148 1615 καὶ
3187 1555 3489 1631 ἠρυθρίων.

2216 1922 2315 1979 Καὶ
2347 1924 2526 1988 καθὼς
2559 1925 2662 1979 οὐκ
2688 1921 3010 1996 ἐδοκίμασαν
3032 1921 3124 1977 τὸν
3174 1919 3305 1976 Θεὸν
3336 1912 3481 1993 ἔχειν
3546 1915 3598 1970 ἐν
3674 1914 3790 1970 ἐπι-

2140 2013 2357 2085 γνώσει,
2380 2010 2690 2085 παρέδωκεν
2723 2011 2923 2074 αὐτοὺς
2952 2012 2979 2066 ὁ
3009 2009 3140 2072 Θεὸς
3197 2008 3274 2071 είς
3331 2005 3600 2077 ἀδόκιμον
3642 2008 3784 2073 νοῦν,

2139 2107 2312 2158 ποιεῖν
2349 2103 2415 2158 τὰ
2448 2104 2525 2176 μὴ
2550 2105 2874 2173 καθήκοντα.

2210 2192 2370 2265 Ὁρᾷς
2402 2192 2486 2246 ὅτι
2519 2191 2618 2246 οὐκ
2646 2191 2865 2265 ἀγνοίας
2894 2191 2959 2259 ἦν
2993 2192 3027 2259 ἡ
3072 2189 3277 2258 πλάνη,
3311 2185 3436 2241 ἀλλ’
3493 2181 3615 2253 εἷδῆ
3630 2204 3791 2244 σεως.

2140 2278 2365 2338 Μᾶλλον
2391 2278 2448 2335 δὲ
2478 2280 2565 2335 καὶ
2591 2281 2798 2335 τούτων
2829 2279 2974 2340 τινὰς
2999 2277 3310 2344 αἰνίττεται,
3342 2273 3392 2329 εἲ
3448 2273 3538 2328 καὶ
3570 2274 3651 2335 ὡς
3700 2271 3796 2326 ἐπὶ

2139 2371 2352 2447 ἑτέρους
2385 2371 2788 2447 ἐσχημάτισται
2847 2372 2876 2425 ὁ
2909 2366 3093 2446 λόγος.
3122 2392 3151 2421 ‹‹
3209 2363 3524 2440 Παρέδωκεν
3547 2365 3625 2426 εἷς
3661 2360 3797 2418 ἀδό-

2135 2483 2299 2536 κιμον
2332 2466 2478 2518 νοῦν.
2517 2486 2546 2515 ››
2578 2466 2658 2536 Τῇ
2689 2462 2789 2537 γὰρ
2820 2459 3138 2538 ἀποστροφῆ
3168 2462 3265 2513 τοῦ
3316 2460 3473 2519 Θεοῦ,
3513 2455 3785 2528 εἰσάγεται

2133 2555 2259 2615 νοῦς
2287 2548 2551 2625 ἀδόκιμος
2582 2551 2728 2623 παρὰ
2747 2554 2856 2604 τῶν
2884 2546 3175 2622 δαιμόνων.
3210 2551 3384 2602 Τοῦτο
3417 2540 3777 2618 δὲπαράδοσιν

2133 2637 2251 2705 ἔθος
2275 2639 2460 2697 καλεῖν
2494 2644 2563 2715 τῇ
2595 2644 2802 2720 Γραφῇ.

2201 2818 2683 2894 Πεπληρωμὲνους
2748 2819 2894 2893 πάσῃ
2980 2815 3190 2888 ἀδικίᾳ,
3276 2816 3524 2890 πορνείᾳ,
3611 2836 3791 2885 πονη-

2136 2908 2245 2984 ρίᾳ,
2332 2908 2636 2981 πλεονεξίᾳ,
2714 2910 2899 2979 κακίαι
2986 2907 3214 2983 μεστοὺς
3294 2906 3516 2983 φθόνου,
3601 2906 3783 2982 φόνου,

2127 2995 2327 3073 ἔριδος,
2441 2996 2632 3065 δόλου,
2718 2998 3069 3069 κακοηθείας
3167 2996 3527 3071 ψιθυριστάς,
3625 3015 3788 3050 κατα-ι

2129 3087 2355 3154 λάλους,
2487 3093 2797 3162 θεοστυγεῖς
2823 3130 2836 3154 ,
2970 3081 3245 3160 ὑϐριστὰς,
3375 3083 3782 3160 ὑπερηφάνους,

2130 3175 2423 3246 ἀλαζόνας,
2524 3176 2806 3256 ἐφευρετὰς
2889 3180 3089 3241 κακῶν,
3218 3177 3461 3250 γονεῦσιν
3526 3174 3789 3240 ἀπειθεῖς,

2133 3263 2442 3331 ἀσυνέτους,
2566 3266 2911 3333 ἀσυνθέτους,
3058 3263 3377 3338 ἀστόργους,
3454 3259 3786 3328 ἀσπόνδους,

2134 3353 2529 3427 ἀνελεήμονας.

2204 3442 2370 3500 Οὐδὲν
2402 3465 2532 3518 φησι
2568 3445 2898 3517 σύμμετρον,
2964 3442 3109 3499 ἀλλὰ
3165 3439 3630 3518 πεπληρωμένους
3688 3439 3791 3494 πά-

2135 3554 2233 3601 σης
2264 3532 2492 3598 ἀδικίας.
2527 3542 2691 3592 Ὅταν
2719 3536 2823 3611 γὰρ
2879 3536 3195 3613 ἀποστροφή
3262 3536 3401 3590 Οεοῦ
3428 3534 3664 3608 γενηται,
3701 3530 3783 3585 εί-

2131 3624 2307 3686 κότως
2364 3625 2537 3679 πάντα
2585 3624 2991 3700 ἀντεισέρχεται
3041 3624 3109 3678 τά
3167 3631 3325 3679 κακά.
3365 3622 3493 3680 Εἶτα
3543 3621 3778 3696 γενικῶς

2133 3711 2300 3769 εἰπὼν
2333 3715 2433 3781 τήν
2475 3711 2708 3782 ἀδικίαν,
2744 3713 2938 3769 λοιπὸν
2968 3713 3058 3768 καὶ
3106 3718 3222 3775 τοῖς
3254 3710 3621 3786 εἰδικωτὲροις
3682 3710 3784 3765 αὖ-

2129 3804 2228 3871 τῆς
2257 3802 2622 3883 ἐπεξέρχεται.
2686 3805 3146 3879 [ΓΕΝΝΑΔΙΟΥ]
3200 3802 3301 3860 Καὶ
3334 3802 3414 3856 ἑνὶ
3464 3800 3643 3873 τούτῳ
3701 3803 3781 3871 τῷ

2131 3894 2229 3959 τῆς
2257 3891 2467 3955 ἀδικίας
2501 3896 2872 3968 προσρήματι,
2926 3896 3085 3965 κοινῇ
3117 3894 3182 3946 τὰ
3227 3891 3305 3954 ε”ς
3339 3889 3625 3961 ἀλλήλους
3684 3889 3780 3944 αὖ·

2127 3988 2236 4039 τῶν
2295 3985 2469 4040 πάντα
2526 3979 2840 4054 περιλαϐὼν
2918 3986 3311 4059 ἁμαρτήματα,
3368 3982 3419 4036 ἐν
3478 3987 3600 4043 τοῖς
3657 3980 3770 4050 ἑξῆς

2130 4073 2516 4145 ἀπαριθμεῖται
2566 4075 2686 4129 καθ’
2735 4071 2979 4128 ἕκαστον.
3040 4073 3145 4130 Καὶ
3201 4071 3466 4146 πονηρίαν
3533 4072 3628 4144 μὲν
3690 4067 3784 4125 λὲέ

2127 4182 2230 4237 γει,
2265 4164 2355 4219 τὸν
2386 4162 2445 4217 ἐκ
2500 4169 2832 4230 κατασκευῆς
2869 4160 2945 4224 εἷς
2975 4182 3097 4218 τινα
3156 4162 3301 4235 παρά
3340 4181 3437 4214 του
3466 4161 3635 4216 πόνον
3690 4181 3780 4234 γι-

2127 4250 2378 4324 νόμενον.
2442 4250 2764 4322 ῙΙλεονεξίαν
2817 4247 2893 4318 δὲ,
2951 4252 3050 4320 τήν
3138 4251 3270 4325 ὑπὲρ
3329 4256 3428 4319 τῆς
3487 4248 3781 4321 ἐπιθυμίας

2125 4343 2227 4396 τοῦ
2263 4339 2513 4401 πλείονος
2547 4335 2785 4416 βλάϐην.
2822 4338 3025 4395 Κακίαν
3087 4337 3163 4408 δὲ,
3220 4340 3319 4408 τήν
3378 4340 3476 4392 τοῦ
3530 4340 3781 4392 κακῶσαι

2126 4428 2216 4485 τὸν
2249 4426 2418 4491 πέλας
2473 4426 2734 4499 σπουδήν.
2798 4428 3007 4492 Φθόνον
3067 4426 3145 4498 δὲ,
3205 4429 3301 4498 τὴν
3374 4426 3455 4482 ἒπὶ
3509 4433 3628 4487 τοῖς
3681 4432 3783 4482 τοῦ

2128 4516 2363 4588 πλησίον
2416 4524 2611 4582 καλοῖς
2669 4518 2979 4594 βασκανίανο
3039 4518 3201 4597 φόνον
3265 4514 3343 4586 δὲ,
3408 4517 3507 4585 τήν
3578 4518 3784 4591 μέχρις

2129 4605 2451 4681 ἀναιρέσεως
2487 4606 2722 4676 κίνησιν.
2783 4607 2931 4680 Ἔριν
2987 4604 3064 4676 δὲ,
3093 4607 3193 4675 τὴν
3224 4605 3487 4679 ἐπίψογον
3538 4602 3783 4680 φιλονει-

2126 4695 2264 4752 κίαν.
2299 4694 2468 4751 Δόλον
2500 4694 2578 4765 δὲ,
2607 4697 2701 4758 τὰς
2730 4694 2819 4753 ἐπὶ
2871 4694 3020 4770 λύμῃ
3079 4700 3185 4750 τῶν
3234 4690 3483 4768 ἀδελφῶν
3543 4688 3777 4749 ἐπιϐου-

2127 4787 2227 4849 λάς
2258 4808 2317 4842 τε
2348 4787 2438 4842 καὶ
2495 4789 2766 4862 μηχανάς
2825 4788 3150 4857 κακοήθειαν
3208 4782 3287 4854 δὲ,
3344 4785 3444 4854 τὴν
3505 4803 3779 4861 κακοτρο-

2125 4875 2269 4931 πίαν’
2305 4877 2633 4952 ψιθυρισμὸν
2688 4874 2764 4943 δὲ,
2823 4875 2920 4942 τὴν
2976 4875 3064 4930 ὑπ’
3098 4870 3291 4930 ὀδόντα
3321 4877 3427 4930 τῶν
3489 4874 3774 4949 παρόντων

2125 4965 2471 5042 κακολογίαν·
2503 4963 2841 5023 καταλαλιὰν
2879 4961 2957 5032 δὲ,
2989 4964 3087 5032 τὴν
3143 4962 3218 5025 είς
3250 4963 3485 5022 ἀπόντας
3537 4963 3639 5017 ὑπό
3688 4984 3780 5018 τι-

2124 5076 2226 5110 νων
2265 5053 2640 5132 βλασφημίαν.
2671 5058 2984 5129 Θεοστυγεῖς
3045 5050 3120 5117 δὲ,
3178 5053 3247 5108 οὗ
3296 5053 3424 5114 τοὺς
3476 5053 3579 5109 ὑπὸ
3638 5058 3779 5108 Θεοῦ

2130 5146 2493 5216 μισουμένους
2539 5143 2622 5220 (οὗ
2679 5144 2783 5219 γὰρ
2841 5142 2988 5215 αὐτῷ
3043 5145 3204 5197 τοῦτο
3263 5138 3427 5212 δεῖξαι
3486 5142 3775 5213 πρόκειται
3857 5200 3868 5210 ,

2124 5237 2257 5304 νῦν),
2290 5232 2438 5289 ἀλλά
2460 5235 2586 5296 τοὺς
2644 5237 2928 5306 μισοῦντας
2977 5229 3127 5286 Θεόνο
3198 5224 3452 5305 ὑϐριστὰς
3504 5228 3581 5299 δὲ,
3641 5229 3773 5293 τοὺς

2127 5324 2338 5397 θρασεῖς
2370 5323 2459 5378 καὶ
2493 5320 2802 5399 λοιδόρους’
2849 5321 3226 5397 ὑπερηφάνους
3313 5317 3392 5389 δὲ,
3449 5318 3577 5381 τοὺς
3636 5320 3775 5374 κατά

2123 5415 2230 5466 τῶν
2262 5411 2358 5466 οὐκ
2388 5410 2630 5486 ἐχόντων
2658 5411 2739 5488 ἐφ’
2796 5412 2884 5471 οἷς
2942 5406 3130 5484 ἔχουσι
3163 5410 3540 5490 φυσωμένους
3571 5409 3777 5478 ἀλαζό-

2125 5522 2217 5563 νας
2249 5497 2326 5567 δὲ,
2354 5502 2481 5563 τοὺς
2514 5499 2596 5575 ἐφ’
2628 5502 2712 5562 οἷς
2752 5499 2850 5555 οὐκ
2879 5499 3098 5555 ἕκουσιν
3152 5499 3465 5575 αὐχοῦντας
3505 5501 3580 5559 ὡς
3614 5496 3779 5575 ἔχον-

2123 5612 2236 5656 τας·
2270 5590 2551 5670 ἐφευρετὰς
2594 5595 2794 5661 κακῶν,
2852 5591 2979 5654 τοῦς
3036 5589 3126 5645 ἐπὶ
3178 5595 3297 5651 τοῖς
3361 5588 3620 5650 παλαιοῖς
3680 5610 3780 5645 κα-

2123 5686 2267 5760 κοῖς,
2295 5679 2452 5757 ἓτερα
2479 5685 2934 5755 καινοτομοῦντας
2959 5678 3118 5739 κακᾶ.
3153 5684 3373 5736 Γονεῦσι
3403 5676 3460 5736 δὲ
3508 5678 3771 5751 ἀπειθεῖς,
